{"id": "battle-gen9randombattle-1026", "formatid": "gen9randombattle", "format": "[Gen 9] Random Battle", "players": ["p0x102655e0", "p0y1026f464"], "log": "|init|battle\n|title|p0x102655e0 vs. p0y1026f464\n|j|\u2606p0x102655e0\n|j|\u2606p0y1026f464\n|t:|1783551782\n|gametype|singles\n|player|p1|p0x102655e0|102|\n|player|p2|p0y1026f464|101|\n|gen|9\n|tier|[Gen 9] Random Battle\n|rule|Species Clause: Limit one of each Pok\u00e9mon\n|rule|HP Percentage Mod: HP is shown in percentages\n|rule|Sleep Clause Mod: Limit one foe put to sleep\n|rule|Illusion Level Mod: Illusion disguises the Pok\u00e9mon's true level\n|\n|t:|1783551782\n|teamsize|p1|6\n|teamsize|p2|6\n|start\n|switch|p1a: Medicham|Medicham, L86, F|100/100\n|switch|p2a: Flareon|Flareon, L90, F|263/263\n|turn|1\n|inactive|Battle timer is ON: inactive players will automatically lose when time's up. (requested by p0x102655e0)\n|inactive|Time left: 300 sec this turn | 300 sec total | 60 sec grace\n|inactive|p0y1026f464 also wants the timer to be on.\n|\n|t:|1783551784\n|switch|p2a: Gengar|Gengar, L81, M|230/230\n|move|p1a: Medicham|Close Combat|p2a: Gengar\n|-immune|p2a: Gengar\n|\n|upkeep\n|turn|2\n|inactive|Time left: 300 sec this turn | 300 sec total\n|\n|t:|1783551786\n|switch|p1a: Kingambit|Kingambit, L74, M|100/100\n|move|p2a: Gengar|Sludge Wave|p1a: Kingambit\n|-immune|p1a: Kingambit\n|\n|upkeep\n|turn|3\n|inactive|Time left: 300 sec this turn | 300 sec total\n|\n|t:|1783551787\n|move|p2a: Gengar|Will-O-Wisp|p1a: Kingambit\n|-status|p1a: Kingambit|brn\n|move|p1a: Kingambit|Swords Dance|p1a: Kingambit\n|-boost|p1a: Kingambit|atk|2\n|\n|-damage|p1a: Kingambit|95/100 brn|[from] brn\n|upkeep\n|turn|4\n|inactive|Time left: 300 sec this turn | 300 sec total\n|\n|t:|1783551788\n|move|p2a: Gengar|Encore|p1a: Kingambit\n|-start|p1a: Kingambit|Encore\n|move|p1a: Kingambit|Swords Dance|p1a: Kingambit\n|-boost|p1a: Kingambit|atk|2\n|\n|-heal|p1a: Kingambit|100/100 brn|[from] item: Leftovers\n|-damage|p1a: Kingambit|95/100 brn|[from] brn\n|upkeep\n|turn|5\n|inactive|Time left: 300 sec this turn | 300 sec total\n|\n|t:|1783551789\n|move|p2a: Gengar|Shadow Ball|p1a: Kingambit\n|-resisted|p1a: Kingambit\n|-damage|p1a: Kingambit|66/100 brn\n|-unboost|p1a: Kingambit|spd|1\n|-damage|p2a: Gengar|207/230|[from] item: Life Orb\n|move|p1a: Kingambit|Swords Dance|p1a: Kingambit\n|-boost|p1a: Kingambit|atk|2\n|\n|-heal|p1a: Kingambit|72/100 brn|[from] item: Leftovers\n|-damage|p1a: Kingambit|66/100 brn|[from] brn\n|upkeep\n|turn|6\n|inactive|Time left: 300 sec this turn | 300 sec total\n|\n|t:|1783551790\n|move|p2a: Gengar|Shadow Ball|p1a: Kingambit\n|-resisted|p1a: Kingambit\n|-damage|p1a: Kingambit|25/100 brn\n|-damage|p2a: Gengar|184/230|[from] item: Life Orb\n|move|p1a: Kingambit|Swords Dance|p1a: Kingambit\n|-boost|p1a: Kingambit|atk|0\n|\n|-heal|p1a: Kingambit|31/100 brn|[from] item: Leftovers\n|-damage|p1a: Kingambit|25/100 brn|[from] brn\n|-end|p1a: Kingambit|Encore\n|upkeep\n|turn|7\n|inactive|Time left: 300 sec this turn | 300 sec total\n|\n|t:|1783551792\n|move|p1a: Kingambit|Sucker Punch||[still]\n|-fail|p1a: Kingambit\n|move|p2a: Gengar|Encore|p1a: Kingambit\n|-start|p1a: Kingambit|Encore\n|\n|-heal|p1a: Kingambit|31/100 brn|[from] item: Leftovers\n|-damage|p1a: Kingambit|25/100 brn|[from] brn\n|upkeep\n|turn|8\n|inactive|Time left: 300 sec this turn | 300 sec total\n|\n|t:|1783551793\n|switch|p2a: Dragonite|Dragonite, L74, M|257/257\n|move|p1a: Kingambit|Sucker Punch||[still]\n|-fail|p1a: Kingambit\n|\n|-heal|p1a: Kingambit|31/100 brn|[from] item: Leftovers\n|-damage|p1a: Kingambit|25/100 brn|[from] brn\n|upkeep\n|turn|9\n|inactive|Time left: 300 sec this turn | 300 sec total\n|\n|t:|1783551794\n|move|p1a: Kingambit|Sucker Punch||[still]\n|-fail|p1a: Kingambit\n|move|p2a: Dragonite|Dragon Dance|p2a: Dragonite\n|-boost|p2a: Dragonite|atk|1\n|-boost|p2a: Dragonite|spe|1\n|\n|-heal|p1a: Kingambit|31/100 brn|[from] item: Leftovers\n|-damage|p1a: Kingambit|25/100 brn|[from] brn\n|upkeep\n|turn|10\n|inactive|Time left: 300 sec this turn | 300 sec total\n|\n|t:|1783551794\n|move|p1a: Kingambit|Sucker Punch||[still]\n|-fail|p1a: Kingambit\n|move|p2a: Dragonite|Dragon Dance|p2a: Dragonite\n|-boost|p2a: Dragonite|atk|1\n|-boost|p2a: Dragonite|spe|1\n|\n|-heal|p1a: Kingambit|31/100 brn|[from] item: Leftovers\n|-damage|p1a: Kingambit|25/100 brn|[from] brn\n|-end|p1a: Kingambit|Encore\n|upkeep\n|turn|11\n|inactive|Time left: 300 sec this turn | 300 sec total\n|\n|t:|1783551795\n|-end|p1a: Kingambit|fallenundefined|[silent]\n|switch|p1a: Weezing|Weezing-Galar, L86, F|100/100\n|move|p2a: Dragonite|Outrage|p1a: Weezing\n|-immune|p1a: Weezing\n|\n|upkeep\n|turn|12\n|inactive|Time left: 300 sec this turn | 300 sec total\n|\n|t:|1783551796\n|move|p2a: Dragonite|Outrage|p1a: Weezing\n|-immune|p1a: Weezing\n|move|p1a: Weezing|Strange Steam|p2a: Dragonite\n|-supereffective|p2a: Dragonite\n|-damage|p2a: Dragonite|172/257\n|\n|upkeep\n|turn|13\n|inactive|Time left: 300 sec this turn | 300 sec total\n|\n|t:|1783551797\n|move|p2a: Dragonite|Roost|p2a: Dragonite\n|-heal|p2a: Dragonite|257/257\n|-singleturn|p2a: Dragonite|move: Roost\n|move|p1a: Weezing|Strange Steam|p2a: Dragonite\n|-supereffective|p2a: Dragonite\n|-damage|p2a: Dragonite|164/257\n|\n|upkeep\n|turn|14\n|inactive|Time left: 300 sec this turn | 300 sec total\n|\n|t:|1783551798\n|switch|p1a: Iron Bundle|Iron Bundle, L78|100/100\n|move|p2a: Dragonite|Roost|p2a: Dragonite\n|-heal|p2a: Dragonite|257/257\n|-singleturn|p2a: Dragonite|move: Roost\n|\n|upkeep\n|turn|15\n|inactive|Time left: 300 sec this turn | 300 sec total\n|\n|t:|1783551799\n|-terastallize|p2a: Dragonite|Ground\n|-terastallize|p1a: Iron Bundle|Ice\n|move|p2a: Dragonite|Outrage|p1a: Iron Bundle\n|-damage|p1a: Iron Bundle|0 fnt\n|faint|p1a: Iron Bundle\n|-end|p1a: Iron Bundle|Quark Drive|[silent]\n|\n|upkeep\n|\n|t:|1783551800\n|switch|p1a: Weezing|Weezing-Galar, L86, F|100/100\n|turn|16\n|inactive|Time left: 300 sec this turn | 300 sec total\n|\n|t:|1783551801\n|move|p2a: Dragonite|Outrage|p1a: Weezing|[from] lockedmove\n|-immune|p1a: Weezing\n|move|p1a: Weezing|Strange Steam|p2a: Dragonite\n|-damage|p2a: Dragonite|212/257\n|\n|upkeep\n|turn|17\n|inactive|Time left: 300 sec this turn | 300 sec total\n|\n|t:|1783551803\n|move|p2a: Dragonite|Dragon Dance|p2a: Dragonite\n|-boost|p2a: Dragonite|atk|1\n|-boost|p2a: Dragonite|spe|1\n|move|p1a: Weezing|Strange Steam|p2a: Dragonite\n|-damage|p2a: Dragonite|110/257\n|\n|upkeep\n|turn|18\n|inactive|Time left: 300 sec this turn | 300 sec total\n|\n|t:|1783551804\n|switch|p1a: Medicham|Medicham, L86, F|100/100\n|move|p2a: Dragonite|Roost|p2a: Dragonite\n|-heal|p2a: Dragonite|239/257\n|\n|upkeep\n|turn|19\n|inactive|Time left: 300 sec this turn | 300 sec total\n|\n|t:|1783551805\n|move|p2a: Dragonite|Outrage|p1a: Medicham\n|-damage|p1a: Medicham|0 fnt\n|faint|p1a: Medicham\n|\n|upkeep\n|\n|t:|1783551806\n|switch|p1a: Weezing|Weezing-Galar, L86, F|100/100\n|turn|20\n|inactive|Time left: 300 sec this turn | 300 sec total\n|\n|t:|1783551807\n|move|p2a: Dragonite|Outrage|p1a: Weezing|[from] lockedmove\n|-immune|p1a: Weezing\n|move|p1a: Weezing|Strange Steam|p2a: Dragonite\n|-damage|p2a: Dragonite|137/257\n|\n|upkeep\n|turn|21\n|inactive|Time left: 300 sec this turn | 300 sec total\n|\n|t:|1783551808\n|move|p2a: Dragonite|Roost|p2a: Dragonite\n|-heal|p2a: Dragonite|257/257\n|move|p1a: Weezing|Strange Steam|p2a: Dragonite\n|-damage|p2a: Dragonite|212/257\n|\n|upkeep\n|turn|22\n|inactive|Time left: 300 sec this turn | 300 sec total\n|\n|t:|1783551809\n|switch|p1a: Breloom|Breloom, L83, F|100/100\n|move|p2a: Dragonite|Dragon Dance|p2a: Dragonite\n|-boost|p2a: Dragonite|atk|1\n|-boost|p2a: Dragonite|spe|1\n|\n|upkeep\n|turn|23\n|inactive|Time left: 300 sec this turn | 300 sec total\n|\n|t:|1783551810\n|move|p2a: Dragonite|Outrage|p1a: Breloom\n|-damage|p1a: Breloom|0 fnt\n|faint|p1a: Breloom\n|\n|upkeep\n|\n|t:|1783551811\n|switch|p1a: Weezing|Weezing-Galar, L86, F|100/100\n|turn|24\n|inactive|Time left: 300 sec this turn | 300 sec total\n|\n|t:|1783551812\n|move|p2a: Dragonite|Outrage|p1a: Weezing|[from] lockedmove\n|-immune|p1a: Weezing\n|-start|p2a: Dragonite|confusion|[fatigue]\n|move|p1a: Weezing|Strange Steam|p2a: Dragonite\n|-damage|p2a: Dragonite|122/257\n|\n|upkeep\n|turn|25\n|inactive|Time left: 300 sec this turn | 300 sec total\n|\n|t:|1783551814\n|-activate|p2a: Dragonite|confusion\n|move|p2a: Dragonite|Roost|p2a: Dragonite\n|-heal|p2a: Dragonite|251/257\n|move|p1a: Weezing|Strange Steam|p2a: Dragonite\n|-damage|p2a: Dragonite|149/257\n|\n|upkeep\n|turn|26\n|inactive|Time left: 300 sec this turn | 300 sec total\n|\n|t:|1783551815\n|-activate|p2a: Dragonite|confusion\n|move|p2a: Dragonite|Roost|p2a: Dragonite\n|-heal|p2a: Dragonite|257/257\n|move|p1a: Weezing|Strange Steam|p2a: Dragonite\n|-damage|p2a: Dragonite|206/257\n|\n|upkeep\n|turn|27\n|inactive|Time left: 300 sec this turn | 300 sec total\n|\n|t:|1783551816\n|-activate|p2a: Dragonite|confusion\n|move|p2a: Dragonite|Roost|p2a: Dragonite\n|-heal|p2a: Dragonite|257/257\n|move|p1a: Weezing|Strange Steam|p2a: Dragonite\n|-damage|p2a: Dragonite|210/257\n|\n|upkeep\n|turn|28\n|inactive|Time left: 300 sec this turn | 300 sec total\n|\n|t:|1783551817\n|-activate|p2a: Dragonite|confusion\n|move|p2a: Dragonite|Dragon Dance|p2a: Dragonite\n|-boost|p2a: Dragonite|atk|1\n|-boost|p2a: Dragonite|spe|1\n|move|p1a: Weezing|Strange Steam|p2a: Dragonite\n|-damage|p2a: Dragonite|114/257\n|\n|upkeep\n|turn|29\n|inactive|Time left: 300 sec this turn | 300 sec total\n|\n|t:|1783551818\n|-end|p2a: Dragonite|confusion\n|move|p2a: Dragonite|Roost|p2a: Dragonite\n|-heal|p2a: Dragonite|243/257\n|move|p1a: Weezing|Strange Steam|p2a: Dragonite\n|-damage|p2a: Dragonite|152/257\n|-start|p2a: Dragonite|confusion\n|\n|upkeep\n|turn|30\n|inactive|Time left: 300 sec this turn | 300 sec total\n|\n|t:|1783551819\n|-activate|p2a: Dragonite|confusion\n|move|p2a: Dragonite|Earthquake|p1a: Weezing\n|-immune|p1a: Weezing|[from] ability: Levitate\n|move|p1a: Weezing|Gunk Shot|p2a: Dragonite\n|-resisted|p2a: Dragonite\n|-damage|p2a: Dragonite|86/257\n|-status|p2a: Dragonite|psn\n|\n|-damage|p2a: Dragonite|54/257 psn|[from] psn\n|upkeep\n|turn|31\n|inactive|Time left: 300 sec this turn | 300 sec total\n|\n|t:|1783551820\n|-activate|p2a: Dragonite|confusion\n|-damage|p2a: Dragonite|0 fnt|[from] confusion\n|faint|p2a: Dragonite\n|move|p1a: Weezing|Strange Steam|p2: Dragonite|[notarget]\n|-fail|p1a: Weezing\n|\n|upkeep\n|inactive|Time left: 300 sec this turn | 300 sec total | 5 sec grace\n|\n|t:|1783551821\n|switch|p2a: Gengar|Gengar, L81, M|184/230\n|turn|32\n|inactive|Time left: 300 sec this turn | 300 sec total\n|\n|t:|1783551823\n|switch|p1a: Kingambit|Kingambit, L74, M|25/100 brn\n|-activate|p1a: Kingambit|ability: Supreme Overlord\n|-start|p1a: Kingambit|fallen3|[silent]\n|move|p2a: Gengar|Shadow Ball|p1a: Kingambit\n|-resisted|p1a: Kingambit\n|-damage|p1a: Kingambit|0 fnt\n|faint|p1a: Kingambit\n|-end|p1a: Kingambit|fallen3|[silent]\n|-damage|p2a: Gengar|161/230|[from] item: Life Orb\n|\n|upkeep\n|\n|t:|1783551824\n|switch|p1a: Bombirdier|Bombirdier, L85, F|100/100\n|turn|33\n|inactive|Time left: 300 sec this turn | 300 sec total\n|\n|t:|1783551825\n|switch|p2a: Coalossal|Coalossal, L89, M|341/341\n|move|p1a: Bombirdier|Knock Off|p2a: Coalossal\n|-damage|p2a: Coalossal|220/341\n|-status|p1a: Bombirdier|brn|[from] ability: Flame Body|[of] p2a: Coalossal\n|-enditem|p2a: Coalossal|Heavy-Duty Boots|[from] move: Knock Off|[of] p1a: Bombirdier\n|\n|-damage|p1a: Bombirdier|94/100 brn|[from] brn\n|upkeep\n|turn|34\n|inactive|Time left: 300 sec this turn | 300 sec total\n|\n|t:|1783551826\n|move|p1a: Bombirdier|Knock Off|p2a: Coalossal\n|-damage|p2a: Coalossal|175/341\n|move|p2a: Coalossal|Stone Edge|p1a: Bombirdier\n|-supereffective|p1a: Bombirdier\n|-damage|p1a: Bombirdier|18/100 brn\n|\n|-damage|p1a: Bombirdier|11/100 brn|[from] brn\n|upkeep\n|turn|35\n|inactive|Time left: 300 sec this turn | 300 sec total\n|\n|t:|1783551827\n|move|p1a: Bombirdier|Knock Off|p2a: Coalossal\n|-damage|p2a: Coalossal|130/341\n|move|p2a: Coalossal|Rapid Spin|p1a: Bombirdier\n|-damage|p1a: Bombirdier|0 fnt\n|-boost|p2a: Coalossal|spe|1\n|faint|p1a: Bombirdier\n|\n|upkeep\n|\n|t:|1783551828\n|switch|p1a: Weezing|Weezing-Galar, L86, F|100/100\n|turn|36\n|inactive|Time left: 300 sec this turn | 300 sec total\n|\n|t:|1783551829\n|switch|p2a: Gallade|Gallade, L80, M|240/240\n|move|p1a: Weezing|Gunk Shot|p2a: Gallade|[miss]\n|-miss|p1a: Weezing|p2a: Gallade\n|\n|upkeep\n|turn|37\n|inactive|Time left: 300 sec this turn | 300 sec total\n|\n|t:|1783551830\n|move|p2a: Gallade|Psycho Cut|p1a: Weezing\n|-supereffective|p1a: Weezing\n|-damage|p1a: Weezing|0 fnt\n|faint|p1a: Weezing\n|\n|win|p0y1026f464", "uploadtime": 1783551830, "views": 0, "rating": 0, "private": 0, "password": null, "_winner": "p0y1026f464", "_our_name": "p0y1026f464"}