{"id": "battle-gen9randombattle-1251", "formatid": "gen9randombattle", "format": "[Gen 9] Random Battle", "players": ["p0x12515d59", "p0y1251042e"], "log": "|init|battle\n|title|p0x12515d59 vs. p0y1251042e\n|j|\u2606p0x12515d59\n|j|\u2606p0y1251042e\n|t:|1783554489\n|gametype|singles\n|player|p1|p0x12515d59|2|\n|player|p2|p0y1251042e|102|\n|gen|9\n|tier|[Gen 9] Random Battle\n|rule|Species Clause: Limit one of each Pok\u00e9mon\n|rule|HP Percentage Mod: HP is shown in percentages\n|rule|Sleep Clause Mod: Limit one foe put to sleep\n|rule|Illusion Level Mod: Illusion disguises the Pok\u00e9mon's true level\n|\n|t:|1783554489\n|teamsize|p1|6\n|teamsize|p2|6\n|start\n|switch|p1a: Probopass|Probopass, L91, M|257/257\n|switch|p2a: Chimecho|Chimecho, L93, F|100/100\n|turn|1\n|inactive|Battle timer is ON: inactive players will automatically lose when time's up. (requested by p0y1251042e)\n|inactive|Time left: 300 sec this turn | 300 sec total | 60 sec grace\n|\n|t:|1783554490\n|move|p2a: Chimecho|Calm Mind|p2a: Chimecho\n|-boost|p2a: Chimecho|spa|1\n|-boost|p2a: Chimecho|spd|1\n|move|p1a: Probopass|Flash Cannon|p2a: Chimecho\n|-damage|p2a: Chimecho|85/100\n|\n|-heal|p2a: Chimecho|91/100|[from] item: Leftovers\n|upkeep\n|turn|2\n|inactive|Time left: 300 sec this turn | 300 sec total\n|inactive|p0x12515d59 also wants the timer to be on.\n|\n|t:|1783554492\n|switch|p1a: Chi-Yu|Chi-Yu, L77|211/211\n|-ability|p1a: Chi-Yu|Beads of Ruin\n|move|p2a: Chimecho|Calm Mind|p2a: Chimecho\n|-boost|p2a: Chimecho|spa|1\n|-boost|p2a: Chimecho|spd|1\n|\n|-heal|p2a: Chimecho|97/100|[from] item: Leftovers\n|upkeep\n|turn|3\n|inactive|Time left: 300 sec this turn | 300 sec total\n|\n|t:|1783554493\n|move|p1a: Chi-Yu|Dark Pulse|p2a: Chimecho\n|-supereffective|p2a: Chimecho\n|-damage|p2a: Chimecho|38/100\n|cant|p2a: Chimecho|flinch\n|\n|-heal|p2a: Chimecho|45/100|[from] item: Leftovers\n|upkeep\n|turn|4\n|inactive|Time left: 300 sec this turn | 300 sec total\n|\n|t:|1783554494\n|-terastallize|p2a: Chimecho|Fairy\n|move|p1a: Chi-Yu|Dark Pulse|p2a: Chimecho\n|-resisted|p2a: Chimecho\n|-damage|p2a: Chimecho|29/100\n|move|p2a: Chimecho|Dazzling Gleam|p1a: Chi-Yu\n|-damage|p1a: Chi-Yu|25/211\n|\n|-heal|p2a: Chimecho|35/100|[from] item: Leftovers\n|upkeep\n|turn|5\n|inactive|Time left: 300 sec this turn | 300 sec total\n|\n|t:|1783554496\n|move|p1a: Chi-Yu|Dark Pulse|p2a: Chimecho\n|-resisted|p2a: Chimecho\n|-damage|p2a: Chimecho|22/100\n|cant|p2a: Chimecho|flinch\n|\n|-heal|p2a: Chimecho|28/100|[from] item: Leftovers\n|upkeep\n|turn|6\n|inactive|Time left: 300 sec this turn | 300 sec total\n|\n|t:|1783554497\n|move|p1a: Chi-Yu|Dark Pulse|p2a: Chimecho\n|-resisted|p2a: Chimecho\n|-damage|p2a: Chimecho|14/100\n|move|p2a: Chimecho|Recover|p2a: Chimecho\n|-heal|p2a: Chimecho|64/100\n|\n|-heal|p2a: Chimecho|70/100|[from] item: Leftovers\n|upkeep\n|turn|7\n|inactive|Time left: 300 sec this turn | 300 sec total\n|\n|t:|1783554498\n|move|p1a: Chi-Yu|Dark Pulse|p2a: Chimecho\n|-resisted|p2a: Chimecho\n|-damage|p2a: Chimecho|55/100\n|move|p2a: Chimecho|Dazzling Gleam|p1a: Chi-Yu\n|-crit|p1a: Chi-Yu\n|-damage|p1a: Chi-Yu|0 fnt\n|faint|p1a: Chi-Yu\n|\n|-heal|p2a: Chimecho|62/100|[from] item: Leftovers\n|upkeep\n|inactive|Time left: 300 sec this turn | 300 sec total | 5 sec grace\n|\n|t:|1783554499\n|switch|p1a: Articuno|Articuno, L86|295/295\n|-ability|p1a: Articuno|Pressure\n|turn|8\n|inactive|Time left: 300 sec this turn | 300 sec total\n|\n|t:|1783554500\n|move|p1a: Articuno|Haze|p1a: Articuno\n|-clearallboost\n|move|p2a: Chimecho|Recover|p2a: Chimecho\n|-heal|p2a: Chimecho|100/100\n|\n|upkeep\n|turn|9\n|inactive|Time left: 300 sec this turn | 300 sec total\n|\n|t:|1783554502\n|move|p1a: Articuno|Brave Bird|p2a: Chimecho\n|-damage|p2a: Chimecho|58/100\n|-damage|p1a: Articuno|254/295|[from] Recoil\n|move|p2a: Chimecho|Calm Mind|p2a: Chimecho\n|-boost|p2a: Chimecho|spa|1\n|-boost|p2a: Chimecho|spd|1\n|\n|-heal|p2a: Chimecho|64/100|[from] item: Leftovers\n|upkeep\n|turn|10\n|inactive|Time left: 300 sec this turn | 300 sec total\n|\n|t:|1783554503\n|move|p1a: Articuno|Haze|p1a: Articuno\n|-clearallboost\n|move|p2a: Chimecho|Recover|p2a: Chimecho\n|-heal|p2a: Chimecho|100/100\n|\n|upkeep\n|turn|11\n|inactive|Time left: 300 sec this turn | 300 sec total\n|\n|t:|1783554504\n|move|p1a: Articuno|Freeze-Dry|p2a: Chimecho\n|-damage|p2a: Chimecho|75/100\n|move|p2a: Chimecho|Calm Mind|p2a: Chimecho\n|-boost|p2a: Chimecho|spa|1\n|-boost|p2a: Chimecho|spd|1\n|\n|-heal|p2a: Chimecho|82/100|[from] item: Leftovers\n|upkeep\n|turn|12\n|inactive|Time left: 300 sec this turn | 300 sec total\n|\n|t:|1783554505\n|move|p1a: Articuno|Haze|p1a: Articuno\n|-clearallboost\n|move|p2a: Chimecho|Dazzling Gleam|p1a: Articuno\n|-damage|p1a: Articuno|181/295\n|\n|-heal|p2a: Chimecho|88/100|[from] item: Leftovers\n|upkeep\n|turn|13\n|inactive|Time left: 300 sec this turn | 300 sec total\n|\n|t:|1783554507\n|move|p1a: Articuno|Roost|p1a: Articuno\n|-heal|p1a: Articuno|295/295\n|-singleturn|p1a: Articuno|move: Roost\n|move|p2a: Chimecho|Psyshock|p1a: Articuno\n|-damage|p1a: Articuno|196/295\n|\n|-heal|p2a: Chimecho|94/100|[from] item: Leftovers\n|upkeep\n|turn|14\n|inactive|Time left: 300 sec this turn | 300 sec total\n|\n|t:|1783554508\n|move|p1a: Articuno|Freeze-Dry|p2a: Chimecho\n|-damage|p2a: Chimecho|68/100\n|move|p2a: Chimecho|Calm Mind|p2a: Chimecho\n|-boost|p2a: Chimecho|spa|1\n|-boost|p2a: Chimecho|spd|1\n|\n|-heal|p2a: Chimecho|74/100|[from] item: Leftovers\n|upkeep\n|turn|15\n|inactive|Time left: 300 sec this turn | 300 sec total\n|\n|t:|1783554509\n|move|p1a: Articuno|Haze|p1a: Articuno\n|-clearallboost\n|move|p2a: Chimecho|Psyshock|p1a: Articuno\n|-damage|p1a: Articuno|106/295\n|\n|-heal|p2a: Chimecho|80/100|[from] item: Leftovers\n|upkeep\n|turn|16\n|inactive|Time left: 300 sec this turn | 300 sec total\n|\n|t:|1783554511\n|move|p1a: Articuno|Roost|p1a: Articuno\n|-heal|p1a: Articuno|254/295\n|-singleturn|p1a: Articuno|move: Roost\n|move|p2a: Chimecho|Dazzling Gleam|p1a: Articuno\n|-damage|p1a: Articuno|170/295\n|\n|-heal|p2a: Chimecho|87/100|[from] item: Leftovers\n|upkeep\n|turn|17\n|inactive|Time left: 300 sec this turn | 300 sec total\n|\n|t:|1783554512\n|move|p1a: Articuno|Roost|p1a: Articuno\n|-heal|p1a: Articuno|295/295\n|-singleturn|p1a: Articuno|move: Roost\n|move|p2a: Chimecho|Calm Mind|p2a: Chimecho\n|-boost|p2a: Chimecho|spa|1\n|-boost|p2a: Chimecho|spd|1\n|\n|-heal|p2a: Chimecho|93/100|[from] item: Leftovers\n|upkeep\n|turn|18\n|inactive|Time left: 300 sec this turn | 300 sec total\n|\n|t:|1783554513\n|move|p1a: Articuno|Haze|p1a: Articuno\n|-clearallboost\n|move|p2a: Chimecho|Psyshock|p1a: Articuno\n|-damage|p1a: Articuno|199/295\n|\n|-heal|p2a: Chimecho|99/100|[from] item: Leftovers\n|upkeep\n|turn|19\n|inactive|Time left: 300 sec this turn | 300 sec total\n|\n|t:|1783554514\n|move|p1a: Articuno|Freeze-Dry|p2a: Chimecho\n|-damage|p2a: Chimecho|77/100\n|move|p2a: Chimecho|Calm Mind|p2a: Chimecho\n|-boost|p2a: Chimecho|spa|1\n|-boost|p2a: Chimecho|spd|1\n|\n|-heal|p2a: Chimecho|83/100|[from] item: Leftovers\n|upkeep\n|turn|20\n|inactive|Time left: 300 sec this turn | 300 sec total\n|\n|t:|1783554515\n|move|p1a: Articuno|Haze|p1a: Articuno\n|-clearallboost\n|move|p2a: Chimecho|Psyshock|p1a: Articuno\n|-damage|p1a: Articuno|112/295\n|\n|-heal|p2a: Chimecho|89/100|[from] item: Leftovers\n|upkeep\n|turn|21\n|inactive|Time left: 300 sec this turn | 300 sec total\n|\n|t:|1783554516\n|move|p1a: Articuno|Roost|p1a: Articuno\n|-heal|p1a: Articuno|260/295\n|-singleturn|p1a: Articuno|move: Roost\n|move|p2a: Chimecho|Calm Mind|p2a: Chimecho\n|-boost|p2a: Chimecho|spa|1\n|-boost|p2a: Chimecho|spd|1\n|\n|-heal|p2a: Chimecho|96/100|[from] item: Leftovers\n|upkeep\n|turn|22\n|inactive|Time left: 300 sec this turn | 300 sec total\n|\n|t:|1783554517\n|move|p1a: Articuno|Haze|p1a: Articuno\n|-clearallboost\n|move|p2a: Chimecho|Psyshock|p1a: Articuno\n|-damage|p1a: Articuno|164/295\n|\n|-heal|p2a: Chimecho|100/100|[from] item: Leftovers\n|upkeep\n|turn|23\n|inactive|Time left: 300 sec this turn | 300 sec total\n|\n|t:|1783554518\n|move|p1a: Articuno|Roost|p1a: Articuno\n|-heal|p1a: Articuno|295/295\n|-singleturn|p1a: Articuno|move: Roost\n|move|p2a: Chimecho|Calm Mind|p2a: Chimecho\n|-boost|p2a: Chimecho|spa|1\n|-boost|p2a: Chimecho|spd|1\n|\n|upkeep\n|turn|24\n|inactive|Time left: 300 sec this turn | 300 sec total\n|\n|t:|1783554519\n|move|p1a: Articuno|Haze|p1a: Articuno\n|-clearallboost\n|move|p2a: Chimecho|Dazzling Gleam|p1a: Articuno\n|-damage|p1a: Articuno|225/295\n|\n|upkeep\n|turn|25\n|inactive|Time left: 300 sec this turn | 300 sec total\n|\n|t:|1783554520\n|move|p1a: Articuno|Freeze-Dry|p2a: Chimecho\n|-damage|p2a: Chimecho|76/100\n|move|p2a: Chimecho|Calm Mind|p2a: Chimecho\n|-boost|p2a: Chimecho|spa|1\n|-boost|p2a: Chimecho|spd|1\n|\n|-heal|p2a: Chimecho|83/100|[from] item: Leftovers\n|upkeep\n|turn|26\n|inactive|Time left: 300 sec this turn | 300 sec total\n|\n|t:|1783554522\n|move|p1a: Articuno|Haze|p1a: Articuno\n|-clearallboost\n|move|p2a: Chimecho|Dazzling Gleam|p1a: Articuno\n|-damage|p1a: Articuno|149/295\n|\n|-heal|p2a: Chimecho|89/100|[from] item: Leftovers\n|upkeep\n|turn|27\n|inactive|Time left: 300 sec this turn | 300 sec total\n|\n|t:|1783554522\n|move|p1a: Articuno|Roost|p1a: Articuno\n|-heal|p1a: Articuno|295/295\n|-singleturn|p1a: Articuno|move: Roost\n|move|p2a: Chimecho|Calm Mind|p2a: Chimecho\n|-boost|p2a: Chimecho|spa|1\n|-boost|p2a: Chimecho|spd|1\n|\n|-heal|p2a: Chimecho|95/100|[from] item: Leftovers\n|upkeep\n|turn|28\n|inactive|Time left: 300 sec this turn | 300 sec total\n|\n|t:|1783554523\n|move|p1a: Articuno|Haze|p1a: Articuno\n|-clearallboost\n|move|p2a: Chimecho|Calm Mind|p2a: Chimecho\n|-boost|p2a: Chimecho|spa|1\n|-boost|p2a: Chimecho|spd|1\n|\n|-heal|p2a: Chimecho|100/100|[from] item: Leftovers\n|upkeep\n|turn|29\n|inactive|Time left: 300 sec this turn | 300 sec total\n|\n|t:|1783554524\n|move|p1a: Articuno|Haze|p1a: Articuno\n|-clearallboost\n|move|p2a: Chimecho|Calm Mind|p2a: Chimecho\n|-boost|p2a: Chimecho|spa|1\n|-boost|p2a: Chimecho|spd|1\n|\n|upkeep\n|turn|30\n|inactive|Time left: 300 sec this turn | 300 sec total\n|\n|t:|1783554525\n|move|p1a: Articuno|Haze|p1a: Articuno\n|-clearallboost\n|move|p2a: Chimecho|Dazzling Gleam|p1a: Articuno\n|-damage|p1a: Articuno|220/295\n|\n|upkeep\n|turn|31\n|inactive|Time left: 300 sec this turn | 300 sec total\n|\n|t:|1783554526\n|move|p1a: Articuno|Roost|p1a: Articuno\n|-heal|p1a: Articuno|295/295\n|-singleturn|p1a: Articuno|move: Roost\n|move|p2a: Chimecho|Calm Mind|p2a: Chimecho\n|-boost|p2a: Chimecho|spa|1\n|-boost|p2a: Chimecho|spd|1\n|\n|upkeep\n|turn|32\n|inactive|Time left: 300 sec this turn | 300 sec total\n|\n|t:|1783554527\n|move|p1a: Articuno|Haze|p1a: Articuno\n|-clearallboost\n|move|p2a: Chimecho|Calm Mind|p2a: Chimecho\n|-boost|p2a: Chimecho|spa|1\n|-boost|p2a: Chimecho|spd|1\n|\n|upkeep\n|turn|33\n|inactive|Time left: 300 sec this turn | 300 sec total\n|\n|t:|1783554528\n|move|p1a: Articuno|Haze|p1a: Articuno\n|-clearallboost\n|move|p2a: Chimecho|Psyshock|p1a: Articuno\n|-crit|p1a: Articuno\n|-damage|p1a: Articuno|151/295\n|\n|upkeep\n|turn|34\n|inactive|Time left: 300 sec this turn | 300 sec total\n|\n|t:|1783554528\n|move|p1a: Articuno|Roost|p1a: Articuno\n|-heal|p1a: Articuno|295/295\n|-singleturn|p1a: Articuno|move: Roost\n|move|p2a: Chimecho|Calm Mind|p2a: Chimecho\n|-boost|p2a: Chimecho|spa|1\n|-boost|p2a: Chimecho|spd|1\n|\n|upkeep\n|turn|35\n|inactive|Time left: 300 sec this turn | 300 sec total\n|\n|t:|1783554529\n|move|p1a: Articuno|Haze|p1a: Articuno\n|-clearallboost\n|move|p2a: Chimecho|Psyshock|p1a: Articuno\n|-damage|p1a: Articuno|196/295\n|\n|upkeep\n|turn|36\n|inactive|Time left: 300 sec this turn | 300 sec total\n|\n|t:|1783554530\n|move|p1a: Articuno|Freeze-Dry|p2a: Chimecho\n|-damage|p2a: Chimecho|75/100\n|move|p2a: Chimecho|Dazzling Gleam|p1a: Articuno\n|-damage|p1a: Articuno|123/295\n|\n|-heal|p2a: Chimecho|81/100|[from] item: Leftovers\n|upkeep\n|turn|37\n|inactive|Time left: 300 sec this turn | 300 sec total\n|\n|t:|1783554532\n|move|p1a: Articuno|Freeze-Dry|p2a: Chimecho\n|-damage|p2a: Chimecho|56/100\n|move|p2a: Chimecho|Calm Mind|p2a: Chimecho\n|-boost|p2a: Chimecho|spa|1\n|-boost|p2a: Chimecho|spd|1\n|\n|-heal|p2a: Chimecho|62/100|[from] item: Leftovers\n|upkeep\n|turn|38\n|inactive|Time left: 300 sec this turn | 300 sec total\n|\n|t:|1783554533\n|move|p1a: Articuno|Haze|p1a: Articuno\n|-clearallboost\n|move|p2a: Chimecho|Psyshock|p1a: Articuno\n|-damage|p1a: Articuno|39/295\n|\n|-heal|p2a: Chimecho|68/100|[from] item: Leftovers\n|upkeep\n|turn|39\n|inactive|Time left: 300 sec this turn | 300 sec total\n|\n|t:|1783554534\n|move|p1a: Articuno|Freeze-Dry|p2a: Chimecho\n|-damage|p2a: Chimecho|44/100\n|move|p2a: Chimecho|Recover|p2a: Chimecho\n|-heal|p2a: Chimecho|94/100\n|\n|-heal|p2a: Chimecho|99/100|[from] item: Leftovers\n|upkeep\n|turn|40\n|inactive|Time left: 300 sec this turn | 300 sec total\n|\n|t:|1783554536\n|move|p1a: Articuno|Freeze-Dry|p2a: Chimecho\n|-damage|p2a: Chimecho|77/100\n|move|p2a: Chimecho|Calm Mind|p2a: Chimecho\n|-boost|p2a: Chimecho|spa|1\n|-boost|p2a: Chimecho|spd|1\n|\n|-heal|p2a: Chimecho|83/100|[from] item: Leftovers\n|upkeep\n|turn|41\n|inactive|Time left: 300 sec this turn | 300 sec total\n|\n|t:|1783554537\n|move|p1a: Articuno|Freeze-Dry|p2a: Chimecho\n|-damage|p2a: Chimecho|66/100\n|move|p2a: Chimecho|Dazzling Gleam|p1a: Articuno\n|-damage|p1a: Articuno|0 fnt\n|faint|p1a: Articuno\n|\n|-heal|p2a: Chimecho|73/100|[from] item: Leftovers\n|upkeep\n|inactive|Time left: 300 sec this turn | 300 sec total | 5 sec grace\n|\n|t:|1783554538\n|switch|p1a: Galvantula|Galvantula, L82, M|249/249\n|turn|42\n|inactive|Time left: 300 sec this turn | 300 sec total\n|\n|t:|1783554539\n|move|p1a: Galvantula|Sticky Web|p2a: Chimecho\n|-sidestart|p2: p0y1251042e|move: Sticky Web\n|move|p2a: Chimecho|Calm Mind|p2a: Chimecho\n|-boost|p2a: Chimecho|spa|1\n|-boost|p2a: Chimecho|spd|1\n|\n|-heal|p2a: Chimecho|79/100|[from] item: Leftovers\n|upkeep\n|turn|43\n|inactive|Time left: 300 sec this turn | 300 sec total\n|\n|t:|1783554540\n|move|p1a: Galvantula|Thunder|p2a: Chimecho\n|-damage|p2a: Chimecho|61/100\n|move|p2a: Chimecho|Calm Mind|p2a: Chimecho\n|-boost|p2a: Chimecho|spa|1\n|-boost|p2a: Chimecho|spd|1\n|\n|-heal|p2a: Chimecho|67/100|[from] item: Leftovers\n|upkeep\n|turn|44\n|inactive|Time left: 300 sec this turn | 300 sec total\n|\n|t:|1783554542\n|move|p1a: Galvantula|Thunder|p2a: Chimecho|[miss]\n|-miss|p1a: Galvantula|p2a: Chimecho\n|move|p2a: Chimecho|Recover|p2a: Chimecho\n|-heal|p2a: Chimecho|100/100\n|\n|upkeep\n|turn|45\n|inactive|Time left: 300 sec this turn | 300 sec total\n|\n|t:|1783554543\n|move|p1a: Galvantula|Thunder|p2a: Chimecho\n|-damage|p2a: Chimecho|87/100\n|move|p2a: Chimecho|Recover|p2a: Chimecho\n|-heal|p2a: Chimecho|100/100\n|\n|upkeep\n|turn|46\n|inactive|Time left: 300 sec this turn | 300 sec total\n|\n|t:|1783554544\n|move|p1a: Galvantula|Bug Buzz|p2a: Chimecho\n|-resisted|p2a: Chimecho\n|-damage|p2a: Chimecho|95/100\n|move|p2a: Chimecho|Calm Mind|p2a: Chimecho\n|-boost|p2a: Chimecho|spa|1\n|-boost|p2a: Chimecho|spd|1\n|\n|-heal|p2a: Chimecho|100/100|[from] item: Leftovers\n|upkeep\n|turn|47\n|inactive|Time left: 300 sec this turn | 300 sec total\n|\n|t:|1783554545\n|move|p1a: Galvantula|Energy Ball|p2a: Chimecho\n|-damage|p2a: Chimecho|94/100\n|move|p2a: Chimecho|Calm Mind|p2a: Chimecho\n|-boost|p2a: Chimecho|spa|1\n|-boost|p2a: Chimecho|spd|1\n|\n|-heal|p2a: Chimecho|99/100|[from] item: Leftovers\n|upkeep\n|turn|48\n|inactive|Time left: 300 sec this turn | 300 sec total\n|\n|t:|1783554547\n|move|p1a: Galvantula|Bug Buzz|p2a: Chimecho\n|-resisted|p2a: Chimecho\n|-damage|p2a: Chimecho|96/100\n|move|p2a: Chimecho|Calm Mind|p2a: Chimecho\n|-boost|p2a: Chimecho|spa|1\n|-boost|p2a: Chimecho|spd|1\n|\n|-heal|p2a: Chimecho|100/100|[from] item: Leftovers\n|upkeep\n|turn|49\n|inactive|Time left: 300 sec this turn | 300 sec total\n|\n|t:|1783554548\n|move|p1a: Galvantula|Thunder|p2a: Chimecho\n|-damage|p2a: Chimecho|92/100\n|move|p2a: Chimecho|Calm Mind|p2a: Chimecho\n|-boost|p2a: Chimecho|spa|0\n|-boost|p2a: Chimecho|spd|0\n|\n|-heal|p2a: Chimecho|98/100|[from] item: Leftovers\n|upkeep\n|turn|50\n|inactive|Time left: 300 sec this turn | 300 sec total\n|\n|t:|1783554549\n|move|p1a: Galvantula|Energy Ball|p2a: Chimecho\n|-damage|p2a: Chimecho|93/100\n|move|p2a: Chimecho|Calm Mind|p2a: Chimecho\n|-boost|p2a: Chimecho|spa|0\n|-boost|p2a: Chimecho|spd|0\n|\n|-heal|p2a: Chimecho|99/100|[from] item: Leftovers\n|upkeep\n|turn|51\n|inactive|Time left: 300 sec this turn | 300 sec total\n|\n|t:|1783554550\n|move|p1a: Galvantula|Thunder|p2a: Chimecho\n|-crit|p2a: Chimecho\n|-damage|p2a: Chimecho|49/100\n|move|p2a: Chimecho|Calm Mind|p2a: Chimecho\n|-boost|p2a: Chimecho|spa|0\n|-boost|p2a: Chimecho|spd|0\n|\n|-heal|p2a: Chimecho|55/100|[from] item: Leftovers\n|upkeep\n|turn|52\n|inactive|Time left: 300 sec this turn | 300 sec total\n|\n|t:|1783554552\n|move|p1a: Galvantula|Bug Buzz|p2a: Chimecho\n|-resisted|p2a: Chimecho\n|-damage|p2a: Chimecho|52/100\n|move|p2a: Chimecho|Recover|p2a: Chimecho\n|-heal|p2a: Chimecho|100/100\n|\n|upkeep\n|turn|53\n|inactive|Time left: 300 sec this turn | 300 sec total\n|\n|t:|1783554553\n|move|p1a: Galvantula|Bug Buzz|p2a: Chimecho\n|-resisted|p2a: Chimecho\n|-damage|p2a: Chimecho|97/100\n|move|p2a: Chimecho|Calm Mind|p2a: Chimecho\n|-boost|p2a: Chimecho|spa|0\n|-boost|p2a: Chimecho|spd|0\n|\n|-heal|p2a: Chimecho|100/100|[from] item: Leftovers\n|upkeep\n|turn|54\n|inactive|Time left: 300 sec this turn | 300 sec total\n|\n|t:|1783554554\n|move|p1a: Galvantula|Energy Ball|p2a: Chimecho\n|-damage|p2a: Chimecho|96/100\n|move|p2a: Chimecho|Calm Mind|p2a: Chimecho\n|-boost|p2a: Chimecho|spa|0\n|-boost|p2a: Chimecho|spd|0\n|\n|-heal|p2a: Chimecho|100/100|[from] item: Leftovers\n|upkeep\n|turn|55\n|inactive|Time left: 300 sec this turn | 300 sec total\n|\n|t:|1783554555\n|move|p1a: Galvantula|Thunder|p2a: Chimecho\n|-damage|p2a: Chimecho|92/100\n|move|p2a: Chimecho|Calm Mind|p2a: Chimecho\n|-boost|p2a: Chimecho|spa|0\n|-boost|p2a: Chimecho|spd|0\n|\n|-heal|p2a: Chimecho|98/100|[from] item: Leftovers\n|upkeep\n|turn|56\n|inactive|Time left: 300 sec this turn | 300 sec total\n|\n|t:|1783554556\n|move|p1a: Galvantula|Bug Buzz|p2a: Chimecho\n|-resisted|p2a: Chimecho\n|-damage|p2a: Chimecho|95/100\n|move|p2a: Chimecho|Calm Mind|p2a: Chimecho\n|-boost|p2a: Chimecho|spa|0\n|-boost|p2a: Chimecho|spd|0\n|\n|-heal|p2a: Chimecho|100/100|[from] item: Leftovers\n|upkeep\n|turn|57\n|inactive|Time left: 300 sec this turn | 300 sec total\n|\n|t:|1783554557\n|switch|p1a: Probopass|Probopass, L91, M|257/257\n|move|p2a: Chimecho|Calm Mind|p2a: Chimecho\n|-boost|p2a: Chimecho|spa|0\n|-boost|p2a: Chimecho|spd|0\n|\n|upkeep\n|turn|58\n|inactive|Time left: 300 sec this turn | 300 sec total\n|\n|t:|1783554558\n|move|p2a: Chimecho|Calm Mind|p2a: Chimecho\n|-boost|p2a: Chimecho|spa|0\n|-boost|p2a: Chimecho|spd|0\n|move|p1a: Probopass|Flash Cannon|p2a: Chimecho\n|-supereffective|p2a: Chimecho\n|-damage|p2a: Chimecho|88/100\n|\n|-heal|p2a: Chimecho|94/100|[from] item: Leftovers\n|upkeep\n|turn|59\n|inactive|Time left: 300 sec this turn | 300 sec total\n|\n|t:|1783554560\n|switch|p2a: Rotom|Rotom-Heat, L83|100/100\n|move|p1a: Probopass|Body Press|p2a: Rotom\n|-damage|p2a: Rotom|64/100\n|\n|upkeep\n|turn|60\n|inactive|Time left: 300 sec this turn | 300 sec total\n|\n|t:|1783554561\n|move|p2a: Rotom|Pain Split|p1a: Probopass\n|-sethp|p1a: Probopass|198/257|[from] move: Pain Split|[silent]\n|-sethp|p2a: Rotom|91/100|[from] move: Pain Split\n|move|p1a: Probopass|Iron Defense|p1a: Probopass\n|-boost|p1a: Probopass|def|2\n|\n|upkeep\n|turn|61\n|inactive|Time left: 300 sec this turn | 300 sec total\n|\n|t:|1783554562\n|switch|p2a: Uxie|Uxie, L83|100/100\n|move|p1a: Probopass|Body Press|p2a: Uxie\n|-resisted|p2a: Uxie\n|-damage|p2a: Uxie|72/100\n|\n|-heal|p2a: Uxie|78/100|[from] item: Leftovers\n|upkeep\n|turn|62\n|inactive|Time left: 300 sec this turn | 300 sec total\n|\n|t:|1783554563\n|move|p2a: Uxie|Stealth Rock|p1a: Probopass\n|-sidestart|p1: p0x12515d59|move: Stealth Rock\n|move|p1a: Probopass|Body Press|p2a: Uxie\n|-resisted|p2a: Uxie\n|-damage|p2a: Uxie|53/100\n|\n|-heal|p2a: Uxie|59/100|[from] item: Leftovers\n|upkeep\n|turn|63\n|inactive|Time left: 300 sec this turn | 300 sec total\n|\n|t:|1783554565\n|move|p2a: Uxie|Thunder Wave|p1a: Probopass\n|-status|p1a: Probopass|par\n|move|p1a: Probopass|Body Press|p2a: Uxie\n|-resisted|p2a: Uxie\n|-damage|p2a: Uxie|32/100\n|\n|-heal|p2a: Uxie|38/100|[from] item: Leftovers\n|upkeep\n|turn|64\n|inactive|Time left: 300 sec this turn | 300 sec total\n|\n|t:|1783554566\n|move|p2a: Uxie|Psychic Noise|p1a: Probopass\n|-resisted|p1a: Probopass\n|-damage|p1a: Probopass|180/257 par\n|-start|p1a: Probopass|move: Heal Block\n|move|p1a: Probopass|Body Press|p2a: Uxie\n|-resisted|p2a: Uxie\n|-damage|p2a: Uxie|10/100\n|\n|-heal|p2a: Uxie|16/100|[from] item: Leftovers\n|upkeep\n|turn|65\n|inactive|Time left: 300 sec this turn | 300 sec total\n|\n|t:|1783554567\n|switch|p2a: Alomomola|Alomomola, L87, M|100/100\n|move|p1a: Probopass|Body Press|p2a: Alomomola\n|-damage|p2a: Alomomola|58/100\n|\n|-end|p1a: Probopass|move: Heal Block\n|upkeep\n|turn|66\n|inactive|Time left: 300 sec this turn | 300 sec total\n|\n|t:|1783554568\n|move|p2a: Alomomola|Wish|p2a: Alomomola\n|move|p1a: Probopass|Body Press|p2a: Alomomola\n|-damage|p2a: Alomomola|15/100\n|\n|upkeep\n|turn|67\n|inactive|Time left: 300 sec this turn | 300 sec total\n|\n|t:|1783554569\n|move|p2a: Alomomola|Protect|p2a: Alomomola\n|-singleturn|p2a: Alomomola|Protect\n|move|p1a: Probopass|Body Press|p2a: Alomomola\n|-activate|p2a: Alomomola|move: Protect\n|\n|-heal|p2a: Alomomola|65/100|[from] move: Wish|[wisher] Alomomola\n|upkeep\n|turn|68\n|inactive|Time left: 300 sec this turn | 300 sec total\n|\n|t:|1783554570\n|move|p2a: Alomomola|Wish|p2a: Alomomola\n|move|p1a: Probopass|Rest|p1a: Probopass\n|-status|p1a: Probopass|slp|[from] move: Rest\n|-heal|p1a: Probopass|257/257 slp|[silent]\n|-enditem|p1a: Probopass|Chesto Berry|[eat]\n|-curestatus|p1a: Probopass|slp|[msg]\n|\n|upkeep\n|turn|69\n|inactive|Time left: 300 sec this turn | 300 sec total\n|\n|t:|1783554571\n|move|p2a: Alomomola|Scald|p1a: Probopass\n|-supereffective|p1a: Probopass\n|-damage|p1a: Probopass|201/257\n|move|p1a: Probopass|Body Press|p2a: Alomomola\n|-damage|p2a: Alomomola|23/100\n|\n|-heal|p2a: Alomomola|73/100|[from] move: Wish|[wisher] Alomomola\n|upkeep\n|turn|70\n|inactive|Time left: 300 sec this turn | 300 sec total\n|\n|t:|1783554572\n|move|p2a: Alomomola|Scald|p1a: Probopass\n|-supereffective|p1a: Probopass\n|-damage|p1a: Probopass|135/257\n|move|p1a: Probopass|Body Press|p2a: Alomomola\n|-crit|p2a: Alomomola\n|-damage|p2a: Alomomola|5/100\n|\n|upkeep\n|turn|71\n|inactive|Time left: 300 sec this turn | 300 sec total\n|\n|t:|1783554572\n|move|p2a: Alomomola|Protect|p2a: Alomomola\n|-singleturn|p2a: Alomomola|Protect\n|move|p1a: Probopass|Body Press|p2a: Alomomola\n|-activate|p2a: Alomomola|move: Protect\n|\n|upkeep\n|turn|72\n|inactive|Time left: 300 sec this turn | 300 sec total\n|\n|t:|1783554573\n|move|p2a: Alomomola|Flip Turn|p1a: Probopass\n|-supereffective|p1a: Probopass\n|-damage|p1a: Probopass|97/257\n|\n|t:|1783554574\n|switch|p2a: Uxie|Uxie, L83|16/100|[from] Flip Turn\n|move|p1a: Probopass|Body Press|p2a: Uxie\n|-resisted|p2a: Uxie\n|-damage|p2a: Uxie|0 fnt\n|faint|p2a: Uxie\n|\n|upkeep\n|\n|t:|1783554575\n|switch|p2a: Alomomola|Alomomola, L87, M|39/100\n|turn|73\n|inactive|Time left: 300 sec this turn | 300 sec total\n|\n|t:|1783554576\n|move|p2a: Alomomola|Scald|p1a: Probopass\n|-supereffective|p1a: Probopass\n|-crit|p1a: Probopass\n|-damage|p1a: Probopass|5/257\n|-status|p1a: Probopass|brn\n|move|p1a: Probopass|Body Press|p2a: Alomomola\n|-damage|p2a: Alomomola|18/100\n|\n|-damage|p1a: Probopass|0 fnt|[from] brn\n|faint|p1a: Probopass\n|upkeep\n|inactive|Time left: 300 sec this turn | 300 sec total | 5 sec grace\n|\n|t:|1783554577\n|switch|p1a: Galvantula|Galvantula, L82, M|249/249\n|turn|74\n|inactive|Time left: 300 sec this turn | 300 sec total\n|\n|t:|1783554578\n|switch|p2a: Sandslash|Sandslash-Alola, L88, M|100/100\n|-activate|p2a: Sandslash|move: Sticky Web\n|-unboost|p2a: Sandslash|spe|1\n|move|p1a: Galvantula|Energy Ball|p2a: Sandslash\n|-resisted|p2a: Sandslash\n|-damage|p2a: Sandslash|88/100\n|\n|upkeep\n|turn|75\n|inactive|Time left: 300 sec this turn | 300 sec total\n|\n|t:|1783554579\n|move|p1a: Galvantula|Thunder|p2a: Sandslash\n|-damage|p2a: Sandslash|41/100\n|move|p2a: Sandslash|Triple Axel|p1a: Galvantula\n|-damage|p1a: Galvantula|205/249\n|-damage|p1a: Galvantula|114/249\n|-damage|p1a: Galvantula|0 fnt\n|faint|p1a: Galvantula\n|-hitcount|p1: Galvantula|3\n|-damage|p2a: Sandslash|31/100|[from] item: Life Orb\n|\n|upkeep\n|inactive|Time left: 300 sec this turn | 300 sec total | 5 sec grace\n|\n|t:|1783554581\n|switch|p1a: Zebstrika|Zebstrika, L87, M|272/272\n|-damage|p1a: Zebstrika|238/272|[from] Stealth Rock\n|turn|76\n|inactive|Time left: 300 sec this turn | 300 sec total\n|\n|t:|1783554582\n|switch|p2a: Rotom|Rotom-Heat, L83|91/100\n|move|p1a: Zebstrika|Supercell Slam|p2a: Rotom\n|-resisted|p2a: Rotom\n|-damage|p2a: Rotom|60/100\n|-damage|p1a: Zebstrika|211/272|[from] item: Life Orb\n|\n|upkeep\n|turn|77\n|inactive|Time left: 300 sec this turn | 300 sec total\n|\n|t:|1783554583\n|move|p1a: Zebstrika|Supercell Slam|p2a: Rotom\n|-resisted|p2a: Rotom\n|-damage|p2a: Rotom|32/100\n|-damage|p1a: Zebstrika|184/272|[from] item: Life Orb\n|move|p2a: Rotom|Pain Split|p1a: Zebstrika\n|-sethp|p1a: Zebstrika|127/272|[from] move: Pain Split|[silent]\n|-sethp|p2a: Rotom|58/100|[from] move: Pain Split\n|\n|upkeep\n|turn|78\n|inactive|Time left: 300 sec this turn | 300 sec total\n|\n|t:|1783554584\n|move|p1a: Zebstrika|Supercell Slam|p2a: Rotom\n|-resisted|p2a: Rotom\n|-damage|p2a: Rotom|28/100\n|-damage|p1a: Zebstrika|100/272|[from] item: Life Orb\n|move|p2a: Rotom|Overheat|p1a: Zebstrika\n|-damage|p1a: Zebstrika|0 fnt\n|-unboost|p2a: Rotom|spa|2\n|faint|p1a: Zebstrika\n|\n|upkeep\n|inactive|Time left: 300 sec this turn | 300 sec total | 5 sec grace\n|\n|t:|1783554585\n|switch|p1a: Calyrex|Calyrex, L93|337/337\n|-ability|p1a: Calyrex|Unnerve\n|-damage|p1a: Calyrex|295/337|[from] Stealth Rock\n|turn|79\n|inactive|Time left: 300 sec this turn | 300 sec total\n|\n|t:|1783554586\n|switch|p2a: Glaceon|Glaceon, L94, F|100/100\n|move|p1a: Calyrex|Psychic|p2a: Glaceon\n|-damage|p2a: Glaceon|71/100\n|\n|-heal|p1a: Calyrex|316/337|[from] item: Leftovers\n|upkeep\n|turn|80\n|inactive|Time left: 300 sec this turn | 300 sec total\n|\n|t:|1783554587\n|-terastallize|p1a: Calyrex|Steel\n|move|p1a: Calyrex|Psychic|p2a: Glaceon\n|-damage|p2a: Glaceon|42/100\n|move|p2a: Glaceon|Freeze-Dry|p1a: Calyrex\n|-resisted|p1a: Calyrex\n|-crit|p1a: Calyrex\n|-damage|p1a: Calyrex|227/337\n|\n|-heal|p1a: Calyrex|248/337|[from] item: Leftovers\n|upkeep\n|turn|81\n|inactive|Time left: 300 sec this turn | 300 sec total\n|\n|t:|1783554589\n|move|p1a: Calyrex|Giga Drain|p2a: Glaceon\n|-damage|p2a: Glaceon|16/100\n|-heal|p1a: Calyrex|283/337|[from] drain|[of] p2a: Glaceon\n|move|p2a: Glaceon|Wish|p2a: Glaceon\n|\n|-heal|p1a: Calyrex|304/337|[from] item: Leftovers\n|upkeep\n|turn|82\n|inactive|Time left: 300 sec this turn | 300 sec total\n|\n|t:|1783554590\n|switch|p2a: Sandslash|Sandslash-Alola, L88, M|31/100\n|-activate|p2a: Sandslash|move: Sticky Web\n|-unboost|p2a: Sandslash|spe|1\n|move|p1a: Calyrex|Psychic|p2a: Sandslash\n|-resisted|p2a: Sandslash\n|-damage|p2a: Sandslash|10/100\n|\n|-heal|p2a: Sandslash|59/100|[from] move: Wish|[wisher] Glaceon\n|-heal|p1a: Calyrex|325/337|[from] item: Leftovers\n|upkeep\n|turn|83\n|inactive|Time left: 300 sec this turn | 300 sec total\n|\n|t:|1783554591\n|move|p1a: Calyrex|Leech Seed|p2a: Sandslash\n|-start|p2a: Sandslash|move: Leech Seed\n|move|p2a: Sandslash|Swords Dance|p2a: Sandslash\n|-boost|p2a: Sandslash|atk|2\n|\n|-heal|p1a: Calyrex|337/337|[from] item: Leftovers\n|-damage|p2a: Sandslash|47/100|[from] Leech Seed|[of] p1a: Calyrex\n|upkeep\n|turn|84\n|inactive|Time left: 300 sec this turn | 300 sec total\n|\n|t:|1783554592\n|move|p1a: Calyrex|Encore|p2a: Sandslash\n|-start|p2a: Sandslash|Encore\n|move|p2a: Sandslash|Swords Dance|p2a: Sandslash\n|-boost|p2a: Sandslash|atk|2\n|\n|-damage|p2a: Sandslash|35/100|[from] Leech Seed|[of] p1a: Calyrex\n|upkeep\n|turn|85\n|inactive|Time left: 300 sec this turn | 300 sec total\n|\n|t:|1783554593\n|switch|p2a: Chimecho|Chimecho, L93, F, tera:Fairy|94/100\n|move|p1a: Calyrex|Giga Drain|p2a: Chimecho\n|-damage|p2a: Chimecho|69/100\n|\n|-heal|p2a: Chimecho|75/100|[from] item: Leftovers\n|upkeep\n|turn|86\n|inactive|Time left: 300 sec this turn | 300 sec total\n|\n|t:|1783554594\n|move|p1a: Calyrex|Giga Drain|p2a: Chimecho\n|-damage|p2a: Chimecho|48/100\n|move|p2a: Chimecho|Recover|p2a: Chimecho\n|-heal|p2a: Chimecho|98/100\n|\n|-heal|p2a: Chimecho|100/100|[from] item: Leftovers\n|upkeep\n|turn|87\n|inactive|Time left: 300 sec this turn | 300 sec total\n|\n|t:|1783554595\n|switch|p2a: Sandslash|Sandslash-Alola, L88, M|35/100\n|-activate|p2a: Sandslash|move: Sticky Web\n|-unboost|p2a: Sandslash|spe|1\n|move|p1a: Calyrex|Giga Drain|p2a: Sandslash\n|-resisted|p2a: Sandslash\n|-damage|p2a: Sandslash|17/100\n|\n|upkeep\n|turn|88\n|inactive|Time left: 300 sec this turn | 300 sec total\n|\n|t:|1783554596\n|move|p1a: Calyrex|Psychic|p2a: Sandslash\n|-resisted|p2a: Sandslash\n|-crit|p2a: Sandslash\n|-damage|p2a: Sandslash|0 fnt\n|faint|p2a: Sandslash\n|\n|upkeep\n|\n|t:|1783554597\n|switch|p2a: Alomomola|Alomomola, L87, M|52/100\n|turn|89\n|inactive|Time left: 300 sec this turn | 300 sec total\n|\n|t:|1783554598\n|move|p2a: Alomomola|Protect|p2a: Alomomola\n|-singleturn|p2a: Alomomola|Protect\n|move|p1a: Calyrex|Giga Drain|p2a: Alomomola\n|-activate|p2a: Alomomola|move: Protect\n|\n|upkeep\n|turn|90\n|inactive|Time left: 300 sec this turn | 300 sec total\n|\n|t:|1783554599\n|switch|p2a: Chimecho|Chimecho, L93, F, tera:Fairy|100/100\n|move|p1a: Calyrex|Giga Drain|p2a: Chimecho\n|-damage|p2a: Chimecho|75/100\n|\n|-heal|p2a: Chimecho|81/100|[from] item: Leftovers\n|upkeep\n|turn|91\n|inactive|Time left: 300 sec this turn | 300 sec total\n|\n|t:|1783554601\n|move|p1a: Calyrex|Giga Drain|p2a: Chimecho\n|-damage|p2a: Chimecho|54/100\n|-activate|p2a: Chimecho|move: Struggle\n|move|p2a: Chimecho|Struggle|p1a: Calyrex\n|-damage|p1a: Calyrex|319/337\n|-damage|p2a: Chimecho|29/100|[from] recoil\n|\n|-heal|p1a: Calyrex|337/337|[from] item: Leftovers\n|-heal|p2a: Chimecho|35/100|[from] item: Leftovers\n|upkeep\n|turn|92\n|inactive|Time left: 300 sec this turn | 300 sec total\n|\n|t:|1783554602\n|move|p1a: Calyrex|Giga Drain|p2a: Chimecho\n|-damage|p2a: Chimecho|10/100\n|-activate|p2a: Chimecho|move: Struggle\n|move|p2a: Chimecho|Struggle|p1a: Calyrex\n|-damage|p1a: Calyrex|318/337\n|-damage|p2a: Chimecho|0 fnt|[from] recoil\n|faint|p2a: Chimecho\n|\n|-heal|p1a: Calyrex|337/337|[from] item: Leftovers\n|upkeep\n|\n|t:|1783554603\n|switch|p2a: Alomomola|Alomomola, L87, M|85/100\n|turn|93\n|inactive|Time left: 300 sec this turn | 300 sec total\n|\n|t:|1783554604\n|move|p2a: Alomomola|Protect|p2a: Alomomola\n|-singleturn|p2a: Alomomola|Protect\n|move|p1a: Calyrex|Giga Drain|p2a: Alomomola\n|-activate|p2a: Alomomola|move: Protect\n|\n|upkeep\n|turn|94\n|inactive|Time left: 300 sec this turn | 300 sec total\n|\n|t:|1783554605\n|move|p1a: Calyrex|Giga Drain|p2a: Alomomola\n|-supereffective|p2a: Alomomola\n|-damage|p2a: Alomomola|26/100\n|move|p2a: Alomomola|Wish|p2a: Alomomola\n|\n|upkeep\n|turn|95\n|inactive|Time left: 300 sec this turn | 300 sec total\n|\n|t:|1783554606\n|move|p2a: Alomomola|Protect|p2a: Alomomola\n|-singleturn|p2a: Alomomola|Protect\n|move|p1a: Calyrex|Psychic|p2a: Alomomola\n|-activate|p2a: Alomomola|move: Protect\n|\n|-heal|p2a: Alomomola|76/100|[from] move: Wish|[wisher] Alomomola\n|upkeep\n|turn|96\n|inactive|Time left: 300 sec this turn | 300 sec total\n|\n|t:|1783554607\n|move|p1a: Calyrex|Giga Drain|p2a: Alomomola\n|-supereffective|p2a: Alomomola\n|-damage|p2a: Alomomola|14/100\n|move|p2a: Alomomola|Wish|p2a: Alomomola\n|\n|upkeep\n|turn|97\n|inactive|Time left: 300 sec this turn | 300 sec total\n|\n|t:|1783554608\n|move|p2a: Alomomola|Protect|p2a: Alomomola\n|-singleturn|p2a: Alomomola|Protect\n|move|p1a: Calyrex|Psychic|p2a: Alomomola\n|-activate|p2a: Alomomola|move: Protect\n|\n|-heal|p2a: Alomomola|64/100|[from] move: Wish|[wisher] Alomomola\n|upkeep\n|turn|98\n|inactive|Time left: 300 sec this turn | 300 sec total\n|\n|t:|1783554609\n|switch|p2a: Glaceon|Glaceon, L94, F|16/100\n|move|p1a: Calyrex|Giga Drain|p2a: Glaceon\n|-damage|p2a: Glaceon|0 fnt\n|faint|p2a: Glaceon\n|\n|upkeep\n|\n|t:|1783554610\n|switch|p2a: Alomomola|Alomomola, L87, M|97/100\n|turn|99\n|inactive|Time left: 300 sec this turn | 300 sec total\n|\n|t:|1783554611\n|move|p2a: Alomomola|Protect|p2a: Alomomola\n|-singleturn|p2a: Alomomola|Protect\n|move|p1a: Calyrex|Giga Drain|p2a: Alomomola\n|-activate|p2a: Alomomola|move: Protect\n|\n|upkeep\n|turn|100\n|inactive|Time left: 300 sec this turn | 300 sec total\n|\n|t:|1783554612\n|move|p1a: Calyrex|Giga Drain|p2a: Alomomola\n|-supereffective|p2a: Alomomola\n|-damage|p2a: Alomomola|42/100\n|move|p2a: Alomomola|Wish|p2a: Alomomola\n|\n|upkeep\n|turn|101\n|inactive|Time left: 300 sec this turn | 300 sec total\n|\n|t:|1783554613\n|switch|p2a: Rotom|Rotom-Heat, L83|28/100\n|move|p1a: Calyrex|Psychic|p2a: Rotom\n|-damage|p2a: Rotom|0 fnt\n|faint|p2a: Rotom\n|\n|upkeep\n|\n|t:|1783554614\n|switch|p2a: Alomomola|Alomomola, L87, M|75/100\n|turn|102\n|inactive|Time left: 300 sec this turn | 300 sec total\n|\n|t:|1783554615\n|move|p2a: Alomomola|Protect|p2a: Alomomola\n|-singleturn|p2a: Alomomola|Protect\n|move|p1a: Calyrex|Giga Drain|p2a: Alomomola\n|-activate|p2a: Alomomola|move: Protect\n|\n|upkeep\n|turn|103\n|inactive|Time left: 300 sec this turn | 300 sec total\n|\n|t:|1783554616\n|move|p1a: Calyrex|Giga Drain|p2a: Alomomola\n|-supereffective|p2a: Alomomola\n|-damage|p2a: Alomomola|18/100\n|move|p2a: Alomomola|Wish|p2a: Alomomola\n|\n|upkeep\n|turn|104\n|inactive|Time left: 300 sec this turn | 300 sec total\n|\n|t:|1783554617\n|move|p2a: Alomomola|Protect|p2a: Alomomola\n|-singleturn|p2a: Alomomola|Protect\n|move|p1a: Calyrex|Psychic|p2a: Alomomola\n|-activate|p2a: Alomomola|move: Protect\n|\n|-heal|p2a: Alomomola|68/100|[from] move: Wish|[wisher] Alomomola\n|upkeep\n|turn|105\n|inactive|Time left: 300 sec this turn | 300 sec total\n|\n|t:|1783554618\n|move|p1a: Calyrex|Leech Seed|p2a: Alomomola\n|-start|p2a: Alomomola|move: Leech Seed\n|move|p2a: Alomomola|Wish|p2a: Alomomola\n|\n|-damage|p2a: Alomomola|56/100|[from] Leech Seed|[of] p1a: Calyrex\n|upkeep\n|turn|106\n|inactive|Time left: 300 sec this turn | 300 sec total\n|\n|t:|1783554619\n|move|p2a: Alomomola|Protect|p2a: Alomomola\n|-singleturn|p2a: Alomomola|Protect\n|move|p1a: Calyrex|Psychic|p2a: Alomomola\n|-activate|p2a: Alomomola|move: Protect\n|\n|-heal|p2a: Alomomola|100/100|[from] move: Wish|[wisher] Alomomola\n|-damage|p2a: Alomomola|88/100|[from] Leech Seed|[of] p1a: Calyrex\n|upkeep\n|turn|107\n|inactive|Time left: 300 sec this turn | 300 sec total\n|\n|t:|1783554620\n|move|p1a: Calyrex|Psychic|p2a: Alomomola\n|-damage|p2a: Alomomola|52/100\n|move|p2a: Alomomola|Wish|p2a: Alomomola\n|\n|-damage|p2a: Alomomola|39/100|[from] Leech Seed|[of] p1a: Calyrex\n|upkeep\n|turn|108\n|inactive|Time left: 300 sec this turn | 300 sec total\n|\n|t:|1783554621\n|move|p2a: Alomomola|Protect|p2a: Alomomola\n|-singleturn|p2a: Alomomola|Protect\n|move|p1a: Calyrex|Psychic|p2a: Alomomola\n|-activate|p2a: Alomomola|move: Protect\n|\n|-heal|p2a: Alomomola|89/100|[from] move: Wish|[wisher] Alomomola\n|-damage|p2a: Alomomola|77/100|[from] Leech Seed|[of] p1a: Calyrex\n|upkeep\n|turn|109\n|inactive|Time left: 300 sec this turn | 300 sec total\n|\n|t:|1783554622\n|move|p1a: Calyrex|Psychic|p2a: Alomomola\n|-damage|p2a: Alomomola|40/100\n|move|p2a: Alomomola|Wish|p2a: Alomomola\n|\n|-damage|p2a: Alomomola|28/100|[from] Leech Seed|[of] p1a: Calyrex\n|upkeep\n|turn|110\n|inactive|Time left: 300 sec this turn | 300 sec total\n|\n|t:|1783554622\n|move|p2a: Alomomola|Protect|p2a: Alomomola\n|-singleturn|p2a: Alomomola|Protect\n|move|p1a: Calyrex|Psychic|p2a: Alomomola\n|-activate|p2a: Alomomola|move: Protect\n|\n|-heal|p2a: Alomomola|78/100|[from] move: Wish|[wisher] Alomomola\n|-damage|p2a: Alomomola|66/100|[from] Leech Seed|[of] p1a: Calyrex\n|upkeep\n|turn|111\n|inactive|Time left: 300 sec this turn | 300 sec total\n|\n|t:|1783554623\n|move|p1a: Calyrex|Encore|p2a: Alomomola\n|-start|p2a: Alomomola|Encore\n|move|p2a: Alomomola|Protect||[still]\n|-fail|p2a: Alomomola\n|\n|-damage|p2a: Alomomola|53/100|[from] Leech Seed|[of] p1a: Calyrex\n|upkeep\n|turn|112\n|inactive|Time left: 300 sec this turn | 300 sec total\n|\n|t:|1783554624\n|move|p2a: Alomomola|Protect|p2a: Alomomola\n|-singleturn|p2a: Alomomola|Protect\n|move|p1a: Calyrex|Leech Seed|p2a: Alomomola\n|-activate|p2a: Alomomola|move: Protect\n|\n|-damage|p2a: Alomomola|41/100|[from] Leech Seed|[of] p1a: Calyrex\n|upkeep\n|turn|113\n|inactive|Time left: 300 sec this turn | 300 sec total\n|\n|t:|1783554625\n|move|p2a: Alomomola|Protect|p2a: Alomomola\n|-singleturn|p2a: Alomomola|Protect\n|move|p1a: Calyrex|Encore|p2a: Alomomola\n|-activate|p2a: Alomomola|move: Protect\n|\n|-damage|p2a: Alomomola|28/100|[from] Leech Seed|[of] p1a: Calyrex\n|-end|p2a: Alomomola|Encore\n|upkeep\n|turn|114\n|inactive|Time left: 300 sec this turn | 300 sec total\n|\n|t:|1783554626\n|move|p1a: Calyrex|Psychic|p2a: Alomomola\n|-damage|p2a: Alomomola|0 fnt\n|faint|p2a: Alomomola\n|\n|win|p0x12515d59", "uploadtime": 1783554626, "views": 0, "rating": 0, "private": 0, "password": null, "_winner": "p0x12515d59", "_our_name": "p0x12515d59"}