{"id": "battle-gen9randombattle-2900", "formatid": "gen9randombattle", "format": "[Gen 9] Random Battle", "players": ["p0x2900c0f1", "p0y2900a315"], "log": "|init|battle\n|title|p0x2900c0f1 vs. p0y2900a315\n|j|\u2606p0x2900c0f1\n|j|\u2606p0y2900a315\n|t:|1783573398\n|gametype|singles\n|player|p1|p0x2900c0f1|2|\n|player|p2|p0y2900a315|266|\n|gen|9\n|tier|[Gen 9] Random Battle\n|rule|Species Clause: Limit one of each Pok\u00e9mon\n|rule|HP Percentage Mod: HP is shown in percentages\n|rule|Sleep Clause Mod: Limit one foe put to sleep\n|rule|Illusion Level Mod: Illusion disguises the Pok\u00e9mon's true level\n|\n|t:|1783573398\n|teamsize|p1|6\n|teamsize|p2|6\n|start\n|switch|p1a: Volcarona|Volcarona, L77, F|100/100\n|switch|p2a: Enamorus|Enamorus, L79, F|247/247\n|turn|1\n|inactive|Battle timer is ON: inactive players will automatically lose when time's up. (requested by p0y2900a315)\n|inactive|p0x2900c0f1 also wants the timer to be on.\n|\n|t:|1783573400\n|move|p2a: Enamorus|Calm Mind|p2a: Enamorus\n|-boost|p2a: Enamorus|spa|1\n|-boost|p2a: Enamorus|spd|1\n|move|p1a: Volcarona|Quiver Dance|p1a: Volcarona\n|-boost|p1a: Volcarona|spa|1\n|-boost|p1a: Volcarona|spd|1\n|-boost|p1a: Volcarona|spe|1\n|\n|upkeep\n|turn|2\n|inactive|Time left: 300 sec this turn | 300 sec total\n|\n|t:|1783573401\n|move|p1a: Volcarona|Quiver Dance|p1a: Volcarona\n|-boost|p1a: Volcarona|spa|1\n|-boost|p1a: Volcarona|spd|1\n|-boost|p1a: Volcarona|spe|1\n|move|p2a: Enamorus|Mystical Fire|p1a: Volcarona\n|-damage|p1a: Volcarona|83/100\n|-unboost|p1a: Volcarona|spa|1\n|\n|upkeep\n|turn|3\n|inactive|Time left: 300 sec this turn | 300 sec total\n|\n|t:|1783573402\n|move|p1a: Volcarona|Fire Blast|p2a: Enamorus\n|-damage|p2a: Enamorus|108/247\n|move|p2a: Enamorus|Mystical Fire|p1a: Volcarona\n|-damage|p1a: Volcarona|67/100\n|-unboost|p1a: Volcarona|spa|1\n|\n|upkeep\n|turn|4\n|inactive|Time left: 300 sec this turn | 300 sec total\n|\n|t:|1783573403\n|switch|p2a: Salamence|Salamence, L77, M|273/273\n|-ability|p2a: Salamence|Intimidate|boost\n|-unboost|p1a: Volcarona|atk|1\n|move|p1a: Volcarona|Fire Blast|p2a: Salamence|[miss]\n|-miss|p1a: Volcarona|p2a: Salamence\n|\n|upkeep\n|turn|5\n|inactive|Time left: 300 sec this turn | 300 sec total\n|\n|t:|1783573404\n|move|p1a: Volcarona|Bug Buzz|p2a: Salamence\n|-resisted|p2a: Salamence\n|-damage|p2a: Salamence|207/273\n|move|p2a: Salamence|Outrage|p1a: Volcarona\n|-damage|p1a: Volcarona|0 fnt\n|faint|p1a: Volcarona\n|\n|upkeep\n|\n|t:|1783573405\n|switch|p1a: Cobalion|Cobalion, L80|100/100\n|turn|6\n|inactive|Time left: 300 sec this turn | 300 sec total\n|\n|t:|1783573406\n|move|p1a: Cobalion|Swords Dance|p1a: Cobalion\n|-boost|p1a: Cobalion|atk|2\n|move|p2a: Salamence|Outrage|p1a: Cobalion|[from] lockedmove\n|-resisted|p1a: Cobalion\n|-damage|p1a: Cobalion|81/100\n|-start|p2a: Salamence|confusion|[fatigue]\n|\n|upkeep\n|turn|7\n|inactive|Time left: 300 sec this turn | 300 sec total\n|\n|t:|1783573408\n|switch|p2a: Houndstone|Houndstone, L86, F|264/264\n|move|p1a: Cobalion|Iron Head|p2a: Houndstone\n|-damage|p2a: Houndstone|178/264\n|-damage|p1a: Cobalion|71/100|[from] item: Life Orb\n|\n|upkeep\n|turn|8\n|inactive|Time left: 300 sec this turn | 300 sec total\n|\n|t:|1783573409\n|move|p1a: Cobalion|Stone Edge|p2a: Houndstone\n|-damage|p2a: Houndstone|40/264\n|-damage|p1a: Cobalion|62/100|[from] item: Life Orb\n|move|p2a: Houndstone|Body Press|p1a: Cobalion\n|-supereffective|p1a: Cobalion\n|-damage|p1a: Cobalion|27/100\n|\n|upkeep\n|turn|9\n|inactive|Time left: 300 sec this turn | 300 sec total\n|\n|t:|1783573410\n|move|p2a: Houndstone|Shadow Sneak|p1a: Cobalion\n|-damage|p1a: Cobalion|15/100\n|move|p1a: Cobalion|Iron Head|p2a: Houndstone\n|-damage|p2a: Houndstone|0 fnt\n|faint|p2a: Houndstone\n|-damage|p1a: Cobalion|5/100|[from] item: Life Orb\n|\n|upkeep\n|inactive|Time left: 300 sec this turn | 300 sec total | 5 sec grace\n|\n|t:|1783573411\n|switch|p2a: Salamence|Salamence, L77, M|207/273\n|-ability|p2a: Salamence|Intimidate|boost\n|-unboost|p1a: Cobalion|atk|1\n|turn|10\n|inactive|Time left: 300 sec this turn | 300 sec total\n|\n|t:|1783573412\n|move|p1a: Cobalion|Stone Edge|p2a: Salamence\n|-supereffective|p2a: Salamence\n|-damage|p2a: Salamence|0 fnt\n|faint|p2a: Salamence\n|-damage|p1a: Cobalion|0 fnt|[from] item: Life Orb\n|faint|p1a: Cobalion\n|\n|upkeep\n|inactive|Time left: 300 sec this turn | 300 sec total | 5 sec grace\n|\n|t:|1783573413\n|switch|p1a: Keldeo|Keldeo-Resolute, L79|100/100\n|switch|p2a: Passimian|Passimian, L83, M|302/302\n|turn|11\n|inactive|Time left: 300 sec this turn | 300 sec total\n|\n|t:|1783573414\n|move|p1a: Keldeo|Hydro Pump|p2a: Passimian\n|-damage|p2a: Passimian|65/302\n|move|p2a: Passimian|Drain Punch|p1a: Keldeo\n|-damage|p1a: Keldeo|65/100\n|-heal|p2a: Passimian|114/302|[from] drain|[of] p1a: Keldeo\n|\n|-heal|p2a: Passimian|132/302|[from] item: Leftovers\n|upkeep\n|turn|12\n|inactive|Time left: 300 sec this turn | 300 sec total\n|\n|t:|1783573415\n|switch|p2a: Illumise|Illumise, L91, F|266/266\n|move|p1a: Keldeo|Hydro Pump|p2a: Illumise|[miss]\n|-miss|p1a: Keldeo|p2a: Illumise\n|\n|upkeep\n|turn|13\n|inactive|Time left: 300 sec this turn | 300 sec total\n|\n|t:|1783573416\n|move|p2a: Illumise|Thunder Wave|p1a: Keldeo\n|-status|p1a: Keldeo|par\n|move|p1a: Keldeo|Hydro Pump|p2a: Illumise\n|-damage|p2a: Illumise|74/266\n|\n|upkeep\n|turn|14\n|inactive|Time left: 300 sec this turn | 300 sec total\n|\n|t:|1783573417\n|move|p2a: Illumise|Roost|p2a: Illumise\n|-heal|p2a: Illumise|207/266\n|-singleturn|p2a: Illumise|move: Roost\n|move|p1a: Keldeo|Hydro Pump|p2a: Illumise\n|-damage|p2a: Illumise|36/266\n|\n|upkeep\n|turn|15\n|inactive|Time left: 300 sec this turn | 300 sec total\n|\n|t:|1783573418\n|move|p2a: Illumise|Bug Buzz|p1a: Keldeo\n|-resisted|p1a: Keldeo\n|-damage|p1a: Keldeo|49/100 par\n|move|p1a: Keldeo|Hydro Pump|p2a: Illumise\n|-damage|p2a: Illumise|0 fnt\n|faint|p2a: Illumise\n|\n|upkeep\n|inactive|Time left: 300 sec this turn | 300 sec total | 5 sec grace\n|\n|t:|1783573419\n|switch|p2a: Enamorus|Enamorus, L79, F|108/247\n|turn|16\n|inactive|Time left: 300 sec this turn | 300 sec total\n|\n|t:|1783573420\n|move|p2a: Enamorus|Moonblast|p1a: Keldeo\n|-supereffective|p1a: Keldeo\n|-damage|p1a: Keldeo|0 fnt\n|faint|p1a: Keldeo\n|\n|upkeep\n|\n|t:|1783573421\n|switch|p1a: Bellossom|Bellossom, L84, F|100/100\n|turn|17\n|inactive|Time left: 300 sec this turn | 300 sec total\n|\n|t:|1783573422\n|move|p2a: Enamorus|Mystical Fire|p1a: Bellossom\n|-supereffective|p1a: Bellossom\n|-damage|p1a: Bellossom|60/100\n|-unboost|p1a: Bellossom|spa|1\n|move|p1a: Bellossom|Quiver Dance|p1a: Bellossom\n|-boost|p1a: Bellossom|spa|1\n|-boost|p1a: Bellossom|spd|1\n|-boost|p1a: Bellossom|spe|1\n|\n|-heal|p1a: Bellossom|66/100|[from] item: Leftovers\n|upkeep\n|turn|18\n|inactive|Time left: 300 sec this turn | 300 sec total\n|\n|t:|1783573423\n|move|p2a: Enamorus|Mystical Fire|p1a: Bellossom\n|-supereffective|p1a: Bellossom\n|-damage|p1a: Bellossom|38/100\n|-unboost|p1a: Bellossom|spa|1\n|move|p1a: Bellossom|Quiver Dance|p1a: Bellossom\n|-boost|p1a: Bellossom|spa|1\n|-boost|p1a: Bellossom|spd|1\n|-boost|p1a: Bellossom|spe|1\n|\n|-heal|p1a: Bellossom|44/100|[from] item: Leftovers\n|upkeep\n|turn|19\n|inactive|Time left: 300 sec this turn | 300 sec total\n|\n|t:|1783573424\n|move|p1a: Bellossom|Giga Drain|p2a: Enamorus\n|-resisted|p2a: Enamorus\n|-damage|p2a: Enamorus|66/247\n|-heal|p1a: Bellossom|52/100|[from] drain|[of] p2a: Enamorus\n|move|p2a: Enamorus|Mystical Fire|p1a: Bellossom\n|-supereffective|p1a: Bellossom\n|-damage|p1a: Bellossom|29/100\n|-unboost|p1a: Bellossom|spa|1\n|\n|-heal|p1a: Bellossom|35/100|[from] item: Leftovers\n|upkeep\n|turn|20\n|inactive|Time left: 300 sec this turn | 300 sec total\n|\n|t:|1783573425\n|switch|p2a: Passimian|Passimian, L83, M|132/302\n|move|p1a: Bellossom|Giga Drain|p2a: Passimian\n|-damage|p2a: Passimian|63/302\n|-heal|p1a: Bellossom|49/100|[from] drain|[of] p2a: Passimian\n|\n|-heal|p1a: Bellossom|55/100|[from] item: Leftovers\n|-heal|p2a: Passimian|81/302|[from] item: Leftovers\n|upkeep\n|turn|21\n|inactive|Time left: 300 sec this turn | 300 sec total\n|\n|t:|1783573426\n|move|p1a: Bellossom|Giga Drain|p2a: Passimian\n|-damage|p2a: Passimian|15/302\n|-heal|p1a: Bellossom|67/100|[from] drain|[of] p2a: Passimian\n|move|p2a: Passimian|Drain Punch|p1a: Bellossom\n|-damage|p1a: Bellossom|36/100\n|-heal|p2a: Passimian|56/302|[from] drain|[of] p1a: Bellossom\n|\n|-heal|p1a: Bellossom|42/100|[from] item: Leftovers\n|-heal|p2a: Passimian|74/302|[from] item: Leftovers\n|upkeep\n|turn|22\n|inactive|Time left: 300 sec this turn | 300 sec total\n|\n|t:|1783573427\n|move|p1a: Bellossom|Giga Drain|p2a: Passimian\n|-damage|p2a: Passimian|4/302\n|-heal|p1a: Bellossom|56/100|[from] drain|[of] p2a: Passimian\n|move|p2a: Passimian|Drain Punch|p1a: Bellossom\n|-damage|p1a: Bellossom|19/100\n|-heal|p2a: Passimian|52/302|[from] drain|[of] p1a: Bellossom\n|\n|-heal|p1a: Bellossom|25/100|[from] item: Leftovers\n|-heal|p2a: Passimian|70/302|[from] item: Leftovers\n|upkeep\n|turn|23\n|inactive|Time left: 300 sec this turn | 300 sec total\n|\n|t:|1783573428\n|move|p1a: Bellossom|Giga Drain|p2a: Passimian\n|-damage|p2a: Passimian|1/302\n|-heal|p1a: Bellossom|39/100|[from] drain|[of] p2a: Passimian\n|move|p2a: Passimian|Gunk Shot|p1a: Bellossom\n|-supereffective|p1a: Bellossom\n|-damage|p1a: Bellossom|0 fnt\n|faint|p1a: Bellossom\n|\n|-heal|p2a: Passimian|19/302|[from] item: Leftovers\n|upkeep\n|\n|t:|1783573429\n|switch|p1a: Whiscash|Whiscash, L88, F|100/100\n|turn|24\n|inactive|Time left: 300 sec this turn | 300 sec total\n|\n|t:|1783573430\n|move|p2a: Passimian|Drain Punch|p1a: Whiscash\n|-damage|p1a: Whiscash|72/100\n|-heal|p2a: Passimian|68/302|[from] drain|[of] p1a: Whiscash\n|move|p1a: Whiscash|Ice Beam|p2a: Passimian\n|-damage|p2a: Passimian|0 fnt\n|faint|p2a: Passimian\n|\n|-heal|p1a: Whiscash|78/100|[from] item: Leftovers\n|upkeep\n|inactive|Time left: 300 sec this turn | 300 sec total | 5 sec grace\n|\n|t:|1783573431\n|switch|p2a: Orthworm|Orthworm, L88, M|266/266\n|turn|25\n|inactive|Time left: 300 sec this turn | 300 sec total\n|\n|t:|1783573432\n|move|p2a: Orthworm|Heavy Slam|p1a: Whiscash\n|-resisted|p1a: Whiscash\n|-damage|p1a: Whiscash|59/100\n|move|p1a: Whiscash|Hydro Pump|p2a: Orthworm|[miss]\n|-miss|p1a: Whiscash|p2a: Orthworm\n|\n|-heal|p1a: Whiscash|65/100|[from] item: Leftovers\n|upkeep\n|turn|26\n|inactive|Time left: 300 sec this turn | 300 sec total\n|\n|t:|1783573433\n|move|p2a: Orthworm|Body Press|p1a: Whiscash\n|-damage|p1a: Whiscash|35/100\n|move|p1a: Whiscash|Hydro Pump|p2a: Orthworm\n|-damage|p2a: Orthworm|118/266\n|\n|-heal|p2a: Orthworm|134/266|[from] item: Leftovers\n|-heal|p1a: Whiscash|41/100|[from] item: Leftovers\n|upkeep\n|turn|27\n|inactive|Time left: 300 sec this turn | 300 sec total\n|\n|t:|1783573434\n|move|p2a: Orthworm|Body Press|p1a: Whiscash\n|-damage|p1a: Whiscash|12/100\n|move|p1a: Whiscash|Hydro Pump|p2a: Orthworm\n|-damage|p2a: Orthworm|0 fnt\n|faint|p2a: Orthworm\n|\n|-heal|p1a: Whiscash|18/100|[from] item: Leftovers\n|upkeep\n|inactive|Time left: 300 sec this turn | 300 sec total | 5 sec grace\n|\n|t:|1783573435\n|switch|p2a: Enamorus|Enamorus, L79, F|66/247\n|turn|28\n|inactive|Time left: 300 sec this turn | 300 sec total\n|\n|t:|1783573436\n|-terastallize|p2a: Enamorus|Ground\n|move|p2a: Enamorus|Earth Power|p1a: Whiscash\n|-damage|p1a: Whiscash|0 fnt\n|faint|p1a: Whiscash\n|\n|upkeep\n|\n|t:|1783573437\n|switch|p1a: Scream Tail|Scream Tail, L84|100/100\n|turn|29\n|inactive|Time left: 300 sec this turn | 300 sec total\n|\n|t:|1783573438\n|-terastallize|p1a: Scream Tail|Steel\n|move|p1a: Scream Tail|Play Rough|p2a: Enamorus|[miss]\n|-miss|p1a: Scream Tail|p2a: Enamorus\n|move|p2a: Enamorus|Calm Mind|p2a: Enamorus\n|-boost|p2a: Enamorus|spa|1\n|-boost|p2a: Enamorus|spd|1\n|\n|upkeep\n|turn|30\n|inactive|Time left: 300 sec this turn | 300 sec total\n|\n|t:|1783573439\n|move|p1a: Scream Tail|Play Rough|p2a: Enamorus\n|-damage|p2a: Enamorus|0 fnt\n|faint|p2a: Enamorus\n|\n|win|p0x2900c0f1", "uploadtime": 1783573439, "views": 0, "rating": 0, "private": 0, "password": null, "_winner": "p0x2900c0f1", "_our_name": "p0y2900a315"}