{"id": "battle-gen9randombattle-1358", "formatid": "gen9randombattle", "format": "[Gen 9] Random Battle", "players": ["p0x13589c10", "p0y135859c4"], "log": "|init|battle\n|title|p0x13589c10 vs. p0y135859c4\n|j|\u2606p0x13589c10\n|j|\u2606p0y135859c4\n|t:|1783555788\n|gametype|singles\n|player|p1|p0x13589c10|266|\n|player|p2|p0y135859c4|101|\n|gen|9\n|tier|[Gen 9] Random Battle\n|rule|Species Clause: Limit one of each Pok\u00e9mon\n|rule|HP Percentage Mod: HP is shown in percentages\n|rule|Sleep Clause Mod: Limit one foe put to sleep\n|rule|Illusion Level Mod: Illusion disguises the Pok\u00e9mon's true level\n|\n|t:|1783555788\n|teamsize|p1|6\n|teamsize|p2|6\n|start\n|switch|p1a: Flapple|Flapple, L88, F|266/266\n|switch|p2a: Braviary|Braviary, L85, M|100/100\n|turn|1\n|inactive|Battle timer is ON: inactive players will automatically lose when time's up. (requested by p0x13589c10)\n|inactive|p0y135859c4 also wants the timer to be on.\n|\n|t:|1783555789\n|-terastallize|p1a: Flapple|Fire\n|move|p2a: Braviary|Brave Bird|p1a: Flapple\n|-damage|p1a: Flapple|109/266\n|-damage|p2a: Braviary|84/100|[from] Recoil\n|move|p1a: Flapple|Outrage|p2a: Braviary\n|-damage|p2a: Braviary|0 fnt\n|faint|p2a: Braviary\n|\n|upkeep\n|\n|t:|1783555790\n|switch|p2a: Kleavor|Kleavor, L78, F|100/100\n|turn|2\n|inactive|Time left: 300 sec this turn | 300 sec total\n|\n|t:|1783555791\n|move|p2a: Kleavor|Stone Axe|p1a: Flapple\n|-supereffective|p1a: Flapple\n|-damage|p1a: Flapple|0 fnt\n|-sidestart|p1: p0x13589c10|move: Stealth Rock\n|faint|p1a: Flapple\n|\n|upkeep\n|inactive|Time left: 300 sec this turn | 300 sec total | 5 sec grace\n|\n|t:|1783555792\n|switch|p1a: Regirock|Regirock, L83|268/268\n|-damage|p1a: Regirock|235/268|[from] Stealth Rock\n|turn|3\n|inactive|Time left: 300 sec this turn | 300 sec total\n|\n|t:|1783555793\n|switch|p2a: Luxray|Luxray, L88, M|100/100\n|move|p1a: Regirock|Stone Edge|p2a: Luxray\n|-damage|p2a: Luxray|63/100\n|\n|-status|p2a: Luxray|brn|[from] item: Flame Orb\n|upkeep\n|turn|4\n|inactive|Time left: 300 sec this turn | 300 sec total\n|\n|t:|1783555794\n|switch|p2a: Zapdos|Zapdos-Galar, L77|100/100\n|move|p1a: Regirock|Body Press|p2a: Zapdos\n|-resisted|p2a: Zapdos\n|-damage|p2a: Zapdos|80/100\n|\n|upkeep\n|turn|5\n|inactive|Time left: 300 sec this turn | 300 sec total\n|\n|t:|1783555795\n|move|p2a: Zapdos|Bulk Up|p2a: Zapdos\n|-boost|p2a: Zapdos|atk|1\n|-boost|p2a: Zapdos|def|1\n|move|p1a: Regirock|Iron Defense|p1a: Regirock\n|-boost|p1a: Regirock|def|2\n|\n|upkeep\n|turn|6\n|inactive|Time left: 300 sec this turn | 300 sec total\n|\n|t:|1783555796\n|move|p2a: Zapdos|Bulk Up|p2a: Zapdos\n|-boost|p2a: Zapdos|atk|1\n|-boost|p2a: Zapdos|def|1\n|move|p1a: Regirock|Body Press|p2a: Zapdos\n|-resisted|p2a: Zapdos\n|-damage|p2a: Zapdos|59/100\n|\n|upkeep\n|turn|7\n|inactive|Time left: 300 sec this turn | 300 sec total\n|\n|t:|1783555797\n|move|p2a: Zapdos|Bulk Up|p2a: Zapdos\n|-boost|p2a: Zapdos|atk|1\n|-boost|p2a: Zapdos|def|1\n|move|p1a: Regirock|Body Press|p2a: Zapdos\n|-resisted|p2a: Zapdos\n|-damage|p2a: Zapdos|41/100\n|\n|upkeep\n|turn|8\n|inactive|Time left: 300 sec this turn | 300 sec total\n|\n|t:|1783555798\n|move|p2a: Zapdos|Close Combat|p1a: Regirock\n|-supereffective|p1a: Regirock\n|-damage|p1a: Regirock|22/268\n|-unboost|p2a: Zapdos|def|1\n|-unboost|p2a: Zapdos|spd|1\n|-damage|p2a: Zapdos|31/100|[from] item: Life Orb\n|move|p1a: Regirock|Body Press|p2a: Zapdos\n|-resisted|p2a: Zapdos\n|-damage|p2a: Zapdos|10/100\n|\n|upkeep\n|turn|9\n|inactive|Time left: 300 sec this turn | 300 sec total\n|\n|t:|1783555799\n|move|p2a: Zapdos|Brave Bird|p1a: Regirock\n|-resisted|p1a: Regirock\n|-damage|p1a: Regirock|0 fnt\n|faint|p1a: Regirock\n|-damage|p2a: Zapdos|7/100|[from] Recoil\n|-damage|p2a: Zapdos|0 fnt|[from] item: Life Orb\n|faint|p2a: Zapdos\n|\n|upkeep\n|inactive|Time left: 300 sec this turn | 300 sec total | 5 sec grace\n|\n|t:|1783555800\n|switch|p2a: Kleavor|Kleavor, L78, F|100/100\n|switch|p1a: Ambipom|Ambipom, L84, M|263/263\n|-damage|p1a: Ambipom|231/263|[from] Stealth Rock\n|turn|10\n|inactive|Time left: 300 sec this turn | 300 sec total\n|\n|t:|1783555801\n|move|p1a: Ambipom|Fake Out|p2a: Kleavor\n|-resisted|p2a: Kleavor\n|-damage|p2a: Kleavor|82/100\n|cant|p2a: Kleavor|flinch\n|\n|upkeep\n|turn|11\n|inactive|Time left: 300 sec this turn | 300 sec total\n|\n|t:|1783555802\n|move|p1a: Ambipom|U-turn|p2a: Kleavor\n|-damage|p2a: Kleavor|60/100\n|inactive|Time left: 300 sec this turn | 300 sec total | 5 sec grace\n|\n|t:|1783555803\n|switch|p1a: Crawdaunt|Crawdaunt, L84, M|243/243|[from] U-turn\n|-damage|p1a: Crawdaunt|213/243|[from] Stealth Rock\n|move|p2a: Kleavor|X-Scissor|p1a: Crawdaunt\n|-supereffective|p1a: Crawdaunt\n|-damage|p1a: Crawdaunt|0 fnt\n|faint|p1a: Crawdaunt\n|\n|upkeep\n|inactive|Time left: 300 sec this turn | 300 sec total | 10 sec grace\n|\n|t:|1783555804\n|switch|p1a: Corviknight|Corviknight, L80, F|288/288\n|-damage|p1a: Corviknight|252/288|[from] Stealth Rock\n|turn|12\n|inactive|Time left: 300 sec this turn | 300 sec total\n|\n|t:|1783555805\n|switch|p2a: Luxray|Luxray, L88, M|63/100 brn\n|move|p1a: Corviknight|Brave Bird|p2a: Luxray\n|-resisted|p2a: Luxray\n|-damage|p2a: Luxray|43/100 brn\n|-damage|p1a: Corviknight|233/288|[from] Recoil\n|\n|-heal|p1a: Corviknight|251/288|[from] item: Leftovers\n|-damage|p2a: Luxray|37/100 brn|[from] brn\n|upkeep\n|turn|13\n|inactive|Time left: 300 sec this turn | 300 sec total\n|\n|t:|1783555806\n|move|p2a: Luxray|Supercell Slam|p1a: Corviknight\n|-supereffective|p1a: Corviknight\n|-damage|p1a: Corviknight|0 fnt\n|faint|p1a: Corviknight\n|\n|-damage|p2a: Luxray|31/100 brn|[from] brn\n|upkeep\n|inactive|Time left: 300 sec this turn | 300 sec total | 5 sec grace\n|\n|t:|1783555807\n|switch|p1a: Ambipom|Ambipom, L84, M|231/263\n|-damage|p1a: Ambipom|199/263|[from] Stealth Rock\n|turn|14\n|inactive|Time left: 300 sec this turn | 300 sec total\n|\n|t:|1783555808\n|switch|p2a: Wyrdeer|Wyrdeer, L87, F|100/100\n|-ability|p2a: Wyrdeer|Intimidate|boost\n|-unboost|p1a: Ambipom|atk|1\n|move|p1a: Ambipom|Double-Edge|p2a: Wyrdeer\n|-damage|p2a: Wyrdeer|64/100\n|-damage|p1a: Ambipom|160/263|[from] Recoil\n|\n|upkeep\n|turn|15\n|inactive|Time left: 300 sec this turn | 300 sec total\n|\n|t:|1783555809\n|-terastallize|p2a: Wyrdeer|Ground\n|move|p1a: Ambipom|U-turn|p2a: Wyrdeer\n|-damage|p2a: Wyrdeer|52/100\n|inactive|Time left: 300 sec this turn | 300 sec total | 5 sec grace\n|\n|t:|1783555810\n|switch|p1a: Oricorio|Oricorio-Pom-Pom, L82, F|257/257|[from] U-turn\n|move|p2a: Wyrdeer|Earthquake|p1a: Oricorio\n|-immune|p1a: Oricorio\n|\n|upkeep\n|turn|16\n|inactive|Time left: 300 sec this turn | 300 sec total\n|\n|t:|1783555811\n|move|p1a: Oricorio|Quiver Dance|p1a: Oricorio\n|-boost|p1a: Oricorio|spa|1\n|-boost|p1a: Oricorio|spd|1\n|-boost|p1a: Oricorio|spe|1\n|move|p2a: Wyrdeer|Psychic Noise|p1a: Oricorio\n|-damage|p1a: Oricorio|188/257\n|-start|p1a: Oricorio|move: Heal Block\n|\n|upkeep\n|turn|17\n|inactive|Time left: 300 sec this turn | 300 sec total\n|\n|t:|1783555812\n|move|p1a: Oricorio|Hurricane|p2a: Wyrdeer\n|-damage|p2a: Wyrdeer|13/100\n|move|p2a: Wyrdeer|Body Slam|p1a: Oricorio\n|-damage|p1a: Oricorio|71/257\n|\n|-end|p1a: Oricorio|move: Heal Block\n|upkeep\n|turn|18\n|inactive|Time left: 300 sec this turn | 300 sec total\n|\n|t:|1783555813\n|move|p1a: Oricorio|Hurricane|p2a: Wyrdeer\n|-damage|p2a: Wyrdeer|0 fnt\n|faint|p2a: Wyrdeer\n|\n|upkeep\n|\n|t:|1783555814\n|switch|p2a: Luxray|Luxray, L88, M|31/100 brn\n|turn|19\n|inactive|Time left: 300 sec this turn | 300 sec total\n|\n|t:|1783555815\n|move|p1a: Oricorio|Hurricane|p2a: Luxray\n|-resisted|p2a: Luxray\n|-damage|p2a: Luxray|0 fnt\n|faint|p2a: Luxray\n|\n|upkeep\n|\n|t:|1783555816\n|switch|p2a: Glalie|Glalie, L96, F|100/100\n|turn|20\n|inactive|Time left: 300 sec this turn | 300 sec total\n|\n|t:|1783555817\n|move|p1a: Oricorio|Roost|p1a: Oricorio\n|-heal|p1a: Oricorio|200/257\n|-singleturn|p1a: Oricorio|move: Roost\n|move|p2a: Glalie|Earthquake|p1a: Oricorio\n|-supereffective|p1a: Oricorio\n|-damage|p1a: Oricorio|18/257\n|\n|upkeep\n|turn|21\n|inactive|Time left: 300 sec this turn | 300 sec total\n|\n|t:|1783555818\n|move|p1a: Oricorio|Roost|p1a: Oricorio\n|-heal|p1a: Oricorio|147/257\n|-singleturn|p1a: Oricorio|move: Roost\n|move|p2a: Glalie|Freeze-Dry|p1a: Oricorio\n|-damage|p1a: Oricorio|80/257\n|-status|p1a: Oricorio|frz\n|\n|upkeep\n|turn|22\n|inactive|Time left: 300 sec this turn | 300 sec total\n|\n|t:|1783555819\n|cant|p1a: Oricorio|frz\n|move|p2a: Glalie|Freeze-Dry|p1a: Oricorio\n|-supereffective|p1a: Oricorio\n|-damage|p1a: Oricorio|0 fnt\n|faint|p1a: Oricorio\n|\n|upkeep\n|inactive|Time left: 300 sec this turn | 300 sec total | 5 sec grace\n|\n|t:|1783555820\n|switch|p1a: Ambipom|Ambipom, L84, M|160/263\n|-damage|p1a: Ambipom|128/263|[from] Stealth Rock\n|turn|23\n|inactive|Time left: 300 sec this turn | 300 sec total\n|\n|t:|1783555821\n|move|p1a: Ambipom|Knock Off|p2a: Glalie\n|-damage|p2a: Glalie|81/100\n|-enditem|p2a: Glalie|Heavy-Duty Boots|[from] move: Knock Off|[of] p1a: Ambipom\n|move|p2a: Glalie|Earthquake|p1a: Ambipom\n|-damage|p1a: Ambipom|29/263\n|\n|upkeep\n|turn|24\n|inactive|Time left: 300 sec this turn | 300 sec total\n|\n|t:|1783555822\n|move|p1a: Ambipom|Knock Off|p2a: Glalie\n|-damage|p2a: Glalie|67/100\n|move|p2a: Glalie|Earthquake|p1a: Ambipom\n|-damage|p1a: Ambipom|0 fnt\n|faint|p1a: Ambipom\n|\n|win|p0y135859c4", "uploadtime": 1783555822, "views": 0, "rating": 0, "private": 0, "password": null, "_winner": "p0y135859c4", "_our_name": "p0x13589c10"}