{"id": "battle-gen9randombattle-2247", "formatid": "gen9randombattle", "format": "[Gen 9] Random Battle", "players": ["p0x2247aa05", "p0y22473ab8"], "log": "|init|battle\n|title|p0x2247aa05 vs. p0y22473ab8\n|j|\u2606p0x2247aa05\n|j|\u2606p0y22473ab8\n|t:|1783565116\n|gametype|singles\n|player|p1|p0x2247aa05|101|\n|player|p2|p0y22473ab8|1|\n|gen|9\n|tier|[Gen 9] Random Battle\n|rule|Species Clause: Limit one of each Pok\u00e9mon\n|rule|HP Percentage Mod: HP is shown in percentages\n|rule|Sleep Clause Mod: Limit one foe put to sleep\n|rule|Illusion Level Mod: Illusion disguises the Pok\u00e9mon's true level\n|\n|t:|1783565116\n|teamsize|p1|6\n|teamsize|p2|6\n|start\n|switch|p1a: Mabosstiff|Mabosstiff, L86, M|278/278\n|switch|p2a: Stantler|Stantler, L92, F|100/100\n|-ability|p2a: Stantler|Intimidate|boost\n|-unboost|p1a: Mabosstiff|atk|1\n|turn|1\n|inactive|Battle timer is ON: inactive players will automatically lose when time's up. (requested by p0x2247aa05)\n|\n|t:|1783565117\n|move|p2a: Stantler|Body Slam|p1a: Mabosstiff\n|-damage|p1a: Mabosstiff|178/278\n|move|p1a: Mabosstiff|Crunch|p2a: Stantler\n|-damage|p2a: Stantler|72/100\n|\n|upkeep\n|turn|2\n|inactive|Time left: 300 sec this turn | 300 sec total\n|inactive|p0y22473ab8 also wants the timer to be on.\n|\n|t:|1783565118\n|move|p2a: Stantler|Body Slam|p1a: Mabosstiff\n|-damage|p1a: Mabosstiff|84/278\n|move|p1a: Mabosstiff|Crunch|p2a: Stantler\n|-damage|p2a: Stantler|42/100\n|\n|upkeep\n|turn|3\n|inactive|Time left: 300 sec this turn | 300 sec total\n|\n|t:|1783565120\n|move|p2a: Stantler|Body Slam|p1a: Mabosstiff\n|-damage|p1a: Mabosstiff|0 fnt\n|faint|p1a: Mabosstiff\n|\n|upkeep\n|inactive|Time left: 300 sec this turn | 300 sec total | 5 sec grace\n|\n|t:|1783565121\n|switch|p1a: Gothitelle|Gothitelle, L90, F|272/272\n|turn|4\n|inactive|Time left: 300 sec this turn | 300 sec total\n|\n|t:|1783565122\n|move|p1a: Gothitelle|Psychic|p2a: Stantler\n|-damage|p2a: Stantler|11/100\n|move|p2a: Stantler|Body Slam|p1a: Gothitelle\n|-damage|p1a: Gothitelle|175/272\n|\n|upkeep\n|turn|5\n|inactive|Time left: 300 sec this turn | 300 sec total\n|\n|t:|1783565123\n|move|p1a: Gothitelle|Psychic|p2a: Stantler\n|-damage|p2a: Stantler|0 fnt\n|faint|p2a: Stantler\n|\n|upkeep\n|\n|t:|1783565124\n|switch|p2a: Dewgong|Dewgong, L94, F|100/100\n|turn|6\n|inactive|Time left: 300 sec this turn | 300 sec total\n|\n|t:|1783565125\n|switch|p1a: Arbok|Arbok, L87, M|246/246\n|-ability|p1a: Arbok|Intimidate|boost\n|-unboost|p2a: Dewgong|atk|1\n|move|p2a: Dewgong|Knock Off|p1a: Arbok\n|-damage|p1a: Arbok|197/246\n|-enditem|p1a: Arbok|Leftovers|[from] move: Knock Off|[of] p2a: Dewgong\n|\n|upkeep\n|turn|7\n|inactive|Time left: 300 sec this turn | 300 sec total\n|\n|t:|1783565126\n|switch|p2a: Vileplume|Vileplume, L85, F|100/100\n|move|p1a: Arbok|Gunk Shot|p2a: Vileplume\n|-damage|p2a: Vileplume|50/100\n|\n|-heal|p2a: Vileplume|56/100|[from] item: Leftovers\n|upkeep\n|turn|8\n|inactive|Time left: 300 sec this turn | 300 sec total\n|\n|t:|1783565128\n|move|p1a: Arbok|Coil|p1a: Arbok\n|-boost|p1a: Arbok|atk|1\n|-boost|p1a: Arbok|def|1\n|-boost|p1a: Arbok|accuracy|1\n|move|p2a: Vileplume|Strength Sap|p1a: Arbok\n|-unboost|p1a: Arbok|atk|1\n|-heal|p2a: Vileplume|100/100\n|\n|upkeep\n|turn|9\n|inactive|Time left: 300 sec this turn | 300 sec total\n|\n|t:|1783565129\n|move|p1a: Arbok|Coil|p1a: Arbok\n|-boost|p1a: Arbok|atk|1\n|-boost|p1a: Arbok|def|1\n|-boost|p1a: Arbok|accuracy|1\n|move|p2a: Vileplume|Sludge Bomb|p1a: Arbok\n|-resisted|p1a: Arbok\n|-damage|p1a: Arbok|141/246\n|\n|upkeep\n|turn|10\n|inactive|Time left: 300 sec this turn | 300 sec total\n|\n|t:|1783565130\n|move|p1a: Arbok|Gunk Shot|p2a: Vileplume\n|-damage|p2a: Vileplume|28/100\n|move|p2a: Vileplume|Strength Sap|p1a: Arbok\n|-unboost|p1a: Arbok|atk|1\n|-heal|p2a: Vileplume|100/100\n|\n|upkeep\n|turn|11\n|inactive|Time left: 300 sec this turn | 300 sec total\n|\n|t:|1783565131\n|move|p1a: Arbok|Coil|p1a: Arbok\n|-boost|p1a: Arbok|atk|1\n|-boost|p1a: Arbok|def|1\n|-boost|p1a: Arbok|accuracy|1\n|move|p2a: Vileplume|Leech Seed|p1a: Arbok\n|-start|p1a: Arbok|move: Leech Seed\n|\n|-damage|p1a: Arbok|111/246|[from] Leech Seed|[of] p2a: Vileplume\n|upkeep\n|turn|12\n|inactive|Time left: 300 sec this turn | 300 sec total\n|\n|t:|1783565132\n|move|p1a: Arbok|Gunk Shot|p2a: Vileplume\n|-damage|p2a: Vileplume|23/100\n|move|p2a: Vileplume|Sludge Bomb|p1a: Arbok\n|-resisted|p1a: Arbok\n|-damage|p1a: Arbok|58/246\n|\n|-heal|p2a: Vileplume|29/100|[from] item: Leftovers\n|-damage|p1a: Arbok|28/246|[from] Leech Seed|[of] p2a: Vileplume\n|-heal|p2a: Vileplume|40/100|[silent]\n|upkeep\n|turn|13\n|inactive|Time left: 300 sec this turn | 300 sec total\n|\n|t:|1783565133\n|switch|p2a: Dewgong|Dewgong, L94, F|100/100\n|move|p1a: Arbok|Earthquake|p2a: Dewgong\n|-damage|p2a: Dewgong|67/100\n|\n|-damage|p1a: Arbok|0 fnt|[from] Leech Seed|[of] p2a: Dewgong\n|-heal|p2a: Dewgong|75/100|[silent]\n|faint|p1a: Arbok\n|upkeep\n|inactive|Time left: 300 sec this turn | 300 sec total | 5 sec grace\n|\n|t:|1783565134\n|switch|p1a: Blaziken|Blaziken, L76, F|247/247\n|turn|14\n|inactive|Time left: 300 sec this turn | 300 sec total\n|\n|t:|1783565135\n|-terastallize|p1a: Blaziken|Fighting\n|move|p2a: Dewgong|Surf|p1a: Blaziken\n|-damage|p1a: Blaziken|130/247\n|move|p1a: Blaziken|Swords Dance|p1a: Blaziken\n|-boost|p1a: Blaziken|atk|2\n|\n|-ability|p1a: Blaziken|Speed Boost|boost\n|-boost|p1a: Blaziken|spe|1\n|upkeep\n|turn|15\n|inactive|Time left: 300 sec this turn | 300 sec total\n|\n|t:|1783565136\n|switch|p2a: Vileplume|Vileplume, L85, F|40/100\n|move|p1a: Blaziken|Close Combat|p2a: Vileplume\n|-resisted|p2a: Vileplume\n|-damage|p2a: Vileplume|0 fnt\n|-unboost|p1a: Blaziken|def|1\n|-unboost|p1a: Blaziken|spd|1\n|-status|p1a: Blaziken|slp|[from] ability: Effect Spore|[of] p2a: Vileplume\n|faint|p2a: Vileplume\n|-damage|p1a: Blaziken|106/247 slp|[from] item: Life Orb\n|\n|-ability|p1a: Blaziken|Speed Boost|boost\n|-boost|p1a: Blaziken|spe|1\n|upkeep\n|\n|t:|1783565137\n|switch|p2a: Dewgong|Dewgong, L94, F|75/100\n|turn|16\n|inactive|Time left: 300 sec this turn | 300 sec total\n|\n|t:|1783565138\n|switch|p1a: Moltres|Moltres, L81|278/278\n|move|p2a: Dewgong|Triple Axel|p1a: Moltres\n|-damage|p1a: Moltres|256/278\n|-damage|p1a: Moltres|208/278\n|-damage|p1a: Moltres|147/278\n|-hitcount|p1a: Moltres|3\n|\n|upkeep\n|turn|17\n|inactive|Time left: 300 sec this turn | 300 sec total\n|\n|t:|1783565139\n|move|p1a: Moltres|Roost|p1a: Moltres\n|-heal|p1a: Moltres|278/278\n|-singleturn|p1a: Moltres|move: Roost\n|move|p2a: Dewgong|Surf|p1a: Moltres\n|-supereffective|p1a: Moltres\n|-damage|p1a: Moltres|72/278\n|\n|upkeep\n|turn|18\n|inactive|Time left: 300 sec this turn | 300 sec total\n|\n|t:|1783565140\n|move|p1a: Moltres|Roost|p1a: Moltres\n|-heal|p1a: Moltres|211/278\n|-singleturn|p1a: Moltres|move: Roost\n|move|p2a: Dewgong|Surf|p1a: Moltres\n|-supereffective|p1a: Moltres\n|-damage|p1a: Moltres|29/278\n|\n|upkeep\n|turn|19\n|inactive|Time left: 300 sec this turn | 300 sec total\n|\n|t:|1783565141\n|move|p1a: Moltres|Scorching Sands|p2a: Dewgong\n|-crit|p2a: Dewgong\n|-damage|p2a: Dewgong|53/100\n|move|p2a: Dewgong|Surf|p1a: Moltres\n|-supereffective|p1a: Moltres\n|-damage|p1a: Moltres|0 fnt\n|faint|p1a: Moltres\n|\n|upkeep\n|inactive|Time left: 300 sec this turn | 300 sec total | 5 sec grace\n|\n|t:|1783565142\n|switch|p1a: Sceptile|Sceptile, L87, F|264/264\n|turn|20\n|inactive|Time left: 300 sec this turn | 300 sec total\n|\n|t:|1783565143\n|move|p1a: Sceptile|Leaf Blade|p2a: Dewgong\n|-supereffective|p2a: Dewgong\n|-damage|p2a: Dewgong|0 fnt\n|faint|p2a: Dewgong\n|-damage|p1a: Sceptile|238/264|[from] item: Life Orb\n|\n|upkeep\n|\n|t:|1783565144\n|switch|p2a: Iron Valiant|Iron Valiant, L78|100/100\n|turn|21\n|inactive|Time left: 300 sec this turn | 300 sec total\n|\n|t:|1783565145\n|move|p1a: Sceptile|Leaf Blade|p2a: Iron Valiant\n|-damage|p2a: Iron Valiant|53/100\n|-damage|p1a: Sceptile|212/264|[from] item: Life Orb\n|move|p2a: Iron Valiant|Close Combat|p1a: Sceptile\n|-damage|p1a: Sceptile|12/264\n|-unboost|p2a: Iron Valiant|def|1\n|-unboost|p2a: Iron Valiant|spd|1\n|-damage|p2a: Iron Valiant|43/100|[from] item: Life Orb\n|\n|upkeep\n|turn|22\n|inactive|Time left: 300 sec this turn | 300 sec total\n|\n|t:|1783565146\n|-end|p2a: Iron Valiant|Quark Drive|[silent]\n|switch|p2a: Ogerpon|Ogerpon, L80, F|100/100\n|move|p1a: Sceptile|Earthquake|p2a: Ogerpon\n|-resisted|p2a: Ogerpon\n|-damage|p2a: Ogerpon|82/100\n|-damage|p1a: Sceptile|0 fnt|[from] item: Life Orb\n|faint|p1a: Sceptile\n|\n|upkeep\n|inactive|Time left: 300 sec this turn | 300 sec total | 5 sec grace\n|\n|t:|1783565147\n|switch|p1a: Gothitelle|Gothitelle, L90, F|175/272\n|turn|23\n|inactive|Time left: 300 sec this turn | 300 sec total\n|\n|t:|1783565147\n|move|p1a: Gothitelle|Dark Pulse|p2a: Ogerpon\n|-damage|p2a: Ogerpon|57/100\n|move|p2a: Ogerpon|U-turn|p1a: Gothitelle\n|-supereffective|p1a: Gothitelle\n|-damage|p1a: Gothitelle|79/272\n|\n|t:|1783565148\n|switch|p2a: Deoxys|Deoxys-Attack, L72|100/100|[from] U-turn\n|-ability|p2a: Deoxys|Pressure\n|\n|upkeep\n|turn|24\n|inactive|Time left: 300 sec this turn | 300 sec total\n|\n|t:|1783565149\n|switch|p1a: Blaziken|Blaziken, L76, F, tera:Fighting|106/247 slp\n|-terastallize|p2a: Deoxys|Dark\n|move|p2a: Deoxys|Ice Beam|p1a: Blaziken\n|-damage|p1a: Blaziken|0 fnt\n|faint|p1a: Blaziken\n|-damage|p2a: Deoxys|91/100|[from] item: Life Orb\n|\n|upkeep\n|inactive|Time left: 300 sec this turn | 300 sec total | 5 sec grace\n|\n|t:|1783565149\n|switch|p1a: Gothitelle|Gothitelle, L90, F|79/272\n|turn|25\n|inactive|Time left: 300 sec this turn | 300 sec total\n|\n|t:|1783565150\n|move|p2a: Deoxys|Ice Beam|p1a: Gothitelle\n|-damage|p1a: Gothitelle|0 fnt\n|faint|p1a: Gothitelle\n|-damage|p2a: Deoxys|81/100|[from] item: Life Orb\n|\n|win|p0y22473ab8", "uploadtime": 1783565150, "views": 0, "rating": 0, "private": 0, "password": null, "_winner": "p0y22473ab8", "_our_name": "p0x2247aa05"}