{"id": "battle-gen9randombattle-1359", "formatid": "gen9randombattle", "format": "[Gen 9] Random Battle", "players": ["p0x13596c6a", "p0y1359a09f"], "log": "|init|battle\n|title|p0x13596c6a vs. p0y1359a09f\n|j|\u2606p0x13596c6a\n|j|\u2606p0y1359a09f\n|t:|1783554903\n|gametype|singles\n|player|p1|p0x13596c6a|169|\n|player|p2|p0y1359a09f|169|\n|gen|9\n|tier|[Gen 9] Random Battle\n|rule|Species Clause: Limit one of each Pok\u00e9mon\n|rule|HP Percentage Mod: HP is shown in percentages\n|rule|Sleep Clause Mod: Limit one foe put to sleep\n|rule|Illusion Level Mod: Illusion disguises the Pok\u00e9mon's true level\n|\n|t:|1783554903\n|teamsize|p1|6\n|teamsize|p2|6\n|start\n|switch|p1a: Ribombee|Ribombee, L83, F|235/235\n|switch|p2a: Scizor|Scizor, L79, M|100/100\n|turn|1\n|inactive|Battle timer is ON: inactive players will automatically lose when time's up. (requested by p0x13596c6a)\n|\n|t:|1783554905\n|switch|p1a: Koraidon|Koraidon, L64|235/235\n|-weather|SunnyDay|[from] ability: Orichalcum Pulse|[of] p1a: Koraidon\n|-activate|p1a: Koraidon|Orichalcum Pulse|[source]\n|move|p2a: Scizor|Bullet Punch|p1a: Koraidon\n|-damage|p1a: Koraidon|128/235\n|-damage|p2a: Scizor|90/100|[from] item: Life Orb\n|\n|-weather|SunnyDay|[upkeep]\n|upkeep\n|turn|2\n|inactive|Time left: 300 sec this turn | 300 sec total\n|inactive|p0y1359a09f also wants the timer to be on.\n|\n|t:|1783554906\n|switch|p2a: Hippowdon|Hippowdon, L82, M|100/100\n|-weather|Sandstorm|[from] ability: Sand Stream|[of] p2a: Hippowdon\n|move|p1a: Koraidon|Flare Blitz|p2a: Hippowdon\n|-damage|p2a: Hippowdon|77/100\n|-damage|p1a: Koraidon|104/235|[from] Recoil\n|\n|-weather|Sandstorm|[upkeep]\n|-damage|p1a: Koraidon|90/235|[from] Sandstorm\n|-heal|p2a: Hippowdon|83/100|[from] item: Leftovers\n|upkeep\n|turn|3\n|inactive|Time left: 300 sec this turn | 300 sec total\n|\n|t:|1783554907\n|switch|p1a: Exeggutor|Exeggutor-Alola, L89, M|314/314\n|move|p2a: Hippowdon|Stealth Rock|p1a: Exeggutor\n|-sidestart|p1: p0x13596c6a|move: Stealth Rock\n|\n|-weather|Sandstorm|[upkeep]\n|-damage|p1a: Exeggutor|295/314|[from] Sandstorm\n|-heal|p2a: Hippowdon|89/100|[from] item: Leftovers\n|upkeep\n|turn|4\n|inactive|Time left: 300 sec this turn | 300 sec total\n|\n|t:|1783554908\n|switch|p2a: Milotic|Milotic, L83, M|100/100\n|move|p1a: Exeggutor|Giga Drain|p2a: Milotic\n|-supereffective|p2a: Milotic\n|-damage|p2a: Milotic|47/100\n|-heal|p1a: Exeggutor|314/314|[from] drain|[of] p2a: Milotic\n|\n|-weather|Sandstorm|[upkeep]\n|-damage|p2a: Milotic|40/100|[from] Sandstorm\n|-damage|p1a: Exeggutor|295/314|[from] Sandstorm\n|-heal|p2a: Milotic|47/100|[from] item: Leftovers\n|upkeep\n|turn|5\n|inactive|Time left: 300 sec this turn | 300 sec total\n|\n|t:|1783554909\n|move|p2a: Milotic|Ice Beam|p1a: Exeggutor\n|-supereffective|p1a: Exeggutor\n|-damage|p1a: Exeggutor|31/314\n|-status|p1a: Exeggutor|frz\n|-enditem|p1a: Exeggutor|Sitrus Berry|[eat]\n|-heal|p1a: Exeggutor|109/314 frz|[from] item: Sitrus Berry\n|cant|p1a: Exeggutor|frz\n|\n|-weather|Sandstorm|[upkeep]\n|-damage|p2a: Milotic|40/100|[from] Sandstorm\n|-damage|p1a: Exeggutor|90/314 frz|[from] Sandstorm\n|-heal|p2a: Milotic|47/100|[from] item: Leftovers\n|-item|p1a: Exeggutor|Sitrus Berry|[from] ability: Harvest\n|upkeep\n|-enditem|p1a: Exeggutor|Sitrus Berry|[eat]\n|-heal|p1a: Exeggutor|168/314 frz|[from] item: Sitrus Berry\n|turn|6\n|inactive|Time left: 300 sec this turn | 300 sec total\n|\n|t:|1783554910\n|move|p2a: Milotic|Ice Beam|p1a: Exeggutor\n|-supereffective|p1a: Exeggutor\n|-damage|p1a: Exeggutor|0 fnt\n|faint|p1a: Exeggutor\n|\n|-weather|none\n|-heal|p2a: Milotic|53/100|[from] item: Leftovers\n|upkeep\n|inactive|Time left: 300 sec this turn | 300 sec total | 5 sec grace\n|\n|t:|1783554911\n|switch|p1a: Koraidon|Koraidon, L64|90/235\n|-damage|p1a: Koraidon|76/235|[from] Stealth Rock\n|-weather|SunnyDay|[from] ability: Orichalcum Pulse|[of] p1a: Koraidon\n|-activate|p1a: Koraidon|Orichalcum Pulse|[source]\n|turn|7\n|inactive|Time left: 300 sec this turn | 300 sec total\n|\n|t:|1783554912\n|move|p1a: Koraidon|Outrage|p2a: Milotic\n|-damage|p2a: Milotic|0 fnt\n|faint|p2a: Milotic\n|\n|-weather|SunnyDay|[upkeep]\n|upkeep\n|\n|t:|1783554913\n|switch|p2a: Zebstrika|Zebstrika, L87, F|100/100\n|turn|8\n|inactive|Time left: 300 sec this turn | 300 sec total\n|\n|t:|1783554914\n|move|p2a: Zebstrika|High Horsepower|p1a: Koraidon\n|-damage|p1a: Koraidon|0 fnt\n|faint|p1a: Koraidon\n|-damage|p2a: Zebstrika|91/100|[from] item: Life Orb\n|\n|-weather|SunnyDay|[upkeep]\n|upkeep\n|inactive|Time left: 300 sec this turn | 300 sec total | 5 sec grace\n|\n|t:|1783554915\n|switch|p1a: Ribombee|Ribombee, L83, F|235/235\n|turn|9\n|inactive|Time left: 300 sec this turn | 300 sec total\n|\n|t:|1783554916\n|-terastallize|p1a: Ribombee|Ground\n|move|p1a: Ribombee|Quiver Dance|p1a: Ribombee\n|-boost|p1a: Ribombee|spa|1\n|-boost|p1a: Ribombee|spd|1\n|-boost|p1a: Ribombee|spe|1\n|move|p2a: Zebstrika|Overheat|p1a: Ribombee\n|-damage|p1a: Ribombee|109/235\n|-unboost|p2a: Zebstrika|spa|2\n|-damage|p2a: Zebstrika|81/100|[from] item: Life Orb\n|\n|-weather|SunnyDay|[upkeep]\n|upkeep\n|turn|10\n|inactive|Time left: 300 sec this turn | 300 sec total\n|\n|t:|1783554917\n|-terastallize|p2a: Zebstrika|Ground\n|move|p1a: Ribombee|Tera Blast|p2a: Zebstrika|[anim] Tera Blast Ground\n|-damage|p2a: Zebstrika|29/100\n|move|p2a: Zebstrika|High Horsepower|p1a: Ribombee\n|-damage|p1a: Ribombee|0 fnt\n|faint|p1a: Ribombee\n|-damage|p2a: Zebstrika|19/100|[from] item: Life Orb\n|\n|-weather|SunnyDay|[upkeep]\n|upkeep\n|inactive|Time left: 300 sec this turn | 300 sec total | 5 sec grace\n|\n|t:|1783554918\n|switch|p1a: Mimikyu|Mimikyu, L79, F|216/216\n|-damage|p1a: Mimikyu|189/216|[from] Stealth Rock\n|turn|11\n|inactive|Time left: 300 sec this turn | 300 sec total\n|\n|t:|1783554919\n|switch|p2a: Hippowdon|Hippowdon, L82, M|89/100\n|-weather|Sandstorm|[from] ability: Sand Stream|[of] p2a: Hippowdon\n|move|p1a: Mimikyu|Swords Dance|p1a: Mimikyu\n|-boost|p1a: Mimikyu|atk|2\n|\n|-weather|Sandstorm|[upkeep]\n|-damage|p1a: Mimikyu|176/216|[from] Sandstorm\n|-heal|p2a: Hippowdon|95/100|[from] item: Leftovers\n|upkeep\n|turn|12\n|inactive|Time left: 300 sec this turn | 300 sec total\n|\n|t:|1783554920\n|move|p1a: Mimikyu|Play Rough|p2a: Hippowdon|[miss]\n|-miss|p1a: Mimikyu|p2a: Hippowdon\n|move|p2a: Hippowdon|Stone Edge|p1a: Mimikyu\n|-activate|p1a: Mimikyu|ability: Disguise\n|-damage|p1a: Mimikyu|176/216\n|detailschange|p1a: Mimikyu|Mimikyu-Busted, L79, F\n|-damage|p1a: Mimikyu|149/216|[from] pokemon: Mimikyu-Busted\n|\n|-weather|Sandstorm|[upkeep]\n|-damage|p1a: Mimikyu|136/216|[from] Sandstorm\n|-heal|p2a: Hippowdon|100/100|[from] item: Leftovers\n|upkeep\n|turn|13\n|inactive|Time left: 300 sec this turn | 300 sec total\n|\n|t:|1783554921\n|move|p1a: Mimikyu|Play Rough|p2a: Hippowdon\n|-damage|p2a: Hippowdon|43/100\n|-damage|p1a: Mimikyu|115/216|[from] item: Life Orb\n|move|p2a: Hippowdon|Earthquake|p1a: Mimikyu\n|-damage|p1a: Mimikyu|0 fnt\n|faint|p1a: Mimikyu\n|\n|-weather|Sandstorm|[upkeep]\n|-heal|p2a: Hippowdon|49/100|[from] item: Leftovers\n|upkeep\n|inactive|Time left: 300 sec this turn | 300 sec total | 5 sec grace\n|\n|t:|1783554922\n|switch|p1a: Phione|Phione, L91|293/293\n|-damage|p1a: Phione|257/293|[from] Stealth Rock\n|turn|14\n|inactive|Time left: 300 sec this turn | 300 sec total\n|\n|t:|1783554923\n|switch|p2a: Tatsugiri|Tatsugiri, L87, F|100/100\n|move|p1a: Phione|Scald|p2a: Tatsugiri\n|-ability|p2a: Tatsugiri|Storm Drain|boost\n|-boost|p2a: Tatsugiri|spa|1\n|\n|-weather|Sandstorm|[upkeep]\n|-damage|p1a: Phione|239/293|[from] Sandstorm\n|-damage|p2a: Tatsugiri|94/100|[from] Sandstorm\n|-heal|p1a: Phione|257/293|[from] item: Leftovers\n|upkeep\n|turn|15\n|inactive|Time left: 300 sec this turn | 300 sec total\n|\n|t:|1783554924\n|move|p1a: Phione|Take Heart|p1a: Phione\n|-boost|p1a: Phione|spa|1\n|-boost|p1a: Phione|spd|1\n|move|p2a: Tatsugiri|Draco Meteor|p1a: Phione\n|-damage|p1a: Phione|74/293\n|-unboost|p2a: Tatsugiri|spa|2\n|\n|-weather|none\n|-heal|p1a: Phione|92/293|[from] item: Leftovers\n|upkeep\n|turn|16\n|inactive|Time left: 300 sec this turn | 300 sec total\n|\n|t:|1783554925\n|move|p1a: Phione|Rest|p1a: Phione\n|-status|p1a: Phione|slp|[from] move: Rest\n|-heal|p1a: Phione|293/293 slp|[silent]\n|move|p2a: Tatsugiri|Nasty Plot|p2a: Tatsugiri\n|-boost|p2a: Tatsugiri|spa|2\n|\n|upkeep\n|turn|17\n|inactive|Time left: 300 sec this turn | 300 sec total\n|\n|t:|1783554926\n|cant|p1a: Phione|slp\n|move|p2a: Tatsugiri|Nasty Plot|p2a: Tatsugiri\n|-boost|p2a: Tatsugiri|spa|2\n|\n|upkeep\n|turn|18\n|inactive|Time left: 300 sec this turn | 300 sec total\n|\n|t:|1783554927\n|cant|p1a: Phione|slp\n|move|p2a: Tatsugiri|Nasty Plot|p2a: Tatsugiri\n|-boost|p2a: Tatsugiri|spa|2\n|\n|upkeep\n|turn|19\n|inactive|Time left: 300 sec this turn | 300 sec total\n|\n|t:|1783554928\n|-curestatus|p1a: Phione|slp|[msg]\n|move|p1a: Phione|Sleep Talk||[still]\n|-fail|p1a: Phione\n|move|p2a: Tatsugiri|Draco Meteor|p1a: Phione\n|-damage|p1a: Phione|0 fnt\n|-unboost|p2a: Tatsugiri|spa|2\n|faint|p1a: Phione\n|\n|upkeep\n|inactive|Time left: 300 sec this turn | 300 sec total | 5 sec grace\n|\n|t:|1783554929\n|switch|p1a: Terrakion|Terrakion, L79|273/273\n|-damage|p1a: Terrakion|256/273|[from] Stealth Rock\n|turn|20\n|inactive|Time left: 300 sec this turn | 300 sec total\n|\n|t:|1783554929\n|move|p1a: Terrakion|Stone Edge|p2a: Tatsugiri\n|-damage|p2a: Tatsugiri|13/100\n|-damage|p1a: Terrakion|229/273|[from] item: Life Orb\n|move|p2a: Tatsugiri|Surf|p1a: Terrakion\n|-supereffective|p1a: Terrakion\n|-damage|p1a: Terrakion|0 fnt\n|faint|p1a: Terrakion\n|\n|win|p0y1359a09f", "uploadtime": 1783554929, "views": 0, "rating": 0, "private": 0, "password": null, "_winner": "p0y1359a09f", "_our_name": "p0x13596c6a"}