{"id": "battle-gen9randombattle-2124", "formatid": "gen9randombattle", "format": "[Gen 9] Random Battle", "players": ["p0x2124e785", "p0y212457b3"], "log": "|init|battle\n|title|p0x2124e785 vs. p0y212457b3\n|j|\u2606p0x2124e785\n|j|\u2606p0y212457b3\n|t:|1783563808\n|gametype|singles\n|player|p1|p0x2124e785|101|\n|player|p2|p0y212457b3|266|\n|gen|9\n|tier|[Gen 9] Random Battle\n|rule|Species Clause: Limit one of each Pok\u00e9mon\n|rule|HP Percentage Mod: HP is shown in percentages\n|rule|Sleep Clause Mod: Limit one foe put to sleep\n|rule|Illusion Level Mod: Illusion disguises the Pok\u00e9mon's true level\n|\n|t:|1783563808\n|teamsize|p1|6\n|teamsize|p2|6\n|start\n|switch|p1a: Ursaluna|Ursaluna-Bloodmoon, L79, M|100/100\n|switch|p2a: Munkidori|Munkidori, L79, M|269/269\n|turn|1\n|inactive|Battle timer is ON: inactive players will automatically lose when time's up. (requested by p0x2124e785)\n|inactive|Time left: 300 sec this turn | 300 sec total | 60 sec grace\n|inactive|p0y212457b3 also wants the timer to be on.\n|\n|t:|1783563809\n|move|p2a: Munkidori|Focus Blast|p1a: Ursaluna\n|-supereffective|p1a: Ursaluna\n|-damage|p1a: Ursaluna|0 fnt\n|faint|p1a: Ursaluna\n|\n|upkeep\n|\n|t:|1783563810\n|switch|p1a: Dragapult|Dragapult, L77, M|100/100\n|turn|2\n|inactive|Time left: 300 sec this turn | 300 sec total\n|\n|t:|1783563811\n|switch|p2a: Clawitzer|Clawitzer, L87, M|265/265\n|move|p1a: Dragapult|Shadow Ball|p2a: Clawitzer\n|-damage|p2a: Clawitzer|162/265\n|\n|upkeep\n|turn|3\n|inactive|Time left: 300 sec this turn | 300 sec total\n|\n|t:|1783563812\n|move|p1a: Dragapult|Shadow Ball|p2a: Clawitzer\n|-damage|p2a: Clawitzer|63/265\n|move|p2a: Clawitzer|Dragon Pulse|p1a: Dragapult\n|-supereffective|p1a: Dragapult\n|-damage|p1a: Dragapult|0 fnt\n|faint|p1a: Dragapult\n|\n|upkeep\n|\n|t:|1783563813\n|switch|p1a: Chi-Yu|Chi-Yu, L77|100/100\n|-ability|p1a: Chi-Yu|Beads of Ruin\n|turn|4\n|inactive|Time left: 300 sec this turn | 300 sec total\n|\n|t:|1783563814\n|move|p1a: Chi-Yu|Dark Pulse|p2a: Clawitzer\n|-damage|p2a: Clawitzer|0 fnt\n|faint|p2a: Clawitzer\n|\n|upkeep\n|inactive|Time left: 300 sec this turn | 300 sec total | 5 sec grace\n|\n|t:|1783563815\n|switch|p2a: Staraptor|Staraptor, L79, M|263/263\n|turn|5\n|inactive|Time left: 300 sec this turn | 300 sec total\n|\n|t:|1783563816\n|switch|p1a: Suicune|Suicune, L82|100/100\n|-ability|p1a: Suicune|Pressure\n|move|p2a: Staraptor|Brave Bird|p1a: Suicune\n|-damage|p1a: Suicune|38/100\n|-damage|p2a: Staraptor|202/263|[from] Recoil\n|\n|-heal|p1a: Suicune|44/100|[from] item: Leftovers\n|upkeep\n|turn|6\n|inactive|Time left: 300 sec this turn | 300 sec total\n|\n|t:|1783563817\n|move|p1a: Suicune|Protect|p1a: Suicune\n|-singleturn|p1a: Suicune|Protect\n|move|p2a: Staraptor|Brave Bird|p1a: Suicune\n|-activate|p1a: Suicune|move: Protect\n|\n|-heal|p1a: Suicune|50/100|[from] item: Leftovers\n|upkeep\n|turn|7\n|inactive|Time left: 300 sec this turn | 300 sec total\n|\n|t:|1783563818\n|-terastallize|p1a: Suicune|Steel\n|move|p2a: Staraptor|Brave Bird|p1a: Suicune\n|-resisted|p1a: Suicune\n|-damage|p1a: Suicune|17/100\n|-damage|p2a: Staraptor|169/263|[from] Recoil\n|move|p1a: Suicune|Scald|p2a: Staraptor\n|-damage|p2a: Staraptor|63/263\n|\n|-heal|p1a: Suicune|23/100|[from] item: Leftovers\n|upkeep\n|turn|8\n|inactive|Time left: 300 sec this turn | 300 sec total\n|\n|t:|1783563819\n|move|p1a: Suicune|Protect|p1a: Suicune\n|-singleturn|p1a: Suicune|Protect\n|move|p2a: Staraptor|Brave Bird|p1a: Suicune\n|-activate|p1a: Suicune|move: Protect\n|\n|-heal|p1a: Suicune|29/100|[from] item: Leftovers\n|upkeep\n|turn|9\n|inactive|Time left: 300 sec this turn | 300 sec total\n|\n|t:|1783563820\n|move|p1a: Suicune|Protect|p1a: Suicune\n|-singleturn|p1a: Suicune|Protect\n|move|p2a: Staraptor|Brave Bird|p1a: Suicune\n|-activate|p1a: Suicune|move: Protect\n|\n|-heal|p1a: Suicune|35/100|[from] item: Leftovers\n|upkeep\n|turn|10\n|inactive|Time left: 300 sec this turn | 300 sec total\n|\n|t:|1783563821\n|move|p2a: Staraptor|Brave Bird|p1a: Suicune\n|-resisted|p1a: Suicune\n|-damage|p1a: Suicune|1/100\n|-damage|p2a: Staraptor|30/263|[from] Recoil\n|move|p1a: Suicune|Scald|p2a: Staraptor\n|-damage|p2a: Staraptor|0 fnt\n|faint|p2a: Staraptor\n|\n|-heal|p1a: Suicune|7/100|[from] item: Leftovers\n|upkeep\n|inactive|Time left: 300 sec this turn | 300 sec total | 5 sec grace\n|\n|t:|1783563822\n|switch|p2a: Iron Bundle|Iron Bundle, L78|215/215\n|turn|11\n|inactive|Time left: 300 sec this turn | 300 sec total\n|\n|t:|1783563823\n|move|p2a: Iron Bundle|Freeze-Dry|p1a: Suicune\n|-resisted|p1a: Suicune\n|-damage|p1a: Suicune|0 fnt\n|faint|p1a: Suicune\n|\n|upkeep\n|\n|t:|1783563824\n|switch|p1a: Chi-Yu|Chi-Yu, L77|100/100\n|-ability|p1a: Chi-Yu|Beads of Ruin\n|turn|12\n|inactive|Time left: 300 sec this turn | 300 sec total\n|\n|t:|1783563825\n|move|p2a: Iron Bundle|Hydro Pump|p1a: Chi-Yu|[miss]\n|-miss|p2a: Iron Bundle|p1a: Chi-Yu\n|move|p1a: Chi-Yu|Dark Pulse|p2a: Iron Bundle\n|-damage|p2a: Iron Bundle|29/215\n|\n|upkeep\n|turn|13\n|inactive|Time left: 300 sec this turn | 300 sec total\n|\n|t:|1783563826\n|move|p2a: Iron Bundle|Hydro Pump|p1a: Chi-Yu|[miss]\n|-miss|p2a: Iron Bundle|p1a: Chi-Yu\n|move|p1a: Chi-Yu|Dark Pulse|p2a: Iron Bundle\n|-damage|p2a: Iron Bundle|0 fnt\n|faint|p2a: Iron Bundle\n|-end|p2a: Iron Bundle|Quark Drive|[silent]\n|\n|upkeep\n|inactive|Time left: 300 sec this turn | 300 sec total | 5 sec grace\n|\n|t:|1783563827\n|switch|p2a: Munkidori|Munkidori, L79, M|269/269\n|turn|14\n|inactive|Time left: 300 sec this turn | 300 sec total\n|\n|t:|1783563828\n|switch|p1a: Weezing|Weezing, L88, F|100/100\n|move|p2a: Munkidori|Sludge Wave|p1a: Weezing\n|-resisted|p1a: Weezing\n|-damage|p1a: Weezing|64/100\n|\n|-heal|p1a: Weezing|71/100|[from] item: Leftovers\n|upkeep\n|turn|15\n|inactive|Time left: 300 sec this turn | 300 sec total\n|\n|t:|1783563829\n|move|p2a: Munkidori|Sludge Wave|p1a: Weezing\n|-resisted|p1a: Weezing\n|-damage|p1a: Weezing|32/100\n|move|p1a: Weezing|Pain Split|p2a: Munkidori\n|-sethp|p2a: Munkidori|174/269|[from] move: Pain Split|[silent]\n|-sethp|p1a: Weezing|68/100|[from] move: Pain Split\n|\n|-heal|p1a: Weezing|74/100|[from] item: Leftovers\n|upkeep\n|turn|16\n|inactive|Time left: 300 sec this turn | 300 sec total\n|\n|t:|1783563830\n|switch|p1a: Excadrill|Excadrill, L79, F|100/100\n|-ability|p1a: Excadrill|Mold Breaker\n|move|p2a: Munkidori|Sludge Wave|p1a: Excadrill\n|-immune|p1a: Excadrill\n|\n|upkeep\n|turn|17\n|inactive|Time left: 300 sec this turn | 300 sec total\n|\n|t:|1783563831\n|switch|p2a: Kilowattrel|Kilowattrel, L83, M|252/252\n|move|p1a: Excadrill|Earthquake|p2a: Kilowattrel\n|-immune|p2a: Kilowattrel\n|\n|upkeep\n|turn|18\n|inactive|Time left: 300 sec this turn | 300 sec total\n|\n|t:|1783563832\n|move|p2a: Kilowattrel|Hurricane|p1a: Excadrill|[miss]\n|-miss|p2a: Kilowattrel|p1a: Excadrill\n|move|p1a: Excadrill|Earthquake|p2a: Kilowattrel\n|-immune|p2a: Kilowattrel\n|\n|upkeep\n|turn|19\n|inactive|Time left: 300 sec this turn | 300 sec total\n|\n|t:|1783563833\n|move|p2a: Kilowattrel|Hurricane|p1a: Excadrill|[miss]\n|-miss|p2a: Kilowattrel|p1a: Excadrill\n|move|p1a: Excadrill|Rapid Spin|p2a: Kilowattrel\n|-damage|p2a: Kilowattrel|193/252\n|-boost|p1a: Excadrill|spe|1\n|\n|upkeep\n|turn|20\n|inactive|Time left: 300 sec this turn | 300 sec total\n|\n|t:|1783563834\n|move|p1a: Excadrill|Rock Slide|p2a: Kilowattrel\n|-supereffective|p2a: Kilowattrel\n|-damage|p2a: Kilowattrel|27/252\n|move|p2a: Kilowattrel|Roost|p2a: Kilowattrel\n|-heal|p2a: Kilowattrel|153/252\n|-singleturn|p2a: Kilowattrel|move: Roost\n|\n|upkeep\n|turn|21\n|inactive|Time left: 300 sec this turn | 300 sec total\n|\n|t:|1783563835\n|switch|p2a: Dragalge|Dragalge, L88, M|258/258\n|move|p1a: Excadrill|Rock Slide|p2a: Dragalge\n|-damage|p2a: Dragalge|205/258\n|\n|-heal|p2a: Dragalge|221/258|[from] item: Leftovers\n|upkeep\n|turn|22\n|inactive|Time left: 300 sec this turn | 300 sec total\n|\n|t:|1783563836\n|-terastallize|p2a: Dragalge|Fighting\n|move|p1a: Excadrill|Earthquake|p2a: Dragalge\n|-damage|p2a: Dragalge|97/258\n|move|p2a: Dragalge|Focus Blast|p1a: Excadrill\n|-supereffective|p1a: Excadrill\n|-damage|p1a: Excadrill|0 fnt\n|faint|p1a: Excadrill\n|\n|-heal|p2a: Dragalge|113/258|[from] item: Leftovers\n|upkeep\n|\n|t:|1783563837\n|switch|p1a: Chi-Yu|Chi-Yu, L77|100/100\n|-ability|p1a: Chi-Yu|Beads of Ruin\n|turn|23\n|inactive|Time left: 300 sec this turn | 300 sec total\n|\n|t:|1783563837\n|move|p1a: Chi-Yu|Fire Blast|p2a: Dragalge\n|-damage|p2a: Dragalge|0 fnt\n|faint|p2a: Dragalge\n|\n|upkeep\n|inactive|Time left: 300 sec this turn | 300 sec total | 5 sec grace\n|\n|t:|1783563838\n|switch|p2a: Munkidori|Munkidori, L79, M|174/269\n|turn|24\n|inactive|Time left: 300 sec this turn | 300 sec total\n|\n|t:|1783563839\n|move|p2a: Munkidori|Focus Blast|p1a: Chi-Yu\n|-supereffective|p1a: Chi-Yu\n|-damage|p1a: Chi-Yu|0 fnt\n|faint|p1a: Chi-Yu\n|\n|upkeep\n|\n|t:|1783563840\n|switch|p1a: Weezing|Weezing, L88, F|74/100\n|turn|25\n|inactive|Time left: 300 sec this turn | 300 sec total\n|\n|t:|1783563841\n|switch|p2a: Kilowattrel|Kilowattrel, L83, M|153/252\n|move|p1a: Weezing|Fire Blast|p2a: Kilowattrel\n|-damage|p2a: Kilowattrel|53/252\n|-status|p2a: Kilowattrel|brn\n|\n|-heal|p1a: Weezing|80/100|[from] item: Leftovers\n|-damage|p2a: Kilowattrel|38/252 brn|[from] brn\n|upkeep\n|turn|26\n|inactive|Time left: 300 sec this turn | 300 sec total\n|\n|t:|1783563842\n|move|p2a: Kilowattrel|Thunderbolt|p1a: Weezing\n|-damage|p1a: Weezing|38/100\n|move|p1a: Weezing|Will-O-Wisp|p2a: Kilowattrel\n|-fail|p2a: Kilowattrel|brn\n|\n|-heal|p1a: Weezing|44/100|[from] item: Leftovers\n|-damage|p2a: Kilowattrel|23/252 brn|[from] brn\n|upkeep\n|turn|27\n|inactive|Time left: 300 sec this turn | 300 sec total\n|\n|t:|1783563843\n|move|p2a: Kilowattrel|Thunderbolt|p1a: Weezing\n|-damage|p1a: Weezing|0 fnt\n|faint|p1a: Weezing\n|\n|win|p0y212457b3", "uploadtime": 1783563843, "views": 0, "rating": 0, "private": 0, "password": null, "_winner": "p0y212457b3", "_our_name": "p0y212457b3"}