{"id": "battle-gen9randombattle-266", "formatid": "gen9randombattle", "format": "[Gen 9] Random Battle", "players": ["p0x266d58c", "p0y266c07c"], "log": "|init|battle\n|title|p0x266d58c vs. p0y266c07c\n|j|\u2606p0x266d58c\n|j|\u2606p0y266c07c\n|t:|1783536348\n|gametype|singles\n|player|p1|p0x266d58c|102|\n|player|p2|p0y266c07c|1|\n|gen|9\n|tier|[Gen 9] Random Battle\n|rule|Species Clause: Limit one of each Pok\u00e9mon\n|rule|HP Percentage Mod: HP is shown in percentages\n|rule|Sleep Clause Mod: Limit one foe put to sleep\n|rule|Illusion Level Mod: Illusion disguises the Pok\u00e9mon's true level\n|\n|t:|1783536348\n|teamsize|p1|6\n|teamsize|p2|6\n|start\n|switch|p1a: Mismagius|Mismagius, L86, M|100/100\n|switch|p2a: Cresselia|Cresselia, L80, F|323/323\n|turn|1\n|inactive|Battle timer is ON: inactive players will automatically lose when time's up. (requested by p0x266d58c)\n|inactive|Time left: 300 sec this turn | 300 sec total | 60 sec grace\n|\n|t:|1783536350\n|move|p1a: Mismagius|Nasty Plot|p1a: Mismagius\n|-boost|p1a: Mismagius|spa|2\n|move|p2a: Cresselia|Calm Mind|p2a: Cresselia\n|-boost|p2a: Cresselia|spa|1\n|-boost|p2a: Cresselia|spd|1\n|\n|upkeep\n|turn|2\n|inactive|Time left: 300 sec this turn | 300 sec total\n|inactive|p0y266c07c also wants the timer to be on.\n|\n|t:|1783536351\n|move|p1a: Mismagius|Shadow Ball|p2a: Cresselia\n|-supereffective|p2a: Cresselia\n|-damage|p2a: Cresselia|40/323\n|-damage|p1a: Mismagius|91/100|[from] item: Life Orb\n|move|p2a: Cresselia|Psyshock|p1a: Mismagius\n|-damage|p1a: Mismagius|35/100\n|\n|-heal|p2a: Cresselia|60/323|[from] item: Leftovers\n|upkeep\n|turn|3\n|inactive|Time left: 300 sec this turn | 300 sec total\n|\n|t:|1783536352\n|move|p1a: Mismagius|Shadow Ball|p2a: Cresselia\n|-supereffective|p2a: Cresselia\n|-crit|p2a: Cresselia\n|-damage|p2a: Cresselia|0 fnt\n|faint|p2a: Cresselia\n|-damage|p1a: Mismagius|25/100|[from] item: Life Orb\n|\n|upkeep\n|inactive|Time left: 300 sec this turn | 300 sec total | 5 sec grace\n|\n|t:|1783536354\n|switch|p2a: Rillaboom|Rillaboom, L79, M|288/288\n|-fieldstart|move: Grassy Terrain|[from] ability: Grassy Surge|[of] p2a: Rillaboom\n|turn|4\n|inactive|Time left: 300 sec this turn | 300 sec total\n|\n|t:|1783536355\n|switch|p1a: Heracross|Heracross, L80, F|100/100\n|move|p2a: Rillaboom|Grassy Glide|p1a: Heracross\n|-resisted|p1a: Heracross\n|-damage|p1a: Heracross|75/100\n|-damage|p2a: Rillaboom|260/288|[from] item: Life Orb\n|\n|-heal|p1a: Heracross|81/100|[from] Grassy Terrain\n|-heal|p2a: Rillaboom|278/288|[from] Grassy Terrain\n|-status|p1a: Heracross|brn|[from] item: Flame Orb\n|upkeep\n|turn|5\n|inactive|Time left: 300 sec this turn | 300 sec total\n|\n|t:|1783536356\n|move|p1a: Heracross|Facade|p2a: Rillaboom\n|-damage|p2a: Rillaboom|102/288\n|move|p2a: Rillaboom|Wood Hammer|p1a: Heracross\n|-resisted|p1a: Heracross\n|-damage|p1a: Heracross|28/100 brn\n|-damage|p2a: Rillaboom|56/288|[from] Recoil\n|-damage|p2a: Rillaboom|28/288|[from] item: Life Orb\n|\n|-heal|p1a: Heracross|34/100 brn|[from] Grassy Terrain\n|-heal|p2a: Rillaboom|46/288|[from] Grassy Terrain\n|-damage|p1a: Heracross|28/100 brn|[from] brn\n|upkeep\n|turn|6\n|inactive|Time left: 300 sec this turn | 300 sec total\n|\n|t:|1783536357\n|switch|p1a: Spidops|Spidops, L96, M|100/100\n|-terastallize|p2a: Rillaboom|Grass\n|move|p2a: Rillaboom|Grassy Glide|p1a: Spidops\n|-resisted|p1a: Spidops\n|-damage|p1a: Spidops|79/100\n|-damage|p2a: Rillaboom|18/288|[from] item: Life Orb\n|\n|-heal|p2a: Rillaboom|36/288|[from] Grassy Terrain\n|-heal|p1a: Spidops|85/100|[from] Grassy Terrain\n|upkeep\n|turn|7\n|inactive|Time left: 300 sec this turn | 300 sec total\n|\n|t:|1783536359\n|move|p2a: Rillaboom|Knock Off|p1a: Spidops\n|-damage|p1a: Spidops|53/100\n|-enditem|p1a: Spidops|Heavy-Duty Boots|[from] move: Knock Off|[of] p2a: Rillaboom\n|-damage|p2a: Rillaboom|8/288|[from] item: Life Orb\n|move|p1a: Spidops|Sticky Web|p2a: Rillaboom\n|-sidestart|p2: p0y266c07c|move: Sticky Web\n|\n|-heal|p2a: Rillaboom|26/288|[from] Grassy Terrain\n|-heal|p1a: Spidops|59/100|[from] Grassy Terrain\n|upkeep\n|turn|8\n|inactive|Time left: 300 sec this turn | 300 sec total\n|\n|t:|1783536360\n|move|p2a: Rillaboom|Wood Hammer|p1a: Spidops\n|-resisted|p1a: Spidops\n|-damage|p1a: Spidops|11/100\n|-damage|p2a: Rillaboom|0 fnt|[from] Recoil\n|faint|p2a: Rillaboom\n|move|p1a: Spidops|Knock Off|p2: Rillaboom|[notarget]\n|-fail|p1a: Spidops\n|\n|-heal|p1a: Spidops|17/100|[from] Grassy Terrain\n|-fieldend|move: Grassy Terrain\n|upkeep\n|inactive|Time left: 300 sec this turn | 300 sec total | 5 sec grace\n|\n|t:|1783536361\n|switch|p2a: Iron Moth|Iron Moth, L78|253/253\n|turn|9\n|inactive|Time left: 300 sec this turn | 300 sec total\n|\n|t:|1783536362\n|switch|p1a: Slowking|Slowking-Galar, L85, F|100/100\n|move|p2a: Iron Moth|Sludge Wave|p1a: Slowking\n|-resisted|p1a: Slowking\n|-damage|p1a: Slowking|89/100\n|\n|upkeep\n|turn|10\n|inactive|Time left: 300 sec this turn | 300 sec total\n|\n|t:|1783536363\n|-end|p2a: Iron Moth|Quark Drive|[silent]\n|switch|p2a: Dialga|Dialga-Origin, L73|266/266\n|-activate|p2a: Dialga|move: Sticky Web\n|-unboost|p2a: Dialga|spe|1\n|-ability|p2a: Dialga|Pressure\n|move|p1a: Slowking|Psychic Noise|p2a: Dialga\n|-resisted|p2a: Dialga\n|-damage|p2a: Dialga|223/266\n|-start|p2a: Dialga|move: Heal Block\n|\n|upkeep\n|turn|11\n|inactive|Time left: 300 sec this turn | 300 sec total\n|\n|t:|1783536364\n|move|p2a: Dialga|Stealth Rock|p1a: Slowking\n|-sidestart|p1: p0x266d58c|move: Stealth Rock\n|move|p1a: Slowking|Psychic Noise|p2a: Dialga\n|-resisted|p2a: Dialga\n|-damage|p2a: Dialga|181/266\n|\n|-end|p2a: Dialga|move: Heal Block\n|upkeep\n|turn|12\n|inactive|Time left: 300 sec this turn | 300 sec total\n|\n|t:|1783536365\n|move|p2a: Dialga|Heavy Slam|p1a: Slowking\n|-damage|p1a: Slowking|46/100\n|move|p1a: Slowking|Fire Blast|p2a: Dialga\n|-damage|p2a: Dialga|101/266\n|\n|upkeep\n|turn|13\n|inactive|Time left: 300 sec this turn | 300 sec total\n|\n|t:|1783536367\n|switch|p1a: Ursaluna|Ursaluna-Bloodmoon, L79, M|100/100\n|-damage|p1a: Ursaluna|94/100|[from] Stealth Rock\n|move|p2a: Dialga|Heavy Slam|p1a: Ursaluna\n|-crit|p1a: Ursaluna\n|-damage|p1a: Ursaluna|68/100\n|\n|-heal|p1a: Ursaluna|74/100|[from] item: Leftovers\n|upkeep\n|turn|14\n|inactive|Time left: 300 sec this turn | 300 sec total\n|\n|t:|1783536368\n|move|p1a: Ursaluna|Calm Mind|p1a: Ursaluna\n|-boost|p1a: Ursaluna|spa|1\n|-boost|p1a: Ursaluna|spd|1\n|move|p2a: Dialga|Draco Meteor|p1a: Ursaluna\n|-damage|p1a: Ursaluna|22/100\n|-unboost|p2a: Dialga|spa|2\n|\n|-heal|p1a: Ursaluna|28/100|[from] item: Leftovers\n|upkeep\n|turn|15\n|inactive|Time left: 300 sec this turn | 300 sec total\n|\n|t:|1783536369\n|switch|p2a: Rotom|Rotom-Frost, L87|229/229\n|move|p1a: Ursaluna|Moonlight|p1a: Ursaluna\n|-heal|p1a: Ursaluna|78/100\n|\n|-heal|p1a: Ursaluna|85/100|[from] item: Leftovers\n|upkeep\n|turn|16\n|inactive|Time left: 300 sec this turn | 300 sec total\n|\n|t:|1783536370\n|move|p2a: Rotom|Blizzard|p1a: Ursaluna\n|-supereffective|p1a: Ursaluna\n|-damage|p1a: Ursaluna|5/100\n|move|p1a: Ursaluna|Blood Moon|p2a: Rotom\n|-damage|p2a: Rotom|6/229\n|\n|-heal|p1a: Ursaluna|11/100|[from] item: Leftovers\n|upkeep\n|turn|17\n|inactive|Time left: 300 sec this turn | 300 sec total\n|\n|t:|1783536372\n|move|p2a: Rotom|Blizzard|p1a: Ursaluna\n|-supereffective|p1a: Ursaluna\n|-damage|p1a: Ursaluna|0 fnt\n|faint|p1a: Ursaluna\n|\n|upkeep\n|\n|t:|1783536373\n|switch|p1a: Slowking|Slowking-Galar, L85, F|79/100\n|-damage|p1a: Slowking|67/100|[from] Stealth Rock\n|turn|18\n|inactive|Time left: 300 sec this turn | 300 sec total\n|\n|t:|1783536374\n|move|p2a: Rotom|Volt Switch|p1a: Slowking\n|-damage|p1a: Slowking|52/100\n|inactive|Time left: 300 sec this turn | 300 sec total | 5 sec grace\n|\n|t:|1783536375\n|switch|p2a: Dialga|Dialga-Origin, L73|101/266|[from] Volt Switch\n|-activate|p2a: Dialga|move: Sticky Web\n|-unboost|p2a: Dialga|spe|1\n|-ability|p2a: Dialga|Pressure\n|move|p1a: Slowking|Surf|p2a: Dialga\n|-resisted|p2a: Dialga\n|-damage|p2a: Dialga|66/266\n|\n|upkeep\n|turn|19\n|inactive|Time left: 300 sec this turn | 300 sec total\n|\n|t:|1783536376\n|move|p2a: Dialga|Heavy Slam|p1a: Slowking\n|-damage|p1a: Slowking|6/100\n|move|p1a: Slowking|Surf|p2a: Dialga\n|-resisted|p2a: Dialga\n|-damage|p2a: Dialga|35/266\n|\n|upkeep\n|turn|20\n|inactive|Time left: 300 sec this turn | 300 sec total\n|\n|t:|1783536377\n|switch|p1a: Chansey|Chansey, L85, F|100/100\n|-damage|p1a: Chansey|88/100|[from] Stealth Rock\n|move|p2a: Dialga|Heavy Slam|p1a: Chansey\n|-damage|p1a: Chansey|40/100\n|\n|upkeep\n|turn|21\n|inactive|Time left: 300 sec this turn | 300 sec total\n|\n|t:|1783536378\n|move|p1a: Chansey|Soft-Boiled|p1a: Chansey\n|-heal|p1a: Chansey|90/100\n|move|p2a: Dialga|Heavy Slam|p1a: Chansey\n|-damage|p1a: Chansey|39/100\n|\n|upkeep\n|turn|22\n|inactive|Time left: 300 sec this turn | 300 sec total\n|\n|t:|1783536379\n|move|p1a: Chansey|Soft-Boiled|p1a: Chansey\n|-heal|p1a: Chansey|89/100\n|move|p2a: Dialga|Heavy Slam|p1a: Chansey\n|-damage|p1a: Chansey|40/100\n|\n|upkeep\n|turn|23\n|inactive|Time left: 300 sec this turn | 300 sec total\n|\n|t:|1783536380\n|move|p1a: Chansey|Soft-Boiled|p1a: Chansey\n|-heal|p1a: Chansey|90/100\n|move|p2a: Dialga|Heavy Slam|p1a: Chansey\n|-damage|p1a: Chansey|40/100\n|\n|upkeep\n|turn|24\n|inactive|Time left: 300 sec this turn | 300 sec total\n|\n|t:|1783536381\n|move|p1a: Chansey|Soft-Boiled|p1a: Chansey\n|-heal|p1a: Chansey|90/100\n|move|p2a: Dialga|Heavy Slam|p1a: Chansey\n|-damage|p1a: Chansey|38/100\n|\n|upkeep\n|turn|25\n|inactive|Time left: 300 sec this turn | 300 sec total\n|\n|t:|1783536382\n|move|p1a: Chansey|Seismic Toss|p2a: Dialga\n|-damage|p2a: Dialga|0 fnt\n|faint|p2a: Dialga\n|\n|upkeep\n|inactive|Time left: 300 sec this turn | 300 sec total | 5 sec grace\n|\n|t:|1783536384\n|switch|p2a: Iron Moth|Iron Moth, L78|253/253\n|turn|26\n|inactive|Time left: 300 sec this turn | 300 sec total\n|\n|t:|1783536385\n|move|p2a: Iron Moth|Sludge Wave|p1a: Chansey\n|-damage|p1a: Chansey|27/100\n|move|p1a: Chansey|Soft-Boiled|p1a: Chansey\n|-heal|p1a: Chansey|77/100\n|\n|upkeep\n|turn|27\n|inactive|Time left: 300 sec this turn | 300 sec total\n|\n|t:|1783536386\n|move|p2a: Iron Moth|Toxic Spikes|p1a: Chansey\n|-sidestart|p1: p0x266d58c|move: Toxic Spikes\n|move|p1a: Chansey|Seismic Toss|p2a: Iron Moth\n|-damage|p2a: Iron Moth|168/253\n|\n|upkeep\n|turn|28\n|inactive|Time left: 300 sec this turn | 300 sec total\n|\n|t:|1783536387\n|move|p2a: Iron Moth|Toxic Spikes|p1a: Chansey\n|-sidestart|p1: p0x266d58c|move: Toxic Spikes\n|move|p1a: Chansey|Seismic Toss|p2a: Iron Moth\n|-damage|p2a: Iron Moth|83/253\n|\n|upkeep\n|turn|29\n|inactive|Time left: 300 sec this turn | 300 sec total\n|\n|t:|1783536388\n|switch|p1a: Slowking|Slowking-Galar, L85, F|39/100\n|-damage|p1a: Slowking|27/100|[from] Stealth Rock\n|-sideend|p1: p0x266d58c|move: Toxic Spikes|[of] p1a: Slowking\n|move|p2a: Iron Moth|U-turn|p1a: Slowking\n|-damage|p1a: Slowking|15/100\n|inactive|Time left: 300 sec this turn | 300 sec total | 5 sec grace\n|\n|t:|1783536389\n|-end|p2a: Iron Moth|Quark Drive|[silent]\n|switch|p2a: Rotom|Rotom-Frost, L87|6/229|[from] U-turn\n|\n|upkeep\n|turn|30\n|inactive|Time left: 300 sec this turn | 300 sec total\n|\n|t:|1783536391\n|switch|p1a: Chansey|Chansey, L85, F|77/100\n|-damage|p1a: Chansey|65/100|[from] Stealth Rock\n|move|p2a: Rotom|Thunderbolt|p1a: Chansey\n|-damage|p1a: Chansey|53/100\n|\n|upkeep\n|turn|31\n|inactive|Time left: 300 sec this turn | 300 sec total\n|\n|t:|1783536392\n|move|p2a: Rotom|Volt Switch|p1a: Chansey\n|-damage|p1a: Chansey|44/100\n|inactive|Time left: 300 sec this turn | 300 sec total | 5 sec grace\n|\n|t:|1783536393\n|switch|p2a: Exeggutor|Exeggutor, L89, M|312/312|[from] Volt Switch\n|-activate|p2a: Exeggutor|move: Sticky Web\n|-unboost|p2a: Exeggutor|spe|1\n|move|p1a: Chansey|Soft-Boiled|p1a: Chansey\n|-heal|p1a: Chansey|94/100\n|\n|upkeep\n|turn|32\n|inactive|Time left: 300 sec this turn | 300 sec total\n|\n|t:|1783536394\n|move|p1a: Chansey|Seismic Toss|p2a: Exeggutor\n|-damage|p2a: Exeggutor|227/312\n|move|p2a: Exeggutor|Leech Seed|p1a: Chansey\n|-start|p1a: Chansey|move: Leech Seed\n|\n|-damage|p1a: Chansey|82/100|[from] Leech Seed|[of] p2a: Exeggutor\n|-heal|p2a: Exeggutor|297/312|[silent]\n|upkeep\n|turn|33\n|inactive|Time left: 300 sec this turn | 300 sec total\n|\n|t:|1783536395\n|switch|p1a: Slowking|Slowking-Galar, L85, F|49/100\n|-damage|p1a: Slowking|36/100|[from] Stealth Rock\n|move|p2a: Exeggutor|Psychic Noise|p1a: Slowking\n|-damage|p1a: Slowking|17/100\n|-start|p1a: Slowking|move: Heal Block\n|\n|upkeep\n|turn|34\n|inactive|Time left: 300 sec this turn | 300 sec total\n|\n|t:|1783536396\n|move|p1a: Slowking|Sludge Bomb|p2a: Exeggutor\n|-supereffective|p2a: Exeggutor\n|-damage|p2a: Exeggutor|79/312\n|-status|p2a: Exeggutor|psn\n|-enditem|p2a: Exeggutor|Sitrus Berry|[eat]\n|-heal|p2a: Exeggutor|157/312 psn|[from] item: Sitrus Berry\n|move|p2a: Exeggutor|Psychic Noise|p1a: Slowking\n|-damage|p1a: Slowking|0 fnt\n|faint|p1a: Slowking\n|\n|-damage|p2a: Exeggutor|118/312 psn|[from] psn\n|upkeep\n|\n|t:|1783536397\n|switch|p1a: Chansey|Chansey, L85, F|82/100\n|-damage|p1a: Chansey|69/100|[from] Stealth Rock\n|turn|35\n|inactive|Time left: 300 sec this turn | 300 sec total\n|\n|t:|1783536398\n|move|p1a: Chansey|Seismic Toss|p2a: Exeggutor\n|-damage|p2a: Exeggutor|33/312 psn\n|move|p2a: Exeggutor|Sleep Powder|p1a: Chansey\n|-status|p1a: Chansey|slp|[from] move: Sleep Powder\n|\n|-damage|p2a: Exeggutor|0 fnt|[from] psn\n|faint|p2a: Exeggutor\n|upkeep\n|inactive|Time left: 300 sec this turn | 300 sec total | 5 sec grace\n|\n|t:|1783536399\n|switch|p2a: Iron Moth|Iron Moth, L78|83/253\n|turn|36\n|inactive|Time left: 300 sec this turn | 300 sec total\n|\n|t:|1783536400\n|move|p2a: Iron Moth|Toxic Spikes|p1a: Chansey\n|-sidestart|p1: p0x266d58c|move: Toxic Spikes\n|cant|p1a: Chansey|slp\n|\n|upkeep\n|turn|37\n|inactive|Time left: 300 sec this turn | 300 sec total\n|\n|t:|1783536401\n|move|p2a: Iron Moth|Toxic Spikes|p1a: Chansey\n|-sidestart|p1: p0x266d58c|move: Toxic Spikes\n|cant|p1a: Chansey|slp\n|\n|upkeep\n|turn|38\n|inactive|Time left: 300 sec this turn | 300 sec total\n|\n|t:|1783536402\n|move|p2a: Iron Moth|Sludge Wave|p1a: Chansey\n|-damage|p1a: Chansey|57/100 slp\n|-curestatus|p1a: Chansey|slp|[msg]\n|move|p1a: Chansey|Seismic Toss|p2a: Iron Moth\n|-damage|p2a: Iron Moth|0 fnt\n|faint|p2a: Iron Moth\n|-end|p2a: Iron Moth|Quark Drive|[silent]\n|\n|upkeep\n|inactive|Time left: 300 sec this turn | 300 sec total | 5 sec grace\n|\n|t:|1783536403\n|switch|p2a: Rotom|Rotom-Frost, L87|6/229\n|turn|39\n|inactive|Time left: 300 sec this turn | 300 sec total\n|\n|t:|1783536404\n|-terastallize|p1a: Chansey|Dark\n|move|p2a: Rotom|Blizzard|p1a: Chansey\n|-damage|p1a: Chansey|43/100\n|move|p1a: Chansey|Seismic Toss|p2a: Rotom\n|-damage|p2a: Rotom|0 fnt\n|faint|p2a: Rotom\n|\n|win|p0x266d58c", "uploadtime": 1783536404, "views": 0, "rating": 0, "private": 0, "password": null, "_winner": "p0x266d58c", "_our_name": "p0y266c07c"}