{"id": "battle-gen9randombattle-1408", "formatid": "gen9randombattle", "format": "[Gen 9] Random Battle", "players": ["p0x140853b0", "p0y1408d4e3"], "log": "|init|battle\n|title|p0x140853b0 vs. p0y1408d4e3\n|j|\u2606p0x140853b0\n|j|\u2606p0y1408d4e3\n|t:|1783556388\n|gametype|singles\n|player|p1|p0x140853b0|101|\n|player|p2|p0y1408d4e3|170|\n|gen|9\n|tier|[Gen 9] Random Battle\n|rule|Species Clause: Limit one of each Pok\u00e9mon\n|rule|HP Percentage Mod: HP is shown in percentages\n|rule|Sleep Clause Mod: Limit one foe put to sleep\n|rule|Illusion Level Mod: Illusion disguises the Pok\u00e9mon's true level\n|\n|t:|1783556388\n|teamsize|p1|6\n|teamsize|p2|6\n|start\n|switch|p1a: Piloswine|Piloswine, L85, M|100/100\n|switch|p2a: Suicune|Suicune, L82|298/298\n|-ability|p2a: Suicune|Pressure\n|turn|1\n|inactive|Battle timer is ON: inactive players will automatically lose when time's up. (requested by p0y1408d4e3)\n|inactive|p0x140853b0 also wants the timer to be on.\n|\n|t:|1783556390\n|move|p2a: Suicune|Scald|p1a: Piloswine\n|-supereffective|p1a: Piloswine\n|-damage|p1a: Piloswine|58/100\n|move|p1a: Piloswine|Stealth Rock|p2a: Suicune\n|-sidestart|p2: p0y1408d4e3|move: Stealth Rock\n|\n|upkeep\n|turn|2\n|inactive|Time left: 300 sec this turn | 300 sec total\n|\n|t:|1783556392\n|switch|p1a: Oranguru|Oranguru, L92, F|100/100\n|move|p2a: Suicune|Scald|p1a: Oranguru\n|-damage|p1a: Oranguru|83/100\n|\n|-heal|p1a: Oranguru|89/100|[from] item: Leftovers\n|upkeep\n|turn|3\n|inactive|Time left: 300 sec this turn | 300 sec total\n|\n|t:|1783556393\n|move|p2a: Suicune|Calm Mind|p2a: Suicune\n|-boost|p2a: Suicune|spa|1\n|-boost|p2a: Suicune|spd|1\n|move|p1a: Oranguru|Nasty Plot|p1a: Oranguru\n|-boost|p1a: Oranguru|spa|2\n|\n|-heal|p1a: Oranguru|95/100|[from] item: Leftovers\n|upkeep\n|turn|4\n|inactive|Time left: 300 sec this turn | 300 sec total\n|\n|t:|1783556394\n|move|p2a: Suicune|Calm Mind|p2a: Suicune\n|-boost|p2a: Suicune|spa|1\n|-boost|p2a: Suicune|spd|1\n|move|p1a: Oranguru|Psyshock|p2a: Suicune\n|-damage|p2a: Suicune|145/298\n|\n|-heal|p2a: Suicune|163/298|[from] item: Leftovers\n|-heal|p1a: Oranguru|100/100|[from] item: Leftovers\n|upkeep\n|turn|5\n|inactive|Time left: 300 sec this turn | 300 sec total\n|\n|t:|1783556395\n|move|p2a: Suicune|Substitute|p2a: Suicune\n|-start|p2a: Suicune|Substitute\n|-damage|p2a: Suicune|89/298\n|move|p1a: Oranguru|Psyshock|p2a: Suicune\n|-end|p2a: Suicune|Substitute\n|\n|-heal|p2a: Suicune|107/298|[from] item: Leftovers\n|upkeep\n|turn|6\n|inactive|Time left: 300 sec this turn | 300 sec total\n|\n|t:|1783556396\n|move|p2a: Suicune|Substitute|p2a: Suicune\n|-start|p2a: Suicune|Substitute\n|-damage|p2a: Suicune|33/298\n|move|p1a: Oranguru|Psyshock|p2a: Suicune\n|-end|p2a: Suicune|Substitute\n|\n|-heal|p2a: Suicune|51/298|[from] item: Leftovers\n|upkeep\n|turn|7\n|inactive|Time left: 300 sec this turn | 300 sec total\n|\n|t:|1783556397\n|move|p2a: Suicune|Ice Beam|p1a: Oranguru\n|-damage|p1a: Oranguru|71/100\n|-status|p1a: Oranguru|frz\n|cant|p1a: Oranguru|frz\n|\n|-heal|p2a: Suicune|69/298|[from] item: Leftovers\n|-heal|p1a: Oranguru|77/100 frz|[from] item: Leftovers\n|upkeep\n|turn|8\n|inactive|Time left: 300 sec this turn | 300 sec total\n|\n|t:|1783556398\n|move|p2a: Suicune|Scald|p1a: Oranguru\n|-damage|p1a: Oranguru|41/100 frz\n|-curestatus|p1a: Oranguru|frz|[msg]\n|move|p1a: Oranguru|Thunderbolt|p2a: Suicune\n|-supereffective|p2a: Suicune\n|-damage|p2a: Suicune|0 fnt\n|faint|p2a: Suicune\n|\n|-heal|p1a: Oranguru|47/100|[from] item: Leftovers\n|upkeep\n|inactive|Time left: 300 sec this turn | 300 sec total | 5 sec grace\n|\n|t:|1783556399\n|switch|p2a: Glimmora|Glimmora, L75, M|248/248\n|-damage|p2a: Glimmora|217/248|[from] Stealth Rock\n|turn|9\n|inactive|Time left: 300 sec this turn | 300 sec total\n|\n|t:|1783556400\n|move|p2a: Glimmora|Meteor Beam||[still]\n|-prepare|p2a: Glimmora|Meteor Beam\n|-boost|p2a: Glimmora|spa|1\n|-enditem|p2a: Glimmora|Power Herb\n|-anim|p2a: Glimmora|Meteor Beam|p1a: Oranguru\n|-damage|p1a: Oranguru|0 fnt\n|faint|p1a: Oranguru\n|\n|upkeep\n|\n|t:|1783556401\n|switch|p1a: Dialga|Dialga, L73|100/100\n|-ability|p1a: Dialga|Pressure\n|turn|10\n|inactive|Time left: 300 sec this turn | 300 sec total\n|\n|t:|1783556403\n|move|p1a: Dialga|Heavy Slam|p2a: Glimmora\n|-supereffective|p2a: Glimmora\n|-damage|p2a: Glimmora|0 fnt\n|-activate|p2a: Glimmora|ability: Toxic Debris\n|-sidestart|p1: p0x140853b0|move: Toxic Spikes\n|faint|p2a: Glimmora\n|\n|upkeep\n|inactive|Time left: 300 sec this turn | 300 sec total | 5 sec grace\n|\n|t:|1783556404\n|switch|p2a: Scrafty|Scrafty, L83, F|244/244\n|-damage|p2a: Scrafty|229/244|[from] Stealth Rock\n|turn|11\n|inactive|Time left: 300 sec this turn | 300 sec total\n|\n|t:|1783556405\n|move|p1a: Dialga|Heavy Slam|p2a: Scrafty\n|-damage|p2a: Scrafty|141/244\n|move|p2a: Scrafty|Drain Punch|p1a: Dialga\n|-supereffective|p1a: Dialga\n|-damage|p1a: Dialga|53/100\n|-heal|p2a: Scrafty|204/244|[from] drain|[of] p1a: Dialga\n|\n|-heal|p2a: Scrafty|219/244|[from] item: Leftovers\n|upkeep\n|turn|12\n|inactive|Time left: 300 sec this turn | 300 sec total\n|\n|t:|1783556406\n|move|p1a: Dialga|Fire Blast|p2a: Scrafty\n|-damage|p2a: Scrafty|153/244\n|move|p2a: Scrafty|Drain Punch|p1a: Dialga\n|-supereffective|p1a: Dialga\n|-damage|p1a: Dialga|5/100\n|-heal|p2a: Scrafty|217/244|[from] drain|[of] p1a: Dialga\n|\n|-heal|p2a: Scrafty|232/244|[from] item: Leftovers\n|upkeep\n|turn|13\n|inactive|Time left: 300 sec this turn | 300 sec total\n|\n|t:|1783556407\n|move|p1a: Dialga|Draco Meteor|p2a: Scrafty\n|-damage|p2a: Scrafty|118/244\n|-unboost|p1a: Dialga|spa|2\n|move|p2a: Scrafty|Knock Off|p1a: Dialga\n|-damage|p1a: Dialga|0 fnt\n|-enditem|p1a: Dialga|Assault Vest|[from] move: Knock Off|[of] p2a: Scrafty\n|faint|p1a: Dialga\n|\n|-heal|p2a: Scrafty|133/244|[from] item: Leftovers\n|upkeep\n|\n|t:|1783556408\n|switch|p1a: Delibird|Delibird, M|100/100\n|turn|14\n|inactive|Time left: 300 sec this turn | 300 sec total\n|\n|t:|1783556409\n|move|p1a: Delibird|Brave Bird|p2a: Scrafty\n|-supereffective|p2a: Scrafty\n|-damage|p2a: Scrafty|0 fnt\n|faint|p2a: Scrafty\n|-damage|p1a: Delibird|83/100|[from] Recoil\n|\n|upkeep\n|inactive|Time left: 300 sec this turn | 300 sec total | 5 sec grace\n|\n|t:|1783556410\n|switch|p2a: Hatterene|Hatterene, L85, F, shiny|236/236\n|-damage|p2a: Hatterene|207/236|[from] Stealth Rock\n|turn|15\n|inactive|Time left: 300 sec this turn | 300 sec total\n|\n|t:|1783556411\n|move|p1a: Delibird|Rapid Spin|p2a: Hatterene\n|-damage|p2a: Hatterene|174/236\n|-boost|p1a: Delibird|spe|1\n|-sideend|p1: p0x140853b0|Toxic Spikes|[from] move: Rapid Spin|[of] p1a: Delibird\n|move|p2a: Hatterene|Psychic|p1a: Delibird\n|-damage|p1a: Delibird|14/100\n|\n|-heal|p2a: Hatterene|188/236|[from] item: Leftovers\n|upkeep\n|turn|16\n|inactive|Time left: 300 sec this turn | 300 sec total\n|\n|t:|1783556412\n|move|p1a: Delibird|Brave Bird|p2a: Hatterene\n|-damage|p2a: Hatterene|73/236\n|-damage|p1a: Delibird|0 fnt|[from] Recoil\n|faint|p1a: Delibird\n|move|p2a: Hatterene|Calm Mind|p2a: Hatterene\n|-boost|p2a: Hatterene|spa|1\n|-boost|p2a: Hatterene|spd|1\n|\n|-heal|p2a: Hatterene|87/236|[from] item: Leftovers\n|upkeep\n|\n|t:|1783556413\n|switch|p1a: Piloswine|Piloswine, L85, M|58/100\n|turn|17\n|inactive|Time left: 300 sec this turn | 300 sec total\n|\n|t:|1783556414\n|switch|p2a: Greedent|Greedent, L86, F|347/347\n|-damage|p2a: Greedent|304/347|[from] Stealth Rock\n|move|p1a: Piloswine|Earthquake|p2a: Greedent\n|-damage|p2a: Greedent|205/347\n|\n|upkeep\n|turn|18\n|inactive|Time left: 300 sec this turn | 300 sec total\n|\n|t:|1783556415\n|move|p2a: Greedent|Swords Dance|p2a: Greedent\n|-boost|p2a: Greedent|atk|2\n|move|p1a: Piloswine|Roar|p2a: Greedent\n|drag|p2a: Hatterene|Hatterene, L85, F, shiny|87/236\n|-damage|p2a: Hatterene|58/236|[from] Stealth Rock\n|\n|-heal|p2a: Hatterene|72/236|[from] item: Leftovers\n|upkeep\n|turn|19\n|inactive|Time left: 300 sec this turn | 300 sec total\n|\n|t:|1783556416\n|switch|p2a: Persian|Persian-Alola, L86, M|252/252\n|-damage|p2a: Persian|221/252|[from] Stealth Rock\n|move|p1a: Piloswine|Earthquake|p2a: Persian\n|-damage|p2a: Persian|152/252\n|\n|-heal|p2a: Persian|167/252|[from] item: Leftovers\n|upkeep\n|turn|20\n|inactive|Time left: 300 sec this turn | 300 sec total\n|\n|t:|1783556417\n|move|p2a: Persian|Nasty Plot|p2a: Persian\n|-boost|p2a: Persian|spa|2\n|move|p1a: Piloswine|Roar|p2a: Persian\n|drag|p2a: Greedent|Greedent, L86, F|205/347\n|-damage|p2a: Greedent|162/347|[from] Stealth Rock\n|-enditem|p2a: Greedent|Sitrus Berry|[eat]\n|-heal|p2a: Greedent|248/347|[from] item: Sitrus Berry\n|-heal|p2a: Greedent|347/347|[from] ability: Cheek Pouch\n|\n|upkeep\n|turn|21\n|inactive|Time left: 300 sec this turn | 300 sec total\n|\n|t:|1783556418\n|move|p2a: Greedent|Swords Dance|p2a: Greedent\n|-boost|p2a: Greedent|atk|2\n|move|p1a: Piloswine|Roar|p2a: Greedent\n|drag|p2a: Hatterene|Hatterene, L85, F, shiny|72/236\n|-damage|p2a: Hatterene|43/236|[from] Stealth Rock\n|\n|-heal|p2a: Hatterene|57/236|[from] item: Leftovers\n|upkeep\n|turn|22\n|inactive|Time left: 300 sec this turn | 300 sec total\n|\n|t:|1783556419\n|switch|p2a: Greedent|Greedent, L86, F|347/347\n|-damage|p2a: Greedent|304/347|[from] Stealth Rock\n|move|p1a: Piloswine|Earthquake|p2a: Greedent\n|-damage|p2a: Greedent|199/347\n|\n|upkeep\n|turn|23\n|inactive|Time left: 300 sec this turn | 300 sec total\n|\n|t:|1783556420\n|move|p1a: Piloswine|Earthquake|p2a: Greedent\n|-damage|p2a: Greedent|85/347\n|move|p2a: Greedent|Knock Off|p1a: Piloswine\n|-damage|p1a: Piloswine|40/100\n|-enditem|p1a: Piloswine|Eviolite|[from] move: Knock Off|[of] p2a: Greedent\n|\n|upkeep\n|turn|24\n|inactive|Time left: 300 sec this turn | 300 sec total\n|\n|t:|1783556421\n|move|p1a: Piloswine|Earthquake|p2a: Greedent\n|-damage|p2a: Greedent|0 fnt\n|faint|p2a: Greedent\n|\n|upkeep\n|inactive|Time left: 300 sec this turn | 300 sec total | 5 sec grace\n|\n|t:|1783556422\n|switch|p2a: Persian|Persian-Alola, L86, M|167/252\n|-damage|p2a: Persian|136/252|[from] Stealth Rock\n|turn|25\n|inactive|Time left: 300 sec this turn | 300 sec total\n|\n|t:|1783556423\n|move|p2a: Persian|Dark Pulse|p1a: Piloswine\n|-damage|p1a: Piloswine|9/100\n|move|p1a: Piloswine|Roar|p2a: Persian\n|drag|p2a: Hatterene|Hatterene, L85, F, shiny|57/236\n|-damage|p2a: Hatterene|28/236|[from] Stealth Rock\n|\n|-heal|p2a: Hatterene|42/236|[from] item: Leftovers\n|upkeep\n|turn|26\n|inactive|Time left: 300 sec this turn | 300 sec total\n|\n|t:|1783556424\n|move|p1a: Piloswine|Earthquake|p2a: Hatterene\n|-damage|p2a: Hatterene|0 fnt\n|faint|p2a: Hatterene\n|\n|upkeep\n|inactive|Time left: 300 sec this turn | 300 sec total | 5 sec grace\n|\n|t:|1783556425\n|switch|p2a: Persian|Persian-Alola, L86, M|136/252\n|-damage|p2a: Persian|105/252|[from] Stealth Rock\n|turn|27\n|inactive|Time left: 300 sec this turn | 300 sec total\n|\n|t:|1783556426\n|move|p2a: Persian|Hypnosis|p1a: Piloswine|[miss]\n|-miss|p2a: Persian|p1a: Piloswine\n|move|p1a: Piloswine|Earthquake|p2a: Persian\n|-crit|p2a: Persian\n|-damage|p2a: Persian|0 fnt\n|faint|p2a: Persian\n|\n|win|p0x140853b0", "uploadtime": 1783556426, "views": 0, "rating": 0, "private": 0, "password": null, "_winner": "p0x140853b0", "_our_name": "p0y1408d4e3"}