{"id": "battle-gen9randombattle-1532", "formatid": "gen9randombattle", "format": "[Gen 9] Random Battle", "players": ["p0x1532bc22", "p0y15323c09"], "log": "|init|battle\n|title|p0x1532bc22 vs. p0y15323c09\n|j|\u2606p0x1532bc22\n|j|\u2606p0y15323c09\n|t:|1783557802\n|gametype|singles\n|player|p1|p0x1532bc22|2|\n|player|p2|p0y15323c09|170|\n|gen|9\n|tier|[Gen 9] Random Battle\n|rule|Species Clause: Limit one of each Pok\u00e9mon\n|rule|HP Percentage Mod: HP is shown in percentages\n|rule|Sleep Clause Mod: Limit one foe put to sleep\n|rule|Illusion Level Mod: Illusion disguises the Pok\u00e9mon's true level\n|\n|t:|1783557802\n|teamsize|p1|6\n|teamsize|p2|6\n|start\n|switch|p1a: Empoleon|Empoleon, L84, M|278/278\n|switch|p2a: Rayquaza|Rayquaza, L72|100/100\n|-ability|p2a: Rayquaza|Air Lock\n|turn|1\n|inactive|Battle timer is ON: inactive players will automatically lose when time's up. (requested by p0x1532bc22)\n|inactive|p0y15323c09 also wants the timer to be on.\n|\n|t:|1783557804\n|move|p2a: Rayquaza|Swords Dance|p2a: Rayquaza\n|-boost|p2a: Rayquaza|atk|2\n|move|p1a: Empoleon|Surf|p2a: Rayquaza\n|-resisted|p2a: Rayquaza\n|-damage|p2a: Rayquaza|77/100\n|\n|upkeep\n|turn|2\n|inactive|Time left: 300 sec this turn | 300 sec total\n|\n|t:|1783557805\n|switch|p1a: Wigglytuff|Wigglytuff, L96, M|424/424\n|move|p2a: Rayquaza|Earthquake|p1a: Wigglytuff\n|-damage|p1a: Wigglytuff|234/424\n|\n|-heal|p1a: Wigglytuff|260/424|[from] item: Leftovers\n|upkeep\n|turn|3\n|inactive|Time left: 300 sec this turn | 300 sec total\n|\n|t:|1783557806\n|move|p2a: Rayquaza|Dragon Ascent|p1a: Wigglytuff\n|-damage|p1a: Wigglytuff|0 fnt\n|-unboost|p2a: Rayquaza|def|1\n|-unboost|p2a: Rayquaza|spd|1\n|faint|p1a: Wigglytuff\n|\n|upkeep\n|inactive|Time left: 300 sec this turn | 300 sec total | 5 sec grace\n|\n|t:|1783557807\n|switch|p1a: Gardevoir|Gardevoir, L83, F|249/249\n|-ability|p1a: Gardevoir|Air Lock|Trace|[from] ability: Trace|[of] p2a: Rayquaza\n|turn|4\n|inactive|Time left: 300 sec this turn | 300 sec total\n|\n|t:|1783557808\n|switch|p2a: Metagross|Metagross, L79|100/100\n|move|p1a: Gardevoir|Moonblast|p2a: Metagross\n|-resisted|p2a: Metagross\n|-damage|p2a: Metagross|74/100\n|\n|upkeep\n|turn|5\n|inactive|Time left: 300 sec this turn | 300 sec total\n|\n|t:|1783557810\n|switch|p1a: Spidops|Spidops, L96, F|271/271\n|move|p2a: Metagross|Heavy Slam|p1a: Spidops\n|-damage|p1a: Spidops|139/271\n|\n|upkeep\n|turn|6\n|inactive|Time left: 300 sec this turn | 300 sec total\n|\n|t:|1783557811\n|move|p2a: Metagross|Heavy Slam|p1a: Spidops\n|-damage|p1a: Spidops|4/271\n|move|p1a: Spidops|Sticky Web|p2a: Metagross\n|-sidestart|p2: p0y15323c09|move: Sticky Web\n|\n|upkeep\n|turn|7\n|inactive|Time left: 300 sec this turn | 300 sec total\n|\n|t:|1783557812\n|switch|p1a: Empoleon|Empoleon, L84, M|278/278\n|move|p2a: Metagross|Earthquake|p1a: Empoleon\n|-supereffective|p1a: Empoleon\n|-damage|p1a: Empoleon|112/278\n|\n|-heal|p1a: Empoleon|129/278|[from] item: Leftovers\n|upkeep\n|turn|8\n|inactive|Time left: 300 sec this turn | 300 sec total\n|\n|t:|1783557813\n|move|p2a: Metagross|Earthquake|p1a: Empoleon\n|-supereffective|p1a: Empoleon\n|-damage|p1a: Empoleon|0 fnt\n|faint|p1a: Empoleon\n|\n|upkeep\n|inactive|Time left: 300 sec this turn | 300 sec total | 5 sec grace\n|\n|t:|1783557814\n|switch|p1a: Scizor|Scizor, L79, M|240/240\n|turn|9\n|inactive|Time left: 300 sec this turn | 300 sec total\n|\n|t:|1783557815\n|switch|p2a: Moltres|Moltres, L81|100/100\n|move|p1a: Scizor|Knock Off|p2a: Moltres\n|-damage|p2a: Moltres|56/100\n|-status|p1a: Scizor|brn|[from] ability: Flame Body|[of] p2a: Moltres\n|-enditem|p2a: Moltres|Heavy-Duty Boots|[from] move: Knock Off|[of] p1a: Scizor\n|\n|-damage|p1a: Scizor|225/240 brn|[from] brn\n|upkeep\n|turn|10\n|inactive|Time left: 300 sec this turn | 300 sec total\n|\n|t:|1783557816\n|move|p2a: Moltres|Roost|p2a: Moltres\n|-heal|p2a: Moltres|100/100\n|-singleturn|p2a: Moltres|move: Roost\n|move|p1a: Scizor|Knock Off|p2a: Moltres\n|-damage|p2a: Moltres|87/100\n|\n|-damage|p1a: Scizor|210/240 brn|[from] brn\n|upkeep\n|turn|11\n|inactive|Time left: 300 sec this turn | 300 sec total\n|\n|t:|1783557817\n|move|p2a: Moltres|Fire Blast|p1a: Scizor|[miss]\n|-miss|p2a: Moltres|p1a: Scizor\n|move|p1a: Scizor|Knock Off|p2a: Moltres\n|-damage|p2a: Moltres|74/100\n|\n|-damage|p1a: Scizor|195/240 brn|[from] brn\n|upkeep\n|turn|12\n|inactive|Time left: 300 sec this turn | 300 sec total\n|\n|t:|1783557818\n|move|p2a: Moltres|Fire Blast|p1a: Scizor\n|-supereffective|p1a: Scizor\n|-damage|p1a: Scizor|0 fnt\n|faint|p1a: Scizor\n|\n|upkeep\n|inactive|Time left: 300 sec this turn | 300 sec total | 5 sec grace\n|\n|t:|1783557819\n|switch|p1a: Gardevoir|Gardevoir, L83, F|249/249\n|-ability|p1a: Gardevoir|Flame Body|Trace|[from] ability: Trace|[of] p2a: Moltres\n|turn|13\n|inactive|Time left: 300 sec this turn | 300 sec total\n|\n|t:|1783557820\n|move|p1a: Gardevoir|Psychic|p2a: Moltres\n|-damage|p2a: Moltres|33/100\n|move|p2a: Moltres|Brave Bird|p1a: Gardevoir\n|-damage|p1a: Gardevoir|90/249\n|-damage|p2a: Moltres|15/100|[from] Recoil\n|\n|upkeep\n|turn|14\n|inactive|Time left: 300 sec this turn | 300 sec total\n|\n|t:|1783557822\n|switch|p2a: Metagross|Metagross, L79|74/100\n|-activate|p2a: Metagross|move: Sticky Web\n|-fail|p2a: Metagross|unboost|[from] ability: Clear Body|[of] p2a: Metagross\n|move|p1a: Gardevoir|Psychic|p2a: Metagross\n|-resisted|p2a: Metagross\n|-damage|p2a: Metagross|62/100\n|\n|upkeep\n|turn|15\n|inactive|Time left: 300 sec this turn | 300 sec total\n|\n|t:|1783557823\n|move|p1a: Gardevoir|Psychic|p2a: Metagross\n|-resisted|p2a: Metagross\n|-damage|p2a: Metagross|51/100\n|move|p2a: Metagross|Earthquake|p1a: Gardevoir\n|-damage|p1a: Gardevoir|0 fnt\n|faint|p1a: Gardevoir\n|\n|upkeep\n|inactive|Time left: 300 sec this turn | 300 sec total | 5 sec grace\n|\n|t:|1783557823\n|switch|p1a: Regice|Regice, L88|284/284\n|turn|16\n|inactive|Time left: 300 sec this turn | 300 sec total\n|\n|t:|1783557824\n|move|p2a: Metagross|Heavy Slam|p1a: Regice\n|-supereffective|p1a: Regice\n|-damage|p1a: Regice|126/284\n|move|p1a: Regice|Ice Beam|p2a: Metagross\n|-resisted|p2a: Metagross\n|-damage|p2a: Metagross|27/100\n|\n|upkeep\n|turn|17\n|inactive|Time left: 300 sec this turn | 300 sec total\n|\n|t:|1783557825\n|-terastallize|p1a: Regice|Electric\n|move|p2a: Metagross|Heavy Slam|p1a: Regice\n|-resisted|p1a: Regice\n|-damage|p1a: Regice|86/284\n|move|p1a: Regice|Thunderbolt|p2a: Metagross\n|-damage|p2a: Metagross|0 fnt\n|faint|p2a: Metagross\n|\n|upkeep\n|\n|t:|1783557826\n|switch|p2a: Koraidon|Koraidon, L64|100/100\n|-activate|p2a: Koraidon|move: Sticky Web\n|-unboost|p2a: Koraidon|spe|1\n|-weather|SunnyDay|[from] ability: Orichalcum Pulse|[of] p2a: Koraidon\n|-activate|p2a: Koraidon|Orichalcum Pulse|[source]\n|turn|18\n|inactive|Time left: 300 sec this turn | 300 sec total\n|\n|t:|1783557827\n|move|p2a: Koraidon|Flare Blitz|p1a: Regice\n|-damage|p1a: Regice|0 fnt\n|faint|p1a: Regice\n|-damage|p2a: Koraidon|89/100|[from] Recoil\n|\n|-weather|SunnyDay|[upkeep]\n|upkeep\n|inactive|Time left: 300 sec this turn | 300 sec total | 5 sec grace\n|\n|t:|1783557827\n|switch|p1a: Spidops|Spidops, L96, F|4/271\n|turn|19\n|inactive|Time left: 300 sec this turn | 300 sec total\n|\n|t:|1783557828\n|-terastallize|p2a: Koraidon|Fire\n|move|p2a: Koraidon|Flare Blitz|p1a: Spidops\n|-supereffective|p1a: Spidops\n|-damage|p1a: Spidops|0 fnt\n|faint|p1a: Spidops\n|-damage|p2a: Koraidon|88/100|[from] Recoil\n|\n|win|p0y15323c09", "uploadtime": 1783557828, "views": 0, "rating": 0, "private": 0, "password": null, "_winner": "p0y15323c09", "_our_name": "p0x1532bc22"}