{"id": "battle-gen9randombattle-989", "formatid": "gen9randombattle", "format": "[Gen 9] Random Battle", "players": ["p0x989da44", "p0y9892694"], "log": "|init|battle\n|title|p0x989da44 vs. p0y9892694\n|j|\u2606p0x989da44\n|j|\u2606p0y9892694\n|t:|1783550638\n|gametype|singles\n|player|p1|p0x989da44|102|\n|player|p2|p0y9892694|1|\n|gen|9\n|tier|[Gen 9] Random Battle\n|rule|Species Clause: Limit one of each Pok\u00e9mon\n|rule|HP Percentage Mod: HP is shown in percentages\n|rule|Sleep Clause Mod: Limit one foe put to sleep\n|rule|Illusion Level Mod: Illusion disguises the Pok\u00e9mon's true level\n|\n|t:|1783550638\n|teamsize|p1|6\n|teamsize|p2|6\n|start\n|switch|p1a: Duraludon|Duraludon, L82, M|100/100\n|switch|p2a: Komala|Komala, L87, F|255/255\n|-ability|p2a: Komala|Comatose\n|turn|1\n|inactive|Battle timer is ON: inactive players will automatically lose when time's up. (requested by p0x989da44)\n|inactive|Time left: 300 sec this turn | 300 sec total | 60 sec grace\n|inactive|p0y9892694 also wants the timer to be on.\n|\n|t:|1783550640\n|switch|p2a: Magcargo|Magcargo, L95, M|268/268\n|move|p1a: Duraludon|Flash Cannon|p2a: Magcargo\n|-crit|p2a: Magcargo\n|-damage|p2a: Magcargo|135/268\n|\n|upkeep\n|turn|2\n|inactive|Time left: 300 sec this turn | 300 sec total\n|\n|t:|1783550641\n|switch|p2a: Misdreavus|Misdreavus, L90, M|254/254\n|move|p1a: Duraludon|Draco Meteor|p2a: Misdreavus\n|-damage|p2a: Misdreavus|158/254\n|-unboost|p1a: Duraludon|spa|2\n|\n|upkeep\n|turn|3\n|inactive|Time left: 300 sec this turn | 300 sec total\n|\n|t:|1783550642\n|switch|p1a: Wigglytuff|Wigglytuff, L96, F|100/100\n|move|p2a: Misdreavus|Calm Mind|p2a: Misdreavus\n|-boost|p2a: Misdreavus|spa|1\n|-boost|p2a: Misdreavus|spd|1\n|\n|upkeep\n|turn|4\n|inactive|Time left: 300 sec this turn | 300 sec total\n|\n|t:|1783550643\n|move|p2a: Misdreavus|Calm Mind|p2a: Misdreavus\n|-boost|p2a: Misdreavus|spa|1\n|-boost|p2a: Misdreavus|spd|1\n|move|p1a: Wigglytuff|Fire Blast|p2a: Misdreavus\n|-crit|p2a: Misdreavus\n|-damage|p2a: Misdreavus|66/254\n|\n|upkeep\n|turn|5\n|inactive|Time left: 300 sec this turn | 300 sec total\n|\n|t:|1783550644\n|move|p2a: Misdreavus|Draining Kiss|p1a: Wigglytuff\n|-damage|p1a: Wigglytuff|76/100\n|-heal|p2a: Misdreavus|145/254|[from] drain|[of] p1a: Wigglytuff\n|move|p1a: Wigglytuff|Alluring Voice|p2a: Misdreavus\n|-damage|p2a: Misdreavus|112/254\n|\n|-heal|p1a: Wigglytuff|82/100|[from] item: Leftovers\n|upkeep\n|turn|6\n|inactive|Time left: 300 sec this turn | 300 sec total\n|\n|t:|1783550645\n|move|p2a: Misdreavus|Draining Kiss|p1a: Wigglytuff\n|-damage|p1a: Wigglytuff|59/100\n|-heal|p2a: Misdreavus|186/254|[from] drain|[of] p1a: Wigglytuff\n|move|p1a: Wigglytuff|Wish|p1a: Wigglytuff\n|\n|-heal|p1a: Wigglytuff|65/100|[from] item: Leftovers\n|upkeep\n|turn|7\n|inactive|Time left: 300 sec this turn | 300 sec total\n|\n|t:|1783550646\n|move|p2a: Misdreavus|Calm Mind|p2a: Misdreavus\n|-boost|p2a: Misdreavus|spa|1\n|-boost|p2a: Misdreavus|spd|1\n|move|p1a: Wigglytuff|Fire Blast|p2a: Misdreavus\n|-damage|p2a: Misdreavus|160/254\n|\n|-heal|p1a: Wigglytuff|100/100|[from] move: Wish|[wisher] Wigglytuff\n|upkeep\n|turn|8\n|inactive|Time left: 300 sec this turn | 300 sec total\n|\n|t:|1783550647\n|move|p1a: Wigglytuff|Protect|p1a: Wigglytuff\n|-singleturn|p1a: Wigglytuff|Protect\n|move|p2a: Misdreavus|Draining Kiss|p1a: Wigglytuff\n|-activate|p1a: Wigglytuff|move: Protect\n|\n|upkeep\n|turn|9\n|inactive|Time left: 300 sec this turn | 300 sec total\n|\n|t:|1783550648\n|move|p2a: Misdreavus|Draining Kiss|p1a: Wigglytuff\n|-damage|p1a: Wigglytuff|71/100\n|-heal|p2a: Misdreavus|253/254|[from] drain|[of] p1a: Wigglytuff\n|move|p1a: Wigglytuff|Wish|p1a: Wigglytuff\n|\n|-heal|p1a: Wigglytuff|77/100|[from] item: Leftovers\n|upkeep\n|turn|10\n|inactive|Time left: 300 sec this turn | 300 sec total\n|\n|t:|1783550649\n|move|p2a: Misdreavus|Calm Mind|p2a: Misdreavus\n|-boost|p2a: Misdreavus|spa|1\n|-boost|p2a: Misdreavus|spd|1\n|move|p1a: Wigglytuff|Alluring Voice|p2a: Misdreavus\n|-damage|p2a: Misdreavus|231/254\n|-start|p2a: Misdreavus|confusion\n|\n|-heal|p1a: Wigglytuff|100/100|[from] move: Wish|[wisher] Wigglytuff\n|upkeep\n|turn|11\n|inactive|Time left: 300 sec this turn | 300 sec total\n|\n|t:|1783550650\n|move|p1a: Wigglytuff|Protect|p1a: Wigglytuff\n|-singleturn|p1a: Wigglytuff|Protect\n|-activate|p2a: Misdreavus|confusion\n|-damage|p2a: Misdreavus|210/254|[from] confusion\n|\n|upkeep\n|turn|12\n|inactive|Time left: 300 sec this turn | 300 sec total\n|\n|t:|1783550651\n|move|p1a: Wigglytuff|Protect||[still]\n|-fail|p1a: Wigglytuff\n|-end|p2a: Misdreavus|confusion\n|move|p2a: Misdreavus|Draining Kiss|p1a: Wigglytuff\n|-damage|p1a: Wigglytuff|69/100\n|-heal|p2a: Misdreavus|254/254|[from] drain|[of] p1a: Wigglytuff\n|\n|-heal|p1a: Wigglytuff|75/100|[from] item: Leftovers\n|upkeep\n|turn|13\n|inactive|Time left: 300 sec this turn | 300 sec total\n|\n|t:|1783550652\n|move|p2a: Misdreavus|Draining Kiss|p1a: Wigglytuff\n|-damage|p1a: Wigglytuff|43/100\n|move|p1a: Wigglytuff|Wish|p1a: Wigglytuff\n|\n|-heal|p1a: Wigglytuff|49/100|[from] item: Leftovers\n|upkeep\n|turn|14\n|inactive|Time left: 300 sec this turn | 300 sec total\n|\n|t:|1783550653\n|move|p1a: Wigglytuff|Protect|p1a: Wigglytuff\n|-singleturn|p1a: Wigglytuff|Protect\n|move|p2a: Misdreavus|Draining Kiss|p1a: Wigglytuff\n|-activate|p1a: Wigglytuff|move: Protect\n|\n|-heal|p1a: Wigglytuff|99/100|[from] move: Wish|[wisher] Wigglytuff\n|-heal|p1a: Wigglytuff|100/100|[from] item: Leftovers\n|upkeep\n|turn|15\n|inactive|Time left: 300 sec this turn | 300 sec total\n|\n|t:|1783550654\n|move|p2a: Misdreavus|Draining Kiss|p1a: Wigglytuff\n|-damage|p1a: Wigglytuff|65/100\n|move|p1a: Wigglytuff|Wish|p1a: Wigglytuff\n|\n|-heal|p1a: Wigglytuff|71/100|[from] item: Leftovers\n|upkeep\n|turn|16\n|inactive|Time left: 300 sec this turn | 300 sec total\n|\n|t:|1783550656\n|move|p2a: Misdreavus|Shadow Ball|p1a: Wigglytuff\n|-immune|p1a: Wigglytuff\n|move|p1a: Wigglytuff|Alluring Voice|p2a: Misdreavus\n|-damage|p2a: Misdreavus|233/254\n|\n|-heal|p1a: Wigglytuff|100/100|[from] move: Wish|[wisher] Wigglytuff\n|upkeep\n|turn|17\n|inactive|Time left: 300 sec this turn | 300 sec total\n|\n|t:|1783550657\n|move|p1a: Wigglytuff|Protect|p1a: Wigglytuff\n|-singleturn|p1a: Wigglytuff|Protect\n|move|p2a: Misdreavus|Shadow Ball|p1a: Wigglytuff\n|-activate|p1a: Wigglytuff|move: Protect\n|\n|upkeep\n|turn|18\n|inactive|Time left: 300 sec this turn | 300 sec total\n|\n|t:|1783550658\n|move|p2a: Misdreavus|Draining Kiss|p1a: Wigglytuff\n|-damage|p1a: Wigglytuff|68/100\n|-heal|p2a: Misdreavus|254/254|[from] drain|[of] p1a: Wigglytuff\n|move|p1a: Wigglytuff|Wish|p1a: Wigglytuff\n|\n|-heal|p1a: Wigglytuff|74/100|[from] item: Leftovers\n|upkeep\n|turn|19\n|inactive|Time left: 300 sec this turn | 300 sec total\n|\n|t:|1783550659\n|move|p2a: Misdreavus|Shadow Ball|p1a: Wigglytuff\n|-immune|p1a: Wigglytuff\n|move|p1a: Wigglytuff|Alluring Voice|p2a: Misdreavus\n|-damage|p2a: Misdreavus|232/254\n|\n|-heal|p1a: Wigglytuff|100/100|[from] move: Wish|[wisher] Wigglytuff\n|upkeep\n|turn|20\n|inactive|Time left: 300 sec this turn | 300 sec total\n|\n|t:|1783550660\n|move|p2a: Misdreavus|Draining Kiss|p1a: Wigglytuff\n|-damage|p1a: Wigglytuff|65/100\n|-heal|p2a: Misdreavus|254/254|[from] drain|[of] p1a: Wigglytuff\n|move|p1a: Wigglytuff|Wish|p1a: Wigglytuff\n|\n|-heal|p1a: Wigglytuff|71/100|[from] item: Leftovers\n|upkeep\n|turn|21\n|inactive|Time left: 300 sec this turn | 300 sec total\n|\n|t:|1783550661\n|move|p2a: Misdreavus|Shadow Ball|p1a: Wigglytuff\n|-immune|p1a: Wigglytuff\n|move|p1a: Wigglytuff|Fire Blast|p2a: Misdreavus\n|-damage|p2a: Misdreavus|232/254\n|\n|-heal|p1a: Wigglytuff|100/100|[from] move: Wish|[wisher] Wigglytuff\n|upkeep\n|turn|22\n|inactive|Time left: 300 sec this turn | 300 sec total\n|\n|t:|1783550662\n|move|p2a: Misdreavus|Draining Kiss|p1a: Wigglytuff\n|-damage|p1a: Wigglytuff|66/100\n|-heal|p2a: Misdreavus|254/254|[from] drain|[of] p1a: Wigglytuff\n|move|p1a: Wigglytuff|Alluring Voice|p2a: Misdreavus\n|-damage|p2a: Misdreavus|232/254\n|\n|-heal|p1a: Wigglytuff|72/100|[from] item: Leftovers\n|upkeep\n|turn|23\n|inactive|Time left: 300 sec this turn | 300 sec total\n|\n|t:|1783550663\n|move|p2a: Misdreavus|Draining Kiss|p1a: Wigglytuff\n|-damage|p1a: Wigglytuff|38/100\n|-heal|p2a: Misdreavus|254/254|[from] drain|[of] p1a: Wigglytuff\n|move|p1a: Wigglytuff|Wish|p1a: Wigglytuff\n|\n|-heal|p1a: Wigglytuff|44/100|[from] item: Leftovers\n|upkeep\n|turn|24\n|inactive|Time left: 300 sec this turn | 300 sec total\n|\n|t:|1783550664\n|move|p1a: Wigglytuff|Protect|p1a: Wigglytuff\n|-singleturn|p1a: Wigglytuff|Protect\n|move|p2a: Misdreavus|Draining Kiss|p1a: Wigglytuff\n|-activate|p1a: Wigglytuff|move: Protect\n|\n|-heal|p1a: Wigglytuff|94/100|[from] move: Wish|[wisher] Wigglytuff\n|-heal|p1a: Wigglytuff|99/100|[from] item: Leftovers\n|upkeep\n|turn|25\n|inactive|Time left: 300 sec this turn | 300 sec total\n|\n|t:|1783550665\n|move|p1a: Wigglytuff|Protect||[still]\n|-fail|p1a: Wigglytuff\n|move|p2a: Misdreavus|Draining Kiss|p1a: Wigglytuff\n|-damage|p1a: Wigglytuff|64/100\n|\n|-heal|p1a: Wigglytuff|71/100|[from] item: Leftovers\n|upkeep\n|turn|26\n|inactive|Time left: 300 sec this turn | 300 sec total\n|\n|t:|1783550666\n|move|p2a: Misdreavus|Shadow Ball|p1a: Wigglytuff\n|-immune|p1a: Wigglytuff\n|move|p1a: Wigglytuff|Wish|p1a: Wigglytuff\n|\n|-heal|p1a: Wigglytuff|77/100|[from] item: Leftovers\n|upkeep\n|turn|27\n|inactive|Time left: 300 sec this turn | 300 sec total\n|\n|t:|1783550667\n|move|p2a: Misdreavus|Calm Mind|p2a: Misdreavus\n|-boost|p2a: Misdreavus|spa|1\n|-boost|p2a: Misdreavus|spd|1\n|move|p1a: Wigglytuff|Alluring Voice|p2a: Misdreavus\n|-damage|p2a: Misdreavus|233/254\n|-start|p2a: Misdreavus|confusion\n|\n|-heal|p1a: Wigglytuff|100/100|[from] move: Wish|[wisher] Wigglytuff\n|upkeep\n|turn|28\n|inactive|Time left: 300 sec this turn | 300 sec total\n|\n|t:|1783550668\n|-activate|p2a: Misdreavus|confusion\n|-damage|p2a: Misdreavus|212/254|[from] confusion\n|move|p1a: Wigglytuff|Fire Blast|p2a: Misdreavus\n|-damage|p2a: Misdreavus|195/254\n|\n|upkeep\n|turn|29\n|inactive|Time left: 300 sec this turn | 300 sec total\n|\n|t:|1783550669\n|-activate|p2a: Misdreavus|confusion\n|-damage|p2a: Misdreavus|173/254|[from] confusion\n|move|p1a: Wigglytuff|Alluring Voice|p2a: Misdreavus\n|-damage|p2a: Misdreavus|154/254\n|\n|upkeep\n|turn|30\n|inactive|Time left: 300 sec this turn | 300 sec total\n|\n|t:|1783550670\n|move|p1a: Wigglytuff|Protect|p1a: Wigglytuff\n|-singleturn|p1a: Wigglytuff|Protect\n|-activate|p2a: Misdreavus|confusion\n|move|p2a: Misdreavus|Draining Kiss|p1a: Wigglytuff\n|-activate|p1a: Wigglytuff|move: Protect\n|\n|upkeep\n|turn|31\n|inactive|Time left: 300 sec this turn | 300 sec total\n|\n|t:|1783550671\n|switch|p1a: Ting-Lu|Ting-Lu, L78|100/100\n|-ability|p1a: Ting-Lu|Vessel of Ruin\n|-end|p2a: Misdreavus|confusion\n|move|p2a: Misdreavus|Draining Kiss|p1a: Ting-Lu\n|-supereffective|p1a: Ting-Lu\n|-damage|p1a: Ting-Lu|60/100\n|-heal|p2a: Misdreavus|254/254|[from] drain|[of] p1a: Ting-Lu\n|\n|upkeep\n|turn|32\n|inactive|Time left: 300 sec this turn | 300 sec total\n|\n|t:|1783550673\n|move|p2a: Misdreavus|Will-O-Wisp|p1a: Ting-Lu\n|-status|p1a: Ting-Lu|brn\n|move|p1a: Ting-Lu|Ruination|p2a: Misdreavus\n|-damage|p2a: Misdreavus|127/254\n|\n|-damage|p1a: Ting-Lu|54/100 brn|[from] brn\n|upkeep\n|turn|33\n|inactive|Time left: 300 sec this turn | 300 sec total\n|\n|t:|1783550674\n|move|p2a: Misdreavus|Shadow Ball|p1a: Ting-Lu\n|-resisted|p1a: Ting-Lu\n|-damage|p1a: Ting-Lu|31/100 brn\n|move|p1a: Ting-Lu|Payback|p2a: Misdreavus\n|-supereffective|p2a: Misdreavus\n|-crit|p2a: Misdreavus\n|-damage|p2a: Misdreavus|0 fnt\n|faint|p2a: Misdreavus\n|\n|-damage|p1a: Ting-Lu|25/100 brn|[from] brn\n|upkeep\n|inactive|Time left: 300 sec this turn | 300 sec total | 5 sec grace\n|\n|t:|1783550675\n|switch|p2a: Magcargo|Magcargo, L95, M|135/268\n|turn|34\n|inactive|Time left: 300 sec this turn | 300 sec total\n|\n|t:|1783550676\n|-terastallize|p2a: Magcargo|Grass\n|move|p1a: Ting-Lu|Earthquake|p2a: Magcargo\n|-resisted|p2a: Magcargo\n|-damage|p2a: Magcargo|118/268\n|-ability|p2a: Magcargo|Weak Armor|boost\n|-unboost|p2a: Magcargo|def|1\n|-boost|p2a: Magcargo|spe|2\n|move|p2a: Magcargo|Shell Smash|p2a: Magcargo\n|-unboost|p2a: Magcargo|def|1\n|-unboost|p2a: Magcargo|spd|1\n|-boost|p2a: Magcargo|atk|2\n|-boost|p2a: Magcargo|spa|2\n|-boost|p2a: Magcargo|spe|2\n|\n|-damage|p1a: Ting-Lu|18/100 brn|[from] brn\n|upkeep\n|turn|35\n|inactive|Time left: 300 sec this turn | 300 sec total\n|\n|t:|1783550678\n|move|p2a: Magcargo|Shell Smash|p2a: Magcargo\n|-unboost|p2a: Magcargo|def|1\n|-unboost|p2a: Magcargo|spd|1\n|-boost|p2a: Magcargo|atk|2\n|-boost|p2a: Magcargo|spa|2\n|-boost|p2a: Magcargo|spe|2\n|move|p1a: Ting-Lu|Payback|p2a: Magcargo\n|-damage|p2a: Magcargo|22/268\n|-ability|p2a: Magcargo|Weak Armor|boost\n|-unboost|p2a: Magcargo|def|1\n|\n|-damage|p1a: Ting-Lu|12/100 brn|[from] brn\n|upkeep\n|turn|36\n|inactive|Time left: 300 sec this turn | 300 sec total\n|\n|t:|1783550679\n|move|p2a: Magcargo|Power Gem|p1a: Ting-Lu\n|-resisted|p1a: Ting-Lu\n|-crit|p1a: Ting-Lu\n|-damage|p1a: Ting-Lu|0 fnt\n|faint|p1a: Ting-Lu\n|\n|upkeep\n|\n|t:|1783550680\n|switch|p1a: Rayquaza|Rayquaza, L72|100/100\n|-ability|p1a: Rayquaza|Air Lock\n|turn|37\n|inactive|Time left: 300 sec this turn | 300 sec total\n|\n|t:|1783550681\n|-terastallize|p1a: Rayquaza|Steel\n|move|p2a: Magcargo|Power Gem|p1a: Rayquaza\n|-resisted|p1a: Rayquaza\n|-damage|p1a: Rayquaza|30/100\n|move|p1a: Rayquaza|Dragon Ascent|p2a: Magcargo\n|-supereffective|p2a: Magcargo\n|-damage|p2a: Magcargo|0 fnt\n|-unboost|p1a: Rayquaza|def|1\n|-unboost|p1a: Rayquaza|spd|1\n|faint|p2a: Magcargo\n|\n|upkeep\n|inactive|Time left: 300 sec this turn | 300 sec total | 5 sec grace\n|\n|t:|1783550682\n|switch|p2a: Dodrio|Dodrio, L85, F|241/241\n|turn|38\n|inactive|Time left: 300 sec this turn | 300 sec total\n|\n|t:|1783550683\n|switch|p1a: Wigglytuff|Wigglytuff, L96, F|100/100\n|move|p2a: Dodrio|Knock Off|p1a: Wigglytuff\n|-resisted|p1a: Wigglytuff\n|-damage|p1a: Wigglytuff|81/100\n|-enditem|p1a: Wigglytuff|Leftovers|[from] move: Knock Off|[of] p2a: Dodrio\n|\n|upkeep\n|turn|39\n|inactive|Time left: 300 sec this turn | 300 sec total\n|\n|t:|1783550684\n|switch|p2a: Sylveon|Sylveon, L85, F|300/300\n|move|p1a: Wigglytuff|Alluring Voice|p2a: Sylveon\n|-damage|p2a: Sylveon|227/300\n|\n|-heal|p2a: Sylveon|245/300|[from] item: Leftovers\n|upkeep\n|turn|40\n|inactive|Time left: 300 sec this turn | 300 sec total\n|\n|t:|1783550685\n|move|p2a: Sylveon|Calm Mind|p2a: Sylveon\n|-boost|p2a: Sylveon|spa|1\n|-boost|p2a: Sylveon|spd|1\n|move|p1a: Wigglytuff|Wish|p1a: Wigglytuff\n|\n|-heal|p2a: Sylveon|263/300|[from] item: Leftovers\n|upkeep\n|turn|41\n|inactive|Time left: 300 sec this turn | 300 sec total\n|\n|t:|1783550686\n|switch|p1a: Rayquaza|Rayquaza, L72, tera:Steel|30/100\n|-ability|p1a: Rayquaza|Air Lock\n|move|p2a: Sylveon|Hyper Voice|p1a: Rayquaza\n|-resisted|p1a: Rayquaza\n|-damage|p1a: Rayquaza|0 fnt\n|faint|p1a: Rayquaza\n|\n|-heal|p2a: Sylveon|281/300|[from] item: Leftovers\n|upkeep\n|\n|t:|1783550687\n|switch|p1a: Barraskewda|Barraskewda, L81, M|100/100\n|turn|42\n|inactive|Time left: 300 sec this turn | 300 sec total\n|\n|t:|1783550688\n|move|p1a: Barraskewda|Poison Jab|p2a: Sylveon\n|-supereffective|p2a: Sylveon\n|-damage|p2a: Sylveon|43/300\n|-status|p2a: Sylveon|psn\n|move|p2a: Sylveon|Hyper Voice|p1a: Barraskewda\n|-crit|p1a: Barraskewda\n|-damage|p1a: Barraskewda|0 fnt\n|faint|p1a: Barraskewda\n|\n|-heal|p2a: Sylveon|61/300 psn|[from] item: Leftovers\n|-damage|p2a: Sylveon|24/300 psn|[from] psn\n|upkeep\n|\n|t:|1783550689\n|switch|p1a: Passimian|Passimian, L83, M|100/100\n|turn|43\n|inactive|Time left: 300 sec this turn | 300 sec total\n|\n|t:|1783550690\n|move|p1a: Passimian|Close Combat|p2a: Sylveon\n|-resisted|p2a: Sylveon\n|-damage|p2a: Sylveon|0 fnt\n|-unboost|p1a: Passimian|def|1\n|-unboost|p1a: Passimian|spd|1\n|faint|p2a: Sylveon\n|\n|upkeep\n|inactive|Time left: 300 sec this turn | 300 sec total | 5 sec grace\n|\n|t:|1783550691\n|switch|p2a: Sneasler|Sneasler, L74, F|240/240\n|turn|44\n|inactive|Time left: 300 sec this turn | 300 sec total\n|\n|t:|1783550692\n|move|p2a: Sneasler|Swords Dance|p2a: Sneasler\n|-boost|p2a: Sneasler|atk|2\n|move|p1a: Passimian|Close Combat|p2a: Sneasler\n|-resisted|p2a: Sneasler\n|-damage|p2a: Sneasler|90/240\n|-unboost|p1a: Passimian|def|1\n|-unboost|p1a: Passimian|spd|1\n|\n|upkeep\n|turn|45\n|inactive|Time left: 300 sec this turn | 300 sec total\n|\n|t:|1783550693\n|switch|p1a: Wigglytuff|Wigglytuff, L96, F|81/100\n|move|p2a: Sneasler|Close Combat|p1a: Wigglytuff\n|-damage|p1a: Wigglytuff|0 fnt\n|-unboost|p2a: Sneasler|def|1\n|-unboost|p2a: Sneasler|spd|1\n|faint|p1a: Wigglytuff\n|-enditem|p2a: Sneasler|White Herb\n|-clearnegativeboost|p2a: Sneasler|[silent]\n|\n|upkeep\n|\n|t:|1783550694\n|switch|p1a: Passimian|Passimian, L83, M|100/100\n|turn|46\n|inactive|Time left: 300 sec this turn | 300 sec total\n|\n|t:|1783550695\n|move|p2a: Sneasler|Acrobatics|p1a: Passimian\n|-supereffective|p1a: Passimian\n|-damage|p1a: Passimian|0 fnt\n|faint|p1a: Passimian\n|\n|upkeep\n|\n|t:|1783550696\n|switch|p1a: Duraludon|Duraludon, L82, M|100/100\n|turn|47\n|inactive|Time left: 300 sec this turn | 300 sec total\n|\n|t:|1783550697\n|move|p2a: Sneasler|Close Combat|p1a: Duraludon\n|-supereffective|p1a: Duraludon\n|-damage|p1a: Duraludon|0 fnt\n|-unboost|p2a: Sneasler|def|1\n|-unboost|p2a: Sneasler|spd|1\n|faint|p1a: Duraludon\n|\n|win|p0y9892694", "uploadtime": 1783550697, "views": 0, "rating": 0, "private": 0, "password": null, "_winner": "p0y9892694", "_our_name": "p0y9892694"}