{"id": "battle-gen9randombattle-219", "formatid": "gen9randombattle", "format": "[Gen 9] Random Battle", "players": ["p0x2197b5b", "p0y2197547"], "log": "|init|battle\n|title|p0x2197b5b vs. p0y2197547\n|j|\u2606p0x2197b5b\n|j|\u2606p0y2197547\n|t:|1783542116\n|gametype|singles\n|player|p1|p0x2197b5b|101|\n|player|p2|p0y2197547|1|\n|gen|9\n|tier|[Gen 9] Random Battle\n|rule|Species Clause: Limit one of each Pok\u00e9mon\n|rule|HP Percentage Mod: HP is shown in percentages\n|rule|Sleep Clause Mod: Limit one foe put to sleep\n|rule|Illusion Level Mod: Illusion disguises the Pok\u00e9mon's true level\n|\n|t:|1783542116\n|teamsize|p1|6\n|teamsize|p2|6\n|start\n|switch|p1a: Houndoom|Houndoom, L87, F|272/272\n|switch|p2a: Mandibuzz|Mandibuzz, L85, F|100/100\n|turn|1\n|inactive|Battle timer is ON: inactive players will automatically lose when time's up. (requested by p0y2197547)\n|inactive|Time left: 300 sec this turn | 300 sec total | 60 sec grace\n|inactive|p0x2197b5b also wants the timer to be on.\n|\n|t:|1783542117\n|move|p1a: Houndoom|Fire Blast|p2a: Mandibuzz\n|-damage|p2a: Mandibuzz|60/100\n|move|p2a: Mandibuzz|Toxic|p1a: Houndoom\n|-status|p1a: Houndoom|tox\n|\n|-damage|p1a: Houndoom|255/272 tox|[from] psn\n|upkeep\n|turn|2\n|inactive|Time left: 300 sec this turn | 300 sec total\n|\n|t:|1783542118\n|move|p1a: Houndoom|Fire Blast|p2a: Mandibuzz\n|-damage|p2a: Mandibuzz|21/100\n|move|p2a: Mandibuzz|Roost|p2a: Mandibuzz\n|-heal|p2a: Mandibuzz|71/100\n|-singleturn|p2a: Mandibuzz|move: Roost\n|\n|-damage|p1a: Houndoom|221/272 tox|[from] psn\n|upkeep\n|turn|3\n|inactive|Time left: 300 sec this turn | 300 sec total\n|\n|t:|1783542120\n|move|p1a: Houndoom|Fire Blast|p2a: Mandibuzz\n|-damage|p2a: Mandibuzz|29/100\n|move|p2a: Mandibuzz|Foul Play|p1a: Houndoom\n|-resisted|p1a: Houndoom\n|-damage|p1a: Houndoom|143/272 tox\n|\n|-damage|p1a: Houndoom|92/272 tox|[from] psn\n|upkeep\n|turn|4\n|inactive|Time left: 300 sec this turn | 300 sec total\n|\n|t:|1783542121\n|switch|p2a: Porygon2|Porygon2, L81|100/100\n|-ability|p2a: Porygon2|Download|boost\n|-boost|p2a: Porygon2|atk|1\n|move|p1a: Houndoom|Fire Blast|p2a: Porygon2|[miss]\n|-miss|p1a: Houndoom|p2a: Porygon2\n|\n|-damage|p1a: Houndoom|24/272 tox|[from] psn\n|upkeep\n|turn|5\n|inactive|Time left: 300 sec this turn | 300 sec total\n|\n|t:|1783542122\n|move|p1a: Houndoom|Fire Blast|p2a: Porygon2|[miss]\n|-miss|p1a: Houndoom|p2a: Porygon2\n|move|p2a: Porygon2|Discharge|p1a: Houndoom\n|-damage|p1a: Houndoom|0 fnt\n|faint|p1a: Houndoom\n|\n|upkeep\n|inactive|Time left: 300 sec this turn | 300 sec total | 5 sec grace\n|\n|t:|1783542123\n|switch|p1a: Flareon|Flareon, L90, M|263/263\n|turn|6\n|inactive|Time left: 300 sec this turn | 300 sec total\n|\n|t:|1783542124\n|move|p1a: Flareon|Flare Blitz|p2a: Porygon2\n|-damage|p2a: Porygon2|52/100\n|-damage|p1a: Flareon|219/263|[from] Recoil\n|move|p2a: Porygon2|Tri Attack|p1a: Flareon\n|-damage|p1a: Flareon|155/263\n|\n|-status|p1a: Flareon|tox|[from] item: Toxic Orb\n|upkeep\n|turn|7\n|inactive|Time left: 300 sec this turn | 300 sec total\n|\n|t:|1783542124\n|move|p1a: Flareon|Facade|p2a: Porygon2\n|-damage|p2a: Porygon2|0 fnt\n|faint|p2a: Porygon2\n|\n|-damage|p1a: Flareon|139/263 tox|[from] psn\n|upkeep\n|\n|t:|1783542125\n|switch|p2a: Cloyster|Cloyster, L80, M|100/100\n|turn|8\n|inactive|Time left: 300 sec this turn | 300 sec total\n|\n|t:|1783542127\n|move|p1a: Flareon|Flare Blitz|p2a: Cloyster\n|-damage|p2a: Cloyster|26/100\n|-damage|p1a: Flareon|87/263 tox|[from] Recoil\n|move|p2a: Cloyster|Shell Smash|p2a: Cloyster\n|-unboost|p2a: Cloyster|def|1\n|-unboost|p2a: Cloyster|spd|1\n|-boost|p2a: Cloyster|atk|2\n|-boost|p2a: Cloyster|spa|2\n|-boost|p2a: Cloyster|spe|2\n|-enditem|p2a: Cloyster|White Herb\n|-clearnegativeboost|p2a: Cloyster|[silent]\n|\n|-damage|p1a: Flareon|55/263 tox|[from] psn\n|upkeep\n|turn|9\n|inactive|Time left: 300 sec this turn | 300 sec total\n|\n|t:|1783542128\n|-terastallize|p1a: Flareon|Normal\n|move|p1a: Flareon|Quick Attack|p2a: Cloyster\n|-damage|p2a: Cloyster|0 fnt\n|faint|p2a: Cloyster\n|\n|-damage|p1a: Flareon|7/263 tox|[from] psn\n|upkeep\n|\n|t:|1783542129\n|switch|p2a: Zacian|Zacian-Crowned, L64|100/100\n|-ability|p2a: Zacian|Intrepid Sword|boost\n|-boost|p2a: Zacian|atk|1\n|turn|10\n|inactive|Time left: 300 sec this turn | 300 sec total\n|\n|t:|1783542130\n|move|p2a: Zacian|Play Rough|p1a: Flareon|[miss]\n|-miss|p2a: Zacian|p1a: Flareon\n|move|p1a: Flareon|Flare Blitz|p2a: Zacian\n|-supereffective|p2a: Zacian\n|-damage|p2a: Zacian|0 fnt\n|faint|p2a: Zacian\n|-damage|p1a: Flareon|0 fnt|[from] Recoil\n|faint|p1a: Flareon\n|\n|upkeep\n|inactive|Time left: 300 sec this turn | 300 sec total | 5 sec grace\n|\n|t:|1783542131\n|switch|p2a: Mandibuzz|Mandibuzz, L85, F|29/100\n|switch|p1a: Porygon-Z|Porygon-Z, L83|277/277\n|turn|11\n|inactive|Time left: 300 sec this turn | 300 sec total\n|\n|t:|1783542132\n|move|p1a: Porygon-Z|Nasty Plot|p1a: Porygon-Z\n|-boost|p1a: Porygon-Z|spa|2\n|move|p2a: Mandibuzz|Foul Play|p1a: Porygon-Z\n|-damage|p1a: Porygon-Z|190/277\n|\n|upkeep\n|turn|12\n|inactive|Time left: 300 sec this turn | 300 sec total\n|\n|t:|1783542133\n|move|p1a: Porygon-Z|Tri Attack|p2a: Mandibuzz\n|-damage|p2a: Mandibuzz|0 fnt\n|faint|p2a: Mandibuzz\n|-damage|p1a: Porygon-Z|163/277|[from] item: Life Orb\n|\n|upkeep\n|\n|t:|1783542134\n|switch|p2a: Ninetales|Ninetales, L85, F|100/100\n|-weather|SunnyDay|[from] ability: Drought|[of] p2a: Ninetales\n|turn|13\n|inactive|Time left: 300 sec this turn | 300 sec total\n|\n|t:|1783542135\n|move|p2a: Ninetales|Fire Blast|p1a: Porygon-Z\n|-damage|p1a: Porygon-Z|0 fnt\n|faint|p1a: Porygon-Z\n|\n|-weather|SunnyDay|[upkeep]\n|upkeep\n|inactive|Time left: 300 sec this turn | 300 sec total | 5 sec grace\n|\n|t:|1783542136\n|switch|p1a: Flapple|Flapple, L88, M|266/266\n|turn|14\n|inactive|Time left: 300 sec this turn | 300 sec total\n|\n|t:|1783542137\n|-terastallize|p2a: Ninetales|Fire\n|move|p2a: Ninetales|Fire Blast|p1a: Flapple\n|-damage|p1a: Flapple|14/266\n|move|p1a: Flapple|Outrage|p2a: Ninetales\n|-damage|p2a: Ninetales|0 fnt\n|faint|p2a: Ninetales\n|\n|-weather|SunnyDay|[upkeep]\n|upkeep\n|\n|t:|1783542138\n|switch|p2a: Rotom|Rotom-Wash, L82|100/100\n|turn|15\n|inactive|Time left: 300 sec this turn | 300 sec total\n|\n|t:|1783542139\n|move|p2a: Rotom|Volt Switch|p1a: Flapple\n|-resisted|p1a: Flapple\n|-damage|p1a: Flapple|0 fnt\n|faint|p1a: Flapple\n|\n|-weather|SunnyDay|[upkeep]\n|upkeep\n|inactive|Time left: 300 sec this turn | 300 sec total | 5 sec grace\n|\n|t:|1783542140\n|switch|p1a: Persian|Persian, L92, M|269/269\n|turn|16\n|inactive|Time left: 300 sec this turn | 300 sec total\n|\n|t:|1783542141\n|move|p1a: Persian|Double-Edge|p2a: Rotom\n|-damage|p2a: Rotom|26/100\n|-damage|p1a: Persian|216/269|[from] Recoil\n|move|p2a: Rotom|Will-O-Wisp|p1a: Persian\n|-status|p1a: Persian|brn\n|\n|-weather|SunnyDay|[upkeep]\n|-heal|p2a: Rotom|32/100|[from] item: Leftovers\n|-damage|p1a: Persian|200/269 brn|[from] brn\n|upkeep\n|turn|17\n|inactive|Time left: 300 sec this turn | 300 sec total\n|\n|t:|1783542142\n|move|p1a: Persian|Double-Edge|p2a: Rotom\n|-crit|p2a: Rotom\n|-damage|p2a: Rotom|0 fnt\n|faint|p2a: Rotom\n|-damage|p1a: Persian|177/269 brn|[from] Recoil\n|\n|win|p0x2197b5b", "uploadtime": 1783542142, "views": 0, "rating": 0, "private": 0, "password": null, "_winner": "p0x2197b5b", "_our_name": "p0x2197b5b"}