{"id": "battle-gen9randombattle-222", "formatid": "gen9randombattle", "format": "[Gen 9] Random Battle", "players": ["p0x222fdc0", "p0y222c6f5"], "log": "|init|battle\n|title|p0x222fdc0 vs. p0y222c6f5\n|j|\u2606p0x222fdc0\n|j|\u2606p0y222c6f5\n|t:|1783541665\n|gametype|singles\n|player|p1|p0x222fdc0|265|\n|player|p2|p0y222c6f5|1|\n|gen|9\n|tier|[Gen 9] Random Battle\n|rule|Species Clause: Limit one of each Pok\u00e9mon\n|rule|HP Percentage Mod: HP is shown in percentages\n|rule|Sleep Clause Mod: Limit one foe put to sleep\n|rule|Illusion Level Mod: Illusion disguises the Pok\u00e9mon's true level\n|\n|t:|1783541665\n|teamsize|p1|6\n|teamsize|p2|6\n|start\n|switch|p1a: Chi-Yu|Chi-Yu, L77|100/100\n|switch|p2a: Cryogonal|Cryogonal, L89|287/287\n|-ability|p1a: Chi-Yu|Beads of Ruin\n|turn|1\n|inactive|Battle timer is ON: inactive players will automatically lose when time's up. (requested by p0x222fdc0)\n|inactive|Time left: 300 sec this turn | 300 sec total | 60 sec grace\n|inactive|p0y222c6f5 also wants the timer to be on.\n|\n|t:|1783541667\n|move|p2a: Cryogonal|Rapid Spin|p1a: Chi-Yu\n|-damage|p1a: Chi-Yu|86/100\n|-boost|p2a: Cryogonal|spe|1\n|move|p1a: Chi-Yu|Fire Blast|p2a: Cryogonal\n|-supereffective|p2a: Cryogonal\n|-damage|p2a: Cryogonal|53/287\n|\n|upkeep\n|turn|2\n|inactive|Time left: 300 sec this turn | 300 sec total\n|\n|t:|1783541668\n|move|p2a: Cryogonal|Recover|p2a: Cryogonal\n|-heal|p2a: Cryogonal|197/287\n|move|p1a: Chi-Yu|Fire Blast|p2a: Cryogonal\n|-supereffective|p2a: Cryogonal\n|-crit|p2a: Cryogonal\n|-damage|p2a: Cryogonal|0 fnt\n|faint|p2a: Cryogonal\n|\n|upkeep\n|inactive|Time left: 300 sec this turn | 300 sec total | 5 sec grace\n|\n|t:|1783541669\n|switch|p2a: Jirachi|Jirachi, L80|291/291\n|turn|3\n|inactive|Time left: 300 sec this turn | 300 sec total\n|\n|t:|1783541670\n|move|p2a: Jirachi|Iron Head|p1a: Chi-Yu\n|-resisted|p1a: Chi-Yu\n|-damage|p1a: Chi-Yu|63/100\n|cant|p1a: Chi-Yu|flinch\n|\n|upkeep\n|turn|4\n|inactive|Time left: 300 sec this turn | 300 sec total\n|\n|t:|1783541671\n|-terastallize|p2a: Jirachi|Fighting\n|move|p2a: Jirachi|Drain Punch|p1a: Chi-Yu\n|-supereffective|p1a: Chi-Yu\n|-damage|p1a: Chi-Yu|0 fnt\n|faint|p1a: Chi-Yu\n|\n|upkeep\n|\n|t:|1783541673\n|switch|p1a: Okidogi|Okidogi, L77, M|100/100\n|turn|5\n|inactive|Time left: 300 sec this turn | 300 sec total\n|\n|t:|1783541674\n|move|p2a: Jirachi|Iron Head|p1a: Okidogi\n|-damage|p1a: Okidogi|71/100\n|move|p1a: Okidogi|Knock Off|p2a: Jirachi\n|-resisted|p2a: Jirachi\n|-damage|p2a: Jirachi|256/291\n|-enditem|p2a: Jirachi|Leftovers|[from] move: Knock Off|[of] p1a: Okidogi\n|\n|-heal|p1a: Okidogi|77/100|[from] item: Leftovers\n|upkeep\n|turn|6\n|inactive|Time left: 300 sec this turn | 300 sec total\n|\n|t:|1783541675\n|move|p2a: Jirachi|Iron Head|p1a: Okidogi\n|-damage|p1a: Okidogi|50/100\n|move|p1a: Okidogi|Drain Punch|p2a: Jirachi\n|-damage|p2a: Jirachi|171/291\n|-heal|p1a: Okidogi|67/100|[from] drain|[of] p2a: Jirachi\n|\n|-heal|p1a: Okidogi|73/100|[from] item: Leftovers\n|upkeep\n|turn|7\n|inactive|Time left: 300 sec this turn | 300 sec total\n|\n|t:|1783541676\n|move|p2a: Jirachi|Iron Head|p1a: Okidogi\n|-damage|p1a: Okidogi|47/100\n|move|p1a: Okidogi|Drain Punch|p2a: Jirachi\n|-damage|p2a: Jirachi|98/291\n|-heal|p1a: Okidogi|62/100|[from] drain|[of] p2a: Jirachi\n|\n|-heal|p1a: Okidogi|68/100|[from] item: Leftovers\n|upkeep\n|turn|8\n|inactive|Time left: 300 sec this turn | 300 sec total\n|\n|t:|1783541677\n|move|p2a: Jirachi|Iron Head|p1a: Okidogi\n|-damage|p1a: Okidogi|40/100\n|move|p1a: Okidogi|Drain Punch|p2a: Jirachi\n|-damage|p2a: Jirachi|19/291\n|-heal|p1a: Okidogi|55/100|[from] drain|[of] p2a: Jirachi\n|-status|p2a: Jirachi|tox|[from] ability: Toxic Chain|[of] p1a: Okidogi\n|\n|-heal|p1a: Okidogi|62/100|[from] item: Leftovers\n|-damage|p2a: Jirachi|1/291 tox|[from] psn\n|upkeep\n|turn|9\n|inactive|Time left: 300 sec this turn | 300 sec total\n|\n|t:|1783541678\n|move|p2a: Jirachi|Stealth Rock|p1a: Okidogi\n|-sidestart|p1: p0x222fdc0|move: Stealth Rock\n|move|p1a: Okidogi|Bulk Up|p1a: Okidogi\n|-boost|p1a: Okidogi|atk|1\n|-boost|p1a: Okidogi|def|1\n|\n|-heal|p1a: Okidogi|68/100|[from] item: Leftovers\n|-damage|p2a: Jirachi|0 fnt|[from] psn\n|faint|p2a: Jirachi\n|upkeep\n|inactive|Time left: 300 sec this turn | 300 sec total | 5 sec grace\n|\n|t:|1783541679\n|switch|p2a: Kilowattrel|Kilowattrel, L83, F|252/252\n|turn|10\n|inactive|Time left: 300 sec this turn | 300 sec total\n|\n|t:|1783541680\n|-terastallize|p1a: Okidogi|Dark\n|move|p2a: Kilowattrel|Hurricane|p1a: Okidogi\n|-damage|p1a: Okidogi|12/100\n|move|p1a: Okidogi|Gunk Shot|p2a: Kilowattrel|[miss]\n|-miss|p1a: Okidogi|p2a: Kilowattrel\n|\n|-heal|p1a: Okidogi|18/100|[from] item: Leftovers\n|upkeep\n|turn|11\n|inactive|Time left: 300 sec this turn | 300 sec total\n|\n|t:|1783541681\n|switch|p1a: Arceus|Arceus-Electric, L70|100/100\n|-damage|p1a: Arceus|88/100|[from] Stealth Rock\n|move|p2a: Kilowattrel|Discharge|p1a: Arceus\n|-resisted|p1a: Arceus\n|-damage|p1a: Arceus|74/100\n|\n|upkeep\n|turn|12\n|inactive|Time left: 300 sec this turn | 300 sec total\n|\n|t:|1783541683\n|switch|p2a: Umbreon|Umbreon, L84, M|297/297\n|move|p1a: Arceus|Ice Beam|p2a: Umbreon\n|-damage|p2a: Umbreon|259/297\n|\n|-heal|p2a: Umbreon|277/297|[from] item: Leftovers\n|upkeep\n|turn|13\n|inactive|Time left: 300 sec this turn | 300 sec total\n|\n|t:|1783541684\n|move|p1a: Arceus|Calm Mind|p1a: Arceus\n|-boost|p1a: Arceus|spa|1\n|-boost|p1a: Arceus|spd|1\n|move|p2a: Umbreon|Toxic|p1a: Arceus\n|-status|p1a: Arceus|tox\n|\n|-heal|p2a: Umbreon|295/297|[from] item: Leftovers\n|-damage|p1a: Arceus|68/100 tox|[from] psn\n|upkeep\n|turn|14\n|inactive|Time left: 300 sec this turn | 300 sec total\n|\n|t:|1783541685\n|move|p1a: Arceus|Judgment|p2a: Umbreon\n|-damage|p2a: Umbreon|177/297\n|move|p2a: Umbreon|Foul Play|p1a: Arceus\n|-damage|p1a: Arceus|41/100 tox\n|\n|-heal|p2a: Umbreon|195/297|[from] item: Leftovers\n|-damage|p1a: Arceus|29/100 tox|[from] psn\n|upkeep\n|turn|15\n|inactive|Time left: 300 sec this turn | 300 sec total\n|\n|t:|1783541686\n|move|p1a: Arceus|Recover|p1a: Arceus\n|-heal|p1a: Arceus|79/100 tox\n|move|p2a: Umbreon|Foul Play|p1a: Arceus\n|-damage|p1a: Arceus|50/100 tox\n|\n|-heal|p2a: Umbreon|213/297|[from] item: Leftovers\n|-damage|p1a: Arceus|33/100 tox|[from] psn\n|upkeep\n|turn|16\n|inactive|Time left: 300 sec this turn | 300 sec total\n|\n|t:|1783541687\n|move|p1a: Arceus|Recover|p1a: Arceus\n|-heal|p1a: Arceus|83/100 tox\n|move|p2a: Umbreon|Foul Play|p1a: Arceus\n|-damage|p1a: Arceus|54/100 tox\n|\n|-heal|p2a: Umbreon|231/297|[from] item: Leftovers\n|-damage|p1a: Arceus|30/100 tox|[from] psn\n|upkeep\n|turn|17\n|inactive|Time left: 300 sec this turn | 300 sec total\n|\n|t:|1783541688\n|move|p1a: Arceus|Recover|p1a: Arceus\n|-heal|p1a: Arceus|80/100 tox\n|move|p2a: Umbreon|Foul Play|p1a: Arceus\n|-damage|p1a: Arceus|53/100 tox\n|\n|-heal|p2a: Umbreon|249/297|[from] item: Leftovers\n|-damage|p1a: Arceus|23/100 tox|[from] psn\n|upkeep\n|turn|18\n|inactive|Time left: 300 sec this turn | 300 sec total\n|\n|t:|1783541689\n|move|p1a: Arceus|Ice Beam|p2a: Umbreon\n|-damage|p2a: Umbreon|186/297\n|move|p2a: Umbreon|Foul Play|p1a: Arceus\n|-damage|p1a: Arceus|0 fnt\n|faint|p1a: Arceus\n|\n|-heal|p2a: Umbreon|204/297|[from] item: Leftovers\n|upkeep\n|\n|t:|1783541689\n|switch|p1a: Okidogi|Okidogi, L77, M, tera:Dark|18/100\n|-damage|p1a: Okidogi|6/100|[from] Stealth Rock\n|turn|19\n|inactive|Time left: 300 sec this turn | 300 sec total\n|\n|t:|1783541690\n|switch|p2a: Kilowattrel|Kilowattrel, L83, F|252/252\n|move|p1a: Okidogi|Drain Punch|p2a: Kilowattrel\n|-resisted|p2a: Kilowattrel\n|-damage|p2a: Kilowattrel|199/252\n|-heal|p1a: Okidogi|17/100|[from] drain|[of] p2a: Kilowattrel\n|\n|-heal|p1a: Okidogi|23/100|[from] item: Leftovers\n|upkeep\n|turn|20\n|inactive|Time left: 300 sec this turn | 300 sec total\n|\n|t:|1783541691\n|switch|p1a: Chesnaught|Chesnaught, L84, M|100/100\n|-damage|p1a: Chesnaught|95/100|[from] Stealth Rock\n|move|p2a: Kilowattrel|Discharge|p1a: Chesnaught\n|-resisted|p1a: Chesnaught\n|-damage|p1a: Chesnaught|76/100\n|\n|-heal|p1a: Chesnaught|82/100|[from] item: Leftovers\n|upkeep\n|turn|21\n|inactive|Time left: 300 sec this turn | 300 sec total\n|\n|t:|1783541692\n|switch|p1a: Comfey|Comfey, L85, F|100/100\n|-damage|p1a: Comfey|88/100|[from] Stealth Rock\n|move|p2a: Kilowattrel|Hurricane|p1a: Comfey|[miss]\n|-miss|p2a: Kilowattrel|p1a: Comfey\n|\n|-heal|p1a: Comfey|94/100|[from] item: Leftovers\n|upkeep\n|turn|22\n|inactive|Time left: 300 sec this turn | 300 sec total\n|\n|t:|1783541693\n|move|p2a: Kilowattrel|Discharge|p1a: Comfey\n|-damage|p1a: Comfey|58/100\n|-status|p1a: Comfey|par\n|move|p1a: Comfey|Calm Mind|p1a: Comfey\n|-boost|p1a: Comfey|spa|1\n|-boost|p1a: Comfey|spd|1\n|\n|-heal|p1a: Comfey|64/100 par|[from] item: Leftovers\n|upkeep\n|turn|23\n|inactive|Time left: 300 sec this turn | 300 sec total\n|\n|t:|1783541694\n|move|p2a: Kilowattrel|Hurricane|p1a: Comfey|[miss]\n|-miss|p2a: Kilowattrel|p1a: Comfey\n|move|p1a: Comfey|Calm Mind|p1a: Comfey\n|-boost|p1a: Comfey|spa|1\n|-boost|p1a: Comfey|spd|1\n|\n|-heal|p1a: Comfey|71/100 par|[from] item: Leftovers\n|upkeep\n|turn|24\n|inactive|Time left: 300 sec this turn | 300 sec total\n|\n|t:|1783541695\n|switch|p2a: Meganium|Meganium, L90, M|290/290\n|move|p1a: Comfey|Draining Kiss|p2a: Meganium\n|-damage|p2a: Meganium|214/290\n|-heal|p1a: Comfey|96/100 par|[from] drain|[of] p2a: Meganium\n|\n|-heal|p2a: Meganium|232/290|[from] item: Leftovers\n|-heal|p1a: Comfey|100/100 par|[from] item: Leftovers\n|upkeep\n|turn|25\n|inactive|Time left: 300 sec this turn | 300 sec total\n|\n|t:|1783541696\n|move|p2a: Meganium|Encore|p1a: Comfey\n|-start|p1a: Comfey|Encore\n|cant|p1a: Comfey|par\n|\n|-heal|p2a: Meganium|250/290|[from] item: Leftovers\n|upkeep\n|turn|26\n|inactive|Time left: 300 sec this turn | 300 sec total\n|\n|t:|1783541697\n|move|p1a: Comfey|Draining Kiss|p2a: Meganium\n|-damage|p2a: Meganium|168/290\n|move|p2a: Meganium|Synthesis|p2a: Meganium\n|-heal|p2a: Meganium|290/290\n|\n|upkeep\n|turn|27\n|inactive|Time left: 300 sec this turn | 300 sec total\n|\n|t:|1783541698\n|move|p1a: Comfey|Draining Kiss|p2a: Meganium\n|-damage|p2a: Meganium|212/290\n|move|p2a: Meganium|Knock Off|p1a: Comfey\n|-resisted|p1a: Comfey\n|-damage|p1a: Comfey|85/100 par\n|-enditem|p1a: Comfey|Leftovers|[from] move: Knock Off|[of] p2a: Meganium\n|\n|-heal|p2a: Meganium|230/290|[from] item: Leftovers\n|-end|p1a: Comfey|Encore\n|upkeep\n|turn|28\n|inactive|Time left: 300 sec this turn | 300 sec total\n|\n|t:|1783541700\n|move|p2a: Meganium|Encore|p1a: Comfey\n|-start|p1a: Comfey|Encore\n|move|p1a: Comfey|Draining Kiss|p2a: Meganium\n|-damage|p2a: Meganium|145/290\n|-heal|p1a: Comfey|100/100 par|[from] drain|[of] p2a: Meganium\n|\n|-heal|p2a: Meganium|163/290|[from] item: Leftovers\n|upkeep\n|turn|29\n|inactive|Time left: 300 sec this turn | 300 sec total\n|\n|t:|1783541701\n|move|p1a: Comfey|Draining Kiss|p2a: Meganium\n|-damage|p2a: Meganium|82/290\n|move|p2a: Meganium|Synthesis|p2a: Meganium\n|-heal|p2a: Meganium|227/290\n|\n|-heal|p2a: Meganium|245/290|[from] item: Leftovers\n|upkeep\n|turn|30\n|inactive|Time left: 300 sec this turn | 300 sec total\n|\n|t:|1783541702\n|cant|p1a: Comfey|par\n|move|p2a: Meganium|Encore||[still]\n|-fail|p2a: Meganium\n|\n|-heal|p2a: Meganium|263/290|[from] item: Leftovers\n|-end|p1a: Comfey|Encore\n|upkeep\n|turn|31\n|inactive|Time left: 300 sec this turn | 300 sec total\n|\n|t:|1783541703\n|move|p2a: Meganium|Encore|p1a: Comfey\n|-start|p1a: Comfey|Encore\n|cant|p1a: Comfey|par\n|\n|-heal|p2a: Meganium|281/290|[from] item: Leftovers\n|upkeep\n|turn|32\n|inactive|Time left: 300 sec this turn | 300 sec total\n|\n|t:|1783541704\n|move|p1a: Comfey|Draining Kiss|p2a: Meganium\n|-damage|p2a: Meganium|200/290\n|move|p2a: Meganium|Energy Ball|p1a: Comfey\n|-damage|p1a: Comfey|82/100 par\n|\n|-heal|p2a: Meganium|218/290|[from] item: Leftovers\n|upkeep\n|turn|33\n|inactive|Time left: 300 sec this turn | 300 sec total\n|\n|t:|1783541705\n|move|p1a: Comfey|Draining Kiss|p2a: Meganium\n|-damage|p2a: Meganium|128/290\n|-heal|p1a: Comfey|100/100 par|[from] drain|[of] p2a: Meganium\n|move|p2a: Meganium|Synthesis|p2a: Meganium\n|-heal|p2a: Meganium|273/290\n|\n|-heal|p2a: Meganium|290/290|[from] item: Leftovers\n|-end|p1a: Comfey|Encore\n|upkeep\n|turn|34\n|inactive|Time left: 300 sec this turn | 300 sec total\n|\n|t:|1783541706\n|move|p2a: Meganium|Encore|p1a: Comfey\n|-start|p1a: Comfey|Encore\n|move|p1a: Comfey|Draining Kiss|p2a: Meganium\n|-damage|p2a: Meganium|212/290\n|\n|-heal|p2a: Meganium|230/290|[from] item: Leftovers\n|upkeep\n|turn|35\n|inactive|Time left: 300 sec this turn | 300 sec total\n|\n|t:|1783541707\n|move|p1a: Comfey|Draining Kiss|p2a: Meganium\n|-damage|p2a: Meganium|148/290\n|move|p2a: Meganium|Synthesis|p2a: Meganium\n|-heal|p2a: Meganium|290/290\n|\n|upkeep\n|turn|36\n|inactive|Time left: 300 sec this turn | 300 sec total\n|\n|t:|1783541708\n|move|p1a: Comfey|Draining Kiss|p2a: Meganium\n|-damage|p2a: Meganium|208/290\n|move|p2a: Meganium|Encore||[still]\n|-fail|p2a: Meganium\n|\n|-heal|p2a: Meganium|226/290|[from] item: Leftovers\n|-end|p1a: Comfey|Encore\n|upkeep\n|turn|37\n|inactive|Time left: 300 sec this turn | 300 sec total\n|\n|t:|1783541709\n|move|p1a: Comfey|Draining Kiss|p2a: Meganium\n|-damage|p2a: Meganium|145/290\n|move|p2a: Meganium|Encore|p1a: Comfey\n|-start|p1a: Comfey|Encore\n|\n|-heal|p2a: Meganium|163/290|[from] item: Leftovers\n|upkeep\n|turn|38\n|inactive|Time left: 300 sec this turn | 300 sec total\n|\n|t:|1783541711\n|move|p1a: Comfey|Draining Kiss|p2a: Meganium\n|-damage|p2a: Meganium|75/290\n|move|p2a: Meganium|Synthesis|p2a: Meganium\n|-heal|p2a: Meganium|220/290\n|\n|-heal|p2a: Meganium|238/290|[from] item: Leftovers\n|upkeep\n|turn|39\n|inactive|Time left: 300 sec this turn | 300 sec total\n|\n|t:|1783541712\n|move|p1a: Comfey|Draining Kiss|p2a: Meganium\n|-damage|p2a: Meganium|154/290\n|move|p2a: Meganium|Synthesis|p2a: Meganium\n|-heal|p2a: Meganium|290/290\n|\n|upkeep\n|turn|40\n|inactive|Time left: 300 sec this turn | 300 sec total\n|\n|t:|1783541713\n|move|p1a: Comfey|Draining Kiss|p2a: Meganium\n|-damage|p2a: Meganium|214/290\n|move|p2a: Meganium|Encore||[still]\n|-fail|p2a: Meganium\n|\n|-heal|p2a: Meganium|232/290|[from] item: Leftovers\n|-end|p1a: Comfey|Encore\n|upkeep\n|turn|41\n|inactive|Time left: 300 sec this turn | 300 sec total\n|\n|t:|1783541714\n|move|p2a: Meganium|Energy Ball|p1a: Comfey\n|-damage|p1a: Comfey|81/100 par\n|move|p1a: Comfey|Calm Mind|p1a: Comfey\n|-boost|p1a: Comfey|spa|1\n|-boost|p1a: Comfey|spd|1\n|\n|-heal|p2a: Meganium|250/290|[from] item: Leftovers\n|upkeep\n|turn|42\n|inactive|Time left: 300 sec this turn | 300 sec total\n|\n|t:|1783541715\n|move|p2a: Meganium|Synthesis|p2a: Meganium\n|-heal|p2a: Meganium|290/290\n|move|p1a: Comfey|Stored Power|p2a: Meganium\n|-damage|p2a: Meganium|96/290\n|\n|-heal|p2a: Meganium|114/290|[from] item: Leftovers\n|upkeep\n|turn|43\n|inactive|Time left: 300 sec this turn | 300 sec total\n|\n|t:|1783541716\n|move|p2a: Meganium|Synthesis|p2a: Meganium\n|-heal|p2a: Meganium|259/290\n|move|p1a: Comfey|Stored Power|p2a: Meganium\n|-damage|p2a: Meganium|79/290\n|\n|-heal|p2a: Meganium|97/290|[from] item: Leftovers\n|upkeep\n|turn|44\n|inactive|Time left: 300 sec this turn | 300 sec total\n|\n|t:|1783541717\n|switch|p2a: Umbreon|Umbreon, L84, M|204/297\n|cant|p1a: Comfey|par\n|\n|-heal|p2a: Umbreon|222/297|[from] item: Leftovers\n|upkeep\n|turn|45\n|inactive|Time left: 300 sec this turn | 300 sec total\n|\n|t:|1783541718\n|move|p2a: Umbreon|Protect|p2a: Umbreon\n|-singleturn|p2a: Umbreon|Protect\n|move|p1a: Comfey|Draining Kiss|p2a: Umbreon\n|-activate|p2a: Umbreon|move: Protect\n|\n|-heal|p2a: Umbreon|240/297|[from] item: Leftovers\n|upkeep\n|turn|46\n|inactive|Time left: 300 sec this turn | 300 sec total\n|\n|t:|1783541720\n|move|p1a: Comfey|Draining Kiss|p2a: Umbreon\n|-supereffective|p2a: Umbreon\n|-damage|p2a: Umbreon|70/297\n|-heal|p1a: Comfey|100/100 par|[from] drain|[of] p2a: Umbreon\n|move|p2a: Umbreon|Wish|p2a: Umbreon\n|\n|-heal|p2a: Umbreon|88/297|[from] item: Leftovers\n|upkeep\n|turn|47\n|inactive|Time left: 300 sec this turn | 300 sec total\n|\n|t:|1783541721\n|move|p2a: Umbreon|Protect|p2a: Umbreon\n|-singleturn|p2a: Umbreon|Protect\n|move|p1a: Comfey|Giga Drain|p2a: Umbreon\n|-activate|p2a: Umbreon|move: Protect\n|\n|-heal|p2a: Umbreon|236/297|[from] move: Wish|[wisher] Umbreon\n|-heal|p2a: Umbreon|254/297|[from] item: Leftovers\n|upkeep\n|turn|48\n|inactive|Time left: 300 sec this turn | 300 sec total\n|\n|t:|1783541722\n|move|p2a: Umbreon|Wish|p2a: Umbreon\n|move|p1a: Comfey|Stored Power|p2a: Umbreon\n|-immune|p2a: Umbreon\n|\n|-heal|p2a: Umbreon|272/297|[from] item: Leftovers\n|upkeep\n|turn|49\n|inactive|Time left: 300 sec this turn | 300 sec total\n|\n|t:|1783541723\n|move|p2a: Umbreon|Foul Play|p1a: Comfey\n|-resisted|p1a: Comfey\n|-damage|p1a: Comfey|90/100 par\n|move|p1a: Comfey|Stored Power|p2a: Umbreon\n|-immune|p2a: Umbreon\n|\n|-heal|p2a: Umbreon|297/297|[from] move: Wish|[wisher] Umbreon\n|upkeep\n|turn|50\n|inactive|Time left: 300 sec this turn | 300 sec total\n|\n|t:|1783541724\n|move|p2a: Umbreon|Protect|p2a: Umbreon\n|-singleturn|p2a: Umbreon|Protect\n|cant|p1a: Comfey|par\n|\n|upkeep\n|turn|51\n|inactive|Time left: 300 sec this turn | 300 sec total\n|\n|t:|1783541725\n|move|p2a: Umbreon|Foul Play|p1a: Comfey\n|-resisted|p1a: Comfey\n|-damage|p1a: Comfey|80/100 par\n|move|p1a: Comfey|Calm Mind|p1a: Comfey\n|-boost|p1a: Comfey|spa|1\n|-boost|p1a: Comfey|spd|1\n|\n|upkeep\n|turn|52\n|inactive|Time left: 300 sec this turn | 300 sec total\n|\n|t:|1783541726\n|move|p2a: Umbreon|Protect|p2a: Umbreon\n|-singleturn|p2a: Umbreon|Protect\n|cant|p1a: Comfey|par\n|\n|upkeep\n|turn|53\n|inactive|Time left: 300 sec this turn | 300 sec total\n|\n|t:|1783541727\n|move|p1a: Comfey|Giga Drain|p2a: Umbreon\n|-crit|p2a: Umbreon\n|-damage|p2a: Umbreon|127/297\n|-heal|p1a: Comfey|100/100 par|[from] drain|[of] p2a: Umbreon\n|move|p2a: Umbreon|Foul Play|p1a: Comfey\n|-resisted|p1a: Comfey\n|-damage|p1a: Comfey|91/100 par\n|\n|-heal|p2a: Umbreon|145/297|[from] item: Leftovers\n|upkeep\n|turn|54\n|inactive|Time left: 300 sec this turn | 300 sec total\n|\n|t:|1783541728\n|move|p1a: Comfey|Giga Drain|p2a: Umbreon\n|-crit|p2a: Umbreon\n|-damage|p2a: Umbreon|0 fnt\n|-heal|p1a: Comfey|100/100 par|[from] drain|[of] p2a: Umbreon\n|faint|p2a: Umbreon\n|\n|upkeep\n|inactive|Time left: 300 sec this turn | 300 sec total | 5 sec grace\n|\n|t:|1783541729\n|switch|p2a: Meganium|Meganium, L90, M|97/290\n|turn|55\n|inactive|Time left: 300 sec this turn | 300 sec total\n|\n|t:|1783541731\n|move|p2a: Meganium|Energy Ball|p1a: Comfey\n|-damage|p1a: Comfey|88/100 par\n|move|p1a: Comfey|Stored Power|p2a: Meganium\n|-damage|p2a: Meganium|0 fnt\n|faint|p2a: Meganium\n|\n|upkeep\n|inactive|Time left: 300 sec this turn | 300 sec total | 5 sec grace\n|\n|t:|1783541732\n|switch|p2a: Lapras|Lapras, L87, M|368/368\n|turn|56\n|inactive|Time left: 300 sec this turn | 300 sec total\n|\n|t:|1783541732\n|move|p2a: Lapras|Sparkling Aria|p1a: Comfey\n|-damage|p1a: Comfey|76/100 par\n|cant|p1a: Comfey|par\n|\n|upkeep\n|turn|57\n|inactive|Time left: 300 sec this turn | 300 sec total\n|\n|t:|1783541734\n|move|p2a: Lapras|Sparkling Aria|p1a: Comfey\n|-damage|p1a: Comfey|64/100 par\n|move|p1a: Comfey|Stored Power|p2a: Lapras\n|-damage|p2a: Lapras|45/368\n|\n|upkeep\n|turn|58\n|inactive|Time left: 300 sec this turn | 300 sec total\n|\n|t:|1783541735\n|switch|p2a: Kilowattrel|Kilowattrel, L83, F|199/252\n|move|p1a: Comfey|Stored Power|p2a: Kilowattrel\n|-damage|p2a: Kilowattrel|0 fnt\n|faint|p2a: Kilowattrel\n|\n|upkeep\n|inactive|Time left: 300 sec this turn | 300 sec total | 5 sec grace\n|\n|t:|1783541735\n|switch|p2a: Lapras|Lapras, L87, M|45/368\n|turn|59\n|inactive|Time left: 300 sec this turn | 300 sec total\n|\n|t:|1783541736\n|move|p1a: Comfey|Giga Drain|p2a: Lapras\n|-supereffective|p2a: Lapras\n|-damage|p2a: Lapras|0 fnt\n|-heal|p1a: Comfey|74/100 par|[from] drain|[of] p2a: Lapras\n|faint|p2a: Lapras\n|\n|win|p0x222fdc0", "uploadtime": 1783541736, "views": 0, "rating": 0, "private": 0, "password": null, "_winner": "p0x222fdc0", "_our_name": "p0y222c6f5"}