{"id": "battle-gen9randombattle-31", "formatid": "gen9randombattle", "format": "[Gen 9] Random Battle", "players": ["p0x031f08e", "p0y03134a5"], "log": "|init|battle\n|title|p0x031f08e vs. p0y03134a5\n|j|\u2606p0x031f08e\n|j|\u2606p0y03134a5\n|t:|1783539787\n|gametype|singles\n|player|p1|p0x031f08e|2|\n|player|p2|p0y03134a5|170|\n|gen|9\n|tier|[Gen 9] Random Battle\n|rule|Species Clause: Limit one of each Pok\u00e9mon\n|rule|HP Percentage Mod: HP is shown in percentages\n|rule|Sleep Clause Mod: Limit one foe put to sleep\n|rule|Illusion Level Mod: Illusion disguises the Pok\u00e9mon's true level\n|\n|t:|1783539787\n|teamsize|p1|6\n|teamsize|p2|6\n|start\n|switch|p1a: Kyogre|Kyogre, L71|100/100\n|switch|p2a: Toxapex|Toxapex, L82, F|216/216\n|-weather|RainDance|[from] ability: Drizzle|[of] p1a: Kyogre\n|turn|1\n|inactive|Battle timer is ON: inactive players will automatically lose when time's up. (requested by p0x031f08e)\n|inactive|Time left: 300 sec this turn | 300 sec total | 60 sec grace\n|inactive|p0y03134a5 also wants the timer to be on.\n|\n|t:|1783539789\n|move|p1a: Kyogre|Water Spout|p2a: Toxapex\n|-resisted|p2a: Toxapex\n|-damage|p2a: Toxapex|126/216\n|move|p2a: Toxapex|Toxic Spikes|p1a: Kyogre\n|-sidestart|p1: p0x031f08e|move: Toxic Spikes\n|\n|-weather|RainDance|[upkeep]\n|-heal|p2a: Toxapex|139/216|[from] item: Leftovers\n|upkeep\n|turn|2\n|inactive|Time left: 300 sec this turn | 300 sec total\n|\n|t:|1783539790\n|move|p1a: Kyogre|Water Spout|p2a: Toxapex\n|-resisted|p2a: Toxapex\n|-damage|p2a: Toxapex|54/216\n|move|p2a: Toxapex|Recover|p2a: Toxapex\n|-heal|p2a: Toxapex|162/216\n|\n|-weather|RainDance|[upkeep]\n|-heal|p2a: Toxapex|175/216|[from] item: Leftovers\n|upkeep\n|turn|3\n|inactive|Time left: 300 sec this turn | 300 sec total\n|\n|t:|1783539791\n|move|p1a: Kyogre|Water Spout|p2a: Toxapex\n|-resisted|p2a: Toxapex\n|-damage|p2a: Toxapex|86/216\n|move|p2a: Toxapex|Liquidation|p1a: Kyogre\n|-resisted|p1a: Kyogre\n|-damage|p1a: Kyogre|78/100\n|\n|-weather|RainDance|[upkeep]\n|-heal|p2a: Toxapex|99/216|[from] item: Leftovers\n|upkeep\n|turn|4\n|inactive|Time left: 300 sec this turn | 300 sec total\n|\n|t:|1783539792\n|move|p1a: Kyogre|Water Spout|p2a: Toxapex\n|-resisted|p2a: Toxapex\n|-damage|p2a: Toxapex|27/216\n|move|p2a: Toxapex|Recover|p2a: Toxapex\n|-heal|p2a: Toxapex|135/216\n|\n|-weather|RainDance|[upkeep]\n|-heal|p2a: Toxapex|148/216|[from] item: Leftovers\n|upkeep\n|turn|5\n|inactive|Time left: 300 sec this turn | 300 sec total\n|\n|t:|1783539793\n|move|p1a: Kyogre|Water Spout|p2a: Toxapex\n|-resisted|p2a: Toxapex\n|-damage|p2a: Toxapex|83/216\n|move|p2a: Toxapex|Recover|p2a: Toxapex\n|-heal|p2a: Toxapex|191/216\n|\n|-weather|none\n|-heal|p2a: Toxapex|204/216|[from] item: Leftovers\n|upkeep\n|turn|6\n|inactive|Time left: 300 sec this turn | 300 sec total\n|\n|t:|1783539794\n|switch|p1a: Vikavolt|Vikavolt, L83, F|100/100\n|move|p2a: Toxapex|Toxic Spikes|p1a: Vikavolt\n|-sidestart|p1: p0x031f08e|move: Toxic Spikes\n|\n|-heal|p2a: Toxapex|216/216|[from] item: Leftovers\n|upkeep\n|turn|7\n|inactive|Time left: 300 sec this turn | 300 sec total\n|\n|t:|1783539796\n|switch|p2a: Toedscruel|Toedscruel, L87, F|281/281\n|move|p1a: Vikavolt|Sticky Web|p2a: Toedscruel\n|-sidestart|p2: p0y03134a5|move: Sticky Web\n|\n|upkeep\n|turn|8\n|inactive|Time left: 300 sec this turn | 300 sec total\n|\n|t:|1783539797\n|move|p2a: Toedscruel|Rapid Spin|p1a: Vikavolt\n|-damage|p1a: Vikavolt|89/100\n|-boost|p2a: Toedscruel|spe|1\n|-sideend|p2: p0y03134a5|Sticky Web|[from] move: Rapid Spin|[of] p2a: Toedscruel\n|move|p1a: Vikavolt|Bug Buzz|p2a: Toedscruel\n|-supereffective|p2a: Toedscruel\n|-damage|p2a: Toedscruel|161/281\n|\n|upkeep\n|turn|9\n|inactive|Time left: 300 sec this turn | 300 sec total\n|\n|t:|1783539798\n|move|p2a: Toedscruel|Knock Off|p1a: Vikavolt\n|-damage|p1a: Vikavolt|68/100\n|-enditem|p1a: Vikavolt|Heavy-Duty Boots|[from] move: Knock Off|[of] p2a: Toedscruel\n|move|p1a: Vikavolt|Sticky Web|p2a: Toedscruel\n|-sidestart|p2: p0y03134a5|move: Sticky Web\n|\n|upkeep\n|turn|10\n|inactive|Time left: 300 sec this turn | 300 sec total\n|\n|t:|1783539799\n|move|p2a: Toedscruel|Rapid Spin|p1a: Vikavolt\n|-damage|p1a: Vikavolt|56/100\n|-boost|p2a: Toedscruel|spe|1\n|-sideend|p2: p0y03134a5|Sticky Web|[from] move: Rapid Spin|[of] p2a: Toedscruel\n|move|p1a: Vikavolt|Bug Buzz|p2a: Toedscruel\n|-supereffective|p2a: Toedscruel\n|-damage|p2a: Toedscruel|39/281\n|-unboost|p2a: Toedscruel|spd|1\n|\n|upkeep\n|turn|11\n|inactive|Time left: 300 sec this turn | 300 sec total\n|\n|t:|1783539800\n|move|p2a: Toedscruel|Giga Drain|p1a: Vikavolt\n|-resisted|p1a: Vikavolt\n|-damage|p1a: Vikavolt|42/100\n|-heal|p2a: Toedscruel|59/281|[from] drain|[of] p1a: Vikavolt\n|move|p1a: Vikavolt|Sticky Web|p2a: Toedscruel\n|-sidestart|p2: p0y03134a5|move: Sticky Web\n|\n|upkeep\n|turn|12\n|inactive|Time left: 300 sec this turn | 300 sec total\n|\n|t:|1783539801\n|move|p2a: Toedscruel|Rapid Spin|p1a: Vikavolt\n|-damage|p1a: Vikavolt|29/100\n|-boost|p2a: Toedscruel|spe|1\n|-sideend|p2: p0y03134a5|Sticky Web|[from] move: Rapid Spin|[of] p2a: Toedscruel\n|move|p1a: Vikavolt|Sticky Web|p2a: Toedscruel\n|-sidestart|p2: p0y03134a5|move: Sticky Web\n|\n|upkeep\n|turn|13\n|inactive|Time left: 300 sec this turn | 300 sec total\n|\n|t:|1783539802\n|move|p2a: Toedscruel|Rapid Spin|p1a: Vikavolt\n|-damage|p1a: Vikavolt|18/100\n|-boost|p2a: Toedscruel|spe|1\n|-sideend|p2: p0y03134a5|Sticky Web|[from] move: Rapid Spin|[of] p2a: Toedscruel\n|move|p1a: Vikavolt|Bug Buzz|p2a: Toedscruel\n|-supereffective|p2a: Toedscruel\n|-damage|p2a: Toedscruel|0 fnt\n|faint|p2a: Toedscruel\n|\n|upkeep\n|inactive|Time left: 300 sec this turn | 300 sec total | 5 sec grace\n|\n|t:|1783539803\n|switch|p2a: Miraidon|Miraidon, L65|238/238\n|-fieldstart|move: Electric Terrain|[from] ability: Hadron Engine|[of] p2a: Miraidon\n|turn|14\n|inactive|Time left: 300 sec this turn | 300 sec total\n|\n|t:|1783539804\n|move|p2a: Miraidon|Electro Drift|p1a: Vikavolt\n|-resisted|p1a: Vikavolt\n|-crit|p1a: Vikavolt\n|-damage|p1a: Vikavolt|0 fnt\n|faint|p1a: Vikavolt\n|-damage|p2a: Miraidon|215/238|[from] item: Life Orb\n|\n|upkeep\n|\n|t:|1783539805\n|switch|p1a: Metagross|Metagross, L79|100/100\n|turn|15\n|inactive|Time left: 300 sec this turn | 300 sec total\n|\n|t:|1783539806\n|-terastallize|p2a: Miraidon|Electric\n|-terastallize|p1a: Metagross|Ground\n|move|p2a: Miraidon|Electro Drift|p1a: Metagross\n|-immune|p1a: Metagross\n|move|p1a: Metagross|Earthquake|p2a: Miraidon\n|-supereffective|p2a: Miraidon\n|-damage|p2a: Miraidon|0 fnt\n|faint|p2a: Miraidon\n|\n|upkeep\n|inactive|Time left: 300 sec this turn | 300 sec total | 5 sec grace\n|\n|t:|1783539806\n|switch|p2a: Chesnaught|Chesnaught, L84, M|285/285\n|turn|16\n|inactive|Time left: 300 sec this turn | 300 sec total\n|\n|t:|1783539807\n|switch|p1a: Flamigo|Flamigo, L82, M|100/100\n|move|p2a: Chesnaught|Trailblaze|p1a: Flamigo\n|-resisted|p1a: Flamigo\n|-damage|p1a: Flamigo|89/100\n|-boost|p2a: Chesnaught|spe|1\n|\n|upkeep\n|turn|17\n|inactive|Time left: 300 sec this turn | 300 sec total\n|\n|t:|1783539808\n|switch|p2a: Arceus|Arceus-Rock, L74|300/300\n|move|p1a: Flamigo|Swords Dance|p1a: Flamigo\n|-boost|p1a: Flamigo|atk|2\n|\n|upkeep\n|turn|18\n|inactive|Time left: 300 sec this turn | 300 sec total\n|\n|t:|1783539809\n|move|p2a: Arceus|Judgment|p1a: Flamigo\n|-damage|p1a: Flamigo|29/100\n|move|p1a: Flamigo|Close Combat|p2a: Arceus\n|-supereffective|p2a: Arceus\n|-damage|p2a: Arceus|0 fnt\n|-unboost|p1a: Flamigo|def|1\n|-unboost|p1a: Flamigo|spd|1\n|faint|p2a: Arceus\n|-damage|p1a: Flamigo|20/100|[from] item: Life Orb\n|\n|-fieldend|move: Electric Terrain\n|upkeep\n|inactive|Time left: 300 sec this turn | 300 sec total | 5 sec grace\n|\n|t:|1783539810\n|switch|p2a: Toxapex|Toxapex, L82, F|216/216\n|turn|19\n|inactive|Time left: 300 sec this turn | 300 sec total\n|\n|t:|1783539811\n|move|p1a: Flamigo|Roost|p1a: Flamigo\n|-heal|p1a: Flamigo|70/100\n|-singleturn|p1a: Flamigo|move: Roost\n|move|p2a: Toxapex|Liquidation|p1a: Flamigo\n|-damage|p1a: Flamigo|28/100\n|\n|upkeep\n|turn|20\n|inactive|Time left: 300 sec this turn | 300 sec total\n|\n|t:|1783539812\n|move|p1a: Flamigo|Roost|p1a: Flamigo\n|-heal|p1a: Flamigo|78/100\n|-singleturn|p1a: Flamigo|move: Roost\n|move|p2a: Toxapex|Liquidation|p1a: Flamigo\n|-damage|p1a: Flamigo|35/100\n|\n|upkeep\n|turn|21\n|inactive|Time left: 300 sec this turn | 300 sec total\n|\n|t:|1783539812\n|move|p1a: Flamigo|Roost|p1a: Flamigo\n|-heal|p1a: Flamigo|86/100\n|-singleturn|p1a: Flamigo|move: Roost\n|move|p2a: Toxapex|Liquidation|p1a: Flamigo\n|-damage|p1a: Flamigo|45/100\n|\n|upkeep\n|turn|22\n|inactive|Time left: 300 sec this turn | 300 sec total\n|\n|t:|1783539813\n|move|p1a: Flamigo|Brave Bird|p2a: Toxapex\n|-damage|p2a: Toxapex|0 fnt\n|faint|p2a: Toxapex\n|-damage|p1a: Flamigo|19/100|[from] Recoil\n|-damage|p1a: Flamigo|9/100|[from] item: Life Orb\n|\n|upkeep\n|inactive|Time left: 300 sec this turn | 300 sec total | 5 sec grace\n|\n|t:|1783539814\n|switch|p2a: Hitmonchan|Hitmonchan, L87, M|229/229\n|turn|23\n|inactive|Time left: 300 sec this turn | 300 sec total\n|\n|t:|1783539815\n|move|p1a: Flamigo|Brave Bird|p2a: Hitmonchan\n|-supereffective|p2a: Hitmonchan\n|-damage|p2a: Hitmonchan|0 fnt\n|faint|p2a: Hitmonchan\n|-damage|p1a: Flamigo|0 fnt|[from] Recoil\n|faint|p1a: Flamigo\n|\n|upkeep\n|inactive|Time left: 300 sec this turn | 300 sec total | 5 sec grace\n|\n|t:|1783539816\n|switch|p1a: Kyogre|Kyogre, L71|78/100\n|switch|p2a: Chesnaught|Chesnaught, L84, M|285/285\n|-status|p1a: Kyogre|tox\n|-weather|RainDance|[from] ability: Drizzle|[of] p1a: Kyogre\n|turn|24\n|inactive|Time left: 300 sec this turn | 300 sec total\n|\n|t:|1783539817\n|move|p1a: Kyogre|Ice Beam|p2a: Chesnaught\n|-supereffective|p2a: Chesnaught\n|-damage|p2a: Chesnaught|147/285\n|move|p2a: Chesnaught|Trailblaze|p1a: Kyogre\n|-supereffective|p1a: Kyogre\n|-damage|p1a: Kyogre|23/100 tox\n|-boost|p2a: Chesnaught|spe|1\n|\n|-weather|RainDance|[upkeep]\n|-heal|p2a: Chesnaught|164/285|[from] item: Leftovers\n|-damage|p1a: Kyogre|17/100 tox|[from] psn\n|upkeep\n|turn|25\n|inactive|Time left: 300 sec this turn | 300 sec total\n|\n|t:|1783539818\n|move|p1a: Kyogre|Ice Beam|p2a: Chesnaught\n|-supereffective|p2a: Chesnaught\n|-damage|p2a: Chesnaught|24/285\n|move|p2a: Chesnaught|Trailblaze|p1a: Kyogre\n|-supereffective|p1a: Kyogre\n|-damage|p1a: Kyogre|0 fnt\n|-boost|p2a: Chesnaught|spe|1\n|faint|p1a: Kyogre\n|\n|-weather|RainDance|[upkeep]\n|-heal|p2a: Chesnaught|41/285|[from] item: Leftovers\n|upkeep\n|\n|t:|1783539819\n|switch|p1a: Heracross|Heracross, L80, M|100/100\n|-status|p1a: Heracross|tox\n|turn|26\n|inactive|Time left: 300 sec this turn | 300 sec total\n|\n|t:|1783539821\n|move|p2a: Chesnaught|Synthesis|p2a: Chesnaught\n|-heal|p2a: Chesnaught|112/285\n|move|p1a: Heracross|Close Combat|p2a: Chesnaught\n|-damage|p2a: Chesnaught|0 fnt\n|-unboost|p1a: Heracross|def|1\n|-unboost|p1a: Heracross|spd|1\n|faint|p2a: Chesnaught\n|\n|win|p0x031f08e", "uploadtime": 1783539821, "views": 0, "rating": 0, "private": 0, "password": null, "_winner": "p0x031f08e", "_our_name": "p0y03134a5"}