{"id": "battle-gen9randombattle-2913", "formatid": "gen9randombattle", "format": "[Gen 9] Random Battle", "players": ["p0x29130ea4", "p0y2913bd57"], "log": "|init|battle\n|title|p0x29130ea4 vs. p0y2913bd57\n|j|\u2606p0x29130ea4\n|j|\u2606p0y2913bd57\n|t:|1783572584\n|gametype|singles\n|player|p1|p0x29130ea4|170|\n|player|p2|p0y2913bd57|101|\n|gen|9\n|tier|[Gen 9] Random Battle\n|rule|Species Clause: Limit one of each Pok\u00e9mon\n|rule|HP Percentage Mod: HP is shown in percentages\n|rule|Sleep Clause Mod: Limit one foe put to sleep\n|rule|Illusion Level Mod: Illusion disguises the Pok\u00e9mon's true level\n|\n|t:|1783572584\n|teamsize|p1|6\n|teamsize|p2|6\n|start\n|switch|p1a: Golurk|Golurk, L87|100/100\n|switch|p2a: Houndstone|Houndstone, L86, M|264/264\n|turn|1\n|inactive|Battle timer is ON: inactive players will automatically lose when time's up. (requested by p0y2913bd57)\n|inactive|p0x29130ea4 also wants the timer to be on.\n|\n|t:|1783572585\n|move|p2a: Houndstone|Poltergeist|p1a: Golurk\n|-activate|p1a: Golurk|move: Poltergeist|Life Orb\n|-supereffective|p1a: Golurk\n|-damage|p1a: Golurk|20/100\n|move|p1a: Golurk|Poltergeist|p2a: Houndstone\n|-activate|p2a: Houndstone|move: Poltergeist|Leftovers\n|-supereffective|p2a: Houndstone\n|-damage|p2a: Houndstone|0 fnt\n|faint|p2a: Houndstone\n|-damage|p1a: Golurk|10/100|[from] item: Life Orb\n|\n|upkeep\n|inactive|Time left: 300 sec this turn | 300 sec total | 65 sec grace\n|\n|t:|1783572586\n|switch|p2a: Samurott|Samurott-Hisui, L77, M|265/265\n|turn|2\n|inactive|Time left: 300 sec this turn | 300 sec total\n|\n|t:|1783572588\n|move|p2a: Samurott|Ceaseless Edge|p1a: Golurk\n|-supereffective|p1a: Golurk\n|-damage|p1a: Golurk|0 fnt\n|-sidestart|p1: p0x29130ea4|Spikes\n|faint|p1a: Golurk\n|\n|upkeep\n|\n|t:|1783572589\n|switch|p1a: Hawlucha|Hawlucha, L80, M|100/100\n|turn|3\n|inactive|Time left: 300 sec this turn | 300 sec total\n|\n|t:|1783572590\n|move|p2a: Samurott|Ceaseless Edge|p1a: Hawlucha\n|-resisted|p1a: Hawlucha\n|-damage|p1a: Hawlucha|79/100\n|-sidestart|p1: p0x29130ea4|Spikes\n|move|p1a: Hawlucha|Swords Dance|p1a: Hawlucha\n|-boost|p1a: Hawlucha|atk|2\n|\n|upkeep\n|turn|4\n|inactive|Time left: 300 sec this turn | 300 sec total\n|\n|t:|1783572591\n|move|p2a: Samurott|Ceaseless Edge|p1a: Hawlucha\n|-resisted|p1a: Hawlucha\n|-damage|p1a: Hawlucha|59/100\n|-sidestart|p1: p0x29130ea4|Spikes\n|move|p1a: Hawlucha|Close Combat|p2a: Samurott\n|-supereffective|p2a: Samurott\n|-damage|p2a: Samurott|0 fnt\n|-unboost|p1a: Hawlucha|def|1\n|-unboost|p1a: Hawlucha|spd|1\n|faint|p2a: Samurott\n|-enditem|p1a: Hawlucha|White Herb\n|-clearnegativeboost|p1a: Hawlucha|[silent]\n|\n|upkeep\n|inactive|Time left: 300 sec this turn | 300 sec total | 5 sec grace\n|\n|t:|1783572591\n|switch|p2a: Alcremie|Alcremie-Caramel-Swirl, L90, F|263/263\n|turn|5\n|inactive|Time left: 300 sec this turn | 300 sec total\n|\n|t:|1783572592\n|-terastallize|p1a: Hawlucha|Flying\n|move|p1a: Hawlucha|Brave Bird|p2a: Alcremie\n|-damage|p2a: Alcremie|0 fnt\n|faint|p2a: Alcremie\n|-damage|p1a: Hawlucha|25/100|[from] Recoil\n|\n|upkeep\n|inactive|Time left: 300 sec this turn | 300 sec total | 5 sec grace\n|\n|t:|1783572593\n|switch|p2a: Galvantula|Galvantula, L82, M|249/249\n|turn|6\n|inactive|Time left: 300 sec this turn | 300 sec total\n|\n|t:|1783572594\n|-terastallize|p2a: Galvantula|Electric\n|move|p1a: Hawlucha|Brave Bird|p2a: Galvantula\n|-resisted|p2a: Galvantula\n|-damage|p2a: Galvantula|52/249\n|-damage|p1a: Hawlucha|0 fnt|[from] Recoil\n|faint|p1a: Hawlucha\n|move|p2a: Galvantula|Thunder|p1: Hawlucha|[notarget]\n|-fail|p2a: Galvantula\n|\n|upkeep\n|\n|t:|1783572595\n|switch|p1a: Iron Bundle|Iron Bundle, L78|100/100\n|turn|7\n|inactive|Time left: 300 sec this turn | 300 sec total\n|\n|t:|1783572597\n|switch|p2a: Cobalion|Cobalion, L80|277/277\n|move|p1a: Iron Bundle|Freeze-Dry|p2a: Cobalion\n|-resisted|p2a: Cobalion\n|-damage|p2a: Cobalion|233/277\n|\n|-heal|p2a: Cobalion|250/277|[from] item: Leftovers\n|upkeep\n|turn|8\n|inactive|Time left: 300 sec this turn | 300 sec total\n|\n|t:|1783572597\n|-end|p1a: Iron Bundle|Quark Drive|[silent]\n|switch|p1a: Skeledirge|Skeledirge, L79, M|100/100\n|move|p2a: Cobalion|Calm Mind|p2a: Cobalion\n|-boost|p2a: Cobalion|spa|1\n|-boost|p2a: Cobalion|spd|1\n|\n|-heal|p2a: Cobalion|267/277|[from] item: Leftovers\n|upkeep\n|turn|9\n|inactive|Time left: 300 sec this turn | 300 sec total\n|\n|t:|1783572598\n|switch|p2a: Galvantula|Galvantula, L82, M, tera:Electric|52/249\n|move|p1a: Skeledirge|Torch Song|p2a: Galvantula\n|-damage|p2a: Galvantula|0 fnt\n|-boost|p1a: Skeledirge|spa|1\n|faint|p2a: Galvantula\n|\n|upkeep\n|inactive|Time left: 300 sec this turn | 300 sec total | 5 sec grace\n|\n|t:|1783572599\n|switch|p2a: Spectrier|Spectrier, L75|274/274\n|turn|10\n|inactive|Time left: 300 sec this turn | 300 sec total\n|\n|t:|1783572600\n|move|p2a: Spectrier|Shadow Ball|p1a: Skeledirge\n|-supereffective|p1a: Skeledirge\n|-crit|p1a: Skeledirge\n|-damage|p1a: Skeledirge|0 fnt\n|faint|p1a: Skeledirge\n|-ability|p2a: Spectrier|Grim Neigh|boost\n|-boost|p2a: Spectrier|spa|1\n|-damage|p2a: Spectrier|247/274|[from] item: Life Orb\n|\n|upkeep\n|\n|t:|1783572601\n|switch|p1a: Registeel|Registeel, L81|100/100\n|-damage|p1a: Registeel|76/100|[from] Spikes\n|turn|11\n|inactive|Time left: 300 sec this turn | 300 sec total\n|\n|t:|1783572602\n|move|p2a: Spectrier|Shadow Ball|p1a: Registeel\n|-damage|p1a: Registeel|31/100\n|-damage|p2a: Spectrier|220/274|[from] item: Life Orb\n|move|p1a: Registeel|Iron Head|p2a: Spectrier\n|-damage|p2a: Spectrier|118/274\n|\n|upkeep\n|turn|12\n|inactive|Time left: 300 sec this turn | 300 sec total\n|\n|t:|1783572603\n|move|p2a: Spectrier|Shadow Ball|p1a: Registeel\n|-damage|p1a: Registeel|0 fnt\n|faint|p1a: Registeel\n|-ability|p2a: Spectrier|Grim Neigh|boost\n|-boost|p2a: Spectrier|spa|1\n|-damage|p2a: Spectrier|91/274|[from] item: Life Orb\n|\n|upkeep\n|\n|t:|1783572604\n|switch|p1a: Iron Bundle|Iron Bundle, L78|100/100\n|turn|13\n|inactive|Time left: 300 sec this turn | 300 sec total\n|\n|t:|1783572605\n|move|p1a: Iron Bundle|Ice Beam|p2a: Spectrier\n|-damage|p2a: Spectrier|0 fnt\n|faint|p2a: Spectrier\n|\n|upkeep\n|inactive|Time left: 300 sec this turn | 300 sec total | 5 sec grace\n|\n|t:|1783572606\n|switch|p2a: Cobalion|Cobalion, L80|267/277\n|turn|14\n|inactive|Time left: 300 sec this turn | 300 sec total\n|\n|t:|1783572607\n|-end|p1a: Iron Bundle|Quark Drive|[silent]\n|switch|p1a: Tentacruel|Tentacruel, L84, F|100/100\n|-damage|p1a: Tentacruel|75/100|[from] Spikes\n|move|p2a: Cobalion|Calm Mind|p2a: Cobalion\n|-boost|p2a: Cobalion|spa|1\n|-boost|p2a: Cobalion|spd|1\n|\n|-heal|p2a: Cobalion|277/277|[from] item: Leftovers\n|-heal|p1a: Tentacruel|82/100|[from] item: Leftovers\n|upkeep\n|turn|15\n|inactive|Time left: 300 sec this turn | 300 sec total\n|\n|t:|1783572608\n|move|p2a: Cobalion|Calm Mind|p2a: Cobalion\n|-boost|p2a: Cobalion|spa|1\n|-boost|p2a: Cobalion|spd|1\n|move|p1a: Tentacruel|Rapid Spin|p2a: Cobalion\n|-resisted|p2a: Cobalion\n|-damage|p2a: Cobalion|266/277\n|-boost|p1a: Tentacruel|spe|1\n|-sideend|p1: p0x29130ea4|Spikes|[from] move: Rapid Spin|[of] p1a: Tentacruel\n|\n|-heal|p1a: Tentacruel|88/100|[from] item: Leftovers\n|-heal|p2a: Cobalion|277/277|[from] item: Leftovers\n|upkeep\n|turn|16\n|inactive|Time left: 300 sec this turn | 300 sec total\n|\n|t:|1783572609\n|move|p1a: Tentacruel|Rapid Spin|p2a: Cobalion\n|-resisted|p2a: Cobalion\n|-damage|p2a: Cobalion|266/277\n|-boost|p1a: Tentacruel|spe|1\n|move|p2a: Cobalion|Calm Mind|p2a: Cobalion\n|-boost|p2a: Cobalion|spa|1\n|-boost|p2a: Cobalion|spd|1\n|\n|-heal|p1a: Tentacruel|94/100|[from] item: Leftovers\n|-heal|p2a: Cobalion|277/277|[from] item: Leftovers\n|upkeep\n|turn|17\n|inactive|Time left: 300 sec this turn | 300 sec total\n|\n|t:|1783572610\n|move|p1a: Tentacruel|Rapid Spin|p2a: Cobalion\n|-resisted|p2a: Cobalion\n|-damage|p2a: Cobalion|267/277\n|-boost|p1a: Tentacruel|spe|1\n|move|p2a: Cobalion|Flash Cannon|p1a: Tentacruel\n|-resisted|p1a: Tentacruel\n|-damage|p1a: Tentacruel|68/100\n|\n|-heal|p1a: Tentacruel|74/100|[from] item: Leftovers\n|-heal|p2a: Cobalion|277/277|[from] item: Leftovers\n|upkeep\n|turn|18\n|inactive|Time left: 300 sec this turn | 300 sec total\n|\n|t:|1783572611\n|move|p1a: Tentacruel|Surf|p2a: Cobalion\n|-damage|p2a: Cobalion|238/277\n|move|p2a: Cobalion|Aura Sphere|p1a: Tentacruel\n|-resisted|p1a: Tentacruel\n|-damage|p1a: Tentacruel|48/100\n|\n|-heal|p1a: Tentacruel|54/100|[from] item: Leftovers\n|-heal|p2a: Cobalion|255/277|[from] item: Leftovers\n|upkeep\n|turn|19\n|inactive|Time left: 300 sec this turn | 300 sec total\n|\n|t:|1783572612\n|move|p1a: Tentacruel|Sludge Bomb|p2a: Cobalion\n|-immune|p2a: Cobalion\n|move|p2a: Cobalion|Aura Sphere|p1a: Tentacruel\n|-resisted|p1a: Tentacruel\n|-damage|p1a: Tentacruel|25/100\n|\n|-heal|p1a: Tentacruel|32/100|[from] item: Leftovers\n|-heal|p2a: Cobalion|272/277|[from] item: Leftovers\n|upkeep\n|turn|20\n|inactive|Time left: 300 sec this turn | 300 sec total\n|\n|t:|1783572613\n|move|p1a: Tentacruel|Toxic Spikes|p2a: Cobalion\n|-sidestart|p2: p0y2913bd57|move: Toxic Spikes\n|move|p2a: Cobalion|Aura Sphere|p1a: Tentacruel\n|-resisted|p1a: Tentacruel\n|-damage|p1a: Tentacruel|7/100\n|\n|-heal|p1a: Tentacruel|13/100|[from] item: Leftovers\n|-heal|p2a: Cobalion|277/277|[from] item: Leftovers\n|upkeep\n|turn|21\n|inactive|Time left: 300 sec this turn | 300 sec total\n|\n|t:|1783572614\n|move|p1a: Tentacruel|Sludge Bomb|p2a: Cobalion\n|-immune|p2a: Cobalion\n|move|p2a: Cobalion|Flash Cannon|p1a: Tentacruel\n|-resisted|p1a: Tentacruel\n|-damage|p1a: Tentacruel|0 fnt\n|faint|p1a: Tentacruel\n|\n|upkeep\n|\n|t:|1783572614\n|switch|p1a: Iron Bundle|Iron Bundle, L78|100/100\n|turn|22\n|inactive|Time left: 300 sec this turn | 300 sec total\n|\n|t:|1783572615\n|move|p2a: Cobalion|Vacuum Wave|p1a: Iron Bundle\n|-supereffective|p1a: Iron Bundle\n|-damage|p1a: Iron Bundle|0 fnt\n|faint|p1a: Iron Bundle\n|-end|p1a: Iron Bundle|Quark Drive|[silent]\n|\n|win|p0y2913bd57", "uploadtime": 1783572615, "views": 0, "rating": 0, "private": 0, "password": null, "_winner": "p0y2913bd57", "_our_name": "p0y2913bd57"}