{"id": "battle-gen9randombattle-2052", "formatid": "gen9randombattle", "format": "[Gen 9] Random Battle", "players": ["p0x2052683d", "p0y205238f2"], "log": "|init|battle\n|title|p0x2052683d vs. p0y205238f2\n|j|\u2606p0x2052683d\n|j|\u2606p0y205238f2\n|t:|1783563768\n|gametype|singles\n|player|p1|p0x2052683d|1|\n|player|p2|p0y205238f2|101|\n|gen|9\n|tier|[Gen 9] Random Battle\n|rule|Species Clause: Limit one of each Pok\u00e9mon\n|rule|HP Percentage Mod: HP is shown in percentages\n|rule|Sleep Clause Mod: Limit one foe put to sleep\n|rule|Illusion Level Mod: Illusion disguises the Pok\u00e9mon's true level\n|\n|t:|1783563768\n|teamsize|p1|6\n|teamsize|p2|6\n|start\n|switch|p1a: Tauros|Tauros-Paldea-Combat, L82, M|100/100\n|switch|p2a: Espeon|Espeon, L84, M|246/246\n|-ability|p1a: Tauros|Intimidate|boost\n|-unboost|p2a: Espeon|atk|1\n|turn|1\n|inactive|Battle timer is ON: inactive players will automatically lose when time's up. (requested by p0y205238f2)\n|inactive|p0x2052683d also wants the timer to be on.\n|\n|t:|1783563770\n|move|p2a: Espeon|Psychic|p1a: Tauros\n|-supereffective|p1a: Tauros\n|-damage|p1a: Tauros|0 fnt\n|faint|p1a: Tauros\n|-damage|p2a: Espeon|222/246|[from] item: Life Orb\n|\n|upkeep\n|\n|t:|1783563771\n|switch|p1a: Politoed|Politoed, L88, F|100/100\n|-weather|RainDance|[from] ability: Drizzle|[of] p1a: Politoed\n|turn|2\n|inactive|Time left: 300 sec this turn | 300 sec total\n|\n|t:|1783563772\n|switch|p2a: Araquanid|Araquanid, L82, F|246/246\n|move|p1a: Politoed|Weather Ball|p2a: Araquanid\n|-resisted|p2a: Araquanid\n|-damage|p2a: Araquanid|162/246\n|\n|-weather|RainDance|[upkeep]\n|upkeep\n|turn|3\n|inactive|Time left: 300 sec this turn | 300 sec total\n|\n|t:|1783563773\n|move|p1a: Politoed|Weather Ball|p2a: Araquanid\n|-resisted|p2a: Araquanid\n|-damage|p2a: Araquanid|69/246\n|move|p2a: Araquanid|Sticky Web|p1a: Politoed\n|-sidestart|p1: p0x2052683d|move: Sticky Web\n|\n|-weather|RainDance|[upkeep]\n|upkeep\n|turn|4\n|inactive|Time left: 300 sec this turn | 300 sec total\n|\n|t:|1783563775\n|switch|p2a: Golduck|Golduck, L90, F|290/290\n|-ability|p2a: Golduck|Cloud Nine\n|move|p1a: Politoed|Weather Ball|p2a: Golduck\n|-damage|p2a: Golduck|233/290\n|\n|-weather|RainDance|[upkeep]\n|upkeep\n|turn|5\n|inactive|Time left: 300 sec this turn | 300 sec total\n|\n|t:|1783563776\n|move|p2a: Golduck|Grass Knot|p1a: Politoed\n|-supereffective|p1a: Politoed\n|-damage|p1a: Politoed|61/100\n|move|p1a: Politoed|Weather Ball|p2a: Golduck\n|-damage|p2a: Golduck|172/290\n|\n|-weather|RainDance|[upkeep]\n|upkeep\n|turn|6\n|inactive|Time left: 300 sec this turn | 300 sec total\n|\n|t:|1783563777\n|switch|p1a: Oricorio|Oricorio-Pa'u, L87, M|100/100\n|move|p2a: Golduck|Grass Knot|p1a: Oricorio\n|-resisted|p1a: Oricorio\n|-crit|p1a: Oricorio\n|-damage|p1a: Oricorio|92/100\n|\n|-weather|none\n|upkeep\n|turn|7\n|inactive|Time left: 300 sec this turn | 300 sec total\n|\n|t:|1783563778\n|switch|p2a: Necrozma|Necrozma-Dawn-Wings, L76|272/272\n|move|p1a: Oricorio|Quiver Dance|p1a: Oricorio\n|-boost|p1a: Oricorio|spa|1\n|-boost|p1a: Oricorio|spd|1\n|-boost|p1a: Oricorio|spe|1\n|\n|upkeep\n|turn|8\n|inactive|Time left: 300 sec this turn | 300 sec total\n|\n|t:|1783563779\n|move|p1a: Oricorio|Quiver Dance|p1a: Oricorio\n|-boost|p1a: Oricorio|spa|1\n|-boost|p1a: Oricorio|spd|1\n|-boost|p1a: Oricorio|spe|1\n|move|p2a: Necrozma|Moongeist Beam|p1a: Oricorio\n|-supereffective|p1a: Oricorio\n|-damage|p1a: Oricorio|23/100\n|-damage|p2a: Necrozma|245/272|[from] item: Life Orb\n|\n|upkeep\n|turn|9\n|inactive|Time left: 300 sec this turn | 300 sec total\n|\n|t:|1783563780\n|-terastallize|p1a: Oricorio|Ground\n|move|p1a: Oricorio|Roost|p1a: Oricorio\n|-heal|p1a: Oricorio|73/100\n|move|p2a: Necrozma|Moongeist Beam|p1a: Oricorio\n|-damage|p1a: Oricorio|37/100\n|-damage|p2a: Necrozma|218/272|[from] item: Life Orb\n|\n|upkeep\n|turn|10\n|inactive|Time left: 300 sec this turn | 300 sec total\n|\n|t:|1783563781\n|move|p1a: Oricorio|Roost|p1a: Oricorio\n|-heal|p1a: Oricorio|87/100\n|move|p2a: Necrozma|Moongeist Beam|p1a: Oricorio\n|-damage|p1a: Oricorio|52/100\n|-damage|p2a: Necrozma|191/272|[from] item: Life Orb\n|\n|upkeep\n|turn|11\n|inactive|Time left: 300 sec this turn | 300 sec total\n|\n|t:|1783563782\n|switch|p2a: Clodsire|Clodsire, L81, M|343/343\n|move|p1a: Oricorio|Roost|p1a: Oricorio\n|-heal|p1a: Oricorio|100/100\n|\n|upkeep\n|turn|12\n|inactive|Time left: 300 sec this turn | 300 sec total\n|\n|t:|1783563783\n|move|p1a: Oricorio|Revelation Dance|p2a: Clodsire\n|-supereffective|p2a: Clodsire\n|-damage|p2a: Clodsire|155/343\n|move|p2a: Clodsire|Recover|p2a: Clodsire\n|-heal|p2a: Clodsire|327/343\n|\n|-heal|p2a: Clodsire|343/343|[from] item: Leftovers\n|upkeep\n|turn|13\n|inactive|Time left: 300 sec this turn | 300 sec total\n|\n|t:|1783563784\n|move|p1a: Oricorio|Revelation Dance|p2a: Clodsire\n|-supereffective|p2a: Clodsire\n|-damage|p2a: Clodsire|143/343\n|move|p2a: Clodsire|Recover|p2a: Clodsire\n|-heal|p2a: Clodsire|315/343\n|\n|-heal|p2a: Clodsire|336/343|[from] item: Leftovers\n|upkeep\n|turn|14\n|inactive|Time left: 300 sec this turn | 300 sec total\n|\n|t:|1783563785\n|move|p1a: Oricorio|Revelation Dance|p2a: Clodsire\n|-supereffective|p2a: Clodsire\n|-damage|p2a: Clodsire|132/343\n|move|p2a: Clodsire|Recover|p2a: Clodsire\n|-heal|p2a: Clodsire|304/343\n|\n|-heal|p2a: Clodsire|325/343|[from] item: Leftovers\n|upkeep\n|turn|15\n|inactive|Time left: 300 sec this turn | 300 sec total\n|\n|t:|1783563786\n|move|p1a: Oricorio|Revelation Dance|p2a: Clodsire\n|-supereffective|p2a: Clodsire\n|-damage|p2a: Clodsire|119/343\n|move|p2a: Clodsire|Recover|p2a: Clodsire\n|-heal|p2a: Clodsire|291/343\n|\n|-heal|p2a: Clodsire|312/343|[from] item: Leftovers\n|upkeep\n|turn|16\n|inactive|Time left: 300 sec this turn | 300 sec total\n|\n|t:|1783563787\n|move|p1a: Oricorio|Revelation Dance|p2a: Clodsire\n|-supereffective|p2a: Clodsire\n|-damage|p2a: Clodsire|126/343\n|move|p2a: Clodsire|Recover|p2a: Clodsire\n|-heal|p2a: Clodsire|298/343\n|\n|-heal|p2a: Clodsire|319/343|[from] item: Leftovers\n|upkeep\n|turn|17\n|inactive|Time left: 300 sec this turn | 300 sec total\n|\n|t:|1783563788\n|move|p1a: Oricorio|Revelation Dance|p2a: Clodsire\n|-supereffective|p2a: Clodsire\n|-damage|p2a: Clodsire|109/343\n|move|p2a: Clodsire|Recover|p2a: Clodsire\n|-heal|p2a: Clodsire|281/343\n|\n|-heal|p2a: Clodsire|302/343|[from] item: Leftovers\n|upkeep\n|turn|18\n|inactive|Time left: 300 sec this turn | 300 sec total\n|\n|t:|1783563789\n|move|p1a: Oricorio|Revelation Dance|p2a: Clodsire\n|-supereffective|p2a: Clodsire\n|-damage|p2a: Clodsire|102/343\n|move|p2a: Clodsire|Recover|p2a: Clodsire\n|-heal|p2a: Clodsire|274/343\n|\n|-heal|p2a: Clodsire|295/343|[from] item: Leftovers\n|upkeep\n|turn|19\n|inactive|Time left: 300 sec this turn | 300 sec total\n|\n|t:|1783563790\n|move|p1a: Oricorio|Revelation Dance|p2a: Clodsire\n|-supereffective|p2a: Clodsire\n|-damage|p2a: Clodsire|95/343\n|move|p2a: Clodsire|Recover|p2a: Clodsire\n|-heal|p2a: Clodsire|267/343\n|\n|-heal|p2a: Clodsire|288/343|[from] item: Leftovers\n|upkeep\n|turn|20\n|inactive|Time left: 300 sec this turn | 300 sec total\n|\n|t:|1783563791\n|move|p1a: Oricorio|Revelation Dance|p2a: Clodsire\n|-supereffective|p2a: Clodsire\n|-damage|p2a: Clodsire|100/343\n|move|p2a: Clodsire|Earthquake|p1a: Oricorio\n|-damage|p1a: Oricorio|66/100\n|\n|-heal|p2a: Clodsire|121/343|[from] item: Leftovers\n|upkeep\n|turn|21\n|inactive|Time left: 300 sec this turn | 300 sec total\n|\n|t:|1783563793\n|move|p1a: Oricorio|Revelation Dance|p2a: Clodsire\n|-supereffective|p2a: Clodsire\n|-damage|p2a: Clodsire|0 fnt\n|faint|p2a: Clodsire\n|\n|upkeep\n|inactive|Time left: 300 sec this turn | 300 sec total | 5 sec grace\n|\n|t:|1783563794\n|switch|p2a: Necrozma|Necrozma-Dawn-Wings, L76|191/272\n|turn|22\n|inactive|Time left: 300 sec this turn | 300 sec total\n|\n|t:|1783563794\n|move|p1a: Oricorio|Revelation Dance|p2a: Necrozma\n|-damage|p2a: Necrozma|32/272\n|move|p2a: Necrozma|Moongeist Beam|p1a: Oricorio\n|-damage|p1a: Oricorio|31/100\n|-damage|p2a: Necrozma|5/272|[from] item: Life Orb\n|\n|upkeep\n|turn|23\n|inactive|Time left: 300 sec this turn | 300 sec total\n|\n|t:|1783563795\n|move|p1a: Oricorio|Roost|p1a: Oricorio\n|-heal|p1a: Oricorio|81/100\n|move|p2a: Necrozma|Dragon Dance|p2a: Necrozma\n|-boost|p2a: Necrozma|atk|1\n|-boost|p2a: Necrozma|spe|1\n|-activate|p1a: Oricorio|ability: Dancer\n|move|p1a: Oricorio|Dragon Dance|p1a: Oricorio|[from] ability: Dancer\n|-boost|p1a: Oricorio|atk|1\n|-boost|p1a: Oricorio|spe|1\n|\n|upkeep\n|turn|24\n|inactive|Time left: 300 sec this turn | 300 sec total\n|\n|t:|1783563796\n|move|p1a: Oricorio|Revelation Dance|p2a: Necrozma\n|-damage|p2a: Necrozma|0 fnt\n|faint|p2a: Necrozma\n|\n|upkeep\n|inactive|Time left: 300 sec this turn | 300 sec total | 5 sec grace\n|\n|t:|1783563797\n|switch|p2a: Espeon|Espeon, L84, M|222/246\n|turn|25\n|inactive|Time left: 300 sec this turn | 300 sec total\n|\n|t:|1783563798\n|move|p1a: Oricorio|Revelation Dance|p2a: Espeon\n|-damage|p2a: Espeon|33/246\n|move|p2a: Espeon|Calm Mind|p2a: Espeon\n|-boost|p2a: Espeon|spa|1\n|-boost|p2a: Espeon|spd|1\n|\n|upkeep\n|turn|26\n|inactive|Time left: 300 sec this turn | 300 sec total\n|\n|t:|1783563799\n|move|p1a: Oricorio|Revelation Dance|p2a: Espeon\n|-damage|p2a: Espeon|0 fnt\n|faint|p2a: Espeon\n|\n|upkeep\n|inactive|Time left: 300 sec this turn | 300 sec total | 5 sec grace\n|\n|t:|1783563800\n|switch|p2a: Golduck|Golduck, L90, F|172/290\n|-ability|p2a: Golduck|Cloud Nine\n|turn|27\n|inactive|Time left: 300 sec this turn | 300 sec total\n|\n|t:|1783563801\n|move|p1a: Oricorio|Hurricane|p2a: Golduck\n|-crit|p2a: Golduck\n|-damage|p2a: Golduck|0 fnt\n|faint|p2a: Golduck\n|\n|upkeep\n|inactive|Time left: 300 sec this turn | 300 sec total | 5 sec grace\n|\n|t:|1783563801\n|switch|p2a: Pyroar|Pyroar, L88, F|295/295\n|-ability|p2a: Pyroar|Unnerve\n|turn|28\n|inactive|Time left: 300 sec this turn | 300 sec total\n|\n|t:|1783563802\n|-terastallize|p2a: Pyroar|Fire\n|move|p1a: Oricorio|Revelation Dance|p2a: Pyroar\n|-supereffective|p2a: Pyroar\n|-damage|p2a: Pyroar|0 fnt\n|faint|p2a: Pyroar\n|\n|upkeep\n|inactive|Time left: 300 sec this turn | 300 sec total | 5 sec grace\n|\n|t:|1783563803\n|switch|p2a: Araquanid|Araquanid, L82, F|69/246\n|turn|29\n|inactive|Time left: 300 sec this turn | 300 sec total\n|\n|t:|1783563804\n|move|p1a: Oricorio|Revelation Dance|p2a: Araquanid\n|-resisted|p2a: Araquanid\n|-damage|p2a: Araquanid|0 fnt\n|faint|p2a: Araquanid\n|\n|win|p0x2052683d", "uploadtime": 1783563804, "views": 0, "rating": 0, "private": 0, "password": null, "_winner": "p0x2052683d", "_our_name": "p0y205238f2"}