{"id": "battle-gen9randombattle-699", "formatid": "gen9randombattle", "format": "[Gen 9] Random Battle", "players": ["p0x699eabc", "p0y699f67c"], "log": "|init|battle\n|title|p0x699eabc vs. p0y699f67c\n|j|\u2606p0x699eabc\n|j|\u2606p0y699f67c\n|t:|1783547923\n|gametype|singles\n|player|p1|p0x699eabc|169|\n|player|p2|p0y699f67c|2|\n|gen|9\n|tier|[Gen 9] Random Battle\n|rule|Species Clause: Limit one of each Pok\u00e9mon\n|rule|HP Percentage Mod: HP is shown in percentages\n|rule|Sleep Clause Mod: Limit one foe put to sleep\n|rule|Illusion Level Mod: Illusion disguises the Pok\u00e9mon's true level\n|\n|t:|1783547923\n|teamsize|p1|6\n|teamsize|p2|6\n|start\n|switch|p1a: Tinkaton|Tinkaton, L82, F|100/100\n|switch|p2a: Pawmot|Pawmot, L80, F|243/243\n|-ability|p1a: Tinkaton|Mold Breaker\n|turn|1\n|inactive|Battle timer is ON: inactive players will automatically lose when time's up. (requested by p0x699eabc)\n|inactive|Time left: 300 sec this turn | 300 sec total | 60 sec grace\n|inactive|p0y699f67c also wants the timer to be on.\n|\n|t:|1783547925\n|-terastallize|p2a: Pawmot|Electric\n|move|p2a: Pawmot|Double Shock|p1a: Tinkaton\n|-damage|p1a: Tinkaton|2/100\n|-start|p2a: Pawmot|typechange|Electric|[from] move: Double Shock\n|-damage|p2a: Pawmot|219/243|[from] item: Life Orb\n|move|p1a: Tinkaton|Play Rough|p2a: Pawmot\n|-damage|p2a: Pawmot|123/243\n|\n|-heal|p1a: Tinkaton|8/100|[from] item: Leftovers\n|upkeep\n|turn|2\n|inactive|Time left: 300 sec this turn | 300 sec total\n|\n|t:|1783547926\n|move|p1a: Tinkaton|Protect|p1a: Tinkaton\n|-singleturn|p1a: Tinkaton|Protect\n|move|p2a: Pawmot|Double Shock|p1a: Tinkaton\n|-activate|p1a: Tinkaton|move: Protect\n|\n|-heal|p1a: Tinkaton|14/100|[from] item: Leftovers\n|upkeep\n|turn|3\n|inactive|Time left: 300 sec this turn | 300 sec total\n|\n|t:|1783547927\n|switch|p1a: Hydrapple|Hydrapple, L83, M|100/100\n|move|p2a: Pawmot|Double Shock|p1a: Hydrapple\n|-resisted|p1a: Hydrapple\n|-damage|p1a: Hydrapple|85/100\n|-start|p2a: Pawmot|typechange|Electric|[from] move: Double Shock\n|-damage|p2a: Pawmot|99/243|[from] item: Life Orb\n|\n|upkeep\n|turn|4\n|inactive|Time left: 300 sec this turn | 300 sec total\n|\n|t:|1783547928\n|switch|p2a: Grumpig|Grumpig, L92, M|297/297\n|move|p1a: Hydrapple|Fickle Beam|p2a: Grumpig\n|-damage|p2a: Grumpig|218/297\n|\n|-heal|p2a: Grumpig|236/297|[from] item: Leftovers\n|upkeep\n|turn|5\n|inactive|Time left: 300 sec this turn | 300 sec total\n|\n|t:|1783547930\n|move|p2a: Grumpig|Nasty Plot|p2a: Grumpig\n|-boost|p2a: Grumpig|spa|2\n|move|p1a: Hydrapple|Giga Drain|p2a: Grumpig\n|-damage|p2a: Grumpig|166/297\n|-heal|p1a: Hydrapple|96/100|[from] drain|[of] p2a: Grumpig\n|\n|-heal|p2a: Grumpig|184/297|[from] item: Leftovers\n|upkeep\n|turn|6\n|inactive|Time left: 300 sec this turn | 300 sec total\n|\n|t:|1783547931\n|move|p2a: Grumpig|Psyshock|p1a: Hydrapple\n|-damage|p1a: Hydrapple|40/100\n|move|p1a: Hydrapple|Dragon Tail|p2a: Grumpig|[miss]\n|-miss|p1a: Hydrapple|p2a: Grumpig\n|\n|-heal|p2a: Grumpig|202/297|[from] item: Leftovers\n|upkeep\n|turn|7\n|inactive|Time left: 300 sec this turn | 300 sec total\n|\n|t:|1783547932\n|switch|p1a: Grimmsnarl|Grimmsnarl, L83, M|100/100\n|move|p2a: Grumpig|Psyshock|p1a: Grimmsnarl\n|-immune|p1a: Grimmsnarl\n|\n|-heal|p2a: Grumpig|220/297|[from] item: Leftovers\n|upkeep\n|turn|8\n|inactive|Time left: 300 sec this turn | 300 sec total\n|\n|t:|1783547933\n|move|p2a: Grumpig|Focus Blast|p1a: Grimmsnarl|[miss]\n|-miss|p2a: Grumpig|p1a: Grimmsnarl\n|move|p1a: Grimmsnarl|Spirit Break|p2a: Grumpig\n|-damage|p2a: Grumpig|115/297\n|-unboost|p2a: Grumpig|spa|1\n|\n|-heal|p2a: Grumpig|133/297|[from] item: Leftovers\n|upkeep\n|turn|9\n|inactive|Time left: 300 sec this turn | 300 sec total\n|\n|t:|1783547934\n|move|p2a: Grumpig|Focus Blast|p1a: Grimmsnarl\n|-damage|p1a: Grimmsnarl|41/100\n|move|p1a: Grimmsnarl|Spirit Break|p2a: Grumpig\n|-damage|p2a: Grumpig|24/297\n|-unboost|p2a: Grumpig|spa|1\n|\n|-heal|p2a: Grumpig|42/297|[from] item: Leftovers\n|-heal|p1a: Grimmsnarl|47/100|[from] item: Leftovers\n|upkeep\n|turn|10\n|inactive|Time left: 300 sec this turn | 300 sec total\n|\n|t:|1783547936\n|move|p2a: Grumpig|Focus Blast|p1a: Grimmsnarl\n|-damage|p1a: Grimmsnarl|10/100\n|-unboost|p1a: Grimmsnarl|spd|1\n|move|p1a: Grimmsnarl|Spirit Break|p2a: Grumpig\n|-damage|p2a: Grumpig|0 fnt\n|faint|p2a: Grumpig\n|\n|-heal|p1a: Grimmsnarl|16/100|[from] item: Leftovers\n|upkeep\n|inactive|Time left: 300 sec this turn | 300 sec total | 5 sec grace\n|\n|t:|1783547937\n|switch|p2a: Leafeon|Leafeon, L88, F|258/258\n|turn|11\n|inactive|Time left: 300 sec this turn | 300 sec total\n|\n|t:|1783547938\n|move|p1a: Grimmsnarl|Parting Shot|p2a: Leafeon\n|-unboost|p2a: Leafeon|atk|1\n|-unboost|p2a: Leafeon|spa|1\n|\n|t:|1783547939\n|switch|p1a: Hydrapple|Hydrapple, L83, M|73/100|[from] Parting Shot\n|move|p2a: Leafeon|Swords Dance|p2a: Leafeon\n|-boost|p2a: Leafeon|atk|2\n|\n|upkeep\n|turn|12\n|inactive|Time left: 300 sec this turn | 300 sec total\n|\n|t:|1783547940\n|move|p2a: Leafeon|Knock Off|p1a: Hydrapple\n|-damage|p1a: Hydrapple|26/100\n|-enditem|p1a: Hydrapple|Assault Vest|[from] move: Knock Off|[of] p2a: Leafeon\n|-damage|p2a: Leafeon|233/258|[from] item: Life Orb\n|move|p1a: Hydrapple|Fickle Beam|p2a: Leafeon\n|-damage|p2a: Leafeon|125/258\n|\n|upkeep\n|turn|13\n|inactive|Time left: 300 sec this turn | 300 sec total\n|\n|t:|1783547941\n|switch|p1a: Grimmsnarl|Grimmsnarl, L83, M|16/100\n|move|p2a: Leafeon|Knock Off|p1a: Grimmsnarl\n|-resisted|p1a: Grimmsnarl\n|-damage|p1a: Grimmsnarl|0 fnt\n|-enditem|p1a: Grimmsnarl|Leftovers|[from] move: Knock Off|[of] p2a: Leafeon\n|faint|p1a: Grimmsnarl\n|-damage|p2a: Leafeon|100/258|[from] item: Life Orb\n|\n|upkeep\n|\n|t:|1783547942\n|switch|p1a: Hydrapple|Hydrapple, L83, M|59/100\n|turn|14\n|inactive|Time left: 300 sec this turn | 300 sec total\n|\n|t:|1783547943\n|move|p2a: Leafeon|Double-Edge|p1a: Hydrapple\n|-damage|p1a: Hydrapple|1/100\n|-damage|p2a: Leafeon|40/258|[from] Recoil\n|-damage|p2a: Leafeon|15/258|[from] item: Life Orb\n|move|p1a: Hydrapple|Fickle Beam|p2a: Leafeon\n|-damage|p2a: Leafeon|0 fnt\n|faint|p2a: Leafeon\n|\n|upkeep\n|inactive|Time left: 300 sec this turn | 300 sec total | 5 sec grace\n|\n|t:|1783547944\n|switch|p2a: Floatzel|Floatzel, L86, F|286/286\n|turn|15\n|inactive|Time left: 300 sec this turn | 300 sec total\n|\n|t:|1783547944\n|switch|p1a: Samurott|Samurott, L88, M|100/100\n|move|p2a: Floatzel|Wave Crash|p1a: Samurott\n|-resisted|p1a: Samurott\n|-damage|p1a: Samurott|70/100\n|-damage|p2a: Floatzel|254/286|[from] Recoil\n|\n|upkeep\n|turn|16\n|inactive|Time left: 300 sec this turn | 300 sec total\n|\n|t:|1783547945\n|move|p2a: Floatzel|Wave Crash|p1a: Samurott\n|-resisted|p1a: Samurott\n|-damage|p1a: Samurott|37/100\n|-damage|p2a: Floatzel|220/286|[from] Recoil\n|move|p1a: Samurott|Knock Off|p2a: Floatzel\n|-damage|p2a: Floatzel|108/286\n|-enditem|p2a: Floatzel|Choice Band|[from] move: Knock Off|[of] p1a: Samurott\n|\n|upkeep\n|turn|17\n|inactive|Time left: 300 sec this turn | 300 sec total\n|\n|t:|1783547947\n|move|p2a: Floatzel|Crunch|p1a: Samurott\n|-damage|p1a: Samurott|15/100\n|move|p1a: Samurott|Grass Knot|p2a: Floatzel\n|-supereffective|p2a: Floatzel\n|-damage|p2a: Floatzel|0 fnt\n|faint|p2a: Floatzel\n|\n|upkeep\n|inactive|Time left: 300 sec this turn | 300 sec total | 5 sec grace\n|\n|t:|1783547948\n|switch|p2a: Pawmot|Pawmot, L80, F, tera:Electric|99/243\n|turn|18\n|inactive|Time left: 300 sec this turn | 300 sec total\n|\n|t:|1783547949\n|switch|p1a: Hydrapple|Hydrapple, L83, M|34/100\n|move|p2a: Pawmot|Double Shock|p1a: Hydrapple\n|-resisted|p1a: Hydrapple\n|-damage|p1a: Hydrapple|18/100\n|-start|p2a: Pawmot|typechange|Electric|[from] move: Double Shock\n|-damage|p2a: Pawmot|75/243|[from] item: Life Orb\n|\n|upkeep\n|turn|19\n|inactive|Time left: 300 sec this turn | 300 sec total\n|\n|t:|1783547950\n|move|p2a: Pawmot|Close Combat|p1a: Hydrapple\n|-damage|p1a: Hydrapple|0 fnt\n|-unboost|p2a: Pawmot|def|1\n|-unboost|p2a: Pawmot|spd|1\n|faint|p1a: Hydrapple\n|-damage|p2a: Pawmot|51/243|[from] item: Life Orb\n|\n|upkeep\n|\n|t:|1783547951\n|switch|p1a: Tinkaton|Tinkaton, L82, F|14/100\n|-ability|p1a: Tinkaton|Mold Breaker\n|turn|20\n|inactive|Time left: 300 sec this turn | 300 sec total\n|\n|t:|1783547952\n|move|p1a: Tinkaton|Protect|p1a: Tinkaton\n|-singleturn|p1a: Tinkaton|Protect\n|move|p2a: Pawmot|Double Shock|p1a: Tinkaton\n|-activate|p1a: Tinkaton|move: Protect\n|\n|-heal|p1a: Tinkaton|21/100|[from] item: Leftovers\n|upkeep\n|turn|21\n|inactive|Time left: 300 sec this turn | 300 sec total\n|\n|t:|1783547953\n|move|p1a: Tinkaton|Protect||[still]\n|-fail|p1a: Tinkaton\n|move|p2a: Pawmot|Double Shock|p1a: Tinkaton\n|-damage|p1a: Tinkaton|0 fnt\n|-start|p2a: Pawmot|typechange|Electric|[from] move: Double Shock\n|faint|p1a: Tinkaton\n|-damage|p2a: Pawmot|27/243|[from] item: Life Orb\n|\n|upkeep\n|\n|t:|1783547954\n|switch|p1a: Samurott|Samurott, L88, M|15/100\n|turn|22\n|inactive|Time left: 300 sec this turn | 300 sec total\n|\n|t:|1783547955\n|switch|p1a: Chimecho|Chimecho, L93, M|100/100\n|move|p2a: Pawmot|Close Combat|p1a: Chimecho\n|-resisted|p1a: Chimecho\n|-damage|p1a: Chimecho|70/100\n|-unboost|p2a: Pawmot|def|1\n|-unboost|p2a: Pawmot|spd|1\n|-damage|p2a: Pawmot|3/243|[from] item: Life Orb\n|\n|-heal|p1a: Chimecho|77/100|[from] item: Leftovers\n|upkeep\n|turn|23\n|inactive|Time left: 300 sec this turn | 300 sec total\n|\n|t:|1783547956\n|move|p2a: Pawmot|Double Shock|p1a: Chimecho\n|-damage|p1a: Chimecho|0 fnt\n|-start|p2a: Pawmot|typechange|Electric|[from] move: Double Shock\n|faint|p1a: Chimecho\n|-damage|p2a: Pawmot|0 fnt|[from] item: Life Orb\n|faint|p2a: Pawmot\n|\n|upkeep\n|inactive|Time left: 300 sec this turn | 300 sec total | 5 sec grace\n|\n|t:|1783547958\n|switch|p2a: Feraligatr|Feraligatr, L79, M|264/264\n|switch|p1a: Quaquaval|Quaquaval, L79, F|100/100\n|turn|24\n|inactive|Time left: 300 sec this turn | 300 sec total\n|\n|t:|1783547959\n|move|p1a: Quaquaval|Swords Dance|p1a: Quaquaval\n|-boost|p1a: Quaquaval|atk|2\n|move|p2a: Feraligatr|Dragon Dance|p2a: Feraligatr\n|-boost|p2a: Feraligatr|atk|1\n|-boost|p2a: Feraligatr|spe|1\n|\n|upkeep\n|turn|25\n|inactive|Time left: 300 sec this turn | 300 sec total\n|\n|t:|1783547960\n|-terastallize|p1a: Quaquaval|Water\n|move|p2a: Feraligatr|Dragon Dance|p2a: Feraligatr\n|-boost|p2a: Feraligatr|atk|1\n|-boost|p2a: Feraligatr|spe|1\n|move|p1a: Quaquaval|Aqua Step|p2a: Feraligatr\n|-resisted|p2a: Feraligatr\n|-damage|p2a: Feraligatr|104/264\n|-boost|p1a: Quaquaval|spe|1\n|-damage|p1a: Quaquaval|91/100|[from] item: Life Orb\n|\n|upkeep\n|turn|26\n|inactive|Time left: 300 sec this turn | 300 sec total\n|\n|t:|1783547961\n|move|p2a: Feraligatr|Liquidation|p1a: Quaquaval\n|-resisted|p1a: Quaquaval\n|-damage|p1a: Quaquaval|27/100\n|move|p1a: Quaquaval|Aqua Step|p2a: Feraligatr\n|-resisted|p2a: Feraligatr\n|-damage|p2a: Feraligatr|0 fnt\n|-boost|p1a: Quaquaval|spe|1\n|faint|p2a: Feraligatr\n|-ability|p1a: Quaquaval|Moxie|boost\n|-boost|p1a: Quaquaval|atk|1\n|-damage|p1a: Quaquaval|17/100|[from] item: Life Orb\n|\n|upkeep\n|inactive|Time left: 300 sec this turn | 300 sec total | 5 sec grace\n|\n|t:|1783547962\n|switch|p2a: Hippowdon|Hippowdon, L82, F|311/311\n|-weather|Sandstorm|[from] ability: Sand Stream|[of] p2a: Hippowdon\n|turn|27\n|inactive|Time left: 300 sec this turn | 300 sec total\n|\n|t:|1783547963\n|move|p1a: Quaquaval|Close Combat|p2a: Hippowdon\n|-damage|p2a: Hippowdon|0 fnt\n|-unboost|p1a: Quaquaval|def|1\n|-unboost|p1a: Quaquaval|spd|1\n|faint|p2a: Hippowdon\n|-damage|p1a: Quaquaval|7/100|[from] item: Life Orb\n|\n|win|p0x699eabc", "uploadtime": 1783547963, "views": 0, "rating": 0, "private": 0, "password": null, "_winner": "p0x699eabc", "_our_name": "p0y699f67c"}