{"id": "battle-gen9randombattle-2088", "formatid": "gen9randombattle", "format": "[Gen 9] Random Battle", "players": ["p0x208879ea", "p0y2088a5b1"], "log": "|init|battle\n|title|p0x208879ea vs. p0y2088a5b1\n|j|\u2606p0x208879ea\n|j|\u2606p0y2088a5b1\n|t:|1783563365\n|gametype|singles\n|player|p1|p0x208879ea|101|\n|player|p2|p0y2088a5b1|1|\n|gen|9\n|tier|[Gen 9] Random Battle\n|rule|Species Clause: Limit one of each Pok\u00e9mon\n|rule|HP Percentage Mod: HP is shown in percentages\n|rule|Sleep Clause Mod: Limit one foe put to sleep\n|rule|Illusion Level Mod: Illusion disguises the Pok\u00e9mon's true level\n|\n|t:|1783563365\n|teamsize|p1|6\n|teamsize|p2|6\n|start\n|switch|p1a: Greedent|Greedent, L86, F|100/100\n|switch|p2a: Dusknoir|Dusknoir, L89, F|225/225\n|-item|p1a: Greedent|Sitrus Berry|[from] ability: Frisk|[of] p2a: Dusknoir\n|turn|1\n|inactive|Battle timer is ON: inactive players will automatically lose when time's up. (requested by p0y2088a5b1)\n|inactive|p0x208879ea also wants the timer to be on.\n|\n|t:|1783563367\n|move|p2a: Dusknoir|Will-O-Wisp|p1a: Greedent\n|-status|p1a: Greedent|brn\n|move|p1a: Greedent|Knock Off|p2a: Dusknoir\n|-supereffective|p2a: Dusknoir\n|-damage|p2a: Dusknoir|174/225\n|-enditem|p2a: Dusknoir|Leftovers|[from] move: Knock Off|[of] p1a: Greedent\n|\n|-damage|p1a: Greedent|94/100 brn|[from] brn\n|upkeep\n|turn|2\n|inactive|Time left: 300 sec this turn | 300 sec total\n|\n|t:|1783563368\n|move|p2a: Dusknoir|Pain Split|p1a: Greedent\n|-sethp|p1a: Greedent|73/100 brn|[from] move: Pain Split|[silent]\n|-sethp|p2a: Dusknoir|225/225|[from] move: Pain Split\n|move|p1a: Greedent|Swords Dance|p1a: Greedent\n|-boost|p1a: Greedent|atk|2\n|\n|-damage|p1a: Greedent|66/100 brn|[from] brn\n|upkeep\n|turn|3\n|inactive|Time left: 300 sec this turn | 300 sec total\n|\n|t:|1783563369\n|switch|p2a: Masquerain|Masquerain, L87, M|264/264\n|-ability|p2a: Masquerain|Intimidate|boost\n|-unboost|p1a: Greedent|atk|1\n|move|p1a: Greedent|Knock Off|p2a: Masquerain\n|-damage|p2a: Masquerain|202/264\n|-enditem|p2a: Masquerain|Heavy-Duty Boots|[from] move: Knock Off|[of] p1a: Greedent\n|\n|-damage|p1a: Greedent|60/100 brn|[from] brn\n|upkeep\n|turn|4\n|inactive|Time left: 300 sec this turn | 300 sec total\n|\n|t:|1783563371\n|move|p2a: Masquerain|Quiver Dance|p2a: Masquerain\n|-boost|p2a: Masquerain|spa|1\n|-boost|p2a: Masquerain|spd|1\n|-boost|p2a: Masquerain|spe|1\n|move|p1a: Greedent|Swords Dance|p1a: Greedent\n|-boost|p1a: Greedent|atk|2\n|\n|-damage|p1a: Greedent|54/100 brn|[from] brn\n|upkeep\n|turn|5\n|inactive|Time left: 300 sec this turn | 300 sec total\n|\n|t:|1783563372\n|move|p2a: Masquerain|Hurricane|p1a: Greedent|[miss]\n|-miss|p2a: Masquerain|p1a: Greedent\n|move|p1a: Greedent|Body Slam|p2a: Masquerain\n|-damage|p2a: Masquerain|64/264\n|\n|-damage|p1a: Greedent|48/100 brn|[from] brn\n|upkeep\n|-enditem|p1a: Greedent|Sitrus Berry|[eat]\n|-heal|p1a: Greedent|73/100 brn|[from] item: Sitrus Berry\n|-heal|p1a: Greedent|100/100 brn|[from] ability: Cheek Pouch\n|turn|6\n|inactive|Time left: 300 sec this turn | 300 sec total\n|\n|t:|1783563373\n|move|p2a: Masquerain|Hurricane|p1a: Greedent\n|-damage|p1a: Greedent|44/100 brn\n|-start|p1a: Greedent|confusion\n|-activate|p1a: Greedent|confusion\n|-damage|p1a: Greedent|26/100 brn|[from] confusion\n|\n|-damage|p1a: Greedent|20/100 brn|[from] brn\n|upkeep\n|turn|7\n|inactive|Time left: 300 sec this turn | 300 sec total\n|\n|t:|1783563374\n|move|p2a: Masquerain|Bug Buzz|p1a: Greedent\n|-damage|p1a: Greedent|0 fnt\n|faint|p1a: Greedent\n|\n|upkeep\n|\n|t:|1783563375\n|switch|p1a: Electivire|Electivire, L84, M|100/100\n|turn|8\n|inactive|Time left: 300 sec this turn | 300 sec total\n|\n|t:|1783563376\n|move|p2a: Masquerain|Bug Buzz|p1a: Electivire\n|-damage|p1a: Electivire|40/100\n|move|p1a: Electivire|Volt Switch|p2a: Masquerain\n|-supereffective|p2a: Masquerain\n|-damage|p2a: Masquerain|0 fnt\n|faint|p2a: Masquerain\n|-damage|p1a: Electivire|30/100|[from] item: Life Orb\n|\n|t:|1783563377\n|switch|p1a: Typhlosion|Typhlosion, L84, M|100/100|[from] Volt Switch\n|\n|upkeep\n|inactive|Time left: 300 sec this turn | 300 sec total | 10 sec grace\n|\n|t:|1783563378\n|switch|p2a: Ogerpon|Ogerpon-Wellspring, L76, F|247/247\n|turn|9\n|inactive|Time left: 300 sec this turn | 300 sec total\n|\n|t:|1783563379\n|-terastallize|p2a: Ogerpon|Water\n|detailschange|p2a: Ogerpon|Ogerpon-Wellspring-Tera, L76, F, tera:Water\n|-ability|p2a: Ogerpon|Embody Aspect (Wellspring)|boost\n|-boost|p2a: Ogerpon|spd|1\n|move|p1a: Typhlosion|Eruption|p2a: Ogerpon\n|-resisted|p2a: Ogerpon\n|-damage|p2a: Ogerpon|162/247\n|move|p2a: Ogerpon|Ivy Cudgel|p1a: Typhlosion|[anim] Ivy Cudgel Water\n|-supereffective|p1a: Typhlosion\n|-crit|p1a: Typhlosion\n|-damage|p1a: Typhlosion|0 fnt\n|faint|p1a: Typhlosion\n|\n|upkeep\n|\n|t:|1783563380\n|switch|p1a: Espathra|Espathra, L80, F|100/100\n|turn|10\n|inactive|Time left: 300 sec this turn | 300 sec total\n|\n|t:|1783563381\n|move|p1a: Espathra|Lumina Crash|p2a: Ogerpon\n|-damage|p2a: Ogerpon|78/247\n|-unboost|p2a: Ogerpon|spd|2\n|move|p2a: Ogerpon|Ivy Cudgel|p1a: Espathra|[anim] Ivy Cudgel Water\n|-crit|p1a: Espathra\n|-damage|p1a: Espathra|0 fnt\n|faint|p1a: Espathra\n|\n|upkeep\n|\n|t:|1783563382\n|switch|p1a: Uxie|Uxie, L83|100/100\n|turn|11\n|inactive|Time left: 300 sec this turn | 300 sec total\n|\n|t:|1783563383\n|move|p1a: Uxie|Dark Pulse|p2a: Ogerpon\n|-damage|p2a: Ogerpon|0 fnt\n|faint|p2a: Ogerpon\n|detailschange|p2: Ogerpon|Ogerpon-Wellspring, L76, F|[silent]\n|-damage|p1a: Uxie|91/100|[from] item: Life Orb\n|\n|upkeep\n|inactive|Time left: 300 sec this turn | 300 sec total | 5 sec grace\n|\n|t:|1783563384\n|switch|p2a: Chi-Yu|Chi-Yu, L77|211/211\n|-ability|p2a: Chi-Yu|Beads of Ruin\n|turn|12\n|inactive|Time left: 300 sec this turn | 300 sec total\n|\n|t:|1783563385\n|move|p1a: Uxie|Focus Blast|p2a: Chi-Yu\n|-supereffective|p2a: Chi-Yu\n|-damage|p2a: Chi-Yu|0 fnt\n|faint|p2a: Chi-Yu\n|-damage|p1a: Uxie|81/100|[from] item: Life Orb\n|\n|upkeep\n|inactive|Time left: 300 sec this turn | 300 sec total | 5 sec grace\n|\n|t:|1783563386\n|switch|p2a: Entei|Entei, L78|307/307\n|turn|13\n|inactive|Time left: 300 sec this turn | 300 sec total\n|\n|t:|1783563387\n|move|p1a: Uxie|Dark Pulse|p2a: Entei\n|-damage|p2a: Entei|151/307\n|-damage|p1a: Uxie|71/100|[from] item: Life Orb\n|move|p2a: Entei|Sacred Fire|p1a: Uxie\n|-damage|p1a: Uxie|0 fnt\n|replace|p1a: Zoroark|Zoroark, L83, M\n|-end|p1a: Zoroark|Illusion\n|-hint|Illusion Level Mod is active, so this Pok\u00e9mon's true level was hidden.\n|faint|p1a: Zoroark\n|\n|upkeep\n|\n|t:|1783563388\n|switch|p1a: Electivire|Electivire, L84, M|30/100\n|turn|14\n|inactive|Time left: 300 sec this turn | 300 sec total\n|\n|t:|1783563389\n|switch|p2a: Dusknoir|Dusknoir, L89, F|225/225\n|-item|p1a: Electivire|Life Orb|[from] ability: Frisk|[of] p2a: Dusknoir\n|move|p1a: Electivire|Knock Off|p2a: Dusknoir\n|-supereffective|p2a: Dusknoir\n|-damage|p2a: Dusknoir|129/225\n|-damage|p1a: Electivire|20/100|[from] item: Life Orb\n|\n|upkeep\n|turn|15\n|inactive|Time left: 300 sec this turn | 300 sec total\n|\n|t:|1783563390\n|move|p2a: Dusknoir|Shadow Sneak|p1a: Electivire\n|-damage|p1a: Electivire|0 fnt\n|faint|p1a: Electivire\n|\n|upkeep\n|\n|t:|1783563391\n|switch|p1a: Uxie|Uxie, L83|100/100\n|turn|16\n|inactive|Time left: 300 sec this turn | 300 sec total\n|\n|t:|1783563392\n|-terastallize|p1a: Uxie|Electric\n|move|p1a: Uxie|Yawn|p2a: Dusknoir\n|-start|p2a: Dusknoir|move: Yawn|[of] p1a: Uxie\n|move|p2a: Dusknoir|Poltergeist|p1a: Uxie|[miss]\n|-miss|p2a: Dusknoir|p1a: Uxie\n|\n|upkeep\n|turn|17\n|inactive|Time left: 300 sec this turn | 300 sec total\n|\n|t:|1783563393\n|move|p1a: Uxie|Psychic Noise|p2a: Dusknoir\n|-damage|p2a: Dusknoir|84/225\n|-start|p2a: Dusknoir|move: Heal Block\n|move|p2a: Dusknoir|Pain Split|p1a: Uxie\n|-sethp|p1a: Uxie|67/100|[from] move: Pain Split|[silent]\n|-sethp|p2a: Dusknoir|172/225|[from] move: Pain Split\n|\n|-heal|p1a: Uxie|73/100|[from] item: Leftovers\n|-end|p2a: Dusknoir|move: Yawn|[silent]\n|-status|p2a: Dusknoir|slp\n|upkeep\n|turn|18\n|inactive|Time left: 300 sec this turn | 300 sec total\n|\n|t:|1783563394\n|move|p1a: Uxie|Psychic Noise|p2a: Dusknoir\n|-damage|p2a: Dusknoir|129/225 slp\n|cant|p2a: Dusknoir|slp\n|\n|-heal|p1a: Uxie|79/100|[from] item: Leftovers\n|-end|p2a: Dusknoir|move: Heal Block\n|upkeep\n|turn|19\n|inactive|Time left: 300 sec this turn | 300 sec total\n|\n|t:|1783563395\n|move|p1a: Uxie|Stealth Rock|p2a: Dusknoir\n|-sidestart|p2: p0y2088a5b1|move: Stealth Rock\n|cant|p2a: Dusknoir|slp\n|\n|-heal|p1a: Uxie|85/100|[from] item: Leftovers\n|upkeep\n|turn|20\n|inactive|Time left: 300 sec this turn | 300 sec total\n|\n|t:|1783563396\n|move|p1a: Uxie|Psychic Noise|p2a: Dusknoir\n|-damage|p2a: Dusknoir|83/225 slp\n|-start|p2a: Dusknoir|move: Heal Block\n|cant|p2a: Dusknoir|slp\n|\n|-heal|p1a: Uxie|91/100|[from] item: Leftovers\n|upkeep\n|turn|21\n|inactive|Time left: 300 sec this turn | 300 sec total\n|\n|t:|1783563397\n|move|p1a: Uxie|Psychic Noise|p2a: Dusknoir\n|-damage|p2a: Dusknoir|35/225 slp\n|-curestatus|p2a: Dusknoir|slp|[msg]\n|move|p2a: Dusknoir|Pain Split|p1a: Uxie\n|-sethp|p1a: Uxie|52/100|[from] move: Pain Split|[silent]\n|-sethp|p2a: Dusknoir|135/225|[from] move: Pain Split\n|\n|-heal|p1a: Uxie|59/100|[from] item: Leftovers\n|-end|p2a: Dusknoir|move: Heal Block\n|upkeep\n|turn|22\n|inactive|Time left: 300 sec this turn | 300 sec total\n|\n|t:|1783563398\n|move|p1a: Uxie|Psychic Noise|p2a: Dusknoir\n|-damage|p2a: Dusknoir|92/225\n|-start|p2a: Dusknoir|move: Heal Block\n|move|p2a: Dusknoir|Poltergeist|p1a: Uxie\n|-activate|p1a: Uxie|move: Poltergeist|Leftovers\n|-damage|p1a: Uxie|24/100\n|\n|-heal|p1a: Uxie|30/100|[from] item: Leftovers\n|upkeep\n|turn|23\n|inactive|Time left: 300 sec this turn | 300 sec total\n|\n|t:|1783563399\n|move|p1a: Uxie|Yawn|p2a: Dusknoir\n|-start|p2a: Dusknoir|move: Yawn|[of] p1a: Uxie\n|move|p2a: Dusknoir|Poltergeist|p1a: Uxie\n|-activate|p1a: Uxie|move: Poltergeist|Leftovers\n|-damage|p1a: Uxie|0 fnt\n|faint|p1a: Uxie\n|\n|win|p0y2088a5b1", "uploadtime": 1783563399, "views": 0, "rating": 0, "private": 0, "password": null, "_winner": "p0y2088a5b1", "_our_name": "p0y2088a5b1"}