{"id": "battle-gen9randombattle-2801", "formatid": "gen9randombattle", "format": "[Gen 9] Random Battle", "players": ["p0x28013efd", "p0y2801a4b4"], "log": "|init|battle\n|title|p0x28013efd vs. p0y2801a4b4\n|j|\u2606p0x28013efd\n|j|\u2606p0y2801a4b4\n|t:|1783572265\n|gametype|singles\n|player|p1|p0x28013efd|1|\n|player|p2|p0y2801a4b4|2|\n|gen|9\n|tier|[Gen 9] Random Battle\n|rule|Species Clause: Limit one of each Pok\u00e9mon\n|rule|HP Percentage Mod: HP is shown in percentages\n|rule|Sleep Clause Mod: Limit one foe put to sleep\n|rule|Illusion Level Mod: Illusion disguises the Pok\u00e9mon's true level\n|\n|t:|1783572265\n|teamsize|p1|6\n|teamsize|p2|6\n|start\n|switch|p1a: Luvdisc|Luvdisc, M|100/100\n|switch|p2a: Scizor|Scizor, L79, M|240/240\n|turn|1\n|inactive|Battle timer is ON: inactive players will automatically lose when time's up. (requested by p0y2801a4b4)\n|inactive|p0x28013efd also wants the timer to be on.\n|\n|t:|1783572267\n|move|p1a: Luvdisc|Surf|p2a: Scizor\n|-damage|p2a: Scizor|161/240\n|move|p2a: Scizor|Swords Dance|p2a: Scizor\n|-boost|p2a: Scizor|atk|2\n|\n|upkeep\n|turn|2\n|inactive|Time left: 300 sec this turn | 300 sec total\n|\n|t:|1783572268\n|move|p1a: Luvdisc|Substitute|p1a: Luvdisc\n|-start|p1a: Luvdisc|Substitute\n|-damage|p1a: Luvdisc|76/100\n|move|p2a: Scizor|Bug Bite|p1a: Luvdisc\n|-end|p1a: Luvdisc|Substitute\n|-damage|p2a: Scizor|137/240|[from] item: Life Orb\n|\n|upkeep\n|turn|3\n|inactive|Time left: 300 sec this turn | 300 sec total\n|\n|t:|1783572269\n|move|p1a: Luvdisc|Substitute|p1a: Luvdisc\n|-start|p1a: Luvdisc|Substitute\n|-damage|p1a: Luvdisc|51/100\n|move|p2a: Scizor|Bug Bite|p1a: Luvdisc\n|-end|p1a: Luvdisc|Substitute\n|-damage|p2a: Scizor|113/240|[from] item: Life Orb\n|\n|upkeep\n|turn|4\n|inactive|Time left: 300 sec this turn | 300 sec total\n|\n|t:|1783572270\n|move|p1a: Luvdisc|Surf|p2a: Scizor\n|-damage|p2a: Scizor|28/240\n|move|p2a: Scizor|Bug Bite|p1a: Luvdisc\n|-damage|p1a: Luvdisc|0 fnt\n|faint|p1a: Luvdisc\n|-damage|p2a: Scizor|4/240|[from] item: Life Orb\n|\n|upkeep\n|\n|t:|1783572271\n|switch|p1a: Umbreon|Umbreon, L84, F|100/100\n|turn|5\n|inactive|Time left: 300 sec this turn | 300 sec total\n|\n|t:|1783572272\n|move|p1a: Umbreon|Foul Play|p2a: Scizor\n|-damage|p2a: Scizor|0 fnt\n|faint|p2a: Scizor\n|\n|upkeep\n|inactive|Time left: 300 sec this turn | 300 sec total | 5 sec grace\n|\n|t:|1783572273\n|switch|p2a: Galvantula|Galvantula, L82, M|249/249\n|turn|6\n|inactive|Time left: 300 sec this turn | 300 sec total\n|\n|t:|1783572274\n|move|p2a: Galvantula|Sticky Web|p1a: Umbreon\n|-sidestart|p1: p0x28013efd|move: Sticky Web\n|move|p1a: Umbreon|Foul Play|p2a: Galvantula\n|-crit|p2a: Galvantula\n|-damage|p2a: Galvantula|122/249\n|\n|upkeep\n|turn|7\n|inactive|Time left: 300 sec this turn | 300 sec total\n|\n|t:|1783572275\n|switch|p2a: Emboar|Emboar, L84, F|322/322\n|move|p1a: Umbreon|Foul Play|p2a: Emboar\n|-resisted|p2a: Emboar\n|-damage|p2a: Emboar|244/322\n|\n|-heal|p2a: Emboar|264/322|[from] item: Leftovers\n|upkeep\n|turn|8\n|inactive|Time left: 300 sec this turn | 300 sec total\n|\n|t:|1783572277\n|move|p1a: Umbreon|Toxic|p2a: Emboar\n|-status|p2a: Emboar|tox\n|move|p2a: Emboar|Drain Punch|p1a: Umbreon\n|-supereffective|p1a: Umbreon\n|-damage|p1a: Umbreon|47/100\n|-heal|p2a: Emboar|322/322 tox|[from] drain|[of] p1a: Umbreon\n|\n|-heal|p1a: Umbreon|53/100|[from] item: Leftovers\n|-damage|p2a: Emboar|302/322 tox|[from] psn\n|upkeep\n|turn|9\n|inactive|Time left: 300 sec this turn | 300 sec total\n|\n|t:|1783572278\n|move|p1a: Umbreon|Protect|p1a: Umbreon\n|-singleturn|p1a: Umbreon|Protect\n|move|p2a: Emboar|Bulk Up|p2a: Emboar\n|-boost|p2a: Emboar|atk|1\n|-boost|p2a: Emboar|def|1\n|\n|-heal|p1a: Umbreon|59/100|[from] item: Leftovers\n|-heal|p2a: Emboar|322/322 tox|[from] item: Leftovers\n|-damage|p2a: Emboar|282/322 tox|[from] psn\n|upkeep\n|turn|10\n|inactive|Time left: 300 sec this turn | 300 sec total\n|\n|t:|1783572279\n|move|p2a: Emboar|Flare Blitz|p1a: Umbreon\n|-damage|p1a: Umbreon|0 fnt\n|faint|p1a: Umbreon\n|-damage|p2a: Emboar|224/322 tox|[from] Recoil\n|\n|-heal|p2a: Emboar|244/322 tox|[from] item: Leftovers\n|-damage|p2a: Emboar|184/322 tox|[from] psn\n|upkeep\n|\n|t:|1783572280\n|switch|p1a: Flutter Mane|Flutter Mane, L74|100/100\n|-activate|p1a: Flutter Mane|move: Sticky Web\n|-unboost|p1a: Flutter Mane|spe|1\n|turn|11\n|inactive|Time left: 300 sec this turn | 300 sec total\n|\n|t:|1783572281\n|move|p1a: Flutter Mane|Moonblast|p2a: Emboar\n|-damage|p2a: Emboar|7/322 tox\n|move|p2a: Emboar|Flare Blitz|p1a: Flutter Mane\n|-damage|p1a: Flutter Mane|0 fnt\n|faint|p1a: Flutter Mane\n|-end|p1a: Flutter Mane|Protosynthesis|[silent]\n|-damage|p2a: Emboar|0 fnt|[from] Recoil\n|faint|p2a: Emboar\n|\n|upkeep\n|inactive|Time left: 300 sec this turn | 300 sec total | 5 sec grace\n|\n|t:|1783572283\n|switch|p1a: Arceus|Arceus-Ice, L72|100/100\n|switch|p2a: Oranguru|Oranguru, L92, M|315/315\n|-activate|p1a: Arceus|move: Sticky Web\n|-unboost|p1a: Arceus|spe|1\n|turn|12\n|inactive|Time left: 300 sec this turn | 300 sec total\n|\n|t:|1783572284\n|move|p2a: Oranguru|Psyshock|p1a: Arceus\n|-crit|p1a: Arceus\n|-damage|p1a: Arceus|29/100\n|move|p1a: Arceus|Calm Mind|p1a: Arceus\n|-boost|p1a: Arceus|spa|1\n|-boost|p1a: Arceus|spd|1\n|\n|upkeep\n|turn|13\n|inactive|Time left: 300 sec this turn | 300 sec total\n|\n|t:|1783572285\n|move|p2a: Oranguru|Psyshock|p1a: Arceus\n|-crit|p1a: Arceus\n|-damage|p1a: Arceus|0 fnt\n|faint|p1a: Arceus\n|\n|upkeep\n|\n|t:|1783572286\n|switch|p1a: Venomoth|Venomoth, L84, F|100/100\n|turn|14\n|inactive|Time left: 300 sec this turn | 300 sec total\n|\n|t:|1783572287\n|-terastallize|p1a: Venomoth|Steel\n|move|p1a: Venomoth|Quiver Dance|p1a: Venomoth\n|-boost|p1a: Venomoth|spa|1\n|-boost|p1a: Venomoth|spd|1\n|-boost|p1a: Venomoth|spe|1\n|move|p2a: Oranguru|Psyshock|p1a: Venomoth\n|-resisted|p1a: Venomoth\n|-damage|p1a: Venomoth|62/100\n|\n|upkeep\n|turn|15\n|inactive|Time left: 300 sec this turn | 300 sec total\n|\n|t:|1783572288\n|move|p1a: Venomoth|Sleep Powder|p2a: Oranguru|[miss]\n|-miss|p1a: Venomoth|p2a: Oranguru\n|move|p2a: Oranguru|Psyshock|p1a: Venomoth\n|-resisted|p1a: Venomoth\n|-crit|p1a: Venomoth\n|-damage|p1a: Venomoth|10/100\n|\n|upkeep\n|turn|16\n|inactive|Time left: 300 sec this turn | 300 sec total\n|\n|t:|1783572289\n|move|p1a: Venomoth|Sleep Powder|p2a: Oranguru\n|-status|p2a: Oranguru|slp|[from] move: Sleep Powder\n|cant|p2a: Oranguru|slp\n|\n|upkeep\n|turn|17\n|inactive|Time left: 300 sec this turn | 300 sec total\n|\n|t:|1783572290\n|move|p1a: Venomoth|Bug Buzz|p2a: Oranguru\n|-supereffective|p2a: Oranguru\n|-damage|p2a: Oranguru|99/315 slp\n|cant|p2a: Oranguru|slp\n|\n|upkeep\n|turn|18\n|inactive|Time left: 300 sec this turn | 300 sec total\n|\n|t:|1783572291\n|move|p1a: Venomoth|Sludge Wave|p2a: Oranguru\n|-damage|p2a: Oranguru|0 fnt\n|faint|p2a: Oranguru\n|\n|upkeep\n|inactive|Time left: 300 sec this turn | 300 sec total | 5 sec grace\n|\n|t:|1783572291\n|switch|p2a: Farigiraf|Farigiraf, L90, M|362/362\n|turn|19\n|inactive|Time left: 300 sec this turn | 300 sec total\n|\n|t:|1783572292\n|-terastallize|p2a: Farigiraf|Ground\n|move|p1a: Venomoth|Bug Buzz|p2a: Farigiraf\n|-damage|p2a: Farigiraf|218/362\n|move|p2a: Farigiraf|Psychic Noise|p1a: Venomoth\n|-resisted|p1a: Venomoth\n|-damage|p1a: Venomoth|0 fnt\n|faint|p1a: Venomoth\n|\n|-heal|p2a: Farigiraf|240/362|[from] item: Leftovers\n|upkeep\n|\n|t:|1783572293\n|switch|p1a: Jumpluff|Jumpluff, L87, F|100/100\n|turn|20\n|inactive|Time left: 300 sec this turn | 300 sec total\n|\n|t:|1783572293\n|move|p1a: Jumpluff|Acrobatics|p2a: Farigiraf\n|-damage|p2a: Farigiraf|153/362\n|move|p2a: Farigiraf|Body Slam|p1a: Jumpluff\n|-damage|p1a: Jumpluff|58/100\n|\n|-heal|p2a: Farigiraf|175/362|[from] item: Leftovers\n|upkeep\n|turn|21\n|inactive|Time left: 300 sec this turn | 300 sec total\n|\n|t:|1783572294\n|move|p1a: Jumpluff|Acrobatics|p2a: Farigiraf\n|-damage|p2a: Farigiraf|82/362\n|move|p2a: Farigiraf|Psychic Noise|p1a: Jumpluff\n|-damage|p1a: Jumpluff|21/100\n|-start|p1a: Jumpluff|move: Heal Block\n|\n|-heal|p2a: Farigiraf|104/362|[from] item: Leftovers\n|upkeep\n|turn|22\n|inactive|Time left: 300 sec this turn | 300 sec total\n|\n|t:|1783572295\n|move|p1a: Jumpluff|Acrobatics|p2a: Farigiraf\n|-crit|p2a: Farigiraf\n|-damage|p2a: Farigiraf|0 fnt\n|faint|p2a: Farigiraf\n|\n|-end|p1a: Jumpluff|move: Heal Block\n|upkeep\n|inactive|Time left: 300 sec this turn | 300 sec total | 5 sec grace\n|\n|t:|1783572295\n|switch|p2a: Grimmsnarl|Grimmsnarl, L83, M|293/293\n|turn|23\n|inactive|Time left: 300 sec this turn | 300 sec total\n|\n|t:|1783572296\n|move|p2a: Grimmsnarl|Taunt|p1a: Jumpluff\n|-start|p1a: Jumpluff|move: Taunt\n|cant|p1a: Jumpluff|move: Taunt|Strength Sap\n|\n|upkeep\n|turn|24\n|inactive|Time left: 300 sec this turn | 300 sec total\n|\n|t:|1783572297\n|move|p1a: Jumpluff|Acrobatics|p2a: Grimmsnarl\n|-damage|p2a: Grimmsnarl|188/293\n|move|p2a: Grimmsnarl|Spirit Break|p1a: Jumpluff\n|-damage|p1a: Jumpluff|0 fnt\n|faint|p1a: Jumpluff\n|\n|win|p0y2801a4b4", "uploadtime": 1783572297, "views": 0, "rating": 0, "private": 0, "password": null, "_winner": "p0y2801a4b4", "_our_name": "p0y2801a4b4"}