{"id": "battle-gen9randombattle-2829", "formatid": "gen9randombattle", "format": "[Gen 9] Random Battle", "players": ["p0x2829aed9", "p0y2829d680"], "log": "|init|battle\n|title|p0x2829aed9 vs. p0y2829d680\n|j|\u2606p0x2829aed9\n|j|\u2606p0y2829d680\n|t:|1783571609\n|gametype|singles\n|player|p1|p0x2829aed9|265|\n|player|p2|p0y2829d680|169|\n|gen|9\n|tier|[Gen 9] Random Battle\n|rule|Species Clause: Limit one of each Pok\u00e9mon\n|rule|HP Percentage Mod: HP is shown in percentages\n|rule|Sleep Clause Mod: Limit one foe put to sleep\n|rule|Illusion Level Mod: Illusion disguises the Pok\u00e9mon's true level\n|\n|t:|1783571609\n|teamsize|p1|6\n|teamsize|p2|6\n|start\n|switch|p1a: Ceruledge|Ceruledge, L78, M|100/100\n|switch|p2a: Ting-Lu|Ting-Lu, L78|370/370\n|-ability|p2a: Ting-Lu|Vessel of Ruin\n|turn|1\n|inactive|Battle timer is ON: inactive players will automatically lose when time's up. (requested by p0y2829d680)\n|inactive|p0x2829aed9 also wants the timer to be on.\n|\n|t:|1783571611\n|switch|p1a: Espathra|Espathra, L80, M|100/100\n|move|p2a: Ting-Lu|Earthquake|p1a: Espathra\n|-damage|p1a: Espathra|51/100\n|\n|upkeep\n|turn|2\n|inactive|Time left: 300 sec this turn | 300 sec total\n|\n|t:|1783571612\n|move|p1a: Espathra|Lumina Crash|p2a: Ting-Lu\n|-immune|p2a: Ting-Lu\n|move|p2a: Ting-Lu|Payback|p1a: Espathra\n|-supereffective|p1a: Espathra\n|-damage|p1a: Espathra|0 fnt\n|faint|p1a: Espathra\n|\n|upkeep\n|\n|t:|1783571613\n|switch|p1a: Vaporeon|Vaporeon, L86, M|100/100\n|turn|3\n|inactive|Time left: 300 sec this turn | 300 sec total\n|\n|t:|1783571614\n|move|p1a: Vaporeon|Scald|p2a: Ting-Lu\n|-supereffective|p2a: Ting-Lu\n|-damage|p2a: Ting-Lu|254/370\n|move|p2a: Ting-Lu|Ruination|p1a: Vaporeon\n|-damage|p1a: Vaporeon|50/100\n|\n|-heal|p1a: Vaporeon|57/100|[from] item: Leftovers\n|upkeep\n|turn|4\n|inactive|Time left: 300 sec this turn | 300 sec total\n|\n|t:|1783571615\n|move|p1a: Vaporeon|Scald|p2a: Ting-Lu\n|-supereffective|p2a: Ting-Lu\n|-damage|p2a: Ting-Lu|146/370\n|move|p2a: Ting-Lu|Ruination|p1a: Vaporeon\n|-damage|p1a: Vaporeon|29/100\n|\n|-heal|p1a: Vaporeon|35/100|[from] item: Leftovers\n|upkeep\n|turn|5\n|inactive|Time left: 300 sec this turn | 300 sec total\n|\n|t:|1783571617\n|move|p1a: Vaporeon|Scald|p2a: Ting-Lu\n|-supereffective|p2a: Ting-Lu\n|-damage|p2a: Ting-Lu|38/370\n|-status|p2a: Ting-Lu|brn\n|move|p2a: Ting-Lu|Earthquake|p1a: Vaporeon\n|-damage|p1a: Vaporeon|16/100\n|\n|-heal|p1a: Vaporeon|22/100|[from] item: Leftovers\n|-damage|p2a: Ting-Lu|15/370 brn|[from] brn\n|upkeep\n|turn|6\n|inactive|Time left: 300 sec this turn | 300 sec total\n|\n|t:|1783571618\n|switch|p2a: Salamence|Salamence, L77, F|273/273\n|-ability|p2a: Salamence|Intimidate|boost\n|-unboost|p1a: Vaporeon|atk|1\n|move|p1a: Vaporeon|Scald|p2a: Salamence\n|-resisted|p2a: Salamence\n|-damage|p2a: Salamence|215/273\n|\n|-heal|p1a: Vaporeon|28/100|[from] item: Leftovers\n|upkeep\n|turn|7\n|inactive|Time left: 300 sec this turn | 300 sec total\n|\n|t:|1783571619\n|move|p1a: Vaporeon|Protect|p1a: Vaporeon\n|-singleturn|p1a: Vaporeon|Protect\n|move|p2a: Salamence|Outrage|p1a: Vaporeon\n|-activate|p1a: Vaporeon|move: Protect\n|\n|-heal|p1a: Vaporeon|34/100|[from] item: Leftovers\n|upkeep\n|turn|8\n|inactive|Time left: 300 sec this turn | 300 sec total\n|\n|t:|1783571620\n|switch|p1a: Pecharunt|Pecharunt, L77|100/100\n|move|p2a: Salamence|Outrage|p1a: Pecharunt\n|-damage|p1a: Pecharunt|65/100\n|\n|-heal|p1a: Pecharunt|71/100|[from] item: Leftovers\n|upkeep\n|turn|9\n|inactive|Time left: 300 sec this turn | 300 sec total\n|\n|t:|1783571621\n|move|p2a: Salamence|Outrage|p1a: Pecharunt|[from] lockedmove\n|-damage|p1a: Pecharunt|38/100\n|-start|p2a: Salamence|confusion|[fatigue]\n|move|p1a: Pecharunt|Malignant Chain|p2a: Salamence\n|-damage|p2a: Salamence|115/273\n|\n|-heal|p1a: Pecharunt|44/100|[from] item: Leftovers\n|upkeep\n|turn|10\n|inactive|Time left: 300 sec this turn | 300 sec total\n|\n|t:|1783571623\n|switch|p2a: Chi-Yu|Chi-Yu, L77|211/211\n|-ability|p2a: Chi-Yu|Beads of Ruin\n|move|p1a: Pecharunt|Malignant Chain|p2a: Chi-Yu\n|-damage|p2a: Chi-Yu|141/211\n|\n|-heal|p1a: Pecharunt|50/100|[from] item: Leftovers\n|upkeep\n|turn|11\n|inactive|Time left: 300 sec this turn | 300 sec total\n|\n|t:|1783571624\n|switch|p1a: Palkia|Palkia-Origin, L72|100/100\n|-ability|p1a: Palkia|Pressure\n|move|p2a: Chi-Yu|Flamethrower|p1a: Palkia\n|-resisted|p1a: Palkia\n|-damage|p1a: Palkia|88/100\n|\n|upkeep\n|turn|12\n|inactive|Time left: 300 sec this turn | 300 sec total\n|\n|t:|1783571625\n|switch|p2a: Salamence|Salamence, L77, F|115/273\n|-ability|p2a: Salamence|Intimidate|boost\n|-unboost|p1a: Palkia|atk|1\n|move|p1a: Palkia|Spacial Rend|p2a: Salamence\n|-supereffective|p2a: Salamence\n|-damage|p2a: Salamence|0 fnt\n|faint|p2a: Salamence\n|\n|upkeep\n|inactive|Time left: 300 sec this turn | 300 sec total | 5 sec grace\n|\n|t:|1783571626\n|switch|p2a: Falinks|Falinks, L84|246/246\n|turn|13\n|inactive|Time left: 300 sec this turn | 300 sec total\n|\n|t:|1783571627\n|-terastallize|p1a: Palkia|Water\n|move|p1a: Palkia|Hydro Pump|p2a: Falinks\n|-damage|p2a: Falinks|0 fnt\n|faint|p2a: Falinks\n|\n|upkeep\n|inactive|Time left: 300 sec this turn | 300 sec total | 5 sec grace\n|\n|t:|1783571628\n|switch|p2a: Thundurus|Thundurus-Therian, L80, M|258/258\n|turn|14\n|inactive|Time left: 300 sec this turn | 300 sec total\n|\n|t:|1783571629\n|switch|p1a: Jolteon|Jolteon, L84, M|100/100\n|move|p2a: Thundurus|Thunderbolt|p1a: Jolteon\n|-immune|p1a: Jolteon|[from] ability: Volt Absorb\n|\n|upkeep\n|turn|15\n|inactive|Time left: 300 sec this turn | 300 sec total\n|\n|t:|1783571630\n|move|p1a: Jolteon|Calm Mind|p1a: Jolteon\n|-boost|p1a: Jolteon|spa|1\n|-boost|p1a: Jolteon|spd|1\n|move|p2a: Thundurus|Nasty Plot|p2a: Thundurus\n|-boost|p2a: Thundurus|spa|2\n|\n|upkeep\n|turn|16\n|inactive|Time left: 300 sec this turn | 300 sec total\n|\n|t:|1783571631\n|move|p1a: Jolteon|Shadow Ball|p2a: Thundurus\n|-damage|p2a: Thundurus|128/258\n|-damage|p1a: Jolteon|91/100|[from] item: Life Orb\n|move|p2a: Thundurus|Sludge Wave|p1a: Jolteon\n|-damage|p1a: Jolteon|46/100\n|\n|upkeep\n|turn|17\n|inactive|Time left: 300 sec this turn | 300 sec total\n|\n|t:|1783571632\n|switch|p2a: Chi-Yu|Chi-Yu, L77|141/211\n|-ability|p2a: Chi-Yu|Beads of Ruin\n|move|p1a: Jolteon|Alluring Voice|p2a: Chi-Yu\n|-damage|p2a: Chi-Yu|41/211\n|-damage|p1a: Jolteon|36/100|[from] item: Life Orb\n|\n|upkeep\n|turn|18\n|inactive|Time left: 300 sec this turn | 300 sec total\n|\n|t:|1783571633\n|move|p2a: Chi-Yu|Dark Pulse|p1a: Jolteon\n|-damage|p1a: Jolteon|1/100\n|move|p1a: Jolteon|Alluring Voice|p2a: Chi-Yu\n|-damage|p2a: Chi-Yu|0 fnt\n|faint|p2a: Chi-Yu\n|-damage|p1a: Jolteon|0 fnt|[from] item: Life Orb\n|faint|p1a: Jolteon\n|\n|upkeep\n|inactive|Time left: 300 sec this turn | 300 sec total | 5 sec grace\n|\n|t:|1783571634\n|switch|p1a: Palkia|Palkia-Origin, L72, tera:Water|88/100\n|switch|p2a: Golem|Golem-Alola, L93, M|300/300\n|-ability|p1a: Palkia|Pressure\n|turn|19\n|inactive|Time left: 300 sec this turn | 300 sec total\n|\n|t:|1783571635\n|switch|p2a: Ting-Lu|Ting-Lu, L78|15/370 brn\n|-ability|p2a: Ting-Lu|Vessel of Ruin\n|move|p1a: Palkia|Hydro Pump|p2a: Ting-Lu\n|-supereffective|p2a: Ting-Lu\n|-damage|p2a: Ting-Lu|0 fnt\n|faint|p2a: Ting-Lu\n|\n|upkeep\n|inactive|Time left: 300 sec this turn | 300 sec total | 5 sec grace\n|\n|t:|1783571636\n|switch|p2a: Golem|Golem-Alola, L93, M|300/300\n|turn|20\n|inactive|Time left: 300 sec this turn | 300 sec total\n|\n|t:|1783571637\n|-terastallize|p2a: Golem|Flying\n|move|p1a: Palkia|Hydro Pump|p2a: Golem|[miss]\n|-miss|p1a: Palkia|p2a: Golem\n|move|p2a: Golem|Rock Polish|p2a: Golem\n|-boost|p2a: Golem|spe|2\n|\n|upkeep\n|turn|21\n|inactive|Time left: 300 sec this turn | 300 sec total\n|\n|t:|1783571638\n|switch|p1a: Pecharunt|Pecharunt, L77|50/100\n|move|p2a: Golem|Double-Edge|p1a: Pecharunt\n|-damage|p1a: Pecharunt|0 fnt\n|faint|p1a: Pecharunt\n|-damage|p2a: Golem|257/300|[from] Recoil\n|-damage|p2a: Golem|227/300|[from] item: Life Orb\n|\n|upkeep\n|\n|t:|1783571639\n|switch|p1a: Vaporeon|Vaporeon, L86, M|34/100\n|turn|22\n|inactive|Time left: 300 sec this turn | 300 sec total\n|\n|t:|1783571640\n|move|p1a: Vaporeon|Protect|p1a: Vaporeon\n|-singleturn|p1a: Vaporeon|Protect\n|move|p2a: Golem|Earthquake|p1a: Vaporeon\n|-activate|p1a: Vaporeon|move: Protect\n|\n|-heal|p1a: Vaporeon|40/100|[from] item: Leftovers\n|upkeep\n|turn|23\n|inactive|Time left: 300 sec this turn | 300 sec total\n|\n|t:|1783571641\n|move|p1a: Vaporeon|Protect|p1a: Vaporeon\n|-singleturn|p1a: Vaporeon|Protect\n|move|p2a: Golem|Earthquake|p1a: Vaporeon\n|-activate|p1a: Vaporeon|move: Protect\n|\n|-heal|p1a: Vaporeon|46/100|[from] item: Leftovers\n|upkeep\n|turn|24\n|inactive|Time left: 300 sec this turn | 300 sec total\n|\n|t:|1783571641\n|move|p2a: Golem|Double-Edge|p1a: Vaporeon\n|-supereffective|p1a: Vaporeon\n|-damage|p1a: Vaporeon|0 fnt\n|faint|p1a: Vaporeon\n|-damage|p2a: Golem|173/300|[from] Recoil\n|-damage|p2a: Golem|143/300|[from] item: Life Orb\n|\n|upkeep\n|\n|t:|1783571642\n|switch|p1a: Palkia|Palkia-Origin, L72, tera:Water|88/100\n|-ability|p1a: Palkia|Pressure\n|turn|25\n|inactive|Time left: 300 sec this turn | 300 sec total\n|\n|t:|1783571643\n|move|p2a: Golem|Double-Edge|p1a: Palkia\n|-supereffective|p1a: Palkia\n|-damage|p1a: Palkia|0 fnt\n|faint|p1a: Palkia\n|-damage|p2a: Golem|71/300|[from] Recoil\n|-damage|p2a: Golem|41/300|[from] item: Life Orb\n|\n|upkeep\n|\n|t:|1783571644\n|switch|p1a: Ceruledge|Ceruledge, L78, M|100/100\n|turn|26\n|inactive|Time left: 300 sec this turn | 300 sec total\n|\n|t:|1783571644\n|move|p2a: Golem|Double-Edge|p1a: Ceruledge\n|-damage|p1a: Ceruledge|0 fnt\n|faint|p1a: Ceruledge\n|-damage|p2a: Golem|0 fnt|[from] Recoil\n|faint|p2a: Golem\n|\n|win|p0y2829d680", "uploadtime": 1783571644, "views": 0, "rating": 0, "private": 0, "password": null, "_winner": "p0y2829d680", "_our_name": "p0y2829d680"}