{"id": "battle-gen9randombattle-405", "formatid": "gen9randombattle", "format": "[Gen 9] Random Battle", "players": ["p0x405b551", "p0y4055b1c"], "log": "|init|battle\n|title|p0x405b551 vs. p0y4055b1c\n|j|\u2606p0x405b551\n|j|\u2606p0y4055b1c\n|t:|1783543775\n|gametype|singles\n|player|p1|p0x405b551|102|\n|player|p2|p0y4055b1c|266|\n|gen|9\n|tier|[Gen 9] Random Battle\n|rule|Species Clause: Limit one of each Pok\u00e9mon\n|rule|HP Percentage Mod: HP is shown in percentages\n|rule|Sleep Clause Mod: Limit one foe put to sleep\n|rule|Illusion Level Mod: Illusion disguises the Pok\u00e9mon's true level\n|\n|t:|1783543775\n|teamsize|p1|6\n|teamsize|p2|6\n|start\n|switch|p1a: Hypno|Hypno, L95, M|100/100\n|switch|p2a: Heracross|Heracross, L80, F|259/259\n|turn|1\n|inactive|Battle timer is ON: inactive players will automatically lose when time's up. (requested by p0y4055b1c)\n|inactive|p0x405b551 also wants the timer to be on.\n|\n|t:|1783543777\n|move|p2a: Heracross|Megahorn|p1a: Hypno\n|-supereffective|p1a: Hypno\n|-crit|p1a: Hypno\n|-damage|p1a: Hypno|0 fnt\n|faint|p1a: Hypno\n|-ability|p2a: Heracross|Moxie|boost\n|-boost|p2a: Heracross|atk|1\n|\n|upkeep\n|\n|t:|1783543777\n|switch|p1a: Ceruledge|Ceruledge, L78, F|100/100\n|turn|2\n|inactive|Time left: 300 sec this turn | 300 sec total\n|\n|t:|1783543778\n|switch|p2a: Volcanion|Volcanion, L79|255/255\n|move|p1a: Ceruledge|Swords Dance|p1a: Ceruledge\n|-boost|p1a: Ceruledge|atk|2\n|\n|upkeep\n|turn|3\n|inactive|Time left: 300 sec this turn | 300 sec total\n|\n|t:|1783543779\n|move|p1a: Ceruledge|Poltergeist|p2a: Volcanion\n|-activate|p2a: Volcanion|move: Poltergeist|Assault Vest\n|-damage|p2a: Volcanion|47/255\n|move|p2a: Volcanion|Steam Eruption|p1a: Ceruledge|[miss]\n|-miss|p2a: Volcanion|p1a: Ceruledge\n|\n|upkeep\n|turn|4\n|inactive|Time left: 300 sec this turn | 300 sec total\n|\n|t:|1783543780\n|move|p1a: Ceruledge|Poltergeist|p2a: Volcanion\n|-activate|p2a: Volcanion|move: Poltergeist|Assault Vest\n|-damage|p2a: Volcanion|0 fnt\n|faint|p2a: Volcanion\n|\n|upkeep\n|inactive|Time left: 300 sec this turn | 300 sec total | 5 sec grace\n|\n|t:|1783543781\n|switch|p2a: Heracross|Heracross, L80, F|259/259\n|turn|5\n|inactive|Time left: 300 sec this turn | 300 sec total\n|\n|t:|1783543782\n|-terastallize|p1a: Ceruledge|Fighting\n|move|p2a: Heracross|Stone Edge|p1a: Ceruledge\n|-resisted|p1a: Ceruledge\n|-damage|p1a: Ceruledge|73/100\n|-ability|p1a: Ceruledge|Weak Armor|boost\n|-unboost|p1a: Ceruledge|def|1\n|-boost|p1a: Ceruledge|spe|2\n|move|p1a: Ceruledge|Bitter Blade|p2a: Heracross\n|-supereffective|p2a: Heracross\n|-damage|p2a: Heracross|0 fnt\n|-heal|p1a: Ceruledge|100/100|[from] drain|[of] p2a: Heracross\n|faint|p2a: Heracross\n|\n|upkeep\n|inactive|Time left: 300 sec this turn | 300 sec total | 5 sec grace\n|\n|t:|1783543783\n|switch|p2a: Arceus|Arceus-Poison, L70|284/284\n|turn|6\n|inactive|Time left: 300 sec this turn | 300 sec total\n|\n|t:|1783543784\n|move|p1a: Ceruledge|Bitter Blade|p2a: Arceus\n|-damage|p2a: Arceus|104/284\n|move|p2a: Arceus|Gunk Shot|p1a: Ceruledge\n|-damage|p1a: Ceruledge|11/100\n|-ability|p1a: Ceruledge|Weak Armor|boost\n|-unboost|p1a: Ceruledge|def|1\n|-boost|p1a: Ceruledge|spe|2\n|\n|upkeep\n|turn|7\n|inactive|Time left: 300 sec this turn | 300 sec total\n|\n|t:|1783543785\n|move|p2a: Arceus|Extreme Speed|p1a: Ceruledge\n|-damage|p1a: Ceruledge|0 fnt\n|faint|p1a: Ceruledge\n|\n|upkeep\n|\n|t:|1783543786\n|switch|p1a: Abomasnow|Abomasnow, L84, F|100/100\n|-weather|Snowscape|[from] ability: Snow Warning|[of] p1a: Abomasnow\n|turn|8\n|inactive|Time left: 300 sec this turn | 300 sec total\n|\n|t:|1783543787\n|move|p2a: Arceus|Gunk Shot|p1a: Abomasnow|[miss]\n|-miss|p2a: Arceus|p1a: Abomasnow\n|move|p1a: Abomasnow|Aurora Veil|p1a: Abomasnow\n|-sidestart|p1: p0x405b551|move: Aurora Veil\n|\n|-weather|Snowscape|[upkeep]\n|upkeep\n|turn|9\n|inactive|Time left: 300 sec this turn | 300 sec total\n|\n|t:|1783543788\n|move|p2a: Arceus|Gunk Shot|p1a: Abomasnow\n|-supereffective|p1a: Abomasnow\n|-damage|p1a: Abomasnow|69/100\n|-status|p1a: Abomasnow|psn\n|move|p1a: Abomasnow|Blizzard|p2a: Arceus\n|-damage|p2a: Arceus|0 fnt\n|faint|p2a: Arceus\n|\n|-weather|Snowscape|[upkeep]\n|-damage|p1a: Abomasnow|57/100 psn|[from] psn\n|upkeep\n|inactive|Time left: 300 sec this turn | 300 sec total | 5 sec grace\n|\n|t:|1783543789\n|switch|p2a: Espathra|Espathra, L80, M|283/283\n|turn|10\n|inactive|Time left: 300 sec this turn | 300 sec total\n|\n|t:|1783543790\n|move|p2a: Espathra|Lumina Crash|p1a: Abomasnow\n|-damage|p1a: Abomasnow|35/100 psn\n|-unboost|p1a: Abomasnow|spd|2\n|move|p1a: Abomasnow|Blizzard|p2a: Espathra\n|-damage|p2a: Espathra|135/283\n|-status|p2a: Espathra|frz\n|\n|-weather|Snowscape|[upkeep]\n|-damage|p1a: Abomasnow|23/100 psn|[from] psn\n|-ability|p2a: Espathra|Speed Boost|boost\n|-boost|p2a: Espathra|spe|1\n|upkeep\n|turn|11\n|inactive|Time left: 300 sec this turn | 300 sec total\n|\n|t:|1783543792\n|cant|p2a: Espathra|frz\n|move|p1a: Abomasnow|Wood Hammer|p2a: Espathra\n|-damage|p2a: Espathra|0 fnt\n|faint|p2a: Espathra\n|-damage|p1a: Abomasnow|7/100 psn|[from] Recoil\n|\n|-weather|Snowscape|[upkeep]\n|-damage|p1a: Abomasnow|0 fnt|[from] psn\n|faint|p1a: Abomasnow\n|upkeep\n|inactive|Time left: 300 sec this turn | 300 sec total | 5 sec grace\n|\n|t:|1783543793\n|switch|p2a: Minun|Minun, L95, M|268/268\n|switch|p1a: Vigoroth|Vigoroth, L85, M|100/100\n|turn|12\n|inactive|Time left: 300 sec this turn | 300 sec total\n|\n|t:|1783543794\n|move|p2a: Minun|Nasty Plot|p2a: Minun\n|-boost|p2a: Minun|spa|2\n|move|p1a: Vigoroth|Body Slam|p2a: Minun\n|-damage|p2a: Minun|159/268\n|\n|-weather|none\n|upkeep\n|turn|13\n|inactive|Time left: 300 sec this turn | 300 sec total\n|\n|t:|1783543795\n|move|p2a: Minun|Thunderbolt|p1a: Vigoroth\n|-damage|p1a: Vigoroth|57/100\n|-damage|p2a: Minun|133/268|[from] item: Life Orb\n|move|p1a: Vigoroth|Earthquake|p2a: Minun\n|-supereffective|p2a: Minun\n|-damage|p2a: Minun|0 fnt\n|faint|p2a: Minun\n|\n|upkeep\n|inactive|Time left: 300 sec this turn | 300 sec total | 5 sec grace\n|\n|t:|1783543796\n|switch|p2a: Braviary|Braviary-Hisui, L85, M|326/326\n|turn|14\n|inactive|Time left: 300 sec this turn | 300 sec total\n|\n|t:|1783543797\n|switch|p1a: Stonjourner|Stonjourner, L91, M|100/100\n|move|p2a: Braviary|Esper Wing|p1a: Stonjourner\n|-damage|p1a: Stonjourner|67/100\n|-boost|p2a: Braviary|spe|1\n|\n|upkeep\n|turn|15\n|inactive|Time left: 300 sec this turn | 300 sec total\n|\n|t:|1783543798\n|move|p2a: Braviary|Esper Wing|p1a: Stonjourner\n|-damage|p1a: Stonjourner|34/100\n|-boost|p2a: Braviary|spe|1\n|move|p1a: Stonjourner|Stone Edge|p2a: Braviary\n|-supereffective|p2a: Braviary\n|-damage|p2a: Braviary|0 fnt\n|faint|p2a: Braviary\n|-damage|p1a: Stonjourner|24/100|[from] item: Life Orb\n|\n|win|p0x405b551", "uploadtime": 1783543798, "views": 0, "rating": 0, "private": 0, "password": null, "_winner": "p0x405b551", "_our_name": "p0y4055b1c"}