{"id": "battle-gen9randombattle-2580", "formatid": "gen9randombattle", "format": "[Gen 9] Random Battle", "players": ["p0x2580e102", "p0y2580f942"], "log": "|init|battle\n|title|p0x2580e102 vs. p0y2580f942\n|j|\u2606p0x2580e102\n|j|\u2606p0y2580f942\n|t:|1783568879\n|gametype|singles\n|player|p1|p0x2580e102|2|\n|player|p2|p0y2580f942|169|\n|gen|9\n|tier|[Gen 9] Random Battle\n|rule|Species Clause: Limit one of each Pok\u00e9mon\n|rule|HP Percentage Mod: HP is shown in percentages\n|rule|Sleep Clause Mod: Limit one foe put to sleep\n|rule|Illusion Level Mod: Illusion disguises the Pok\u00e9mon's true level\n|\n|t:|1783568879\n|teamsize|p1|6\n|teamsize|p2|6\n|start\n|switch|p1a: Altaria|Altaria, L89, M|100/100\n|switch|p2a: Slither Wing|Slither Wing, L81|270/270\n|turn|1\n|inactive|Battle timer is ON: inactive players will automatically lose when time's up. (requested by p0y2580f942)\n|inactive|p0x2580e102 also wants the timer to be on.\n|\n|t:|1783568881\n|-end|p2a: Slither Wing|Protosynthesis|[silent]\n|switch|p2a: Orthworm|Orthworm, L88, M|266/266\n|move|p1a: Altaria|Brave Bird|p2a: Orthworm\n|-resisted|p2a: Orthworm\n|-damage|p2a: Orthworm|230/266\n|-damage|p1a: Altaria|96/100|[from] Recoil\n|\n|-heal|p2a: Orthworm|246/266|[from] item: Leftovers\n|upkeep\n|turn|2\n|inactive|Time left: 300 sec this turn | 300 sec total\n|\n|t:|1783568882\n|move|p1a: Altaria|Will-O-Wisp|p2a: Orthworm|[miss]\n|-miss|p1a: Altaria|p2a: Orthworm\n|move|p2a: Orthworm|Heavy Slam|p1a: Altaria\n|-damage|p1a: Altaria|52/100\n|\n|-heal|p2a: Orthworm|262/266|[from] item: Leftovers\n|upkeep\n|turn|3\n|inactive|Time left: 300 sec this turn | 300 sec total\n|\n|t:|1783568883\n|move|p1a: Altaria|Will-O-Wisp|p2a: Orthworm\n|-status|p2a: Orthworm|brn\n|move|p2a: Orthworm|Spikes|p1a: Altaria\n|-sidestart|p1: p0x2580e102|Spikes\n|\n|-heal|p2a: Orthworm|266/266 brn|[from] item: Leftovers\n|-damage|p2a: Orthworm|250/266 brn|[from] brn\n|upkeep\n|turn|4\n|inactive|Time left: 300 sec this turn | 300 sec total\n|\n|t:|1783568884\n|move|p1a: Altaria|Roost|p1a: Altaria\n|-heal|p1a: Altaria|100/100\n|-singleturn|p1a: Altaria|move: Roost\n|move|p2a: Orthworm|Spikes|p1a: Altaria\n|-sidestart|p1: p0x2580e102|Spikes\n|\n|-heal|p2a: Orthworm|266/266 brn|[from] item: Leftovers\n|-damage|p2a: Orthworm|250/266 brn|[from] brn\n|upkeep\n|turn|5\n|inactive|Time left: 300 sec this turn | 300 sec total\n|\n|t:|1783568885\n|move|p1a: Altaria|Defog|p2a: Orthworm\n|-unboost|p2a: Orthworm|evasion|1\n|-sideend|p1: p0x2580e102|Spikes|[from] move: Defog|[of] p1a: Altaria\n|move|p2a: Orthworm|Spikes|p1a: Altaria\n|-sidestart|p1: p0x2580e102|Spikes\n|\n|-heal|p2a: Orthworm|266/266 brn|[from] item: Leftovers\n|-damage|p2a: Orthworm|250/266 brn|[from] brn\n|upkeep\n|turn|6\n|inactive|Time left: 300 sec this turn | 300 sec total\n|\n|t:|1783568886\n|switch|p2a: Skeledirge|Skeledirge, L79, M|294/294\n|move|p1a: Altaria|Defog|p2a: Skeledirge\n|-unboost|p2a: Skeledirge|evasion|1\n|-sideend|p1: p0x2580e102|Spikes|[from] move: Defog|[of] p1a: Altaria\n|\n|upkeep\n|turn|7\n|inactive|Time left: 300 sec this turn | 300 sec total\n|\n|t:|1783568887\n|move|p1a: Altaria|Brave Bird|p2a: Skeledirge\n|-damage|p2a: Skeledirge|192/294\n|-damage|p1a: Altaria|88/100|[from] Recoil\n|move|p2a: Skeledirge|Torch Song|p1a: Altaria\n|-resisted|p1a: Altaria\n|-damage|p1a: Altaria|77/100\n|-boost|p2a: Skeledirge|spa|1\n|\n|upkeep\n|turn|8\n|inactive|Time left: 300 sec this turn | 300 sec total\n|\n|t:|1783568889\n|switch|p1a: Milotic|Milotic, L83, F|100/100\n|move|p2a: Skeledirge|Slack Off|p2a: Skeledirge\n|-heal|p2a: Skeledirge|294/294\n|\n|upkeep\n|turn|9\n|inactive|Time left: 300 sec this turn | 300 sec total\n|\n|t:|1783568890\n|move|p1a: Milotic|Scald|p2a: Skeledirge\n|-supereffective|p2a: Skeledirge\n|-damage|p2a: Skeledirge|100/294\n|move|p2a: Skeledirge|Shadow Ball|p1a: Milotic\n|-damage|p1a: Milotic|71/100\n|\n|-heal|p1a: Milotic|77/100|[from] item: Leftovers\n|upkeep\n|turn|10\n|inactive|Time left: 300 sec this turn | 300 sec total\n|\n|t:|1783568890\n|move|p1a: Milotic|Scald|p2a: Skeledirge\n|-supereffective|p2a: Skeledirge\n|-damage|p2a: Skeledirge|0 fnt\n|faint|p2a: Skeledirge\n|\n|-heal|p1a: Milotic|83/100|[from] item: Leftovers\n|upkeep\n|inactive|Time left: 300 sec this turn | 300 sec total | 5 sec grace\n|\n|t:|1783568891\n|switch|p2a: Skuntank|Skuntank, L84, M|310/310\n|turn|11\n|inactive|Time left: 300 sec this turn | 300 sec total\n|\n|t:|1783568892\n|move|p2a: Skuntank|Gunk Shot|p1a: Milotic\n|-damage|p1a: Milotic|41/100\n|move|p1a: Milotic|Scald|p2a: Skuntank\n|-damage|p2a: Skuntank|231/310\n|\n|-heal|p1a: Milotic|47/100|[from] item: Leftovers\n|upkeep\n|turn|12\n|inactive|Time left: 300 sec this turn | 300 sec total\n|\n|t:|1783568893\n|move|p2a: Skuntank|Gunk Shot|p1a: Milotic\n|-damage|p1a: Milotic|2/100\n|-status|p1a: Milotic|psn\n|move|p1a: Milotic|Recover|p1a: Milotic\n|-heal|p1a: Milotic|52/100 psn\n|\n|-heal|p1a: Milotic|58/100 psn|[from] item: Leftovers\n|-damage|p1a: Milotic|46/100 psn|[from] psn\n|upkeep\n|turn|13\n|inactive|Time left: 300 sec this turn | 300 sec total\n|\n|t:|1783568894\n|move|p2a: Skuntank|Knock Off|p1a: Milotic\n|-damage|p1a: Milotic|6/100 psn\n|-enditem|p1a: Milotic|Leftovers|[from] move: Knock Off|[of] p2a: Skuntank\n|move|p1a: Milotic|Recover|p1a: Milotic\n|-heal|p1a: Milotic|56/100 psn\n|\n|-damage|p1a: Milotic|44/100 psn|[from] psn\n|upkeep\n|turn|14\n|inactive|Time left: 300 sec this turn | 300 sec total\n|\n|t:|1783568895\n|move|p2a: Skuntank|Gunk Shot|p1a: Milotic|[miss]\n|-miss|p2a: Skuntank|p1a: Milotic\n|move|p1a: Milotic|Recover|p1a: Milotic\n|-heal|p1a: Milotic|94/100 psn\n|\n|-damage|p1a: Milotic|81/100 psn|[from] psn\n|upkeep\n|turn|15\n|inactive|Time left: 300 sec this turn | 300 sec total\n|\n|t:|1783568895\n|move|p2a: Skuntank|Gunk Shot|p1a: Milotic\n|-damage|p1a: Milotic|36/100 psn\n|move|p1a: Milotic|Scald|p2a: Skuntank\n|-damage|p2a: Skuntank|158/310\n|\n|-damage|p1a: Milotic|24/100 psn|[from] psn\n|upkeep\n|turn|16\n|inactive|Time left: 300 sec this turn | 300 sec total\n|\n|t:|1783568896\n|move|p2a: Skuntank|Knock Off|p1a: Milotic\n|-damage|p1a: Milotic|0 fnt\n|faint|p1a: Milotic\n|\n|upkeep\n|\n|t:|1783568897\n|switch|p1a: Arcanine|Arcanine-Hisui, L79, M|100/100\n|turn|17\n|inactive|Time left: 300 sec this turn | 300 sec total\n|\n|t:|1783568898\n|move|p1a: Arcanine|Flare Blitz|p2a: Skuntank\n|-damage|p2a: Skuntank|13/310\n|move|p2a: Skuntank|Knock Off|p1a: Arcanine\n|-damage|p1a: Arcanine|61/100\n|-enditem|p1a: Arcanine|Choice Scarf|[from] move: Knock Off|[of] p2a: Skuntank\n|\n|upkeep\n|turn|18\n|inactive|Time left: 300 sec this turn | 300 sec total\n|\n|t:|1783568899\n|move|p2a: Skuntank|Gunk Shot|p1a: Arcanine|[miss]\n|-miss|p2a: Skuntank|p1a: Arcanine\n|move|p1a: Arcanine|Flare Blitz|p2a: Skuntank\n|-damage|p2a: Skuntank|0 fnt\n|-damage|p1a: Arcanine|37/100|[from] ability: Aftermath|[of] p2a: Skuntank\n|faint|p2a: Skuntank\n|\n|upkeep\n|inactive|Time left: 300 sec this turn | 300 sec total | 5 sec grace\n|\n|t:|1783568900\n|switch|p2a: Chien-Pao|Chien-Pao, L72|234/234\n|-ability|p2a: Chien-Pao|Sword of Ruin\n|turn|19\n|inactive|Time left: 300 sec this turn | 300 sec total\n|\n|t:|1783568901\n|switch|p1a: Hatterene|Hatterene, L85, F|100/100\n|move|p2a: Chien-Pao|Throat Chop|p1a: Hatterene\n|-damage|p1a: Hatterene|60/100\n|-start|p1a: Hatterene|Throat Chop|[silent]\n|\n|upkeep\n|turn|20\n|inactive|Time left: 300 sec this turn | 300 sec total\n|\n|t:|1783568902\n|-terastallize|p1a: Hatterene|Fairy\n|move|p2a: Chien-Pao|Icicle Crash|p1a: Hatterene\n|-damage|p1a: Hatterene|21/100\n|move|p1a: Hatterene|Draining Kiss|p2a: Chien-Pao\n|-supereffective|p2a: Chien-Pao\n|-damage|p2a: Chien-Pao|0 fnt\n|-heal|p1a: Hatterene|96/100|[from] drain|[of] p2a: Chien-Pao\n|faint|p2a: Chien-Pao\n|\n|-end|p1a: Hatterene|Throat Chop|[silent]\n|upkeep\n|inactive|Time left: 300 sec this turn | 300 sec total | 5 sec grace\n|\n|t:|1783568903\n|switch|p2a: Orthworm|Orthworm, L88, M|250/266 brn\n|turn|21\n|inactive|Time left: 300 sec this turn | 300 sec total\n|\n|t:|1783568904\n|move|p2a: Orthworm|Heavy Slam|p1a: Hatterene\n|-supereffective|p1a: Hatterene\n|-crit|p1a: Hatterene\n|-damage|p1a: Hatterene|25/100\n|move|p1a: Hatterene|Mystical Fire|p2a: Orthworm\n|-supereffective|p2a: Orthworm\n|-damage|p2a: Orthworm|50/266 brn\n|-unboost|p2a: Orthworm|spa|1\n|\n|-heal|p2a: Orthworm|66/266 brn|[from] item: Leftovers\n|-damage|p2a: Orthworm|50/266 brn|[from] brn\n|upkeep\n|turn|22\n|inactive|Time left: 300 sec this turn | 300 sec total\n|\n|t:|1783568906\n|move|p2a: Orthworm|Heavy Slam|p1a: Hatterene\n|-supereffective|p1a: Hatterene\n|-damage|p1a: Hatterene|0 fnt\n|faint|p1a: Hatterene\n|\n|-heal|p2a: Orthworm|66/266 brn|[from] item: Leftovers\n|-damage|p2a: Orthworm|50/266 brn|[from] brn\n|upkeep\n|\n|t:|1783568907\n|switch|p1a: Arcanine|Arcanine-Hisui, L79, M|37/100\n|turn|23\n|inactive|Time left: 300 sec this turn | 300 sec total\n|\n|t:|1783568908\n|move|p1a: Arcanine|Flare Blitz|p2a: Orthworm\n|-supereffective|p2a: Orthworm\n|-damage|p2a: Orthworm|0 fnt\n|faint|p2a: Orthworm\n|\n|upkeep\n|inactive|Time left: 300 sec this turn | 300 sec total | 5 sec grace\n|\n|t:|1783568909\n|switch|p2a: Cyclizar|Cyclizar, L84, M|255/255\n|turn|24\n|inactive|Time left: 300 sec this turn | 300 sec total\n|\n|t:|1783568910\n|move|p2a: Cyclizar|Draco Meteor|p1a: Arcanine\n|-damage|p1a: Arcanine|0 fnt\n|-unboost|p2a: Cyclizar|spa|2\n|faint|p1a: Arcanine\n|\n|upkeep\n|\n|t:|1783568910\n|switch|p1a: Flamigo|Flamigo, L82, M|100/100\n|turn|25\n|inactive|Time left: 300 sec this turn | 300 sec total\n|\n|t:|1783568911\n|move|p2a: Cyclizar|Shed Tail|p2a: Cyclizar\n|-start|p2a: Cyclizar|Substitute|[from] move: Shed Tail\n|-damage|p2a: Cyclizar|127/255\n|inactive|Time left: 300 sec this turn | 300 sec total | 5 sec grace\n|\n|t:|1783568912\n|switch|p2a: Slither Wing|Slither Wing, L81|270/270|[from] Shed Tail\n|move|p1a: Flamigo|Brave Bird|p2a: Slither Wing\n|-supereffective|p2a: Slither Wing\n|-end|p2a: Slither Wing|Substitute\n|-damage|p1a: Flamigo|93/100|[from] Recoil|[of] p2a: Slither Wing\n|-damage|p1a: Flamigo|83/100|[from] item: Life Orb\n|\n|upkeep\n|turn|26\n|inactive|Time left: 300 sec this turn | 300 sec total\n|\n|t:|1783568913\n|-terastallize|p2a: Slither Wing|Bug\n|move|p2a: Slither Wing|First Impression|p1a: Flamigo\n|-resisted|p1a: Flamigo\n|-damage|p1a: Flamigo|62/100\n|-damage|p2a: Slither Wing|243/270|[from] item: Life Orb\n|move|p1a: Flamigo|Brave Bird|p2a: Slither Wing\n|-supereffective|p2a: Slither Wing\n|-damage|p2a: Slither Wing|0 fnt\n|faint|p2a: Slither Wing\n|-end|p2a: Slither Wing|Protosynthesis|[silent]\n|-damage|p1a: Flamigo|32/100|[from] Recoil\n|-damage|p1a: Flamigo|23/100|[from] item: Life Orb\n|\n|upkeep\n|inactive|Time left: 300 sec this turn | 300 sec total | 5 sec grace\n|\n|t:|1783568914\n|switch|p2a: Cyclizar|Cyclizar, L84, M|212/255\n|turn|27\n|inactive|Time left: 300 sec this turn | 300 sec total\n|\n|t:|1783568915\n|move|p2a: Cyclizar|Rapid Spin|p1a: Flamigo\n|-damage|p1a: Flamigo|0 fnt\n|-boost|p2a: Cyclizar|spe|1\n|faint|p1a: Flamigo\n|\n|upkeep\n|\n|t:|1783568916\n|switch|p1a: Samurott|Samurott-Hisui, L77, M|100/100\n|turn|28\n|inactive|Time left: 300 sec this turn | 300 sec total\n|\n|t:|1783568917\n|move|p2a: Cyclizar|Draco Meteor|p1a: Samurott|[miss]\n|-miss|p2a: Cyclizar|p1a: Samurott\n|move|p1a: Samurott|Ceaseless Edge|p2a: Cyclizar\n|-damage|p2a: Cyclizar|60/255\n|-sidestart|p2: p0y2580f942|Spikes\n|-damage|p1a: Samurott|91/100|[from] item: Life Orb\n|\n|upkeep\n|turn|29\n|inactive|Time left: 300 sec this turn | 300 sec total\n|\n|t:|1783568917\n|move|p2a: Cyclizar|Shed Tail|p2a: Cyclizar\n|-fail|p2a: Cyclizar\n|move|p1a: Samurott|Razor Shell|p2a: Cyclizar|[miss]\n|-miss|p1a: Samurott|p2a: Cyclizar\n|\n|upkeep\n|turn|30\n|inactive|Time left: 300 sec this turn | 300 sec total\n|\n|t:|1783568918\n|move|p1a: Samurott|Sucker Punch|p2a: Cyclizar\n|-damage|p2a: Cyclizar|0 fnt\n|faint|p2a: Cyclizar\n|-damage|p1a: Samurott|81/100|[from] item: Life Orb\n|\n|win|p0x2580e102", "uploadtime": 1783568918, "views": 0, "rating": 0, "private": 0, "password": null, "_winner": "p0x2580e102", "_our_name": "p0y2580f942"}