{"id": "battle-gen9randombattle-2883", "formatid": "gen9randombattle", "format": "[Gen 9] Random Battle", "players": ["p0x28838fbf", "p0y28834c6e"], "log": "|init|battle\n|title|p0x28838fbf vs. p0y28834c6e\n|j|\u2606p0x28838fbf\n|j|\u2606p0y28834c6e\n|t:|1783573227\n|gametype|singles\n|player|p1|p0x28838fbf|266|\n|player|p2|p0y28834c6e|266|\n|gen|9\n|tier|[Gen 9] Random Battle\n|rule|Species Clause: Limit one of each Pok\u00e9mon\n|rule|HP Percentage Mod: HP is shown in percentages\n|rule|Sleep Clause Mod: Limit one foe put to sleep\n|rule|Illusion Level Mod: Illusion disguises the Pok\u00e9mon's true level\n|\n|t:|1783573227\n|teamsize|p1|6\n|teamsize|p2|6\n|start\n|switch|p1a: Alomomola|Alomomola, L87, M|429/429\n|switch|p2a: Iron Boulder|Iron Boulder, L77|100/100\n|turn|1\n|inactive|Battle timer is ON: inactive players will automatically lose when time's up. (requested by p0x28838fbf)\n|inactive|p0y28834c6e also wants the timer to be on.\n|\n|t:|1783573228\n|move|p2a: Iron Boulder|Swords Dance|p2a: Iron Boulder\n|-boost|p2a: Iron Boulder|atk|2\n|move|p1a: Alomomola|Scald|p2a: Iron Boulder\n|-supereffective|p2a: Iron Boulder\n|-damage|p2a: Iron Boulder|67/100\n|\n|upkeep\n|turn|2\n|inactive|Time left: 300 sec this turn | 300 sec total\n|\n|t:|1783573229\n|move|p2a: Iron Boulder|Swords Dance|p2a: Iron Boulder\n|-boost|p2a: Iron Boulder|atk|2\n|move|p1a: Alomomola|Scald|p2a: Iron Boulder\n|-supereffective|p2a: Iron Boulder\n|-damage|p2a: Iron Boulder|30/100\n|\n|upkeep\n|turn|3\n|inactive|Time left: 300 sec this turn | 300 sec total\n|\n|t:|1783573229\n|-terastallize|p2a: Iron Boulder|Fighting\n|move|p2a: Iron Boulder|Close Combat|p1a: Alomomola\n|-damage|p1a: Alomomola|0 fnt\n|-unboost|p2a: Iron Boulder|def|1\n|-unboost|p2a: Iron Boulder|spd|1\n|-damage|p2a: Iron Boulder|13/100|[from] item: Rocky Helmet|[of] p1a: Alomomola\n|faint|p1a: Alomomola\n|-damage|p2a: Iron Boulder|3/100|[from] item: Life Orb\n|\n|upkeep\n|inactive|Time left: 300 sec this turn | 300 sec total | 5 sec grace\n|\n|t:|1783573230\n|switch|p1a: Kingambit|Kingambit, L74, F|270/270\n|-activate|p1a: Kingambit|ability: Supreme Overlord\n|-start|p1a: Kingambit|fallen1|[silent]\n|turn|4\n|inactive|Time left: 300 sec this turn | 300 sec total\n|\n|t:|1783573231\n|move|p1a: Kingambit|Sucker Punch|p2a: Iron Boulder\n|-resisted|p2a: Iron Boulder\n|-damage|p2a: Iron Boulder|0 fnt\n|faint|p2a: Iron Boulder\n|-end|p2a: Iron Boulder|Quark Drive|[silent]\n|\n|upkeep\n|\n|t:|1783573232\n|switch|p2a: Gurdurr|Gurdurr, L85, F|100/100\n|turn|5\n|inactive|Time left: 300 sec this turn | 300 sec total\n|\n|t:|1783573233\n|-end|p1a: Kingambit|fallen1|[silent]\n|switch|p1a: Vivillon|Vivillon-Ocean, L83, M|268/268\n|move|p2a: Gurdurr|Drain Punch|p1a: Vivillon\n|-resisted|p1a: Vivillon\n|-damage|p1a: Vivillon|235/268\n|\n|upkeep\n|turn|6\n|inactive|Time left: 300 sec this turn | 300 sec total\n|\n|t:|1783573234\n|move|p1a: Vivillon|Quiver Dance|p1a: Vivillon\n|-boost|p1a: Vivillon|spa|1\n|-boost|p1a: Vivillon|spd|1\n|-boost|p1a: Vivillon|spe|1\n|move|p2a: Gurdurr|Knock Off|p1a: Vivillon\n|-damage|p1a: Vivillon|116/268\n|-enditem|p1a: Vivillon|Heavy-Duty Boots|[from] move: Knock Off|[of] p2a: Gurdurr\n|\n|upkeep\n|turn|7\n|inactive|Time left: 300 sec this turn | 300 sec total\n|\n|t:|1783573235\n|switch|p2a: Milotic|Milotic, L83, F|100/100\n|move|p1a: Vivillon|Hurricane|p2a: Milotic\n|-damage|p2a: Milotic|58/100\n|-start|p2a: Milotic|confusion\n|\n|-heal|p2a: Milotic|64/100|[from] item: Leftovers\n|upkeep\n|turn|8\n|inactive|Time left: 300 sec this turn | 300 sec total\n|\n|t:|1783573236\n|move|p1a: Vivillon|Sleep Powder|p2a: Milotic\n|-status|p2a: Milotic|slp|[from] move: Sleep Powder\n|cant|p2a: Milotic|slp\n|\n|-heal|p2a: Milotic|70/100 slp|[from] item: Leftovers\n|upkeep\n|turn|9\n|inactive|Time left: 300 sec this turn | 300 sec total\n|\n|t:|1783573237\n|move|p1a: Vivillon|Hurricane|p2a: Milotic\n|-damage|p2a: Milotic|25/100 slp\n|cant|p2a: Milotic|slp\n|\n|-heal|p2a: Milotic|32/100 slp|[from] item: Leftovers\n|upkeep\n|turn|10\n|inactive|Time left: 300 sec this turn | 300 sec total\n|\n|t:|1783573238\n|move|p1a: Vivillon|Hurricane|p2a: Milotic\n|-damage|p2a: Milotic|0 fnt\n|faint|p2a: Milotic\n|\n|upkeep\n|\n|t:|1783573239\n|switch|p2a: Lumineon|Lumineon, L93, F|100/100\n|turn|11\n|inactive|Time left: 300 sec this turn | 300 sec total\n|\n|t:|1783573240\n|move|p1a: Vivillon|Sleep Powder|p2a: Lumineon\n|-status|p2a: Lumineon|slp|[from] move: Sleep Powder\n|cant|p2a: Lumineon|slp\n|\n|upkeep\n|turn|12\n|inactive|Time left: 300 sec this turn | 300 sec total\n|\n|t:|1783573241\n|move|p1a: Vivillon|Hurricane|p2a: Lumineon\n|-damage|p2a: Lumineon|46/100 slp\n|cant|p2a: Lumineon|slp\n|\n|upkeep\n|turn|13\n|inactive|Time left: 300 sec this turn | 300 sec total\n|\n|t:|1783573242\n|move|p1a: Vivillon|Hurricane|p2a: Lumineon\n|-damage|p2a: Lumineon|0 fnt\n|faint|p2a: Lumineon\n|\n|upkeep\n|\n|t:|1783573243\n|switch|p2a: Rabsca|Rabsca, L91, M|100/100\n|turn|14\n|inactive|Time left: 300 sec this turn | 300 sec total\n|\n|t:|1783573244\n|move|p1a: Vivillon|Sleep Powder|p2a: Rabsca\n|-status|p2a: Rabsca|slp|[from] move: Sleep Powder\n|cant|p2a: Rabsca|slp\n|\n|upkeep\n|turn|15\n|inactive|Time left: 300 sec this turn | 300 sec total\n|\n|t:|1783573245\n|move|p1a: Vivillon|Hurricane|p2a: Rabsca\n|-supereffective|p2a: Rabsca\n|-damage|p2a: Rabsca|0 fnt\n|faint|p2a: Rabsca\n|\n|upkeep\n|\n|t:|1783573245\n|switch|p2a: Sceptile|Sceptile, L87, F|100/100\n|turn|16\n|inactive|Time left: 300 sec this turn | 300 sec total\n|\n|t:|1783573246\n|move|p1a: Vivillon|Hurricane|p2a: Sceptile\n|-supereffective|p2a: Sceptile\n|-damage|p2a: Sceptile|0 fnt\n|faint|p2a: Sceptile\n|\n|upkeep\n|\n|t:|1783573247\n|switch|p2a: Gurdurr|Gurdurr, L85, F|100/100\n|turn|17\n|inactive|Time left: 300 sec this turn | 300 sec total\n|\n|t:|1783573248\n|move|p1a: Vivillon|Hurricane|p2a: Gurdurr\n|-supereffective|p2a: Gurdurr\n|-damage|p2a: Gurdurr|0 fnt\n|faint|p2a: Gurdurr\n|\n|win|p0x28838fbf", "uploadtime": 1783573248, "views": 0, "rating": 0, "private": 0, "password": null, "_winner": "p0x28838fbf", "_our_name": "p0x28838fbf"}