{"id": "battle-gen9randombattle-2413", "formatid": "gen9randombattle", "format": "[Gen 9] Random Battle", "players": ["p0x2413e212", "p0y24136b9e"], "log": "|init|battle\n|title|p0x2413e212 vs. p0y24136b9e\n|j|\u2606p0x2413e212\n|j|\u2606p0y24136b9e\n|t:|1783568013\n|gametype|singles\n|player|p1|p0x2413e212|170|\n|player|p2|p0y24136b9e|102|\n|gen|9\n|tier|[Gen 9] Random Battle\n|rule|Species Clause: Limit one of each Pok\u00e9mon\n|rule|HP Percentage Mod: HP is shown in percentages\n|rule|Sleep Clause Mod: Limit one foe put to sleep\n|rule|Illusion Level Mod: Illusion disguises the Pok\u00e9mon's true level\n|\n|t:|1783568013\n|teamsize|p1|6\n|teamsize|p2|6\n|start\n|switch|p1a: Salamence|Salamence, L77, F|273/273\n|switch|p2a: Venomoth|Venomoth, L84, F|100/100\n|turn|1\n|inactive|Battle timer is ON: inactive players will automatically lose when time's up. (requested by p0y24136b9e)\n|inactive|Time left: 300 sec this turn | 300 sec total | 60 sec grace\n|inactive|p0x2413e212 also wants the timer to be on.\n|\n|t:|1783568014\n|move|p2a: Venomoth|Sleep Powder|p1a: Salamence\n|-status|p1a: Salamence|slp|[from] move: Sleep Powder\n|cant|p1a: Salamence|slp\n|\n|upkeep\n|turn|2\n|inactive|Time left: 300 sec this turn | 300 sec total\n|\n|t:|1783568015\n|move|p2a: Venomoth|Quiver Dance|p2a: Venomoth\n|-boost|p2a: Venomoth|spa|1\n|-boost|p2a: Venomoth|spd|1\n|-boost|p2a: Venomoth|spe|1\n|-curestatus|p1a: Salamence|slp|[msg]\n|move|p1a: Salamence|Outrage|p2a: Venomoth\n|-crit|p2a: Venomoth\n|-damage|p2a: Venomoth|0 fnt\n|faint|p2a: Venomoth\n|-ability|p1a: Salamence|Moxie|boost\n|-boost|p1a: Salamence|atk|1\n|\n|upkeep\n|\n|t:|1783568016\n|switch|p2a: Grumpig|Grumpig, L92, M|100/100\n|turn|3\n|inactive|Time left: 300 sec this turn | 300 sec total\n|\n|t:|1783568018\n|-terastallize|p2a: Grumpig|Fairy\n|move|p2a: Grumpig|Nasty Plot|p2a: Grumpig\n|-boost|p2a: Grumpig|spa|2\n|move|p1a: Salamence|Outrage|p2a: Grumpig|[from] lockedmove\n|-immune|p2a: Grumpig\n|-start|p1a: Salamence|confusion|[fatigue]\n|\n|upkeep\n|turn|4\n|inactive|Time left: 300 sec this turn | 300 sec total\n|\n|t:|1783568019\n|switch|p1a: Eelektross|Eelektross, L87, M|290/290\n|move|p2a: Grumpig|Dazzling Gleam|p1a: Eelektross\n|-damage|p1a: Eelektross|154/290\n|\n|upkeep\n|turn|5\n|inactive|Time left: 300 sec this turn | 300 sec total\n|\n|t:|1783568020\n|move|p2a: Grumpig|Psychic|p1a: Eelektross\n|-damage|p1a: Eelektross|10/290\n|move|p1a: Eelektross|Discharge|p2a: Grumpig\n|-damage|p2a: Grumpig|78/100\n|\n|-heal|p2a: Grumpig|84/100|[from] item: Leftovers\n|upkeep\n|turn|6\n|inactive|Time left: 300 sec this turn | 300 sec total\n|\n|t:|1783568021\n|move|p2a: Grumpig|Dazzling Gleam|p1a: Eelektross\n|-damage|p1a: Eelektross|0 fnt\n|faint|p1a: Eelektross\n|\n|-heal|p2a: Grumpig|90/100|[from] item: Leftovers\n|upkeep\n|inactive|Time left: 300 sec this turn | 300 sec total | 5 sec grace\n|\n|t:|1783568022\n|switch|p1a: Ceruledge|Ceruledge, L78, M|245/245\n|turn|7\n|inactive|Time left: 300 sec this turn | 300 sec total\n|\n|t:|1783568023\n|switch|p1a: Shiftry|Shiftry, L89, M|305/305\n|move|p2a: Grumpig|Psychic|p1a: Shiftry\n|-immune|p1a: Shiftry\n|\n|-heal|p2a: Grumpig|96/100|[from] item: Leftovers\n|upkeep\n|turn|8\n|inactive|Time left: 300 sec this turn | 300 sec total\n|\n|t:|1783568024\n|switch|p1a: Ceruledge|Ceruledge, L78, M|245/245\n|move|p2a: Grumpig|Dazzling Gleam|p1a: Ceruledge\n|-resisted|p1a: Ceruledge\n|-damage|p1a: Ceruledge|147/245\n|\n|-heal|p2a: Grumpig|100/100|[from] item: Leftovers\n|upkeep\n|turn|9\n|inactive|Time left: 300 sec this turn | 300 sec total\n|\n|t:|1783568025\n|switch|p1a: Shiftry|Shiftry, L89, M|305/305\n|move|p2a: Grumpig|Psychic|p1a: Shiftry\n|-immune|p1a: Shiftry\n|\n|upkeep\n|turn|10\n|inactive|Time left: 300 sec this turn | 300 sec total\n|\n|t:|1783568026\n|switch|p1a: Ceruledge|Ceruledge, L78, M|147/245\n|move|p2a: Grumpig|Dazzling Gleam|p1a: Ceruledge\n|-resisted|p1a: Ceruledge\n|-damage|p1a: Ceruledge|57/245\n|\n|upkeep\n|turn|11\n|inactive|Time left: 300 sec this turn | 300 sec total\n|\n|t:|1783568027\n|move|p2a: Grumpig|Dazzling Gleam|p1a: Ceruledge\n|-resisted|p1a: Ceruledge\n|-damage|p1a: Ceruledge|0 fnt\n|faint|p1a: Ceruledge\n|\n|upkeep\n|inactive|Time left: 300 sec this turn | 300 sec total | 5 sec grace\n|\n|t:|1783568028\n|switch|p1a: Kilowattrel|Kilowattrel, L83, F|252/252\n|turn|12\n|inactive|Time left: 300 sec this turn | 300 sec total\n|\n|t:|1783568029\n|move|p1a: Kilowattrel|Hurricane|p2a: Grumpig|[miss]\n|-miss|p1a: Kilowattrel|p2a: Grumpig\n|move|p2a: Grumpig|Dazzling Gleam|p1a: Kilowattrel\n|-damage|p1a: Kilowattrel|11/252\n|\n|upkeep\n|turn|13\n|inactive|Time left: 300 sec this turn | 300 sec total\n|\n|t:|1783568030\n|move|p1a: Kilowattrel|Hurricane|p2a: Grumpig\n|-damage|p2a: Grumpig|68/100\n|move|p2a: Grumpig|Dazzling Gleam|p1a: Kilowattrel\n|-damage|p1a: Kilowattrel|0 fnt\n|faint|p1a: Kilowattrel\n|\n|-heal|p2a: Grumpig|74/100|[from] item: Leftovers\n|upkeep\n|inactive|Time left: 300 sec this turn | 300 sec total | 5 sec grace\n|\n|t:|1783568032\n|switch|p1a: Salamence|Salamence, L77, F|273/273\n|turn|14\n|inactive|Time left: 300 sec this turn | 300 sec total\n|\n|t:|1783568032\n|-terastallize|p1a: Salamence|Ground\n|move|p2a: Grumpig|Dazzling Gleam|p1a: Salamence\n|-damage|p1a: Salamence|71/273\n|move|p1a: Salamence|Earthquake|p2a: Grumpig\n|-damage|p2a: Grumpig|33/100\n|\n|-heal|p2a: Grumpig|40/100|[from] item: Leftovers\n|upkeep\n|turn|15\n|inactive|Time left: 300 sec this turn | 300 sec total\n|\n|t:|1783568033\n|move|p2a: Grumpig|Dazzling Gleam|p1a: Salamence\n|-damage|p1a: Salamence|0 fnt\n|faint|p1a: Salamence\n|\n|-heal|p2a: Grumpig|46/100|[from] item: Leftovers\n|upkeep\n|inactive|Time left: 300 sec this turn | 300 sec total | 5 sec grace\n|\n|t:|1783568034\n|switch|p1a: Hitmontop|Hitmontop, L88, M|231/231\n|turn|16\n|inactive|Time left: 300 sec this turn | 300 sec total\n|\n|t:|1783568035\n|move|p2a: Grumpig|Dazzling Gleam|p1a: Hitmontop\n|-supereffective|p1a: Hitmontop\n|-damage|p1a: Hitmontop|0 fnt\n|faint|p1a: Hitmontop\n|\n|-heal|p2a: Grumpig|52/100|[from] item: Leftovers\n|upkeep\n|inactive|Time left: 300 sec this turn | 300 sec total | 5 sec grace\n|\n|t:|1783568036\n|switch|p1a: Shiftry|Shiftry, L89, M|305/305\n|turn|17\n|inactive|Time left: 300 sec this turn | 300 sec total\n|\n|t:|1783568037\n|move|p2a: Grumpig|Dazzling Gleam|p1a: Shiftry\n|-supereffective|p1a: Shiftry\n|-damage|p1a: Shiftry|0 fnt\n|faint|p1a: Shiftry\n|\n|win|p0y24136b9e", "uploadtime": 1783568037, "views": 0, "rating": 0, "private": 0, "password": null, "_winner": "p0y24136b9e", "_our_name": "p0x2413e212"}