{"id": "battle-gen9randombattle-324", "formatid": "gen9randombattle", "format": "[Gen 9] Random Battle", "players": ["p0x324e813", "p0y3244aec"], "log": "|init|battle\n|title|p0x324e813 vs. p0y3244aec\n|j|\u2606p0x324e813\n|j|\u2606p0y3244aec\n|t:|1783542839\n|gametype|singles\n|player|p1|p0x324e813|169|\n|player|p2|p0y3244aec|101|\n|gen|9\n|tier|[Gen 9] Random Battle\n|rule|Species Clause: Limit one of each Pok\u00e9mon\n|rule|HP Percentage Mod: HP is shown in percentages\n|rule|Sleep Clause Mod: Limit one foe put to sleep\n|rule|Illusion Level Mod: Illusion disguises the Pok\u00e9mon's true level\n|\n|t:|1783542839\n|teamsize|p1|6\n|teamsize|p2|6\n|start\n|switch|p1a: Gholdengo|Gholdengo, L77|261/261\n|switch|p2a: Zarude|Zarude-Dada, L77|100/100\n|turn|1\n|inactive|Battle timer is ON: inactive players will automatically lose when time's up. (requested by p0y3244aec)\n|inactive|Time left: 300 sec this turn | 300 sec total | 60 sec grace\n|inactive|p0x324e813 also wants the timer to be on.\n|\n|t:|1783542841\n|switch|p1a: Arceus|Arceus-Fire, L72|291/291\n|move|p2a: Zarude|Knock Off|p1a: Arceus\n|-damage|p1a: Arceus|231/291\n|\n|upkeep\n|turn|2\n|inactive|Time left: 300 sec this turn | 300 sec total\n|\n|t:|1783542842\n|switch|p2a: Oinkologne|Oinkologne, L92, M|100/100\n|move|p1a: Arceus|Flare Blitz|p2a: Oinkologne\n|-damage|p2a: Oinkologne|81/100\n|-damage|p1a: Arceus|208/291|[from] Recoil\n|\n|-heal|p2a: Oinkologne|87/100|[from] item: Leftovers\n|upkeep\n|turn|3\n|inactive|Time left: 300 sec this turn | 300 sec total\n|\n|t:|1783542843\n|move|p1a: Arceus|Recover|p1a: Arceus\n|-heal|p1a: Arceus|291/291\n|move|p2a: Oinkologne|High Horsepower|p1a: Arceus\n|-supereffective|p1a: Arceus\n|-damage|p1a: Arceus|131/291\n|\n|-heal|p2a: Oinkologne|93/100|[from] item: Leftovers\n|upkeep\n|turn|4\n|inactive|Time left: 300 sec this turn | 300 sec total\n|\n|t:|1783542845\n|move|p1a: Arceus|Recover|p1a: Arceus\n|-heal|p1a: Arceus|277/291\n|move|p2a: Oinkologne|High Horsepower|p1a: Arceus\n|-supereffective|p1a: Arceus\n|-damage|p1a: Arceus|121/291\n|\n|-heal|p2a: Oinkologne|99/100|[from] item: Leftovers\n|upkeep\n|turn|5\n|inactive|Time left: 300 sec this turn | 300 sec total\n|\n|t:|1783542846\n|move|p1a: Arceus|Recover|p1a: Arceus\n|-heal|p1a: Arceus|267/291\n|move|p2a: Oinkologne|High Horsepower|p1a: Arceus\n|-supereffective|p1a: Arceus\n|-damage|p1a: Arceus|111/291\n|\n|-heal|p2a: Oinkologne|100/100|[from] item: Leftovers\n|upkeep\n|turn|6\n|inactive|Time left: 300 sec this turn | 300 sec total\n|\n|t:|1783542846\n|move|p1a: Arceus|Recover|p1a: Arceus\n|-heal|p1a: Arceus|257/291\n|move|p2a: Oinkologne|Body Slam|p1a: Arceus\n|-damage|p1a: Arceus|157/291\n|\n|upkeep\n|turn|7\n|inactive|Time left: 300 sec this turn | 300 sec total\n|\n|t:|1783542847\n|move|p1a: Arceus|Recover|p1a: Arceus\n|-heal|p1a: Arceus|291/291\n|move|p2a: Oinkologne|High Horsepower|p1a: Arceus\n|-supereffective|p1a: Arceus\n|-damage|p1a: Arceus|147/291\n|\n|upkeep\n|turn|8\n|inactive|Time left: 300 sec this turn | 300 sec total\n|\n|t:|1783542848\n|move|p1a: Arceus|Recover|p1a: Arceus\n|-heal|p1a: Arceus|291/291\n|move|p2a: Oinkologne|Body Slam|p1a: Arceus\n|-damage|p1a: Arceus|185/291\n|\n|upkeep\n|turn|9\n|inactive|Time left: 300 sec this turn | 300 sec total\n|\n|t:|1783542849\n|move|p1a: Arceus|Recover|p1a: Arceus\n|-heal|p1a: Arceus|291/291\n|move|p2a: Oinkologne|High Horsepower|p1a: Arceus\n|-supereffective|p1a: Arceus\n|-damage|p1a: Arceus|151/291\n|\n|upkeep\n|turn|10\n|inactive|Time left: 300 sec this turn | 300 sec total\n|\n|t:|1783542850\n|move|p1a: Arceus|Recover|p1a: Arceus\n|-heal|p1a: Arceus|291/291\n|move|p2a: Oinkologne|Body Slam|p1a: Arceus\n|-damage|p1a: Arceus|192/291\n|\n|upkeep\n|turn|11\n|inactive|Time left: 300 sec this turn | 300 sec total\n|\n|t:|1783542851\n|switch|p1a: Zarude|Zarude-Dada, L77|288/288\n|move|p2a: Oinkologne|High Horsepower|p1a: Zarude\n|-resisted|p1a: Zarude\n|-damage|p1a: Zarude|248/288\n|\n|upkeep\n|turn|12\n|inactive|Time left: 300 sec this turn | 300 sec total\n|\n|t:|1783542852\n|move|p1a: Zarude|Knock Off|p2a: Oinkologne\n|-damage|p2a: Oinkologne|60/100\n|-enditem|p2a: Oinkologne|Leftovers|[from] move: Knock Off|[of] p1a: Zarude\n|move|p2a: Oinkologne|Body Slam|p1a: Zarude\n|-damage|p1a: Zarude|142/288\n|-status|p1a: Zarude|par\n|\n|upkeep\n|turn|13\n|inactive|Time left: 300 sec this turn | 300 sec total\n|\n|t:|1783542853\n|move|p2a: Oinkologne|Body Slam|p1a: Zarude\n|-damage|p1a: Zarude|40/288 par\n|move|p1a: Zarude|Knock Off|p2a: Oinkologne\n|-damage|p2a: Oinkologne|30/100\n|\n|upkeep\n|turn|14\n|inactive|Time left: 300 sec this turn | 300 sec total\n|\n|t:|1783542854\n|move|p2a: Oinkologne|Body Slam|p1a: Zarude\n|-damage|p1a: Zarude|0 fnt\n|faint|p1a: Zarude\n|\n|upkeep\n|inactive|Time left: 300 sec this turn | 300 sec total | 5 sec grace\n|\n|t:|1783542854\n|switch|p1a: Mabosstiff|Mabosstiff, L86, F|278/278\n|turn|15\n|inactive|Time left: 300 sec this turn | 300 sec total\n|\n|t:|1783542855\n|move|p1a: Mabosstiff|Crunch|p2a: Oinkologne\n|-damage|p2a: Oinkologne|0 fnt\n|faint|p2a: Oinkologne\n|\n|upkeep\n|\n|t:|1783542856\n|switch|p2a: Muk|Muk-Alola, L82, F|100/100\n|turn|16\n|inactive|Time left: 300 sec this turn | 300 sec total\n|\n|t:|1783542857\n|move|p1a: Mabosstiff|Crunch|p2a: Muk\n|-resisted|p2a: Muk\n|-damage|p2a: Muk|69/100\n|move|p2a: Muk|Knock Off|p1a: Mabosstiff\n|-resisted|p1a: Mabosstiff\n|-damage|p1a: Mabosstiff|233/278\n|-enditem|p1a: Mabosstiff|Choice Band|[from] move: Knock Off|[of] p2a: Muk\n|\n|upkeep\n|turn|17\n|inactive|Time left: 300 sec this turn | 300 sec total\n|\n|t:|1783542858\n|move|p1a: Mabosstiff|Play Rough|p2a: Muk\n|-damage|p2a: Muk|38/100\n|move|p2a: Muk|Drain Punch|p1a: Mabosstiff\n|-supereffective|p1a: Mabosstiff\n|-damage|p1a: Mabosstiff|131/278\n|-heal|p2a: Muk|55/100|[from] drain|[of] p1a: Mabosstiff\n|\n|upkeep\n|turn|18\n|inactive|Time left: 300 sec this turn | 300 sec total\n|\n|t:|1783542859\n|move|p1a: Mabosstiff|Play Rough|p2a: Muk\n|-damage|p2a: Muk|25/100\n|move|p2a: Muk|Drain Punch|p1a: Mabosstiff\n|-supereffective|p1a: Mabosstiff\n|-damage|p1a: Mabosstiff|33/278\n|-heal|p2a: Muk|41/100|[from] drain|[of] p1a: Mabosstiff\n|-status|p1a: Mabosstiff|psn|[from] ability: Poison Touch|[of] p2a: Muk\n|\n|-damage|p1a: Mabosstiff|0 fnt|[from] psn\n|faint|p1a: Mabosstiff\n|upkeep\n|inactive|Time left: 300 sec this turn | 300 sec total | 5 sec grace\n|\n|t:|1783542860\n|switch|p1a: Arceus|Arceus-Fire, L72|192/291\n|turn|19\n|inactive|Time left: 300 sec this turn | 300 sec total\n|\n|t:|1783542861\n|switch|p2a: Dragapult|Dragapult, L77, F|100/100\n|move|p1a: Arceus|Flare Blitz|p2a: Dragapult\n|-resisted|p2a: Dragapult\n|-damage|p2a: Dragapult|72/100\n|-damage|p1a: Arceus|167/291|[from] Recoil\n|\n|upkeep\n|turn|20\n|inactive|Time left: 300 sec this turn | 300 sec total\n|\n|t:|1783542862\n|move|p2a: Dragapult|Shadow Ball|p1a: Arceus\n|-damage|p1a: Arceus|70/291\n|move|p1a: Arceus|Swords Dance|p1a: Arceus\n|-boost|p1a: Arceus|atk|2\n|\n|upkeep\n|turn|21\n|inactive|Time left: 300 sec this turn | 300 sec total\n|\n|t:|1783542863\n|switch|p1a: Reshiram|Reshiram, L76|277/277\n|-ability|p1a: Reshiram|Turboblaze\n|move|p2a: Dragapult|Shadow Ball|p1a: Reshiram\n|-damage|p1a: Reshiram|175/277\n|\n|upkeep\n|turn|22\n|inactive|Time left: 300 sec this turn | 300 sec total\n|\n|t:|1783542864\n|move|p2a: Dragapult|Shadow Ball|p1a: Reshiram\n|-damage|p1a: Reshiram|76/277\n|move|p1a: Reshiram|Dragon Dance|p1a: Reshiram\n|-boost|p1a: Reshiram|atk|1\n|-boost|p1a: Reshiram|spe|1\n|\n|upkeep\n|turn|23\n|inactive|Time left: 300 sec this turn | 300 sec total\n|\n|t:|1783542865\n|move|p1a: Reshiram|Outrage|p2a: Dragapult\n|-supereffective|p2a: Dragapult\n|-damage|p2a: Dragapult|0 fnt\n|faint|p2a: Dragapult\n|\n|upkeep\n|\n|t:|1783542866\n|switch|p2a: Zarude|Zarude-Dada, L77|100/100\n|turn|24\n|inactive|Time left: 300 sec this turn | 300 sec total\n|\n|t:|1783542867\n|move|p2a: Zarude|Knock Off|p1a: Reshiram\n|-damage|p1a: Reshiram|0 fnt\n|-enditem|p1a: Reshiram|Heavy-Duty Boots|[from] move: Knock Off|[of] p2a: Zarude\n|faint|p1a: Reshiram\n|\n|upkeep\n|inactive|Time left: 300 sec this turn | 300 sec total | 5 sec grace\n|\n|t:|1783542868\n|switch|p1a: Arceus|Arceus-Fire, L72|70/291\n|turn|25\n|inactive|Time left: 300 sec this turn | 300 sec total\n|\n|t:|1783542869\n|-terastallize|p2a: Zarude|Dark\n|move|p2a: Zarude|Knock Off|p1a: Arceus\n|-damage|p1a: Arceus|0 fnt\n|faint|p1a: Arceus\n|\n|upkeep\n|inactive|Time left: 300 sec this turn | 300 sec total | 5 sec grace\n|\n|t:|1783542870\n|switch|p1a: Swanna|Swanna, L89, F|278/278\n|turn|26\n|inactive|Time left: 300 sec this turn | 300 sec total\n|\n|t:|1783542871\n|move|p2a: Zarude|Knock Off|p1a: Swanna\n|-damage|p1a: Swanna|114/278\n|-enditem|p1a: Swanna|Heavy-Duty Boots|[from] move: Knock Off|[of] p2a: Zarude\n|move|p1a: Swanna|Roost|p1a: Swanna\n|-heal|p1a: Swanna|253/278\n|-singleturn|p1a: Swanna|move: Roost\n|\n|upkeep\n|turn|27\n|inactive|Time left: 300 sec this turn | 300 sec total\n|\n|t:|1783542872\n|move|p2a: Zarude|Knock Off|p1a: Swanna\n|-damage|p1a: Swanna|151/278\n|move|p1a: Swanna|Roost|p1a: Swanna\n|-heal|p1a: Swanna|278/278\n|-singleturn|p1a: Swanna|move: Roost\n|\n|upkeep\n|turn|28\n|inactive|Time left: 300 sec this turn | 300 sec total\n|\n|t:|1783542873\n|move|p2a: Zarude|Knock Off|p1a: Swanna\n|-damage|p1a: Swanna|174/278\n|move|p1a: Swanna|Hydro Pump|p2a: Zarude\n|-damage|p2a: Zarude|56/100\n|\n|upkeep\n|turn|29\n|inactive|Time left: 300 sec this turn | 300 sec total\n|\n|t:|1783542874\n|move|p2a: Zarude|Knock Off|p1a: Swanna\n|-damage|p1a: Swanna|66/278\n|move|p1a: Swanna|Roost|p1a: Swanna\n|-heal|p1a: Swanna|205/278\n|-singleturn|p1a: Swanna|move: Roost\n|\n|upkeep\n|turn|30\n|inactive|Time left: 300 sec this turn | 300 sec total\n|\n|t:|1783542876\n|move|p2a: Zarude|Knock Off|p1a: Swanna\n|-damage|p1a: Swanna|101/278\n|move|p1a: Swanna|Roost|p1a: Swanna\n|-heal|p1a: Swanna|240/278\n|-singleturn|p1a: Swanna|move: Roost\n|\n|upkeep\n|turn|31\n|inactive|Time left: 300 sec this turn | 300 sec total\n|\n|t:|1783542877\n|move|p2a: Zarude|Knock Off|p1a: Swanna\n|-damage|p1a: Swanna|132/278\n|move|p1a: Swanna|Hydro Pump|p2a: Zarude\n|-damage|p2a: Zarude|15/100\n|\n|upkeep\n|turn|32\n|inactive|Time left: 300 sec this turn | 300 sec total\n|\n|t:|1783542878\n|move|p2a: Zarude|Knock Off|p1a: Swanna\n|-damage|p1a: Swanna|18/278\n|move|p1a: Swanna|Roost|p1a: Swanna\n|-heal|p1a: Swanna|157/278\n|-singleturn|p1a: Swanna|move: Roost\n|\n|upkeep\n|turn|33\n|inactive|Time left: 300 sec this turn | 300 sec total\n|\n|t:|1783542879\n|move|p2a: Zarude|Knock Off|p1a: Swanna\n|-damage|p1a: Swanna|51/278\n|move|p1a: Swanna|Roost|p1a: Swanna\n|-heal|p1a: Swanna|190/278\n|-singleturn|p1a: Swanna|move: Roost\n|\n|upkeep\n|turn|34\n|inactive|Time left: 300 sec this turn | 300 sec total\n|\n|t:|1783542880\n|move|p2a: Zarude|Knock Off|p1a: Swanna\n|-damage|p1a: Swanna|88/278\n|move|p1a: Swanna|Roost|p1a: Swanna\n|-heal|p1a: Swanna|227/278\n|-singleturn|p1a: Swanna|move: Roost\n|\n|upkeep\n|turn|35\n|inactive|Time left: 300 sec this turn | 300 sec total\n|\n|t:|1783542881\n|move|p2a: Zarude|Knock Off|p1a: Swanna\n|-damage|p1a: Swanna|119/278\n|move|p1a: Swanna|Brave Bird|p2a: Zarude\n|-damage|p2a: Zarude|0 fnt\n|faint|p2a: Zarude\n|-damage|p1a: Swanna|105/278|[from] Recoil\n|\n|upkeep\n|\n|t:|1783542882\n|switch|p2a: Talonflame|Talonflame, L83, F|100/100\n|turn|36\n|inactive|Time left: 300 sec this turn | 300 sec total\n|\n|t:|1783542883\n|switch|p1a: Gholdengo|Gholdengo, L77|261/261\n|move|p2a: Talonflame|Brave Bird|p1a: Gholdengo\n|-resisted|p1a: Gholdengo\n|-damage|p1a: Gholdengo|201/261\n|-damage|p2a: Talonflame|93/100|[from] Recoil\n|\n|-heal|p1a: Gholdengo|217/261|[from] item: Leftovers\n|upkeep\n|turn|37\n|inactive|Time left: 300 sec this turn | 300 sec total\n|\n|t:|1783542884\n|switch|p1a: Swanna|Swanna, L89, F|105/278\n|move|p2a: Talonflame|Overheat|p1a: Swanna\n|-resisted|p1a: Swanna\n|-damage|p1a: Swanna|43/278\n|-unboost|p2a: Talonflame|spa|2\n|\n|upkeep\n|turn|38\n|inactive|Time left: 300 sec this turn | 300 sec total\n|\n|t:|1783542885\n|move|p2a: Talonflame|Brave Bird|p1a: Swanna\n|-damage|p1a: Swanna|0 fnt\n|faint|p1a: Swanna\n|-damage|p2a: Talonflame|88/100|[from] Recoil\n|\n|upkeep\n|inactive|Time left: 300 sec this turn | 300 sec total | 5 sec grace\n|\n|t:|1783542886\n|switch|p1a: Gholdengo|Gholdengo, L77|217/261\n|turn|39\n|inactive|Time left: 300 sec this turn | 300 sec total\n|\n|t:|1783542887\n|move|p2a: Talonflame|Overheat|p1a: Gholdengo|[miss]\n|-miss|p2a: Talonflame|p1a: Gholdengo\n|move|p1a: Gholdengo|Thunder Wave|p2a: Talonflame\n|-status|p2a: Talonflame|par\n|\n|-heal|p1a: Gholdengo|233/261|[from] item: Leftovers\n|upkeep\n|turn|40\n|inactive|Time left: 300 sec this turn | 300 sec total\n|\n|t:|1783542888\n|switch|p2a: Muk|Muk-Alola, L82, F|41/100\n|move|p1a: Gholdengo|Shadow Ball|p2a: Muk\n|-resisted|p2a: Muk\n|-crit|p2a: Muk\n|-damage|p2a: Muk|26/100\n|\n|-heal|p1a: Gholdengo|249/261|[from] item: Leftovers\n|upkeep\n|turn|41\n|inactive|Time left: 300 sec this turn | 300 sec total\n|\n|t:|1783542889\n|move|p1a: Gholdengo|Make It Rain|p2a: Muk\n|-damage|p2a: Muk|0 fnt\n|-unboost|p1a: Gholdengo|spa|1\n|faint|p2a: Muk\n|\n|-heal|p1a: Gholdengo|261/261|[from] item: Leftovers\n|upkeep\n|\n|t:|1783542890\n|switch|p2a: Talonflame|Talonflame, L83, F|88/100 par\n|turn|42\n|inactive|Time left: 300 sec this turn | 300 sec total\n|\n|t:|1783542891\n|move|p1a: Gholdengo|Shadow Ball|p2a: Talonflame\n|-damage|p2a: Talonflame|59/100 par\n|cant|p2a: Talonflame|par\n|\n|upkeep\n|turn|43\n|inactive|Time left: 300 sec this turn | 300 sec total\n|\n|t:|1783542892\n|move|p1a: Gholdengo|Shadow Ball|p2a: Talonflame\n|-damage|p2a: Talonflame|32/100 par\n|cant|p2a: Talonflame|par\n|\n|upkeep\n|turn|44\n|inactive|Time left: 300 sec this turn | 300 sec total\n|\n|t:|1783542893\n|move|p1a: Gholdengo|Shadow Ball|p2a: Talonflame\n|-crit|p2a: Talonflame\n|-damage|p2a: Talonflame|0 fnt\n|faint|p2a: Talonflame\n|\n|upkeep\n|\n|t:|1783542894\n|switch|p2a: Enamorus|Enamorus, L79, F|100/100\n|turn|45\n|inactive|Time left: 300 sec this turn | 300 sec total\n|\n|t:|1783542894\n|-terastallize|p1a: Gholdengo|Steel\n|move|p2a: Enamorus|Zen Headbutt|p1a: Gholdengo\n|-resisted|p1a: Gholdengo\n|-damage|p1a: Gholdengo|229/261\n|move|p1a: Gholdengo|Make It Rain|p2a: Enamorus\n|-supereffective|p2a: Enamorus\n|-damage|p2a: Enamorus|0 fnt\n|-unboost|p1a: Gholdengo|spa|1\n|faint|p2a: Enamorus\n|\n|win|p0x324e813", "uploadtime": 1783542894, "views": 0, "rating": 0, "private": 0, "password": null, "_winner": "p0x324e813", "_our_name": "p0x324e813"}