{"id": "battle-gen9randombattle-163", "formatid": "gen9randombattle", "format": "[Gen 9] Random Battle", "players": ["p0x163d43e", "p0y163c3d9"], "log": "|init|battle\n|title|p0x163d43e vs. p0y163c3d9\n|j|\u2606p0x163d43e\n|j|\u2606p0y163c3d9\n|t:|1783535617\n|gametype|singles\n|player|p1|p0x163d43e|169|\n|player|p2|p0y163c3d9|102|\n|gen|9\n|tier|[Gen 9] Random Battle\n|rule|Species Clause: Limit one of each Pok\u00e9mon\n|rule|HP Percentage Mod: HP is shown in percentages\n|rule|Sleep Clause Mod: Limit one foe put to sleep\n|rule|Illusion Level Mod: Illusion disguises the Pok\u00e9mon's true level\n|\n|t:|1783535617\n|teamsize|p1|6\n|teamsize|p2|6\n|start\n|switch|p1a: Umbreon|Umbreon, L84, M|100/100\n|switch|p2a: Wyrdeer|Wyrdeer, L87, F|321/321\n|-ability|p2a: Wyrdeer|Intimidate|boost\n|-unboost|p1a: Umbreon|atk|1\n|turn|1\n|inactive|Battle timer is ON: inactive players will automatically lose when time's up. (requested by p0x163d43e)\n|inactive|Time left: 300 sec this turn | 300 sec total | 60 sec grace\n|\n|t:|1783535618\n|move|p2a: Wyrdeer|Thunder Wave|p1a: Umbreon\n|-status|p1a: Umbreon|par\n|-activate|p1a: Umbreon|ability: Synchronize\n|-status|p2a: Wyrdeer|par\n|move|p1a: Umbreon|Foul Play|p2a: Wyrdeer\n|-supereffective|p2a: Wyrdeer\n|-damage|p2a: Wyrdeer|51/321 par\n|\n|-heal|p2a: Wyrdeer|71/321 par|[from] item: Leftovers\n|upkeep\n|turn|2\n|inactive|Time left: 300 sec this turn | 300 sec total\n|inactive|p0y163c3d9 also wants the timer to be on.\n|\n|t:|1783535619\n|switch|p2a: Espathra|Espathra, L80, M|283/283\n|move|p1a: Umbreon|Foul Play|p2a: Espathra\n|-supereffective|p2a: Espathra\n|-damage|p2a: Espathra|113/283\n|\n|upkeep\n|turn|3\n|inactive|Time left: 300 sec this turn | 300 sec total\n|\n|t:|1783535620\n|move|p2a: Espathra|Lumina Crash|p1a: Umbreon\n|-immune|p1a: Umbreon\n|move|p1a: Umbreon|Foul Play|p2a: Espathra\n|-supereffective|p2a: Espathra\n|-damage|p2a: Espathra|0 fnt\n|faint|p2a: Espathra\n|\n|upkeep\n|inactive|Time left: 300 sec this turn | 300 sec total | 5 sec grace\n|\n|t:|1783535621\n|switch|p2a: Drednaw|Drednaw, L81, F|278/278\n|turn|4\n|inactive|Time left: 300 sec this turn | 300 sec total\n|\n|t:|1783535623\n|move|p2a: Drednaw|Shell Smash|p2a: Drednaw\n|-unboost|p2a: Drednaw|def|1\n|-unboost|p2a: Drednaw|spd|1\n|-boost|p2a: Drednaw|atk|2\n|-boost|p2a: Drednaw|spa|2\n|-boost|p2a: Drednaw|spe|2\n|-enditem|p2a: Drednaw|White Herb\n|-clearnegativeboost|p2a: Drednaw|[silent]\n|move|p1a: Umbreon|Foul Play|p2a: Drednaw\n|-damage|p2a: Drednaw|49/278\n|\n|upkeep\n|turn|5\n|inactive|Time left: 300 sec this turn | 300 sec total\n|\n|t:|1783535624\n|move|p2a: Drednaw|Stone Edge|p1a: Umbreon\n|-damage|p1a: Umbreon|36/100 par\n|move|p1a: Umbreon|Foul Play|p2a: Drednaw\n|-damage|p2a: Drednaw|0 fnt\n|faint|p2a: Drednaw\n|\n|-heal|p1a: Umbreon|42/100 par|[from] item: Leftovers\n|upkeep\n|inactive|Time left: 300 sec this turn | 300 sec total | 5 sec grace\n|\n|t:|1783535625\n|switch|p2a: Suicune|Suicune, L82|298/298\n|-ability|p2a: Suicune|Pressure\n|turn|6\n|inactive|Time left: 300 sec this turn | 300 sec total\n|\n|t:|1783535626\n|move|p2a: Suicune|Calm Mind|p2a: Suicune\n|-boost|p2a: Suicune|spa|1\n|-boost|p2a: Suicune|spd|1\n|move|p1a: Umbreon|Toxic|p2a: Suicune\n|-status|p2a: Suicune|tox\n|\n|-heal|p1a: Umbreon|48/100 par|[from] item: Leftovers\n|-damage|p2a: Suicune|280/298 tox|[from] psn\n|upkeep\n|turn|7\n|inactive|Time left: 300 sec this turn | 300 sec total\n|\n|t:|1783535627\n|move|p2a: Suicune|Calm Mind|p2a: Suicune\n|-boost|p2a: Suicune|spa|1\n|-boost|p2a: Suicune|spd|1\n|move|p1a: Umbreon|Wish|p1a: Umbreon\n|\n|-heal|p2a: Suicune|298/298 tox|[from] item: Leftovers\n|-heal|p1a: Umbreon|54/100 par|[from] item: Leftovers\n|-damage|p2a: Suicune|262/298 tox|[from] psn\n|upkeep\n|turn|8\n|inactive|Time left: 300 sec this turn | 300 sec total\n|\n|t:|1783535628\n|move|p2a: Suicune|Scald|p1a: Umbreon\n|-damage|p1a: Umbreon|14/100 par\n|cant|p1a: Umbreon|par\n|\n|-heal|p1a: Umbreon|63/100 par|[from] move: Wish|[wisher] Umbreon\n|-heal|p2a: Suicune|280/298 tox|[from] item: Leftovers\n|-heal|p1a: Umbreon|70/100 par|[from] item: Leftovers\n|-damage|p2a: Suicune|226/298 tox|[from] psn\n|upkeep\n|turn|9\n|inactive|Time left: 300 sec this turn | 300 sec total\n|\n|t:|1783535629\n|switch|p1a: Lugia|Lugia, L73|100/100\n|move|p2a: Suicune|Scald|p1a: Lugia\n|-damage|p1a: Lugia|81/100\n|-status|p1a: Lugia|brn\n|\n|-heal|p2a: Suicune|244/298 tox|[from] item: Leftovers\n|-damage|p2a: Suicune|172/298 tox|[from] psn\n|-damage|p1a: Lugia|75/100 brn|[from] brn\n|upkeep\n|turn|10\n|inactive|Time left: 300 sec this turn | 300 sec total\n|\n|t:|1783535630\n|move|p1a: Lugia|Psychic Noise|p2a: Suicune\n|-damage|p2a: Suicune|147/298 tox\n|-start|p2a: Suicune|move: Heal Block\n|cant|p2a: Suicune|move: Heal Block|Rest\n|\n|-damage|p2a: Suicune|57/298 tox|[from] psn\n|-damage|p1a: Lugia|68/100 brn|[from] brn\n|upkeep\n|turn|11\n|inactive|Time left: 300 sec this turn | 300 sec total\n|\n|t:|1783535631\n|switch|p2a: Wyrdeer|Wyrdeer, L87, F|71/321 par\n|-ability|p2a: Wyrdeer|Intimidate|boost\n|-unboost|p1a: Lugia|atk|1\n|move|p1a: Lugia|Calm Mind|p1a: Lugia\n|-boost|p1a: Lugia|spa|1\n|-boost|p1a: Lugia|spd|1\n|\n|-heal|p2a: Wyrdeer|91/321 par|[from] item: Leftovers\n|-damage|p1a: Lugia|62/100 brn|[from] brn\n|upkeep\n|turn|12\n|inactive|Time left: 300 sec this turn | 300 sec total\n|\n|t:|1783535632\n|move|p1a: Lugia|Aeroblast|p2a: Wyrdeer\n|-damage|p2a: Wyrdeer|0 fnt\n|faint|p2a: Wyrdeer\n|\n|-damage|p1a: Lugia|56/100 brn|[from] brn\n|upkeep\n|inactive|Time left: 300 sec this turn | 300 sec total | 5 sec grace\n|\n|t:|1783535633\n|switch|p2a: Tropius|Tropius, L91, F|328/328\n|turn|13\n|inactive|Time left: 300 sec this turn | 300 sec total\n|\n|t:|1783535634\n|move|p1a: Lugia|Aeroblast|p2a: Tropius\n|-supereffective|p2a: Tropius\n|-damage|p2a: Tropius|122/328\n|-enditem|p2a: Tropius|Sitrus Berry|[eat]\n|-heal|p2a: Tropius|204/328|[from] item: Sitrus Berry\n|move|p2a: Tropius|Leech Seed|p1a: Lugia\n|-start|p1a: Lugia|move: Leech Seed\n|\n|-damage|p1a: Lugia|44/100 brn|[from] Leech Seed|[of] p2a: Tropius\n|-heal|p2a: Tropius|238/328|[silent]\n|-damage|p1a: Lugia|38/100 brn|[from] brn\n|upkeep\n|turn|14\n|inactive|Time left: 300 sec this turn | 300 sec total\n|\n|t:|1783535635\n|move|p1a: Lugia|Recover|p1a: Lugia\n|-heal|p1a: Lugia|88/100 brn\n|move|p2a: Tropius|Air Slash|p1a: Lugia\n|-damage|p1a: Lugia|74/100 brn\n|\n|-damage|p1a: Lugia|62/100 brn|[from] Leech Seed|[of] p2a: Tropius\n|-heal|p2a: Tropius|272/328|[silent]\n|-damage|p1a: Lugia|56/100 brn|[from] brn\n|upkeep\n|turn|15\n|inactive|Time left: 300 sec this turn | 300 sec total\n|\n|t:|1783535636\n|move|p1a: Lugia|Recover|p1a: Lugia\n|-heal|p1a: Lugia|100/100 brn\n|move|p2a: Tropius|Leech Seed||[still]\n|-fail|p2a: Tropius\n|\n|-damage|p1a: Lugia|88/100 brn|[from] Leech Seed|[of] p2a: Tropius\n|-heal|p2a: Tropius|306/328|[silent]\n|-damage|p1a: Lugia|82/100 brn|[from] brn\n|upkeep\n|turn|16\n|inactive|Time left: 300 sec this turn | 300 sec total\n|\n|t:|1783535637\n|move|p1a: Lugia|Aeroblast|p2a: Tropius\n|-supereffective|p2a: Tropius\n|-damage|p2a: Tropius|90/328\n|move|p2a: Tropius|Leech Seed||[still]\n|-fail|p2a: Tropius\n|\n|-damage|p1a: Lugia|70/100 brn|[from] Leech Seed|[of] p2a: Tropius\n|-heal|p2a: Tropius|124/328|[silent]\n|-damage|p1a: Lugia|63/100 brn|[from] brn\n|-item|p2a: Tropius|Sitrus Berry|[from] ability: Harvest\n|upkeep\n|-enditem|p2a: Tropius|Sitrus Berry|[eat]\n|-heal|p2a: Tropius|206/328|[from] item: Sitrus Berry\n|turn|17\n|inactive|Time left: 300 sec this turn | 300 sec total\n|\n|t:|1783535638\n|move|p2a: Tropius|Protect|p2a: Tropius\n|-singleturn|p2a: Tropius|Protect\n|move|p1a: Lugia|Recover|p1a: Lugia\n|-heal|p1a: Lugia|100/100 brn\n|\n|-damage|p1a: Lugia|88/100 brn|[from] Leech Seed|[of] p2a: Tropius\n|-heal|p2a: Tropius|240/328|[silent]\n|-damage|p1a: Lugia|82/100 brn|[from] brn\n|-item|p2a: Tropius|Sitrus Berry|[from] ability: Harvest\n|upkeep\n|turn|18\n|inactive|Time left: 300 sec this turn | 300 sec total\n|\n|t:|1783535639\n|move|p1a: Lugia|Aeroblast|p2a: Tropius\n|-supereffective|p2a: Tropius\n|-damage|p2a: Tropius|24/328\n|-enditem|p2a: Tropius|Sitrus Berry|[eat]\n|-heal|p2a: Tropius|106/328|[from] item: Sitrus Berry\n|move|p2a: Tropius|Substitute|p2a: Tropius\n|-start|p2a: Tropius|Substitute\n|-damage|p2a: Tropius|24/328\n|\n|-damage|p1a: Lugia|70/100 brn|[from] Leech Seed|[of] p2a: Tropius\n|-heal|p2a: Tropius|58/328|[silent]\n|-damage|p1a: Lugia|63/100 brn|[from] brn\n|-item|p2a: Tropius|Sitrus Berry|[from] ability: Harvest\n|upkeep\n|-enditem|p2a: Tropius|Sitrus Berry|[eat]\n|-heal|p2a: Tropius|140/328|[from] item: Sitrus Berry\n|turn|19\n|inactive|Time left: 300 sec this turn | 300 sec total\n|\n|t:|1783535640\n|move|p1a: Lugia|Recover|p1a: Lugia\n|-heal|p1a: Lugia|100/100 brn\n|move|p2a: Tropius|Leech Seed||[still]\n|-fail|p2a: Tropius\n|\n|-damage|p1a: Lugia|88/100 brn|[from] Leech Seed|[of] p2a: Tropius\n|-heal|p2a: Tropius|174/328|[silent]\n|-damage|p1a: Lugia|82/100 brn|[from] brn\n|-item|p2a: Tropius|Sitrus Berry|[from] ability: Harvest\n|upkeep\n|turn|20\n|inactive|Time left: 300 sec this turn | 300 sec total\n|\n|t:|1783535641\n|switch|p1a: Umbreon|Umbreon, L84, M|70/100 par\n|move|p2a: Tropius|Leech Seed|p1a: Umbreon\n|-start|p1a: Umbreon|move: Leech Seed\n|\n|-heal|p1a: Umbreon|76/100 par|[from] item: Leftovers\n|-damage|p1a: Umbreon|63/100 par|[from] Leech Seed|[of] p2a: Tropius\n|-heal|p2a: Tropius|211/328|[silent]\n|upkeep\n|turn|21\n|inactive|Time left: 300 sec this turn | 300 sec total\n|\n|t:|1783535642\n|switch|p1a: Lugia|Lugia, L73|82/100 brn\n|move|p2a: Tropius|Leech Seed|p1a: Lugia\n|-start|p1a: Lugia|move: Leech Seed\n|\n|-damage|p1a: Lugia|70/100 brn|[from] Leech Seed|[of] p2a: Tropius\n|-heal|p2a: Tropius|245/328|[silent]\n|-damage|p1a: Lugia|63/100 brn|[from] brn\n|upkeep\n|turn|22\n|inactive|Time left: 300 sec this turn | 300 sec total\n|\n|t:|1783535642\n|switch|p1a: Umbreon|Umbreon, L84, M|63/100 par\n|move|p2a: Tropius|Air Slash|p1a: Umbreon\n|-damage|p1a: Umbreon|46/100 par\n|\n|-heal|p1a: Umbreon|52/100 par|[from] item: Leftovers\n|upkeep\n|turn|23\n|inactive|Time left: 300 sec this turn | 300 sec total\n|\n|t:|1783535643\n|move|p1a: Umbreon|Protect|p1a: Umbreon\n|-singleturn|p1a: Umbreon|Protect\n|move|p2a: Tropius|Leech Seed|p1a: Umbreon\n|-activate|p1a: Umbreon|move: Protect\n|\n|-heal|p1a: Umbreon|58/100 par|[from] item: Leftovers\n|upkeep\n|turn|24\n|inactive|Time left: 300 sec this turn | 300 sec total\n|\n|t:|1783535644\n|move|p2a: Tropius|Leech Seed|p1a: Umbreon\n|-start|p1a: Umbreon|move: Leech Seed\n|move|p1a: Umbreon|Wish|p1a: Umbreon\n|\n|-heal|p1a: Umbreon|64/100 par|[from] item: Leftovers\n|-damage|p1a: Umbreon|51/100 par|[from] Leech Seed|[of] p2a: Tropius\n|-heal|p2a: Tropius|282/328|[silent]\n|upkeep\n|turn|25\n|inactive|Time left: 300 sec this turn | 300 sec total\n|\n|t:|1783535644\n|switch|p1a: Lugia|Lugia, L73|63/100 brn\n|move|p2a: Tropius|Leech Seed|p1a: Lugia\n|-start|p1a: Lugia|move: Leech Seed\n|\n|-heal|p1a: Lugia|100/100 brn|[from] move: Wish|[wisher] Umbreon\n|-damage|p1a: Lugia|88/100 brn|[from] Leech Seed|[of] p2a: Tropius\n|-heal|p2a: Tropius|316/328|[silent]\n|-damage|p1a: Lugia|82/100 brn|[from] brn\n|upkeep\n|turn|26\n|inactive|Time left: 300 sec this turn | 300 sec total\n|\n|t:|1783535645\n|switch|p1a: Umbreon|Umbreon, L84, M|51/100 par\n|move|p2a: Tropius|Leech Seed|p1a: Umbreon\n|-start|p1a: Umbreon|move: Leech Seed\n|\n|-heal|p1a: Umbreon|57/100 par|[from] item: Leftovers\n|-damage|p1a: Umbreon|45/100 par|[from] Leech Seed|[of] p2a: Tropius\n|-heal|p2a: Tropius|328/328|[silent]\n|upkeep\n|turn|27\n|inactive|Time left: 300 sec this turn | 300 sec total\n|\n|t:|1783535646\n|switch|p1a: Lugia|Lugia, L73|82/100 brn\n|move|p2a: Tropius|Leech Seed|p1a: Lugia\n|-start|p1a: Lugia|move: Leech Seed\n|\n|-damage|p1a: Lugia|70/100 brn|[from] Leech Seed|[of] p2a: Tropius\n|-damage|p1a: Lugia|63/100 brn|[from] brn\n|upkeep\n|turn|28\n|inactive|Time left: 300 sec this turn | 300 sec total\n|\n|t:|1783535647\n|move|p1a: Lugia|Recover|p1a: Lugia\n|-heal|p1a: Lugia|100/100 brn\n|move|p2a: Tropius|Air Slash|p1a: Lugia\n|-damage|p1a: Lugia|90/100 brn\n|\n|-damage|p1a: Lugia|77/100 brn|[from] Leech Seed|[of] p2a: Tropius\n|-damage|p1a: Lugia|71/100 brn|[from] brn\n|upkeep\n|turn|29\n|inactive|Time left: 300 sec this turn | 300 sec total\n|\n|t:|1783535648\n|switch|p1a: Umbreon|Umbreon, L84, M|45/100 par\n|move|p2a: Tropius|Air Slash|p1a: Umbreon\n|-damage|p1a: Umbreon|27/100 par\n|\n|-heal|p1a: Umbreon|33/100 par|[from] item: Leftovers\n|upkeep\n|turn|30\n|inactive|Time left: 300 sec this turn | 300 sec total\n|\n|t:|1783535648\n|move|p2a: Tropius|Leech Seed|p1a: Umbreon\n|-start|p1a: Umbreon|move: Leech Seed\n|move|p1a: Umbreon|Wish|p1a: Umbreon\n|\n|-heal|p1a: Umbreon|39/100 par|[from] item: Leftovers\n|-damage|p1a: Umbreon|26/100 par|[from] Leech Seed|[of] p2a: Tropius\n|upkeep\n|turn|31\n|inactive|Time left: 300 sec this turn | 300 sec total\n|\n|t:|1783535649\n|cant|p1a: Umbreon|par\n|move|p2a: Tropius|Air Slash|p1a: Umbreon\n|-damage|p1a: Umbreon|7/100 par\n|\n|-heal|p1a: Umbreon|57/100 par|[from] move: Wish|[wisher] Umbreon\n|-heal|p1a: Umbreon|63/100 par|[from] item: Leftovers\n|-damage|p1a: Umbreon|50/100 par|[from] Leech Seed|[of] p2a: Tropius\n|upkeep\n|turn|32\n|inactive|Time left: 300 sec this turn | 300 sec total\n|\n|t:|1783535650\n|move|p2a: Tropius|Air Slash|p1a: Umbreon\n|-damage|p1a: Umbreon|30/100 par\n|cant|p1a: Umbreon|par\n|\n|-heal|p1a: Umbreon|36/100 par|[from] item: Leftovers\n|-damage|p1a: Umbreon|23/100 par|[from] Leech Seed|[of] p2a: Tropius\n|upkeep\n|turn|33\n|inactive|Time left: 300 sec this turn | 300 sec total\n|\n|t:|1783535651\n|switch|p1a: Lugia|Lugia, L73|71/100 brn\n|move|p2a: Tropius|Air Slash|p1a: Lugia\n|-crit|p1a: Lugia\n|-damage|p1a: Lugia|40/100 brn\n|\n|-damage|p1a: Lugia|34/100 brn|[from] brn\n|upkeep\n|turn|34\n|inactive|Time left: 300 sec this turn | 300 sec total\n|\n|t:|1783535652\n|move|p1a: Lugia|Recover|p1a: Lugia\n|-heal|p1a: Lugia|84/100 brn\n|move|p2a: Tropius|Leech Seed|p1a: Lugia\n|-start|p1a: Lugia|move: Leech Seed\n|\n|-damage|p1a: Lugia|72/100 brn|[from] Leech Seed|[of] p2a: Tropius\n|-damage|p1a: Lugia|66/100 brn|[from] brn\n|upkeep\n|turn|35\n|inactive|Time left: 300 sec this turn | 300 sec total\n|\n|t:|1783535653\n|move|p1a: Lugia|Recover|p1a: Lugia\n|-heal|p1a: Lugia|100/100 brn\n|move|p2a: Tropius|Air Slash|p1a: Lugia\n|-damage|p1a: Lugia|91/100 brn\n|\n|-damage|p1a: Lugia|78/100 brn|[from] Leech Seed|[of] p2a: Tropius\n|-damage|p1a: Lugia|72/100 brn|[from] brn\n|upkeep\n|turn|36\n|inactive|Time left: 300 sec this turn | 300 sec total\n|\n|t:|1783535655\n|move|p1a: Lugia|Calm Mind|p1a: Lugia\n|-boost|p1a: Lugia|spa|1\n|-boost|p1a: Lugia|spd|1\n|move|p2a: Tropius|Air Slash|p1a: Lugia\n|-damage|p1a: Lugia|59/100 brn\n|\n|-damage|p1a: Lugia|46/100 brn|[from] Leech Seed|[of] p2a: Tropius\n|-damage|p1a: Lugia|40/100 brn|[from] brn\n|upkeep\n|turn|37\n|inactive|Time left: 300 sec this turn | 300 sec total\n|\n|t:|1783535656\n|move|p1a: Lugia|Recover|p1a: Lugia\n|-heal|p1a: Lugia|90/100 brn\n|move|p2a: Tropius|Air Slash|p1a: Lugia\n|-damage|p1a: Lugia|77/100 brn\n|\n|-damage|p1a: Lugia|65/100 brn|[from] Leech Seed|[of] p2a: Tropius\n|-damage|p1a: Lugia|59/100 brn|[from] brn\n|upkeep\n|turn|38\n|inactive|Time left: 300 sec this turn | 300 sec total\n|\n|t:|1783535657\n|move|p1a: Lugia|Calm Mind|p1a: Lugia\n|-boost|p1a: Lugia|spa|1\n|-boost|p1a: Lugia|spd|1\n|move|p2a: Tropius|Air Slash|p1a: Lugia\n|-damage|p1a: Lugia|48/100 brn\n|\n|-damage|p1a: Lugia|35/100 brn|[from] Leech Seed|[of] p2a: Tropius\n|-damage|p1a: Lugia|29/100 brn|[from] brn\n|upkeep\n|turn|39\n|inactive|Time left: 300 sec this turn | 300 sec total\n|\n|t:|1783535658\n|switch|p1a: Umbreon|Umbreon, L84, M|23/100 par\n|move|p2a: Tropius|Air Slash|p1a: Umbreon\n|-damage|p1a: Umbreon|6/100 par\n|\n|-heal|p1a: Umbreon|12/100 par|[from] item: Leftovers\n|upkeep\n|turn|40\n|inactive|Time left: 300 sec this turn | 300 sec total\n|\n|t:|1783535659\n|move|p2a: Tropius|Air Slash|p1a: Umbreon\n|-damage|p1a: Umbreon|0 fnt\n|faint|p1a: Umbreon\n|\n|upkeep\n|\n|t:|1783535660\n|switch|p1a: Kricketune|Kricketune, L99, F|100/100\n|turn|41\n|inactive|Time left: 300 sec this turn | 300 sec total\n|\n|t:|1783535661\n|move|p1a: Kricketune|Sticky Web|p2a: Tropius\n|-sidestart|p2: p0y163c3d9|move: Sticky Web\n|move|p2a: Tropius|Air Slash|p1a: Kricketune\n|-supereffective|p1a: Kricketune\n|-damage|p1a: Kricketune|38/100\n|\n|upkeep\n|turn|42\n|inactive|Time left: 300 sec this turn | 300 sec total\n|\n|t:|1783535662\n|switch|p1a: Coalossal|Coalossal, L89, M|100/100\n|move|p2a: Tropius|Air Slash|p1a: Coalossal|[miss]\n|-miss|p2a: Tropius|p1a: Coalossal\n|\n|upkeep\n|turn|43\n|inactive|Time left: 300 sec this turn | 300 sec total\n|\n|t:|1783535663\n|move|p2a: Tropius|Leech Seed|p1a: Coalossal\n|-start|p1a: Coalossal|move: Leech Seed\n|move|p1a: Coalossal|Flamethrower|p2a: Tropius\n|-supereffective|p2a: Tropius\n|-end|p2a: Tropius|Substitute\n|\n|-damage|p1a: Coalossal|88/100|[from] Leech Seed|[of] p2a: Tropius\n|upkeep\n|turn|44\n|inactive|Time left: 300 sec this turn | 300 sec total\n|\n|t:|1783535664\n|move|p2a: Tropius|Air Slash|p1a: Coalossal|[miss]\n|-miss|p2a: Tropius|p1a: Coalossal\n|move|p1a: Coalossal|Stone Edge|p2a: Tropius|[miss]\n|-miss|p1a: Coalossal|p2a: Tropius\n|\n|-damage|p1a: Coalossal|76/100|[from] Leech Seed|[of] p2a: Tropius\n|upkeep\n|turn|45\n|inactive|Time left: 300 sec this turn | 300 sec total\n|\n|t:|1783535665\n|switch|p1a: Duraludon|Duraludon, L82, F|100/100\n|move|p2a: Tropius|Air Slash|p1a: Duraludon\n|-resisted|p1a: Duraludon\n|-damage|p1a: Duraludon|85/100\n|\n|upkeep\n|turn|46\n|inactive|Time left: 300 sec this turn | 300 sec total\n|\n|t:|1783535666\n|move|p1a: Duraludon|Iron Defense|p1a: Duraludon\n|-boost|p1a: Duraludon|def|2\n|move|p2a: Tropius|Leech Seed|p1a: Duraludon\n|-start|p1a: Duraludon|move: Leech Seed\n|\n|-damage|p1a: Duraludon|72/100|[from] Leech Seed|[of] p2a: Tropius\n|upkeep\n|turn|47\n|inactive|Time left: 300 sec this turn | 300 sec total\n|\n|t:|1783535667\n|move|p1a: Duraludon|Body Press|p2a: Tropius\n|-resisted|p2a: Tropius\n|-damage|p2a: Tropius|264/328\n|move|p2a: Tropius|Air Slash|p1a: Duraludon\n|-resisted|p1a: Duraludon\n|-damage|p1a: Duraludon|58/100\n|\n|-damage|p1a: Duraludon|45/100|[from] Leech Seed|[of] p2a: Tropius\n|-heal|p2a: Tropius|295/328|[silent]\n|upkeep\n|turn|48\n|inactive|Time left: 300 sec this turn | 300 sec total\n|\n|t:|1783535668\n|switch|p1a: Coalossal|Coalossal, L89, M|76/100\n|move|p2a: Tropius|Air Slash|p1a: Coalossal\n|-resisted|p1a: Coalossal\n|-damage|p1a: Coalossal|66/100\n|\n|upkeep\n|turn|49\n|inactive|Time left: 300 sec this turn | 300 sec total\n|\n|t:|1783535669\n|move|p2a: Tropius|Leech Seed|p1a: Coalossal\n|-start|p1a: Coalossal|move: Leech Seed\n|move|p1a: Coalossal|Stone Edge|p2a: Tropius\n|-supereffective|p2a: Tropius\n|-damage|p2a: Tropius|113/328\n|-enditem|p2a: Tropius|Sitrus Berry|[eat]\n|-heal|p2a: Tropius|195/328|[from] item: Sitrus Berry\n|\n|-damage|p1a: Coalossal|54/100|[from] Leech Seed|[of] p2a: Tropius\n|-heal|p2a: Tropius|237/328|[silent]\n|upkeep\n|turn|50\n|inactive|Time left: 300 sec this turn | 300 sec total\n|\n|t:|1783535670\n|switch|p1a: Duraludon|Duraludon, L82, F|45/100\n|move|p2a: Tropius|Air Slash|p1a: Duraludon\n|-resisted|p1a: Duraludon\n|-damage|p1a: Duraludon|31/100\n|\n|-item|p2a: Tropius|Sitrus Berry|[from] ability: Harvest\n|upkeep\n|turn|51\n|inactive|Time left: 300 sec this turn | 300 sec total\n|\n|t:|1783535672\n|move|p1a: Duraludon|Iron Defense|p1a: Duraludon\n|-boost|p1a: Duraludon|def|2\n|move|p2a: Tropius|Air Slash|p1a: Duraludon\n|-resisted|p1a: Duraludon\n|-damage|p1a: Duraludon|15/100\n|\n|upkeep\n|turn|52\n|inactive|Time left: 300 sec this turn | 300 sec total\n|\n|t:|1783535673\n|switch|p1a: Coalossal|Coalossal, L89, M|54/100\n|move|p2a: Tropius|Air Slash|p1a: Coalossal\n|-resisted|p1a: Coalossal\n|-damage|p1a: Coalossal|44/100\n|\n|upkeep\n|turn|53\n|inactive|Time left: 300 sec this turn | 300 sec total\n|\n|t:|1783535674\n|move|p2a: Tropius|Protect|p2a: Tropius\n|-singleturn|p2a: Tropius|Protect\n|move|p1a: Coalossal|Flamethrower|p2a: Tropius\n|-activate|p2a: Tropius|move: Protect\n|\n|upkeep\n|turn|54\n|inactive|Time left: 300 sec this turn | 300 sec total\n|\n|t:|1783535674\n|move|p2a: Tropius|Substitute|p2a: Tropius\n|-start|p2a: Tropius|Substitute\n|-damage|p2a: Tropius|155/328\n|-enditem|p2a: Tropius|Sitrus Berry|[eat]\n|-heal|p2a: Tropius|237/328|[from] item: Sitrus Berry\n|move|p1a: Coalossal|Rapid Spin|p2a: Tropius\n|-activate|p2a: Tropius|move: Substitute|[damage]\n|-boost|p1a: Coalossal|spe|1\n|\n|-item|p2a: Tropius|Sitrus Berry|[from] ability: Harvest\n|upkeep\n|turn|55\n|inactive|Time left: 300 sec this turn | 300 sec total\n|\n|t:|1783535675\n|move|p1a: Coalossal|Stone Edge|p2a: Tropius\n|-supereffective|p2a: Tropius\n|-end|p2a: Tropius|Substitute\n|move|p2a: Tropius|Air Slash|p1a: Coalossal\n|-resisted|p1a: Coalossal\n|-damage|p1a: Coalossal|35/100\n|\n|upkeep\n|turn|56\n|inactive|Time left: 300 sec this turn | 300 sec total\n|\n|t:|1783535676\n|switch|p2a: Suicune|Suicune, L82|57/298 tox\n|-activate|p2a: Suicune|move: Sticky Web\n|-unboost|p2a: Suicune|spe|1\n|-ability|p2a: Suicune|Pressure\n|move|p1a: Coalossal|Flamethrower|p2a: Suicune\n|-resisted|p2a: Suicune\n|-damage|p2a: Suicune|20/298 tox\n|\n|-heal|p2a: Suicune|38/298 tox|[from] item: Leftovers\n|-damage|p2a: Suicune|20/298 tox|[from] psn\n|upkeep\n|turn|57\n|inactive|Time left: 300 sec this turn | 300 sec total\n|\n|t:|1783535677\n|move|p1a: Coalossal|Rapid Spin|p2a: Suicune\n|-damage|p2a: Suicune|0 fnt\n|-boost|p1a: Coalossal|spe|1\n|faint|p2a: Suicune\n|\n|upkeep\n|inactive|Time left: 300 sec this turn | 300 sec total | 5 sec grace\n|\n|t:|1783535678\n|switch|p2a: Snorlax|Snorlax, L82, M|397/397\n|-activate|p2a: Snorlax|move: Sticky Web\n|-unboost|p2a: Snorlax|spe|1\n|turn|58\n|inactive|Time left: 300 sec this turn | 300 sec total\n|\n|t:|1783535679\n|move|p1a: Coalossal|Will-O-Wisp|p2a: Snorlax\n|-status|p2a: Snorlax|brn\n|move|p2a: Snorlax|Curse|p2a: Snorlax\n|-unboost|p2a: Snorlax|spe|1\n|-boost|p2a: Snorlax|atk|1\n|-boost|p2a: Snorlax|def|1\n|\n|-damage|p2a: Snorlax|373/397 brn|[from] brn\n|upkeep\n|turn|59\n|inactive|Time left: 300 sec this turn | 300 sec total\n|\n|t:|1783535680\n|move|p1a: Coalossal|Rapid Spin|p2a: Snorlax\n|-damage|p2a: Snorlax|342/397 brn\n|-boost|p1a: Coalossal|spe|1\n|move|p2a: Snorlax|Curse|p2a: Snorlax\n|-unboost|p2a: Snorlax|spe|1\n|-boost|p2a: Snorlax|atk|1\n|-boost|p2a: Snorlax|def|1\n|\n|-heal|p2a: Snorlax|366/397 brn|[from] item: Leftovers\n|-damage|p2a: Snorlax|342/397 brn|[from] brn\n|upkeep\n|turn|60\n|inactive|Time left: 300 sec this turn | 300 sec total\n|\n|t:|1783535682\n|move|p1a: Coalossal|Rapid Spin|p2a: Snorlax\n|-damage|p2a: Snorlax|319/397 brn\n|-boost|p1a: Coalossal|spe|1\n|move|p2a: Snorlax|Rest|p2a: Snorlax\n|-status|p2a: Snorlax|slp|[from] move: Rest\n|-heal|p2a: Snorlax|397/397 slp|[silent]\n|\n|upkeep\n|turn|61\n|inactive|Time left: 300 sec this turn | 300 sec total\n|\n|t:|1783535683\n|move|p1a: Coalossal|Stone Edge|p2a: Snorlax\n|-damage|p2a: Snorlax|330/397 slp\n|cant|p2a: Snorlax|slp\n|move|p2a: Snorlax|Sleep Talk|p2a: Snorlax\n|move|p2a: Snorlax|Body Slam|p1a: Coalossal|[from] move: Sleep Talk\n|-resisted|p1a: Coalossal\n|-damage|p1a: Coalossal|14/100\n|-status|p1a: Coalossal|par\n|\n|-heal|p2a: Snorlax|354/397 slp|[from] item: Leftovers\n|upkeep\n|turn|62\n|inactive|Time left: 300 sec this turn | 300 sec total\n|\n|t:|1783535684\n|cant|p1a: Coalossal|par\n|cant|p2a: Snorlax|slp\n|move|p2a: Snorlax|Sleep Talk|p2a: Snorlax\n|move|p2a: Snorlax|Curse|p2a: Snorlax|[from] move: Sleep Talk\n|-unboost|p2a: Snorlax|spe|1\n|-boost|p2a: Snorlax|atk|1\n|-boost|p2a: Snorlax|def|1\n|\n|-heal|p2a: Snorlax|378/397 slp|[from] item: Leftovers\n|upkeep\n|turn|63\n|inactive|Time left: 300 sec this turn | 300 sec total\n|\n|t:|1783535685\n|move|p1a: Coalossal|Flamethrower|p2a: Snorlax\n|-damage|p2a: Snorlax|336/397 slp\n|-curestatus|p2a: Snorlax|slp|[msg]\n|move|p2a: Snorlax|Body Slam|p1a: Coalossal\n|-resisted|p1a: Coalossal\n|-damage|p1a: Coalossal|0 fnt\n|-status|p2a: Snorlax|brn|[from] ability: Flame Body|[of] p1a: Coalossal\n|faint|p1a: Coalossal\n|\n|-heal|p2a: Snorlax|360/397 brn|[from] item: Leftovers\n|-damage|p2a: Snorlax|336/397 brn|[from] brn\n|upkeep\n|\n|t:|1783535686\n|switch|p1a: Duraludon|Duraludon, L82, F|15/100\n|turn|64\n|inactive|Time left: 300 sec this turn | 300 sec total\n|\n|t:|1783535687\n|move|p1a: Duraludon|Iron Defense|p1a: Duraludon\n|-boost|p1a: Duraludon|def|2\n|move|p2a: Snorlax|Body Slam|p1a: Duraludon\n|-resisted|p1a: Duraludon\n|-damage|p1a: Duraludon|9/100\n|\n|-heal|p2a: Snorlax|360/397 brn|[from] item: Leftovers\n|-damage|p2a: Snorlax|336/397 brn|[from] brn\n|upkeep\n|turn|65\n|inactive|Time left: 300 sec this turn | 300 sec total\n|\n|t:|1783535687\n|move|p1a: Duraludon|Flash Cannon|p2a: Snorlax\n|-damage|p2a: Snorlax|254/397 brn\n|move|p2a: Snorlax|Body Slam|p1a: Duraludon\n|-resisted|p1a: Duraludon\n|-damage|p1a: Duraludon|2/100\n|\n|-heal|p2a: Snorlax|278/397 brn|[from] item: Leftovers\n|-damage|p2a: Snorlax|254/397 brn|[from] brn\n|upkeep\n|turn|66\n|inactive|Time left: 300 sec this turn | 300 sec total\n|\n|t:|1783535688\n|move|p1a: Duraludon|Body Press|p2a: Snorlax\n|-supereffective|p2a: Snorlax\n|-damage|p2a: Snorlax|122/397 brn\n|move|p2a: Snorlax|Body Slam|p1a: Duraludon\n|-resisted|p1a: Duraludon\n|-damage|p1a: Duraludon|0 fnt\n|faint|p1a: Duraludon\n|\n|-heal|p2a: Snorlax|146/397 brn|[from] item: Leftovers\n|-damage|p2a: Snorlax|122/397 brn|[from] brn\n|upkeep\n|\n|t:|1783535689\n|switch|p1a: Walking Wake|Walking Wake, L79|100/100\n|turn|67\n|inactive|Time left: 300 sec this turn | 300 sec total\n|\n|t:|1783535690\n|move|p1a: Walking Wake|Draco Meteor|p2a: Snorlax\n|-damage|p2a: Snorlax|0 fnt\n|-unboost|p1a: Walking Wake|spa|2\n|faint|p2a: Snorlax\n|-damage|p1a: Walking Wake|91/100|[from] item: Life Orb\n|\n|upkeep\n|inactive|Time left: 300 sec this turn | 300 sec total | 5 sec grace\n|\n|t:|1783535691\n|switch|p2a: Tropius|Tropius, L91, F|237/328\n|turn|68\n|inactive|Time left: 300 sec this turn | 300 sec total\n|\n|t:|1783535691\n|-end|p1a: Walking Wake|Protosynthesis|[silent]\n|switch|p1a: Kricketune|Kricketune, L99, F|38/100\n|move|p2a: Tropius|Air Slash|p1a: Kricketune\n|-supereffective|p1a: Kricketune\n|-damage|p1a: Kricketune|0 fnt\n|faint|p1a: Kricketune\n|\n|upkeep\n|\n|t:|1783535692\n|switch|p1a: Walking Wake|Walking Wake, L79|91/100\n|turn|69\n|inactive|Time left: 300 sec this turn | 300 sec total\n|\n|t:|1783535693\n|-terastallize|p1a: Walking Wake|Fire\n|move|p2a: Tropius|Protect|p2a: Tropius\n|-singleturn|p2a: Tropius|Protect\n|move|p1a: Walking Wake|Flamethrower|p2a: Tropius\n|-activate|p2a: Tropius|move: Protect\n|\n|upkeep\n|turn|70\n|inactive|Time left: 300 sec this turn | 300 sec total\n|\n|t:|1783535694\n|-terastallize|p2a: Tropius|Steel\n|move|p2a: Tropius|Protect||[still]\n|-fail|p2a: Tropius\n|move|p1a: Walking Wake|Flamethrower|p2a: Tropius\n|-supereffective|p2a: Tropius\n|-damage|p2a: Tropius|3/328\n|-status|p2a: Tropius|brn\n|-enditem|p2a: Tropius|Sitrus Berry|[eat]\n|-heal|p2a: Tropius|85/328 brn|[from] item: Sitrus Berry\n|-damage|p1a: Walking Wake|81/100|[from] item: Life Orb\n|\n|-damage|p2a: Tropius|65/328 brn|[from] brn\n|-item|p2a: Tropius|Sitrus Berry|[from] ability: Harvest\n|upkeep\n|-enditem|p2a: Tropius|Sitrus Berry|[eat]\n|-heal|p2a: Tropius|147/328 brn|[from] item: Sitrus Berry\n|turn|71\n|inactive|Time left: 300 sec this turn | 300 sec total\n|\n|t:|1783535695\n|move|p2a: Tropius|Protect|p2a: Tropius\n|-singleturn|p2a: Tropius|Protect\n|move|p1a: Walking Wake|Flamethrower|p2a: Tropius\n|-activate|p2a: Tropius|move: Protect\n|\n|-damage|p2a: Tropius|127/328 brn|[from] brn\n|upkeep\n|turn|72\n|inactive|Time left: 300 sec this turn | 300 sec total\n|\n|t:|1783535695\n|move|p2a: Tropius|Protect||[still]\n|-fail|p2a: Tropius\n|move|p1a: Walking Wake|Hydro Steam|p2a: Tropius\n|-damage|p2a: Tropius|18/328 brn\n|-damage|p1a: Walking Wake|71/100|[from] item: Life Orb\n|\n|-damage|p2a: Tropius|0 fnt|[from] brn\n|faint|p2a: Tropius\n|\n|win|p0x163d43e", "uploadtime": 1783535695, "views": 0, "rating": 0, "private": 0, "password": null, "_winner": "p0x163d43e", "_our_name": "p0y163c3d9"}