{"id": "battle-gen9randombattle-269", "formatid": "gen9randombattle", "format": "[Gen 9] Random Battle", "players": ["p0x269e959", "p0y2690c00"], "log": "|init|battle\n|title|p0x269e959 vs. p0y2690c00\n|j|\u2606p0x269e959\n|j|\u2606p0y2690c00\n|t:|1783542208\n|gametype|singles\n|player|p1|p0x269e959|101|\n|player|p2|p0y2690c00|170|\n|gen|9\n|tier|[Gen 9] Random Battle\n|rule|Species Clause: Limit one of each Pok\u00e9mon\n|rule|HP Percentage Mod: HP is shown in percentages\n|rule|Sleep Clause Mod: Limit one foe put to sleep\n|rule|Illusion Level Mod: Illusion disguises the Pok\u00e9mon's true level\n|\n|t:|1783542208\n|teamsize|p1|6\n|teamsize|p2|6\n|start\n|switch|p1a: Rotom|Rotom, L88|231/231\n|switch|p2a: Probopass|Probopass, L91, F|100/100\n|turn|1\n|inactive|Battle timer is ON: inactive players will automatically lose when time's up. (requested by p0x269e959)\n|inactive|p0y2690c00 also wants the timer to be on.\n|\n|t:|1783542209\n|move|p1a: Rotom|Nasty Plot|p1a: Rotom\n|-boost|p1a: Rotom|spa|2\n|move|p2a: Probopass|Iron Defense|p2a: Probopass\n|-boost|p2a: Probopass|def|2\n|\n|upkeep\n|turn|2\n|inactive|Time left: 300 sec this turn | 300 sec total\n|\n|t:|1783542210\n|move|p1a: Rotom|Shadow Ball|p2a: Probopass\n|-damage|p2a: Probopass|46/100\n|-damage|p1a: Rotom|208/231|[from] item: Life Orb\n|move|p2a: Probopass|Flash Cannon|p1a: Rotom\n|-resisted|p1a: Rotom\n|-damage|p1a: Rotom|164/231\n|\n|-heal|p2a: Probopass|52/100|[from] item: Leftovers\n|upkeep\n|turn|3\n|inactive|Time left: 300 sec this turn | 300 sec total\n|\n|t:|1783542211\n|move|p1a: Rotom|Thunderbolt|p2a: Probopass\n|-damage|p2a: Probopass|0 fnt\n|faint|p2a: Probopass\n|-damage|p1a: Rotom|141/231|[from] item: Life Orb\n|\n|upkeep\n|\n|t:|1783542211\n|switch|p2a: Empoleon|Empoleon, L84, F|100/100\n|turn|4\n|inactive|Time left: 300 sec this turn | 300 sec total\n|\n|t:|1783542212\n|-terastallize|p2a: Empoleon|Grass\n|move|p1a: Rotom|Thunderbolt|p2a: Empoleon\n|-resisted|p2a: Empoleon\n|-damage|p2a: Empoleon|56/100\n|-damage|p1a: Rotom|118/231|[from] item: Life Orb\n|move|p2a: Empoleon|Knock Off|p1a: Rotom\n|-supereffective|p1a: Rotom\n|-damage|p1a: Rotom|0 fnt\n|-enditem|p1a: Rotom|Life Orb|[from] move: Knock Off|[of] p2a: Empoleon\n|faint|p1a: Rotom\n|\n|-heal|p2a: Empoleon|62/100|[from] item: Leftovers\n|upkeep\n|inactive|Time left: 300 sec this turn | 300 sec total | 5 sec grace\n|\n|t:|1783542213\n|switch|p1a: Gallade|Gallade, L80, M|240/240\n|turn|5\n|inactive|Time left: 300 sec this turn | 300 sec total\n|\n|t:|1783542214\n|switch|p2a: Bombirdier|Bombirdier, L85, M|100/100\n|move|p1a: Gallade|Psycho Cut|p2a: Bombirdier\n|-immune|p2a: Bombirdier\n|\n|upkeep\n|turn|6\n|inactive|Time left: 300 sec this turn | 300 sec total\n|\n|t:|1783542214\n|switch|p1a: Overqwil|Overqwil, L82, M|274/274\n|-ability|p1a: Overqwil|Intimidate|boost\n|-unboost|p2a: Bombirdier|atk|1\n|move|p2a: Bombirdier|Knock Off|p1a: Overqwil\n|-resisted|p1a: Overqwil\n|-damage|p1a: Overqwil|220/274\n|-enditem|p1a: Overqwil|Life Orb|[from] move: Knock Off|[of] p2a: Bombirdier\n|\n|upkeep\n|turn|7\n|inactive|Time left: 300 sec this turn | 300 sec total\n|\n|t:|1783542215\n|switch|p2a: Passimian|Passimian, L83, F|100/100\n|move|p1a: Overqwil|Swords Dance|p1a: Overqwil\n|-boost|p1a: Overqwil|atk|2\n|\n|upkeep\n|turn|8\n|inactive|Time left: 300 sec this turn | 300 sec total\n|\n|t:|1783542216\n|move|p1a: Overqwil|Gunk Shot|p2a: Passimian\n|-damage|p2a: Passimian|7/100\n|move|p2a: Passimian|Drain Punch|p1a: Overqwil\n|-damage|p1a: Overqwil|126/274\n|-heal|p2a: Passimian|22/100|[from] drain|[of] p1a: Overqwil\n|\n|-heal|p2a: Passimian|28/100|[from] item: Leftovers\n|upkeep\n|turn|9\n|inactive|Time left: 300 sec this turn | 300 sec total\n|\n|t:|1783542217\n|move|p1a: Overqwil|Gunk Shot|p2a: Passimian\n|-damage|p2a: Passimian|0 fnt\n|faint|p2a: Passimian\n|\n|upkeep\n|\n|t:|1783542218\n|switch|p2a: Bombirdier|Bombirdier, L85, M|100/100\n|turn|10\n|inactive|Time left: 300 sec this turn | 300 sec total\n|\n|t:|1783542219\n|switch|p1a: Rhyperior|Rhyperior, L82, F|323/323\n|move|p2a: Bombirdier|Brave Bird|p1a: Rhyperior\n|-resisted|p1a: Rhyperior\n|-damage|p1a: Rhyperior|251/323\n|-damage|p2a: Bombirdier|91/100|[from] Recoil\n|\n|upkeep\n|turn|11\n|inactive|Time left: 300 sec this turn | 300 sec total\n|\n|t:|1783542220\n|move|p2a: Bombirdier|Brave Bird|p1a: Rhyperior\n|-resisted|p1a: Rhyperior\n|-damage|p1a: Rhyperior|170/323\n|-damage|p2a: Bombirdier|81/100|[from] Recoil\n|move|p1a: Rhyperior|Stone Edge|p2a: Bombirdier\n|-supereffective|p2a: Bombirdier\n|-damage|p2a: Bombirdier|0 fnt\n|faint|p2a: Bombirdier\n|\n|upkeep\n|\n|t:|1783542221\n|switch|p2a: Empoleon|Empoleon, L84, F, tera:Grass|62/100\n|turn|12\n|inactive|Time left: 300 sec this turn | 300 sec total\n|\n|t:|1783542222\n|switch|p1a: Pelipper|Pelipper, L86, M|243/243\n|-weather|RainDance|[from] ability: Drizzle|[of] p1a: Pelipper\n|move|p2a: Empoleon|Surf|p1a: Pelipper\n|-resisted|p1a: Pelipper\n|-damage|p1a: Pelipper|158/243\n|\n|-weather|RainDance|[upkeep]\n|-heal|p2a: Empoleon|68/100|[from] item: Leftovers\n|upkeep\n|turn|13\n|inactive|Time left: 300 sec this turn | 300 sec total\n|\n|t:|1783542223\n|move|p1a: Pelipper|Hurricane|p2a: Empoleon\n|-supereffective|p2a: Empoleon\n|-damage|p2a: Empoleon|0 fnt\n|faint|p2a: Empoleon\n|\n|-weather|RainDance|[upkeep]\n|upkeep\n|\n|t:|1783542225\n|switch|p2a: Polteageist|Polteageist, L78|100/100\n|turn|14\n|inactive|Time left: 300 sec this turn | 300 sec total\n|\n|t:|1783542226\n|-terastallize|p1a: Pelipper|Flying\n|move|p1a: Pelipper|Hurricane|p2a: Polteageist\n|-crit|p2a: Polteageist\n|-damage|p2a: Polteageist|0 fnt\n|faint|p2a: Polteageist\n|\n|-weather|RainDance|[upkeep]\n|upkeep\n|\n|t:|1783542227\n|switch|p2a: Zebstrika|Zebstrika, L87, F|100/100\n|turn|15\n|inactive|Time left: 300 sec this turn | 300 sec total\n|\n|t:|1783542228\n|move|p2a: Zebstrika|High Horsepower|p1a: Pelipper\n|-immune|p1a: Pelipper\n|move|p1a: Pelipper|Hurricane|p2a: Zebstrika\n|-resisted|p2a: Zebstrika\n|-damage|p2a: Zebstrika|42/100\n|\n|-weather|RainDance|[upkeep]\n|upkeep\n|turn|16\n|inactive|Time left: 300 sec this turn | 300 sec total\n|\n|t:|1783542229\n|move|p2a: Zebstrika|Supercell Slam|p1a: Pelipper\n|-supereffective|p1a: Pelipper\n|-crit|p1a: Pelipper\n|-damage|p1a: Pelipper|0 fnt\n|faint|p1a: Pelipper\n|-damage|p2a: Zebstrika|32/100|[from] item: Life Orb\n|\n|-weather|none\n|upkeep\n|inactive|Time left: 300 sec this turn | 300 sec total | 5 sec grace\n|\n|t:|1783542230\n|switch|p1a: Latios|Latios, L78, M|253/253\n|turn|17\n|inactive|Time left: 300 sec this turn | 300 sec total\n|\n|t:|1783542231\n|move|p2a: Zebstrika|Overheat|p1a: Latios|[miss]\n|-miss|p2a: Zebstrika|p1a: Latios\n|move|p1a: Latios|Luster Purge|p2a: Zebstrika\n|-damage|p2a: Zebstrika|0 fnt\n|faint|p2a: Zebstrika\n|\n|win|p0x269e959", "uploadtime": 1783542231, "views": 0, "rating": 0, "private": 0, "password": null, "_winner": "p0x269e959", "_our_name": "p0x269e959"}