{"id": "battle-gen9randombattle-1725", "formatid": "gen9randombattle", "format": "[Gen 9] Random Battle", "players": ["p0x17254659", "p0y172592ad"], "log": "|init|battle\n|title|p0x17254659 vs. p0y172592ad\n|j|\u2606p0x17254659\n|j|\u2606p0y172592ad\n|t:|1783559955\n|gametype|singles\n|player|p1|p0x17254659|266|\n|player|p2|p0y172592ad|2|\n|gen|9\n|tier|[Gen 9] Random Battle\n|rule|Species Clause: Limit one of each Pok\u00e9mon\n|rule|HP Percentage Mod: HP is shown in percentages\n|rule|Sleep Clause Mod: Limit one foe put to sleep\n|rule|Illusion Level Mod: Illusion disguises the Pok\u00e9mon's true level\n|\n|t:|1783559955\n|teamsize|p1|6\n|teamsize|p2|6\n|start\n|switch|p1a: Mesprit|Mesprit, L85|100/100\n|switch|p2a: Mienshao|Mienshao, L83, M|244/244\n|turn|1\n|inactive|Battle timer is ON: inactive players will automatically lose when time's up. (requested by p0x17254659)\n|inactive|Time left: 300 sec this turn | 300 sec total | 60 sec grace\n|\n|t:|1783559957\n|move|p2a: Mienshao|Knock Off|p1a: Mesprit\n|-supereffective|p1a: Mesprit\n|-damage|p1a: Mesprit|47/100\n|-enditem|p1a: Mesprit|Leftovers|[from] move: Knock Off|[of] p2a: Mienshao\n|move|p1a: Mesprit|Psychic Noise|p2a: Mienshao\n|-supereffective|p2a: Mienshao\n|-damage|p2a: Mienshao|88/244\n|-start|p2a: Mienshao|move: Heal Block\n|\n|upkeep\n|turn|2\n|inactive|Time left: 300 sec this turn | 300 sec total\n|inactive|p0y172592ad also wants the timer to be on.\n|\n|t:|1783559958\n|move|p2a: Mienshao|U-turn|p1a: Mesprit\n|-supereffective|p1a: Mesprit\n|-damage|p1a: Mesprit|9/100\n|inactive|Time left: 300 sec this turn | 300 sec total | 5 sec grace\n|\n|t:|1783559959\n|switch|p2a: Charizard|Charizard, L85, F|271/271|[from] U-turn\n|move|p1a: Mesprit|Stealth Rock|p2a: Charizard\n|-sidestart|p2: p0y172592ad|move: Stealth Rock\n|\n|upkeep\n|turn|3\n|inactive|Time left: 300 sec this turn | 300 sec total\n|\n|t:|1783559961\n|switch|p1a: Conkeldurr|Conkeldurr, L80, M|100/100\n|move|p2a: Charizard|Swords Dance|p2a: Charizard\n|-boost|p2a: Charizard|atk|2\n|\n|-status|p1a: Conkeldurr|brn|[from] item: Flame Orb\n|upkeep\n|turn|4\n|inactive|Time left: 300 sec this turn | 300 sec total\n|\n|t:|1783559962\n|-terastallize|p1a: Conkeldurr|Normal\n|move|p2a: Charizard|Outrage|p1a: Conkeldurr\n|-damage|p1a: Conkeldurr|48/100 brn\n|move|p1a: Conkeldurr|Facade|p2a: Charizard\n|-damage|p2a: Charizard|0 fnt\n|faint|p2a: Charizard\n|\n|-damage|p1a: Conkeldurr|42/100 brn|[from] brn\n|upkeep\n|inactive|Time left: 300 sec this turn | 300 sec total | 5 sec grace\n|\n|t:|1783559963\n|switch|p2a: Koraidon|Koraidon, L64|235/235\n|-damage|p2a: Koraidon|221/235|[from] Stealth Rock\n|-weather|SunnyDay|[from] ability: Orichalcum Pulse|[of] p2a: Koraidon\n|-activate|p2a: Koraidon|Orichalcum Pulse|[source]\n|turn|5\n|inactive|Time left: 300 sec this turn | 300 sec total\n|\n|t:|1783559964\n|switch|p1a: Zacian|Zacian, L69|100/100\n|-ability|p1a: Zacian|Intrepid Sword|boost\n|-boost|p1a: Zacian|atk|1\n|move|p2a: Koraidon|Collision Course|p1a: Zacian\n|-resisted|p1a: Zacian\n|-damage|p1a: Zacian|77/100\n|\n|-weather|SunnyDay|[upkeep]\n|upkeep\n|turn|6\n|inactive|Time left: 300 sec this turn | 300 sec total\n|\n|t:|1783559965\n|-terastallize|p2a: Koraidon|Fire\n|move|p1a: Zacian|Play Rough|p2a: Koraidon\n|-resisted|p2a: Koraidon\n|-damage|p2a: Koraidon|131/235\n|-unboost|p2a: Koraidon|atk|1\n|move|p2a: Koraidon|Flare Blitz|p1a: Zacian\n|-damage|p1a: Zacian|23/100\n|-damage|p2a: Koraidon|88/235|[from] Recoil\n|\n|-weather|SunnyDay|[upkeep]\n|upkeep\n|turn|7\n|inactive|Time left: 300 sec this turn | 300 sec total\n|\n|t:|1783559966\n|move|p1a: Zacian|Play Rough|p2a: Koraidon\n|-resisted|p2a: Koraidon\n|-damage|p2a: Koraidon|0 fnt\n|faint|p2a: Koraidon\n|\n|-weather|SunnyDay|[upkeep]\n|upkeep\n|inactive|Time left: 300 sec this turn | 300 sec total | 5 sec grace\n|\n|t:|1783559967\n|switch|p2a: Staraptor|Staraptor, L79, M|263/263\n|-damage|p2a: Staraptor|198/263|[from] Stealth Rock\n|turn|8\n|inactive|Time left: 300 sec this turn | 300 sec total\n|\n|t:|1783559968\n|move|p2a: Staraptor|Brave Bird|p1a: Zacian\n|-damage|p1a: Zacian|0 fnt\n|faint|p1a: Zacian\n|-damage|p2a: Staraptor|180/263|[from] Recoil\n|\n|-weather|SunnyDay|[upkeep]\n|upkeep\n|\n|t:|1783559969\n|switch|p1a: Electivire|Electivire, L84, F|100/100\n|turn|9\n|inactive|Time left: 300 sec this turn | 300 sec total\n|\n|t:|1783559970\n|move|p2a: Staraptor|Brave Bird|p1a: Electivire\n|-resisted|p1a: Electivire\n|-damage|p1a: Electivire|64/100\n|-damage|p2a: Staraptor|148/263|[from] Recoil\n|move|p1a: Electivire|Bulk Up|p1a: Electivire\n|-boost|p1a: Electivire|atk|1\n|-boost|p1a: Electivire|def|1\n|\n|-weather|none\n|upkeep\n|turn|10\n|inactive|Time left: 300 sec this turn | 300 sec total\n|\n|t:|1783559971\n|move|p2a: Staraptor|Brave Bird|p1a: Electivire\n|-resisted|p1a: Electivire\n|-damage|p1a: Electivire|39/100\n|-damage|p2a: Staraptor|126/263|[from] Recoil\n|move|p1a: Electivire|Ice Punch|p2a: Staraptor\n|-supereffective|p2a: Staraptor\n|-damage|p2a: Staraptor|0 fnt\n|faint|p2a: Staraptor\n|-damage|p1a: Electivire|29/100|[from] item: Life Orb\n|\n|upkeep\n|inactive|Time left: 300 sec this turn | 300 sec total | 5 sec grace\n|\n|t:|1783559972\n|switch|p2a: Mienshao|Mienshao, L83, M|169/244\n|-damage|p2a: Mienshao|154/244|[from] Stealth Rock\n|turn|11\n|inactive|Time left: 300 sec this turn | 300 sec total\n|\n|t:|1783559972\n|move|p2a: Mienshao|Close Combat|p1a: Electivire\n|-damage|p1a: Electivire|0 fnt\n|-unboost|p2a: Mienshao|def|1\n|-unboost|p2a: Mienshao|spd|1\n|faint|p1a: Electivire\n|\n|upkeep\n|\n|t:|1783559973\n|switch|p1a: Banette|Banette, L93, M|100/100\n|turn|12\n|inactive|Time left: 300 sec this turn | 300 sec total\n|\n|t:|1783559974\n|move|p1a: Banette|Shadow Sneak|p2a: Mienshao\n|-damage|p2a: Mienshao|6/244\n|-damage|p1a: Banette|90/100|[from] item: Life Orb\n|move|p2a: Mienshao|Knock Off|p1a: Banette\n|-supereffective|p1a: Banette\n|-damage|p1a: Banette|21/100\n|-enditem|p1a: Banette|Life Orb|[from] move: Knock Off|[of] p2a: Mienshao\n|\n|upkeep\n|turn|13\n|inactive|Time left: 300 sec this turn | 300 sec total\n|\n|t:|1783559975\n|move|p1a: Banette|Shadow Sneak|p2a: Mienshao\n|-damage|p2a: Mienshao|0 fnt\n|faint|p2a: Mienshao\n|\n|upkeep\n|inactive|Time left: 300 sec this turn | 300 sec total | 5 sec grace\n|\n|t:|1783559976\n|switch|p2a: Indeedee|Indeedee, L84, M|238/238\n|-damage|p2a: Indeedee|209/238|[from] Stealth Rock\n|-fieldstart|move: Psychic Terrain|[from] ability: Psychic Surge|[of] p2a: Indeedee\n|turn|14\n|inactive|Time left: 300 sec this turn | 300 sec total\n|\n|t:|1783559977\n|switch|p1a: Malamar|Malamar, L82, M|100/100\n|move|p2a: Indeedee|Expanding Force|p1a: Malamar\n|-immune|p1a: Malamar\n|\n|upkeep\n|turn|15\n|inactive|Time left: 300 sec this turn | 300 sec total\n|\n|t:|1783559978\n|move|p2a: Indeedee|Hyper Voice|p1a: Malamar\n|-damage|p1a: Malamar|46/100\n|-damage|p2a: Indeedee|186/238|[from] item: Life Orb\n|move|p1a: Malamar|Superpower|p2a: Indeedee\n|-damage|p2a: Indeedee|79/238\n|-boost|p1a: Malamar|atk|1\n|-boost|p1a: Malamar|def|1\n|\n|-heal|p1a: Malamar|52/100|[from] item: Leftovers\n|upkeep\n|turn|16\n|inactive|Time left: 300 sec this turn | 300 sec total\n|\n|t:|1783559979\n|switch|p1a: Banette|Banette, L93, M|21/100\n|move|p2a: Indeedee|Hyper Voice|p1a: Banette\n|-immune|p1a: Banette\n|\n|upkeep\n|turn|17\n|inactive|Time left: 300 sec this turn | 300 sec total\n|\n|t:|1783559979\n|move|p2a: Indeedee|Shadow Ball|p1a: Banette\n|-supereffective|p1a: Banette\n|-damage|p1a: Banette|0 fnt\n|faint|p1a: Banette\n|-damage|p2a: Indeedee|56/238|[from] item: Life Orb\n|\n|upkeep\n|\n|t:|1783559980\n|switch|p1a: Mesprit|Mesprit, L85|9/100\n|turn|18\n|inactive|Time left: 300 sec this turn | 300 sec total\n|\n|t:|1783559981\n|move|p2a: Indeedee|Hyper Voice|p1a: Mesprit\n|-damage|p1a: Mesprit|0 fnt\n|faint|p1a: Mesprit\n|-damage|p2a: Indeedee|33/238|[from] item: Life Orb\n|\n|-fieldend|move: Psychic Terrain\n|upkeep\n|\n|t:|1783559982\n|switch|p1a: Conkeldurr|Conkeldurr, L80, M, tera:Normal|42/100 brn\n|turn|19\n|inactive|Time left: 300 sec this turn | 300 sec total\n|\n|t:|1783559983\n|move|p1a: Conkeldurr|Mach Punch|p2a: Indeedee\n|-damage|p2a: Indeedee|0 fnt\n|faint|p2a: Indeedee\n|\n|-damage|p1a: Conkeldurr|36/100 brn|[from] brn\n|upkeep\n|inactive|Time left: 300 sec this turn | 300 sec total | 5 sec grace\n|\n|t:|1783559985\n|switch|p2a: Trevenant|Trevenant, L89, M|296/296\n|-damage|p2a: Trevenant|259/296|[from] Stealth Rock\n|turn|20\n|inactive|Time left: 300 sec this turn | 300 sec total\n|\n|t:|1783559986\n|switch|p1a: Malamar|Malamar, L82, M|52/100\n|move|p2a: Trevenant|Drain Punch|p1a: Malamar\n|-damage|p1a: Malamar|29/100\n|-heal|p2a: Trevenant|291/296|[from] drain|[of] p1a: Malamar\n|\n|-heal|p1a: Malamar|35/100|[from] item: Leftovers\n|upkeep\n|turn|21\n|inactive|Time left: 300 sec this turn | 300 sec total\n|\n|t:|1783559987\n|switch|p1a: Conkeldurr|Conkeldurr, L80, M, tera:Normal|36/100 brn\n|move|p2a: Trevenant|Poltergeist|p1a: Conkeldurr\n|-immune|p1a: Conkeldurr\n|\n|-damage|p1a: Conkeldurr|30/100 brn|[from] brn\n|upkeep\n|turn|22\n|inactive|Time left: 300 sec this turn | 300 sec total\n|\n|t:|1783559988\n|switch|p1a: Malamar|Malamar, L82, M|35/100\n|move|p2a: Trevenant|Drain Punch|p1a: Malamar\n|-damage|p1a: Malamar|12/100\n|-heal|p2a: Trevenant|296/296|[from] drain|[of] p1a: Malamar\n|\n|-heal|p1a: Malamar|19/100|[from] item: Leftovers\n|upkeep\n|turn|23\n|inactive|Time left: 300 sec this turn | 300 sec total\n|\n|t:|1783559989\n|move|p1a: Malamar|Rest|p1a: Malamar\n|-status|p1a: Malamar|slp|[from] move: Rest\n|-heal|p1a: Malamar|100/100 slp|[silent]\n|move|p2a: Trevenant|Poltergeist|p1a: Malamar\n|-activate|p1a: Malamar|move: Poltergeist|Leftovers\n|-damage|p1a: Malamar|47/100 slp\n|\n|-heal|p1a: Malamar|53/100 slp|[from] item: Leftovers\n|upkeep\n|turn|24\n|inactive|Time left: 300 sec this turn | 300 sec total\n|\n|t:|1783559990\n|cant|p1a: Malamar|slp\n|move|p1a: Malamar|Sleep Talk|p1a: Malamar\n|move|p1a: Malamar|Superpower|p2a: Trevenant|[from] move: Sleep Talk\n|-immune|p2a: Trevenant\n|move|p2a: Trevenant|Poltergeist|p1a: Malamar\n|-activate|p1a: Malamar|move: Poltergeist|Leftovers\n|-damage|p1a: Malamar|0 fnt\n|faint|p1a: Malamar\n|\n|upkeep\n|\n|t:|1783559991\n|switch|p1a: Conkeldurr|Conkeldurr, L80, M, tera:Normal|30/100 brn\n|turn|25\n|inactive|Time left: 300 sec this turn | 300 sec total\n|\n|t:|1783559992\n|move|p2a: Trevenant|Drain Punch|p1a: Conkeldurr\n|-supereffective|p1a: Conkeldurr\n|-damage|p1a: Conkeldurr|0 fnt\n|faint|p1a: Conkeldurr\n|\n|win|p0y172592ad", "uploadtime": 1783559992, "views": 0, "rating": 0, "private": 0, "password": null, "_winner": "p0y172592ad", "_our_name": "p0y172592ad"}