{"id": "battle-gen9randombattle-152", "formatid": "gen9randombattle", "format": "[Gen 9] Random Battle", "players": ["p0x1529b54", "p0y15249ef"], "log": "|init|battle\n|title|p0x1529b54 vs. p0y15249ef\n|j|\u2606p0x1529b54\n|j|\u2606p0y15249ef\n|t:|1783540914\n|gametype|singles\n|player|p1|p0x1529b54|266|\n|player|p2|p0y15249ef|101|\n|gen|9\n|tier|[Gen 9] Random Battle\n|rule|Species Clause: Limit one of each Pok\u00e9mon\n|rule|HP Percentage Mod: HP is shown in percentages\n|rule|Sleep Clause Mod: Limit one foe put to sleep\n|rule|Illusion Level Mod: Illusion disguises the Pok\u00e9mon's true level\n|\n|t:|1783540914\n|teamsize|p1|6\n|teamsize|p2|6\n|start\n|switch|p1a: Sceptile|Sceptile, L87, M|264/264\n|switch|p2a: Espathra|Espathra, L80, F|100/100\n|turn|1\n|inactive|Battle timer is ON: inactive players will automatically lose when time's up. (requested by p0x1529b54)\n|inactive|p0y15249ef also wants the timer to be on.\n|\n|t:|1783540916\n|move|p1a: Sceptile|Leaf Storm|p2a: Espathra\n|-damage|p2a: Espathra|2/100\n|-unboost|p1a: Sceptile|spa|2\n|-damage|p1a: Sceptile|238/264|[from] item: Life Orb\n|move|p2a: Espathra|Calm Mind|p2a: Espathra\n|-boost|p2a: Espathra|spa|1\n|-boost|p2a: Espathra|spd|1\n|\n|-heal|p2a: Espathra|8/100|[from] item: Leftovers\n|-ability|p2a: Espathra|Speed Boost|boost\n|-boost|p2a: Espathra|spe|1\n|upkeep\n|turn|2\n|inactive|Time left: 300 sec this turn | 300 sec total\n|\n|t:|1783540917\n|switch|p1a: Decidueye|Decidueye, L88, M|281/281\n|move|p2a: Espathra|Stored Power|p1a: Decidueye\n|-damage|p1a: Decidueye|176/281\n|\n|-heal|p2a: Espathra|14/100|[from] item: Leftovers\n|-ability|p2a: Espathra|Speed Boost|boost\n|-boost|p2a: Espathra|spe|1\n|upkeep\n|turn|3\n|inactive|Time left: 300 sec this turn | 300 sec total\n|\n|t:|1783540918\n|move|p1a: Decidueye|Shadow Sneak|p2a: Espathra\n|-supereffective|p2a: Espathra\n|-damage|p2a: Espathra|0 fnt\n|faint|p2a: Espathra\n|-damage|p1a: Decidueye|148/281|[from] item: Life Orb\n|\n|upkeep\n|\n|t:|1783540919\n|switch|p2a: Chien-Pao|Chien-Pao, L72|100/100\n|-ability|p2a: Chien-Pao|Sword of Ruin\n|turn|4\n|inactive|Time left: 300 sec this turn | 300 sec total\n|\n|t:|1783540920\n|switch|p1a: Iron Valiant|Iron Valiant, L78|244/244\n|move|p2a: Chien-Pao|Crunch|p1a: Iron Valiant\n|-resisted|p1a: Iron Valiant\n|-damage|p1a: Iron Valiant|206/244\n|\n|upkeep\n|turn|5\n|inactive|Time left: 300 sec this turn | 300 sec total\n|\n|t:|1783540921\n|switch|p2a: Forretress|Forretress, L84, M|100/100\n|move|p1a: Iron Valiant|Spirit Break|p2a: Forretress\n|-resisted|p2a: Forretress\n|-damage|p2a: Forretress|86/100\n|-unboost|p2a: Forretress|spa|1\n|-damage|p1a: Iron Valiant|182/244|[from] item: Life Orb\n|\n|-heal|p2a: Forretress|92/100|[from] item: Leftovers\n|upkeep\n|turn|6\n|inactive|Time left: 300 sec this turn | 300 sec total\n|\n|t:|1783540923\n|move|p1a: Iron Valiant|Swords Dance|p1a: Iron Valiant\n|-boost|p1a: Iron Valiant|atk|2\n|move|p2a: Forretress|Iron Head|p1a: Iron Valiant\n|-supereffective|p1a: Iron Valiant\n|-damage|p1a: Iron Valiant|24/244\n|\n|-heal|p2a: Forretress|98/100|[from] item: Leftovers\n|upkeep\n|turn|7\n|inactive|Time left: 300 sec this turn | 300 sec total\n|\n|t:|1783540924\n|move|p1a: Iron Valiant|Close Combat|p2a: Forretress\n|-damage|p2a: Forretress|9/100\n|-unboost|p1a: Iron Valiant|def|1\n|-unboost|p1a: Iron Valiant|spd|1\n|-damage|p1a: Iron Valiant|0 fnt|[from] item: Life Orb\n|faint|p1a: Iron Valiant\n|-end|p1a: Iron Valiant|Quark Drive|[silent]\n|move|p2a: Forretress|Stealth Rock|p1: Iron Valiant\n|-sidestart|p1: p0x1529b54|move: Stealth Rock\n|\n|-heal|p2a: Forretress|15/100|[from] item: Leftovers\n|upkeep\n|inactive|Time left: 300 sec this turn | 300 sec total | 5 sec grace\n|\n|t:|1783540925\n|switch|p1a: Haxorus|Haxorus, L77, M|244/244\n|-damage|p1a: Haxorus|214/244|[from] Stealth Rock\n|-ability|p1a: Haxorus|Mold Breaker\n|turn|8\n|inactive|Time left: 300 sec this turn | 300 sec total\n|\n|t:|1783540926\n|switch|p2a: Brambleghast|Brambleghast, L88, F|100/100\n|move|p1a: Haxorus|Dragon Dance|p1a: Haxorus\n|-boost|p1a: Haxorus|atk|1\n|-boost|p1a: Haxorus|spe|1\n|\n|upkeep\n|turn|9\n|inactive|Time left: 300 sec this turn | 300 sec total\n|\n|t:|1783540927\n|-terastallize|p2a: Brambleghast|Steel\n|move|p1a: Haxorus|Outrage|p2a: Brambleghast\n|-resisted|p2a: Brambleghast\n|-damage|p2a: Brambleghast|49/100\n|move|p2a: Brambleghast|Strength Sap|p1a: Haxorus\n|-unboost|p1a: Haxorus|atk|1\n|-heal|p2a: Brambleghast|100/100\n|\n|upkeep\n|turn|10\n|inactive|Time left: 300 sec this turn | 300 sec total\n|\n|t:|1783540928\n|move|p1a: Haxorus|Outrage|p2a: Brambleghast|[from] lockedmove\n|-resisted|p2a: Brambleghast\n|-crit|p2a: Brambleghast\n|-damage|p2a: Brambleghast|50/100\n|-start|p1a: Haxorus|confusion|[fatigue]\n|-enditem|p1a: Haxorus|Lum Berry|[eat]\n|-end|p1a: Haxorus|confusion\n|move|p2a: Brambleghast|Poltergeist||[still]\n|-fail|p2a: Brambleghast\n|\n|-heal|p2a: Brambleghast|56/100|[from] item: Leftovers\n|upkeep\n|turn|11\n|inactive|Time left: 300 sec this turn | 300 sec total\n|\n|t:|1783540929\n|move|p1a: Haxorus|Earthquake|p2a: Brambleghast\n|-supereffective|p2a: Brambleghast\n|-crit|p2a: Brambleghast\n|-damage|p2a: Brambleghast|0 fnt\n|faint|p2a: Brambleghast\n|\n|upkeep\n|\n|t:|1783540930\n|switch|p2a: Chien-Pao|Chien-Pao, L72|100/100\n|-ability|p2a: Chien-Pao|Sword of Ruin\n|turn|12\n|inactive|Time left: 300 sec this turn | 300 sec total\n|\n|t:|1783540931\n|-terastallize|p1a: Haxorus|Steel\n|move|p1a: Haxorus|Iron Head|p2a: Chien-Pao\n|-supereffective|p2a: Chien-Pao\n|-damage|p2a: Chien-Pao|0 fnt\n|faint|p2a: Chien-Pao\n|\n|upkeep\n|\n|t:|1783540932\n|switch|p2a: Pyroar|Pyroar, L88, M|100/100\n|-ability|p2a: Pyroar|Unnerve\n|turn|13\n|inactive|Time left: 300 sec this turn | 300 sec total\n|\n|t:|1783540933\n|move|p1a: Haxorus|Outrage|p2a: Pyroar\n|-damage|p2a: Pyroar|41/100\n|move|p2a: Pyroar|Fire Blast|p1a: Haxorus\n|-supereffective|p1a: Haxorus\n|-damage|p1a: Haxorus|0 fnt\n|faint|p1a: Haxorus\n|\n|upkeep\n|inactive|Time left: 300 sec this turn | 300 sec total | 5 sec grace\n|\n|t:|1783540934\n|switch|p1a: Empoleon|Empoleon, L84, M|278/278\n|-damage|p1a: Empoleon|261/278|[from] Stealth Rock\n|turn|14\n|inactive|Time left: 300 sec this turn | 300 sec total\n|\n|t:|1783540935\n|switch|p2a: Altaria|Altaria, L89, F|100/100\n|move|p1a: Empoleon|Surf|p2a: Altaria\n|-resisted|p2a: Altaria\n|-crit|p2a: Altaria\n|-damage|p2a: Altaria|78/100\n|\n|-heal|p1a: Empoleon|278/278|[from] item: Leftovers\n|upkeep\n|turn|15\n|inactive|Time left: 300 sec this turn | 300 sec total\n|\n|t:|1783540936\n|move|p2a: Altaria|Earthquake|p1a: Empoleon\n|-supereffective|p1a: Empoleon\n|-damage|p1a: Empoleon|160/278\n|move|p1a: Empoleon|Roar|p2a: Altaria\n|drag|p2a: Pyroar|Pyroar, L88, M|41/100\n|-ability|p2a: Pyroar|Unnerve\n|\n|-heal|p1a: Empoleon|177/278|[from] item: Leftovers\n|upkeep\n|turn|16\n|inactive|Time left: 300 sec this turn | 300 sec total\n|\n|t:|1783540937\n|switch|p2a: Altaria|Altaria, L89, F|78/100\n|move|p1a: Empoleon|Roost|p1a: Empoleon\n|-heal|p1a: Empoleon|278/278\n|-singleturn|p1a: Empoleon|move: Roost\n|\n|upkeep\n|turn|17\n|inactive|Time left: 300 sec this turn | 300 sec total\n|\n|t:|1783540938\n|move|p2a: Altaria|Earthquake|p1a: Empoleon\n|-supereffective|p1a: Empoleon\n|-damage|p1a: Empoleon|142/278\n|move|p1a: Empoleon|Roar|p2a: Altaria\n|drag|p2a: Pyroar|Pyroar, L88, M|41/100\n|-ability|p2a: Pyroar|Unnerve\n|\n|-heal|p1a: Empoleon|159/278|[from] item: Leftovers\n|upkeep\n|turn|18\n|inactive|Time left: 300 sec this turn | 300 sec total\n|\n|t:|1783540939\n|move|p2a: Pyroar|Fire Blast|p1a: Empoleon\n|-damage|p1a: Empoleon|36/278\n|move|p1a: Empoleon|Roost|p1a: Empoleon\n|-heal|p1a: Empoleon|175/278\n|-singleturn|p1a: Empoleon|move: Roost\n|\n|-heal|p1a: Empoleon|192/278|[from] item: Leftovers\n|upkeep\n|turn|19\n|inactive|Time left: 300 sec this turn | 300 sec total\n|\n|t:|1783540940\n|move|p2a: Pyroar|Fire Blast|p1a: Empoleon\n|-damage|p1a: Empoleon|74/278\n|move|p1a: Empoleon|Roost|p1a: Empoleon\n|-heal|p1a: Empoleon|213/278\n|-singleturn|p1a: Empoleon|move: Roost\n|\n|-heal|p1a: Empoleon|230/278|[from] item: Leftovers\n|upkeep\n|turn|20\n|inactive|Time left: 300 sec this turn | 300 sec total\n|\n|t:|1783540941\n|move|p2a: Pyroar|Fire Blast|p1a: Empoleon\n|-damage|p1a: Empoleon|100/278\n|move|p1a: Empoleon|Surf|p2a: Pyroar\n|-supereffective|p2a: Pyroar\n|-crit|p2a: Pyroar\n|-damage|p2a: Pyroar|0 fnt\n|faint|p2a: Pyroar\n|\n|-heal|p1a: Empoleon|117/278|[from] item: Leftovers\n|upkeep\n|\n|t:|1783540942\n|switch|p2a: Altaria|Altaria, L89, F|78/100\n|turn|21\n|inactive|Time left: 300 sec this turn | 300 sec total\n|\n|t:|1783540942\n|switch|p1a: Sceptile|Sceptile, L87, M|238/264\n|-damage|p1a: Sceptile|205/264|[from] Stealth Rock\n|move|p2a: Altaria|Earthquake|p1a: Sceptile\n|-resisted|p1a: Sceptile\n|-damage|p1a: Sceptile|171/264\n|\n|upkeep\n|turn|22\n|inactive|Time left: 300 sec this turn | 300 sec total\n|\n|t:|1783540943\n|move|p1a: Sceptile|Rock Slide|p2a: Altaria\n|-supereffective|p2a: Altaria\n|-damage|p2a: Altaria|37/100\n|-damage|p1a: Sceptile|145/264|[from] item: Life Orb\n|cant|p2a: Altaria|flinch\n|\n|upkeep\n|turn|23\n|inactive|Time left: 300 sec this turn | 300 sec total\n|\n|t:|1783540944\n|switch|p2a: Forretress|Forretress, L84, M|15/100\n|move|p1a: Sceptile|Rock Slide|p2a: Forretress\n|-damage|p2a: Forretress|0 fnt\n|faint|p2a: Forretress\n|-damage|p1a: Sceptile|119/264|[from] item: Life Orb\n|\n|upkeep\n|\n|t:|1783540945\n|switch|p2a: Altaria|Altaria, L89, F|37/100\n|turn|24\n|inactive|Time left: 300 sec this turn | 300 sec total\n|\n|t:|1783540946\n|move|p1a: Sceptile|Rock Slide|p2a: Altaria\n|-supereffective|p2a: Altaria\n|-damage|p2a: Altaria|0 fnt\n|faint|p2a: Altaria\n|-damage|p1a: Sceptile|93/264|[from] item: Life Orb\n|\n|win|p0x1529b54", "uploadtime": 1783540946, "views": 0, "rating": 0, "private": 0, "password": null, "_winner": "p0x1529b54", "_our_name": "p0x1529b54"}