{"id": "battle-gen9randombattle-725", "formatid": "gen9randombattle", "format": "[Gen 9] Random Battle", "players": ["p0x725aa56", "p0y7257d5c"], "log": "|init|battle\n|title|p0x725aa56 vs. p0y7257d5c\n|j|\u2606p0x725aa56\n|j|\u2606p0y7257d5c\n|t:|1783547510\n|gametype|singles\n|player|p1|p0x725aa56|101|\n|player|p2|p0y7257d5c|2|\n|gen|9\n|tier|[Gen 9] Random Battle\n|rule|Species Clause: Limit one of each Pok\u00e9mon\n|rule|HP Percentage Mod: HP is shown in percentages\n|rule|Sleep Clause Mod: Limit one foe put to sleep\n|rule|Illusion Level Mod: Illusion disguises the Pok\u00e9mon's true level\n|\n|t:|1783547510\n|teamsize|p1|6\n|teamsize|p2|6\n|start\n|switch|p1a: Magearna|Magearna, L77|100/100\n|switch|p2a: Mamoswine|Mamoswine, L81, F|311/311\n|turn|1\n|inactive|Battle timer is ON: inactive players will automatically lose when time's up. (requested by p0x725aa56)\n|inactive|Time left: 300 sec this turn | 300 sec total | 60 sec grace\n|inactive|p0y7257d5c also wants the timer to be on.\n|\n|t:|1783547512\n|switch|p1a: Slaking|Slaking, L84, M|100/100\n|move|p2a: Mamoswine|Earthquake|p1a: Slaking\n|-damage|p1a: Slaking|56/100\n|\n|upkeep\n|turn|2\n|inactive|Time left: 300 sec this turn | 300 sec total\n|\n|t:|1783547513\n|switch|p2a: Sinistcha|Sinistcha-Masterpiece, L83|254/254\n|move|p1a: Slaking|Giga Impact|p2a: Sinistcha\n|-immune|p2a: Sinistcha\n|\n|upkeep\n|turn|3\n|inactive|Time left: 300 sec this turn | 300 sec total\n|\n|t:|1783547515\n|cant|p1a: Slaking|ability: Truant\n|move|p2a: Sinistcha|Matcha Gotcha|p1a: Slaking\n|-damage|p1a: Slaking|25/100\n|\n|upkeep\n|turn|4\n|inactive|Time left: 300 sec this turn | 300 sec total\n|\n|t:|1783547516\n|switch|p1a: Luxray|Luxray, L88, M|100/100\n|-ability|p1a: Luxray|Intimidate|boost\n|-unboost|p2a: Sinistcha|atk|1\n|move|p2a: Sinistcha|Calm Mind|p2a: Sinistcha\n|-boost|p2a: Sinistcha|spa|1\n|-boost|p2a: Sinistcha|spd|1\n|\n|upkeep\n|turn|5\n|inactive|Time left: 300 sec this turn | 300 sec total\n|\n|t:|1783547517\n|move|p1a: Luxray|Ice Fang|p2a: Sinistcha\n|-supereffective|p2a: Sinistcha\n|-damage|p2a: Sinistcha|152/254\n|move|p2a: Sinistcha|Matcha Gotcha|p1a: Luxray\n|-damage|p1a: Luxray|64/100\n|-heal|p2a: Sinistcha|205/254|[from] drain|[of] p1a: Luxray\n|\n|-heal|p2a: Sinistcha|220/254|[from] item: Leftovers\n|upkeep\n|turn|6\n|inactive|Time left: 300 sec this turn | 300 sec total\n|\n|t:|1783547518\n|move|p1a: Luxray|Ice Fang|p2a: Sinistcha\n|-supereffective|p2a: Sinistcha\n|-damage|p2a: Sinistcha|110/254\n|cant|p2a: Sinistcha|flinch\n|\n|-heal|p2a: Sinistcha|125/254|[from] item: Leftovers\n|upkeep\n|turn|7\n|inactive|Time left: 300 sec this turn | 300 sec total\n|\n|t:|1783547519\n|move|p1a: Luxray|Ice Fang|p2a: Sinistcha\n|-supereffective|p2a: Sinistcha\n|-damage|p2a: Sinistcha|27/254\n|move|p2a: Sinistcha|Strength Sap|p1a: Luxray\n|-unboost|p1a: Luxray|atk|1\n|-heal|p2a: Sinistcha|254/254\n|\n|upkeep\n|turn|8\n|inactive|Time left: 300 sec this turn | 300 sec total\n|\n|t:|1783547520\n|switch|p1a: Slaking|Slaking, L84, M|25/100\n|move|p2a: Sinistcha|Matcha Gotcha|p1a: Slaking|[miss]\n|-miss|p2a: Sinistcha|p1a: Slaking\n|\n|upkeep\n|turn|9\n|inactive|Time left: 300 sec this turn | 300 sec total\n|\n|t:|1783547521\n|move|p1a: Slaking|Knock Off|p2a: Sinistcha\n|-supereffective|p2a: Sinistcha\n|-damage|p2a: Sinistcha|86/254\n|-enditem|p2a: Sinistcha|Leftovers|[from] move: Knock Off|[of] p1a: Slaking\n|move|p2a: Sinistcha|Matcha Gotcha|p1a: Slaking\n|-damage|p1a: Slaking|0 fnt\n|-heal|p2a: Sinistcha|134/254|[from] drain|[of] p1a: Slaking\n|faint|p1a: Slaking\n|\n|upkeep\n|\n|t:|1783547522\n|switch|p1a: Ribombee|Ribombee, L83, F|100/100\n|turn|10\n|inactive|Time left: 300 sec this turn | 300 sec total\n|\n|t:|1783547523\n|move|p1a: Ribombee|Sticky Web|p2a: Sinistcha\n|-sidestart|p2: p0y7257d5c|move: Sticky Web\n|move|p2a: Sinistcha|Shadow Ball|p1a: Ribombee\n|-damage|p1a: Ribombee|26/100\n|\n|upkeep\n|turn|11\n|inactive|Time left: 300 sec this turn | 300 sec total\n|\n|t:|1783547524\n|move|p1a: Ribombee|Moonblast|p2a: Sinistcha\n|-damage|p2a: Sinistcha|68/254\n|move|p2a: Sinistcha|Strength Sap|p1a: Ribombee\n|-unboost|p1a: Ribombee|atk|1\n|-heal|p2a: Sinistcha|207/254\n|\n|upkeep\n|turn|12\n|inactive|Time left: 300 sec this turn | 300 sec total\n|\n|t:|1783547525\n|switch|p1a: Luxray|Luxray, L88, M|64/100\n|-ability|p1a: Luxray|Intimidate|boost\n|-unboost|p2a: Sinistcha|atk|1\n|move|p2a: Sinistcha|Matcha Gotcha|p1a: Luxray\n|-damage|p1a: Luxray|28/100\n|-heal|p2a: Sinistcha|254/254|[from] drain|[of] p1a: Luxray\n|-status|p1a: Luxray|brn\n|\n|-damage|p1a: Luxray|22/100 brn|[from] brn\n|upkeep\n|turn|13\n|inactive|Time left: 300 sec this turn | 300 sec total\n|\n|t:|1783547526\n|move|p1a: Luxray|Ice Fang|p2a: Sinistcha\n|-supereffective|p2a: Sinistcha\n|-damage|p2a: Sinistcha|203/254\n|move|p2a: Sinistcha|Matcha Gotcha|p1a: Luxray\n|-damage|p1a: Luxray|0 fnt\n|-heal|p2a: Sinistcha|234/254|[from] drain|[of] p1a: Luxray\n|faint|p1a: Luxray\n|\n|upkeep\n|\n|t:|1783547528\n|switch|p1a: Magearna|Magearna, L77|100/100\n|turn|14\n|inactive|Time left: 300 sec this turn | 300 sec total\n|\n|t:|1783547529\n|move|p2a: Sinistcha|Shadow Ball|p1a: Magearna\n|-damage|p1a: Magearna|49/100\n|move|p1a: Magearna|Shift Gear|p1a: Magearna\n|-boost|p1a: Magearna|spe|2\n|-boost|p1a: Magearna|atk|1\n|\n|upkeep\n|turn|15\n|inactive|Time left: 300 sec this turn | 300 sec total\n|\n|t:|1783547530\n|move|p1a: Magearna|Iron Head|p2a: Sinistcha\n|-damage|p2a: Sinistcha|146/254\n|cant|p2a: Sinistcha|flinch\n|\n|upkeep\n|turn|16\n|inactive|Time left: 300 sec this turn | 300 sec total\n|\n|t:|1783547531\n|move|p1a: Magearna|Iron Head|p2a: Sinistcha\n|-damage|p2a: Sinistcha|52/254\n|move|p2a: Sinistcha|Shadow Ball|p1a: Magearna\n|-damage|p1a: Magearna|0 fnt\n|faint|p1a: Magearna\n|\n|upkeep\n|\n|t:|1783547532\n|switch|p1a: Ogerpon|Ogerpon-Wellspring, L76, F|100/100\n|turn|17\n|inactive|Time left: 300 sec this turn | 300 sec total\n|\n|t:|1783547533\n|move|p1a: Ogerpon|Wood Hammer|p2a: Sinistcha\n|-resisted|p2a: Sinistcha\n|-damage|p2a: Sinistcha|0 fnt\n|faint|p2a: Sinistcha\n|-damage|p1a: Ogerpon|94/100|[from] Recoil\n|\n|upkeep\n|inactive|Time left: 300 sec this turn | 300 sec total | 5 sec grace\n|\n|t:|1783547534\n|switch|p2a: Noctowl|Noctowl, L95, F|344/344\n|turn|18\n|inactive|Time left: 300 sec this turn | 300 sec total\n|\n|t:|1783547536\n|-terastallize|p1a: Ogerpon|Water\n|detailschange|p1a: Ogerpon|Ogerpon-Wellspring-Tera, L76, F, tera:Water\n|-ability|p1a: Ogerpon|Embody Aspect (Wellspring)|boost\n|-boost|p1a: Ogerpon|spd|1\n|move|p1a: Ogerpon|Ivy Cudgel|p2a: Noctowl|[anim] Ivy Cudgel Water\n|-damage|p2a: Noctowl|108/344\n|move|p2a: Noctowl|Defog|p1a: Ogerpon\n|-unboost|p1a: Ogerpon|evasion|1\n|-sideend|p2: p0y7257d5c|Sticky Web|[from] move: Defog|[of] p2a: Noctowl\n|\n|upkeep\n|turn|19\n|inactive|Time left: 300 sec this turn | 300 sec total\n|\n|t:|1783547537\n|switch|p2a: Arboliva|Arboliva, L91, M|288/288\n|move|p1a: Ogerpon|Ivy Cudgel|p2a: Arboliva|[anim] Ivy Cudgel Water\n|-resisted|p2a: Arboliva\n|-crit|p2a: Arboliva\n|-damage|p2a: Arboliva|172/288\n|\n|upkeep\n|turn|20\n|inactive|Time left: 300 sec this turn | 300 sec total\n|\n|t:|1783547538\n|move|p1a: Ogerpon|Ivy Cudgel|p2a: Arboliva|[anim] Ivy Cudgel Water\n|-resisted|p2a: Arboliva\n|-damage|p2a: Arboliva|102/288\n|-enditem|p2a: Arboliva|Sitrus Berry|[eat]\n|-heal|p2a: Arboliva|174/288|[from] item: Sitrus Berry\n|move|p2a: Arboliva|Leech Seed|p1a: Ogerpon\n|-start|p1a: Ogerpon|move: Leech Seed\n|\n|-damage|p1a: Ogerpon|81/100|[from] Leech Seed|[of] p2a: Arboliva\n|-heal|p2a: Arboliva|204/288|[silent]\n|-item|p2a: Arboliva|Sitrus Berry|[from] ability: Harvest\n|upkeep\n|turn|21\n|inactive|Time left: 300 sec this turn | 300 sec total\n|\n|t:|1783547539\n|switch|p1a: Garganacl|Garganacl, L80, F|100/100\n|move|p2a: Arboliva|Hyper Voice|p1a: Garganacl\n|-resisted|p1a: Garganacl\n|-damage|p1a: Garganacl|77/100\n|\n|-heal|p1a: Garganacl|83/100|[from] item: Leftovers\n|upkeep\n|turn|22\n|inactive|Time left: 300 sec this turn | 300 sec total\n|\n|t:|1783547540\n|move|p2a: Arboliva|Leech Seed|p1a: Garganacl\n|-start|p1a: Garganacl|move: Leech Seed\n|move|p1a: Garganacl|Iron Defense|p1a: Garganacl\n|-boost|p1a: Garganacl|def|2\n|\n|-heal|p1a: Garganacl|89/100|[from] item: Leftovers\n|-damage|p1a: Garganacl|77/100|[from] Leech Seed|[of] p2a: Arboliva\n|-heal|p2a: Arboliva|240/288|[silent]\n|upkeep\n|turn|23\n|inactive|Time left: 300 sec this turn | 300 sec total\n|\n|t:|1783547541\n|move|p2a: Arboliva|Protect|p2a: Arboliva\n|-singleturn|p2a: Arboliva|Protect\n|move|p1a: Garganacl|Body Press|p2a: Arboliva\n|-activate|p2a: Arboliva|move: Protect\n|\n|-heal|p1a: Garganacl|83/100|[from] item: Leftovers\n|-damage|p1a: Garganacl|71/100|[from] Leech Seed|[of] p2a: Arboliva\n|-heal|p2a: Arboliva|276/288|[silent]\n|upkeep\n|turn|24\n|inactive|Time left: 300 sec this turn | 300 sec total\n|\n|t:|1783547543\n|move|p2a: Arboliva|Hyper Voice|p1a: Garganacl\n|-resisted|p1a: Garganacl\n|-crit|p1a: Garganacl\n|-damage|p1a: Garganacl|37/100\n|move|p1a: Garganacl|Body Press|p2a: Arboliva\n|-supereffective|p2a: Arboliva\n|-damage|p2a: Arboliva|22/288\n|-enditem|p2a: Arboliva|Sitrus Berry|[eat]\n|-heal|p2a: Arboliva|94/288|[from] item: Sitrus Berry\n|\n|-heal|p1a: Garganacl|43/100|[from] item: Leftovers\n|-damage|p1a: Garganacl|30/100|[from] Leech Seed|[of] p2a: Arboliva\n|-heal|p2a: Arboliva|130/288|[silent]\n|-item|p2a: Arboliva|Sitrus Berry|[from] ability: Harvest\n|upkeep\n|-enditem|p2a: Arboliva|Sitrus Berry|[eat]\n|-heal|p2a: Arboliva|202/288|[from] item: Sitrus Berry\n|turn|25\n|inactive|Time left: 300 sec this turn | 300 sec total\n|\n|t:|1783547544\n|move|p2a: Arboliva|Hyper Voice|p1a: Garganacl\n|-resisted|p1a: Garganacl\n|-damage|p1a: Garganacl|6/100\n|move|p1a: Garganacl|Recover|p1a: Garganacl\n|-heal|p1a: Garganacl|56/100\n|\n|-heal|p1a: Garganacl|62/100|[from] item: Leftovers\n|-damage|p1a: Garganacl|50/100|[from] Leech Seed|[of] p2a: Arboliva\n|-heal|p2a: Arboliva|238/288|[silent]\n|upkeep\n|turn|26\n|inactive|Time left: 300 sec this turn | 300 sec total\n|\n|t:|1783547545\n|move|p2a: Arboliva|Substitute|p2a: Arboliva\n|-start|p2a: Arboliva|Substitute\n|-damage|p2a: Arboliva|166/288\n|move|p1a: Garganacl|Recover|p1a: Garganacl\n|-heal|p1a: Garganacl|99/100\n|\n|-heal|p1a: Garganacl|100/100|[from] item: Leftovers\n|-damage|p1a: Garganacl|88/100|[from] Leech Seed|[of] p2a: Arboliva\n|-heal|p2a: Arboliva|202/288|[silent]\n|-item|p2a: Arboliva|Sitrus Berry|[from] ability: Harvest\n|upkeep\n|turn|27\n|inactive|Time left: 300 sec this turn | 300 sec total\n|\n|t:|1783547546\n|move|p2a: Arboliva|Hyper Voice|p1a: Garganacl\n|-resisted|p1a: Garganacl\n|-damage|p1a: Garganacl|64/100\n|move|p1a: Garganacl|Salt Cure|p2a: Arboliva\n|-activate|p2a: Arboliva|move: Substitute|[damage]\n|\n|-heal|p1a: Garganacl|71/100|[from] item: Leftovers\n|-damage|p1a: Garganacl|58/100|[from] Leech Seed|[of] p2a: Arboliva\n|-heal|p2a: Arboliva|238/288|[silent]\n|upkeep\n|turn|28\n|inactive|Time left: 300 sec this turn | 300 sec total\n|\n|t:|1783547547\n|move|p2a: Arboliva|Hyper Voice|p1a: Garganacl\n|-resisted|p1a: Garganacl\n|-damage|p1a: Garganacl|36/100\n|move|p1a: Garganacl|Recover|p1a: Garganacl\n|-heal|p1a: Garganacl|86/100\n|\n|-heal|p1a: Garganacl|93/100|[from] item: Leftovers\n|-damage|p1a: Garganacl|80/100|[from] Leech Seed|[of] p2a: Arboliva\n|-heal|p2a: Arboliva|274/288|[silent]\n|upkeep\n|turn|29\n|inactive|Time left: 300 sec this turn | 300 sec total\n|\n|t:|1783547548\n|move|p2a: Arboliva|Hyper Voice|p1a: Garganacl\n|-resisted|p1a: Garganacl\n|-damage|p1a: Garganacl|54/100\n|move|p1a: Garganacl|Salt Cure|p2a: Arboliva\n|-crit|p2a: Arboliva\n|-end|p2a: Arboliva|Substitute\n|\n|-heal|p1a: Garganacl|61/100|[from] item: Leftovers\n|-damage|p1a: Garganacl|48/100|[from] Leech Seed|[of] p2a: Arboliva\n|-heal|p2a: Arboliva|288/288|[silent]\n|upkeep\n|turn|30\n|inactive|Time left: 300 sec this turn | 300 sec total\n|\n|t:|1783547549\n|move|p2a: Arboliva|Hyper Voice|p1a: Garganacl\n|-resisted|p1a: Garganacl\n|-damage|p1a: Garganacl|25/100\n|move|p1a: Garganacl|Recover|p1a: Garganacl\n|-heal|p1a: Garganacl|75/100\n|\n|-heal|p1a: Garganacl|82/100|[from] item: Leftovers\n|-damage|p1a: Garganacl|69/100|[from] Leech Seed|[of] p2a: Arboliva\n|upkeep\n|turn|31\n|inactive|Time left: 300 sec this turn | 300 sec total\n|\n|t:|1783547551\n|move|p2a: Arboliva|Substitute|p2a: Arboliva\n|-start|p2a: Arboliva|Substitute\n|-damage|p2a: Arboliva|216/288\n|move|p1a: Garganacl|Body Press|p2a: Arboliva\n|-supereffective|p2a: Arboliva\n|-end|p2a: Arboliva|Substitute\n|\n|-heal|p1a: Garganacl|75/100|[from] item: Leftovers\n|-damage|p1a: Garganacl|63/100|[from] Leech Seed|[of] p2a: Arboliva\n|-heal|p2a: Arboliva|252/288|[silent]\n|upkeep\n|turn|32\n|inactive|Time left: 300 sec this turn | 300 sec total\n|\n|t:|1783547552\n|move|p2a: Arboliva|Hyper Voice|p1a: Garganacl\n|-resisted|p1a: Garganacl\n|-damage|p1a: Garganacl|38/100\n|move|p1a: Garganacl|Body Press|p2a: Arboliva\n|-supereffective|p2a: Arboliva\n|-damage|p2a: Arboliva|6/288\n|-enditem|p2a: Arboliva|Sitrus Berry|[eat]\n|-heal|p2a: Arboliva|78/288|[from] item: Sitrus Berry\n|\n|-heal|p1a: Garganacl|44/100|[from] item: Leftovers\n|-damage|p1a: Garganacl|32/100|[from] Leech Seed|[of] p2a: Arboliva\n|-heal|p2a: Arboliva|114/288|[silent]\n|-item|p2a: Arboliva|Sitrus Berry|[from] ability: Harvest\n|upkeep\n|-enditem|p2a: Arboliva|Sitrus Berry|[eat]\n|-heal|p2a: Arboliva|186/288|[from] item: Sitrus Berry\n|turn|33\n|inactive|Time left: 300 sec this turn | 300 sec total\n|\n|t:|1783547553\n|move|p2a: Arboliva|Hyper Voice|p1a: Garganacl\n|-resisted|p1a: Garganacl\n|-damage|p1a: Garganacl|8/100\n|move|p1a: Garganacl|Recover|p1a: Garganacl\n|-heal|p1a: Garganacl|58/100\n|\n|-heal|p1a: Garganacl|64/100|[from] item: Leftovers\n|-damage|p1a: Garganacl|52/100|[from] Leech Seed|[of] p2a: Arboliva\n|-heal|p2a: Arboliva|222/288|[silent]\n|upkeep\n|turn|34\n|inactive|Time left: 300 sec this turn | 300 sec total\n|\n|t:|1783547554\n|move|p2a: Arboliva|Hyper Voice|p1a: Garganacl\n|-resisted|p1a: Garganacl\n|-damage|p1a: Garganacl|29/100\n|move|p1a: Garganacl|Body Press|p2a: Arboliva\n|-supereffective|p2a: Arboliva\n|-damage|p2a: Arboliva|0 fnt\n|faint|p2a: Arboliva\n|\n|-heal|p1a: Garganacl|35/100|[from] item: Leftovers\n|upkeep\n|inactive|Time left: 300 sec this turn | 300 sec total | 5 sec grace\n|\n|t:|1783547555\n|switch|p2a: Mamoswine|Mamoswine, L81, F|311/311\n|turn|35\n|inactive|Time left: 300 sec this turn | 300 sec total\n|\n|t:|1783547556\n|move|p2a: Mamoswine|Earthquake|p1a: Garganacl\n|-supereffective|p1a: Garganacl\n|-crit|p1a: Garganacl\n|-damage|p1a: Garganacl|0 fnt\n|faint|p1a: Garganacl\n|\n|upkeep\n|\n|t:|1783547557\n|switch|p1a: Ribombee|Ribombee, L83, F|26/100\n|turn|36\n|inactive|Time left: 300 sec this turn | 300 sec total\n|\n|t:|1783547558\n|move|p1a: Ribombee|Moonblast|p2a: Mamoswine\n|-damage|p2a: Mamoswine|169/311\n|-unboost|p2a: Mamoswine|spa|1\n|move|p2a: Mamoswine|Earthquake|p1a: Ribombee\n|-resisted|p1a: Ribombee\n|-damage|p1a: Ribombee|0 fnt\n|faint|p1a: Ribombee\n|\n|upkeep\n|\n|t:|1783547559\n|switch|p1a: Ogerpon|Ogerpon-Wellspring-Tera, L76, F, tera:Water|81/100\n|-ability|p1a: Ogerpon|Embody Aspect (Wellspring)|boost\n|-boost|p1a: Ogerpon|spd|1\n|turn|37\n|inactive|Time left: 300 sec this turn | 300 sec total\n|\n|t:|1783547560\n|move|p1a: Ogerpon|Ivy Cudgel|p2a: Mamoswine|[anim] Ivy Cudgel Water\n|-supereffective|p2a: Mamoswine\n|-damage|p2a: Mamoswine|0 fnt\n|faint|p2a: Mamoswine\n|\n|upkeep\n|inactive|Time left: 300 sec this turn | 300 sec total | 5 sec grace\n|\n|t:|1783547560\n|switch|p2a: Raichu|Raichu, L88, M|249/249\n|turn|38\n|inactive|Time left: 300 sec this turn | 300 sec total\n|\n|t:|1783547561\n|-terastallize|p2a: Raichu|Ice\n|move|p2a: Raichu|Thunderbolt|p1a: Ogerpon\n|-supereffective|p1a: Ogerpon\n|-damage|p1a: Ogerpon|15/100\n|-damage|p2a: Raichu|225/249|[from] item: Life Orb\n|move|p1a: Ogerpon|Synthesis|p1a: Ogerpon\n|-heal|p1a: Ogerpon|65/100\n|\n|upkeep\n|turn|39\n|inactive|Time left: 300 sec this turn | 300 sec total\n|\n|t:|1783547562\n|move|p2a: Raichu|Thunderbolt|p1a: Ogerpon\n|-supereffective|p1a: Ogerpon\n|-damage|p1a: Ogerpon|0 fnt\n|faint|p1a: Ogerpon\n|detailschange|p1: Ogerpon|Ogerpon-Wellspring, L76, F|[silent]\n|-damage|p2a: Raichu|201/249|[from] item: Life Orb\n|\n|win|p0y7257d5c", "uploadtime": 1783547562, "views": 0, "rating": 0, "private": 0, "password": null, "_winner": "p0y7257d5c", "_our_name": "p0y7257d5c"}