{"id": "battle-gen9randombattle-133", "formatid": "gen9randombattle", "format": "[Gen 9] Random Battle", "players": ["p0x1337b2b", "p0y1335234"], "log": "|init|battle\n|title|p0x1337b2b vs. p0y1335234\n|j|\u2606p0x1337b2b\n|j|\u2606p0y1335234\n|t:|1783534792\n|gametype|singles\n|player|p1|p0x1337b2b|169|\n|player|p2|p0y1335234|102|\n|gen|9\n|tier|[Gen 9] Random Battle\n|rule|Species Clause: Limit one of each Pok\u00e9mon\n|rule|HP Percentage Mod: HP is shown in percentages\n|rule|Sleep Clause Mod: Limit one foe put to sleep\n|rule|Illusion Level Mod: Illusion disguises the Pok\u00e9mon's true level\n|\n|t:|1783534792\n|teamsize|p1|6\n|teamsize|p2|6\n|start\n|switch|p1a: Falinks|Falinks, L84|100/100\n|switch|p2a: Quaquaval|Quaquaval, L79, M|264/264\n|turn|1\n|inactive|Battle timer is ON: inactive players will automatically lose when time's up. (requested by p0x1337b2b)\n|inactive|Time left: 300 sec this turn | 300 sec total | 60 sec grace\n|inactive|p0y1335234 also wants the timer to be on.\n|\n|t:|1783534794\n|move|p2a: Quaquaval|Aqua Step|p1a: Falinks\n|-damage|p1a: Falinks|65/100\n|-boost|p2a: Quaquaval|spe|1\n|move|p1a: Falinks|No Retreat|p1a: Falinks\n|-boost|p1a: Falinks|atk|1\n|-boost|p1a: Falinks|def|1\n|-boost|p1a: Falinks|spa|1\n|-boost|p1a: Falinks|spd|1\n|-boost|p1a: Falinks|spe|1\n|-start|p1a: Falinks|move: No Retreat\n|\n|upkeep\n|turn|2\n|inactive|Time left: 300 sec this turn | 300 sec total\n|\n|t:|1783534795\n|move|p2a: Quaquaval|Close Combat|p1a: Falinks\n|-damage|p1a: Falinks|32/100\n|-unboost|p2a: Quaquaval|def|1\n|-unboost|p2a: Quaquaval|spd|1\n|move|p1a: Falinks|Close Combat|p2a: Quaquaval\n|-damage|p2a: Quaquaval|0 fnt\n|-unboost|p1a: Falinks|def|1\n|-unboost|p1a: Falinks|spd|1\n|faint|p2a: Quaquaval\n|-damage|p1a: Falinks|22/100|[from] item: Life Orb\n|\n|upkeep\n|inactive|Time left: 300 sec this turn | 300 sec total | 5 sec grace\n|\n|t:|1783534796\n|switch|p2a: Houndstone|Houndstone, L86, F|264/264\n|turn|3\n|inactive|Time left: 300 sec this turn | 300 sec total\n|\n|t:|1783534797\n|move|p1a: Falinks|Knock Off|p2a: Houndstone\n|-supereffective|p2a: Houndstone\n|-damage|p2a: Houndstone|150/264\n|-enditem|p2a: Houndstone|Leftovers|[from] move: Knock Off|[of] p1a: Falinks\n|-damage|p1a: Falinks|12/100|[from] item: Life Orb\n|move|p2a: Houndstone|Body Press|p1a: Falinks\n|-damage|p1a: Falinks|0 fnt\n|faint|p1a: Falinks\n|\n|upkeep\n|\n|t:|1783534798\n|switch|p1a: Squawkabilly|Squawkabilly-White, L89, M|100/100\n|turn|4\n|inactive|Time left: 300 sec this turn | 300 sec total\n|\n|t:|1783534800\n|move|p1a: Squawkabilly|Brave Bird|p2a: Houndstone\n|-damage|p2a: Houndstone|15/264\n|-damage|p1a: Squawkabilly|85/100|[from] Recoil\n|move|p2a: Houndstone|Body Press|p1a: Squawkabilly\n|-damage|p1a: Squawkabilly|54/100\n|\n|upkeep\n|turn|5\n|inactive|Time left: 300 sec this turn | 300 sec total\n|\n|t:|1783534801\n|move|p1a: Squawkabilly|Brave Bird|p2a: Houndstone\n|-damage|p2a: Houndstone|0 fnt\n|faint|p2a: Houndstone\n|-damage|p1a: Squawkabilly|53/100|[from] Recoil\n|\n|upkeep\n|inactive|Time left: 300 sec this turn | 300 sec total | 5 sec grace\n|\n|t:|1783534802\n|switch|p2a: Overqwil|Overqwil, L82, F|274/274\n|-ability|p2a: Overqwil|Intimidate|boost\n|-unboost|p1a: Squawkabilly|atk|1\n|turn|6\n|inactive|Time left: 300 sec this turn | 300 sec total\n|\n|t:|1783534803\n|move|p1a: Squawkabilly|Brave Bird|p2a: Overqwil\n|-damage|p2a: Overqwil|57/274\n|-damage|p1a: Squawkabilly|28/100|[from] Recoil\n|move|p2a: Overqwil|Gunk Shot|p1a: Squawkabilly\n|-damage|p1a: Squawkabilly|0 fnt\n|faint|p1a: Squawkabilly\n|\n|upkeep\n|\n|t:|1783534804\n|switch|p1a: Enamorus|Enamorus, L79, F|100/100\n|turn|7\n|inactive|Time left: 300 sec this turn | 300 sec total\n|\n|t:|1783534805\n|switch|p2a: Misdreavus|Misdreavus, L90, F|254/254\n|move|p1a: Enamorus|Moonblast|p2a: Misdreavus\n|-damage|p2a: Misdreavus|178/254\n|\n|upkeep\n|turn|8\n|inactive|Time left: 300 sec this turn | 300 sec total\n|\n|t:|1783534807\n|move|p1a: Enamorus|Mystical Fire|p2a: Misdreavus\n|-damage|p2a: Misdreavus|137/254\n|-unboost|p2a: Misdreavus|spa|1\n|move|p2a: Misdreavus|Calm Mind|p2a: Misdreavus\n|-boost|p2a: Misdreavus|spa|1\n|-boost|p2a: Misdreavus|spd|1\n|\n|upkeep\n|turn|9\n|inactive|Time left: 300 sec this turn | 300 sec total\n|\n|t:|1783534808\n|move|p1a: Enamorus|Calm Mind|p1a: Enamorus\n|-boost|p1a: Enamorus|spa|1\n|-boost|p1a: Enamorus|spd|1\n|move|p2a: Misdreavus|Calm Mind|p2a: Misdreavus\n|-boost|p2a: Misdreavus|spa|1\n|-boost|p2a: Misdreavus|spd|1\n|\n|upkeep\n|turn|10\n|inactive|Time left: 300 sec this turn | 300 sec total\n|\n|t:|1783534809\n|move|p1a: Enamorus|Mystical Fire|p2a: Misdreavus\n|-crit|p2a: Misdreavus\n|-damage|p2a: Misdreavus|48/254\n|-unboost|p2a: Misdreavus|spa|1\n|move|p2a: Misdreavus|Shadow Ball|p1a: Enamorus\n|-damage|p1a: Enamorus|73/100\n|\n|upkeep\n|turn|11\n|inactive|Time left: 300 sec this turn | 300 sec total\n|\n|t:|1783534810\n|move|p1a: Enamorus|Moonblast|p2a: Misdreavus\n|-damage|p2a: Misdreavus|0 fnt\n|faint|p2a: Misdreavus\n|\n|upkeep\n|inactive|Time left: 300 sec this turn | 300 sec total | 5 sec grace\n|\n|t:|1783534811\n|switch|p2a: Mightyena|Mightyena, L96, F|290/290\n|-ability|p2a: Mightyena|Intimidate|boost\n|-unboost|p1a: Enamorus|atk|1\n|turn|12\n|inactive|Time left: 300 sec this turn | 300 sec total\n|\n|t:|1783534812\n|-terastallize|p2a: Mightyena|Poison\n|move|p1a: Enamorus|Moonblast|p2a: Mightyena\n|-resisted|p2a: Mightyena\n|-damage|p2a: Mightyena|198/290\n|-unboost|p2a: Mightyena|spa|1\n|move|p2a: Mightyena|Poison Fang|p1a: Enamorus\n|-supereffective|p1a: Enamorus\n|-damage|p1a: Enamorus|0 fnt\n|faint|p1a: Enamorus\n|\n|-heal|p2a: Mightyena|216/290|[from] item: Leftovers\n|upkeep\n|\n|t:|1783534813\n|switch|p1a: Bastiodon|Bastiodon, L89, F|100/100\n|turn|13\n|inactive|Time left: 300 sec this turn | 300 sec total\n|\n|t:|1783534814\n|switch|p2a: Overqwil|Overqwil, L82, F|57/274\n|-ability|p2a: Overqwil|Intimidate|boost\n|-unboost|p1a: Bastiodon|atk|1\n|move|p1a: Bastiodon|Body Press|p2a: Overqwil\n|-damage|p2a: Overqwil|0 fnt\n|faint|p2a: Overqwil\n|\n|upkeep\n|inactive|Time left: 300 sec this turn | 300 sec total | 5 sec grace\n|\n|t:|1783534814\n|switch|p2a: Mightyena|Mightyena, L96, F, tera:Poison|216/290\n|-ability|p2a: Mightyena|Intimidate|boost\n|-unboost|p1a: Bastiodon|atk|1\n|turn|14\n|inactive|Time left: 300 sec this turn | 300 sec total\n|\n|t:|1783534815\n|switch|p1a: Klawf|Klawf, L90, M|100/100\n|move|p2a: Mightyena|Throat Chop|p1a: Klawf\n|-damage|p1a: Klawf|69/100\n|-start|p1a: Klawf|Throat Chop|[silent]\n|\n|-heal|p2a: Mightyena|234/290|[from] item: Leftovers\n|upkeep\n|turn|15\n|inactive|Time left: 300 sec this turn | 300 sec total\n|\n|t:|1783534816\n|switch|p2a: Gastrodon|Gastrodon, L86, F|331/331\n|switch|p1a: Bastiodon|Bastiodon, L89, F|100/100\n|\n|upkeep\n|turn|16\n|inactive|Time left: 300 sec this turn | 300 sec total\n|\n|t:|1783534817\n|-terastallize|p1a: Bastiodon|Fighting\n|move|p2a: Gastrodon|Earthquake|p1a: Bastiodon\n|-damage|p1a: Bastiodon|80/100\n|move|p1a: Bastiodon|Iron Defense|p1a: Bastiodon\n|-boost|p1a: Bastiodon|def|2\n|\n|upkeep\n|turn|17\n|inactive|Time left: 300 sec this turn | 300 sec total\n|\n|t:|1783534818\n|move|p2a: Gastrodon|Ice Beam|p1a: Bastiodon\n|-damage|p1a: Bastiodon|64/100\n|move|p1a: Bastiodon|Body Press|p2a: Gastrodon\n|-damage|p2a: Gastrodon|9/331\n|\n|-heal|p2a: Gastrodon|29/331|[from] item: Leftovers\n|upkeep\n|turn|18\n|inactive|Time left: 300 sec this turn | 300 sec total\n|\n|t:|1783534819\n|move|p2a: Gastrodon|Ice Beam|p1a: Bastiodon\n|-damage|p1a: Bastiodon|48/100\n|move|p1a: Bastiodon|Body Press|p2a: Gastrodon\n|-damage|p2a: Gastrodon|0 fnt\n|faint|p2a: Gastrodon\n|\n|upkeep\n|inactive|Time left: 300 sec this turn | 300 sec total | 5 sec grace\n|\n|t:|1783534819\n|switch|p2a: Mightyena|Mightyena, L96, F, tera:Poison|234/290\n|-ability|p2a: Mightyena|Intimidate|boost\n|-unboost|p1a: Bastiodon|atk|1\n|turn|19\n|inactive|Time left: 300 sec this turn | 300 sec total\n|\n|t:|1783534820\n|move|p2a: Mightyena|Poison Fang|p1a: Bastiodon\n|-damage|p1a: Bastiodon|39/100\n|move|p1a: Bastiodon|Body Press|p2a: Mightyena\n|-resisted|p2a: Mightyena\n|-damage|p2a: Mightyena|89/290\n|\n|-heal|p2a: Mightyena|107/290|[from] item: Leftovers\n|upkeep\n|turn|20\n|inactive|Time left: 300 sec this turn | 300 sec total\n|\n|t:|1783534821\n|move|p2a: Mightyena|Taunt|p1a: Bastiodon\n|-start|p1a: Bastiodon|move: Taunt\n|move|p1a: Bastiodon|Body Press|p2a: Mightyena\n|-resisted|p2a: Mightyena\n|-damage|p2a: Mightyena|0 fnt\n|faint|p2a: Mightyena\n|\n|win|p0x1337b2b", "uploadtime": 1783534821, "views": 0, "rating": 0, "private": 0, "password": null, "_winner": "p0x1337b2b", "_our_name": "p0y1335234"}