{"id": "battle-gen9randombattle-787", "formatid": "gen9randombattle", "format": "[Gen 9] Random Battle", "players": ["p0x787cd7f", "p0y7878ef1"], "log": "|init|battle\n|title|p0x787cd7f vs. p0y7878ef1\n|j|\u2606p0x787cd7f\n|j|\u2606p0y7878ef1\n|t:|1783548994\n|gametype|singles\n|player|p1|p0x787cd7f|2|\n|player|p2|p0y7878ef1|170|\n|gen|9\n|tier|[Gen 9] Random Battle\n|rule|Species Clause: Limit one of each Pok\u00e9mon\n|rule|HP Percentage Mod: HP is shown in percentages\n|rule|Sleep Clause Mod: Limit one foe put to sleep\n|rule|Illusion Level Mod: Illusion disguises the Pok\u00e9mon's true level\n|\n|t:|1783548994\n|teamsize|p1|6\n|teamsize|p2|6\n|start\n|switch|p1a: Dragapult|Dragapult, L77, M|100/100\n|switch|p2a: Meganium|Meganium, L90, M|290/290\n|turn|1\n|inactive|Battle timer is ON: inactive players will automatically lose when time's up. (requested by p0y7878ef1)\n|inactive|p0x787cd7f also wants the timer to be on.\n|\n|t:|1783548996\n|move|p1a: Dragapult|Fire Blast|p2a: Meganium\n|-supereffective|p2a: Meganium\n|-damage|p2a: Meganium|118/290\n|-status|p2a: Meganium|brn\n|move|p2a: Meganium|Knock Off|p1a: Dragapult\n|-supereffective|p1a: Dragapult\n|-damage|p1a: Dragapult|70/100\n|-enditem|p1a: Dragapult|Choice Specs|[from] move: Knock Off|[of] p2a: Meganium\n|\n|-heal|p2a: Meganium|136/290 brn|[from] item: Leftovers\n|-damage|p2a: Meganium|118/290 brn|[from] brn\n|upkeep\n|turn|2\n|inactive|Time left: 300 sec this turn | 300 sec total\n|\n|t:|1783548998\n|move|p1a: Dragapult|Fire Blast|p2a: Meganium\n|-supereffective|p2a: Meganium\n|-damage|p2a: Meganium|10/290 brn\n|move|p2a: Meganium|Synthesis|p2a: Meganium\n|-heal|p2a: Meganium|155/290 brn\n|\n|-heal|p2a: Meganium|173/290 brn|[from] item: Leftovers\n|-damage|p2a: Meganium|155/290 brn|[from] brn\n|upkeep\n|turn|3\n|inactive|Time left: 300 sec this turn | 300 sec total\n|\n|t:|1783548999\n|switch|p1a: Flareon|Flareon, L90, F|100/100\n|move|p2a: Meganium|Synthesis|p2a: Meganium\n|-heal|p2a: Meganium|290/290 brn\n|\n|-damage|p2a: Meganium|272/290 brn|[from] brn\n|-status|p1a: Flareon|tox|[from] item: Toxic Orb\n|upkeep\n|turn|4\n|inactive|Time left: 300 sec this turn | 300 sec total\n|\n|t:|1783549000\n|switch|p2a: Cresselia|Cresselia, L80, F|323/323\n|move|p1a: Flareon|Facade|p2a: Cresselia\n|-damage|p2a: Cresselia|138/323\n|\n|-heal|p2a: Cresselia|158/323|[from] item: Leftovers\n|-damage|p1a: Flareon|94/100 tox|[from] psn\n|upkeep\n|turn|5\n|inactive|Time left: 300 sec this turn | 300 sec total\n|\n|t:|1783549001\n|move|p2a: Cresselia|Moonlight|p2a: Cresselia\n|-heal|p2a: Cresselia|319/323\n|move|p1a: Flareon|Facade|p2a: Cresselia\n|-damage|p2a: Cresselia|118/323\n|\n|-heal|p2a: Cresselia|138/323|[from] item: Leftovers\n|-damage|p1a: Flareon|82/100 tox|[from] psn\n|upkeep\n|turn|6\n|inactive|Time left: 300 sec this turn | 300 sec total\n|\n|t:|1783549002\n|move|p2a: Cresselia|Moonlight|p2a: Cresselia\n|-heal|p2a: Cresselia|299/323\n|move|p1a: Flareon|Facade|p2a: Cresselia\n|-damage|p2a: Cresselia|114/323\n|\n|-heal|p2a: Cresselia|134/323|[from] item: Leftovers\n|-damage|p1a: Flareon|64/100 tox|[from] psn\n|upkeep\n|turn|7\n|inactive|Time left: 300 sec this turn | 300 sec total\n|\n|t:|1783549004\n|move|p2a: Cresselia|Moonlight|p2a: Cresselia\n|-heal|p2a: Cresselia|295/323\n|move|p1a: Flareon|Facade|p2a: Cresselia\n|-damage|p2a: Cresselia|92/323\n|\n|-heal|p2a: Cresselia|112/323|[from] item: Leftovers\n|-damage|p1a: Flareon|40/100 tox|[from] psn\n|upkeep\n|turn|8\n|inactive|Time left: 300 sec this turn | 300 sec total\n|\n|t:|1783549005\n|move|p2a: Cresselia|Moonlight|p2a: Cresselia\n|-heal|p2a: Cresselia|273/323\n|move|p1a: Flareon|Flare Blitz|p2a: Cresselia\n|-damage|p2a: Cresselia|35/323\n|-damage|p1a: Flareon|10/100 tox|[from] Recoil\n|\n|-heal|p2a: Cresselia|55/323|[from] item: Leftovers\n|-damage|p1a: Flareon|0 fnt|[from] psn\n|faint|p1a: Flareon\n|upkeep\n|\n|t:|1783549006\n|switch|p1a: Medicham|Medicham, L86, M|100/100\n|turn|9\n|inactive|Time left: 300 sec this turn | 300 sec total\n|\n|t:|1783549007\n|switch|p2a: Politoed|Politoed, L88, M|302/302\n|-weather|RainDance|[from] ability: Drizzle|[of] p2a: Politoed\n|move|p1a: Medicham|Close Combat|p2a: Politoed\n|-damage|p2a: Politoed|0 fnt\n|-unboost|p1a: Medicham|def|1\n|-unboost|p1a: Medicham|spd|1\n|faint|p2a: Politoed\n|\n|-weather|RainDance|[upkeep]\n|upkeep\n|inactive|Time left: 300 sec this turn | 300 sec total | 5 sec grace\n|\n|t:|1783549008\n|switch|p2a: Florges|Florges-Orange, L85, F|271/271\n|turn|10\n|inactive|Time left: 300 sec this turn | 300 sec total\n|\n|t:|1783549008\n|switch|p1a: Serperior|Serperior, L79, M|100/100\n|move|p2a: Florges|Moonblast|p1a: Serperior\n|-damage|p1a: Serperior|50/100\n|\n|-weather|RainDance|[upkeep]\n|upkeep\n|turn|11\n|inactive|Time left: 300 sec this turn | 300 sec total\n|\n|t:|1783549009\n|move|p1a: Serperior|Glare|p2a: Florges\n|-status|p2a: Florges|par\n|move|p2a: Florges|Moonblast|p1a: Serperior\n|-crit|p1a: Serperior\n|-damage|p1a: Serperior|0 fnt\n|faint|p1a: Serperior\n|\n|-weather|RainDance|[upkeep]\n|upkeep\n|\n|t:|1783549010\n|switch|p1a: Medicham|Medicham, L86, M|100/100\n|turn|12\n|inactive|Time left: 300 sec this turn | 300 sec total\n|\n|t:|1783549011\n|move|p1a: Medicham|Poison Jab|p2a: Florges\n|-supereffective|p2a: Florges\n|-damage|p2a: Florges|0 fnt\n|faint|p2a: Florges\n|\n|-weather|RainDance|[upkeep]\n|upkeep\n|inactive|Time left: 300 sec this turn | 300 sec total | 5 sec grace\n|\n|t:|1783549012\n|switch|p2a: Eternatus|Eternatus, L69|308/308\n|-ability|p2a: Eternatus|Pressure\n|turn|13\n|inactive|Time left: 300 sec this turn | 300 sec total\n|\n|t:|1783549013\n|switch|p1a: Hypno|Hypno, L95, F|100/100\n|move|p2a: Eternatus|Meteor Beam||[still]\n|-prepare|p2a: Eternatus|Meteor Beam\n|-boost|p2a: Eternatus|spa|1\n|-enditem|p2a: Eternatus|Power Herb\n|-anim|p2a: Eternatus|Meteor Beam|p1a: Hypno\n|-damage|p1a: Hypno|74/100\n|\n|-weather|none\n|-heal|p1a: Hypno|80/100|[from] item: Leftovers\n|upkeep\n|turn|14\n|inactive|Time left: 300 sec this turn | 300 sec total\n|\n|t:|1783549014\n|move|p2a: Eternatus|Sludge Bomb|p1a: Hypno\n|-damage|p1a: Hypno|49/100\n|-status|p1a: Hypno|psn\n|move|p1a: Hypno|Psychic Noise|p2a: Eternatus\n|-supereffective|p2a: Eternatus\n|-damage|p2a: Eternatus|108/308\n|-start|p2a: Eternatus|move: Heal Block\n|\n|-heal|p1a: Hypno|55/100 psn|[from] item: Leftovers\n|-damage|p1a: Hypno|42/100 psn|[from] psn\n|upkeep\n|turn|15\n|inactive|Time left: 300 sec this turn | 300 sec total\n|\n|t:|1783549015\n|move|p2a: Eternatus|Sludge Bomb|p1a: Hypno\n|-damage|p1a: Hypno|13/100 psn\n|move|p1a: Hypno|Psychic Noise|p2a: Eternatus\n|-supereffective|p2a: Eternatus\n|-damage|p2a: Eternatus|0 fnt\n|faint|p2a: Eternatus\n|\n|-heal|p1a: Hypno|19/100 psn|[from] item: Leftovers\n|-damage|p1a: Hypno|6/100 psn|[from] psn\n|upkeep\n|inactive|Time left: 300 sec this turn | 300 sec total | 5 sec grace\n|\n|t:|1783549016\n|switch|p2a: Cresselia|Cresselia, L80, F|55/323\n|turn|16\n|inactive|Time left: 300 sec this turn | 300 sec total\n|\n|t:|1783549017\n|switch|p1a: Medicham|Medicham, L86, M|100/100\n|move|p2a: Cresselia|Moonlight|p2a: Cresselia\n|-heal|p2a: Cresselia|216/323\n|\n|-heal|p2a: Cresselia|236/323|[from] item: Leftovers\n|upkeep\n|turn|17\n|inactive|Time left: 300 sec this turn | 300 sec total\n|\n|t:|1783549018\n|move|p1a: Medicham|Poison Jab|p2a: Cresselia\n|-damage|p2a: Cresselia|131/323\n|move|p2a: Cresselia|Moonlight|p2a: Cresselia\n|-heal|p2a: Cresselia|292/323\n|\n|-heal|p2a: Cresselia|312/323|[from] item: Leftovers\n|upkeep\n|turn|18\n|inactive|Time left: 300 sec this turn | 300 sec total\n|\n|t:|1783549019\n|move|p1a: Medicham|Poison Jab|p2a: Cresselia\n|-damage|p2a: Cresselia|192/323\n|move|p2a: Cresselia|Calm Mind|p2a: Cresselia\n|-boost|p2a: Cresselia|spa|1\n|-boost|p2a: Cresselia|spd|1\n|\n|-heal|p2a: Cresselia|212/323|[from] item: Leftovers\n|upkeep\n|turn|19\n|inactive|Time left: 300 sec this turn | 300 sec total\n|\n|t:|1783549020\n|move|p1a: Medicham|Poison Jab|p2a: Cresselia\n|-damage|p2a: Cresselia|102/323\n|move|p2a: Cresselia|Moonlight|p2a: Cresselia\n|-heal|p2a: Cresselia|263/323\n|\n|-heal|p2a: Cresselia|283/323|[from] item: Leftovers\n|upkeep\n|turn|20\n|inactive|Time left: 300 sec this turn | 300 sec total\n|\n|t:|1783549021\n|move|p1a: Medicham|Poison Jab|p2a: Cresselia\n|-damage|p2a: Cresselia|174/323\n|-status|p2a: Cresselia|psn\n|move|p2a: Cresselia|Psyshock|p1a: Medicham\n|-damage|p1a: Medicham|56/100\n|\n|-heal|p2a: Cresselia|194/323 psn|[from] item: Leftovers\n|-damage|p2a: Cresselia|154/323 psn|[from] psn\n|upkeep\n|turn|21\n|inactive|Time left: 300 sec this turn | 300 sec total\n|\n|t:|1783549022\n|move|p1a: Medicham|Poison Jab|p2a: Cresselia\n|-damage|p2a: Cresselia|50/323 psn\n|move|p2a: Cresselia|Moonlight|p2a: Cresselia\n|-heal|p2a: Cresselia|211/323 psn\n|\n|-heal|p2a: Cresselia|231/323 psn|[from] item: Leftovers\n|-damage|p2a: Cresselia|191/323 psn|[from] psn\n|upkeep\n|turn|22\n|inactive|Time left: 300 sec this turn | 300 sec total\n|\n|t:|1783549023\n|move|p1a: Medicham|Poison Jab|p2a: Cresselia\n|-damage|p2a: Cresselia|81/323 psn\n|move|p2a: Cresselia|Psyshock|p1a: Medicham\n|-damage|p1a: Medicham|11/100\n|\n|-heal|p2a: Cresselia|101/323 psn|[from] item: Leftovers\n|-damage|p2a: Cresselia|61/323 psn|[from] psn\n|upkeep\n|turn|23\n|inactive|Time left: 300 sec this turn | 300 sec total\n|\n|t:|1783549024\n|move|p1a: Medicham|Poison Jab|p2a: Cresselia\n|-crit|p2a: Cresselia\n|-damage|p2a: Cresselia|0 fnt\n|faint|p2a: Cresselia\n|\n|upkeep\n|inactive|Time left: 300 sec this turn | 300 sec total | 5 sec grace\n|\n|t:|1783549025\n|switch|p2a: Iron Valiant|Iron Valiant, L78|244/244\n|turn|24\n|inactive|Time left: 300 sec this turn | 300 sec total\n|\n|t:|1783549026\n|switch|p1a: Hypno|Hypno, L95, F|6/100 psn\n|move|p2a: Iron Valiant|Knock Off|p1a: Hypno\n|-supereffective|p1a: Hypno\n|-damage|p1a: Hypno|0 fnt\n|-enditem|p1a: Hypno|Leftovers|[from] move: Knock Off|[of] p2a: Iron Valiant\n|faint|p1a: Hypno\n|-damage|p2a: Iron Valiant|220/244|[from] item: Life Orb\n|\n|upkeep\n|\n|t:|1783549027\n|switch|p1a: Dragapult|Dragapult, L77, M|70/100\n|turn|25\n|inactive|Time left: 300 sec this turn | 300 sec total\n|\n|t:|1783549028\n|-terastallize|p1a: Dragapult|Fire\n|move|p1a: Dragapult|Fire Blast|p2a: Iron Valiant|[miss]\n|-miss|p1a: Dragapult|p2a: Iron Valiant\n|move|p2a: Iron Valiant|Moonblast|p1a: Dragapult\n|-resisted|p1a: Dragapult\n|-damage|p1a: Dragapult|40/100\n|-damage|p2a: Iron Valiant|196/244|[from] item: Life Orb\n|\n|upkeep\n|turn|26\n|inactive|Time left: 300 sec this turn | 300 sec total\n|\n|t:|1783549029\n|move|p1a: Dragapult|Fire Blast|p2a: Iron Valiant\n|-damage|p2a: Iron Valiant|57/244\n|move|p2a: Iron Valiant|Close Combat|p1a: Dragapult\n|-damage|p1a: Dragapult|0 fnt\n|-unboost|p2a: Iron Valiant|def|1\n|-unboost|p2a: Iron Valiant|spd|1\n|faint|p1a: Dragapult\n|-damage|p2a: Iron Valiant|33/244|[from] item: Life Orb\n|\n|upkeep\n|\n|t:|1783549030\n|switch|p1a: Gurdurr|Gurdurr, L85, M|100/100\n|turn|27\n|inactive|Time left: 300 sec this turn | 300 sec total\n|\n|t:|1783549031\n|-end|p2a: Iron Valiant|Quark Drive|[silent]\n|switch|p2a: Meganium|Meganium, L90, M|272/290 brn\n|move|p1a: Gurdurr|Mach Punch|p2a: Meganium\n|-damage|p2a: Meganium|229/290 brn\n|\n|-heal|p2a: Meganium|247/290 brn|[from] item: Leftovers\n|-damage|p2a: Meganium|229/290 brn|[from] brn\n|upkeep\n|turn|28\n|inactive|Time left: 300 sec this turn | 300 sec total\n|\n|t:|1783549033\n|move|p2a: Meganium|Energy Ball|p1a: Gurdurr\n|-damage|p1a: Gurdurr|65/100\n|move|p1a: Gurdurr|Drain Punch|p2a: Meganium\n|-damage|p2a: Meganium|153/290 brn\n|-heal|p1a: Gurdurr|79/100|[from] drain|[of] p2a: Meganium\n|\n|-heal|p2a: Meganium|171/290 brn|[from] item: Leftovers\n|-damage|p2a: Meganium|153/290 brn|[from] brn\n|upkeep\n|turn|29\n|inactive|Time left: 300 sec this turn | 300 sec total\n|\n|t:|1783549034\n|move|p2a: Meganium|Synthesis|p2a: Meganium\n|-heal|p2a: Meganium|290/290 brn\n|move|p1a: Gurdurr|Drain Punch|p2a: Meganium\n|-damage|p2a: Meganium|215/290 brn\n|-heal|p1a: Gurdurr|92/100|[from] drain|[of] p2a: Meganium\n|\n|-heal|p2a: Meganium|233/290 brn|[from] item: Leftovers\n|-damage|p2a: Meganium|215/290 brn|[from] brn\n|upkeep\n|turn|30\n|inactive|Time left: 300 sec this turn | 300 sec total\n|\n|t:|1783549035\n|move|p2a: Meganium|Energy Ball|p1a: Gurdurr\n|-damage|p1a: Gurdurr|60/100\n|move|p1a: Gurdurr|Drain Punch|p2a: Meganium\n|-damage|p2a: Meganium|133/290 brn\n|-heal|p1a: Gurdurr|75/100|[from] drain|[of] p2a: Meganium\n|\n|-heal|p2a: Meganium|151/290 brn|[from] item: Leftovers\n|-damage|p2a: Meganium|133/290 brn|[from] brn\n|upkeep\n|turn|31\n|inactive|Time left: 300 sec this turn | 300 sec total\n|\n|t:|1783549036\n|move|p2a: Meganium|Synthesis|p2a: Meganium\n|-heal|p2a: Meganium|278/290 brn\n|move|p1a: Gurdurr|Drain Punch|p2a: Meganium\n|-crit|p2a: Meganium\n|-damage|p2a: Meganium|175/290 brn\n|-heal|p1a: Gurdurr|93/100|[from] drain|[of] p2a: Meganium\n|\n|-heal|p2a: Meganium|193/290 brn|[from] item: Leftovers\n|-damage|p2a: Meganium|175/290 brn|[from] brn\n|upkeep\n|turn|32\n|inactive|Time left: 300 sec this turn | 300 sec total\n|\n|t:|1783549037\n|move|p2a: Meganium|Energy Ball|p1a: Gurdurr\n|-damage|p1a: Gurdurr|59/100\n|move|p1a: Gurdurr|Drain Punch|p2a: Meganium\n|-damage|p2a: Meganium|106/290 brn\n|-heal|p1a: Gurdurr|71/100|[from] drain|[of] p2a: Meganium\n|\n|-heal|p2a: Meganium|124/290 brn|[from] item: Leftovers\n|-damage|p2a: Meganium|106/290 brn|[from] brn\n|upkeep\n|turn|33\n|inactive|Time left: 300 sec this turn | 300 sec total\n|\n|t:|1783549039\n|move|p2a: Meganium|Synthesis|p2a: Meganium\n|-heal|p2a: Meganium|251/290 brn\n|move|p1a: Gurdurr|Drain Punch|p2a: Meganium\n|-damage|p2a: Meganium|170/290 brn\n|-heal|p1a: Gurdurr|86/100|[from] drain|[of] p2a: Meganium\n|\n|-heal|p2a: Meganium|188/290 brn|[from] item: Leftovers\n|-damage|p2a: Meganium|170/290 brn|[from] brn\n|upkeep\n|turn|34\n|inactive|Time left: 300 sec this turn | 300 sec total\n|\n|t:|1783549040\n|move|p2a: Meganium|Energy Ball|p1a: Gurdurr\n|-damage|p1a: Gurdurr|54/100\n|move|p1a: Gurdurr|Drain Punch|p2a: Meganium\n|-damage|p2a: Meganium|100/290 brn\n|-heal|p1a: Gurdurr|66/100|[from] drain|[of] p2a: Meganium\n|\n|-heal|p2a: Meganium|118/290 brn|[from] item: Leftovers\n|-damage|p2a: Meganium|100/290 brn|[from] brn\n|upkeep\n|turn|35\n|inactive|Time left: 300 sec this turn | 300 sec total\n|\n|t:|1783549041\n|move|p2a: Meganium|Synthesis|p2a: Meganium\n|-heal|p2a: Meganium|245/290 brn\n|move|p1a: Gurdurr|Drain Punch|p2a: Meganium\n|-damage|p2a: Meganium|163/290 brn\n|-heal|p1a: Gurdurr|81/100|[from] drain|[of] p2a: Meganium\n|\n|-heal|p2a: Meganium|181/290 brn|[from] item: Leftovers\n|-damage|p2a: Meganium|163/290 brn|[from] brn\n|upkeep\n|turn|36\n|inactive|Time left: 300 sec this turn | 300 sec total\n|\n|t:|1783549042\n|move|p2a: Meganium|Energy Ball|p1a: Gurdurr\n|-damage|p1a: Gurdurr|50/100\n|move|p1a: Gurdurr|Drain Punch|p2a: Meganium\n|-damage|p2a: Meganium|90/290 brn\n|-heal|p1a: Gurdurr|63/100|[from] drain|[of] p2a: Meganium\n|\n|-heal|p2a: Meganium|108/290 brn|[from] item: Leftovers\n|-damage|p2a: Meganium|90/290 brn|[from] brn\n|upkeep\n|turn|37\n|inactive|Time left: 300 sec this turn | 300 sec total\n|\n|t:|1783549043\n|move|p2a: Meganium|Synthesis|p2a: Meganium\n|-heal|p2a: Meganium|235/290 brn\n|move|p1a: Gurdurr|Drain Punch|p2a: Meganium\n|-damage|p2a: Meganium|166/290 brn\n|-heal|p1a: Gurdurr|75/100|[from] drain|[of] p2a: Meganium\n|\n|-heal|p2a: Meganium|184/290 brn|[from] item: Leftovers\n|-damage|p2a: Meganium|166/290 brn|[from] brn\n|upkeep\n|turn|38\n|inactive|Time left: 300 sec this turn | 300 sec total\n|\n|t:|1783549044\n|move|p2a: Meganium|Energy Ball|p1a: Gurdurr\n|-crit|p1a: Gurdurr\n|-damage|p1a: Gurdurr|23/100\n|move|p1a: Gurdurr|Drain Punch|p2a: Meganium\n|-damage|p2a: Meganium|90/290 brn\n|-heal|p1a: Gurdurr|37/100|[from] drain|[of] p2a: Meganium\n|\n|-heal|p2a: Meganium|108/290 brn|[from] item: Leftovers\n|-damage|p2a: Meganium|90/290 brn|[from] brn\n|upkeep\n|turn|39\n|inactive|Time left: 300 sec this turn | 300 sec total\n|\n|t:|1783549045\n|move|p1a: Gurdurr|Mach Punch|p2a: Meganium\n|-damage|p2a: Meganium|47/290 brn\n|move|p2a: Meganium|Energy Ball|p1a: Gurdurr\n|-damage|p1a: Gurdurr|0 fnt\n|faint|p1a: Gurdurr\n|\n|-heal|p2a: Meganium|65/290 brn|[from] item: Leftovers\n|-damage|p2a: Meganium|47/290 brn|[from] brn\n|upkeep\n|\n|t:|1783549046\n|switch|p1a: Medicham|Medicham, L86, M|11/100\n|turn|40\n|inactive|Time left: 300 sec this turn | 300 sec total\n|\n|t:|1783549047\n|-terastallize|p2a: Meganium|Steel\n|move|p2a: Meganium|Synthesis|p2a: Meganium\n|-heal|p2a: Meganium|192/290 brn\n|move|p1a: Medicham|Ice Punch|p2a: Meganium\n|-resisted|p2a: Meganium\n|-damage|p2a: Meganium|144/290 brn\n|\n|-heal|p2a: Meganium|162/290 brn|[from] item: Leftovers\n|-damage|p2a: Meganium|144/290 brn|[from] brn\n|upkeep\n|turn|41\n|inactive|Time left: 300 sec this turn | 300 sec total\n|\n|t:|1783549048\n|move|p2a: Meganium|Energy Ball|p1a: Medicham\n|-crit|p1a: Medicham\n|-damage|p1a: Medicham|0 fnt\n|faint|p1a: Medicham\n|\n|win|p0y7878ef1", "uploadtime": 1783549048, "views": 0, "rating": 0, "private": 0, "password": null, "_winner": "p0y7878ef1", "_our_name": "p0y7878ef1"}