{"id": "battle-gen9randombattle-2721", "formatid": "gen9randombattle", "format": "[Gen 9] Random Battle", "players": ["p0x2721ca2b", "p0y27215060"], "log": "|init|battle\n|title|p0x2721ca2b vs. p0y27215060\n|j|\u2606p0x2721ca2b\n|j|\u2606p0y27215060\n|t:|1783571379\n|gametype|singles\n|player|p1|p0x2721ca2b|170|\n|player|p2|p0y27215060|266|\n|gen|9\n|tier|[Gen 9] Random Battle\n|rule|Species Clause: Limit one of each Pok\u00e9mon\n|rule|HP Percentage Mod: HP is shown in percentages\n|rule|Sleep Clause Mod: Limit one foe put to sleep\n|rule|Illusion Level Mod: Illusion disguises the Pok\u00e9mon's true level\n|\n|t:|1783571379\n|teamsize|p1|6\n|teamsize|p2|6\n|start\n|switch|p1a: Bastiodon|Bastiodon, L89, M|252/252\n|switch|p2a: Hawlucha|Hawlucha, L80, F|100/100\n|turn|1\n|inactive|Battle timer is ON: inactive players will automatically lose when time's up. (requested by p0x2721ca2b)\n|inactive|p0y27215060 also wants the timer to be on.\n|\n|t:|1783571380\n|switch|p1a: Mismagius|Mismagius, L86, M|243/243\n|move|p2a: Hawlucha|Close Combat|p1a: Mismagius\n|-immune|p1a: Mismagius\n|\n|upkeep\n|turn|2\n|inactive|Time left: 300 sec this turn | 300 sec total\n|\n|t:|1783571381\n|move|p2a: Hawlucha|Swords Dance|p2a: Hawlucha\n|-boost|p2a: Hawlucha|atk|2\n|move|p1a: Mismagius|Dazzling Gleam|p2a: Hawlucha\n|-supereffective|p2a: Hawlucha\n|-damage|p2a: Hawlucha|20/100\n|-damage|p1a: Mismagius|219/243|[from] item: Life Orb\n|\n|upkeep\n|turn|3\n|inactive|Time left: 300 sec this turn | 300 sec total\n|\n|t:|1783571382\n|move|p2a: Hawlucha|Throat Chop|p1a: Mismagius\n|-supereffective|p1a: Mismagius\n|-damage|p1a: Mismagius|0 fnt\n|faint|p1a: Mismagius\n|\n|upkeep\n|inactive|Time left: 300 sec this turn | 300 sec total | 5 sec grace\n|\n|t:|1783571383\n|switch|p1a: Bastiodon|Bastiodon, L89, M|252/252\n|turn|4\n|inactive|Time left: 300 sec this turn | 300 sec total\n|\n|t:|1783571384\n|-terastallize|p1a: Bastiodon|Fighting\n|move|p2a: Hawlucha|Close Combat|p1a: Bastiodon\n|-damage|p1a: Bastiodon|116/252\n|-unboost|p2a: Hawlucha|def|1\n|-unboost|p2a: Hawlucha|spd|1\n|-enditem|p2a: Hawlucha|White Herb\n|-clearnegativeboost|p2a: Hawlucha|[silent]\n|move|p1a: Bastiodon|Body Press|p2a: Hawlucha\n|-resisted|p2a: Hawlucha\n|-damage|p2a: Hawlucha|0 fnt\n|faint|p2a: Hawlucha\n|\n|upkeep\n|\n|t:|1783571385\n|switch|p2a: Necrozma|Necrozma-Dawn-Wings, L76|100/100\n|turn|5\n|inactive|Time left: 300 sec this turn | 300 sec total\n|\n|t:|1783571386\n|switch|p1a: Gumshoos|Gumshoos, L95, M|321/321\n|move|p2a: Necrozma|Photon Geyser|p1a: Gumshoos\n|-damage|p1a: Gumshoos|117/321\n|-damage|p2a: Necrozma|91/100|[from] item: Life Orb\n|\n|upkeep\n|turn|6\n|inactive|Time left: 300 sec this turn | 300 sec total\n|\n|t:|1783571388\n|move|p2a: Necrozma|Photon Geyser|p1a: Gumshoos\n|-damage|p1a: Gumshoos|0 fnt\n|faint|p1a: Gumshoos\n|-damage|p2a: Necrozma|81/100|[from] item: Life Orb\n|\n|upkeep\n|inactive|Time left: 300 sec this turn | 300 sec total | 5 sec grace\n|\n|t:|1783571389\n|switch|p1a: Camerupt|Camerupt, L91, F|275/275\n|turn|7\n|inactive|Time left: 300 sec this turn | 300 sec total\n|\n|t:|1783571390\n|move|p2a: Necrozma|Moongeist Beam|p1a: Camerupt\n|-damage|p1a: Camerupt|102/275\n|-damage|p2a: Necrozma|71/100|[from] item: Life Orb\n|move|p1a: Camerupt|Earthquake|p2a: Necrozma\n|-damage|p2a: Necrozma|25/100\n|\n|-heal|p1a: Camerupt|119/275|[from] item: Leftovers\n|upkeep\n|turn|8\n|inactive|Time left: 300 sec this turn | 300 sec total\n|\n|t:|1783571390\n|move|p2a: Necrozma|Photon Geyser|p1a: Camerupt\n|-damage|p1a: Camerupt|0 fnt\n|faint|p1a: Camerupt\n|-damage|p2a: Necrozma|15/100|[from] item: Life Orb\n|\n|upkeep\n|inactive|Time left: 300 sec this turn | 300 sec total | 5 sec grace\n|\n|t:|1783571391\n|switch|p1a: Virizion|Virizion, L82|283/283\n|turn|9\n|inactive|Time left: 300 sec this turn | 300 sec total\n|\n|t:|1783571392\n|switch|p2a: Mandibuzz|Mandibuzz, L85, F|100/100\n|move|p1a: Virizion|Leaf Blade|p2a: Mandibuzz\n|-resisted|p2a: Mandibuzz\n|-damage|p2a: Mandibuzz|86/100\n|-damage|p1a: Virizion|255/283|[from] item: Life Orb\n|\n|upkeep\n|turn|10\n|inactive|Time left: 300 sec this turn | 300 sec total\n|\n|t:|1783571393\n|move|p1a: Virizion|Swords Dance|p1a: Virizion\n|-boost|p1a: Virizion|atk|2\n|move|p2a: Mandibuzz|Brave Bird|p1a: Virizion\n|-supereffective|p1a: Virizion\n|-damage|p1a: Virizion|0 fnt\n|faint|p1a: Virizion\n|-damage|p2a: Mandibuzz|60/100|[from] Recoil\n|\n|upkeep\n|inactive|Time left: 300 sec this turn | 300 sec total | 5 sec grace\n|\n|t:|1783571394\n|switch|p1a: Beartic|Beartic, L91, M|321/321\n|turn|11\n|inactive|Time left: 300 sec this turn | 300 sec total\n|\n|t:|1783571395\n|move|p2a: Mandibuzz|Roost|p2a: Mandibuzz\n|-heal|p2a: Mandibuzz|100/100\n|-singleturn|p2a: Mandibuzz|move: Roost\n|move|p1a: Beartic|Icicle Crash|p2a: Mandibuzz\n|-damage|p2a: Mandibuzz|68/100\n|\n|upkeep\n|turn|12\n|inactive|Time left: 300 sec this turn | 300 sec total\n|\n|t:|1783571396\n|move|p2a: Mandibuzz|Foul Play|p1a: Beartic\n|-damage|p1a: Beartic|186/321\n|move|p1a: Beartic|Swords Dance|p1a: Beartic\n|-boost|p1a: Beartic|atk|2\n|\n|upkeep\n|turn|13\n|inactive|Time left: 300 sec this turn | 300 sec total\n|\n|t:|1783571396\n|move|p2a: Mandibuzz|Foul Play|p1a: Beartic\n|-damage|p1a: Beartic|0 fnt\n|faint|p1a: Beartic\n|\n|upkeep\n|inactive|Time left: 300 sec this turn | 300 sec total | 5 sec grace\n|\n|t:|1783571397\n|switch|p1a: Bastiodon|Bastiodon, L89, M, tera:Fighting|116/252\n|turn|14\n|inactive|Time left: 300 sec this turn | 300 sec total\n|\n|t:|1783571398\n|move|p2a: Mandibuzz|Brave Bird|p1a: Bastiodon\n|-supereffective|p1a: Bastiodon\n|-damage|p1a: Bastiodon|2/252\n|-damage|p2a: Mandibuzz|57/100|[from] Recoil\n|move|p1a: Bastiodon|Rest|p1a: Bastiodon\n|-status|p1a: Bastiodon|slp|[from] move: Rest\n|-heal|p1a: Bastiodon|252/252 slp|[silent]\n|-enditem|p1a: Bastiodon|Chesto Berry|[eat]\n|-curestatus|p1a: Bastiodon|slp|[msg]\n|\n|upkeep\n|turn|15\n|inactive|Time left: 300 sec this turn | 300 sec total\n|\n|t:|1783571399\n|move|p2a: Mandibuzz|Brave Bird|p1a: Bastiodon\n|-supereffective|p1a: Bastiodon\n|-damage|p1a: Bastiodon|142/252\n|-damage|p2a: Mandibuzz|46/100|[from] Recoil\n|move|p1a: Bastiodon|Iron Defense|p1a: Bastiodon\n|-boost|p1a: Bastiodon|def|2\n|\n|upkeep\n|turn|16\n|inactive|Time left: 300 sec this turn | 300 sec total\n|\n|t:|1783571400\n|move|p2a: Mandibuzz|Brave Bird|p1a: Bastiodon\n|-supereffective|p1a: Bastiodon\n|-damage|p1a: Bastiodon|86/252\n|-damage|p2a: Mandibuzz|40/100|[from] Recoil\n|move|p1a: Bastiodon|Foul Play|p2a: Mandibuzz\n|-resisted|p2a: Mandibuzz\n|-damage|p2a: Mandibuzz|33/100\n|\n|upkeep\n|turn|17\n|inactive|Time left: 300 sec this turn | 300 sec total\n|\n|t:|1783571401\n|move|p2a: Mandibuzz|Brave Bird|p1a: Bastiodon\n|-supereffective|p1a: Bastiodon\n|-damage|p1a: Bastiodon|24/252\n|-damage|p2a: Mandibuzz|27/100|[from] Recoil\n|move|p1a: Bastiodon|Rest|p1a: Bastiodon\n|-status|p1a: Bastiodon|slp|[from] move: Rest\n|-heal|p1a: Bastiodon|252/252 slp|[silent]\n|\n|upkeep\n|turn|18\n|inactive|Time left: 300 sec this turn | 300 sec total\n|\n|t:|1783571402\n|switch|p2a: Necrozma|Necrozma-Dawn-Wings, L76|15/100\n|cant|p1a: Bastiodon|slp\n|\n|upkeep\n|turn|19\n|inactive|Time left: 300 sec this turn | 300 sec total\n|\n|t:|1783571403\n|move|p2a: Necrozma|Photon Geyser|p1a: Bastiodon\n|-supereffective|p1a: Bastiodon\n|-damage|p1a: Bastiodon|15/252 slp\n|-damage|p2a: Necrozma|5/100|[from] item: Life Orb\n|cant|p1a: Bastiodon|slp\n|\n|upkeep\n|turn|20\n|inactive|Time left: 300 sec this turn | 300 sec total\n|\n|t:|1783571403\n|-terastallize|p2a: Necrozma|Fighting\n|move|p2a: Necrozma|Brick Break|p1a: Bastiodon\n|-damage|p1a: Bastiodon|0 fnt\n|faint|p1a: Bastiodon\n|-damage|p2a: Necrozma|0 fnt|[from] item: Life Orb\n|faint|p2a: Necrozma\n|\n|win|p0y27215060", "uploadtime": 1783571403, "views": 0, "rating": 0, "private": 0, "password": null, "_winner": "p0y27215060", "_our_name": "p0x2721ca2b"}