{"id": "battle-gen9randombattle-1292", "formatid": "gen9randombattle", "format": "[Gen 9] Random Battle", "players": ["p0x12928b84", "p0y12922c00"], "log": "|init|battle\n|title|p0x12928b84 vs. p0y12922c00\n|j|\u2606p0x12928b84\n|j|\u2606p0y12922c00\n|t:|1783555003\n|gametype|singles\n|player|p1|p0x12928b84|169|\n|player|p2|p0y12922c00|1|\n|gen|9\n|tier|[Gen 9] Random Battle\n|rule|Species Clause: Limit one of each Pok\u00e9mon\n|rule|HP Percentage Mod: HP is shown in percentages\n|rule|Sleep Clause Mod: Limit one foe put to sleep\n|rule|Illusion Level Mod: Illusion disguises the Pok\u00e9mon's true level\n|\n|t:|1783555003\n|teamsize|p1|6\n|teamsize|p2|6\n|start\n|switch|p1a: Greedent|Greedent, L86, F|347/347\n|switch|p2a: Volcanion|Volcanion, L79|100/100\n|turn|1\n|inactive|Battle timer is ON: inactive players will automatically lose when time's up. (requested by p0y12922c00)\n|inactive|Time left: 300 sec this turn | 300 sec total | 60 sec grace\n|inactive|p0x12928b84 also wants the timer to be on.\n|\n|t:|1783555004\n|move|p2a: Volcanion|Steam Eruption|p1a: Greedent\n|-damage|p1a: Greedent|203/347\n|-status|p1a: Greedent|brn\n|move|p1a: Greedent|Swords Dance|p1a: Greedent\n|-boost|p1a: Greedent|atk|2\n|\n|-damage|p1a: Greedent|182/347 brn|[from] brn\n|upkeep\n|turn|2\n|inactive|Time left: 300 sec this turn | 300 sec total\n|\n|t:|1783555006\n|move|p2a: Volcanion|Steam Eruption|p1a: Greedent\n|-damage|p1a: Greedent|44/347 brn\n|-enditem|p1a: Greedent|Sitrus Berry|[eat]\n|-heal|p1a: Greedent|130/347 brn|[from] item: Sitrus Berry\n|-heal|p1a: Greedent|245/347 brn|[from] ability: Cheek Pouch\n|move|p1a: Greedent|Earthquake|p2a: Volcanion\n|-supereffective|p2a: Volcanion\n|-damage|p2a: Volcanion|56/100\n|\n|-damage|p1a: Greedent|224/347 brn|[from] brn\n|upkeep\n|turn|3\n|inactive|Time left: 300 sec this turn | 300 sec total\n|\n|t:|1783555007\n|move|p2a: Volcanion|Steam Eruption|p1a: Greedent\n|-damage|p1a: Greedent|88/347 brn\n|move|p1a: Greedent|Double-Edge|p2a: Volcanion\n|-damage|p2a: Volcanion|17/100\n|-damage|p1a: Greedent|54/347 brn|[from] Recoil\n|\n|-damage|p1a: Greedent|33/347 brn|[from] brn\n|upkeep\n|turn|4\n|inactive|Time left: 300 sec this turn | 300 sec total\n|\n|t:|1783555007\n|switch|p1a: Baxcalibur|Baxcalibur, L75, F|296/296\n|move|p2a: Volcanion|Flamethrower|p1a: Baxcalibur\n|-damage|p1a: Baxcalibur|179/296\n|-ability|p1a: Baxcalibur|Thermal Exchange|boost\n|-boost|p1a: Baxcalibur|atk|1\n|\n|upkeep\n|turn|5\n|inactive|Time left: 300 sec this turn | 300 sec total\n|\n|t:|1783555008\n|switch|p2a: Uxie|Uxie, L83|100/100\n|move|p1a: Baxcalibur|Glaive Rush|p2a: Uxie\n|-damage|p2a: Uxie|44/100\n|-singlemove|p1a: Baxcalibur|Glaive Rush|[silent]\n|\n|-heal|p2a: Uxie|50/100|[from] item: Leftovers\n|upkeep\n|turn|6\n|inactive|Time left: 300 sec this turn | 300 sec total\n|\n|t:|1783555010\n|-terastallize|p2a: Uxie|Dark\n|move|p2a: Uxie|Knock Off|p1a: Baxcalibur\n|-damage|p1a: Baxcalibur|0 fnt\n|-enditem|p1a: Baxcalibur|Heavy-Duty Boots|[from] move: Knock Off|[of] p2a: Uxie\n|faint|p1a: Baxcalibur\n|\n|-heal|p2a: Uxie|56/100|[from] item: Leftovers\n|upkeep\n|inactive|Time left: 300 sec this turn | 300 sec total | 5 sec grace\n|\n|t:|1783555011\n|switch|p1a: Revavroom|Revavroom, L79, M|256/256\n|turn|7\n|inactive|Time left: 300 sec this turn | 300 sec total\n|\n|t:|1783555012\n|move|p2a: Uxie|Knock Off|p1a: Revavroom\n|-damage|p1a: Revavroom|165/256\n|-enditem|p1a: Revavroom|Life Orb|[from] move: Knock Off|[of] p2a: Uxie\n|move|p1a: Revavroom|Shift Gear|p1a: Revavroom\n|-boost|p1a: Revavroom|spe|2\n|-boost|p1a: Revavroom|atk|1\n|\n|-heal|p2a: Uxie|62/100|[from] item: Leftovers\n|upkeep\n|turn|8\n|inactive|Time left: 300 sec this turn | 300 sec total\n|\n|t:|1783555013\n|move|p1a: Revavroom|Gunk Shot|p2a: Uxie\n|-crit|p2a: Uxie\n|-damage|p2a: Uxie|0 fnt\n|faint|p2a: Uxie\n|\n|upkeep\n|\n|t:|1783555014\n|switch|p2a: Sableye|Sableye, L88, M|100/100\n|turn|9\n|inactive|Time left: 300 sec this turn | 300 sec total\n|\n|t:|1783555015\n|move|p2a: Sableye|Will-O-Wisp|p1a: Revavroom\n|-status|p1a: Revavroom|brn\n|move|p1a: Revavroom|Shift Gear|p1a: Revavroom\n|-boost|p1a: Revavroom|spe|2\n|-boost|p1a: Revavroom|atk|1\n|\n|-damage|p1a: Revavroom|149/256 brn|[from] brn\n|upkeep\n|turn|10\n|inactive|Time left: 300 sec this turn | 300 sec total\n|\n|t:|1783555016\n|move|p2a: Sableye|Encore|p1a: Revavroom\n|-start|p1a: Revavroom|Encore\n|move|p1a: Revavroom|Shift Gear|p1a: Revavroom\n|-boost|p1a: Revavroom|spe|2\n|-boost|p1a: Revavroom|atk|1\n|\n|-damage|p1a: Revavroom|133/256 brn|[from] brn\n|upkeep\n|turn|11\n|inactive|Time left: 300 sec this turn | 300 sec total\n|\n|t:|1783555017\n|switch|p2a: Volcanion|Volcanion, L79|17/100\n|move|p1a: Revavroom|Shift Gear|p1a: Revavroom\n|-boost|p1a: Revavroom|spe|0\n|-boost|p1a: Revavroom|atk|1\n|\n|-damage|p1a: Revavroom|117/256 brn|[from] brn\n|upkeep\n|turn|12\n|inactive|Time left: 300 sec this turn | 300 sec total\n|\n|t:|1783555018\n|move|p1a: Revavroom|Shift Gear|p1a: Revavroom\n|-boost|p1a: Revavroom|spe|0\n|-boost|p1a: Revavroom|atk|1\n|move|p2a: Volcanion|Flamethrower|p1a: Revavroom\n|-supereffective|p1a: Revavroom\n|-damage|p1a: Revavroom|0 fnt\n|faint|p1a: Revavroom\n|\n|upkeep\n|inactive|Time left: 300 sec this turn | 300 sec total | 5 sec grace\n|\n|t:|1783555019\n|switch|p1a: Articuno|Articuno-Galar, L84|288/288\n|turn|13\n|inactive|Time left: 300 sec this turn | 300 sec total\n|\n|t:|1783555020\n|switch|p2a: Empoleon|Empoleon, L84, F|100/100\n|move|p1a: Articuno|Hurricane|p2a: Empoleon|[miss]\n|-miss|p1a: Articuno|p2a: Empoleon\n|\n|upkeep\n|turn|14\n|inactive|Time left: 300 sec this turn | 300 sec total\n|\n|t:|1783555021\n|move|p1a: Articuno|Calm Mind|p1a: Articuno\n|-boost|p1a: Articuno|spa|1\n|-boost|p1a: Articuno|spd|1\n|move|p2a: Empoleon|Knock Off|p1a: Articuno\n|-supereffective|p1a: Articuno\n|-crit|p1a: Articuno\n|-damage|p1a: Articuno|94/288\n|-enditem|p1a: Articuno|Heavy-Duty Boots|[from] move: Knock Off|[of] p2a: Empoleon\n|\n|upkeep\n|turn|15\n|inactive|Time left: 300 sec this turn | 300 sec total\n|\n|t:|1783555022\n|move|p1a: Articuno|Recover|p1a: Articuno\n|-heal|p1a: Articuno|238/288\n|move|p2a: Empoleon|Yawn|p1a: Articuno\n|-start|p1a: Articuno|move: Yawn|[of] p2a: Empoleon\n|\n|upkeep\n|turn|16\n|inactive|Time left: 300 sec this turn | 300 sec total\n|\n|t:|1783555023\n|move|p1a: Articuno|Calm Mind|p1a: Articuno\n|-boost|p1a: Articuno|spa|1\n|-boost|p1a: Articuno|spd|1\n|move|p2a: Empoleon|Surf|p1a: Articuno\n|-crit|p1a: Articuno\n|-damage|p1a: Articuno|102/288\n|\n|-end|p1a: Articuno|move: Yawn|[silent]\n|-status|p1a: Articuno|slp\n|upkeep\n|turn|17\n|inactive|Time left: 300 sec this turn | 300 sec total\n|\n|t:|1783555024\n|cant|p1a: Articuno|slp\n|move|p2a: Empoleon|Knock Off|p1a: Articuno\n|-supereffective|p1a: Articuno\n|-damage|p1a: Articuno|20/288 slp\n|\n|upkeep\n|turn|18\n|inactive|Time left: 300 sec this turn | 300 sec total\n|\n|t:|1783555025\n|cant|p1a: Articuno|slp\n|move|p2a: Empoleon|Knock Off|p1a: Articuno\n|-supereffective|p1a: Articuno\n|-damage|p1a: Articuno|0 fnt\n|faint|p1a: Articuno\n|\n|upkeep\n|inactive|Time left: 300 sec this turn | 300 sec total | 5 sec grace\n|\n|t:|1783555026\n|switch|p1a: Meowscarada|Meowscarada, L78, M|247/247\n|turn|19\n|inactive|Time left: 300 sec this turn | 300 sec total\n|\n|t:|1783555027\n|move|p1a: Meowscarada|Knock Off|p2a: Empoleon\n|-start|p1a: Meowscarada|typechange|Dark|[from] ability: Protean\n|-damage|p2a: Empoleon|67/100\n|-enditem|p2a: Empoleon|Leftovers|[from] move: Knock Off|[of] p1a: Meowscarada\n|move|p2a: Empoleon|Surf|p1a: Meowscarada\n|-damage|p1a: Meowscarada|105/247\n|\n|upkeep\n|turn|20\n|inactive|Time left: 300 sec this turn | 300 sec total\n|\n|t:|1783555029\n|move|p1a: Meowscarada|U-turn|p2a: Empoleon\n|-resisted|p2a: Empoleon\n|-damage|p2a: Empoleon|57/100\n|inactive|Time left: 300 sec this turn | 300 sec total | 5 sec grace\n|\n|t:|1783555030\n|switch|p1a: Greedent|Greedent, L86, F|33/347 brn|[from] U-turn\n|move|p2a: Empoleon|Surf|p1a: Greedent\n|-damage|p1a: Greedent|0 fnt\n|faint|p1a: Greedent\n|\n|upkeep\n|inactive|Time left: 300 sec this turn | 300 sec total | 10 sec grace\n|\n|t:|1783555031\n|switch|p1a: Oricorio|Oricorio, L84, F|263/263\n|turn|21\n|inactive|Time left: 300 sec this turn | 300 sec total\n|\n|t:|1783555032\n|move|p1a: Oricorio|Quiver Dance|p1a: Oricorio\n|-boost|p1a: Oricorio|spa|1\n|-boost|p1a: Oricorio|spd|1\n|-boost|p1a: Oricorio|spe|1\n|move|p2a: Empoleon|Surf|p1a: Oricorio\n|-supereffective|p1a: Oricorio\n|-damage|p1a: Oricorio|111/263\n|\n|upkeep\n|turn|22\n|inactive|Time left: 300 sec this turn | 300 sec total\n|\n|t:|1783555033\n|-terastallize|p1a: Oricorio|Ground\n|move|p1a: Oricorio|Revelation Dance|p2a: Empoleon\n|-supereffective|p2a: Empoleon\n|-damage|p2a: Empoleon|0 fnt\n|faint|p2a: Empoleon\n|\n|upkeep\n|\n|t:|1783555034\n|switch|p2a: Sableye|Sableye, L88, M|100/100\n|turn|23\n|inactive|Time left: 300 sec this turn | 300 sec total\n|\n|t:|1783555035\n|move|p1a: Oricorio|Roost|p1a: Oricorio\n|-heal|p1a: Oricorio|243/263\n|move|p2a: Sableye|Knock Off|p1a: Oricorio\n|-damage|p1a: Oricorio|126/263\n|-enditem|p1a: Oricorio|Heavy-Duty Boots|[from] move: Knock Off|[of] p2a: Sableye\n|\n|upkeep\n|turn|24\n|inactive|Time left: 300 sec this turn | 300 sec total\n|\n|t:|1783555036\n|move|p2a: Sableye|Encore|p1a: Oricorio\n|-start|p1a: Oricorio|Encore\n|move|p1a: Oricorio|Roost|p1a: Oricorio\n|-heal|p1a: Oricorio|258/263\n|\n|upkeep\n|turn|25\n|inactive|Time left: 300 sec this turn | 300 sec total\n|\n|t:|1783555037\n|switch|p1a: Meowscarada|Meowscarada, L78, M|105/247\n|switch|p2a: Tsareena|Tsareena, L87, F|100/100\n|\n|upkeep\n|turn|26\n|inactive|Time left: 300 sec this turn | 300 sec total\n|\n|t:|1783555038\n|move|p2a: Tsareena|Triple Axel|p1a: Meowscarada\n|-supereffective|p1a: Meowscarada\n|-damage|p1a: Meowscarada|57/247\n|-supereffective|p1a: Meowscarada\n|-crit|p1a: Meowscarada\n|-damage|p1a: Meowscarada|0 fnt\n|faint|p1a: Meowscarada\n|-hitcount|p1: Meowscarada|2\n|\n|upkeep\n|inactive|Time left: 300 sec this turn | 300 sec total | 5 sec grace\n|\n|t:|1783555039\n|switch|p1a: Oricorio|Oricorio, L84, F, tera:Ground|258/263\n|turn|27\n|inactive|Time left: 300 sec this turn | 300 sec total\n|\n|t:|1783555040\n|move|p2a: Tsareena|Triple Axel|p1a: Oricorio\n|-supereffective|p1a: Oricorio\n|-damage|p1a: Oricorio|216/263\n|-supereffective|p1a: Oricorio\n|-damage|p1a: Oricorio|134/263\n|-hitcount|p1a: Oricorio|2\n|move|p1a: Oricorio|Quiver Dance|p1a: Oricorio\n|-boost|p1a: Oricorio|spa|1\n|-boost|p1a: Oricorio|spd|1\n|-boost|p1a: Oricorio|spe|1\n|\n|upkeep\n|turn|28\n|inactive|Time left: 300 sec this turn | 300 sec total\n|\n|t:|1783555041\n|move|p1a: Oricorio|Hurricane|p2a: Tsareena\n|-supereffective|p2a: Tsareena\n|-damage|p2a: Tsareena|0 fnt\n|faint|p2a: Tsareena\n|\n|upkeep\n|\n|t:|1783555042\n|switch|p2a: Volcarona|Volcarona, L77, F|100/100\n|turn|29\n|inactive|Time left: 300 sec this turn | 300 sec total\n|\n|t:|1783555044\n|move|p1a: Oricorio|Hurricane|p2a: Volcarona|[miss]\n|-miss|p1a: Oricorio|p2a: Volcarona\n|move|p2a: Volcarona|Fire Blast|p1a: Oricorio\n|-damage|p1a: Oricorio|25/263\n|\n|upkeep\n|turn|30\n|inactive|Time left: 300 sec this turn | 300 sec total\n|\n|t:|1783555045\n|move|p1a: Oricorio|Roost|p1a: Oricorio\n|-heal|p1a: Oricorio|157/263\n|move|p2a: Volcarona|Quiver Dance|p2a: Volcarona\n|-boost|p2a: Volcarona|spa|1\n|-boost|p2a: Volcarona|spd|1\n|-boost|p2a: Volcarona|spe|1\n|-activate|p1a: Oricorio|ability: Dancer\n|move|p1a: Oricorio|Quiver Dance|p1a: Oricorio|[from] ability: Dancer\n|-boost|p1a: Oricorio|spa|1\n|-boost|p1a: Oricorio|spd|1\n|-boost|p1a: Oricorio|spe|1\n|\n|upkeep\n|turn|31\n|inactive|Time left: 300 sec this turn | 300 sec total\n|\n|t:|1783555046\n|move|p1a: Oricorio|Hurricane|p2a: Volcarona\n|-supereffective|p2a: Volcarona\n|-damage|p2a: Volcarona|0 fnt\n|faint|p2a: Volcarona\n|\n|upkeep\n|\n|t:|1783555047\n|switch|p2a: Sableye|Sableye, L88, M|100/100\n|turn|32\n|inactive|Time left: 300 sec this turn | 300 sec total\n|\n|t:|1783555048\n|move|p1a: Oricorio|Revelation Dance|p2a: Sableye\n|-damage|p2a: Sableye|7/100\n|move|p2a: Sableye|Knock Off|p1a: Oricorio\n|-crit|p1a: Oricorio\n|-damage|p1a: Oricorio|45/263\n|\n|-heal|p2a: Sableye|13/100|[from] item: Leftovers\n|upkeep\n|turn|33\n|inactive|Time left: 300 sec this turn | 300 sec total\n|\n|t:|1783555048\n|move|p1a: Oricorio|Revelation Dance|p2a: Sableye\n|-damage|p2a: Sableye|0 fnt\n|faint|p2a: Sableye\n|\n|upkeep\n|\n|t:|1783555049\n|switch|p2a: Volcanion|Volcanion, L79|17/100\n|turn|34\n|inactive|Time left: 300 sec this turn | 300 sec total\n|\n|t:|1783555050\n|move|p1a: Oricorio|Revelation Dance|p2a: Volcanion\n|-supereffective|p2a: Volcanion\n|-damage|p2a: Volcanion|0 fnt\n|faint|p2a: Volcanion\n|\n|win|p0x12928b84", "uploadtime": 1783555050, "views": 0, "rating": 0, "private": 0, "password": null, "_winner": "p0x12928b84", "_our_name": "p0x12928b84"}