{"id": "battle-gen9randombattle-1783", "formatid": "gen9randombattle", "format": "[Gen 9] Random Battle", "players": ["p0x1783497e", "p0y1783423a"], "log": "|init|battle\n|title|p0x1783497e vs. p0y1783423a\n|j|\u2606p0x1783497e\n|j|\u2606p0y1783423a\n|t:|1783559893\n|gametype|singles\n|player|p1|p0x1783497e|102|\n|player|p2|p0y1783423a|1|\n|gen|9\n|tier|[Gen 9] Random Battle\n|rule|Species Clause: Limit one of each Pok\u00e9mon\n|rule|HP Percentage Mod: HP is shown in percentages\n|rule|Sleep Clause Mod: Limit one foe put to sleep\n|rule|Illusion Level Mod: Illusion disguises the Pok\u00e9mon's true level\n|\n|t:|1783559893\n|teamsize|p1|6\n|teamsize|p2|6\n|start\n|switch|p1a: Mightyena|Mightyena, L96, F|100/100\n|switch|p2a: Toxtricity|Toxtricity, L82, M|257/257\n|-ability|p1a: Mightyena|Intimidate|boost\n|-unboost|p2a: Toxtricity|atk|1\n|turn|1\n|inactive|Battle timer is ON: inactive players will automatically lose when time's up. (requested by p0y1783423a)\n|inactive|p0x1783497e also wants the timer to be on.\n|\n|t:|1783559895\n|switch|p1a: Ursaluna|Ursaluna, L79, M|100/100\n|move|p2a: Toxtricity|Boomburst|p1a: Ursaluna\n|-damage|p1a: Ursaluna|57/100\n|-enditem|p2a: Toxtricity|Throat Spray\n|-boost|p2a: Toxtricity|spa|1|[from] item: Throat Spray\n|\n|-status|p1a: Ursaluna|brn|[from] item: Flame Orb\n|upkeep\n|turn|2\n|inactive|Time left: 300 sec this turn | 300 sec total\n|\n|t:|1783559896\n|switch|p1a: Mightyena|Mightyena, L96, F|100/100\n|-ability|p1a: Mightyena|Intimidate|boost\n|-unboost|p2a: Toxtricity|atk|1\n|move|p2a: Toxtricity|Boomburst|p1a: Mightyena\n|-damage|p1a: Mightyena|46/100\n|\n|upkeep\n|turn|3\n|inactive|Time left: 300 sec this turn | 300 sec total\n|\n|t:|1783559897\n|move|p1a: Mightyena|Super Fang|p2a: Toxtricity\n|-damage|p2a: Toxtricity|129/257\n|move|p2a: Toxtricity|Boomburst|p1a: Mightyena\n|-damage|p1a: Mightyena|0 fnt\n|faint|p1a: Mightyena\n|\n|upkeep\n|\n|t:|1783559898\n|switch|p1a: Kricketune|Kricketune, L99, F|100/100\n|turn|4\n|inactive|Time left: 300 sec this turn | 300 sec total\n|\n|t:|1783559899\n|move|p1a: Kricketune|Sticky Web|p2a: Toxtricity\n|-sidestart|p2: p0y1783423a|move: Sticky Web\n|move|p2a: Toxtricity|Shift Gear|p2a: Toxtricity\n|-boost|p2a: Toxtricity|spe|2\n|-boost|p2a: Toxtricity|atk|1\n|\n|upkeep\n|turn|5\n|inactive|Time left: 300 sec this turn | 300 sec total\n|\n|t:|1783559900\n|move|p2a: Toxtricity|Overdrive|p1a: Kricketune\n|-damage|p1a: Kricketune|34/100\n|move|p1a: Kricketune|Knock Off|p2a: Toxtricity\n|-damage|p2a: Toxtricity|54/257\n|\n|upkeep\n|turn|6\n|inactive|Time left: 300 sec this turn | 300 sec total\n|\n|t:|1783559901\n|switch|p1a: Oinkologne|Oinkologne-F, L92, F|100/100\n|move|p2a: Toxtricity|Overdrive|p1a: Oinkologne\n|-damage|p1a: Oinkologne|59/100\n|\n|-heal|p1a: Oinkologne|65/100|[from] item: Leftovers\n|upkeep\n|turn|7\n|inactive|Time left: 300 sec this turn | 300 sec total\n|\n|t:|1783559902\n|-terastallize|p2a: Toxtricity|Normal\n|move|p2a: Toxtricity|Boomburst|p1a: Oinkologne\n|-damage|p1a: Oinkologne|0 fnt\n|faint|p1a: Oinkologne\n|\n|upkeep\n|\n|t:|1783559903\n|switch|p1a: Kricketune|Kricketune, L99, F|34/100\n|turn|8\n|inactive|Time left: 300 sec this turn | 300 sec total\n|\n|t:|1783559904\n|move|p2a: Toxtricity|Overdrive|p1a: Kricketune\n|-damage|p1a: Kricketune|0 fnt\n|faint|p1a: Kricketune\n|\n|upkeep\n|\n|t:|1783559905\n|switch|p1a: Pawmot|Pawmot, L80, M|100/100\n|turn|9\n|inactive|Time left: 300 sec this turn | 300 sec total\n|\n|t:|1783559906\n|move|p2a: Toxtricity|Boomburst|p1a: Pawmot\n|-damage|p1a: Pawmot|0 fnt\n|faint|p1a: Pawmot\n|\n|upkeep\n|\n|t:|1783559907\n|switch|p1a: Rotom|Rotom-Heat, L83|100/100\n|turn|10\n|inactive|Time left: 300 sec this turn | 300 sec total\n|\n|t:|1783559908\n|move|p2a: Toxtricity|Boomburst|p1a: Rotom\n|-damage|p1a: Rotom|0 fnt\n|faint|p1a: Rotom\n|\n|upkeep\n|\n|t:|1783559909\n|switch|p1a: Ursaluna|Ursaluna, L79, M|57/100 brn\n|turn|11\n|inactive|Time left: 300 sec this turn | 300 sec total\n|\n|t:|1783559910\n|move|p2a: Toxtricity|Boomburst|p1a: Ursaluna\n|-damage|p1a: Ursaluna|0 fnt\n|faint|p1a: Ursaluna\n|\n|win|p0y1783423a", "uploadtime": 1783559910, "views": 0, "rating": 0, "private": 0, "password": null, "_winner": "p0y1783423a", "_our_name": "p0y1783423a"}