{"id": "battle-gen9randombattle-558", "formatid": "gen9randombattle", "format": "[Gen 9] Random Battle", "players": ["p0x558af79", "p0y55854a6"], "log": "|init|battle\n|title|p0x558af79 vs. p0y55854a6\n|j|\u2606p0x558af79\n|j|\u2606p0y55854a6\n|t:|1783545549\n|gametype|singles\n|player|p1|p0x558af79|102|\n|player|p2|p0y55854a6|2|\n|gen|9\n|tier|[Gen 9] Random Battle\n|rule|Species Clause: Limit one of each Pok\u00e9mon\n|rule|HP Percentage Mod: HP is shown in percentages\n|rule|Sleep Clause Mod: Limit one foe put to sleep\n|rule|Illusion Level Mod: Illusion disguises the Pok\u00e9mon's true level\n|\n|t:|1783545549\n|teamsize|p1|6\n|teamsize|p2|6\n|start\n|switch|p1a: Muk|Muk-Alola, L82, F|306/306\n|switch|p2a: Dunsparce|Dunsparce, L86, M|100/100\n|turn|1\n|inactive|Battle timer is ON: inactive players will automatically lose when time's up. (requested by p0x558af79)\n|inactive|p0y55854a6 also wants the timer to be on.\n|\n|t:|1783545551\n|move|p1a: Muk|Knock Off|p2a: Dunsparce\n|-damage|p2a: Dunsparce|75/100\n|-status|p2a: Dunsparce|psn|[from] ability: Poison Touch|[of] p1a: Muk\n|-enditem|p2a: Dunsparce|Eviolite|[from] move: Knock Off|[of] p1a: Muk\n|move|p2a: Dunsparce|Body Slam|p1a: Muk\n|-damage|p1a: Muk|225/306\n|\n|-damage|p2a: Dunsparce|63/100 psn|[from] psn\n|upkeep\n|turn|2\n|inactive|Time left: 300 sec this turn | 300 sec total\n|\n|t:|1783545552\n|switch|p2a: Okidogi|Okidogi, L77, M|100/100\n|move|p1a: Muk|Drain Punch|p2a: Okidogi\n|-resisted|p2a: Okidogi\n|-damage|p2a: Okidogi|91/100\n|-heal|p1a: Muk|238/306|[from] drain|[of] p2a: Okidogi\n|\n|upkeep\n|turn|3\n|inactive|Time left: 300 sec this turn | 300 sec total\n|\n|t:|1783545553\n|move|p2a: Okidogi|Drain Punch|p1a: Muk\n|-damage|p1a: Muk|144/306\n|-heal|p2a: Okidogi|100/100|[from] drain|[of] p1a: Muk\n|move|p1a: Muk|Gunk Shot|p2a: Okidogi\n|-resisted|p2a: Okidogi\n|-damage|p2a: Okidogi|79/100\n|\n|upkeep\n|turn|4\n|inactive|Time left: 300 sec this turn | 300 sec total\n|\n|t:|1783545554\n|switch|p1a: Reuniclus|Reuniclus, L88, F|337/337\n|move|p2a: Okidogi|Drain Punch|p1a: Reuniclus\n|-resisted|p1a: Reuniclus\n|-damage|p1a: Reuniclus|289/337\n|-heal|p2a: Okidogi|88/100|[from] drain|[of] p1a: Reuniclus\n|\n|upkeep\n|turn|5\n|inactive|Time left: 300 sec this turn | 300 sec total\n|\n|t:|1783545555\n|-terastallize|p2a: Okidogi|Dark\n|move|p2a: Okidogi|Knock Off|p1a: Reuniclus\n|-supereffective|p1a: Reuniclus\n|-damage|p1a: Reuniclus|65/337\n|-status|p1a: Reuniclus|tox|[from] ability: Toxic Chain|[of] p2a: Okidogi\n|-enditem|p1a: Reuniclus|Life Orb|[from] move: Knock Off|[of] p2a: Okidogi\n|move|p1a: Reuniclus|Psychic|p2a: Okidogi\n|-immune|p2a: Okidogi\n|\n|upkeep\n|turn|6\n|inactive|Time left: 300 sec this turn | 300 sec total\n|\n|t:|1783545556\n|move|p2a: Okidogi|Knock Off|p1a: Reuniclus\n|-supereffective|p1a: Reuniclus\n|-damage|p1a: Reuniclus|0 fnt\n|faint|p1a: Reuniclus\n|\n|upkeep\n|inactive|Time left: 300 sec this turn | 300 sec total | 5 sec grace\n|\n|t:|1783545557\n|switch|p1a: Hariyama|Hariyama, L87, M|392/392\n|turn|7\n|inactive|Time left: 300 sec this turn | 300 sec total\n|\n|t:|1783545558\n|move|p2a: Okidogi|Knock Off|p1a: Hariyama\n|-resisted|p1a: Hariyama\n|-damage|p1a: Hariyama|321/392\n|-status|p1a: Hariyama|tox|[from] ability: Toxic Chain|[of] p2a: Okidogi\n|-enditem|p1a: Hariyama|Assault Vest|[from] move: Knock Off|[of] p2a: Okidogi\n|move|p1a: Hariyama|Close Combat|p2a: Okidogi\n|-supereffective|p2a: Okidogi\n|-damage|p2a: Okidogi|0 fnt\n|-unboost|p1a: Hariyama|def|1\n|-unboost|p1a: Hariyama|spd|1\n|faint|p2a: Okidogi\n|\n|-damage|p1a: Hariyama|297/392 tox|[from] psn\n|upkeep\n|\n|t:|1783545559\n|switch|p2a: Galvantula|Galvantula, L82, M|100/100\n|turn|8\n|inactive|Time left: 300 sec this turn | 300 sec total\n|\n|t:|1783545560\n|move|p2a: Galvantula|Sticky Web|p1a: Hariyama\n|-sidestart|p1: p0x558af79|move: Sticky Web\n|move|p1a: Hariyama|Knock Off|p2a: Galvantula\n|-damage|p2a: Galvantula|52/100\n|-enditem|p2a: Galvantula|Heavy-Duty Boots|[from] move: Knock Off|[of] p1a: Hariyama\n|\n|-damage|p1a: Hariyama|249/392 tox|[from] psn\n|upkeep\n|turn|9\n|inactive|Time left: 300 sec this turn | 300 sec total\n|\n|t:|1783545561\n|move|p2a: Galvantula|Thunder|p1a: Hariyama\n|-damage|p1a: Hariyama|50/392 tox\n|move|p1a: Hariyama|Headlong Rush|p2a: Galvantula\n|-damage|p2a: Galvantula|0 fnt\n|-unboost|p1a: Hariyama|def|1\n|-unboost|p1a: Hariyama|spd|1\n|faint|p2a: Galvantula\n|\n|-damage|p1a: Hariyama|0 fnt|[from] psn\n|faint|p1a: Hariyama\n|upkeep\n|inactive|Time left: 300 sec this turn | 300 sec total | 5 sec grace\n|\n|t:|1783545562\n|switch|p2a: Bruxish|Bruxish, L85, F|100/100\n|switch|p1a: Toucannon|Toucannon, L88, M|284/284\n|turn|10\n|inactive|Time left: 300 sec this turn | 300 sec total\n|\n|t:|1783545563\n|move|p2a: Bruxish|Psychic Fangs|p1a: Toucannon\n|-damage|p1a: Toucannon|43/284\n|move|p1a: Toucannon|Knock Off|p2a: Bruxish\n|-supereffective|p2a: Bruxish\n|-crit|p2a: Bruxish\n|-damage|p2a: Bruxish|0 fnt\n|-enditem|p2a: Bruxish|Choice Band|[from] move: Knock Off|[of] p1a: Toucannon\n|faint|p2a: Bruxish\n|\n|upkeep\n|\n|t:|1783545564\n|switch|p2a: Lucario|Lucario, L84, M|100/100\n|turn|11\n|inactive|Time left: 300 sec this turn | 300 sec total\n|\n|t:|1783545565\n|switch|p1a: Volcanion|Volcanion, L79|256/256\n|move|p2a: Lucario|Nasty Plot|p2a: Lucario\n|-boost|p2a: Lucario|spa|2\n|\n|upkeep\n|turn|12\n|inactive|Time left: 300 sec this turn | 300 sec total\n|\n|t:|1783545566\n|move|p2a: Lucario|Aura Sphere|p1a: Volcanion\n|-damage|p1a: Volcanion|10/256\n|-damage|p2a: Lucario|91/100|[from] item: Life Orb\n|move|p1a: Volcanion|Flamethrower|p2a: Lucario\n|-supereffective|p2a: Lucario\n|-damage|p2a: Lucario|0 fnt\n|faint|p2a: Lucario\n|\n|upkeep\n|\n|t:|1783545567\n|switch|p2a: Probopass|Probopass, L91, F|100/100\n|turn|13\n|inactive|Time left: 300 sec this turn | 300 sec total\n|\n|t:|1783545568\n|-terastallize|p1a: Volcanion|Ground\n|move|p1a: Volcanion|Earth Power|p2a: Probopass\n|-supereffective|p2a: Probopass\n|-damage|p2a: Probopass|6/100\n|move|p2a: Probopass|Power Gem|p1a: Volcanion\n|-resisted|p1a: Volcanion\n|-damage|p1a: Volcanion|0 fnt\n|faint|p1a: Volcanion\n|\n|-heal|p2a: Probopass|12/100|[from] item: Leftovers\n|upkeep\n|inactive|Time left: 300 sec this turn | 300 sec total | 5 sec grace\n|\n|t:|1783545568\n|switch|p1a: Toucannon|Toucannon, L88, M|43/284\n|turn|14\n|inactive|Time left: 300 sec this turn | 300 sec total\n|\n|t:|1783545569\n|switch|p2a: Dunsparce|Dunsparce, L86, M|63/100 psn\n|move|p1a: Toucannon|Knock Off|p2a: Dunsparce\n|-damage|p2a: Dunsparce|39/100 psn\n|\n|-damage|p2a: Dunsparce|27/100 psn|[from] psn\n|upkeep\n|turn|15\n|inactive|Time left: 300 sec this turn | 300 sec total\n|\n|t:|1783545570\n|switch|p2a: Probopass|Probopass, L91, F|12/100\n|move|p1a: Toucannon|Boomburst|p2a: Probopass\n|-resisted|p2a: Probopass\n|-damage|p2a: Probopass|4/100\n|\n|-heal|p2a: Probopass|11/100|[from] item: Leftovers\n|upkeep\n|turn|16\n|inactive|Time left: 300 sec this turn | 300 sec total\n|\n|t:|1783545571\n|move|p1a: Toucannon|Knock Off|p2a: Probopass\n|-damage|p2a: Probopass|0 fnt\n|-enditem|p2a: Probopass|Leftovers|[from] move: Knock Off|[of] p1a: Toucannon\n|faint|p2a: Probopass\n|\n|upkeep\n|\n|t:|1783545572\n|switch|p2a: Dunsparce|Dunsparce, L86, M|27/100 psn\n|turn|17\n|inactive|Time left: 300 sec this turn | 300 sec total\n|\n|t:|1783545573\n|move|p1a: Toucannon|Boomburst|p2a: Dunsparce\n|-damage|p2a: Dunsparce|0 fnt\n|faint|p2a: Dunsparce\n|\n|win|p0x558af79", "uploadtime": 1783545573, "views": 0, "rating": 0, "private": 0, "password": null, "_winner": "p0x558af79", "_our_name": "p0x558af79"}