{"id": "battle-gen9randombattle-982", "formatid": "gen9randombattle", "format": "[Gen 9] Random Battle", "players": ["p0x9824b69", "p0y982b1e5"], "log": "|init|battle\n|title|p0x9824b69 vs. p0y982b1e5\n|j|\u2606p0x9824b69\n|j|\u2606p0y982b1e5\n|t:|1783550541\n|gametype|singles\n|player|p1|p0x9824b69|101|\n|player|p2|p0y982b1e5|102|\n|gen|9\n|tier|[Gen 9] Random Battle\n|rule|Species Clause: Limit one of each Pok\u00e9mon\n|rule|HP Percentage Mod: HP is shown in percentages\n|rule|Sleep Clause Mod: Limit one foe put to sleep\n|rule|Illusion Level Mod: Illusion disguises the Pok\u00e9mon's true level\n|\n|t:|1783550541\n|teamsize|p1|6\n|teamsize|p2|6\n|start\n|switch|p1a: Lilligant|Lilligant-Hisui, L79, F|240/240\n|switch|p2a: Oranguru|Oranguru, L92, M|100/100\n|turn|1\n|inactive|Battle timer is ON: inactive players will automatically lose when time's up. (requested by p0x9824b69)\n|inactive|p0y982b1e5 also wants the timer to be on.\n|\n|t:|1783550542\n|switch|p1a: Tinkaton|Tinkaton, L82, F|274/274\n|-ability|p1a: Tinkaton|Mold Breaker\n|move|p2a: Oranguru|Psychic|p1a: Tinkaton\n|-resisted|p1a: Tinkaton\n|-damage|p1a: Tinkaton|228/274\n|\n|-heal|p1a: Tinkaton|245/274|[from] item: Leftovers\n|upkeep\n|turn|2\n|inactive|Time left: 300 sec this turn | 300 sec total\n|\n|t:|1783550544\n|move|p1a: Tinkaton|Swords Dance|p1a: Tinkaton\n|-boost|p1a: Tinkaton|atk|2\n|move|p2a: Oranguru|Nasty Plot|p2a: Oranguru\n|-boost|p2a: Oranguru|spa|2\n|\n|-heal|p1a: Tinkaton|262/274|[from] item: Leftovers\n|upkeep\n|turn|3\n|inactive|Time left: 300 sec this turn | 300 sec total\n|\n|t:|1783550545\n|-terastallize|p1a: Tinkaton|Steel\n|-terastallize|p2a: Oranguru|Electric\n|move|p1a: Tinkaton|Gigaton Hammer|p2a: Oranguru\n|-resisted|p2a: Oranguru\n|-damage|p2a: Oranguru|44/100\n|move|p2a: Oranguru|Thunderbolt|p1a: Tinkaton\n|-damage|p1a: Tinkaton|70/274\n|\n|-heal|p1a: Tinkaton|87/274|[from] item: Leftovers\n|-heal|p2a: Oranguru|50/100|[from] item: Leftovers\n|upkeep\n|turn|4\n|inactive|Time left: 300 sec this turn | 300 sec total\n|\n|t:|1783550546\n|move|p1a: Tinkaton|Protect|p1a: Tinkaton\n|-singleturn|p1a: Tinkaton|Protect\n|move|p2a: Oranguru|Psychic|p1a: Tinkaton\n|-activate|p1a: Tinkaton|move: Protect\n|\n|-heal|p1a: Tinkaton|104/274|[from] item: Leftovers\n|-heal|p2a: Oranguru|56/100|[from] item: Leftovers\n|upkeep\n|turn|5\n|inactive|Time left: 300 sec this turn | 300 sec total\n|\n|t:|1783550547\n|move|p1a: Tinkaton|Gigaton Hammer|p2a: Oranguru\n|-resisted|p2a: Oranguru\n|-damage|p2a: Oranguru|4/100\n|move|p2a: Oranguru|Thunderbolt|p1a: Tinkaton\n|-damage|p1a: Tinkaton|0 fnt\n|faint|p1a: Tinkaton\n|\n|-heal|p2a: Oranguru|10/100|[from] item: Leftovers\n|upkeep\n|inactive|Time left: 300 sec this turn | 300 sec total | 5 sec grace\n|\n|t:|1783550548\n|switch|p1a: Cramorant|Cramorant, L86, F|261/261\n|turn|6\n|inactive|Time left: 300 sec this turn | 300 sec total\n|\n|t:|1783550549\n|switch|p2a: Abomasnow|Abomasnow, L84, M|100/100\n|-weather|Snowscape|[from] ability: Snow Warning|[of] p2a: Abomasnow\n|move|p1a: Cramorant|Surf|p2a: Abomasnow\n|-formechange|p1a: Cramorant|Cramorant-Gulping|\n|-resisted|p2a: Abomasnow\n|-damage|p2a: Abomasnow|84/100\n|\n|-weather|Snowscape|[upkeep]\n|upkeep\n|turn|7\n|inactive|Time left: 300 sec this turn | 300 sec total\n|\n|t:|1783550550\n|move|p1a: Cramorant|Brave Bird|p2a: Abomasnow\n|-supereffective|p2a: Abomasnow\n|-damage|p2a: Abomasnow|21/100\n|-damage|p1a: Cramorant|202/261|[from] Recoil\n|move|p2a: Abomasnow|Aurora Veil|p2a: Abomasnow\n|-sidestart|p2: p0y982b1e5|move: Aurora Veil\n|\n|-weather|Snowscape|[upkeep]\n|upkeep\n|turn|8\n|inactive|Time left: 300 sec this turn | 300 sec total\n|\n|t:|1783550551\n|move|p1a: Cramorant|Defog|p2a: Abomasnow\n|-unboost|p2a: Abomasnow|evasion|1\n|-sideend|p2: p0y982b1e5|move: Aurora Veil\n|move|p2a: Abomasnow|Blizzard|p1a: Cramorant\n|-damage|p1a: Cramorant|90/261\n|-status|p1a: Cramorant|frz\n|-damage|p2a: Abomasnow|0 fnt|[from] ability: Gulp Missile|[of] p1a: Cramorant\n|-formechange|p1a: Cramorant|Cramorant|\n|faint|p2a: Abomasnow\n|\n|-weather|Snowscape|[upkeep]\n|upkeep\n|\n|t:|1783550552\n|switch|p2a: Komala|Komala, L87, F|100/100\n|-ability|p2a: Komala|Comatose\n|turn|9\n|inactive|Time left: 300 sec this turn | 300 sec total\n|\n|t:|1783550554\n|switch|p1a: Crabominable|Crabominable, L90, F|321/321\n|move|p2a: Komala|Rapid Spin|p1a: Crabominable\n|-damage|p1a: Crabominable|279/321\n|-boost|p2a: Komala|spe|1\n|\n|-weather|Snowscape|[upkeep]\n|upkeep\n|turn|10\n|inactive|Time left: 300 sec this turn | 300 sec total\n|\n|t:|1783550555\n|switch|p2a: Swalot|Swalot, L90, M|100/100\n|move|p1a: Crabominable|Close Combat|p2a: Swalot\n|-resisted|p2a: Swalot\n|-damage|p2a: Swalot|56/100\n|-unboost|p1a: Crabominable|def|1\n|-unboost|p1a: Crabominable|spd|1\n|\n|-weather|none\n|-heal|p2a: Swalot|62/100|[from] item: Leftovers\n|upkeep\n|turn|11\n|inactive|Time left: 300 sec this turn | 300 sec total\n|\n|t:|1783550556\n|move|p2a: Swalot|Sludge Bomb|p1a: Crabominable\n|-damage|p1a: Crabominable|135/321\n|move|p1a: Crabominable|Close Combat|p2a: Swalot\n|-resisted|p2a: Swalot\n|-damage|p2a: Swalot|18/100\n|-unboost|p1a: Crabominable|def|1\n|-unboost|p1a: Crabominable|spd|1\n|\n|-heal|p2a: Swalot|24/100|[from] item: Leftovers\n|upkeep\n|turn|12\n|inactive|Time left: 300 sec this turn | 300 sec total\n|\n|t:|1783550558\n|switch|p1a: Cramorant|Cramorant, L86, F|90/261 frz\n|move|p2a: Swalot|Sludge Bomb|p1a: Cramorant\n|-damage|p1a: Cramorant|0 fnt\n|faint|p1a: Cramorant\n|\n|-heal|p2a: Swalot|30/100|[from] item: Leftovers\n|upkeep\n|inactive|Time left: 300 sec this turn | 300 sec total | 5 sec grace\n|\n|t:|1783550559\n|switch|p1a: Crabominable|Crabominable, L90, F|135/321\n|turn|13\n|inactive|Time left: 300 sec this turn | 300 sec total\n|\n|t:|1783550560\n|move|p2a: Swalot|Sludge Bomb|p1a: Crabominable\n|-damage|p1a: Crabominable|41/321\n|move|p1a: Crabominable|Ice Hammer|p2a: Swalot\n|-damage|p2a: Swalot|0 fnt\n|-unboost|p1a: Crabominable|spe|1\n|faint|p2a: Swalot\n|\n|upkeep\n|\n|t:|1783550561\n|switch|p2a: Komala|Komala, L87, F|100/100\n|-ability|p2a: Komala|Comatose\n|turn|14\n|inactive|Time left: 300 sec this turn | 300 sec total\n|\n|t:|1783550562\n|switch|p1a: Sableye|Sableye, L88, M|231/231\n|move|p2a: Komala|Body Slam|p1a: Sableye\n|-immune|p1a: Sableye\n|\n|upkeep\n|turn|15\n|inactive|Time left: 300 sec this turn | 300 sec total\n|\n|t:|1783550563\n|move|p2a: Komala|Knock Off|p1a: Sableye\n|-damage|p1a: Sableye|141/231\n|-enditem|p1a: Sableye|Leftovers|[from] move: Knock Off|[of] p2a: Komala\n|move|p1a: Sableye|Knock Off|p2a: Komala\n|-damage|p2a: Komala|53/100\n|-enditem|p2a: Komala|Assault Vest|[from] move: Knock Off|[of] p1a: Sableye\n|\n|upkeep\n|turn|16\n|inactive|Time left: 300 sec this turn | 300 sec total\n|\n|t:|1783550564\n|move|p2a: Komala|Earthquake|p1a: Sableye\n|-damage|p1a: Sableye|41/231\n|move|p1a: Sableye|Knock Off|p2a: Komala\n|-damage|p2a: Komala|21/100\n|\n|upkeep\n|turn|17\n|inactive|Time left: 300 sec this turn | 300 sec total\n|\n|t:|1783550565\n|move|p1a: Sableye|Recover|p1a: Sableye\n|-heal|p1a: Sableye|157/231\n|move|p2a: Komala|Earthquake|p1a: Sableye\n|-damage|p1a: Sableye|64/231\n|\n|upkeep\n|turn|18\n|inactive|Time left: 300 sec this turn | 300 sec total\n|\n|t:|1783550566\n|move|p1a: Sableye|Recover|p1a: Sableye\n|-heal|p1a: Sableye|180/231\n|move|p2a: Komala|Earthquake|p1a: Sableye\n|-damage|p1a: Sableye|80/231\n|\n|upkeep\n|turn|19\n|inactive|Time left: 300 sec this turn | 300 sec total\n|\n|t:|1783550567\n|move|p1a: Sableye|Recover|p1a: Sableye\n|-heal|p1a: Sableye|196/231\n|move|p2a: Komala|Earthquake|p1a: Sableye\n|-damage|p1a: Sableye|110/231\n|\n|upkeep\n|turn|20\n|inactive|Time left: 300 sec this turn | 300 sec total\n|\n|t:|1783550568\n|move|p1a: Sableye|Recover|p1a: Sableye\n|-heal|p1a: Sableye|226/231\n|move|p2a: Komala|Earthquake|p1a: Sableye\n|-damage|p1a: Sableye|133/231\n|\n|upkeep\n|turn|21\n|inactive|Time left: 300 sec this turn | 300 sec total\n|\n|t:|1783550569\n|move|p1a: Sableye|Recover|p1a: Sableye\n|-heal|p1a: Sableye|231/231\n|move|p2a: Komala|Earthquake|p1a: Sableye\n|-damage|p1a: Sableye|132/231\n|\n|upkeep\n|turn|22\n|inactive|Time left: 300 sec this turn | 300 sec total\n|\n|t:|1783550570\n|move|p1a: Sableye|Recover|p1a: Sableye\n|-heal|p1a: Sableye|231/231\n|move|p2a: Komala|Earthquake|p1a: Sableye\n|-damage|p1a: Sableye|143/231\n|\n|upkeep\n|turn|23\n|inactive|Time left: 300 sec this turn | 300 sec total\n|\n|t:|1783550572\n|move|p2a: Komala|Earthquake|p1a: Sableye\n|-damage|p1a: Sableye|49/231\n|move|p1a: Sableye|Knock Off|p2a: Komala\n|-damage|p2a: Komala|0 fnt\n|faint|p2a: Komala\n|\n|upkeep\n|\n|t:|1783550573\n|switch|p2a: Typhlosion|Typhlosion, L84, F|100/100\n|turn|24\n|inactive|Time left: 300 sec this turn | 300 sec total\n|\n|t:|1783550574\n|move|p1a: Sableye|Thunder Wave|p2a: Typhlosion\n|-status|p2a: Typhlosion|par\n|move|p2a: Typhlosion|Eruption|p1a: Sableye\n|-damage|p1a: Sableye|0 fnt\n|faint|p1a: Sableye\n|\n|upkeep\n|inactive|Time left: 300 sec this turn | 300 sec total | 5 sec grace\n|\n|t:|1783550575\n|switch|p1a: Crabominable|Crabominable, L90, F|41/321\n|turn|25\n|inactive|Time left: 300 sec this turn | 300 sec total\n|\n|t:|1783550576\n|move|p2a: Typhlosion|Eruption|p1a: Crabominable\n|-supereffective|p1a: Crabominable\n|-damage|p1a: Crabominable|0 fnt\n|faint|p1a: Crabominable\n|\n|upkeep\n|inactive|Time left: 300 sec this turn | 300 sec total | 5 sec grace\n|\n|t:|1783550577\n|switch|p1a: Lilligant|Lilligant-Hisui, L79, F|219/219\n|turn|26\n|inactive|Time left: 300 sec this turn | 300 sec total\n|\n|t:|1783550578\n|move|p1a: Lilligant|Poltergeist|p2a: Typhlosion\n|-activate|p2a: Typhlosion|move: Poltergeist|Choice Scarf\n|-damage|p2a: Typhlosion|41/100 par\n|-damage|p1a: Lilligant|198/219|[from] item: Life Orb\n|move|p2a: Typhlosion|Eruption|p1a: Lilligant\n|-damage|p1a: Lilligant|105/219\n|replace|p1a: Zoroark|Zoroark-Hisui, L80, M\n|-end|p1a: Zoroark|Illusion\n|-hint|Illusion Level Mod is active, so this Pok\u00e9mon's true level was hidden.\n|\n|upkeep\n|turn|27\n|inactive|Time left: 300 sec this turn | 300 sec total\n|\n|t:|1783550579\n|switch|p2a: Oranguru|Oranguru, L92, M, tera:Electric|10/100\n|move|p1a: Zoroark|Poltergeist|p2a: Oranguru|[miss]\n|-miss|p1a: Zoroark|p2a: Oranguru\n|\n|-heal|p2a: Oranguru|16/100|[from] item: Leftovers\n|upkeep\n|turn|28\n|inactive|Time left: 300 sec this turn | 300 sec total\n|\n|t:|1783550580\n|move|p1a: Zoroark|Poltergeist|p2a: Oranguru\n|-activate|p2a: Oranguru|move: Poltergeist|Leftovers\n|-damage|p2a: Oranguru|0 fnt\n|faint|p2a: Oranguru\n|-damage|p1a: Zoroark|84/219|[from] item: Life Orb\n|\n|upkeep\n|\n|t:|1783550581\n|switch|p2a: Glalie|Glalie, L96, M|100/100\n|turn|29\n|inactive|Time left: 300 sec this turn | 300 sec total\n|\n|t:|1783550582\n|move|p1a: Zoroark|Focus Blast|p2a: Glalie\n|-supereffective|p2a: Glalie\n|-damage|p2a: Glalie|30/100\n|-damage|p1a: Zoroark|63/219|[from] item: Life Orb\n|move|p2a: Glalie|Earthquake|p1a: Zoroark\n|-damage|p1a: Zoroark|0 fnt\n|faint|p1a: Zoroark\n|\n|upkeep\n|inactive|Time left: 300 sec this turn | 300 sec total | 5 sec grace\n|\n|t:|1783550583\n|switch|p1a: Lilligant|Lilligant-Hisui, L79, F|240/240\n|turn|30\n|inactive|Time left: 300 sec this turn | 300 sec total\n|\n|t:|1783550584\n|move|p1a: Lilligant|Close Combat|p2a: Glalie\n|-supereffective|p2a: Glalie\n|-damage|p2a: Glalie|0 fnt\n|-unboost|p1a: Lilligant|def|1\n|-unboost|p1a: Lilligant|spd|1\n|faint|p2a: Glalie\n|\n|upkeep\n|\n|t:|1783550585\n|switch|p2a: Typhlosion|Typhlosion, L84, F|41/100 par\n|turn|31\n|inactive|Time left: 300 sec this turn | 300 sec total\n|\n|t:|1783550586\n|move|p1a: Lilligant|Close Combat|p2a: Typhlosion\n|-crit|p2a: Typhlosion\n|-damage|p2a: Typhlosion|0 fnt\n|-unboost|p1a: Lilligant|def|1\n|-unboost|p1a: Lilligant|spd|1\n|faint|p2a: Typhlosion\n|\n|win|p0x9824b69", "uploadtime": 1783550586, "views": 0, "rating": 0, "private": 0, "password": null, "_winner": "p0x9824b69", "_our_name": "p0x9824b69"}