{"id": "battle-gen9randombattle-2751", "formatid": "gen9randombattle", "format": "[Gen 9] Random Battle", "players": ["p0x27512909", "p0y275198b9"], "log": "|init|battle\n|title|p0x27512909 vs. p0y275198b9\n|j|\u2606p0x27512909\n|j|\u2606p0y275198b9\n|t:|1783570702\n|gametype|singles\n|player|p1|p0x27512909|102|\n|player|p2|p0y275198b9|266|\n|gen|9\n|tier|[Gen 9] Random Battle\n|rule|Species Clause: Limit one of each Pok\u00e9mon\n|rule|HP Percentage Mod: HP is shown in percentages\n|rule|Sleep Clause Mod: Limit one foe put to sleep\n|rule|Illusion Level Mod: Illusion disguises the Pok\u00e9mon's true level\n|\n|t:|1783570703\n|teamsize|p1|6\n|teamsize|p2|6\n|start\n|switch|p1a: Incineroar|Incineroar, L82, M|290/290\n|switch|p2a: Hitmonlee|Hitmonlee, L85, M|100/100\n|-ability|p1a: Incineroar|Intimidate|boost\n|-unboost|p2a: Hitmonlee|atk|1\n|turn|1\n|inactive|Battle timer is ON: inactive players will automatically lose when time's up. (requested by p0y275198b9)\n|inactive|Time left: 300 sec this turn | 300 sec total | 60 sec grace\n|\n|t:|1783570704\n|move|p2a: Hitmonlee|High Jump Kick|p1a: Incineroar\n|-supereffective|p1a: Incineroar\n|-damage|p1a: Incineroar|0 fnt\n|faint|p1a: Incineroar\n|\n|upkeep\n|inactive|Time left: 300 sec this turn | 300 sec total | 65 sec grace\n|inactive|p0x27512909 also wants the timer to be on.\n|\n|t:|1783570705\n|switch|p1a: Spectrier|Spectrier, L75|274/274\n|turn|2\n|inactive|Time left: 300 sec this turn | 300 sec total\n|\n|t:|1783570706\n|switch|p2a: Clawitzer|Clawitzer, L87, M|100/100\n|move|p1a: Spectrier|Nasty Plot|p1a: Spectrier\n|-boost|p1a: Spectrier|spa|2\n|\n|upkeep\n|turn|3\n|inactive|Time left: 300 sec this turn | 300 sec total\n|\n|t:|1783570707\n|-terastallize|p2a: Clawitzer|Dragon\n|move|p1a: Spectrier|Shadow Ball|p2a: Clawitzer\n|-damage|p2a: Clawitzer|33/100\n|move|p2a: Clawitzer|Dragon Pulse|p1a: Spectrier\n|-damage|p1a: Spectrier|0 fnt\n|faint|p1a: Spectrier\n|\n|upkeep\n|inactive|Time left: 300 sec this turn | 300 sec total | 5 sec grace\n|\n|t:|1783570708\n|switch|p1a: Emboar|Emboar, L84, F|322/322\n|turn|4\n|inactive|Time left: 300 sec this turn | 300 sec total\n|\n|t:|1783570709\n|move|p1a: Emboar|Flare Blitz|p2a: Clawitzer\n|-resisted|p2a: Clawitzer\n|-damage|p2a: Clawitzer|1/100\n|-damage|p1a: Emboar|294/322|[from] Recoil\n|move|p2a: Clawitzer|Dragon Pulse|p1a: Emboar\n|-damage|p1a: Emboar|0 fnt\n|faint|p1a: Emboar\n|\n|upkeep\n|inactive|Time left: 300 sec this turn | 300 sec total | 5 sec grace\n|\n|t:|1783570710\n|switch|p1a: Ludicolo|Ludicolo, L90, M|290/290\n|turn|5\n|inactive|Time left: 300 sec this turn | 300 sec total\n|\n|t:|1783570711\n|switch|p2a: Wo-Chien|Wo-Chien, L83|100/100\n|-ability|p2a: Wo-Chien|Tablets of Ruin\n|move|p1a: Ludicolo|Hydro Pump|p2a: Wo-Chien\n|-resisted|p2a: Wo-Chien\n|-damage|p2a: Wo-Chien|77/100\n|-damage|p1a: Ludicolo|261/290|[from] item: Life Orb\n|\n|-heal|p2a: Wo-Chien|84/100|[from] item: Leftovers\n|upkeep\n|turn|6\n|inactive|Time left: 300 sec this turn | 300 sec total\n|\n|t:|1783570712\n|move|p1a: Ludicolo|Ice Beam|p2a: Wo-Chien\n|-supereffective|p2a: Wo-Chien\n|-damage|p2a: Wo-Chien|34/100\n|-damage|p1a: Ludicolo|232/290|[from] item: Life Orb\n|move|p2a: Wo-Chien|Knock Off|p1a: Ludicolo\n|-damage|p1a: Ludicolo|130/290\n|-enditem|p1a: Ludicolo|Life Orb|[from] move: Knock Off|[of] p2a: Wo-Chien\n|\n|-heal|p2a: Wo-Chien|40/100|[from] item: Leftovers\n|upkeep\n|turn|7\n|inactive|Time left: 300 sec this turn | 300 sec total\n|\n|t:|1783570714\n|move|p1a: Ludicolo|Ice Beam|p2a: Wo-Chien\n|-supereffective|p2a: Wo-Chien\n|-damage|p2a: Wo-Chien|5/100\n|move|p2a: Wo-Chien|Giga Drain|p1a: Ludicolo\n|-damage|p1a: Ludicolo|66/290\n|-heal|p2a: Wo-Chien|17/100|[from] drain|[of] p1a: Ludicolo\n|\n|-heal|p2a: Wo-Chien|23/100|[from] item: Leftovers\n|upkeep\n|turn|8\n|inactive|Time left: 300 sec this turn | 300 sec total\n|\n|t:|1783570715\n|move|p1a: Ludicolo|Ice Beam|p2a: Wo-Chien\n|-supereffective|p2a: Wo-Chien\n|-damage|p2a: Wo-Chien|0 fnt\n|faint|p2a: Wo-Chien\n|\n|upkeep\n|\n|t:|1783570716\n|switch|p2a: Chandelure|Chandelure, L83, M|100/100\n|turn|9\n|inactive|Time left: 300 sec this turn | 300 sec total\n|\n|t:|1783570717\n|move|p2a: Chandelure|Shadow Ball|p1a: Ludicolo\n|-crit|p1a: Ludicolo\n|-damage|p1a: Ludicolo|0 fnt\n|faint|p1a: Ludicolo\n|\n|upkeep\n|inactive|Time left: 300 sec this turn | 300 sec total | 5 sec grace\n|\n|t:|1783570718\n|switch|p1a: Maushold|Maushold, L76|238/238\n|turn|10\n|inactive|Time left: 300 sec this turn | 300 sec total\n|\n|t:|1783570719\n|move|p1a: Maushold|Tidy Up|p1a: Maushold\n|-boost|p1a: Maushold|atk|1\n|-boost|p1a: Maushold|spe|1\n|move|p2a: Chandelure|Fire Blast|p1a: Maushold\n|-damage|p1a: Maushold|45/238\n|\n|upkeep\n|turn|11\n|inactive|Time left: 300 sec this turn | 300 sec total\n|\n|t:|1783570720\n|move|p1a: Maushold|Bite|p2a: Chandelure\n|-supereffective|p2a: Chandelure\n|-damage|p2a: Chandelure|43/100\n|move|p2a: Chandelure|Fire Blast|p1a: Maushold\n|-damage|p1a: Maushold|0 fnt\n|faint|p1a: Maushold\n|\n|upkeep\n|inactive|Time left: 300 sec this turn | 300 sec total | 5 sec grace\n|\n|t:|1783570720\n|switch|p1a: Deoxys|Deoxys, L74|196/196\n|-ability|p1a: Deoxys|Pressure\n|turn|12\n|inactive|Time left: 300 sec this turn | 300 sec total\n|\n|t:|1783570721\n|-terastallize|p1a: Deoxys|Psychic\n|move|p1a: Deoxys|Knock Off|p2a: Chandelure\n|-supereffective|p2a: Chandelure\n|-damage|p2a: Chandelure|0 fnt\n|-enditem|p2a: Chandelure|Heavy-Duty Boots|[from] move: Knock Off|[of] p1a: Deoxys\n|faint|p2a: Chandelure\n|-damage|p1a: Deoxys|177/196|[from] item: Life Orb\n|\n|upkeep\n|\n|t:|1783570722\n|switch|p2a: Phione|Phione, L91|100/100\n|turn|13\n|inactive|Time left: 300 sec this turn | 300 sec total\n|\n|t:|1783570722\n|move|p1a: Deoxys|Psycho Boost|p2a: Phione\n|-damage|p2a: Phione|5/100\n|-unboost|p1a: Deoxys|spa|2\n|-damage|p1a: Deoxys|158/196|[from] item: Life Orb\n|move|p2a: Phione|Scald|p1a: Deoxys\n|-damage|p1a: Deoxys|14/196\n|\n|-heal|p2a: Phione|11/100|[from] item: Leftovers\n|upkeep\n|turn|14\n|inactive|Time left: 300 sec this turn | 300 sec total\n|\n|t:|1783570723\n|switch|p2a: Arceus|Arceus-Fighting, L70|100/100\n|move|p1a: Deoxys|Superpower|p2a: Arceus\n|-damage|p2a: Arceus|60/100\n|-unboost|p1a: Deoxys|atk|1\n|-unboost|p1a: Deoxys|def|1\n|-damage|p1a: Deoxys|0 fnt|[from] item: Life Orb\n|faint|p1a: Deoxys\n|\n|win|p0y275198b9", "uploadtime": 1783570723, "views": 0, "rating": 0, "private": 0, "password": null, "_winner": "p0y275198b9", "_our_name": "p0x27512909"}