{"id": "battle-gen9randombattle-1862", "formatid": "gen9randombattle", "format": "[Gen 9] Random Battle", "players": ["p0x1862df29", "p0y1862f3e6"], "log": "|init|battle\n|title|p0x1862df29 vs. p0y1862f3e6\n|j|\u2606p0x1862df29\n|j|\u2606p0y1862f3e6\n|t:|1783560833\n|gametype|singles\n|player|p1|p0x1862df29|2|\n|player|p2|p0y1862f3e6|169|\n|gen|9\n|tier|[Gen 9] Random Battle\n|rule|Species Clause: Limit one of each Pok\u00e9mon\n|rule|HP Percentage Mod: HP is shown in percentages\n|rule|Sleep Clause Mod: Limit one foe put to sleep\n|rule|Illusion Level Mod: Illusion disguises the Pok\u00e9mon's true level\n|\n|t:|1783560833\n|teamsize|p1|6\n|teamsize|p2|6\n|start\n|switch|p1a: Cryogonal|Cryogonal, L89|100/100\n|switch|p2a: Snorlax|Snorlax, L82, F|397/397\n|turn|1\n|inactive|Battle timer is ON: inactive players will automatically lose when time's up. (requested by p0y1862f3e6)\n|inactive|p0x1862df29 also wants the timer to be on.\n|\n|t:|1783560834\n|switch|p1a: Banette|Banette, L93, F|100/100\n|move|p2a: Snorlax|Body Slam|p1a: Banette\n|-immune|p1a: Banette\n|\n|upkeep\n|turn|2\n|inactive|Time left: 300 sec this turn | 300 sec total\n|\n|t:|1783560835\n|switch|p2a: Staraptor|Staraptor, L79, M|263/263\n|move|p1a: Banette|Swords Dance|p1a: Banette\n|-boost|p1a: Banette|atk|2\n|\n|upkeep\n|turn|3\n|inactive|Time left: 300 sec this turn | 300 sec total\n|\n|t:|1783560836\n|move|p2a: Staraptor|Brave Bird|p1a: Banette\n|-damage|p1a: Banette|0 fnt\n|faint|p1a: Banette\n|-damage|p2a: Staraptor|174/263|[from] Recoil\n|\n|upkeep\n|\n|t:|1783560837\n|switch|p1a: Coalossal|Coalossal, L89, M|100/100\n|turn|4\n|inactive|Time left: 300 sec this turn | 300 sec total\n|\n|t:|1783560838\n|move|p2a: Staraptor|Brave Bird|p1a: Coalossal\n|-resisted|p1a: Coalossal\n|-damage|p1a: Coalossal|75/100\n|-status|p2a: Staraptor|brn|[from] ability: Flame Body|[of] p1a: Coalossal\n|-damage|p2a: Staraptor|146/263 brn|[from] Recoil\n|move|p1a: Coalossal|Spikes|p2a: Staraptor\n|-sidestart|p2: p0y1862f3e6|Spikes\n|\n|-damage|p2a: Staraptor|130/263 brn|[from] brn\n|upkeep\n|turn|5\n|inactive|Time left: 300 sec this turn | 300 sec total\n|\n|t:|1783560839\n|move|p2a: Staraptor|Brave Bird|p1a: Coalossal\n|-resisted|p1a: Coalossal\n|-damage|p1a: Coalossal|62/100\n|-damage|p2a: Staraptor|115/263 brn|[from] Recoil\n|move|p1a: Coalossal|Spikes|p2a: Staraptor\n|-sidestart|p2: p0y1862f3e6|Spikes\n|\n|-damage|p2a: Staraptor|99/263 brn|[from] brn\n|upkeep\n|turn|6\n|inactive|Time left: 300 sec this turn | 300 sec total\n|\n|t:|1783560840\n|move|p2a: Staraptor|Brave Bird|p1a: Coalossal\n|-resisted|p1a: Coalossal\n|-damage|p1a: Coalossal|48/100\n|-damage|p2a: Staraptor|84/263 brn|[from] Recoil\n|move|p1a: Coalossal|Stone Edge|p2a: Staraptor\n|-supereffective|p2a: Staraptor\n|-damage|p2a: Staraptor|0 fnt\n|faint|p2a: Staraptor\n|\n|upkeep\n|inactive|Time left: 300 sec this turn | 300 sec total | 5 sec grace\n|\n|t:|1783560841\n|switch|p2a: Dragonite|Dragonite, L74, M|257/257\n|turn|7\n|inactive|Time left: 300 sec this turn | 300 sec total\n|\n|t:|1783560842\n|move|p2a: Dragonite|Dragon Dance|p2a: Dragonite\n|-boost|p2a: Dragonite|atk|1\n|-boost|p2a: Dragonite|spe|1\n|move|p1a: Coalossal|Will-O-Wisp|p2a: Dragonite\n|-status|p2a: Dragonite|brn\n|\n|-damage|p2a: Dragonite|241/257 brn|[from] brn\n|upkeep\n|turn|8\n|inactive|Time left: 300 sec this turn | 300 sec total\n|\n|t:|1783560843\n|switch|p1a: Overqwil|Overqwil, L82, M|100/100\n|-ability|p1a: Overqwil|Intimidate|boost\n|-unboost|p2a: Dragonite|atk|1\n|move|p2a: Dragonite|Outrage|p1a: Overqwil\n|-damage|p1a: Overqwil|76/100\n|\n|-damage|p2a: Dragonite|225/257 brn|[from] brn\n|upkeep\n|turn|9\n|inactive|Time left: 300 sec this turn | 300 sec total\n|\n|t:|1783560844\n|move|p2a: Dragonite|Outrage|p1a: Overqwil|[from] lockedmove\n|-damage|p1a: Overqwil|55/100\n|move|p1a: Overqwil|Swords Dance|p1a: Overqwil\n|-boost|p1a: Overqwil|atk|2\n|\n|-damage|p2a: Dragonite|209/257 brn|[from] brn\n|upkeep\n|turn|10\n|inactive|Time left: 300 sec this turn | 300 sec total\n|\n|t:|1783560845\n|move|p2a: Dragonite|Outrage|p1a: Overqwil|[from] lockedmove\n|-damage|p1a: Overqwil|33/100\n|-start|p2a: Dragonite|confusion|[fatigue]\n|move|p1a: Overqwil|Scale Shot|p2a: Dragonite|[miss]\n|-miss|p1a: Overqwil|p2a: Dragonite\n|\n|-damage|p2a: Dragonite|193/257 brn|[from] brn\n|upkeep\n|turn|11\n|inactive|Time left: 300 sec this turn | 300 sec total\n|\n|t:|1783560846\n|-activate|p2a: Dragonite|confusion\n|move|p2a: Dragonite|Outrage|p1a: Overqwil\n|-damage|p1a: Overqwil|11/100\n|move|p1a: Overqwil|Scale Shot|p2a: Dragonite\n|-supereffective|p2a: Dragonite\n|-damage|p2a: Dragonite|105/257 brn\n|-supereffective|p2a: Dragonite\n|-damage|p2a: Dragonite|21/257 brn\n|-supereffective|p2a: Dragonite\n|-damage|p2a: Dragonite|0 fnt\n|faint|p2a: Dragonite\n|-hitcount|p2: Dragonite|3\n|-unboost|p1a: Overqwil|def|1\n|-boost|p1a: Overqwil|spe|1\n|\n|upkeep\n|inactive|Time left: 300 sec this turn | 300 sec total | 5 sec grace\n|\n|t:|1783560847\n|switch|p2a: Snorlax|Snorlax, L82, F|397/397\n|-damage|p2a: Snorlax|331/397|[from] Spikes\n|turn|12\n|inactive|Time left: 300 sec this turn | 300 sec total\n|\n|t:|1783560848\n|-terastallize|p2a: Snorlax|Poison\n|move|p1a: Overqwil|Gunk Shot|p2a: Snorlax\n|-resisted|p2a: Snorlax\n|-damage|p2a: Snorlax|142/397\n|move|p2a: Snorlax|Body Slam|p1a: Overqwil\n|-damage|p1a: Overqwil|0 fnt\n|faint|p1a: Overqwil\n|\n|-heal|p2a: Snorlax|166/397|[from] item: Leftovers\n|upkeep\n|\n|t:|1783560849\n|switch|p1a: Rayquaza|Rayquaza, L72|100/100\n|-ability|p1a: Rayquaza|Air Lock\n|turn|13\n|inactive|Time left: 300 sec this turn | 300 sec total\n|\n|t:|1783560850\n|move|p1a: Rayquaza|Earthquake|p2a: Snorlax\n|-supereffective|p2a: Snorlax\n|-damage|p2a: Snorlax|0 fnt\n|faint|p2a: Snorlax\n|\n|upkeep\n|inactive|Time left: 300 sec this turn | 300 sec total | 5 sec grace\n|\n|t:|1783560851\n|switch|p2a: Palkia|Palkia-Origin, L72|249/249\n|-damage|p2a: Palkia|208/249|[from] Spikes\n|-ability|p2a: Palkia|Pressure\n|turn|14\n|inactive|Time left: 300 sec this turn | 300 sec total\n|\n|t:|1783560852\n|switch|p1a: Cryogonal|Cryogonal, L89|100/100\n|move|p2a: Palkia|Draco Meteor|p1a: Cryogonal\n|-damage|p1a: Cryogonal|63/100\n|-unboost|p2a: Palkia|spa|2\n|\n|upkeep\n|turn|15\n|inactive|Time left: 300 sec this turn | 300 sec total\n|\n|t:|1783560853\n|switch|p2a: Infernape|Infernape, L82, M|259/259\n|-damage|p2a: Infernape|216/259|[from] Spikes\n|move|p1a: Cryogonal|Ice Beam|p2a: Infernape\n|-resisted|p2a: Infernape\n|-damage|p2a: Infernape|149/259\n|\n|upkeep\n|turn|16\n|inactive|Time left: 300 sec this turn | 300 sec total\n|\n|t:|1783560854\n|switch|p1a: Rayquaza|Rayquaza, L72|100/100\n|-ability|p1a: Rayquaza|Air Lock\n|move|p2a: Infernape|Close Combat|p1a: Rayquaza\n|-resisted|p1a: Rayquaza\n|-damage|p1a: Rayquaza|63/100\n|-unboost|p2a: Infernape|def|1\n|-unboost|p2a: Infernape|spd|1\n|\n|upkeep\n|turn|17\n|inactive|Time left: 300 sec this turn | 300 sec total\n|\n|t:|1783560855\n|move|p2a: Infernape|Close Combat|p1a: Rayquaza\n|-resisted|p1a: Rayquaza\n|-damage|p1a: Rayquaza|19/100\n|-unboost|p2a: Infernape|def|1\n|-unboost|p2a: Infernape|spd|1\n|move|p1a: Rayquaza|Swords Dance|p1a: Rayquaza\n|-boost|p1a: Rayquaza|atk|2\n|\n|upkeep\n|turn|18\n|inactive|Time left: 300 sec this turn | 300 sec total\n|\n|t:|1783560856\n|move|p1a: Rayquaza|Extreme Speed|p2a: Infernape\n|-damage|p2a: Infernape|0 fnt\n|faint|p2a: Infernape\n|\n|upkeep\n|inactive|Time left: 300 sec this turn | 300 sec total | 5 sec grace\n|\n|t:|1783560857\n|switch|p2a: Pachirisu|Pachirisu, L96, F|271/271\n|turn|19\n|inactive|Time left: 300 sec this turn | 300 sec total\n|\n|t:|1783560858\n|-terastallize|p1a: Rayquaza|Normal\n|move|p1a: Rayquaza|Extreme Speed|p2a: Pachirisu\n|-damage|p2a: Pachirisu|102/271\n|move|p2a: Pachirisu|Discharge|p1a: Rayquaza\n|-damage|p1a: Rayquaza|0 fnt\n|faint|p1a: Rayquaza\n|\n|upkeep\n|\n|t:|1783560859\n|switch|p1a: Cryogonal|Cryogonal, L89|63/100\n|turn|20\n|inactive|Time left: 300 sec this turn | 300 sec total\n|\n|t:|1783560860\n|move|p1a: Cryogonal|Ice Beam|p2a: Pachirisu\n|-damage|p2a: Pachirisu|12/271\n|move|p2a: Pachirisu|Super Fang|p1a: Cryogonal\n|-damage|p1a: Cryogonal|32/100\n|\n|upkeep\n|turn|21\n|inactive|Time left: 300 sec this turn | 300 sec total\n|\n|t:|1783560861\n|move|p1a: Cryogonal|Rapid Spin|p2a: Pachirisu\n|-damage|p2a: Pachirisu|0 fnt\n|-boost|p1a: Cryogonal|spe|1\n|faint|p2a: Pachirisu\n|\n|upkeep\n|inactive|Time left: 300 sec this turn | 300 sec total | 5 sec grace\n|\n|t:|1783560862\n|switch|p2a: Palkia|Palkia-Origin, L72|208/249\n|-damage|p2a: Palkia|167/249|[from] Spikes\n|-ability|p2a: Palkia|Pressure\n|turn|22\n|inactive|Time left: 300 sec this turn | 300 sec total\n|\n|t:|1783560863\n|move|p1a: Cryogonal|Recover|p1a: Cryogonal\n|-heal|p1a: Cryogonal|82/100\n|move|p2a: Palkia|Thunder Wave|p1a: Cryogonal\n|-status|p1a: Cryogonal|par\n|\n|upkeep\n|turn|23\n|inactive|Time left: 300 sec this turn | 300 sec total\n|\n|t:|1783560864\n|move|p2a: Palkia|Fire Blast|p1a: Cryogonal\n|-supereffective|p1a: Cryogonal\n|-damage|p1a: Cryogonal|45/100 par\n|move|p1a: Cryogonal|Ice Beam|p2a: Palkia\n|-damage|p2a: Palkia|73/249\n|\n|upkeep\n|turn|24\n|inactive|Time left: 300 sec this turn | 300 sec total\n|\n|t:|1783560864\n|move|p2a: Palkia|Hydro Pump|p1a: Cryogonal\n|-damage|p1a: Cryogonal|12/100 par\n|cant|p1a: Cryogonal|par\n|\n|upkeep\n|turn|25\n|inactive|Time left: 300 sec this turn | 300 sec total\n|\n|t:|1783560865\n|move|p2a: Palkia|Fire Blast|p1a: Cryogonal\n|-supereffective|p1a: Cryogonal\n|-damage|p1a: Cryogonal|0 fnt\n|faint|p1a: Cryogonal\n|\n|upkeep\n|\n|t:|1783560866\n|switch|p1a: Sableye|Sableye, L88, F|100/100\n|turn|26\n|inactive|Time left: 300 sec this turn | 300 sec total\n|\n|t:|1783560867\n|move|p2a: Palkia|Hydro Pump|p1a: Sableye\n|-damage|p1a: Sableye|25/100\n|move|p1a: Sableye|Knock Off|p2a: Palkia\n|-damage|p2a: Palkia|3/249\n|\n|-heal|p1a: Sableye|31/100|[from] item: Leftovers\n|upkeep\n|turn|27\n|inactive|Time left: 300 sec this turn | 300 sec total\n|\n|t:|1783560868\n|move|p1a: Sableye|Will-O-Wisp|p2a: Palkia\n|-status|p2a: Palkia|brn\n|move|p2a: Palkia|Draco Meteor|p1a: Sableye\n|-damage|p1a: Sableye|0 fnt\n|-unboost|p2a: Palkia|spa|2\n|faint|p1a: Sableye\n|\n|-damage|p2a: Palkia|0 fnt|[from] brn\n|faint|p2a: Palkia\n|\n|win|p0x1862df29", "uploadtime": 1783560868, "views": 0, "rating": 0, "private": 0, "password": null, "_winner": "p0x1862df29", "_our_name": "p0y1862f3e6"}