{"id": "battle-gen9randombattle-2603", "formatid": "gen9randombattle", "format": "[Gen 9] Random Battle", "players": ["p0x260302e4", "p0y26033f21"], "log": "|init|battle\n|title|p0x260302e4 vs. p0y26033f21\n|j|\u2606p0x260302e4\n|j|\u2606p0y26033f21\n|t:|1783570045\n|gametype|singles\n|player|p1|p0x260302e4|170|\n|player|p2|p0y26033f21|170|\n|gen|9\n|tier|[Gen 9] Random Battle\n|rule|Species Clause: Limit one of each Pok\u00e9mon\n|rule|HP Percentage Mod: HP is shown in percentages\n|rule|Sleep Clause Mod: Limit one foe put to sleep\n|rule|Illusion Level Mod: Illusion disguises the Pok\u00e9mon's true level\n|\n|t:|1783570045\n|teamsize|p1|6\n|teamsize|p2|6\n|start\n|switch|p1a: Pecharunt|Pecharunt, L77|100/100\n|switch|p2a: Camerupt|Camerupt, L91, F|275/275\n|turn|1\n|inactive|Battle timer is ON: inactive players will automatically lose when time's up. (requested by p0y26033f21)\n|inactive|p0x260302e4 also wants the timer to be on.\n|\n|t:|1783570047\n|move|p1a: Pecharunt|Parting Shot|p2a: Camerupt\n|-unboost|p2a: Camerupt|atk|1\n|-unboost|p2a: Camerupt|spa|1\n|\n|t:|1783570048\n|switch|p1a: Ninetales|Ninetales-Alola, L78, M|100/100|[from] Parting Shot\n|-weather|Snowscape|[from] ability: Snow Warning|[of] p1a: Ninetales\n|move|p2a: Camerupt|Stealth Rock|p1a: Ninetales\n|-sidestart|p1: p0x260302e4|move: Stealth Rock\n|\n|-weather|Snowscape|[upkeep]\n|upkeep\n|turn|2\n|inactive|Time left: 300 sec this turn | 300 sec total\n|\n|t:|1783570049\n|switch|p2a: Grimmsnarl|Grimmsnarl, L83, M|293/293\n|move|p1a: Ninetales|Aurora Veil|p1a: Ninetales\n|-sidestart|p1: p0x260302e4|move: Aurora Veil\n|\n|-weather|Snowscape|[upkeep]\n|upkeep\n|turn|3\n|inactive|Time left: 300 sec this turn | 300 sec total\n|\n|t:|1783570050\n|switch|p1a: Chien-Pao|Chien-Pao, L72|100/100\n|-ability|p1a: Chien-Pao|Sword of Ruin\n|move|p2a: Grimmsnarl|Light Screen|p2a: Grimmsnarl\n|-sidestart|p2: p0y26033f21|move: Light Screen\n|\n|-weather|Snowscape|[upkeep]\n|upkeep\n|turn|4\n|inactive|Time left: 300 sec this turn | 300 sec total\n|\n|t:|1783570052\n|move|p1a: Chien-Pao|Swords Dance|p1a: Chien-Pao\n|-boost|p1a: Chien-Pao|atk|2\n|move|p2a: Grimmsnarl|Spirit Break|p1a: Chien-Pao\n|-supereffective|p1a: Chien-Pao\n|-damage|p1a: Chien-Pao|68/100\n|-unboost|p1a: Chien-Pao|spa|1\n|\n|-weather|Snowscape|[upkeep]\n|upkeep\n|turn|5\n|inactive|Time left: 300 sec this turn | 300 sec total\n|\n|t:|1783570053\n|move|p1a: Chien-Pao|Icicle Crash|p2a: Grimmsnarl\n|-damage|p2a: Grimmsnarl|34/293\n|move|p2a: Grimmsnarl|Spirit Break|p1a: Chien-Pao\n|-supereffective|p1a: Chien-Pao\n|-damage|p1a: Chien-Pao|34/100\n|-unboost|p1a: Chien-Pao|spa|1\n|\n|-weather|none\n|upkeep\n|turn|6\n|inactive|Time left: 300 sec this turn | 300 sec total\n|\n|t:|1783570054\n|move|p2a: Grimmsnarl|Reflect|p2a: Grimmsnarl\n|-sidestart|p2: p0y26033f21|Reflect\n|move|p1a: Chien-Pao|Throat Chop|p2a: Grimmsnarl\n|-resisted|p2a: Grimmsnarl\n|-damage|p2a: Grimmsnarl|2/293\n|-start|p2a: Grimmsnarl|Throat Chop|[silent]\n|\n|upkeep\n|turn|7\n|inactive|Time left: 300 sec this turn | 300 sec total\n|\n|t:|1783570055\n|move|p1a: Chien-Pao|Icicle Crash|p2a: Grimmsnarl\n|-damage|p2a: Grimmsnarl|0 fnt\n|faint|p2a: Grimmsnarl\n|\n|upkeep\n|inactive|Time left: 300 sec this turn | 300 sec total | 5 sec grace\n|\n|t:|1783570056\n|switch|p2a: Kricketune|Kricketune, L99, M|312/312\n|turn|8\n|inactive|Time left: 300 sec this turn | 300 sec total\n|\n|t:|1783570057\n|move|p1a: Chien-Pao|Icicle Crash|p2a: Kricketune\n|-damage|p2a: Kricketune|185/312\n|move|p2a: Kricketune|Sticky Web|p1a: Chien-Pao\n|-sidestart|p1: p0x260302e4|move: Sticky Web\n|\n|upkeep\n|turn|9\n|inactive|Time left: 300 sec this turn | 300 sec total\n|\n|t:|1783570058\n|move|p1a: Chien-Pao|Icicle Crash|p2a: Kricketune|[miss]\n|-miss|p1a: Chien-Pao|p2a: Kricketune\n|move|p2a: Kricketune|Pounce|p1a: Chien-Pao\n|-supereffective|p1a: Chien-Pao\n|-damage|p1a: Chien-Pao|0 fnt\n|faint|p1a: Chien-Pao\n|\n|-sideend|p1: p0x260302e4|move: Aurora Veil\n|upkeep\n|\n|t:|1783570059\n|switch|p1a: Ninetales|Ninetales-Alola, L78, M|100/100\n|-damage|p1a: Ninetales|76/100|[from] Stealth Rock\n|-activate|p1a: Ninetales|move: Sticky Web\n|-unboost|p1a: Ninetales|spe|1\n|-weather|Snowscape|[from] ability: Snow Warning|[of] p1a: Ninetales\n|turn|10\n|inactive|Time left: 300 sec this turn | 300 sec total\n|\n|t:|1783570060\n|move|p2a: Kricketune|Taunt|p1a: Ninetales\n|-start|p1a: Ninetales|move: Taunt\n|cant|p1a: Ninetales|move: Taunt|Aurora Veil\n|\n|-weather|Snowscape|[upkeep]\n|-sideend|p2: p0y26033f21|move: Light Screen\n|upkeep\n|turn|11\n|inactive|Time left: 300 sec this turn | 300 sec total\n|\n|t:|1783570061\n|switch|p2a: Tentacruel|Tentacruel, L84, M|272/272\n|move|p1a: Ninetales|Moonblast|p2a: Tentacruel\n|-resisted|p2a: Tentacruel\n|-damage|p2a: Tentacruel|239/272\n|-unboost|p2a: Tentacruel|spa|1\n|\n|-weather|Snowscape|[upkeep]\n|-heal|p2a: Tentacruel|256/272|[from] item: Leftovers\n|upkeep\n|turn|12\n|inactive|Time left: 300 sec this turn | 300 sec total\n|\n|t:|1783570062\n|move|p2a: Tentacruel|Sludge Bomb|p1a: Ninetales\n|-supereffective|p1a: Ninetales\n|-damage|p1a: Ninetales|29/100\n|move|p1a: Ninetales|Freeze-Dry|p2a: Tentacruel\n|-supereffective|p2a: Tentacruel\n|-crit|p2a: Tentacruel\n|-damage|p2a: Tentacruel|128/272\n|\n|-weather|Snowscape|[upkeep]\n|-heal|p2a: Tentacruel|145/272|[from] item: Leftovers\n|-end|p1a: Ninetales|move: Taunt\n|upkeep\n|turn|13\n|inactive|Time left: 300 sec this turn | 300 sec total\n|\n|t:|1783570063\n|-terastallize|p1a: Ninetales|Water\n|move|p2a: Tentacruel|Sludge Bomb|p1a: Ninetales\n|-damage|p1a: Ninetales|6/100\n|move|p1a: Ninetales|Aurora Veil|p1a: Ninetales\n|-sidestart|p1: p0x260302e4|move: Aurora Veil\n|\n|-weather|Snowscape|[upkeep]\n|-heal|p2a: Tentacruel|162/272|[from] item: Leftovers\n|-sideend|p2: p0y26033f21|Reflect\n|upkeep\n|turn|14\n|inactive|Time left: 300 sec this turn | 300 sec total\n|\n|t:|1783570064\n|move|p2a: Tentacruel|Rapid Spin|p1a: Ninetales\n|-damage|p1a: Ninetales|0 fnt\n|-boost|p2a: Tentacruel|spe|1\n|faint|p1a: Ninetales\n|\n|-weather|none\n|-heal|p2a: Tentacruel|179/272|[from] item: Leftovers\n|upkeep\n|\n|t:|1783570065\n|switch|p1a: Kommo-o|Kommo-o, L77, F|100/100\n|-damage|p1a: Kommo-o|94/100|[from] Stealth Rock\n|-activate|p1a: Kommo-o|move: Sticky Web\n|-unboost|p1a: Kommo-o|spe|1\n|turn|15\n|inactive|Time left: 300 sec this turn | 300 sec total\n|\n|t:|1783570066\n|move|p2a: Tentacruel|Toxic|p1a: Kommo-o\n|-status|p1a: Kommo-o|tox\n|move|p1a: Kommo-o|Swords Dance|p1a: Kommo-o\n|-boost|p1a: Kommo-o|atk|2\n|\n|-heal|p2a: Tentacruel|196/272|[from] item: Leftovers\n|-damage|p1a: Kommo-o|88/100 tox|[from] psn\n|upkeep\n|turn|16\n|inactive|Time left: 300 sec this turn | 300 sec total\n|\n|t:|1783570067\n|switch|p2a: Annihilape|Annihilape, L76, F|292/292\n|move|p1a: Kommo-o|Scale Shot|p2a: Annihilape\n|-damage|p2a: Annihilape|235/292\n|-damage|p2a: Annihilape|181/292\n|-damage|p2a: Annihilape|121/292\n|-damage|p2a: Annihilape|57/292\n|-hitcount|p2a: Annihilape|4\n|-unboost|p1a: Kommo-o|def|1\n|-boost|p1a: Kommo-o|spe|1\n|\n|-heal|p2a: Annihilape|75/292|[from] item: Leftovers\n|-damage|p1a: Kommo-o|76/100 tox|[from] psn\n|upkeep\n|turn|17\n|inactive|Time left: 300 sec this turn | 300 sec total\n|\n|t:|1783570068\n|move|p2a: Annihilape|Drain Punch|p1a: Kommo-o\n|-damage|p1a: Kommo-o|58/100 tox\n|-heal|p2a: Annihilape|97/292|[from] drain|[of] p1a: Kommo-o\n|move|p1a: Kommo-o|Scale Shot|p2a: Annihilape\n|-damage|p2a: Annihilape|37/292\n|-damage|p2a: Annihilape|0 fnt\n|faint|p2a: Annihilape\n|-hitcount|p2: Annihilape|2\n|-unboost|p1a: Kommo-o|def|1\n|-boost|p1a: Kommo-o|spe|1\n|\n|-damage|p1a: Kommo-o|39/100 tox|[from] psn\n|upkeep\n|inactive|Time left: 300 sec this turn | 300 sec total | 5 sec grace\n|\n|t:|1783570069\n|switch|p2a: Samurott|Samurott, L88, M|310/310\n|turn|18\n|inactive|Time left: 300 sec this turn | 300 sec total\n|\n|t:|1783570070\n|move|p1a: Kommo-o|Scale Shot|p2a: Samurott\n|-damage|p2a: Samurott|256/310\n|-crit|p2a: Samurott\n|-damage|p2a: Samurott|184/310\n|-damage|p2a: Samurott|135/310\n|-damage|p2a: Samurott|87/310\n|-damage|p2a: Samurott|39/310\n|-hitcount|p2a: Samurott|5\n|-unboost|p1a: Kommo-o|def|1\n|-boost|p1a: Kommo-o|spe|1\n|move|p2a: Samurott|Ice Beam|p1a: Kommo-o\n|-supereffective|p1a: Kommo-o\n|-damage|p1a: Kommo-o|8/100 tox\n|\n|-damage|p1a: Kommo-o|0 fnt|[from] psn\n|faint|p1a: Kommo-o\n|upkeep\n|\n|t:|1783570071\n|switch|p1a: Pecharunt|Pecharunt, L77|100/100\n|-damage|p1a: Pecharunt|88/100|[from] Stealth Rock\n|-activate|p1a: Pecharunt|move: Sticky Web\n|-unboost|p1a: Pecharunt|spe|1\n|turn|19\n|inactive|Time left: 300 sec this turn | 300 sec total\n|\n|t:|1783570072\n|switch|p2a: Tentacruel|Tentacruel, L84, M|196/272\n|move|p1a: Pecharunt|Malignant Chain|p2a: Tentacruel\n|-resisted|p2a: Tentacruel\n|-damage|p2a: Tentacruel|163/272\n|\n|-heal|p2a: Tentacruel|180/272|[from] item: Leftovers\n|upkeep\n|turn|20\n|inactive|Time left: 300 sec this turn | 300 sec total\n|\n|t:|1783570074\n|move|p2a: Tentacruel|Surf|p1a: Pecharunt\n|-damage|p1a: Pecharunt|70/100\n|move|p1a: Pecharunt|Shadow Ball|p2a: Tentacruel\n|-damage|p2a: Tentacruel|125/272\n|\n|-heal|p2a: Tentacruel|142/272|[from] item: Leftovers\n|-sideend|p1: p0x260302e4|move: Aurora Veil\n|upkeep\n|turn|21\n|inactive|Time left: 300 sec this turn | 300 sec total\n|\n|t:|1783570075\n|move|p2a: Tentacruel|Surf|p1a: Pecharunt\n|-damage|p1a: Pecharunt|36/100\n|move|p1a: Pecharunt|Recover|p1a: Pecharunt\n|-heal|p1a: Pecharunt|86/100\n|\n|-heal|p2a: Tentacruel|159/272|[from] item: Leftovers\n|upkeep\n|turn|22\n|inactive|Time left: 300 sec this turn | 300 sec total\n|\n|t:|1783570076\n|move|p2a: Tentacruel|Surf|p1a: Pecharunt\n|-damage|p1a: Pecharunt|52/100\n|move|p1a: Pecharunt|Recover|p1a: Pecharunt\n|-heal|p1a: Pecharunt|100/100\n|\n|-heal|p2a: Tentacruel|176/272|[from] item: Leftovers\n|upkeep\n|turn|23\n|inactive|Time left: 300 sec this turn | 300 sec total\n|\n|t:|1783570077\n|move|p2a: Tentacruel|Surf|p1a: Pecharunt\n|-damage|p1a: Pecharunt|67/100\n|move|p1a: Pecharunt|Malignant Chain|p2a: Tentacruel\n|-resisted|p2a: Tentacruel\n|-damage|p2a: Tentacruel|146/272\n|\n|-heal|p2a: Tentacruel|163/272|[from] item: Leftovers\n|upkeep\n|turn|24\n|inactive|Time left: 300 sec this turn | 300 sec total\n|\n|t:|1783570078\n|move|p2a: Tentacruel|Surf|p1a: Pecharunt\n|-damage|p1a: Pecharunt|32/100\n|move|p1a: Pecharunt|Recover|p1a: Pecharunt\n|-heal|p1a: Pecharunt|82/100\n|\n|-heal|p2a: Tentacruel|180/272|[from] item: Leftovers\n|upkeep\n|turn|25\n|inactive|Time left: 300 sec this turn | 300 sec total\n|\n|t:|1783570079\n|move|p2a: Tentacruel|Surf|p1a: Pecharunt\n|-damage|p1a: Pecharunt|46/100\n|move|p1a: Pecharunt|Malignant Chain|p2a: Tentacruel\n|-resisted|p2a: Tentacruel\n|-damage|p2a: Tentacruel|147/272\n|\n|-heal|p2a: Tentacruel|164/272|[from] item: Leftovers\n|upkeep\n|turn|26\n|inactive|Time left: 300 sec this turn | 300 sec total\n|\n|t:|1783570080\n|move|p2a: Tentacruel|Surf|p1a: Pecharunt\n|-damage|p1a: Pecharunt|11/100\n|move|p1a: Pecharunt|Recover|p1a: Pecharunt\n|-heal|p1a: Pecharunt|61/100\n|\n|-heal|p2a: Tentacruel|181/272|[from] item: Leftovers\n|upkeep\n|turn|27\n|inactive|Time left: 300 sec this turn | 300 sec total\n|\n|t:|1783570082\n|move|p2a: Tentacruel|Surf|p1a: Pecharunt\n|-damage|p1a: Pecharunt|26/100\n|move|p1a: Pecharunt|Recover|p1a: Pecharunt\n|-heal|p1a: Pecharunt|76/100\n|\n|-heal|p2a: Tentacruel|198/272|[from] item: Leftovers\n|upkeep\n|turn|28\n|inactive|Time left: 300 sec this turn | 300 sec total\n|\n|t:|1783570083\n|move|p2a: Tentacruel|Surf|p1a: Pecharunt\n|-damage|p1a: Pecharunt|44/100\n|move|p1a: Pecharunt|Recover|p1a: Pecharunt\n|-heal|p1a: Pecharunt|94/100\n|\n|-heal|p2a: Tentacruel|215/272|[from] item: Leftovers\n|upkeep\n|turn|29\n|inactive|Time left: 300 sec this turn | 300 sec total\n|\n|t:|1783570084\n|move|p2a: Tentacruel|Surf|p1a: Pecharunt\n|-damage|p1a: Pecharunt|57/100\n|move|p1a: Pecharunt|Malignant Chain|p2a: Tentacruel\n|-resisted|p2a: Tentacruel\n|-damage|p2a: Tentacruel|180/272\n|\n|-heal|p2a: Tentacruel|197/272|[from] item: Leftovers\n|upkeep\n|turn|30\n|inactive|Time left: 300 sec this turn | 300 sec total\n|\n|t:|1783570085\n|move|p2a: Tentacruel|Surf|p1a: Pecharunt\n|-crit|p1a: Pecharunt\n|-damage|p1a: Pecharunt|6/100\n|move|p1a: Pecharunt|Recover|p1a: Pecharunt\n|-heal|p1a: Pecharunt|56/100\n|\n|-heal|p2a: Tentacruel|214/272|[from] item: Leftovers\n|upkeep\n|turn|31\n|inactive|Time left: 300 sec this turn | 300 sec total\n|\n|t:|1783570086\n|move|p2a: Tentacruel|Surf|p1a: Pecharunt\n|-damage|p1a: Pecharunt|18/100\n|move|p1a: Pecharunt|Recover|p1a: Pecharunt\n|-heal|p1a: Pecharunt|68/100\n|\n|-heal|p2a: Tentacruel|231/272|[from] item: Leftovers\n|upkeep\n|turn|32\n|inactive|Time left: 300 sec this turn | 300 sec total\n|\n|t:|1783570087\n|move|p2a: Tentacruel|Surf|p1a: Pecharunt\n|-damage|p1a: Pecharunt|35/100\n|move|p1a: Pecharunt|Shadow Ball|p2a: Tentacruel\n|-damage|p2a: Tentacruel|183/272\n|-unboost|p2a: Tentacruel|spd|1\n|\n|-heal|p2a: Tentacruel|200/272|[from] item: Leftovers\n|upkeep\n|turn|33\n|inactive|Time left: 300 sec this turn | 300 sec total\n|\n|t:|1783570088\n|move|p2a: Tentacruel|Surf|p1a: Pecharunt\n|-damage|p1a: Pecharunt|0 fnt\n|faint|p1a: Pecharunt\n|\n|-heal|p2a: Tentacruel|217/272|[from] item: Leftovers\n|upkeep\n|\n|t:|1783570090\n|switch|p1a: Sableye|Sableye, L88, M|100/100\n|-damage|p1a: Sableye|88/100|[from] Stealth Rock\n|-activate|p1a: Sableye|move: Sticky Web\n|-unboost|p1a: Sableye|spe|1\n|turn|34\n|inactive|Time left: 300 sec this turn | 300 sec total\n|\n|t:|1783570091\n|move|p2a: Tentacruel|Toxic|p1a: Sableye\n|-status|p1a: Sableye|tox\n|move|p1a: Sableye|Knock Off|p2a: Tentacruel\n|-damage|p2a: Tentacruel|91/272\n|-enditem|p2a: Tentacruel|Leftovers|[from] move: Knock Off|[of] p1a: Sableye\n|\n|-heal|p1a: Sableye|94/100 tox|[from] item: Leftovers\n|-damage|p1a: Sableye|88/100 tox|[from] psn\n|upkeep\n|turn|35\n|inactive|Time left: 300 sec this turn | 300 sec total\n|\n|t:|1783570092\n|move|p2a: Tentacruel|Surf|p1a: Sableye\n|-damage|p1a: Sableye|46/100 tox\n|move|p1a: Sableye|Knock Off|p2a: Tentacruel\n|-damage|p2a: Tentacruel|15/272\n|\n|-heal|p1a: Sableye|52/100 tox|[from] item: Leftovers\n|-damage|p1a: Sableye|39/100 tox|[from] psn\n|upkeep\n|turn|36\n|inactive|Time left: 300 sec this turn | 300 sec total\n|\n|t:|1783570093\n|move|p1a: Sableye|Recover|p1a: Sableye\n|-heal|p1a: Sableye|90/100 tox\n|move|p2a: Tentacruel|Surf|p1a: Sableye\n|-damage|p1a: Sableye|46/100 tox\n|\n|-heal|p1a: Sableye|52/100 tox|[from] item: Leftovers\n|-damage|p1a: Sableye|33/100 tox|[from] psn\n|upkeep\n|turn|37\n|inactive|Time left: 300 sec this turn | 300 sec total\n|\n|t:|1783570094\n|move|p1a: Sableye|Recover|p1a: Sableye\n|-heal|p1a: Sableye|84/100 tox\n|move|p2a: Tentacruel|Sludge Bomb|p1a: Sableye\n|-resisted|p1a: Sableye\n|-damage|p1a: Sableye|63/100 tox\n|\n|-heal|p1a: Sableye|69/100 tox|[from] item: Leftovers\n|-damage|p1a: Sableye|45/100 tox|[from] psn\n|upkeep\n|turn|38\n|inactive|Time left: 300 sec this turn | 300 sec total\n|\n|t:|1783570095\n|move|p1a: Sableye|Recover|p1a: Sableye\n|-heal|p1a: Sableye|95/100 tox\n|move|p2a: Tentacruel|Surf|p1a: Sableye\n|-damage|p1a: Sableye|54/100 tox\n|\n|-heal|p1a: Sableye|60/100 tox|[from] item: Leftovers\n|-damage|p1a: Sableye|30/100 tox|[from] psn\n|upkeep\n|turn|39\n|inactive|Time left: 300 sec this turn | 300 sec total\n|\n|t:|1783570096\n|move|p1a: Sableye|Recover|p1a: Sableye\n|-heal|p1a: Sableye|80/100 tox\n|move|p2a: Tentacruel|Surf|p1a: Sableye\n|-damage|p1a: Sableye|37/100 tox\n|\n|-heal|p1a: Sableye|43/100 tox|[from] item: Leftovers\n|-damage|p1a: Sableye|7/100 tox|[from] psn\n|upkeep\n|turn|40\n|inactive|Time left: 300 sec this turn | 300 sec total\n|\n|t:|1783570096\n|switch|p2a: Camerupt|Camerupt, L91, F|275/275\n|move|p1a: Sableye|Recover|p1a: Sableye\n|-heal|p1a: Sableye|57/100 tox\n|\n|-heal|p1a: Sableye|63/100 tox|[from] item: Leftovers\n|-damage|p1a: Sableye|20/100 tox|[from] psn\n|upkeep\n|turn|41\n|inactive|Time left: 300 sec this turn | 300 sec total\n|\n|t:|1783570097\n|move|p1a: Sableye|Will-O-Wisp|p2a: Camerupt\n|-immune|p2a: Camerupt\n|move|p2a: Camerupt|Earthquake|p1a: Sableye\n|-damage|p1a: Sableye|0 fnt\n|faint|p1a: Sableye\n|\n|upkeep\n|\n|t:|1783570098\n|switch|p1a: Zebstrika|Zebstrika, L87, F|100/100\n|-damage|p1a: Zebstrika|88/100|[from] Stealth Rock\n|-activate|p1a: Zebstrika|move: Sticky Web\n|-unboost|p1a: Zebstrika|spe|1\n|turn|42\n|inactive|Time left: 300 sec this turn | 300 sec total\n|\n|t:|1783570099\n|move|p1a: Zebstrika|Overheat|p2a: Camerupt\n|-resisted|p2a: Camerupt\n|-damage|p2a: Camerupt|223/275\n|-unboost|p1a: Zebstrika|spa|2\n|-damage|p1a: Zebstrika|78/100|[from] item: Life Orb\n|move|p2a: Camerupt|Earthquake|p1a: Zebstrika\n|-supereffective|p1a: Zebstrika\n|-damage|p1a: Zebstrika|0 fnt\n|faint|p1a: Zebstrika\n|\n|win|p0y26033f21", "uploadtime": 1783570099, "views": 0, "rating": 0, "private": 0, "password": null, "_winner": "p0y26033f21", "_our_name": "p0y26033f21"}