{"id": "battle-gen9randombattle-2015", "formatid": "gen9randombattle", "format": "[Gen 9] Random Battle", "players": ["p0x2015fceb", "p0y201503a6"], "log": "|init|battle\n|title|p0x2015fceb vs. p0y201503a6\n|j|\u2606p0x2015fceb\n|j|\u2606p0y201503a6\n|t:|1783562590\n|gametype|singles\n|player|p1|p0x2015fceb|170|\n|player|p2|p0y201503a6|1|\n|gen|9\n|tier|[Gen 9] Random Battle\n|rule|Species Clause: Limit one of each Pok\u00e9mon\n|rule|HP Percentage Mod: HP is shown in percentages\n|rule|Sleep Clause Mod: Limit one foe put to sleep\n|rule|Illusion Level Mod: Illusion disguises the Pok\u00e9mon's true level\n|\n|t:|1783562590\n|teamsize|p1|6\n|teamsize|p2|6\n|start\n|switch|p1a: Yanmega|Yanmega, L82, F|100/100\n|switch|p2a: Phione|Phione, L91|293/293\n|turn|1\n|inactive|Battle timer is ON: inactive players will automatically lose when time's up. (requested by p0x2015fceb)\n|inactive|Time left: 300 sec this turn | 300 sec total | 60 sec grace\n|inactive|p0y201503a6 also wants the timer to be on.\n|\n|t:|1783562591\n|move|p1a: Yanmega|Bug Buzz|p2a: Phione\n|-damage|p2a: Phione|193/293\n|-unboost|p2a: Phione|spd|1\n|move|p2a: Phione|Scald|p1a: Yanmega\n|-damage|p1a: Yanmega|57/100\n|-status|p1a: Yanmega|brn\n|\n|-heal|p2a: Phione|211/293|[from] item: Leftovers\n|-damage|p1a: Yanmega|51/100 brn|[from] brn\n|-ability|p1a: Yanmega|Speed Boost|boost\n|-boost|p1a: Yanmega|spe|1\n|upkeep\n|turn|2\n|inactive|Time left: 300 sec this turn | 300 sec total\n|\n|t:|1783562592\n|move|p1a: Yanmega|Protect|p1a: Yanmega\n|-singleturn|p1a: Yanmega|Protect\n|move|p2a: Phione|Scald|p1a: Yanmega\n|-activate|p1a: Yanmega|move: Protect\n|\n|-heal|p2a: Phione|229/293|[from] item: Leftovers\n|-damage|p1a: Yanmega|44/100 brn|[from] brn\n|-ability|p1a: Yanmega|Speed Boost|boost\n|-boost|p1a: Yanmega|spe|1\n|upkeep\n|turn|3\n|inactive|Time left: 300 sec this turn | 300 sec total\n|\n|t:|1783562593\n|move|p1a: Yanmega|Air Slash|p2a: Phione\n|-damage|p2a: Phione|88/293\n|move|p2a: Phione|Scald|p1a: Yanmega\n|-damage|p1a: Yanmega|3/100 brn\n|\n|-heal|p2a: Phione|106/293|[from] item: Leftovers\n|-damage|p1a: Yanmega|0 fnt|[from] brn\n|faint|p1a: Yanmega\n|upkeep\n|\n|t:|1783562594\n|switch|p1a: Hydreigon|Hydreigon, L79, M|100/100\n|turn|4\n|inactive|Time left: 300 sec this turn | 300 sec total\n|\n|t:|1783562595\n|switch|p2a: Tinkaton|Tinkaton, L82, F|274/274\n|-ability|p2a: Tinkaton|Mold Breaker\n|move|p1a: Hydreigon|Nasty Plot|p1a: Hydreigon\n|-boost|p1a: Hydreigon|spa|2\n|\n|upkeep\n|turn|5\n|inactive|Time left: 300 sec this turn | 300 sec total\n|\n|t:|1783562596\n|-terastallize|p1a: Hydreigon|Dragon\n|move|p2a: Tinkaton|Play Rough|p1a: Hydreigon\n|-supereffective|p1a: Hydreigon\n|-damage|p1a: Hydreigon|45/100\n|move|p1a: Hydreigon|Fire Blast|p2a: Tinkaton\n|-supereffective|p2a: Tinkaton\n|-crit|p2a: Tinkaton\n|-damage|p2a: Tinkaton|0 fnt\n|faint|p2a: Tinkaton\n|-damage|p1a: Hydreigon|35/100|[from] item: Life Orb\n|\n|upkeep\n|inactive|Time left: 300 sec this turn | 300 sec total | 5 sec grace\n|\n|t:|1783562598\n|switch|p2a: Koraidon|Koraidon, L64|235/235\n|-weather|SunnyDay|[from] ability: Orichalcum Pulse|[of] p2a: Koraidon\n|-activate|p2a: Koraidon|Orichalcum Pulse|[source]\n|turn|6\n|inactive|Time left: 300 sec this turn | 300 sec total\n|\n|t:|1783562599\n|move|p2a: Koraidon|Outrage|p1a: Hydreigon\n|-supereffective|p1a: Hydreigon\n|-damage|p1a: Hydreigon|0 fnt\n|faint|p1a: Hydreigon\n|\n|-weather|SunnyDay|[upkeep]\n|upkeep\n|\n|t:|1783562599\n|switch|p1a: Mew|Mew, L82|100/100\n|turn|7\n|inactive|Time left: 300 sec this turn | 300 sec total\n|\n|t:|1783562600\n|move|p2a: Koraidon|Outrage|p1a: Mew|[from] lockedmove\n|-damage|p1a: Mew|44/100\n|move|p1a: Mew|Psychic Fangs|p2a: Koraidon\n|-supereffective|p2a: Koraidon\n|-damage|p2a: Koraidon|0 fnt\n|faint|p2a: Koraidon\n|-damage|p1a: Mew|34/100|[from] item: Life Orb\n|\n|-weather|SunnyDay|[upkeep]\n|upkeep\n|inactive|Time left: 300 sec this turn | 300 sec total | 5 sec grace\n|\n|t:|1783562602\n|switch|p2a: Flygon|Flygon, L82, F|265/265\n|turn|8\n|inactive|Time left: 300 sec this turn | 300 sec total\n|\n|t:|1783562603\n|move|p1a: Mew|Psychic Fangs|p2a: Flygon\n|-damage|p2a: Flygon|148/265\n|-damage|p1a: Mew|24/100|[from] item: Life Orb\n|move|p2a: Flygon|Dragon Dance|p2a: Flygon\n|-boost|p2a: Flygon|atk|1\n|-boost|p2a: Flygon|spe|1\n|\n|-weather|SunnyDay|[upkeep]\n|upkeep\n|turn|9\n|inactive|Time left: 300 sec this turn | 300 sec total\n|\n|t:|1783562604\n|move|p2a: Flygon|Outrage|p1a: Mew\n|-damage|p1a: Mew|0 fnt\n|faint|p1a: Mew\n|\n|-weather|SunnyDay|[upkeep]\n|upkeep\n|\n|t:|1783562605\n|switch|p1a: Trevenant|Trevenant, L89, M|100/100\n|turn|10\n|inactive|Time left: 300 sec this turn | 300 sec total\n|\n|t:|1783562606\n|move|p2a: Flygon|Outrage|p1a: Trevenant|[from] lockedmove\n|-damage|p1a: Trevenant|36/100\n|move|p1a: Trevenant|Poltergeist|p2a: Flygon\n|-activate|p2a: Flygon|move: Poltergeist|Lum Berry\n|-damage|p2a: Flygon|0 fnt\n|faint|p2a: Flygon\n|-damage|p1a: Trevenant|26/100|[from] item: Life Orb\n|\n|-weather|none\n|upkeep\n|inactive|Time left: 300 sec this turn | 300 sec total | 5 sec grace\n|\n|t:|1783562607\n|switch|p2a: Rotom|Rotom, L88|231/231\n|turn|11\n|inactive|Time left: 300 sec this turn | 300 sec total\n|\n|t:|1783562608\n|move|p2a: Rotom|Shadow Ball|p1a: Trevenant\n|-supereffective|p1a: Trevenant\n|-damage|p1a: Trevenant|0 fnt\n|faint|p1a: Trevenant\n|\n|upkeep\n|\n|t:|1783562609\n|switch|p1a: Darkrai|Darkrai, L77|100/100\n|turn|12\n|inactive|Time left: 300 sec this turn | 300 sec total\n|\n|t:|1783562610\n|switch|p2a: Virizion|Virizion, L82|283/283\n|move|p1a: Darkrai|Nasty Plot|p1a: Darkrai\n|-boost|p1a: Darkrai|spa|2\n|\n|upkeep\n|turn|13\n|inactive|Time left: 300 sec this turn | 300 sec total\n|\n|t:|1783562611\n|move|p1a: Darkrai|Substitute|p1a: Darkrai\n|-start|p1a: Darkrai|Substitute\n|-damage|p1a: Darkrai|76/100\n|move|p2a: Virizion|Close Combat|p1a: Darkrai\n|-supereffective|p1a: Darkrai\n|-end|p1a: Darkrai|Substitute\n|-unboost|p2a: Virizion|def|1\n|-unboost|p2a: Virizion|spd|1\n|-damage|p2a: Virizion|255/283|[from] item: Life Orb\n|\n|-heal|p1a: Darkrai|82/100|[from] item: Leftovers\n|upkeep\n|turn|14\n|inactive|Time left: 300 sec this turn | 300 sec total\n|\n|t:|1783562612\n|-terastallize|p2a: Virizion|Rock\n|move|p1a: Darkrai|Substitute|p1a: Darkrai\n|-start|p1a: Darkrai|Substitute\n|-damage|p1a: Darkrai|57/100\n|move|p2a: Virizion|Close Combat|p1a: Darkrai\n|-supereffective|p1a: Darkrai\n|-end|p1a: Darkrai|Substitute\n|-unboost|p2a: Virizion|def|1\n|-unboost|p2a: Virizion|spd|1\n|-damage|p2a: Virizion|227/283|[from] item: Life Orb\n|\n|-heal|p1a: Darkrai|63/100|[from] item: Leftovers\n|upkeep\n|turn|15\n|inactive|Time left: 300 sec this turn | 300 sec total\n|\n|t:|1783562613\n|switch|p2a: Phione|Phione, L91|106/293\n|move|p1a: Darkrai|Dark Pulse|p2a: Phione\n|-damage|p2a: Phione|0 fnt\n|faint|p2a: Phione\n|\n|-heal|p1a: Darkrai|69/100|[from] item: Leftovers\n|upkeep\n|inactive|Time left: 300 sec this turn | 300 sec total | 5 sec grace\n|\n|t:|1783562614\n|switch|p2a: Virizion|Virizion, L82, tera:Rock|227/283\n|turn|16\n|inactive|Time left: 300 sec this turn | 300 sec total\n|\n|t:|1783562615\n|move|p1a: Darkrai|Substitute|p1a: Darkrai\n|-start|p1a: Darkrai|Substitute\n|-damage|p1a: Darkrai|44/100\n|move|p2a: Virizion|Leaf Blade|p1a: Darkrai\n|-end|p1a: Darkrai|Substitute\n|-damage|p2a: Virizion|199/283|[from] item: Life Orb\n|\n|-heal|p1a: Darkrai|50/100|[from] item: Leftovers\n|upkeep\n|turn|17\n|inactive|Time left: 300 sec this turn | 300 sec total\n|\n|t:|1783562616\n|move|p1a: Darkrai|Substitute|p1a: Darkrai\n|-start|p1a: Darkrai|Substitute\n|-damage|p1a: Darkrai|25/100\n|move|p2a: Virizion|Leaf Blade|p1a: Darkrai\n|-end|p1a: Darkrai|Substitute\n|-damage|p2a: Virizion|171/283|[from] item: Life Orb\n|\n|-heal|p1a: Darkrai|31/100|[from] item: Leftovers\n|upkeep\n|turn|18\n|inactive|Time left: 300 sec this turn | 300 sec total\n|\n|t:|1783562617\n|move|p1a: Darkrai|Substitute|p1a: Darkrai\n|-start|p1a: Darkrai|Substitute\n|-damage|p1a: Darkrai|6/100\n|move|p2a: Virizion|Leaf Blade|p1a: Darkrai\n|-crit|p1a: Darkrai\n|-end|p1a: Darkrai|Substitute\n|-damage|p2a: Virizion|143/283|[from] item: Life Orb\n|\n|-heal|p1a: Darkrai|12/100|[from] item: Leftovers\n|upkeep\n|turn|19\n|inactive|Time left: 300 sec this turn | 300 sec total\n|\n|t:|1783562618\n|move|p1a: Darkrai|Sludge Bomb|p2a: Virizion\n|-resisted|p2a: Virizion\n|-damage|p2a: Virizion|94/283\n|-status|p2a: Virizion|psn\n|move|p2a: Virizion|Leaf Blade|p1a: Darkrai\n|-damage|p1a: Darkrai|0 fnt\n|faint|p1a: Darkrai\n|-damage|p2a: Virizion|66/283 psn|[from] item: Life Orb\n|\n|-damage|p2a: Virizion|31/283 psn|[from] psn\n|upkeep\n|\n|t:|1783562619\n|switch|p1a: Plusle|Plusle, L95, M|100/100\n|turn|20\n|inactive|Time left: 300 sec this turn | 300 sec total\n|\n|t:|1783562620\n|move|p1a: Plusle|Grass Knot|p2a: Virizion\n|-supereffective|p2a: Virizion\n|-damage|p2a: Virizion|0 fnt\n|faint|p2a: Virizion\n|-damage|p1a: Plusle|91/100|[from] item: Life Orb\n|\n|upkeep\n|inactive|Time left: 300 sec this turn | 300 sec total | 5 sec grace\n|\n|t:|1783562621\n|switch|p2a: Rotom|Rotom, L88|231/231\n|turn|21\n|inactive|Time left: 300 sec this turn | 300 sec total\n|\n|t:|1783562622\n|move|p2a: Rotom|Shadow Ball|p1a: Plusle\n|-damage|p1a: Plusle|58/100\n|move|p1a: Plusle|Encore|p2a: Rotom\n|-start|p2a: Rotom|Encore\n|\n|upkeep\n|turn|22\n|inactive|Time left: 300 sec this turn | 300 sec total\n|\n|t:|1783562622\n|move|p2a: Rotom|Shadow Ball|p1a: Plusle\n|-damage|p1a: Plusle|21/100\n|move|p1a: Plusle|Thunderbolt|p2a: Rotom\n|-resisted|p2a: Rotom\n|-damage|p2a: Rotom|154/231\n|-damage|p1a: Plusle|11/100|[from] item: Life Orb\n|\n|upkeep\n|turn|23\n|inactive|Time left: 300 sec this turn | 300 sec total\n|\n|t:|1783562623\n|move|p2a: Rotom|Shadow Ball|p1a: Plusle\n|-damage|p1a: Plusle|0 fnt\n|faint|p1a: Plusle\n|\n|win|p0y201503a6", "uploadtime": 1783562623, "views": 0, "rating": 0, "private": 0, "password": null, "_winner": "p0y201503a6", "_our_name": "p0y201503a6"}