{"id": "battle-gen9randombattle-343", "formatid": "gen9randombattle", "format": "[Gen 9] Random Battle", "players": ["p0x343b395", "p0y343a183"], "log": "|init|battle\n|title|p0x343b395 vs. p0y343a183\n|j|\u2606p0x343b395\n|j|\u2606p0y343a183\n|t:|1783543102\n|gametype|singles\n|player|p1|p0x343b395|101|\n|player|p2|p0y343a183|101|\n|gen|9\n|tier|[Gen 9] Random Battle\n|rule|Species Clause: Limit one of each Pok\u00e9mon\n|rule|HP Percentage Mod: HP is shown in percentages\n|rule|Sleep Clause Mod: Limit one foe put to sleep\n|rule|Illusion Level Mod: Illusion disguises the Pok\u00e9mon's true level\n|\n|t:|1783543102\n|teamsize|p1|6\n|teamsize|p2|6\n|start\n|switch|p1a: Zarude|Zarude, L77|100/100\n|switch|p2a: Barraskewda|Barraskewda, L81, F|231/231\n|turn|1\n|inactive|Battle timer is ON: inactive players will automatically lose when time's up. (requested by p0x343b395)\n|inactive|Time left: 300 sec this turn | 300 sec total | 60 sec grace\n|inactive|p0y343a183 also wants the timer to be on.\n|\n|t:|1783543104\n|move|p2a: Barraskewda|Close Combat|p1a: Zarude\n|-supereffective|p1a: Zarude\n|-damage|p1a: Zarude|12/100\n|-unboost|p2a: Barraskewda|def|1\n|-unboost|p2a: Barraskewda|spd|1\n|move|p1a: Zarude|Knock Off|p2a: Barraskewda\n|-crit|p2a: Barraskewda\n|-damage|p2a: Barraskewda|0 fnt\n|-enditem|p2a: Barraskewda|Choice Band|[from] move: Knock Off|[of] p1a: Zarude\n|faint|p2a: Barraskewda\n|\n|upkeep\n|inactive|Time left: 300 sec this turn | 300 sec total | 65 sec grace\n|\n|t:|1783543105\n|switch|p2a: Swanna|Swanna, L89, F|278/278\n|turn|2\n|inactive|Time left: 300 sec this turn | 300 sec total\n|\n|t:|1783543106\n|move|p2a: Swanna|Brave Bird|p1a: Zarude\n|-supereffective|p1a: Zarude\n|-damage|p1a: Zarude|0 fnt\n|faint|p1a: Zarude\n|-damage|p2a: Swanna|267/278|[from] Recoil\n|\n|upkeep\n|\n|t:|1783543107\n|switch|p1a: Perrserker|Perrserker, L89, F|100/100\n|turn|3\n|inactive|Time left: 300 sec this turn | 300 sec total\n|\n|t:|1783543108\n|move|p2a: Swanna|Hydro Pump|p1a: Perrserker|[miss]\n|-miss|p2a: Swanna|p1a: Perrserker\n|move|p1a: Perrserker|Knock Off|p2a: Swanna\n|-damage|p2a: Swanna|61/278\n|-enditem|p2a: Swanna|Heavy-Duty Boots|[from] move: Knock Off|[of] p1a: Perrserker\n|\n|upkeep\n|turn|4\n|inactive|Time left: 300 sec this turn | 300 sec total\n|\n|t:|1783543109\n|move|p2a: Swanna|Hydro Pump|p1a: Perrserker\n|-damage|p1a: Perrserker|47/100\n|move|p1a: Perrserker|Knock Off|p2a: Swanna\n|-damage|p2a: Swanna|0 fnt\n|faint|p2a: Swanna\n|\n|upkeep\n|inactive|Time left: 300 sec this turn | 300 sec total | 5 sec grace\n|\n|t:|1783543110\n|switch|p2a: Pawmot|Pawmot, L80, F|243/243\n|turn|5\n|inactive|Time left: 300 sec this turn | 300 sec total\n|\n|t:|1783543111\n|move|p2a: Pawmot|Double Shock|p1a: Perrserker\n|-damage|p1a: Perrserker|0 fnt\n|-start|p2a: Pawmot|typechange|???/Fighting|[from] move: Double Shock\n|faint|p1a: Perrserker\n|-damage|p2a: Pawmot|219/243|[from] item: Life Orb\n|\n|upkeep\n|\n|t:|1783543112\n|switch|p1a: Calyrex|Calyrex-Shadow, L64|100/100\n|-ability|p1a: Calyrex|As One\n|-ability|p1a: Calyrex|Unnerve\n|turn|6\n|inactive|Time left: 300 sec this turn | 300 sec total\n|\n|t:|1783543113\n|switch|p2a: Lokix|Lokix, L82, F|251/251\n|move|p1a: Calyrex|Astral Barrage|p2a: Lokix\n|-resisted|p2a: Lokix\n|-damage|p2a: Lokix|129/251\n|\n|upkeep\n|turn|7\n|inactive|Time left: 300 sec this turn | 300 sec total\n|\n|t:|1783543114\n|-terastallize|p1a: Calyrex|Ghost\n|move|p2a: Lokix|Sucker Punch|p1a: Calyrex\n|-supereffective|p1a: Calyrex\n|-damage|p1a: Calyrex|19/100\n|move|p1a: Calyrex|Astral Barrage|p2a: Lokix\n|-resisted|p2a: Lokix\n|-crit|p2a: Lokix\n|-damage|p2a: Lokix|0 fnt\n|faint|p2a: Lokix\n|-ability|p1a: Calyrex|Grim Neigh|boost\n|-boost|p1a: Calyrex|spa|1\n|\n|upkeep\n|inactive|Time left: 300 sec this turn | 300 sec total | 5 sec grace\n|\n|t:|1783543115\n|switch|p2a: Eelektross|Eelektross, L87, M|290/290\n|turn|8\n|inactive|Time left: 300 sec this turn | 300 sec total\n|\n|t:|1783543115\n|move|p1a: Calyrex|Astral Barrage|p2a: Eelektross\n|-damage|p2a: Eelektross|0 fnt\n|faint|p2a: Eelektross\n|-ability|p1a: Calyrex|Grim Neigh|boost\n|-boost|p1a: Calyrex|spa|1\n|\n|upkeep\n|inactive|Time left: 300 sec this turn | 300 sec total | 5 sec grace\n|\n|t:|1783543116\n|switch|p2a: Scovillain|Scovillain, L91, M|266/266\n|turn|9\n|inactive|Time left: 300 sec this turn | 300 sec total\n|\n|t:|1783543117\n|-terastallize|p2a: Scovillain|Ground\n|move|p1a: Calyrex|Astral Barrage|p2a: Scovillain\n|-damage|p2a: Scovillain|0 fnt\n|faint|p2a: Scovillain\n|-ability|p1a: Calyrex|Grim Neigh|boost\n|-boost|p1a: Calyrex|spa|1\n|\n|upkeep\n|inactive|Time left: 300 sec this turn | 300 sec total | 5 sec grace\n|\n|t:|1783543118\n|switch|p2a: Pawmot|Pawmot, L80, F|219/243\n|turn|10\n|inactive|Time left: 300 sec this turn | 300 sec total\n|\n|t:|1783543119\n|move|p1a: Calyrex|Astral Barrage|p2a: Pawmot\n|-damage|p2a: Pawmot|0 fnt\n|faint|p2a: Pawmot\n|\n|win|p0x343b395", "uploadtime": 1783543119, "views": 0, "rating": 0, "private": 0, "password": null, "_winner": "p0x343b395", "_our_name": "p0y343a183"}