{"id": "battle-gen9randombattle-486", "formatid": "gen9randombattle", "format": "[Gen 9] Random Battle", "players": ["p0x486f9fd", "p0y486259f"], "log": "|init|battle\n|title|p0x486f9fd vs. p0y486259f\n|j|\u2606p0x486f9fd\n|j|\u2606p0y486259f\n|t:|1783545425\n|gametype|singles\n|player|p1|p0x486f9fd|101|\n|player|p2|p0y486259f|170|\n|gen|9\n|tier|[Gen 9] Random Battle\n|rule|Species Clause: Limit one of each Pok\u00e9mon\n|rule|HP Percentage Mod: HP is shown in percentages\n|rule|Sleep Clause Mod: Limit one foe put to sleep\n|rule|Illusion Level Mod: Illusion disguises the Pok\u00e9mon's true level\n|\n|t:|1783545425\n|teamsize|p1|6\n|teamsize|p2|6\n|start\n|switch|p1a: Venusaur|Venusaur, L84, F|272/272\n|switch|p2a: Azumarill|Azumarill, L82, M|100/100\n|turn|1\n|inactive|Battle timer is ON: inactive players will automatically lose when time's up. (requested by p0x486f9fd)\n|inactive|p0y486259f also wants the timer to be on.\n|\n|t:|1783545427\n|switch|p2a: Conkeldurr|Conkeldurr, L80, M|100/100\n|move|p1a: Venusaur|Sludge Bomb|p2a: Conkeldurr\n|-damage|p2a: Conkeldurr|56/100\n|\n|-status|p2a: Conkeldurr|brn|[from] item: Flame Orb\n|upkeep\n|turn|2\n|inactive|Time left: 300 sec this turn | 300 sec total\n|\n|t:|1783545429\n|-terastallize|p2a: Conkeldurr|Normal\n|move|p1a: Venusaur|Sludge Bomb|p2a: Conkeldurr\n|-damage|p2a: Conkeldurr|14/100 brn\n|move|p2a: Conkeldurr|Facade|p1a: Venusaur\n|-damage|p1a: Venusaur|0 fnt\n|faint|p1a: Venusaur\n|\n|-damage|p2a: Conkeldurr|8/100 brn|[from] brn\n|upkeep\n|inactive|Time left: 300 sec this turn | 300 sec total | 5 sec grace\n|\n|t:|1783545430\n|switch|p1a: Rampardos|Rampardos, L90, F|321/321\n|turn|3\n|inactive|Time left: 300 sec this turn | 300 sec total\n|\n|t:|1783545431\n|move|p2a: Conkeldurr|Mach Punch|p1a: Rampardos\n|-supereffective|p1a: Rampardos\n|-damage|p1a: Rampardos|139/321\n|move|p1a: Rampardos|Rock Slide|p2a: Conkeldurr\n|-damage|p2a: Conkeldurr|0 fnt\n|faint|p2a: Conkeldurr\n|\n|upkeep\n|\n|t:|1783545432\n|switch|p2a: Meganium|Meganium, L90, F|100/100\n|turn|4\n|inactive|Time left: 300 sec this turn | 300 sec total\n|\n|t:|1783545434\n|move|p1a: Rampardos|Rock Slide|p2a: Meganium\n|-damage|p2a: Meganium|45/100\n|move|p2a: Meganium|Petal Blizzard|p1a: Rampardos\n|-supereffective|p1a: Rampardos\n|-damage|p1a: Rampardos|0 fnt\n|faint|p1a: Rampardos\n|\n|-heal|p2a: Meganium|52/100|[from] item: Leftovers\n|upkeep\n|inactive|Time left: 300 sec this turn | 300 sec total | 5 sec grace\n|\n|t:|1783545435\n|switch|p1a: Terrakion|Terrakion, L79|273/273\n|turn|5\n|inactive|Time left: 300 sec this turn | 300 sec total\n|\n|t:|1783545436\n|move|p1a: Terrakion|Close Combat|p2a: Meganium\n|-damage|p2a: Meganium|0 fnt\n|-unboost|p1a: Terrakion|def|1\n|-unboost|p1a: Terrakion|spd|1\n|faint|p2a: Meganium\n|\n|upkeep\n|\n|t:|1783545437\n|switch|p2a: Azumarill|Azumarill, L82, M|100/100\n|turn|6\n|inactive|Time left: 300 sec this turn | 300 sec total\n|\n|t:|1783545439\n|switch|p1a: Registeel|Registeel, L81|262/262\n|move|p2a: Azumarill|Belly Drum|p2a: Azumarill\n|-damage|p2a: Azumarill|50/100\n|-setboost|p2a: Azumarill|atk|6|[from] move: Belly Drum\n|-enditem|p2a: Azumarill|Sitrus Berry|[eat]\n|-heal|p2a: Azumarill|75/100|[from] item: Sitrus Berry\n|\n|upkeep\n|turn|7\n|inactive|Time left: 300 sec this turn | 300 sec total\n|\n|t:|1783545440\n|switch|p1a: Gyarados|Gyarados, L79, F|280/280\n|move|p2a: Azumarill|Liquidation|p1a: Gyarados\n|-resisted|p1a: Gyarados\n|-damage|p1a: Gyarados|56/280\n|\n|upkeep\n|turn|8\n|inactive|Time left: 300 sec this turn | 300 sec total\n|\n|t:|1783545441\n|move|p2a: Azumarill|Aqua Jet|p1a: Gyarados\n|-resisted|p1a: Gyarados\n|-damage|p1a: Gyarados|0 fnt\n|faint|p1a: Gyarados\n|\n|upkeep\n|inactive|Time left: 300 sec this turn | 300 sec total | 5 sec grace\n|\n|t:|1783545442\n|switch|p1a: Alcremie|Alcremie-Matcha-Cream, L90, F|263/263\n|turn|9\n|inactive|Time left: 300 sec this turn | 300 sec total\n|\n|t:|1783545443\n|move|p1a: Alcremie|Alluring Voice|p2a: Azumarill\n|-damage|p2a: Azumarill|39/100\n|move|p2a: Azumarill|Liquidation|p1a: Alcremie\n|-damage|p1a: Alcremie|0 fnt\n|faint|p1a: Alcremie\n|\n|upkeep\n|inactive|Time left: 300 sec this turn | 300 sec total | 5 sec grace\n|\n|t:|1783545444\n|switch|p1a: Terrakion|Terrakion, L79|273/273\n|turn|10\n|inactive|Time left: 300 sec this turn | 300 sec total\n|\n|t:|1783545445\n|switch|p1a: Registeel|Registeel, L81|262/262\n|move|p2a: Azumarill|Aqua Jet|p1a: Registeel\n|-damage|p1a: Registeel|120/262\n|\n|upkeep\n|turn|11\n|inactive|Time left: 300 sec this turn | 300 sec total\n|\n|t:|1783545446\n|move|p2a: Azumarill|Liquidation|p1a: Registeel\n|-damage|p1a: Registeel|0 fnt\n|faint|p1a: Registeel\n|\n|upkeep\n|inactive|Time left: 300 sec this turn | 300 sec total | 5 sec grace\n|\n|t:|1783545447\n|switch|p1a: Terrakion|Terrakion, L79|273/273\n|turn|12\n|inactive|Time left: 300 sec this turn | 300 sec total\n|\n|t:|1783545448\n|-terastallize|p1a: Terrakion|Ground\n|move|p2a: Azumarill|Aqua Jet|p1a: Terrakion\n|-supereffective|p1a: Terrakion\n|-damage|p1a: Terrakion|0 fnt\n|faint|p1a: Terrakion\n|\n|win|p0y486259f", "uploadtime": 1783545448, "views": 0, "rating": 0, "private": 0, "password": null, "_winner": "p0y486259f", "_our_name": "p0x486f9fd"}