{"id": "battle-gen9randombattle-2010", "formatid": "gen9randombattle", "format": "[Gen 9] Random Battle", "players": ["p0x2010f21e", "p0y20104062"], "log": "|init|battle\n|title|p0x2010f21e vs. p0y20104062\n|j|\u2606p0x2010f21e\n|j|\u2606p0y20104062\n|t:|1783562546\n|gametype|singles\n|player|p1|p0x2010f21e|170|\n|player|p2|p0y20104062|169|\n|gen|9\n|tier|[Gen 9] Random Battle\n|rule|Species Clause: Limit one of each Pok\u00e9mon\n|rule|HP Percentage Mod: HP is shown in percentages\n|rule|Sleep Clause Mod: Limit one foe put to sleep\n|rule|Illusion Level Mod: Illusion disguises the Pok\u00e9mon's true level\n|\n|t:|1783562546\n|teamsize|p1|6\n|teamsize|p2|6\n|start\n|switch|p1a: Passimian|Passimian, L83, M|302/302\n|switch|p2a: Incineroar|Incineroar, L82, M|100/100\n|-ability|p2a: Incineroar|Intimidate|boost\n|-unboost|p1a: Passimian|atk|1\n|-ability|p1a: Passimian|Defiant|boost\n|-boost|p1a: Passimian|atk|2\n|turn|1\n|inactive|Battle timer is ON: inactive players will automatically lose when time's up. (requested by p0x2010f21e)\n|inactive|p0y20104062 also wants the timer to be on.\n|\n|t:|1783562547\n|switch|p2a: Necrozma|Necrozma-Dusk-Mane, L69|100/100\n|move|p1a: Passimian|Drain Punch|p2a: Necrozma\n|-damage|p2a: Necrozma|47/100\n|\n|upkeep\n|turn|2\n|inactive|Time left: 300 sec this turn | 300 sec total\n|\n|t:|1783562548\n|switch|p2a: Grimmsnarl|Grimmsnarl, L83, M|100/100\n|move|p1a: Passimian|Drain Punch|p2a: Grimmsnarl\n|-damage|p2a: Grimmsnarl|40/100\n|\n|upkeep\n|turn|3\n|inactive|Time left: 300 sec this turn | 300 sec total\n|\n|t:|1783562549\n|move|p2a: Grimmsnarl|Reflect|p2a: Grimmsnarl\n|-sidestart|p2: p0y20104062|Reflect\n|move|p1a: Passimian|Drain Punch|p2a: Grimmsnarl\n|-damage|p2a: Grimmsnarl|8/100\n|\n|upkeep\n|turn|4\n|inactive|Time left: 300 sec this turn | 300 sec total\n|\n|t:|1783562550\n|move|p2a: Grimmsnarl|Light Screen|p2a: Grimmsnarl\n|-sidestart|p2: p0y20104062|move: Light Screen\n|move|p1a: Passimian|Bulk Up|p1a: Passimian\n|-boost|p1a: Passimian|atk|1\n|-boost|p1a: Passimian|def|1\n|\n|upkeep\n|turn|5\n|inactive|Time left: 300 sec this turn | 300 sec total\n|\n|t:|1783562551\n|move|p2a: Grimmsnarl|Thunder Wave|p1a: Passimian\n|-status|p1a: Passimian|par\n|move|p1a: Passimian|Drain Punch|p2a: Grimmsnarl\n|-damage|p2a: Grimmsnarl|0 fnt\n|faint|p2a: Grimmsnarl\n|\n|upkeep\n|\n|t:|1783562552\n|switch|p2a: Necrozma|Necrozma-Dusk-Mane, L69|47/100\n|turn|6\n|inactive|Time left: 300 sec this turn | 300 sec total\n|\n|t:|1783562553\n|move|p2a: Necrozma|Dragon Dance|p2a: Necrozma\n|-boost|p2a: Necrozma|atk|1\n|-boost|p2a: Necrozma|spe|1\n|move|p1a: Passimian|Drain Punch|p2a: Necrozma\n|-damage|p2a: Necrozma|11/100\n|\n|upkeep\n|turn|7\n|inactive|Time left: 300 sec this turn | 300 sec total\n|\n|t:|1783562553\n|move|p2a: Necrozma|Photon Geyser|p1a: Passimian\n|-supereffective|p1a: Passimian\n|-damage|p1a: Passimian|78/302 par\n|move|p1a: Passimian|Drain Punch|p2a: Necrozma\n|-damage|p2a: Necrozma|0 fnt\n|-heal|p1a: Passimian|92/302 par|[from] drain|[of] p2a: Necrozma\n|faint|p2a: Necrozma\n|\n|-heal|p1a: Passimian|110/302 par|[from] item: Leftovers\n|upkeep\n|\n|t:|1783562554\n|switch|p2a: Flapple|Flapple, L88, M|100/100\n|turn|8\n|inactive|Time left: 300 sec this turn | 300 sec total\n|\n|t:|1783562555\n|move|p2a: Flapple|Outrage|p1a: Passimian\n|-damage|p1a: Passimian|0 fnt\n|faint|p1a: Passimian\n|\n|upkeep\n|inactive|Time left: 300 sec this turn | 300 sec total | 5 sec grace\n|\n|t:|1783562556\n|switch|p1a: Granbull|Granbull, L88, M|302/302\n|-ability|p1a: Granbull|Intimidate|boost\n|-unboost|p2a: Flapple|atk|1\n|turn|9\n|inactive|Time left: 300 sec this turn | 300 sec total\n|\n|t:|1783562557\n|move|p2a: Flapple|Outrage|p1a: Granbull|[from] lockedmove\n|-immune|p1a: Granbull\n|move|p1a: Granbull|Play Rough|p2a: Flapple|[miss]\n|-miss|p1a: Granbull|p2a: Flapple\n|\n|upkeep\n|turn|10\n|inactive|Time left: 300 sec this turn | 300 sec total\n|\n|t:|1783562558\n|move|p2a: Flapple|Grav Apple|p1a: Granbull\n|-damage|p1a: Granbull|193/302\n|-unboost|p1a: Granbull|def|1\n|move|p1a: Granbull|Play Rough|p2a: Flapple\n|-supereffective|p2a: Flapple\n|-damage|p2a: Flapple|54/100\n|\n|-heal|p1a: Granbull|211/302|[from] item: Leftovers\n|-sideend|p2: p0y20104062|Reflect\n|upkeep\n|turn|11\n|inactive|Time left: 300 sec this turn | 300 sec total\n|\n|t:|1783562559\n|switch|p1a: Dialga|Dialga, L73|266/266\n|-ability|p1a: Dialga|Pressure\n|move|p2a: Flapple|Dragon Dance|p2a: Flapple\n|-boost|p2a: Flapple|atk|1\n|-boost|p2a: Flapple|spe|1\n|\n|-sideend|p2: p0y20104062|move: Light Screen\n|upkeep\n|turn|12\n|inactive|Time left: 300 sec this turn | 300 sec total\n|\n|t:|1783562560\n|move|p2a: Flapple|Outrage|p1a: Dialga\n|-damage|p1a: Dialga|43/266\n|move|p1a: Dialga|Heavy Slam|p2a: Flapple\n|-damage|p2a: Flapple|13/100\n|\n|-heal|p1a: Dialga|59/266|[from] item: Leftovers\n|upkeep\n|turn|13\n|inactive|Time left: 300 sec this turn | 300 sec total\n|\n|t:|1783562561\n|switch|p1a: Granbull|Granbull, L88, M|211/302\n|-ability|p1a: Granbull|Intimidate|boost\n|-unboost|p2a: Flapple|atk|1\n|move|p2a: Flapple|Outrage|p1a: Granbull|[from] lockedmove\n|-immune|p1a: Granbull\n|-start|p2a: Flapple|confusion|[fatigue]\n|\n|-heal|p1a: Granbull|229/302|[from] item: Leftovers\n|upkeep\n|turn|14\n|inactive|Time left: 300 sec this turn | 300 sec total\n|\n|t:|1783562562\n|switch|p2a: Incineroar|Incineroar, L82, M|100/100\n|-ability|p2a: Incineroar|Intimidate|boost\n|-unboost|p1a: Granbull|atk|1\n|move|p1a: Granbull|Earthquake|p2a: Incineroar\n|-supereffective|p2a: Incineroar\n|-damage|p2a: Incineroar|58/100\n|\n|-heal|p1a: Granbull|247/302|[from] item: Leftovers\n|upkeep\n|turn|15\n|inactive|Time left: 300 sec this turn | 300 sec total\n|\n|t:|1783562563\n|move|p2a: Incineroar|Knock Off|p1a: Granbull\n|-resisted|p1a: Granbull\n|-damage|p1a: Granbull|187/302\n|-enditem|p1a: Granbull|Leftovers|[from] move: Knock Off|[of] p2a: Incineroar\n|move|p1a: Granbull|Play Rough|p2a: Incineroar\n|-damage|p2a: Incineroar|29/100\n|\n|upkeep\n|turn|16\n|inactive|Time left: 300 sec this turn | 300 sec total\n|\n|t:|1783562564\n|move|p2a: Incineroar|Flare Blitz|p1a: Granbull\n|-damage|p1a: Granbull|40/302\n|-damage|p2a: Incineroar|13/100|[from] Recoil\n|move|p1a: Granbull|Earthquake|p2a: Incineroar\n|-supereffective|p2a: Incineroar\n|-damage|p2a: Incineroar|0 fnt\n|faint|p2a: Incineroar\n|\n|upkeep\n|\n|t:|1783562565\n|switch|p2a: Flapple|Flapple, L88, M|13/100\n|turn|17\n|inactive|Time left: 300 sec this turn | 300 sec total\n|\n|t:|1783562566\n|move|p2a: Flapple|Tera Blast|p1a: Granbull\n|-damage|p1a: Granbull|0 fnt\n|faint|p1a: Granbull\n|\n|upkeep\n|inactive|Time left: 300 sec this turn | 300 sec total | 5 sec grace\n|\n|t:|1783562567\n|switch|p1a: Talonflame|Talonflame, L83, F|265/265\n|turn|18\n|inactive|Time left: 300 sec this turn | 300 sec total\n|\n|t:|1783562568\n|switch|p2a: Probopass|Probopass, L91, F|100/100\n|move|p1a: Talonflame|Tera Blast|p2a: Probopass\n|-resisted|p2a: Probopass\n|-damage|p2a: Probopass|98/100\n|\n|upkeep\n|turn|19\n|inactive|Time left: 300 sec this turn | 300 sec total\n|\n|t:|1783562569\n|-terastallize|p1a: Talonflame|Ground\n|move|p1a: Talonflame|Tera Blast|p2a: Probopass|[anim] Tera Blast Ground\n|-supereffective|p2a: Probopass\n|-damage|p2a: Probopass|26/100\n|move|p2a: Probopass|Power Gem|p1a: Talonflame\n|-resisted|p1a: Talonflame\n|-damage|p1a: Talonflame|214/265\n|\n|upkeep\n|turn|20\n|inactive|Time left: 300 sec this turn | 300 sec total\n|\n|t:|1783562570\n|move|p1a: Talonflame|Flare Blitz|p2a: Probopass\n|-damage|p2a: Probopass|0 fnt\n|faint|p2a: Probopass\n|-damage|p1a: Talonflame|192/265|[from] Recoil\n|\n|upkeep\n|\n|t:|1783562571\n|switch|p2a: Sceptile|Sceptile, L87, M|100/100\n|turn|21\n|inactive|Time left: 300 sec this turn | 300 sec total\n|\n|t:|1783562572\n|switch|p1a: Mesprit|Mesprit, L85|275/275\n|move|p2a: Sceptile|Giga Drain|p1a: Mesprit\n|-damage|p1a: Mesprit|172/275\n|-damage|p2a: Sceptile|91/100|[from] item: Life Orb\n|\n|-heal|p1a: Mesprit|189/275|[from] item: Leftovers\n|upkeep\n|turn|22\n|inactive|Time left: 300 sec this turn | 300 sec total\n|\n|t:|1783562573\n|move|p2a: Sceptile|Giga Drain|p1a: Mesprit\n|-damage|p1a: Mesprit|88/275\n|-heal|p2a: Sceptile|100/100|[from] drain|[of] p1a: Mesprit\n|-damage|p2a: Sceptile|91/100|[from] item: Life Orb\n|move|p1a: Mesprit|Psychic Noise|p2a: Sceptile\n|-damage|p2a: Sceptile|59/100\n|-start|p2a: Sceptile|move: Heal Block\n|\n|-heal|p1a: Mesprit|105/275|[from] item: Leftovers\n|upkeep\n|turn|23\n|inactive|Time left: 300 sec this turn | 300 sec total\n|\n|t:|1783562575\n|move|p2a: Sceptile|Rock Slide|p1a: Mesprit|[miss]\n|-miss|p2a: Sceptile|p1a: Mesprit\n|move|p1a: Mesprit|Knock Off|p2a: Sceptile\n|-damage|p2a: Sceptile|22/100\n|-enditem|p2a: Sceptile|Life Orb|[from] move: Knock Off|[of] p1a: Mesprit\n|\n|-heal|p1a: Mesprit|122/275|[from] item: Leftovers\n|-end|p2a: Sceptile|move: Heal Block\n|upkeep\n|turn|24\n|inactive|Time left: 300 sec this turn | 300 sec total\n|\n|t:|1783562576\n|switch|p1a: Dialga|Dialga, L73|59/266\n|-ability|p1a: Dialga|Pressure\n|move|p2a: Sceptile|Giga Drain|p1a: Dialga\n|-resisted|p1a: Dialga\n|-damage|p1a: Dialga|24/266\n|-heal|p2a: Sceptile|29/100|[from] drain|[of] p1a: Dialga\n|\n|-heal|p1a: Dialga|40/266|[from] item: Leftovers\n|upkeep\n|turn|25\n|inactive|Time left: 300 sec this turn | 300 sec total\n|\n|t:|1783562577\n|move|p2a: Sceptile|Earthquake|p1a: Dialga\n|-supereffective|p1a: Dialga\n|-damage|p1a: Dialga|0 fnt\n|faint|p1a: Dialga\n|\n|upkeep\n|inactive|Time left: 300 sec this turn | 300 sec total | 5 sec grace\n|\n|t:|1783562578\n|switch|p1a: Mesprit|Mesprit, L85|122/275\n|turn|26\n|inactive|Time left: 300 sec this turn | 300 sec total\n|\n|t:|1783562579\n|move|p2a: Sceptile|Giga Drain|p1a: Mesprit\n|-damage|p1a: Mesprit|0 fnt\n|-heal|p2a: Sceptile|52/100|[from] drain|[of] p1a: Mesprit\n|faint|p1a: Mesprit\n|\n|upkeep\n|inactive|Time left: 300 sec this turn | 300 sec total | 5 sec grace\n|\n|t:|1783562579\n|switch|p1a: Basculegion|Basculegion, L80, M|323/323\n|turn|27\n|inactive|Time left: 300 sec this turn | 300 sec total\n|\n|t:|1783562580\n|move|p2a: Sceptile|Giga Drain|p1a: Basculegion\n|-supereffective|p1a: Basculegion\n|-damage|p1a: Basculegion|185/323\n|-heal|p2a: Sceptile|79/100|[from] drain|[of] p1a: Basculegion\n|move|p1a: Basculegion|Shadow Ball|p2a: Sceptile\n|-damage|p2a: Sceptile|47/100\n|\n|upkeep\n|turn|28\n|inactive|Time left: 300 sec this turn | 300 sec total\n|\n|t:|1783562581\n|move|p2a: Sceptile|Giga Drain|p1a: Basculegion\n|-supereffective|p1a: Basculegion\n|-damage|p1a: Basculegion|33/323\n|-heal|p2a: Sceptile|76/100|[from] drain|[of] p1a: Basculegion\n|move|p1a: Basculegion|Shadow Ball|p2a: Sceptile\n|-crit|p2a: Sceptile\n|-damage|p2a: Sceptile|25/100\n|\n|upkeep\n|turn|29\n|inactive|Time left: 300 sec this turn | 300 sec total\n|\n|t:|1783562582\n|move|p2a: Sceptile|Giga Drain|p1a: Basculegion\n|-supereffective|p1a: Basculegion\n|-damage|p1a: Basculegion|0 fnt\n|-heal|p2a: Sceptile|32/100|[from] drain|[of] p1a: Basculegion\n|faint|p1a: Basculegion\n|\n|upkeep\n|inactive|Time left: 300 sec this turn | 300 sec total | 5 sec grace\n|\n|t:|1783562583\n|switch|p1a: Talonflame|Talonflame, L83, F, tera:Ground|192/265\n|turn|30\n|inactive|Time left: 300 sec this turn | 300 sec total\n|\n|t:|1783562584\n|-terastallize|p2a: Sceptile|Ground\n|move|p2a: Sceptile|Giga Drain|p1a: Talonflame\n|-supereffective|p1a: Talonflame\n|-damage|p1a: Talonflame|0 fnt\n|-heal|p2a: Sceptile|68/100|[from] drain|[of] p1a: Talonflame\n|faint|p1a: Talonflame\n|\n|win|p0y20104062", "uploadtime": 1783562584, "views": 0, "rating": 0, "private": 0, "password": null, "_winner": "p0y20104062", "_our_name": "p0x2010f21e"}