{"id": "battle-gen9randombattle-852", "formatid": "gen9randombattle", "format": "[Gen 9] Random Battle", "players": ["p0x852f693", "p0y852bcf6"], "log": "|init|battle\n|title|p0x852f693 vs. p0y852bcf6\n|j|\u2606p0x852f693\n|j|\u2606p0y852bcf6\n|t:|1783549767\n|gametype|singles\n|player|p1|p0x852f693|266|\n|player|p2|p0y852bcf6|170|\n|gen|9\n|tier|[Gen 9] Random Battle\n|rule|Species Clause: Limit one of each Pok\u00e9mon\n|rule|HP Percentage Mod: HP is shown in percentages\n|rule|Sleep Clause Mod: Limit one foe put to sleep\n|rule|Illusion Level Mod: Illusion disguises the Pok\u00e9mon's true level\n|\n|t:|1783549767\n|teamsize|p1|6\n|teamsize|p2|6\n|start\n|switch|p1a: Dragonite|Dragonite, L74, M|257/257\n|switch|p2a: Minun|Minun, L95, F|100/100\n|turn|1\n|inactive|Battle timer is ON: inactive players will automatically lose when time's up. (requested by p0x852f693)\n|inactive|p0y852bcf6 also wants the timer to be on.\n|\n|t:|1783549769\n|switch|p2a: Diancie|Diancie, L82|100/100\n|move|p1a: Dragonite|Outrage|p2a: Diancie\n|-immune|p2a: Diancie\n|\n|upkeep\n|turn|2\n|inactive|Time left: 300 sec this turn | 300 sec total\n|\n|t:|1783549770\n|move|p1a: Dragonite|Dragon Dance|p1a: Dragonite\n|-boost|p1a: Dragonite|atk|1\n|-boost|p1a: Dragonite|spe|1\n|move|p2a: Diancie|Diamond Storm|p1a: Dragonite\n|-supereffective|p1a: Dragonite\n|-crit|p1a: Dragonite\n|-damage|p1a: Dragonite|86/257\n|\n|upkeep\n|turn|3\n|inactive|Time left: 300 sec this turn | 300 sec total\n|\n|t:|1783549771\n|move|p1a: Dragonite|Iron Head|p2a: Diancie\n|-supereffective|p2a: Diancie\n|-damage|p2a: Diancie|0 fnt\n|faint|p2a: Diancie\n|\n|upkeep\n|\n|t:|1783549772\n|switch|p2a: Swampert|Swampert, L83, M|100/100\n|turn|4\n|inactive|Time left: 300 sec this turn | 300 sec total\n|\n|t:|1783549773\n|move|p1a: Dragonite|Outrage|p2a: Swampert\n|-damage|p2a: Swampert|36/100\n|move|p2a: Swampert|Ice Beam|p1a: Dragonite\n|-supereffective|p1a: Dragonite\n|-damage|p1a: Dragonite|0 fnt\n|faint|p1a: Dragonite\n|\n|-heal|p2a: Swampert|42/100|[from] item: Leftovers\n|upkeep\n|inactive|Time left: 300 sec this turn | 300 sec total | 5 sec grace\n|\n|t:|1783549774\n|switch|p1a: Scovillain|Scovillain, L91, M|266/266\n|turn|5\n|inactive|Time left: 300 sec this turn | 300 sec total\n|\n|t:|1783549776\n|move|p1a: Scovillain|Energy Ball|p2a: Swampert\n|-supereffective|p2a: Swampert\n|-damage|p2a: Swampert|0 fnt\n|faint|p2a: Swampert\n|\n|upkeep\n|\n|t:|1783549777\n|switch|p2a: Forretress|Forretress, L84, M|100/100\n|turn|6\n|inactive|Time left: 300 sec this turn | 300 sec total\n|\n|t:|1783549778\n|move|p1a: Scovillain|Energy Ball|p2a: Forretress\n|-resisted|p2a: Forretress\n|-damage|p2a: Forretress|86/100\n|move|p2a: Forretress|Stealth Rock|p1a: Scovillain\n|-sidestart|p1: p0x852f693|move: Stealth Rock\n|\n|-heal|p2a: Forretress|93/100|[from] item: Leftovers\n|upkeep\n|turn|7\n|inactive|Time left: 300 sec this turn | 300 sec total\n|\n|t:|1783549779\n|move|p1a: Scovillain|Energy Ball|p2a: Forretress\n|-resisted|p2a: Forretress\n|-damage|p2a: Forretress|77/100\n|move|p2a: Forretress|Rapid Spin|p1a: Scovillain\n|-damage|p1a: Scovillain|228/266\n|-boost|p2a: Forretress|spe|1\n|\n|-heal|p2a: Forretress|83/100|[from] item: Leftovers\n|upkeep\n|turn|8\n|inactive|Time left: 300 sec this turn | 300 sec total\n|\n|t:|1783549780\n|move|p1a: Scovillain|Energy Ball|p2a: Forretress\n|-resisted|p2a: Forretress\n|-damage|p2a: Forretress|69/100\n|move|p2a: Forretress|Thunder Wave|p1a: Scovillain\n|-status|p1a: Scovillain|par\n|\n|-heal|p2a: Forretress|75/100|[from] item: Leftovers\n|upkeep\n|turn|9\n|inactive|Time left: 300 sec this turn | 300 sec total\n|\n|t:|1783549781\n|move|p2a: Forretress|Iron Head|p1a: Scovillain\n|-resisted|p1a: Scovillain\n|-damage|p1a: Scovillain|183/266 par\n|move|p1a: Scovillain|Energy Ball|p2a: Forretress\n|-resisted|p2a: Forretress\n|-damage|p2a: Forretress|61/100\n|\n|-heal|p2a: Forretress|67/100|[from] item: Leftovers\n|upkeep\n|turn|10\n|inactive|Time left: 300 sec this turn | 300 sec total\n|\n|t:|1783549782\n|move|p2a: Forretress|Iron Head|p1a: Scovillain\n|-resisted|p1a: Scovillain\n|-damage|p1a: Scovillain|134/266 par\n|move|p1a: Scovillain|Energy Ball|p2a: Forretress\n|-resisted|p2a: Forretress\n|-damage|p2a: Forretress|52/100\n|\n|-heal|p2a: Forretress|58/100|[from] item: Leftovers\n|upkeep\n|turn|11\n|inactive|Time left: 300 sec this turn | 300 sec total\n|\n|t:|1783549783\n|move|p2a: Forretress|Iron Head|p1a: Scovillain\n|-resisted|p1a: Scovillain\n|-damage|p1a: Scovillain|86/266 par\n|cant|p1a: Scovillain|flinch\n|\n|-heal|p2a: Forretress|64/100|[from] item: Leftovers\n|upkeep\n|turn|12\n|inactive|Time left: 300 sec this turn | 300 sec total\n|\n|t:|1783549784\n|switch|p1a: Rotom|Rotom-Mow, L87|229/229\n|-damage|p1a: Rotom|201/229|[from] Stealth Rock\n|move|p2a: Forretress|Iron Head|p1a: Rotom\n|-resisted|p1a: Rotom\n|-damage|p1a: Rotom|166/229\n|\n|-heal|p1a: Rotom|180/229|[from] item: Leftovers\n|-heal|p2a: Forretress|70/100|[from] item: Leftovers\n|upkeep\n|turn|13\n|inactive|Time left: 300 sec this turn | 300 sec total\n|\n|t:|1783549786\n|move|p1a: Rotom|Nasty Plot|p1a: Rotom\n|-boost|p1a: Rotom|spa|2\n|move|p2a: Forretress|Rapid Spin|p1a: Rotom\n|-damage|p1a: Rotom|151/229\n|-boost|p2a: Forretress|spe|1\n|\n|-heal|p2a: Forretress|76/100|[from] item: Leftovers\n|-heal|p1a: Rotom|165/229|[from] item: Leftovers\n|upkeep\n|turn|14\n|inactive|Time left: 300 sec this turn | 300 sec total\n|\n|t:|1783549787\n|switch|p2a: Minun|Minun, L95, F|100/100\n|move|p1a: Rotom|Thunderbolt|p2a: Minun\n|-immune|p2a: Minun|[from] ability: Volt Absorb\n|\n|-heal|p1a: Rotom|179/229|[from] item: Leftovers\n|upkeep\n|turn|15\n|inactive|Time left: 300 sec this turn | 300 sec total\n|\n|t:|1783549788\n|switch|p2a: Forretress|Forretress, L84, M|76/100\n|move|p1a: Rotom|Leaf Storm|p2a: Forretress\n|-resisted|p2a: Forretress\n|-damage|p2a: Forretress|36/100\n|-unboost|p1a: Rotom|spa|2\n|\n|-heal|p1a: Rotom|193/229|[from] item: Leftovers\n|-heal|p2a: Forretress|42/100|[from] item: Leftovers\n|upkeep\n|turn|16\n|inactive|Time left: 300 sec this turn | 300 sec total\n|\n|t:|1783549789\n|switch|p2a: Minun|Minun, L95, F|100/100\n|move|p1a: Rotom|Nasty Plot|p1a: Rotom\n|-boost|p1a: Rotom|spa|2\n|\n|-heal|p1a: Rotom|207/229|[from] item: Leftovers\n|upkeep\n|turn|17\n|inactive|Time left: 300 sec this turn | 300 sec total\n|\n|t:|1783549790\n|switch|p2a: Forretress|Forretress, L84, M|42/100\n|move|p1a: Rotom|Leaf Storm|p2a: Forretress\n|-resisted|p2a: Forretress\n|-damage|p2a: Forretress|6/100\n|-unboost|p1a: Rotom|spa|2\n|\n|-heal|p1a: Rotom|221/229|[from] item: Leftovers\n|-heal|p2a: Forretress|12/100|[from] item: Leftovers\n|upkeep\n|turn|18\n|inactive|Time left: 300 sec this turn | 300 sec total\n|\n|t:|1783549791\n|move|p1a: Rotom|Nasty Plot|p1a: Rotom\n|-boost|p1a: Rotom|spa|2\n|move|p2a: Forretress|Rapid Spin|p1a: Rotom\n|-damage|p1a: Rotom|194/229\n|-boost|p2a: Forretress|spe|1\n|\n|-heal|p1a: Rotom|208/229|[from] item: Leftovers\n|-heal|p2a: Forretress|18/100|[from] item: Leftovers\n|upkeep\n|turn|19\n|inactive|Time left: 300 sec this turn | 300 sec total\n|\n|t:|1783549792\n|move|p1a: Rotom|Thunderbolt|p2a: Forretress\n|-damage|p2a: Forretress|0 fnt\n|faint|p2a: Forretress\n|\n|-heal|p1a: Rotom|222/229|[from] item: Leftovers\n|upkeep\n|\n|t:|1783549793\n|switch|p2a: Palkia|Palkia-Origin, L72|100/100\n|-ability|p2a: Palkia|Pressure\n|turn|20\n|inactive|Time left: 300 sec this turn | 300 sec total\n|\n|t:|1783549794\n|move|p2a: Palkia|Fire Blast|p1a: Rotom\n|-supereffective|p1a: Rotom\n|-damage|p1a: Rotom|78/229\n|move|p1a: Rotom|Leaf Storm|p2a: Palkia\n|-damage|p2a: Palkia|0 fnt\n|-unboost|p1a: Rotom|spa|2\n|faint|p2a: Palkia\n|\n|-heal|p1a: Rotom|92/229|[from] item: Leftovers\n|upkeep\n|\n|t:|1783549795\n|switch|p2a: Necrozma|Necrozma, L80|100/100\n|turn|21\n|inactive|Time left: 300 sec this turn | 300 sec total\n|\n|t:|1783549796\n|move|p1a: Rotom|Thunderbolt|p2a: Necrozma\n|-damage|p2a: Necrozma|62/100\n|move|p2a: Necrozma|Photon Geyser|p1a: Rotom\n|-damage|p1a: Rotom|0 fnt\n|faint|p1a: Rotom\n|\n|-heal|p2a: Necrozma|68/100|[from] item: Leftovers\n|upkeep\n|inactive|Time left: 300 sec this turn | 300 sec total | 5 sec grace\n|\n|t:|1783549797\n|switch|p1a: Spiritomb|Spiritomb, L89, F|234/234\n|-damage|p1a: Spiritomb|205/234|[from] Stealth Rock\n|turn|22\n|inactive|Time left: 300 sec this turn | 300 sec total\n|\n|t:|1783549798\n|-terastallize|p2a: Necrozma|Ground\n|move|p2a: Necrozma|Calm Mind|p2a: Necrozma\n|-boost|p2a: Necrozma|spa|1\n|-boost|p2a: Necrozma|spd|1\n|move|p1a: Spiritomb|Poltergeist|p2a: Necrozma\n|-activate|p2a: Necrozma|move: Poltergeist|Leftovers\n|-damage|p2a: Necrozma|28/100\n|\n|-heal|p2a: Necrozma|34/100|[from] item: Leftovers\n|-heal|p1a: Spiritomb|219/234|[from] item: Leftovers\n|upkeep\n|turn|23\n|inactive|Time left: 300 sec this turn | 300 sec total\n|\n|t:|1783549799\n|move|p2a: Necrozma|Moonlight|p2a: Necrozma\n|-heal|p2a: Necrozma|84/100\n|move|p1a: Spiritomb|Foul Play|p2a: Necrozma\n|-damage|p2a: Necrozma|53/100\n|\n|-heal|p2a: Necrozma|59/100|[from] item: Leftovers\n|-heal|p1a: Spiritomb|233/234|[from] item: Leftovers\n|upkeep\n|turn|24\n|inactive|Time left: 300 sec this turn | 300 sec total\n|\n|t:|1783549800\n|move|p2a: Necrozma|Earth Power|p1a: Spiritomb\n|-damage|p1a: Spiritomb|107/234\n|move|p1a: Spiritomb|Poltergeist|p2a: Necrozma\n|-activate|p2a: Necrozma|move: Poltergeist|Leftovers\n|-damage|p2a: Necrozma|16/100\n|\n|-heal|p2a: Necrozma|21/100|[from] item: Leftovers\n|-heal|p1a: Spiritomb|121/234|[from] item: Leftovers\n|upkeep\n|turn|25\n|inactive|Time left: 300 sec this turn | 300 sec total\n|\n|t:|1783549802\n|move|p2a: Necrozma|Moonlight|p2a: Necrozma\n|-heal|p2a: Necrozma|71/100\n|move|p1a: Spiritomb|Toxic|p2a: Necrozma\n|-status|p2a: Necrozma|tox\n|\n|-heal|p2a: Necrozma|77/100 tox|[from] item: Leftovers\n|-heal|p1a: Spiritomb|135/234|[from] item: Leftovers\n|-damage|p2a: Necrozma|71/100 tox|[from] psn\n|upkeep\n|turn|26\n|inactive|Time left: 300 sec this turn | 300 sec total\n|\n|t:|1783549803\n|move|p2a: Necrozma|Earth Power|p1a: Spiritomb\n|-damage|p1a: Spiritomb|0 fnt\n|faint|p1a: Spiritomb\n|\n|-heal|p2a: Necrozma|77/100 tox|[from] item: Leftovers\n|-damage|p2a: Necrozma|66/100 tox|[from] psn\n|upkeep\n|inactive|Time left: 300 sec this turn | 300 sec total | 5 sec grace\n|\n|t:|1783549804\n|switch|p1a: Chansey|Chansey, L85, F|564/564\n|-damage|p1a: Chansey|494/564|[from] Stealth Rock\n|turn|27\n|inactive|Time left: 300 sec this turn | 300 sec total\n|\n|t:|1783549804\n|move|p2a: Necrozma|Moonlight|p2a: Necrozma\n|-heal|p2a: Necrozma|100/100 tox\n|move|p1a: Chansey|Seismic Toss|p2a: Necrozma\n|-damage|p2a: Necrozma|71/100 tox\n|\n|-heal|p2a: Necrozma|77/100 tox|[from] item: Leftovers\n|-damage|p2a: Necrozma|59/100 tox|[from] psn\n|upkeep\n|turn|28\n|inactive|Time left: 300 sec this turn | 300 sec total\n|\n|t:|1783549805\n|move|p2a: Necrozma|Moonlight|p2a: Necrozma\n|-heal|p2a: Necrozma|100/100 tox\n|move|p1a: Chansey|Seismic Toss|p2a: Necrozma\n|-damage|p2a: Necrozma|71/100 tox\n|\n|-heal|p2a: Necrozma|77/100 tox|[from] item: Leftovers\n|-damage|p2a: Necrozma|53/100 tox|[from] psn\n|upkeep\n|turn|29\n|inactive|Time left: 300 sec this turn | 300 sec total\n|\n|t:|1783549806\n|switch|p2a: Minun|Minun, L95, F|100/100\n|move|p1a: Chansey|Seismic Toss|p2a: Minun\n|-damage|p2a: Minun|69/100\n|\n|upkeep\n|turn|30\n|inactive|Time left: 300 sec this turn | 300 sec total\n|\n|t:|1783549807\n|move|p2a: Minun|Nasty Plot|p2a: Minun\n|-boost|p2a: Minun|spa|2\n|move|p1a: Chansey|Seismic Toss|p2a: Minun\n|-damage|p2a: Minun|37/100\n|\n|upkeep\n|turn|31\n|inactive|Time left: 300 sec this turn | 300 sec total\n|\n|t:|1783549808\n|move|p2a: Minun|Thunderbolt|p1a: Chansey\n|-damage|p1a: Chansey|342/564\n|-damage|p2a: Minun|27/100|[from] item: Life Orb\n|move|p1a: Chansey|Seismic Toss|p2a: Minun\n|-damage|p2a: Minun|0 fnt\n|faint|p2a: Minun\n|\n|upkeep\n|\n|t:|1783549809\n|switch|p2a: Necrozma|Necrozma, L80, tera:Ground|53/100 tox\n|turn|32\n|inactive|Time left: 300 sec this turn | 300 sec total\n|\n|t:|1783549810\n|move|p2a: Necrozma|Moonlight|p2a: Necrozma\n|-heal|p2a: Necrozma|100/100 tox\n|move|p1a: Chansey|Seismic Toss|p2a: Necrozma\n|-damage|p2a: Necrozma|71/100 tox\n|\n|-heal|p2a: Necrozma|77/100 tox|[from] item: Leftovers\n|-damage|p2a: Necrozma|71/100 tox|[from] psn\n|upkeep\n|turn|33\n|inactive|Time left: 300 sec this turn | 300 sec total\n|\n|t:|1783549811\n|move|p2a: Necrozma|Calm Mind|p2a: Necrozma\n|-boost|p2a: Necrozma|spa|1\n|-boost|p2a: Necrozma|spd|1\n|move|p1a: Chansey|Seismic Toss|p2a: Necrozma\n|-damage|p2a: Necrozma|41/100 tox\n|\n|-heal|p2a: Necrozma|47/100 tox|[from] item: Leftovers\n|-damage|p2a: Necrozma|35/100 tox|[from] psn\n|upkeep\n|turn|34\n|inactive|Time left: 300 sec this turn | 300 sec total\n|\n|t:|1783549812\n|-terastallize|p1a: Chansey|Fairy\n|move|p2a: Necrozma|Moonlight|p2a: Necrozma\n|-heal|p2a: Necrozma|85/100 tox\n|move|p1a: Chansey|Seismic Toss|p2a: Necrozma\n|-damage|p2a: Necrozma|55/100 tox\n|\n|-heal|p2a: Necrozma|61/100 tox|[from] item: Leftovers\n|-damage|p2a: Necrozma|44/100 tox|[from] psn\n|upkeep\n|turn|35\n|inactive|Time left: 300 sec this turn | 300 sec total\n|\n|t:|1783549813\n|move|p2a: Necrozma|Moonlight|p2a: Necrozma\n|-heal|p2a: Necrozma|94/100 tox\n|move|p1a: Chansey|Seismic Toss|p2a: Necrozma\n|-damage|p2a: Necrozma|64/100 tox\n|\n|-heal|p2a: Necrozma|70/100 tox|[from] item: Leftovers\n|-damage|p2a: Necrozma|46/100 tox|[from] psn\n|upkeep\n|turn|36\n|inactive|Time left: 300 sec this turn | 300 sec total\n|\n|t:|1783549814\n|switch|p1a: Registeel|Registeel, L81|262/262\n|-damage|p1a: Registeel|246/262|[from] Stealth Rock\n|move|p2a: Necrozma|Moonlight|p2a: Necrozma\n|-heal|p2a: Necrozma|96/100 tox\n|\n|-heal|p2a: Necrozma|100/100 tox|[from] item: Leftovers\n|-damage|p2a: Necrozma|71/100 tox|[from] psn\n|upkeep\n|turn|37\n|inactive|Time left: 300 sec this turn | 300 sec total\n|\n|t:|1783549815\n|switch|p1a: Scovillain|Scovillain, L91, M|86/266 par\n|-damage|p1a: Scovillain|20/266 par|[from] Stealth Rock\n|move|p2a: Necrozma|Calm Mind|p2a: Necrozma\n|-boost|p2a: Necrozma|spa|1\n|-boost|p2a: Necrozma|spd|1\n|\n|-heal|p2a: Necrozma|77/100 tox|[from] item: Leftovers\n|-damage|p2a: Necrozma|41/100 tox|[from] psn\n|upkeep\n|turn|38\n|inactive|Time left: 300 sec this turn | 300 sec total\n|\n|t:|1783549816\n|move|p2a: Necrozma|Photon Geyser|p1a: Scovillain\n|-damage|p1a: Scovillain|0 fnt\n|faint|p1a: Scovillain\n|\n|-heal|p2a: Necrozma|47/100 tox|[from] item: Leftovers\n|-damage|p2a: Necrozma|5/100 tox|[from] psn\n|upkeep\n|inactive|Time left: 300 sec this turn | 300 sec total | 5 sec grace\n|\n|t:|1783549816\n|switch|p1a: Registeel|Registeel, L81|246/262\n|-damage|p1a: Registeel|230/262|[from] Stealth Rock\n|turn|39\n|inactive|Time left: 300 sec this turn | 300 sec total\n|\n|t:|1783549817\n|move|p2a: Necrozma|Photon Geyser|p1a: Registeel\n|-resisted|p1a: Registeel\n|-damage|p1a: Registeel|154/262\n|move|p1a: Registeel|Rest|p1a: Registeel\n|-status|p1a: Registeel|slp|[from] move: Rest\n|-heal|p1a: Registeel|262/262 slp|[silent]\n|-enditem|p1a: Registeel|Chesto Berry|[eat]\n|-curestatus|p1a: Registeel|slp|[msg]\n|\n|-heal|p2a: Necrozma|11/100 tox|[from] item: Leftovers\n|-damage|p2a: Necrozma|0 fnt|[from] psn\n|faint|p2a: Necrozma\n|\n|win|p0x852f693", "uploadtime": 1783549817, "views": 0, "rating": 0, "private": 0, "password": null, "_winner": "p0x852f693", "_our_name": "p0x852f693"}