{"id": "battle-gen9randombattle-1156", "formatid": "gen9randombattle", "format": "[Gen 9] Random Battle", "players": ["p0x11569faf", "p0y11565f3e"], "log": "|init|battle\n|title|p0x11569faf vs. p0y11565f3e\n|j|\u2606p0x11569faf\n|j|\u2606p0y11565f3e\n|t:|1783552545\n|gametype|singles\n|player|p1|p0x11569faf|266|\n|player|p2|p0y11565f3e|265|\n|gen|9\n|tier|[Gen 9] Random Battle\n|rule|Species Clause: Limit one of each Pok\u00e9mon\n|rule|HP Percentage Mod: HP is shown in percentages\n|rule|Sleep Clause Mod: Limit one foe put to sleep\n|rule|Illusion Level Mod: Illusion disguises the Pok\u00e9mon's true level\n|\n|t:|1783552545\n|teamsize|p1|6\n|teamsize|p2|6\n|start\n|switch|p1a: Typhlosion|Typhlosion-Hisui, L83, M|257/257\n|switch|p2a: Honchkrow|Honchkrow, L86, F|100/100\n|turn|1\n|inactive|Battle timer is ON: inactive players will automatically lose when time's up. (requested by p0x11569faf)\n|inactive|p0y11565f3e also wants the timer to be on.\n|\n|t:|1783552546\n|-terastallize|p1a: Typhlosion|Fire\n|move|p1a: Typhlosion|Eruption|p2a: Honchkrow\n|-damage|p2a: Honchkrow|0 fnt\n|faint|p2a: Honchkrow\n|\n|upkeep\n|\n|t:|1783552547\n|switch|p2a: Golduck|Golduck, L90, M|100/100\n|-ability|p2a: Golduck|Cloud Nine\n|turn|2\n|inactive|Time left: 300 sec this turn | 300 sec total\n|\n|t:|1783552547\n|move|p1a: Typhlosion|Eruption|p2a: Golduck\n|-resisted|p2a: Golduck\n|-damage|p2a: Golduck|59/100\n|move|p2a: Golduck|Nasty Plot|p2a: Golduck\n|-boost|p2a: Golduck|spa|2\n|\n|-heal|p2a: Golduck|65/100|[from] item: Leftovers\n|upkeep\n|turn|3\n|inactive|Time left: 300 sec this turn | 300 sec total\n|\n|t:|1783552548\n|move|p1a: Typhlosion|Eruption|p2a: Golduck\n|-resisted|p2a: Golduck\n|-damage|p2a: Golduck|23/100\n|move|p2a: Golduck|Hydro Pump|p1a: Typhlosion\n|-supereffective|p1a: Typhlosion\n|-damage|p1a: Typhlosion|0 fnt\n|faint|p1a: Typhlosion\n|\n|-heal|p2a: Golduck|29/100|[from] item: Leftovers\n|upkeep\n|inactive|Time left: 300 sec this turn | 300 sec total | 5 sec grace\n|\n|t:|1783552549\n|switch|p1a: Basculin|Basculin, L86, M|261/261\n|turn|4\n|inactive|Time left: 300 sec this turn | 300 sec total\n|\n|t:|1783552550\n|move|p1a: Basculin|Wave Crash|p2a: Golduck\n|-resisted|p2a: Golduck\n|-damage|p2a: Golduck|0 fnt\n|faint|p2a: Golduck\n|-damage|p1a: Basculin|233/261|[from] Recoil\n|\n|upkeep\n|\n|t:|1783552550\n|switch|p2a: Reuniclus|Reuniclus, L88, F|100/100\n|turn|5\n|inactive|Time left: 300 sec this turn | 300 sec total\n|\n|t:|1783552551\n|move|p1a: Basculin|Wave Crash|p2a: Reuniclus\n|-damage|p2a: Reuniclus|25/100\n|-damage|p1a: Basculin|149/261|[from] Recoil\n|move|p2a: Reuniclus|Psyshock|p1a: Basculin\n|-damage|p1a: Basculin|0 fnt\n|faint|p1a: Basculin\n|\n|upkeep\n|inactive|Time left: 300 sec this turn | 300 sec total | 5 sec grace\n|\n|t:|1783552552\n|switch|p1a: Kricketune|Kricketune, L99, F|312/312\n|turn|6\n|inactive|Time left: 300 sec this turn | 300 sec total\n|\n|t:|1783552553\n|switch|p2a: Mimikyu|Mimikyu, L79, M|100/100\n|move|p1a: Kricketune|Sticky Web|p2a: Mimikyu\n|-sidestart|p2: p0y11565f3e|move: Sticky Web\n|\n|upkeep\n|turn|7\n|inactive|Time left: 300 sec this turn | 300 sec total\n|\n|t:|1783552554\n|switch|p1a: Wyrdeer|Wyrdeer, L87, M|321/321\n|-ability|p1a: Wyrdeer|Intimidate|boost\n|-unboost|p2a: Mimikyu|atk|1\n|move|p2a: Mimikyu|Swords Dance|p2a: Mimikyu\n|-boost|p2a: Mimikyu|atk|2\n|\n|upkeep\n|turn|8\n|inactive|Time left: 300 sec this turn | 300 sec total\n|\n|t:|1783552555\n|move|p2a: Mimikyu|Swords Dance|p2a: Mimikyu\n|-boost|p2a: Mimikyu|atk|2\n|move|p1a: Wyrdeer|Psychic Noise|p2a: Mimikyu\n|-activate|p2a: Mimikyu|ability: Disguise\n|-damage|p2a: Mimikyu|100/100\n|-start|p2a: Mimikyu|move: Heal Block\n|detailschange|p2a: Mimikyu|Mimikyu-Busted, L79, M\n|-damage|p2a: Mimikyu|88/100|[from] pokemon: Mimikyu-Busted\n|\n|upkeep\n|turn|9\n|inactive|Time left: 300 sec this turn | 300 sec total\n|\n|t:|1783552556\n|-terastallize|p2a: Mimikyu|Fairy\n|move|p2a: Mimikyu|Play Rough|p1a: Wyrdeer\n|-damage|p1a: Wyrdeer|0 fnt\n|faint|p1a: Wyrdeer\n|-damage|p2a: Mimikyu|78/100|[from] item: Life Orb\n|\n|-end|p2a: Mimikyu|move: Heal Block\n|upkeep\n|inactive|Time left: 300 sec this turn | 300 sec total | 5 sec grace\n|\n|t:|1783552557\n|switch|p1a: Meowstic|Meowstic, L89, M|277/277\n|turn|10\n|inactive|Time left: 300 sec this turn | 300 sec total\n|\n|t:|1783552558\n|move|p1a: Meowstic|Reflect|p1a: Meowstic\n|-sidestart|p1: p0x11569faf|Reflect\n|move|p2a: Mimikyu|Shadow Claw|p1a: Meowstic\n|-supereffective|p1a: Meowstic\n|-damage|p1a: Meowstic|53/277\n|-damage|p2a: Mimikyu|69/100|[from] item: Life Orb\n|\n|upkeep\n|turn|11\n|inactive|Time left: 300 sec this turn | 300 sec total\n|\n|t:|1783552559\n|move|p2a: Mimikyu|Shadow Sneak|p1a: Meowstic\n|-supereffective|p1a: Meowstic\n|-damage|p1a: Meowstic|0 fnt\n|faint|p1a: Meowstic\n|-damage|p2a: Mimikyu|59/100|[from] item: Life Orb\n|\n|upkeep\n|inactive|Time left: 300 sec this turn | 300 sec total | 5 sec grace\n|\n|t:|1783552560\n|switch|p1a: Azumarill|Azumarill, L82, F|298/298\n|turn|12\n|inactive|Time left: 300 sec this turn | 300 sec total\n|\n|t:|1783552561\n|move|p2a: Mimikyu|Play Rough|p1a: Azumarill\n|-damage|p1a: Azumarill|116/298\n|-damage|p2a: Mimikyu|49/100|[from] item: Life Orb\n|move|p1a: Azumarill|Liquidation|p2a: Mimikyu\n|-damage|p2a: Mimikyu|0 fnt\n|faint|p2a: Mimikyu\n|\n|upkeep\n|\n|t:|1783552562\n|switch|p2a: Grumpig|Grumpig, L92, M|100/100\n|-activate|p2a: Grumpig|move: Sticky Web\n|-unboost|p2a: Grumpig|spe|1\n|turn|13\n|inactive|Time left: 300 sec this turn | 300 sec total\n|\n|t:|1783552563\n|move|p2a: Grumpig|Psychic|p1a: Azumarill\n|-damage|p1a: Azumarill|0 fnt\n|faint|p1a: Azumarill\n|\n|upkeep\n|inactive|Time left: 300 sec this turn | 300 sec total | 5 sec grace\n|\n|t:|1783552564\n|switch|p1a: Kricketune|Kricketune, L99, F|312/312\n|turn|14\n|inactive|Time left: 300 sec this turn | 300 sec total\n|\n|t:|1783552565\n|move|p2a: Grumpig|Psychic|p1a: Kricketune\n|-damage|p1a: Kricketune|173/312\n|move|p1a: Kricketune|Pounce|p2a: Grumpig\n|-supereffective|p2a: Grumpig\n|-damage|p2a: Grumpig|18/100\n|-unboost|p2a: Grumpig|spe|1\n|\n|upkeep\n|turn|15\n|inactive|Time left: 300 sec this turn | 300 sec total\n|\n|t:|1783552566\n|switch|p2a: Reuniclus|Reuniclus, L88, F|25/100\n|-activate|p2a: Reuniclus|move: Sticky Web\n|-unboost|p2a: Reuniclus|spe|1\n|move|p1a: Kricketune|Sticky Web||[still]\n|-fail|p1a: Kricketune\n|\n|upkeep\n|turn|16\n|inactive|Time left: 300 sec this turn | 300 sec total\n|\n|t:|1783552567\n|move|p1a: Kricketune|Knock Off|p2a: Reuniclus\n|-supereffective|p2a: Reuniclus\n|-damage|p2a: Reuniclus|0 fnt\n|-enditem|p2a: Reuniclus|Life Orb|[from] move: Knock Off|[of] p1a: Kricketune\n|faint|p2a: Reuniclus\n|\n|upkeep\n|\n|t:|1783552568\n|switch|p2a: Grumpig|Grumpig, L92, M|18/100\n|-activate|p2a: Grumpig|move: Sticky Web\n|-unboost|p2a: Grumpig|spe|1\n|turn|17\n|inactive|Time left: 300 sec this turn | 300 sec total\n|\n|t:|1783552569\n|move|p2a: Grumpig|Psychic|p1a: Kricketune\n|-damage|p1a: Kricketune|37/312\n|move|p1a: Kricketune|Sticky Web||[still]\n|-fail|p1a: Kricketune\n|\n|-sideend|p1: p0x11569faf|Reflect\n|upkeep\n|turn|18\n|inactive|Time left: 300 sec this turn | 300 sec total\n|\n|t:|1783552571\n|move|p2a: Grumpig|Psychic|p1a: Kricketune\n|-damage|p1a: Kricketune|0 fnt\n|faint|p1a: Kricketune\n|\n|win|p0y11565f3e", "uploadtime": 1783552571, "views": 0, "rating": 0, "private": 0, "password": null, "_winner": "p0y11565f3e", "_our_name": "p0x11569faf"}