{"id": "battle-gen9randombattle-25", "formatid": "gen9randombattle", "format": "[Gen 9] Random Battle", "players": ["p0x02534be", "p0y025cfa3"], "log": "|init|battle\n|title|p0x02534be vs. p0y025cfa3\n|j|\u2606p0x02534be\n|j|\u2606p0y025cfa3\n|t:|1783533532\n|gametype|singles\n|player|p1|p0x02534be|101|\n|player|p2|p0y025cfa3|101|\n|gen|9\n|tier|[Gen 9] Random Battle\n|rule|Species Clause: Limit one of each Pok\u00e9mon\n|rule|HP Percentage Mod: HP is shown in percentages\n|rule|Sleep Clause Mod: Limit one foe put to sleep\n|rule|Illusion Level Mod: Illusion disguises the Pok\u00e9mon's true level\n|\n|t:|1783533532\n|teamsize|p1|6\n|teamsize|p2|6\n|start\n|switch|p1a: Vivillon|Vivillon-Icy Snow, L83, M|268/268\n|switch|p2a: Perrserker|Perrserker, L89, M|100/100\n|turn|1\n|inactive|Battle timer is ON: inactive players will automatically lose when time's up. (requested by p0y025cfa3)\n|inactive|Time left: 300 sec this turn | 300 sec total | 60 sec grace\n|\n|t:|1783533534\n|move|p1a: Vivillon|Sleep Powder|p2a: Perrserker\n|-status|p2a: Perrserker|slp|[from] move: Sleep Powder\n|cant|p2a: Perrserker|slp\n|\n|upkeep\n|turn|2\n|inactive|Time left: 300 sec this turn | 300 sec total\n|inactive|p0x02534be also wants the timer to be on.\n|\n|t:|1783533535\n|move|p1a: Vivillon|Quiver Dance|p1a: Vivillon\n|-boost|p1a: Vivillon|spa|1\n|-boost|p1a: Vivillon|spd|1\n|-boost|p1a: Vivillon|spe|1\n|cant|p2a: Perrserker|slp\n|\n|upkeep\n|turn|3\n|inactive|Time left: 300 sec this turn | 300 sec total\n|\n|t:|1783533536\n|move|p1a: Vivillon|Hurricane|p2a: Perrserker\n|-resisted|p2a: Perrserker\n|-damage|p2a: Perrserker|61/100 slp\n|cant|p2a: Perrserker|slp\n|\n|upkeep\n|turn|4\n|inactive|Time left: 300 sec this turn | 300 sec total\n|\n|t:|1783533538\n|move|p1a: Vivillon|Hurricane|p2a: Perrserker\n|-resisted|p2a: Perrserker\n|-damage|p2a: Perrserker|25/100 slp\n|-curestatus|p2a: Perrserker|slp|[msg]\n|move|p2a: Perrserker|Iron Head|p1a: Vivillon\n|-damage|p1a: Vivillon|26/268\n|-damage|p2a: Perrserker|15/100|[from] item: Life Orb\n|\n|upkeep\n|turn|5\n|inactive|Time left: 300 sec this turn | 300 sec total\n|\n|t:|1783533539\n|move|p1a: Vivillon|Sleep Powder|p2a: Perrserker\n|-status|p2a: Perrserker|slp|[from] move: Sleep Powder\n|cant|p2a: Perrserker|slp\n|\n|upkeep\n|turn|6\n|inactive|Time left: 300 sec this turn | 300 sec total\n|\n|t:|1783533540\n|move|p1a: Vivillon|Hurricane|p2a: Perrserker\n|-resisted|p2a: Perrserker\n|-damage|p2a: Perrserker|0 fnt\n|faint|p2a: Perrserker\n|\n|upkeep\n|\n|t:|1783533541\n|switch|p2a: Dunsparce|Dunsparce, L86, M|100/100\n|turn|7\n|inactive|Time left: 300 sec this turn | 300 sec total\n|\n|t:|1783533542\n|move|p1a: Vivillon|Sleep Powder|p2a: Dunsparce\n|-status|p2a: Dunsparce|slp|[from] move: Sleep Powder\n|cant|p2a: Dunsparce|slp\n|\n|upkeep\n|turn|8\n|inactive|Time left: 300 sec this turn | 300 sec total\n|\n|t:|1783533543\n|move|p1a: Vivillon|Hurricane|p2a: Dunsparce\n|-damage|p2a: Dunsparce|59/100 slp\n|cant|p2a: Dunsparce|slp\n|\n|upkeep\n|turn|9\n|inactive|Time left: 300 sec this turn | 300 sec total\n|\n|t:|1783533544\n|move|p1a: Vivillon|Hurricane|p2a: Dunsparce\n|-damage|p2a: Dunsparce|13/100 slp\n|-curestatus|p2a: Dunsparce|slp|[msg]\n|move|p2a: Dunsparce|Body Slam|p1a: Vivillon\n|-damage|p1a: Vivillon|0 fnt\n|faint|p1a: Vivillon\n|\n|upkeep\n|inactive|Time left: 300 sec this turn | 300 sec total | 5 sec grace\n|\n|t:|1783533545\n|switch|p1a: Zacian|Zacian-Crowned, L64|225/225\n|-ability|p1a: Zacian|Intrepid Sword|boost\n|-boost|p1a: Zacian|atk|1\n|turn|10\n|inactive|Time left: 300 sec this turn | 300 sec total\n|\n|t:|1783533547\n|move|p1a: Zacian|Behemoth Blade|p2a: Dunsparce\n|-damage|p2a: Dunsparce|0 fnt\n|faint|p2a: Dunsparce\n|\n|upkeep\n|\n|t:|1783533548\n|switch|p2a: Zamazenta|Zamazenta, L71|100/100\n|-ability|p2a: Zamazenta|Dauntless Shield|boost\n|-boost|p2a: Zamazenta|def|1\n|turn|11\n|inactive|Time left: 300 sec this turn | 300 sec total\n|\n|t:|1783533549\n|-terastallize|p2a: Zamazenta|Fighting\n|move|p2a: Zamazenta|Close Combat|p1a: Zacian\n|-damage|p1a: Zacian|9/225\n|-unboost|p2a: Zamazenta|def|1\n|-unboost|p2a: Zamazenta|spd|1\n|move|p1a: Zacian|Play Rough|p2a: Zamazenta\n|-supereffective|p2a: Zamazenta\n|-damage|p2a: Zamazenta|10/100\n|\n|upkeep\n|turn|12\n|inactive|Time left: 300 sec this turn | 300 sec total\n|\n|t:|1783533550\n|move|p2a: Zamazenta|Close Combat|p1a: Zacian\n|-damage|p1a: Zacian|0 fnt\n|-unboost|p2a: Zamazenta|def|1\n|-unboost|p2a: Zamazenta|spd|1\n|faint|p1a: Zacian\n|\n|upkeep\n|inactive|Time left: 300 sec this turn | 300 sec total | 5 sec grace\n|\n|t:|1783533551\n|switch|p1a: Salazzle|Salazzle, L83, F|249/249\n|turn|13\n|inactive|Time left: 300 sec this turn | 300 sec total\n|\n|t:|1783533552\n|move|p1a: Salazzle|Flamethrower|p2a: Zamazenta\n|-damage|p2a: Zamazenta|0 fnt\n|faint|p2a: Zamazenta\n|\n|upkeep\n|\n|t:|1783533553\n|switch|p2a: Kilowattrel|Kilowattrel, L83, M|100/100\n|turn|14\n|inactive|Time left: 300 sec this turn | 300 sec total\n|\n|t:|1783533554\n|move|p2a: Kilowattrel|Discharge|p1a: Salazzle\n|-damage|p1a: Salazzle|126/249\n|move|p1a: Salazzle|Flamethrower|p2a: Kilowattrel\n|-crit|p2a: Kilowattrel\n|-damage|p2a: Kilowattrel|19/100\n|\n|-heal|p1a: Salazzle|141/249|[from] item: Leftovers\n|upkeep\n|turn|15\n|inactive|Time left: 300 sec this turn | 300 sec total\n|\n|t:|1783533555\n|move|p2a: Kilowattrel|Hurricane|p1a: Salazzle|[miss]\n|-miss|p2a: Kilowattrel|p1a: Salazzle\n|move|p1a: Salazzle|Flamethrower|p2a: Kilowattrel\n|-damage|p2a: Kilowattrel|0 fnt\n|faint|p2a: Kilowattrel\n|\n|-heal|p1a: Salazzle|156/249|[from] item: Leftovers\n|upkeep\n|\n|t:|1783533555\n|switch|p2a: Glalie|Glalie, L96, M|100/100\n|turn|16\n|inactive|Time left: 300 sec this turn | 300 sec total\n|\n|t:|1783533556\n|move|p1a: Salazzle|Flamethrower|p2a: Glalie\n|-supereffective|p2a: Glalie\n|-damage|p2a: Glalie|38/100\n|move|p2a: Glalie|Earthquake|p1a: Salazzle\n|-supereffective|p1a: Salazzle\n|-damage|p1a: Salazzle|0 fnt\n|faint|p1a: Salazzle\n|\n|upkeep\n|inactive|Time left: 300 sec this turn | 300 sec total | 5 sec grace\n|\n|t:|1783533557\n|switch|p1a: Terrakion|Terrakion, L79|273/273\n|turn|17\n|inactive|Time left: 300 sec this turn | 300 sec total\n|\n|t:|1783533557\n|-terastallize|p1a: Terrakion|Ground\n|move|p1a: Terrakion|Earthquake|p2a: Glalie\n|-damage|p2a: Glalie|0 fnt\n|faint|p2a: Glalie\n|\n|upkeep\n|\n|t:|1783533558\n|switch|p2a: Lilligant|Lilligant-Hisui, L79, F|100/100\n|turn|18\n|inactive|Time left: 300 sec this turn | 300 sec total\n|\n|t:|1783533559\n|move|p1a: Terrakion|Earthquake|p2a: Lilligant\n|-resisted|p2a: Lilligant\n|-damage|p2a: Lilligant|55/100\n|move|p2a: Lilligant|Victory Dance|p2a: Lilligant\n|-boost|p2a: Lilligant|atk|1\n|-boost|p2a: Lilligant|def|1\n|-boost|p2a: Lilligant|spe|1\n|\n|upkeep\n|turn|19\n|inactive|Time left: 300 sec this turn | 300 sec total\n|\n|t:|1783533559\n|move|p2a: Lilligant|Victory Dance|p2a: Lilligant\n|-boost|p2a: Lilligant|atk|1\n|-boost|p2a: Lilligant|def|1\n|-boost|p2a: Lilligant|spe|1\n|move|p1a: Terrakion|Earthquake|p2a: Lilligant\n|-resisted|p2a: Lilligant\n|-damage|p2a: Lilligant|32/100\n|\n|upkeep\n|turn|20\n|inactive|Time left: 300 sec this turn | 300 sec total\n|\n|t:|1783533560\n|move|p2a: Lilligant|Sleep Powder|p1a: Terrakion\n|-status|p1a: Terrakion|slp|[from] move: Sleep Powder\n|cant|p1a: Terrakion|slp\n|\n|upkeep\n|turn|21\n|inactive|Time left: 300 sec this turn | 300 sec total\n|\n|t:|1783533561\n|move|p2a: Lilligant|Victory Dance|p2a: Lilligant\n|-boost|p2a: Lilligant|atk|1\n|-boost|p2a: Lilligant|def|1\n|-boost|p2a: Lilligant|spe|1\n|-curestatus|p1a: Terrakion|slp|[msg]\n|move|p1a: Terrakion|Earthquake|p2a: Lilligant\n|-resisted|p2a: Lilligant\n|-crit|p2a: Lilligant\n|-damage|p2a: Lilligant|0 fnt\n|faint|p2a: Lilligant\n|\n|win|p0x02534be", "uploadtime": 1783533561, "views": 0, "rating": 0, "private": 0, "password": null, "_winner": "p0x02534be", "_our_name": "p0x02534be"}