{"id": "battle-gen9randombattle-59", "formatid": "gen9randombattle", "format": "[Gen 9] Random Battle", "players": ["p0x059ad45", "p0y0592962"], "log": "|init|battle\n|title|p0x059ad45 vs. p0y0592962\n|j|\u2606p0x059ad45\n|j|\u2606p0y0592962\n|t:|1783533930\n|gametype|singles\n|player|p1|p0x059ad45|101|\n|player|p2|p0y0592962|170|\n|gen|9\n|tier|[Gen 9] Random Battle\n|rule|Species Clause: Limit one of each Pok\u00e9mon\n|rule|HP Percentage Mod: HP is shown in percentages\n|rule|Sleep Clause Mod: Limit one foe put to sleep\n|rule|Illusion Level Mod: Illusion disguises the Pok\u00e9mon's true level\n|\n|t:|1783533930\n|teamsize|p1|6\n|teamsize|p2|6\n|start\n|switch|p1a: Rotom|Rotom-Frost, L87|229/229\n|switch|p2a: Kilowattrel|Kilowattrel, L83, F|100/100\n|turn|1\n|inactive|Battle timer is ON: inactive players will automatically lose when time's up. (requested by p0x059ad45)\n|inactive|p0y0592962 also wants the timer to be on.\n|\n|t:|1783533932\n|switch|p2a: Magcargo|Magcargo, L95, M|100/100\n|move|p1a: Rotom|Blizzard|p2a: Magcargo\n|-resisted|p2a: Magcargo\n|-damage|p2a: Magcargo|78/100\n|\n|upkeep\n|turn|2\n|inactive|Time left: 300 sec this turn | 300 sec total\n|\n|t:|1783533933\n|move|p1a: Rotom|Volt Switch|p2a: Magcargo\n|-damage|p2a: Magcargo|49/100\n|inactive|Time left: 300 sec this turn | 300 sec total | 5 sec grace\n|\n|t:|1783533934\n|switch|p1a: Quagsire|Quagsire, L84, M|297/297|[from] Volt Switch\n|move|p2a: Magcargo|Shell Smash|p2a: Magcargo\n|-unboost|p2a: Magcargo|def|1\n|-unboost|p2a: Magcargo|spd|1\n|-boost|p2a: Magcargo|atk|2\n|-boost|p2a: Magcargo|spa|2\n|-boost|p2a: Magcargo|spe|2\n|\n|upkeep\n|turn|3\n|inactive|Time left: 300 sec this turn | 300 sec total\n|\n|t:|1783533935\n|-terastallize|p2a: Magcargo|Grass\n|move|p2a: Magcargo|Fire Blast|p1a: Quagsire\n|-resisted|p1a: Quagsire\n|-crit|p1a: Quagsire\n|-damage|p1a: Quagsire|172/297\n|move|p1a: Quagsire|Earthquake|p2a: Magcargo\n|-resisted|p2a: Magcargo\n|-damage|p2a: Magcargo|36/100\n|-ability|p2a: Magcargo|Weak Armor|boost\n|-unboost|p2a: Magcargo|def|1\n|-boost|p2a: Magcargo|spe|2\n|\n|-heal|p1a: Quagsire|190/297|[from] item: Leftovers\n|upkeep\n|turn|4\n|inactive|Time left: 300 sec this turn | 300 sec total\n|\n|t:|1783533936\n|move|p2a: Magcargo|Fire Blast|p1a: Quagsire\n|-resisted|p1a: Quagsire\n|-damage|p1a: Quagsire|94/297\n|move|p1a: Quagsire|Toxic|p2a: Magcargo\n|-status|p2a: Magcargo|tox\n|\n|-heal|p1a: Quagsire|112/297|[from] item: Leftovers\n|-damage|p2a: Magcargo|30/100 tox|[from] psn\n|upkeep\n|turn|5\n|inactive|Time left: 300 sec this turn | 300 sec total\n|\n|t:|1783533937\n|move|p2a: Magcargo|Earth Power|p1a: Quagsire\n|-damage|p1a: Quagsire|10/297\n|move|p1a: Quagsire|Recover|p1a: Quagsire\n|-heal|p1a: Quagsire|159/297\n|\n|-heal|p1a: Quagsire|177/297|[from] item: Leftovers\n|-damage|p2a: Magcargo|18/100 tox|[from] psn\n|upkeep\n|turn|6\n|inactive|Time left: 300 sec this turn | 300 sec total\n|\n|t:|1783533938\n|move|p2a: Magcargo|Fire Blast|p1a: Quagsire\n|-resisted|p1a: Quagsire\n|-crit|p1a: Quagsire\n|-damage|p1a: Quagsire|51/297\n|move|p1a: Quagsire|Spikes|p2a: Magcargo\n|-sidestart|p2: p0y0592962|Spikes\n|\n|-heal|p1a: Quagsire|69/297|[from] item: Leftovers\n|-damage|p2a: Magcargo|0 fnt|[from] psn\n|faint|p2a: Magcargo\n|upkeep\n|\n|t:|1783533939\n|switch|p2a: Sinistcha|Sinistcha-Masterpiece, L83|100/100\n|-damage|p2a: Sinistcha|88/100|[from] Spikes\n|turn|7\n|inactive|Time left: 300 sec this turn | 300 sec total\n|\n|t:|1783533940\n|switch|p1a: Rotom|Rotom-Frost, L87|229/229\n|move|p2a: Sinistcha|Shadow Ball|p1a: Rotom\n|-damage|p1a: Rotom|150/229\n|\n|-heal|p2a: Sinistcha|94/100|[from] item: Leftovers\n|upkeep\n|turn|8\n|inactive|Time left: 300 sec this turn | 300 sec total\n|\n|t:|1783533941\n|switch|p2a: Fezandipiti|Fezandipiti, L82, M|100/100\n|-damage|p2a: Fezandipiti|88/100|[from] Spikes\n|move|p1a: Rotom|Blizzard|p2a: Fezandipiti|[miss]\n|-miss|p1a: Rotom|p2a: Fezandipiti\n|\n|-heal|p2a: Fezandipiti|94/100|[from] item: Leftovers\n|upkeep\n|turn|9\n|inactive|Time left: 300 sec this turn | 300 sec total\n|\n|t:|1783533942\n|move|p2a: Fezandipiti|Swords Dance|p2a: Fezandipiti\n|-boost|p2a: Fezandipiti|atk|2\n|move|p1a: Rotom|Will-O-Wisp|p2a: Fezandipiti\n|-status|p2a: Fezandipiti|brn\n|\n|-heal|p2a: Fezandipiti|100/100 brn|[from] item: Leftovers\n|-damage|p2a: Fezandipiti|94/100 brn|[from] brn\n|upkeep\n|turn|10\n|inactive|Time left: 300 sec this turn | 300 sec total\n|\n|t:|1783533943\n|move|p2a: Fezandipiti|Gunk Shot|p1a: Rotom\n|-damage|p1a: Rotom|61/229\n|move|p1a: Rotom|Volt Switch|p2a: Fezandipiti\n|-damage|p2a: Fezandipiti|72/100 brn\n|inactive|Time left: 300 sec this turn | 300 sec total | 5 sec grace\n|\n|t:|1783533944\n|switch|p1a: Iron Crown|Iron Crown, L78|268/268|[from] Volt Switch\n|\n|-heal|p2a: Fezandipiti|78/100 brn|[from] item: Leftovers\n|-damage|p2a: Fezandipiti|72/100 brn|[from] brn\n|upkeep\n|turn|11\n|inactive|Time left: 300 sec this turn | 300 sec total\n|\n|t:|1783533945\n|move|p2a: Fezandipiti|Play Rough|p1a: Iron Crown\n|-resisted|p1a: Iron Crown\n|-damage|p1a: Iron Crown|229/268\n|move|p1a: Iron Crown|Psyshock|p2a: Fezandipiti\n|-supereffective|p2a: Fezandipiti\n|-damage|p2a: Fezandipiti|0 fnt\n|faint|p2a: Fezandipiti\n|\n|-heal|p1a: Iron Crown|245/268|[from] item: Leftovers\n|upkeep\n|\n|t:|1783533946\n|switch|p2a: Sinistcha|Sinistcha-Masterpiece, L83|94/100\n|-damage|p2a: Sinistcha|82/100|[from] Spikes\n|turn|12\n|inactive|Time left: 300 sec this turn | 300 sec total\n|\n|t:|1783533947\n|move|p1a: Iron Crown|Calm Mind|p1a: Iron Crown\n|-boost|p1a: Iron Crown|spa|1\n|-boost|p1a: Iron Crown|spd|1\n|move|p2a: Sinistcha|Calm Mind|p2a: Sinistcha\n|-boost|p2a: Sinistcha|spa|1\n|-boost|p2a: Sinistcha|spd|1\n|\n|-heal|p1a: Iron Crown|261/268|[from] item: Leftovers\n|-heal|p2a: Sinistcha|88/100|[from] item: Leftovers\n|upkeep\n|turn|13\n|inactive|Time left: 300 sec this turn | 300 sec total\n|\n|t:|1783533948\n|move|p1a: Iron Crown|Tachyon Cutter|p2a: Sinistcha\n|-damage|p2a: Sinistcha|62/100\n|-damage|p2a: Sinistcha|36/100\n|-hitcount|p2a: Sinistcha|2\n|move|p2a: Sinistcha|Strength Sap|p1a: Iron Crown\n|-unboost|p1a: Iron Crown|atk|1\n|-heal|p2a: Sinistcha|82/100\n|\n|-heal|p1a: Iron Crown|268/268|[from] item: Leftovers\n|-heal|p2a: Sinistcha|88/100|[from] item: Leftovers\n|upkeep\n|turn|14\n|inactive|Time left: 300 sec this turn | 300 sec total\n|\n|t:|1783533949\n|move|p1a: Iron Crown|Tachyon Cutter|p2a: Sinistcha\n|-damage|p2a: Sinistcha|65/100\n|-damage|p2a: Sinistcha|40/100\n|-hitcount|p2a: Sinistcha|2\n|move|p2a: Sinistcha|Strength Sap|p1a: Iron Crown\n|-unboost|p1a: Iron Crown|atk|1\n|-heal|p2a: Sinistcha|71/100\n|\n|-heal|p2a: Sinistcha|77/100|[from] item: Leftovers\n|upkeep\n|turn|15\n|inactive|Time left: 300 sec this turn | 300 sec total\n|\n|t:|1783533950\n|move|p1a: Iron Crown|Tachyon Cutter|p2a: Sinistcha\n|-damage|p2a: Sinistcha|53/100\n|-crit|p2a: Sinistcha\n|-damage|p2a: Sinistcha|0 fnt\n|faint|p2a: Sinistcha\n|-hitcount|p2: Sinistcha|2\n|\n|upkeep\n|\n|t:|1783533951\n|switch|p2a: Hippowdon|Hippowdon, L82, M|100/100\n|-damage|p2a: Hippowdon|88/100|[from] Spikes\n|-weather|Sandstorm|[from] ability: Sand Stream|[of] p2a: Hippowdon\n|turn|16\n|inactive|Time left: 300 sec this turn | 300 sec total\n|\n|t:|1783533952\n|move|p1a: Iron Crown|Tachyon Cutter|p2a: Hippowdon\n|-damage|p2a: Hippowdon|55/100\n|-damage|p2a: Hippowdon|21/100\n|-hitcount|p2a: Hippowdon|2\n|move|p2a: Hippowdon|Earthquake|p1a: Iron Crown\n|-supereffective|p1a: Iron Crown\n|-damage|p1a: Iron Crown|28/268\n|\n|-weather|Sandstorm|[upkeep]\n|-heal|p1a: Iron Crown|44/268|[from] item: Leftovers\n|-heal|p2a: Hippowdon|27/100|[from] item: Leftovers\n|upkeep\n|turn|17\n|inactive|Time left: 300 sec this turn | 300 sec total\n|\n|t:|1783533953\n|move|p1a: Iron Crown|Tachyon Cutter|p2a: Hippowdon\n|-damage|p2a: Hippowdon|0 fnt\n|faint|p2a: Hippowdon\n|-hitcount|p2: Hippowdon|1\n|\n|-weather|Sandstorm|[upkeep]\n|-heal|p1a: Iron Crown|60/268|[from] item: Leftovers\n|upkeep\n|\n|t:|1783533954\n|switch|p2a: Mew|Mew, L82|100/100\n|-damage|p2a: Mew|88/100|[from] Spikes\n|turn|18\n|inactive|Time left: 300 sec this turn | 300 sec total\n|\n|t:|1783533955\n|move|p2a: Mew|Fire Blast|p1a: Iron Crown\n|-supereffective|p1a: Iron Crown\n|-damage|p1a: Iron Crown|0 fnt\n|faint|p1a: Iron Crown\n|-end|p1a: Iron Crown|Quark Drive|[silent]\n|-damage|p2a: Mew|78/100|[from] item: Life Orb\n|\n|-weather|Sandstorm|[upkeep]\n|-damage|p2a: Mew|72/100|[from] Sandstorm\n|upkeep\n|inactive|Time left: 300 sec this turn | 300 sec total | 5 sec grace\n|\n|t:|1783533957\n|switch|p1a: Chien-Pao|Chien-Pao, L72|234/234\n|-ability|p1a: Chien-Pao|Sword of Ruin\n|turn|19\n|inactive|Time left: 300 sec this turn | 300 sec total\n|\n|t:|1783533958\n|-terastallize|p1a: Chien-Pao|Dark\n|move|p1a: Chien-Pao|Throat Chop|p2a: Mew\n|-supereffective|p2a: Mew\n|-damage|p2a: Mew|0 fnt\n|faint|p2a: Mew\n|\n|-weather|Sandstorm|[upkeep]\n|-damage|p1a: Chien-Pao|220/234|[from] Sandstorm\n|upkeep\n|\n|t:|1783533959\n|switch|p2a: Kilowattrel|Kilowattrel, L83, F|100/100\n|turn|20\n|inactive|Time left: 300 sec this turn | 300 sec total\n|\n|t:|1783533960\n|move|p2a: Kilowattrel|Hurricane|p1a: Chien-Pao\n|-damage|p1a: Chien-Pao|36/234\n|move|p1a: Chien-Pao|Icicle Crash|p2a: Kilowattrel\n|-supereffective|p2a: Kilowattrel\n|-damage|p2a: Kilowattrel|0 fnt\n|faint|p2a: Kilowattrel\n|\n|win|p0x059ad45", "uploadtime": 1783533960, "views": 0, "rating": 0, "private": 0, "password": null, "_winner": "p0x059ad45", "_our_name": "p0x059ad45"}