{"id": "battle-gen9randombattle-1985", "formatid": "gen9randombattle", "format": "[Gen 9] Random Battle", "players": ["p0x1985163a", "p0y1985216e"], "log": "|init|battle\n|title|p0x1985163a vs. p0y1985216e\n|j|\u2606p0x1985163a\n|j|\u2606p0y1985216e\n|t:|1783562222\n|gametype|singles\n|player|p1|p0x1985163a|170|\n|player|p2|p0y1985216e|1|\n|gen|9\n|tier|[Gen 9] Random Battle\n|rule|Species Clause: Limit one of each Pok\u00e9mon\n|rule|HP Percentage Mod: HP is shown in percentages\n|rule|Sleep Clause Mod: Limit one foe put to sleep\n|rule|Illusion Level Mod: Illusion disguises the Pok\u00e9mon's true level\n|\n|t:|1783562222\n|teamsize|p1|6\n|teamsize|p2|6\n|start\n|switch|p1a: Rotom|Rotom, L88|100/100\n|switch|p2a: Skarmory|Skarmory, L80, F|235/235\n|turn|1\n|inactive|Battle timer is ON: inactive players will automatically lose when time's up. (requested by p0x1985163a)\n|inactive|Time left: 300 sec this turn | 300 sec total | 60 sec grace\n|inactive|p0y1985216e also wants the timer to be on.\n|\n|t:|1783562223\n|switch|p2a: Lurantis|Lurantis, L87, M|264/264\n|move|p1a: Rotom|Thunderbolt|p2a: Lurantis\n|-resisted|p2a: Lurantis\n|-damage|p2a: Lurantis|199/264\n|-damage|p1a: Rotom|91/100|[from] item: Life Orb\n|\n|-heal|p2a: Lurantis|215/264|[from] item: Leftovers\n|upkeep\n|turn|2\n|inactive|Time left: 300 sec this turn | 300 sec total\n|\n|t:|1783562224\n|move|p1a: Rotom|Will-O-Wisp|p2a: Lurantis\n|-status|p2a: Lurantis|brn\n|move|p2a: Lurantis|Leaf Storm|p1a: Rotom|[miss]\n|-miss|p2a: Lurantis|p1a: Rotom\n|\n|-heal|p2a: Lurantis|231/264 brn|[from] item: Leftovers\n|-damage|p2a: Lurantis|215/264 brn|[from] brn\n|upkeep\n|turn|3\n|inactive|Time left: 300 sec this turn | 300 sec total\n|\n|t:|1783562225\n|move|p1a: Rotom|Shadow Ball|p2a: Lurantis\n|-damage|p2a: Lurantis|90/264 brn\n|-damage|p1a: Rotom|81/100|[from] item: Life Orb\n|move|p2a: Lurantis|Leaf Storm|p1a: Rotom\n|-damage|p1a: Rotom|22/100\n|-boost|p2a: Lurantis|spa|2\n|\n|-heal|p2a: Lurantis|106/264 brn|[from] item: Leftovers\n|-damage|p2a: Lurantis|90/264 brn|[from] brn\n|upkeep\n|turn|4\n|inactive|Time left: 300 sec this turn | 300 sec total\n|\n|t:|1783562226\n|move|p1a: Rotom|Shadow Ball|p2a: Lurantis\n|-crit|p2a: Lurantis\n|-damage|p2a: Lurantis|0 fnt\n|faint|p2a: Lurantis\n|-damage|p1a: Rotom|12/100|[from] item: Life Orb\n|\n|upkeep\n|inactive|Time left: 300 sec this turn | 300 sec total | 5 sec grace\n|\n|t:|1783562227\n|switch|p2a: Morpeko|Morpeko, L88, M|245/245\n|turn|5\n|inactive|Time left: 300 sec this turn | 300 sec total\n|\n|t:|1783562228\n|switch|p1a: Pawmot|Pawmot, L80, M|100/100\n|move|p2a: Morpeko|Aura Wheel|p1a: Pawmot\n|-immune|p1a: Pawmot|[from] ability: Volt Absorb\n|\n|-formechange|p2a: Morpeko|Morpeko-Hangry||[from] ability: Hunger Switch\n|upkeep\n|turn|6\n|inactive|Time left: 300 sec this turn | 300 sec total\n|\n|t:|1783562229\n|move|p2a: Morpeko|Parting Shot|p1a: Pawmot\n|-unboost|p1a: Pawmot|atk|1\n|-unboost|p1a: Pawmot|spa|1\n|inactive|Time left: 300 sec this turn | 300 sec total | 5 sec grace\n|\n|t:|1783562230\n|switch|p2a: Spidops|Spidops, L96, M|271/271|[from] Parting Shot\n|move|p1a: Pawmot|Close Combat|p2a: Spidops\n|-resisted|p2a: Spidops\n|-crit|p2a: Spidops\n|-damage|p2a: Spidops|191/271\n|-unboost|p1a: Pawmot|def|1\n|-unboost|p1a: Pawmot|spd|1\n|\n|upkeep\n|turn|7\n|inactive|Time left: 300 sec this turn | 300 sec total\n|\n|t:|1783562231\n|switch|p1a: Iron Valiant|Iron Valiant, L78|100/100\n|move|p2a: Spidops|Sticky Web|p1a: Iron Valiant\n|-sidestart|p1: p0x1985163a|move: Sticky Web\n|\n|upkeep\n|turn|8\n|inactive|Time left: 300 sec this turn | 300 sec total\n|\n|t:|1783562232\n|move|p1a: Iron Valiant|Moonblast|p2a: Spidops\n|-damage|p2a: Spidops|62/271\n|-damage|p1a: Iron Valiant|91/100|[from] item: Life Orb\n|move|p2a: Spidops|Circle Throw|p1a: Iron Valiant\n|-resisted|p1a: Iron Valiant\n|-damage|p1a: Iron Valiant|80/100\n|-end|p1a: Iron Valiant|Quark Drive|[silent]\n|drag|p1a: Pawmot|Pawmot, L80, M|100/100\n|-activate|p1a: Pawmot|move: Sticky Web\n|-unboost|p1a: Pawmot|spe|1\n|\n|upkeep\n|turn|9\n|inactive|Time left: 300 sec this turn | 300 sec total\n|\n|t:|1783562233\n|switch|p2a: Morpeko|Morpeko, L88, M|245/245\n|move|p1a: Pawmot|Double Shock|p2a: Morpeko\n|-resisted|p2a: Morpeko\n|-damage|p2a: Morpeko|158/245\n|-start|p1a: Pawmot|typechange|???/Fighting|[from] move: Double Shock\n|\n|-formechange|p2a: Morpeko|Morpeko-Hangry||[from] ability: Hunger Switch\n|upkeep\n|turn|10\n|inactive|Time left: 300 sec this turn | 300 sec total\n|\n|t:|1783562234\n|move|p2a: Morpeko|Parting Shot|p1a: Pawmot\n|-unboost|p1a: Pawmot|atk|1\n|-unboost|p1a: Pawmot|spa|1\n|inactive|Time left: 300 sec this turn | 300 sec total | 5 sec grace\n|\n|t:|1783562235\n|switch|p2a: Spidops|Spidops, L96, M|62/271|[from] Parting Shot\n|move|p1a: Pawmot|Close Combat|p2a: Spidops\n|-resisted|p2a: Spidops\n|-damage|p2a: Spidops|27/271\n|-unboost|p1a: Pawmot|def|1\n|-unboost|p1a: Pawmot|spd|1\n|\n|upkeep\n|turn|11\n|inactive|Time left: 300 sec this turn | 300 sec total\n|\n|t:|1783562236\n|switch|p1a: Iron Valiant|Iron Valiant, L78|80/100\n|-activate|p1a: Iron Valiant|move: Sticky Web\n|-unboost|p1a: Iron Valiant|spe|1\n|move|p2a: Spidops|Knock Off|p1a: Iron Valiant\n|-resisted|p1a: Iron Valiant\n|-damage|p1a: Iron Valiant|64/100\n|-enditem|p1a: Iron Valiant|Life Orb|[from] move: Knock Off|[of] p2a: Spidops\n|\n|upkeep\n|turn|12\n|inactive|Time left: 300 sec this turn | 300 sec total\n|\n|t:|1783562237\n|switch|p2a: Drifblim|Drifblim, L86, F|396/396\n|move|p1a: Iron Valiant|Moonblast|p2a: Drifblim\n|-damage|p2a: Drifblim|245/396\n|\n|upkeep\n|turn|13\n|inactive|Time left: 300 sec this turn | 300 sec total\n|\n|t:|1783562238\n|-end|p1a: Iron Valiant|Quark Drive|[silent]\n|switch|p1a: Squawkabilly|Squawkabilly-White, L89, M|100/100\n|move|p2a: Drifblim|Air Slash|p1a: Squawkabilly\n|-damage|p1a: Squawkabilly|60/100\n|\n|upkeep\n|turn|14\n|inactive|Time left: 300 sec this turn | 300 sec total\n|\n|t:|1783562239\n|move|p1a: Squawkabilly|Brave Bird|p2a: Drifblim\n|-damage|p2a: Drifblim|0 fnt\n|faint|p2a: Drifblim\n|-damage|p1a: Squawkabilly|32/100|[from] Recoil\n|\n|upkeep\n|inactive|Time left: 300 sec this turn | 300 sec total | 5 sec grace\n|\n|t:|1783562240\n|switch|p2a: Morpeko|Morpeko, L88, M|158/245\n|turn|15\n|inactive|Time left: 300 sec this turn | 300 sec total\n|\n|t:|1783562241\n|switch|p1a: Pawmot|Pawmot, L80, M|100/100\n|-activate|p1a: Pawmot|move: Sticky Web\n|-unboost|p1a: Pawmot|spe|1\n|move|p2a: Morpeko|Aura Wheel|p1a: Pawmot\n|-immune|p1a: Pawmot|[from] ability: Volt Absorb\n|\n|-formechange|p2a: Morpeko|Morpeko-Hangry||[from] ability: Hunger Switch\n|upkeep\n|turn|16\n|inactive|Time left: 300 sec this turn | 300 sec total\n|\n|t:|1783562242\n|move|p2a: Morpeko|Parting Shot|p1a: Pawmot\n|-unboost|p1a: Pawmot|atk|1\n|-unboost|p1a: Pawmot|spa|1\n|inactive|Time left: 300 sec this turn | 300 sec total | 5 sec grace\n|\n|t:|1783562243\n|switch|p2a: Spidops|Spidops, L96, M|27/271|[from] Parting Shot\n|move|p1a: Pawmot|Close Combat|p2a: Spidops\n|-resisted|p2a: Spidops\n|-damage|p2a: Spidops|0 fnt\n|-unboost|p1a: Pawmot|def|1\n|-unboost|p1a: Pawmot|spd|1\n|faint|p2a: Spidops\n|\n|upkeep\n|inactive|Time left: 300 sec this turn | 300 sec total | 10 sec grace\n|\n|t:|1783562244\n|switch|p2a: Morpeko|Morpeko, L88, M|158/245\n|turn|17\n|inactive|Time left: 300 sec this turn | 300 sec total\n|\n|t:|1783562245\n|move|p2a: Morpeko|Aura Wheel|p1a: Pawmot\n|-immune|p1a: Pawmot|[from] ability: Volt Absorb\n|move|p1a: Pawmot|Close Combat|p2a: Morpeko\n|-supereffective|p2a: Morpeko\n|-damage|p2a: Morpeko|0 fnt\n|-unboost|p1a: Pawmot|def|1\n|-unboost|p1a: Pawmot|spd|1\n|faint|p2a: Morpeko\n|\n|upkeep\n|inactive|Time left: 300 sec this turn | 300 sec total | 5 sec grace\n|\n|t:|1783562245\n|switch|p2a: Quaquaval|Quaquaval, L79, F|264/264\n|turn|18\n|inactive|Time left: 300 sec this turn | 300 sec total\n|\n|t:|1783562246\n|switch|p1a: Rabsca|Rabsca, L91, M|100/100\n|move|p2a: Quaquaval|Aqua Step|p1a: Rabsca\n|-damage|p1a: Rabsca|62/100\n|-boost|p2a: Quaquaval|spe|1\n|-damage|p2a: Quaquaval|238/264|[from] item: Life Orb\n|\n|upkeep\n|turn|19\n|inactive|Time left: 300 sec this turn | 300 sec total\n|\n|t:|1783562247\n|-terastallize|p2a: Quaquaval|Steel\n|move|p2a: Quaquaval|Swords Dance|p2a: Quaquaval\n|-boost|p2a: Quaquaval|atk|2\n|move|p1a: Rabsca|Psychic|p2a: Quaquaval\n|-resisted|p2a: Quaquaval\n|-damage|p2a: Quaquaval|169/264\n|\n|upkeep\n|turn|20\n|inactive|Time left: 300 sec this turn | 300 sec total\n|\n|t:|1783562248\n|switch|p1a: Iron Valiant|Iron Valiant, L78|64/100\n|-activate|p1a: Iron Valiant|move: Sticky Web\n|-unboost|p1a: Iron Valiant|spe|1\n|move|p2a: Quaquaval|Aqua Step|p1a: Iron Valiant\n|-damage|p1a: Iron Valiant|0 fnt\n|-boost|p2a: Quaquaval|spe|1\n|faint|p1a: Iron Valiant\n|-end|p1a: Iron Valiant|Quark Drive|[silent]\n|-ability|p2a: Quaquaval|Moxie|boost\n|-boost|p2a: Quaquaval|atk|1\n|-damage|p2a: Quaquaval|143/264|[from] item: Life Orb\n|\n|upkeep\n|\n|t:|1783562249\n|switch|p1a: Squawkabilly|Squawkabilly-White, L89, M|32/100\n|turn|21\n|inactive|Time left: 300 sec this turn | 300 sec total\n|\n|t:|1783562250\n|move|p1a: Squawkabilly|Quick Attack|p2a: Quaquaval\n|-resisted|p2a: Quaquaval\n|-damage|p2a: Quaquaval|87/264\n|move|p2a: Quaquaval|Aqua Step|p1a: Squawkabilly\n|-damage|p1a: Squawkabilly|0 fnt\n|-boost|p2a: Quaquaval|spe|1\n|faint|p1a: Squawkabilly\n|-ability|p2a: Quaquaval|Moxie|boost\n|-boost|p2a: Quaquaval|atk|1\n|-damage|p2a: Quaquaval|61/264|[from] item: Life Orb\n|\n|upkeep\n|\n|t:|1783562251\n|switch|p1a: Moltres|Moltres, L81|100/100\n|turn|22\n|inactive|Time left: 300 sec this turn | 300 sec total\n|\n|t:|1783562252\n|move|p2a: Quaquaval|Aqua Step|p1a: Moltres\n|-supereffective|p1a: Moltres\n|-damage|p1a: Moltres|0 fnt\n|-boost|p2a: Quaquaval|spe|1\n|faint|p1a: Moltres\n|-ability|p2a: Quaquaval|Moxie|boost\n|-boost|p2a: Quaquaval|atk|1\n|-damage|p2a: Quaquaval|35/264|[from] item: Life Orb\n|\n|upkeep\n|\n|t:|1783562253\n|switch|p1a: Rotom|Rotom, L88|12/100\n|turn|23\n|inactive|Time left: 300 sec this turn | 300 sec total\n|\n|t:|1783562254\n|move|p2a: Quaquaval|Aqua Step|p1a: Rotom\n|-damage|p1a: Rotom|0 fnt\n|-boost|p2a: Quaquaval|spe|1\n|faint|p1a: Rotom\n|-ability|p2a: Quaquaval|Moxie|boost\n|-boost|p2a: Quaquaval|atk|1\n|-damage|p2a: Quaquaval|9/264|[from] item: Life Orb\n|\n|upkeep\n|\n|t:|1783562255\n|switch|p1a: Rabsca|Rabsca, L91, M|62/100\n|turn|24\n|inactive|Time left: 300 sec this turn | 300 sec total\n|\n|t:|1783562256\n|move|p2a: Quaquaval|Close Combat|p1a: Rabsca\n|-resisted|p1a: Rabsca\n|-damage|p1a: Rabsca|1/100\n|-unboost|p2a: Quaquaval|def|1\n|-unboost|p2a: Quaquaval|spd|1\n|-damage|p2a: Quaquaval|0 fnt|[from] item: Life Orb\n|faint|p2a: Quaquaval\n|move|p1a: Rabsca|Trick Room|p1a: Rabsca\n|-fieldstart|move: Trick Room|[of] p1a: Rabsca\n|\n|upkeep\n|inactive|Time left: 300 sec this turn | 300 sec total | 5 sec grace\n|\n|t:|1783562256\n|switch|p2a: Skarmory|Skarmory, L80, F|235/235\n|turn|25\n|inactive|Time left: 300 sec this turn | 300 sec total\n|\n|t:|1783562257\n|switch|p1a: Pawmot|Pawmot, L80, M|100/100\n|-activate|p1a: Pawmot|move: Sticky Web\n|-unboost|p1a: Pawmot|spe|1\n|move|p2a: Skarmory|Body Press|p1a: Pawmot\n|-damage|p1a: Pawmot|62/100\n|\n|upkeep\n|turn|26\n|inactive|Time left: 300 sec this turn | 300 sec total\n|\n|t:|1783562258\n|-terastallize|p1a: Pawmot|Electric\n|move|p1a: Pawmot|Double Shock|p2a: Skarmory\n|-supereffective|p2a: Skarmory\n|-ability|p2a: Skarmory|Sturdy\n|-damage|p2a: Skarmory|1/235\n|-start|p1a: Pawmot|typechange|Electric|[from] move: Double Shock\n|move|p2a: Skarmory|Roost|p2a: Skarmory\n|-heal|p2a: Skarmory|119/235\n|-singleturn|p2a: Skarmory|move: Roost\n|\n|-heal|p2a: Skarmory|133/235|[from] item: Leftovers\n|upkeep\n|turn|27\n|inactive|Time left: 300 sec this turn | 300 sec total\n|\n|t:|1783562259\n|move|p1a: Pawmot|Double Shock|p2a: Skarmory\n|-supereffective|p2a: Skarmory\n|-damage|p2a: Skarmory|0 fnt\n|-start|p1a: Pawmot|typechange|Electric|[from] move: Double Shock\n|faint|p2a: Skarmory\n|\n|win|p0x1985163a", "uploadtime": 1783562259, "views": 0, "rating": 0, "private": 0, "password": null, "_winner": "p0x1985163a", "_our_name": "p0y1985216e"}