{"id": "battle-gen9randombattle-1652", "formatid": "gen9randombattle", "format": "[Gen 9] Random Battle", "players": ["p0x1652c045", "p0y1652d7b4"], "log": "|init|battle\n|title|p0x1652c045 vs. p0y1652d7b4\n|j|\u2606p0x1652c045\n|j|\u2606p0y1652d7b4\n|t:|1783559118\n|gametype|singles\n|player|p1|p0x1652c045|2|\n|player|p2|p0y1652d7b4|2|\n|gen|9\n|tier|[Gen 9] Random Battle\n|rule|Species Clause: Limit one of each Pok\u00e9mon\n|rule|HP Percentage Mod: HP is shown in percentages\n|rule|Sleep Clause Mod: Limit one foe put to sleep\n|rule|Illusion Level Mod: Illusion disguises the Pok\u00e9mon's true level\n|\n|t:|1783559118\n|teamsize|p1|6\n|teamsize|p2|6\n|start\n|switch|p1a: Corviknight|Corviknight, L80, M|100/100\n|switch|p2a: Ariados|Ariados, L95, M|287/287\n|turn|1\n|inactive|Battle timer is ON: inactive players will automatically lose when time's up. (requested by p0x1652c045)\n|inactive|Time left: 300 sec this turn | 300 sec total | 60 sec grace\n|\n|t:|1783559119\n|move|p1a: Corviknight|Brave Bird|p2a: Ariados\n|-supereffective|p2a: Ariados\n|-damage|p2a: Ariados|41/287\n|-damage|p1a: Corviknight|72/100|[from] Recoil\n|move|p2a: Ariados|Sticky Web|p1a: Corviknight\n|-sidestart|p1: p0x1652c045|move: Sticky Web\n|\n|upkeep\n|turn|2\n|inactive|Time left: 300 sec this turn | 300 sec total\n|inactive|p0y1652d7b4 also wants the timer to be on.\n|\n|t:|1783559120\n|move|p1a: Corviknight|Defog|p2a: Ariados\n|-unboost|p2a: Ariados|evasion|1\n|-sideend|p1: p0x1652c045|Sticky Web|[from] move: Defog|[of] p1a: Corviknight\n|move|p2a: Ariados|Sticky Web|p1a: Corviknight\n|-sidestart|p1: p0x1652c045|move: Sticky Web\n|\n|upkeep\n|turn|3\n|inactive|Time left: 300 sec this turn | 300 sec total\n|\n|t:|1783559121\n|move|p1a: Corviknight|Defog|p2a: Ariados\n|-unboost|p2a: Ariados|evasion|1\n|-sideend|p1: p0x1652c045|Sticky Web|[from] move: Defog|[of] p1a: Corviknight\n|move|p2a: Ariados|Sticky Web|p1a: Corviknight\n|-sidestart|p1: p0x1652c045|move: Sticky Web\n|\n|upkeep\n|turn|4\n|inactive|Time left: 300 sec this turn | 300 sec total\n|\n|t:|1783559121\n|move|p1a: Corviknight|Defog|p2a: Ariados\n|-unboost|p2a: Ariados|evasion|1\n|-sideend|p1: p0x1652c045|Sticky Web|[from] move: Defog|[of] p1a: Corviknight\n|move|p2a: Ariados|Sticky Web|p1a: Corviknight\n|-sidestart|p1: p0x1652c045|move: Sticky Web\n|\n|upkeep\n|turn|5\n|inactive|Time left: 300 sec this turn | 300 sec total\n|\n|t:|1783559122\n|move|p1a: Corviknight|Defog|p2a: Ariados\n|-unboost|p2a: Ariados|evasion|1\n|-sideend|p1: p0x1652c045|Sticky Web|[from] move: Defog|[of] p1a: Corviknight\n|move|p2a: Ariados|Sticky Web|p1a: Corviknight\n|-sidestart|p1: p0x1652c045|move: Sticky Web\n|\n|upkeep\n|turn|6\n|inactive|Time left: 300 sec this turn | 300 sec total\n|\n|t:|1783559123\n|move|p1a: Corviknight|Defog|p2a: Ariados\n|-unboost|p2a: Ariados|evasion|1\n|-sideend|p1: p0x1652c045|Sticky Web|[from] move: Defog|[of] p1a: Corviknight\n|move|p2a: Ariados|Sticky Web|p1a: Corviknight\n|-sidestart|p1: p0x1652c045|move: Sticky Web\n|\n|upkeep\n|turn|7\n|inactive|Time left: 300 sec this turn | 300 sec total\n|\n|t:|1783559124\n|move|p1a: Corviknight|Defog|p2a: Ariados\n|-unboost|p2a: Ariados|evasion|1\n|-sideend|p1: p0x1652c045|Sticky Web|[from] move: Defog|[of] p1a: Corviknight\n|move|p2a: Ariados|Sticky Web|p1a: Corviknight\n|-sidestart|p1: p0x1652c045|move: Sticky Web\n|\n|upkeep\n|turn|8\n|inactive|Time left: 300 sec this turn | 300 sec total\n|\n|t:|1783559124\n|move|p1a: Corviknight|Defog|p2a: Ariados\n|-unboost|p2a: Ariados|evasion|0\n|-sideend|p1: p0x1652c045|Sticky Web|[from] move: Defog|[of] p1a: Corviknight\n|move|p2a: Ariados|Sticky Web|p1a: Corviknight\n|-sidestart|p1: p0x1652c045|move: Sticky Web\n|\n|upkeep\n|turn|9\n|inactive|Time left: 300 sec this turn | 300 sec total\n|\n|t:|1783559125\n|move|p1a: Corviknight|Defog|p2a: Ariados\n|-unboost|p2a: Ariados|evasion|0\n|-sideend|p1: p0x1652c045|Sticky Web|[from] move: Defog|[of] p1a: Corviknight\n|move|p2a: Ariados|Sticky Web|p1a: Corviknight\n|-sidestart|p1: p0x1652c045|move: Sticky Web\n|\n|upkeep\n|turn|10\n|inactive|Time left: 300 sec this turn | 300 sec total\n|\n|t:|1783559126\n|move|p1a: Corviknight|Defog|p2a: Ariados\n|-unboost|p2a: Ariados|evasion|0\n|-sideend|p1: p0x1652c045|Sticky Web|[from] move: Defog|[of] p1a: Corviknight\n|move|p2a: Ariados|Sticky Web|p1a: Corviknight\n|-sidestart|p1: p0x1652c045|move: Sticky Web\n|\n|upkeep\n|turn|11\n|inactive|Time left: 300 sec this turn | 300 sec total\n|\n|t:|1783559127\n|move|p1a: Corviknight|Defog|p2a: Ariados\n|-unboost|p2a: Ariados|evasion|0\n|-sideend|p1: p0x1652c045|Sticky Web|[from] move: Defog|[of] p1a: Corviknight\n|move|p2a: Ariados|Sticky Web|p1a: Corviknight\n|-sidestart|p1: p0x1652c045|move: Sticky Web\n|\n|upkeep\n|turn|12\n|inactive|Time left: 300 sec this turn | 300 sec total\n|\n|t:|1783559128\n|move|p1a: Corviknight|Defog|p2a: Ariados\n|-unboost|p2a: Ariados|evasion|0\n|-sideend|p1: p0x1652c045|Sticky Web|[from] move: Defog|[of] p1a: Corviknight\n|move|p2a: Ariados|Sticky Web|p1a: Corviknight\n|-sidestart|p1: p0x1652c045|move: Sticky Web\n|\n|upkeep\n|turn|13\n|inactive|Time left: 300 sec this turn | 300 sec total\n|\n|t:|1783559129\n|move|p1a: Corviknight|Defog|p2a: Ariados\n|-unboost|p2a: Ariados|evasion|0\n|-sideend|p1: p0x1652c045|Sticky Web|[from] move: Defog|[of] p1a: Corviknight\n|move|p2a: Ariados|Sticky Web|p1a: Corviknight\n|-sidestart|p1: p0x1652c045|move: Sticky Web\n|\n|upkeep\n|turn|14\n|inactive|Time left: 300 sec this turn | 300 sec total\n|\n|t:|1783559130\n|move|p1a: Corviknight|Defog|p2a: Ariados\n|-unboost|p2a: Ariados|evasion|0\n|-sideend|p1: p0x1652c045|Sticky Web|[from] move: Defog|[of] p1a: Corviknight\n|move|p2a: Ariados|Sticky Web|p1a: Corviknight\n|-sidestart|p1: p0x1652c045|move: Sticky Web\n|\n|upkeep\n|turn|15\n|inactive|Time left: 300 sec this turn | 300 sec total\n|\n|t:|1783559131\n|move|p1a: Corviknight|Defog|p2a: Ariados\n|-unboost|p2a: Ariados|evasion|0\n|-sideend|p1: p0x1652c045|Sticky Web|[from] move: Defog|[of] p1a: Corviknight\n|move|p2a: Ariados|Sticky Web|p1a: Corviknight\n|-sidestart|p1: p0x1652c045|move: Sticky Web\n|\n|upkeep\n|turn|16\n|inactive|Time left: 300 sec this turn | 300 sec total\n|\n|t:|1783559132\n|move|p1a: Corviknight|Defog|p2a: Ariados\n|-unboost|p2a: Ariados|evasion|0\n|-sideend|p1: p0x1652c045|Sticky Web|[from] move: Defog|[of] p1a: Corviknight\n|move|p2a: Ariados|Sticky Web|p1a: Corviknight\n|-sidestart|p1: p0x1652c045|move: Sticky Web\n|\n|upkeep\n|turn|17\n|inactive|Time left: 300 sec this turn | 300 sec total\n|\n|t:|1783559132\n|move|p1a: Corviknight|Defog|p2a: Ariados\n|-unboost|p2a: Ariados|evasion|0\n|-sideend|p1: p0x1652c045|Sticky Web|[from] move: Defog|[of] p1a: Corviknight\n|move|p2a: Ariados|Sticky Web|p1a: Corviknight\n|-sidestart|p1: p0x1652c045|move: Sticky Web\n|\n|upkeep\n|turn|18\n|inactive|Time left: 300 sec this turn | 300 sec total\n|\n|t:|1783559133\n|move|p1a: Corviknight|Defog|p2a: Ariados\n|-unboost|p2a: Ariados|evasion|0\n|-sideend|p1: p0x1652c045|Sticky Web|[from] move: Defog|[of] p1a: Corviknight\n|move|p2a: Ariados|Sticky Web|p1a: Corviknight\n|-sidestart|p1: p0x1652c045|move: Sticky Web\n|\n|upkeep\n|turn|19\n|inactive|Time left: 300 sec this turn | 300 sec total\n|\n|t:|1783559134\n|move|p1a: Corviknight|Defog|p2a: Ariados\n|-unboost|p2a: Ariados|evasion|0\n|-sideend|p1: p0x1652c045|Sticky Web|[from] move: Defog|[of] p1a: Corviknight\n|move|p2a: Ariados|Sticky Web|p1a: Corviknight\n|-sidestart|p1: p0x1652c045|move: Sticky Web\n|\n|upkeep\n|turn|20\n|inactive|Time left: 300 sec this turn | 300 sec total\n|\n|t:|1783559135\n|move|p1a: Corviknight|Defog|p2a: Ariados\n|-unboost|p2a: Ariados|evasion|0\n|-sideend|p1: p0x1652c045|Sticky Web|[from] move: Defog|[of] p1a: Corviknight\n|move|p2a: Ariados|Sticky Web|p1a: Corviknight\n|-sidestart|p1: p0x1652c045|move: Sticky Web\n|\n|upkeep\n|turn|21\n|inactive|Time left: 300 sec this turn | 300 sec total\n|\n|t:|1783559136\n|move|p1a: Corviknight|Defog|p2a: Ariados\n|-unboost|p2a: Ariados|evasion|0\n|-sideend|p1: p0x1652c045|Sticky Web|[from] move: Defog|[of] p1a: Corviknight\n|move|p2a: Ariados|Sticky Web|p1a: Corviknight\n|-sidestart|p1: p0x1652c045|move: Sticky Web\n|\n|upkeep\n|turn|22\n|inactive|Time left: 300 sec this turn | 300 sec total\n|\n|t:|1783559137\n|move|p1a: Corviknight|Defog|p2a: Ariados\n|-unboost|p2a: Ariados|evasion|0\n|-sideend|p1: p0x1652c045|Sticky Web|[from] move: Defog|[of] p1a: Corviknight\n|move|p2a: Ariados|Sticky Web|p1a: Corviknight\n|-sidestart|p1: p0x1652c045|move: Sticky Web\n|\n|upkeep\n|turn|23\n|inactive|Time left: 300 sec this turn | 300 sec total\n|\n|t:|1783559138\n|move|p1a: Corviknight|Defog|p2a: Ariados\n|-unboost|p2a: Ariados|evasion|0\n|-sideend|p1: p0x1652c045|Sticky Web|[from] move: Defog|[of] p1a: Corviknight\n|move|p2a: Ariados|Sticky Web|p1a: Corviknight\n|-sidestart|p1: p0x1652c045|move: Sticky Web\n|\n|upkeep\n|turn|24\n|inactive|Time left: 300 sec this turn | 300 sec total\n|\n|t:|1783559139\n|move|p1a: Corviknight|Defog|p2a: Ariados\n|-unboost|p2a: Ariados|evasion|0\n|-sideend|p1: p0x1652c045|Sticky Web|[from] move: Defog|[of] p1a: Corviknight\n|move|p2a: Ariados|Sticky Web|p1a: Corviknight\n|-sidestart|p1: p0x1652c045|move: Sticky Web\n|\n|upkeep\n|turn|25\n|inactive|Time left: 300 sec this turn | 300 sec total\n|\n|t:|1783559140\n|move|p1a: Corviknight|Defog|p2a: Ariados\n|-unboost|p2a: Ariados|evasion|0\n|-sideend|p1: p0x1652c045|Sticky Web|[from] move: Defog|[of] p1a: Corviknight\n|move|p2a: Ariados|Sticky Web|p1a: Corviknight\n|-sidestart|p1: p0x1652c045|move: Sticky Web\n|\n|upkeep\n|turn|26\n|inactive|Time left: 300 sec this turn | 300 sec total\n|\n|t:|1783559141\n|switch|p2a: Magnezone|Magnezone, L85|258/258\n|move|p1a: Corviknight|Brave Bird|p2a: Magnezone\n|-resisted|p2a: Magnezone\n|-damage|p2a: Magnezone|236/258\n|-damage|p1a: Corviknight|70/100|[from] Recoil\n|\n|-heal|p2a: Magnezone|252/258|[from] item: Leftovers\n|upkeep\n|turn|27\n|inactive|Time left: 300 sec this turn | 300 sec total\n|\n|t:|1783559142\n|move|p1a: Corviknight|Roost|p1a: Corviknight\n|-heal|p1a: Corviknight|100/100\n|-singleturn|p1a: Corviknight|move: Roost\n|move|p2a: Magnezone|Thunderbolt|p1a: Corviknight\n|-damage|p1a: Corviknight|57/100\n|\n|-heal|p2a: Magnezone|258/258|[from] item: Leftovers\n|upkeep\n|turn|28\n|inactive|Time left: 300 sec this turn | 300 sec total\n|\n|t:|1783559144\n|move|p1a: Corviknight|Roost|p1a: Corviknight\n|-heal|p1a: Corviknight|100/100\n|-singleturn|p1a: Corviknight|move: Roost\n|move|p2a: Magnezone|Thunderbolt|p1a: Corviknight\n|-damage|p1a: Corviknight|54/100\n|\n|upkeep\n|turn|29\n|inactive|Time left: 300 sec this turn | 300 sec total\n|\n|t:|1783559145\n|move|p1a: Corviknight|Roost|p1a: Corviknight\n|-heal|p1a: Corviknight|100/100\n|-singleturn|p1a: Corviknight|move: Roost\n|move|p2a: Magnezone|Thunderbolt|p1a: Corviknight\n|-damage|p1a: Corviknight|52/100\n|-status|p1a: Corviknight|par\n|\n|upkeep\n|turn|30\n|inactive|Time left: 300 sec this turn | 300 sec total\n|\n|t:|1783559146\n|move|p2a: Magnezone|Thunderbolt|p1a: Corviknight\n|-supereffective|p1a: Corviknight\n|-damage|p1a: Corviknight|0 fnt\n|faint|p1a: Corviknight\n|\n|upkeep\n|\n|t:|1783559147\n|switch|p1a: Spidops|Spidops, L96, M|100/100\n|turn|31\n|inactive|Time left: 300 sec this turn | 300 sec total\n|\n|t:|1783559148\n|move|p2a: Magnezone|Flash Cannon|p1a: Spidops\n|-damage|p1a: Spidops|65/100\n|move|p1a: Spidops|Sticky Web|p2a: Magnezone\n|-sidestart|p2: p0y1652d7b4|move: Sticky Web\n|\n|upkeep\n|turn|32\n|inactive|Time left: 300 sec this turn | 300 sec total\n|\n|t:|1783559149\n|move|p2a: Magnezone|Flash Cannon|p1a: Spidops\n|-damage|p1a: Spidops|29/100\n|move|p1a: Spidops|Spikes|p2a: Magnezone\n|-sidestart|p2: p0y1652d7b4|Spikes\n|\n|upkeep\n|turn|33\n|inactive|Time left: 300 sec this turn | 300 sec total\n|\n|t:|1783559151\n|switch|p1a: Gastrodon|Gastrodon-East, L86, M|100/100\n|-activate|p1a: Gastrodon|move: Sticky Web\n|-unboost|p1a: Gastrodon|spe|1\n|move|p2a: Magnezone|Thunderbolt|p1a: Gastrodon\n|-immune|p1a: Gastrodon\n|\n|upkeep\n|turn|34\n|inactive|Time left: 300 sec this turn | 300 sec total\n|\n|t:|1783559152\n|switch|p2a: Ho-Oh|Ho-Oh, L71|268/268\n|move|p1a: Gastrodon|Earthquake|p2a: Ho-Oh\n|-immune|p2a: Ho-Oh\n|\n|upkeep\n|turn|35\n|inactive|Time left: 300 sec this turn | 300 sec total\n|\n|t:|1783559153\n|move|p2a: Ho-Oh|Sacred Fire|p1a: Gastrodon\n|-resisted|p1a: Gastrodon\n|-crit|p1a: Gastrodon\n|-damage|p1a: Gastrodon|73/100\n|move|p1a: Gastrodon|Surf|p2a: Ho-Oh\n|-supereffective|p2a: Ho-Oh\n|-damage|p2a: Ho-Oh|130/268\n|\n|-heal|p1a: Gastrodon|79/100|[from] item: Leftovers\n|upkeep\n|turn|36\n|inactive|Time left: 300 sec this turn | 300 sec total\n|\n|t:|1783559154\n|move|p2a: Ho-Oh|Recover|p2a: Ho-Oh\n|-heal|p2a: Ho-Oh|264/268\n|move|p1a: Gastrodon|Surf|p2a: Ho-Oh\n|-supereffective|p2a: Ho-Oh\n|-damage|p2a: Ho-Oh|114/268\n|\n|-heal|p1a: Gastrodon|85/100|[from] item: Leftovers\n|upkeep\n|turn|37\n|inactive|Time left: 300 sec this turn | 300 sec total\n|\n|t:|1783559155\n|move|p2a: Ho-Oh|Recover|p2a: Ho-Oh\n|-heal|p2a: Ho-Oh|248/268\n|move|p1a: Gastrodon|Surf|p2a: Ho-Oh\n|-supereffective|p2a: Ho-Oh\n|-damage|p2a: Ho-Oh|104/268\n|\n|-heal|p1a: Gastrodon|91/100|[from] item: Leftovers\n|upkeep\n|turn|38\n|inactive|Time left: 300 sec this turn | 300 sec total\n|\n|t:|1783559156\n|move|p2a: Ho-Oh|Recover|p2a: Ho-Oh\n|-heal|p2a: Ho-Oh|238/268\n|move|p1a: Gastrodon|Surf|p2a: Ho-Oh\n|-supereffective|p2a: Ho-Oh\n|-damage|p2a: Ho-Oh|98/268\n|\n|-heal|p1a: Gastrodon|97/100|[from] item: Leftovers\n|upkeep\n|turn|39\n|inactive|Time left: 300 sec this turn | 300 sec total\n|\n|t:|1783559157\n|move|p2a: Ho-Oh|Recover|p2a: Ho-Oh\n|-heal|p2a: Ho-Oh|232/268\n|move|p1a: Gastrodon|Surf|p2a: Ho-Oh\n|-supereffective|p2a: Ho-Oh\n|-damage|p2a: Ho-Oh|98/268\n|\n|-heal|p1a: Gastrodon|100/100|[from] item: Leftovers\n|upkeep\n|turn|40\n|inactive|Time left: 300 sec this turn | 300 sec total\n|\n|t:|1783559158\n|move|p2a: Ho-Oh|Recover|p2a: Ho-Oh\n|-heal|p2a: Ho-Oh|232/268\n|move|p1a: Gastrodon|Surf|p2a: Ho-Oh\n|-supereffective|p2a: Ho-Oh\n|-damage|p2a: Ho-Oh|92/268\n|\n|upkeep\n|turn|41\n|inactive|Time left: 300 sec this turn | 300 sec total\n|\n|t:|1783559159\n|move|p2a: Ho-Oh|Recover|p2a: Ho-Oh\n|-heal|p2a: Ho-Oh|226/268\n|move|p1a: Gastrodon|Surf|p2a: Ho-Oh\n|-supereffective|p2a: Ho-Oh\n|-damage|p2a: Ho-Oh|76/268\n|\n|upkeep\n|turn|42\n|inactive|Time left: 300 sec this turn | 300 sec total\n|\n|t:|1783559161\n|move|p2a: Ho-Oh|Recover|p2a: Ho-Oh\n|-heal|p2a: Ho-Oh|210/268\n|move|p1a: Gastrodon|Surf|p2a: Ho-Oh\n|-supereffective|p2a: Ho-Oh\n|-damage|p2a: Ho-Oh|70/268\n|\n|upkeep\n|turn|43\n|inactive|Time left: 300 sec this turn | 300 sec total\n|\n|t:|1783559162\n|move|p2a: Ho-Oh|Recover|p2a: Ho-Oh\n|-heal|p2a: Ho-Oh|204/268\n|move|p1a: Gastrodon|Surf|p2a: Ho-Oh\n|-supereffective|p2a: Ho-Oh\n|-damage|p2a: Ho-Oh|64/268\n|\n|upkeep\n|turn|44\n|inactive|Time left: 300 sec this turn | 300 sec total\n|\n|t:|1783559163\n|move|p2a: Ho-Oh|Sacred Fire|p1a: Gastrodon\n|-resisted|p1a: Gastrodon\n|-damage|p1a: Gastrodon|82/100\n|move|p1a: Gastrodon|Surf|p2a: Ho-Oh\n|-supereffective|p2a: Ho-Oh\n|-damage|p2a: Ho-Oh|0 fnt\n|faint|p2a: Ho-Oh\n|\n|-heal|p1a: Gastrodon|88/100|[from] item: Leftovers\n|upkeep\n|inactive|Time left: 300 sec this turn | 300 sec total | 5 sec grace\n|\n|t:|1783559164\n|switch|p2a: Maushold|Maushold-Four, L76|238/238\n|-activate|p2a: Maushold|move: Sticky Web\n|-unboost|p2a: Maushold|spe|1\n|-damage|p2a: Maushold|209/238|[from] Spikes\n|turn|45\n|inactive|Time left: 300 sec this turn | 300 sec total\n|\n|t:|1783559165\n|move|p2a: Maushold|Tidy Up|p2a: Maushold\n|-sideend|p2: p0y1652d7b4|Spikes\n|-sideend|p2: p0y1652d7b4|Sticky Web\n|-sideend|p1: p0x1652c045|Sticky Web\n|-activate|p2a: Maushold|move: Tidy Up\n|-boost|p2a: Maushold|atk|1\n|-boost|p2a: Maushold|spe|1\n|move|p1a: Gastrodon|Surf|p2a: Maushold\n|-damage|p2a: Maushold|88/238\n|\n|-heal|p1a: Gastrodon|94/100|[from] item: Leftovers\n|upkeep\n|turn|46\n|inactive|Time left: 300 sec this turn | 300 sec total\n|\n|t:|1783559166\n|switch|p1a: Bastiodon|Bastiodon, L89, M|100/100\n|move|p2a: Maushold|Population Bomb|p1a: Bastiodon\n|-resisted|p1a: Bastiodon\n|-damage|p1a: Bastiodon|99/100\n|-resisted|p1a: Bastiodon\n|-damage|p1a: Bastiodon|97/100\n|-resisted|p1a: Bastiodon\n|-damage|p1a: Bastiodon|95/100\n|-resisted|p1a: Bastiodon\n|-crit|p1a: Bastiodon\n|-damage|p1a: Bastiodon|92/100\n|-resisted|p1a: Bastiodon\n|-damage|p1a: Bastiodon|91/100\n|-resisted|p1a: Bastiodon\n|-damage|p1a: Bastiodon|89/100\n|-resisted|p1a: Bastiodon\n|-damage|p1a: Bastiodon|87/100\n|-resisted|p1a: Bastiodon\n|-damage|p1a: Bastiodon|85/100\n|-resisted|p1a: Bastiodon\n|-damage|p1a: Bastiodon|83/100\n|-resisted|p1a: Bastiodon\n|-damage|p1a: Bastiodon|81/100\n|-hitcount|p1a: Bastiodon|10\n|\n|upkeep\n|turn|47\n|inactive|Time left: 300 sec this turn | 300 sec total\n|\n|t:|1783559167\n|switch|p2a: Magnezone|Magnezone, L85|258/258\n|move|p1a: Bastiodon|Foul Play|p2a: Magnezone\n|-damage|p2a: Magnezone|227/258\n|\n|-heal|p2a: Magnezone|243/258|[from] item: Leftovers\n|upkeep\n|turn|48\n|inactive|Time left: 300 sec this turn | 300 sec total\n|\n|t:|1783559167\n|-terastallize|p1a: Bastiodon|Fighting\n|move|p2a: Magnezone|Iron Defense|p2a: Magnezone\n|-boost|p2a: Magnezone|def|2\n|move|p1a: Bastiodon|Body Press|p2a: Magnezone\n|-supereffective|p2a: Magnezone\n|-damage|p2a: Magnezone|123/258\n|\n|-heal|p2a: Magnezone|139/258|[from] item: Leftovers\n|upkeep\n|turn|49\n|inactive|Time left: 300 sec this turn | 300 sec total\n|\n|t:|1783559168\n|move|p2a: Magnezone|Thunderbolt|p1a: Bastiodon\n|-damage|p1a: Bastiodon|50/100\n|move|p1a: Bastiodon|Body Press|p2a: Magnezone\n|-supereffective|p2a: Magnezone\n|-damage|p2a: Magnezone|29/258\n|\n|-heal|p2a: Magnezone|45/258|[from] item: Leftovers\n|upkeep\n|turn|50\n|inactive|Time left: 300 sec this turn | 300 sec total\n|\n|t:|1783559169\n|move|p2a: Magnezone|Thunderbolt|p1a: Bastiodon\n|-damage|p1a: Bastiodon|20/100\n|move|p1a: Bastiodon|Rest|p1a: Bastiodon\n|-status|p1a: Bastiodon|slp|[from] move: Rest\n|-heal|p1a: Bastiodon|100/100 slp|[silent]\n|-enditem|p1a: Bastiodon|Chesto Berry|[eat]\n|-curestatus|p1a: Bastiodon|slp|[msg]\n|\n|-heal|p2a: Magnezone|61/258|[from] item: Leftovers\n|upkeep\n|turn|51\n|inactive|Time left: 300 sec this turn | 300 sec total\n|\n|t:|1783559169\n|move|p2a: Magnezone|Thunderbolt|p1a: Bastiodon\n|-damage|p1a: Bastiodon|68/100\n|move|p1a: Bastiodon|Body Press|p2a: Magnezone\n|-supereffective|p2a: Magnezone\n|-crit|p2a: Magnezone\n|-damage|p2a: Magnezone|0 fnt\n|faint|p2a: Magnezone\n|\n|upkeep\n|inactive|Time left: 300 sec this turn | 300 sec total | 5 sec grace\n|\n|t:|1783559170\n|switch|p2a: Ariados|Ariados, L95, M|41/287\n|turn|52\n|inactive|Time left: 300 sec this turn | 300 sec total\n|\n|t:|1783559171\n|move|p2a: Ariados|Sticky Web|p1a: Bastiodon\n|-sidestart|p1: p0x1652c045|move: Sticky Web\n|move|p1a: Bastiodon|Foul Play|p2a: Ariados\n|-damage|p2a: Ariados|0 fnt\n|faint|p2a: Ariados\n|\n|upkeep\n|inactive|Time left: 300 sec this turn | 300 sec total | 5 sec grace\n|\n|t:|1783559171\n|switch|p2a: Maushold|Maushold-Four, L76|88/238\n|turn|53\n|inactive|Time left: 300 sec this turn | 300 sec total\n|\n|t:|1783559172\n|move|p2a: Maushold|Population Bomb|p1a: Bastiodon|[miss]\n|-miss|p2a: Maushold|p1a: Bastiodon\n|move|p1a: Bastiodon|Body Press|p2a: Maushold\n|-supereffective|p2a: Maushold\n|-damage|p2a: Maushold|0 fnt\n|faint|p2a: Maushold\n|\n|upkeep\n|inactive|Time left: 300 sec this turn | 300 sec total | 5 sec grace\n|\n|t:|1783559173\n|switch|p2a: Floatzel|Floatzel, L86, M|286/286\n|turn|54\n|inactive|Time left: 300 sec this turn | 300 sec total\n|\n|t:|1783559173\n|move|p2a: Floatzel|Bulk Up|p2a: Floatzel\n|-boost|p2a: Floatzel|atk|1\n|-boost|p2a: Floatzel|def|1\n|move|p1a: Bastiodon|Body Press|p2a: Floatzel\n|-damage|p2a: Floatzel|153/286\n|\n|-heal|p2a: Floatzel|170/286|[from] item: Leftovers\n|upkeep\n|turn|55\n|inactive|Time left: 300 sec this turn | 300 sec total\n|\n|t:|1783559174\n|move|p2a: Floatzel|Bulk Up|p2a: Floatzel\n|-boost|p2a: Floatzel|atk|1\n|-boost|p2a: Floatzel|def|1\n|move|p1a: Bastiodon|Body Press|p2a: Floatzel\n|-damage|p2a: Floatzel|77/286\n|\n|-heal|p2a: Floatzel|94/286|[from] item: Leftovers\n|upkeep\n|turn|56\n|inactive|Time left: 300 sec this turn | 300 sec total\n|\n|t:|1783559175\n|-terastallize|p2a: Floatzel|Water\n|move|p2a: Floatzel|Wave Crash|p1a: Bastiodon\n|-damage|p1a: Bastiodon|0 fnt\n|faint|p1a: Bastiodon\n|-damage|p2a: Floatzel|38/286|[from] Recoil\n|\n|-heal|p2a: Floatzel|55/286|[from] item: Leftovers\n|upkeep\n|\n|t:|1783559176\n|switch|p1a: Gastrodon|Gastrodon-East, L86, M|94/100\n|-activate|p1a: Gastrodon|move: Sticky Web\n|-unboost|p1a: Gastrodon|spe|1\n|turn|57\n|inactive|Time left: 300 sec this turn | 300 sec total\n|\n|t:|1783559177\n|move|p2a: Floatzel|Ice Spinner|p1a: Gastrodon\n|-damage|p1a: Gastrodon|48/100\n|move|p1a: Gastrodon|Sludge Bomb|p2a: Floatzel\n|-damage|p2a: Floatzel|0 fnt\n|faint|p2a: Floatzel\n|\n|-heal|p1a: Gastrodon|54/100|[from] item: Leftovers\n|upkeep\n|inactive|Time left: 300 sec this turn | 300 sec total | 5 sec grace\n|\n|t:|1783559178\n|switch|p2a: Zangoose|Zangoose, L85, M|263/263\n|turn|58\n|inactive|Time left: 300 sec this turn | 300 sec total\n|\n|t:|1783559179\n|move|p2a: Zangoose|Swords Dance|p2a: Zangoose\n|-boost|p2a: Zangoose|atk|2\n|move|p1a: Gastrodon|Earthquake|p2a: Zangoose\n|-damage|p2a: Zangoose|134/263\n|\n|-heal|p1a: Gastrodon|60/100|[from] item: Leftovers\n|-status|p2a: Zangoose|tox|[from] item: Toxic Orb\n|upkeep\n|turn|59\n|inactive|Time left: 300 sec this turn | 300 sec total\n|\n|t:|1783559181\n|switch|p1a: Spidops|Spidops, L96, M|29/100\n|move|p2a: Zangoose|Facade|p1a: Spidops\n|-damage|p1a: Spidops|0 fnt\n|faint|p1a: Spidops\n|\n|-damage|p2a: Zangoose|118/263 tox|[from] psn\n|upkeep\n|\n|t:|1783559182\n|switch|p1a: Armarouge|Armarouge, L80, M|100/100\n|-activate|p1a: Armarouge|move: Sticky Web\n|-unboost|p1a: Armarouge|spe|1\n|turn|60\n|inactive|Time left: 300 sec this turn | 300 sec total\n|\n|t:|1783559183\n|switch|p1a: Indeedee|Indeedee, L84, M|100/100\n|-activate|p1a: Indeedee|move: Sticky Web\n|-unboost|p1a: Indeedee|spe|1\n|-fieldstart|move: Psychic Terrain|[from] ability: Psychic Surge|[of] p1a: Indeedee\n|move|p2a: Zangoose|Knock Off|p1a: Indeedee\n|-supereffective|p1a: Indeedee\n|-damage|p1a: Indeedee|0 fnt\n|-enditem|p1a: Indeedee|Life Orb|[from] move: Knock Off|[of] p2a: Zangoose\n|faint|p1a: Indeedee\n|\n|-damage|p2a: Zangoose|86/263 tox|[from] psn\n|upkeep\n|\n|t:|1783559184\n|switch|p1a: Gastrodon|Gastrodon-East, L86, M|60/100\n|-activate|p1a: Gastrodon|move: Sticky Web\n|-unboost|p1a: Gastrodon|spe|1\n|turn|61\n|inactive|Time left: 300 sec this turn | 300 sec total\n|\n|t:|1783559185\n|move|p2a: Zangoose|Facade|p1a: Gastrodon\n|-damage|p1a: Gastrodon|0 fnt\n|faint|p1a: Gastrodon\n|\n|-damage|p2a: Zangoose|38/263 tox|[from] psn\n|upkeep\n|\n|t:|1783559186\n|switch|p1a: Armarouge|Armarouge, L80, M|100/100\n|-activate|p1a: Armarouge|move: Sticky Web\n|-unboost|p1a: Armarouge|spe|1\n|turn|62\n|inactive|Time left: 300 sec this turn | 300 sec total\n|\n|t:|1783559187\n|move|p2a: Zangoose|Knock Off|p1a: Armarouge\n|-supereffective|p1a: Armarouge\n|-damage|p1a: Armarouge|0 fnt\n|-enditem|p1a: Armarouge|Power Herb|[from] move: Knock Off|[of] p2a: Zangoose\n|faint|p1a: Armarouge\n|\n|win|p0y1652d7b4", "uploadtime": 1783559187, "views": 0, "rating": 0, "private": 0, "password": null, "_winner": "p0y1652d7b4", "_our_name": "p0y1652d7b4"}