{"id": "battle-gen9randombattle-89", "formatid": "gen9randombattle", "format": "[Gen 9] Random Battle", "players": ["p0x08952b3", "p0y0895469"], "log": "|init|battle\n|title|p0x08952b3 vs. p0y0895469\n|j|\u2606p0x08952b3\n|j|\u2606p0y0895469\n|t:|1783534278\n|gametype|singles\n|player|p1|p0x08952b3|266|\n|player|p2|p0y0895469|2|\n|gen|9\n|tier|[Gen 9] Random Battle\n|rule|Species Clause: Limit one of each Pok\u00e9mon\n|rule|HP Percentage Mod: HP is shown in percentages\n|rule|Sleep Clause Mod: Limit one foe put to sleep\n|rule|Illusion Level Mod: Illusion disguises the Pok\u00e9mon's true level\n|\n|t:|1783534278\n|teamsize|p1|6\n|teamsize|p2|6\n|start\n|switch|p1a: Swalot|Swalot, L90, M|326/326\n|switch|p2a: Lunala|Lunala, L70|100/100\n|turn|1\n|inactive|Battle timer is ON: inactive players will automatically lose when time's up. (requested by p0x08952b3)\n|inactive|p0y0895469 also wants the timer to be on.\n|\n|t:|1783534280\n|move|p2a: Lunala|Calm Mind|p2a: Lunala\n|-boost|p2a: Lunala|spa|1\n|-boost|p2a: Lunala|spd|1\n|move|p1a: Swalot|Toxic|p2a: Lunala\n|-status|p2a: Lunala|tox\n|\n|-damage|p2a: Lunala|94/100 tox|[from] psn\n|upkeep\n|turn|2\n|inactive|Time left: 300 sec this turn | 300 sec total\n|\n|t:|1783534281\n|move|p2a: Lunala|Calm Mind|p2a: Lunala\n|-boost|p2a: Lunala|spa|1\n|-boost|p2a: Lunala|spd|1\n|move|p1a: Swalot|Sludge Bomb|p2a: Lunala\n|-resisted|p2a: Lunala\n|-damage|p2a: Lunala|88/100 tox\n|\n|-heal|p2a: Lunala|94/100 tox|[from] item: Leftovers\n|-damage|p2a: Lunala|81/100 tox|[from] psn\n|upkeep\n|turn|3\n|inactive|Time left: 300 sec this turn | 300 sec total\n|\n|t:|1783534282\n|move|p1a: Swalot|Protect|p1a: Swalot\n|-singleturn|p1a: Swalot|Protect\n|move|p2a: Lunala|Moongeist Beam|p1a: Swalot\n|-activate|p1a: Swalot|move: Protect\n|\n|-heal|p2a: Lunala|88/100 tox|[from] item: Leftovers\n|-damage|p2a: Lunala|69/100 tox|[from] psn\n|upkeep\n|turn|4\n|inactive|Time left: 300 sec this turn | 300 sec total\n|\n|t:|1783534283\n|move|p2a: Lunala|Moongeist Beam|p1a: Swalot\n|-damage|p1a: Swalot|130/326\n|move|p1a: Swalot|Earthquake|p2a: Lunala\n|-damage|p2a: Lunala|42/100 tox\n|\n|-heal|p2a: Lunala|48/100 tox|[from] item: Leftovers\n|-heal|p1a: Swalot|150/326|[from] item: Leftovers\n|-damage|p2a: Lunala|23/100 tox|[from] psn\n|upkeep\n|turn|5\n|inactive|Time left: 300 sec this turn | 300 sec total\n|\n|t:|1783534285\n|move|p2a: Lunala|Moonlight|p2a: Lunala\n|-heal|p2a: Lunala|73/100 tox\n|move|p1a: Swalot|Earthquake|p2a: Lunala\n|-damage|p2a: Lunala|49/100 tox\n|\n|-heal|p2a: Lunala|55/100 tox|[from] item: Leftovers\n|-heal|p1a: Swalot|170/326|[from] item: Leftovers\n|-damage|p2a: Lunala|24/100 tox|[from] psn\n|upkeep\n|turn|6\n|inactive|Time left: 300 sec this turn | 300 sec total\n|\n|t:|1783534286\n|move|p1a: Swalot|Protect|p1a: Swalot\n|-singleturn|p1a: Swalot|Protect\n|move|p2a: Lunala|Moongeist Beam|p1a: Swalot\n|-activate|p1a: Swalot|move: Protect\n|\n|-heal|p2a: Lunala|30/100 tox|[from] item: Leftovers\n|-heal|p1a: Swalot|190/326|[from] item: Leftovers\n|-damage|p2a: Lunala|0 fnt|[from] psn\n|faint|p2a: Lunala\n|upkeep\n|\n|t:|1783534287\n|switch|p2a: Armarouge|Armarouge, L80, F|100/100\n|turn|7\n|inactive|Time left: 300 sec this turn | 300 sec total\n|\n|t:|1783534288\n|switch|p1a: Grumpig|Grumpig, L92, M|297/297\n|move|p2a: Armarouge|Armor Cannon|p1a: Grumpig\n|-damage|p1a: Grumpig|221/297\n|-unboost|p2a: Armarouge|def|1\n|-unboost|p2a: Armarouge|spd|1\n|\n|upkeep\n|turn|8\n|inactive|Time left: 300 sec this turn | 300 sec total\n|\n|t:|1783534290\n|move|p1a: Grumpig|Psychic|p2a: Armarouge\n|-resisted|p2a: Armarouge\n|-damage|p2a: Armarouge|65/100\n|-unboost|p2a: Armarouge|spd|1\n|move|p2a: Armarouge|Armor Cannon|p1a: Grumpig\n|-damage|p1a: Grumpig|139/297\n|-unboost|p2a: Armarouge|def|1\n|-unboost|p2a: Armarouge|spd|1\n|\n|upkeep\n|turn|9\n|inactive|Time left: 300 sec this turn | 300 sec total\n|\n|t:|1783534291\n|switch|p2a: Iron Treads|Iron Treads, L77|100/100\n|move|p1a: Grumpig|Psychic|p2a: Iron Treads\n|-resisted|p2a: Iron Treads\n|-damage|p2a: Iron Treads|82/100\n|\n|upkeep\n|turn|10\n|inactive|Time left: 300 sec this turn | 300 sec total\n|\n|t:|1783534293\n|move|p1a: Grumpig|Psychic|p2a: Iron Treads\n|-resisted|p2a: Iron Treads\n|-damage|p2a: Iron Treads|65/100\n|move|p2a: Iron Treads|Earthquake|p1a: Grumpig\n|-damage|p1a: Grumpig|24/297\n|\n|upkeep\n|turn|11\n|inactive|Time left: 300 sec this turn | 300 sec total\n|\n|t:|1783534294\n|move|p1a: Grumpig|Psychic|p2a: Iron Treads\n|-resisted|p2a: Iron Treads\n|-damage|p2a: Iron Treads|47/100\n|move|p2a: Iron Treads|Rapid Spin|p1a: Grumpig\n|-crit|p1a: Grumpig\n|-damage|p1a: Grumpig|0 fnt\n|-boost|p2a: Iron Treads|spe|1\n|faint|p1a: Grumpig\n|\n|upkeep\n|inactive|Time left: 300 sec this turn | 300 sec total | 5 sec grace\n|\n|t:|1783534295\n|switch|p1a: Baxcalibur|Baxcalibur, L75, F|295/295\n|turn|12\n|inactive|Time left: 300 sec this turn | 300 sec total\n|\n|t:|1783534296\n|move|p2a: Iron Treads|Iron Head|p1a: Baxcalibur\n|-supereffective|p1a: Baxcalibur\n|-crit|p1a: Baxcalibur\n|-damage|p1a: Baxcalibur|31/295\n|move|p1a: Baxcalibur|Earthquake|p2a: Iron Treads\n|-supereffective|p2a: Iron Treads\n|-damage|p2a: Iron Treads|0 fnt\n|faint|p2a: Iron Treads\n|-end|p2a: Iron Treads|Quark Drive|[silent]\n|\n|upkeep\n|\n|t:|1783534297\n|switch|p2a: Vivillon|Vivillon-Archipelago, L83, F|100/100\n|turn|13\n|inactive|Time left: 300 sec this turn | 300 sec total\n|\n|t:|1783534298\n|switch|p1a: Copperajah|Copperajah, L86, F|350/350\n|move|p2a: Vivillon|Quiver Dance|p2a: Vivillon\n|-boost|p2a: Vivillon|spa|1\n|-boost|p2a: Vivillon|spd|1\n|-boost|p2a: Vivillon|spe|1\n|\n|upkeep\n|turn|14\n|inactive|Time left: 300 sec this turn | 300 sec total\n|\n|t:|1783534299\n|move|p2a: Vivillon|Sleep Powder|p1a: Copperajah\n|-status|p1a: Copperajah|slp|[from] move: Sleep Powder\n|cant|p1a: Copperajah|slp\n|\n|upkeep\n|turn|15\n|inactive|Time left: 300 sec this turn | 300 sec total\n|\n|t:|1783534300\n|move|p2a: Vivillon|Quiver Dance|p2a: Vivillon\n|-boost|p2a: Vivillon|spa|1\n|-boost|p2a: Vivillon|spd|1\n|-boost|p2a: Vivillon|spe|1\n|-curestatus|p1a: Copperajah|slp|[msg]\n|move|p1a: Copperajah|Iron Head|p2a: Vivillon\n|-damage|p2a: Vivillon|2/100\n|\n|upkeep\n|turn|16\n|inactive|Time left: 300 sec this turn | 300 sec total\n|\n|t:|1783534301\n|move|p2a: Vivillon|Sleep Powder|p1a: Copperajah\n|-status|p1a: Copperajah|slp|[from] move: Sleep Powder\n|cant|p1a: Copperajah|slp\n|\n|upkeep\n|turn|17\n|inactive|Time left: 300 sec this turn | 300 sec total\n|\n|t:|1783534303\n|move|p2a: Vivillon|Hurricane|p1a: Copperajah\n|-resisted|p1a: Copperajah\n|-damage|p1a: Copperajah|218/350 slp\n|-start|p1a: Copperajah|confusion\n|-curestatus|p1a: Copperajah|slp|[msg]\n|-activate|p1a: Copperajah|confusion\n|move|p1a: Copperajah|Play Rough|p2a: Vivillon\n|-damage|p2a: Vivillon|0 fnt\n|faint|p2a: Vivillon\n|\n|upkeep\n|\n|t:|1783534304\n|switch|p2a: Armarouge|Armarouge, L80, F|65/100\n|turn|18\n|inactive|Time left: 300 sec this turn | 300 sec total\n|\n|t:|1783534305\n|switch|p1a: Scream Tail|Scream Tail, L84|330/330\n|move|p2a: Armarouge|Armor Cannon|p1a: Scream Tail\n|-damage|p1a: Scream Tail|158/330\n|-unboost|p2a: Armarouge|def|1\n|-unboost|p2a: Armarouge|spd|1\n|\n|-heal|p1a: Scream Tail|178/330|[from] item: Leftovers\n|upkeep\n|turn|19\n|inactive|Time left: 300 sec this turn | 300 sec total\n|\n|t:|1783534306\n|move|p1a: Scream Tail|Wish|p1a: Scream Tail\n|move|p2a: Armarouge|Armor Cannon|p1a: Scream Tail\n|-damage|p1a: Scream Tail|16/330\n|-unboost|p2a: Armarouge|def|1\n|-unboost|p2a: Armarouge|spd|1\n|\n|-heal|p1a: Scream Tail|36/330|[from] item: Leftovers\n|upkeep\n|turn|20\n|inactive|Time left: 300 sec this turn | 300 sec total\n|\n|t:|1783534307\n|move|p1a: Scream Tail|Protect|p1a: Scream Tail\n|-singleturn|p1a: Scream Tail|Protect\n|move|p2a: Armarouge|Armor Cannon|p1a: Scream Tail\n|-activate|p1a: Scream Tail|move: Protect\n|\n|-heal|p1a: Scream Tail|201/330|[from] move: Wish|[wisher] Scream Tail\n|-heal|p1a: Scream Tail|221/330|[from] item: Leftovers\n|upkeep\n|turn|21\n|inactive|Time left: 300 sec this turn | 300 sec total\n|\n|t:|1783534308\n|move|p1a: Scream Tail|Wish|p1a: Scream Tail\n|move|p2a: Armarouge|Armor Cannon|p1a: Scream Tail\n|-damage|p1a: Scream Tail|38/330\n|-unboost|p2a: Armarouge|def|1\n|-unboost|p2a: Armarouge|spd|1\n|\n|-heal|p1a: Scream Tail|58/330|[from] item: Leftovers\n|upkeep\n|turn|22\n|inactive|Time left: 300 sec this turn | 300 sec total\n|\n|t:|1783534309\n|move|p1a: Scream Tail|Protect|p1a: Scream Tail\n|-singleturn|p1a: Scream Tail|Protect\n|move|p2a: Armarouge|Armor Cannon|p1a: Scream Tail\n|-activate|p1a: Scream Tail|move: Protect\n|\n|-heal|p1a: Scream Tail|223/330|[from] move: Wish|[wisher] Scream Tail\n|-heal|p1a: Scream Tail|243/330|[from] item: Leftovers\n|upkeep\n|turn|23\n|inactive|Time left: 300 sec this turn | 300 sec total\n|\n|t:|1783534310\n|move|p1a: Scream Tail|Wish|p1a: Scream Tail\n|move|p2a: Armarouge|Armor Cannon|p1a: Scream Tail\n|-damage|p1a: Scream Tail|59/330\n|-unboost|p2a: Armarouge|def|1\n|-unboost|p2a: Armarouge|spd|1\n|\n|-heal|p1a: Scream Tail|79/330|[from] item: Leftovers\n|upkeep\n|turn|24\n|inactive|Time left: 300 sec this turn | 300 sec total\n|\n|t:|1783534311\n|switch|p2a: Venusaur|Venusaur, L84, F|100/100\n|move|p1a: Scream Tail|Play Rough|p2a: Venusaur\n|-resisted|p2a: Venusaur\n|-damage|p2a: Venusaur|88/100\n|\n|-heal|p1a: Scream Tail|244/330|[from] move: Wish|[wisher] Scream Tail\n|-heal|p1a: Scream Tail|264/330|[from] item: Leftovers\n|-heal|p2a: Venusaur|94/100|[from] item: Leftovers\n|upkeep\n|turn|25\n|inactive|Time left: 300 sec this turn | 300 sec total\n|\n|t:|1783534312\n|move|p1a: Scream Tail|Wish|p1a: Scream Tail\n|move|p2a: Venusaur|Sludge Bomb|p1a: Scream Tail\n|-supereffective|p1a: Scream Tail\n|-damage|p1a: Scream Tail|118/330\n|\n|-heal|p1a: Scream Tail|138/330|[from] item: Leftovers\n|-heal|p2a: Venusaur|99/100|[from] item: Leftovers\n|upkeep\n|turn|26\n|inactive|Time left: 300 sec this turn | 300 sec total\n|\n|t:|1783534313\n|move|p1a: Scream Tail|Protect|p1a: Scream Tail\n|-singleturn|p1a: Scream Tail|Protect\n|move|p2a: Venusaur|Leech Seed|p1a: Scream Tail\n|-activate|p1a: Scream Tail|move: Protect\n|\n|-heal|p1a: Scream Tail|303/330|[from] move: Wish|[wisher] Scream Tail\n|-heal|p1a: Scream Tail|323/330|[from] item: Leftovers\n|-heal|p2a: Venusaur|100/100|[from] item: Leftovers\n|upkeep\n|turn|27\n|inactive|Time left: 300 sec this turn | 300 sec total\n|\n|t:|1783534314\n|-end|p1a: Scream Tail|Protosynthesis|[silent]\n|switch|p1a: Swalot|Swalot, L90, M|190/326\n|move|p2a: Venusaur|Leech Seed|p1a: Swalot\n|-start|p1a: Swalot|move: Leech Seed\n|\n|-heal|p1a: Swalot|210/326|[from] item: Leftovers\n|-damage|p1a: Swalot|170/326|[from] Leech Seed|[of] p2a: Venusaur\n|-damage|p2a: Venusaur|86/100|[from] ability: Liquid Ooze|[of] p1a: Swalot\n|upkeep\n|turn|28\n|inactive|Time left: 300 sec this turn | 300 sec total\n|\n|t:|1783534315\n|switch|p1a: Copperajah|Copperajah, L86, F|218/350\n|move|p2a: Venusaur|Sludge Bomb|p1a: Copperajah\n|-immune|p1a: Copperajah\n|\n|-heal|p2a: Venusaur|92/100|[from] item: Leftovers\n|upkeep\n|turn|29\n|inactive|Time left: 300 sec this turn | 300 sec total\n|\n|t:|1783534315\n|move|p2a: Venusaur|Leech Seed|p1a: Copperajah\n|-start|p1a: Copperajah|move: Leech Seed\n|move|p1a: Copperajah|Iron Head|p2a: Venusaur\n|-damage|p2a: Venusaur|16/100\n|\n|-heal|p2a: Venusaur|22/100|[from] item: Leftovers\n|-damage|p1a: Copperajah|175/350|[from] Leech Seed|[of] p2a: Venusaur\n|-heal|p2a: Venusaur|38/100|[silent]\n|upkeep\n|turn|30\n|inactive|Time left: 300 sec this turn | 300 sec total\n|\n|t:|1783534316\n|move|p2a: Venusaur|Substitute|p2a: Venusaur\n|-start|p2a: Venusaur|Substitute\n|-damage|p2a: Venusaur|13/100\n|move|p1a: Copperajah|Earthquake|p2a: Venusaur\n|-end|p2a: Venusaur|Substitute\n|-damage|p1a: Copperajah|140/350|[from] item: Life Orb\n|\n|-heal|p2a: Venusaur|19/100|[from] item: Leftovers\n|-damage|p1a: Copperajah|97/350|[from] Leech Seed|[of] p2a: Venusaur\n|-heal|p2a: Venusaur|35/100|[silent]\n|upkeep\n|turn|31\n|inactive|Time left: 300 sec this turn | 300 sec total\n|\n|t:|1783534317\n|move|p2a: Venusaur|Substitute|p2a: Venusaur\n|-start|p2a: Venusaur|Substitute\n|-damage|p2a: Venusaur|10/100\n|move|p1a: Copperajah|Earthquake|p2a: Venusaur\n|-end|p2a: Venusaur|Substitute\n|-damage|p1a: Copperajah|62/350|[from] item: Life Orb\n|\n|-heal|p2a: Venusaur|16/100|[from] item: Leftovers\n|-damage|p1a: Copperajah|19/350|[from] Leech Seed|[of] p2a: Venusaur\n|-heal|p2a: Venusaur|32/100|[silent]\n|upkeep\n|turn|32\n|inactive|Time left: 300 sec this turn | 300 sec total\n|\n|t:|1783534318\n|switch|p1a: Swalot|Swalot, L90, M|170/326\n|move|p2a: Venusaur|Giga Drain|p1a: Swalot\n|-resisted|p1a: Swalot\n|-damage|p1a: Swalot|111/326\n|-damage|p2a: Venusaur|21/100|[from] ability: Liquid Ooze|[of] p1a: Swalot\n|\n|-heal|p2a: Venusaur|27/100|[from] item: Leftovers\n|-heal|p1a: Swalot|131/326|[from] item: Leftovers\n|upkeep\n|turn|33\n|inactive|Time left: 300 sec this turn | 300 sec total\n|\n|t:|1783534319\n|move|p2a: Venusaur|Leech Seed|p1a: Swalot\n|-start|p1a: Swalot|move: Leech Seed\n|move|p1a: Swalot|Sludge Bomb|p2a: Venusaur\n|-damage|p2a: Venusaur|0 fnt\n|faint|p2a: Venusaur\n|\n|-heal|p1a: Swalot|151/326|[from] item: Leftovers\n|upkeep\n|\n|t:|1783534320\n|switch|p2a: Armarouge|Armarouge, L80, F|65/100\n|turn|34\n|inactive|Time left: 300 sec this turn | 300 sec total\n|\n|t:|1783534321\n|switch|p1a: Copperajah|Copperajah, L86, F|19/350\n|move|p2a: Armarouge|Psyshock|p1a: Copperajah\n|-resisted|p1a: Copperajah\n|-damage|p1a: Copperajah|0 fnt\n|faint|p1a: Copperajah\n|\n|upkeep\n|inactive|Time left: 300 sec this turn | 300 sec total | 5 sec grace\n|\n|t:|1783534322\n|switch|p1a: Baxcalibur|Baxcalibur, L75, F|31/295\n|turn|35\n|inactive|Time left: 300 sec this turn | 300 sec total\n|\n|t:|1783534323\n|move|p1a: Baxcalibur|Glaive Rush|p2a: Armarouge\n|-damage|p2a: Armarouge|0 fnt\n|-singlemove|p1a: Baxcalibur|Glaive Rush|[silent]\n|faint|p2a: Armarouge\n|\n|upkeep\n|\n|t:|1783534323\n|switch|p2a: Sneasler|Sneasler, L74, M|100/100\n|turn|36\n|inactive|Time left: 300 sec this turn | 300 sec total\n|\n|t:|1783534324\n|switch|p1a: Swalot|Swalot, L90, M|151/326\n|move|p2a: Sneasler|Dire Claw|p1a: Swalot\n|-resisted|p1a: Swalot\n|-damage|p1a: Swalot|91/326\n|\n|-heal|p1a: Swalot|111/326|[from] item: Leftovers\n|upkeep\n|turn|37\n|inactive|Time left: 300 sec this turn | 300 sec total\n|\n|t:|1783534325\n|-terastallize|p2a: Sneasler|Fighting\n|-terastallize|p1a: Swalot|Ground\n|move|p2a: Sneasler|Dire Claw|p1a: Swalot\n|-resisted|p1a: Swalot\n|-damage|p1a: Swalot|51/326\n|move|p1a: Swalot|Earthquake|p2a: Sneasler\n|-damage|p2a: Sneasler|35/100\n|\n|-heal|p1a: Swalot|71/326|[from] item: Leftovers\n|upkeep\n|turn|38\n|inactive|Time left: 300 sec this turn | 300 sec total\n|\n|t:|1783534327\n|move|p2a: Sneasler|Dire Claw|p1a: Swalot\n|-resisted|p1a: Swalot\n|-crit|p1a: Swalot\n|-damage|p1a: Swalot|0 fnt\n|faint|p1a: Swalot\n|\n|upkeep\n|inactive|Time left: 300 sec this turn | 300 sec total | 5 sec grace\n|\n|t:|1783534328\n|switch|p1a: Baxcalibur|Baxcalibur, L75, F|31/295\n|turn|39\n|inactive|Time left: 300 sec this turn | 300 sec total\n|\n|t:|1783534328\n|move|p1a: Baxcalibur|Ice Shard|p2a: Sneasler\n|-damage|p2a: Sneasler|0 fnt\n|faint|p2a: Sneasler\n|\n|win|p0x08952b3", "uploadtime": 1783534328, "views": 0, "rating": 0, "private": 0, "password": null, "_winner": "p0x08952b3", "_our_name": "p0x08952b3"}