{"id": "battle-gen9randombattle-1564", "formatid": "gen9randombattle", "format": "[Gen 9] Random Battle", "players": ["p0x1564959f", "p0y1564927b"], "log": "|init|battle\n|title|p0x1564959f vs. p0y1564927b\n|j|\u2606p0x1564959f\n|j|\u2606p0y1564927b\n|t:|1783557300\n|gametype|singles\n|player|p1|p0x1564959f|266|\n|player|p2|p0y1564927b|265|\n|gen|9\n|tier|[Gen 9] Random Battle\n|rule|Species Clause: Limit one of each Pok\u00e9mon\n|rule|HP Percentage Mod: HP is shown in percentages\n|rule|Sleep Clause Mod: Limit one foe put to sleep\n|rule|Illusion Level Mod: Illusion disguises the Pok\u00e9mon's true level\n|\n|t:|1783557300\n|teamsize|p1|6\n|teamsize|p2|6\n|start\n|switch|p1a: Houndoom|Houndoom, L87, F|272/272\n|switch|p2a: Abomasnow|Abomasnow, L84, M|100/100\n|-weather|Snowscape|[from] ability: Snow Warning|[of] p2a: Abomasnow\n|turn|1\n|inactive|Battle timer is ON: inactive players will automatically lose when time's up. (requested by p0y1564927b)\n|inactive|Time left: 300 sec this turn | 300 sec total | 60 sec grace\n|\n|t:|1783557302\n|move|p1a: Houndoom|Fire Blast|p2a: Abomasnow\n|-supereffective|p2a: Abomasnow\n|-damage|p2a: Abomasnow|0 fnt\n|faint|p2a: Abomasnow\n|\n|-weather|Snowscape|[upkeep]\n|upkeep\n|inactive|p0x1564959f also wants the timer to be on.\n|\n|t:|1783557303\n|switch|p2a: Ursaluna|Ursaluna, L79, F|100/100\n|turn|2\n|inactive|Time left: 300 sec this turn | 300 sec total\n|\n|t:|1783557304\n|switch|p1a: Lilligant|Lilligant, L86, F|261/261\n|move|p2a: Ursaluna|Headlong Rush|p1a: Lilligant\n|-resisted|p1a: Lilligant\n|-damage|p1a: Lilligant|171/261\n|-unboost|p2a: Ursaluna|def|1\n|-unboost|p2a: Ursaluna|spd|1\n|\n|-weather|Snowscape|[upkeep]\n|-status|p2a: Ursaluna|brn|[from] item: Flame Orb\n|upkeep\n|turn|3\n|inactive|Time left: 300 sec this turn | 300 sec total\n|\n|t:|1783557305\n|switch|p2a: Masquerain|Masquerain, L87, F|100/100\n|-ability|p2a: Masquerain|Intimidate|boost\n|-fail|p1a: Lilligant|unboost|Attack|[from] ability: Own Tempo|[of] p1a: Lilligant\n|move|p1a: Lilligant|Petal Dance|p2a: Masquerain\n|-resisted|p2a: Masquerain\n|-damage|p2a: Masquerain|82/100\n|-damage|p1a: Lilligant|145/261|[from] item: Life Orb\n|\n|-weather|Snowscape|[upkeep]\n|upkeep\n|turn|4\n|inactive|Time left: 300 sec this turn | 300 sec total\n|\n|t:|1783557306\n|move|p1a: Lilligant|Petal Dance|p2a: Masquerain|[from] lockedmove\n|-resisted|p2a: Masquerain\n|-damage|p2a: Masquerain|65/100\n|-damage|p1a: Lilligant|119/261|[from] item: Life Orb\n|move|p2a: Masquerain|Sticky Web|p1a: Lilligant\n|-sidestart|p1: p0x1564959f|move: Sticky Web\n|\n|-weather|Snowscape|[upkeep]\n|upkeep\n|turn|5\n|inactive|Time left: 300 sec this turn | 300 sec total\n|\n|t:|1783557307\n|move|p1a: Lilligant|Sleep Powder|p2a: Masquerain\n|-status|p2a: Masquerain|slp|[from] move: Sleep Powder\n|cant|p2a: Masquerain|slp\n|\n|-weather|none\n|upkeep\n|turn|6\n|inactive|Time left: 300 sec this turn | 300 sec total\n|\n|t:|1783557308\n|move|p1a: Lilligant|Quiver Dance|p1a: Lilligant\n|-boost|p1a: Lilligant|spa|1\n|-boost|p1a: Lilligant|spd|1\n|-boost|p1a: Lilligant|spe|1\n|-curestatus|p2a: Masquerain|slp|[msg]\n|move|p2a: Masquerain|Hurricane|p1a: Lilligant|[miss]\n|-miss|p2a: Masquerain|p1a: Lilligant\n|\n|upkeep\n|turn|7\n|inactive|Time left: 300 sec this turn | 300 sec total\n|\n|t:|1783557309\n|move|p1a: Lilligant|Sleep Powder|p2a: Masquerain\n|-status|p2a: Masquerain|slp|[from] move: Sleep Powder\n|cant|p2a: Masquerain|slp\n|\n|upkeep\n|turn|8\n|inactive|Time left: 300 sec this turn | 300 sec total\n|\n|t:|1783557310\n|switch|p2a: Ursaluna|Ursaluna, L79, F|100/100 brn\n|move|p1a: Lilligant|Quiver Dance|p1a: Lilligant\n|-boost|p1a: Lilligant|spa|1\n|-boost|p1a: Lilligant|spd|1\n|-boost|p1a: Lilligant|spe|1\n|\n|-damage|p2a: Ursaluna|95/100 brn|[from] brn\n|upkeep\n|turn|9\n|inactive|Time left: 300 sec this turn | 300 sec total\n|\n|t:|1783557311\n|move|p1a: Lilligant|Petal Dance|p2a: Ursaluna\n|-supereffective|p2a: Ursaluna\n|-damage|p2a: Ursaluna|0 fnt\n|faint|p2a: Ursaluna\n|-damage|p1a: Lilligant|93/261|[from] item: Life Orb\n|\n|upkeep\n|\n|t:|1783557312\n|switch|p2a: Slither Wing|Slither Wing, L81|100/100\n|-enditem|p2a: Slither Wing|Booster Energy\n|-activate|p2a: Slither Wing|ability: Protosynthesis|[fromitem]\n|-start|p2a: Slither Wing|protosynthesisatk\n|turn|10\n|inactive|Time left: 300 sec this turn | 300 sec total\n|\n|t:|1783557313\n|move|p1a: Lilligant|Petal Dance|p2a: Slither Wing|[from] lockedmove\n|-resisted|p2a: Slither Wing\n|-damage|p2a: Slither Wing|41/100\n|-damage|p1a: Lilligant|67/261|[from] item: Life Orb\n|move|p2a: Slither Wing|Acrobatics|p1a: Lilligant\n|-supereffective|p1a: Lilligant\n|-damage|p1a: Lilligant|0 fnt\n|faint|p1a: Lilligant\n|\n|upkeep\n|inactive|Time left: 300 sec this turn | 300 sec total | 5 sec grace\n|\n|t:|1783557315\n|switch|p1a: Houndoom|Houndoom, L87, F|272/272\n|turn|11\n|inactive|Time left: 300 sec this turn | 300 sec total\n|\n|t:|1783557316\n|move|p1a: Houndoom|Fire Blast|p2a: Slither Wing\n|-supereffective|p2a: Slither Wing\n|-damage|p2a: Slither Wing|0 fnt\n|faint|p2a: Slither Wing\n|-end|p2a: Slither Wing|Protosynthesis|[silent]\n|\n|upkeep\n|\n|t:|1783557317\n|switch|p2a: Slaking|Slaking, L84, F|100/100\n|turn|12\n|inactive|Time left: 300 sec this turn | 300 sec total\n|\n|t:|1783557318\n|switch|p1a: Tyranitar|Tyranitar, L78, F|284/284\n|-activate|p1a: Tyranitar|move: Sticky Web\n|-unboost|p1a: Tyranitar|spe|1\n|-weather|Sandstorm|[from] ability: Sand Stream|[of] p1a: Tyranitar\n|move|p2a: Slaking|Giga Impact|p1a: Tyranitar\n|-resisted|p1a: Tyranitar\n|-damage|p1a: Tyranitar|184/284\n|-mustrecharge|p2a: Slaking\n|\n|-weather|Sandstorm|[upkeep]\n|-damage|p2a: Slaking|94/100|[from] Sandstorm\n|-heal|p1a: Tyranitar|201/284|[from] item: Leftovers\n|upkeep\n|turn|13\n|inactive|Time left: 300 sec this turn | 300 sec total\n|\n|t:|1783557319\n|cant|p2a: Slaking|recharge\n|move|p1a: Tyranitar|Knock Off|p2a: Slaking\n|-damage|p2a: Slaking|66/100\n|-enditem|p2a: Slaking|Choice Scarf|[from] move: Knock Off|[of] p1a: Tyranitar\n|\n|-weather|Sandstorm|[upkeep]\n|-damage|p2a: Slaking|60/100|[from] Sandstorm\n|-heal|p1a: Tyranitar|218/284|[from] item: Leftovers\n|upkeep\n|turn|14\n|inactive|Time left: 300 sec this turn | 300 sec total\n|\n|t:|1783557320\n|move|p2a: Slaking|Giga Impact|p1a: Tyranitar\n|-resisted|p1a: Tyranitar\n|-damage|p1a: Tyranitar|108/284\n|-mustrecharge|p2a: Slaking\n|move|p1a: Tyranitar|Ice Beam|p2a: Slaking\n|-damage|p2a: Slaking|41/100\n|\n|-weather|Sandstorm|[upkeep]\n|-damage|p2a: Slaking|35/100|[from] Sandstorm\n|-heal|p1a: Tyranitar|125/284|[from] item: Leftovers\n|upkeep\n|turn|15\n|inactive|Time left: 300 sec this turn | 300 sec total\n|\n|t:|1783557320\n|cant|p2a: Slaking|recharge\n|move|p1a: Tyranitar|Ice Beam|p2a: Slaking\n|-damage|p2a: Slaking|17/100\n|\n|-weather|Sandstorm|[upkeep]\n|-damage|p2a: Slaking|11/100|[from] Sandstorm\n|-heal|p1a: Tyranitar|142/284|[from] item: Leftovers\n|upkeep\n|turn|16\n|inactive|Time left: 300 sec this turn | 300 sec total\n|\n|t:|1783557321\n|move|p2a: Slaking|Earthquake|p1a: Tyranitar\n|-supereffective|p1a: Tyranitar\n|-damage|p1a: Tyranitar|0 fnt\n|faint|p1a: Tyranitar\n|\n|-weather|none\n|upkeep\n|inactive|Time left: 300 sec this turn | 300 sec total | 5 sec grace\n|\n|t:|1783557322\n|switch|p1a: Houndoom|Houndoom, L87, F|272/272\n|turn|17\n|inactive|Time left: 300 sec this turn | 300 sec total\n|\n|t:|1783557323\n|switch|p2a: Masquerain|Masquerain, L87, F|65/100 slp\n|-ability|p2a: Masquerain|Intimidate|boost\n|-unboost|p1a: Houndoom|atk|1\n|move|p1a: Houndoom|Dark Pulse|p2a: Masquerain\n|-damage|p2a: Masquerain|28/100 slp\n|\n|upkeep\n|turn|18\n|inactive|Time left: 300 sec this turn | 300 sec total\n|\n|t:|1783557324\n|move|p1a: Houndoom|Dark Pulse|p2a: Masquerain\n|-crit|p2a: Masquerain\n|-damage|p2a: Masquerain|0 fnt\n|faint|p2a: Masquerain\n|\n|upkeep\n|\n|t:|1783557324\n|switch|p2a: Latias|Latias, L79, F|100/100\n|turn|19\n|inactive|Time left: 300 sec this turn | 300 sec total\n|\n|t:|1783557325\n|move|p2a: Latias|Calm Mind|p2a: Latias\n|-boost|p2a: Latias|spa|1\n|-boost|p2a: Latias|spd|1\n|move|p1a: Houndoom|Dark Pulse|p2a: Latias\n|-supereffective|p2a: Latias\n|-damage|p2a: Latias|58/100\n|\n|upkeep\n|turn|20\n|inactive|Time left: 300 sec this turn | 300 sec total\n|\n|t:|1783557326\n|move|p2a: Latias|Calm Mind|p2a: Latias\n|-boost|p2a: Latias|spa|1\n|-boost|p2a: Latias|spd|1\n|move|p1a: Houndoom|Dark Pulse|p2a: Latias\n|-supereffective|p2a: Latias\n|-damage|p2a: Latias|29/100\n|\n|upkeep\n|turn|21\n|inactive|Time left: 300 sec this turn | 300 sec total\n|\n|t:|1783557327\n|move|p2a: Latias|Recover|p2a: Latias\n|-heal|p2a: Latias|79/100\n|move|p1a: Houndoom|Dark Pulse|p2a: Latias\n|-supereffective|p2a: Latias\n|-damage|p2a: Latias|48/100\n|\n|upkeep\n|turn|22\n|inactive|Time left: 300 sec this turn | 300 sec total\n|\n|t:|1783557328\n|switch|p1a: Piloswine|Piloswine, L85, M|309/309\n|-activate|p1a: Piloswine|move: Sticky Web\n|-unboost|p1a: Piloswine|spe|1\n|move|p2a: Latias|Recover|p2a: Latias\n|-heal|p2a: Latias|98/100\n|\n|upkeep\n|turn|23\n|inactive|Time left: 300 sec this turn | 300 sec total\n|\n|t:|1783557330\n|move|p2a: Latias|Psyshock|p1a: Piloswine\n|-damage|p1a: Piloswine|167/309\n|move|p1a: Piloswine|Icicle Crash|p2a: Latias\n|-supereffective|p2a: Latias\n|-damage|p2a: Latias|18/100\n|\n|upkeep\n|turn|24\n|inactive|Time left: 300 sec this turn | 300 sec total\n|\n|t:|1783557331\n|-terastallize|p2a: Latias|Steel\n|move|p2a: Latias|Recover|p2a: Latias\n|-heal|p2a: Latias|68/100\n|move|p1a: Piloswine|Icicle Crash|p2a: Latias\n|-resisted|p2a: Latias\n|-damage|p2a: Latias|47/100\n|\n|upkeep\n|turn|25\n|inactive|Time left: 300 sec this turn | 300 sec total\n|\n|t:|1783557332\n|move|p2a: Latias|Recover|p2a: Latias\n|-heal|p2a: Latias|97/100\n|move|p1a: Piloswine|Roar|p2a: Latias\n|drag|p2a: Slaking|Slaking, L84, F|11/100\n|\n|upkeep\n|turn|26\n|inactive|Time left: 300 sec this turn | 300 sec total\n|\n|t:|1783557333\n|move|p2a: Slaking|Giga Impact|p1a: Piloswine\n|-damage|p1a: Piloswine|0 fnt\n|-mustrecharge|p2a: Slaking\n|faint|p1a: Piloswine\n|\n|upkeep\n|inactive|Time left: 300 sec this turn | 300 sec total | 5 sec grace\n|\n|t:|1783557334\n|switch|p1a: Houndoom|Houndoom, L87, F|272/272\n|turn|27\n|inactive|Time left: 300 sec this turn | 300 sec total\n|\n|t:|1783557335\n|-terastallize|p1a: Houndoom|Fire\n|cant|p2a: Slaking|recharge\n|move|p1a: Houndoom|Dark Pulse|p2a: Slaking\n|-damage|p2a: Slaking|0 fnt\n|faint|p2a: Slaking\n|\n|upkeep\n|\n|t:|1783557336\n|switch|p2a: Latias|Latias, L79, F, tera:Steel|97/100\n|turn|28\n|inactive|Time left: 300 sec this turn | 300 sec total\n|\n|t:|1783557337\n|move|p2a: Latias|Calm Mind|p2a: Latias\n|-boost|p2a: Latias|spa|1\n|-boost|p2a: Latias|spd|1\n|move|p1a: Houndoom|Fire Blast|p2a: Latias|[miss]\n|-miss|p1a: Houndoom|p2a: Latias\n|\n|upkeep\n|turn|29\n|inactive|Time left: 300 sec this turn | 300 sec total\n|\n|t:|1783557338\n|move|p2a: Latias|Calm Mind|p2a: Latias\n|-boost|p2a: Latias|spa|1\n|-boost|p2a: Latias|spd|1\n|move|p1a: Houndoom|Fire Blast|p2a: Latias\n|-supereffective|p2a: Latias\n|-damage|p2a: Latias|43/100\n|-status|p2a: Latias|brn\n|\n|-damage|p2a: Latias|37/100 brn|[from] brn\n|upkeep\n|turn|30\n|inactive|Time left: 300 sec this turn | 300 sec total\n|\n|t:|1783557339\n|move|p2a: Latias|Recover|p2a: Latias\n|-heal|p2a: Latias|87/100 brn\n|move|p1a: Houndoom|Fire Blast|p2a: Latias\n|-supereffective|p2a: Latias\n|-damage|p2a: Latias|28/100 brn\n|\n|-damage|p2a: Latias|22/100 brn|[from] brn\n|upkeep\n|turn|31\n|inactive|Time left: 300 sec this turn | 300 sec total\n|\n|t:|1783557340\n|move|p2a: Latias|Recover|p2a: Latias\n|-heal|p2a: Latias|72/100 brn\n|move|p1a: Houndoom|Fire Blast|p2a: Latias\n|-supereffective|p2a: Latias\n|-damage|p2a: Latias|14/100 brn\n|\n|-damage|p2a: Latias|8/100 brn|[from] brn\n|upkeep\n|turn|32\n|inactive|Time left: 300 sec this turn | 300 sec total\n|\n|t:|1783557341\n|move|p2a: Latias|Recover|p2a: Latias\n|-heal|p2a: Latias|58/100 brn\n|move|p1a: Houndoom|Fire Blast|p2a: Latias|[miss]\n|-miss|p1a: Houndoom|p2a: Latias\n|\n|-damage|p2a: Latias|51/100 brn|[from] brn\n|upkeep\n|turn|33\n|inactive|Time left: 300 sec this turn | 300 sec total\n|\n|t:|1783557342\n|move|p2a: Latias|Recover|p2a: Latias\n|-heal|p2a: Latias|100/100 brn\n|move|p1a: Houndoom|Fire Blast|p2a: Latias|[miss]\n|-miss|p1a: Houndoom|p2a: Latias\n|\n|-damage|p2a: Latias|94/100 brn|[from] brn\n|upkeep\n|turn|34\n|inactive|Time left: 300 sec this turn | 300 sec total\n|\n|t:|1783557342\n|move|p2a: Latias|Calm Mind|p2a: Latias\n|-boost|p2a: Latias|spa|1\n|-boost|p2a: Latias|spd|1\n|move|p1a: Houndoom|Dark Pulse|p2a: Latias\n|-damage|p2a: Latias|81/100 brn\n|\n|-damage|p2a: Latias|75/100 brn|[from] brn\n|upkeep\n|turn|35\n|inactive|Time left: 300 sec this turn | 300 sec total\n|\n|t:|1783557343\n|move|p1a: Houndoom|Sucker Punch|p2a: Latias\n|-damage|p2a: Latias|43/100 brn\n|move|p2a: Latias|Psyshock|p1a: Houndoom\n|-damage|p1a: Houndoom|0 fnt\n|faint|p1a: Houndoom\n|\n|-damage|p2a: Latias|37/100 brn|[from] brn\n|upkeep\n|inactive|Time left: 300 sec this turn | 300 sec total | 5 sec grace\n|\n|t:|1783557344\n|switch|p1a: Basculin|Basculin-Blue-Striped, L86, M|261/261\n|-activate|p1a: Basculin|move: Sticky Web\n|-unboost|p1a: Basculin|spe|1\n|turn|36\n|inactive|Time left: 300 sec this turn | 300 sec total\n|\n|t:|1783557345\n|move|p1a: Basculin|Aqua Jet|p2a: Latias\n|-damage|p2a: Latias|2/100 brn\n|move|p2a: Latias|Psyshock|p1a: Basculin\n|-damage|p1a: Basculin|0 fnt\n|faint|p1a: Basculin\n|\n|-damage|p2a: Latias|0 fnt|[from] brn\n|faint|p2a: Latias\n|\n|win|p0x1564959f", "uploadtime": 1783557345, "views": 0, "rating": 0, "private": 0, "password": null, "_winner": "p0x1564959f", "_our_name": "p0x1564959f"}