{"id": "battle-gen9randombattle-1108", "formatid": "gen9randombattle", "format": "[Gen 9] Random Battle", "players": ["p0x1108eed8", "p0y110893e6"], "log": "|init|battle\n|title|p0x1108eed8 vs. p0y110893e6\n|j|\u2606p0x1108eed8\n|j|\u2606p0y110893e6\n|t:|1783552011\n|gametype|singles\n|player|p1|p0x1108eed8|102|\n|player|p2|p0y110893e6|1|\n|gen|9\n|tier|[Gen 9] Random Battle\n|rule|Species Clause: Limit one of each Pok\u00e9mon\n|rule|HP Percentage Mod: HP is shown in percentages\n|rule|Sleep Clause Mod: Limit one foe put to sleep\n|rule|Illusion Level Mod: Illusion disguises the Pok\u00e9mon's true level\n|\n|t:|1783552011\n|teamsize|p1|6\n|teamsize|p2|6\n|start\n|switch|p1a: Sandaconda|Sandaconda, L84, M|100/100\n|switch|p2a: Lilligant|Lilligant, L86, F|261/261\n|turn|1\n|inactive|Battle timer is ON: inactive players will automatically lose when time's up. (requested by p0y110893e6)\n|inactive|p0x1108eed8 also wants the timer to be on.\n|\n|t:|1783552013\n|switch|p1a: Lurantis|Lurantis, L87, F|100/100\n|move|p2a: Lilligant|Quiver Dance|p2a: Lilligant\n|-boost|p2a: Lilligant|spa|1\n|-boost|p2a: Lilligant|spd|1\n|-boost|p2a: Lilligant|spe|1\n|\n|upkeep\n|turn|2\n|inactive|Time left: 300 sec this turn | 300 sec total\n|\n|t:|1783552014\n|move|p2a: Lilligant|Quiver Dance|p2a: Lilligant\n|-boost|p2a: Lilligant|spa|1\n|-boost|p2a: Lilligant|spd|1\n|-boost|p2a: Lilligant|spe|1\n|move|p1a: Lurantis|Superpower|p2a: Lilligant\n|-damage|p2a: Lilligant|157/261\n|-boost|p1a: Lurantis|atk|1\n|-boost|p1a: Lurantis|def|1\n|\n|upkeep\n|turn|3\n|inactive|Time left: 300 sec this turn | 300 sec total\n|\n|t:|1783552015\n|move|p2a: Lilligant|Giga Drain|p1a: Lurantis\n|-resisted|p1a: Lurantis\n|-damage|p1a: Lurantis|74/100\n|-heal|p2a: Lilligant|193/261|[from] drain|[of] p1a: Lurantis\n|-damage|p2a: Lilligant|167/261|[from] item: Life Orb\n|move|p1a: Lurantis|Superpower|p2a: Lilligant\n|-damage|p2a: Lilligant|21/261\n|-boost|p1a: Lurantis|atk|1\n|-boost|p1a: Lurantis|def|1\n|\n|upkeep\n|turn|4\n|inactive|Time left: 300 sec this turn | 300 sec total\n|\n|t:|1783552016\n|-terastallize|p2a: Lilligant|Fire\n|move|p2a: Lilligant|Tera Blast|p1a: Lurantis|[anim] Tera Blast Fire\n|-supereffective|p1a: Lurantis\n|-damage|p1a: Lurantis|0 fnt\n|faint|p1a: Lurantis\n|-damage|p2a: Lilligant|0 fnt|[from] item: Life Orb\n|faint|p2a: Lilligant\n|\n|upkeep\n|inactive|Time left: 300 sec this turn | 300 sec total | 5 sec grace\n|\n|t:|1783552017\n|switch|p2a: Swampert|Swampert, L83, F|302/302\n|switch|p1a: Furret|Furret, L94, F|100/100\n|-item|p2a: Swampert|Leftovers|[from] ability: Frisk|[of] p1a: Furret\n|turn|5\n|inactive|Time left: 300 sec this turn | 300 sec total\n|\n|t:|1783552018\n|move|p1a: Furret|Tidy Up|p1a: Furret\n|-boost|p1a: Furret|atk|1\n|-boost|p1a: Furret|spe|1\n|move|p2a: Swampert|Earthquake|p1a: Furret\n|-damage|p1a: Furret|62/100\n|\n|upkeep\n|turn|6\n|inactive|Time left: 300 sec this turn | 300 sec total\n|\n|t:|1783552019\n|-terastallize|p1a: Furret|Normal\n|move|p1a: Furret|Double-Edge|p2a: Swampert\n|-damage|p2a: Swampert|0 fnt\n|faint|p2a: Swampert\n|-damage|p1a: Furret|30/100|[from] Recoil\n|-damage|p1a: Furret|20/100|[from] item: Life Orb\n|\n|upkeep\n|inactive|Time left: 300 sec this turn | 300 sec total | 5 sec grace\n|\n|t:|1783552020\n|switch|p2a: Amoonguss|Amoonguss, L82, M|321/321\n|turn|7\n|inactive|Time left: 300 sec this turn | 300 sec total\n|\n|t:|1783552021\n|move|p1a: Furret|Double-Edge|p2a: Amoonguss\n|-damage|p2a: Amoonguss|0 fnt\n|-damage|p1a: Furret|3/100|[from] item: Rocky Helmet|[of] p2a: Amoonguss\n|faint|p2a: Amoonguss\n|-damage|p1a: Furret|0 fnt|[from] Recoil\n|faint|p1a: Furret\n|\n|upkeep\n|inactive|Time left: 300 sec this turn | 300 sec total | 5 sec grace\n|\n|t:|1783552022\n|switch|p1a: Gardevoir|Gardevoir, L83, M|100/100\n|switch|p2a: Polteageist|Polteageist, L78|222/222\n|-ability|p1a: Gardevoir|Cursed Body|Trace|[from] ability: Trace|[of] p2a: Polteageist\n|turn|8\n|inactive|Time left: 300 sec this turn | 300 sec total\n|\n|t:|1783552024\n|move|p1a: Gardevoir|Trick|p2a: Polteageist\n|-activate|p1a: Gardevoir|move: Trick|[of] p2a: Polteageist\n|-item|p2a: Polteageist|Choice Scarf|[from] move: Trick\n|-item|p1a: Gardevoir|White Herb|[from] move: Trick\n|move|p2a: Polteageist|Shell Smash|p2a: Polteageist\n|-unboost|p2a: Polteageist|def|1\n|-unboost|p2a: Polteageist|spd|1\n|-boost|p2a: Polteageist|atk|2\n|-boost|p2a: Polteageist|spa|2\n|-boost|p2a: Polteageist|spe|2\n|\n|upkeep\n|turn|9\n|inactive|Time left: 300 sec this turn | 300 sec total\n|\n|t:|1783552025\n|switch|p2a: Munkidori|Munkidori, L79, M|269/269\n|move|p1a: Gardevoir|Moonblast|p2a: Munkidori\n|-resisted|p2a: Munkidori\n|-damage|p2a: Munkidori|210/269\n|-unboost|p2a: Munkidori|spa|1\n|\n|upkeep\n|turn|10\n|inactive|Time left: 300 sec this turn | 300 sec total\n|\n|t:|1783552026\n|switch|p1a: Sandaconda|Sandaconda, L84, M|100/100\n|move|p2a: Munkidori|Sludge Wave|p1a: Sandaconda\n|-resisted|p1a: Sandaconda\n|-damage|p1a: Sandaconda|78/100\n|-status|p1a: Sandaconda|tox|[from] ability: Toxic Chain|[of] p2a: Munkidori\n|-damage|p2a: Munkidori|184/269|[from] item: Life Orb\n|\n|-damage|p1a: Sandaconda|72/100 tox|[from] psn\n|upkeep\n|turn|11\n|inactive|Time left: 300 sec this turn | 300 sec total\n|\n|t:|1783552027\n|switch|p2a: Mismagius|Mismagius, L86, F|243/243\n|move|p1a: Sandaconda|Earthquake|p2a: Mismagius\n|-immune|p2a: Mismagius|[from] ability: Levitate\n|\n|-damage|p1a: Sandaconda|59/100 tox|[from] psn\n|upkeep\n|turn|12\n|inactive|Time left: 300 sec this turn | 300 sec total\n|\n|t:|1783552028\n|move|p2a: Mismagius|Shadow Ball|p1a: Sandaconda\n|-damage|p1a: Sandaconda|13/100 tox\n|move|p1a: Sandaconda|Scale Shot|p2a: Mismagius\n|-damage|p2a: Mismagius|217/243\n|-damage|p2a: Mismagius|191/243\n|-damage|p2a: Mismagius|167/243\n|-damage|p2a: Mismagius|141/243\n|-damage|p2a: Mismagius|115/243\n|-hitcount|p2a: Mismagius|5\n|-unboost|p1a: Sandaconda|def|1\n|-boost|p1a: Sandaconda|spe|1\n|\n|-activate|p1a: Sandaconda|ability: Shed Skin\n|-curestatus|p1a: Sandaconda|tox|[msg]\n|-heal|p2a: Mismagius|130/243|[from] item: Leftovers\n|upkeep\n|turn|13\n|inactive|Time left: 300 sec this turn | 300 sec total\n|\n|t:|1783552029\n|move|p1a: Sandaconda|Rock Blast|p2a: Mismagius\n|-damage|p2a: Mismagius|106/243\n|-crit|p2a: Mismagius\n|-damage|p2a: Mismagius|69/243\n|-damage|p2a: Mismagius|44/243\n|-damage|p2a: Mismagius|18/243\n|-hitcount|p2a: Mismagius|4\n|move|p2a: Mismagius|Shadow Ball|p1a: Sandaconda\n|-damage|p1a: Sandaconda|0 fnt\n|faint|p1a: Sandaconda\n|\n|-heal|p2a: Mismagius|33/243|[from] item: Leftovers\n|upkeep\n|\n|t:|1783552030\n|switch|p1a: Victreebel|Victreebel, L90, M|100/100\n|turn|14\n|inactive|Time left: 300 sec this turn | 300 sec total\n|\n|t:|1783552031\n|move|p2a: Mismagius|Shadow Ball|p1a: Victreebel\n|-damage|p1a: Victreebel|64/100\n|move|p1a: Victreebel|Swords Dance|p1a: Victreebel\n|-boost|p1a: Victreebel|atk|2\n|\n|-heal|p2a: Mismagius|48/243|[from] item: Leftovers\n|upkeep\n|turn|15\n|inactive|Time left: 300 sec this turn | 300 sec total\n|\n|t:|1783552032\n|move|p2a: Mismagius|Shadow Ball|p1a: Victreebel\n|-damage|p1a: Victreebel|31/100\n|move|p1a: Victreebel|Poison Jab|p2a: Mismagius\n|-resisted|p2a: Mismagius\n|-damage|p2a: Mismagius|0 fnt\n|faint|p2a: Mismagius\n|-damage|p1a: Victreebel|21/100|[from] item: Life Orb\n|\n|upkeep\n|inactive|Time left: 300 sec this turn | 300 sec total | 5 sec grace\n|\n|t:|1783552033\n|switch|p2a: Polteageist|Polteageist, L78|222/222\n|turn|16\n|inactive|Time left: 300 sec this turn | 300 sec total\n|\n|t:|1783552034\n|switch|p2a: Munkidori|Munkidori, L79, M|184/269\n|move|p1a: Victreebel|Sucker Punch||[still]\n|-fail|p1a: Victreebel\n|\n|upkeep\n|turn|17\n|inactive|Time left: 300 sec this turn | 300 sec total\n|\n|t:|1783552035\n|move|p1a: Victreebel|Sucker Punch||[still]\n|-fail|p1a: Victreebel\n|move|p2a: Munkidori|Nasty Plot|p2a: Munkidori\n|-boost|p2a: Munkidori|spa|2\n|\n|upkeep\n|turn|18\n|inactive|Time left: 300 sec this turn | 300 sec total\n|\n|t:|1783552036\n|move|p1a: Victreebel|Sucker Punch||[still]\n|-fail|p1a: Victreebel\n|move|p2a: Munkidori|Nasty Plot|p2a: Munkidori\n|-boost|p2a: Munkidori|spa|2\n|\n|upkeep\n|turn|19\n|inactive|Time left: 300 sec this turn | 300 sec total\n|\n|t:|1783552037\n|move|p1a: Victreebel|Sucker Punch||[still]\n|-fail|p1a: Victreebel\n|move|p2a: Munkidori|Nasty Plot|p2a: Munkidori\n|-boost|p2a: Munkidori|spa|2\n|\n|upkeep\n|turn|20\n|inactive|Time left: 300 sec this turn | 300 sec total\n|\n|t:|1783552038\n|move|p1a: Victreebel|Sucker Punch||[still]\n|-fail|p1a: Victreebel\n|move|p2a: Munkidori|Nasty Plot|p2a: Munkidori\n|-boost|p2a: Munkidori|spa|0\n|\n|upkeep\n|turn|21\n|inactive|Time left: 300 sec this turn | 300 sec total\n|\n|t:|1783552039\n|move|p1a: Victreebel|Sucker Punch||[still]\n|-fail|p1a: Victreebel\n|move|p2a: Munkidori|Nasty Plot|p2a: Munkidori\n|-boost|p2a: Munkidori|spa|0\n|\n|upkeep\n|turn|22\n|inactive|Time left: 300 sec this turn | 300 sec total\n|\n|t:|1783552040\n|move|p1a: Victreebel|Sucker Punch||[still]\n|-fail|p1a: Victreebel\n|move|p2a: Munkidori|Nasty Plot|p2a: Munkidori\n|-boost|p2a: Munkidori|spa|0\n|\n|upkeep\n|turn|23\n|inactive|Time left: 300 sec this turn | 300 sec total\n|\n|t:|1783552041\n|move|p1a: Victreebel|Sucker Punch||[still]\n|-fail|p1a: Victreebel\n|move|p2a: Munkidori|Nasty Plot|p2a: Munkidori\n|-boost|p2a: Munkidori|spa|0\n|\n|upkeep\n|turn|24\n|inactive|Time left: 300 sec this turn | 300 sec total\n|\n|t:|1783552042\n|move|p2a: Munkidori|Psyshock|p1a: Victreebel\n|-supereffective|p1a: Victreebel\n|-damage|p1a: Victreebel|0 fnt\n|faint|p1a: Victreebel\n|-damage|p2a: Munkidori|158/269|[from] item: Life Orb\n|\n|upkeep\n|\n|t:|1783552043\n|switch|p1a: Gardevoir|Gardevoir, L83, M|100/100\n|-ability|p1a: Gardevoir|Toxic Chain|Trace|[from] ability: Trace|[of] p2a: Munkidori\n|turn|25\n|inactive|Time left: 300 sec this turn | 300 sec total\n|\n|t:|1783552043\n|move|p2a: Munkidori|Psyshock|p1a: Gardevoir\n|-resisted|p1a: Gardevoir\n|-damage|p1a: Gardevoir|0 fnt\n|faint|p1a: Gardevoir\n|-damage|p2a: Munkidori|132/269|[from] item: Life Orb\n|\n|upkeep\n|\n|t:|1783552044\n|switch|p1a: Weezing|Weezing-Galar, L86, M|100/100\n|turn|26\n|inactive|Time left: 300 sec this turn | 300 sec total\n|\n|t:|1783552045\n|move|p2a: Munkidori|Sludge Wave|p1a: Weezing\n|-damage|p1a: Weezing|0 fnt\n|faint|p1a: Weezing\n|-damage|p2a: Munkidori|106/269|[from] item: Life Orb\n|\n|win|p0y110893e6", "uploadtime": 1783552045, "views": 0, "rating": 0, "private": 0, "password": null, "_winner": "p0y110893e6", "_our_name": "p0y110893e6"}