{"id": "battle-gen9randombattle-2591", "formatid": "gen9randombattle", "format": "[Gen 9] Random Battle", "players": ["p0x2591b838", "p0y2591f75d"], "log": "|init|battle\n|title|p0x2591b838 vs. p0y2591f75d\n|j|\u2606p0x2591b838\n|j|\u2606p0y2591f75d\n|t:|1783568975\n|gametype|singles\n|player|p1|p0x2591b838|266|\n|player|p2|p0y2591f75d|170|\n|gen|9\n|tier|[Gen 9] Random Battle\n|rule|Species Clause: Limit one of each Pok\u00e9mon\n|rule|HP Percentage Mod: HP is shown in percentages\n|rule|Sleep Clause Mod: Limit one foe put to sleep\n|rule|Illusion Level Mod: Illusion disguises the Pok\u00e9mon's true level\n|\n|t:|1783568975\n|teamsize|p1|6\n|teamsize|p2|6\n|start\n|switch|p1a: Moltres|Moltres-Galar, L79|100/100\n|switch|p2a: Avalugg|Avalugg-Hisui, L90, M|317/317\n|turn|1\n|inactive|Battle timer is ON: inactive players will automatically lose when time's up. (requested by p0y2591f75d)\n|\n|t:|1783568977\n|move|p1a: Moltres|Agility|p1a: Moltres\n|-boost|p1a: Moltres|spe|2\n|move|p2a: Avalugg|Stone Edge|p1a: Moltres\n|-supereffective|p1a: Moltres\n|-damage|p1a: Moltres|0 fnt\n|faint|p1a: Moltres\n|\n|upkeep\n|inactive|p0x2591b838 also wants the timer to be on.\n|\n|t:|1783568978\n|switch|p1a: Scrafty|Scrafty, L83, F|100/100\n|-ability|p1a: Scrafty|Intimidate|boost\n|-unboost|p2a: Avalugg|atk|1\n|turn|2\n|inactive|Time left: 300 sec this turn | 300 sec total\n|\n|t:|1783568979\n|move|p1a: Scrafty|Dragon Dance|p1a: Scrafty\n|-boost|p1a: Scrafty|atk|1\n|-boost|p1a: Scrafty|spe|1\n|move|p2a: Avalugg|Body Press|p1a: Scrafty\n|-supereffective|p1a: Scrafty\n|-crit|p1a: Scrafty\n|-damage|p1a: Scrafty|0 fnt\n|faint|p1a: Scrafty\n|\n|upkeep\n|\n|t:|1783568980\n|switch|p1a: Spidops|Spidops, L96, F|100/100\n|turn|3\n|inactive|Time left: 300 sec this turn | 300 sec total\n|\n|t:|1783568982\n|move|p1a: Spidops|Sticky Web|p2a: Avalugg\n|-sidestart|p2: p0y2591f75d|move: Sticky Web\n|move|p2a: Avalugg|Stone Edge|p1a: Spidops\n|-supereffective|p1a: Spidops\n|-damage|p1a: Spidops|39/100\n|\n|upkeep\n|turn|4\n|inactive|Time left: 300 sec this turn | 300 sec total\n|\n|t:|1783568983\n|move|p1a: Spidops|Knock Off|p2a: Avalugg\n|-damage|p2a: Avalugg|275/317\n|-enditem|p2a: Avalugg|Heavy-Duty Boots|[from] move: Knock Off|[of] p1a: Spidops\n|move|p2a: Avalugg|Stone Edge|p1a: Spidops\n|-supereffective|p1a: Spidops\n|-damage|p1a: Spidops|0 fnt\n|faint|p1a: Spidops\n|\n|upkeep\n|\n|t:|1783568984\n|switch|p1a: Ampharos|Ampharos, L88, M|100/100\n|turn|5\n|inactive|Time left: 300 sec this turn | 300 sec total\n|\n|t:|1783568984\n|switch|p2a: Groudon|Groudon, L72|263/263\n|-activate|p2a: Groudon|move: Sticky Web\n|-unboost|p2a: Groudon|spe|1\n|-weather|SunnyDay|[from] ability: Drought|[of] p2a: Groudon\n|move|p1a: Ampharos|Discharge|p2a: Groudon\n|-immune|p2a: Groudon\n|\n|-weather|SunnyDay|[upkeep]\n|upkeep\n|turn|6\n|inactive|Time left: 300 sec this turn | 300 sec total\n|\n|t:|1783568986\n|move|p1a: Ampharos|Volt Switch|p2a: Groudon\n|-immune|p2a: Groudon\n|move|p2a: Groudon|Precipice Blades|p1a: Ampharos\n|-supereffective|p1a: Ampharos\n|-damage|p1a: Ampharos|22/100\n|\n|-weather|SunnyDay|[upkeep]\n|upkeep\n|turn|7\n|inactive|Time left: 300 sec this turn | 300 sec total\n|\n|t:|1783568987\n|move|p1a: Ampharos|Dazzling Gleam|p2a: Groudon\n|-damage|p2a: Groudon|178/263\n|move|p2a: Groudon|Precipice Blades|p1a: Ampharos|[miss]\n|-miss|p2a: Groudon|p1a: Ampharos\n|\n|-weather|SunnyDay|[upkeep]\n|-heal|p2a: Groudon|194/263|[from] item: Leftovers\n|upkeep\n|turn|8\n|inactive|Time left: 300 sec this turn | 300 sec total\n|\n|t:|1783568988\n|move|p1a: Ampharos|Dazzling Gleam|p2a: Groudon\n|-damage|p2a: Groudon|106/263\n|move|p2a: Groudon|Heat Crash|p1a: Ampharos\n|-damage|p1a: Ampharos|0 fnt\n|faint|p1a: Ampharos\n|\n|-weather|SunnyDay|[upkeep]\n|-heal|p2a: Groudon|122/263|[from] item: Leftovers\n|upkeep\n|\n|t:|1783568989\n|switch|p1a: Avalugg|Avalugg-Hisui, L90, F|100/100\n|turn|9\n|inactive|Time left: 300 sec this turn | 300 sec total\n|\n|t:|1783568990\n|switch|p2a: Slowbro|Slowbro-Galar, L87, F|307/307\n|-activate|p2a: Slowbro|move: Sticky Web\n|-unboost|p2a: Slowbro|spe|1\n|move|p1a: Avalugg|Rapid Spin|p2a: Slowbro\n|-damage|p2a: Slowbro|260/307\n|-boost|p1a: Avalugg|spe|1\n|-damage|p1a: Avalugg|84/100|[from] item: Rocky Helmet|[of] p2a: Slowbro\n|\n|-weather|none\n|upkeep\n|turn|10\n|inactive|Time left: 300 sec this turn | 300 sec total\n|\n|t:|1783568991\n|move|p2a: Slowbro|Psychic|p1a: Avalugg\n|-damage|p1a: Avalugg|25/100\n|move|p1a: Avalugg|Avalanche|p2a: Slowbro\n|-damage|p2a: Slowbro|101/307\n|-damage|p1a: Avalugg|9/100|[from] item: Rocky Helmet|[of] p2a: Slowbro\n|\n|upkeep\n|turn|11\n|inactive|Time left: 300 sec this turn | 300 sec total\n|\n|t:|1783568993\n|move|p1a: Avalugg|Stone Edge|p2a: Slowbro\n|-damage|p2a: Slowbro|0 fnt\n|faint|p2a: Slowbro\n|\n|upkeep\n|inactive|Time left: 300 sec this turn | 300 sec total | 5 sec grace\n|\n|t:|1783568994\n|switch|p2a: Floatzel|Floatzel, L86, F|286/286\n|-activate|p2a: Floatzel|move: Sticky Web\n|-unboost|p2a: Floatzel|spe|1\n|turn|12\n|inactive|Time left: 300 sec this turn | 300 sec total\n|\n|t:|1783568995\n|move|p1a: Avalugg|Recover|p1a: Avalugg\n|-heal|p1a: Avalugg|59/100\n|move|p2a: Floatzel|Wave Crash|p1a: Avalugg\n|-supereffective|p1a: Avalugg\n|-damage|p1a: Avalugg|0 fnt\n|faint|p1a: Avalugg\n|-damage|p2a: Floatzel|225/286|[from] Recoil\n|\n|upkeep\n|\n|t:|1783568995\n|switch|p1a: Iron Thorns|Iron Thorns, L83|100/100\n|-enditem|p1a: Iron Thorns|Booster Energy\n|-activate|p1a: Iron Thorns|ability: Quark Drive|[fromitem]\n|-start|p1a: Iron Thorns|quarkdriveatk\n|turn|13\n|inactive|Time left: 300 sec this turn | 300 sec total\n|\n|t:|1783568996\n|-terastallize|p1a: Iron Thorns|Grass\n|move|p1a: Iron Thorns|Dragon Dance|p1a: Iron Thorns\n|-boost|p1a: Iron Thorns|atk|1\n|-boost|p1a: Iron Thorns|spe|1\n|move|p2a: Floatzel|Wave Crash|p1a: Iron Thorns\n|-resisted|p1a: Iron Thorns\n|-damage|p1a: Iron Thorns|73/100\n|-damage|p2a: Floatzel|197/286|[from] Recoil\n|\n|upkeep\n|turn|14\n|inactive|Time left: 300 sec this turn | 300 sec total\n|\n|t:|1783568997\n|move|p1a: Iron Thorns|Dragon Dance|p1a: Iron Thorns\n|-boost|p1a: Iron Thorns|atk|1\n|-boost|p1a: Iron Thorns|spe|1\n|move|p2a: Floatzel|Wave Crash|p1a: Iron Thorns\n|-resisted|p1a: Iron Thorns\n|-damage|p1a: Iron Thorns|40/100\n|-damage|p2a: Floatzel|165/286|[from] Recoil\n|\n|upkeep\n|turn|15\n|inactive|Time left: 300 sec this turn | 300 sec total\n|\n|t:|1783568998\n|move|p1a: Iron Thorns|Stone Edge|p2a: Floatzel\n|-damage|p2a: Floatzel|0 fnt\n|faint|p2a: Floatzel\n|\n|upkeep\n|inactive|Time left: 300 sec this turn | 300 sec total | 5 sec grace\n|\n|t:|1783568999\n|switch|p2a: Avalugg|Avalugg-Hisui, L90, M|275/317\n|-activate|p2a: Avalugg|move: Sticky Web\n|-unboost|p2a: Avalugg|spe|1\n|turn|16\n|inactive|Time left: 300 sec this turn | 300 sec total\n|\n|t:|1783568999\n|-terastallize|p2a: Avalugg|Poison\n|move|p1a: Iron Thorns|Ice Punch|p2a: Avalugg\n|-damage|p2a: Avalugg|180/317\n|move|p2a: Avalugg|Avalanche|p1a: Iron Thorns\n|-supereffective|p1a: Iron Thorns\n|-damage|p1a: Iron Thorns|0 fnt\n|faint|p1a: Iron Thorns\n|-end|p1a: Iron Thorns|Quark Drive|[silent]\n|\n|win|p0y2591f75d", "uploadtime": 1783568999, "views": 0, "rating": 0, "private": 0, "password": null, "_winner": "p0y2591f75d", "_our_name": "p0y2591f75d"}