{"id": "battle-gen9randombattle-221", "formatid": "gen9randombattle", "format": "[Gen 9] Random Battle", "players": ["p0x2211e87", "p0y221dd1e"], "log": "|init|battle\n|title|p0x2211e87 vs. p0y221dd1e\n|j|\u2606p0x2211e87\n|j|\u2606p0y221dd1e\n|t:|1783541659\n|gametype|singles\n|player|p1|p0x2211e87|1|\n|player|p2|p0y221dd1e|1|\n|gen|9\n|tier|[Gen 9] Random Battle\n|rule|Species Clause: Limit one of each Pok\u00e9mon\n|rule|HP Percentage Mod: HP is shown in percentages\n|rule|Sleep Clause Mod: Limit one foe put to sleep\n|rule|Illusion Level Mod: Illusion disguises the Pok\u00e9mon's true level\n|\n|t:|1783541659\n|teamsize|p1|6\n|teamsize|p2|6\n|start\n|switch|p1a: Banette|Banette, L93, M|270/270\n|switch|p2a: Banette|Banette, L93, M|100/100\n|turn|1\n|inactive|Battle timer is ON: inactive players will automatically lose when time's up. (requested by p0x2211e87)\n|inactive|p0y221dd1e also wants the timer to be on.\n|\n|t:|1783541660\n|move|p2a: Banette|Poltergeist|p1a: Banette\n|-activate|p1a: Banette|move: Poltergeist|Life Orb\n|-supereffective|p1a: Banette\n|-damage|p1a: Banette|0 fnt\n|faint|p1a: Banette\n|-damage|p2a: Banette|90/100|[from] item: Life Orb\n|\n|upkeep\n|inactive|Time left: 300 sec this turn | 300 sec total | 65 sec grace\n|\n|t:|1783541661\n|switch|p1a: Zekrom|Zekrom, L71|259/259\n|-ability|p1a: Zekrom|Teravolt\n|turn|2\n|inactive|Time left: 300 sec this turn | 300 sec total\n|\n|t:|1783541662\n|move|p2a: Banette|Poltergeist|p1a: Zekrom\n|-activate|p1a: Zekrom|move: Poltergeist|Leftovers\n|-damage|p1a: Zekrom|63/259\n|-damage|p2a: Banette|80/100|[from] item: Life Orb\n|move|p1a: Zekrom|Dragon Dance|p1a: Zekrom\n|-boost|p1a: Zekrom|atk|1\n|-boost|p1a: Zekrom|spe|1\n|\n|-heal|p1a: Zekrom|79/259|[from] item: Leftovers\n|upkeep\n|turn|3\n|inactive|Time left: 300 sec this turn | 300 sec total\n|\n|t:|1783541663\n|switch|p2a: Iron Treads|Iron Treads, L77|100/100\n|move|p1a: Zekrom|Outrage|p2a: Iron Treads\n|-resisted|p2a: Iron Treads\n|-damage|p2a: Iron Treads|67/100\n|\n|-heal|p1a: Zekrom|95/259|[from] item: Leftovers\n|-heal|p2a: Iron Treads|73/100|[from] item: Leftovers\n|upkeep\n|turn|4\n|inactive|Time left: 300 sec this turn | 300 sec total\n|\n|t:|1783541664\n|move|p1a: Zekrom|Outrage|p2a: Iron Treads|[from] lockedmove\n|-resisted|p2a: Iron Treads\n|-damage|p2a: Iron Treads|43/100\n|-start|p1a: Zekrom|confusion|[fatigue]\n|move|p2a: Iron Treads|Earthquake|p1a: Zekrom\n|-supereffective|p1a: Zekrom\n|-damage|p1a: Zekrom|0 fnt\n|faint|p1a: Zekrom\n|\n|-heal|p2a: Iron Treads|49/100|[from] item: Leftovers\n|upkeep\n|inactive|Time left: 300 sec this turn | 300 sec total | 5 sec grace\n|\n|t:|1783541665\n|switch|p1a: Feraligatr|Feraligatr, L79, F|264/264\n|turn|5\n|inactive|Time left: 300 sec this turn | 300 sec total\n|\n|t:|1783541666\n|move|p2a: Iron Treads|Earthquake|p1a: Feraligatr\n|-damage|p1a: Feraligatr|171/264\n|move|p1a: Feraligatr|Dragon Dance|p1a: Feraligatr\n|-boost|p1a: Feraligatr|atk|1\n|-boost|p1a: Feraligatr|spe|1\n|\n|-heal|p2a: Iron Treads|55/100|[from] item: Leftovers\n|upkeep\n|turn|6\n|inactive|Time left: 300 sec this turn | 300 sec total\n|\n|t:|1783541668\n|-end|p2a: Iron Treads|Quark Drive|[silent]\n|switch|p2a: Arbok|Arbok, L87, M|100/100\n|-ability|p2a: Arbok|Intimidate|boost\n|-unboost|p1a: Feraligatr|atk|1\n|move|p1a: Feraligatr|Liquidation|p2a: Arbok\n|-damage|p2a: Arbok|32/100\n|\n|-heal|p2a: Arbok|38/100|[from] item: Leftovers\n|upkeep\n|turn|7\n|inactive|Time left: 300 sec this turn | 300 sec total\n|\n|t:|1783541669\n|move|p1a: Feraligatr|Liquidation|p2a: Arbok\n|-damage|p2a: Arbok|0 fnt\n|faint|p2a: Arbok\n|\n|upkeep\n|\n|t:|1783541670\n|switch|p2a: Snorlax|Snorlax, L82, F|100/100\n|turn|8\n|inactive|Time left: 300 sec this turn | 300 sec total\n|\n|t:|1783541671\n|move|p1a: Feraligatr|Dragon Dance|p1a: Feraligatr\n|-boost|p1a: Feraligatr|atk|1\n|-boost|p1a: Feraligatr|spe|1\n|move|p2a: Snorlax|Body Slam|p1a: Feraligatr\n|-damage|p1a: Feraligatr|87/264\n|\n|upkeep\n|turn|9\n|inactive|Time left: 300 sec this turn | 300 sec total\n|\n|t:|1783541672\n|move|p1a: Feraligatr|Liquidation|p2a: Snorlax\n|-damage|p2a: Snorlax|28/100\n|move|p2a: Snorlax|Earthquake|p1a: Feraligatr\n|-damage|p1a: Feraligatr|20/264\n|\n|-heal|p2a: Snorlax|35/100|[from] item: Leftovers\n|upkeep\n|turn|10\n|inactive|Time left: 300 sec this turn | 300 sec total\n|\n|t:|1783541673\n|move|p1a: Feraligatr|Liquidation|p2a: Snorlax\n|-damage|p2a: Snorlax|0 fnt\n|faint|p2a: Snorlax\n|\n|upkeep\n|\n|t:|1783541674\n|switch|p2a: Banette|Banette, L93, M|80/100\n|turn|11\n|inactive|Time left: 300 sec this turn | 300 sec total\n|\n|t:|1783541675\n|move|p2a: Banette|Shadow Sneak|p1a: Feraligatr\n|-damage|p1a: Feraligatr|0 fnt\n|faint|p1a: Feraligatr\n|-damage|p2a: Banette|70/100|[from] item: Life Orb\n|\n|upkeep\n|inactive|Time left: 300 sec this turn | 300 sec total | 5 sec grace\n|\n|t:|1783541677\n|switch|p1a: Sunflora|Sunflora, F|312/312\n|turn|12\n|inactive|Time left: 300 sec this turn | 300 sec total\n|\n|t:|1783541678\n|-terastallize|p1a: Sunflora|Ground\n|move|p2a: Banette|Gunk Shot|p1a: Sunflora\n|-resisted|p1a: Sunflora\n|-damage|p1a: Sunflora|218/312\n|-damage|p2a: Banette|60/100|[from] item: Life Orb\n|move|p1a: Sunflora|Earth Power|p2a: Banette\n|-damage|p2a: Banette|0 fnt\n|-start|p1a: Sunflora|Disable|Earth Power|[from] ability: Cursed Body|[of] p2a: Banette\n|faint|p2a: Banette\n|\n|upkeep\n|\n|t:|1783541679\n|switch|p2a: Hitmonlee|Hitmonlee, L85, M|100/100\n|turn|13\n|inactive|Time left: 300 sec this turn | 300 sec total\n|\n|t:|1783541680\n|move|p2a: Hitmonlee|Knock Off|p1a: Sunflora\n|-damage|p1a: Sunflora|121/312\n|-enditem|p1a: Sunflora|Choice Specs|[from] move: Knock Off|[of] p2a: Hitmonlee\n|-activate|p1a: Sunflora|move: Struggle\n|move|p1a: Sunflora|Struggle|p2a: Hitmonlee\n|-damage|p2a: Hitmonlee|82/100\n|-damage|p1a: Sunflora|43/312|[from] recoil\n|\n|upkeep\n|turn|14\n|inactive|Time left: 300 sec this turn | 300 sec total\n|\n|t:|1783541681\n|move|p2a: Hitmonlee|Knock Off|p1a: Sunflora\n|-damage|p1a: Sunflora|0 fnt\n|faint|p1a: Sunflora\n|\n|upkeep\n|inactive|Time left: 300 sec this turn | 300 sec total | 5 sec grace\n|\n|t:|1783541682\n|switch|p1a: Primarina|Primarina, L83, M|268/268\n|turn|15\n|inactive|Time left: 300 sec this turn | 300 sec total\n|\n|t:|1783541683\n|-terastallize|p2a: Hitmonlee|Poison\n|move|p2a: Hitmonlee|Poison Jab|p1a: Primarina\n|-supereffective|p1a: Primarina\n|-damage|p1a: Primarina|28/268\n|-status|p1a: Primarina|psn\n|move|p1a: Primarina|Moonblast|p2a: Hitmonlee\n|-resisted|p2a: Hitmonlee\n|-crit|p2a: Hitmonlee\n|-damage|p2a: Hitmonlee|49/100\n|\n|-heal|p1a: Primarina|44/268 psn|[from] item: Leftovers\n|-damage|p1a: Primarina|11/268 psn|[from] psn\n|upkeep\n|turn|16\n|inactive|Time left: 300 sec this turn | 300 sec total\n|\n|t:|1783541684\n|move|p2a: Hitmonlee|Close Combat|p1a: Primarina\n|-resisted|p1a: Primarina\n|-damage|p1a: Primarina|0 fnt\n|-unboost|p2a: Hitmonlee|def|1\n|-unboost|p2a: Hitmonlee|spd|1\n|faint|p1a: Primarina\n|-enditem|p2a: Hitmonlee|White Herb\n|-clearnegativeboost|p2a: Hitmonlee|[silent]\n|\n|upkeep\n|inactive|Time left: 300 sec this turn | 300 sec total | 5 sec grace\n|\n|t:|1783541684\n|switch|p1a: Jolteon|Jolteon, L84, M|246/246\n|turn|17\n|inactive|Time left: 300 sec this turn | 300 sec total\n|\n|t:|1783541685\n|move|p2a: Hitmonlee|Close Combat|p1a: Jolteon\n|-damage|p1a: Jolteon|38/246\n|-unboost|p2a: Hitmonlee|def|1\n|-unboost|p2a: Hitmonlee|spd|1\n|move|p1a: Jolteon|Thunderbolt|p2a: Hitmonlee\n|-damage|p2a: Hitmonlee|0 fnt\n|faint|p2a: Hitmonlee\n|-damage|p1a: Jolteon|14/246|[from] item: Life Orb\n|\n|upkeep\n|\n|t:|1783541686\n|switch|p2a: Sableye|Sableye, L88, M|100/100\n|turn|18\n|inactive|Time left: 300 sec this turn | 300 sec total\n|\n|t:|1783541687\n|move|p2a: Sableye|Encore|p1a: Jolteon\n|-start|p1a: Jolteon|Encore\n|move|p1a: Jolteon|Thunderbolt|p2a: Sableye\n|-damage|p2a: Sableye|33/100\n|-damage|p1a: Jolteon|0 fnt|[from] item: Life Orb\n|faint|p1a: Jolteon\n|\n|win|p0y221dd1e", "uploadtime": 1783541687, "views": 0, "rating": 0, "private": 0, "password": null, "_winner": "p0y221dd1e", "_our_name": "p0x2211e87"}