{"id": "battle-gen9randombattle-1153", "formatid": "gen9randombattle", "format": "[Gen 9] Random Battle", "players": ["p0x11538d5d", "p0y1153c56b"], "log": "|init|battle\n|title|p0x11538d5d vs. p0y1153c56b\n|j|\u2606p0x11538d5d\n|j|\u2606p0y1153c56b\n|t:|1783553379\n|gametype|singles\n|player|p1|p0x11538d5d|170|\n|player|p2|p0y1153c56b|101|\n|gen|9\n|tier|[Gen 9] Random Battle\n|rule|Species Clause: Limit one of each Pok\u00e9mon\n|rule|HP Percentage Mod: HP is shown in percentages\n|rule|Sleep Clause Mod: Limit one foe put to sleep\n|rule|Illusion Level Mod: Illusion disguises the Pok\u00e9mon's true level\n|\n|t:|1783553379\n|teamsize|p1|6\n|teamsize|p2|6\n|start\n|switch|p1a: Swampert|Swampert, L83, F|100/100\n|switch|p2a: Ribombee|Ribombee, L83, F|235/235\n|turn|1\n|inactive|Battle timer is ON: inactive players will automatically lose when time's up. (requested by p0x11538d5d)\n|inactive|Time left: 300 sec this turn | 300 sec total | 60 sec grace\n|inactive|p0y1153c56b also wants the timer to be on.\n|\n|t:|1783553381\n|move|p2a: Ribombee|Quiver Dance|p2a: Ribombee\n|-boost|p2a: Ribombee|spa|1\n|-boost|p2a: Ribombee|spd|1\n|-boost|p2a: Ribombee|spe|1\n|move|p1a: Swampert|Flip Turn|p2a: Ribombee\n|-damage|p2a: Ribombee|145/235\n|\n|t:|1783553382\n|switch|p1a: Entei|Entei, L78|100/100|[from] Flip Turn\n|\n|upkeep\n|turn|2\n|inactive|Time left: 300 sec this turn | 300 sec total\n|\n|t:|1783553383\n|-terastallize|p2a: Ribombee|Ground\n|move|p2a: Ribombee|Tera Blast|p1a: Entei|[anim] Tera Blast Ground\n|-supereffective|p1a: Entei\n|-damage|p1a: Entei|0 fnt\n|faint|p1a: Entei\n|\n|upkeep\n|\n|t:|1783553384\n|switch|p1a: Swampert|Swampert, L83, F|100/100\n|turn|3\n|inactive|Time left: 300 sec this turn | 300 sec total\n|\n|t:|1783553385\n|move|p2a: Ribombee|Tera Blast|p1a: Swampert|[anim] Tera Blast Ground\n|-crit|p1a: Swampert\n|-damage|p1a: Swampert|37/100\n|move|p1a: Swampert|Flip Turn|p2a: Ribombee\n|-supereffective|p2a: Ribombee\n|-damage|p2a: Ribombee|0 fnt\n|faint|p2a: Ribombee\n|\n|t:|1783553386\n|switch|p1a: Arcanine|Arcanine-Hisui, L79, F|100/100|[from] Flip Turn\n|\n|upkeep\n|inactive|Time left: 300 sec this turn | 300 sec total | 10 sec grace\n|\n|t:|1783553387\n|switch|p2a: Rhydon|Rhydon, L85, F|317/317\n|turn|4\n|inactive|Time left: 300 sec this turn | 300 sec total\n|\n|t:|1783553388\n|switch|p1a: Samurott|Samurott-Hisui, L77, F|100/100\n|move|p2a: Rhydon|Earthquake|p1a: Samurott\n|-damage|p1a: Samurott|39/100\n|\n|upkeep\n|turn|5\n|inactive|Time left: 300 sec this turn | 300 sec total\n|\n|t:|1783553389\n|move|p1a: Samurott|Razor Shell|p2a: Rhydon\n|-supereffective|p2a: Rhydon\n|-damage|p2a: Rhydon|0 fnt\n|faint|p2a: Rhydon\n|\n|upkeep\n|inactive|Time left: 300 sec this turn | 300 sec total | 5 sec grace\n|\n|t:|1783553390\n|switch|p2a: Sawsbuck|Sawsbuck-Winter, L88, M|284/284\n|turn|6\n|inactive|Time left: 300 sec this turn | 300 sec total\n|\n|t:|1783553391\n|switch|p1a: Zarude|Zarude-Dada, L77|100/100\n|move|p2a: Sawsbuck|Swords Dance|p2a: Sawsbuck\n|-boost|p2a: Sawsbuck|atk|2\n|\n|upkeep\n|turn|7\n|inactive|Time left: 300 sec this turn | 300 sec total\n|\n|t:|1783553392\n|move|p2a: Sawsbuck|Double-Edge|p1a: Zarude\n|-damage|p1a: Zarude|0 fnt\n|faint|p1a: Zarude\n|-damage|p2a: Sawsbuck|189/284|[from] Recoil\n|-damage|p2a: Sawsbuck|161/284|[from] item: Life Orb\n|\n|upkeep\n|\n|t:|1783553393\n|switch|p1a: Samurott|Samurott-Hisui, L77, F|39/100\n|turn|8\n|inactive|Time left: 300 sec this turn | 300 sec total\n|\n|t:|1783553394\n|move|p1a: Samurott|Sucker Punch|p2a: Sawsbuck\n|-damage|p2a: Sawsbuck|37/284\n|move|p2a: Sawsbuck|Horn Leech|p1a: Samurott\n|-supereffective|p1a: Samurott\n|-damage|p1a: Samurott|0 fnt\n|-heal|p2a: Sawsbuck|88/284|[from] drain|[of] p1a: Samurott\n|faint|p1a: Samurott\n|-damage|p2a: Sawsbuck|60/284|[from] item: Life Orb\n|\n|upkeep\n|\n|t:|1783553395\n|switch|p1a: Arcanine|Arcanine-Hisui, L79, F|100/100\n|turn|9\n|inactive|Time left: 300 sec this turn | 300 sec total\n|\n|t:|1783553396\n|move|p1a: Arcanine|Extreme Speed|p2a: Sawsbuck\n|-damage|p2a: Sawsbuck|0 fnt\n|faint|p2a: Sawsbuck\n|\n|upkeep\n|inactive|Time left: 300 sec this turn | 300 sec total | 5 sec grace\n|\n|t:|1783553397\n|switch|p2a: Cinderace|Cinderace, L77, F|249/249\n|turn|10\n|inactive|Time left: 300 sec this turn | 300 sec total\n|\n|t:|1783553398\n|move|p1a: Arcanine|Extreme Speed|p2a: Cinderace\n|-damage|p2a: Cinderace|137/249\n|move|p2a: Cinderace|High Jump Kick|p1a: Arcanine\n|-start|p2a: Cinderace|typechange|Fighting|[from] ability: Libero\n|-supereffective|p1a: Arcanine\n|-damage|p1a: Arcanine|0 fnt\n|faint|p1a: Arcanine\n|\n|upkeep\n|\n|t:|1783553399\n|switch|p1a: Annihilape|Annihilape, L76, F|100/100\n|turn|11\n|inactive|Time left: 300 sec this turn | 300 sec total\n|\n|t:|1783553400\n|switch|p2a: Mismagius|Mismagius, L86, F|243/243\n|move|p1a: Annihilape|Bulk Up|p1a: Annihilape\n|-boost|p1a: Annihilape|atk|1\n|-boost|p1a: Annihilape|def|1\n|\n|upkeep\n|turn|12\n|inactive|Time left: 300 sec this turn | 300 sec total\n|\n|t:|1783553401\n|-terastallize|p1a: Annihilape|Fairy\n|move|p2a: Mismagius|Nasty Plot|p2a: Mismagius\n|-boost|p2a: Mismagius|spa|2\n|move|p1a: Annihilape|Rage Fist|p2a: Mismagius\n|-supereffective|p2a: Mismagius\n|-damage|p2a: Mismagius|31/243\n|\n|-heal|p2a: Mismagius|46/243|[from] item: Leftovers\n|upkeep\n|turn|13\n|inactive|Time left: 300 sec this turn | 300 sec total\n|\n|t:|1783553402\n|move|p2a: Mismagius|Shadow Ball|p1a: Annihilape\n|-damage|p1a: Annihilape|27/100\n|move|p1a: Annihilape|Rage Fist|p2a: Mismagius\n|-supereffective|p2a: Mismagius\n|-damage|p2a: Mismagius|0 fnt\n|faint|p2a: Mismagius\n|\n|upkeep\n|inactive|Time left: 300 sec this turn | 300 sec total | 5 sec grace\n|\n|t:|1783553403\n|switch|p2a: Cinderace|Cinderace, L77, F|137/249\n|turn|14\n|inactive|Time left: 300 sec this turn | 300 sec total\n|\n|t:|1783553404\n|move|p2a: Cinderace|Pyro Ball|p1a: Annihilape\n|-damage|p1a: Annihilape|0 fnt\n|faint|p1a: Annihilape\n|\n|upkeep\n|\n|t:|1783553405\n|switch|p1a: Swampert|Swampert, L83, F|37/100\n|turn|15\n|inactive|Time left: 300 sec this turn | 300 sec total\n|\n|t:|1783553406\n|move|p2a: Cinderace|Pyro Ball|p1a: Swampert\n|-resisted|p1a: Swampert\n|-damage|p1a: Swampert|8/100\n|-status|p1a: Swampert|brn\n|move|p1a: Swampert|Yawn|p2a: Cinderace\n|-start|p2a: Cinderace|move: Yawn|[of] p1a: Swampert\n|\n|-heal|p1a: Swampert|14/100 brn|[from] item: Leftovers\n|-damage|p1a: Swampert|8/100 brn|[from] brn\n|upkeep\n|turn|16\n|inactive|Time left: 300 sec this turn | 300 sec total\n|\n|t:|1783553407\n|move|p2a: Cinderace|Pyro Ball|p1a: Swampert\n|-resisted|p1a: Swampert\n|-damage|p1a: Swampert|0 fnt\n|faint|p1a: Swampert\n|\n|win|p0y1153c56b", "uploadtime": 1783553407, "views": 0, "rating": 0, "private": 0, "password": null, "_winner": "p0y1153c56b", "_our_name": "p0y1153c56b"}