{"id": "battle-gen9randombattle-53", "formatid": "gen9randombattle", "format": "[Gen 9] Random Battle", "players": ["p0x053bc94", "p0y0538e6a"], "log": "|init|battle\n|title|p0x053bc94 vs. p0y0538e6a\n|j|\u2606p0x053bc94\n|j|\u2606p0y0538e6a\n|t:|1783540065\n|gametype|singles\n|player|p1|p0x053bc94|170|\n|player|p2|p0y0538e6a|1|\n|gen|9\n|tier|[Gen 9] Random Battle\n|rule|Species Clause: Limit one of each Pok\u00e9mon\n|rule|HP Percentage Mod: HP is shown in percentages\n|rule|Sleep Clause Mod: Limit one foe put to sleep\n|rule|Illusion Level Mod: Illusion disguises the Pok\u00e9mon's true level\n|\n|t:|1783540065\n|teamsize|p1|6\n|teamsize|p2|6\n|start\n|switch|p1a: Walking Wake|Walking Wake, L79|100/100\n|switch|p2a: Greedent|Greedent, L86, M|347/347\n|turn|1\n|inactive|Battle timer is ON: inactive players will automatically lose when time's up. (requested by p0y0538e6a)\n|inactive|p0x053bc94 also wants the timer to be on.\n|\n|t:|1783540067\n|move|p1a: Walking Wake|Hydro Pump|p2a: Greedent\n|-damage|p2a: Greedent|143/347\n|-enditem|p2a: Greedent|Sitrus Berry|[eat]\n|-heal|p2a: Greedent|229/347|[from] item: Sitrus Berry\n|-heal|p2a: Greedent|344/347|[from] ability: Cheek Pouch\n|move|p2a: Greedent|Swords Dance|p2a: Greedent\n|-boost|p2a: Greedent|atk|2\n|\n|upkeep\n|turn|2\n|inactive|Time left: 300 sec this turn | 300 sec total\n|\n|t:|1783540068\n|move|p1a: Walking Wake|Hydro Pump|p2a: Greedent\n|-damage|p2a: Greedent|149/347\n|move|p2a: Greedent|Knock Off|p1a: Walking Wake\n|-damage|p1a: Walking Wake|52/100\n|-enditem|p1a: Walking Wake|Choice Specs|[from] move: Knock Off|[of] p2a: Greedent\n|\n|upkeep\n|turn|3\n|inactive|Time left: 300 sec this turn | 300 sec total\n|\n|t:|1783540069\n|move|p1a: Walking Wake|Draco Meteor|p2a: Greedent\n|-damage|p2a: Greedent|0 fnt\n|-unboost|p1a: Walking Wake|spa|2\n|faint|p2a: Greedent\n|\n|upkeep\n|inactive|Time left: 300 sec this turn | 300 sec total | 5 sec grace\n|\n|t:|1783540070\n|switch|p2a: Braviary|Braviary-Hisui, L85, M|326/326\n|turn|4\n|inactive|Time left: 300 sec this turn | 300 sec total\n|\n|t:|1783540071\n|move|p1a: Walking Wake|Flip Turn|p2a: Braviary\n|-damage|p2a: Braviary|268/326\n|\n|t:|1783540072\n|-end|p1a: Walking Wake|Protosynthesis|[silent]\n|switch|p1a: Milotic|Milotic, L83, M|100/100|[from] Flip Turn\n|move|p2a: Braviary|Esper Wing|p1a: Milotic\n|-damage|p1a: Milotic|61/100\n|-boost|p2a: Braviary|spe|1\n|\n|-heal|p1a: Milotic|67/100|[from] item: Leftovers\n|upkeep\n|turn|5\n|inactive|Time left: 300 sec this turn | 300 sec total\n|\n|t:|1783540073\n|move|p2a: Braviary|Esper Wing|p1a: Milotic\n|-damage|p1a: Milotic|27/100\n|-boost|p2a: Braviary|spe|1\n|move|p1a: Milotic|Recover|p1a: Milotic\n|-heal|p1a: Milotic|78/100\n|\n|-heal|p1a: Milotic|84/100|[from] item: Leftovers\n|upkeep\n|turn|6\n|inactive|Time left: 300 sec this turn | 300 sec total\n|\n|t:|1783540074\n|move|p2a: Braviary|Esper Wing|p1a: Milotic\n|-damage|p1a: Milotic|48/100\n|-boost|p2a: Braviary|spe|1\n|move|p1a: Milotic|Ice Beam|p2a: Braviary\n|-supereffective|p2a: Braviary\n|-damage|p2a: Braviary|124/326\n|\n|-heal|p1a: Milotic|54/100|[from] item: Leftovers\n|upkeep\n|turn|7\n|inactive|Time left: 300 sec this turn | 300 sec total\n|\n|t:|1783540075\n|move|p2a: Braviary|Esper Wing|p1a: Milotic\n|-damage|p1a: Milotic|14/100\n|-boost|p2a: Braviary|spe|1\n|move|p1a: Milotic|Ice Beam|p2a: Braviary\n|-supereffective|p2a: Braviary\n|-damage|p2a: Braviary|0 fnt\n|faint|p2a: Braviary\n|\n|-heal|p1a: Milotic|20/100|[from] item: Leftovers\n|upkeep\n|inactive|Time left: 300 sec this turn | 300 sec total | 5 sec grace\n|\n|t:|1783540076\n|switch|p2a: Excadrill|Excadrill, L79, F|303/303\n|-ability|p2a: Excadrill|Mold Breaker\n|turn|8\n|inactive|Time left: 300 sec this turn | 300 sec total\n|\n|t:|1783540077\n|switch|p1a: Walking Wake|Walking Wake, L79|52/100\n|move|p2a: Excadrill|Earthquake|p1a: Walking Wake\n|-damage|p1a: Walking Wake|10/100\n|\n|upkeep\n|turn|9\n|inactive|Time left: 300 sec this turn | 300 sec total\n|\n|t:|1783540078\n|move|p1a: Walking Wake|Hydro Pump|p2a: Excadrill\n|-supereffective|p2a: Excadrill\n|-damage|p2a: Excadrill|61/303\n|move|p2a: Excadrill|Rapid Spin|p1a: Walking Wake\n|-damage|p1a: Walking Wake|0 fnt\n|-boost|p2a: Excadrill|spe|1\n|faint|p1a: Walking Wake\n|-end|p1a: Walking Wake|Protosynthesis|[silent]\n|\n|upkeep\n|\n|t:|1783540079\n|switch|p1a: Cetitan|Cetitan, L82, M|100/100\n|turn|10\n|inactive|Time left: 300 sec this turn | 300 sec total\n|\n|t:|1783540080\n|move|p1a: Cetitan|Ice Shard|p2a: Excadrill\n|-damage|p2a: Excadrill|0 fnt\n|faint|p2a: Excadrill\n|\n|upkeep\n|inactive|Time left: 300 sec this turn | 300 sec total | 5 sec grace\n|\n|t:|1783540081\n|switch|p2a: Ursaring|Ursaring, L84, F|288/288\n|turn|11\n|inactive|Time left: 300 sec this turn | 300 sec total\n|\n|t:|1783540082\n|move|p1a: Cetitan|Belly Drum|p1a: Cetitan\n|-damage|p1a: Cetitan|50/100\n|-setboost|p1a: Cetitan|atk|6|[from] move: Belly Drum\n|-enditem|p1a: Cetitan|Sitrus Berry|[eat]\n|-heal|p1a: Cetitan|75/100|[from] item: Sitrus Berry\n|move|p2a: Ursaring|Body Slam|p1a: Cetitan\n|-damage|p1a: Cetitan|42/100\n|-status|p1a: Cetitan|par\n|\n|upkeep\n|turn|12\n|inactive|Time left: 300 sec this turn | 300 sec total\n|\n|t:|1783540083\n|move|p2a: Ursaring|Body Slam|p1a: Cetitan\n|-damage|p1a: Cetitan|5/100 par\n|move|p1a: Cetitan|Ice Spinner|p2a: Ursaring\n|-damage|p2a: Ursaring|41/288\n|\n|upkeep\n|turn|13\n|inactive|Time left: 300 sec this turn | 300 sec total\n|\n|t:|1783540084\n|move|p1a: Cetitan|Ice Shard|p2a: Ursaring\n|-damage|p2a: Ursaring|0 fnt\n|faint|p2a: Ursaring\n|\n|upkeep\n|inactive|Time left: 300 sec this turn | 300 sec total | 5 sec grace\n|\n|t:|1783540085\n|switch|p2a: Rotom|Rotom-Mow, L87|229/229\n|turn|14\n|inactive|Time left: 300 sec this turn | 300 sec total\n|\n|t:|1783540086\n|-terastallize|p2a: Rotom|Electric\n|move|p1a: Cetitan|Ice Shard|p2a: Rotom\n|-damage|p2a: Rotom|76/229\n|move|p2a: Rotom|Thunderbolt|p1a: Cetitan\n|-damage|p1a: Cetitan|0 fnt\n|faint|p1a: Cetitan\n|\n|upkeep\n|\n|t:|1783540087\n|switch|p1a: Minun|Minun, L95, M|100/100\n|turn|15\n|inactive|Time left: 300 sec this turn | 300 sec total\n|\n|t:|1783540088\n|switch|p2a: Minun|Minun, L95, F|268/268\n|move|p1a: Minun|Nasty Plot|p1a: Minun\n|-boost|p1a: Minun|spa|2\n|\n|upkeep\n|turn|16\n|inactive|Time left: 300 sec this turn | 300 sec total\n|\n|t:|1783540089\n|-terastallize|p1a: Minun|Fairy\n|move|p1a: Minun|Alluring Voice|p2a: Minun\n|-damage|p2a: Minun|57/268\n|-damage|p1a: Minun|91/100|[from] item: Life Orb\n|move|p2a: Minun|Nasty Plot|p2a: Minun\n|-boost|p2a: Minun|spa|2\n|\n|upkeep\n|turn|17\n|inactive|Time left: 300 sec this turn | 300 sec total\n|\n|t:|1783540091\n|move|p1a: Minun|Alluring Voice|p2a: Minun\n|-damage|p2a: Minun|0 fnt\n|faint|p2a: Minun\n|-damage|p1a: Minun|81/100|[from] item: Life Orb\n|\n|upkeep\n|inactive|Time left: 300 sec this turn | 300 sec total | 5 sec grace\n|\n|t:|1783540092\n|switch|p2a: Rotom|Rotom-Mow, L87, tera:Electric|76/229\n|turn|18\n|inactive|Time left: 300 sec this turn | 300 sec total\n|\n|t:|1783540092\n|move|p2a: Rotom|Volt Switch|p1a: Minun\n|-heal|p1a: Minun|100/100|[from] ability: Volt Absorb|[of] p2a: Rotom\n|move|p1a: Minun|Thunderbolt|p2a: Rotom\n|-resisted|p2a: Rotom\n|-damage|p2a: Rotom|0 fnt\n|faint|p2a: Rotom\n|-damage|p1a: Minun|91/100|[from] item: Life Orb\n|\n|win|p0x053bc94", "uploadtime": 1783540092, "views": 0, "rating": 0, "private": 0, "password": null, "_winner": "p0x053bc94", "_our_name": "p0y0538e6a"}