{"id": "battle-gen9randombattle-366", "formatid": "gen9randombattle", "format": "[Gen 9] Random Battle", "players": ["p0x3667944", "p0y3662eab"], "log": "|init|battle\n|title|p0x3667944 vs. p0y3662eab\n|j|\u2606p0x3667944\n|j|\u2606p0y3662eab\n|t:|1783543372\n|gametype|singles\n|player|p1|p0x3667944|102|\n|player|p2|p0y3662eab|170|\n|gen|9\n|tier|[Gen 9] Random Battle\n|rule|Species Clause: Limit one of each Pok\u00e9mon\n|rule|HP Percentage Mod: HP is shown in percentages\n|rule|Sleep Clause Mod: Limit one foe put to sleep\n|rule|Illusion Level Mod: Illusion disguises the Pok\u00e9mon's true level\n|\n|t:|1783543372\n|teamsize|p1|6\n|teamsize|p2|6\n|start\n|switch|p1a: Dewgong|Dewgong, L94, F|322/322\n|switch|p2a: Arcanine|Arcanine, L84, M|100/100\n|-ability|p2a: Arcanine|Intimidate|boost\n|-unboost|p1a: Dewgong|atk|1\n|turn|1\n|inactive|Battle timer is ON: inactive players will automatically lose when time's up. (requested by p0y3662eab)\n|inactive|Time left: 300 sec this turn | 300 sec total | 60 sec grace\n|inactive|p0x3667944 also wants the timer to be on.\n|\n|t:|1783543373\n|switch|p2a: Zekrom|Zekrom, L71|100/100\n|-ability|p2a: Zekrom|Teravolt\n|move|p1a: Dewgong|Ice Beam|p2a: Zekrom\n|-supereffective|p2a: Zekrom\n|-damage|p2a: Zekrom|19/100\n|\n|-heal|p2a: Zekrom|25/100|[from] item: Leftovers\n|upkeep\n|turn|2\n|inactive|Time left: 300 sec this turn | 300 sec total\n|\n|t:|1783543375\n|move|p1a: Dewgong|Ice Beam|p2a: Zekrom\n|-supereffective|p2a: Zekrom\n|-damage|p2a: Zekrom|0 fnt\n|faint|p2a: Zekrom\n|\n|upkeep\n|\n|t:|1783543376\n|switch|p2a: Volcarona|Volcarona, L77, M|100/100\n|turn|3\n|inactive|Time left: 300 sec this turn | 300 sec total\n|\n|t:|1783543377\n|move|p2a: Volcarona|Quiver Dance|p2a: Volcarona\n|-boost|p2a: Volcarona|spa|1\n|-boost|p2a: Volcarona|spd|1\n|-boost|p2a: Volcarona|spe|1\n|move|p1a: Dewgong|Hydro Pump|p2a: Volcarona\n|-supereffective|p2a: Volcarona\n|-damage|p2a: Volcarona|44/100\n|\n|upkeep\n|turn|4\n|inactive|Time left: 300 sec this turn | 300 sec total\n|\n|t:|1783543378\n|move|p2a: Volcarona|Giga Drain|p1a: Dewgong\n|-supereffective|p1a: Dewgong\n|-damage|p1a: Dewgong|176/322\n|-heal|p2a: Volcarona|72/100|[from] drain|[of] p1a: Dewgong\n|move|p1a: Dewgong|Hydro Pump|p2a: Volcarona\n|-supereffective|p2a: Volcarona\n|-damage|p2a: Volcarona|15/100\n|\n|upkeep\n|turn|5\n|inactive|Time left: 300 sec this turn | 300 sec total\n|\n|t:|1783543379\n|switch|p1a: Hariyama|Hariyama, L87, M|392/392\n|move|p2a: Volcarona|Giga Drain|p1a: Hariyama\n|-damage|p1a: Hariyama|321/392\n|-heal|p2a: Volcarona|29/100|[from] drain|[of] p1a: Hariyama\n|\n|upkeep\n|turn|6\n|inactive|Time left: 300 sec this turn | 300 sec total\n|\n|t:|1783543380\n|move|p2a: Volcarona|Giga Drain|p1a: Hariyama\n|-damage|p1a: Hariyama|248/392\n|-heal|p2a: Volcarona|44/100|[from] drain|[of] p1a: Hariyama\n|move|p1a: Hariyama|Knock Off|p2a: Volcarona\n|-damage|p2a: Volcarona|0 fnt\n|-enditem|p2a: Volcarona|Heavy-Duty Boots|[from] move: Knock Off|[of] p1a: Hariyama\n|faint|p2a: Volcarona\n|\n|upkeep\n|\n|t:|1783543381\n|switch|p2a: Pelipper|Pelipper, L86, F|100/100\n|-weather|RainDance|[from] ability: Drizzle|[of] p2a: Pelipper\n|turn|7\n|inactive|Time left: 300 sec this turn | 300 sec total\n|\n|t:|1783543382\n|move|p2a: Pelipper|Hurricane|p1a: Hariyama\n|-supereffective|p1a: Hariyama\n|-damage|p1a: Hariyama|42/392\n|move|p1a: Hariyama|Knock Off|p2a: Pelipper\n|-damage|p2a: Pelipper|71/100\n|-enditem|p2a: Pelipper|Heavy-Duty Boots|[from] move: Knock Off|[of] p1a: Hariyama\n|\n|-weather|RainDance|[upkeep]\n|upkeep\n|turn|8\n|inactive|Time left: 300 sec this turn | 300 sec total\n|\n|t:|1783543382\n|switch|p1a: Necrozma|Necrozma-Dusk-Mane, L69|248/248\n|move|p2a: Pelipper|Hurricane|p1a: Necrozma\n|-resisted|p1a: Necrozma\n|-damage|p1a: Necrozma|190/248\n|-start|p1a: Necrozma|confusion\n|\n|-weather|RainDance|[upkeep]\n|upkeep\n|turn|9\n|inactive|Time left: 300 sec this turn | 300 sec total\n|\n|t:|1783543384\n|switch|p1a: Girafarig|Girafarig, L89, F|269/269\n|move|p2a: Pelipper|Hydro Pump|p1a: Girafarig\n|-damage|p1a: Girafarig|122/269\n|\n|-weather|RainDance|[upkeep]\n|upkeep\n|turn|10\n|inactive|Time left: 300 sec this turn | 300 sec total\n|\n|t:|1783543385\n|switch|p2a: Florges|Florges-Orange, L85, F|100/100\n|move|p1a: Girafarig|Psychic|p2a: Florges\n|-damage|p2a: Florges|76/100\n|\n|-weather|RainDance|[upkeep]\n|-heal|p2a: Florges|82/100|[from] item: Leftovers\n|upkeep\n|turn|11\n|inactive|Time left: 300 sec this turn | 300 sec total\n|\n|t:|1783543386\n|move|p1a: Girafarig|Nasty Plot|p1a: Girafarig\n|-boost|p1a: Girafarig|spa|2\n|move|p2a: Florges|Moonblast|p1a: Girafarig\n|-damage|p1a: Girafarig|38/269\n|-unboost|p1a: Girafarig|spa|1\n|\n|-weather|none\n|-heal|p2a: Florges|88/100|[from] item: Leftovers\n|upkeep\n|turn|12\n|inactive|Time left: 300 sec this turn | 300 sec total\n|\n|t:|1783543387\n|move|p1a: Girafarig|Psychic|p2a: Florges\n|-damage|p2a: Florges|53/100\n|move|p2a: Florges|Moonblast|p1a: Girafarig\n|-damage|p1a: Girafarig|0 fnt\n|faint|p1a: Girafarig\n|\n|-heal|p2a: Florges|58/100|[from] item: Leftovers\n|upkeep\n|inactive|Time left: 300 sec this turn | 300 sec total | 5 sec grace\n|\n|t:|1783543388\n|switch|p1a: Necrozma|Necrozma-Dusk-Mane, L69|190/248\n|turn|13\n|inactive|Time left: 300 sec this turn | 300 sec total\n|\n|t:|1783543389\n|switch|p2a: Arcanine|Arcanine, L84, M|100/100\n|-ability|p2a: Arcanine|Intimidate|boost\n|-unboost|p1a: Necrozma|atk|1\n|move|p1a: Necrozma|Dragon Dance|p1a: Necrozma\n|-boost|p1a: Necrozma|atk|1\n|-boost|p1a: Necrozma|spe|1\n|\n|upkeep\n|turn|14\n|inactive|Time left: 300 sec this turn | 300 sec total\n|\n|t:|1783543390\n|move|p1a: Necrozma|Earthquake|p2a: Arcanine\n|-supereffective|p2a: Arcanine\n|-damage|p2a: Arcanine|50/100\n|move|p2a: Arcanine|Flare Blitz|p1a: Necrozma\n|-supereffective|p1a: Necrozma\n|-damage|p1a: Necrozma|4/248\n|-enditem|p1a: Necrozma|Weakness Policy\n|-boost|p1a: Necrozma|atk|2|[from] item: Weakness Policy\n|-boost|p1a: Necrozma|spa|2|[from] item: Weakness Policy\n|-damage|p2a: Arcanine|29/100|[from] Recoil\n|\n|upkeep\n|turn|15\n|inactive|Time left: 300 sec this turn | 300 sec total\n|\n|t:|1783543391\n|move|p2a: Arcanine|Extreme Speed|p1a: Necrozma\n|-resisted|p1a: Necrozma\n|-damage|p1a: Necrozma|0 fnt\n|faint|p1a: Necrozma\n|\n|upkeep\n|inactive|Time left: 300 sec this turn | 300 sec total | 5 sec grace\n|\n|t:|1783543392\n|switch|p1a: Sceptile|Sceptile, L87, F|264/264\n|turn|16\n|inactive|Time left: 300 sec this turn | 300 sec total\n|\n|t:|1783543393\n|move|p1a: Sceptile|Earthquake|p2a: Arcanine\n|-supereffective|p2a: Arcanine\n|-damage|p2a: Arcanine|0 fnt\n|faint|p2a: Arcanine\n|-damage|p1a: Sceptile|238/264|[from] item: Life Orb\n|\n|upkeep\n|\n|t:|1783543394\n|switch|p2a: Pelipper|Pelipper, L86, F|71/100\n|-weather|RainDance|[from] ability: Drizzle|[of] p2a: Pelipper\n|turn|17\n|inactive|Time left: 300 sec this turn | 300 sec total\n|\n|t:|1783543395\n|move|p1a: Sceptile|Giga Drain|p2a: Pelipper\n|-damage|p2a: Pelipper|16/100\n|-heal|p1a: Sceptile|264/264|[from] drain|[of] p2a: Pelipper\n|-damage|p1a: Sceptile|238/264|[from] item: Life Orb\n|move|p2a: Pelipper|Hurricane|p1a: Sceptile\n|-supereffective|p1a: Sceptile\n|-damage|p1a: Sceptile|8/264\n|-start|p1a: Sceptile|confusion\n|\n|-weather|RainDance|[upkeep]\n|upkeep\n|turn|18\n|inactive|Time left: 300 sec this turn | 300 sec total\n|\n|t:|1783543396\n|-activate|p1a: Sceptile|confusion\n|move|p1a: Sceptile|Giga Drain|p2a: Pelipper\n|-damage|p2a: Pelipper|0 fnt\n|-heal|p1a: Sceptile|27/264|[from] drain|[of] p2a: Pelipper\n|faint|p2a: Pelipper\n|-damage|p1a: Sceptile|1/264|[from] item: Life Orb\n|\n|-weather|RainDance|[upkeep]\n|upkeep\n|\n|t:|1783543397\n|switch|p2a: Florges|Florges-Orange, L85, F|58/100\n|turn|19\n|inactive|Time left: 300 sec this turn | 300 sec total\n|\n|t:|1783543398\n|-activate|p1a: Sceptile|confusion\n|-damage|p1a: Sceptile|0 fnt|[from] confusion\n|faint|p1a: Sceptile\n|move|p2a: Florges|Calm Mind|p2a: Florges\n|-boost|p2a: Florges|spa|1\n|-boost|p2a: Florges|spd|1\n|\n|-weather|RainDance|[upkeep]\n|-heal|p2a: Florges|64/100|[from] item: Leftovers\n|upkeep\n|inactive|Time left: 300 sec this turn | 300 sec total | 5 sec grace\n|\n|t:|1783543399\n|switch|p1a: Dewgong|Dewgong, L94, F|176/322\n|turn|20\n|inactive|Time left: 300 sec this turn | 300 sec total\n|\n|t:|1783543400\n|move|p1a: Dewgong|Encore|p2a: Florges\n|-start|p2a: Florges|Encore\n|move|p2a: Florges|Calm Mind|p2a: Florges\n|-boost|p2a: Florges|spa|1\n|-boost|p2a: Florges|spd|1\n|\n|-weather|RainDance|[upkeep]\n|-heal|p2a: Florges|70/100|[from] item: Leftovers\n|upkeep\n|turn|21\n|inactive|Time left: 300 sec this turn | 300 sec total\n|\n|t:|1783543401\n|switch|p1a: Hariyama|Hariyama, L87, M|42/392\n|move|p2a: Florges|Calm Mind|p2a: Florges\n|-boost|p2a: Florges|spa|1\n|-boost|p2a: Florges|spd|1\n|\n|-weather|none\n|-heal|p2a: Florges|76/100|[from] item: Leftovers\n|upkeep\n|turn|22\n|inactive|Time left: 300 sec this turn | 300 sec total\n|\n|t:|1783543402\n|-terastallize|p1a: Hariyama|Steel\n|move|p2a: Florges|Calm Mind|p2a: Florges\n|-boost|p2a: Florges|spa|1\n|-boost|p2a: Florges|spd|1\n|move|p1a: Hariyama|Heavy Slam|p2a: Florges\n|-supereffective|p2a: Florges\n|-damage|p2a: Florges|0 fnt\n|faint|p2a: Florges\n|\n|upkeep\n|\n|t:|1783543403\n|switch|p2a: Bisharp|Bisharp, L79, M|100/100\n|turn|23\n|inactive|Time left: 300 sec this turn | 300 sec total\n|\n|t:|1783543404\n|switch|p1a: Dewgong|Dewgong, L94, F|176/322\n|move|p2a: Bisharp|Throat Chop|p1a: Dewgong\n|-damage|p1a: Dewgong|91/322\n|-start|p1a: Dewgong|Throat Chop|[silent]\n|\n|upkeep\n|turn|24\n|inactive|Time left: 300 sec this turn | 300 sec total\n|\n|t:|1783543405\n|move|p1a: Dewgong|Hydro Pump|p2a: Bisharp\n|-damage|p2a: Bisharp|59/100\n|move|p2a: Bisharp|Iron Head|p1a: Dewgong\n|-damage|p1a: Dewgong|0 fnt\n|faint|p1a: Dewgong\n|\n|upkeep\n|inactive|Time left: 300 sec this turn | 300 sec total | 5 sec grace\n|\n|t:|1783543406\n|switch|p1a: Illumise|Illumise, L91, F|266/266\n|turn|25\n|inactive|Time left: 300 sec this turn | 300 sec total\n|\n|t:|1783543407\n|-terastallize|p2a: Bisharp|Ghost\n|move|p1a: Illumise|Bug Buzz|p2a: Bisharp\n|-resisted|p2a: Bisharp\n|-damage|p2a: Bisharp|41/100\n|move|p2a: Bisharp|Throat Chop|p1a: Illumise\n|-damage|p1a: Illumise|173/266\n|-start|p1a: Illumise|Throat Chop|[silent]\n|\n|upkeep\n|turn|26\n|inactive|Time left: 300 sec this turn | 300 sec total\n|\n|t:|1783543408\n|move|p1a: Illumise|Thunder Wave|p2a: Bisharp\n|-status|p2a: Bisharp|par\n|cant|p2a: Bisharp|par\n|\n|-end|p1a: Illumise|Throat Chop|[silent]\n|upkeep\n|turn|27\n|inactive|Time left: 300 sec this turn | 300 sec total\n|\n|t:|1783543409\n|move|p1a: Illumise|Bug Buzz|p2a: Bisharp\n|-resisted|p2a: Bisharp\n|-damage|p2a: Bisharp|23/100 par\n|-unboost|p2a: Bisharp|spd|1\n|-ability|p2a: Bisharp|Defiant|boost\n|-boost|p2a: Bisharp|atk|2\n|move|p2a: Bisharp|Iron Head|p1a: Illumise\n|-damage|p1a: Illumise|0 fnt\n|faint|p1a: Illumise\n|\n|upkeep\n|inactive|Time left: 300 sec this turn | 300 sec total | 5 sec grace\n|\n|t:|1783543410\n|switch|p1a: Hariyama|Hariyama, L87, M, tera:Steel|42/392\n|turn|28\n|inactive|Time left: 300 sec this turn | 300 sec total\n|\n|t:|1783543411\n|cant|p2a: Bisharp|par\n|move|p1a: Hariyama|Heavy Slam|p2a: Bisharp\n|-damage|p2a: Bisharp|0 fnt\n|faint|p2a: Bisharp\n|\n|win|p0x3667944", "uploadtime": 1783543411, "views": 0, "rating": 0, "private": 0, "password": null, "_winner": "p0x3667944", "_our_name": "p0x3667944"}