{"id": "battle-gen9randombattle-2621", "formatid": "gen9randombattle", "format": "[Gen 9] Random Battle", "players": ["p0x262135ff", "p0y262117b1"], "log": "|init|battle\n|title|p0x262135ff vs. p0y262117b1\n|j|\u2606p0x262135ff\n|j|\u2606p0y262117b1\n|t:|1783569272\n|gametype|singles\n|player|p1|p0x262135ff|266|\n|player|p2|p0y262117b1|101|\n|gen|9\n|tier|[Gen 9] Random Battle\n|rule|Species Clause: Limit one of each Pok\u00e9mon\n|rule|HP Percentage Mod: HP is shown in percentages\n|rule|Sleep Clause Mod: Limit one foe put to sleep\n|rule|Illusion Level Mod: Illusion disguises the Pok\u00e9mon's true level\n|\n|t:|1783569272\n|teamsize|p1|6\n|teamsize|p2|6\n|start\n|switch|p1a: Miraidon|Miraidon, L65|100/100\n|switch|p2a: Vaporeon|Vaporeon, L86, F|364/364\n|-fieldstart|move: Electric Terrain|[from] ability: Hadron Engine|[of] p1a: Miraidon\n|turn|1\n|inactive|Battle timer is ON: inactive players will automatically lose when time's up. (requested by p0y262117b1)\n|inactive|p0x262135ff also wants the timer to be on.\n|\n|t:|1783569273\n|switch|p2a: Shaymin|Shaymin, L82|298/298\n|move|p1a: Miraidon|Electro Drift|p2a: Shaymin\n|-resisted|p2a: Shaymin\n|-damage|p2a: Shaymin|193/298\n|\n|-heal|p2a: Shaymin|211/298|[from] item: Leftovers\n|upkeep\n|turn|2\n|inactive|Time left: 300 sec this turn | 300 sec total\n|\n|t:|1783569274\n|move|p1a: Miraidon|Electro Drift|p2a: Shaymin\n|-resisted|p2a: Shaymin\n|-damage|p2a: Shaymin|106/298\n|move|p2a: Shaymin|Leech Seed|p1a: Miraidon\n|-start|p1a: Miraidon|move: Leech Seed\n|\n|-heal|p2a: Shaymin|124/298|[from] item: Leftovers\n|-damage|p1a: Miraidon|88/100|[from] Leech Seed|[of] p2a: Shaymin\n|-heal|p2a: Shaymin|153/298|[silent]\n|upkeep\n|turn|3\n|inactive|Time left: 300 sec this turn | 300 sec total\n|\n|t:|1783569275\n|move|p1a: Miraidon|Electro Drift|p2a: Shaymin\n|-resisted|p2a: Shaymin\n|-damage|p2a: Shaymin|54/298\n|move|p2a: Shaymin|Seed Flare|p1a: Miraidon\n|-resisted|p1a: Miraidon\n|-damage|p1a: Miraidon|61/100\n|\n|-heal|p2a: Shaymin|72/298|[from] item: Leftovers\n|-damage|p1a: Miraidon|48/100|[from] Leech Seed|[of] p2a: Shaymin\n|-heal|p2a: Shaymin|101/298|[silent]\n|upkeep\n|turn|4\n|inactive|Time left: 300 sec this turn | 300 sec total\n|\n|t:|1783569276\n|switch|p2a: Bellibolt|Bellibolt, L84, M|320/320\n|move|p1a: Miraidon|Electro Drift|p2a: Bellibolt\n|-resisted|p2a: Bellibolt\n|-damage|p2a: Bellibolt|207/320\n|-start|p2a: Bellibolt|Charge|Electro Drift|[from] ability: Electromorphosis\n|\n|-heal|p2a: Bellibolt|227/320|[from] item: Leftovers\n|-damage|p1a: Miraidon|36/100|[from] Leech Seed|[of] p2a: Bellibolt\n|-heal|p2a: Bellibolt|256/320|[silent]\n|upkeep\n|turn|5\n|inactive|Time left: 300 sec this turn | 300 sec total\n|\n|t:|1783569277\n|move|p1a: Miraidon|Electro Drift|p2a: Bellibolt\n|-resisted|p2a: Bellibolt\n|-damage|p2a: Bellibolt|136/320\n|-start|p2a: Bellibolt|Charge|Electro Drift|[from] ability: Electromorphosis\n|move|p2a: Bellibolt|Thunderbolt|p1a: Miraidon\n|-resisted|p1a: Miraidon\n|-damage|p1a: Miraidon|6/100\n|-end|p2a: Bellibolt|Charge|[silent]\n|\n|-heal|p2a: Bellibolt|156/320|[from] item: Leftovers\n|-damage|p1a: Miraidon|0 fnt|[from] Leech Seed|[of] p2a: Bellibolt\n|-heal|p2a: Bellibolt|170/320|[silent]\n|faint|p1a: Miraidon\n|-fieldend|move: Electric Terrain\n|upkeep\n|\n|t:|1783569278\n|switch|p1a: Swalot|Swalot, L90, F|100/100\n|turn|6\n|inactive|Time left: 300 sec this turn | 300 sec total\n|\n|t:|1783569279\n|move|p1a: Swalot|Swords Dance|p1a: Swalot\n|-boost|p1a: Swalot|atk|2\n|move|p2a: Bellibolt|Slack Off|p2a: Bellibolt\n|-heal|p2a: Bellibolt|320/320\n|\n|upkeep\n|turn|7\n|inactive|Time left: 300 sec this turn | 300 sec total\n|\n|t:|1783569280\n|switch|p2a: Qwilfish|Qwilfish-Hisui, L83, M|244/244\n|-ability|p2a: Qwilfish|Intimidate|boost\n|-unboost|p1a: Swalot|atk|1\n|move|p1a: Swalot|Earthquake|p2a: Qwilfish\n|-supereffective|p2a: Qwilfish\n|-damage|p2a: Qwilfish|104/244\n|\n|upkeep\n|turn|8\n|inactive|Time left: 300 sec this turn | 300 sec total\n|\n|t:|1783569281\n|move|p2a: Qwilfish|Toxic Spikes|p1a: Swalot\n|-sidestart|p1: p0x262135ff|move: Toxic Spikes\n|move|p1a: Swalot|Earthquake|p2a: Qwilfish\n|-supereffective|p2a: Qwilfish\n|-damage|p2a: Qwilfish|0 fnt\n|faint|p2a: Qwilfish\n|\n|upkeep\n|inactive|Time left: 300 sec this turn | 300 sec total | 5 sec grace\n|\n|t:|1783569282\n|switch|p2a: Shaymin|Shaymin, L82|101/298\n|turn|9\n|inactive|Time left: 300 sec this turn | 300 sec total\n|\n|t:|1783569283\n|move|p2a: Shaymin|Leech Seed|p1a: Swalot\n|-start|p1a: Swalot|move: Leech Seed\n|move|p1a: Swalot|Knock Off|p2a: Shaymin\n|-damage|p2a: Shaymin|14/298\n|-enditem|p2a: Shaymin|Leftovers|[from] move: Knock Off|[of] p1a: Swalot\n|\n|-damage|p1a: Swalot|88/100|[from] Leech Seed|[of] p2a: Shaymin\n|-damage|p2a: Shaymin|0 fnt|[from] ability: Liquid Ooze|[of] p1a: Swalot\n|faint|p2a: Shaymin\n|upkeep\n|inactive|Time left: 300 sec this turn | 300 sec total | 5 sec grace\n|\n|t:|1783569284\n|switch|p2a: Furret|Furret, L94, F|312/312\n|-item|p1a: Swalot|Leftovers|[from] ability: Frisk|[of] p2a: Furret\n|turn|10\n|inactive|Time left: 300 sec this turn | 300 sec total\n|\n|t:|1783569285\n|move|p2a: Furret|Double-Edge|p1a: Swalot\n|-damage|p1a: Swalot|33/100\n|-damage|p2a: Furret|252/312|[from] Recoil\n|move|p1a: Swalot|Gunk Shot|p2a: Furret\n|-damage|p2a: Furret|62/312\n|-status|p2a: Furret|psn\n|\n|-heal|p1a: Swalot|39/100|[from] item: Leftovers\n|-damage|p1a: Swalot|27/100|[from] Leech Seed|[of] p2a: Furret\n|-damage|p2a: Furret|22/312 psn|[from] ability: Liquid Ooze|[of] p1a: Swalot\n|-damage|p2a: Furret|0 fnt|[from] psn\n|faint|p2a: Furret\n|upkeep\n|inactive|Time left: 300 sec this turn | 300 sec total | 5 sec grace\n|\n|t:|1783569286\n|switch|p2a: Vaporeon|Vaporeon, L86, F|364/364\n|turn|11\n|inactive|Time left: 300 sec this turn | 300 sec total\n|\n|t:|1783569287\n|switch|p1a: Alomomola|Alomomola, L87, M|100/100\n|move|p2a: Vaporeon|Scald|p1a: Alomomola\n|-resisted|p1a: Alomomola\n|-damage|p1a: Alomomola|82/100\n|-status|p1a: Alomomola|brn\n|\n|-damage|p1a: Alomomola|76/100 brn|[from] brn\n|upkeep\n|turn|12\n|inactive|Time left: 300 sec this turn | 300 sec total\n|\n|t:|1783569289\n|switch|p1a: Swalot|Swalot, L90, F|27/100\n|-sideend|p1: p0x262135ff|move: Toxic Spikes|[of] p1a: Swalot\n|move|p2a: Vaporeon|Scald|p1a: Swalot\n|-damage|p1a: Swalot|0 fnt\n|faint|p1a: Swalot\n|\n|upkeep\n|\n|t:|1783569290\n|switch|p1a: Ambipom|Ambipom, L84, M|100/100\n|turn|13\n|inactive|Time left: 300 sec this turn | 300 sec total\n|\n|t:|1783569291\n|move|p1a: Ambipom|Fake Out|p2a: Vaporeon\n|-damage|p2a: Vaporeon|268/364\n|cant|p2a: Vaporeon|flinch\n|\n|-heal|p2a: Vaporeon|290/364|[from] item: Leftovers\n|upkeep\n|turn|14\n|inactive|Time left: 300 sec this turn | 300 sec total\n|\n|t:|1783569292\n|move|p1a: Ambipom|Double-Edge|p2a: Vaporeon\n|-damage|p2a: Vaporeon|89/364\n|-damage|p1a: Ambipom|75/100|[from] Recoil\n|move|p2a: Vaporeon|Scald|p1a: Ambipom\n|-damage|p1a: Ambipom|31/100\n|\n|-heal|p2a: Vaporeon|111/364|[from] item: Leftovers\n|upkeep\n|turn|15\n|inactive|Time left: 300 sec this turn | 300 sec total\n|\n|t:|1783569293\n|move|p1a: Ambipom|Double-Edge|p2a: Vaporeon\n|-damage|p2a: Vaporeon|0 fnt\n|faint|p2a: Vaporeon\n|-damage|p1a: Ambipom|17/100|[from] Recoil\n|\n|upkeep\n|inactive|Time left: 300 sec this turn | 300 sec total | 5 sec grace\n|\n|t:|1783569294\n|switch|p2a: Bellibolt|Bellibolt, L84, M|320/320\n|turn|16\n|inactive|Time left: 300 sec this turn | 300 sec total\n|\n|t:|1783569295\n|move|p1a: Ambipom|Double-Edge|p2a: Bellibolt\n|-damage|p2a: Bellibolt|166/320\n|-start|p2a: Bellibolt|Charge|Double-Edge|[from] ability: Electromorphosis\n|-damage|p1a: Ambipom|0 fnt|[from] Recoil\n|faint|p1a: Ambipom\n|move|p2a: Bellibolt|Thunderbolt|p1: Ambipom|[notarget]\n|-fail|p2a: Bellibolt\n|-end|p2a: Bellibolt|Charge|[silent]\n|\n|-heal|p2a: Bellibolt|186/320|[from] item: Leftovers\n|upkeep\n|\n|t:|1783569296\n|switch|p1a: Maushold|Maushold-Four, L76|100/100\n|turn|17\n|inactive|Time left: 300 sec this turn | 300 sec total\n|\n|t:|1783569297\n|switch|p2a: Milotic|Milotic, L83, M|293/293\n|move|p1a: Maushold|Population Bomb|p2a: Milotic\n|-damage|p2a: Milotic|268/293\n|-damage|p2a: Milotic|243/293\n|-damage|p2a: Milotic|218/293\n|-damage|p2a: Milotic|194/293\n|-damage|p2a: Milotic|172/293\n|-damage|p2a: Milotic|148/293\n|-hitcount|p2a: Milotic|6\n|\n|-heal|p2a: Milotic|166/293|[from] item: Leftovers\n|upkeep\n|turn|18\n|inactive|Time left: 300 sec this turn | 300 sec total\n|\n|t:|1783569298\n|-terastallize|p2a: Milotic|Steel\n|move|p1a: Maushold|Population Bomb|p2a: Milotic\n|-resisted|p2a: Milotic\n|-damage|p2a: Milotic|154/293\n|-resisted|p2a: Milotic\n|-damage|p2a: Milotic|142/293\n|-resisted|p2a: Milotic\n|-damage|p2a: Milotic|130/293\n|-resisted|p2a: Milotic\n|-damage|p2a: Milotic|118/293\n|-resisted|p2a: Milotic\n|-damage|p2a: Milotic|106/293\n|-resisted|p2a: Milotic\n|-damage|p2a: Milotic|94/293\n|-resisted|p2a: Milotic\n|-damage|p2a: Milotic|83/293\n|-resisted|p2a: Milotic\n|-damage|p2a: Milotic|71/293\n|-resisted|p2a: Milotic\n|-damage|p2a: Milotic|59/293\n|-resisted|p2a: Milotic\n|-damage|p2a: Milotic|48/293\n|-hitcount|p2a: Milotic|10\n|move|p2a: Milotic|Scald|p1a: Maushold\n|-damage|p1a: Maushold|56/100\n|\n|-heal|p2a: Milotic|66/293|[from] item: Leftovers\n|upkeep\n|turn|19\n|inactive|Time left: 300 sec this turn | 300 sec total\n|\n|t:|1783569299\n|move|p1a: Maushold|Population Bomb|p2a: Milotic\n|-resisted|p2a: Milotic\n|-damage|p2a: Milotic|55/293\n|-resisted|p2a: Milotic\n|-damage|p2a: Milotic|43/293\n|-resisted|p2a: Milotic\n|-damage|p2a: Milotic|32/293\n|-resisted|p2a: Milotic\n|-damage|p2a: Milotic|21/293\n|-resisted|p2a: Milotic\n|-damage|p2a: Milotic|9/293\n|-resisted|p2a: Milotic\n|-damage|p2a: Milotic|0 fnt\n|faint|p2a: Milotic\n|-hitcount|p2: Milotic|6\n|\n|upkeep\n|inactive|Time left: 300 sec this turn | 300 sec total | 5 sec grace\n|\n|t:|1783569299\n|switch|p2a: Bellibolt|Bellibolt, L84, M|186/320\n|turn|20\n|inactive|Time left: 300 sec this turn | 300 sec total\n|\n|t:|1783569300\n|-terastallize|p1a: Maushold|Ghost\n|move|p1a: Maushold|Population Bomb|p2a: Bellibolt\n|-damage|p2a: Bellibolt|162/320\n|-start|p2a: Bellibolt|Charge|Population Bomb|[from] ability: Electromorphosis\n|-damage|p2a: Bellibolt|141/320\n|-start|p2a: Bellibolt|Charge|Population Bomb|[from] ability: Electromorphosis\n|-damage|p2a: Bellibolt|117/320\n|-start|p2a: Bellibolt|Charge|Population Bomb|[from] ability: Electromorphosis\n|-damage|p2a: Bellibolt|95/320\n|-start|p2a: Bellibolt|Charge|Population Bomb|[from] ability: Electromorphosis\n|-damage|p2a: Bellibolt|73/320\n|-start|p2a: Bellibolt|Charge|Population Bomb|[from] ability: Electromorphosis\n|-damage|p2a: Bellibolt|51/320\n|-start|p2a: Bellibolt|Charge|Population Bomb|[from] ability: Electromorphosis\n|-damage|p2a: Bellibolt|27/320\n|-start|p2a: Bellibolt|Charge|Population Bomb|[from] ability: Electromorphosis\n|-damage|p2a: Bellibolt|3/320\n|-start|p2a: Bellibolt|Charge|Population Bomb|[from] ability: Electromorphosis\n|-damage|p2a: Bellibolt|0 fnt\n|faint|p2a: Bellibolt\n|-hitcount|p2: Bellibolt|9\n|\n|win|p0x262135ff", "uploadtime": 1783569300, "views": 0, "rating": 0, "private": 0, "password": null, "_winner": "p0x262135ff", "_our_name": "p0y262117b1"}