{"id": "battle-gen9randombattle-1003", "formatid": "gen9randombattle", "format": "[Gen 9] Random Battle", "players": ["p0x100327e9", "p0y1003cb95"], "log": "|init|battle\n|title|p0x100327e9 vs. p0y1003cb95\n|j|\u2606p0x100327e9\n|j|\u2606p0y1003cb95\n|t:|1783550787\n|gametype|singles\n|player|p1|p0x100327e9|170|\n|player|p2|p0y1003cb95|265|\n|gen|9\n|tier|[Gen 9] Random Battle\n|rule|Species Clause: Limit one of each Pok\u00e9mon\n|rule|HP Percentage Mod: HP is shown in percentages\n|rule|Sleep Clause Mod: Limit one foe put to sleep\n|rule|Illusion Level Mod: Illusion disguises the Pok\u00e9mon's true level\n|\n|t:|1783550787\n|teamsize|p1|6\n|teamsize|p2|6\n|start\n|switch|p1a: Luxray|Luxray, L88, M|100/100\n|switch|p2a: Hitmontop|Hitmontop, L88, M|231/231\n|-ability|p1a: Luxray|Intimidate|boost\n|-unboost|p2a: Hitmontop|atk|1\n|-ability|p2a: Hitmontop|Intimidate|boost\n|-unboost|p1a: Luxray|atk|1\n|turn|1\n|inactive|Battle timer is ON: inactive players will automatically lose when time's up. (requested by p0y1003cb95)\n|inactive|p0x100327e9 also wants the timer to be on.\n|\n|t:|1783550789\n|switch|p2a: Torterra|Torterra, L78, M|276/276\n|switch|p1a: Armarouge|Armarouge, L80, F|100/100\n|\n|upkeep\n|turn|2\n|inactive|Time left: 300 sec this turn | 300 sec total\n|\n|t:|1783550791\n|switch|p2a: Blissey|Blissey, L85, F|572/572\n|move|p1a: Armarouge|Armor Cannon|p2a: Blissey\n|-damage|p2a: Blissey|421/572\n|-unboost|p1a: Armarouge|def|1\n|-unboost|p1a: Armarouge|spd|1\n|\n|-heal|p2a: Blissey|456/572|[from] item: Leftovers\n|upkeep\n|turn|3\n|inactive|Time left: 300 sec this turn | 300 sec total\n|\n|t:|1783550792\n|move|p1a: Armarouge|Armor Cannon|p2a: Blissey\n|-damage|p2a: Blissey|297/572\n|-unboost|p1a: Armarouge|def|1\n|-unboost|p1a: Armarouge|spd|1\n|move|p2a: Blissey|Stealth Rock|p1a: Armarouge\n|-sidestart|p1: p0x100327e9|move: Stealth Rock\n|\n|-heal|p2a: Blissey|332/572|[from] item: Leftovers\n|upkeep\n|turn|4\n|inactive|Time left: 300 sec this turn | 300 sec total\n|\n|t:|1783550793\n|move|p1a: Armarouge|Armor Cannon|p2a: Blissey\n|-damage|p2a: Blissey|191/572\n|-unboost|p1a: Armarouge|def|1\n|-unboost|p1a: Armarouge|spd|1\n|move|p2a: Blissey|Soft-Boiled|p2a: Blissey\n|-heal|p2a: Blissey|477/572\n|\n|-heal|p2a: Blissey|512/572|[from] item: Leftovers\n|upkeep\n|turn|5\n|inactive|Time left: 300 sec this turn | 300 sec total\n|\n|t:|1783550794\n|move|p1a: Armarouge|Armor Cannon|p2a: Blissey\n|-damage|p2a: Blissey|373/572\n|-unboost|p1a: Armarouge|def|1\n|-unboost|p1a: Armarouge|spd|1\n|move|p2a: Blissey|Seismic Toss|p1a: Armarouge\n|-damage|p1a: Armarouge|69/100\n|-ability|p1a: Armarouge|Weak Armor|boost\n|-unboost|p1a: Armarouge|def|1\n|-boost|p1a: Armarouge|spe|2\n|\n|-heal|p2a: Blissey|408/572|[from] item: Leftovers\n|upkeep\n|turn|6\n|inactive|Time left: 300 sec this turn | 300 sec total\n|\n|t:|1783550795\n|move|p1a: Armarouge|Armor Cannon|p2a: Blissey\n|-damage|p2a: Blissey|260/572\n|-unboost|p1a: Armarouge|def|1\n|-unboost|p1a: Armarouge|spd|1\n|move|p2a: Blissey|Seismic Toss|p1a: Armarouge\n|-damage|p1a: Armarouge|37/100\n|-ability|p1a: Armarouge|Weak Armor|boost\n|-boost|p1a: Armarouge|spe|2\n|\n|-heal|p2a: Blissey|295/572|[from] item: Leftovers\n|upkeep\n|turn|7\n|inactive|Time left: 300 sec this turn | 300 sec total\n|\n|t:|1783550796\n|move|p1a: Armarouge|Armor Cannon|p2a: Blissey\n|-damage|p2a: Blissey|130/572\n|-unboost|p1a: Armarouge|spd|1\n|move|p2a: Blissey|Soft-Boiled|p2a: Blissey\n|-heal|p2a: Blissey|416/572\n|\n|-heal|p2a: Blissey|451/572|[from] item: Leftovers\n|upkeep\n|turn|8\n|inactive|Time left: 300 sec this turn | 300 sec total\n|\n|t:|1783550797\n|move|p1a: Armarouge|Armor Cannon|p2a: Blissey\n|-damage|p2a: Blissey|310/572\n|move|p2a: Blissey|Seismic Toss|p1a: Armarouge\n|-damage|p1a: Armarouge|5/100\n|-ability|p1a: Armarouge|Weak Armor|boost\n|-boost|p1a: Armarouge|spe|2\n|\n|-heal|p2a: Blissey|345/572|[from] item: Leftovers\n|upkeep\n|turn|9\n|inactive|Time left: 300 sec this turn | 300 sec total\n|\n|t:|1783550798\n|move|p1a: Armarouge|Armor Cannon|p2a: Blissey\n|-damage|p2a: Blissey|191/572\n|move|p2a: Blissey|Soft-Boiled|p2a: Blissey\n|-heal|p2a: Blissey|477/572\n|\n|-heal|p2a: Blissey|512/572|[from] item: Leftovers\n|upkeep\n|turn|10\n|inactive|Time left: 300 sec this turn | 300 sec total\n|\n|t:|1783550800\n|switch|p1a: Vikavolt|Vikavolt, L83, M|100/100\n|move|p2a: Blissey|Seismic Toss|p1a: Vikavolt\n|-damage|p1a: Vikavolt|68/100\n|\n|-heal|p2a: Blissey|547/572|[from] item: Leftovers\n|upkeep\n|turn|11\n|inactive|Time left: 300 sec this turn | 300 sec total\n|\n|t:|1783550801\n|move|p2a: Blissey|Seismic Toss|p1a: Vikavolt\n|-damage|p1a: Vikavolt|36/100\n|move|p1a: Vikavolt|Sticky Web|p2a: Blissey\n|-sidestart|p2: p0y1003cb95|move: Sticky Web\n|\n|-heal|p2a: Blissey|572/572|[from] item: Leftovers\n|upkeep\n|turn|12\n|inactive|Time left: 300 sec this turn | 300 sec total\n|\n|t:|1783550802\n|switch|p1a: Blissey|Blissey, L85, F|100/100\n|-damage|p1a: Blissey|88/100|[from] Stealth Rock\n|move|p2a: Blissey|Seismic Toss|p1a: Blissey\n|-damage|p1a: Blissey|73/100\n|\n|-heal|p1a: Blissey|79/100|[from] item: Leftovers\n|upkeep\n|turn|13\n|inactive|Time left: 300 sec this turn | 300 sec total\n|\n|t:|1783550803\n|switch|p2a: Torterra|Torterra, L78, M|276/276\n|-activate|p2a: Torterra|move: Sticky Web\n|-unboost|p2a: Torterra|spe|1\n|move|p1a: Blissey|Stealth Rock|p2a: Torterra\n|-sidestart|p2: p0y1003cb95|move: Stealth Rock\n|\n|-heal|p1a: Blissey|85/100|[from] item: Leftovers\n|upkeep\n|turn|14\n|inactive|Time left: 300 sec this turn | 300 sec total\n|\n|t:|1783550804\n|move|p1a: Blissey|Seismic Toss|p2a: Torterra\n|-damage|p2a: Torterra|191/276\n|move|p2a: Torterra|Shell Smash|p2a: Torterra\n|-unboost|p2a: Torterra|def|1\n|-unboost|p2a: Torterra|spd|1\n|-boost|p2a: Torterra|atk|2\n|-boost|p2a: Torterra|spa|2\n|-boost|p2a: Torterra|spe|2\n|\n|-heal|p1a: Blissey|92/100|[from] item: Leftovers\n|upkeep\n|turn|15\n|inactive|Time left: 300 sec this turn | 300 sec total\n|\n|t:|1783550805\n|switch|p1a: Armarouge|Armarouge, L80, F|5/100\n|-damage|p1a: Armarouge|0 fnt|[from] Stealth Rock\n|faint|p1a: Armarouge\n|move|p2a: Torterra|Shell Smash|p2a: Torterra\n|-unboost|p2a: Torterra|def|1\n|-unboost|p2a: Torterra|spd|1\n|-boost|p2a: Torterra|atk|2\n|-boost|p2a: Torterra|spa|2\n|-boost|p2a: Torterra|spe|2\n|\n|upkeep\n|\n|t:|1783550806\n|switch|p1a: Dunsparce|Dunsparce, L86, M|100/100\n|-damage|p1a: Dunsparce|88/100|[from] Stealth Rock\n|turn|16\n|inactive|Time left: 300 sec this turn | 300 sec total\n|\n|t:|1783550808\n|move|p2a: Torterra|Headlong Rush|p1a: Dunsparce\n|-damage|p1a: Dunsparce|0 fnt\n|-unboost|p2a: Torterra|def|1\n|-unboost|p2a: Torterra|spd|1\n|faint|p1a: Dunsparce\n|\n|upkeep\n|\n|t:|1783550809\n|switch|p1a: Luxray|Luxray, L88, M|100/100\n|-damage|p1a: Luxray|88/100|[from] Stealth Rock\n|-ability|p1a: Luxray|Intimidate|boost\n|-unboost|p2a: Torterra|atk|1\n|turn|17\n|inactive|Time left: 300 sec this turn | 300 sec total\n|\n|t:|1783550810\n|switch|p1a: Vikavolt|Vikavolt, L83, M|36/100\n|move|p2a: Torterra|Bullet Seed|p1a: Vikavolt\n|-resisted|p1a: Vikavolt\n|-crit|p1a: Vikavolt\n|-damage|p1a: Vikavolt|16/100\n|-resisted|p1a: Vikavolt\n|-damage|p1a: Vikavolt|5/100\n|-resisted|p1a: Vikavolt\n|-damage|p1a: Vikavolt|0 fnt\n|faint|p1a: Vikavolt\n|-hitcount|p1: Vikavolt|3\n|\n|upkeep\n|\n|t:|1783550811\n|switch|p1a: Blissey|Blissey, L85, F|92/100\n|-damage|p1a: Blissey|79/100|[from] Stealth Rock\n|turn|18\n|inactive|Time left: 300 sec this turn | 300 sec total\n|\n|t:|1783550812\n|move|p2a: Torterra|Headlong Rush|p1a: Blissey\n|-damage|p1a: Blissey|0 fnt\n|-unboost|p2a: Torterra|def|1\n|-unboost|p2a: Torterra|spd|1\n|faint|p1a: Blissey\n|\n|upkeep\n|\n|t:|1783550813\n|switch|p1a: Luxray|Luxray, L88, M|88/100\n|-damage|p1a: Luxray|76/100|[from] Stealth Rock\n|-ability|p1a: Luxray|Intimidate|boost\n|-unboost|p2a: Torterra|atk|1\n|turn|19\n|inactive|Time left: 300 sec this turn | 300 sec total\n|\n|t:|1783550814\n|-terastallize|p1a: Luxray|Electric\n|move|p2a: Torterra|Headlong Rush|p1a: Luxray\n|-supereffective|p1a: Luxray\n|-damage|p1a: Luxray|0 fnt\n|-unboost|p2a: Torterra|def|1\n|-unboost|p2a: Torterra|spd|1\n|faint|p1a: Luxray\n|\n|upkeep\n|\n|t:|1783550815\n|switch|p1a: Chi-Yu|Chi-Yu, L77|100/100\n|-damage|p1a: Chi-Yu|76/100|[from] Stealth Rock\n|-ability|p1a: Chi-Yu|Beads of Ruin\n|turn|20\n|inactive|Time left: 300 sec this turn | 300 sec total\n|\n|t:|1783550816\n|move|p2a: Torterra|Headlong Rush|p1a: Chi-Yu\n|-supereffective|p1a: Chi-Yu\n|-damage|p1a: Chi-Yu|0 fnt\n|-unboost|p2a: Torterra|def|1\n|-unboost|p2a: Torterra|spd|1\n|faint|p1a: Chi-Yu\n|\n|win|p0y1003cb95", "uploadtime": 1783550816, "views": 0, "rating": 0, "private": 0, "password": null, "_winner": "p0y1003cb95", "_our_name": "p0y1003cb95"}