{"id": "battle-gen9randombattle-1733", "formatid": "gen9randombattle", "format": "[Gen 9] Random Battle", "players": ["p0x17339ba2", "p0y1733d407"], "log": "|init|battle\n|title|p0x17339ba2 vs. p0y1733d407\n|j|\u2606p0x17339ba2\n|j|\u2606p0y1733d407\n|t:|1783559294\n|gametype|singles\n|player|p1|p0x17339ba2|266|\n|player|p2|p0y1733d407|2|\n|gen|9\n|tier|[Gen 9] Random Battle\n|rule|Species Clause: Limit one of each Pok\u00e9mon\n|rule|HP Percentage Mod: HP is shown in percentages\n|rule|Sleep Clause Mod: Limit one foe put to sleep\n|rule|Illusion Level Mod: Illusion disguises the Pok\u00e9mon's true level\n|\n|t:|1783559294\n|teamsize|p1|6\n|teamsize|p2|6\n|start\n|switch|p1a: Haxorus|Haxorus, L77, M|100/100\n|switch|p2a: Weavile|Weavile, L79, M|239/239\n|-ability|p1a: Haxorus|Mold Breaker\n|turn|1\n|inactive|Battle timer is ON: inactive players will automatically lose when time's up. (requested by p0y1733d407)\n|inactive|p0x17339ba2 also wants the timer to be on.\n|\n|t:|1783559295\n|-terastallize|p1a: Haxorus|Steel\n|move|p2a: Weavile|Triple Axel|p1a: Haxorus\n|-resisted|p1a: Haxorus\n|-damage|p1a: Haxorus|93/100\n|-resisted|p1a: Haxorus\n|-damage|p1a: Haxorus|78/100\n|-resisted|p1a: Haxorus\n|-damage|p1a: Haxorus|57/100\n|-hitcount|p1a: Haxorus|3\n|move|p1a: Haxorus|Outrage|p2a: Weavile\n|-damage|p2a: Weavile|40/239\n|\n|upkeep\n|turn|2\n|inactive|Time left: 300 sec this turn | 300 sec total\n|\n|t:|1783559296\n|-terastallize|p2a: Weavile|Ice\n|move|p2a: Weavile|Triple Axel|p1a: Haxorus\n|-resisted|p1a: Haxorus\n|-damage|p1a: Haxorus|46/100\n|-resisted|p1a: Haxorus\n|-damage|p1a: Haxorus|28/100\n|-resisted|p1a: Haxorus\n|-damage|p1a: Haxorus|0 fnt\n|faint|p1a: Haxorus\n|-hitcount|p1: Haxorus|3\n|\n|upkeep\n|\n|t:|1783559297\n|switch|p1a: Kingambit|Kingambit, L74, M|100/100\n|-activate|p1a: Kingambit|ability: Supreme Overlord\n|-start|p1a: Kingambit|fallen1|[silent]\n|turn|3\n|inactive|Time left: 300 sec this turn | 300 sec total\n|\n|t:|1783559298\n|move|p1a: Kingambit|Sucker Punch|p2a: Weavile\n|-damage|p2a: Weavile|0 fnt\n|faint|p2a: Weavile\n|\n|upkeep\n|inactive|Time left: 300 sec this turn | 300 sec total | 5 sec grace\n|\n|t:|1783559299\n|switch|p2a: Stantler|Stantler, L92, M|284/284\n|-ability|p2a: Stantler|Intimidate|boost\n|-unboost|p1a: Kingambit|atk|1\n|turn|4\n|inactive|Time left: 300 sec this turn | 300 sec total\n|\n|t:|1783559300\n|move|p2a: Stantler|Earthquake|p1a: Kingambit\n|-supereffective|p1a: Kingambit\n|-damage|p1a: Kingambit|46/100\n|move|p1a: Kingambit|Swords Dance|p1a: Kingambit\n|-boost|p1a: Kingambit|atk|2\n|\n|-heal|p1a: Kingambit|52/100|[from] item: Leftovers\n|upkeep\n|turn|5\n|inactive|Time left: 300 sec this turn | 300 sec total\n|\n|t:|1783559301\n|-end|p1a: Kingambit|fallen1|[silent]\n|switch|p1a: Flamigo|Flamigo, L82, M|100/100\n|move|p2a: Stantler|Earthquake|p1a: Flamigo\n|-immune|p1a: Flamigo\n|\n|upkeep\n|turn|6\n|inactive|Time left: 300 sec this turn | 300 sec total\n|\n|t:|1783559302\n|move|p1a: Flamigo|Close Combat|p2a: Stantler\n|-supereffective|p2a: Stantler\n|-damage|p2a: Stantler|56/284\n|-unboost|p1a: Flamigo|def|1\n|-unboost|p1a: Flamigo|spd|1\n|move|p2a: Stantler|Body Slam|p1a: Flamigo\n|-damage|p1a: Flamigo|34/100\n|\n|upkeep\n|turn|7\n|inactive|Time left: 300 sec this turn | 300 sec total\n|\n|t:|1783559303\n|move|p1a: Flamigo|Close Combat|p2a: Stantler\n|-supereffective|p2a: Stantler\n|-damage|p2a: Stantler|0 fnt\n|-unboost|p1a: Flamigo|def|1\n|-unboost|p1a: Flamigo|spd|1\n|faint|p2a: Stantler\n|\n|upkeep\n|inactive|Time left: 300 sec this turn | 300 sec total | 5 sec grace\n|\n|t:|1783559304\n|switch|p2a: Kingdra|Kingdra, L84, M|263/263\n|turn|8\n|inactive|Time left: 300 sec this turn | 300 sec total\n|\n|t:|1783559306\n|move|p1a: Flamigo|Close Combat|p2a: Kingdra\n|-damage|p2a: Kingdra|137/263\n|-unboost|p1a: Flamigo|def|1\n|-unboost|p1a: Flamigo|spd|1\n|move|p2a: Kingdra|Outrage|p1a: Flamigo\n|-damage|p1a: Flamigo|0 fnt\n|faint|p1a: Flamigo\n|\n|upkeep\n|\n|t:|1783559307\n|switch|p1a: Dragapult|Dragapult, L77, M|100/100\n|turn|9\n|inactive|Time left: 300 sec this turn | 300 sec total\n|\n|t:|1783559308\n|move|p1a: Dragapult|Dragon Darts|p2a: Kingdra\n|-supereffective|p2a: Kingdra\n|-damage|p2a: Kingdra|41/263\n|-anim|p1a: Dragapult|Dragon Darts|p2a: Kingdra\n|-supereffective|p2a: Kingdra\n|-damage|p2a: Kingdra|0 fnt\n|faint|p2a: Kingdra\n|\n|upkeep\n|inactive|Time left: 300 sec this turn | 300 sec total | 5 sec grace\n|\n|t:|1783559309\n|switch|p2a: Phione|Phione, L91|293/293\n|turn|10\n|inactive|Time left: 300 sec this turn | 300 sec total\n|\n|t:|1783559310\n|move|p1a: Dragapult|Dragon Darts|p2a: Phione\n|-damage|p2a: Phione|242/293\n|-anim|p1a: Dragapult|Dragon Darts|p2a: Phione\n|-damage|p2a: Phione|191/293\n|move|p2a: Phione|Scald|p1a: Dragapult\n|-resisted|p1a: Dragapult\n|-damage|p1a: Dragapult|81/100\n|\n|-heal|p2a: Phione|209/293|[from] item: Leftovers\n|upkeep\n|turn|11\n|inactive|Time left: 300 sec this turn | 300 sec total\n|\n|t:|1783559311\n|move|p1a: Dragapult|Dragon Darts|p2a: Phione\n|-damage|p2a: Phione|155/293\n|-anim|p1a: Dragapult|Dragon Darts|p2a: Phione\n|-damage|p2a: Phione|103/293\n|move|p2a: Phione|Scald|p1a: Dragapult\n|-resisted|p1a: Dragapult\n|-damage|p1a: Dragapult|62/100\n|-start|p2a: Phione|Disable|Scald|[from] ability: Cursed Body|[of] p1a: Dragapult\n|\n|-heal|p2a: Phione|121/293|[from] item: Leftovers\n|upkeep\n|turn|12\n|inactive|Time left: 300 sec this turn | 300 sec total\n|\n|t:|1783559312\n|move|p1a: Dragapult|Dragon Darts|p2a: Phione\n|-damage|p2a: Phione|69/293\n|-anim|p1a: Dragapult|Dragon Darts|p2a: Phione\n|-damage|p2a: Phione|18/293\n|move|p2a: Phione|Rest|p2a: Phione\n|-status|p2a: Phione|slp|[from] move: Rest\n|-heal|p2a: Phione|293/293 slp|[silent]\n|\n|upkeep\n|turn|13\n|inactive|Time left: 300 sec this turn | 300 sec total\n|\n|t:|1783559313\n|move|p1a: Dragapult|U-turn|p2a: Phione\n|-damage|p2a: Phione|248/293 slp\n|\n|t:|1783559314\n|switch|p1a: Kingambit|Kingambit, L74, M|52/100|[from] U-turn\n|-activate|p1a: Kingambit|ability: Supreme Overlord\n|-start|p1a: Kingambit|fallen2|[silent]\n|cant|p2a: Phione|slp\n|move|p2a: Phione|Sleep Talk|p2a: Phione\n|move|p2a: Phione|Take Heart|p2a: Phione|[from] move: Sleep Talk\n|-boost|p2a: Phione|spa|1\n|-boost|p2a: Phione|spd|1\n|-curestatus|p2a: Phione|slp|[msg]\n|\n|-heal|p2a: Phione|266/293|[from] item: Leftovers\n|-heal|p1a: Kingambit|58/100|[from] item: Leftovers\n|upkeep\n|turn|14\n|inactive|Time left: 300 sec this turn | 300 sec total\n|\n|t:|1783559315\n|move|p2a: Phione|Sleep Talk||[still]\n|-fail|p2a: Phione\n|move|p1a: Kingambit|Kowtow Cleave|p2a: Phione\n|-damage|p2a: Phione|164/293\n|\n|-heal|p2a: Phione|182/293|[from] item: Leftovers\n|-heal|p1a: Kingambit|63/100|[from] item: Leftovers\n|-end|p2a: Phione|Disable\n|upkeep\n|turn|15\n|inactive|Time left: 300 sec this turn | 300 sec total\n|\n|t:|1783559316\n|move|p2a: Phione|Scald|p1a: Kingambit\n|-damage|p1a: Kingambit|9/100\n|move|p1a: Kingambit|Kowtow Cleave|p2a: Phione\n|-damage|p2a: Phione|79/293\n|\n|-heal|p2a: Phione|97/293|[from] item: Leftovers\n|-heal|p1a: Kingambit|15/100|[from] item: Leftovers\n|upkeep\n|turn|16\n|inactive|Time left: 300 sec this turn | 300 sec total\n|\n|t:|1783559317\n|move|p1a: Kingambit|Sucker Punch|p2a: Phione\n|-damage|p2a: Phione|7/293\n|move|p2a: Phione|Scald|p1a: Kingambit\n|-damage|p1a: Kingambit|0 fnt\n|faint|p1a: Kingambit\n|-end|p1a: Kingambit|fallen2|[silent]\n|\n|-heal|p2a: Phione|25/293|[from] item: Leftovers\n|upkeep\n|\n|t:|1783559318\n|switch|p1a: Spectrier|Spectrier, L75|100/100\n|turn|17\n|inactive|Time left: 300 sec this turn | 300 sec total\n|\n|t:|1783559319\n|switch|p2a: Blissey|Blissey, L85, F|572/572\n|move|p1a: Spectrier|Shadow Ball|p2a: Blissey\n|-immune|p2a: Blissey\n|\n|upkeep\n|turn|18\n|inactive|Time left: 300 sec this turn | 300 sec total\n|\n|t:|1783559320\n|move|p1a: Spectrier|Nasty Plot|p1a: Spectrier\n|-boost|p1a: Spectrier|spa|2\n|move|p2a: Blissey|Thunder Wave|p1a: Spectrier\n|-status|p1a: Spectrier|par\n|\n|upkeep\n|turn|19\n|inactive|Time left: 300 sec this turn | 300 sec total\n|\n|t:|1783559321\n|move|p2a: Blissey|Thunder Wave|p1a: Spectrier\n|-fail|p1a: Spectrier|par\n|cant|p1a: Spectrier|par\n|\n|upkeep\n|turn|20\n|inactive|Time left: 300 sec this turn | 300 sec total\n|\n|t:|1783559322\n|move|p2a: Blissey|Thunder Wave|p1a: Spectrier\n|-fail|p1a: Spectrier|par\n|move|p1a: Spectrier|Nasty Plot|p1a: Spectrier\n|-boost|p1a: Spectrier|spa|2\n|\n|upkeep\n|turn|21\n|inactive|Time left: 300 sec this turn | 300 sec total\n|\n|t:|1783559323\n|move|p2a: Blissey|Heal Bell||[still]\n|-activate|p2a: Blissey|move: Heal Bell\n|-fail|p2a: Blissey\n|move|p1a: Spectrier|Substitute|p1a: Spectrier\n|-start|p1a: Spectrier|Substitute\n|-damage|p1a: Spectrier|76/100 par\n|\n|-heal|p1a: Spectrier|82/100 par|[from] item: Leftovers\n|upkeep\n|turn|22\n|inactive|Time left: 300 sec this turn | 300 sec total\n|\n|t:|1783559324\n|move|p2a: Blissey|Soft-Boiled||[still]\n|-fail|p2a: Blissey|heal\n|move|p1a: Spectrier|Nasty Plot|p1a: Spectrier\n|-boost|p1a: Spectrier|spa|2\n|\n|-heal|p1a: Spectrier|88/100 par|[from] item: Leftovers\n|upkeep\n|turn|23\n|inactive|Time left: 300 sec this turn | 300 sec total\n|\n|t:|1783559325\n|move|p2a: Blissey|Heal Bell||[still]\n|-activate|p2a: Blissey|move: Heal Bell\n|-fail|p2a: Blissey\n|move|p1a: Spectrier|Draining Kiss|p2a: Blissey\n|-damage|p2a: Blissey|464/572\n|-heal|p1a: Spectrier|100/100 par|[from] drain|[of] p2a: Blissey\n|\n|-heal|p2a: Blissey|499/572|[from] item: Leftovers\n|upkeep\n|turn|24\n|inactive|Time left: 300 sec this turn | 300 sec total\n|\n|t:|1783559326\n|move|p2a: Blissey|Soft-Boiled|p2a: Blissey\n|-heal|p2a: Blissey|572/572\n|cant|p1a: Spectrier|par\n|\n|upkeep\n|turn|25\n|inactive|Time left: 300 sec this turn | 300 sec total\n|\n|t:|1783559327\n|move|p2a: Blissey|Heal Bell||[still]\n|-activate|p2a: Blissey|move: Heal Bell\n|-fail|p2a: Blissey\n|move|p1a: Spectrier|Shadow Ball|p2a: Blissey\n|-immune|p2a: Blissey\n|\n|upkeep\n|turn|26\n|inactive|Time left: 300 sec this turn | 300 sec total\n|\n|t:|1783559328\n|move|p2a: Blissey|Thunder Wave||[still]\n|-fail|p2a: Blissey\n|move|p1a: Spectrier|Draining Kiss|p2a: Blissey\n|-damage|p2a: Blissey|461/572\n|\n|-heal|p2a: Blissey|496/572|[from] item: Leftovers\n|upkeep\n|turn|27\n|inactive|Time left: 300 sec this turn | 300 sec total\n|\n|t:|1783559329\n|move|p2a: Blissey|Heal Bell||[still]\n|-activate|p2a: Blissey|move: Heal Bell\n|-fail|p2a: Blissey\n|move|p1a: Spectrier|Draining Kiss|p2a: Blissey\n|-damage|p2a: Blissey|393/572\n|\n|-heal|p2a: Blissey|428/572|[from] item: Leftovers\n|upkeep\n|turn|28\n|inactive|Time left: 300 sec this turn | 300 sec total\n|\n|t:|1783559330\n|move|p2a: Blissey|Soft-Boiled|p2a: Blissey\n|-heal|p2a: Blissey|572/572\n|move|p1a: Spectrier|Draining Kiss|p2a: Blissey\n|-damage|p2a: Blissey|464/572\n|\n|-heal|p2a: Blissey|499/572|[from] item: Leftovers\n|upkeep\n|turn|29\n|inactive|Time left: 300 sec this turn | 300 sec total\n|\n|t:|1783559331\n|move|p2a: Blissey|Soft-Boiled|p2a: Blissey\n|-heal|p2a: Blissey|572/572\n|move|p1a: Spectrier|Draining Kiss|p2a: Blissey\n|-damage|p2a: Blissey|457/572\n|\n|-heal|p2a: Blissey|492/572|[from] item: Leftovers\n|upkeep\n|turn|30\n|inactive|Time left: 300 sec this turn | 300 sec total\n|\n|t:|1783559332\n|move|p2a: Blissey|Seismic Toss|p1a: Spectrier\n|-immune|p1a: Spectrier\n|cant|p1a: Spectrier|par\n|\n|-heal|p2a: Blissey|527/572|[from] item: Leftovers\n|upkeep\n|turn|31\n|inactive|Time left: 300 sec this turn | 300 sec total\n|\n|t:|1783559333\n|move|p2a: Blissey|Seismic Toss|p1a: Spectrier\n|-immune|p1a: Spectrier\n|move|p1a: Spectrier|Draining Kiss|p2a: Blissey\n|-damage|p2a: Blissey|413/572\n|\n|-heal|p2a: Blissey|448/572|[from] item: Leftovers\n|upkeep\n|turn|32\n|inactive|Time left: 300 sec this turn | 300 sec total\n|\n|t:|1783559334\n|move|p2a: Blissey|Soft-Boiled|p2a: Blissey\n|-heal|p2a: Blissey|572/572\n|move|p1a: Spectrier|Draining Kiss|p2a: Blissey\n|-damage|p2a: Blissey|459/572\n|\n|-heal|p2a: Blissey|494/572|[from] item: Leftovers\n|upkeep\n|turn|33\n|inactive|Time left: 300 sec this turn | 300 sec total\n|\n|t:|1783559335\n|move|p2a: Blissey|Soft-Boiled|p2a: Blissey\n|-heal|p2a: Blissey|572/572\n|move|p1a: Spectrier|Draining Kiss|p2a: Blissey\n|-damage|p2a: Blissey|464/572\n|\n|-heal|p2a: Blissey|499/572|[from] item: Leftovers\n|upkeep\n|turn|34\n|inactive|Time left: 300 sec this turn | 300 sec total\n|\n|t:|1783559336\n|move|p2a: Blissey|Soft-Boiled|p2a: Blissey\n|-heal|p2a: Blissey|572/572\n|cant|p1a: Spectrier|par\n|\n|upkeep\n|turn|35\n|inactive|Time left: 300 sec this turn | 300 sec total\n|\n|t:|1783559337\n|move|p2a: Blissey|Thunder Wave||[still]\n|-fail|p2a: Blissey\n|cant|p1a: Spectrier|par\n|\n|upkeep\n|turn|36\n|inactive|Time left: 300 sec this turn | 300 sec total\n|\n|t:|1783559338\n|move|p2a: Blissey|Heal Bell||[still]\n|-activate|p2a: Blissey|move: Heal Bell\n|-fail|p2a: Blissey\n|move|p1a: Spectrier|Shadow Ball|p2a: Blissey\n|-immune|p2a: Blissey\n|\n|upkeep\n|turn|37\n|inactive|Time left: 300 sec this turn | 300 sec total\n|\n|t:|1783559339\n|move|p2a: Blissey|Thunder Wave||[still]\n|-fail|p2a: Blissey\n|move|p1a: Spectrier|Draining Kiss|p2a: Blissey\n|-damage|p2a: Blissey|452/572\n|\n|-heal|p2a: Blissey|487/572|[from] item: Leftovers\n|upkeep\n|turn|38\n|inactive|Time left: 300 sec this turn | 300 sec total\n|\n|t:|1783559340\n|move|p2a: Blissey|Soft-Boiled|p2a: Blissey\n|-heal|p2a: Blissey|572/572\n|move|p1a: Spectrier|Draining Kiss|p2a: Blissey\n|-damage|p2a: Blissey|454/572\n|\n|-heal|p2a: Blissey|489/572|[from] item: Leftovers\n|upkeep\n|turn|39\n|inactive|Time left: 300 sec this turn | 300 sec total\n|\n|t:|1783559341\n|move|p2a: Blissey|Thunder Wave||[still]\n|-fail|p2a: Blissey\n|move|p1a: Spectrier|Draining Kiss|p2a: Blissey\n|-damage|p2a: Blissey|372/572\n|\n|-heal|p2a: Blissey|407/572|[from] item: Leftovers\n|upkeep\n|turn|40\n|inactive|Time left: 300 sec this turn | 300 sec total\n|\n|t:|1783559342\n|move|p2a: Blissey|Seismic Toss|p1a: Spectrier\n|-immune|p1a: Spectrier\n|move|p1a: Spectrier|Draining Kiss|p2a: Blissey\n|-damage|p2a: Blissey|299/572\n|\n|-heal|p2a: Blissey|334/572|[from] item: Leftovers\n|upkeep\n|turn|41\n|inactive|Time left: 300 sec this turn | 300 sec total\n|\n|t:|1783559343\n|move|p2a: Blissey|Heal Bell||[still]\n|-activate|p2a: Blissey|move: Heal Bell\n|-fail|p2a: Blissey\n|move|p1a: Spectrier|Draining Kiss|p2a: Blissey\n|-damage|p2a: Blissey|212/572\n|\n|-heal|p2a: Blissey|247/572|[from] item: Leftovers\n|upkeep\n|turn|42\n|inactive|Time left: 300 sec this turn | 300 sec total\n|\n|t:|1783559345\n|move|p2a: Blissey|Thunder Wave||[still]\n|-fail|p2a: Blissey\n|cant|p1a: Spectrier|par\n|\n|-heal|p2a: Blissey|282/572|[from] item: Leftovers\n|upkeep\n|turn|43\n|inactive|Time left: 300 sec this turn | 300 sec total\n|\n|t:|1783559346\n|move|p2a: Blissey|Heal Bell||[still]\n|-activate|p2a: Blissey|move: Heal Bell\n|-fail|p2a: Blissey\n|move|p1a: Spectrier|Draining Kiss|p2a: Blissey\n|-damage|p2a: Blissey|163/572\n|\n|-heal|p2a: Blissey|198/572|[from] item: Leftovers\n|upkeep\n|turn|44\n|inactive|Time left: 300 sec this turn | 300 sec total\n|\n|t:|1783559347\n|move|p2a: Blissey|Seismic Toss|p1a: Spectrier\n|-immune|p1a: Spectrier\n|move|p1a: Spectrier|Draining Kiss|p2a: Blissey\n|-damage|p2a: Blissey|87/572\n|\n|-heal|p2a: Blissey|122/572|[from] item: Leftovers\n|upkeep\n|turn|45\n|inactive|Time left: 300 sec this turn | 300 sec total\n|\n|t:|1783559348\n|move|p2a: Blissey|Seismic Toss|p1a: Spectrier\n|-immune|p1a: Spectrier\n|move|p1a: Spectrier|Shadow Ball|p2a: Blissey\n|-immune|p2a: Blissey\n|\n|-heal|p2a: Blissey|157/572|[from] item: Leftovers\n|upkeep\n|turn|46\n|inactive|Time left: 300 sec this turn | 300 sec total\n|\n|t:|1783559349\n|move|p2a: Blissey|Seismic Toss|p1a: Spectrier\n|-immune|p1a: Spectrier\n|move|p1a: Spectrier|Draining Kiss|p2a: Blissey\n|-damage|p2a: Blissey|37/572\n|\n|-heal|p2a: Blissey|72/572|[from] item: Leftovers\n|upkeep\n|turn|47\n|inactive|Time left: 300 sec this turn | 300 sec total\n|\n|t:|1783559350\n|move|p2a: Blissey|Thunder Wave||[still]\n|-fail|p2a: Blissey\n|move|p1a: Spectrier|Shadow Ball|p2a: Blissey\n|-immune|p2a: Blissey\n|\n|-heal|p2a: Blissey|107/572|[from] item: Leftovers\n|upkeep\n|turn|48\n|inactive|Time left: 300 sec this turn | 300 sec total\n|\n|t:|1783559351\n|move|p2a: Blissey|Thunder Wave||[still]\n|-fail|p2a: Blissey\n|cant|p1a: Spectrier|par\n|\n|-heal|p2a: Blissey|142/572|[from] item: Leftovers\n|upkeep\n|turn|49\n|inactive|Time left: 300 sec this turn | 300 sec total\n|\n|t:|1783559352\n|move|p2a: Blissey|Heal Bell||[still]\n|-activate|p2a: Blissey|move: Heal Bell\n|-fail|p2a: Blissey\n|move|p1a: Spectrier|Shadow Ball|p2a: Blissey\n|-immune|p2a: Blissey\n|\n|-heal|p2a: Blissey|177/572|[from] item: Leftovers\n|upkeep\n|turn|50\n|inactive|Time left: 300 sec this turn | 300 sec total\n|\n|t:|1783559353\n|move|p2a: Blissey|Thunder Wave||[still]\n|-fail|p2a: Blissey\n|move|p1a: Spectrier|Shadow Ball|p2a: Blissey\n|-immune|p2a: Blissey\n|\n|-heal|p2a: Blissey|212/572|[from] item: Leftovers\n|upkeep\n|turn|51\n|inactive|Time left: 300 sec this turn | 300 sec total\n|\n|t:|1783559354\n|move|p2a: Blissey|Seismic Toss|p1a: Spectrier\n|-immune|p1a: Spectrier\n|move|p1a: Spectrier|Shadow Ball|p2a: Blissey\n|-immune|p2a: Blissey\n|\n|-heal|p2a: Blissey|247/572|[from] item: Leftovers\n|upkeep\n|turn|52\n|inactive|Time left: 300 sec this turn | 300 sec total\n|\n|t:|1783559356\n|move|p2a: Blissey|Thunder Wave||[still]\n|-fail|p2a: Blissey\n|move|p1a: Spectrier|Shadow Ball|p2a: Blissey\n|-immune|p2a: Blissey\n|\n|-heal|p2a: Blissey|282/572|[from] item: Leftovers\n|upkeep\n|turn|53\n|inactive|Time left: 300 sec this turn | 300 sec total\n|\n|t:|1783559357\n|move|p2a: Blissey|Thunder Wave||[still]\n|-fail|p2a: Blissey\n|move|p1a: Spectrier|Shadow Ball|p2a: Blissey\n|-immune|p2a: Blissey\n|\n|-heal|p2a: Blissey|317/572|[from] item: Leftovers\n|upkeep\n|turn|54\n|inactive|Time left: 300 sec this turn | 300 sec total\n|\n|t:|1783559358\n|move|p2a: Blissey|Seismic Toss|p1a: Spectrier\n|-immune|p1a: Spectrier\n|move|p1a: Spectrier|Shadow Ball|p2a: Blissey\n|-immune|p2a: Blissey\n|\n|-heal|p2a: Blissey|352/572|[from] item: Leftovers\n|upkeep\n|turn|55\n|inactive|Time left: 300 sec this turn | 300 sec total\n|\n|t:|1783559359\n|move|p2a: Blissey|Seismic Toss|p1a: Spectrier\n|-immune|p1a: Spectrier\n|move|p1a: Spectrier|Shadow Ball|p2a: Blissey\n|-immune|p2a: Blissey\n|\n|-heal|p2a: Blissey|387/572|[from] item: Leftovers\n|upkeep\n|turn|56\n|inactive|Time left: 300 sec this turn | 300 sec total\n|\n|t:|1783559360\n|move|p2a: Blissey|Seismic Toss|p1a: Spectrier\n|-immune|p1a: Spectrier\n|move|p1a: Spectrier|Shadow Ball|p2a: Blissey\n|-immune|p2a: Blissey\n|\n|-heal|p2a: Blissey|422/572|[from] item: Leftovers\n|upkeep\n|turn|57\n|inactive|Time left: 300 sec this turn | 300 sec total\n|\n|t:|1783559361\n|move|p2a: Blissey|Thunder Wave||[still]\n|-fail|p2a: Blissey\n|cant|p1a: Spectrier|par\n|\n|-heal|p2a: Blissey|457/572|[from] item: Leftovers\n|upkeep\n|turn|58\n|inactive|Time left: 300 sec this turn | 300 sec total\n|\n|t:|1783559362\n|move|p2a: Blissey|Seismic Toss|p1a: Spectrier\n|-immune|p1a: Spectrier\n|move|p1a: Spectrier|Shadow Ball|p2a: Blissey\n|-immune|p2a: Blissey\n|\n|-heal|p2a: Blissey|492/572|[from] item: Leftovers\n|upkeep\n|turn|59\n|inactive|Time left: 300 sec this turn | 300 sec total\n|\n|t:|1783559363\n|move|p2a: Blissey|Thunder Wave||[still]\n|-fail|p2a: Blissey\n|move|p1a: Spectrier|Shadow Ball|p2a: Blissey\n|-immune|p2a: Blissey\n|\n|-heal|p2a: Blissey|527/572|[from] item: Leftovers\n|upkeep\n|turn|60\n|inactive|Time left: 300 sec this turn | 300 sec total\n|\n|t:|1783559365\n|move|p2a: Blissey|Seismic Toss|p1a: Spectrier\n|-immune|p1a: Spectrier\n|move|p1a: Spectrier|Shadow Ball|p2a: Blissey\n|-immune|p2a: Blissey\n|\n|-heal|p2a: Blissey|562/572|[from] item: Leftovers\n|upkeep\n|turn|61\n|inactive|Time left: 300 sec this turn | 300 sec total\n|\n|t:|1783559366\n|move|p2a: Blissey|Seismic Toss|p1a: Spectrier\n|-immune|p1a: Spectrier\n|move|p1a: Spectrier|Shadow Ball|p2a: Blissey\n|-immune|p2a: Blissey\n|\n|-heal|p2a: Blissey|572/572|[from] item: Leftovers\n|upkeep\n|turn|62\n|inactive|Time left: 300 sec this turn | 300 sec total\n|\n|t:|1783559367\n|move|p2a: Blissey|Seismic Toss|p1a: Spectrier\n|-immune|p1a: Spectrier\n|move|p1a: Spectrier|Shadow Ball|p2a: Blissey\n|-immune|p2a: Blissey\n|\n|upkeep\n|turn|63\n|inactive|Time left: 300 sec this turn | 300 sec total\n|\n|t:|1783559368\n|move|p2a: Blissey|Seismic Toss|p1a: Spectrier\n|-immune|p1a: Spectrier\n|move|p1a: Spectrier|Shadow Ball|p2a: Blissey\n|-immune|p2a: Blissey\n|\n|upkeep\n|turn|64\n|inactive|Time left: 300 sec this turn | 300 sec total\n|\n|t:|1783559369\n|move|p2a: Blissey|Seismic Toss|p1a: Spectrier\n|-immune|p1a: Spectrier\n|move|p1a: Spectrier|Shadow Ball|p2a: Blissey\n|-immune|p2a: Blissey\n|\n|upkeep\n|turn|65\n|inactive|Time left: 300 sec this turn | 300 sec total\n|\n|t:|1783559370\n|move|p2a: Blissey|Thunder Wave||[still]\n|-fail|p2a: Blissey\n|cant|p1a: Spectrier|par\n|\n|upkeep\n|turn|66\n|inactive|Time left: 300 sec this turn | 300 sec total\n|\n|t:|1783559370\n|move|p2a: Blissey|Thunder Wave||[still]\n|-fail|p2a: Blissey\n|cant|p1a: Spectrier|par\n|\n|upkeep\n|turn|67\n|inactive|Time left: 300 sec this turn | 300 sec total\n|\n|t:|1783559371\n|move|p2a: Blissey|Thunder Wave||[still]\n|-fail|p2a: Blissey\n|move|p1a: Spectrier|Shadow Ball|p2a: Blissey\n|-immune|p2a: Blissey\n|\n|upkeep\n|turn|68\n|inactive|Time left: 300 sec this turn | 300 sec total\n|\n|t:|1783559373\n|move|p2a: Blissey|Thunder Wave||[still]\n|-fail|p2a: Blissey\n|cant|p1a: Spectrier|par\n|\n|upkeep\n|turn|69\n|inactive|Time left: 300 sec this turn | 300 sec total\n|\n|t:|1783559374\n|move|p2a: Blissey|Seismic Toss|p1a: Spectrier\n|-immune|p1a: Spectrier\n|cant|p1a: Spectrier|par\n|\n|upkeep\n|turn|70\n|inactive|Time left: 300 sec this turn | 300 sec total\n|\n|t:|1783559375\n|move|p2a: Blissey|Seismic Toss|p1a: Spectrier\n|-immune|p1a: Spectrier\n|move|p1a: Spectrier|Shadow Ball|p2a: Blissey\n|-immune|p2a: Blissey\n|\n|upkeep\n|turn|71\n|inactive|Time left: 300 sec this turn | 300 sec total\n|\n|t:|1783559376\n|move|p2a: Blissey|Thunder Wave||[still]\n|-fail|p2a: Blissey\n|move|p1a: Spectrier|Substitute|p1a: Spectrier\n|-fail|p1a: Spectrier|move: Substitute\n|\n|upkeep\n|turn|72\n|inactive|Time left: 300 sec this turn | 300 sec total\n|\n|t:|1783559377\n|move|p2a: Blissey|Seismic Toss|p1a: Spectrier\n|-immune|p1a: Spectrier\n|move|p1a: Spectrier|Substitute|p1a: Spectrier\n|-fail|p1a: Spectrier|move: Substitute\n|\n|upkeep\n|turn|73\n|inactive|Time left: 300 sec this turn | 300 sec total\n|\n|t:|1783559378\n|switch|p2a: Phione|Phione, L91|25/293\n|move|p1a: Spectrier|Substitute|p1a: Spectrier\n|-fail|p1a: Spectrier|move: Substitute\n|\n|-heal|p2a: Phione|43/293|[from] item: Leftovers\n|upkeep\n|turn|74\n|inactive|Time left: 300 sec this turn | 300 sec total\n|\n|t:|1783559378\n|move|p2a: Phione|Scald|p1a: Spectrier\n|-end|p1a: Spectrier|Substitute\n|move|p1a: Spectrier|Shadow Ball|p2a: Phione\n|-damage|p2a: Phione|0 fnt\n|faint|p2a: Phione\n|\n|upkeep\n|inactive|Time left: 300 sec this turn | 300 sec total | 5 sec grace\n|\n|t:|1783559379\n|switch|p2a: Blissey|Blissey, L85, F|572/572\n|turn|75\n|inactive|Time left: 300 sec this turn | 300 sec total\n|\n|t:|1783559380\n|move|p2a: Blissey|Thunder Wave|p1a: Spectrier|[miss]\n|-miss|p2a: Blissey|p1a: Spectrier\n|cant|p1a: Spectrier|par\n|\n|upkeep\n|turn|76\n|inactive|Time left: 300 sec this turn | 300 sec total\n|\n|t:|1783559381\n|move|p2a: Blissey|Thunder Wave|p1a: Spectrier\n|-fail|p1a: Spectrier|par\n|move|p1a: Spectrier|Substitute|p1a: Spectrier\n|-start|p1a: Spectrier|Substitute\n|-damage|p1a: Spectrier|76/100 par\n|\n|-heal|p1a: Spectrier|82/100 par|[from] item: Leftovers\n|upkeep\n|turn|77\n|inactive|Time left: 300 sec this turn | 300 sec total\n|\n|t:|1783559382\n|move|p2a: Blissey|Thunder Wave||[still]\n|-fail|p2a: Blissey\n|move|p1a: Spectrier|Nasty Plot|p1a: Spectrier\n|-boost|p1a: Spectrier|spa|0\n|\n|-heal|p1a: Spectrier|88/100 par|[from] item: Leftovers\n|upkeep\n|turn|78\n|inactive|Time left: 300 sec this turn | 300 sec total\n|\n|t:|1783559383\n|move|p2a: Blissey|Thunder Wave||[still]\n|-fail|p2a: Blissey\n|cant|p1a: Spectrier|par\n|\n|-heal|p1a: Spectrier|94/100 par|[from] item: Leftovers\n|upkeep\n|turn|79\n|inactive|Time left: 300 sec this turn | 300 sec total\n|\n|t:|1783559384\n|move|p2a: Blissey|Seismic Toss|p1a: Spectrier\n|-immune|p1a: Spectrier\n|move|p1a: Spectrier|Substitute|p1a: Spectrier\n|-fail|p1a: Spectrier|move: Substitute\n|\n|-heal|p1a: Spectrier|100/100 par|[from] item: Leftovers\n|upkeep\n|turn|80\n|inactive|Time left: 300 sec this turn | 300 sec total\n|\n|t:|1783559385\n|move|p2a: Blissey|Seismic Toss|p1a: Spectrier\n|-immune|p1a: Spectrier\n|move|p1a: Spectrier|Substitute|p1a: Spectrier\n|-fail|p1a: Spectrier|move: Substitute\n|\n|upkeep\n|turn|81\n|inactive|Time left: 300 sec this turn | 300 sec total\n|\n|t:|1783559386\n|move|p2a: Blissey|Thunder Wave||[still]\n|-fail|p2a: Blissey\n|move|p1a: Spectrier|Substitute|p1a: Spectrier\n|-fail|p1a: Spectrier|move: Substitute\n|\n|upkeep\n|turn|82\n|inactive|Time left: 300 sec this turn | 300 sec total\n|\n|t:|1783559387\n|move|p2a: Blissey|Thunder Wave||[still]\n|-fail|p2a: Blissey\n|move|p1a: Spectrier|Substitute|p1a: Spectrier\n|-fail|p1a: Spectrier|move: Substitute\n|\n|upkeep\n|turn|83\n|inactive|Time left: 300 sec this turn | 300 sec total\n|\n|t:|1783559388\n|move|p2a: Blissey|Thunder Wave|p1a: Spectrier|[miss]\n|-miss|p2a: Blissey|p1a: Spectrier\n|move|p1a: Spectrier|Substitute|p1a: Spectrier\n|-fail|p1a: Spectrier|move: Substitute\n|\n|upkeep\n|turn|84\n|inactive|Time left: 300 sec this turn | 300 sec total\n|\n|t:|1783559389\n|move|p2a: Blissey|Seismic Toss|p1a: Spectrier\n|-immune|p1a: Spectrier\n|move|p1a: Spectrier|Substitute|p1a: Spectrier\n|-fail|p1a: Spectrier|move: Substitute\n|\n|upkeep\n|turn|85\n|inactive|Time left: 300 sec this turn | 300 sec total\n|\n|t:|1783559390\n|move|p2a: Blissey|Seismic Toss|p1a: Spectrier\n|-immune|p1a: Spectrier\n|move|p1a: Spectrier|Substitute|p1a: Spectrier\n|-fail|p1a: Spectrier|move: Substitute\n|\n|upkeep\n|turn|86\n|inactive|Time left: 300 sec this turn | 300 sec total\n|\n|t:|1783559391\n|move|p2a: Blissey|Seismic Toss|p1a: Spectrier\n|-immune|p1a: Spectrier\n|cant|p1a: Spectrier|par\n|\n|upkeep\n|turn|87\n|inactive|Time left: 300 sec this turn | 300 sec total\n|\n|t:|1783559392\n|move|p2a: Blissey|Seismic Toss|p1a: Spectrier\n|-immune|p1a: Spectrier\n|cant|p1a: Spectrier|par\n|\n|upkeep\n|turn|88\n|inactive|Time left: 300 sec this turn | 300 sec total\n|\n|t:|1783559393\n|move|p2a: Blissey|Thunder Wave||[still]\n|-fail|p2a: Blissey\n|cant|p1a: Spectrier|par\n|\n|upkeep\n|turn|89\n|inactive|Time left: 300 sec this turn | 300 sec total\n|\n|t:|1783559394\n|move|p2a: Blissey|Thunder Wave||[still]\n|-fail|p2a: Blissey\n|cant|p1a: Spectrier|par\n|\n|upkeep\n|turn|90\n|inactive|Time left: 300 sec this turn | 300 sec total\n|\n|t:|1783559395\n|move|p2a: Blissey|Seismic Toss|p1a: Spectrier\n|-immune|p1a: Spectrier\n|cant|p1a: Spectrier|par\n|\n|upkeep\n|turn|91\n|inactive|Time left: 300 sec this turn | 300 sec total\n|\n|t:|1783559396\n|move|p2a: Blissey|Seismic Toss|p1a: Spectrier\n|-immune|p1a: Spectrier\n|move|p1a: Spectrier|Substitute|p1a: Spectrier\n|-fail|p1a: Spectrier|move: Substitute\n|\n|upkeep\n|turn|92\n|inactive|Time left: 300 sec this turn | 300 sec total\n|\n|t:|1783559397\n|move|p2a: Blissey|Seismic Toss|p1a: Spectrier\n|-immune|p1a: Spectrier\n|move|p1a: Spectrier|Substitute|p1a: Spectrier\n|-fail|p1a: Spectrier|move: Substitute\n|\n|upkeep\n|turn|93\n|inactive|Time left: 300 sec this turn | 300 sec total\n|\n|t:|1783559398\n|move|p2a: Blissey|Seismic Toss|p1a: Spectrier\n|-immune|p1a: Spectrier\n|cant|p1a: Spectrier|par\n|\n|upkeep\n|turn|94\n|inactive|Time left: 300 sec this turn | 300 sec total\n|\n|t:|1783559399\n|move|p2a: Blissey|Seismic Toss|p1a: Spectrier\n|-immune|p1a: Spectrier\n|cant|p1a: Spectrier|par\n|\n|upkeep\n|turn|95\n|inactive|Time left: 300 sec this turn | 300 sec total\n|\n|t:|1783559400\n|move|p2a: Blissey|Seismic Toss|p1a: Spectrier\n|-immune|p1a: Spectrier\n|move|p1a: Spectrier|Nasty Plot|p1a: Spectrier\n|-boost|p1a: Spectrier|spa|0\n|\n|upkeep\n|turn|96\n|inactive|Time left: 300 sec this turn | 300 sec total\n|\n|t:|1783559401\n|move|p2a: Blissey|Seismic Toss|p1a: Spectrier\n|-immune|p1a: Spectrier\n|move|p1a: Spectrier|Nasty Plot|p1a: Spectrier\n|-boost|p1a: Spectrier|spa|0\n|\n|upkeep\n|turn|97\n|inactive|Time left: 300 sec this turn | 300 sec total\n|\n|t:|1783559402\n|move|p2a: Blissey|Thunder Wave||[still]\n|-fail|p2a: Blissey\n|move|p1a: Spectrier|Substitute|p1a: Spectrier\n|-fail|p1a: Spectrier|move: Substitute\n|\n|upkeep\n|turn|98\n|inactive|Time left: 300 sec this turn | 300 sec total\n|\n|t:|1783559403\n|move|p2a: Blissey|Thunder Wave||[still]\n|-fail|p2a: Blissey\n|move|p1a: Spectrier|Nasty Plot|p1a: Spectrier\n|-boost|p1a: Spectrier|spa|0\n|\n|upkeep\n|turn|99\n|inactive|Time left: 300 sec this turn | 300 sec total\n|\n|t:|1783559404\n|switch|p2a: Iron Boulder|Iron Boulder, L77|265/265\n|-enditem|p2a: Iron Boulder|Booster Energy\n|-activate|p2a: Iron Boulder|ability: Quark Drive|[fromitem]\n|-start|p2a: Iron Boulder|quarkdrivespe\n|move|p1a: Spectrier|Shadow Ball|p2a: Iron Boulder\n|-supereffective|p2a: Iron Boulder\n|-damage|p2a: Iron Boulder|0 fnt\n|faint|p2a: Iron Boulder\n|-end|p2a: Iron Boulder|Quark Drive|[silent]\n|\n|upkeep\n|inactive|Time left: 300 sec this turn | 300 sec total | 5 sec grace\n|\n|t:|1783559405\n|switch|p2a: Blissey|Blissey, L85, F|572/572\n|turn|100\n|inactive|Time left: 300 sec this turn | 300 sec total\n|\n|t:|1783559406\n|switch|p1a: Swampert|Swampert, L83, M|100/100\n|move|p2a: Blissey|Thunder Wave|p1a: Swampert\n|-immune|p1a: Swampert\n|\n|upkeep\n|turn|101\n|inactive|Time left: 300 sec this turn | 300 sec total\n|\n|t:|1783559407\n|move|p1a: Swampert|Earthquake|p2a: Blissey\n|-damage|p2a: Blissey|217/572\n|-activate|p2a: Blissey|move: Struggle\n|move|p2a: Blissey|Struggle|p1a: Swampert\n|-damage|p1a: Swampert|99/100\n|-damage|p2a: Blissey|74/572|[from] recoil\n|\n|-heal|p1a: Swampert|100/100|[from] item: Leftovers\n|-heal|p2a: Blissey|109/572|[from] item: Leftovers\n|upkeep\n|turn|102\n|inactive|Time left: 300 sec this turn | 300 sec total\n|\n|t:|1783559408\n|move|p1a: Swampert|Knock Off|p2a: Blissey\n|-damage|p2a: Blissey|0 fnt\n|-enditem|p2a: Blissey|Leftovers|[from] move: Knock Off|[of] p1a: Swampert\n|faint|p2a: Blissey\n|\n|win|p0x17339ba2", "uploadtime": 1783559408, "views": 0, "rating": 0, "private": 0, "password": null, "_winner": "p0x17339ba2", "_our_name": "p0y1733d407"}