{"id": "battle-gen9randombattle-10", "formatid": "gen9randombattle", "format": "[Gen 9] Random Battle", "players": ["p0x010251a", "p0y0102ce8"], "log": "|init|battle\n|title|p0x010251a vs. p0y0102ce8\n|j|\u2606p0x010251a\n|j|\u2606p0y0102ce8\n|t:|1783533366\n|gametype|singles\n|player|p1|p0x010251a|1|\n|player|p2|p0y0102ce8|2|\n|gen|9\n|tier|[Gen 9] Random Battle\n|rule|Species Clause: Limit one of each Pok\u00e9mon\n|rule|HP Percentage Mod: HP is shown in percentages\n|rule|Sleep Clause Mod: Limit one foe put to sleep\n|rule|Illusion Level Mod: Illusion disguises the Pok\u00e9mon's true level\n|\n|t:|1783533366\n|teamsize|p1|6\n|teamsize|p2|6\n|start\n|switch|p1a: Gogoat|Gogoat, L88, F|360/360\n|switch|p2a: Decidueye|Decidueye-Hisui, L87, M|100/100\n|turn|1\n|inactive|Battle timer is ON: inactive players will automatically lose when time's up. (requested by p0x010251a)\n|inactive|p0y0102ce8 also wants the timer to be on.\n|\n|t:|1783533368\n|move|p1a: Gogoat|Bulk Up|p1a: Gogoat\n|-boost|p1a: Gogoat|atk|1\n|-boost|p1a: Gogoat|def|1\n|move|p2a: Decidueye|Triple Arrows|p1a: Gogoat\n|-damage|p1a: Gogoat|264/360\n|-unboost|p1a: Gogoat|def|1\n|\n|-heal|p1a: Gogoat|286/360|[from] item: Leftovers\n|upkeep\n|turn|2\n|inactive|Time left: 300 sec this turn | 300 sec total\n|\n|t:|1783533369\n|move|p1a: Gogoat|Bulk Up|p1a: Gogoat\n|-boost|p1a: Gogoat|atk|1\n|-boost|p1a: Gogoat|def|1\n|move|p2a: Decidueye|Triple Arrows|p1a: Gogoat\n|-damage|p1a: Gogoat|189/360\n|\n|-heal|p1a: Gogoat|211/360|[from] item: Leftovers\n|upkeep\n|turn|3\n|inactive|Time left: 300 sec this turn | 300 sec total\n|\n|t:|1783533370\n|move|p1a: Gogoat|Horn Leech|p2a: Decidueye\n|-resisted|p2a: Decidueye\n|-damage|p2a: Decidueye|70/100\n|-heal|p1a: Gogoat|256/360|[from] drain|[of] p2a: Decidueye\n|move|p2a: Decidueye|Triple Arrows|p1a: Gogoat\n|-crit|p1a: Gogoat\n|-damage|p1a: Gogoat|37/360\n|\n|-heal|p1a: Gogoat|59/360|[from] item: Leftovers\n|-heal|p2a: Decidueye|76/100|[from] item: Leftovers\n|upkeep\n|turn|4\n|inactive|Time left: 300 sec this turn | 300 sec total\n|\n|t:|1783533371\n|move|p1a: Gogoat|Milk Drink|p1a: Gogoat\n|-heal|p1a: Gogoat|239/360\n|move|p2a: Decidueye|Triple Arrows|p1a: Gogoat\n|-damage|p1a: Gogoat|146/360\n|-unboost|p1a: Gogoat|def|1\n|\n|-heal|p1a: Gogoat|168/360|[from] item: Leftovers\n|-heal|p2a: Decidueye|82/100|[from] item: Leftovers\n|upkeep\n|turn|5\n|inactive|Time left: 300 sec this turn | 300 sec total\n|\n|t:|1783533373\n|move|p1a: Gogoat|Milk Drink|p1a: Gogoat\n|-heal|p1a: Gogoat|348/360\n|move|p2a: Decidueye|Triple Arrows|p1a: Gogoat\n|-damage|p1a: Gogoat|213/360\n|\n|-heal|p1a: Gogoat|235/360|[from] item: Leftovers\n|-heal|p2a: Decidueye|88/100|[from] item: Leftovers\n|upkeep\n|turn|6\n|inactive|Time left: 300 sec this turn | 300 sec total\n|\n|t:|1783533374\n|move|p1a: Gogoat|Horn Leech|p2a: Decidueye\n|-resisted|p2a: Decidueye\n|-damage|p2a: Decidueye|56/100\n|-heal|p1a: Gogoat|283/360|[from] drain|[of] p2a: Decidueye\n|move|p2a: Decidueye|Triple Arrows|p1a: Gogoat\n|-damage|p1a: Gogoat|138/360\n|-unboost|p1a: Gogoat|def|1\n|\n|-heal|p1a: Gogoat|160/360|[from] item: Leftovers\n|-heal|p2a: Decidueye|62/100|[from] item: Leftovers\n|upkeep\n|turn|7\n|inactive|Time left: 300 sec this turn | 300 sec total\n|\n|t:|1783533375\n|move|p1a: Gogoat|Milk Drink|p1a: Gogoat\n|-heal|p1a: Gogoat|340/360\n|move|p2a: Decidueye|Triple Arrows|p1a: Gogoat\n|-damage|p1a: Gogoat|121/360\n|\n|-heal|p1a: Gogoat|143/360|[from] item: Leftovers\n|-heal|p2a: Decidueye|68/100|[from] item: Leftovers\n|upkeep\n|turn|8\n|inactive|Time left: 300 sec this turn | 300 sec total\n|\n|t:|1783533376\n|move|p1a: Gogoat|Milk Drink|p1a: Gogoat\n|-heal|p1a: Gogoat|323/360\n|move|p2a: Decidueye|Triple Arrows|p1a: Gogoat\n|-crit|p1a: Gogoat\n|-damage|p1a: Gogoat|2/360\n|-unboost|p1a: Gogoat|def|1\n|\n|-heal|p1a: Gogoat|24/360|[from] item: Leftovers\n|-heal|p2a: Decidueye|74/100|[from] item: Leftovers\n|upkeep\n|turn|9\n|inactive|Time left: 300 sec this turn | 300 sec total\n|\n|t:|1783533377\n|move|p1a: Gogoat|Rock Slide|p2a: Decidueye\n|-resisted|p2a: Decidueye\n|-damage|p2a: Decidueye|55/100\n|cant|p2a: Decidueye|flinch\n|\n|-heal|p1a: Gogoat|46/360|[from] item: Leftovers\n|-heal|p2a: Decidueye|61/100|[from] item: Leftovers\n|upkeep\n|turn|10\n|inactive|Time left: 300 sec this turn | 300 sec total\n|\n|t:|1783533378\n|move|p1a: Gogoat|Horn Leech|p2a: Decidueye\n|-resisted|p2a: Decidueye\n|-damage|p2a: Decidueye|31/100\n|-heal|p1a: Gogoat|91/360|[from] drain|[of] p2a: Decidueye\n|move|p2a: Decidueye|Triple Arrows|p1a: Gogoat\n|-damage|p1a: Gogoat|0 fnt\n|faint|p1a: Gogoat\n|\n|-heal|p2a: Decidueye|37/100|[from] item: Leftovers\n|upkeep\n|inactive|Time left: 300 sec this turn | 300 sec total | 5 sec grace\n|\n|t:|1783533379\n|switch|p1a: Tauros|Tauros-Paldea-Combat, L82, M|257/257\n|-ability|p1a: Tauros|Intimidate|boost\n|-fail|p2a: Decidueye|unboost|Attack|[from] ability: Scrappy|[of] p2a: Decidueye\n|turn|11\n|inactive|Time left: 300 sec this turn | 300 sec total\n|\n|t:|1783533380\n|move|p1a: Tauros|Close Combat|p2a: Decidueye\n|-damage|p2a: Decidueye|0 fnt\n|-unboost|p1a: Tauros|def|1\n|-unboost|p1a: Tauros|spd|1\n|faint|p2a: Decidueye\n|\n|upkeep\n|\n|t:|1783533381\n|switch|p2a: Shaymin|Shaymin-Sky, L73|100/100\n|turn|12\n|inactive|Time left: 300 sec this turn | 300 sec total\n|\n|t:|1783533383\n|switch|p1a: Politoed|Politoed, L88, M|302/302\n|-weather|RainDance|[from] ability: Drizzle|[of] p1a: Politoed\n|move|p2a: Shaymin|Seed Flare|p1a: Politoed\n|-supereffective|p1a: Politoed\n|-damage|p1a: Politoed|108/302\n|-unboost|p1a: Politoed|spd|2\n|\n|-weather|RainDance|[upkeep]\n|upkeep\n|turn|13\n|inactive|Time left: 300 sec this turn | 300 sec total\n|\n|t:|1783533384\n|switch|p1a: Cobalion|Cobalion, L80|277/277\n|move|p2a: Shaymin|Seed Flare|p1a: Cobalion\n|-resisted|p1a: Cobalion\n|-damage|p1a: Cobalion|204/277\n|-unboost|p1a: Cobalion|spd|2\n|\n|-weather|RainDance|[upkeep]\n|-heal|p1a: Cobalion|221/277|[from] item: Leftovers\n|upkeep\n|turn|14\n|inactive|Time left: 300 sec this turn | 300 sec total\n|\n|t:|1783533385\n|switch|p1a: Tauros|Tauros-Paldea-Combat, L82, M|257/257\n|-ability|p1a: Tauros|Intimidate|boost\n|-unboost|p2a: Shaymin|atk|1\n|move|p2a: Shaymin|Seed Flare|p1a: Tauros\n|-damage|p1a: Tauros|128/257\n|\n|-weather|RainDance|[upkeep]\n|upkeep\n|turn|15\n|inactive|Time left: 300 sec this turn | 300 sec total\n|\n|t:|1783533386\n|move|p2a: Shaymin|Seed Flare|p1a: Tauros\n|-damage|p1a: Tauros|0 fnt\n|faint|p1a: Tauros\n|\n|-weather|RainDance|[upkeep]\n|upkeep\n|inactive|Time left: 300 sec this turn | 300 sec total | 5 sec grace\n|\n|t:|1783533387\n|switch|p1a: Darkrai|Darkrai, L77|234/234\n|turn|16\n|inactive|Time left: 300 sec this turn | 300 sec total\n|\n|t:|1783533388\n|switch|p2a: Grafaiai|Grafaiai, L86, M|100/100\n|move|p1a: Darkrai|Nasty Plot|p1a: Darkrai\n|-boost|p1a: Darkrai|spa|2\n|\n|-weather|none\n|upkeep\n|turn|17\n|inactive|Time left: 300 sec this turn | 300 sec total\n|\n|t:|1783533389\n|move|p2a: Grafaiai|Super Fang|p1a: Darkrai\n|-damage|p1a: Darkrai|117/234\n|move|p1a: Darkrai|Dark Pulse|p2a: Grafaiai\n|-damage|p2a: Grafaiai|47/100\n|\n|-heal|p1a: Darkrai|131/234|[from] item: Leftovers\n|upkeep\n|turn|18\n|inactive|Time left: 300 sec this turn | 300 sec total\n|\n|t:|1783533390\n|-terastallize|p1a: Darkrai|Poison\n|move|p2a: Grafaiai|Gunk Shot|p1a: Darkrai\n|-resisted|p1a: Darkrai\n|-damage|p1a: Darkrai|60/234\n|move|p1a: Darkrai|Dark Pulse|p2a: Grafaiai\n|-damage|p2a: Grafaiai|0 fnt\n|faint|p2a: Grafaiai\n|\n|-heal|p1a: Darkrai|74/234|[from] item: Leftovers\n|upkeep\n|\n|t:|1783533391\n|switch|p2a: Walking Wake|Walking Wake, L79|100/100\n|turn|19\n|inactive|Time left: 300 sec this turn | 300 sec total\n|\n|t:|1783533392\n|move|p1a: Darkrai|Dark Pulse|p2a: Walking Wake\n|-damage|p2a: Walking Wake|25/100\n|cant|p2a: Walking Wake|flinch\n|\n|-heal|p1a: Darkrai|88/234|[from] item: Leftovers\n|upkeep\n|turn|20\n|inactive|Time left: 300 sec this turn | 300 sec total\n|\n|t:|1783533393\n|-end|p2a: Walking Wake|Protosynthesis|[silent]\n|switch|p2a: Forretress|Forretress, L84, F|100/100\n|move|p1a: Darkrai|Sludge Bomb|p2a: Forretress\n|-immune|p2a: Forretress\n|\n|-heal|p1a: Darkrai|102/234|[from] item: Leftovers\n|upkeep\n|turn|21\n|inactive|Time left: 300 sec this turn | 300 sec total\n|\n|t:|1783533393\n|move|p1a: Darkrai|Dark Pulse|p2a: Forretress\n|-damage|p2a: Forretress|14/100\n|move|p2a: Forretress|Iron Head|p1a: Darkrai\n|-damage|p1a: Darkrai|9/234\n|\n|-heal|p1a: Darkrai|23/234|[from] item: Leftovers\n|-heal|p2a: Forretress|20/100|[from] item: Leftovers\n|upkeep\n|turn|22\n|inactive|Time left: 300 sec this turn | 300 sec total\n|\n|t:|1783533394\n|move|p1a: Darkrai|Dark Pulse|p2a: Forretress\n|-damage|p2a: Forretress|0 fnt\n|faint|p2a: Forretress\n|\n|-heal|p1a: Darkrai|37/234|[from] item: Leftovers\n|upkeep\n|\n|t:|1783533395\n|switch|p2a: Shaymin|Shaymin-Sky, L73|100/100\n|turn|23\n|inactive|Time left: 300 sec this turn | 300 sec total\n|\n|t:|1783533396\n|-terastallize|p2a: Shaymin|Steel\n|move|p1a: Darkrai|Dark Pulse|p2a: Shaymin\n|-damage|p2a: Shaymin|8/100\n|move|p2a: Shaymin|Air Slash|p1a: Darkrai\n|-damage|p1a: Darkrai|0 fnt\n|faint|p1a: Darkrai\n|\n|-heal|p2a: Shaymin|14/100|[from] item: Leftovers\n|upkeep\n|inactive|Time left: 300 sec this turn | 300 sec total | 5 sec grace\n|\n|t:|1783533397\n|switch|p1a: Cobalion|Cobalion, L80|221/277\n|turn|24\n|inactive|Time left: 300 sec this turn | 300 sec total\n|\n|t:|1783533398\n|move|p2a: Shaymin|Air Slash|p1a: Cobalion\n|-damage|p1a: Cobalion|128/277\n|move|p1a: Cobalion|Iron Head|p2a: Shaymin\n|-resisted|p2a: Shaymin\n|-damage|p2a: Shaymin|0 fnt\n|faint|p2a: Shaymin\n|\n|-heal|p1a: Cobalion|145/277|[from] item: Leftovers\n|upkeep\n|\n|t:|1783533399\n|switch|p2a: Dedenne|Dedenne, L88, M|100/100\n|turn|25\n|inactive|Time left: 300 sec this turn | 300 sec total\n|\n|t:|1783533400\n|move|p2a: Dedenne|Thunderbolt|p1a: Cobalion\n|-damage|p1a: Cobalion|25/277\n|move|p1a: Cobalion|Iron Head|p2a: Dedenne\n|-damage|p2a: Dedenne|66/100\n|\n|-heal|p1a: Cobalion|42/277|[from] item: Leftovers\n|upkeep\n|turn|26\n|inactive|Time left: 300 sec this turn | 300 sec total\n|\n|t:|1783533401\n|move|p2a: Dedenne|Dazzling Gleam|p1a: Cobalion\n|-damage|p1a: Cobalion|0 fnt\n|faint|p1a: Cobalion\n|\n|upkeep\n|inactive|Time left: 300 sec this turn | 300 sec total | 5 sec grace\n|\n|t:|1783533402\n|switch|p1a: Delibird|Delibird, M|252/252\n|turn|27\n|inactive|Time left: 300 sec this turn | 300 sec total\n|\n|t:|1783533403\n|move|p2a: Dedenne|Thunderbolt|p1a: Delibird\n|-supereffective|p1a: Delibird\n|-damage|p1a: Delibird|10/252\n|move|p1a: Delibird|Spikes|p2a: Dedenne\n|-sidestart|p2: p0y0102ce8|Spikes\n|\n|upkeep\n|turn|28\n|inactive|Time left: 300 sec this turn | 300 sec total\n|\n|t:|1783533404\n|move|p2a: Dedenne|Thunderbolt|p1a: Delibird\n|-supereffective|p1a: Delibird\n|-damage|p1a: Delibird|0 fnt\n|faint|p1a: Delibird\n|\n|upkeep\n|inactive|Time left: 300 sec this turn | 300 sec total | 5 sec grace\n|\n|t:|1783533405\n|switch|p1a: Politoed|Politoed, L88, M|108/302\n|-weather|RainDance|[from] ability: Drizzle|[of] p1a: Politoed\n|turn|29\n|inactive|Time left: 300 sec this turn | 300 sec total\n|\n|t:|1783533406\n|move|p2a: Dedenne|Thunderbolt|p1a: Politoed\n|-supereffective|p1a: Politoed\n|-damage|p1a: Politoed|0 fnt\n|faint|p1a: Politoed\n|\n|win|p0y0102ce8", "uploadtime": 1783533406, "views": 0, "rating": 0, "private": 0, "password": null, "_winner": "p0y0102ce8", "_our_name": "p0x010251a"}