{"id": "battle-gen9randombattle-2339", "formatid": "gen9randombattle", "format": "[Gen 9] Random Battle", "players": ["p0x2339d1ab", "p0y23394ea2"], "log": "|init|battle\n|title|p0x2339d1ab vs. p0y23394ea2\n|j|\u2606p0x2339d1ab\n|j|\u2606p0y23394ea2\n|t:|1783567153\n|gametype|singles\n|player|p1|p0x2339d1ab|266|\n|player|p2|p0y23394ea2|1|\n|gen|9\n|tier|[Gen 9] Random Battle\n|rule|Species Clause: Limit one of each Pok\u00e9mon\n|rule|HP Percentage Mod: HP is shown in percentages\n|rule|Sleep Clause Mod: Limit one foe put to sleep\n|rule|Illusion Level Mod: Illusion disguises the Pok\u00e9mon's true level\n|\n|t:|1783567153\n|teamsize|p1|6\n|teamsize|p2|6\n|start\n|switch|p1a: Noctowl|Noctowl, L95, F|344/344\n|switch|p2a: Heatran|Heatran, L79, F|100/100\n|-item|p2a: Heatran|Air Balloon\n|turn|1\n|inactive|Battle timer is ON: inactive players will automatically lose when time's up. (requested by p0x2339d1ab)\n|inactive|p0y23394ea2 also wants the timer to be on.\n|\n|t:|1783567154\n|move|p1a: Noctowl|Hyper Voice|p2a: Heatran\n|-resisted|p2a: Heatran\n|-damage|p2a: Heatran|59/100\n|-enditem|p2a: Heatran|Air Balloon\n|move|p2a: Heatran|Heavy Slam|p1a: Noctowl\n|-damage|p1a: Noctowl|212/344\n|\n|upkeep\n|turn|2\n|inactive|Time left: 300 sec this turn | 300 sec total\n|\n|t:|1783567156\n|move|p1a: Noctowl|Hyper Voice|p2a: Heatran\n|-resisted|p2a: Heatran\n|-damage|p2a: Heatran|20/100\n|move|p2a: Heatran|Heavy Slam|p1a: Noctowl\n|-damage|p1a: Noctowl|67/344\n|\n|upkeep\n|turn|3\n|inactive|Time left: 300 sec this turn | 300 sec total\n|\n|t:|1783567157\n|move|p1a: Noctowl|Hyper Voice|p2a: Heatran\n|-resisted|p2a: Heatran\n|-damage|p2a: Heatran|0 fnt\n|faint|p2a: Heatran\n|\n|upkeep\n|\n|t:|1783567158\n|switch|p2a: Emboar|Emboar, L84, F|100/100\n|turn|4\n|inactive|Time left: 300 sec this turn | 300 sec total\n|\n|t:|1783567159\n|move|p2a: Emboar|Flare Blitz|p1a: Noctowl\n|-damage|p1a: Noctowl|0 fnt\n|faint|p1a: Noctowl\n|-damage|p2a: Emboar|94/100|[from] Recoil\n|\n|upkeep\n|inactive|Time left: 300 sec this turn | 300 sec total | 5 sec grace\n|\n|t:|1783567160\n|switch|p1a: Basculin|Basculin, L86, M|261/261\n|turn|5\n|inactive|Time left: 300 sec this turn | 300 sec total\n|\n|t:|1783567161\n|switch|p2a: Regidrago|Regidrago, L77|100/100\n|move|p1a: Basculin|Wave Crash|p2a: Regidrago\n|-resisted|p2a: Regidrago\n|-damage|p2a: Regidrago|51/100\n|-damage|p1a: Basculin|190/261|[from] Recoil\n|\n|upkeep\n|turn|6\n|inactive|Time left: 300 sec this turn | 300 sec total\n|\n|t:|1783567163\n|move|p1a: Basculin|Wave Crash|p2a: Regidrago\n|-resisted|p2a: Regidrago\n|-damage|p2a: Regidrago|2/100\n|-damage|p1a: Basculin|120/261|[from] Recoil\n|move|p2a: Regidrago|Outrage|p1a: Basculin\n|-damage|p1a: Basculin|0 fnt\n|faint|p1a: Basculin\n|\n|upkeep\n|inactive|Time left: 300 sec this turn | 300 sec total | 5 sec grace\n|\n|t:|1783567164\n|switch|p1a: Lokix|Lokix, L82, F|251/251\n|turn|7\n|inactive|Time left: 300 sec this turn | 300 sec total\n|\n|t:|1783567165\n|move|p1a: Lokix|U-turn|p2a: Regidrago\n|-damage|p2a: Regidrago|0 fnt\n|faint|p2a: Regidrago\n|inactive|Time left: 300 sec this turn | 300 sec total | 5 sec grace\n|\n|t:|1783567166\n|switch|p1a: Sinistcha|Sinistcha-Masterpiece, L83|254/254|[from] U-turn\n|\n|upkeep\n|\n|t:|1783567167\n|switch|p2a: Gardevoir|Gardevoir, L83, F|100/100\n|-ability|p2a: Gardevoir|Heatproof|Trace|[from] ability: Trace|[of] p1a: Sinistcha\n|turn|8\n|inactive|Time left: 300 sec this turn | 300 sec total\n|\n|t:|1783567168\n|move|p2a: Gardevoir|Moonblast|p1a: Sinistcha\n|-damage|p1a: Sinistcha|40/254\n|move|p1a: Sinistcha|Calm Mind|p1a: Sinistcha\n|-boost|p1a: Sinistcha|spa|1\n|-boost|p1a: Sinistcha|spd|1\n|\n|-heal|p1a: Sinistcha|55/254|[from] item: Leftovers\n|upkeep\n|turn|9\n|inactive|Time left: 300 sec this turn | 300 sec total\n|\n|t:|1783567169\n|-terastallize|p1a: Sinistcha|Steel\n|move|p2a: Gardevoir|Moonblast|p1a: Sinistcha\n|-resisted|p1a: Sinistcha\n|-damage|p1a: Sinistcha|0 fnt\n|faint|p1a: Sinistcha\n|\n|upkeep\n|inactive|Time left: 300 sec this turn | 300 sec total | 5 sec grace\n|\n|t:|1783567170\n|switch|p1a: Suicune|Suicune, L82|298/298\n|-ability|p1a: Suicune|Pressure\n|turn|10\n|inactive|Time left: 300 sec this turn | 300 sec total\n|\n|t:|1783567171\n|move|p1a: Suicune|Calm Mind|p1a: Suicune\n|-boost|p1a: Suicune|spa|1\n|-boost|p1a: Suicune|spd|1\n|move|p2a: Gardevoir|Moonblast|p1a: Suicune\n|-damage|p1a: Suicune|193/298\n|-unboost|p1a: Suicune|spa|1\n|\n|-heal|p1a: Suicune|211/298|[from] item: Leftovers\n|upkeep\n|turn|11\n|inactive|Time left: 300 sec this turn | 300 sec total\n|\n|t:|1783567173\n|move|p1a: Suicune|Calm Mind|p1a: Suicune\n|-boost|p1a: Suicune|spa|1\n|-boost|p1a: Suicune|spd|1\n|move|p2a: Gardevoir|Moonblast|p1a: Suicune\n|-damage|p1a: Suicune|139/298\n|\n|-heal|p1a: Suicune|157/298|[from] item: Leftovers\n|upkeep\n|turn|12\n|inactive|Time left: 300 sec this turn | 300 sec total\n|\n|t:|1783567174\n|move|p1a: Suicune|Scald|p2a: Gardevoir\n|-damage|p2a: Gardevoir|63/100\n|move|p2a: Gardevoir|Moonblast|p1a: Suicune\n|-damage|p1a: Suicune|84/298\n|\n|-heal|p1a: Suicune|102/298|[from] item: Leftovers\n|upkeep\n|turn|13\n|inactive|Time left: 300 sec this turn | 300 sec total\n|\n|t:|1783567176\n|move|p1a: Suicune|Scald|p2a: Gardevoir\n|-damage|p2a: Gardevoir|27/100\n|move|p2a: Gardevoir|Moonblast|p1a: Suicune\n|-damage|p1a: Suicune|32/298\n|\n|-heal|p1a: Suicune|50/298|[from] item: Leftovers\n|upkeep\n|turn|14\n|inactive|Time left: 300 sec this turn | 300 sec total\n|\n|t:|1783567177\n|move|p1a: Suicune|Scald|p2a: Gardevoir\n|-damage|p2a: Gardevoir|0 fnt\n|faint|p2a: Gardevoir\n|\n|-heal|p1a: Suicune|68/298|[from] item: Leftovers\n|upkeep\n|\n|t:|1783567178\n|switch|p2a: Emboar|Emboar, L84, F|94/100\n|turn|15\n|inactive|Time left: 300 sec this turn | 300 sec total\n|\n|t:|1783567179\n|move|p1a: Suicune|Protect|p1a: Suicune\n|-singleturn|p1a: Suicune|Protect\n|move|p2a: Emboar|Flare Blitz|p1a: Suicune\n|-activate|p1a: Suicune|move: Protect\n|\n|-heal|p1a: Suicune|86/298|[from] item: Leftovers\n|upkeep\n|turn|16\n|inactive|Time left: 300 sec this turn | 300 sec total\n|\n|t:|1783567179\n|-terastallize|p2a: Emboar|Fire\n|move|p1a: Suicune|Protect||[still]\n|-fail|p1a: Suicune\n|move|p2a: Emboar|Flare Blitz|p1a: Suicune\n|-resisted|p1a: Suicune\n|-damage|p1a: Suicune|0 fnt\n|faint|p1a: Suicune\n|-damage|p2a: Emboar|85/100|[from] Recoil\n|\n|upkeep\n|inactive|Time left: 300 sec this turn | 300 sec total | 5 sec grace\n|\n|t:|1783567180\n|switch|p1a: Uxie|Uxie, L83|260/260\n|turn|17\n|inactive|Time left: 300 sec this turn | 300 sec total\n|\n|t:|1783567181\n|move|p2a: Emboar|Flare Blitz|p1a: Uxie\n|-damage|p1a: Uxie|62/260\n|-damage|p2a: Emboar|65/100|[from] Recoil\n|move|p1a: Uxie|Knock Off|p2a: Emboar\n|-damage|p2a: Emboar|43/100\n|-enditem|p2a: Emboar|Choice Scarf|[from] move: Knock Off|[of] p1a: Uxie\n|\n|-heal|p1a: Uxie|78/260|[from] item: Leftovers\n|upkeep\n|turn|18\n|inactive|Time left: 300 sec this turn | 300 sec total\n|\n|t:|1783567182\n|move|p1a: Uxie|Psychic Noise|p2a: Emboar\n|-damage|p2a: Emboar|17/100\n|-start|p2a: Emboar|move: Heal Block\n|move|p2a: Emboar|Flare Blitz|p1a: Uxie\n|-damage|p1a: Uxie|0 fnt\n|faint|p1a: Uxie\n|-damage|p2a: Emboar|9/100|[from] Recoil\n|\n|upkeep\n|inactive|Time left: 300 sec this turn | 300 sec total | 5 sec grace\n|\n|t:|1783567183\n|switch|p1a: Lokix|Lokix, L82, F|251/251\n|turn|19\n|inactive|Time left: 300 sec this turn | 300 sec total\n|\n|t:|1783567184\n|move|p1a: Lokix|U-turn|p2a: Emboar\n|-resisted|p2a: Emboar\n|-damage|p2a: Emboar|0 fnt\n|faint|p2a: Emboar\n|\n|upkeep\n|\n|t:|1783567184\n|switch|p2a: Walking Wake|Walking Wake, L79|100/100\n|turn|20\n|inactive|Time left: 300 sec this turn | 300 sec total\n|\n|t:|1783567185\n|move|p2a: Walking Wake|Flamethrower|p1a: Lokix\n|-supereffective|p1a: Lokix\n|-damage|p1a: Lokix|0 fnt\n|faint|p1a: Lokix\n|-damage|p2a: Walking Wake|91/100|[from] item: Life Orb\n|\n|win|p0y23394ea2", "uploadtime": 1783567185, "views": 0, "rating": 0, "private": 0, "password": null, "_winner": "p0y23394ea2", "_our_name": "p0x2339d1ab"}