{"id": "battle-gen9randombattle-132", "formatid": "gen9randombattle", "format": "[Gen 9] Random Battle", "players": ["p0x1325a60", "p0y132bd1a"], "log": "|init|battle\n|title|p0x1325a60 vs. p0y132bd1a\n|j|\u2606p0x1325a60\n|j|\u2606p0y132bd1a\n|t:|1783534786\n|gametype|singles\n|player|p1|p0x1325a60|169|\n|player|p2|p0y132bd1a|102|\n|gen|9\n|tier|[Gen 9] Random Battle\n|rule|Species Clause: Limit one of each Pok\u00e9mon\n|rule|HP Percentage Mod: HP is shown in percentages\n|rule|Sleep Clause Mod: Limit one foe put to sleep\n|rule|Illusion Level Mod: Illusion disguises the Pok\u00e9mon's true level\n|\n|t:|1783534786\n|teamsize|p1|6\n|teamsize|p2|6\n|start\n|switch|p1a: Flapple|Flapple, L88, M|266/266\n|switch|p2a: Great Tusk|Great Tusk, L77|100/100\n|turn|1\n|inactive|Battle timer is ON: inactive players will automatically lose when time's up. (requested by p0y132bd1a)\n|inactive|Time left: 300 sec this turn | 300 sec total | 60 sec grace\n|\n|t:|1783534788\n|move|p2a: Great Tusk|Stealth Rock|p1a: Flapple\n|-sidestart|p1: p0x1325a60|move: Stealth Rock\n|move|p1a: Flapple|Outrage|p2a: Great Tusk\n|-damage|p2a: Great Tusk|45/100\n|\n|-heal|p2a: Great Tusk|51/100|[from] item: Leftovers\n|upkeep\n|turn|2\n|inactive|Time left: 300 sec this turn | 300 sec total\n|inactive|p0x1325a60 also wants the timer to be on.\n|\n|t:|1783534789\n|-end|p2a: Great Tusk|Protosynthesis|[silent]\n|switch|p2a: Flutter Mane|Flutter Mane, L74|100/100\n|move|p1a: Flapple|Outrage|p2a: Flutter Mane|[from] lockedmove\n|-immune|p2a: Flutter Mane\n|\n|upkeep\n|turn|3\n|inactive|Time left: 300 sec this turn | 300 sec total\n|\n|t:|1783534790\n|-terastallize|p1a: Flapple|Fire\n|move|p2a: Flutter Mane|Moonblast|p1a: Flapple\n|-resisted|p1a: Flapple\n|-damage|p1a: Flapple|180/266\n|-damage|p2a: Flutter Mane|91/100|[from] item: Life Orb\n|move|p1a: Flapple|Tera Blast|p2a: Flutter Mane|[anim] Tera Blast Fire\n|-damage|p2a: Flutter Mane|0 fnt\n|faint|p2a: Flutter Mane\n|-end|p2a: Flutter Mane|Protosynthesis|[silent]\n|\n|upkeep\n|\n|t:|1783534791\n|switch|p2a: Great Tusk|Great Tusk, L77|51/100\n|turn|4\n|inactive|Time left: 300 sec this turn | 300 sec total\n|\n|t:|1783534792\n|move|p2a: Great Tusk|Headlong Rush|p1a: Flapple\n|-supereffective|p1a: Flapple\n|-damage|p1a: Flapple|0 fnt\n|-unboost|p2a: Great Tusk|def|1\n|-unboost|p2a: Great Tusk|spd|1\n|faint|p1a: Flapple\n|\n|-heal|p2a: Great Tusk|57/100|[from] item: Leftovers\n|upkeep\n|inactive|Time left: 300 sec this turn | 300 sec total | 5 sec grace\n|\n|t:|1783534793\n|switch|p1a: Lugia|Lugia, L73|275/275\n|turn|5\n|inactive|Time left: 300 sec this turn | 300 sec total\n|\n|t:|1783534795\n|-end|p2a: Great Tusk|Protosynthesis|[silent]\n|switch|p2a: Incineroar|Incineroar, L82, F|100/100\n|-ability|p2a: Incineroar|Intimidate|boost\n|-unboost|p1a: Lugia|atk|1\n|move|p1a: Lugia|Calm Mind|p1a: Lugia\n|-boost|p1a: Lugia|spa|1\n|-boost|p1a: Lugia|spd|1\n|\n|upkeep\n|turn|6\n|inactive|Time left: 300 sec this turn | 300 sec total\n|\n|t:|1783534796\n|move|p1a: Lugia|Aeroblast|p2a: Incineroar\n|-damage|p2a: Incineroar|63/100\n|move|p2a: Incineroar|Knock Off|p1a: Lugia\n|-supereffective|p1a: Lugia\n|-damage|p1a: Lugia|179/275\n|-enditem|p1a: Lugia|Heavy-Duty Boots|[from] move: Knock Off|[of] p2a: Incineroar\n|\n|upkeep\n|turn|7\n|inactive|Time left: 300 sec this turn | 300 sec total\n|\n|t:|1783534797\n|move|p1a: Lugia|Earth Power|p2a: Incineroar\n|-supereffective|p2a: Incineroar\n|-crit|p2a: Incineroar\n|-damage|p2a: Incineroar|0 fnt\n|faint|p2a: Incineroar\n|\n|upkeep\n|\n|t:|1783534798\n|switch|p2a: Mewtwo|Mewtwo, L72|100/100\n|-ability|p2a: Mewtwo|Unnerve\n|turn|8\n|inactive|Time left: 300 sec this turn | 300 sec total\n|\n|t:|1783534799\n|move|p2a: Mewtwo|Nasty Plot|p2a: Mewtwo\n|-boost|p2a: Mewtwo|spa|2\n|move|p1a: Lugia|Aeroblast|p2a: Mewtwo\n|-damage|p2a: Mewtwo|54/100\n|\n|upkeep\n|turn|9\n|inactive|Time left: 300 sec this turn | 300 sec total\n|\n|t:|1783534801\n|move|p2a: Mewtwo|Recover|p2a: Mewtwo\n|-heal|p2a: Mewtwo|100/100\n|move|p1a: Lugia|Aeroblast|p2a: Mewtwo\n|-damage|p2a: Mewtwo|55/100\n|\n|upkeep\n|turn|10\n|inactive|Time left: 300 sec this turn | 300 sec total\n|\n|t:|1783534802\n|move|p2a: Mewtwo|Recover|p2a: Mewtwo\n|-heal|p2a: Mewtwo|100/100\n|move|p1a: Lugia|Aeroblast|p2a: Mewtwo\n|-damage|p2a: Mewtwo|52/100\n|\n|upkeep\n|turn|11\n|inactive|Time left: 300 sec this turn | 300 sec total\n|\n|t:|1783534804\n|move|p2a: Mewtwo|Recover|p2a: Mewtwo\n|-heal|p2a: Mewtwo|100/100\n|move|p1a: Lugia|Aeroblast|p2a: Mewtwo\n|-damage|p2a: Mewtwo|48/100\n|\n|upkeep\n|turn|12\n|inactive|Time left: 300 sec this turn | 300 sec total\n|\n|t:|1783534805\n|move|p2a: Mewtwo|Recover|p2a: Mewtwo\n|-heal|p2a: Mewtwo|98/100\n|move|p1a: Lugia|Aeroblast|p2a: Mewtwo\n|-damage|p2a: Mewtwo|52/100\n|\n|upkeep\n|turn|13\n|inactive|Time left: 300 sec this turn | 300 sec total\n|\n|t:|1783534806\n|move|p2a: Mewtwo|Recover|p2a: Mewtwo\n|-heal|p2a: Mewtwo|100/100\n|move|p1a: Lugia|Aeroblast|p2a: Mewtwo\n|-damage|p2a: Mewtwo|54/100\n|\n|upkeep\n|turn|14\n|inactive|Time left: 300 sec this turn | 300 sec total\n|\n|t:|1783534807\n|move|p2a: Mewtwo|Recover|p2a: Mewtwo\n|-heal|p2a: Mewtwo|100/100\n|move|p1a: Lugia|Aeroblast|p2a: Mewtwo\n|-crit|p2a: Mewtwo\n|-damage|p2a: Mewtwo|26/100\n|\n|upkeep\n|turn|15\n|inactive|Time left: 300 sec this turn | 300 sec total\n|\n|t:|1783534808\n|move|p2a: Mewtwo|Recover|p2a: Mewtwo\n|-heal|p2a: Mewtwo|76/100\n|move|p1a: Lugia|Earth Power|p2a: Mewtwo\n|-damage|p2a: Mewtwo|47/100\n|\n|upkeep\n|turn|16\n|inactive|Time left: 300 sec this turn | 300 sec total\n|\n|t:|1783534810\n|move|p2a: Mewtwo|Recover|p2a: Mewtwo\n|-heal|p2a: Mewtwo|97/100\n|move|p1a: Lugia|Recover|p1a: Lugia\n|-heal|p1a: Lugia|275/275\n|\n|upkeep\n|turn|17\n|inactive|Time left: 300 sec this turn | 300 sec total\n|\n|t:|1783534810\n|switch|p1a: Houndoom|Houndoom, L87, F|272/272\n|move|p2a: Mewtwo|Nasty Plot|p2a: Mewtwo\n|-boost|p2a: Mewtwo|spa|2\n|\n|upkeep\n|turn|18\n|inactive|Time left: 300 sec this turn | 300 sec total\n|\n|t:|1783534811\n|move|p2a: Mewtwo|Psystrike|p1a: Houndoom\n|-immune|p1a: Houndoom\n|move|p1a: Houndoom|Dark Pulse|p2a: Mewtwo\n|-supereffective|p2a: Mewtwo\n|-damage|p2a: Mewtwo|12/100\n|\n|upkeep\n|turn|19\n|inactive|Time left: 300 sec this turn | 300 sec total\n|\n|t:|1783534813\n|switch|p2a: Great Tusk|Great Tusk, L77|57/100\n|move|p1a: Houndoom|Sludge Bomb|p2a: Great Tusk\n|-resisted|p2a: Great Tusk\n|-damage|p2a: Great Tusk|37/100\n|\n|-heal|p2a: Great Tusk|44/100|[from] item: Leftovers\n|upkeep\n|turn|20\n|inactive|Time left: 300 sec this turn | 300 sec total\n|\n|t:|1783534813\n|move|p1a: Houndoom|Fire Blast|p2a: Great Tusk\n|-damage|p2a: Great Tusk|0 fnt\n|faint|p2a: Great Tusk\n|-end|p2a: Great Tusk|Protosynthesis|[silent]\n|\n|upkeep\n|\n|t:|1783534814\n|switch|p2a: Ceruledge|Ceruledge, L78, F|100/100\n|turn|21\n|inactive|Time left: 300 sec this turn | 300 sec total\n|\n|t:|1783534815\n|move|p1a: Houndoom|Dark Pulse|p2a: Ceruledge\n|-supereffective|p2a: Ceruledge\n|-damage|p2a: Ceruledge|16/100\n|move|p2a: Ceruledge|Close Combat|p1a: Houndoom\n|-supereffective|p1a: Houndoom\n|-crit|p1a: Houndoom\n|-damage|p1a: Houndoom|0 fnt\n|-unboost|p2a: Ceruledge|def|1\n|-unboost|p2a: Ceruledge|spd|1\n|faint|p1a: Houndoom\n|\n|upkeep\n|inactive|Time left: 300 sec this turn | 300 sec total | 5 sec grace\n|\n|t:|1783534816\n|switch|p1a: Cinderace|Cinderace, L77, M|250/250\n|turn|22\n|inactive|Time left: 300 sec this turn | 300 sec total\n|\n|t:|1783534817\n|move|p1a: Cinderace|Pyro Ball|p2a: Ceruledge\n|-resisted|p2a: Ceruledge\n|-damage|p2a: Ceruledge|0 fnt\n|faint|p2a: Ceruledge\n|\n|upkeep\n|\n|t:|1783534818\n|switch|p2a: Mewtwo|Mewtwo, L72|12/100\n|-ability|p2a: Mewtwo|Unnerve\n|turn|23\n|inactive|Time left: 300 sec this turn | 300 sec total\n|\n|t:|1783534819\n|move|p2a: Mewtwo|Psystrike|p1a: Cinderace\n|-damage|p1a: Cinderace|82/250\n|-damage|p2a: Mewtwo|2/100|[from] item: Life Orb\n|move|p1a: Cinderace|Pyro Ball|p2a: Mewtwo\n|-damage|p2a: Mewtwo|0 fnt\n|faint|p2a: Mewtwo\n|\n|upkeep\n|\n|t:|1783534820\n|switch|p2a: Dialga|Dialga-Origin, L73|100/100\n|-ability|p2a: Dialga|Pressure\n|turn|24\n|inactive|Time left: 300 sec this turn | 300 sec total\n|\n|t:|1783534821\n|move|p1a: Cinderace|Pyro Ball|p2a: Dialga\n|-damage|p2a: Dialga|60/100\n|move|p2a: Dialga|Thunder Wave|p1a: Cinderace\n|-status|p1a: Cinderace|par\n|\n|upkeep\n|turn|25\n|inactive|Time left: 300 sec this turn | 300 sec total\n|\n|t:|1783534822\n|move|p2a: Dialga|Heavy Slam|p1a: Cinderace\n|-resisted|p1a: Cinderace\n|-damage|p1a: Cinderace|9/250 par\n|move|p1a: Cinderace|Pyro Ball|p2a: Dialga\n|-damage|p2a: Dialga|17/100\n|\n|upkeep\n|turn|26\n|inactive|Time left: 300 sec this turn | 300 sec total\n|\n|t:|1783534823\n|move|p2a: Dialga|Fire Blast|p1a: Cinderace|[miss]\n|-miss|p2a: Dialga|p1a: Cinderace\n|move|p1a: Cinderace|Pyro Ball|p2a: Dialga\n|-damage|p2a: Dialga|0 fnt\n|faint|p2a: Dialga\n|\n|win|p0x1325a60", "uploadtime": 1783534823, "views": 0, "rating": 0, "private": 0, "password": null, "_winner": "p0x1325a60", "_our_name": "p0x1325a60"}