{"id": "battle-gen9randombattle-1161", "formatid": "gen9randombattle", "format": "[Gen 9] Random Battle", "players": ["p0x11614619", "p0y1161947e"], "log": "|init|battle\n|title|p0x11614619 vs. p0y1161947e\n|j|\u2606p0x11614619\n|j|\u2606p0y1161947e\n|t:|1783552592\n|gametype|singles\n|player|p1|p0x11614619|170|\n|player|p2|p0y1161947e|101|\n|gen|9\n|tier|[Gen 9] Random Battle\n|rule|Species Clause: Limit one of each Pok\u00e9mon\n|rule|HP Percentage Mod: HP is shown in percentages\n|rule|Sleep Clause Mod: Limit one foe put to sleep\n|rule|Illusion Level Mod: Illusion disguises the Pok\u00e9mon's true level\n|\n|t:|1783552592\n|teamsize|p1|6\n|teamsize|p2|6\n|start\n|switch|p1a: Lucario|Lucario, L84, F|255/255\n|switch|p2a: Hariyama|Hariyama, L87, F|100/100\n|turn|1\n|inactive|Battle timer is ON: inactive players will automatically lose when time's up. (requested by p0x11614619)\n|\n|t:|1783552593\n|move|p1a: Lucario|Close Combat|p2a: Hariyama\n|-damage|p2a: Hariyama|42/100\n|-unboost|p1a: Lucario|def|1\n|-unboost|p1a: Lucario|spd|1\n|-damage|p1a: Lucario|230/255|[from] item: Life Orb\n|move|p2a: Hariyama|Close Combat|p1a: Lucario\n|-supereffective|p1a: Lucario\n|-damage|p1a: Lucario|0 fnt\n|-unboost|p2a: Hariyama|def|1\n|-unboost|p2a: Hariyama|spd|1\n|faint|p1a: Lucario\n|\n|-status|p2a: Hariyama|brn|[from] item: Flame Orb\n|upkeep\n|inactive|Time left: 300 sec this turn | 300 sec total | 65 sec grace\n|inactive|p0y1161947e also wants the timer to be on.\n|\n|t:|1783552594\n|switch|p1a: Regidrago|Regidrago, L77|435/435\n|turn|2\n|inactive|Time left: 300 sec this turn | 300 sec total\n|\n|t:|1783552595\n|switch|p2a: Enamorus|Enamorus, L79, F|100/100\n|move|p1a: Regidrago|Dragon Energy|p2a: Enamorus\n|-immune|p2a: Enamorus\n|\n|upkeep\n|turn|3\n|inactive|Time left: 300 sec this turn | 300 sec total\n|\n|t:|1783552596\n|move|p1a: Regidrago|Dragon Energy|p2a: Enamorus\n|-immune|p2a: Enamorus\n|move|p2a: Enamorus|Superpower|p1a: Regidrago\n|-damage|p1a: Regidrago|291/435\n|-boost|p2a: Enamorus|atk|1\n|-boost|p2a: Enamorus|def|1\n|\n|upkeep\n|turn|4\n|inactive|Time left: 300 sec this turn | 300 sec total\n|\n|t:|1783552597\n|switch|p1a: Diancie|Diancie, L82|216/216\n|move|p2a: Enamorus|Superpower|p1a: Diancie\n|-damage|p1a: Diancie|127/216\n|-boost|p2a: Enamorus|atk|1\n|-boost|p2a: Enamorus|def|1\n|\n|-heal|p1a: Diancie|140/216|[from] item: Leftovers\n|upkeep\n|turn|5\n|inactive|Time left: 300 sec this turn | 300 sec total\n|\n|t:|1783552598\n|move|p2a: Enamorus|Superpower|p1a: Diancie\n|-damage|p1a: Diancie|25/216\n|-boost|p2a: Enamorus|atk|1\n|-boost|p2a: Enamorus|def|1\n|move|p1a: Diancie|Diamond Storm|p2a: Enamorus\n|-supereffective|p2a: Enamorus\n|-damage|p2a: Enamorus|57/100\n|\n|-heal|p1a: Diancie|38/216|[from] item: Leftovers\n|upkeep\n|turn|6\n|inactive|Time left: 300 sec this turn | 300 sec total\n|\n|t:|1783552599\n|move|p2a: Enamorus|Play Rough|p1a: Diancie\n|-damage|p1a: Diancie|0 fnt\n|faint|p1a: Diancie\n|\n|upkeep\n|inactive|Time left: 300 sec this turn | 300 sec total | 5 sec grace\n|\n|t:|1783552600\n|switch|p1a: Skuntank|Skuntank, L84, F|310/310\n|turn|7\n|inactive|Time left: 300 sec this turn | 300 sec total\n|\n|t:|1783552601\n|move|p2a: Enamorus|Play Rough|p1a: Skuntank\n|-damage|p1a: Skuntank|33/310\n|move|p1a: Skuntank|Gunk Shot|p2a: Enamorus\n|-supereffective|p2a: Enamorus\n|-damage|p2a: Enamorus|3/100\n|\n|upkeep\n|turn|8\n|inactive|Time left: 300 sec this turn | 300 sec total\n|\n|t:|1783552602\n|move|p2a: Enamorus|Superpower|p1a: Skuntank\n|-damage|p1a: Skuntank|0 fnt\n|-boost|p2a: Enamorus|atk|1\n|-boost|p2a: Enamorus|def|1\n|-damage|p2a: Enamorus|0 fnt|[from] ability: Aftermath|[of] p1a: Skuntank\n|faint|p1a: Skuntank\n|faint|p2a: Enamorus\n|\n|upkeep\n|inactive|Time left: 300 sec this turn | 300 sec total | 5 sec grace\n|\n|t:|1783552603\n|switch|p2a: Mightyena|Mightyena, L96, M|100/100\n|switch|p1a: Regidrago|Regidrago, L77|291/435\n|-ability|p2a: Mightyena|Intimidate|boost\n|-unboost|p1a: Regidrago|atk|1\n|turn|9\n|inactive|Time left: 300 sec this turn | 300 sec total\n|\n|t:|1783552604\n|switch|p1a: Dunsparce|Dunsparce, L86, F|312/312\n|-terastallize|p2a: Mightyena|Fairy\n|move|p2a: Mightyena|Play Rough|p1a: Dunsparce\n|-damage|p1a: Dunsparce|228/312\n|\n|upkeep\n|turn|10\n|inactive|Time left: 300 sec this turn | 300 sec total\n|\n|t:|1783552605\n|move|p2a: Mightyena|Poison Fang|p1a: Dunsparce\n|-damage|p1a: Dunsparce|195/312\n|-status|p1a: Dunsparce|tox\n|move|p1a: Dunsparce|Coil|p1a: Dunsparce\n|-boost|p1a: Dunsparce|atk|1\n|-boost|p1a: Dunsparce|def|1\n|-boost|p1a: Dunsparce|accuracy|1\n|\n|-damage|p1a: Dunsparce|176/312 tox|[from] psn\n|upkeep\n|turn|11\n|inactive|Time left: 300 sec this turn | 300 sec total\n|\n|t:|1783552607\n|move|p2a: Mightyena|Super Fang|p1a: Dunsparce\n|-damage|p1a: Dunsparce|88/312 tox\n|move|p1a: Dunsparce|Body Slam|p2a: Mightyena\n|-damage|p2a: Mightyena|60/100\n|-status|p2a: Mightyena|par\n|\n|-damage|p1a: Dunsparce|50/312 tox|[from] psn\n|upkeep\n|turn|12\n|inactive|Time left: 300 sec this turn | 300 sec total\n|\n|t:|1783552608\n|move|p1a: Dunsparce|Roost|p1a: Dunsparce\n|-heal|p1a: Dunsparce|206/312 tox\n|-singleturn|p1a: Dunsparce|move: Roost\n|move|p2a: Mightyena|Super Fang|p1a: Dunsparce\n|-damage|p1a: Dunsparce|103/312 tox\n|\n|-damage|p1a: Dunsparce|46/312 tox|[from] psn\n|upkeep\n|turn|13\n|inactive|Time left: 300 sec this turn | 300 sec total\n|\n|t:|1783552609\n|move|p1a: Dunsparce|Roost|p1a: Dunsparce\n|-heal|p1a: Dunsparce|202/312 tox\n|-singleturn|p1a: Dunsparce|move: Roost\n|cant|p2a: Mightyena|par\n|\n|-damage|p1a: Dunsparce|126/312 tox|[from] psn\n|upkeep\n|turn|14\n|inactive|Time left: 300 sec this turn | 300 sec total\n|\n|t:|1783552610\n|move|p1a: Dunsparce|Roost|p1a: Dunsparce\n|-heal|p1a: Dunsparce|282/312 tox\n|-singleturn|p1a: Dunsparce|move: Roost\n|cant|p2a: Mightyena|par\n|\n|-damage|p1a: Dunsparce|187/312 tox|[from] psn\n|upkeep\n|turn|15\n|inactive|Time left: 300 sec this turn | 300 sec total\n|\n|t:|1783552611\n|move|p1a: Dunsparce|Body Slam|p2a: Mightyena\n|-damage|p2a: Mightyena|19/100 par\n|move|p2a: Mightyena|Super Fang|p1a: Dunsparce\n|-damage|p1a: Dunsparce|94/312 tox\n|\n|-damage|p1a: Dunsparce|0 fnt|[from] psn\n|faint|p1a: Dunsparce\n|upkeep\n|inactive|Time left: 300 sec this turn | 300 sec total | 5 sec grace\n|\n|t:|1783552611\n|switch|p1a: Krookodile|Krookodile, L79, M|280/280\n|-ability|p1a: Krookodile|Intimidate|boost\n|-unboost|p2a: Mightyena|atk|1\n|turn|16\n|inactive|Time left: 300 sec this turn | 300 sec total\n|\n|t:|1783552612\n|move|p1a: Krookodile|Bulk Up|p1a: Krookodile\n|-boost|p1a: Krookodile|atk|1\n|-boost|p1a: Krookodile|def|1\n|move|p2a: Mightyena|Play Rough|p1a: Krookodile\n|-supereffective|p1a: Krookodile\n|-damage|p1a: Krookodile|160/280\n|\n|-heal|p1a: Krookodile|177/280|[from] item: Leftovers\n|upkeep\n|turn|17\n|inactive|Time left: 300 sec this turn | 300 sec total\n|\n|t:|1783552613\n|move|p1a: Krookodile|Earthquake|p2a: Mightyena\n|-damage|p2a: Mightyena|0 fnt\n|faint|p2a: Mightyena\n|\n|-heal|p1a: Krookodile|194/280|[from] item: Leftovers\n|upkeep\n|\n|t:|1783552614\n|switch|p2a: Galvantula|Galvantula, L82, M|100/100\n|turn|18\n|inactive|Time left: 300 sec this turn | 300 sec total\n|\n|t:|1783552615\n|-terastallize|p1a: Krookodile|Poison\n|move|p2a: Galvantula|Thunder|p1a: Krookodile\n|-damage|p1a: Krookodile|65/280\n|move|p1a: Krookodile|Gunk Shot|p2a: Galvantula\n|-damage|p2a: Galvantula|0 fnt\n|faint|p2a: Galvantula\n|\n|-heal|p1a: Krookodile|82/280|[from] item: Leftovers\n|upkeep\n|\n|t:|1783552616\n|switch|p2a: Klefki|Klefki, L84, M|100/100\n|turn|19\n|inactive|Time left: 300 sec this turn | 300 sec total\n|\n|t:|1783552617\n|move|p2a: Klefki|Thunder Wave|p1a: Krookodile|[miss]\n|-miss|p2a: Klefki|p1a: Krookodile\n|move|p1a: Krookodile|Earthquake|p2a: Klefki\n|-supereffective|p2a: Klefki\n|-damage|p2a: Klefki|0 fnt\n|faint|p2a: Klefki\n|\n|-heal|p1a: Krookodile|99/280|[from] item: Leftovers\n|upkeep\n|\n|t:|1783552618\n|switch|p2a: Hariyama|Hariyama, L87, F|42/100 brn\n|turn|20\n|inactive|Time left: 300 sec this turn | 300 sec total\n|\n|t:|1783552618\n|switch|p2a: Veluza|Veluza, L85, F|100/100\n|move|p1a: Krookodile|Earthquake|p2a: Veluza\n|-damage|p2a: Veluza|35/100\n|\n|-heal|p1a: Krookodile|116/280|[from] item: Leftovers\n|upkeep\n|turn|21\n|inactive|Time left: 300 sec this turn | 300 sec total\n|\n|t:|1783552619\n|move|p2a: Veluza|Aqua Jet|p1a: Krookodile\n|-damage|p1a: Krookodile|62/280\n|move|p1a: Krookodile|Earthquake|p2a: Veluza\n|-damage|p2a: Veluza|0 fnt\n|faint|p2a: Veluza\n|\n|-heal|p1a: Krookodile|79/280|[from] item: Leftovers\n|upkeep\n|\n|t:|1783552620\n|switch|p2a: Hariyama|Hariyama, L87, F|42/100 brn\n|turn|22\n|inactive|Time left: 300 sec this turn | 300 sec total\n|\n|t:|1783552620\n|move|p2a: Hariyama|Bullet Punch|p1a: Krookodile\n|-damage|p1a: Krookodile|40/280\n|move|p1a: Krookodile|Earthquake|p2a: Hariyama\n|-damage|p2a: Hariyama|0 fnt\n|faint|p2a: Hariyama\n|\n|win|p0x11614619", "uploadtime": 1783552620, "views": 0, "rating": 0, "private": 0, "password": null, "_winner": "p0x11614619", "_our_name": "p0x11614619"}