{"id": "battle-gen9randombattle-1100", "formatid": "gen9randombattle", "format": "[Gen 9] Random Battle", "players": ["p0x1100c7a2", "p0y110044c2"], "log": "|init|battle\n|title|p0x1100c7a2 vs. p0y110044c2\n|j|\u2606p0x1100c7a2\n|j|\u2606p0y110044c2\n|t:|1783552718\n|gametype|singles\n|player|p1|p0x1100c7a2|1|\n|player|p2|p0y110044c2|169|\n|gen|9\n|tier|[Gen 9] Random Battle\n|rule|Species Clause: Limit one of each Pok\u00e9mon\n|rule|HP Percentage Mod: HP is shown in percentages\n|rule|Sleep Clause Mod: Limit one foe put to sleep\n|rule|Illusion Level Mod: Illusion disguises the Pok\u00e9mon's true level\n|\n|t:|1783552718\n|teamsize|p1|6\n|teamsize|p2|6\n|start\n|switch|p1a: Tatsugiri|Tatsugiri, L87, F|100/100\n|switch|p2a: Glaceon|Glaceon, L94, M|275/275\n|turn|1\n|inactive|Battle timer is ON: inactive players will automatically lose when time's up. (requested by p0y110044c2)\n|inactive|p0x1100c7a2 also wants the timer to be on.\n|\n|t:|1783552719\n|switch|p1a: Flareon|Flareon, L90, F|100/100\n|move|p2a: Glaceon|Freeze-Dry|p1a: Flareon\n|-resisted|p1a: Flareon\n|-damage|p1a: Flareon|82/100\n|-status|p1a: Flareon|frz\n|\n|upkeep\n|turn|2\n|inactive|Time left: 300 sec this turn | 300 sec total\n|\n|t:|1783552721\n|move|p2a: Glaceon|Protect|p2a: Glaceon\n|-singleturn|p2a: Glaceon|Protect\n|-curestatus|p1a: Flareon|frz|[from] move: Flare Blitz\n|move|p1a: Flareon|Flare Blitz|p2a: Glaceon\n|-activate|p2a: Glaceon|move: Protect\n|\n|-status|p1a: Flareon|tox|[from] item: Toxic Orb\n|upkeep\n|turn|3\n|inactive|Time left: 300 sec this turn | 300 sec total\n|\n|t:|1783552722\n|move|p2a: Glaceon|Freeze-Dry|p1a: Flareon\n|-resisted|p1a: Flareon\n|-damage|p1a: Flareon|66/100 tox\n|move|p1a: Flareon|Flare Blitz|p2a: Glaceon\n|-supereffective|p2a: Glaceon\n|-damage|p2a: Glaceon|0 fnt\n|faint|p2a: Glaceon\n|-damage|p1a: Flareon|32/100 tox|[from] Recoil\n|\n|-damage|p1a: Flareon|26/100 tox|[from] psn\n|upkeep\n|inactive|Time left: 300 sec this turn | 300 sec total | 5 sec grace\n|\n|t:|1783552723\n|switch|p2a: Kricketune|Kricketune, L99, M|312/312\n|turn|4\n|inactive|Time left: 300 sec this turn | 300 sec total\n|\n|t:|1783552724\n|move|p2a: Kricketune|Sticky Web|p1a: Flareon\n|-sidestart|p1: p0x1100c7a2|move: Sticky Web\n|move|p1a: Flareon|Flare Blitz|p2a: Kricketune\n|-supereffective|p2a: Kricketune\n|-damage|p2a: Kricketune|0 fnt\n|faint|p2a: Kricketune\n|-damage|p1a: Flareon|0 fnt|[from] Recoil\n|faint|p1a: Flareon\n|\n|upkeep\n|inactive|Time left: 300 sec this turn | 300 sec total | 5 sec grace\n|\n|t:|1783552725\n|switch|p2a: Bellossom|Bellossom, L84, M|263/263\n|switch|p1a: Tatsugiri|Tatsugiri, L87, F|100/100\n|turn|5\n|inactive|Time left: 300 sec this turn | 300 sec total\n|\n|t:|1783552727\n|move|p1a: Tatsugiri|Rapid Spin|p2a: Bellossom\n|-damage|p2a: Bellossom|238/263\n|-boost|p1a: Tatsugiri|spe|1\n|-sideend|p1: p0x1100c7a2|Sticky Web|[from] move: Rapid Spin|[of] p1a: Tatsugiri\n|move|p2a: Bellossom|Quiver Dance|p2a: Bellossom\n|-boost|p2a: Bellossom|spa|1\n|-boost|p2a: Bellossom|spd|1\n|-boost|p2a: Bellossom|spe|1\n|\n|-heal|p2a: Bellossom|254/263|[from] item: Leftovers\n|upkeep\n|turn|6\n|inactive|Time left: 300 sec this turn | 300 sec total\n|\n|t:|1783552728\n|move|p1a: Tatsugiri|Nasty Plot|p1a: Tatsugiri\n|-boost|p1a: Tatsugiri|spa|2\n|move|p2a: Bellossom|Quiver Dance|p2a: Bellossom\n|-boost|p2a: Bellossom|spa|1\n|-boost|p2a: Bellossom|spd|1\n|-boost|p2a: Bellossom|spe|1\n|\n|-heal|p2a: Bellossom|263/263|[from] item: Leftovers\n|upkeep\n|turn|7\n|inactive|Time left: 300 sec this turn | 300 sec total\n|\n|t:|1783552729\n|move|p1a: Tatsugiri|Nasty Plot|p1a: Tatsugiri\n|-boost|p1a: Tatsugiri|spa|2\n|move|p2a: Bellossom|Giga Drain|p1a: Tatsugiri\n|-damage|p1a: Tatsugiri|52/100\n|\n|upkeep\n|turn|8\n|inactive|Time left: 300 sec this turn | 300 sec total\n|\n|t:|1783552730\n|-terastallize|p1a: Tatsugiri|Steel\n|move|p1a: Tatsugiri|Nasty Plot|p1a: Tatsugiri\n|-boost|p1a: Tatsugiri|spa|2\n|move|p2a: Bellossom|Giga Drain|p1a: Tatsugiri\n|-resisted|p1a: Tatsugiri\n|-damage|p1a: Tatsugiri|25/100\n|\n|upkeep\n|turn|9\n|inactive|Time left: 300 sec this turn | 300 sec total\n|\n|t:|1783552731\n|-terastallize|p2a: Bellossom|Fairy\n|move|p1a: Tatsugiri|Draco Meteor|p2a: Bellossom\n|-immune|p2a: Bellossom\n|move|p2a: Bellossom|Quiver Dance|p2a: Bellossom\n|-boost|p2a: Bellossom|spa|1\n|-boost|p2a: Bellossom|spd|1\n|-boost|p2a: Bellossom|spe|1\n|\n|upkeep\n|turn|10\n|inactive|Time left: 300 sec this turn | 300 sec total\n|\n|t:|1783552732\n|switch|p1a: Solgaleo|Solgaleo, L74|100/100\n|move|p2a: Bellossom|Moonblast|p1a: Solgaleo\n|-resisted|p1a: Solgaleo\n|-damage|p1a: Solgaleo|57/100\n|\n|upkeep\n|turn|11\n|inactive|Time left: 300 sec this turn | 300 sec total\n|\n|t:|1783552734\n|move|p2a: Bellossom|Moonblast|p1a: Solgaleo\n|-resisted|p1a: Solgaleo\n|-damage|p1a: Solgaleo|17/100\n|move|p1a: Solgaleo|Sunsteel Strike|p2a: Bellossom\n|-supereffective|p2a: Bellossom\n|-damage|p2a: Bellossom|57/263\n|\n|-heal|p2a: Bellossom|73/263|[from] item: Leftovers\n|upkeep\n|turn|12\n|inactive|Time left: 300 sec this turn | 300 sec total\n|\n|t:|1783552735\n|move|p2a: Bellossom|Giga Drain|p1a: Solgaleo\n|-resisted|p1a: Solgaleo\n|-damage|p1a: Solgaleo|0 fnt\n|-heal|p2a: Bellossom|100/263|[from] drain|[of] p1a: Solgaleo\n|faint|p1a: Solgaleo\n|\n|-heal|p2a: Bellossom|116/263|[from] item: Leftovers\n|upkeep\n|\n|t:|1783552736\n|switch|p1a: Grimmsnarl|Grimmsnarl, L83, M|100/100\n|turn|13\n|inactive|Time left: 300 sec this turn | 300 sec total\n|\n|t:|1783552737\n|move|p1a: Grimmsnarl|Thunder Wave|p2a: Bellossom\n|-status|p2a: Bellossom|par\n|move|p2a: Bellossom|Moonblast|p1a: Grimmsnarl\n|-supereffective|p1a: Grimmsnarl\n|-damage|p1a: Grimmsnarl|0 fnt\n|faint|p1a: Grimmsnarl\n|\n|-heal|p2a: Bellossom|132/263 par|[from] item: Leftovers\n|upkeep\n|\n|t:|1783552738\n|switch|p1a: Tatsugiri|Tatsugiri, L87, F|100/100\n|-start|p1a: Tatsugiri|typechange|Steel|[silent]\n|turn|14\n|inactive|Time left: 300 sec this turn | 300 sec total\n|\n|t:|1783552739\n|move|p1a: Tatsugiri|Poltergeist|p2a: Bellossom\n|-activate|p2a: Bellossom|move: Poltergeist|Leftovers\n|-damage|p2a: Bellossom|2/263 par\n|-damage|p1a: Tatsugiri|91/100|[from] item: Life Orb\n|cant|p2a: Bellossom|par\n|\n|-heal|p2a: Bellossom|18/263 par|[from] item: Leftovers\n|upkeep\n|turn|15\n|inactive|Time left: 300 sec this turn | 300 sec total\n|\n|t:|1783552740\n|move|p1a: Tatsugiri|Hyper Voice|p2a: Bellossom\n|-damage|p2a: Bellossom|0 fnt\n|faint|p2a: Bellossom\n|-damage|p1a: Tatsugiri|81/100|[from] item: Life Orb\n|\n|upkeep\n|inactive|Time left: 300 sec this turn | 300 sec total | 5 sec grace\n|\n|t:|1783552741\n|switch|p2a: Mightyena|Mightyena, L96, M|290/290\n|-ability|p2a: Mightyena|Intimidate|boost\n|-unboost|p1a: Tatsugiri|atk|1\n|turn|16\n|inactive|Time left: 300 sec this turn | 300 sec total\n|\n|t:|1783552741\n|switch|p2a: Misdreavus|Misdreavus, L90, F|254/254\n|move|p1a: Tatsugiri|Will-O-Wisp|p2a: Misdreavus\n|-status|p2a: Misdreavus|brn\n|\n|-damage|p2a: Misdreavus|239/254 brn|[from] brn\n|upkeep\n|turn|17\n|inactive|Time left: 300 sec this turn | 300 sec total\n|\n|t:|1783552742\n|move|p1a: Tatsugiri|Poltergeist|p2a: Misdreavus|[miss]\n|-miss|p1a: Tatsugiri|p2a: Misdreavus\n|move|p2a: Misdreavus|Shadow Ball|p1a: Tatsugiri\n|-immune|p1a: Tatsugiri\n|\n|-damage|p2a: Misdreavus|224/254 brn|[from] brn\n|upkeep\n|turn|18\n|inactive|Time left: 300 sec this turn | 300 sec total\n|\n|t:|1783552743\n|move|p1a: Tatsugiri|Poltergeist|p2a: Misdreavus\n|-activate|p2a: Misdreavus|move: Poltergeist|Eviolite\n|-supereffective|p2a: Misdreavus\n|-damage|p2a: Misdreavus|65/254 brn\n|-damage|p1a: Tatsugiri|72/100|[from] item: Life Orb\n|move|p2a: Misdreavus|Shadow Ball|p1a: Tatsugiri\n|-immune|p1a: Tatsugiri\n|\n|-damage|p2a: Misdreavus|50/254 brn|[from] brn\n|upkeep\n|turn|19\n|inactive|Time left: 300 sec this turn | 300 sec total\n|\n|t:|1783552743\n|move|p1a: Tatsugiri|Poltergeist|p2a: Misdreavus\n|-activate|p2a: Misdreavus|move: Poltergeist|Eviolite\n|-supereffective|p2a: Misdreavus\n|-crit|p2a: Misdreavus\n|-damage|p2a: Misdreavus|0 fnt\n|faint|p2a: Misdreavus\n|-damage|p1a: Tatsugiri|62/100|[from] item: Life Orb\n|\n|upkeep\n|inactive|Time left: 300 sec this turn | 300 sec total | 5 sec grace\n|\n|t:|1783552744\n|switch|p2a: Chi-Yu|Chi-Yu, L77|211/211\n|-ability|p2a: Chi-Yu|Beads of Ruin\n|turn|20\n|inactive|Time left: 300 sec this turn | 300 sec total\n|\n|t:|1783552745\n|move|p1a: Tatsugiri|Focus Blast|p2a: Chi-Yu\n|-supereffective|p2a: Chi-Yu\n|-damage|p2a: Chi-Yu|0 fnt\n|faint|p2a: Chi-Yu\n|-damage|p1a: Tatsugiri|53/100|[from] item: Life Orb\n|\n|upkeep\n|inactive|Time left: 300 sec this turn | 300 sec total | 5 sec grace\n|\n|t:|1783552745\n|switch|p2a: Mightyena|Mightyena, L96, M|290/290\n|-ability|p2a: Mightyena|Intimidate|boost\n|-unboost|p1a: Tatsugiri|atk|1\n|turn|21\n|inactive|Time left: 300 sec this turn | 300 sec total\n|\n|t:|1783552746\n|move|p1a: Tatsugiri|Will-O-Wisp|p2a: Mightyena\n|-status|p2a: Mightyena|brn\n|move|p2a: Mightyena|Play Rough|p1a: Tatsugiri\n|-damage|p1a: Tatsugiri|29/100\n|replace|p1a: Zoroark|Zoroark-Hisui, L80, F\n|-end|p1a: Zoroark|Illusion\n|-hint|Illusion Level Mod is active, so this Pok\u00e9mon's true level was hidden.\n|\n|-damage|p2a: Mightyena|272/290 brn|[from] brn\n|upkeep\n|turn|22\n|inactive|Time left: 300 sec this turn | 300 sec total\n|\n|t:|1783552747\n|move|p2a: Mightyena|Sucker Punch|p1a: Zoroark\n|-supereffective|p1a: Zoroark\n|-damage|p1a: Zoroark|0 fnt\n|faint|p1a: Zoroark\n|\n|-heal|p2a: Mightyena|290/290 brn|[from] item: Leftovers\n|-damage|p2a: Mightyena|272/290 brn|[from] brn\n|upkeep\n|\n|t:|1783552748\n|switch|p1a: Tatsugiri|Tatsugiri, L87, F, tera:Steel|25/100\n|turn|23\n|inactive|Time left: 300 sec this turn | 300 sec total\n|\n|t:|1783552749\n|move|p1a: Tatsugiri|Draco Meteor|p2a: Mightyena\n|-damage|p2a: Mightyena|68/290 brn\n|-unboost|p1a: Tatsugiri|spa|2\n|move|p2a: Mightyena|Play Rough|p1a: Tatsugiri\n|-resisted|p1a: Tatsugiri\n|-damage|p1a: Tatsugiri|15/100\n|\n|-heal|p2a: Mightyena|86/290 brn|[from] item: Leftovers\n|-damage|p2a: Mightyena|68/290 brn|[from] brn\n|upkeep\n|turn|24\n|inactive|Time left: 300 sec this turn | 300 sec total\n|\n|t:|1783552750\n|move|p1a: Tatsugiri|Draco Meteor|p2a: Mightyena\n|-damage|p2a: Mightyena|0 fnt\n|-unboost|p1a: Tatsugiri|spa|2\n|faint|p2a: Mightyena\n|\n|win|p0x1100c7a2", "uploadtime": 1783552750, "views": 0, "rating": 0, "private": 0, "password": null, "_winner": "p0x1100c7a2", "_our_name": "p0y110044c2"}