{"id": "battle-gen9randombattle-159", "formatid": "gen9randombattle", "format": "[Gen 9] Random Battle", "players": ["p0x1598591", "p0y159e8c8"], "log": "|init|battle\n|title|p0x1598591 vs. p0y159e8c8\n|j|\u2606p0x1598591\n|j|\u2606p0y159e8c8\n|t:|1783535577\n|gametype|singles\n|player|p1|p0x1598591|169|\n|player|p2|p0y159e8c8|2|\n|gen|9\n|tier|[Gen 9] Random Battle\n|rule|Species Clause: Limit one of each Pok\u00e9mon\n|rule|HP Percentage Mod: HP is shown in percentages\n|rule|Sleep Clause Mod: Limit one foe put to sleep\n|rule|Illusion Level Mod: Illusion disguises the Pok\u00e9mon's true level\n|\n|t:|1783535577\n|teamsize|p1|6\n|teamsize|p2|6\n|start\n|switch|p1a: Zangoose|Zangoose, L85, F|100/100\n|switch|p2a: Tatsugiri|Tatsugiri, L87, F|260/260\n|turn|1\n|inactive|Battle timer is ON: inactive players will automatically lose when time's up. (requested by p0x1598591)\n|inactive|Time left: 300 sec this turn | 300 sec total | 60 sec grace\n|inactive|p0y159e8c8 also wants the timer to be on.\n|\n|t:|1783535579\n|move|p1a: Zangoose|Knock Off|p2a: Tatsugiri\n|-damage|p2a: Tatsugiri|148/260\n|-enditem|p2a: Tatsugiri|Heavy-Duty Boots|[from] move: Knock Off|[of] p1a: Zangoose\n|move|p2a: Tatsugiri|Surf|p1a: Zangoose\n|-damage|p1a: Zangoose|40/100\n|\n|-status|p1a: Zangoose|tox|[from] item: Toxic Orb\n|upkeep\n|turn|2\n|inactive|Time left: 300 sec this turn | 300 sec total\n|\n|t:|1783535580\n|switch|p2a: Froslass|Froslass, L87, F|263/263\n|move|p1a: Zangoose|Facade|p2a: Froslass\n|-immune|p2a: Froslass\n|\n|-damage|p1a: Zangoose|34/100 tox|[from] psn\n|upkeep\n|turn|3\n|inactive|Time left: 300 sec this turn | 300 sec total\n|\n|t:|1783535581\n|move|p2a: Froslass|Triple Axel|p1a: Zangoose\n|-damage|p1a: Zangoose|24/100 tox\n|-damage|p1a: Zangoose|5/100 tox\n|-damage|p1a: Zangoose|0 fnt\n|faint|p1a: Zangoose\n|-hitcount|p1: Zangoose|3\n|\n|upkeep\n|\n|t:|1783535582\n|switch|p1a: Cloyster|Cloyster, L80, F|100/100\n|turn|4\n|inactive|Time left: 300 sec this turn | 300 sec total\n|\n|t:|1783535583\n|move|p2a: Froslass|Taunt|p1a: Cloyster\n|-start|p1a: Cloyster|move: Taunt\n|cant|p1a: Cloyster|move: Taunt|Shell Smash\n|\n|upkeep\n|turn|5\n|inactive|Time left: 300 sec this turn | 300 sec total\n|\n|t:|1783535584\n|move|p2a: Froslass|Will-O-Wisp|p1a: Cloyster\n|-status|p1a: Cloyster|brn\n|move|p1a: Cloyster|Rock Blast|p2a: Froslass\n|-supereffective|p2a: Froslass\n|-damage|p2a: Froslass|242/263\n|-supereffective|p2a: Froslass\n|-damage|p2a: Froslass|222/263\n|-supereffective|p2a: Froslass\n|-damage|p2a: Froslass|204/263\n|-supereffective|p2a: Froslass\n|-damage|p2a: Froslass|183/263\n|-supereffective|p2a: Froslass\n|-damage|p2a: Froslass|163/263\n|-hitcount|p2a: Froslass|5\n|\n|-damage|p1a: Cloyster|94/100 brn|[from] brn\n|upkeep\n|turn|6\n|inactive|Time left: 300 sec this turn | 300 sec total\n|\n|t:|1783535585\n|switch|p2a: Basculin|Basculin, L86, M|261/261\n|move|p1a: Cloyster|Rock Blast|p2a: Basculin\n|-damage|p2a: Basculin|251/261\n|-damage|p2a: Basculin|241/261\n|-crit|p2a: Basculin\n|-damage|p2a: Basculin|225/261\n|-damage|p2a: Basculin|215/261\n|-damage|p2a: Basculin|204/261\n|-hitcount|p2a: Basculin|5\n|\n|-damage|p1a: Cloyster|88/100 brn|[from] brn\n|-end|p1a: Cloyster|move: Taunt\n|upkeep\n|turn|7\n|inactive|Time left: 300 sec this turn | 300 sec total\n|\n|t:|1783535587\n|move|p2a: Basculin|Wave Crash|p1a: Cloyster\n|-resisted|p1a: Cloyster\n|-damage|p1a: Cloyster|54/100 brn\n|-damage|p2a: Basculin|180/261|[from] Recoil\n|move|p1a: Cloyster|Shell Smash|p1a: Cloyster\n|-unboost|p1a: Cloyster|def|1\n|-unboost|p1a: Cloyster|spd|1\n|-boost|p1a: Cloyster|atk|2\n|-boost|p1a: Cloyster|spa|2\n|-boost|p1a: Cloyster|spe|2\n|-enditem|p1a: Cloyster|White Herb\n|-clearnegativeboost|p1a: Cloyster|[silent]\n|\n|-damage|p1a: Cloyster|47/100 brn|[from] brn\n|upkeep\n|turn|8\n|inactive|Time left: 300 sec this turn | 300 sec total\n|\n|t:|1783535588\n|move|p1a: Cloyster|Rock Blast|p2a: Basculin\n|-damage|p2a: Basculin|160/261\n|-damage|p2a: Basculin|139/261\n|-damage|p2a: Basculin|120/261\n|-damage|p2a: Basculin|101/261\n|-damage|p2a: Basculin|82/261\n|-hitcount|p2a: Basculin|5\n|move|p2a: Basculin|Wave Crash|p1a: Cloyster\n|-resisted|p1a: Cloyster\n|-damage|p1a: Cloyster|9/100 brn\n|-damage|p2a: Basculin|55/261|[from] Recoil\n|\n|-damage|p1a: Cloyster|3/100 brn|[from] brn\n|upkeep\n|turn|9\n|inactive|Time left: 300 sec this turn | 300 sec total\n|\n|t:|1783535589\n|switch|p2a: Gardevoir|Gardevoir, L83, M|249/249\n|-ability|p2a: Gardevoir|Skill Link|Trace|[from] ability: Trace|[of] p1a: Cloyster\n|move|p1a: Cloyster|Icicle Spear|p2a: Gardevoir\n|-damage|p2a: Gardevoir|221/249\n|-damage|p2a: Gardevoir|191/249\n|-damage|p2a: Gardevoir|160/249\n|-damage|p2a: Gardevoir|130/249\n|-damage|p2a: Gardevoir|100/249\n|-hitcount|p2a: Gardevoir|5\n|\n|-damage|p1a: Cloyster|0 fnt|[from] brn\n|faint|p1a: Cloyster\n|upkeep\n|\n|t:|1783535590\n|switch|p1a: Meganium|Meganium, L90, F|100/100\n|turn|10\n|inactive|Time left: 300 sec this turn | 300 sec total\n|\n|t:|1783535591\n|move|p2a: Gardevoir|Mystical Fire|p1a: Meganium\n|-supereffective|p1a: Meganium\n|-damage|p1a: Meganium|61/100\n|-unboost|p1a: Meganium|spa|1\n|move|p1a: Meganium|Petal Blizzard|p2a: Gardevoir\n|-damage|p2a: Gardevoir|0 fnt\n|faint|p2a: Gardevoir\n|\n|-heal|p1a: Meganium|67/100|[from] item: Leftovers\n|upkeep\n|inactive|Time left: 300 sec this turn | 300 sec total | 5 sec grace\n|\n|t:|1783535592\n|switch|p2a: Froslass|Froslass, L87, F|163/263\n|turn|11\n|inactive|Time left: 300 sec this turn | 300 sec total\n|\n|t:|1783535593\n|-terastallize|p1a: Meganium|Steel\n|move|p2a: Froslass|Triple Axel|p1a: Meganium\n|-resisted|p1a: Meganium\n|-damage|p1a: Meganium|65/100\n|-resisted|p1a: Meganium\n|-damage|p1a: Meganium|59/100\n|-resisted|p1a: Meganium\n|-damage|p1a: Meganium|51/100\n|-hitcount|p1a: Meganium|3\n|move|p1a: Meganium|Knock Off|p2a: Froslass\n|-supereffective|p2a: Froslass\n|-damage|p2a: Froslass|11/263\n|-enditem|p2a: Froslass|Wide Lens|[from] move: Knock Off|[of] p1a: Meganium\n|\n|-heal|p1a: Meganium|57/100|[from] item: Leftovers\n|upkeep\n|turn|12\n|inactive|Time left: 300 sec this turn | 300 sec total\n|\n|t:|1783535594\n|move|p2a: Froslass|Will-O-Wisp|p1a: Meganium\n|-status|p1a: Meganium|brn\n|move|p1a: Meganium|Knock Off|p2a: Froslass\n|-supereffective|p2a: Froslass\n|-damage|p2a: Froslass|0 fnt\n|faint|p2a: Froslass\n|\n|-heal|p1a: Meganium|63/100 brn|[from] item: Leftovers\n|-damage|p1a: Meganium|57/100 brn|[from] brn\n|upkeep\n|inactive|Time left: 300 sec this turn | 300 sec total | 5 sec grace\n|\n|t:|1783535595\n|switch|p2a: Ceruledge|Ceruledge, L78, F|245/245\n|turn|13\n|inactive|Time left: 300 sec this turn | 300 sec total\n|\n|t:|1783535596\n|switch|p1a: Garchomp|Garchomp, L74, M|100/100\n|move|p2a: Ceruledge|Swords Dance|p2a: Ceruledge\n|-boost|p2a: Ceruledge|atk|2\n|\n|upkeep\n|turn|14\n|inactive|Time left: 300 sec this turn | 300 sec total\n|\n|t:|1783535597\n|move|p1a: Garchomp|Earthquake|p2a: Ceruledge\n|-supereffective|p2a: Ceruledge\n|-damage|p2a: Ceruledge|17/245\n|-ability|p2a: Ceruledge|Weak Armor|boost\n|-unboost|p2a: Ceruledge|def|1\n|-boost|p2a: Ceruledge|spe|2\n|move|p2a: Ceruledge|Poltergeist|p1a: Garchomp\n|-activate|p1a: Garchomp|move: Poltergeist|Loaded Dice\n|-damage|p1a: Garchomp|4/100\n|\n|upkeep\n|turn|15\n|inactive|Time left: 300 sec this turn | 300 sec total\n|\n|t:|1783535599\n|move|p2a: Ceruledge|Bitter Blade|p1a: Garchomp\n|-resisted|p1a: Garchomp\n|-damage|p1a: Garchomp|0 fnt\n|-heal|p2a: Ceruledge|23/245|[from] drain|[of] p1a: Garchomp\n|-damage|p2a: Ceruledge|0 fnt|[from] ability: Rough Skin|[of] p1a: Garchomp\n|faint|p1a: Garchomp\n|faint|p2a: Ceruledge\n|\n|upkeep\n|inactive|Time left: 300 sec this turn | 300 sec total | 5 sec grace\n|\n|t:|1783535600\n|switch|p1a: Hawlucha|Hawlucha, L80, F|100/100\n|switch|p2a: Furret|Furret, L94, F|312/312\n|-item|p1a: Hawlucha|White Herb|[from] ability: Frisk|[of] p2a: Furret\n|turn|16\n|inactive|Time left: 300 sec this turn | 300 sec total\n|\n|t:|1783535601\n|-terastallize|p2a: Furret|Ghost\n|move|p1a: Hawlucha|Close Combat|p2a: Furret\n|-immune|p2a: Furret\n|move|p2a: Furret|Tidy Up|p2a: Furret\n|-boost|p2a: Furret|atk|1\n|-boost|p2a: Furret|spe|1\n|\n|upkeep\n|turn|17\n|inactive|Time left: 300 sec this turn | 300 sec total\n|\n|t:|1783535601\n|switch|p1a: Meganium|Meganium, L90, F, tera:Steel|57/100 brn\n|move|p2a: Furret|Double-Edge|p1a: Meganium\n|-resisted|p1a: Meganium\n|-damage|p1a: Meganium|20/100 brn\n|-damage|p2a: Furret|277/312|[from] Recoil\n|-damage|p2a: Furret|246/312|[from] item: Life Orb\n|\n|-heal|p1a: Meganium|26/100 brn|[from] item: Leftovers\n|-damage|p1a: Meganium|20/100 brn|[from] brn\n|upkeep\n|turn|18\n|inactive|Time left: 300 sec this turn | 300 sec total\n|\n|t:|1783535602\n|move|p2a: Furret|Tidy Up|p2a: Furret\n|-boost|p2a: Furret|atk|1\n|-boost|p2a: Furret|spe|1\n|move|p1a: Meganium|Petal Blizzard|p2a: Furret\n|-damage|p2a: Furret|166/312\n|\n|-heal|p1a: Meganium|26/100 brn|[from] item: Leftovers\n|-damage|p1a: Meganium|20/100 brn|[from] brn\n|upkeep\n|turn|19\n|inactive|Time left: 300 sec this turn | 300 sec total\n|\n|t:|1783535603\n|switch|p1a: Hawlucha|Hawlucha, L80, F|100/100\n|move|p2a: Furret|Knock Off|p1a: Hawlucha\n|-resisted|p1a: Hawlucha\n|-damage|p1a: Hawlucha|57/100\n|-enditem|p1a: Hawlucha|White Herb|[from] move: Knock Off|[of] p2a: Furret\n|-damage|p2a: Furret|135/312|[from] item: Life Orb\n|\n|upkeep\n|turn|20\n|inactive|Time left: 300 sec this turn | 300 sec total\n|\n|t:|1783535604\n|move|p1a: Hawlucha|Acrobatics|p2a: Furret\n|-damage|p2a: Furret|15/312\n|move|p2a: Furret|Double-Edge|p1a: Hawlucha\n|-damage|p1a: Hawlucha|0 fnt\n|faint|p1a: Hawlucha\n|-damage|p2a: Furret|0 fnt|[from] Recoil\n|faint|p2a: Furret\n|\n|upkeep\n|inactive|Time left: 300 sec this turn | 300 sec total | 5 sec grace\n|\n|t:|1783535605\n|switch|p1a: Meganium|Meganium, L90, F, tera:Steel|20/100 brn\n|switch|p2a: Basculin|Basculin, L86, M|55/261\n|turn|21\n|inactive|Time left: 300 sec this turn | 300 sec total\n|\n|t:|1783535605\n|switch|p1a: Solgaleo|Solgaleo, L74|100/100\n|move|p2a: Basculin|Wave Crash|p1a: Solgaleo\n|-damage|p1a: Solgaleo|22/100\n|-damage|p2a: Basculin|0 fnt|[from] Recoil\n|faint|p2a: Basculin\n|\n|-heal|p1a: Solgaleo|28/100|[from] item: Leftovers\n|upkeep\n|inactive|Time left: 300 sec this turn | 300 sec total | 5 sec grace\n|\n|t:|1783535606\n|switch|p2a: Tatsugiri|Tatsugiri, L87, F|148/260\n|turn|22\n|inactive|Time left: 300 sec this turn | 300 sec total\n|\n|t:|1783535607\n|move|p2a: Tatsugiri|Surf|p1a: Solgaleo\n|-damage|p1a: Solgaleo|0 fnt\n|faint|p1a: Solgaleo\n|\n|upkeep\n|\n|t:|1783535607\n|switch|p1a: Meganium|Meganium, L90, F, tera:Steel|20/100 brn\n|turn|23\n|inactive|Time left: 300 sec this turn | 300 sec total\n|\n|t:|1783535608\n|move|p1a: Meganium|Petal Blizzard|p2a: Tatsugiri\n|-crit|p2a: Tatsugiri\n|-damage|p2a: Tatsugiri|6/260\n|move|p2a: Tatsugiri|Surf|p1a: Meganium\n|-damage|p1a: Meganium|0 fnt\n|faint|p1a: Meganium\n|\n|win|p0y159e8c8", "uploadtime": 1783535608, "views": 0, "rating": 0, "private": 0, "password": null, "_winner": "p0y159e8c8", "_our_name": "p0y159e8c8"}