{"id": "battle-gen9randombattle-1574", "formatid": "gen9randombattle", "format": "[Gen 9] Random Battle", "players": ["p0x1574f536", "p0y1574bdc1"], "log": "|init|battle\n|title|p0x1574f536 vs. p0y1574bdc1\n|j|\u2606p0x1574f536\n|j|\u2606p0y1574bdc1\n|t:|1783557430\n|gametype|singles\n|player|p1|p0x1574f536|101|\n|player|p2|p0y1574bdc1|265|\n|gen|9\n|tier|[Gen 9] Random Battle\n|rule|Species Clause: Limit one of each Pok\u00e9mon\n|rule|HP Percentage Mod: HP is shown in percentages\n|rule|Sleep Clause Mod: Limit one foe put to sleep\n|rule|Illusion Level Mod: Illusion disguises the Pok\u00e9mon's true level\n|\n|t:|1783557430\n|teamsize|p1|6\n|teamsize|p2|6\n|start\n|switch|p1a: Typhlosion|Typhlosion-Hisui, L83, M|257/257\n|switch|p2a: Pyroar|Pyroar, L88, M|100/100\n|-ability|p2a: Pyroar|Unnerve\n|turn|1\n|inactive|Battle timer is ON: inactive players will automatically lose when time's up. (requested by p0x1574f536)\n|inactive|p0y1574bdc1 also wants the timer to be on.\n|\n|t:|1783557431\n|move|p2a: Pyroar|Dark Pulse|p1a: Typhlosion\n|-supereffective|p1a: Typhlosion\n|-damage|p1a: Typhlosion|107/257\n|move|p1a: Typhlosion|Focus Blast|p2a: Pyroar\n|-supereffective|p2a: Pyroar\n|-damage|p2a: Pyroar|28/100\n|\n|upkeep\n|turn|2\n|inactive|Time left: 300 sec this turn | 300 sec total\n|\n|t:|1783557432\n|switch|p1a: Dunsparce|Dunsparce, L86, F|312/312\n|move|p2a: Pyroar|Dark Pulse|p1a: Dunsparce\n|-damage|p1a: Dunsparce|253/312\n|\n|upkeep\n|turn|3\n|inactive|Time left: 300 sec this turn | 300 sec total\n|\n|t:|1783557433\n|move|p2a: Pyroar|Will-O-Wisp|p1a: Dunsparce\n|-status|p1a: Dunsparce|brn\n|move|p1a: Dunsparce|Earthquake|p2a: Pyroar\n|-supereffective|p2a: Pyroar\n|-damage|p2a: Pyroar|7/100\n|\n|-damage|p1a: Dunsparce|234/312 brn|[from] brn\n|upkeep\n|turn|4\n|inactive|Time left: 300 sec this turn | 300 sec total\n|\n|t:|1783557434\n|move|p2a: Pyroar|Fire Blast|p1a: Dunsparce\n|-damage|p1a: Dunsparce|116/312 brn\n|move|p1a: Dunsparce|Coil|p1a: Dunsparce\n|-boost|p1a: Dunsparce|atk|1\n|-boost|p1a: Dunsparce|def|1\n|-boost|p1a: Dunsparce|accuracy|1\n|\n|-damage|p1a: Dunsparce|97/312 brn|[from] brn\n|upkeep\n|turn|5\n|inactive|Time left: 300 sec this turn | 300 sec total\n|\n|t:|1783557435\n|move|p2a: Pyroar|Fire Blast|p1a: Dunsparce\n|-damage|p1a: Dunsparce|0 fnt\n|faint|p1a: Dunsparce\n|\n|upkeep\n|inactive|Time left: 300 sec this turn | 300 sec total | 5 sec grace\n|\n|t:|1783557436\n|switch|p1a: Gurdurr|Gurdurr, L85, F|283/283\n|turn|6\n|inactive|Time left: 300 sec this turn | 300 sec total\n|\n|t:|1783557438\n|move|p1a: Gurdurr|Mach Punch|p2a: Pyroar\n|-supereffective|p2a: Pyroar\n|-damage|p2a: Pyroar|0 fnt\n|faint|p2a: Pyroar\n|\n|upkeep\n|\n|t:|1783557439\n|switch|p2a: Hydrapple|Hydrapple, L83, M|100/100\n|turn|7\n|inactive|Time left: 300 sec this turn | 300 sec total\n|\n|t:|1783557440\n|move|p2a: Hydrapple|Fickle Beam|p1a: Gurdurr\n|-damage|p1a: Gurdurr|126/283\n|move|p1a: Gurdurr|Knock Off|p2a: Hydrapple\n|-damage|p2a: Hydrapple|80/100\n|-enditem|p2a: Hydrapple|Choice Specs|[from] move: Knock Off|[of] p1a: Gurdurr\n|\n|upkeep\n|turn|8\n|inactive|Time left: 300 sec this turn | 300 sec total\n|\n|t:|1783557441\n|move|p2a: Hydrapple|Fickle Beam|p1a: Gurdurr\n|-damage|p1a: Gurdurr|36/283\n|move|p1a: Gurdurr|Drain Punch|p2a: Hydrapple\n|-damage|p2a: Hydrapple|56/100\n|-heal|p1a: Gurdurr|74/283|[from] drain|[of] p2a: Hydrapple\n|\n|upkeep\n|turn|9\n|inactive|Time left: 300 sec this turn | 300 sec total\n|\n|t:|1783557442\n|move|p1a: Gurdurr|Mach Punch|p2a: Hydrapple\n|-damage|p2a: Hydrapple|42/100\n|move|p2a: Hydrapple|Fickle Beam|p1a: Gurdurr\n|-damage|p1a: Gurdurr|0 fnt\n|faint|p1a: Gurdurr\n|\n|upkeep\n|inactive|Time left: 300 sec this turn | 300 sec total | 5 sec grace\n|\n|t:|1783557443\n|switch|p1a: Oricorio|Oricorio-Sensu, L85, M|266/266\n|turn|10\n|inactive|Time left: 300 sec this turn | 300 sec total\n|\n|t:|1783557444\n|switch|p2a: Mudsdale|Mudsdale, L83, M|100/100\n|move|p1a: Oricorio|Quiver Dance|p1a: Oricorio\n|-boost|p1a: Oricorio|spa|1\n|-boost|p1a: Oricorio|spd|1\n|-boost|p1a: Oricorio|spe|1\n|\n|upkeep\n|turn|11\n|inactive|Time left: 300 sec this turn | 300 sec total\n|\n|t:|1783557445\n|move|p1a: Oricorio|Hurricane|p2a: Mudsdale\n|-damage|p2a: Mudsdale|39/100\n|-ability|p2a: Mudsdale|Stamina|boost\n|-boost|p2a: Mudsdale|def|1\n|move|p2a: Mudsdale|Roar|p1a: Oricorio\n|drag|p1a: Typhlosion|Typhlosion-Hisui, L83, M|107/257\n|\n|-heal|p2a: Mudsdale|45/100|[from] item: Leftovers\n|upkeep\n|turn|12\n|inactive|Time left: 300 sec this turn | 300 sec total\n|\n|t:|1783557446\n|switch|p2a: Miraidon|Miraidon, L65|100/100\n|-fieldstart|move: Electric Terrain|[from] ability: Hadron Engine|[of] p2a: Miraidon\n|move|p1a: Typhlosion|Fire Blast|p2a: Miraidon\n|-resisted|p2a: Miraidon\n|-damage|p2a: Miraidon|71/100\n|-status|p2a: Miraidon|brn\n|\n|-damage|p2a: Miraidon|65/100 brn|[from] brn\n|upkeep\n|turn|13\n|inactive|Time left: 300 sec this turn | 300 sec total\n|\n|t:|1783557447\n|switch|p1a: Minun|Minun, L95, M|268/268\n|move|p2a: Miraidon|Electro Drift|p1a: Minun\n|-immune|p1a: Minun|[from] ability: Volt Absorb\n|\n|-damage|p2a: Miraidon|59/100 brn|[from] brn\n|upkeep\n|turn|14\n|inactive|Time left: 300 sec this turn | 300 sec total\n|\n|t:|1783557448\n|switch|p2a: Piloswine|Piloswine, L85, F|100/100\n|move|p1a: Minun|Nasty Plot|p1a: Minun\n|-boost|p1a: Minun|spa|2\n|\n|upkeep\n|turn|15\n|inactive|Time left: 300 sec this turn | 300 sec total\n|\n|t:|1783557449\n|-terastallize|p1a: Minun|Fairy\n|move|p1a: Minun|Grass Knot|p2a: Piloswine\n|-supereffective|p2a: Piloswine\n|-damage|p2a: Piloswine|16/100\n|-damage|p1a: Minun|242/268|[from] item: Life Orb\n|move|p2a: Piloswine|Earthquake|p1a: Minun\n|-damage|p1a: Minun|85/268\n|\n|upkeep\n|turn|16\n|inactive|Time left: 300 sec this turn | 300 sec total\n|\n|t:|1783557451\n|move|p2a: Piloswine|Ice Shard|p1a: Minun\n|-damage|p1a: Minun|19/268\n|move|p1a: Minun|Alluring Voice|p2a: Piloswine\n|-damage|p2a: Piloswine|0 fnt\n|faint|p2a: Piloswine\n|-damage|p1a: Minun|0 fnt|[from] item: Life Orb\n|faint|p1a: Minun\n|\n|-fieldend|move: Electric Terrain\n|upkeep\n|inactive|Time left: 300 sec this turn | 300 sec total | 5 sec grace\n|\n|t:|1783557452\n|switch|p1a: Indeedee|Indeedee, L84, M|238/238\n|switch|p2a: Miraidon|Miraidon, L65|59/100 brn\n|-fieldstart|move: Electric Terrain|[from] ability: Hadron Engine|[of] p2a: Miraidon\n|-fieldstart|move: Psychic Terrain|[from] ability: Psychic Surge|[of] p1a: Indeedee\n|turn|17\n|inactive|Time left: 300 sec this turn | 300 sec total\n|\n|t:|1783557453\n|move|p2a: Miraidon|Electro Drift|p1a: Indeedee\n|-damage|p1a: Indeedee|133/238\n|-damage|p2a: Miraidon|49/100 brn|[from] item: Life Orb\n|move|p1a: Indeedee|Expanding Force|p2a: Miraidon\n|-damage|p2a: Miraidon|0 fnt\n|faint|p2a: Miraidon\n|-damage|p1a: Indeedee|110/238|[from] item: Life Orb\n|\n|upkeep\n|\n|t:|1783557454\n|switch|p2a: Mudsdale|Mudsdale, L83, M|45/100\n|turn|18\n|inactive|Time left: 300 sec this turn | 300 sec total\n|\n|t:|1783557455\n|-terastallize|p2a: Mudsdale|Steel\n|move|p1a: Indeedee|Expanding Force|p2a: Mudsdale\n|-resisted|p2a: Mudsdale\n|-damage|p2a: Mudsdale|7/100\n|-ability|p2a: Mudsdale|Stamina|boost\n|-boost|p2a: Mudsdale|def|1\n|-damage|p1a: Indeedee|87/238|[from] item: Life Orb\n|move|p2a: Mudsdale|Heavy Slam|p1a: Indeedee\n|-damage|p1a: Indeedee|0 fnt\n|faint|p1a: Indeedee\n|\n|-heal|p2a: Mudsdale|13/100|[from] item: Leftovers\n|upkeep\n|inactive|Time left: 300 sec this turn | 300 sec total | 5 sec grace\n|\n|t:|1783557456\n|switch|p1a: Oricorio|Oricorio-Sensu, L85, M|266/266\n|turn|19\n|inactive|Time left: 300 sec this turn | 300 sec total\n|\n|t:|1783557457\n|move|p1a: Oricorio|Revelation Dance|p2a: Mudsdale\n|-damage|p2a: Mudsdale|0 fnt\n|faint|p2a: Mudsdale\n|\n|upkeep\n|\n|t:|1783557458\n|switch|p2a: Hydrapple|Hydrapple, L83, M|76/100\n|turn|20\n|inactive|Time left: 300 sec this turn | 300 sec total\n|\n|t:|1783557459\n|switch|p2a: Beartic|Beartic, L91, M|100/100\n|move|p1a: Oricorio|Quiver Dance|p1a: Oricorio\n|-boost|p1a: Oricorio|spa|1\n|-boost|p1a: Oricorio|spd|1\n|-boost|p1a: Oricorio|spe|1\n|\n|upkeep\n|turn|21\n|inactive|Time left: 300 sec this turn | 300 sec total\n|\n|t:|1783557460\n|move|p1a: Oricorio|Hurricane|p2a: Beartic\n|-damage|p2a: Beartic|41/100\n|move|p2a: Beartic|Icicle Crash|p1a: Oricorio\n|-supereffective|p1a: Oricorio\n|-damage|p1a: Oricorio|0 fnt\n|faint|p1a: Oricorio\n|\n|-fieldend|move: Psychic Terrain\n|upkeep\n|inactive|Time left: 300 sec this turn | 300 sec total | 5 sec grace\n|\n|t:|1783557461\n|switch|p1a: Typhlosion|Typhlosion-Hisui, L83, M|107/257\n|turn|22\n|inactive|Time left: 300 sec this turn | 300 sec total\n|\n|t:|1783557462\n|move|p2a: Beartic|Aqua Jet|p1a: Typhlosion\n|-supereffective|p1a: Typhlosion\n|-damage|p1a: Typhlosion|17/257\n|move|p1a: Typhlosion|Calm Mind|p1a: Typhlosion\n|-boost|p1a: Typhlosion|spa|1\n|-boost|p1a: Typhlosion|spd|1\n|\n|upkeep\n|turn|23\n|inactive|Time left: 300 sec this turn | 300 sec total\n|\n|t:|1783557462\n|move|p2a: Beartic|Aqua Jet|p1a: Typhlosion\n|-supereffective|p1a: Typhlosion\n|-damage|p1a: Typhlosion|0 fnt\n|faint|p1a: Typhlosion\n|\n|win|p0y1574bdc1", "uploadtime": 1783557462, "views": 0, "rating": 0, "private": 0, "password": null, "_winner": "p0y1574bdc1", "_our_name": "p0x1574f536"}