{"id": "battle-gen9randombattle-191", "formatid": "gen9randombattle", "format": "[Gen 9] Random Battle", "players": ["p0x191bd33", "p0y191dfc9"], "log": "|init|battle\n|title|p0x191bd33 vs. p0y191dfc9\n|j|\u2606p0x191bd33\n|j|\u2606p0y191dfc9\n|t:|1783541787\n|gametype|singles\n|player|p1|p0x191bd33|102|\n|player|p2|p0y191dfc9|2|\n|gen|9\n|tier|[Gen 9] Random Battle\n|rule|Species Clause: Limit one of each Pok\u00e9mon\n|rule|HP Percentage Mod: HP is shown in percentages\n|rule|Sleep Clause Mod: Limit one foe put to sleep\n|rule|Illusion Level Mod: Illusion disguises the Pok\u00e9mon's true level\n|\n|t:|1783541787\n|teamsize|p1|6\n|teamsize|p2|6\n|start\n|switch|p1a: Miraidon|Miraidon, L65|100/100\n|switch|p2a: Drednaw|Drednaw, L81, M|278/278\n|-fieldstart|move: Electric Terrain|[from] ability: Hadron Engine|[of] p1a: Miraidon\n|turn|1\n|inactive|Battle timer is ON: inactive players will automatically lose when time's up. (requested by p0y191dfc9)\n|inactive|p0x191bd33 also wants the timer to be on.\n|\n|t:|1783541788\n|switch|p2a: Leafeon|Leafeon, L88, F|258/258\n|move|p1a: Miraidon|Electro Drift|p2a: Leafeon\n|-resisted|p2a: Leafeon\n|-damage|p2a: Leafeon|116/258\n|\n|-heal|p2a: Leafeon|132/258|[from] item: Leftovers\n|upkeep\n|turn|2\n|inactive|Time left: 300 sec this turn | 300 sec total\n|\n|t:|1783541789\n|move|p2a: Leafeon|Knock Off|p1a: Miraidon\n|-damage|p1a: Miraidon|57/100\n|-enditem|p1a: Miraidon|Choice Specs|[from] move: Knock Off|[of] p2a: Leafeon\n|move|p1a: Miraidon|Electro Drift|p2a: Leafeon\n|-resisted|p2a: Leafeon\n|-crit|p2a: Leafeon\n|-damage|p2a: Leafeon|0 fnt\n|faint|p2a: Leafeon\n|\n|upkeep\n|inactive|Time left: 300 sec this turn | 300 sec total | 5 sec grace\n|\n|t:|1783541790\n|switch|p2a: Flutter Mane|Flutter Mane, L74|203/203\n|turn|3\n|inactive|Time left: 300 sec this turn | 300 sec total\n|\n|t:|1783541791\n|move|p2a: Flutter Mane|Moonblast|p1a: Miraidon\n|-supereffective|p1a: Miraidon\n|-damage|p1a: Miraidon|0 fnt\n|faint|p1a: Miraidon\n|\n|upkeep\n|\n|t:|1783541792\n|switch|p1a: Skeledirge|Skeledirge, L79, M|100/100\n|turn|4\n|inactive|Time left: 300 sec this turn | 300 sec total\n|\n|t:|1783541793\n|move|p2a: Flutter Mane|Moonblast|p1a: Skeledirge\n|-resisted|p1a: Skeledirge\n|-damage|p1a: Skeledirge|68/100\n|move|p1a: Skeledirge|Shadow Ball|p2a: Flutter Mane\n|-supereffective|p2a: Flutter Mane\n|-damage|p2a: Flutter Mane|75/203\n|-unboost|p2a: Flutter Mane|spd|1\n|\n|upkeep\n|turn|5\n|inactive|Time left: 300 sec this turn | 300 sec total\n|\n|t:|1783541794\n|move|p2a: Flutter Mane|Moonblast|p1a: Skeledirge\n|-resisted|p1a: Skeledirge\n|-damage|p1a: Skeledirge|36/100\n|move|p1a: Skeledirge|Torch Song|p2a: Flutter Mane\n|-damage|p2a: Flutter Mane|6/203\n|-boost|p1a: Skeledirge|spa|1\n|\n|-fieldend|move: Electric Terrain\n|upkeep\n|turn|6\n|inactive|Time left: 300 sec this turn | 300 sec total\n|\n|t:|1783541795\n|-terastallize|p2a: Flutter Mane|Fairy\n|move|p2a: Flutter Mane|Moonblast|p1a: Skeledirge\n|-resisted|p1a: Skeledirge\n|-damage|p1a: Skeledirge|0 fnt\n|faint|p1a: Skeledirge\n|\n|upkeep\n|\n|t:|1783541797\n|switch|p1a: Dachsbun|Dachsbun, L92, F|100/100\n|turn|7\n|inactive|Time left: 300 sec this turn | 300 sec total\n|\n|t:|1783541798\n|move|p1a: Dachsbun|Protect|p1a: Dachsbun\n|-singleturn|p1a: Dachsbun|Protect\n|move|p2a: Flutter Mane|Moonblast|p1a: Dachsbun\n|-activate|p1a: Dachsbun|move: Protect\n|\n|upkeep\n|turn|8\n|inactive|Time left: 300 sec this turn | 300 sec total\n|\n|t:|1783541799\n|move|p2a: Flutter Mane|Moonblast|p1a: Dachsbun\n|-damage|p1a: Dachsbun|22/100\n|move|p1a: Dachsbun|Play Rough|p2a: Flutter Mane\n|-damage|p2a: Flutter Mane|0 fnt\n|faint|p2a: Flutter Mane\n|-end|p2a: Flutter Mane|Protosynthesis|[silent]\n|\n|-heal|p1a: Dachsbun|28/100|[from] item: Leftovers\n|upkeep\n|inactive|Time left: 300 sec this turn | 300 sec total | 5 sec grace\n|\n|t:|1783541800\n|switch|p2a: Drednaw|Drednaw, L81, M|278/278\n|turn|9\n|inactive|Time left: 300 sec this turn | 300 sec total\n|\n|t:|1783541802\n|switch|p1a: Staraptor|Staraptor, L79, F|100/100\n|move|p2a: Drednaw|Shell Smash|p2a: Drednaw\n|-unboost|p2a: Drednaw|def|1\n|-unboost|p2a: Drednaw|spd|1\n|-boost|p2a: Drednaw|atk|2\n|-boost|p2a: Drednaw|spa|2\n|-boost|p2a: Drednaw|spe|2\n|-enditem|p2a: Drednaw|White Herb\n|-clearnegativeboost|p2a: Drednaw|[silent]\n|\n|upkeep\n|turn|10\n|inactive|Time left: 300 sec this turn | 300 sec total\n|\n|t:|1783541803\n|-terastallize|p1a: Staraptor|Fighting\n|move|p2a: Drednaw|Stone Edge|p1a: Staraptor\n|-resisted|p1a: Staraptor\n|-crit|p1a: Staraptor\n|-damage|p1a: Staraptor|18/100\n|move|p1a: Staraptor|Close Combat|p2a: Drednaw\n|-supereffective|p2a: Drednaw\n|-damage|p2a: Drednaw|0 fnt\n|-unboost|p1a: Staraptor|def|1\n|-unboost|p1a: Staraptor|spd|1\n|faint|p2a: Drednaw\n|\n|upkeep\n|inactive|Time left: 300 sec this turn | 300 sec total | 5 sec grace\n|\n|t:|1783541804\n|switch|p2a: Espeon|Espeon, L84, F|246/246\n|turn|11\n|inactive|Time left: 300 sec this turn | 300 sec total\n|\n|t:|1783541805\n|move|p2a: Espeon|Shadow Ball|p1a: Staraptor\n|-damage|p1a: Staraptor|0 fnt\n|faint|p1a: Staraptor\n|-damage|p2a: Espeon|222/246|[from] item: Life Orb\n|\n|upkeep\n|\n|t:|1783541806\n|switch|p1a: Morpeko|Morpeko, L88, M|100/100\n|turn|12\n|inactive|Time left: 300 sec this turn | 300 sec total\n|\n|t:|1783541807\n|move|p2a: Espeon|Alluring Voice|p1a: Morpeko\n|-supereffective|p1a: Morpeko\n|-damage|p1a: Morpeko|7/100\n|-damage|p2a: Espeon|198/246|[from] item: Life Orb\n|move|p1a: Morpeko|Aura Wheel|p2a: Espeon\n|-damage|p2a: Espeon|27/246\n|-boost|p1a: Morpeko|spe|1\n|\n|-formechange|p1a: Morpeko|Morpeko-Hangry||[from] ability: Hunger Switch\n|upkeep\n|turn|13\n|inactive|Time left: 300 sec this turn | 300 sec total\n|\n|t:|1783541808\n|switch|p2a: Coalossal|Coalossal, L89, M|341/341\n|move|p1a: Morpeko|Aura Wheel|p2a: Coalossal\n|-damage|p2a: Coalossal|241/341\n|-boost|p1a: Morpeko|spe|1\n|\n|-formechange|p1a: Morpeko|Morpeko||[from] ability: Hunger Switch\n|upkeep\n|turn|14\n|inactive|Time left: 300 sec this turn | 300 sec total\n|\n|t:|1783541809\n|move|p1a: Morpeko|Parting Shot|p2a: Coalossal\n|-unboost|p2a: Coalossal|atk|1\n|-unboost|p2a: Coalossal|spa|1\n|\n|t:|1783541810\n|switch|p1a: Dachsbun|Dachsbun, L92, F|28/100|[from] Parting Shot\n|move|p2a: Coalossal|Stone Edge|p1a: Dachsbun\n|-damage|p1a: Dachsbun|8/100\n|\n|-heal|p1a: Dachsbun|13/100|[from] item: Leftovers\n|upkeep\n|turn|15\n|inactive|Time left: 300 sec this turn | 300 sec total\n|\n|t:|1783541811\n|switch|p2a: Skeledirge|Skeledirge, L79, M|294/294\n|move|p1a: Dachsbun|Wish|p1a: Dachsbun\n|\n|-heal|p1a: Dachsbun|19/100|[from] item: Leftovers\n|upkeep\n|turn|16\n|inactive|Time left: 300 sec this turn | 300 sec total\n|\n|t:|1783541812\n|move|p1a: Dachsbun|Protect|p1a: Dachsbun\n|-singleturn|p1a: Dachsbun|Protect\n|move|p2a: Skeledirge|Hex|p1a: Dachsbun\n|-activate|p1a: Dachsbun|move: Protect\n|\n|-heal|p1a: Dachsbun|69/100|[from] move: Wish|[wisher] Dachsbun\n|-heal|p1a: Dachsbun|75/100|[from] item: Leftovers\n|upkeep\n|turn|17\n|inactive|Time left: 300 sec this turn | 300 sec total\n|\n|t:|1783541813\n|move|p1a: Dachsbun|Play Rough|p2a: Skeledirge\n|-resisted|p2a: Skeledirge\n|-damage|p2a: Skeledirge|246/294\n|move|p2a: Skeledirge|Hex|p1a: Dachsbun\n|-damage|p1a: Dachsbun|48/100\n|\n|-heal|p1a: Dachsbun|54/100|[from] item: Leftovers\n|upkeep\n|turn|18\n|inactive|Time left: 300 sec this turn | 300 sec total\n|\n|t:|1783541814\n|move|p1a: Dachsbun|Wish|p1a: Dachsbun\n|move|p2a: Skeledirge|Hex|p1a: Dachsbun\n|-damage|p1a: Dachsbun|30/100\n|\n|-heal|p1a: Dachsbun|36/100|[from] item: Leftovers\n|upkeep\n|turn|19\n|inactive|Time left: 300 sec this turn | 300 sec total\n|\n|t:|1783541815\n|move|p1a: Dachsbun|Play Rough|p2a: Skeledirge|[miss]\n|-miss|p1a: Dachsbun|p2a: Skeledirge\n|move|p2a: Skeledirge|Hex|p1a: Dachsbun\n|-damage|p1a: Dachsbun|11/100\n|\n|-heal|p1a: Dachsbun|61/100|[from] move: Wish|[wisher] Dachsbun\n|-heal|p1a: Dachsbun|67/100|[from] item: Leftovers\n|upkeep\n|turn|20\n|inactive|Time left: 300 sec this turn | 300 sec total\n|\n|t:|1783541816\n|move|p1a: Dachsbun|Wish|p1a: Dachsbun\n|move|p2a: Skeledirge|Slack Off|p2a: Skeledirge\n|-heal|p2a: Skeledirge|294/294\n|\n|-heal|p1a: Dachsbun|73/100|[from] item: Leftovers\n|upkeep\n|turn|21\n|inactive|Time left: 300 sec this turn | 300 sec total\n|\n|t:|1783541817\n|move|p1a: Dachsbun|Play Rough|p2a: Skeledirge\n|-resisted|p2a: Skeledirge\n|-damage|p2a: Skeledirge|245/294\n|move|p2a: Skeledirge|Hex|p1a: Dachsbun\n|-damage|p1a: Dachsbun|49/100\n|\n|-heal|p1a: Dachsbun|99/100|[from] move: Wish|[wisher] Dachsbun\n|-heal|p1a: Dachsbun|100/100|[from] item: Leftovers\n|upkeep\n|turn|22\n|inactive|Time left: 300 sec this turn | 300 sec total\n|\n|t:|1783541818\n|switch|p1a: Dachsbun|Dachsbun, L92, F|100/100\n|move|p2a: Skeledirge|Slack Off|p2a: Skeledirge\n|-heal|p2a: Skeledirge|294/294\n|\n|upkeep\n|turn|23\n|inactive|Time left: 300 sec this turn | 300 sec total\n|\n|t:|1783541819\n|move|p1a: Dachsbun|Bitter Malice|p2a: Skeledirge\n|-supereffective|p2a: Skeledirge\n|-damage|p2a: Skeledirge|0 fnt\n|faint|p2a: Skeledirge\n|\n|upkeep\n|inactive|Time left: 300 sec this turn | 300 sec total | 5 sec grace\n|\n|t:|1783541820\n|switch|p2a: Espeon|Espeon, L84, F|27/246\n|turn|24\n|inactive|Time left: 300 sec this turn | 300 sec total\n|\n|t:|1783541821\n|move|p2a: Espeon|Psychic|p1a: Dachsbun\n|-damage|p1a: Dachsbun|8/100\n|replace|p1a: Zoroark|Zoroark-Hisui, L80, M\n|-end|p1a: Zoroark|Illusion\n|-hint|Illusion Level Mod is active, so this Pok\u00e9mon's true level was hidden.\n|-damage|p2a: Espeon|3/246|[from] item: Life Orb\n|move|p1a: Zoroark|Bitter Malice|p2a: Espeon\n|-supereffective|p2a: Espeon\n|-damage|p2a: Espeon|0 fnt\n|faint|p2a: Espeon\n|\n|upkeep\n|inactive|Time left: 300 sec this turn | 300 sec total | 5 sec grace\n|\n|t:|1783541822\n|switch|p2a: Coalossal|Coalossal, L89, M|241/341\n|turn|25\n|inactive|Time left: 300 sec this turn | 300 sec total\n|\n|t:|1783541823\n|move|p1a: Zoroark|Bitter Malice|p2a: Coalossal\n|-damage|p2a: Coalossal|124/341\n|-unboost|p2a: Coalossal|atk|1\n|move|p2a: Coalossal|Stone Edge|p1a: Zoroark|[miss]\n|-miss|p2a: Coalossal|p1a: Zoroark\n|\n|upkeep\n|turn|26\n|inactive|Time left: 300 sec this turn | 300 sec total\n|\n|t:|1783541824\n|move|p1a: Zoroark|Bitter Malice|p2a: Coalossal\n|-damage|p2a: Coalossal|4/341\n|-unboost|p2a: Coalossal|atk|1\n|move|p2a: Coalossal|Stone Edge|p1a: Zoroark\n|-damage|p1a: Zoroark|0 fnt\n|faint|p1a: Zoroark\n|\n|upkeep\n|\n|t:|1783541826\n|switch|p1a: Morpeko|Morpeko, L88, M|7/100\n|turn|27\n|inactive|Time left: 300 sec this turn | 300 sec total\n|\n|t:|1783541826\n|move|p1a: Morpeko|Aura Wheel|p2a: Coalossal\n|-damage|p2a: Coalossal|0 fnt\n|-boost|p1a: Morpeko|spe|1\n|faint|p2a: Coalossal\n|\n|win|p0x191bd33", "uploadtime": 1783541826, "views": 0, "rating": 0, "private": 0, "password": null, "_winner": "p0x191bd33", "_our_name": "p0y191dfc9"}