{"id": "battle-gen9randombattle-1228", "formatid": "gen9randombattle", "format": "[Gen 9] Random Battle", "players": ["p0x1228ecb4", "p0y12287974"], "log": "|init|battle\n|title|p0x1228ecb4 vs. p0y12287974\n|j|\u2606p0x1228ecb4\n|j|\u2606p0y12287974\n|t:|1783553334\n|gametype|singles\n|player|p1|p0x1228ecb4|1|\n|player|p2|p0y12287974|169|\n|gen|9\n|tier|[Gen 9] Random Battle\n|rule|Species Clause: Limit one of each Pok\u00e9mon\n|rule|HP Percentage Mod: HP is shown in percentages\n|rule|Sleep Clause Mod: Limit one foe put to sleep\n|rule|Illusion Level Mod: Illusion disguises the Pok\u00e9mon's true level\n|\n|t:|1783553334\n|teamsize|p1|6\n|teamsize|p2|6\n|start\n|switch|p1a: Typhlosion|Typhlosion, L84, F|267/267\n|switch|p2a: Volbeat|Volbeat, L90, M|100/100\n|turn|1\n|inactive|Battle timer is ON: inactive players will automatically lose when time's up. (requested by p0y12287974)\n|inactive|Time left: 300 sec this turn | 300 sec total | 60 sec grace\n|inactive|p0x1228ecb4 also wants the timer to be on.\n|\n|t:|1783553336\n|switch|p2a: Tentacruel|Tentacruel, L84, M|100/100\n|move|p1a: Typhlosion|Eruption|p2a: Tentacruel\n|-resisted|p2a: Tentacruel\n|-damage|p2a: Tentacruel|76/100\n|\n|-heal|p2a: Tentacruel|82/100|[from] item: Leftovers\n|upkeep\n|turn|2\n|inactive|Time left: 300 sec this turn | 300 sec total\n|\n|t:|1783553338\n|move|p1a: Typhlosion|Eruption|p2a: Tentacruel\n|-resisted|p2a: Tentacruel\n|-damage|p2a: Tentacruel|56/100\n|move|p2a: Tentacruel|Sludge Bomb|p1a: Typhlosion\n|-damage|p1a: Typhlosion|182/267\n|-status|p1a: Typhlosion|psn\n|\n|-heal|p2a: Tentacruel|63/100|[from] item: Leftovers\n|-damage|p1a: Typhlosion|149/267 psn|[from] psn\n|upkeep\n|turn|3\n|inactive|Time left: 300 sec this turn | 300 sec total\n|\n|t:|1783553339\n|switch|p1a: Banette|Banette, L93, F|270/270\n|move|p2a: Tentacruel|Sludge Bomb|p1a: Banette\n|-resisted|p1a: Banette\n|-damage|p1a: Banette|227/270\n|\n|-heal|p2a: Tentacruel|69/100|[from] item: Leftovers\n|upkeep\n|turn|4\n|inactive|Time left: 300 sec this turn | 300 sec total\n|\n|t:|1783553340\n|switch|p2a: Stonjourner|Stonjourner, L91, F|100/100\n|move|p1a: Banette|Poltergeist|p2a: Stonjourner\n|-activate|p2a: Stonjourner|move: Poltergeist|Life Orb\n|-damage|p2a: Stonjourner|61/100\n|-damage|p1a: Banette|200/270|[from] item: Life Orb\n|\n|upkeep\n|turn|5\n|inactive|Time left: 300 sec this turn | 300 sec total\n|\n|t:|1783553342\n|switch|p1a: Giratina|Giratina-Origin, L72|335/335\n|move|p2a: Stonjourner|Stone Edge|p1a: Giratina|[miss]\n|-miss|p2a: Stonjourner|p1a: Giratina\n|\n|upkeep\n|turn|6\n|inactive|Time left: 300 sec this turn | 300 sec total\n|\n|t:|1783553343\n|move|p2a: Stonjourner|Stone Edge|p1a: Giratina\n|-damage|p1a: Giratina|127/335\n|-damage|p2a: Stonjourner|51/100|[from] item: Life Orb\n|move|p1a: Giratina|Will-O-Wisp|p2a: Stonjourner\n|-status|p2a: Stonjourner|brn\n|\n|-damage|p2a: Stonjourner|45/100 brn|[from] brn\n|upkeep\n|turn|7\n|inactive|Time left: 300 sec this turn | 300 sec total\n|\n|t:|1783553344\n|move|p2a: Stonjourner|Stone Edge|p1a: Giratina\n|-damage|p1a: Giratina|18/335\n|-damage|p2a: Stonjourner|35/100 brn|[from] item: Life Orb\n|move|p1a: Giratina|Poltergeist|p2a: Stonjourner\n|-activate|p2a: Stonjourner|move: Poltergeist|Life Orb\n|-damage|p2a: Stonjourner|11/100 brn\n|\n|-damage|p2a: Stonjourner|5/100 brn|[from] brn\n|upkeep\n|turn|8\n|inactive|Time left: 300 sec this turn | 300 sec total\n|\n|t:|1783553345\n|move|p2a: Stonjourner|Stone Edge|p1a: Giratina\n|-damage|p1a: Giratina|0 fnt\n|faint|p1a: Giratina\n|-damage|p2a: Stonjourner|0 fnt|[from] item: Life Orb\n|faint|p2a: Stonjourner\n|\n|upkeep\n|inactive|Time left: 300 sec this turn | 300 sec total | 5 sec grace\n|\n|t:|1783553346\n|switch|p2a: Cinderace|Cinderace, L77, F|100/100\n|switch|p1a: Iron Jugulis|Iron Jugulis, L77|271/271\n|turn|9\n|inactive|Time left: 300 sec this turn | 300 sec total\n|\n|t:|1783553347\n|move|p2a: Cinderace|Pyro Ball|p1a: Iron Jugulis\n|-damage|p1a: Iron Jugulis|85/271\n|move|p1a: Iron Jugulis|Meteor Beam||[still]\n|-prepare|p1a: Iron Jugulis|Meteor Beam\n|-boost|p1a: Iron Jugulis|spa|1\n|-enditem|p1a: Iron Jugulis|Power Herb\n|-anim|p1a: Iron Jugulis|Meteor Beam|p2a: Cinderace\n|-supereffective|p2a: Cinderace\n|-damage|p2a: Cinderace|0 fnt\n|faint|p2a: Cinderace\n|\n|upkeep\n|\n|t:|1783553348\n|switch|p2a: Tentacruel|Tentacruel, L84, M|69/100\n|turn|10\n|inactive|Time left: 300 sec this turn | 300 sec total\n|\n|t:|1783553348\n|-end|p1a: Iron Jugulis|Quark Drive|[silent]\n|switch|p1a: Fezandipiti|Fezandipiti, L82, M|278/278\n|move|p2a: Tentacruel|Surf|p1a: Fezandipiti\n|-damage|p1a: Fezandipiti|218/278\n|\n|-heal|p2a: Tentacruel|75/100|[from] item: Leftovers\n|-heal|p1a: Fezandipiti|235/278|[from] item: Leftovers\n|upkeep\n|turn|11\n|inactive|Time left: 300 sec this turn | 300 sec total\n|\n|t:|1783553349\n|move|p2a: Tentacruel|Toxic Spikes|p1a: Fezandipiti\n|-sidestart|p1: p0x1228ecb4|move: Toxic Spikes\n|move|p1a: Fezandipiti|Swords Dance|p1a: Fezandipiti\n|-boost|p1a: Fezandipiti|atk|2\n|\n|-heal|p2a: Tentacruel|81/100|[from] item: Leftovers\n|-heal|p1a: Fezandipiti|252/278|[from] item: Leftovers\n|upkeep\n|turn|12\n|inactive|Time left: 300 sec this turn | 300 sec total\n|\n|t:|1783553350\n|move|p2a: Tentacruel|Rapid Spin|p1a: Fezandipiti\n|-damage|p1a: Fezandipiti|222/278\n|-boost|p2a: Tentacruel|spe|1\n|move|p1a: Fezandipiti|Play Rough|p2a: Tentacruel\n|-resisted|p2a: Tentacruel\n|-damage|p2a: Tentacruel|43/100\n|\n|-heal|p2a: Tentacruel|49/100|[from] item: Leftovers\n|-heal|p1a: Fezandipiti|239/278|[from] item: Leftovers\n|upkeep\n|turn|13\n|inactive|Time left: 300 sec this turn | 300 sec total\n|\n|t:|1783553351\n|move|p2a: Tentacruel|Toxic Spikes|p1a: Fezandipiti\n|-sidestart|p1: p0x1228ecb4|move: Toxic Spikes\n|move|p1a: Fezandipiti|Gunk Shot|p2a: Tentacruel\n|-resisted|p2a: Tentacruel\n|-damage|p2a: Tentacruel|0 fnt\n|faint|p2a: Tentacruel\n|\n|-heal|p1a: Fezandipiti|256/278|[from] item: Leftovers\n|upkeep\n|\n|t:|1783553352\n|switch|p2a: Volbeat|Volbeat, L90, M|100/100\n|turn|14\n|inactive|Time left: 300 sec this turn | 300 sec total\n|\n|t:|1783553353\n|-terastallize|p2a: Volbeat|Steel\n|move|p2a: Volbeat|Encore|p1a: Fezandipiti\n|-start|p1a: Fezandipiti|Encore\n|move|p1a: Fezandipiti|Gunk Shot|p2a: Volbeat\n|-immune|p2a: Volbeat\n|\n|-heal|p1a: Fezandipiti|273/278|[from] item: Leftovers\n|upkeep\n|turn|15\n|inactive|Time left: 300 sec this turn | 300 sec total\n|\n|t:|1783553354\n|move|p1a: Fezandipiti|Gunk Shot|p2a: Volbeat\n|-immune|p2a: Volbeat\n|move|p2a: Volbeat|Lunge|p1a: Fezandipiti\n|-resisted|p1a: Fezandipiti\n|-damage|p1a: Fezandipiti|253/278\n|-unboost|p1a: Fezandipiti|atk|1\n|\n|-heal|p1a: Fezandipiti|270/278|[from] item: Leftovers\n|upkeep\n|turn|16\n|inactive|Time left: 300 sec this turn | 300 sec total\n|\n|t:|1783553356\n|switch|p1a: Typhlosion|Typhlosion, L84, F|149/267 psn\n|move|p2a: Volbeat|Lunge|p1a: Typhlosion\n|-resisted|p1a: Typhlosion\n|-damage|p1a: Typhlosion|103/267 psn\n|-unboost|p1a: Typhlosion|atk|1\n|\n|-damage|p1a: Typhlosion|70/267 psn|[from] psn\n|upkeep\n|turn|17\n|inactive|Time left: 300 sec this turn | 300 sec total\n|\n|t:|1783553357\n|switch|p2a: Lumineon|Lumineon, L93, M|100/100\n|move|p1a: Typhlosion|Fire Blast|p2a: Lumineon\n|-resisted|p2a: Lumineon\n|-damage|p2a: Lumineon|81/100\n|\n|-damage|p1a: Typhlosion|37/267 psn|[from] psn\n|upkeep\n|turn|18\n|inactive|Time left: 300 sec this turn | 300 sec total\n|\n|t:|1783553358\n|switch|p1a: Fezandipiti|Fezandipiti, L82, M|270/278\n|-sideend|p1: p0x1228ecb4|move: Toxic Spikes|[of] p1a: Fezandipiti\n|move|p2a: Lumineon|Hydro Pump|p1a: Fezandipiti\n|-damage|p1a: Fezandipiti|176/278\n|\n|-heal|p1a: Fezandipiti|193/278|[from] item: Leftovers\n|upkeep\n|turn|19\n|inactive|Time left: 300 sec this turn | 300 sec total\n|\n|t:|1783553359\n|move|p2a: Lumineon|Hydro Pump|p1a: Fezandipiti\n|-damage|p1a: Fezandipiti|109/278\n|move|p1a: Fezandipiti|Swords Dance|p1a: Fezandipiti\n|-boost|p1a: Fezandipiti|atk|2\n|\n|-heal|p1a: Fezandipiti|126/278|[from] item: Leftovers\n|upkeep\n|turn|20\n|inactive|Time left: 300 sec this turn | 300 sec total\n|\n|t:|1783553360\n|move|p2a: Lumineon|Encore|p1a: Fezandipiti\n|-start|p1a: Fezandipiti|Encore\n|move|p1a: Fezandipiti|Swords Dance|p1a: Fezandipiti\n|-boost|p1a: Fezandipiti|atk|2\n|\n|-heal|p1a: Fezandipiti|143/278|[from] item: Leftovers\n|upkeep\n|turn|21\n|inactive|Time left: 300 sec this turn | 300 sec total\n|\n|t:|1783553361\n|switch|p1a: Samurott|Samurott, L88, F|310/310\n|move|p2a: Lumineon|Hydro Pump|p1a: Samurott\n|-resisted|p1a: Samurott\n|-crit|p1a: Samurott\n|-damage|p1a: Samurott|242/310\n|\n|upkeep\n|turn|22\n|inactive|Time left: 300 sec this turn | 300 sec total\n|\n|t:|1783553362\n|move|p2a: Lumineon|Ice Beam|p1a: Samurott\n|-resisted|p1a: Samurott\n|-damage|p1a: Samurott|217/310\n|move|p1a: Samurott|Knock Off|p2a: Lumineon\n|-damage|p2a: Lumineon|53/100\n|-enditem|p2a: Lumineon|Heavy-Duty Boots|[from] move: Knock Off|[of] p1a: Samurott\n|\n|upkeep\n|turn|23\n|inactive|Time left: 300 sec this turn | 300 sec total\n|\n|t:|1783553364\n|move|p2a: Lumineon|Hydro Pump|p1a: Samurott\n|-resisted|p1a: Samurott\n|-damage|p1a: Samurott|178/310\n|move|p1a: Samurott|Megahorn|p2a: Lumineon\n|-damage|p2a: Lumineon|20/100\n|\n|upkeep\n|turn|24\n|inactive|Time left: 300 sec this turn | 300 sec total\n|\n|t:|1783553365\n|move|p2a: Lumineon|Ice Beam|p1a: Samurott\n|-resisted|p1a: Samurott\n|-crit|p1a: Samurott\n|-damage|p1a: Samurott|146/310\n|move|p1a: Samurott|Megahorn|p2a: Lumineon\n|-damage|p2a: Lumineon|0 fnt\n|faint|p2a: Lumineon\n|\n|upkeep\n|\n|t:|1783553367\n|switch|p2a: Mabosstiff|Mabosstiff, L86, M|100/100\n|turn|25\n|inactive|Time left: 300 sec this turn | 300 sec total\n|\n|t:|1783553368\n|move|p2a: Mabosstiff|Wild Charge|p1a: Samurott\n|-supereffective|p1a: Samurott\n|-damage|p1a: Samurott|0 fnt\n|faint|p1a: Samurott\n|-damage|p2a: Mabosstiff|87/100|[from] Recoil\n|\n|upkeep\n|inactive|Time left: 300 sec this turn | 300 sec total | 5 sec grace\n|\n|t:|1783553369\n|switch|p1a: Fezandipiti|Fezandipiti, L82, M|143/278\n|turn|26\n|inactive|Time left: 300 sec this turn | 300 sec total\n|\n|t:|1783553370\n|switch|p2a: Volbeat|Volbeat, L90, M, tera:Steel|100/100\n|-terastallize|p1a: Fezandipiti|Ground\n|move|p1a: Fezandipiti|Tera Blast|p2a: Volbeat|[anim] Tera Blast Ground\n|-supereffective|p2a: Volbeat\n|-damage|p2a: Volbeat|36/100\n|\n|-heal|p1a: Fezandipiti|160/278|[from] item: Leftovers\n|upkeep\n|turn|27\n|inactive|Time left: 300 sec this turn | 300 sec total\n|\n|t:|1783553371\n|move|p1a: Fezandipiti|Tera Blast|p2a: Volbeat|[anim] Tera Blast Ground\n|-supereffective|p2a: Volbeat\n|-damage|p2a: Volbeat|0 fnt\n|faint|p2a: Volbeat\n|\n|-heal|p1a: Fezandipiti|177/278|[from] item: Leftovers\n|upkeep\n|\n|t:|1783553372\n|switch|p2a: Mabosstiff|Mabosstiff, L86, M|87/100\n|turn|28\n|inactive|Time left: 300 sec this turn | 300 sec total\n|\n|t:|1783553373\n|move|p2a: Mabosstiff|Crunch|p1a: Fezandipiti\n|-damage|p1a: Fezandipiti|65/278\n|move|p1a: Fezandipiti|Play Rough|p2a: Mabosstiff\n|-supereffective|p2a: Mabosstiff\n|-damage|p2a: Mabosstiff|28/100\n|-status|p2a: Mabosstiff|tox|[from] ability: Toxic Chain|[of] p1a: Fezandipiti\n|\n|-heal|p1a: Fezandipiti|82/278|[from] item: Leftovers\n|-damage|p2a: Mabosstiff|22/100 tox|[from] psn\n|upkeep\n|turn|29\n|inactive|Time left: 300 sec this turn | 300 sec total\n|\n|t:|1783553373\n|switch|p1a: Banette|Banette, L93, F|200/270\n|move|p2a: Mabosstiff|Crunch|p1a: Banette\n|-supereffective|p1a: Banette\n|-damage|p1a: Banette|0 fnt\n|faint|p1a: Banette\n|\n|-damage|p2a: Mabosstiff|10/100 tox|[from] psn\n|upkeep\n|inactive|Time left: 300 sec this turn | 300 sec total | 5 sec grace\n|\n|t:|1783553374\n|switch|p1a: Typhlosion|Typhlosion, L84, F|37/267 psn\n|turn|30\n|inactive|Time left: 300 sec this turn | 300 sec total\n|\n|t:|1783553375\n|switch|p1a: Fezandipiti|Fezandipiti, L82, M, tera:Ground|82/278\n|move|p2a: Mabosstiff|Crunch|p1a: Fezandipiti\n|-damage|p1a: Fezandipiti|0 fnt\n|faint|p1a: Fezandipiti\n|\n|-damage|p2a: Mabosstiff|0 fnt|[from] psn\n|faint|p2a: Mabosstiff\n|\n|win|p0x1228ecb4", "uploadtime": 1783553375, "views": 0, "rating": 0, "private": 0, "password": null, "_winner": "p0x1228ecb4", "_our_name": "p0x1228ecb4"}