{"id": "battle-gen9randombattle-1199", "formatid": "gen9randombattle", "format": "[Gen 9] Random Battle", "players": ["p0x11995a95", "p0y1199848b"], "log": "|init|battle\n|title|p0x11995a95 vs. p0y1199848b\n|j|\u2606p0x11995a95\n|j|\u2606p0y1199848b\n|t:|1783553005\n|gametype|singles\n|player|p1|p0x11995a95|169|\n|player|p2|p0y1199848b|101|\n|gen|9\n|tier|[Gen 9] Random Battle\n|rule|Species Clause: Limit one of each Pok\u00e9mon\n|rule|HP Percentage Mod: HP is shown in percentages\n|rule|Sleep Clause Mod: Limit one foe put to sleep\n|rule|Illusion Level Mod: Illusion disguises the Pok\u00e9mon's true level\n|\n|t:|1783553005\n|teamsize|p1|6\n|teamsize|p2|6\n|start\n|switch|p1a: Zebstrika|Zebstrika, L87, F|272/272\n|switch|p2a: Barraskewda|Barraskewda, L81, F|100/100\n|turn|1\n|inactive|Battle timer is ON: inactive players will automatically lose when time's up. (requested by p0x11995a95)\n|inactive|p0y1199848b also wants the timer to be on.\n|\n|t:|1783553006\n|switch|p2a: Toedscruel|Toedscruel, L87, F|100/100\n|move|p1a: Zebstrika|Supercell Slam|p2a: Toedscruel\n|-immune|p2a: Toedscruel\n|-damage|p1a: Zebstrika|136/272|[from] supercellslam\n|\n|upkeep\n|turn|2\n|inactive|Time left: 300 sec this turn | 300 sec total\n|\n|t:|1783553008\n|switch|p1a: Jumpluff|Jumpluff, L87, M|271/271\n|move|p2a: Toedscruel|Earth Power|p1a: Jumpluff\n|-immune|p1a: Jumpluff\n|\n|upkeep\n|turn|3\n|inactive|Time left: 300 sec this turn | 300 sec total\n|\n|t:|1783553009\n|switch|p2a: Vikavolt|Vikavolt, L83, M|100/100\n|move|p1a: Jumpluff|Acrobatics|p2a: Vikavolt\n|-damage|p2a: Vikavolt|71/100\n|\n|upkeep\n|turn|4\n|inactive|Time left: 300 sec this turn | 300 sec total\n|\n|t:|1783553010\n|move|p1a: Jumpluff|Leech Seed|p2a: Vikavolt|[miss]\n|-miss|p1a: Jumpluff|p2a: Vikavolt\n|move|p2a: Vikavolt|Sticky Web|p1a: Jumpluff\n|-sidestart|p1: p0x11995a95|move: Sticky Web\n|\n|upkeep\n|turn|5\n|inactive|Time left: 300 sec this turn | 300 sec total\n|\n|t:|1783553011\n|move|p1a: Jumpluff|Leech Seed|p2a: Vikavolt\n|-start|p2a: Vikavolt|move: Leech Seed\n|move|p2a: Vikavolt|Bug Buzz|p1a: Jumpluff\n|-damage|p1a: Jumpluff|151/271\n|\n|-damage|p2a: Vikavolt|59/100|[from] Leech Seed|[of] p1a: Jumpluff\n|-heal|p1a: Jumpluff|183/271|[silent]\n|upkeep\n|turn|6\n|inactive|Time left: 300 sec this turn | 300 sec total\n|\n|t:|1783553012\n|move|p1a: Jumpluff|Strength Sap|p2a: Vikavolt\n|-unboost|p2a: Vikavolt|atk|1\n|-heal|p1a: Jumpluff|271/271\n|move|p2a: Vikavolt|Volt Switch|p1a: Jumpluff\n|-damage|p1a: Jumpluff|184/271\n|\n|t:|1783553013\n|switch|p2a: Enamorus|Enamorus-Therian, L83, F|100/100|[from] Volt Switch\n|\n|upkeep\n|turn|7\n|inactive|Time left: 300 sec this turn | 300 sec total\n|\n|t:|1783553014\n|move|p1a: Jumpluff|Strength Sap|p2a: Enamorus\n|-unboost|p2a: Enamorus|atk|1\n|-heal|p1a: Jumpluff|271/271\n|move|p2a: Enamorus|Moonblast|p1a: Jumpluff\n|-damage|p1a: Jumpluff|147/271\n|\n|upkeep\n|turn|8\n|inactive|Time left: 300 sec this turn | 300 sec total\n|\n|t:|1783553015\n|move|p1a: Jumpluff|Strength Sap|p2a: Enamorus\n|-unboost|p2a: Enamorus|atk|1\n|-heal|p1a: Jumpluff|271/271\n|move|p2a: Enamorus|Mystical Fire|p1a: Jumpluff\n|-supereffective|p1a: Jumpluff\n|-damage|p1a: Jumpluff|145/271\n|-unboost|p1a: Jumpluff|spa|1\n|\n|upkeep\n|turn|9\n|inactive|Time left: 300 sec this turn | 300 sec total\n|\n|t:|1783553016\n|move|p1a: Jumpluff|Strength Sap|p2a: Enamorus\n|-unboost|p2a: Enamorus|atk|1\n|-heal|p1a: Jumpluff|242/271\n|move|p2a: Enamorus|Mystical Fire|p1a: Jumpluff\n|-supereffective|p1a: Jumpluff\n|-damage|p1a: Jumpluff|126/271\n|-unboost|p1a: Jumpluff|spa|1\n|\n|upkeep\n|turn|10\n|inactive|Time left: 300 sec this turn | 300 sec total\n|\n|t:|1783553017\n|move|p1a: Jumpluff|Strength Sap|p2a: Enamorus\n|-unboost|p2a: Enamorus|atk|1\n|-heal|p1a: Jumpluff|204/271\n|move|p2a: Enamorus|Moonblast|p1a: Jumpluff\n|-damage|p1a: Jumpluff|92/271\n|\n|upkeep\n|turn|11\n|inactive|Time left: 300 sec this turn | 300 sec total\n|\n|t:|1783553018\n|move|p1a: Jumpluff|Strength Sap|p2a: Enamorus\n|-unboost|p2a: Enamorus|atk|1\n|-heal|p1a: Jumpluff|157/271\n|move|p2a: Enamorus|Mystical Fire|p1a: Jumpluff\n|-supereffective|p1a: Jumpluff\n|-damage|p1a: Jumpluff|43/271\n|-unboost|p1a: Jumpluff|spa|1\n|\n|upkeep\n|turn|12\n|inactive|Time left: 300 sec this turn | 300 sec total\n|\n|t:|1783553019\n|move|p1a: Jumpluff|Strength Sap|p2a: Enamorus\n|-unboost|p2a: Enamorus|atk|1\n|-heal|p1a: Jumpluff|98/271\n|move|p2a: Enamorus|Mystical Fire|p1a: Jumpluff\n|-supereffective|p1a: Jumpluff\n|-damage|p1a: Jumpluff|0 fnt\n|faint|p1a: Jumpluff\n|\n|upkeep\n|inactive|Time left: 300 sec this turn | 300 sec total | 5 sec grace\n|\n|t:|1783553020\n|switch|p1a: Morpeko|Morpeko, L88, F|245/245\n|-activate|p1a: Morpeko|move: Sticky Web\n|-unboost|p1a: Morpeko|spe|1\n|turn|13\n|inactive|Time left: 300 sec this turn | 300 sec total\n|\n|t:|1783553021\n|move|p1a: Morpeko|Rapid Spin|p2a: Enamorus\n|-damage|p2a: Enamorus|87/100\n|-boost|p1a: Morpeko|spe|1\n|-sideend|p1: p0x11995a95|Sticky Web|[from] move: Rapid Spin|[of] p1a: Morpeko\n|move|p2a: Enamorus|Moonblast|p1a: Morpeko\n|-supereffective|p1a: Morpeko\n|-damage|p1a: Morpeko|0 fnt\n|faint|p1a: Morpeko\n|\n|upkeep\n|inactive|Time left: 300 sec this turn | 300 sec total | 5 sec grace\n|\n|t:|1783553022\n|switch|p1a: Floatzel|Floatzel, L86, M|286/286\n|turn|14\n|inactive|Time left: 300 sec this turn | 300 sec total\n|\n|t:|1783553023\n|move|p1a: Floatzel|Bulk Up|p1a: Floatzel\n|-boost|p1a: Floatzel|atk|1\n|-boost|p1a: Floatzel|def|1\n|move|p2a: Enamorus|Moonblast|p1a: Floatzel\n|-damage|p1a: Floatzel|112/286\n|\n|-heal|p1a: Floatzel|129/286|[from] item: Leftovers\n|upkeep\n|turn|15\n|inactive|Time left: 300 sec this turn | 300 sec total\n|\n|t:|1783553024\n|-terastallize|p1a: Floatzel|Water\n|move|p1a: Floatzel|Wave Crash|p2a: Enamorus\n|-damage|p2a: Enamorus|2/100\n|-damage|p1a: Floatzel|56/286|[from] Recoil\n|move|p2a: Enamorus|Moonblast|p1a: Floatzel\n|-damage|p1a: Floatzel|0 fnt\n|faint|p1a: Floatzel\n|\n|upkeep\n|inactive|Time left: 300 sec this turn | 300 sec total | 5 sec grace\n|\n|t:|1783553025\n|switch|p1a: Grumpig|Grumpig, L92, F|297/297\n|turn|16\n|inactive|Time left: 300 sec this turn | 300 sec total\n|\n|t:|1783553026\n|switch|p2a: Toedscruel|Toedscruel, L87, F|100/100\n|move|p1a: Grumpig|Psychic|p2a: Toedscruel\n|-damage|p2a: Toedscruel|70/100\n|-unboost|p2a: Toedscruel|spd|1\n|\n|-heal|p2a: Toedscruel|76/100|[from] item: Leftovers\n|upkeep\n|turn|17\n|inactive|Time left: 300 sec this turn | 300 sec total\n|\n|t:|1783553027\n|move|p1a: Grumpig|Psychic|p2a: Toedscruel\n|-damage|p2a: Toedscruel|35/100\n|move|p2a: Toedscruel|Giga Drain|p1a: Grumpig\n|-damage|p1a: Grumpig|234/297\n|-heal|p2a: Toedscruel|47/100|[from] drain|[of] p1a: Grumpig\n|\n|-heal|p2a: Toedscruel|53/100|[from] item: Leftovers\n|upkeep\n|turn|18\n|inactive|Time left: 300 sec this turn | 300 sec total\n|\n|t:|1783553028\n|move|p1a: Grumpig|Psychic|p2a: Toedscruel\n|-damage|p2a: Toedscruel|9/100\n|move|p2a: Toedscruel|Toxic|p1a: Grumpig\n|-status|p1a: Grumpig|tox\n|\n|-heal|p2a: Toedscruel|15/100|[from] item: Leftovers\n|-damage|p1a: Grumpig|216/297 tox|[from] psn\n|upkeep\n|turn|19\n|inactive|Time left: 300 sec this turn | 300 sec total\n|\n|t:|1783553029\n|switch|p2a: Enamorus|Enamorus-Therian, L83, F|2/100\n|move|p1a: Grumpig|Psychic|p2a: Enamorus\n|-crit|p2a: Enamorus\n|-damage|p2a: Enamorus|0 fnt\n|faint|p2a: Enamorus\n|\n|-damage|p1a: Grumpig|180/297 tox|[from] psn\n|upkeep\n|\n|t:|1783553031\n|switch|p2a: Barraskewda|Barraskewda, L81, F|100/100\n|turn|20\n|inactive|Time left: 300 sec this turn | 300 sec total\n|\n|t:|1783553032\n|move|p1a: Grumpig|Psychic|p2a: Barraskewda\n|-damage|p2a: Barraskewda|30/100\n|move|p2a: Barraskewda|Waterfall|p1a: Grumpig\n|-damage|p1a: Grumpig|17/297 tox\n|\n|-damage|p1a: Grumpig|0 fnt|[from] psn\n|faint|p1a: Grumpig\n|upkeep\n|inactive|Time left: 300 sec this turn | 300 sec total | 5 sec grace\n|\n|t:|1783553032\n|switch|p1a: Kingambit|Kingambit, L74, M|270/270\n|-activate|p1a: Kingambit|ability: Supreme Overlord\n|-start|p1a: Kingambit|fallen4|[silent]\n|turn|21\n|inactive|Time left: 300 sec this turn | 300 sec total\n|\n|t:|1783553033\n|move|p2a: Barraskewda|Waterfall|p1a: Kingambit\n|-crit|p1a: Kingambit\n|-damage|p1a: Kingambit|93/270\n|cant|p1a: Kingambit|flinch\n|\n|-heal|p1a: Kingambit|109/270|[from] item: Leftovers\n|upkeep\n|turn|22\n|inactive|Time left: 300 sec this turn | 300 sec total\n|\n|t:|1783553034\n|move|p1a: Kingambit|Sucker Punch|p2a: Barraskewda\n|-damage|p2a: Barraskewda|0 fnt\n|faint|p2a: Barraskewda\n|\n|-heal|p1a: Kingambit|125/270|[from] item: Leftovers\n|upkeep\n|\n|t:|1783553035\n|switch|p2a: Ceruledge|Ceruledge, L78, M|100/100\n|turn|23\n|inactive|Time left: 300 sec this turn | 300 sec total\n|\n|t:|1783553036\n|-end|p1a: Kingambit|fallen4|[silent]\n|switch|p1a: Zebstrika|Zebstrika, L87, F|136/272\n|-terastallize|p2a: Ceruledge|Fighting\n|move|p2a: Ceruledge|Close Combat|p1a: Zebstrika\n|-damage|p1a: Zebstrika|0 fnt\n|-unboost|p2a: Ceruledge|def|1\n|-unboost|p2a: Ceruledge|spd|1\n|faint|p1a: Zebstrika\n|\n|upkeep\n|inactive|Time left: 300 sec this turn | 300 sec total | 5 sec grace\n|\n|t:|1783553037\n|switch|p1a: Kingambit|Kingambit, L74, M|125/270\n|-activate|p1a: Kingambit|ability: Supreme Overlord\n|-start|p1a: Kingambit|fallen5|[silent]\n|turn|24\n|inactive|Time left: 300 sec this turn | 300 sec total\n|\n|t:|1783553038\n|move|p2a: Ceruledge|Bitter Blade|p1a: Kingambit\n|-supereffective|p1a: Kingambit\n|-damage|p1a: Kingambit|0 fnt\n|faint|p1a: Kingambit\n|-end|p1a: Kingambit|fallen5|[silent]\n|\n|win|p0y1199848b", "uploadtime": 1783553038, "views": 0, "rating": 0, "private": 0, "password": null, "_winner": "p0y1199848b", "_our_name": "p0x11995a95"}