{"id": "battle-gen9randombattle-29", "formatid": "gen9randombattle", "format": "[Gen 9] Random Battle", "players": ["p0x029211c", "p0y02914b1"], "log": "|init|battle\n|title|p0x029211c vs. p0y02914b1\n|j|\u2606p0x029211c\n|j|\u2606p0y02914b1\n|t:|1783539489\n|gametype|singles\n|player|p1|p0x029211c|102|\n|player|p2|p0y02914b1|101|\n|gen|9\n|tier|[Gen 9] Random Battle\n|rule|Species Clause: Limit one of each Pok\u00e9mon\n|rule|HP Percentage Mod: HP is shown in percentages\n|rule|Sleep Clause Mod: Limit one foe put to sleep\n|rule|Illusion Level Mod: Illusion disguises the Pok\u00e9mon's true level\n|\n|t:|1783539489\n|teamsize|p1|6\n|teamsize|p2|6\n|start\n|switch|p1a: Ho-Oh|Ho-Oh, L71|268/268\n|switch|p2a: Spiritomb|Spiritomb, L89, M|100/100\n|turn|1\n|inactive|Battle timer is ON: inactive players will automatically lose when time's up. (requested by p0y02914b1)\n|inactive|Time left: 300 sec this turn | 300 sec total | 60 sec grace\n|inactive|p0x029211c also wants the timer to be on.\n|\n|t:|1783539491\n|move|p1a: Ho-Oh|Sacred Fire|p2a: Spiritomb\n|-damage|p2a: Spiritomb|65/100\n|move|p2a: Spiritomb|Foul Play|p1a: Ho-Oh\n|-damage|p1a: Ho-Oh|145/268\n|\n|-heal|p2a: Spiritomb|71/100|[from] item: Leftovers\n|upkeep\n|turn|2\n|inactive|Time left: 300 sec this turn | 300 sec total\n|\n|t:|1783539492\n|move|p1a: Ho-Oh|Sacred Fire|p2a: Spiritomb\n|-damage|p2a: Spiritomb|38/100\n|-status|p2a: Spiritomb|brn\n|move|p2a: Spiritomb|Poltergeist|p1a: Ho-Oh\n|-activate|p1a: Ho-Oh|move: Poltergeist|Heavy-Duty Boots\n|-damage|p1a: Ho-Oh|79/268\n|\n|-heal|p2a: Spiritomb|44/100 brn|[from] item: Leftovers\n|-damage|p2a: Spiritomb|38/100 brn|[from] brn\n|upkeep\n|turn|3\n|inactive|Time left: 300 sec this turn | 300 sec total\n|\n|t:|1783539493\n|move|p1a: Ho-Oh|Recover|p1a: Ho-Oh\n|-heal|p1a: Ho-Oh|213/268\n|move|p2a: Spiritomb|Pain Split|p1a: Ho-Oh\n|-sethp|p1a: Ho-Oh|150/268|[from] move: Pain Split|[silent]\n|-sethp|p2a: Spiritomb|65/100 brn|[from] move: Pain Split\n|\n|-heal|p2a: Spiritomb|71/100 brn|[from] item: Leftovers\n|-damage|p2a: Spiritomb|65/100 brn|[from] brn\n|upkeep\n|turn|4\n|inactive|Time left: 300 sec this turn | 300 sec total\n|\n|t:|1783539494\n|move|p1a: Ho-Oh|Recover|p1a: Ho-Oh\n|-heal|p1a: Ho-Oh|268/268\n|move|p2a: Spiritomb|Pain Split|p1a: Ho-Oh\n|-sethp|p1a: Ho-Oh|209/268|[from] move: Pain Split|[silent]\n|-sethp|p2a: Spiritomb|90/100 brn|[from] move: Pain Split\n|\n|-heal|p2a: Spiritomb|96/100 brn|[from] item: Leftovers\n|-damage|p2a: Spiritomb|90/100 brn|[from] brn\n|upkeep\n|turn|5\n|inactive|Time left: 300 sec this turn | 300 sec total\n|\n|t:|1783539495\n|move|p1a: Ho-Oh|Brave Bird|p2a: Spiritomb\n|-damage|p2a: Spiritomb|53/100 brn\n|-damage|p1a: Ho-Oh|180/268|[from] Recoil\n|move|p2a: Spiritomb|Pain Split|p1a: Ho-Oh\n|-sethp|p1a: Ho-Oh|151/268|[from] move: Pain Split|[silent]\n|-sethp|p2a: Spiritomb|65/100 brn|[from] move: Pain Split\n|\n|-heal|p2a: Spiritomb|71/100 brn|[from] item: Leftovers\n|-damage|p2a: Spiritomb|65/100 brn|[from] brn\n|upkeep\n|turn|6\n|inactive|Time left: 300 sec this turn | 300 sec total\n|\n|t:|1783539496\n|move|p1a: Ho-Oh|Sacred Fire|p2a: Spiritomb\n|-damage|p2a: Spiritomb|34/100 brn\n|move|p2a: Spiritomb|Pain Split|p1a: Ho-Oh\n|-sethp|p1a: Ho-Oh|115/268|[from] move: Pain Split|[silent]\n|-sethp|p2a: Spiritomb|50/100 brn|[from] move: Pain Split\n|\n|-heal|p2a: Spiritomb|56/100 brn|[from] item: Leftovers\n|-damage|p2a: Spiritomb|50/100 brn|[from] brn\n|upkeep\n|turn|7\n|inactive|Time left: 300 sec this turn | 300 sec total\n|\n|t:|1783539497\n|move|p1a: Ho-Oh|Recover|p1a: Ho-Oh\n|-heal|p1a: Ho-Oh|249/268\n|move|p2a: Spiritomb|Pain Split|p1a: Ho-Oh\n|-sethp|p1a: Ho-Oh|182/268|[from] move: Pain Split|[silent]\n|-sethp|p2a: Spiritomb|78/100 brn|[from] move: Pain Split\n|\n|-heal|p2a: Spiritomb|84/100 brn|[from] item: Leftovers\n|-damage|p2a: Spiritomb|78/100 brn|[from] brn\n|upkeep\n|turn|8\n|inactive|Time left: 300 sec this turn | 300 sec total\n|\n|t:|1783539498\n|switch|p1a: Bellibolt|Bellibolt, L84, M|320/320\n|move|p2a: Spiritomb|Pain Split|p1a: Bellibolt\n|-sethp|p1a: Bellibolt|251/320|[from] move: Pain Split|[silent]\n|-sethp|p2a: Spiritomb|100/100 brn|[from] move: Pain Split\n|\n|-heal|p1a: Bellibolt|271/320|[from] item: Leftovers\n|-damage|p2a: Spiritomb|95/100 brn|[from] brn\n|upkeep\n|turn|9\n|inactive|Time left: 300 sec this turn | 300 sec total\n|\n|t:|1783539499\n|switch|p2a: Leavanny|Leavanny, L86, M|100/100\n|move|p1a: Bellibolt|Thunderbolt|p2a: Leavanny\n|-resisted|p2a: Leavanny\n|-damage|p2a: Leavanny|82/100\n|-status|p2a: Leavanny|par\n|\n|-heal|p1a: Bellibolt|291/320|[from] item: Leftovers\n|upkeep\n|turn|10\n|inactive|Time left: 300 sec this turn | 300 sec total\n|\n|t:|1783539500\n|move|p1a: Bellibolt|Muddy Water|p2a: Leavanny|[miss]\n|-miss|p1a: Bellibolt|p2a: Leavanny\n|move|p2a: Leavanny|Sticky Web|p1a: Bellibolt\n|-sidestart|p1: p0x029211c|move: Sticky Web\n|\n|-heal|p1a: Bellibolt|311/320|[from] item: Leftovers\n|upkeep\n|turn|11\n|inactive|Time left: 300 sec this turn | 300 sec total\n|\n|t:|1783539501\n|move|p1a: Bellibolt|Thunderbolt|p2a: Leavanny\n|-resisted|p2a: Leavanny\n|-damage|p2a: Leavanny|61/100 par\n|move|p2a: Leavanny|Knock Off|p1a: Bellibolt\n|-damage|p1a: Bellibolt|235/320\n|-start|p1a: Bellibolt|Charge|Knock Off|[from] ability: Electromorphosis\n|-enditem|p1a: Bellibolt|Leftovers|[from] move: Knock Off|[of] p2a: Leavanny\n|\n|upkeep\n|turn|12\n|inactive|Time left: 300 sec this turn | 300 sec total\n|\n|t:|1783539502\n|move|p1a: Bellibolt|Thunderbolt|p2a: Leavanny\n|-resisted|p2a: Leavanny\n|-damage|p2a: Leavanny|22/100 par\n|-end|p1a: Bellibolt|Charge|[silent]\n|move|p2a: Leavanny|Lunge|p1a: Bellibolt\n|-damage|p1a: Bellibolt|88/320\n|-unboost|p1a: Bellibolt|atk|1\n|-start|p1a: Bellibolt|Charge|Lunge|[from] ability: Electromorphosis\n|\n|upkeep\n|turn|13\n|inactive|Time left: 300 sec this turn | 300 sec total\n|\n|t:|1783539503\n|move|p1a: Bellibolt|Thunderbolt|p2a: Leavanny\n|-resisted|p2a: Leavanny\n|-damage|p2a: Leavanny|0 fnt\n|faint|p2a: Leavanny\n|-end|p1a: Bellibolt|Charge|[silent]\n|\n|upkeep\n|\n|t:|1783539504\n|switch|p2a: Pecharunt|Pecharunt, L77|100/100\n|turn|14\n|inactive|Time left: 300 sec this turn | 300 sec total\n|\n|t:|1783539506\n|move|p2a: Pecharunt|Nasty Plot|p2a: Pecharunt\n|-boost|p2a: Pecharunt|spa|2\n|move|p1a: Bellibolt|Slack Off|p1a: Bellibolt\n|-heal|p1a: Bellibolt|248/320\n|\n|upkeep\n|turn|15\n|inactive|Time left: 300 sec this turn | 300 sec total\n|\n|t:|1783539507\n|move|p2a: Pecharunt|Malignant Chain|p1a: Bellibolt\n|-damage|p1a: Bellibolt|85/320\n|-start|p1a: Bellibolt|Charge|Malignant Chain|[from] ability: Electromorphosis\n|move|p1a: Bellibolt|Slack Off|p1a: Bellibolt\n|-heal|p1a: Bellibolt|245/320\n|\n|upkeep\n|turn|16\n|inactive|Time left: 300 sec this turn | 300 sec total\n|\n|t:|1783539508\n|-terastallize|p1a: Bellibolt|Electric\n|move|p2a: Pecharunt|Malignant Chain|p1a: Bellibolt\n|-damage|p1a: Bellibolt|77/320\n|-status|p1a: Bellibolt|tox\n|-start|p1a: Bellibolt|confusion|[from] ability: Poison Puppeteer|[of] p2a: Pecharunt\n|-start|p1a: Bellibolt|Charge|Malignant Chain|[from] ability: Electromorphosis\n|-activate|p1a: Bellibolt|confusion\n|-damage|p1a: Bellibolt|66/320 tox|[from] confusion\n|-end|p1a: Bellibolt|Charge|[silent]\n|\n|-damage|p1a: Bellibolt|46/320 tox|[from] psn\n|upkeep\n|turn|17\n|inactive|Time left: 300 sec this turn | 300 sec total\n|\n|t:|1783539509\n|move|p2a: Pecharunt|Malignant Chain|p1a: Bellibolt\n|-damage|p1a: Bellibolt|0 fnt\n|faint|p1a: Bellibolt\n|\n|upkeep\n|inactive|Time left: 300 sec this turn | 300 sec total | 5 sec grace\n|\n|t:|1783539510\n|switch|p1a: Iron Jugulis|Iron Jugulis, L77|271/271\n|turn|18\n|inactive|Time left: 300 sec this turn | 300 sec total\n|\n|t:|1783539511\n|-terastallize|p2a: Pecharunt|Dark\n|move|p1a: Iron Jugulis|Dark Pulse|p2a: Pecharunt\n|-resisted|p2a: Pecharunt\n|-damage|p2a: Pecharunt|83/100\n|move|p2a: Pecharunt|Malignant Chain|p1a: Iron Jugulis\n|-crit|p1a: Iron Jugulis\n|-damage|p1a: Iron Jugulis|0 fnt\n|faint|p1a: Iron Jugulis\n|-end|p1a: Iron Jugulis|Quark Drive|[silent]\n|\n|-heal|p2a: Pecharunt|89/100|[from] item: Leftovers\n|upkeep\n|inactive|Time left: 300 sec this turn | 300 sec total | 5 sec grace\n|\n|t:|1783539512\n|switch|p1a: Regirock|Regirock, L83|268/268\n|-activate|p1a: Regirock|move: Sticky Web\n|-fail|p1a: Regirock|unboost|[from] ability: Clear Body|[of] p1a: Regirock\n|turn|19\n|inactive|Time left: 300 sec this turn | 300 sec total\n|\n|t:|1783539513\n|move|p2a: Pecharunt|Malignant Chain|p1a: Regirock\n|-resisted|p1a: Regirock\n|-damage|p1a: Regirock|195/268\n|-status|p1a: Regirock|tox\n|-start|p1a: Regirock|confusion|[from] ability: Poison Puppeteer|[of] p2a: Pecharunt\n|-activate|p1a: Regirock|confusion\n|move|p1a: Regirock|Body Press|p2a: Pecharunt\n|-supereffective|p2a: Pecharunt\n|-damage|p2a: Pecharunt|38/100\n|\n|-heal|p2a: Pecharunt|44/100|[from] item: Leftovers\n|-damage|p1a: Regirock|179/268 tox|[from] psn\n|upkeep\n|turn|20\n|inactive|Time left: 300 sec this turn | 300 sec total\n|\n|t:|1783539514\n|move|p2a: Pecharunt|Recover|p2a: Pecharunt\n|-heal|p2a: Pecharunt|94/100\n|-end|p1a: Regirock|confusion\n|move|p1a: Regirock|Body Press|p2a: Pecharunt\n|-supereffective|p2a: Pecharunt\n|-damage|p2a: Pecharunt|40/100\n|\n|-heal|p2a: Pecharunt|46/100|[from] item: Leftovers\n|-damage|p1a: Regirock|147/268 tox|[from] psn\n|upkeep\n|turn|21\n|inactive|Time left: 300 sec this turn | 300 sec total\n|\n|t:|1783539515\n|move|p2a: Pecharunt|Recover|p2a: Pecharunt\n|-heal|p2a: Pecharunt|96/100\n|move|p1a: Regirock|Rest|p1a: Regirock\n|-status|p1a: Regirock|slp|[from] move: Rest\n|-heal|p1a: Regirock|268/268 slp|[silent]\n|-enditem|p1a: Regirock|Chesto Berry|[eat]\n|-curestatus|p1a: Regirock|slp|[msg]\n|\n|-heal|p2a: Pecharunt|100/100|[from] item: Leftovers\n|upkeep\n|turn|22\n|inactive|Time left: 300 sec this turn | 300 sec total\n|\n|t:|1783539516\n|move|p2a: Pecharunt|Malignant Chain|p1a: Regirock\n|-resisted|p1a: Regirock\n|-damage|p1a: Regirock|191/268\n|move|p1a: Regirock|Body Press|p2a: Pecharunt\n|-supereffective|p2a: Pecharunt\n|-damage|p2a: Pecharunt|46/100\n|\n|-heal|p2a: Pecharunt|52/100|[from] item: Leftovers\n|upkeep\n|turn|23\n|inactive|Time left: 300 sec this turn | 300 sec total\n|\n|t:|1783539517\n|move|p2a: Pecharunt|Recover|p2a: Pecharunt\n|-heal|p2a: Pecharunt|100/100\n|move|p1a: Regirock|Body Press|p2a: Pecharunt\n|-supereffective|p2a: Pecharunt\n|-damage|p2a: Pecharunt|46/100\n|\n|-heal|p2a: Pecharunt|52/100|[from] item: Leftovers\n|upkeep\n|turn|24\n|inactive|Time left: 300 sec this turn | 300 sec total\n|\n|t:|1783539518\n|move|p2a: Pecharunt|Recover|p2a: Pecharunt\n|-heal|p2a: Pecharunt|100/100\n|move|p1a: Regirock|Body Press|p2a: Pecharunt\n|-supereffective|p2a: Pecharunt\n|-damage|p2a: Pecharunt|49/100\n|\n|-heal|p2a: Pecharunt|55/100|[from] item: Leftovers\n|upkeep\n|turn|25\n|inactive|Time left: 300 sec this turn | 300 sec total\n|\n|t:|1783539519\n|move|p2a: Pecharunt|Recover|p2a: Pecharunt\n|-heal|p2a: Pecharunt|100/100\n|move|p1a: Regirock|Body Press|p2a: Pecharunt\n|-supereffective|p2a: Pecharunt\n|-damage|p2a: Pecharunt|47/100\n|\n|-heal|p2a: Pecharunt|53/100|[from] item: Leftovers\n|upkeep\n|turn|26\n|inactive|Time left: 300 sec this turn | 300 sec total\n|\n|t:|1783539520\n|move|p2a: Pecharunt|Recover|p2a: Pecharunt\n|-heal|p2a: Pecharunt|100/100\n|move|p1a: Regirock|Body Press|p2a: Pecharunt\n|-supereffective|p2a: Pecharunt\n|-damage|p2a: Pecharunt|52/100\n|\n|-heal|p2a: Pecharunt|58/100|[from] item: Leftovers\n|upkeep\n|turn|27\n|inactive|Time left: 300 sec this turn | 300 sec total\n|\n|t:|1783539521\n|move|p2a: Pecharunt|Shadow Ball|p1a: Regirock\n|-damage|p1a: Regirock|80/268\n|move|p1a: Regirock|Body Press|p2a: Pecharunt\n|-supereffective|p2a: Pecharunt\n|-damage|p2a: Pecharunt|1/100\n|\n|-heal|p2a: Pecharunt|7/100|[from] item: Leftovers\n|upkeep\n|turn|28\n|inactive|Time left: 300 sec this turn | 300 sec total\n|\n|t:|1783539523\n|move|p2a: Pecharunt|Recover|p2a: Pecharunt\n|-heal|p2a: Pecharunt|57/100\n|move|p1a: Regirock|Body Press|p2a: Pecharunt\n|-supereffective|p2a: Pecharunt\n|-crit|p2a: Pecharunt\n|-damage|p2a: Pecharunt|0 fnt\n|faint|p2a: Pecharunt\n|\n|upkeep\n|\n|t:|1783539524\n|switch|p2a: Rotom|Rotom-Fan, L86|100/100\n|turn|29\n|inactive|Time left: 300 sec this turn | 300 sec total\n|\n|t:|1783539525\n|move|p2a: Rotom|Thunderbolt|p1a: Regirock\n|-damage|p1a: Regirock|0 fnt\n|faint|p1a: Regirock\n|\n|upkeep\n|inactive|Time left: 300 sec this turn | 300 sec total | 5 sec grace\n|\n|t:|1783539526\n|switch|p1a: Arceus|Arceus-Ground, L70|284/284\n|-activate|p1a: Arceus|move: Sticky Web\n|-unboost|p1a: Arceus|spe|1\n|turn|30\n|inactive|Time left: 300 sec this turn | 300 sec total\n|\n|t:|1783539527\n|move|p2a: Rotom|Air Slash|p1a: Arceus\n|-damage|p1a: Arceus|199/284\n|move|p1a: Arceus|Swords Dance|p1a: Arceus\n|-boost|p1a: Arceus|atk|2\n|\n|upkeep\n|turn|31\n|inactive|Time left: 300 sec this turn | 300 sec total\n|\n|t:|1783539528\n|move|p2a: Rotom|Air Slash|p1a: Arceus\n|-damage|p1a: Arceus|108/284\n|cant|p1a: Arceus|flinch\n|\n|upkeep\n|turn|32\n|inactive|Time left: 300 sec this turn | 300 sec total\n|\n|t:|1783539529\n|move|p2a: Rotom|Air Slash|p1a: Arceus\n|-damage|p1a: Arceus|24/284\n|move|p1a: Arceus|Stone Edge|p2a: Rotom\n|-supereffective|p2a: Rotom\n|-damage|p2a: Rotom|15/100\n|\n|upkeep\n|turn|33\n|inactive|Time left: 300 sec this turn | 300 sec total\n|\n|t:|1783539530\n|move|p1a: Arceus|Extreme Speed|p2a: Rotom\n|-damage|p2a: Rotom|0 fnt\n|faint|p2a: Rotom\n|\n|upkeep\n|\n|t:|1783539531\n|switch|p2a: Oricorio|Oricorio-Pa'u, L87, M|100/100\n|turn|34\n|inactive|Time left: 300 sec this turn | 300 sec total\n|\n|t:|1783539532\n|move|p1a: Arceus|Extreme Speed|p2a: Oricorio\n|-damage|p2a: Oricorio|59/100\n|move|p2a: Oricorio|Revelation Dance|p1a: Arceus\n|-damage|p1a: Arceus|0 fnt\n|faint|p1a: Arceus\n|\n|upkeep\n|inactive|Time left: 300 sec this turn | 300 sec total | 5 sec grace\n|\n|t:|1783539533\n|switch|p1a: Ho-Oh|Ho-Oh, L71|268/268\n|turn|35\n|inactive|Time left: 300 sec this turn | 300 sec total\n|\n|t:|1783539534\n|move|p2a: Oricorio|Roost|p2a: Oricorio\n|-heal|p2a: Oricorio|100/100\n|-singleturn|p2a: Oricorio|move: Roost\n|move|p1a: Ho-Oh|Sacred Fire|p2a: Oricorio\n|-damage|p2a: Oricorio|63/100\n|\n|upkeep\n|turn|36\n|inactive|Time left: 300 sec this turn | 300 sec total\n|\n|t:|1783539536\n|move|p2a: Oricorio|Roost|p2a: Oricorio\n|-heal|p2a: Oricorio|100/100\n|-singleturn|p2a: Oricorio|move: Roost\n|move|p1a: Ho-Oh|Sacred Fire|p2a: Oricorio\n|-damage|p2a: Oricorio|61/100\n|\n|upkeep\n|turn|37\n|inactive|Time left: 300 sec this turn | 300 sec total\n|\n|t:|1783539537\n|move|p2a: Oricorio|Roost|p2a: Oricorio\n|-heal|p2a: Oricorio|100/100\n|-singleturn|p2a: Oricorio|move: Roost\n|move|p1a: Ho-Oh|Sacred Fire|p2a: Oricorio\n|-damage|p2a: Oricorio|60/100\n|-status|p2a: Oricorio|brn\n|\n|-damage|p2a: Oricorio|53/100 brn|[from] brn\n|upkeep\n|turn|38\n|inactive|Time left: 300 sec this turn | 300 sec total\n|\n|t:|1783539538\n|move|p2a: Oricorio|Roost|p2a: Oricorio\n|-heal|p2a: Oricorio|100/100 brn\n|-singleturn|p2a: Oricorio|move: Roost\n|move|p1a: Ho-Oh|Brave Bird|p2a: Oricorio\n|-damage|p2a: Oricorio|53/100 brn\n|-damage|p1a: Ho-Oh|225/268|[from] Recoil\n|\n|-damage|p2a: Oricorio|47/100 brn|[from] brn\n|upkeep\n|turn|39\n|inactive|Time left: 300 sec this turn | 300 sec total\n|\n|t:|1783539539\n|move|p2a: Oricorio|Roost|p2a: Oricorio\n|-heal|p2a: Oricorio|97/100 brn\n|-singleturn|p2a: Oricorio|move: Roost\n|move|p1a: Ho-Oh|Brave Bird|p2a: Oricorio\n|-damage|p2a: Oricorio|47/100 brn\n|-damage|p1a: Ho-Oh|180/268|[from] Recoil\n|\n|-damage|p2a: Oricorio|41/100 brn|[from] brn\n|upkeep\n|turn|40\n|inactive|Time left: 300 sec this turn | 300 sec total\n|\n|t:|1783539539\n|move|p2a: Oricorio|Roost|p2a: Oricorio\n|-heal|p2a: Oricorio|91/100 brn\n|-singleturn|p2a: Oricorio|move: Roost\n|move|p1a: Ho-Oh|Sacred Fire|p2a: Oricorio\n|-damage|p2a: Oricorio|53/100 brn\n|\n|-damage|p2a: Oricorio|47/100 brn|[from] brn\n|upkeep\n|turn|41\n|inactive|Time left: 300 sec this turn | 300 sec total\n|\n|t:|1783539540\n|move|p2a: Oricorio|Roost|p2a: Oricorio\n|-heal|p2a: Oricorio|97/100 brn\n|-singleturn|p2a: Oricorio|move: Roost\n|move|p1a: Ho-Oh|Brave Bird|p2a: Oricorio\n|-damage|p2a: Oricorio|46/100 brn\n|-damage|p1a: Ho-Oh|134/268|[from] Recoil\n|\n|-damage|p2a: Oricorio|40/100 brn|[from] brn\n|upkeep\n|turn|42\n|inactive|Time left: 300 sec this turn | 300 sec total\n|\n|t:|1783539541\n|move|p2a: Oricorio|Roost|p2a: Oricorio\n|-heal|p2a: Oricorio|90/100 brn\n|-singleturn|p2a: Oricorio|move: Roost\n|move|p1a: Ho-Oh|Sacred Fire|p2a: Oricorio\n|-damage|p2a: Oricorio|49/100 brn\n|\n|-damage|p2a: Oricorio|43/100 brn|[from] brn\n|upkeep\n|turn|43\n|inactive|Time left: 300 sec this turn | 300 sec total\n|\n|t:|1783539542\n|move|p2a: Oricorio|Hurricane|p1a: Ho-Oh\n|-damage|p1a: Ho-Oh|35/268\n|move|p1a: Ho-Oh|Recover|p1a: Ho-Oh\n|-heal|p1a: Ho-Oh|169/268\n|\n|-damage|p2a: Oricorio|37/100 brn|[from] brn\n|upkeep\n|turn|44\n|inactive|Time left: 300 sec this turn | 300 sec total\n|\n|t:|1783539543\n|move|p2a: Oricorio|Hurricane|p1a: Ho-Oh\n|-damage|p1a: Ho-Oh|75/268\n|move|p1a: Ho-Oh|Recover|p1a: Ho-Oh\n|-heal|p1a: Ho-Oh|209/268\n|\n|-damage|p2a: Oricorio|30/100 brn|[from] brn\n|upkeep\n|turn|45\n|inactive|Time left: 300 sec this turn | 300 sec total\n|\n|t:|1783539544\n|move|p2a: Oricorio|Hurricane|p1a: Ho-Oh|[miss]\n|-miss|p2a: Oricorio|p1a: Ho-Oh\n|move|p1a: Ho-Oh|Brave Bird|p2a: Oricorio\n|-damage|p2a: Oricorio|0 fnt\n|faint|p2a: Oricorio\n|-damage|p1a: Ho-Oh|182/268|[from] Recoil\n|\n|upkeep\n|\n|t:|1783539545\n|switch|p2a: Probopass|Probopass, L91, M|100/100\n|turn|46\n|inactive|Time left: 300 sec this turn | 300 sec total\n|\n|t:|1783539546\n|switch|p1a: Terapagos|Terapagos, L77, M|265/265\n|-activate|p1a: Terapagos|ability: Tera Shift\n|detailschange|p1a: Terapagos|Terapagos-Terastal, L77, M\n|-heal|p1a: Terapagos|273/273|[silent]\n|move|p2a: Probopass|Iron Defense|p2a: Probopass\n|-boost|p2a: Probopass|def|2\n|\n|upkeep\n|turn|47\n|inactive|Time left: 300 sec this turn | 300 sec total\n|\n|t:|1783539547\n|switch|p1a: Ho-Oh|Ho-Oh, L71|268/268\n|move|p2a: Probopass|Body Press|p1a: Ho-Oh\n|-resisted|p1a: Ho-Oh\n|-damage|p1a: Ho-Oh|156/268\n|\n|upkeep\n|turn|48\n|inactive|Time left: 300 sec this turn | 300 sec total\n|\n|t:|1783539548\n|switch|p1a: Terapagos|Terapagos-Terastal, L77, M|273/273\n|move|p2a: Probopass|Power Gem|p1a: Terapagos\n|-activate|p1a: Terapagos|ability: Tera Shell\n|-resisted|p1a: Terapagos\n|-damage|p1a: Terapagos|238/273\n|\n|upkeep\n|turn|49\n|inactive|Time left: 300 sec this turn | 300 sec total\n|\n|t:|1783539549\n|switch|p1a: Ho-Oh|Ho-Oh, L71|245/268\n|move|p2a: Probopass|Body Press|p1a: Ho-Oh\n|-resisted|p1a: Ho-Oh\n|-damage|p1a: Ho-Oh|131/268\n|\n|upkeep\n|turn|50\n|inactive|Time left: 300 sec this turn | 300 sec total\n|\n|t:|1783539550\n|move|p1a: Ho-Oh|Recover|p1a: Ho-Oh\n|-heal|p1a: Ho-Oh|265/268\n|move|p2a: Probopass|Power Gem|p1a: Ho-Oh\n|-supereffective|p1a: Ho-Oh\n|-damage|p1a: Ho-Oh|0 fnt\n|faint|p1a: Ho-Oh\n|\n|upkeep\n|inactive|Time left: 300 sec this turn | 300 sec total | 5 sec grace\n|\n|t:|1783539551\n|switch|p1a: Terapagos|Terapagos-Terastal, L77, M|238/273\n|turn|51\n|inactive|Time left: 300 sec this turn | 300 sec total\n|\n|t:|1783539552\n|move|p1a: Terapagos|Dark Pulse|p2a: Probopass\n|-damage|p2a: Probopass|88/100\n|move|p2a: Probopass|Body Press|p1a: Terapagos\n|-supereffective|p1a: Terapagos\n|-damage|p1a: Terapagos|0 fnt\n|faint|p1a: Terapagos\n|\n|win|p0y02914b1", "uploadtime": 1783539552, "views": 0, "rating": 0, "private": 0, "password": null, "_winner": "p0y02914b1", "_our_name": "p0x029211c"}