{"id": "battle-gen9randombattle-2906", "formatid": "gen9randombattle", "format": "[Gen 9] Random Battle", "players": ["p0x2906969c", "p0y29065737"], "log": "|init|battle\n|title|p0x2906969c vs. p0y29065737\n|j|\u2606p0x2906969c\n|j|\u2606p0y29065737\n|t:|1783573454\n|gametype|singles\n|player|p1|p0x2906969c|265|\n|player|p2|p0y29065737|2|\n|gen|9\n|tier|[Gen 9] Random Battle\n|rule|Species Clause: Limit one of each Pok\u00e9mon\n|rule|HP Percentage Mod: HP is shown in percentages\n|rule|Sleep Clause Mod: Limit one foe put to sleep\n|rule|Illusion Level Mod: Illusion disguises the Pok\u00e9mon's true level\n|\n|t:|1783573454\n|teamsize|p1|6\n|teamsize|p2|6\n|start\n|switch|p1a: Magmortar|Magmortar, L88, M|275/275\n|switch|p2a: Manaphy|Manaphy, L78|100/100\n|turn|1\n|inactive|Battle timer is ON: inactive players will automatically lose when time's up. (requested by p0x2906969c)\n|\n|t:|1783573456\n|move|p2a: Manaphy|Tail Glow|p2a: Manaphy\n|-boost|p2a: Manaphy|spa|3\n|move|p1a: Magmortar|Thunderbolt|p2a: Manaphy\n|-supereffective|p2a: Manaphy\n|-damage|p2a: Manaphy|39/100\n|\n|-heal|p2a: Manaphy|45/100|[from] item: Leftovers\n|upkeep\n|turn|2\n|inactive|Time left: 300 sec this turn | 300 sec total\n|inactive|p0y29065737 also wants the timer to be on.\n|\n|t:|1783573457\n|-terastallize|p1a: Magmortar|Fighting\n|move|p2a: Manaphy|Surf|p1a: Magmortar\n|-damage|p1a: Magmortar|85/275\n|move|p1a: Magmortar|Thunderbolt|p2a: Manaphy\n|-supereffective|p2a: Manaphy\n|-damage|p2a: Manaphy|0 fnt\n|faint|p2a: Manaphy\n|\n|upkeep\n|\n|t:|1783573458\n|switch|p2a: Lokix|Lokix, L82, F|100/100\n|turn|3\n|inactive|Time left: 300 sec this turn | 300 sec total\n|\n|t:|1783573459\n|move|p2a: Lokix|Knock Off|p1a: Magmortar\n|-resisted|p1a: Magmortar\n|-damage|p1a: Magmortar|0 fnt\n|-status|p2a: Lokix|brn|[from] ability: Flame Body|[of] p1a: Magmortar\n|-enditem|p1a: Magmortar|Heavy-Duty Boots|[from] move: Knock Off|[of] p2a: Lokix\n|faint|p1a: Magmortar\n|-damage|p2a: Lokix|91/100 brn|[from] item: Life Orb\n|\n|-damage|p2a: Lokix|85/100 brn|[from] brn\n|upkeep\n|inactive|Time left: 300 sec this turn | 300 sec total | 5 sec grace\n|\n|t:|1783573460\n|switch|p1a: Donphan|Donphan, L84, M|288/288\n|turn|4\n|inactive|Time left: 300 sec this turn | 300 sec total\n|\n|t:|1783573461\n|move|p2a: Lokix|Knock Off|p1a: Donphan\n|-damage|p1a: Donphan|239/288\n|-enditem|p1a: Donphan|Leftovers|[from] move: Knock Off|[of] p2a: Lokix\n|-damage|p2a: Lokix|75/100 brn|[from] item: Life Orb\n|move|p1a: Donphan|Stealth Rock|p2a: Lokix\n|-sidestart|p2: p0y29065737|move: Stealth Rock\n|\n|-damage|p2a: Lokix|69/100 brn|[from] brn\n|upkeep\n|turn|5\n|inactive|Time left: 300 sec this turn | 300 sec total\n|\n|t:|1783573462\n|switch|p2a: Forretress|Forretress, L84, M|100/100\n|-damage|p2a: Forretress|88/100|[from] Stealth Rock\n|move|p1a: Donphan|Rapid Spin|p2a: Forretress\n|-resisted|p2a: Forretress\n|-damage|p2a: Forretress|83/100\n|-boost|p1a: Donphan|spe|1\n|\n|-heal|p2a: Forretress|89/100|[from] item: Leftovers\n|upkeep\n|turn|6\n|inactive|Time left: 300 sec this turn | 300 sec total\n|\n|t:|1783573464\n|move|p1a: Donphan|Earthquake|p2a: Forretress\n|-damage|p2a: Forretress|57/100\n|move|p2a: Forretress|Rapid Spin|p1a: Donphan\n|-damage|p1a: Donphan|213/288\n|-boost|p2a: Forretress|spe|1\n|-sideend|p2: p0y29065737|Stealth Rock|[from] move: Rapid Spin|[of] p2a: Forretress\n|\n|-heal|p2a: Forretress|63/100|[from] item: Leftovers\n|upkeep\n|turn|7\n|inactive|Time left: 300 sec this turn | 300 sec total\n|\n|t:|1783573465\n|move|p1a: Donphan|Earthquake|p2a: Forretress\n|-damage|p2a: Forretress|32/100\n|move|p2a: Forretress|Rapid Spin|p1a: Donphan\n|-damage|p1a: Donphan|187/288\n|-boost|p2a: Forretress|spe|1\n|\n|-heal|p2a: Forretress|39/100|[from] item: Leftovers\n|upkeep\n|turn|8\n|inactive|Time left: 300 sec this turn | 300 sec total\n|\n|t:|1783573466\n|move|p2a: Forretress|Iron Head|p1a: Donphan\n|-damage|p1a: Donphan|120/288\n|cant|p1a: Donphan|flinch\n|\n|-heal|p2a: Forretress|45/100|[from] item: Leftovers\n|upkeep\n|turn|9\n|inactive|Time left: 300 sec this turn | 300 sec total\n|\n|t:|1783573467\n|move|p2a: Forretress|Iron Head|p1a: Donphan\n|-damage|p1a: Donphan|62/288\n|move|p1a: Donphan|Earthquake|p2a: Forretress\n|-damage|p2a: Forretress|12/100\n|\n|-heal|p2a: Forretress|18/100|[from] item: Leftovers\n|upkeep\n|turn|10\n|inactive|Time left: 300 sec this turn | 300 sec total\n|\n|t:|1783573468\n|move|p2a: Forretress|Iron Head|p1a: Donphan\n|-damage|p1a: Donphan|0 fnt\n|faint|p1a: Donphan\n|\n|-heal|p2a: Forretress|24/100|[from] item: Leftovers\n|upkeep\n|inactive|Time left: 300 sec this turn | 300 sec total | 5 sec grace\n|\n|t:|1783573469\n|switch|p1a: Hitmonchan|Hitmonchan, L87, M|229/229\n|turn|11\n|inactive|Time left: 300 sec this turn | 300 sec total\n|\n|t:|1783573470\n|move|p2a: Forretress|Iron Head|p1a: Hitmonchan\n|-damage|p1a: Hitmonchan|153/229\n|move|p1a: Hitmonchan|Swords Dance|p1a: Hitmonchan\n|-boost|p1a: Hitmonchan|atk|2\n|\n|-heal|p2a: Forretress|30/100|[from] item: Leftovers\n|upkeep\n|turn|12\n|inactive|Time left: 300 sec this turn | 300 sec total\n|\n|t:|1783573472\n|move|p1a: Hitmonchan|Mach Punch|p2a: Forretress\n|-damage|p2a: Forretress|0 fnt\n|faint|p2a: Forretress\n|-damage|p1a: Hitmonchan|131/229|[from] item: Life Orb\n|\n|upkeep\n|\n|t:|1783573473\n|switch|p2a: Lokix|Lokix, L82, F|69/100 brn\n|turn|13\n|inactive|Time left: 300 sec this turn | 300 sec total\n|\n|t:|1783573474\n|move|p2a: Lokix|Knock Off|p1a: Hitmonchan\n|-resisted|p1a: Hitmonchan\n|-damage|p1a: Hitmonchan|58/229\n|-enditem|p1a: Hitmonchan|Life Orb|[from] move: Knock Off|[of] p2a: Lokix\n|-damage|p2a: Lokix|59/100 brn|[from] item: Life Orb\n|move|p1a: Hitmonchan|Drain Punch|p2a: Lokix\n|-damage|p2a: Lokix|0 fnt\n|-heal|p1a: Hitmonchan|131/229|[from] drain|[of] p2a: Lokix\n|faint|p2a: Lokix\n|\n|upkeep\n|\n|t:|1783573475\n|switch|p2a: Hydreigon|Hydreigon, L79, M|100/100\n|turn|14\n|inactive|Time left: 300 sec this turn | 300 sec total\n|\n|t:|1783573476\n|move|p1a: Hitmonchan|Mach Punch|p2a: Hydreigon\n|-supereffective|p2a: Hydreigon\n|-damage|p2a: Hydreigon|15/100\n|move|p2a: Hydreigon|Draco Meteor|p1a: Hitmonchan\n|-damage|p1a: Hitmonchan|0 fnt\n|-unboost|p2a: Hydreigon|spa|2\n|faint|p1a: Hitmonchan\n|-damage|p2a: Hydreigon|5/100|[from] item: Life Orb\n|\n|upkeep\n|inactive|Time left: 300 sec this turn | 300 sec total | 5 sec grace\n|\n|t:|1783573477\n|switch|p1a: Oinkologne|Oinkologne, L92, M|352/352\n|turn|15\n|inactive|Time left: 300 sec this turn | 300 sec total\n|\n|t:|1783573478\n|switch|p2a: Sudowoodo|Sudowoodo, L94, F|100/100\n|move|p1a: Oinkologne|Curse|p1a: Oinkologne\n|-unboost|p1a: Oinkologne|spe|1\n|-boost|p1a: Oinkologne|atk|1\n|-boost|p1a: Oinkologne|def|1\n|\n|upkeep\n|turn|16\n|inactive|Time left: 300 sec this turn | 300 sec total\n|\n|t:|1783573479\n|move|p1a: Oinkologne|High Horsepower|p2a: Sudowoodo\n|-supereffective|p2a: Sudowoodo\n|-damage|p2a: Sudowoodo|33/100\n|move|p2a: Sudowoodo|Head Smash|p1a: Oinkologne\n|-damage|p1a: Oinkologne|208/352\n|\n|-heal|p1a: Oinkologne|230/352|[from] item: Leftovers\n|-heal|p2a: Sudowoodo|39/100|[from] item: Leftovers\n|upkeep\n|turn|17\n|inactive|Time left: 300 sec this turn | 300 sec total\n|\n|t:|1783573480\n|move|p1a: Oinkologne|High Horsepower|p2a: Sudowoodo\n|-supereffective|p2a: Sudowoodo\n|-damage|p2a: Sudowoodo|0 fnt\n|faint|p2a: Sudowoodo\n|\n|-heal|p1a: Oinkologne|252/352|[from] item: Leftovers\n|upkeep\n|\n|t:|1783573481\n|switch|p2a: Beartic|Beartic, L91, F|100/100\n|turn|18\n|inactive|Time left: 300 sec this turn | 300 sec total\n|\n|t:|1783573482\n|-terastallize|p2a: Beartic|Fighting\n|move|p2a: Beartic|Close Combat|p1a: Oinkologne\n|-supereffective|p1a: Oinkologne\n|-damage|p1a: Oinkologne|16/352\n|-unboost|p2a: Beartic|def|1\n|-unboost|p2a: Beartic|spd|1\n|move|p1a: Oinkologne|Body Slam|p2a: Beartic\n|-damage|p2a: Beartic|24/100\n|\n|-heal|p1a: Oinkologne|38/352|[from] item: Leftovers\n|upkeep\n|turn|19\n|inactive|Time left: 300 sec this turn | 300 sec total\n|\n|t:|1783573483\n|switch|p2a: Hydreigon|Hydreigon, L79, M|5/100\n|switch|p1a: Banette|Banette, L93, F|270/270\n|\n|upkeep\n|turn|20\n|inactive|Time left: 300 sec this turn | 300 sec total\n|\n|t:|1783573484\n|move|p1a: Banette|Shadow Sneak|p2a: Hydreigon\n|-resisted|p2a: Hydreigon\n|-damage|p2a: Hydreigon|0 fnt\n|faint|p2a: Hydreigon\n|-damage|p1a: Banette|243/270|[from] item: Life Orb\n|\n|upkeep\n|\n|t:|1783573484\n|switch|p2a: Beartic|Beartic, L91, F, tera:Fighting|24/100\n|turn|21\n|inactive|Time left: 300 sec this turn | 300 sec total\n|\n|t:|1783573485\n|move|p1a: Banette|Poltergeist|p2a: Beartic\n|-activate|p2a: Beartic|move: Poltergeist|Heavy-Duty Boots\n|-damage|p2a: Beartic|0 fnt\n|faint|p2a: Beartic\n|-damage|p1a: Banette|216/270|[from] item: Life Orb\n|\n|win|p0x2906969c", "uploadtime": 1783573485, "views": 0, "rating": 0, "private": 0, "password": null, "_winner": "p0x2906969c", "_our_name": "p0x2906969c"}