{"id": "battle-gen9randombattle-2651", "formatid": "gen9randombattle", "format": "[Gen 9] Random Battle", "players": ["p0x265185ea", "p0y26517c5c"], "log": "|init|battle\n|title|p0x265185ea vs. p0y26517c5c\n|j|\u2606p0x265185ea\n|j|\u2606p0y26517c5c\n|t:|1783569582\n|gametype|singles\n|player|p1|p0x265185ea|2|\n|player|p2|p0y26517c5c|101|\n|gen|9\n|tier|[Gen 9] Random Battle\n|rule|Species Clause: Limit one of each Pok\u00e9mon\n|rule|HP Percentage Mod: HP is shown in percentages\n|rule|Sleep Clause Mod: Limit one foe put to sleep\n|rule|Illusion Level Mod: Illusion disguises the Pok\u00e9mon's true level\n|\n|t:|1783569582\n|teamsize|p1|6\n|teamsize|p2|6\n|start\n|switch|p1a: Kyogre|Kyogre, L71|100/100\n|switch|p2a: Probopass|Probopass, L91, M|257/257\n|-weather|RainDance|[from] ability: Drizzle|[of] p1a: Kyogre\n|turn|1\n|inactive|Battle timer is ON: inactive players will automatically lose when time's up. (requested by p0x265185ea)\n|inactive|Time left: 300 sec this turn | 300 sec total | 60 sec grace\n|inactive|p0y26517c5c also wants the timer to be on.\n|\n|t:|1783569584\n|-terastallize|p2a: Probopass|Fighting\n|move|p1a: Kyogre|Origin Pulse|p2a: Probopass\n|-damage|p2a: Probopass|139/257\n|move|p2a: Probopass|Body Press|p1a: Kyogre\n|-damage|p1a: Kyogre|43/100\n|\n|-weather|RainDance|[upkeep]\n|-heal|p1a: Kyogre|49/100|[from] item: Leftovers\n|-heal|p2a: Probopass|155/257|[from] item: Leftovers\n|upkeep\n|turn|2\n|inactive|Time left: 300 sec this turn | 300 sec total\n|\n|t:|1783569585\n|move|p1a: Kyogre|Origin Pulse|p2a: Probopass\n|-damage|p2a: Probopass|46/257\n|move|p2a: Probopass|Body Press|p1a: Kyogre\n|-damage|p1a: Kyogre|0 fnt\n|faint|p1a: Kyogre\n|\n|-weather|RainDance|[upkeep]\n|-heal|p2a: Probopass|62/257|[from] item: Leftovers\n|upkeep\n|\n|t:|1783569586\n|switch|p1a: Mabosstiff|Mabosstiff, L86, M|100/100\n|turn|3\n|inactive|Time left: 300 sec this turn | 300 sec total\n|\n|t:|1783569587\n|switch|p2a: Bronzong|Bronzong, L88|261/261\n|move|p1a: Mabosstiff|Psychic Fangs|p2a: Bronzong\n|-resisted|p2a: Bronzong\n|-damage|p2a: Bronzong|217/261\n|\n|-weather|RainDance|[upkeep]\n|upkeep\n|turn|4\n|inactive|Time left: 300 sec this turn | 300 sec total\n|\n|t:|1783569587\n|move|p1a: Mabosstiff|Psychic Fangs|p2a: Bronzong\n|-resisted|p2a: Bronzong\n|-damage|p2a: Bronzong|195/261\n|move|p2a: Bronzong|Iron Defense|p2a: Bronzong\n|-boost|p2a: Bronzong|def|2\n|\n|-weather|RainDance|[upkeep]\n|upkeep\n|turn|5\n|inactive|Time left: 300 sec this turn | 300 sec total\n|\n|t:|1783569588\n|switch|p1a: Quagsire|Quagsire, L84, M|100/100\n|move|p2a: Bronzong|Body Press|p1a: Quagsire\n|-damage|p1a: Quagsire|75/100\n|\n|-weather|none\n|-heal|p1a: Quagsire|81/100|[from] item: Leftovers\n|upkeep\n|turn|6\n|inactive|Time left: 300 sec this turn | 300 sec total\n|\n|t:|1783569589\n|move|p2a: Bronzong|Body Press|p1a: Quagsire\n|-damage|p1a: Quagsire|56/100\n|move|p1a: Quagsire|Spikes|p2a: Bronzong\n|-sidestart|p2: p0y26517c5c|Spikes\n|\n|-heal|p1a: Quagsire|62/100|[from] item: Leftovers\n|upkeep\n|turn|7\n|inactive|Time left: 300 sec this turn | 300 sec total\n|\n|t:|1783569590\n|move|p2a: Bronzong|Psychic Noise|p1a: Quagsire\n|-damage|p1a: Quagsire|30/100\n|-start|p1a: Quagsire|move: Heal Block\n|move|p1a: Quagsire|Spikes|p2a: Bronzong\n|-sidestart|p2: p0y26517c5c|Spikes\n|\n|upkeep\n|turn|8\n|inactive|Time left: 300 sec this turn | 300 sec total\n|\n|t:|1783569591\n|move|p2a: Bronzong|Psychic Noise|p1a: Quagsire\n|-damage|p1a: Quagsire|0 fnt\n|faint|p1a: Quagsire\n|\n|upkeep\n|\n|t:|1783569592\n|switch|p1a: Mabosstiff|Mabosstiff, L86, M|100/100\n|turn|9\n|inactive|Time left: 300 sec this turn | 300 sec total\n|\n|t:|1783569593\n|move|p1a: Mabosstiff|Crunch|p2a: Bronzong\n|-supereffective|p2a: Bronzong\n|-damage|p2a: Bronzong|73/261\n|move|p2a: Bronzong|Body Press|p1a: Mabosstiff\n|-supereffective|p1a: Mabosstiff\n|-damage|p1a: Mabosstiff|8/100\n|\n|upkeep\n|turn|10\n|inactive|Time left: 300 sec this turn | 300 sec total\n|\n|t:|1783569594\n|switch|p2a: Zamazenta|Zamazenta, L71|248/248\n|-damage|p2a: Zamazenta|207/248|[from] Spikes\n|-ability|p2a: Zamazenta|Dauntless Shield|boost\n|-boost|p2a: Zamazenta|def|1\n|move|p1a: Mabosstiff|Crunch|p2a: Zamazenta\n|-resisted|p2a: Zamazenta\n|-damage|p2a: Zamazenta|111/248\n|-unboost|p2a: Zamazenta|def|1\n|\n|upkeep\n|turn|11\n|inactive|Time left: 300 sec this turn | 300 sec total\n|\n|t:|1783569595\n|move|p2a: Zamazenta|Close Combat|p1a: Mabosstiff\n|-supereffective|p1a: Mabosstiff\n|-damage|p1a: Mabosstiff|0 fnt\n|-unboost|p2a: Zamazenta|def|1\n|-unboost|p2a: Zamazenta|spd|1\n|faint|p1a: Mabosstiff\n|\n|upkeep\n|\n|t:|1783569596\n|switch|p1a: Lucario|Lucario, L84, M|100/100\n|turn|12\n|inactive|Time left: 300 sec this turn | 300 sec total\n|\n|t:|1783569597\n|move|p1a: Lucario|Extreme Speed|p2a: Zamazenta\n|-damage|p2a: Zamazenta|0 fnt\n|faint|p2a: Zamazenta\n|\n|upkeep\n|inactive|Time left: 300 sec this turn | 300 sec total | 5 sec grace\n|\n|t:|1783569598\n|switch|p2a: Bronzong|Bronzong, L88|73/261\n|turn|13\n|inactive|Time left: 300 sec this turn | 300 sec total\n|\n|t:|1783569599\n|switch|p1a: Hitmonlee|Hitmonlee, L85, M|100/100\n|move|p2a: Bronzong|Rest|p2a: Bronzong\n|-status|p2a: Bronzong|slp|[from] move: Rest\n|-heal|p2a: Bronzong|261/261 slp|[silent]\n|-enditem|p2a: Bronzong|Chesto Berry|[eat]\n|-curestatus|p2a: Bronzong|slp|[msg]\n|\n|upkeep\n|turn|14\n|inactive|Time left: 300 sec this turn | 300 sec total\n|\n|t:|1783569600\n|move|p1a: Hitmonlee|Swords Dance|p1a: Hitmonlee\n|-boost|p1a: Hitmonlee|atk|2\n|move|p2a: Bronzong|Iron Defense|p2a: Bronzong\n|-boost|p2a: Bronzong|def|2\n|\n|upkeep\n|turn|15\n|inactive|Time left: 300 sec this turn | 300 sec total\n|\n|t:|1783569601\n|move|p1a: Hitmonlee|Close Combat|p2a: Bronzong\n|-damage|p2a: Bronzong|138/261\n|-unboost|p1a: Hitmonlee|def|1\n|-unboost|p1a: Hitmonlee|spd|1\n|-enditem|p1a: Hitmonlee|White Herb\n|-clearnegativeboost|p1a: Hitmonlee|[silent]\n|move|p2a: Bronzong|Psychic Noise|p1a: Hitmonlee\n|-supereffective|p1a: Hitmonlee\n|-damage|p1a: Hitmonlee|49/100\n|-start|p1a: Hitmonlee|move: Heal Block\n|\n|upkeep\n|turn|16\n|inactive|Time left: 300 sec this turn | 300 sec total\n|\n|t:|1783569602\n|move|p1a: Hitmonlee|Close Combat|p2a: Bronzong\n|-damage|p2a: Bronzong|27/261\n|-unboost|p1a: Hitmonlee|def|1\n|-unboost|p1a: Hitmonlee|spd|1\n|move|p2a: Bronzong|Body Press|p1a: Hitmonlee\n|-damage|p1a: Hitmonlee|0 fnt\n|faint|p1a: Hitmonlee\n|\n|upkeep\n|\n|t:|1783569603\n|switch|p1a: Lucario|Lucario, L84, M|100/100\n|turn|17\n|inactive|Time left: 300 sec this turn | 300 sec total\n|\n|t:|1783569604\n|move|p1a: Lucario|Meteor Mash|p2a: Bronzong\n|-resisted|p2a: Bronzong\n|-damage|p2a: Bronzong|0 fnt\n|faint|p2a: Bronzong\n|\n|upkeep\n|inactive|Time left: 300 sec this turn | 300 sec total | 5 sec grace\n|\n|t:|1783569605\n|switch|p2a: Lilligant|Lilligant, L86, F|261/261\n|-damage|p2a: Lilligant|218/261|[from] Spikes\n|turn|18\n|inactive|Time left: 300 sec this turn | 300 sec total\n|\n|t:|1783569606\n|move|p2a: Lilligant|Sleep Powder|p1a: Lucario\n|-status|p1a: Lucario|slp|[from] move: Sleep Powder\n|cant|p1a: Lucario|slp\n|\n|upkeep\n|turn|19\n|inactive|Time left: 300 sec this turn | 300 sec total\n|\n|t:|1783569607\n|move|p2a: Lilligant|Quiver Dance|p2a: Lilligant\n|-boost|p2a: Lilligant|spa|1\n|-boost|p2a: Lilligant|spd|1\n|-boost|p2a: Lilligant|spe|1\n|-curestatus|p1a: Lucario|slp|[msg]\n|move|p1a: Lucario|Meteor Mash|p2a: Lilligant\n|-damage|p2a: Lilligant|43/261\n|\n|upkeep\n|turn|20\n|inactive|Time left: 300 sec this turn | 300 sec total\n|\n|t:|1783569608\n|move|p2a: Lilligant|Sleep Powder|p1a: Lucario\n|-status|p1a: Lucario|slp|[from] move: Sleep Powder\n|cant|p1a: Lucario|slp\n|\n|upkeep\n|turn|21\n|inactive|Time left: 300 sec this turn | 300 sec total\n|\n|t:|1783569609\n|move|p2a: Lilligant|Giga Drain|p1a: Lucario\n|-resisted|p1a: Lucario\n|-damage|p1a: Lucario|56/100 slp\n|-heal|p2a: Lilligant|100/261|[from] drain|[of] p1a: Lucario\n|-damage|p2a: Lilligant|74/261|[from] item: Life Orb\n|cant|p1a: Lucario|slp\n|\n|upkeep\n|turn|22\n|inactive|Time left: 300 sec this turn | 300 sec total\n|\n|t:|1783569611\n|move|p2a: Lilligant|Giga Drain|p1a: Lucario\n|-resisted|p1a: Lucario\n|-damage|p1a: Lucario|18/100 slp\n|-heal|p2a: Lilligant|123/261|[from] drain|[of] p1a: Lucario\n|-damage|p2a: Lilligant|97/261|[from] item: Life Orb\n|cant|p1a: Lucario|slp\n|\n|upkeep\n|turn|23\n|inactive|Time left: 300 sec this turn | 300 sec total\n|\n|t:|1783569612\n|move|p2a: Lilligant|Giga Drain|p1a: Lucario\n|-resisted|p1a: Lucario\n|-damage|p1a: Lucario|0 fnt\n|-heal|p2a: Lilligant|119/261|[from] drain|[of] p1a: Lucario\n|faint|p1a: Lucario\n|-damage|p2a: Lilligant|93/261|[from] item: Life Orb\n|\n|upkeep\n|\n|t:|1783569613\n|switch|p1a: Cyclizar|Cyclizar, L84, F|100/100\n|turn|24\n|inactive|Time left: 300 sec this turn | 300 sec total\n|\n|t:|1783569614\n|move|p2a: Lilligant|Giga Drain|p1a: Cyclizar\n|-resisted|p1a: Cyclizar\n|-damage|p1a: Cyclizar|56/100\n|-heal|p2a: Lilligant|150/261|[from] drain|[of] p1a: Cyclizar\n|-damage|p2a: Lilligant|124/261|[from] item: Life Orb\n|move|p1a: Cyclizar|Rapid Spin|p2a: Lilligant\n|-damage|p2a: Lilligant|67/261\n|-boost|p1a: Cyclizar|spe|1\n|\n|upkeep\n|turn|25\n|inactive|Time left: 300 sec this turn | 300 sec total\n|\n|t:|1783569615\n|move|p1a: Cyclizar|Shed Tail|p1a: Cyclizar\n|-fail|p1a: Cyclizar\n|move|p2a: Lilligant|Tera Blast|p1a: Cyclizar\n|-damage|p1a: Cyclizar|0 fnt\n|faint|p1a: Cyclizar\n|-damage|p2a: Lilligant|41/261|[from] item: Life Orb\n|\n|win|p0y26517c5c", "uploadtime": 1783569615, "views": 0, "rating": 0, "private": 0, "password": null, "_winner": "p0y26517c5c", "_our_name": "p0y26517c5c"}