{"id": "battle-gen9randombattle-2545", "formatid": "gen9randombattle", "format": "[Gen 9] Random Battle", "players": ["p0x25452b4b", "p0y25458d43"], "log": "|init|battle\n|title|p0x25452b4b vs. p0y25458d43\n|j|\u2606p0x25452b4b\n|j|\u2606p0y25458d43\n|t:|1783568480\n|gametype|singles\n|player|p1|p0x25452b4b|266|\n|player|p2|p0y25458d43|266|\n|gen|9\n|tier|[Gen 9] Random Battle\n|rule|Species Clause: Limit one of each Pok\u00e9mon\n|rule|HP Percentage Mod: HP is shown in percentages\n|rule|Sleep Clause Mod: Limit one foe put to sleep\n|rule|Illusion Level Mod: Illusion disguises the Pok\u00e9mon's true level\n|\n|t:|1783568480\n|teamsize|p1|6\n|teamsize|p2|6\n|start\n|switch|p1a: Trevenant|Trevenant, L89, F|296/296\n|switch|p2a: Manaphy|Manaphy, L78|100/100\n|turn|1\n|inactive|Battle timer is ON: inactive players will automatically lose when time's up. (requested by p0x25452b4b)\n|inactive|p0y25458d43 also wants the timer to be on.\n|\n|t:|1783568482\n|switch|p2a: Slaking|Slaking, L84, M|100/100\n|move|p1a: Trevenant|Poltergeist|p2a: Slaking\n|-immune|p2a: Slaking\n|\n|upkeep\n|turn|2\n|inactive|Time left: 300 sec this turn | 300 sec total\n|\n|t:|1783568483\n|move|p1a: Trevenant|Protect|p1a: Trevenant\n|-singleturn|p1a: Trevenant|Protect\n|move|p2a: Slaking|Knock Off|p1a: Trevenant\n|-activate|p1a: Trevenant|move: Protect\n|\n|upkeep\n|turn|3\n|inactive|Time left: 300 sec this turn | 300 sec total\n|\n|t:|1783568484\n|cant|p2a: Slaking|ability: Truant\n|move|p1a: Trevenant|Toxic|p2a: Slaking\n|-status|p2a: Slaking|tox\n|\n|-damage|p2a: Slaking|94/100 tox|[from] psn\n|upkeep\n|turn|4\n|inactive|Time left: 300 sec this turn | 300 sec total\n|\n|t:|1783568485\n|switch|p1a: Mightyena|Mightyena, L96, F|290/290\n|-ability|p1a: Mightyena|Intimidate|boost\n|-unboost|p2a: Slaking|atk|1\n|move|p2a: Slaking|Knock Off|p1a: Mightyena\n|-resisted|p1a: Mightyena\n|-damage|p1a: Mightyena|239/290\n|-enditem|p1a: Mightyena|Assault Vest|[from] move: Knock Off|[of] p2a: Slaking\n|\n|-damage|p2a: Slaking|82/100 tox|[from] psn\n|upkeep\n|turn|5\n|inactive|Time left: 300 sec this turn | 300 sec total\n|\n|t:|1783568486\n|switch|p2a: Manaphy|Manaphy, L78|100/100\n|move|p1a: Mightyena|Super Fang|p2a: Manaphy\n|-damage|p2a: Manaphy|50/100\n|\n|-heal|p2a: Manaphy|56/100|[from] item: Leftovers\n|upkeep\n|turn|6\n|inactive|Time left: 300 sec this turn | 300 sec total\n|\n|t:|1783568487\n|move|p2a: Manaphy|Tail Glow|p2a: Manaphy\n|-boost|p2a: Manaphy|spa|3\n|move|p1a: Mightyena|Super Fang|p2a: Manaphy\n|-damage|p2a: Manaphy|29/100\n|\n|-heal|p2a: Manaphy|35/100|[from] item: Leftovers\n|upkeep\n|turn|7\n|inactive|Time left: 300 sec this turn | 300 sec total\n|\n|t:|1783568488\n|move|p2a: Manaphy|Hydro Pump|p1a: Mightyena|[miss]\n|-miss|p2a: Manaphy|p1a: Mightyena\n|move|p1a: Mightyena|Crunch|p2a: Manaphy\n|-damage|p2a: Manaphy|0 fnt\n|faint|p2a: Manaphy\n|\n|upkeep\n|\n|t:|1783568489\n|switch|p2a: Slaking|Slaking, L84, M|82/100 tox\n|turn|8\n|inactive|Time left: 300 sec this turn | 300 sec total\n|\n|t:|1783568490\n|switch|p1a: Oricorio|Oricorio-Sensu, L85, M|266/266\n|move|p2a: Slaking|Giga Impact|p1a: Oricorio\n|-immune|p1a: Oricorio\n|\n|-damage|p2a: Slaking|76/100 tox|[from] psn\n|upkeep\n|turn|9\n|inactive|Time left: 300 sec this turn | 300 sec total\n|\n|t:|1783568492\n|switch|p2a: Bisharp|Bisharp, L79, F|100/100\n|move|p1a: Oricorio|Quiver Dance|p1a: Oricorio\n|-boost|p1a: Oricorio|spa|1\n|-boost|p1a: Oricorio|spd|1\n|-boost|p1a: Oricorio|spe|1\n|\n|upkeep\n|turn|10\n|inactive|Time left: 300 sec this turn | 300 sec total\n|\n|t:|1783568493\n|-terastallize|p1a: Oricorio|Fighting\n|move|p1a: Oricorio|Revelation Dance|p2a: Bisharp\n|-supereffective|p2a: Bisharp\n|-damage|p2a: Bisharp|0 fnt\n|faint|p2a: Bisharp\n|\n|upkeep\n|\n|t:|1783568493\n|switch|p2a: Iron Crown|Iron Crown, L78|100/100\n|turn|11\n|inactive|Time left: 300 sec this turn | 300 sec total\n|\n|t:|1783568494\n|move|p1a: Oricorio|Revelation Dance|p2a: Iron Crown\n|-damage|p2a: Iron Crown|47/100\n|move|p2a: Iron Crown|Psyshock|p1a: Oricorio\n|-supereffective|p1a: Oricorio\n|-damage|p1a: Oricorio|0 fnt\n|faint|p1a: Oricorio\n|\n|upkeep\n|inactive|Time left: 300 sec this turn | 300 sec total | 5 sec grace\n|\n|t:|1783568495\n|switch|p1a: Mightyena|Mightyena, L96, F|239/290\n|-ability|p1a: Mightyena|Intimidate|boost\n|-unboost|p2a: Iron Crown|atk|1\n|turn|12\n|inactive|Time left: 300 sec this turn | 300 sec total\n|\n|t:|1783568496\n|-end|p2a: Iron Crown|Quark Drive|[silent]\n|switch|p2a: Slaking|Slaking, L84, M|76/100 tox\n|move|p1a: Mightyena|Crunch|p2a: Slaking\n|-damage|p2a: Slaking|52/100 tox\n|\n|-damage|p2a: Slaking|46/100 tox|[from] psn\n|upkeep\n|turn|13\n|inactive|Time left: 300 sec this turn | 300 sec total\n|\n|t:|1783568497\n|switch|p1a: Trevenant|Trevenant, L89, F|296/296\n|move|p2a: Slaking|Giga Impact|p1a: Trevenant\n|-immune|p1a: Trevenant\n|\n|-damage|p2a: Slaking|34/100 tox|[from] psn\n|upkeep\n|turn|14\n|inactive|Time left: 300 sec this turn | 300 sec total\n|\n|t:|1783568498\n|cant|p2a: Slaking|ability: Truant\n|move|p1a: Trevenant|Poltergeist|p2a: Slaking\n|-immune|p2a: Slaking\n|\n|-damage|p2a: Slaking|15/100 tox|[from] psn\n|upkeep\n|turn|15\n|inactive|Time left: 300 sec this turn | 300 sec total\n|\n|t:|1783568499\n|move|p2a: Slaking|Giga Impact|p1a: Trevenant\n|-immune|p1a: Trevenant\n|move|p1a: Trevenant|Poltergeist|p2a: Slaking\n|-immune|p2a: Slaking\n|\n|-damage|p2a: Slaking|0 fnt|[from] psn\n|faint|p2a: Slaking\n|upkeep\n|\n|t:|1783568500\n|switch|p2a: Iron Crown|Iron Crown, L78|47/100\n|turn|16\n|inactive|Time left: 300 sec this turn | 300 sec total\n|\n|t:|1783568501\n|move|p2a: Iron Crown|Tachyon Cutter|p1a: Trevenant\n|-damage|p1a: Trevenant|220/296\n|-damage|p1a: Trevenant|130/296\n|-enditem|p1a: Trevenant|Sitrus Berry|[eat]\n|-heal|p1a: Trevenant|204/296|[from] item: Sitrus Berry\n|-hitcount|p1a: Trevenant|2\n|move|p1a: Trevenant|Poltergeist|p2a: Iron Crown\n|-activate|p2a: Iron Crown|move: Poltergeist|Choice Specs\n|-supereffective|p2a: Iron Crown\n|-damage|p2a: Iron Crown|0 fnt\n|faint|p2a: Iron Crown\n|-end|p2a: Iron Crown|Quark Drive|[silent]\n|\n|upkeep\n|\n|t:|1783568502\n|switch|p2a: Mewtwo|Mewtwo, L72|100/100\n|-ability|p2a: Mewtwo|Unnerve\n|turn|17\n|inactive|Time left: 300 sec this turn | 300 sec total\n|\n|t:|1783568503\n|move|p2a: Mewtwo|Fire Blast|p1a: Trevenant\n|-supereffective|p1a: Trevenant\n|-damage|p1a: Trevenant|0 fnt\n|faint|p1a: Trevenant\n|-damage|p2a: Mewtwo|91/100|[from] item: Life Orb\n|\n|upkeep\n|inactive|Time left: 300 sec this turn | 300 sec total | 5 sec grace\n|\n|t:|1783568504\n|switch|p1a: Mightyena|Mightyena, L96, F|239/290\n|-ability|p1a: Mightyena|Intimidate|boost\n|-unboost|p2a: Mewtwo|atk|1\n|turn|18\n|inactive|Time left: 300 sec this turn | 300 sec total\n|\n|t:|1783568505\n|move|p2a: Mewtwo|Fire Blast|p1a: Mightyena\n|-damage|p1a: Mightyena|114/290\n|-damage|p2a: Mewtwo|81/100|[from] item: Life Orb\n|move|p1a: Mightyena|Crunch|p2a: Mewtwo\n|-supereffective|p2a: Mewtwo\n|-damage|p2a: Mewtwo|0 fnt\n|faint|p2a: Mewtwo\n|\n|upkeep\n|\n|t:|1783568506\n|switch|p2a: Maushold|Maushold-Four, L76|100/100\n|turn|19\n|inactive|Time left: 300 sec this turn | 300 sec total\n|\n|t:|1783568507\n|-terastallize|p2a: Maushold|Normal\n|move|p2a: Maushold|Population Bomb|p1a: Mightyena\n|-damage|p1a: Mightyena|80/290\n|-damage|p1a: Mightyena|48/290\n|-damage|p1a: Mightyena|16/290\n|-damage|p1a: Mightyena|0 fnt\n|faint|p1a: Mightyena\n|-hitcount|p1: Mightyena|4\n|\n|upkeep\n|inactive|Time left: 300 sec this turn | 300 sec total | 5 sec grace\n|\n|t:|1783568508\n|switch|p1a: Salamence|Salamence, L77, F|273/273\n|-ability|p1a: Salamence|Intimidate|boost\n|-unboost|p2a: Maushold|atk|1\n|turn|20\n|inactive|Time left: 300 sec this turn | 300 sec total\n|\n|t:|1783568508\n|move|p2a: Maushold|Bite|p1a: Salamence\n|-damage|p1a: Salamence|240/273\n|move|p1a: Salamence|Outrage|p2a: Maushold\n|-damage|p2a: Maushold|28/100\n|\n|upkeep\n|turn|21\n|inactive|Time left: 300 sec this turn | 300 sec total\n|\n|t:|1783568509\n|move|p2a: Maushold|Bite|p1a: Salamence\n|-damage|p1a: Salamence|204/273\n|cant|p1a: Salamence|flinch\n|\n|-start|p1a: Salamence|confusion|[fatigue]\n|upkeep\n|turn|22\n|inactive|Time left: 300 sec this turn | 300 sec total\n|\n|t:|1783568510\n|move|p2a: Maushold|Tidy Up|p2a: Maushold\n|-boost|p2a: Maushold|atk|1\n|-boost|p2a: Maushold|spe|1\n|-activate|p1a: Salamence|confusion\n|move|p1a: Salamence|Outrage|p2a: Maushold\n|-damage|p2a: Maushold|0 fnt\n|faint|p2a: Maushold\n|\n|win|p0x25452b4b", "uploadtime": 1783568510, "views": 0, "rating": 0, "private": 0, "password": null, "_winner": "p0x25452b4b", "_our_name": "p0x25452b4b"}