{"id": "battle-gen9randombattle-2310", "formatid": "gen9randombattle", "format": "[Gen 9] Random Battle", "players": ["p0x2310e4fb", "p0y231072c7"], "log": "|init|battle\n|title|p0x2310e4fb vs. p0y231072c7\n|j|\u2606p0x2310e4fb\n|j|\u2606p0y231072c7\n|t:|1783566820\n|gametype|singles\n|player|p1|p0x2310e4fb|170|\n|player|p2|p0y231072c7|101|\n|gen|9\n|tier|[Gen 9] Random Battle\n|rule|Species Clause: Limit one of each Pok\u00e9mon\n|rule|HP Percentage Mod: HP is shown in percentages\n|rule|Sleep Clause Mod: Limit one foe put to sleep\n|rule|Illusion Level Mod: Illusion disguises the Pok\u00e9mon's true level\n|\n|t:|1783566820\n|teamsize|p1|6\n|teamsize|p2|6\n|start\n|switch|p1a: Weavile|Weavile, L79, M|239/239\n|switch|p2a: Sableye|Sableye, L88, M|100/100\n|turn|1\n|inactive|Battle timer is ON: inactive players will automatically lose when time's up. (requested by p0y231072c7)\n|inactive|Time left: 300 sec this turn | 300 sec total | 60 sec grace\n|inactive|p0x2310e4fb also wants the timer to be on.\n|\n|t:|1783566822\n|switch|p2a: Slaking|Slaking, L84, F|100/100\n|move|p1a: Weavile|Knock Off|p2a: Slaking\n|-damage|p2a: Slaking|60/100\n|-enditem|p2a: Slaking|Choice Band|[from] move: Knock Off|[of] p1a: Weavile\n|\n|upkeep\n|turn|2\n|inactive|Time left: 300 sec this turn | 300 sec total\n|\n|t:|1783566823\n|switch|p1a: Granbull|Granbull, L88, F|302/302\n|-ability|p1a: Granbull|Intimidate|boost\n|-unboost|p2a: Slaking|atk|1\n|move|p2a: Slaking|Giga Impact|p1a: Granbull\n|-damage|p1a: Granbull|145/302\n|-mustrecharge|p2a: Slaking\n|\n|-heal|p1a: Granbull|163/302|[from] item: Leftovers\n|upkeep\n|turn|3\n|inactive|Time left: 300 sec this turn | 300 sec total\n|\n|t:|1783566825\n|switch|p1a: Ariados|Ariados, L95, F|287/287\n|cant|p2a: Slaking|recharge\n|\n|upkeep\n|turn|4\n|inactive|Time left: 300 sec this turn | 300 sec total\n|\n|t:|1783566826\n|move|p2a: Slaking|Giga Impact|p1a: Ariados\n|-damage|p1a: Ariados|119/287\n|-mustrecharge|p2a: Slaking\n|move|p1a: Ariados|Sticky Web|p2a: Slaking\n|-sidestart|p2: p0y231072c7|move: Sticky Web\n|\n|upkeep\n|turn|5\n|inactive|Time left: 300 sec this turn | 300 sec total\n|\n|t:|1783566827\n|switch|p1a: Granbull|Granbull, L88, F|163/302\n|-ability|p1a: Granbull|Intimidate|boost\n|-unboost|p2a: Slaking|atk|1\n|cant|p2a: Slaking|recharge\n|\n|-heal|p1a: Granbull|181/302|[from] item: Leftovers\n|upkeep\n|turn|6\n|inactive|Time left: 300 sec this turn | 300 sec total\n|\n|t:|1783566828\n|switch|p2a: Gliscor|Gliscor, L76, M|100/100\n|move|p1a: Granbull|Play Rough|p2a: Gliscor\n|-damage|p2a: Gliscor|54/100\n|\n|-heal|p1a: Granbull|199/302|[from] item: Leftovers\n|-status|p2a: Gliscor|tox|[from] item: Toxic Orb\n|upkeep\n|turn|7\n|inactive|Time left: 300 sec this turn | 300 sec total\n|\n|t:|1783566829\n|move|p2a: Gliscor|Toxic|p1a: Granbull\n|-status|p1a: Granbull|tox\n|move|p1a: Granbull|Play Rough|p2a: Gliscor|[miss]\n|-miss|p1a: Granbull|p2a: Gliscor\n|\n|-heal|p1a: Granbull|217/302 tox|[from] item: Leftovers\n|-heal|p2a: Gliscor|66/100 tox|[from] ability: Poison Heal\n|-damage|p1a: Granbull|199/302 tox|[from] psn\n|upkeep\n|turn|8\n|inactive|Time left: 300 sec this turn | 300 sec total\n|\n|t:|1783566830\n|move|p2a: Gliscor|Earthquake|p1a: Granbull\n|-crit|p1a: Granbull\n|-damage|p1a: Granbull|51/302 tox\n|move|p1a: Granbull|Play Rough|p2a: Gliscor\n|-damage|p2a: Gliscor|25/100 tox\n|\n|-heal|p1a: Granbull|69/302 tox|[from] item: Leftovers\n|-heal|p2a: Gliscor|37/100 tox|[from] ability: Poison Heal\n|-damage|p1a: Granbull|33/302 tox|[from] psn\n|upkeep\n|turn|9\n|inactive|Time left: 300 sec this turn | 300 sec total\n|\n|t:|1783566831\n|move|p2a: Gliscor|Earthquake|p1a: Granbull\n|-damage|p1a: Granbull|0 fnt\n|faint|p1a: Granbull\n|\n|-heal|p2a: Gliscor|49/100 tox|[from] ability: Poison Heal\n|upkeep\n|inactive|Time left: 300 sec this turn | 300 sec total | 5 sec grace\n|\n|t:|1783566832\n|switch|p1a: Weavile|Weavile, L79, M|239/239\n|turn|10\n|inactive|Time left: 300 sec this turn | 300 sec total\n|\n|t:|1783566833\n|move|p2a: Gliscor|Protect|p2a: Gliscor\n|-singleturn|p2a: Gliscor|Protect\n|move|p1a: Weavile|Knock Off|p2a: Gliscor\n|-activate|p2a: Gliscor|move: Protect\n|\n|-heal|p2a: Gliscor|62/100 tox|[from] ability: Poison Heal\n|upkeep\n|turn|11\n|inactive|Time left: 300 sec this turn | 300 sec total\n|\n|t:|1783566834\n|switch|p2a: Slaking|Slaking, L84, F|60/100\n|-activate|p2a: Slaking|move: Sticky Web\n|-unboost|p2a: Slaking|spe|1\n|move|p1a: Weavile|Knock Off|p2a: Slaking\n|-damage|p2a: Slaking|35/100\n|\n|upkeep\n|turn|12\n|inactive|Time left: 300 sec this turn | 300 sec total\n|\n|t:|1783566835\n|switch|p1a: Vigoroth|Vigoroth, L85, F|275/275\n|move|p2a: Slaking|Giga Impact|p1a: Vigoroth\n|-damage|p1a: Vigoroth|92/275\n|-mustrecharge|p2a: Slaking\n|\n|upkeep\n|turn|13\n|inactive|Time left: 300 sec this turn | 300 sec total\n|\n|t:|1783566836\n|move|p1a: Vigoroth|Slack Off|p1a: Vigoroth\n|-heal|p1a: Vigoroth|230/275\n|cant|p2a: Slaking|recharge\n|\n|upkeep\n|turn|14\n|inactive|Time left: 300 sec this turn | 300 sec total\n|\n|t:|1783566837\n|move|p1a: Vigoroth|Bulk Up|p1a: Vigoroth\n|-boost|p1a: Vigoroth|atk|1\n|-boost|p1a: Vigoroth|def|1\n|move|p2a: Slaking|Giga Impact|p1a: Vigoroth\n|-damage|p1a: Vigoroth|122/275\n|-mustrecharge|p2a: Slaking\n|\n|upkeep\n|turn|15\n|inactive|Time left: 300 sec this turn | 300 sec total\n|\n|t:|1783566838\n|move|p1a: Vigoroth|Bulk Up|p1a: Vigoroth\n|-boost|p1a: Vigoroth|atk|1\n|-boost|p1a: Vigoroth|def|1\n|cant|p2a: Slaking|recharge\n|\n|upkeep\n|turn|16\n|inactive|Time left: 300 sec this turn | 300 sec total\n|\n|t:|1783566839\n|move|p1a: Vigoroth|Slack Off|p1a: Vigoroth\n|-heal|p1a: Vigoroth|260/275\n|move|p2a: Slaking|Giga Impact|p1a: Vigoroth\n|-damage|p1a: Vigoroth|169/275\n|-mustrecharge|p2a: Slaking\n|\n|upkeep\n|turn|17\n|inactive|Time left: 300 sec this turn | 300 sec total\n|\n|t:|1783566840\n|move|p1a: Vigoroth|Bulk Up|p1a: Vigoroth\n|-boost|p1a: Vigoroth|atk|1\n|-boost|p1a: Vigoroth|def|1\n|cant|p2a: Slaking|recharge\n|\n|upkeep\n|turn|18\n|inactive|Time left: 300 sec this turn | 300 sec total\n|\n|t:|1783566840\n|move|p1a: Vigoroth|Body Slam|p2a: Slaking\n|-damage|p2a: Slaking|0 fnt\n|faint|p2a: Slaking\n|\n|upkeep\n|\n|t:|1783566841\n|switch|p2a: Sableye|Sableye, L88, M|100/100\n|-activate|p2a: Sableye|move: Sticky Web\n|-unboost|p2a: Sableye|spe|1\n|turn|19\n|inactive|Time left: 300 sec this turn | 300 sec total\n|\n|t:|1783566842\n|move|p2a: Sableye|Encore|p1a: Vigoroth\n|-start|p1a: Vigoroth|Encore\n|move|p1a: Vigoroth|Body Slam|p2a: Sableye\n|-immune|p2a: Sableye\n|\n|upkeep\n|turn|20\n|inactive|Time left: 300 sec this turn | 300 sec total\n|\n|t:|1783566843\n|move|p2a: Sableye|Will-O-Wisp|p1a: Vigoroth\n|-status|p1a: Vigoroth|brn\n|move|p1a: Vigoroth|Body Slam|p2a: Sableye\n|-immune|p2a: Sableye\n|\n|-damage|p1a: Vigoroth|152/275 brn|[from] brn\n|upkeep\n|turn|21\n|inactive|Time left: 300 sec this turn | 300 sec total\n|\n|t:|1783566844\n|move|p1a: Vigoroth|Body Slam|p2a: Sableye\n|-immune|p2a: Sableye\n|move|p2a: Sableye|Knock Off|p1a: Vigoroth\n|-damage|p1a: Vigoroth|125/275 brn\n|-enditem|p1a: Vigoroth|Eviolite|[from] move: Knock Off|[of] p2a: Sableye\n|\n|-damage|p1a: Vigoroth|108/275 brn|[from] brn\n|-end|p1a: Vigoroth|Encore\n|upkeep\n|turn|22\n|inactive|Time left: 300 sec this turn | 300 sec total\n|\n|t:|1783566845\n|move|p2a: Sableye|Encore|p1a: Vigoroth\n|-start|p1a: Vigoroth|Encore\n|move|p1a: Vigoroth|Body Slam|p2a: Sableye\n|-immune|p2a: Sableye\n|\n|-damage|p1a: Vigoroth|91/275 brn|[from] brn\n|upkeep\n|turn|23\n|inactive|Time left: 300 sec this turn | 300 sec total\n|\n|t:|1783566846\n|switch|p2a: Iron Crown|Iron Crown, L78|100/100\n|-activate|p2a: Iron Crown|move: Sticky Web\n|-unboost|p2a: Iron Crown|spe|1\n|move|p1a: Vigoroth|Body Slam|p2a: Iron Crown\n|-resisted|p2a: Iron Crown\n|-damage|p2a: Iron Crown|83/100\n|\n|-heal|p2a: Iron Crown|89/100|[from] item: Leftovers\n|-damage|p1a: Vigoroth|74/275 brn|[from] brn\n|upkeep\n|turn|24\n|inactive|Time left: 300 sec this turn | 300 sec total\n|\n|t:|1783566847\n|move|p1a: Vigoroth|Body Slam|p2a: Iron Crown\n|-resisted|p2a: Iron Crown\n|-damage|p2a: Iron Crown|70/100\n|-status|p2a: Iron Crown|par\n|move|p2a: Iron Crown|Tachyon Cutter|p1a: Vigoroth\n|-damage|p1a: Vigoroth|2/275 brn\n|-damage|p1a: Vigoroth|0 fnt\n|faint|p1a: Vigoroth\n|-hitcount|p1: Vigoroth|2\n|\n|-heal|p2a: Iron Crown|76/100 par|[from] item: Leftovers\n|upkeep\n|inactive|Time left: 300 sec this turn | 300 sec total | 5 sec grace\n|\n|t:|1783566848\n|switch|p1a: Weavile|Weavile, L79, M|239/239\n|turn|25\n|inactive|Time left: 300 sec this turn | 300 sec total\n|\n|t:|1783566849\n|-terastallize|p2a: Iron Crown|Steel\n|move|p1a: Weavile|Knock Off|p2a: Iron Crown\n|-damage|p2a: Iron Crown|15/100 par\n|-enditem|p2a: Iron Crown|Leftovers|[from] move: Knock Off|[of] p1a: Weavile\n|move|p2a: Iron Crown|Tachyon Cutter|p1a: Weavile\n|-supereffective|p1a: Weavile\n|-crit|p1a: Weavile\n|-damage|p1a: Weavile|0 fnt\n|faint|p1a: Weavile\n|-hitcount|p1: Weavile|1\n|\n|upkeep\n|inactive|Time left: 300 sec this turn | 300 sec total | 5 sec grace\n|\n|t:|1783566849\n|switch|p1a: Electivire|Electivire, L84, F|263/263\n|turn|26\n|inactive|Time left: 300 sec this turn | 300 sec total\n|\n|t:|1783566850\n|-end|p2a: Iron Crown|Quark Drive|[silent]\n|switch|p2a: Gliscor|Gliscor, L76, M|62/100 tox\n|move|p1a: Electivire|Volt Switch|p2a: Gliscor\n|-immune|p2a: Gliscor\n|\n|-heal|p2a: Gliscor|74/100 tox|[from] ability: Poison Heal\n|upkeep\n|turn|27\n|inactive|Time left: 300 sec this turn | 300 sec total\n|\n|t:|1783566851\n|-terastallize|p1a: Electivire|Dark\n|move|p1a: Electivire|Knock Off|p2a: Gliscor\n|-damage|p2a: Gliscor|16/100 tox\n|-enditem|p2a: Gliscor|Toxic Orb|[from] move: Knock Off|[of] p1a: Electivire\n|-damage|p1a: Electivire|237/263|[from] item: Life Orb\n|move|p2a: Gliscor|Earthquake|p1a: Electivire\n|-damage|p1a: Electivire|134/263\n|\n|-heal|p2a: Gliscor|28/100 tox|[from] ability: Poison Heal\n|upkeep\n|turn|28\n|inactive|Time left: 300 sec this turn | 300 sec total\n|\n|t:|1783566852\n|move|p2a: Gliscor|Protect|p2a: Gliscor\n|-singleturn|p2a: Gliscor|Protect\n|move|p1a: Electivire|Flamethrower|p2a: Gliscor\n|-activate|p2a: Gliscor|move: Protect\n|\n|-heal|p2a: Gliscor|40/100 tox|[from] ability: Poison Heal\n|upkeep\n|turn|29\n|inactive|Time left: 300 sec this turn | 300 sec total\n|\n|t:|1783566853\n|switch|p2a: Iron Crown|Iron Crown, L78, tera:Steel|15/100 par\n|-activate|p2a: Iron Crown|move: Sticky Web\n|-unboost|p2a: Iron Crown|spe|1\n|move|p1a: Electivire|Flamethrower|p2a: Iron Crown\n|-supereffective|p2a: Iron Crown\n|-damage|p2a: Iron Crown|0 fnt\n|faint|p2a: Iron Crown\n|-end|p2a: Iron Crown|Quark Drive|[silent]\n|-damage|p1a: Electivire|108/263|[from] item: Life Orb\n|\n|upkeep\n|\n|t:|1783566854\n|switch|p2a: Gliscor|Gliscor, L76, M|40/100 tox\n|turn|30\n|inactive|Time left: 300 sec this turn | 300 sec total\n|\n|t:|1783566855\n|move|p2a: Gliscor|Protect|p2a: Gliscor\n|-singleturn|p2a: Gliscor|Protect\n|move|p1a: Electivire|Flamethrower|p2a: Gliscor\n|-activate|p2a: Gliscor|move: Protect\n|\n|-heal|p2a: Gliscor|52/100 tox|[from] ability: Poison Heal\n|upkeep\n|turn|31\n|inactive|Time left: 300 sec this turn | 300 sec total\n|\n|t:|1783566856\n|move|p1a: Electivire|Knock Off|p2a: Gliscor\n|-damage|p2a: Gliscor|16/100 tox\n|-damage|p1a: Electivire|82/263|[from] item: Life Orb\n|move|p2a: Gliscor|Earthquake|p1a: Electivire\n|-damage|p1a: Electivire|0 fnt\n|faint|p1a: Electivire\n|\n|-heal|p2a: Gliscor|28/100 tox|[from] ability: Poison Heal\n|upkeep\n|inactive|Time left: 300 sec this turn | 300 sec total | 5 sec grace\n|\n|t:|1783566857\n|switch|p1a: Whimsicott|Whimsicott, L84, M|238/238\n|turn|32\n|inactive|Time left: 300 sec this turn | 300 sec total\n|\n|t:|1783566858\n|switch|p2a: Ho-Oh|Ho-Oh, L71|100/100\n|move|p1a: Whimsicott|Moonblast|p2a: Ho-Oh\n|-resisted|p2a: Ho-Oh\n|-damage|p2a: Ho-Oh|90/100\n|\n|upkeep\n|turn|33\n|inactive|Time left: 300 sec this turn | 300 sec total\n|\n|t:|1783566859\n|move|p1a: Whimsicott|Stun Spore|p2a: Ho-Oh\n|-status|p2a: Ho-Oh|par\n|move|p2a: Ho-Oh|Brave Bird|p1a: Whimsicott\n|-supereffective|p1a: Whimsicott\n|-damage|p1a: Whimsicott|0 fnt\n|faint|p1a: Whimsicott\n|-damage|p2a: Ho-Oh|60/100 par|[from] Recoil\n|\n|upkeep\n|inactive|Time left: 300 sec this turn | 300 sec total | 5 sec grace\n|\n|t:|1783566860\n|switch|p1a: Ariados|Ariados, L95, F|119/287\n|turn|34\n|inactive|Time left: 300 sec this turn | 300 sec total\n|\n|t:|1783566861\n|move|p1a: Ariados|Poison Jab|p2a: Ho-Oh\n|-damage|p2a: Ho-Oh|19/100 par\n|cant|p2a: Ho-Oh|par\n|\n|upkeep\n|turn|35\n|inactive|Time left: 300 sec this turn | 300 sec total\n|\n|t:|1783566862\n|move|p1a: Ariados|Megahorn|p2a: Ho-Oh|[miss]\n|-miss|p1a: Ariados|p2a: Ho-Oh\n|move|p2a: Ho-Oh|Brave Bird|p1a: Ariados\n|-supereffective|p1a: Ariados\n|-damage|p1a: Ariados|0 fnt\n|faint|p1a: Ariados\n|-damage|p2a: Ho-Oh|4/100 par|[from] Recoil\n|\n|win|p0y231072c7", "uploadtime": 1783566862, "views": 0, "rating": 0, "private": 0, "password": null, "_winner": "p0y231072c7", "_our_name": "p0x2310e4fb"}