{"id": "battle-gen9randombattle-592", "formatid": "gen9randombattle", "format": "[Gen 9] Random Battle", "players": ["p0x592f25e", "p0y5920fb5"], "log": "|init|battle\n|title|p0x592f25e vs. p0y5920fb5\n|j|\u2606p0x592f25e\n|j|\u2606p0y5920fb5\n|t:|1783546696\n|gametype|singles\n|player|p1|p0x592f25e|170|\n|player|p2|p0y5920fb5|265|\n|gen|9\n|tier|[Gen 9] Random Battle\n|rule|Species Clause: Limit one of each Pok\u00e9mon\n|rule|HP Percentage Mod: HP is shown in percentages\n|rule|Sleep Clause Mod: Limit one foe put to sleep\n|rule|Illusion Level Mod: Illusion disguises the Pok\u00e9mon's true level\n|\n|t:|1783546696\n|teamsize|p1|6\n|teamsize|p2|6\n|start\n|switch|p1a: Latias|Latias, L79, F|256/256\n|switch|p2a: Haxorus|Haxorus, L77, F|100/100\n|-ability|p2a: Haxorus|Mold Breaker\n|turn|1\n|inactive|Battle timer is ON: inactive players will automatically lose when time's up. (requested by p0x592f25e)\n|inactive|p0y5920fb5 also wants the timer to be on.\n|\n|t:|1783546698\n|-terastallize|p2a: Haxorus|Steel\n|move|p1a: Latias|Draco Meteor|p2a: Haxorus\n|-resisted|p2a: Haxorus\n|-damage|p2a: Haxorus|62/100\n|-unboost|p1a: Latias|spa|2\n|move|p2a: Haxorus|Scale Shot|p1a: Latias\n|-supereffective|p1a: Latias\n|-damage|p1a: Latias|188/256\n|-supereffective|p1a: Latias\n|-damage|p1a: Latias|122/256\n|-supereffective|p1a: Latias\n|-damage|p1a: Latias|60/256\n|-supereffective|p1a: Latias\n|-damage|p1a: Latias|0 fnt\n|faint|p1a: Latias\n|-hitcount|p1: Latias|4\n|-unboost|p2a: Haxorus|def|1\n|-boost|p2a: Haxorus|spe|1\n|\n|upkeep\n|inactive|Time left: 300 sec this turn | 300 sec total | 65 sec grace\n|\n|t:|1783546699\n|switch|p1a: Azumarill|Azumarill, L82, M|298/298\n|turn|2\n|inactive|Time left: 300 sec this turn | 300 sec total\n|\n|t:|1783546700\n|switch|p2a: Iron Leaves|Iron Leaves, L80|100/100\n|move|p1a: Azumarill|Liquidation|p2a: Iron Leaves\n|-resisted|p2a: Iron Leaves\n|-damage|p2a: Iron Leaves|68/100\n|\n|upkeep\n|turn|3\n|inactive|Time left: 300 sec this turn | 300 sec total\n|\n|t:|1783546701\n|switch|p1a: Charizard|Charizard, L85, F|271/271\n|move|p2a: Iron Leaves|Leaf Blade|p1a: Charizard\n|-resisted|p1a: Charizard\n|-damage|p1a: Charizard|230/271\n|\n|upkeep\n|turn|4\n|inactive|Time left: 300 sec this turn | 300 sec total\n|\n|t:|1783546703\n|-end|p2a: Iron Leaves|Quark Drive|[silent]\n|switch|p2a: Stantler|Stantler, L92, F|100/100\n|-ability|p2a: Stantler|Intimidate|boost\n|-unboost|p1a: Charizard|atk|1\n|move|p1a: Charizard|Flamethrower|p2a: Stantler\n|-damage|p2a: Stantler|69/100\n|\n|upkeep\n|turn|5\n|inactive|Time left: 300 sec this turn | 300 sec total\n|\n|t:|1783546704\n|move|p1a: Charizard|Flamethrower|p2a: Stantler\n|-damage|p2a: Stantler|40/100\n|move|p2a: Stantler|Body Slam|p1a: Charizard\n|-damage|p1a: Charizard|110/271\n|-status|p1a: Charizard|par\n|\n|upkeep\n|turn|6\n|inactive|Time left: 300 sec this turn | 300 sec total\n|\n|t:|1783546705\n|move|p2a: Stantler|Body Slam|p1a: Charizard\n|-damage|p1a: Charizard|0 fnt\n|faint|p1a: Charizard\n|\n|upkeep\n|inactive|Time left: 300 sec this turn | 300 sec total | 5 sec grace\n|\n|t:|1783546706\n|switch|p1a: Smeargle|Smeargle, L95, M|258/258\n|turn|7\n|inactive|Time left: 300 sec this turn | 300 sec total\n|\n|t:|1783546707\n|-terastallize|p1a: Smeargle|Ghost\n|move|p2a: Stantler|Body Slam|p1a: Smeargle\n|-immune|p1a: Smeargle\n|move|p1a: Smeargle|Shell Smash|p1a: Smeargle\n|-unboost|p1a: Smeargle|def|1\n|-unboost|p1a: Smeargle|spd|1\n|-boost|p1a: Smeargle|atk|2\n|-boost|p1a: Smeargle|spa|2\n|-boost|p1a: Smeargle|spe|2\n|\n|upkeep\n|turn|8\n|inactive|Time left: 300 sec this turn | 300 sec total\n|\n|t:|1783546709\n|move|p1a: Smeargle|Shell Smash|p1a: Smeargle\n|-unboost|p1a: Smeargle|def|1\n|-unboost|p1a: Smeargle|spd|1\n|-boost|p1a: Smeargle|atk|2\n|-boost|p1a: Smeargle|spa|2\n|-boost|p1a: Smeargle|spe|2\n|move|p2a: Stantler|Throat Chop|p1a: Smeargle\n|-supereffective|p1a: Smeargle\n|-damage|p1a: Smeargle|0 fnt\n|faint|p1a: Smeargle\n|\n|upkeep\n|inactive|Time left: 300 sec this turn | 300 sec total | 5 sec grace\n|\n|t:|1783546710\n|switch|p1a: Azumarill|Azumarill, L82, M|298/298\n|turn|9\n|inactive|Time left: 300 sec this turn | 300 sec total\n|\n|t:|1783546711\n|switch|p2a: Iron Leaves|Iron Leaves, L80|68/100\n|move|p1a: Azumarill|Play Rough|p2a: Iron Leaves\n|-crit|p2a: Iron Leaves\n|-damage|p2a: Iron Leaves|0 fnt\n|faint|p2a: Iron Leaves\n|-end|p2a: Iron Leaves|Quark Drive|[silent]\n|\n|upkeep\n|\n|t:|1783546712\n|switch|p2a: Greninja|Greninja, L80, M|100/100\n|turn|10\n|inactive|Time left: 300 sec this turn | 300 sec total\n|\n|t:|1783546713\n|switch|p1a: Grumpig|Grumpig, L92, F|297/297\n|move|p2a: Greninja|Gunk Shot|p1a: Grumpig|[miss]\n|-start|p2a: Greninja|typechange|Poison|[from] ability: Protean\n|-miss|p2a: Greninja|p1a: Grumpig\n|\n|upkeep\n|turn|11\n|inactive|Time left: 300 sec this turn | 300 sec total\n|\n|t:|1783546714\n|move|p1a: Grumpig|Psyshock|p2a: Greninja\n|-supereffective|p2a: Greninja\n|-damage|p2a: Greninja|0 fnt\n|faint|p2a: Greninja\n|\n|upkeep\n|\n|t:|1783546715\n|switch|p2a: Roaring Moon|Roaring Moon, L72|100/100\n|turn|12\n|inactive|Time left: 300 sec this turn | 300 sec total\n|\n|t:|1783546715\n|switch|p1a: Azumarill|Azumarill, L82, M|298/298\n|move|p2a: Roaring Moon|Knock Off|p1a: Azumarill\n|-resisted|p1a: Azumarill\n|-damage|p1a: Azumarill|211/298\n|-enditem|p1a: Azumarill|Choice Band|[from] move: Knock Off|[of] p2a: Roaring Moon\n|\n|upkeep\n|turn|13\n|inactive|Time left: 300 sec this turn | 300 sec total\n|\n|t:|1783546717\n|-end|p2a: Roaring Moon|Protosynthesis|[silent]\n|switch|p2a: Stantler|Stantler, L92, F|40/100\n|-ability|p2a: Stantler|Intimidate|boost\n|-unboost|p1a: Azumarill|atk|1\n|move|p1a: Azumarill|Liquidation|p2a: Stantler\n|-damage|p2a: Stantler|21/100\n|-unboost|p2a: Stantler|def|1\n|\n|upkeep\n|turn|14\n|inactive|Time left: 300 sec this turn | 300 sec total\n|\n|t:|1783546718\n|move|p2a: Stantler|Body Slam|p1a: Azumarill\n|-damage|p1a: Azumarill|93/298\n|move|p1a: Azumarill|Liquidation|p2a: Stantler\n|-crit|p2a: Stantler\n|-damage|p2a: Stantler|0 fnt\n|faint|p2a: Stantler\n|\n|upkeep\n|\n|t:|1783546719\n|switch|p2a: Haxorus|Haxorus, L77, F, tera:Steel|62/100\n|-ability|p2a: Haxorus|Mold Breaker\n|turn|15\n|inactive|Time left: 300 sec this turn | 300 sec total\n|\n|t:|1783546720\n|move|p2a: Haxorus|Iron Head|p1a: Azumarill\n|-damage|p1a: Azumarill|0 fnt\n|faint|p1a: Azumarill\n|\n|upkeep\n|inactive|Time left: 300 sec this turn | 300 sec total | 5 sec grace\n|\n|t:|1783546720\n|switch|p1a: Grumpig|Grumpig, L92, F|297/297\n|turn|16\n|inactive|Time left: 300 sec this turn | 300 sec total\n|\n|t:|1783546721\n|switch|p2a: Moltres|Moltres, L81|100/100\n|move|p1a: Grumpig|Focus Blast|p2a: Moltres\n|-resisted|p2a: Moltres\n|-damage|p2a: Moltres|82/100\n|\n|upkeep\n|turn|17\n|inactive|Time left: 300 sec this turn | 300 sec total\n|\n|t:|1783546722\n|move|p1a: Grumpig|Focus Blast|p2a: Moltres\n|-resisted|p2a: Moltres\n|-damage|p2a: Moltres|64/100\n|move|p2a: Moltres|Brave Bird|p1a: Grumpig\n|-damage|p1a: Grumpig|161/297\n|-damage|p2a: Moltres|48/100|[from] Recoil\n|\n|upkeep\n|turn|18\n|inactive|Time left: 300 sec this turn | 300 sec total\n|\n|t:|1783546723\n|move|p1a: Grumpig|Focus Blast|p2a: Moltres\n|-resisted|p2a: Moltres\n|-damage|p2a: Moltres|29/100\n|move|p2a: Moltres|Roost|p2a: Moltres\n|-heal|p2a: Moltres|79/100\n|-singleturn|p2a: Moltres|move: Roost\n|\n|upkeep\n|turn|19\n|inactive|Time left: 300 sec this turn | 300 sec total\n|\n|t:|1783546724\n|switch|p1a: Enamorus|Enamorus-Therian, L83, F|259/259\n|move|p2a: Moltres|Brave Bird|p1a: Enamorus\n|-damage|p1a: Enamorus|160/259\n|-damage|p2a: Moltres|67/100|[from] Recoil\n|\n|upkeep\n|turn|20\n|inactive|Time left: 300 sec this turn | 300 sec total\n|\n|t:|1783546725\n|move|p2a: Moltres|Brave Bird|p1a: Enamorus\n|-damage|p1a: Enamorus|55/259\n|-damage|p2a: Moltres|55/100|[from] Recoil\n|move|p1a: Enamorus|Psychic|p2a: Moltres\n|-damage|p2a: Moltres|24/100\n|\n|upkeep\n|turn|21\n|inactive|Time left: 300 sec this turn | 300 sec total\n|\n|t:|1783546726\n|switch|p1a: Grumpig|Grumpig, L92, F|161/297\n|move|p2a: Moltres|Brave Bird|p1a: Grumpig\n|-damage|p1a: Grumpig|28/297\n|-damage|p2a: Moltres|8/100|[from] Recoil\n|\n|upkeep\n|turn|22\n|inactive|Time left: 300 sec this turn | 300 sec total\n|\n|t:|1783546727\n|move|p1a: Grumpig|Focus Blast|p2a: Moltres\n|-resisted|p2a: Moltres\n|-damage|p2a: Moltres|0 fnt\n|faint|p2a: Moltres\n|\n|upkeep\n|\n|t:|1783546728\n|switch|p2a: Roaring Moon|Roaring Moon, L72|100/100\n|turn|23\n|inactive|Time left: 300 sec this turn | 300 sec total\n|\n|t:|1783546729\n|move|p1a: Grumpig|Focus Blast|p2a: Roaring Moon|[miss]\n|-miss|p1a: Grumpig|p2a: Roaring Moon\n|move|p2a: Roaring Moon|Knock Off|p1a: Grumpig\n|-supereffective|p1a: Grumpig\n|-damage|p1a: Grumpig|0 fnt\n|-enditem|p1a: Grumpig|Choice Scarf|[from] move: Knock Off|[of] p2a: Roaring Moon\n|faint|p1a: Grumpig\n|\n|upkeep\n|inactive|Time left: 300 sec this turn | 300 sec total | 5 sec grace\n|\n|t:|1783546730\n|switch|p1a: Enamorus|Enamorus-Therian, L83, F|55/259\n|turn|24\n|inactive|Time left: 300 sec this turn | 300 sec total\n|\n|t:|1783546731\n|move|p2a: Roaring Moon|Knock Off|p1a: Enamorus\n|-resisted|p1a: Enamorus\n|-damage|p1a: Enamorus|0 fnt\n|-enditem|p1a: Enamorus|Assault Vest|[from] move: Knock Off|[of] p2a: Roaring Moon\n|faint|p1a: Enamorus\n|\n|win|p0y5920fb5", "uploadtime": 1783546731, "views": 0, "rating": 0, "private": 0, "password": null, "_winner": "p0y5920fb5", "_our_name": "p0x592f25e"}