{"id": "battle-gen9randombattle-784", "formatid": "gen9randombattle", "format": "[Gen 9] Random Battle", "players": ["p0x784c51d", "p0y784e447"], "log": "|init|battle\n|title|p0x784c51d vs. p0y784e447\n|j|\u2606p0x784c51d\n|j|\u2606p0y784e447\n|t:|1783548968\n|gametype|singles\n|player|p1|p0x784c51d|266|\n|player|p2|p0y784e447|102|\n|gen|9\n|tier|[Gen 9] Random Battle\n|rule|Species Clause: Limit one of each Pok\u00e9mon\n|rule|HP Percentage Mod: HP is shown in percentages\n|rule|Sleep Clause Mod: Limit one foe put to sleep\n|rule|Illusion Level Mod: Illusion disguises the Pok\u00e9mon's true level\n|\n|t:|1783548968\n|teamsize|p1|6\n|teamsize|p2|6\n|start\n|switch|p1a: Muk|Muk-Alola, L82, M|100/100\n|switch|p2a: Okidogi|Okidogi, L77, M|262/262\n|turn|1\n|inactive|Battle timer is ON: inactive players will automatically lose when time's up. (requested by p0y784e447)\n|inactive|p0x784c51d also wants the timer to be on.\n|\n|t:|1783548969\n|move|p2a: Okidogi|Drain Punch|p1a: Muk\n|-damage|p1a: Muk|66/100\n|move|p1a: Muk|Knock Off|p2a: Okidogi\n|-resisted|p2a: Okidogi\n|-damage|p2a: Okidogi|213/262\n|-enditem|p2a: Okidogi|Assault Vest|[from] move: Knock Off|[of] p1a: Muk\n|\n|upkeep\n|turn|2\n|inactive|Time left: 300 sec this turn | 300 sec total\n|\n|t:|1783548970\n|move|p2a: Okidogi|Drain Punch|p1a: Muk\n|-damage|p1a: Muk|36/100\n|-heal|p2a: Okidogi|260/262|[from] drain|[of] p1a: Muk\n|move|p1a: Muk|Drain Punch|p2a: Okidogi\n|-resisted|p2a: Okidogi\n|-damage|p2a: Okidogi|238/262\n|-heal|p1a: Muk|39/100|[from] drain|[of] p2a: Okidogi\n|\n|upkeep\n|turn|3\n|inactive|Time left: 300 sec this turn | 300 sec total\n|\n|t:|1783548971\n|move|p2a: Okidogi|Drain Punch|p1a: Muk\n|-damage|p1a: Muk|11/100\n|-heal|p2a: Okidogi|262/262|[from] drain|[of] p1a: Muk\n|move|p1a: Muk|Ice Punch|p2a: Okidogi\n|-crit|p2a: Okidogi\n|-damage|p2a: Okidogi|184/262\n|\n|upkeep\n|turn|4\n|inactive|Time left: 300 sec this turn | 300 sec total\n|\n|t:|1783548972\n|move|p2a: Okidogi|Drain Punch|p1a: Muk\n|-damage|p1a: Muk|0 fnt\n|-heal|p2a: Okidogi|200/262|[from] drain|[of] p1a: Muk\n|faint|p1a: Muk\n|\n|upkeep\n|\n|t:|1783548973\n|switch|p1a: Cramorant|Cramorant, L86, M|100/100\n|turn|5\n|inactive|Time left: 300 sec this turn | 300 sec total\n|\n|t:|1783548974\n|move|p1a: Cramorant|Brave Bird|p2a: Okidogi\n|-supereffective|p2a: Okidogi\n|-damage|p2a: Okidogi|0 fnt\n|faint|p2a: Okidogi\n|-damage|p1a: Cramorant|75/100|[from] Recoil\n|\n|upkeep\n|inactive|Time left: 300 sec this turn | 300 sec total | 5 sec grace\n|\n|t:|1783548975\n|switch|p2a: Cloyster|Cloyster, L80, F|211/211\n|turn|6\n|inactive|Time left: 300 sec this turn | 300 sec total\n|\n|t:|1783548976\n|move|p1a: Cramorant|Surf|p2a: Cloyster\n|-formechange|p1a: Cramorant|Cramorant-Gulping|\n|-resisted|p2a: Cloyster\n|-damage|p2a: Cloyster|137/211\n|move|p2a: Cloyster|Shell Smash|p2a: Cloyster\n|-unboost|p2a: Cloyster|def|1\n|-unboost|p2a: Cloyster|spd|1\n|-boost|p2a: Cloyster|atk|2\n|-boost|p2a: Cloyster|spa|2\n|-boost|p2a: Cloyster|spe|2\n|-enditem|p2a: Cloyster|White Herb\n|-clearnegativeboost|p2a: Cloyster|[silent]\n|\n|upkeep\n|turn|7\n|inactive|Time left: 300 sec this turn | 300 sec total\n|\n|t:|1783548977\n|move|p2a: Cloyster|Icicle Spear|p1a: Cramorant\n|-damage|p1a: Cramorant|48/100\n|-damage|p2a: Cloyster|85/211|[from] ability: Gulp Missile|[of] p1a: Cramorant\n|-unboost|p2a: Cloyster|def|1\n|-formechange|p1a: Cramorant|Cramorant|\n|-damage|p1a: Cramorant|21/100\n|-damage|p1a: Cramorant|0 fnt\n|faint|p1a: Cramorant\n|-hitcount|p1: Cramorant|3\n|\n|upkeep\n|\n|t:|1783548978\n|switch|p1a: Glastrier|Glastrier, L86|100/100\n|turn|8\n|inactive|Time left: 300 sec this turn | 300 sec total\n|\n|t:|1783548979\n|-terastallize|p2a: Cloyster|Rock\n|move|p2a: Cloyster|Rock Blast|p1a: Glastrier\n|-supereffective|p1a: Glastrier\n|-damage|p1a: Glastrier|79/100\n|-supereffective|p1a: Glastrier\n|-damage|p1a: Glastrier|56/100\n|-supereffective|p1a: Glastrier\n|-damage|p1a: Glastrier|31/100\n|-supereffective|p1a: Glastrier\n|-damage|p1a: Glastrier|9/100\n|-supereffective|p1a: Glastrier\n|-damage|p1a: Glastrier|0 fnt\n|faint|p1a: Glastrier\n|-hitcount|p1: Glastrier|5\n|\n|upkeep\n|\n|t:|1783548980\n|switch|p1a: Uxie|Uxie, L83|100/100\n|turn|9\n|inactive|Time left: 300 sec this turn | 300 sec total\n|\n|t:|1783548981\n|move|p2a: Cloyster|Rock Blast|p1a: Uxie\n|-damage|p1a: Uxie|87/100\n|-damage|p1a: Uxie|74/100\n|-damage|p1a: Uxie|59/100\n|-damage|p1a: Uxie|44/100\n|-damage|p1a: Uxie|30/100\n|-hitcount|p1a: Uxie|5\n|move|p1a: Uxie|Psychic Noise|p2a: Cloyster\n|-damage|p2a: Cloyster|0 fnt\n|faint|p2a: Cloyster\n|\n|-heal|p1a: Uxie|37/100|[from] item: Leftovers\n|upkeep\n|inactive|Time left: 300 sec this turn | 300 sec total | 5 sec grace\n|\n|t:|1783548982\n|switch|p2a: Yanmega|Yanmega, L82, M|275/275\n|turn|10\n|inactive|Time left: 300 sec this turn | 300 sec total\n|\n|t:|1783548984\n|move|p1a: Uxie|Stealth Rock|p2a: Yanmega\n|-sidestart|p2: p0y784e447|move: Stealth Rock\n|move|p2a: Yanmega|Bug Buzz|p1a: Uxie\n|-supereffective|p1a: Uxie\n|-damage|p1a: Uxie|0 fnt\n|faint|p1a: Uxie\n|\n|-ability|p2a: Yanmega|Speed Boost|boost\n|-boost|p2a: Yanmega|spe|1\n|upkeep\n|\n|t:|1783548984\n|switch|p1a: Dragapult|Dragapult, L77, F|100/100\n|turn|11\n|inactive|Time left: 300 sec this turn | 300 sec total\n|\n|t:|1783548986\n|move|p2a: Yanmega|Air Slash|p1a: Dragapult\n|-damage|p1a: Dragapult|61/100\n|-start|p2a: Yanmega|Disable|Air Slash|[from] ability: Cursed Body|[of] p1a: Dragapult\n|move|p1a: Dragapult|Dragon Darts|p2a: Yanmega\n|-damage|p2a: Yanmega|221/275\n|-anim|p1a: Dragapult|Dragon Darts|p2a: Yanmega\n|-damage|p2a: Yanmega|166/275\n|\n|-ability|p2a: Yanmega|Speed Boost|boost\n|-boost|p2a: Yanmega|spe|1\n|upkeep\n|turn|12\n|inactive|Time left: 300 sec this turn | 300 sec total\n|\n|t:|1783548987\n|move|p2a: Yanmega|Protect|p2a: Yanmega\n|-singleturn|p2a: Yanmega|Protect\n|move|p1a: Dragapult|Dragon Darts|p2a: Yanmega\n|-activate|p2a: Yanmega|move: Protect\n|\n|-ability|p2a: Yanmega|Speed Boost|boost\n|-boost|p2a: Yanmega|spe|1\n|upkeep\n|turn|13\n|inactive|Time left: 300 sec this turn | 300 sec total\n|\n|t:|1783548988\n|move|p2a: Yanmega|Bug Buzz|p1a: Dragapult\n|-resisted|p1a: Dragapult\n|-damage|p1a: Dragapult|37/100\n|move|p1a: Dragapult|Dragon Darts|p2a: Yanmega\n|-damage|p2a: Yanmega|111/275\n|-anim|p1a: Dragapult|Dragon Darts|p2a: Yanmega\n|-damage|p2a: Yanmega|57/275\n|\n|-ability|p2a: Yanmega|Speed Boost|boost\n|-boost|p2a: Yanmega|spe|1\n|upkeep\n|turn|14\n|inactive|Time left: 300 sec this turn | 300 sec total\n|\n|t:|1783548989\n|move|p2a: Yanmega|Protect|p2a: Yanmega\n|-singleturn|p2a: Yanmega|Protect\n|move|p1a: Dragapult|Dragon Darts|p2a: Yanmega\n|-activate|p2a: Yanmega|move: Protect\n|\n|-end|p2a: Yanmega|Disable\n|-ability|p2a: Yanmega|Speed Boost|boost\n|-boost|p2a: Yanmega|spe|1\n|upkeep\n|turn|15\n|inactive|Time left: 300 sec this turn | 300 sec total\n|\n|t:|1783548990\n|move|p2a: Yanmega|Air Slash|p1a: Dragapult\n|-damage|p1a: Dragapult|0 fnt\n|faint|p1a: Dragapult\n|\n|-ability|p2a: Yanmega|Speed Boost|boost\n|-boost|p2a: Yanmega|spe|1\n|upkeep\n|\n|t:|1783548991\n|switch|p1a: Leafeon|Leafeon, L88, M|100/100\n|turn|16\n|inactive|Time left: 300 sec this turn | 300 sec total\n|\n|t:|1783548992\n|-terastallize|p1a: Leafeon|Normal\n|move|p2a: Yanmega|Bug Buzz|p1a: Leafeon\n|-damage|p1a: Leafeon|55/100\n|move|p1a: Leafeon|Synthesis|p1a: Leafeon\n|-heal|p1a: Leafeon|100/100\n|\n|upkeep\n|turn|17\n|inactive|Time left: 300 sec this turn | 300 sec total\n|\n|t:|1783548993\n|move|p2a: Yanmega|Air Slash|p1a: Leafeon\n|-damage|p1a: Leafeon|59/100\n|move|p1a: Leafeon|Synthesis|p1a: Leafeon\n|-heal|p1a: Leafeon|100/100\n|\n|upkeep\n|turn|18\n|inactive|Time left: 300 sec this turn | 300 sec total\n|\n|t:|1783548994\n|move|p2a: Yanmega|Air Slash|p1a: Leafeon\n|-damage|p1a: Leafeon|63/100\n|move|p1a: Leafeon|Synthesis|p1a: Leafeon\n|-heal|p1a: Leafeon|100/100\n|\n|upkeep\n|turn|19\n|inactive|Time left: 300 sec this turn | 300 sec total\n|\n|t:|1783548995\n|move|p2a: Yanmega|Bug Buzz|p1a: Leafeon\n|-damage|p1a: Leafeon|56/100\n|move|p1a: Leafeon|Synthesis|p1a: Leafeon\n|-heal|p1a: Leafeon|100/100\n|\n|upkeep\n|turn|20\n|inactive|Time left: 300 sec this turn | 300 sec total\n|\n|t:|1783548996\n|move|p2a: Yanmega|Air Slash|p1a: Leafeon\n|-damage|p1a: Leafeon|58/100\n|move|p1a: Leafeon|Synthesis|p1a: Leafeon\n|-heal|p1a: Leafeon|100/100\n|\n|upkeep\n|turn|21\n|inactive|Time left: 300 sec this turn | 300 sec total\n|\n|t:|1783548997\n|move|p2a: Yanmega|Bug Buzz|p1a: Leafeon\n|-damage|p1a: Leafeon|56/100\n|move|p1a: Leafeon|Synthesis|p1a: Leafeon\n|-heal|p1a: Leafeon|100/100\n|\n|upkeep\n|turn|22\n|inactive|Time left: 300 sec this turn | 300 sec total\n|\n|t:|1783548998\n|move|p2a: Yanmega|Bug Buzz|p1a: Leafeon\n|-damage|p1a: Leafeon|56/100\n|move|p1a: Leafeon|Synthesis|p1a: Leafeon\n|-heal|p1a: Leafeon|100/100\n|\n|upkeep\n|turn|23\n|inactive|Time left: 300 sec this turn | 300 sec total\n|\n|t:|1783548999\n|move|p2a: Yanmega|Bug Buzz|p1a: Leafeon\n|-damage|p1a: Leafeon|52/100\n|move|p1a: Leafeon|Synthesis|p1a: Leafeon\n|-heal|p1a: Leafeon|100/100\n|\n|upkeep\n|turn|24\n|inactive|Time left: 300 sec this turn | 300 sec total\n|\n|t:|1783549000\n|move|p2a: Yanmega|Bug Buzz|p1a: Leafeon\n|-damage|p1a: Leafeon|55/100\n|move|p1a: Leafeon|Double-Edge|p2a: Yanmega\n|-damage|p2a: Yanmega|0 fnt\n|faint|p2a: Yanmega\n|-damage|p1a: Leafeon|48/100|[from] Recoil\n|-damage|p1a: Leafeon|38/100|[from] item: Life Orb\n|\n|upkeep\n|inactive|Time left: 300 sec this turn | 300 sec total | 5 sec grace\n|\n|t:|1783549001\n|switch|p2a: Dugtrio|Dugtrio, L84, F|196/196\n|-damage|p2a: Dugtrio|184/196|[from] Stealth Rock\n|turn|25\n|inactive|Time left: 300 sec this turn | 300 sec total\n|\n|t:|1783549002\n|move|p2a: Dugtrio|Earthquake|p1a: Leafeon\n|-damage|p1a: Leafeon|0 fnt\n|faint|p1a: Leafeon\n|\n|win|p0y784e447", "uploadtime": 1783549002, "views": 0, "rating": 0, "private": 0, "password": null, "_winner": "p0y784e447", "_our_name": "p0y784e447"}