{"id": "battle-gen9randombattle-1419", "formatid": "gen9randombattle", "format": "[Gen 9] Random Battle", "players": ["p0x14192566", "p0y1419ec50"], "log": "|init|battle\n|title|p0x14192566 vs. p0y1419ec50\n|j|\u2606p0x14192566\n|j|\u2606p0y1419ec50\n|t:|1783556524\n|gametype|singles\n|player|p1|p0x14192566|1|\n|player|p2|p0y1419ec50|102|\n|gen|9\n|tier|[Gen 9] Random Battle\n|rule|Species Clause: Limit one of each Pok\u00e9mon\n|rule|HP Percentage Mod: HP is shown in percentages\n|rule|Sleep Clause Mod: Limit one foe put to sleep\n|rule|Illusion Level Mod: Illusion disguises the Pok\u00e9mon's true level\n|\n|t:|1783556524\n|teamsize|p1|6\n|teamsize|p2|6\n|start\n|switch|p1a: Copperajah|Copperajah, L86, F|350/350\n|switch|p2a: Diancie|Diancie, L82|100/100\n|turn|1\n|inactive|Battle timer is ON: inactive players will automatically lose when time's up. (requested by p0x14192566)\n|inactive|p0y1419ec50 also wants the timer to be on.\n|\n|t:|1783556526\n|-terastallize|p2a: Diancie|Fighting\n|move|p2a: Diancie|Diamond Storm|p1a: Copperajah\n|-resisted|p1a: Copperajah\n|-damage|p1a: Copperajah|293/350\n|move|p1a: Copperajah|Iron Head|p2a: Diancie\n|-damage|p2a: Diancie|46/100\n|\n|-heal|p2a: Diancie|52/100|[from] item: Leftovers\n|upkeep\n|turn|2\n|inactive|Time left: 300 sec this turn | 300 sec total\n|\n|t:|1783556527\n|move|p2a: Diancie|Body Press|p1a: Copperajah\n|-supereffective|p1a: Copperajah\n|-damage|p1a: Copperajah|17/350\n|move|p1a: Copperajah|Iron Head|p2a: Diancie\n|-damage|p2a: Diancie|0 fnt\n|faint|p2a: Diancie\n|\n|upkeep\n|\n|t:|1783556528\n|switch|p2a: Oranguru|Oranguru, L92, M|100/100\n|turn|3\n|inactive|Time left: 300 sec this turn | 300 sec total\n|\n|t:|1783556529\n|switch|p1a: Weavile|Weavile, L79, M|239/239\n|move|p2a: Oranguru|Nasty Plot|p2a: Oranguru\n|-boost|p2a: Oranguru|spa|2\n|\n|upkeep\n|turn|4\n|inactive|Time left: 300 sec this turn | 300 sec total\n|\n|t:|1783556531\n|move|p1a: Weavile|Knock Off|p2a: Oranguru\n|-supereffective|p2a: Oranguru\n|-damage|p2a: Oranguru|3/100\n|-enditem|p2a: Oranguru|Leftovers|[from] move: Knock Off|[of] p1a: Weavile\n|move|p2a: Oranguru|Focus Blast|p1a: Weavile|[miss]\n|-miss|p2a: Oranguru|p1a: Weavile\n|\n|upkeep\n|turn|5\n|inactive|Time left: 300 sec this turn | 300 sec total\n|\n|t:|1783556532\n|switch|p2a: Sylveon|Sylveon, L85, F|100/100\n|move|p1a: Weavile|Knock Off|p2a: Sylveon\n|-resisted|p2a: Sylveon\n|-crit|p2a: Sylveon\n|-damage|p2a: Sylveon|52/100\n|-enditem|p2a: Sylveon|Leftovers|[from] move: Knock Off|[of] p1a: Weavile\n|\n|upkeep\n|turn|6\n|inactive|Time left: 300 sec this turn | 300 sec total\n|\n|t:|1783556533\n|switch|p1a: Fezandipiti|Fezandipiti, L82, M|278/278\n|move|p2a: Sylveon|Hyper Voice|p1a: Fezandipiti\n|-resisted|p1a: Fezandipiti\n|-damage|p1a: Fezandipiti|227/278\n|\n|-heal|p1a: Fezandipiti|244/278|[from] item: Leftovers\n|upkeep\n|turn|7\n|inactive|Time left: 300 sec this turn | 300 sec total\n|\n|t:|1783556534\n|move|p1a: Fezandipiti|Swords Dance|p1a: Fezandipiti\n|-boost|p1a: Fezandipiti|atk|2\n|move|p2a: Sylveon|Hyper Voice|p1a: Fezandipiti\n|-resisted|p1a: Fezandipiti\n|-damage|p1a: Fezandipiti|196/278\n|\n|-heal|p1a: Fezandipiti|213/278|[from] item: Leftovers\n|upkeep\n|turn|8\n|inactive|Time left: 300 sec this turn | 300 sec total\n|\n|t:|1783556535\n|move|p2a: Sylveon|Protect|p2a: Sylveon\n|-singleturn|p2a: Sylveon|Protect\n|move|p1a: Fezandipiti|Play Rough|p2a: Sylveon\n|-activate|p2a: Sylveon|move: Protect\n|\n|-heal|p1a: Fezandipiti|230/278|[from] item: Leftovers\n|upkeep\n|turn|9\n|inactive|Time left: 300 sec this turn | 300 sec total\n|\n|t:|1783556536\n|switch|p2a: Piloswine|Piloswine, L85, M|100/100\n|move|p1a: Fezandipiti|Play Rough|p2a: Piloswine\n|-damage|p2a: Piloswine|65/100\n|\n|-heal|p1a: Fezandipiti|247/278|[from] item: Leftovers\n|upkeep\n|turn|10\n|inactive|Time left: 300 sec this turn | 300 sec total\n|\n|t:|1783556537\n|move|p1a: Fezandipiti|Play Rough|p2a: Piloswine\n|-damage|p2a: Piloswine|22/100\n|-status|p2a: Piloswine|tox|[from] ability: Toxic Chain|[of] p1a: Fezandipiti\n|move|p2a: Piloswine|Earthquake|p1a: Fezandipiti\n|-supereffective|p1a: Fezandipiti\n|-damage|p1a: Fezandipiti|13/278\n|\n|-heal|p1a: Fezandipiti|30/278|[from] item: Leftovers\n|-damage|p2a: Piloswine|16/100 tox|[from] psn\n|upkeep\n|turn|11\n|inactive|Time left: 300 sec this turn | 300 sec total\n|\n|t:|1783556539\n|move|p2a: Piloswine|Ice Shard|p1a: Fezandipiti\n|-crit|p1a: Fezandipiti\n|-damage|p1a: Fezandipiti|0 fnt\n|faint|p1a: Fezandipiti\n|\n|-damage|p2a: Piloswine|3/100 tox|[from] psn\n|upkeep\n|inactive|Time left: 300 sec this turn | 300 sec total | 5 sec grace\n|\n|t:|1783556540\n|switch|p1a: Weavile|Weavile, L79, M|239/239\n|turn|12\n|inactive|Time left: 300 sec this turn | 300 sec total\n|\n|t:|1783556541\n|move|p2a: Piloswine|Ice Shard|p1a: Weavile\n|-resisted|p1a: Weavile\n|-damage|p1a: Weavile|212/239\n|move|p1a: Weavile|Triple Axel|p2a: Piloswine\n|-damage|p2a: Piloswine|0 fnt\n|faint|p2a: Piloswine\n|-hitcount|p2: Piloswine|1\n|\n|upkeep\n|\n|t:|1783556542\n|switch|p2a: Sylveon|Sylveon, L85, F|52/100\n|turn|13\n|inactive|Time left: 300 sec this turn | 300 sec total\n|\n|t:|1783556543\n|move|p2a: Sylveon|Protect|p2a: Sylveon\n|-singleturn|p2a: Sylveon|Protect\n|move|p1a: Weavile|Triple Axel|p2a: Sylveon\n|-activate|p2a: Sylveon|move: Protect\n|\n|upkeep\n|turn|14\n|inactive|Time left: 300 sec this turn | 300 sec total\n|\n|t:|1783556544\n|switch|p2a: Oranguru|Oranguru, L92, M|3/100\n|move|p1a: Weavile|Triple Axel|p2a: Oranguru\n|-damage|p2a: Oranguru|0 fnt\n|faint|p2a: Oranguru\n|-hitcount|p2: Oranguru|1\n|\n|upkeep\n|\n|t:|1783556545\n|switch|p2a: Sylveon|Sylveon, L85, F|52/100\n|turn|15\n|inactive|Time left: 300 sec this turn | 300 sec total\n|\n|t:|1783556546\n|move|p2a: Sylveon|Protect|p2a: Sylveon\n|-singleturn|p2a: Sylveon|Protect\n|move|p1a: Weavile|Triple Axel|p2a: Sylveon\n|-activate|p2a: Sylveon|move: Protect\n|\n|upkeep\n|turn|16\n|inactive|Time left: 300 sec this turn | 300 sec total\n|\n|t:|1783556547\n|move|p1a: Weavile|Triple Axel|p2a: Sylveon|[miss]\n|-miss|p1a: Weavile|p2a: Sylveon\n|move|p2a: Sylveon|Hyper Voice|p1a: Weavile\n|-supereffective|p1a: Weavile\n|-damage|p1a: Weavile|0 fnt\n|faint|p1a: Weavile\n|\n|upkeep\n|inactive|Time left: 300 sec this turn | 300 sec total | 5 sec grace\n|\n|t:|1783556547\n|switch|p1a: Alcremie|Alcremie-Caramel-Swirl, L90, F|263/263\n|turn|17\n|inactive|Time left: 300 sec this turn | 300 sec total\n|\n|t:|1783556548\n|move|p1a: Alcremie|Calm Mind|p1a: Alcremie\n|-boost|p1a: Alcremie|spa|1\n|-boost|p1a: Alcremie|spd|1\n|move|p2a: Sylveon|Wish|p2a: Sylveon\n|\n|upkeep\n|turn|18\n|inactive|Time left: 300 sec this turn | 300 sec total\n|\n|t:|1783556549\n|move|p1a: Alcremie|Calm Mind|p1a: Alcremie\n|-boost|p1a: Alcremie|spa|1\n|-boost|p1a: Alcremie|spd|1\n|move|p2a: Sylveon|Calm Mind|p2a: Sylveon\n|-boost|p2a: Sylveon|spa|1\n|-boost|p2a: Sylveon|spd|1\n|\n|-heal|p2a: Sylveon|100/100|[from] move: Wish|[wisher] Sylveon\n|upkeep\n|turn|19\n|inactive|Time left: 300 sec this turn | 300 sec total\n|\n|t:|1783556550\n|move|p1a: Alcremie|Psyshock|p2a: Sylveon\n|-crit|p2a: Sylveon\n|-damage|p2a: Sylveon|5/100\n|move|p2a: Sylveon|Calm Mind|p2a: Sylveon\n|-boost|p2a: Sylveon|spa|1\n|-boost|p2a: Sylveon|spd|1\n|\n|upkeep\n|turn|20\n|inactive|Time left: 300 sec this turn | 300 sec total\n|\n|t:|1783556551\n|move|p2a: Sylveon|Protect|p2a: Sylveon\n|-singleturn|p2a: Sylveon|Protect\n|move|p1a: Alcremie|Psyshock|p2a: Sylveon\n|-activate|p2a: Sylveon|move: Protect\n|\n|upkeep\n|turn|21\n|inactive|Time left: 300 sec this turn | 300 sec total\n|\n|t:|1783556552\n|move|p1a: Alcremie|Psyshock|p2a: Sylveon\n|-damage|p2a: Sylveon|0 fnt\n|faint|p2a: Sylveon\n|\n|upkeep\n|\n|t:|1783556553\n|switch|p2a: Exeggutor|Exeggutor, L89, F|100/100\n|turn|22\n|inactive|Time left: 300 sec this turn | 300 sec total\n|\n|t:|1783556554\n|move|p1a: Alcremie|Alluring Voice|p2a: Exeggutor\n|-damage|p2a: Exeggutor|25/100\n|-enditem|p2a: Exeggutor|Sitrus Berry|[eat]\n|-heal|p2a: Exeggutor|50/100|[from] item: Sitrus Berry\n|move|p2a: Exeggutor|Sleep Powder|p1a: Alcremie\n|-status|p1a: Alcremie|slp|[from] move: Sleep Powder\n|\n|upkeep\n|turn|23\n|inactive|Time left: 300 sec this turn | 300 sec total\n|\n|t:|1783556555\n|cant|p1a: Alcremie|slp\n|move|p2a: Exeggutor|Leech Seed|p1a: Alcremie\n|-start|p1a: Alcremie|move: Leech Seed\n|\n|-damage|p1a: Alcremie|231/263 slp|[from] Leech Seed|[of] p2a: Exeggutor\n|-heal|p2a: Exeggutor|60/100|[silent]\n|upkeep\n|turn|24\n|inactive|Time left: 300 sec this turn | 300 sec total\n|\n|t:|1783556556\n|switch|p2a: Gengar|Gengar, L81, F|100/100\n|-curestatus|p1a: Alcremie|slp|[msg]\n|move|p1a: Alcremie|Alluring Voice|p2a: Gengar\n|-resisted|p2a: Gengar\n|-damage|p2a: Gengar|45/100\n|\n|-heal|p1a: Alcremie|247/263|[from] item: Leftovers\n|-damage|p1a: Alcremie|215/263|[from] Leech Seed|[of] p2a: Gengar\n|-heal|p2a: Gengar|59/100|[silent]\n|upkeep\n|turn|25\n|inactive|Time left: 300 sec this turn | 300 sec total\n|\n|t:|1783556557\n|move|p2a: Gengar|Shadow Ball|p1a: Alcremie\n|-damage|p1a: Alcremie|161/263\n|move|p1a: Alcremie|Psyshock|p2a: Gengar\n|-supereffective|p2a: Gengar\n|-damage|p2a: Gengar|0 fnt\n|faint|p2a: Gengar\n|\n|-heal|p1a: Alcremie|177/263|[from] item: Leftovers\n|upkeep\n|\n|t:|1783556558\n|switch|p2a: Exeggutor|Exeggutor, L89, F|60/100\n|turn|26\n|inactive|Time left: 300 sec this turn | 300 sec total\n|\n|t:|1783556559\n|-terastallize|p1a: Alcremie|Poison\n|move|p1a: Alcremie|Alluring Voice|p2a: Exeggutor\n|-damage|p2a: Exeggutor|0 fnt\n|faint|p2a: Exeggutor\n|\n|win|p0x14192566", "uploadtime": 1783556559, "views": 0, "rating": 0, "private": 0, "password": null, "_winner": "p0x14192566", "_our_name": "p0x14192566"}