{"id": "battle-gen9randombattle-2622", "formatid": "gen9randombattle", "format": "[Gen 9] Random Battle", "players": ["p0x2622e766", "p0y26227c66"], "log": "|init|battle\n|title|p0x2622e766 vs. p0y26227c66\n|j|\u2606p0x2622e766\n|j|\u2606p0y26227c66\n|t:|1783570285\n|gametype|singles\n|player|p1|p0x2622e766|101|\n|player|p2|p0y26227c66|170|\n|gen|9\n|tier|[Gen 9] Random Battle\n|rule|Species Clause: Limit one of each Pok\u00e9mon\n|rule|HP Percentage Mod: HP is shown in percentages\n|rule|Sleep Clause Mod: Limit one foe put to sleep\n|rule|Illusion Level Mod: Illusion disguises the Pok\u00e9mon's true level\n|\n|t:|1783570285\n|teamsize|p1|6\n|teamsize|p2|6\n|start\n|switch|p1a: Stantler|Stantler, L92, M|284/284\n|switch|p2a: Venusaur|Venusaur, L84, M|100/100\n|-ability|p1a: Stantler|Intimidate|boost\n|-unboost|p2a: Venusaur|atk|1\n|turn|1\n|inactive|Battle timer is ON: inactive players will automatically lose when time's up. (requested by p0x2622e766)\n|inactive|p0y26227c66 also wants the timer to be on.\n|\n|t:|1783570287\n|switch|p2a: Wyrdeer|Wyrdeer, L87, M|100/100\n|-ability|p2a: Wyrdeer|Intimidate|boost\n|-unboost|p1a: Stantler|atk|1\n|move|p1a: Stantler|Body Slam|p2a: Wyrdeer\n|-damage|p2a: Wyrdeer|76/100\n|\n|-heal|p2a: Wyrdeer|82/100|[from] item: Leftovers\n|upkeep\n|turn|2\n|inactive|Time left: 300 sec this turn | 300 sec total\n|\n|t:|1783570288\n|switch|p1a: Trevenant|Trevenant, L89, F|296/296\n|move|p2a: Wyrdeer|Body Slam|p1a: Trevenant\n|-immune|p1a: Trevenant\n|\n|-heal|p2a: Wyrdeer|89/100|[from] item: Leftovers\n|upkeep\n|turn|3\n|inactive|Time left: 300 sec this turn | 300 sec total\n|\n|t:|1783570289\n|move|p2a: Wyrdeer|Psychic Noise|p1a: Trevenant\n|-damage|p1a: Trevenant|214/296\n|-start|p1a: Trevenant|move: Heal Block\n|move|p1a: Trevenant|Toxic|p2a: Wyrdeer\n|-status|p2a: Wyrdeer|tox\n|\n|-heal|p2a: Wyrdeer|95/100 tox|[from] item: Leftovers\n|-damage|p2a: Wyrdeer|89/100 tox|[from] psn\n|upkeep\n|turn|4\n|inactive|Time left: 300 sec this turn | 300 sec total\n|\n|t:|1783570290\n|move|p2a: Wyrdeer|Earthquake|p1a: Trevenant\n|-resisted|p1a: Trevenant\n|-damage|p1a: Trevenant|174/296\n|move|p1a: Trevenant|Poltergeist|p2a: Wyrdeer\n|-immune|p2a: Wyrdeer\n|\n|-heal|p2a: Wyrdeer|95/100 tox|[from] item: Leftovers\n|-damage|p2a: Wyrdeer|82/100 tox|[from] psn\n|-end|p1a: Trevenant|move: Heal Block\n|upkeep\n|turn|5\n|inactive|Time left: 300 sec this turn | 300 sec total\n|\n|t:|1783570291\n|move|p2a: Wyrdeer|Psychic Noise|p1a: Trevenant\n|-damage|p1a: Trevenant|86/296\n|-start|p1a: Trevenant|move: Heal Block\n|cant|p1a: Trevenant|move: Heal Block|Drain Punch\n|\n|-heal|p2a: Wyrdeer|89/100 tox|[from] item: Leftovers\n|-damage|p2a: Wyrdeer|70/100 tox|[from] psn\n|upkeep\n|turn|6\n|inactive|Time left: 300 sec this turn | 300 sec total\n|\n|t:|1783570292\n|move|p2a: Wyrdeer|Psychic Noise|p1a: Trevenant\n|-damage|p1a: Trevenant|0 fnt\n|faint|p1a: Trevenant\n|\n|-heal|p2a: Wyrdeer|76/100 tox|[from] item: Leftovers\n|-damage|p2a: Wyrdeer|51/100 tox|[from] psn\n|upkeep\n|inactive|Time left: 300 sec this turn | 300 sec total | 5 sec grace\n|\n|t:|1783570293\n|switch|p1a: Torkoal|Torkoal, L88, M|266/266\n|-weather|SunnyDay|[from] ability: Drought|[of] p1a: Torkoal\n|turn|7\n|inactive|Time left: 300 sec this turn | 300 sec total\n|\n|t:|1783570294\n|move|p2a: Wyrdeer|Body Slam|p1a: Torkoal\n|-damage|p1a: Torkoal|197/266\n|move|p1a: Torkoal|Stealth Rock|p2a: Wyrdeer\n|-sidestart|p2: p0y26227c66|move: Stealth Rock\n|\n|-weather|SunnyDay|[upkeep]\n|-heal|p2a: Wyrdeer|58/100 tox|[from] item: Leftovers\n|-damage|p2a: Wyrdeer|26/100 tox|[from] psn\n|upkeep\n|turn|8\n|inactive|Time left: 300 sec this turn | 300 sec total\n|\n|t:|1783570295\n|switch|p2a: Magmortar|Magmortar, L88, F|100/100\n|move|p1a: Torkoal|Lava Plume|p2a: Magmortar\n|-resisted|p2a: Magmortar\n|-damage|p2a: Magmortar|79/100\n|\n|-weather|SunnyDay|[upkeep]\n|upkeep\n|turn|9\n|inactive|Time left: 300 sec this turn | 300 sec total\n|\n|t:|1783570296\n|move|p2a: Magmortar|Fire Blast|p1a: Torkoal|[miss]\n|-miss|p2a: Magmortar|p1a: Torkoal\n|move|p1a: Torkoal|Rapid Spin|p2a: Magmortar\n|-damage|p2a: Magmortar|64/100\n|-boost|p1a: Torkoal|spe|1\n|\n|-weather|SunnyDay|[upkeep]\n|upkeep\n|turn|10\n|inactive|Time left: 300 sec this turn | 300 sec total\n|\n|t:|1783570297\n|move|p2a: Magmortar|Fire Blast|p1a: Torkoal\n|-resisted|p1a: Torkoal\n|-damage|p1a: Torkoal|74/266\n|move|p1a: Torkoal|Lava Plume|p2a: Magmortar\n|-resisted|p2a: Magmortar\n|-damage|p2a: Magmortar|43/100\n|\n|-weather|SunnyDay|[upkeep]\n|upkeep\n|turn|11\n|inactive|Time left: 300 sec this turn | 300 sec total\n|\n|t:|1783570298\n|switch|p1a: Stantler|Stantler, L92, M|284/284\n|-ability|p1a: Stantler|Intimidate|boost\n|-unboost|p2a: Magmortar|atk|1\n|move|p2a: Magmortar|Fire Blast|p1a: Stantler\n|-damage|p1a: Stantler|89/284\n|\n|-weather|none\n|upkeep\n|turn|12\n|inactive|Time left: 300 sec this turn | 300 sec total\n|\n|t:|1783570299\n|switch|p2a: Wyrdeer|Wyrdeer, L87, M|26/100 tox\n|-damage|p2a: Wyrdeer|14/100 tox|[from] Stealth Rock\n|-ability|p2a: Wyrdeer|Intimidate|boost\n|-unboost|p1a: Stantler|atk|1\n|move|p1a: Stantler|Body Slam|p2a: Wyrdeer\n|-damage|p2a: Wyrdeer|0 fnt\n|faint|p2a: Wyrdeer\n|\n|upkeep\n|\n|t:|1783570300\n|switch|p2a: Malamar|Malamar, L82, M|100/100\n|-damage|p2a: Malamar|88/100|[from] Stealth Rock\n|turn|13\n|inactive|Time left: 300 sec this turn | 300 sec total\n|\n|t:|1783570301\n|switch|p1a: Weezing|Weezing, L88, F|258/258\n|move|p2a: Malamar|Superpower|p1a: Weezing\n|-resisted|p1a: Weezing\n|-damage|p1a: Weezing|231/258\n|-boost|p2a: Malamar|atk|1\n|-boost|p2a: Malamar|def|1\n|\n|-heal|p1a: Weezing|247/258|[from] item: Leftovers\n|upkeep\n|turn|14\n|inactive|Time left: 300 sec this turn | 300 sec total\n|\n|t:|1783570302\n|move|p2a: Malamar|Superpower|p1a: Weezing\n|-resisted|p1a: Weezing\n|-damage|p1a: Weezing|206/258\n|-boost|p2a: Malamar|atk|1\n|-boost|p2a: Malamar|def|1\n|move|p1a: Weezing|Will-O-Wisp|p2a: Malamar\n|-status|p2a: Malamar|brn\n|\n|-heal|p1a: Weezing|222/258|[from] item: Leftovers\n|-damage|p2a: Malamar|82/100 brn|[from] brn\n|upkeep\n|turn|15\n|inactive|Time left: 300 sec this turn | 300 sec total\n|\n|t:|1783570303\n|move|p2a: Malamar|Rest|p2a: Malamar\n|-status|p2a: Malamar|slp|[from] move: Rest\n|-heal|p2a: Malamar|100/100 slp|[silent]\n|-enditem|p2a: Malamar|Chesto Berry|[eat]\n|-curestatus|p2a: Malamar|slp|[msg]\n|move|p1a: Weezing|Gunk Shot|p2a: Malamar\n|-damage|p2a: Malamar|76/100\n|\n|-heal|p1a: Weezing|238/258|[from] item: Leftovers\n|upkeep\n|turn|16\n|inactive|Time left: 300 sec this turn | 300 sec total\n|\n|t:|1783570304\n|move|p2a: Malamar|Knock Off|p1a: Weezing\n|-damage|p1a: Weezing|109/258\n|-enditem|p1a: Weezing|Leftovers|[from] move: Knock Off|[of] p2a: Malamar\n|move|p1a: Weezing|Will-O-Wisp|p2a: Malamar|[miss]\n|-miss|p1a: Weezing|p2a: Malamar\n|\n|upkeep\n|turn|17\n|inactive|Time left: 300 sec this turn | 300 sec total\n|\n|t:|1783570305\n|move|p2a: Malamar|Psycho Cut|p1a: Weezing\n|-supereffective|p1a: Weezing\n|-crit|p1a: Weezing\n|-damage|p1a: Weezing|0 fnt\n|faint|p1a: Weezing\n|\n|upkeep\n|inactive|Time left: 300 sec this turn | 300 sec total | 5 sec grace\n|\n|t:|1783570306\n|switch|p1a: Indeedee|Indeedee-F, L90, F|272/272\n|-fieldstart|move: Psychic Terrain|[from] ability: Psychic Surge|[of] p1a: Indeedee\n|turn|18\n|inactive|Time left: 300 sec this turn | 300 sec total\n|\n|t:|1783570307\n|-terastallize|p1a: Indeedee|Fairy\n|move|p1a: Indeedee|Hyper Voice|p2a: Malamar\n|-damage|p2a: Malamar|34/100\n|move|p2a: Malamar|Knock Off|p1a: Indeedee\n|-resisted|p1a: Indeedee\n|-damage|p1a: Indeedee|166/272\n|-enditem|p1a: Indeedee|Choice Scarf|[from] move: Knock Off|[of] p2a: Malamar\n|\n|upkeep\n|turn|19\n|inactive|Time left: 300 sec this turn | 300 sec total\n|\n|t:|1783570307\n|switch|p2a: Venusaur|Venusaur, L84, M|100/100\n|-damage|p2a: Venusaur|88/100|[from] Stealth Rock\n|move|p1a: Indeedee|Hyper Voice|p2a: Venusaur\n|-damage|p2a: Venusaur|50/100\n|\n|-heal|p2a: Venusaur|56/100|[from] item: Leftovers\n|upkeep\n|turn|20\n|inactive|Time left: 300 sec this turn | 300 sec total\n|\n|t:|1783570308\n|move|p1a: Indeedee|Psyshock|p2a: Venusaur\n|-supereffective|p2a: Venusaur\n|-damage|p2a: Venusaur|0 fnt\n|faint|p2a: Venusaur\n|\n|upkeep\n|\n|t:|1783570309\n|switch|p2a: Dondozo|Dondozo, L78, M|100/100\n|-damage|p2a: Dondozo|88/100|[from] Stealth Rock\n|turn|21\n|inactive|Time left: 300 sec this turn | 300 sec total\n|\n|t:|1783570310\n|move|p1a: Indeedee|Hyper Voice|p2a: Dondozo\n|-damage|p2a: Dondozo|47/100\n|move|p2a: Dondozo|Wave Crash|p1a: Indeedee\n|-damage|p1a: Indeedee|28/272\n|-damage|p2a: Dondozo|34/100|[from] Recoil\n|\n|-heal|p2a: Dondozo|40/100|[from] item: Leftovers\n|upkeep\n|turn|22\n|inactive|Time left: 300 sec this turn | 300 sec total\n|\n|t:|1783570312\n|move|p1a: Indeedee|Hyper Voice|p2a: Dondozo\n|-damage|p2a: Dondozo|0 fnt\n|faint|p2a: Dondozo\n|\n|-fieldend|move: Psychic Terrain\n|upkeep\n|\n|t:|1783570312\n|switch|p2a: Magmortar|Magmortar, L88, F|43/100\n|turn|23\n|inactive|Time left: 300 sec this turn | 300 sec total\n|\n|t:|1783570313\n|move|p1a: Indeedee|Healing Wish|p1a: Indeedee\n|faint|p1a: Indeedee\n|move|p2a: Magmortar|Focus Blast|p1: Indeedee|[notarget]\n|-fail|p2a: Magmortar\n|\n|upkeep\n|inactive|Time left: 300 sec this turn | 300 sec total | 5 sec grace\n|\n|t:|1783570314\n|switch|p1a: Stantler|Stantler, L92, M|89/284\n|-heal|p1a: Stantler|284/284|[from] move: Healing Wish\n|-ability|p1a: Stantler|Intimidate|boost\n|-unboost|p2a: Magmortar|atk|1\n|turn|24\n|inactive|Time left: 300 sec this turn | 300 sec total\n|\n|t:|1783570316\n|switch|p2a: Klefki|Klefki, L84, M|100/100\n|-damage|p2a: Klefki|94/100|[from] Stealth Rock\n|move|p1a: Stantler|Earthquake|p2a: Klefki\n|-supereffective|p2a: Klefki\n|-damage|p2a: Klefki|24/100\n|\n|-heal|p2a: Klefki|30/100|[from] item: Leftovers\n|upkeep\n|turn|25\n|inactive|Time left: 300 sec this turn | 300 sec total\n|\n|t:|1783570317\n|move|p2a: Klefki|Thunder Wave|p1a: Stantler\n|-status|p1a: Stantler|par\n|move|p1a: Stantler|Earthquake|p2a: Klefki\n|-supereffective|p2a: Klefki\n|-damage|p2a: Klefki|0 fnt\n|faint|p2a: Klefki\n|\n|upkeep\n|\n|t:|1783570318\n|switch|p2a: Malamar|Malamar, L82, M|34/100\n|-damage|p2a: Malamar|22/100|[from] Stealth Rock\n|turn|26\n|inactive|Time left: 300 sec this turn | 300 sec total\n|\n|t:|1783570319\n|-terastallize|p2a: Malamar|Fighting\n|move|p2a: Malamar|Superpower|p1a: Stantler\n|-supereffective|p1a: Stantler\n|-damage|p1a: Stantler|116/284 par\n|-boost|p2a: Malamar|atk|1\n|-boost|p2a: Malamar|def|1\n|move|p1a: Stantler|Body Slam|p2a: Malamar\n|-damage|p2a: Malamar|0 fnt\n|faint|p2a: Malamar\n|\n|upkeep\n|\n|t:|1783570320\n|switch|p2a: Magmortar|Magmortar, L88, F|43/100\n|turn|27\n|inactive|Time left: 300 sec this turn | 300 sec total\n|\n|t:|1783570321\n|move|p2a: Magmortar|Fire Blast|p1a: Stantler\n|-damage|p1a: Stantler|0 fnt\n|faint|p1a: Stantler\n|\n|upkeep\n|inactive|Time left: 300 sec this turn | 300 sec total | 5 sec grace\n|\n|t:|1783570322\n|switch|p1a: Torkoal|Torkoal, L88, M|74/266\n|-weather|SunnyDay|[from] ability: Drought|[of] p1a: Torkoal\n|turn|28\n|inactive|Time left: 300 sec this turn | 300 sec total\n|\n|t:|1783570323\n|move|p2a: Magmortar|Fire Blast|p1a: Torkoal\n|-resisted|p1a: Torkoal\n|-damage|p1a: Torkoal|0 fnt\n|faint|p1a: Torkoal\n|\n|-weather|SunnyDay|[upkeep]\n|upkeep\n|inactive|Time left: 300 sec this turn | 300 sec total | 5 sec grace\n|\n|t:|1783570324\n|switch|p1a: Illumise|Illumise, L91, F|266/266\n|turn|29\n|inactive|Time left: 300 sec this turn | 300 sec total\n|\n|t:|1783570324\n|move|p1a: Illumise|Thunder Wave|p2a: Magmortar|[miss]\n|-miss|p1a: Illumise|p2a: Magmortar\n|move|p2a: Magmortar|Fire Blast|p1a: Illumise\n|-supereffective|p1a: Illumise\n|-damage|p1a: Illumise|0 fnt\n|faint|p1a: Illumise\n|\n|win|p0y26227c66", "uploadtime": 1783570324, "views": 0, "rating": 0, "private": 0, "password": null, "_winner": "p0y26227c66", "_our_name": "p0x2622e766"}