{"id": "battle-gen9randombattle-564", "formatid": "gen9randombattle", "format": "[Gen 9] Random Battle", "players": ["p0x5642be5", "p0y564fbe8"], "log": "|init|battle\n|title|p0x5642be5 vs. p0y564fbe8\n|j|\u2606p0x5642be5\n|j|\u2606p0y564fbe8\n|t:|1783545624\n|gametype|singles\n|player|p1|p0x5642be5|170|\n|player|p2|p0y564fbe8|101|\n|gen|9\n|tier|[Gen 9] Random Battle\n|rule|Species Clause: Limit one of each Pok\u00e9mon\n|rule|HP Percentage Mod: HP is shown in percentages\n|rule|Sleep Clause Mod: Limit one foe put to sleep\n|rule|Illusion Level Mod: Illusion disguises the Pok\u00e9mon's true level\n|\n|t:|1783545624\n|teamsize|p1|6\n|teamsize|p2|6\n|start\n|switch|p1a: Delphox|Delphox, L84, M|263/263\n|switch|p2a: Delibird|Delibird, F|100/100\n|turn|1\n|inactive|Battle timer is ON: inactive players will automatically lose when time's up. (requested by p0x5642be5)\n|inactive|p0y564fbe8 also wants the timer to be on.\n|\n|t:|1783545625\n|switch|p2a: Vaporeon|Vaporeon, L86, F|100/100\n|move|p1a: Delphox|Fire Blast|p2a: Vaporeon\n|-resisted|p2a: Vaporeon\n|-damage|p2a: Vaporeon|74/100\n|\n|-heal|p2a: Vaporeon|80/100|[from] item: Leftovers\n|upkeep\n|turn|2\n|inactive|Time left: 300 sec this turn | 300 sec total\n|\n|t:|1783545626\n|move|p1a: Delphox|Fire Blast|p2a: Vaporeon|[miss]\n|-miss|p1a: Delphox|p2a: Vaporeon\n|move|p2a: Vaporeon|Scald|p1a: Delphox\n|-supereffective|p1a: Delphox\n|-damage|p1a: Delphox|99/263\n|\n|-heal|p2a: Vaporeon|86/100|[from] item: Leftovers\n|upkeep\n|turn|3\n|inactive|Time left: 300 sec this turn | 300 sec total\n|\n|t:|1783545627\n|switch|p1a: Shiftry|Shiftry, L89, F|305/305\n|move|p2a: Vaporeon|Scald|p1a: Shiftry\n|-resisted|p1a: Shiftry\n|-damage|p1a: Shiftry|245/305\n|\n|-heal|p2a: Vaporeon|92/100|[from] item: Leftovers\n|upkeep\n|turn|4\n|inactive|Time left: 300 sec this turn | 300 sec total\n|\n|t:|1783545628\n|switch|p2a: Iron Jugulis|Iron Jugulis, L77|100/100\n|move|p1a: Shiftry|Leaf Blade|p2a: Iron Jugulis\n|-resisted|p2a: Iron Jugulis\n|-damage|p2a: Iron Jugulis|73/100\n|-damage|p1a: Shiftry|215/305|[from] item: Life Orb\n|\n|upkeep\n|turn|5\n|inactive|Time left: 300 sec this turn | 300 sec total\n|\n|t:|1783545630\n|move|p2a: Iron Jugulis|Fire Blast|p1a: Shiftry\n|-supereffective|p1a: Shiftry\n|-damage|p1a: Shiftry|0 fnt\n|faint|p1a: Shiftry\n|\n|upkeep\n|inactive|Time left: 300 sec this turn | 300 sec total | 5 sec grace\n|\n|t:|1783545631\n|switch|p1a: Delphox|Delphox, L84, M|99/263\n|turn|6\n|inactive|Time left: 300 sec this turn | 300 sec total\n|\n|t:|1783545631\n|-end|p2a: Iron Jugulis|Quark Drive|[silent]\n|switch|p2a: Vaporeon|Vaporeon, L86, F|92/100\n|move|p1a: Delphox|Fire Blast|p2a: Vaporeon\n|-resisted|p2a: Vaporeon\n|-damage|p2a: Vaporeon|66/100\n|\n|-heal|p2a: Vaporeon|72/100|[from] item: Leftovers\n|upkeep\n|turn|7\n|inactive|Time left: 300 sec this turn | 300 sec total\n|\n|t:|1783545633\n|move|p1a: Delphox|Fire Blast|p2a: Vaporeon\n|-resisted|p2a: Vaporeon\n|-damage|p2a: Vaporeon|47/100\n|move|p2a: Vaporeon|Scald|p1a: Delphox\n|-supereffective|p1a: Delphox\n|-damage|p1a: Delphox|0 fnt\n|faint|p1a: Delphox\n|\n|-heal|p2a: Vaporeon|53/100|[from] item: Leftovers\n|upkeep\n|inactive|Time left: 300 sec this turn | 300 sec total | 5 sec grace\n|\n|t:|1783545633\n|switch|p1a: Komala|Komala, L87, F|255/255\n|-ability|p1a: Komala|Comatose\n|turn|8\n|inactive|Time left: 300 sec this turn | 300 sec total\n|\n|t:|1783545635\n|move|p2a: Vaporeon|Protect|p2a: Vaporeon\n|-singleturn|p2a: Vaporeon|Protect\n|move|p1a: Komala|Body Slam|p2a: Vaporeon\n|-activate|p2a: Vaporeon|move: Protect\n|\n|-heal|p2a: Vaporeon|59/100|[from] item: Leftovers\n|upkeep\n|turn|9\n|inactive|Time left: 300 sec this turn | 300 sec total\n|\n|t:|1783545636\n|move|p1a: Komala|Body Slam|p2a: Vaporeon\n|-damage|p2a: Vaporeon|18/100\n|-status|p2a: Vaporeon|par\n|move|p2a: Vaporeon|Scald|p1a: Komala\n|-damage|p1a: Komala|195/255\n|\n|-heal|p2a: Vaporeon|24/100 par|[from] item: Leftovers\n|upkeep\n|turn|10\n|inactive|Time left: 300 sec this turn | 300 sec total\n|\n|t:|1783545637\n|cant|p2a: Vaporeon|par\n|move|p1a: Komala|Knock Off|p2a: Vaporeon\n|-damage|p2a: Vaporeon|0 fnt\n|-enditem|p2a: Vaporeon|Leftovers|[from] move: Knock Off|[of] p1a: Komala\n|faint|p2a: Vaporeon\n|\n|upkeep\n|\n|t:|1783545638\n|switch|p2a: Breloom|Breloom, L83, M|100/100\n|turn|11\n|inactive|Time left: 300 sec this turn | 300 sec total\n|\n|t:|1783545639\n|switch|p1a: Stantler|Stantler, L92, F|284/284\n|-ability|p1a: Stantler|Intimidate|boost\n|-unboost|p2a: Breloom|atk|1\n|move|p2a: Breloom|Bullet Seed|p1a: Stantler\n|-crit|p1a: Stantler\n|-damage|p1a: Stantler|210/284\n|-damage|p1a: Stantler|175/284\n|-hitcount|p1a: Stantler|2\n|-damage|p2a: Breloom|91/100|[from] item: Life Orb\n|\n|upkeep\n|turn|12\n|inactive|Time left: 300 sec this turn | 300 sec total\n|\n|t:|1783545640\n|-terastallize|p1a: Stantler|Fairy\n|move|p1a: Stantler|Tera Blast|p2a: Breloom|[anim] Tera Blast Fairy\n|-supereffective|p2a: Breloom\n|-damage|p2a: Breloom|3/100\n|move|p2a: Breloom|Swords Dance|p2a: Breloom\n|-boost|p2a: Breloom|atk|2\n|\n|upkeep\n|turn|13\n|inactive|Time left: 300 sec this turn | 300 sec total\n|\n|t:|1783545641\n|move|p2a: Breloom|Mach Punch|p1a: Stantler\n|-resisted|p1a: Stantler\n|-damage|p1a: Stantler|118/284\n|-damage|p2a: Breloom|0 fnt|[from] item: Life Orb\n|faint|p2a: Breloom\n|move|p1a: Stantler|Tera Blast|p2: Breloom|[notarget]\n|-fail|p1a: Stantler\n|\n|upkeep\n|\n|t:|1783545642\n|switch|p2a: Maushold|Maushold, L76|100/100\n|turn|14\n|inactive|Time left: 300 sec this turn | 300 sec total\n|\n|t:|1783545643\n|switch|p1a: Gengar|Gengar, L81, F|230/230\n|move|p2a: Maushold|Population Bomb|p1a: Gengar\n|-immune|p1a: Gengar\n|\n|upkeep\n|turn|15\n|inactive|Time left: 300 sec this turn | 300 sec total\n|\n|t:|1783545644\n|move|p1a: Gengar|Sludge Wave|p2a: Maushold\n|-damage|p2a: Maushold|22/100\n|-status|p2a: Maushold|psn\n|-damage|p1a: Gengar|207/230|[from] item: Life Orb\n|move|p2a: Maushold|Bite|p1a: Gengar\n|-supereffective|p1a: Gengar\n|-damage|p1a: Gengar|81/230\n|-start|p2a: Maushold|Disable|Bite|[from] ability: Cursed Body|[of] p1a: Gengar\n|\n|-damage|p2a: Maushold|9/100 psn|[from] psn\n|upkeep\n|turn|16\n|inactive|Time left: 300 sec this turn | 300 sec total\n|\n|t:|1783545645\n|move|p1a: Gengar|Sludge Wave|p2a: Maushold\n|-damage|p2a: Maushold|0 fnt\n|faint|p2a: Maushold\n|-damage|p1a: Gengar|58/230|[from] item: Life Orb\n|\n|upkeep\n|\n|t:|1783545646\n|switch|p2a: Wo-Chien|Wo-Chien, L83|100/100\n|-ability|p2a: Wo-Chien|Tablets of Ruin\n|turn|17\n|inactive|Time left: 300 sec this turn | 300 sec total\n|\n|t:|1783545647\n|move|p1a: Gengar|Sludge Wave|p2a: Wo-Chien\n|-supereffective|p2a: Wo-Chien\n|-damage|p2a: Wo-Chien|15/100\n|-status|p2a: Wo-Chien|psn\n|-damage|p1a: Gengar|35/230|[from] item: Life Orb\n|move|p2a: Wo-Chien|Giga Drain|p1a: Gengar\n|-resisted|p1a: Gengar\n|-damage|p1a: Gengar|0 fnt\n|-heal|p2a: Wo-Chien|21/100 psn|[from] drain|[of] p1a: Gengar\n|faint|p1a: Gengar\n|\n|-heal|p2a: Wo-Chien|28/100 psn|[from] item: Leftovers\n|-damage|p2a: Wo-Chien|15/100 psn|[from] psn\n|upkeep\n|inactive|Time left: 300 sec this turn | 300 sec total | 5 sec grace\n|\n|t:|1783545648\n|switch|p1a: Stantler|Stantler, L92, F, tera:Fairy|118/284\n|-ability|p1a: Stantler|Intimidate|boost\n|-unboost|p2a: Wo-Chien|atk|1\n|turn|18\n|inactive|Time left: 300 sec this turn | 300 sec total\n|\n|t:|1783545649\n|move|p1a: Stantler|Calm Mind|p1a: Stantler\n|-boost|p1a: Stantler|spa|1\n|-boost|p1a: Stantler|spd|1\n|move|p2a: Wo-Chien|Ruination|p1a: Stantler\n|-damage|p1a: Stantler|59/284\n|\n|-heal|p2a: Wo-Chien|21/100 psn|[from] item: Leftovers\n|-damage|p2a: Wo-Chien|9/100 psn|[from] psn\n|upkeep\n|turn|19\n|inactive|Time left: 300 sec this turn | 300 sec total\n|\n|t:|1783545650\n|move|p1a: Stantler|Tera Blast|p2a: Wo-Chien|[anim] Tera Blast Fairy\n|-supereffective|p2a: Wo-Chien\n|-damage|p2a: Wo-Chien|0 fnt\n|faint|p2a: Wo-Chien\n|\n|upkeep\n|\n|t:|1783545651\n|switch|p2a: Iron Jugulis|Iron Jugulis, L77|73/100\n|turn|20\n|inactive|Time left: 300 sec this turn | 300 sec total\n|\n|t:|1783545652\n|move|p2a: Iron Jugulis|Hurricane|p1a: Stantler|[miss]\n|-miss|p2a: Iron Jugulis|p1a: Stantler\n|move|p1a: Stantler|Tera Blast|p2a: Iron Jugulis|[anim] Tera Blast Fairy\n|-supereffective|p2a: Iron Jugulis\n|-damage|p2a: Iron Jugulis|0 fnt\n|faint|p2a: Iron Jugulis\n|-end|p2a: Iron Jugulis|Quark Drive|[silent]\n|\n|upkeep\n|\n|t:|1783545653\n|switch|p2a: Delibird|Delibird, F|100/100\n|turn|21\n|inactive|Time left: 300 sec this turn | 300 sec total\n|\n|t:|1783545654\n|move|p1a: Stantler|Tera Blast|p2a: Delibird|[anim] Tera Blast Fairy\n|-damage|p2a: Delibird|24/100\n|move|p2a: Delibird|Rapid Spin|p1a: Stantler\n|-damage|p1a: Stantler|32/284\n|-boost|p2a: Delibird|spe|1\n|\n|upkeep\n|turn|22\n|inactive|Time left: 300 sec this turn | 300 sec total\n|\n|t:|1783545655\n|move|p2a: Delibird|Rapid Spin|p1a: Stantler\n|-damage|p1a: Stantler|7/284\n|-boost|p2a: Delibird|spe|1\n|move|p1a: Stantler|Tera Blast|p2a: Delibird|[anim] Tera Blast Fairy\n|-damage|p2a: Delibird|0 fnt\n|faint|p2a: Delibird\n|\n|win|p0x5642be5", "uploadtime": 1783545655, "views": 0, "rating": 0, "private": 0, "password": null, "_winner": "p0x5642be5", "_our_name": "p0x5642be5"}