{"id": "battle-gen9randombattle-702", "formatid": "gen9randombattle", "format": "[Gen 9] Random Battle", "players": ["p0x702b1e5", "p0y7025d6f"], "log": "|init|battle\n|title|p0x702b1e5 vs. p0y7025d6f\n|j|\u2606p0x702b1e5\n|j|\u2606p0y7025d6f\n|t:|1783547968\n|gametype|singles\n|player|p1|p0x702b1e5|1|\n|player|p2|p0y7025d6f|266|\n|gen|9\n|tier|[Gen 9] Random Battle\n|rule|Species Clause: Limit one of each Pok\u00e9mon\n|rule|HP Percentage Mod: HP is shown in percentages\n|rule|Sleep Clause Mod: Limit one foe put to sleep\n|rule|Illusion Level Mod: Illusion disguises the Pok\u00e9mon's true level\n|\n|t:|1783547968\n|teamsize|p1|6\n|teamsize|p2|6\n|start\n|switch|p1a: Oinkologne|Oinkologne, L92, M|100/100\n|switch|p2a: Alomomola|Alomomola, L87, M|429/429\n|turn|1\n|inactive|Battle timer is ON: inactive players will automatically lose when time's up. (requested by p0y7025d6f)\n|\n|t:|1783547970\n|switch|p1a: Poliwrath|Poliwrath, L88, M|100/100\n|move|p2a: Alomomola|Scald|p1a: Poliwrath\n|-immune|p1a: Poliwrath|[from] ability: Water Absorb\n|\n|upkeep\n|turn|2\n|inactive|Time left: 300 sec this turn | 300 sec total\n|inactive|p0x702b1e5 also wants the timer to be on.\n|\n|t:|1783547971\n|switch|p2a: Gastrodon|Gastrodon, L86, M|331/331\n|move|p1a: Poliwrath|Bulk Up|p1a: Poliwrath\n|-boost|p1a: Poliwrath|atk|1\n|-boost|p1a: Poliwrath|def|1\n|\n|upkeep\n|turn|3\n|inactive|Time left: 300 sec this turn | 300 sec total\n|\n|t:|1783547972\n|move|p1a: Poliwrath|Bulk Up|p1a: Poliwrath\n|-boost|p1a: Poliwrath|atk|1\n|-boost|p1a: Poliwrath|def|1\n|move|p2a: Gastrodon|Stealth Rock|p1a: Poliwrath\n|-sidestart|p1: p0x702b1e5|move: Stealth Rock\n|\n|upkeep\n|turn|4\n|inactive|Time left: 300 sec this turn | 300 sec total\n|\n|t:|1783547973\n|move|p1a: Poliwrath|Drain Punch|p2a: Gastrodon\n|-damage|p2a: Gastrodon|132/331\n|move|p2a: Gastrodon|Recover|p2a: Gastrodon\n|-heal|p2a: Gastrodon|298/331\n|\n|-heal|p2a: Gastrodon|318/331|[from] item: Leftovers\n|upkeep\n|turn|5\n|inactive|Time left: 300 sec this turn | 300 sec total\n|\n|t:|1783547974\n|move|p1a: Poliwrath|Drain Punch|p2a: Gastrodon\n|-damage|p2a: Gastrodon|111/331\n|move|p2a: Gastrodon|Recover|p2a: Gastrodon\n|-heal|p2a: Gastrodon|277/331\n|\n|-heal|p2a: Gastrodon|297/331|[from] item: Leftovers\n|upkeep\n|turn|6\n|inactive|Time left: 300 sec this turn | 300 sec total\n|\n|t:|1783547976\n|move|p1a: Poliwrath|Drain Punch|p2a: Gastrodon\n|-damage|p2a: Gastrodon|102/331\n|move|p2a: Gastrodon|Recover|p2a: Gastrodon\n|-heal|p2a: Gastrodon|268/331\n|\n|-heal|p2a: Gastrodon|288/331|[from] item: Leftovers\n|upkeep\n|turn|7\n|inactive|Time left: 300 sec this turn | 300 sec total\n|\n|t:|1783547977\n|move|p1a: Poliwrath|Drain Punch|p2a: Gastrodon\n|-damage|p2a: Gastrodon|86/331\n|move|p2a: Gastrodon|Recover|p2a: Gastrodon\n|-heal|p2a: Gastrodon|252/331\n|\n|-heal|p2a: Gastrodon|272/331|[from] item: Leftovers\n|upkeep\n|turn|8\n|inactive|Time left: 300 sec this turn | 300 sec total\n|\n|t:|1783547978\n|move|p1a: Poliwrath|Drain Punch|p2a: Gastrodon\n|-damage|p2a: Gastrodon|56/331\n|move|p2a: Gastrodon|Recover|p2a: Gastrodon\n|-heal|p2a: Gastrodon|222/331\n|\n|-heal|p2a: Gastrodon|242/331|[from] item: Leftovers\n|upkeep\n|turn|9\n|inactive|Time left: 300 sec this turn | 300 sec total\n|\n|t:|1783547979\n|move|p1a: Poliwrath|Drain Punch|p2a: Gastrodon\n|-damage|p2a: Gastrodon|35/331\n|move|p2a: Gastrodon|Recover|p2a: Gastrodon\n|-heal|p2a: Gastrodon|201/331\n|\n|-heal|p2a: Gastrodon|221/331|[from] item: Leftovers\n|upkeep\n|turn|10\n|inactive|Time left: 300 sec this turn | 300 sec total\n|\n|t:|1783547980\n|move|p1a: Poliwrath|Drain Punch|p2a: Gastrodon\n|-damage|p2a: Gastrodon|14/331\n|move|p2a: Gastrodon|Recover|p2a: Gastrodon\n|-heal|p2a: Gastrodon|180/331\n|\n|-heal|p2a: Gastrodon|200/331|[from] item: Leftovers\n|upkeep\n|turn|11\n|inactive|Time left: 300 sec this turn | 300 sec total\n|\n|t:|1783547981\n|move|p1a: Poliwrath|Drain Punch|p2a: Gastrodon\n|-damage|p2a: Gastrodon|14/331\n|move|p2a: Gastrodon|Recover|p2a: Gastrodon\n|-heal|p2a: Gastrodon|180/331\n|\n|-heal|p2a: Gastrodon|200/331|[from] item: Leftovers\n|upkeep\n|turn|12\n|inactive|Time left: 300 sec this turn | 300 sec total\n|\n|t:|1783547981\n|switch|p2a: Dusknoir|Dusknoir, L89, F|225/225\n|-item|p1a: Poliwrath|Leftovers|[from] ability: Frisk|[of] p2a: Dusknoir\n|move|p1a: Poliwrath|Drain Punch|p2a: Dusknoir\n|-immune|p2a: Dusknoir\n|\n|upkeep\n|turn|13\n|inactive|Time left: 300 sec this turn | 300 sec total\n|\n|t:|1783547982\n|move|p1a: Poliwrath|Liquidation|p2a: Dusknoir\n|-damage|p2a: Dusknoir|86/225\n|move|p2a: Dusknoir|Pain Split|p1a: Poliwrath\n|-sethp|p1a: Poliwrath|65/100|[from] move: Pain Split|[silent]\n|-sethp|p2a: Dusknoir|194/225|[from] move: Pain Split\n|\n|-heal|p1a: Poliwrath|71/100|[from] item: Leftovers\n|upkeep\n|turn|14\n|inactive|Time left: 300 sec this turn | 300 sec total\n|\n|t:|1783547983\n|switch|p2a: Scream Tail|Scream Tail, L84|330/330\n|move|p1a: Poliwrath|Liquidation|p2a: Scream Tail\n|-damage|p2a: Scream Tail|155/330\n|-unboost|p2a: Scream Tail|def|1\n|\n|-heal|p2a: Scream Tail|175/330|[from] item: Leftovers\n|-heal|p1a: Poliwrath|77/100|[from] item: Leftovers\n|upkeep\n|turn|15\n|inactive|Time left: 300 sec this turn | 300 sec total\n|\n|t:|1783547984\n|move|p2a: Scream Tail|Protect|p2a: Scream Tail\n|-singleturn|p2a: Scream Tail|Protect\n|move|p1a: Poliwrath|Liquidation|p2a: Scream Tail\n|-activate|p2a: Scream Tail|move: Protect\n|\n|-heal|p2a: Scream Tail|195/330|[from] item: Leftovers\n|-heal|p1a: Poliwrath|83/100|[from] item: Leftovers\n|upkeep\n|turn|16\n|inactive|Time left: 300 sec this turn | 300 sec total\n|\n|t:|1783547984\n|-end|p2a: Scream Tail|Protosynthesis|[silent]\n|switch|p2a: Alomomola|Alomomola, L87, M|429/429\n|move|p1a: Poliwrath|Liquidation|p2a: Alomomola\n|-resisted|p2a: Alomomola\n|-damage|p2a: Alomomola|336/429\n|\n|-heal|p1a: Poliwrath|89/100|[from] item: Leftovers\n|upkeep\n|turn|17\n|inactive|Time left: 300 sec this turn | 300 sec total\n|\n|t:|1783547985\n|move|p1a: Poliwrath|Drain Punch|p2a: Alomomola\n|-damage|p2a: Alomomola|162/429\n|-heal|p1a: Poliwrath|100/100|[from] drain|[of] p2a: Alomomola\n|move|p2a: Alomomola|Wish|p2a: Alomomola\n|\n|upkeep\n|turn|18\n|inactive|Time left: 300 sec this turn | 300 sec total\n|\n|t:|1783547986\n|switch|p2a: Scream Tail|Scream Tail, L84|195/330\n|move|p1a: Poliwrath|Drain Punch|p2a: Scream Tail\n|-resisted|p2a: Scream Tail\n|-damage|p2a: Scream Tail|159/330\n|\n|-heal|p2a: Scream Tail|330/330|[from] move: Wish|[wisher] Alomomola\n|upkeep\n|turn|19\n|inactive|Time left: 300 sec this turn | 300 sec total\n|\n|t:|1783547987\n|move|p2a: Scream Tail|Encore|p1a: Poliwrath\n|-start|p1a: Poliwrath|Encore\n|move|p1a: Poliwrath|Drain Punch|p2a: Scream Tail\n|-resisted|p2a: Scream Tail\n|-damage|p2a: Scream Tail|294/330\n|\n|-heal|p2a: Scream Tail|314/330|[from] item: Leftovers\n|upkeep\n|turn|20\n|inactive|Time left: 300 sec this turn | 300 sec total\n|\n|t:|1783547988\n|-end|p2a: Scream Tail|Protosynthesis|[silent]\n|switch|p2a: Dusknoir|Dusknoir, L89, F|194/225\n|-item|p1a: Poliwrath|Leftovers|[from] ability: Frisk|[of] p2a: Dusknoir\n|move|p1a: Poliwrath|Drain Punch|p2a: Dusknoir\n|-immune|p2a: Dusknoir\n|\n|upkeep\n|turn|21\n|inactive|Time left: 300 sec this turn | 300 sec total\n|\n|t:|1783547989\n|move|p1a: Poliwrath|Drain Punch|p2a: Dusknoir\n|-immune|p2a: Dusknoir\n|move|p2a: Dusknoir|Pain Split|p1a: Poliwrath\n|-sethp|p1a: Poliwrath|83/100|[from] move: Pain Split|[silent]\n|-sethp|p2a: Dusknoir|225/225|[from] move: Pain Split\n|\n|-heal|p1a: Poliwrath|89/100|[from] item: Leftovers\n|-end|p1a: Poliwrath|Encore\n|upkeep\n|turn|22\n|inactive|Time left: 300 sec this turn | 300 sec total\n|\n|t:|1783547990\n|move|p1a: Poliwrath|Liquidation|p2a: Dusknoir\n|-damage|p2a: Dusknoir|90/225\n|move|p2a: Dusknoir|Pain Split|p1a: Poliwrath\n|-sethp|p1a: Poliwrath|59/100|[from] move: Pain Split|[silent]\n|-sethp|p2a: Dusknoir|178/225|[from] move: Pain Split\n|\n|-heal|p1a: Poliwrath|65/100|[from] item: Leftovers\n|upkeep\n|turn|23\n|inactive|Time left: 300 sec this turn | 300 sec total\n|\n|t:|1783547991\n|switch|p2a: Scream Tail|Scream Tail, L84|314/330\n|move|p1a: Poliwrath|Liquidation|p2a: Scream Tail\n|-damage|p2a: Scream Tail|131/330\n|-unboost|p2a: Scream Tail|def|1\n|\n|-heal|p2a: Scream Tail|151/330|[from] item: Leftovers\n|-heal|p1a: Poliwrath|71/100|[from] item: Leftovers\n|upkeep\n|turn|24\n|inactive|Time left: 300 sec this turn | 300 sec total\n|\n|t:|1783547992\n|move|p2a: Scream Tail|Protect|p2a: Scream Tail\n|-singleturn|p2a: Scream Tail|Protect\n|move|p1a: Poliwrath|Poison Jab|p2a: Scream Tail\n|-activate|p2a: Scream Tail|move: Protect\n|\n|-heal|p2a: Scream Tail|171/330|[from] item: Leftovers\n|-heal|p1a: Poliwrath|77/100|[from] item: Leftovers\n|upkeep\n|turn|25\n|inactive|Time left: 300 sec this turn | 300 sec total\n|\n|t:|1783547993\n|-terastallize|p2a: Scream Tail|Steel\n|move|p2a: Scream Tail|Encore|p1a: Poliwrath\n|-start|p1a: Poliwrath|Encore\n|move|p1a: Poliwrath|Poison Jab|p2a: Scream Tail\n|-immune|p2a: Scream Tail\n|\n|-heal|p2a: Scream Tail|191/330|[from] item: Leftovers\n|-heal|p1a: Poliwrath|83/100|[from] item: Leftovers\n|upkeep\n|turn|26\n|inactive|Time left: 300 sec this turn | 300 sec total\n|\n|t:|1783547994\n|move|p2a: Scream Tail|Wish|p2a: Scream Tail\n|move|p1a: Poliwrath|Poison Jab|p2a: Scream Tail\n|-immune|p2a: Scream Tail\n|\n|-heal|p2a: Scream Tail|211/330|[from] item: Leftovers\n|-heal|p1a: Poliwrath|89/100|[from] item: Leftovers\n|upkeep\n|turn|27\n|inactive|Time left: 300 sec this turn | 300 sec total\n|\n|t:|1783547995\n|move|p2a: Scream Tail|Play Rough|p1a: Poliwrath\n|-supereffective|p1a: Poliwrath\n|-damage|p1a: Poliwrath|69/100\n|move|p1a: Poliwrath|Poison Jab|p2a: Scream Tail\n|-immune|p2a: Scream Tail\n|\n|-heal|p2a: Scream Tail|330/330|[from] move: Wish|[wisher] Scream Tail\n|-heal|p1a: Poliwrath|75/100|[from] item: Leftovers\n|-end|p1a: Poliwrath|Encore\n|upkeep\n|turn|28\n|inactive|Time left: 300 sec this turn | 300 sec total\n|\n|t:|1783547996\n|move|p2a: Scream Tail|Encore|p1a: Poliwrath\n|-start|p1a: Poliwrath|Encore\n|move|p1a: Poliwrath|Poison Jab|p2a: Scream Tail\n|-immune|p2a: Scream Tail\n|\n|-heal|p1a: Poliwrath|81/100|[from] item: Leftovers\n|upkeep\n|turn|29\n|inactive|Time left: 300 sec this turn | 300 sec total\n|\n|t:|1783547997\n|move|p2a: Scream Tail|Wish|p2a: Scream Tail\n|move|p1a: Poliwrath|Poison Jab|p2a: Scream Tail\n|-immune|p2a: Scream Tail\n|\n|-heal|p1a: Poliwrath|87/100|[from] item: Leftovers\n|upkeep\n|turn|30\n|inactive|Time left: 300 sec this turn | 300 sec total\n|\n|t:|1783547999\n|move|p2a: Scream Tail|Play Rough|p1a: Poliwrath\n|-supereffective|p1a: Poliwrath\n|-damage|p1a: Poliwrath|65/100\n|move|p1a: Poliwrath|Poison Jab|p2a: Scream Tail\n|-immune|p2a: Scream Tail\n|\n|-heal|p1a: Poliwrath|71/100|[from] item: Leftovers\n|-end|p1a: Poliwrath|Encore\n|upkeep\n|turn|31\n|inactive|Time left: 300 sec this turn | 300 sec total\n|\n|t:|1783548000\n|move|p2a: Scream Tail|Encore|p1a: Poliwrath\n|-start|p1a: Poliwrath|Encore\n|move|p1a: Poliwrath|Poison Jab|p2a: Scream Tail\n|-immune|p2a: Scream Tail\n|\n|-heal|p1a: Poliwrath|77/100|[from] item: Leftovers\n|upkeep\n|turn|32\n|inactive|Time left: 300 sec this turn | 300 sec total\n|\n|t:|1783548001\n|move|p2a: Scream Tail|Wish|p2a: Scream Tail\n|move|p1a: Poliwrath|Poison Jab|p2a: Scream Tail\n|-immune|p2a: Scream Tail\n|\n|-heal|p1a: Poliwrath|83/100|[from] item: Leftovers\n|upkeep\n|turn|33\n|inactive|Time left: 300 sec this turn | 300 sec total\n|\n|t:|1783548002\n|move|p2a: Scream Tail|Play Rough|p1a: Poliwrath\n|-supereffective|p1a: Poliwrath\n|-damage|p1a: Poliwrath|61/100\n|move|p1a: Poliwrath|Poison Jab|p2a: Scream Tail\n|-immune|p2a: Scream Tail\n|\n|-heal|p1a: Poliwrath|67/100|[from] item: Leftovers\n|-end|p1a: Poliwrath|Encore\n|upkeep\n|turn|34\n|inactive|Time left: 300 sec this turn | 300 sec total\n|\n|t:|1783548003\n|move|p2a: Scream Tail|Encore|p1a: Poliwrath\n|-start|p1a: Poliwrath|Encore\n|move|p1a: Poliwrath|Poison Jab|p2a: Scream Tail\n|-immune|p2a: Scream Tail\n|\n|-heal|p1a: Poliwrath|73/100|[from] item: Leftovers\n|upkeep\n|turn|35\n|inactive|Time left: 300 sec this turn | 300 sec total\n|\n|t:|1783548005\n|move|p2a: Scream Tail|Play Rough|p1a: Poliwrath\n|-supereffective|p1a: Poliwrath\n|-damage|p1a: Poliwrath|50/100\n|move|p1a: Poliwrath|Poison Jab|p2a: Scream Tail\n|-immune|p2a: Scream Tail\n|\n|-heal|p1a: Poliwrath|56/100|[from] item: Leftovers\n|upkeep\n|turn|36\n|inactive|Time left: 300 sec this turn | 300 sec total\n|\n|t:|1783548006\n|move|p2a: Scream Tail|Play Rough|p1a: Poliwrath\n|-supereffective|p1a: Poliwrath\n|-damage|p1a: Poliwrath|34/100\n|move|p1a: Poliwrath|Poison Jab|p2a: Scream Tail\n|-immune|p2a: Scream Tail\n|\n|-heal|p1a: Poliwrath|40/100|[from] item: Leftovers\n|-end|p1a: Poliwrath|Encore\n|upkeep\n|turn|37\n|inactive|Time left: 300 sec this turn | 300 sec total\n|\n|t:|1783548007\n|move|p2a: Scream Tail|Encore|p1a: Poliwrath\n|-start|p1a: Poliwrath|Encore\n|move|p1a: Poliwrath|Poison Jab|p2a: Scream Tail\n|-immune|p2a: Scream Tail\n|\n|-heal|p1a: Poliwrath|46/100|[from] item: Leftovers\n|upkeep\n|turn|38\n|inactive|Time left: 300 sec this turn | 300 sec total\n|\n|t:|1783548008\n|move|p2a: Scream Tail|Play Rough|p1a: Poliwrath\n|-supereffective|p1a: Poliwrath\n|-damage|p1a: Poliwrath|23/100\n|move|p1a: Poliwrath|Poison Jab|p2a: Scream Tail\n|-immune|p2a: Scream Tail\n|\n|-heal|p1a: Poliwrath|29/100|[from] item: Leftovers\n|upkeep\n|turn|39\n|inactive|Time left: 300 sec this turn | 300 sec total\n|\n|t:|1783548009\n|move|p2a: Scream Tail|Play Rough|p1a: Poliwrath|[miss]\n|-miss|p2a: Scream Tail|p1a: Poliwrath\n|move|p1a: Poliwrath|Poison Jab|p2a: Scream Tail\n|-immune|p2a: Scream Tail\n|\n|-heal|p1a: Poliwrath|35/100|[from] item: Leftovers\n|-end|p1a: Poliwrath|Encore\n|upkeep\n|turn|40\n|inactive|Time left: 300 sec this turn | 300 sec total\n|\n|t:|1783548010\n|move|p2a: Scream Tail|Encore|p1a: Poliwrath\n|-start|p1a: Poliwrath|Encore\n|move|p1a: Poliwrath|Poison Jab|p2a: Scream Tail\n|-immune|p2a: Scream Tail\n|\n|-heal|p1a: Poliwrath|41/100|[from] item: Leftovers\n|upkeep\n|turn|41\n|inactive|Time left: 300 sec this turn | 300 sec total\n|\n|t:|1783548011\n|move|p2a: Scream Tail|Play Rough|p1a: Poliwrath\n|-supereffective|p1a: Poliwrath\n|-damage|p1a: Poliwrath|21/100\n|move|p1a: Poliwrath|Poison Jab|p2a: Scream Tail\n|-immune|p2a: Scream Tail\n|\n|-heal|p1a: Poliwrath|27/100|[from] item: Leftovers\n|upkeep\n|turn|42\n|inactive|Time left: 300 sec this turn | 300 sec total\n|\n|t:|1783548012\n|move|p2a: Scream Tail|Play Rough|p1a: Poliwrath|[miss]\n|-miss|p2a: Scream Tail|p1a: Poliwrath\n|move|p1a: Poliwrath|Poison Jab|p2a: Scream Tail\n|-immune|p2a: Scream Tail\n|\n|-heal|p1a: Poliwrath|33/100|[from] item: Leftovers\n|-end|p1a: Poliwrath|Encore\n|upkeep\n|turn|43\n|inactive|Time left: 300 sec this turn | 300 sec total\n|\n|t:|1783548013\n|move|p2a: Scream Tail|Encore|p1a: Poliwrath\n|-start|p1a: Poliwrath|Encore\n|move|p1a: Poliwrath|Poison Jab|p2a: Scream Tail\n|-immune|p2a: Scream Tail\n|\n|-heal|p1a: Poliwrath|39/100|[from] item: Leftovers\n|upkeep\n|turn|44\n|inactive|Time left: 300 sec this turn | 300 sec total\n|\n|t:|1783548014\n|move|p2a: Scream Tail|Play Rough|p1a: Poliwrath\n|-supereffective|p1a: Poliwrath\n|-damage|p1a: Poliwrath|16/100\n|move|p1a: Poliwrath|Poison Jab|p2a: Scream Tail\n|-immune|p2a: Scream Tail\n|\n|-heal|p1a: Poliwrath|22/100|[from] item: Leftovers\n|upkeep\n|turn|45\n|inactive|Time left: 300 sec this turn | 300 sec total\n|\n|t:|1783548015\n|move|p2a: Scream Tail|Play Rough|p1a: Poliwrath\n|-supereffective|p1a: Poliwrath\n|-damage|p1a: Poliwrath|0 fnt\n|faint|p1a: Poliwrath\n|\n|upkeep\n|\n|t:|1783548016\n|switch|p1a: Talonflame|Talonflame, L83, F|100/100\n|turn|46\n|inactive|Time left: 300 sec this turn | 300 sec total\n|\n|t:|1783548017\n|-end|p2a: Scream Tail|Protosynthesis|[silent]\n|switch|p2a: Alomomola|Alomomola, L87, M|305/429\n|move|p1a: Talonflame|Swords Dance|p1a: Talonflame\n|-boost|p1a: Talonflame|atk|2\n|\n|upkeep\n|turn|47\n|inactive|Time left: 300 sec this turn | 300 sec total\n|\n|t:|1783548018\n|move|p1a: Talonflame|Swords Dance|p1a: Talonflame\n|-boost|p1a: Talonflame|atk|2\n|move|p2a: Alomomola|Flip Turn|p1a: Talonflame\n|-supereffective|p1a: Talonflame\n|-damage|p1a: Talonflame|52/100\n|-status|p2a: Alomomola|brn|[from] ability: Flame Body|[of] p1a: Talonflame\n|inactive|Time left: 300 sec this turn | 300 sec total | 5 sec grace\n|\n|t:|1783548019\n|switch|p2a: Uxie|Uxie, L83|260/260|[from] Flip Turn\n|\n|upkeep\n|turn|48\n|inactive|Time left: 300 sec this turn | 300 sec total\n|\n|t:|1783548020\n|move|p1a: Talonflame|Flare Blitz|p2a: Uxie\n|-damage|p2a: Uxie|26/260\n|-damage|p1a: Talonflame|23/100|[from] Recoil\n|move|p2a: Uxie|Psychic Noise|p1a: Talonflame\n|-damage|p1a: Talonflame|0 fnt\n|faint|p1a: Talonflame\n|\n|-heal|p2a: Uxie|42/260|[from] item: Leftovers\n|upkeep\n|\n|t:|1783548022\n|switch|p1a: Medicham|Medicham, L86, F|100/100\n|-damage|p1a: Medicham|94/100|[from] Stealth Rock\n|turn|49\n|inactive|Time left: 300 sec this turn | 300 sec total\n|\n|t:|1783548023\n|switch|p2a: Dusknoir|Dusknoir, L89, F|178/225\n|-item|p1a: Medicham|Choice Band|[from] ability: Frisk|[of] p2a: Dusknoir\n|move|p1a: Medicham|Zen Headbutt|p2a: Dusknoir\n|-damage|p2a: Dusknoir|51/225\n|\n|upkeep\n|turn|50\n|inactive|Time left: 300 sec this turn | 300 sec total\n|\n|t:|1783548024\n|switch|p2a: Zarude|Zarude, L77|288/288\n|move|p1a: Medicham|Zen Headbutt|p2a: Zarude\n|-immune|p2a: Zarude\n|\n|upkeep\n|turn|51\n|inactive|Time left: 300 sec this turn | 300 sec total\n|\n|t:|1783548025\n|move|p2a: Zarude|Knock Off|p1a: Medicham\n|-damage|p1a: Medicham|35/100\n|-enditem|p1a: Medicham|Choice Band|[from] move: Knock Off|[of] p2a: Zarude\n|-damage|p2a: Zarude|260/288|[from] item: Life Orb\n|move|p1a: Medicham|Zen Headbutt|p2a: Zarude\n|-immune|p2a: Zarude\n|\n|upkeep\n|turn|52\n|inactive|Time left: 300 sec this turn | 300 sec total\n|\n|t:|1783548025\n|move|p2a: Zarude|Power Whip|p1a: Medicham\n|-damage|p1a: Medicham|0 fnt\n|faint|p1a: Medicham\n|-damage|p2a: Zarude|232/288|[from] item: Life Orb\n|\n|upkeep\n|\n|t:|1783548026\n|switch|p1a: Piloswine|Piloswine, L85, F|100/100\n|-damage|p1a: Piloswine|88/100|[from] Stealth Rock\n|turn|53\n|inactive|Time left: 300 sec this turn | 300 sec total\n|\n|t:|1783548027\n|move|p2a: Zarude|Power Whip|p1a: Piloswine\n|-supereffective|p1a: Piloswine\n|-damage|p1a: Piloswine|9/100\n|-damage|p2a: Zarude|204/288|[from] item: Life Orb\n|move|p1a: Piloswine|Icicle Crash|p2a: Zarude\n|-supereffective|p2a: Zarude\n|-damage|p2a: Zarude|24/288\n|\n|upkeep\n|turn|54\n|inactive|Time left: 300 sec this turn | 300 sec total\n|\n|t:|1783548028\n|switch|p2a: Alomomola|Alomomola, L87, M|429/429 brn\n|move|p1a: Piloswine|Ice Shard|p2a: Alomomola\n|-resisted|p2a: Alomomola\n|-crit|p2a: Alomomola\n|-damage|p2a: Alomomola|395/429 brn\n|\n|-damage|p2a: Alomomola|369/429 brn|[from] brn\n|upkeep\n|turn|55\n|inactive|Time left: 300 sec this turn | 300 sec total\n|\n|t:|1783548029\n|switch|p1a: Oinkologne|Oinkologne, L92, M|100/100\n|-damage|p1a: Oinkologne|88/100|[from] Stealth Rock\n|move|p2a: Alomomola|Scald|p1a: Oinkologne\n|-damage|p1a: Oinkologne|74/100\n|\n|-heal|p1a: Oinkologne|80/100|[from] item: Leftovers\n|-damage|p2a: Alomomola|343/429 brn|[from] brn\n|upkeep\n|turn|56\n|inactive|Time left: 300 sec this turn | 300 sec total\n|\n|t:|1783548030\n|move|p1a: Oinkologne|Curse|p1a: Oinkologne\n|-unboost|p1a: Oinkologne|spe|1\n|-boost|p1a: Oinkologne|atk|1\n|-boost|p1a: Oinkologne|def|1\n|move|p2a: Alomomola|Scald|p1a: Oinkologne\n|-damage|p1a: Oinkologne|66/100\n|\n|-heal|p1a: Oinkologne|72/100|[from] item: Leftovers\n|-damage|p2a: Alomomola|317/429 brn|[from] brn\n|upkeep\n|turn|57\n|inactive|Time left: 300 sec this turn | 300 sec total\n|\n|t:|1783548031\n|move|p2a: Alomomola|Scald|p1a: Oinkologne\n|-damage|p1a: Oinkologne|58/100\n|move|p1a: Oinkologne|High Horsepower|p2a: Alomomola\n|-damage|p2a: Alomomola|183/429 brn\n|\n|-heal|p1a: Oinkologne|64/100|[from] item: Leftovers\n|-damage|p2a: Alomomola|157/429 brn|[from] brn\n|upkeep\n|turn|58\n|inactive|Time left: 300 sec this turn | 300 sec total\n|\n|t:|1783548032\n|move|p2a: Alomomola|Scald|p1a: Oinkologne\n|-damage|p1a: Oinkologne|50/100\n|move|p1a: Oinkologne|Lash Out|p2a: Alomomola\n|-damage|p2a: Alomomola|58/429 brn\n|\n|-heal|p1a: Oinkologne|57/100|[from] item: Leftovers\n|-damage|p2a: Alomomola|32/429 brn|[from] brn\n|upkeep\n|turn|59\n|inactive|Time left: 300 sec this turn | 300 sec total\n|\n|t:|1783548033\n|move|p2a: Alomomola|Wish|p2a: Alomomola\n|move|p1a: Oinkologne|Lash Out|p2a: Alomomola\n|-crit|p2a: Alomomola\n|-damage|p2a: Alomomola|0 fnt\n|faint|p2a: Alomomola\n|\n|-heal|p1a: Oinkologne|63/100|[from] item: Leftovers\n|upkeep\n|inactive|Time left: 300 sec this turn | 300 sec total | 5 sec grace\n|\n|t:|1783548034\n|switch|p2a: Dusknoir|Dusknoir, L89, F|51/225\n|-item|p1a: Oinkologne|Leftovers|[from] ability: Frisk|[of] p2a: Dusknoir\n|turn|60\n|inactive|Time left: 300 sec this turn | 300 sec total\n|\n|t:|1783548035\n|move|p2a: Dusknoir|Pain Split|p1a: Oinkologne\n|-sethp|p1a: Oinkologne|39/100|[from] move: Pain Split|[silent]\n|-sethp|p2a: Dusknoir|135/225|[from] move: Pain Split\n|move|p1a: Oinkologne|Lash Out|p2a: Dusknoir\n|-supereffective|p2a: Dusknoir\n|-damage|p2a: Dusknoir|0 fnt\n|faint|p2a: Dusknoir\n|\n|-heal|p1a: Oinkologne|45/100|[from] item: Leftovers\n|upkeep\n|inactive|Time left: 300 sec this turn | 300 sec total | 5 sec grace\n|\n|t:|1783548036\n|switch|p2a: Zarude|Zarude, L77|24/288\n|turn|61\n|inactive|Time left: 300 sec this turn | 300 sec total\n|\n|t:|1783548037\n|move|p2a: Zarude|Knock Off|p1a: Oinkologne\n|-damage|p1a: Oinkologne|22/100\n|-enditem|p1a: Oinkologne|Leftovers|[from] move: Knock Off|[of] p2a: Zarude\n|-damage|p2a: Zarude|0 fnt|[from] item: Life Orb\n|faint|p2a: Zarude\n|move|p1a: Oinkologne|Lash Out|p2: Zarude|[notarget]\n|-fail|p1a: Oinkologne\n|\n|upkeep\n|inactive|Time left: 300 sec this turn | 300 sec total | 5 sec grace\n|\n|t:|1783548038\n|switch|p2a: Gastrodon|Gastrodon, L86, M|200/331\n|turn|62\n|inactive|Time left: 300 sec this turn | 300 sec total\n|\n|t:|1783548039\n|move|p2a: Gastrodon|Surf|p1a: Oinkologne\n|-damage|p1a: Oinkologne|0 fnt\n|faint|p1a: Oinkologne\n|\n|-heal|p2a: Gastrodon|220/331|[from] item: Leftovers\n|upkeep\n|\n|t:|1783548040\n|switch|p1a: Deoxys|Deoxys-Attack, L72|100/100\n|-damage|p1a: Deoxys|88/100|[from] Stealth Rock\n|-ability|p1a: Deoxys|Pressure\n|turn|63\n|inactive|Time left: 300 sec this turn | 300 sec total\n|\n|t:|1783548041\n|move|p1a: Deoxys|Psycho Boost|p2a: Gastrodon\n|-damage|p2a: Gastrodon|0 fnt\n|-unboost|p1a: Deoxys|spa|2\n|faint|p2a: Gastrodon\n|-damage|p1a: Deoxys|79/100|[from] item: Life Orb\n|\n|upkeep\n|inactive|Time left: 300 sec this turn | 300 sec total | 5 sec grace\n|\n|t:|1783548042\n|switch|p2a: Scream Tail|Scream Tail, L84, tera:Steel|330/330\n|turn|64\n|inactive|Time left: 300 sec this turn | 300 sec total\n|\n|t:|1783548043\n|-terastallize|p1a: Deoxys|Psychic\n|move|p1a: Deoxys|Superpower|p2a: Scream Tail\n|-supereffective|p2a: Scream Tail\n|-damage|p2a: Scream Tail|75/330\n|-unboost|p1a: Deoxys|atk|1\n|-unboost|p1a: Deoxys|def|1\n|-damage|p1a: Deoxys|69/100|[from] item: Life Orb\n|move|p2a: Scream Tail|Play Rough|p1a: Deoxys\n|-damage|p1a: Deoxys|0 fnt\n|faint|p1a: Deoxys\n|\n|-heal|p2a: Scream Tail|95/330|[from] item: Leftovers\n|upkeep\n|\n|t:|1783548044\n|switch|p1a: Piloswine|Piloswine, L85, F|9/100\n|-damage|p1a: Piloswine|0 fnt|[from] Stealth Rock\n|faint|p1a: Piloswine\n|\n|win|p0y7025d6f", "uploadtime": 1783548044, "views": 0, "rating": 0, "private": 0, "password": null, "_winner": "p0y7025d6f", "_our_name": "p0y7025d6f"}