{"id": "battle-gen9randombattle-1848", "formatid": "gen9randombattle", "format": "[Gen 9] Random Battle", "players": ["p0x18487fe0", "p0y184828e7"], "log": "|init|battle\n|title|p0x18487fe0 vs. p0y184828e7\n|j|\u2606p0x18487fe0\n|j|\u2606p0y184828e7\n|t:|1783561403\n|gametype|singles\n|player|p1|p0x18487fe0|1|\n|player|p2|p0y184828e7|1|\n|gen|9\n|tier|[Gen 9] Random Battle\n|rule|Species Clause: Limit one of each Pok\u00e9mon\n|rule|HP Percentage Mod: HP is shown in percentages\n|rule|Sleep Clause Mod: Limit one foe put to sleep\n|rule|Illusion Level Mod: Illusion disguises the Pok\u00e9mon's true level\n|\n|t:|1783561403\n|teamsize|p1|6\n|teamsize|p2|6\n|start\n|switch|p1a: Regieleki|Regieleki, L79|100/100\n|switch|p2a: Revavroom|Revavroom, L79, F|256/256\n|turn|1\n|inactive|Battle timer is ON: inactive players will automatically lose when time's up. (requested by p0y184828e7)\n|inactive|p0x18487fe0 also wants the timer to be on.\n|\n|t:|1783561405\n|move|p1a: Regieleki|Volt Switch|p2a: Revavroom\n|-damage|p2a: Revavroom|129/256\n|\n|t:|1783561406\n|switch|p1a: Manaphy|Manaphy, L78|100/100|[from] Volt Switch\n|move|p2a: Revavroom|Gunk Shot|p1a: Manaphy\n|-damage|p1a: Manaphy|44/100\n|-damage|p2a: Revavroom|104/256|[from] item: Life Orb\n|\n|-heal|p1a: Manaphy|50/100|[from] item: Leftovers\n|upkeep\n|turn|2\n|inactive|Time left: 300 sec this turn | 300 sec total\n|\n|t:|1783561407\n|move|p1a: Manaphy|Surf|p2a: Revavroom\n|-damage|p2a: Revavroom|0 fnt\n|faint|p2a: Revavroom\n|\n|-heal|p1a: Manaphy|56/100|[from] item: Leftovers\n|upkeep\n|inactive|Time left: 300 sec this turn | 300 sec total | 5 sec grace\n|\n|t:|1783561407\n|switch|p2a: Weavile|Weavile, L79, M|239/239\n|turn|3\n|inactive|Time left: 300 sec this turn | 300 sec total\n|\n|t:|1783561409\n|move|p2a: Weavile|Knock Off|p1a: Manaphy\n|-damage|p1a: Manaphy|0 fnt\n|-enditem|p1a: Manaphy|Leftovers|[from] move: Knock Off|[of] p2a: Weavile\n|faint|p1a: Manaphy\n|\n|upkeep\n|\n|t:|1783561409\n|switch|p1a: Morpeko|Morpeko, L88, F|100/100\n|turn|4\n|inactive|Time left: 300 sec this turn | 300 sec total\n|\n|t:|1783561411\n|move|p2a: Weavile|Knock Off|p1a: Morpeko\n|-resisted|p1a: Morpeko\n|-damage|p1a: Morpeko|56/100\n|-enditem|p1a: Morpeko|Heavy-Duty Boots|[from] move: Knock Off|[of] p2a: Weavile\n|move|p1a: Morpeko|Aura Wheel|p2a: Weavile\n|-damage|p2a: Weavile|71/239\n|-boost|p1a: Morpeko|spe|1\n|\n|-formechange|p1a: Morpeko|Morpeko-Hangry||[from] ability: Hunger Switch\n|upkeep\n|turn|5\n|inactive|Time left: 300 sec this turn | 300 sec total\n|\n|t:|1783561411\n|switch|p2a: Quagsire|Quagsire, L84, M|297/297\n|move|p1a: Morpeko|Aura Wheel|p2a: Quagsire\n|-damage|p2a: Quagsire|168/297\n|-boost|p1a: Morpeko|spe|1\n|\n|-heal|p2a: Quagsire|186/297|[from] item: Leftovers\n|-formechange|p1a: Morpeko|Morpeko||[from] ability: Hunger Switch\n|upkeep\n|turn|6\n|inactive|Time left: 300 sec this turn | 300 sec total\n|\n|t:|1783561413\n|move|p1a: Morpeko|Parting Shot|p2a: Quagsire\n|-unboost|p2a: Quagsire|atk|1\n|-unboost|p2a: Quagsire|spa|1\n|\n|t:|1783561414\n|switch|p1a: Kommo-o|Kommo-o, L77, F|100/100|[from] Parting Shot\n|move|p2a: Quagsire|Earthquake|p1a: Kommo-o\n|-damage|p1a: Kommo-o|80/100\n|\n|-heal|p2a: Quagsire|204/297|[from] item: Leftovers\n|upkeep\n|turn|7\n|inactive|Time left: 300 sec this turn | 300 sec total\n|\n|t:|1783561415\n|switch|p2a: Flutter Mane|Flutter Mane, L74|203/203\n|move|p1a: Kommo-o|Swords Dance|p1a: Kommo-o\n|-boost|p1a: Kommo-o|atk|2\n|\n|upkeep\n|turn|8\n|inactive|Time left: 300 sec this turn | 300 sec total\n|\n|t:|1783561415\n|-terastallize|p1a: Kommo-o|Steel\n|move|p2a: Flutter Mane|Moonblast|p1a: Kommo-o\n|-resisted|p1a: Kommo-o\n|-damage|p1a: Kommo-o|52/100\n|move|p1a: Kommo-o|Iron Head|p2a: Flutter Mane\n|-supereffective|p2a: Flutter Mane\n|-damage|p2a: Flutter Mane|0 fnt\n|faint|p2a: Flutter Mane\n|-end|p2a: Flutter Mane|Protosynthesis|[silent]\n|\n|upkeep\n|inactive|Time left: 300 sec this turn | 300 sec total | 5 sec grace\n|\n|t:|1783561416\n|switch|p2a: Weavile|Weavile, L79, M|71/239\n|turn|9\n|inactive|Time left: 300 sec this turn | 300 sec total\n|\n|t:|1783561417\n|move|p2a: Weavile|Knock Off|p1a: Kommo-o\n|-damage|p1a: Kommo-o|0 fnt\n|-enditem|p1a: Kommo-o|Loaded Dice|[from] move: Knock Off|[of] p2a: Weavile\n|faint|p1a: Kommo-o\n|\n|upkeep\n|\n|t:|1783561418\n|switch|p1a: Bruxish|Bruxish, L85, M|100/100\n|turn|10\n|inactive|Time left: 300 sec this turn | 300 sec total\n|\n|t:|1783561419\n|move|p1a: Bruxish|Aqua Jet|p2a: Weavile\n|-damage|p2a: Weavile|0 fnt\n|faint|p2a: Weavile\n|-damage|p1a: Bruxish|91/100|[from] item: Life Orb\n|\n|upkeep\n|inactive|Time left: 300 sec this turn | 300 sec total | 5 sec grace\n|\n|t:|1783561420\n|switch|p2a: Shiftry|Shiftry, L89, F|305/305\n|turn|11\n|inactive|Time left: 300 sec this turn | 300 sec total\n|\n|t:|1783561421\n|switch|p1a: Coalossal|Coalossal, L89, F|100/100\n|move|p2a: Shiftry|Leaf Blade|p1a: Coalossal\n|-damage|p1a: Coalossal|70/100\n|-damage|p2a: Shiftry|275/305|[from] item: Life Orb\n|\n|upkeep\n|turn|12\n|inactive|Time left: 300 sec this turn | 300 sec total\n|\n|t:|1783561422\n|switch|p2a: Quagsire|Quagsire, L84, M|204/297\n|move|p1a: Coalossal|Overheat|p2a: Quagsire\n|-resisted|p2a: Quagsire\n|-damage|p2a: Quagsire|122/297\n|-unboost|p1a: Coalossal|spa|2\n|\n|-heal|p2a: Quagsire|140/297|[from] item: Leftovers\n|upkeep\n|turn|13\n|inactive|Time left: 300 sec this turn | 300 sec total\n|\n|t:|1783561423\n|switch|p1a: Bruxish|Bruxish, L85, M|91/100\n|move|p2a: Quagsire|Recover|p2a: Quagsire\n|-heal|p2a: Quagsire|289/297\n|\n|-heal|p2a: Quagsire|297/297|[from] item: Leftovers\n|upkeep\n|turn|14\n|inactive|Time left: 300 sec this turn | 300 sec total\n|\n|t:|1783561424\n|move|p1a: Bruxish|Psychic Fangs|p2a: Quagsire\n|-damage|p2a: Quagsire|101/297\n|-damage|p1a: Bruxish|81/100|[from] item: Life Orb\n|move|p2a: Quagsire|Earthquake|p1a: Bruxish\n|-damage|p1a: Bruxish|37/100\n|\n|-heal|p2a: Quagsire|119/297|[from] item: Leftovers\n|upkeep\n|turn|15\n|inactive|Time left: 300 sec this turn | 300 sec total\n|\n|t:|1783561425\n|switch|p2a: Shiftry|Shiftry, L89, F|275/305\n|move|p1a: Bruxish|Wave Crash|p2a: Shiftry\n|-resisted|p2a: Shiftry\n|-damage|p2a: Shiftry|158/305\n|-damage|p1a: Bruxish|22/100|[from] Recoil\n|-damage|p1a: Bruxish|12/100|[from] item: Life Orb\n|\n|upkeep\n|turn|16\n|inactive|Time left: 300 sec this turn | 300 sec total\n|\n|t:|1783561426\n|move|p1a: Bruxish|Wave Crash|p2a: Shiftry\n|-resisted|p2a: Shiftry\n|-damage|p2a: Shiftry|37/305\n|-damage|p1a: Bruxish|0 fnt|[from] Recoil\n|faint|p1a: Bruxish\n|move|p2a: Shiftry|Tailwind|p2a: Shiftry\n|-sidestart|p2: p0y184828e7|move: Tailwind\n|-ability|p2a: Shiftry|Wind Rider|boost\n|-boost|p2a: Shiftry|atk|1\n|\n|upkeep\n|\n|t:|1783561426\n|switch|p1a: Morpeko|Morpeko, L88, F|56/100\n|turn|17\n|inactive|Time left: 300 sec this turn | 300 sec total\n|\n|t:|1783561427\n|move|p1a: Morpeko|Protect|p1a: Morpeko\n|-singleturn|p1a: Morpeko|Protect\n|move|p2a: Shiftry|Leaf Blade|p1a: Morpeko\n|-activate|p1a: Morpeko|move: Protect\n|\n|-formechange|p1a: Morpeko|Morpeko-Hangry||[from] ability: Hunger Switch\n|upkeep\n|turn|18\n|inactive|Time left: 300 sec this turn | 300 sec total\n|\n|t:|1783561428\n|switch|p1a: Coalossal|Coalossal, L89, F|70/100\n|move|p2a: Shiftry|Leaf Blade|p1a: Coalossal\n|-damage|p1a: Coalossal|23/100\n|-damage|p2a: Shiftry|7/305|[from] item: Life Orb\n|\n|upkeep\n|turn|19\n|inactive|Time left: 300 sec this turn | 300 sec total\n|\n|t:|1783561429\n|switch|p2a: Quagsire|Quagsire, L84, M|119/297\n|move|p1a: Coalossal|Overheat|p2a: Quagsire\n|-resisted|p2a: Quagsire\n|-damage|p2a: Quagsire|29/297\n|-unboost|p1a: Coalossal|spa|2\n|\n|-heal|p2a: Quagsire|47/297|[from] item: Leftovers\n|-sideend|p2: p0y184828e7|move: Tailwind\n|upkeep\n|turn|20\n|inactive|Time left: 300 sec this turn | 300 sec total\n|\n|t:|1783561430\n|move|p2a: Quagsire|Recover|p2a: Quagsire\n|-heal|p2a: Quagsire|196/297\n|move|p1a: Coalossal|Spikes|p2a: Quagsire\n|-sidestart|p2: p0y184828e7|Spikes\n|\n|-heal|p2a: Quagsire|214/297|[from] item: Leftovers\n|upkeep\n|turn|21\n|inactive|Time left: 300 sec this turn | 300 sec total\n|\n|t:|1783561431\n|move|p2a: Quagsire|Earthquake|p1a: Coalossal\n|-supereffective|p1a: Coalossal\n|-damage|p1a: Coalossal|0 fnt\n|faint|p1a: Coalossal\n|\n|-heal|p2a: Quagsire|232/297|[from] item: Leftovers\n|upkeep\n|\n|t:|1783561432\n|switch|p1a: Morpeko|Morpeko, L88, F|56/100\n|turn|22\n|inactive|Time left: 300 sec this turn | 300 sec total\n|\n|t:|1783561433\n|move|p1a: Morpeko|Protect|p1a: Morpeko\n|-singleturn|p1a: Morpeko|Protect\n|move|p2a: Quagsire|Earthquake|p1a: Morpeko\n|-activate|p1a: Morpeko|move: Protect\n|\n|-heal|p2a: Quagsire|250/297|[from] item: Leftovers\n|-formechange|p1a: Morpeko|Morpeko-Hangry||[from] ability: Hunger Switch\n|upkeep\n|turn|23\n|inactive|Time left: 300 sec this turn | 300 sec total\n|\n|t:|1783561434\n|move|p1a: Morpeko|Parting Shot|p2a: Quagsire\n|-unboost|p2a: Quagsire|atk|1\n|-unboost|p2a: Quagsire|spa|1\n|\n|t:|1783561435\n|switch|p1a: Regieleki|Regieleki, L79|100/100|[from] Parting Shot\n|move|p2a: Quagsire|Earthquake|p1a: Regieleki\n|-supereffective|p1a: Regieleki\n|-damage|p1a: Regieleki|21/100\n|\n|-heal|p2a: Quagsire|268/297|[from] item: Leftovers\n|upkeep\n|turn|24\n|inactive|Time left: 300 sec this turn | 300 sec total\n|\n|t:|1783561436\n|move|p1a: Regieleki|Volt Switch|p2a: Quagsire\n|-immune|p2a: Quagsire\n|move|p2a: Quagsire|Earthquake|p1a: Regieleki\n|-supereffective|p1a: Regieleki\n|-damage|p1a: Regieleki|0 fnt\n|faint|p1a: Regieleki\n|\n|-heal|p2a: Quagsire|286/297|[from] item: Leftovers\n|upkeep\n|\n|t:|1783561437\n|switch|p1a: Morpeko|Morpeko, L88, F|56/100\n|turn|25\n|inactive|Time left: 300 sec this turn | 300 sec total\n|\n|t:|1783561438\n|-terastallize|p2a: Quagsire|Fairy\n|move|p1a: Morpeko|Protect|p1a: Morpeko\n|-singleturn|p1a: Morpeko|Protect\n|move|p2a: Quagsire|Earthquake|p1a: Morpeko\n|-activate|p1a: Morpeko|move: Protect\n|\n|-heal|p2a: Quagsire|297/297|[from] item: Leftovers\n|-formechange|p1a: Morpeko|Morpeko-Hangry||[from] ability: Hunger Switch\n|upkeep\n|turn|26\n|inactive|Time left: 300 sec this turn | 300 sec total\n|\n|t:|1783561439\n|move|p1a: Morpeko|Parting Shot|p2a: Quagsire\n|-unboost|p2a: Quagsire|atk|1\n|-unboost|p2a: Quagsire|spa|1\n|move|p2a: Quagsire|Earthquake|p1a: Morpeko\n|-supereffective|p1a: Morpeko\n|-damage|p1a: Morpeko|9/100\n|\n|-formechange|p1a: Morpeko|Morpeko||[from] ability: Hunger Switch\n|upkeep\n|turn|27\n|inactive|Time left: 300 sec this turn | 300 sec total\n|\n|t:|1783561439\n|move|p1a: Morpeko|Protect|p1a: Morpeko\n|-singleturn|p1a: Morpeko|Protect\n|move|p2a: Quagsire|Ice Beam|p1a: Morpeko\n|-activate|p1a: Morpeko|move: Protect\n|\n|-formechange|p1a: Morpeko|Morpeko-Hangry||[from] ability: Hunger Switch\n|upkeep\n|turn|28\n|inactive|Time left: 300 sec this turn | 300 sec total\n|\n|t:|1783561440\n|move|p1a: Morpeko|Protect|p1a: Morpeko\n|-singleturn|p1a: Morpeko|Protect\n|move|p2a: Quagsire|Ice Beam|p1a: Morpeko\n|-activate|p1a: Morpeko|move: Protect\n|\n|-formechange|p1a: Morpeko|Morpeko||[from] ability: Hunger Switch\n|upkeep\n|turn|29\n|inactive|Time left: 300 sec this turn | 300 sec total\n|\n|t:|1783561441\n|move|p1a: Morpeko|Aura Wheel|p2a: Quagsire\n|-damage|p2a: Quagsire|168/297\n|-boost|p1a: Morpeko|spe|1\n|move|p2a: Quagsire|Earthquake|p1a: Morpeko\n|-supereffective|p1a: Morpeko\n|-damage|p1a: Morpeko|0 fnt\n|faint|p1a: Morpeko\n|\n|win|p0y184828e7", "uploadtime": 1783561441, "views": 0, "rating": 0, "private": 0, "password": null, "_winner": "p0y184828e7", "_our_name": "p0y184828e7"}