{"id": "battle-gen9randombattle-2065", "formatid": "gen9randombattle", "format": "[Gen 9] Random Battle", "players": ["p0x206527b1", "p0y2065b1ac"], "log": "|init|battle\n|title|p0x206527b1 vs. p0y2065b1ac\n|j|\u2606p0x206527b1\n|j|\u2606p0y2065b1ac\n|t:|1783563915\n|gametype|singles\n|player|p1|p0x206527b1|265|\n|player|p2|p0y2065b1ac|1|\n|gen|9\n|tier|[Gen 9] Random Battle\n|rule|Species Clause: Limit one of each Pok\u00e9mon\n|rule|HP Percentage Mod: HP is shown in percentages\n|rule|Sleep Clause Mod: Limit one foe put to sleep\n|rule|Illusion Level Mod: Illusion disguises the Pok\u00e9mon's true level\n|\n|t:|1783563915\n|teamsize|p1|6\n|teamsize|p2|6\n|start\n|switch|p1a: Shaymin|Shaymin, L82|100/100\n|switch|p2a: Hypno|Hypno, L95, F|315/315\n|turn|1\n|inactive|Battle timer is ON: inactive players will automatically lose when time's up. (requested by p0y2065b1ac)\n|inactive|p0x206527b1 also wants the timer to be on.\n|\n|t:|1783563917\n|move|p1a: Shaymin|Seed Flare|p2a: Hypno\n|-damage|p2a: Hypno|219/315\n|-unboost|p2a: Hypno|spd|2\n|move|p2a: Hypno|Knock Off|p1a: Shaymin\n|-damage|p1a: Shaymin|77/100\n|-enditem|p1a: Shaymin|Leftovers|[from] move: Knock Off|[of] p2a: Hypno\n|\n|-heal|p2a: Hypno|238/315|[from] item: Leftovers\n|upkeep\n|turn|2\n|inactive|Time left: 300 sec this turn | 300 sec total\n|\n|t:|1783563918\n|switch|p2a: Dragalge|Dragalge, L88, M|258/258\n|move|p1a: Shaymin|Seed Flare|p2a: Dragalge\n|-resisted|p2a: Dragalge\n|-damage|p2a: Dragalge|237/258\n|-unboost|p2a: Dragalge|spd|2\n|\n|upkeep\n|turn|3\n|inactive|Time left: 300 sec this turn | 300 sec total\n|\n|t:|1783563919\n|move|p1a: Shaymin|Seed Flare|p2a: Dragalge\n|-resisted|p2a: Dragalge\n|-damage|p2a: Dragalge|196/258\n|move|p2a: Dragalge|Sludge Wave|p1a: Shaymin\n|-supereffective|p1a: Shaymin\n|-damage|p1a: Shaymin|0 fnt\n|faint|p1a: Shaymin\n|\n|upkeep\n|\n|t:|1783563920\n|switch|p1a: Ho-Oh|Ho-Oh, L71|100/100\n|turn|4\n|inactive|Time left: 300 sec this turn | 300 sec total\n|\n|t:|1783563921\n|move|p1a: Ho-Oh|Earthquake|p2a: Dragalge\n|-supereffective|p2a: Dragalge\n|-damage|p2a: Dragalge|78/258\n|move|p2a: Dragalge|Sludge Wave|p1a: Ho-Oh\n|-damage|p1a: Ho-Oh|33/100\n|\n|upkeep\n|turn|5\n|inactive|Time left: 300 sec this turn | 300 sec total\n|\n|t:|1783563922\n|move|p1a: Ho-Oh|Brave Bird|p2a: Dragalge\n|-damage|p2a: Dragalge|0 fnt\n|faint|p2a: Dragalge\n|-damage|p1a: Ho-Oh|24/100|[from] Recoil\n|\n|upkeep\n|inactive|Time left: 300 sec this turn | 300 sec total | 5 sec grace\n|\n|t:|1783563923\n|switch|p2a: Brambleghast|Brambleghast, L88, F|240/240\n|turn|6\n|inactive|Time left: 300 sec this turn | 300 sec total\n|\n|t:|1783563924\n|switch|p1a: Persian|Persian-Alola, L86, M|100/100\n|move|p2a: Brambleghast|Poltergeist|p1a: Persian\n|-activate|p1a: Persian|move: Poltergeist|Leftovers\n|-resisted|p1a: Persian\n|-damage|p1a: Persian|83/100\n|\n|-heal|p1a: Persian|89/100|[from] item: Leftovers\n|upkeep\n|turn|7\n|inactive|Time left: 300 sec this turn | 300 sec total\n|\n|t:|1783563926\n|switch|p2a: Frosmoth|Frosmoth, L82, M|249/249\n|move|p1a: Persian|Nasty Plot|p1a: Persian\n|-boost|p1a: Persian|spa|2\n|\n|-heal|p1a: Persian|95/100|[from] item: Leftovers\n|upkeep\n|turn|8\n|inactive|Time left: 300 sec this turn | 300 sec total\n|\n|t:|1783563927\n|move|p1a: Persian|Hypnosis|p2a: Frosmoth\n|-status|p2a: Frosmoth|slp|[from] move: Hypnosis\n|cant|p2a: Frosmoth|slp\n|\n|-heal|p1a: Persian|100/100|[from] item: Leftovers\n|upkeep\n|turn|9\n|inactive|Time left: 300 sec this turn | 300 sec total\n|\n|t:|1783563928\n|move|p1a: Persian|Dark Pulse|p2a: Frosmoth\n|-damage|p2a: Frosmoth|173/249 slp\n|cant|p2a: Frosmoth|slp\n|\n|upkeep\n|turn|10\n|inactive|Time left: 300 sec this turn | 300 sec total\n|\n|t:|1783563929\n|move|p1a: Persian|Dark Pulse|p2a: Frosmoth\n|-damage|p2a: Frosmoth|93/249 slp\n|-curestatus|p2a: Frosmoth|slp|[msg]\n|cant|p2a: Frosmoth|flinch\n|\n|upkeep\n|turn|11\n|inactive|Time left: 300 sec this turn | 300 sec total\n|\n|t:|1783563930\n|move|p1a: Persian|Hypnosis|p2a: Frosmoth\n|-status|p2a: Frosmoth|slp|[from] move: Hypnosis\n|cant|p2a: Frosmoth|slp\n|\n|upkeep\n|turn|12\n|inactive|Time left: 300 sec this turn | 300 sec total\n|\n|t:|1783563931\n|move|p1a: Persian|Dark Pulse|p2a: Frosmoth\n|-damage|p2a: Frosmoth|17/249 slp\n|cant|p2a: Frosmoth|slp\n|\n|upkeep\n|turn|13\n|inactive|Time left: 300 sec this turn | 300 sec total\n|\n|t:|1783563932\n|move|p1a: Persian|Dark Pulse|p2a: Frosmoth\n|-damage|p2a: Frosmoth|0 fnt\n|faint|p2a: Frosmoth\n|\n|upkeep\n|inactive|Time left: 300 sec this turn | 300 sec total | 5 sec grace\n|\n|t:|1783563933\n|switch|p2a: Heatran|Heatran, L79, F|273/273\n|-item|p2a: Heatran|Air Balloon\n|turn|14\n|inactive|Time left: 300 sec this turn | 300 sec total\n|\n|t:|1783563934\n|move|p1a: Persian|Dark Pulse|p2a: Heatran\n|-damage|p2a: Heatran|147/273\n|-enditem|p2a: Heatran|Air Balloon\n|move|p2a: Heatran|Lava Plume|p1a: Persian\n|-damage|p1a: Persian|54/100\n|-status|p1a: Persian|brn\n|\n|-heal|p1a: Persian|60/100 brn|[from] item: Leftovers\n|-damage|p1a: Persian|54/100 brn|[from] brn\n|upkeep\n|turn|15\n|inactive|Time left: 300 sec this turn | 300 sec total\n|\n|t:|1783563936\n|move|p1a: Persian|Dark Pulse|p2a: Heatran\n|-damage|p2a: Heatran|12/273\n|move|p2a: Heatran|Lava Plume|p1a: Persian\n|-damage|p1a: Persian|12/100 brn\n|\n|-heal|p1a: Persian|18/100 brn|[from] item: Leftovers\n|-damage|p1a: Persian|12/100 brn|[from] brn\n|upkeep\n|turn|16\n|inactive|Time left: 300 sec this turn | 300 sec total\n|\n|t:|1783563937\n|move|p1a: Persian|Dark Pulse|p2a: Heatran\n|-damage|p2a: Heatran|0 fnt\n|faint|p2a: Heatran\n|\n|-heal|p1a: Persian|18/100 brn|[from] item: Leftovers\n|-damage|p1a: Persian|12/100 brn|[from] brn\n|upkeep\n|inactive|Time left: 300 sec this turn | 300 sec total | 5 sec grace\n|\n|t:|1783563938\n|switch|p2a: Luvdisc|Luvdisc, M|247/247\n|turn|17\n|inactive|Time left: 300 sec this turn | 300 sec total\n|\n|t:|1783563939\n|move|p2a: Luvdisc|Surf|p1a: Persian\n|-damage|p1a: Persian|0 fnt\n|faint|p1a: Persian\n|\n|upkeep\n|\n|t:|1783563940\n|switch|p1a: Ho-Oh|Ho-Oh, L71|57/100\n|turn|18\n|inactive|Time left: 300 sec this turn | 300 sec total\n|\n|t:|1783563941\n|switch|p1a: Victreebel|Victreebel, L90, M|100/100\n|move|p2a: Luvdisc|Surf|p1a: Victreebel\n|-resisted|p1a: Victreebel\n|-damage|p1a: Victreebel|87/100\n|\n|upkeep\n|turn|19\n|inactive|Time left: 300 sec this turn | 300 sec total\n|\n|t:|1783563942\n|move|p2a: Luvdisc|Flip Turn|p1a: Victreebel\n|-resisted|p1a: Victreebel\n|-damage|p1a: Victreebel|78/100\n|inactive|Time left: 300 sec this turn | 300 sec total | 5 sec grace\n|\n|t:|1783563943\n|switch|p2a: Hypno|Hypno, L95, F|238/315|[from] Flip Turn\n|move|p1a: Victreebel|Power Whip|p2a: Hypno\n|-crit|p2a: Hypno\n|-damage|p2a: Hypno|0 fnt\n|faint|p2a: Hypno\n|-damage|p1a: Victreebel|68/100|[from] item: Life Orb\n|\n|upkeep\n|inactive|Time left: 300 sec this turn | 300 sec total | 10 sec grace\n|\n|t:|1783563944\n|switch|p2a: Brambleghast|Brambleghast, L88, F|240/240\n|turn|20\n|inactive|Time left: 300 sec this turn | 300 sec total\n|\n|t:|1783563945\n|move|p2a: Brambleghast|Poltergeist|p1a: Victreebel\n|-activate|p1a: Victreebel|move: Poltergeist|Life Orb\n|-damage|p1a: Victreebel|8/100\n|move|p1a: Victreebel|Strength Sap|p2a: Brambleghast\n|-unboost|p2a: Brambleghast|atk|1\n|-heal|p1a: Victreebel|95/100\n|\n|upkeep\n|turn|21\n|inactive|Time left: 300 sec this turn | 300 sec total\n|\n|t:|1783563947\n|move|p2a: Brambleghast|Substitute|p2a: Brambleghast\n|-start|p2a: Brambleghast|Substitute\n|-damage|p2a: Brambleghast|180/240\n|move|p1a: Victreebel|Sludge Wave|p2a: Brambleghast\n|-end|p2a: Brambleghast|Substitute\n|-damage|p1a: Victreebel|85/100|[from] item: Life Orb\n|\n|-heal|p2a: Brambleghast|195/240|[from] item: Leftovers\n|upkeep\n|turn|22\n|inactive|Time left: 300 sec this turn | 300 sec total\n|\n|t:|1783563948\n|move|p2a: Brambleghast|Substitute|p2a: Brambleghast\n|-start|p2a: Brambleghast|Substitute\n|-damage|p2a: Brambleghast|135/240\n|move|p1a: Victreebel|Sludge Wave|p2a: Brambleghast\n|-end|p2a: Brambleghast|Substitute\n|-damage|p1a: Victreebel|75/100|[from] item: Life Orb\n|\n|-heal|p2a: Brambleghast|150/240|[from] item: Leftovers\n|upkeep\n|turn|23\n|inactive|Time left: 300 sec this turn | 300 sec total\n|\n|t:|1783563949\n|move|p2a: Brambleghast|Substitute|p2a: Brambleghast\n|-start|p2a: Brambleghast|Substitute\n|-damage|p2a: Brambleghast|90/240\n|move|p1a: Victreebel|Sludge Wave|p2a: Brambleghast\n|-end|p2a: Brambleghast|Substitute\n|-damage|p1a: Victreebel|65/100|[from] item: Life Orb\n|\n|-heal|p2a: Brambleghast|105/240|[from] item: Leftovers\n|upkeep\n|turn|24\n|inactive|Time left: 300 sec this turn | 300 sec total\n|\n|t:|1783563950\n|move|p2a: Brambleghast|Substitute|p2a: Brambleghast\n|-start|p2a: Brambleghast|Substitute\n|-damage|p2a: Brambleghast|45/240\n|move|p1a: Victreebel|Power Whip|p2a: Brambleghast\n|-resisted|p2a: Brambleghast\n|-end|p2a: Brambleghast|Substitute\n|-damage|p1a: Victreebel|55/100|[from] item: Life Orb\n|\n|-heal|p2a: Brambleghast|60/240|[from] item: Leftovers\n|upkeep\n|turn|25\n|inactive|Time left: 300 sec this turn | 300 sec total\n|\n|t:|1783563951\n|move|p2a: Brambleghast|Poltergeist|p1a: Victreebel\n|-activate|p1a: Victreebel|move: Poltergeist|Life Orb\n|-damage|p1a: Victreebel|13/100\n|move|p1a: Victreebel|Strength Sap|p2a: Brambleghast\n|-unboost|p2a: Brambleghast|atk|1\n|-heal|p1a: Victreebel|71/100\n|\n|-heal|p2a: Brambleghast|75/240|[from] item: Leftovers\n|upkeep\n|turn|26\n|inactive|Time left: 300 sec this turn | 300 sec total\n|\n|t:|1783563952\n|move|p2a: Brambleghast|Substitute|p2a: Brambleghast\n|-start|p2a: Brambleghast|Substitute\n|-damage|p2a: Brambleghast|15/240\n|move|p1a: Victreebel|Sludge Wave|p2a: Brambleghast\n|-end|p2a: Brambleghast|Substitute\n|-damage|p1a: Victreebel|61/100|[from] item: Life Orb\n|\n|-heal|p2a: Brambleghast|30/240|[from] item: Leftovers\n|upkeep\n|turn|27\n|inactive|Time left: 300 sec this turn | 300 sec total\n|\n|t:|1783563953\n|move|p2a: Brambleghast|Poltergeist|p1a: Victreebel\n|-activate|p1a: Victreebel|move: Poltergeist|Life Orb\n|-damage|p1a: Victreebel|32/100\n|move|p1a: Victreebel|Sludge Wave|p2a: Brambleghast\n|-damage|p2a: Brambleghast|0 fnt\n|faint|p2a: Brambleghast\n|-damage|p1a: Victreebel|22/100|[from] item: Life Orb\n|\n|upkeep\n|inactive|Time left: 300 sec this turn | 300 sec total | 5 sec grace\n|\n|t:|1783563954\n|switch|p2a: Luvdisc|Luvdisc, M|247/247\n|turn|28\n|inactive|Time left: 300 sec this turn | 300 sec total\n|\n|t:|1783563955\n|move|p2a: Luvdisc|Substitute|p2a: Luvdisc\n|-start|p2a: Luvdisc|Substitute\n|-damage|p2a: Luvdisc|186/247\n|move|p1a: Victreebel|Strength Sap||[still]\n|-fail|p1a: Victreebel\n|\n|upkeep\n|turn|29\n|inactive|Time left: 300 sec this turn | 300 sec total\n|\n|t:|1783563956\n|move|p2a: Luvdisc|Surf|p1a: Victreebel\n|-resisted|p1a: Victreebel\n|-damage|p1a: Victreebel|7/100\n|move|p1a: Victreebel|Strength Sap||[still]\n|-fail|p1a: Victreebel\n|\n|upkeep\n|turn|30\n|inactive|Time left: 300 sec this turn | 300 sec total\n|\n|t:|1783563957\n|switch|p1a: Annihilape|Annihilape, L76, F|100/100\n|move|p2a: Luvdisc|Flip Turn|p1a: Annihilape\n|-damage|p1a: Annihilape|84/100\n|\n|-heal|p1a: Annihilape|90/100|[from] item: Leftovers\n|upkeep\n|turn|31\n|inactive|Time left: 300 sec this turn | 300 sec total\n|\n|t:|1783563958\n|move|p2a: Luvdisc|Surf|p1a: Annihilape\n|-damage|p1a: Annihilape|61/100\n|move|p1a: Annihilape|Bulk Up|p1a: Annihilape\n|-boost|p1a: Annihilape|atk|1\n|-boost|p1a: Annihilape|def|1\n|\n|-heal|p1a: Annihilape|67/100|[from] item: Leftovers\n|upkeep\n|turn|32\n|inactive|Time left: 300 sec this turn | 300 sec total\n|\n|t:|1783563959\n|move|p2a: Luvdisc|Surf|p1a: Annihilape\n|-damage|p1a: Annihilape|42/100\n|move|p1a: Annihilape|Rage Fist|p2a: Luvdisc\n|-end|p2a: Luvdisc|Substitute\n|\n|-heal|p1a: Annihilape|48/100|[from] item: Leftovers\n|upkeep\n|turn|33\n|inactive|Time left: 300 sec this turn | 300 sec total\n|\n|t:|1783563960\n|move|p2a: Luvdisc|Surf|p1a: Annihilape\n|-damage|p1a: Annihilape|19/100\n|move|p1a: Annihilape|Drain Punch|p2a: Luvdisc\n|-damage|p2a: Luvdisc|48/247\n|-heal|p1a: Annihilape|42/100|[from] drain|[of] p2a: Luvdisc\n|\n|-heal|p1a: Annihilape|48/100|[from] item: Leftovers\n|upkeep\n|turn|34\n|inactive|Time left: 300 sec this turn | 300 sec total\n|\n|t:|1783563961\n|-terastallize|p2a: Luvdisc|Ghost\n|move|p2a: Luvdisc|Surf|p1a: Annihilape\n|-damage|p1a: Annihilape|22/100\n|move|p1a: Annihilape|Rage Fist|p2a: Luvdisc\n|-supereffective|p2a: Luvdisc\n|-damage|p2a: Luvdisc|0 fnt\n|faint|p2a: Luvdisc\n|\n|win|p0x206527b1", "uploadtime": 1783563961, "views": 0, "rating": 0, "private": 0, "password": null, "_winner": "p0x206527b1", "_our_name": "p0y2065b1ac"}