{"id": "battle-gen9randombattle-1731", "formatid": "gen9randombattle", "format": "[Gen 9] Random Battle", "players": ["p0x1731d1f2", "p0y17319e2a"], "log": "|init|battle\n|title|p0x1731d1f2 vs. p0y17319e2a\n|j|\u2606p0x1731d1f2\n|j|\u2606p0y17319e2a\n|t:|1783559259\n|gametype|singles\n|player|p1|p0x1731d1f2|169|\n|player|p2|p0y17319e2a|2|\n|gen|9\n|tier|[Gen 9] Random Battle\n|rule|Species Clause: Limit one of each Pok\u00e9mon\n|rule|HP Percentage Mod: HP is shown in percentages\n|rule|Sleep Clause Mod: Limit one foe put to sleep\n|rule|Illusion Level Mod: Illusion disguises the Pok\u00e9mon's true level\n|\n|t:|1783559259\n|teamsize|p1|6\n|teamsize|p2|6\n|start\n|switch|p1a: Appletun|Appletun, L92, M|100/100\n|switch|p2a: Hydrapple|Hydrapple, L83, M|312/312\n|turn|1\n|inactive|Battle timer is ON: inactive players will automatically lose when time's up. (requested by p0y17319e2a)\n|inactive|p0x1731d1f2 also wants the timer to be on.\n|\n|t:|1783559261\n|move|p2a: Hydrapple|Fickle Beam|p1a: Appletun|[anim] Fickle Beam All Out\n|-activate|p2a: Hydrapple|move: Fickle Beam\n|-supereffective|p1a: Appletun\n|-damage|p1a: Appletun|0 fnt\n|faint|p1a: Appletun\n|\n|upkeep\n|\n|t:|1783559262\n|switch|p1a: Krookodile|Krookodile, L79, M|100/100\n|-ability|p1a: Krookodile|Intimidate|boost\n|-unboost|p2a: Hydrapple|atk|1\n|turn|2\n|inactive|Time left: 300 sec this turn | 300 sec total\n|\n|t:|1783559264\n|move|p1a: Krookodile|Stealth Rock|p2a: Hydrapple\n|-sidestart|p2: p0y17319e2a|move: Stealth Rock\n|move|p2a: Hydrapple|Fickle Beam|p1a: Krookodile|[anim] Fickle Beam All Out\n|-activate|p2a: Hydrapple|move: Fickle Beam\n|-damage|p1a: Krookodile|0 fnt\n|faint|p1a: Krookodile\n|\n|upkeep\n|\n|t:|1783559265\n|switch|p1a: Venomoth|Venomoth, L84, M|100/100\n|turn|3\n|inactive|Time left: 300 sec this turn | 300 sec total\n|\n|t:|1783559266\n|move|p1a: Venomoth|Quiver Dance|p1a: Venomoth\n|-boost|p1a: Venomoth|spa|1\n|-boost|p1a: Venomoth|spd|1\n|-boost|p1a: Venomoth|spe|1\n|move|p2a: Hydrapple|Fickle Beam|p1a: Venomoth|[anim] Fickle Beam All Out\n|-activate|p2a: Hydrapple|move: Fickle Beam\n|-damage|p1a: Venomoth|20/100\n|\n|upkeep\n|turn|4\n|inactive|Time left: 300 sec this turn | 300 sec total\n|\n|t:|1783559267\n|-terastallize|p2a: Hydrapple|Steel\n|move|p1a: Venomoth|Sludge Wave|p2a: Hydrapple\n|-immune|p2a: Hydrapple\n|move|p2a: Hydrapple|Fickle Beam|p1a: Venomoth\n|-damage|p1a: Venomoth|0 fnt\n|faint|p1a: Venomoth\n|\n|upkeep\n|\n|t:|1783559268\n|switch|p1a: Lycanroc|Lycanroc-Midnight, L89, M|100/100\n|turn|5\n|inactive|Time left: 300 sec this turn | 300 sec total\n|\n|t:|1783559269\n|move|p1a: Lycanroc|Swords Dance|p1a: Lycanroc\n|-boost|p1a: Lycanroc|atk|2\n|move|p2a: Hydrapple|Fickle Beam|p1a: Lycanroc\n|-damage|p1a: Lycanroc|48/100\n|\n|upkeep\n|turn|6\n|inactive|Time left: 300 sec this turn | 300 sec total\n|\n|t:|1783559270\n|move|p1a: Lycanroc|Close Combat|p2a: Hydrapple\n|-supereffective|p2a: Hydrapple\n|-damage|p2a: Hydrapple|0 fnt\n|-unboost|p1a: Lycanroc|def|1\n|-unboost|p1a: Lycanroc|spd|1\n|faint|p2a: Hydrapple\n|-damage|p1a: Lycanroc|38/100|[from] item: Life Orb\n|\n|upkeep\n|inactive|Time left: 300 sec this turn | 300 sec total | 5 sec grace\n|\n|t:|1783559271\n|switch|p2a: Dedenne|Dedenne, L88, F|261/261\n|-damage|p2a: Dedenne|229/261|[from] Stealth Rock\n|turn|7\n|inactive|Time left: 300 sec this turn | 300 sec total\n|\n|t:|1783559272\n|move|p2a: Dedenne|Dazzling Gleam|p1a: Lycanroc\n|-damage|p1a: Lycanroc|0 fnt\n|faint|p1a: Lycanroc\n|\n|upkeep\n|\n|t:|1783559273\n|switch|p1a: Minior|Minior-Green, L79|100/100\n|-formechange|p1a: Minior|Minior-Meteor||[from] ability: Shields Down\n|turn|8\n|inactive|Time left: 300 sec this turn | 300 sec total\n|\n|t:|1783559274\n|switch|p2a: Eelektross|Eelektross, L87, F|290/290\n|-damage|p2a: Eelektross|254/290|[from] Stealth Rock\n|move|p1a: Minior|Shell Smash|p1a: Minior\n|-unboost|p1a: Minior|def|1\n|-unboost|p1a: Minior|spd|1\n|-boost|p1a: Minior|atk|2\n|-boost|p1a: Minior|spa|2\n|-boost|p1a: Minior|spe|2\n|-enditem|p1a: Minior|White Herb\n|-clearnegativeboost|p1a: Minior|[silent]\n|\n|-heal|p2a: Eelektross|272/290|[from] item: Leftovers\n|upkeep\n|turn|9\n|inactive|Time left: 300 sec this turn | 300 sec total\n|\n|t:|1783559275\n|-terastallize|p1a: Minior|Steel\n|move|p1a: Minior|Acrobatics|p2a: Eelektross\n|-resisted|p2a: Eelektross\n|-damage|p2a: Eelektross|197/290\n|move|p2a: Eelektross|Supercell Slam|p1a: Minior|[miss]\n|-miss|p2a: Eelektross|p1a: Minior\n|-damage|p2a: Eelektross|52/290|[from] supercellslam\n|\n|-heal|p2a: Eelektross|70/290|[from] item: Leftovers\n|upkeep\n|turn|10\n|inactive|Time left: 300 sec this turn | 300 sec total\n|\n|t:|1783559276\n|move|p1a: Minior|Power Gem|p2a: Eelektross\n|-damage|p2a: Eelektross|0 fnt\n|faint|p2a: Eelektross\n|\n|upkeep\n|inactive|Time left: 300 sec this turn | 300 sec total | 5 sec grace\n|\n|t:|1783559278\n|switch|p2a: Mesprit|Mesprit, L85|275/275\n|-damage|p2a: Mesprit|241/275|[from] Stealth Rock\n|turn|11\n|inactive|Time left: 300 sec this turn | 300 sec total\n|\n|t:|1783559279\n|move|p1a: Minior|Acrobatics|p2a: Mesprit\n|-damage|p2a: Mesprit|112/275\n|move|p2a: Mesprit|Drain Punch|p1a: Minior\n|-supereffective|p1a: Minior\n|-damage|p1a: Minior|51/100\n|-heal|p2a: Mesprit|167/275|[from] drain|[of] p1a: Minior\n|\n|upkeep\n|turn|12\n|inactive|Time left: 300 sec this turn | 300 sec total\n|\n|t:|1783559280\n|move|p1a: Minior|Acrobatics|p2a: Mesprit\n|-damage|p2a: Mesprit|43/275\n|move|p2a: Mesprit|Drain Punch|p1a: Minior\n|-supereffective|p1a: Minior\n|-damage|p1a: Minior|0 fnt\n|-heal|p2a: Mesprit|100/275|[from] drain|[of] p1a: Minior\n|faint|p1a: Minior\n|\n|upkeep\n|\n|t:|1783559282\n|switch|p1a: Lumineon|Lumineon, L93, M|100/100\n|turn|13\n|inactive|Time left: 300 sec this turn | 300 sec total\n|\n|t:|1783559283\n|move|p1a: Lumineon|U-turn|p2a: Mesprit\n|-supereffective|p2a: Mesprit\n|-damage|p2a: Mesprit|20/275\n|move|p2a: Mesprit|U-turn|p1a: Lumineon\n|-damage|p1a: Lumineon|82/100\n|inactive|Time left: 300 sec this turn | 300 sec total | 5 sec grace\n|\n|t:|1783559284\n|switch|p2a: Dedenne|Dedenne, L88, F|229/261|[from] U-turn\n|-damage|p2a: Dedenne|197/261|[from] Stealth Rock\n|\n|upkeep\n|turn|14\n|inactive|Time left: 300 sec this turn | 300 sec total\n|\n|t:|1783559285\n|move|p2a: Dedenne|Thunderbolt|p1a: Lumineon\n|-supereffective|p1a: Lumineon\n|-damage|p1a: Lumineon|23/100\n|-status|p1a: Lumineon|par\n|cant|p1a: Lumineon|par\n|\n|upkeep\n|turn|15\n|inactive|Time left: 300 sec this turn | 300 sec total\n|\n|t:|1783559286\n|move|p2a: Dedenne|Dazzling Gleam|p1a: Lumineon\n|-crit|p1a: Lumineon\n|-damage|p1a: Lumineon|0 fnt\n|faint|p1a: Lumineon\n|\n|win|p0y17319e2a", "uploadtime": 1783559286, "views": 0, "rating": 0, "private": 0, "password": null, "_winner": "p0y17319e2a", "_our_name": "p0y17319e2a"}