{"id": "battle-gen9randombattle-143", "formatid": "gen9randombattle", "format": "[Gen 9] Random Battle", "players": ["p0x1434d75", "p0y1435d92"], "log": "|init|battle\n|title|p0x1434d75 vs. p0y1435d92\n|j|\u2606p0x1434d75\n|j|\u2606p0y1435d92\n|t:|1783541178\n|gametype|singles\n|player|p1|p0x1434d75|2|\n|player|p2|p0y1435d92|169|\n|gen|9\n|tier|[Gen 9] Random Battle\n|rule|Species Clause: Limit one of each Pok\u00e9mon\n|rule|HP Percentage Mod: HP is shown in percentages\n|rule|Sleep Clause Mod: Limit one foe put to sleep\n|rule|Illusion Level Mod: Illusion disguises the Pok\u00e9mon's true level\n|\n|t:|1783541178\n|teamsize|p1|6\n|teamsize|p2|6\n|start\n|switch|p1a: Arboliva|Arboliva, L91, F|100/100\n|switch|p2a: Cyclizar|Cyclizar, L84, F|255/255\n|turn|1\n|inactive|Battle timer is ON: inactive players will automatically lose when time's up. (requested by p0y1435d92)\n|inactive|p0x1434d75 also wants the timer to be on.\n|\n|t:|1783541179\n|switch|p2a: Leavanny|Leavanny, L86, M|269/269\n|move|p1a: Arboliva|Hyper Voice|p2a: Leavanny\n|-damage|p2a: Leavanny|124/269\n|\n|upkeep\n|turn|2\n|inactive|Time left: 300 sec this turn | 300 sec total\n|\n|t:|1783541181\n|move|p2a: Leavanny|Sticky Web|p1a: Arboliva\n|-sidestart|p1: p0x1434d75|move: Sticky Web\n|move|p1a: Arboliva|Hyper Voice|p2a: Leavanny\n|-damage|p2a: Leavanny|0 fnt\n|faint|p2a: Leavanny\n|\n|upkeep\n|inactive|Time left: 300 sec this turn | 300 sec total | 5 sec grace\n|\n|t:|1783541182\n|switch|p2a: Tropius|Tropius, L91, F|328/328\n|turn|3\n|inactive|Time left: 300 sec this turn | 300 sec total\n|\n|t:|1783541183\n|move|p2a: Tropius|Air Slash|p1a: Arboliva\n|-supereffective|p1a: Arboliva\n|-damage|p1a: Arboliva|63/100\n|-fieldstart|move: Grassy Terrain|[from] ability: Seed Sower|[of] p1a: Arboliva\n|move|p1a: Arboliva|Strength Sap|p2a: Tropius\n|-unboost|p2a: Tropius|atk|1\n|-heal|p1a: Arboliva|100/100\n|\n|upkeep\n|turn|4\n|inactive|Time left: 300 sec this turn | 300 sec total\n|\n|t:|1783541184\n|move|p2a: Tropius|Air Slash|p1a: Arboliva\n|-supereffective|p1a: Arboliva\n|-damage|p1a: Arboliva|61/100\n|move|p1a: Arboliva|Hyper Voice|p2a: Tropius\n|-damage|p2a: Tropius|207/328\n|\n|-heal|p1a: Arboliva|67/100|[from] Grassy Terrain\n|-heal|p1a: Arboliva|74/100|[from] item: Leftovers\n|upkeep\n|turn|5\n|inactive|Time left: 300 sec this turn | 300 sec total\n|\n|t:|1783541185\n|move|p2a: Tropius|Air Slash|p1a: Arboliva\n|-supereffective|p1a: Arboliva\n|-damage|p1a: Arboliva|32/100\n|move|p1a: Arboliva|Strength Sap|p2a: Tropius\n|-unboost|p2a: Tropius|atk|1\n|-heal|p1a: Arboliva|61/100\n|\n|-heal|p1a: Arboliva|67/100|[from] Grassy Terrain\n|-heal|p1a: Arboliva|73/100|[from] item: Leftovers\n|upkeep\n|turn|6\n|inactive|Time left: 300 sec this turn | 300 sec total\n|\n|t:|1783541186\n|move|p2a: Tropius|Air Slash|p1a: Arboliva\n|-supereffective|p1a: Arboliva\n|-damage|p1a: Arboliva|36/100\n|cant|p1a: Arboliva|flinch\n|\n|-heal|p1a: Arboliva|42/100|[from] Grassy Terrain\n|-heal|p1a: Arboliva|48/100|[from] item: Leftovers\n|upkeep\n|turn|7\n|inactive|Time left: 300 sec this turn | 300 sec total\n|\n|t:|1783541188\n|move|p2a: Tropius|Air Slash|p1a: Arboliva\n|-supereffective|p1a: Arboliva\n|-damage|p1a: Arboliva|6/100\n|move|p1a: Arboliva|Strength Sap|p2a: Tropius\n|-unboost|p2a: Tropius|atk|1\n|-heal|p1a: Arboliva|28/100\n|\n|-heal|p1a: Arboliva|35/100|[from] Grassy Terrain\n|-heal|p1a: Arboliva|41/100|[from] item: Leftovers\n|-fieldend|move: Grassy Terrain\n|upkeep\n|turn|8\n|inactive|Time left: 300 sec this turn | 300 sec total\n|\n|t:|1783541189\n|move|p2a: Tropius|Air Slash|p1a: Arboliva\n|-supereffective|p1a: Arboliva\n|-crit|p1a: Arboliva\n|-damage|p1a: Arboliva|0 fnt\n|-fieldstart|move: Grassy Terrain|[from] ability: Seed Sower|[of] p1a: Arboliva\n|faint|p1a: Arboliva\n|\n|upkeep\n|\n|t:|1783541190\n|switch|p1a: Houndoom|Houndoom, L87, M|100/100\n|turn|9\n|inactive|Time left: 300 sec this turn | 300 sec total\n|\n|t:|1783541191\n|switch|p2a: Wugtrio|Wugtrio, L91, F|212/212\n|move|p1a: Houndoom|Nasty Plot|p1a: Houndoom\n|-boost|p1a: Houndoom|spa|2\n|\n|upkeep\n|turn|10\n|inactive|Time left: 300 sec this turn | 300 sec total\n|\n|t:|1783541192\n|switch|p1a: Gyarados|Gyarados, L79, F|100/100\n|move|p2a: Wugtrio|Liquidation|p1a: Gyarados\n|-resisted|p1a: Gyarados\n|-damage|p1a: Gyarados|69/100\n|\n|upkeep\n|turn|11\n|inactive|Time left: 300 sec this turn | 300 sec total\n|\n|t:|1783541194\n|move|p2a: Wugtrio|Liquidation|p1a: Gyarados\n|-resisted|p1a: Gyarados\n|-damage|p1a: Gyarados|34/100\n|move|p1a: Gyarados|Stone Edge|p2a: Wugtrio|[miss]\n|-miss|p1a: Gyarados|p2a: Wugtrio\n|\n|upkeep\n|turn|12\n|inactive|Time left: 300 sec this turn | 300 sec total\n|\n|t:|1783541195\n|switch|p1a: Victreebel|Victreebel, L90, F|100/100\n|-activate|p1a: Victreebel|move: Sticky Web\n|-unboost|p1a: Victreebel|spe|1\n|move|p2a: Wugtrio|Liquidation|p1a: Victreebel\n|-resisted|p1a: Victreebel\n|-damage|p1a: Victreebel|70/100\n|\n|-heal|p1a: Victreebel|76/100|[from] Grassy Terrain\n|-fieldend|move: Grassy Terrain\n|upkeep\n|turn|13\n|inactive|Time left: 300 sec this turn | 300 sec total\n|\n|t:|1783541196\n|move|p2a: Wugtrio|Liquidation|p1a: Victreebel\n|-resisted|p1a: Victreebel\n|-damage|p1a: Victreebel|46/100\n|move|p1a: Victreebel|Sludge Wave|p2a: Wugtrio\n|-damage|p2a: Wugtrio|48/212\n|-damage|p1a: Victreebel|36/100|[from] item: Life Orb\n|\n|upkeep\n|turn|14\n|inactive|Time left: 300 sec this turn | 300 sec total\n|\n|t:|1783541197\n|move|p2a: Wugtrio|Liquidation|p1a: Victreebel\n|-resisted|p1a: Victreebel\n|-damage|p1a: Victreebel|4/100\n|move|p1a: Victreebel|Sludge Wave|p2a: Wugtrio\n|-damage|p2a: Wugtrio|0 fnt\n|faint|p2a: Wugtrio\n|-damage|p1a: Victreebel|0 fnt|[from] item: Life Orb\n|faint|p1a: Victreebel\n|\n|upkeep\n|inactive|Time left: 300 sec this turn | 300 sec total | 5 sec grace\n|\n|t:|1783541198\n|switch|p2a: Tropius|Tropius, L91, F|207/328\n|switch|p1a: Houndoom|Houndoom, L87, M|100/100\n|turn|15\n|inactive|Time left: 300 sec this turn | 300 sec total\n|\n|t:|1783541199\n|move|p1a: Houndoom|Nasty Plot|p1a: Houndoom\n|-boost|p1a: Houndoom|spa|2\n|move|p2a: Tropius|Leech Seed|p1a: Houndoom\n|-start|p1a: Houndoom|move: Leech Seed\n|\n|-damage|p1a: Houndoom|88/100|[from] Leech Seed|[of] p2a: Tropius\n|-heal|p2a: Tropius|241/328|[silent]\n|upkeep\n|turn|16\n|inactive|Time left: 300 sec this turn | 300 sec total\n|\n|t:|1783541200\n|move|p2a: Tropius|Protect|p2a: Tropius\n|-singleturn|p2a: Tropius|Protect\n|move|p1a: Houndoom|Fire Blast|p2a: Tropius\n|-activate|p2a: Tropius|move: Protect\n|\n|-damage|p1a: Houndoom|75/100|[from] Leech Seed|[of] p2a: Tropius\n|-heal|p2a: Tropius|275/328|[silent]\n|upkeep\n|turn|17\n|inactive|Time left: 300 sec this turn | 300 sec total\n|\n|t:|1783541201\n|move|p2a: Tropius|Protect|p2a: Tropius\n|-singleturn|p2a: Tropius|Protect\n|move|p1a: Houndoom|Fire Blast|p2a: Tropius\n|-activate|p2a: Tropius|move: Protect\n|\n|-damage|p1a: Houndoom|63/100|[from] Leech Seed|[of] p2a: Tropius\n|-heal|p2a: Tropius|309/328|[silent]\n|upkeep\n|turn|18\n|inactive|Time left: 300 sec this turn | 300 sec total\n|\n|t:|1783541202\n|switch|p2a: Cyclizar|Cyclizar, L84, F|255/255\n|move|p1a: Houndoom|Fire Blast|p2a: Cyclizar|[miss]\n|-miss|p1a: Houndoom|p2a: Cyclizar\n|\n|-damage|p1a: Houndoom|50/100|[from] Leech Seed|[of] p2a: Cyclizar\n|upkeep\n|turn|19\n|inactive|Time left: 300 sec this turn | 300 sec total\n|\n|t:|1783541203\n|move|p2a: Cyclizar|Draco Meteor|p1a: Houndoom\n|-damage|p1a: Houndoom|3/100\n|-unboost|p2a: Cyclizar|spa|2\n|move|p1a: Houndoom|Dark Pulse|p2a: Cyclizar\n|-damage|p2a: Cyclizar|15/255\n|\n|-damage|p1a: Houndoom|0 fnt|[from] Leech Seed|[of] p2a: Cyclizar\n|-heal|p2a: Cyclizar|21/255|[silent]\n|faint|p1a: Houndoom\n|upkeep\n|\n|t:|1783541204\n|switch|p1a: Gyarados|Gyarados, L79, F|34/100\n|turn|20\n|inactive|Time left: 300 sec this turn | 300 sec total\n|\n|t:|1783541205\n|switch|p2a: Meowstic|Meowstic-F, L89, F|277/277\n|move|p1a: Gyarados|Dragon Dance|p1a: Gyarados\n|-boost|p1a: Gyarados|atk|1\n|-boost|p1a: Gyarados|spe|1\n|\n|upkeep\n|turn|21\n|inactive|Time left: 300 sec this turn | 300 sec total\n|\n|t:|1783541207\n|move|p1a: Gyarados|Waterfall|p2a: Meowstic\n|-damage|p2a: Meowstic|141/277\n|move|p2a: Meowstic|Psychic|p1a: Gyarados\n|-damage|p1a: Gyarados|0 fnt\n|faint|p1a: Gyarados\n|-damage|p2a: Meowstic|114/277|[from] item: Life Orb\n|\n|upkeep\n|\n|t:|1783541208\n|switch|p1a: Jirachi|Jirachi, L80|100/100\n|-activate|p1a: Jirachi|move: Sticky Web\n|-unboost|p1a: Jirachi|spe|1\n|turn|22\n|inactive|Time left: 300 sec this turn | 300 sec total\n|\n|t:|1783541209\n|move|p2a: Meowstic|Nasty Plot|p2a: Meowstic\n|-boost|p2a: Meowstic|spa|2\n|move|p1a: Jirachi|Iron Head|p2a: Meowstic\n|-damage|p2a: Meowstic|32/277\n|\n|upkeep\n|turn|23\n|inactive|Time left: 300 sec this turn | 300 sec total\n|\n|t:|1783541210\n|move|p1a: Jirachi|Protect|p1a: Jirachi\n|-singleturn|p1a: Jirachi|Protect\n|move|p2a: Meowstic|Thunderbolt|p1a: Jirachi\n|-activate|p1a: Jirachi|move: Protect\n|\n|upkeep\n|turn|24\n|inactive|Time left: 300 sec this turn | 300 sec total\n|\n|t:|1783541211\n|move|p2a: Meowstic|Thunderbolt|p1a: Jirachi\n|-damage|p1a: Jirachi|46/100\n|-status|p1a: Jirachi|par\n|-damage|p2a: Meowstic|5/277|[from] item: Life Orb\n|move|p1a: Jirachi|Iron Head|p2a: Meowstic\n|-damage|p2a: Meowstic|0 fnt\n|faint|p2a: Meowstic\n|\n|-heal|p1a: Jirachi|52/100 par|[from] item: Leftovers\n|upkeep\n|inactive|Time left: 300 sec this turn | 300 sec total | 5 sec grace\n|\n|t:|1783541212\n|switch|p2a: Terapagos|Terapagos, L77, M|265/265\n|-activate|p2a: Terapagos|ability: Tera Shift\n|detailschange|p2a: Terapagos|Terapagos-Terastal, L77, M\n|-heal|p2a: Terapagos|273/273|[silent]\n|turn|25\n|inactive|Time left: 300 sec this turn | 300 sec total\n|\n|t:|1783541214\n|move|p2a: Terapagos|Calm Mind|p2a: Terapagos\n|-boost|p2a: Terapagos|spa|1\n|-boost|p2a: Terapagos|spd|1\n|cant|p1a: Jirachi|par\n|\n|-heal|p1a: Jirachi|58/100 par|[from] item: Leftovers\n|upkeep\n|turn|26\n|inactive|Time left: 300 sec this turn | 300 sec total\n|\n|t:|1783541215\n|move|p2a: Terapagos|Dark Pulse|p1a: Jirachi\n|-supereffective|p1a: Jirachi\n|-damage|p1a: Jirachi|9/100 par\n|move|p1a: Jirachi|Iron Head|p2a: Terapagos\n|-activate|p2a: Terapagos|ability: Tera Shell\n|-resisted|p2a: Terapagos\n|-damage|p2a: Terapagos|237/273\n|\n|-heal|p1a: Jirachi|16/100 par|[from] item: Leftovers\n|upkeep\n|turn|27\n|inactive|Time left: 300 sec this turn | 300 sec total\n|\n|t:|1783541215\n|cant|p1a: Jirachi|par\n|move|p2a: Terapagos|Calm Mind|p2a: Terapagos\n|-boost|p2a: Terapagos|spa|1\n|-boost|p2a: Terapagos|spd|1\n|\n|-heal|p1a: Jirachi|22/100 par|[from] item: Leftovers\n|upkeep\n|turn|28\n|inactive|Time left: 300 sec this turn | 300 sec total\n|\n|t:|1783541216\n|move|p1a: Jirachi|Protect|p1a: Jirachi\n|-singleturn|p1a: Jirachi|Protect\n|move|p2a: Terapagos|Tera Starstorm|p1a: Jirachi\n|-activate|p1a: Jirachi|move: Protect\n|\n|-heal|p1a: Jirachi|28/100 par|[from] item: Leftovers\n|upkeep\n|turn|29\n|inactive|Time left: 300 sec this turn | 300 sec total\n|\n|t:|1783541218\n|move|p1a: Jirachi|Protect|p1a: Jirachi\n|-singleturn|p1a: Jirachi|Protect\n|move|p2a: Terapagos|Tera Starstorm|p1a: Jirachi\n|-activate|p1a: Jirachi|move: Protect\n|\n|-heal|p1a: Jirachi|34/100 par|[from] item: Leftovers\n|upkeep\n|turn|30\n|inactive|Time left: 300 sec this turn | 300 sec total\n|\n|t:|1783541219\n|move|p1a: Jirachi|Protect||[still]\n|-fail|p1a: Jirachi\n|move|p2a: Terapagos|Tera Starstorm|p1a: Jirachi\n|-resisted|p1a: Jirachi\n|-damage|p1a: Jirachi|0 fnt\n|faint|p1a: Jirachi\n|\n|upkeep\n|\n|t:|1783541219\n|switch|p1a: Ditto|Ditto, L87|100/100\n|-activate|p1a: Ditto|move: Sticky Web\n|-unboost|p1a: Ditto|spe|1\n|-transform|p1a: Ditto|p2a: Terapagos|[from] ability: Imposter\n|turn|31\n|inactive|Time left: 300 sec this turn | 300 sec total\n|inactive|p0x1434d75 has 270 seconds left.\n|inactive|p0x1434d75 has 240 seconds left.\n|inactive|p0x1434d75 has 210 seconds left.\n|inactive|p0x1434d75 has 180 seconds left.\n|inactive|p0x1434d75 has 150 seconds left.\n|inactive|p0x1434d75 has 120 seconds left.\n|inactive|p0x1434d75 has 90 seconds left.\n|inactive|p0x1434d75 has 60 seconds left.\n|inactive|p0x1434d75 has 30 seconds left.\n|inactive|p0x1434d75 has 20 seconds left.\n|inactive|p0x1434d75 has 15 seconds left.\n|inactive|p0x1434d75 has 10 seconds left.\n|inactive|p0x1434d75 has 5 seconds left.\n|-message|p0x1434d75 lost due to inactivity.\n|\n|win|p0y1435d92", "uploadtime": 1783541519, "views": 0, "rating": 0, "private": 0, "password": null, "_winner": "p0y1435d92", "_our_name": "p0y1435d92"}