{"id": "battle-gen9randombattle-1877", "formatid": "gen9randombattle", "format": "[Gen 9] Random Battle", "players": ["p0x18776521", "p0y1877c304"], "log": "|init|battle\n|title|p0x18776521 vs. p0y1877c304\n|j|\u2606p0x18776521\n|j|\u2606p0y1877c304\n|t:|1783560978\n|gametype|singles\n|player|p1|p0x18776521|102|\n|player|p2|p0y1877c304|266|\n|gen|9\n|tier|[Gen 9] Random Battle\n|rule|Species Clause: Limit one of each Pok\u00e9mon\n|rule|HP Percentage Mod: HP is shown in percentages\n|rule|Sleep Clause Mod: Limit one foe put to sleep\n|rule|Illusion Level Mod: Illusion disguises the Pok\u00e9mon's true level\n|\n|t:|1783560978\n|teamsize|p1|6\n|teamsize|p2|6\n|start\n|switch|p1a: Scovillain|Scovillain, L91, M|100/100\n|switch|p2a: Maushold|Maushold-Four, L76|238/238\n|turn|1\n|inactive|Battle timer is ON: inactive players will automatically lose when time's up. (requested by p0x18776521)\n|inactive|Time left: 300 sec this turn | 300 sec total | 60 sec grace\n|\n|t:|1783560979\n|move|p2a: Maushold|Population Bomb|p1a: Scovillain\n|-damage|p1a: Scovillain|90/100\n|-damage|p1a: Scovillain|81/100\n|-damage|p1a: Scovillain|71/100\n|-damage|p1a: Scovillain|62/100\n|-damage|p1a: Scovillain|53/100\n|-damage|p1a: Scovillain|44/100\n|-damage|p1a: Scovillain|34/100\n|-damage|p1a: Scovillain|23/100\n|-damage|p1a: Scovillain|14/100\n|-damage|p1a: Scovillain|5/100\n|-hitcount|p1a: Scovillain|10\n|move|p1a: Scovillain|Energy Ball|p2a: Maushold\n|-damage|p2a: Maushold|85/238\n|\n|upkeep\n|turn|2\n|inactive|Time left: 300 sec this turn | 300 sec total\n|inactive|p0y1877c304 also wants the timer to be on.\n|\n|t:|1783560980\n|move|p2a: Maushold|Population Bomb|p1a: Scovillain\n|-damage|p1a: Scovillain|0 fnt\n|faint|p1a: Scovillain\n|-hitcount|p1: Scovillain|1\n|\n|upkeep\n|\n|t:|1783560981\n|switch|p1a: Scizor|Scizor, L79, F|100/100\n|turn|3\n|inactive|Time left: 300 sec this turn | 300 sec total\n|\n|t:|1783560983\n|move|p1a: Scizor|Bullet Punch|p2a: Maushold\n|-damage|p2a: Maushold|0 fnt\n|faint|p2a: Maushold\n|\n|upkeep\n|inactive|Time left: 300 sec this turn | 300 sec total | 5 sec grace\n|\n|t:|1783560983\n|switch|p2a: Lurantis|Lurantis, L87, M|264/264\n|turn|4\n|inactive|Time left: 300 sec this turn | 300 sec total\n|\n|t:|1783560984\n|switch|p1a: Necrozma|Necrozma-Dawn-Wings, L76|100/100\n|move|p2a: Lurantis|Superpower|p1a: Necrozma\n|-immune|p1a: Necrozma\n|\n|upkeep\n|turn|5\n|inactive|Time left: 300 sec this turn | 300 sec total\n|\n|t:|1783560985\n|move|p1a: Necrozma|Calm Mind|p1a: Necrozma\n|-boost|p1a: Necrozma|spa|1\n|-boost|p1a: Necrozma|spd|1\n|move|p2a: Lurantis|Knock Off|p1a: Necrozma\n|-supereffective|p1a: Necrozma\n|-damage|p1a: Necrozma|23/100\n|-enditem|p1a: Necrozma|Leftovers|[from] move: Knock Off|[of] p2a: Lurantis\n|\n|upkeep\n|turn|6\n|inactive|Time left: 300 sec this turn | 300 sec total\n|\n|t:|1783560986\n|move|p1a: Necrozma|Moonlight|p1a: Necrozma\n|-heal|p1a: Necrozma|73/100\n|move|p2a: Lurantis|Leaf Storm|p1a: Necrozma\n|-damage|p1a: Necrozma|48/100\n|-boost|p2a: Lurantis|spa|2\n|\n|upkeep\n|turn|7\n|inactive|Time left: 300 sec this turn | 300 sec total\n|\n|t:|1783560987\n|move|p1a: Necrozma|Moonlight|p1a: Necrozma\n|-heal|p1a: Necrozma|98/100\n|move|p2a: Lurantis|Leaf Storm|p1a: Necrozma\n|-damage|p1a: Necrozma|51/100\n|-boost|p2a: Lurantis|spa|2\n|\n|upkeep\n|turn|8\n|inactive|Time left: 300 sec this turn | 300 sec total\n|\n|t:|1783560987\n|move|p1a: Necrozma|Photon Geyser|p2a: Lurantis\n|-damage|p2a: Lurantis|83/264\n|move|p2a: Lurantis|Leaf Storm|p1a: Necrozma\n|-damage|p1a: Necrozma|0 fnt\n|-boost|p2a: Lurantis|spa|2\n|faint|p1a: Necrozma\n|\n|-heal|p2a: Lurantis|99/264|[from] item: Leftovers\n|upkeep\n|\n|t:|1783560988\n|switch|p1a: Scizor|Scizor, L79, F|100/100\n|turn|9\n|inactive|Time left: 300 sec this turn | 300 sec total\n|\n|t:|1783560989\n|-terastallize|p2a: Lurantis|Fighting\n|move|p1a: Scizor|Close Combat|p2a: Lurantis\n|-damage|p2a: Lurantis|0 fnt\n|-unboost|p1a: Scizor|def|1\n|-unboost|p1a: Scizor|spd|1\n|faint|p2a: Lurantis\n|\n|upkeep\n|inactive|Time left: 300 sec this turn | 300 sec total | 5 sec grace\n|\n|t:|1783560990\n|switch|p2a: Krookodile|Krookodile, L79, F|280/280\n|-ability|p2a: Krookodile|Intimidate|boost\n|-unboost|p1a: Scizor|atk|1\n|turn|10\n|inactive|Time left: 300 sec this turn | 300 sec total\n|\n|t:|1783560991\n|switch|p1a: Rhydon|Rhydon, L85, F|100/100\n|move|p2a: Krookodile|Earthquake|p1a: Rhydon\n|-supereffective|p1a: Rhydon\n|-damage|p1a: Rhydon|47/100\n|\n|upkeep\n|turn|11\n|inactive|Time left: 300 sec this turn | 300 sec total\n|\n|t:|1783560991\n|move|p2a: Krookodile|Earthquake|p1a: Rhydon\n|-supereffective|p1a: Rhydon\n|-damage|p1a: Rhydon|0 fnt\n|faint|p1a: Rhydon\n|\n|upkeep\n|\n|t:|1783560992\n|switch|p1a: Scizor|Scizor, L79, F|100/100\n|turn|12\n|inactive|Time left: 300 sec this turn | 300 sec total\n|\n|t:|1783560993\n|move|p2a: Krookodile|Earthquake|p1a: Scizor\n|-damage|p1a: Scizor|39/100\n|move|p1a: Scizor|U-turn|p2a: Krookodile\n|-supereffective|p2a: Krookodile\n|-crit|p2a: Krookodile\n|-damage|p2a: Krookodile|0 fnt\n|faint|p2a: Krookodile\n|\n|t:|1783560994\n|switch|p1a: Lanturn|Lanturn, L89, M|100/100|[from] U-turn\n|\n|upkeep\n|inactive|Time left: 300 sec this turn | 300 sec total | 10 sec grace\n|\n|t:|1783560995\n|switch|p2a: Tatsugiri|Tatsugiri, L87, F|260/260\n|turn|13\n|inactive|Time left: 300 sec this turn | 300 sec total\n|\n|t:|1783560996\n|move|p2a: Tatsugiri|Nasty Plot|p2a: Tatsugiri\n|-boost|p2a: Tatsugiri|spa|2\n|move|p1a: Lanturn|Volt Switch|p2a: Tatsugiri\n|-damage|p2a: Tatsugiri|199/260\n|\n|t:|1783560997\n|switch|p1a: Dugtrio|Dugtrio-Alola, L84, F|100/100|[from] Volt Switch\n|\n|upkeep\n|turn|14\n|inactive|Time left: 300 sec this turn | 300 sec total\n|\n|t:|1783560998\n|-terastallize|p1a: Dugtrio|Ground\n|move|p1a: Dugtrio|Earthquake|p2a: Tatsugiri\n|-damage|p2a: Tatsugiri|0 fnt\n|faint|p2a: Tatsugiri\n|-damage|p1a: Dugtrio|91/100|[from] item: Life Orb\n|\n|upkeep\n|inactive|Time left: 300 sec this turn | 300 sec total | 5 sec grace\n|\n|t:|1783560999\n|switch|p2a: Sawsbuck|Sawsbuck-Winter, L88, M|284/284\n|turn|15\n|inactive|Time left: 300 sec this turn | 300 sec total\n|\n|t:|1783561000\n|move|p1a: Dugtrio|Iron Head|p2a: Sawsbuck\n|-damage|p2a: Sawsbuck|162/284\n|-damage|p1a: Dugtrio|81/100|[from] item: Life Orb\n|move|p2a: Sawsbuck|Horn Leech|p1a: Dugtrio\n|-supereffective|p1a: Dugtrio\n|-damage|p1a: Dugtrio|0 fnt\n|-heal|p2a: Sawsbuck|241/284|[from] drain|[of] p1a: Dugtrio\n|-ability|p1a: Dugtrio|Tangling Hair\n|-unboost|p2a: Sawsbuck|spe|1\n|faint|p1a: Dugtrio\n|-damage|p2a: Sawsbuck|213/284|[from] item: Life Orb\n|\n|upkeep\n|\n|t:|1783561001\n|switch|p1a: Scizor|Scizor, L79, F|39/100\n|turn|16\n|inactive|Time left: 300 sec this turn | 300 sec total\n|\n|t:|1783561002\n|switch|p2a: Ribombee|Ribombee, L83, M|235/235\n|move|p1a: Scizor|U-turn|p2a: Ribombee\n|-resisted|p2a: Ribombee\n|-damage|p2a: Ribombee|156/235\n|\n|t:|1783561002\n|switch|p1a: Lanturn|Lanturn, L89, M|100/100|[from] U-turn\n|\n|upkeep\n|turn|17\n|inactive|Time left: 300 sec this turn | 300 sec total\n|\n|t:|1783561003\n|switch|p2a: Sawsbuck|Sawsbuck-Winter, L88, M|213/284\n|move|p1a: Lanturn|Scald|p2a: Sawsbuck\n|-resisted|p2a: Sawsbuck\n|-damage|p2a: Sawsbuck|165/284\n|\n|upkeep\n|turn|18\n|inactive|Time left: 300 sec this turn | 300 sec total\n|\n|t:|1783561004\n|move|p2a: Sawsbuck|Horn Leech|p1a: Lanturn\n|-supereffective|p1a: Lanturn\n|-damage|p1a: Lanturn|17/100\n|-heal|p2a: Sawsbuck|284/284|[from] drain|[of] p1a: Lanturn\n|-damage|p2a: Sawsbuck|256/284|[from] item: Life Orb\n|move|p1a: Lanturn|Thunder Wave|p2a: Sawsbuck\n|-status|p2a: Sawsbuck|par\n|\n|upkeep\n|turn|19\n|inactive|Time left: 300 sec this turn | 300 sec total\n|\n|t:|1783561005\n|move|p1a: Lanturn|Thunderbolt|p2a: Sawsbuck\n|-resisted|p2a: Sawsbuck\n|-damage|p2a: Sawsbuck|207/284 par\n|move|p2a: Sawsbuck|High Horsepower|p1a: Lanturn\n|-supereffective|p1a: Lanturn\n|-damage|p1a: Lanturn|0 fnt\n|faint|p1a: Lanturn\n|-damage|p2a: Sawsbuck|179/284 par|[from] item: Life Orb\n|\n|upkeep\n|\n|t:|1783561006\n|switch|p1a: Scizor|Scizor, L79, F|39/100\n|turn|20\n|inactive|Time left: 300 sec this turn | 300 sec total\n|\n|t:|1783561007\n|switch|p2a: Ribombee|Ribombee, L83, M|156/235\n|move|p1a: Scizor|Bullet Punch|p2a: Ribombee\n|-supereffective|p2a: Ribombee\n|-damage|p2a: Ribombee|0 fnt\n|faint|p2a: Ribombee\n|\n|upkeep\n|inactive|Time left: 300 sec this turn | 300 sec total | 5 sec grace\n|\n|t:|1783561008\n|switch|p2a: Sawsbuck|Sawsbuck-Winter, L88, M|179/284 par\n|turn|21\n|inactive|Time left: 300 sec this turn | 300 sec total\n|\n|t:|1783561009\n|move|p1a: Scizor|Bullet Punch|p2a: Sawsbuck\n|-damage|p2a: Sawsbuck|62/284 par\n|move|p2a: Sawsbuck|High Horsepower|p1a: Scizor\n|-damage|p1a: Scizor|0 fnt\n|faint|p1a: Scizor\n|-damage|p2a: Sawsbuck|34/284 par|[from] item: Life Orb\n|\n|win|p0y1877c304", "uploadtime": 1783561009, "views": 0, "rating": 0, "private": 0, "password": null, "_winner": "p0y1877c304", "_our_name": "p0y1877c304"}