{"id": "battle-gen9randombattle-1516", "formatid": "gen9randombattle", "format": "[Gen 9] Random Battle", "players": ["p0x151698fe", "p0y15167d0f"], "log": "|init|battle\n|title|p0x151698fe vs. p0y15167d0f\n|j|\u2606p0x151698fe\n|j|\u2606p0y15167d0f\n|t:|1783557660\n|gametype|singles\n|player|p1|p0x151698fe|102|\n|player|p2|p0y15167d0f|266|\n|gen|9\n|tier|[Gen 9] Random Battle\n|rule|Species Clause: Limit one of each Pok\u00e9mon\n|rule|HP Percentage Mod: HP is shown in percentages\n|rule|Sleep Clause Mod: Limit one foe put to sleep\n|rule|Illusion Level Mod: Illusion disguises the Pok\u00e9mon's true level\n|\n|t:|1783557660\n|teamsize|p1|6\n|teamsize|p2|6\n|start\n|switch|p1a: Inteleon|Inteleon, L81, F|100/100\n|switch|p2a: Weavile|Weavile, L79, M|239/239\n|turn|1\n|inactive|Battle timer is ON: inactive players will automatically lose when time's up. (requested by p0x151698fe)\n|inactive|Time left: 300 sec this turn | 300 sec total | 60 sec grace\n|inactive|p0y15167d0f also wants the timer to be on.\n|\n|t:|1783557662\n|move|p2a: Weavile|Knock Off|p1a: Inteleon\n|-damage|p1a: Inteleon|15/100\n|-enditem|p1a: Inteleon|Choice Specs|[from] move: Knock Off|[of] p2a: Weavile\n|move|p1a: Inteleon|Scald|p2a: Weavile\n|-damage|p2a: Weavile|86/239\n|-status|p2a: Weavile|brn\n|\n|-damage|p2a: Weavile|72/239 brn|[from] brn\n|upkeep\n|turn|2\n|inactive|Time left: 300 sec this turn | 300 sec total\n|\n|t:|1783557663\n|move|p2a: Weavile|Knock Off|p1a: Inteleon\n|-damage|p1a: Inteleon|0 fnt\n|faint|p1a: Inteleon\n|\n|-damage|p2a: Weavile|58/239 brn|[from] brn\n|upkeep\n|\n|t:|1783557664\n|switch|p1a: Zacian|Zacian, L69|100/100\n|-ability|p1a: Zacian|Intrepid Sword|boost\n|-boost|p1a: Zacian|atk|1\n|turn|3\n|inactive|Time left: 300 sec this turn | 300 sec total\n|\n|t:|1783557665\n|move|p2a: Weavile|Knock Off|p1a: Zacian\n|-resisted|p1a: Zacian\n|-damage|p1a: Zacian|85/100\n|-enditem|p1a: Zacian|Choice Band|[from] move: Knock Off|[of] p2a: Weavile\n|move|p1a: Zacian|Play Rough|p2a: Weavile\n|-supereffective|p2a: Weavile\n|-damage|p2a: Weavile|0 fnt\n|faint|p2a: Weavile\n|\n|upkeep\n|inactive|Time left: 300 sec this turn | 300 sec total | 5 sec grace\n|\n|t:|1783557665\n|switch|p2a: Regirock|Regirock, L83|268/268\n|turn|4\n|inactive|Time left: 300 sec this turn | 300 sec total\n|\n|t:|1783557666\n|move|p1a: Zacian|Play Rough|p2a: Regirock\n|-damage|p2a: Regirock|213/268\n|move|p2a: Regirock|Iron Defense|p2a: Regirock\n|-boost|p2a: Regirock|def|2\n|\n|upkeep\n|turn|5\n|inactive|Time left: 300 sec this turn | 300 sec total\n|\n|t:|1783557667\n|switch|p1a: Oricorio|Oricorio-Sensu, L85, F|100/100\n|move|p2a: Regirock|Body Press|p1a: Oricorio\n|-immune|p1a: Oricorio\n|\n|upkeep\n|turn|6\n|inactive|Time left: 300 sec this turn | 300 sec total\n|\n|t:|1783557668\n|move|p1a: Oricorio|Quiver Dance|p1a: Oricorio\n|-boost|p1a: Oricorio|spa|1\n|-boost|p1a: Oricorio|spd|1\n|-boost|p1a: Oricorio|spe|1\n|move|p2a: Regirock|Stone Edge|p1a: Oricorio\n|-supereffective|p1a: Oricorio\n|-damage|p1a: Oricorio|0 fnt\n|faint|p1a: Oricorio\n|\n|upkeep\n|\n|t:|1783557669\n|switch|p1a: Raikou|Raikou, L81|100/100\n|-ability|p1a: Raikou|Pressure\n|turn|7\n|inactive|Time left: 300 sec this turn | 300 sec total\n|\n|t:|1783557669\n|-terastallize|p2a: Regirock|Fighting\n|move|p1a: Raikou|Scald|p2a: Regirock\n|-damage|p2a: Regirock|154/268\n|move|p2a: Regirock|Body Press|p1a: Raikou\n|-damage|p1a: Raikou|0 fnt\n|faint|p1a: Raikou\n|\n|upkeep\n|\n|t:|1783557670\n|switch|p1a: Zacian|Zacian, L69|85/100\n|turn|8\n|inactive|Time left: 300 sec this turn | 300 sec total\n|\n|t:|1783557671\n|move|p1a: Zacian|Psychic Fangs|p2a: Regirock\n|-supereffective|p2a: Regirock\n|-damage|p2a: Regirock|128/268\n|move|p2a: Regirock|Body Press|p1a: Zacian\n|-resisted|p1a: Zacian\n|-damage|p1a: Zacian|22/100\n|\n|upkeep\n|turn|9\n|inactive|Time left: 300 sec this turn | 300 sec total\n|\n|t:|1783557671\n|move|p1a: Zacian|Play Rough|p2a: Regirock\n|-supereffective|p2a: Regirock\n|-damage|p2a: Regirock|80/268\n|move|p2a: Regirock|Rest|p2a: Regirock\n|-status|p2a: Regirock|slp|[from] move: Rest\n|-heal|p2a: Regirock|268/268 slp|[silent]\n|-enditem|p2a: Regirock|Chesto Berry|[eat]\n|-curestatus|p2a: Regirock|slp|[msg]\n|\n|upkeep\n|turn|10\n|inactive|Time left: 300 sec this turn | 300 sec total\n|\n|t:|1783557672\n|move|p1a: Zacian|Play Rough|p2a: Regirock\n|-supereffective|p2a: Regirock\n|-damage|p2a: Regirock|230/268\n|move|p2a: Regirock|Body Press|p1a: Zacian\n|-resisted|p1a: Zacian\n|-damage|p1a: Zacian|0 fnt\n|faint|p1a: Zacian\n|\n|upkeep\n|\n|t:|1783557673\n|switch|p1a: Rhyperior|Rhyperior, L82, M|100/100\n|turn|11\n|inactive|Time left: 300 sec this turn | 300 sec total\n|\n|t:|1783557674\n|-terastallize|p1a: Rhyperior|Dragon\n|move|p2a: Regirock|Body Press|p1a: Rhyperior\n|-damage|p1a: Rhyperior|35/100\n|move|p1a: Rhyperior|Dragon Tail|p2a: Regirock\n|-damage|p2a: Regirock|209/268\n|drag|p2a: Hydreigon|Hydreigon, L79, M|275/275\n|\n|upkeep\n|turn|12\n|inactive|Time left: 300 sec this turn | 300 sec total\n|\n|t:|1783557675\n|move|p2a: Hydreigon|Dark Pulse|p1a: Rhyperior\n|-damage|p1a: Rhyperior|0 fnt\n|faint|p1a: Rhyperior\n|\n|upkeep\n|\n|t:|1783557676\n|switch|p1a: Mienshao|Mienshao, L83, M|100/100\n|turn|13\n|inactive|Time left: 300 sec this turn | 300 sec total\n|\n|t:|1783557677\n|switch|p2a: Regirock|Regirock, L83, tera:Fighting|209/268\n|move|p1a: Mienshao|Swords Dance|p1a: Mienshao\n|-boost|p1a: Mienshao|atk|2\n|\n|upkeep\n|turn|14\n|inactive|Time left: 300 sec this turn | 300 sec total\n|\n|t:|1783557678\n|move|p1a: Mienshao|Close Combat|p2a: Regirock\n|-damage|p2a: Regirock|2/268\n|-unboost|p1a: Mienshao|def|1\n|-unboost|p1a: Mienshao|spd|1\n|-damage|p1a: Mienshao|91/100|[from] item: Life Orb\n|move|p2a: Regirock|Body Press|p1a: Mienshao\n|-damage|p1a: Mienshao|0 fnt\n|faint|p1a: Mienshao\n|\n|win|p0y15167d0f", "uploadtime": 1783557678, "views": 0, "rating": 0, "private": 0, "password": null, "_winner": "p0y15167d0f", "_our_name": "p0y15167d0f"}