{"id": "battle-gen9randombattle-2999", "formatid": "gen9randombattle", "format": "[Gen 9] Random Battle", "players": ["p0x29991ca7", "p0y2999dcb1"], "log": "|init|battle\n|title|p0x29991ca7 vs. p0y2999dcb1\n|j|\u2606p0x29991ca7\n|j|\u2606p0y2999dcb1\n|t:|1783574572\n|gametype|singles\n|player|p1|p0x29991ca7|266|\n|player|p2|p0y2999dcb1|170|\n|gen|9\n|tier|[Gen 9] Random Battle\n|rule|Species Clause: Limit one of each Pok\u00e9mon\n|rule|HP Percentage Mod: HP is shown in percentages\n|rule|Sleep Clause Mod: Limit one foe put to sleep\n|rule|Illusion Level Mod: Illusion disguises the Pok\u00e9mon's true level\n|\n|t:|1783574572\n|teamsize|p1|6\n|teamsize|p2|6\n|start\n|switch|p1a: Cloyster|Cloyster, L80, F|100/100\n|switch|p2a: Golurk|Golurk, L87|297/297\n|turn|1\n|inactive|Battle timer is ON: inactive players will automatically lose when time's up. (requested by p0x29991ca7)\n|inactive|Time left: 300 sec this turn | 300 sec total | 60 sec grace\n|inactive|p0y2999dcb1 also wants the timer to be on.\n|\n|t:|1783574573\n|-terastallize|p1a: Cloyster|Ice\n|move|p1a: Cloyster|Icicle Spear|p2a: Golurk\n|-supereffective|p2a: Golurk\n|-damage|p2a: Golurk|225/297\n|-supereffective|p2a: Golurk\n|-damage|p2a: Golurk|149/297\n|-supereffective|p2a: Golurk\n|-damage|p2a: Golurk|85/297\n|-supereffective|p2a: Golurk\n|-damage|p2a: Golurk|13/297\n|-supereffective|p2a: Golurk\n|-damage|p2a: Golurk|0 fnt\n|faint|p2a: Golurk\n|-hitcount|p2: Golurk|5\n|\n|upkeep\n|inactive|Time left: 300 sec this turn | 300 sec total | 65 sec grace\n|\n|t:|1783574575\n|switch|p2a: Dialga|Dialga-Origin, L73|266/266\n|-ability|p2a: Dialga|Pressure\n|turn|2\n|inactive|Time left: 300 sec this turn | 300 sec total\n|\n|t:|1783574576\n|switch|p1a: Incineroar|Incineroar, L82, F|100/100\n|-ability|p1a: Incineroar|Intimidate|boost\n|-unboost|p2a: Dialga|atk|1\n|move|p2a: Dialga|Flash Cannon|p1a: Incineroar\n|-resisted|p1a: Incineroar\n|-damage|p1a: Incineroar|83/100\n|\n|upkeep\n|turn|3\n|inactive|Time left: 300 sec this turn | 300 sec total\n|\n|t:|1783574577\n|switch|p2a: Enamorus|Enamorus, L79, F|247/247\n|move|p1a: Incineroar|Parting Shot|p2a: Enamorus\n|-boost|p2a: Enamorus|atk|1\n|-boost|p2a: Enamorus|spa|1\n|\n|t:|1783574578\n|switch|p1a: Torterra|Torterra, L78, F|100/100|[from] Parting Shot\n|\n|upkeep\n|turn|4\n|inactive|Time left: 300 sec this turn | 300 sec total\n|\n|t:|1783574579\n|move|p2a: Enamorus|Superpower|p1a: Torterra\n|-crit|p1a: Torterra\n|-damage|p1a: Torterra|36/100\n|-boost|p2a: Enamorus|atk|1\n|-boost|p2a: Enamorus|def|1\n|move|p1a: Torterra|Rock Blast|p2a: Enamorus\n|-supereffective|p2a: Enamorus\n|-damage|p2a: Enamorus|217/247\n|-supereffective|p2a: Enamorus\n|-damage|p2a: Enamorus|187/247\n|-supereffective|p2a: Enamorus\n|-damage|p2a: Enamorus|155/247\n|-supereffective|p2a: Enamorus\n|-damage|p2a: Enamorus|125/247\n|-hitcount|p2a: Enamorus|4\n|\n|-heal|p2a: Enamorus|140/247|[from] item: Leftovers\n|upkeep\n|turn|5\n|inactive|Time left: 300 sec this turn | 300 sec total\n|\n|t:|1783574580\n|switch|p1a: Cobalion|Cobalion, L80|100/100\n|move|p2a: Enamorus|Superpower|p1a: Cobalion\n|-supereffective|p1a: Cobalion\n|-damage|p1a: Cobalion|0 fnt\n|-boost|p2a: Enamorus|atk|1\n|-boost|p2a: Enamorus|def|1\n|faint|p1a: Cobalion\n|\n|-heal|p2a: Enamorus|155/247|[from] item: Leftovers\n|upkeep\n|\n|t:|1783574581\n|switch|p1a: Arceus|Arceus-Ground, L70|100/100\n|turn|6\n|inactive|Time left: 300 sec this turn | 300 sec total\n|\n|t:|1783574582\n|move|p2a: Enamorus|Superpower|p1a: Arceus\n|-damage|p1a: Arceus|31/100\n|-boost|p2a: Enamorus|atk|1\n|-boost|p2a: Enamorus|def|1\n|move|p1a: Arceus|Ice Beam|p2a: Enamorus\n|-supereffective|p2a: Enamorus\n|-damage|p2a: Enamorus|31/247\n|\n|-heal|p2a: Enamorus|46/247|[from] item: Leftovers\n|upkeep\n|turn|7\n|inactive|Time left: 300 sec this turn | 300 sec total\n|\n|t:|1783574583\n|move|p2a: Enamorus|Superpower|p1a: Arceus\n|-damage|p1a: Arceus|0 fnt\n|-boost|p2a: Enamorus|atk|1\n|-boost|p2a: Enamorus|def|1\n|faint|p1a: Arceus\n|\n|-heal|p2a: Enamorus|61/247|[from] item: Leftovers\n|upkeep\n|\n|t:|1783574583\n|switch|p1a: Torterra|Torterra, L78, F|36/100\n|turn|8\n|inactive|Time left: 300 sec this turn | 300 sec total\n|\n|t:|1783574584\n|move|p2a: Enamorus|Superpower|p1a: Torterra\n|-damage|p1a: Torterra|0 fnt\n|-boost|p2a: Enamorus|atk|1\n|-boost|p2a: Enamorus|def|1\n|faint|p1a: Torterra\n|\n|-heal|p2a: Enamorus|76/247|[from] item: Leftovers\n|upkeep\n|\n|t:|1783574585\n|switch|p1a: Blaziken|Blaziken, L76, M|100/100\n|turn|9\n|inactive|Time left: 300 sec this turn | 300 sec total\n|\n|t:|1783574586\n|switch|p1a: Incineroar|Incineroar, L82, F|83/100\n|-ability|p1a: Incineroar|Intimidate|boost\n|-boost|p2a: Enamorus|atk|0\n|move|p2a: Enamorus|Superpower|p1a: Incineroar\n|-supereffective|p1a: Incineroar\n|-damage|p1a: Incineroar|0 fnt\n|-boost|p2a: Enamorus|def|1\n|faint|p1a: Incineroar\n|\n|-heal|p2a: Enamorus|91/247|[from] item: Leftovers\n|upkeep\n|\n|t:|1783574587\n|switch|p1a: Cloyster|Cloyster, L80, F, tera:Ice|100/100\n|turn|10\n|inactive|Time left: 300 sec this turn | 300 sec total\n|\n|t:|1783574588\n|switch|p1a: Blaziken|Blaziken, L76, M|100/100\n|move|p2a: Enamorus|Superpower|p1a: Blaziken\n|-damage|p1a: Blaziken|0 fnt\n|faint|p1a: Blaziken\n|\n|-heal|p2a: Enamorus|106/247|[from] item: Leftovers\n|upkeep\n|\n|t:|1783574589\n|switch|p1a: Cloyster|Cloyster, L80, F, tera:Ice|100/100\n|turn|11\n|inactive|Time left: 300 sec this turn | 300 sec total\n|\n|t:|1783574590\n|move|p2a: Enamorus|Superpower|p1a: Cloyster\n|-supereffective|p1a: Cloyster\n|-damage|p1a: Cloyster|0 fnt\n|faint|p1a: Cloyster\n|\n|win|p0y2999dcb1", "uploadtime": 1783574590, "views": 0, "rating": 0, "private": 0, "password": null, "_winner": "p0y2999dcb1", "_our_name": "p0y2999dcb1"}