{"id": "battle-gen9randombattle-2002", "formatid": "gen9randombattle", "format": "[Gen 9] Random Battle", "players": ["p0x2002f1f5", "p0y200222d7"], "log": "|init|battle\n|title|p0x2002f1f5 vs. p0y200222d7\n|j|\u2606p0x2002f1f5\n|j|\u2606p0y200222d7\n|t:|1783562437\n|gametype|singles\n|player|p1|p0x2002f1f5|265|\n|player|p2|p0y200222d7|2|\n|gen|9\n|tier|[Gen 9] Random Battle\n|rule|Species Clause: Limit one of each Pok\u00e9mon\n|rule|HP Percentage Mod: HP is shown in percentages\n|rule|Sleep Clause Mod: Limit one foe put to sleep\n|rule|Illusion Level Mod: Illusion disguises the Pok\u00e9mon's true level\n|\n|t:|1783562437\n|teamsize|p1|6\n|teamsize|p2|6\n|start\n|switch|p1a: Weezing|Weezing-Galar, L86, F|252/252\n|switch|p2a: Politoed|Politoed, L88, F|100/100\n|-weather|RainDance|[from] ability: Drizzle|[of] p2a: Politoed\n|turn|1\n|inactive|Battle timer is ON: inactive players will automatically lose when time's up. (requested by p0y200222d7)\n|inactive|Time left: 300 sec this turn | 300 sec total | 60 sec grace\n|inactive|p0x2002f1f5 also wants the timer to be on.\n|\n|t:|1783562439\n|switch|p1a: Hoopa|Hoopa, L85|275/275\n|move|p2a: Politoed|Hydro Pump|p1a: Hoopa\n|-damage|p1a: Hoopa|152/275\n|\n|-weather|RainDance|[upkeep]\n|upkeep\n|turn|2\n|inactive|Time left: 300 sec this turn | 300 sec total\n|\n|t:|1783562440\n|move|p1a: Hoopa|Psychic|p2a: Politoed\n|-damage|p2a: Politoed|56/100\n|-unboost|p2a: Politoed|spd|1\n|move|p2a: Politoed|Hydro Pump|p1a: Hoopa\n|-damage|p1a: Hoopa|26/275\n|\n|-weather|RainDance|[upkeep]\n|upkeep\n|turn|3\n|inactive|Time left: 300 sec this turn | 300 sec total\n|\n|t:|1783562441\n|switch|p2a: Krookodile|Krookodile, L79, M|100/100\n|-ability|p2a: Krookodile|Intimidate|boost\n|-unboost|p1a: Hoopa|atk|1\n|move|p1a: Hoopa|Psychic|p2a: Krookodile\n|-immune|p2a: Krookodile\n|\n|-weather|RainDance|[upkeep]\n|upkeep\n|turn|4\n|inactive|Time left: 300 sec this turn | 300 sec total\n|\n|t:|1783562442\n|move|p1a: Hoopa|Psychic|p2a: Krookodile\n|-immune|p2a: Krookodile\n|move|p2a: Krookodile|Knock Off|p1a: Hoopa\n|-supereffective|p1a: Hoopa\n|-damage|p1a: Hoopa|0 fnt\n|-enditem|p1a: Hoopa|Choice Scarf|[from] move: Knock Off|[of] p2a: Krookodile\n|faint|p1a: Hoopa\n|\n|-weather|RainDance|[upkeep]\n|upkeep\n|inactive|Time left: 300 sec this turn | 300 sec total | 5 sec grace\n|\n|t:|1783562443\n|switch|p1a: Chien-Pao|Chien-Pao, L72|234/234\n|-ability|p1a: Chien-Pao|Sword of Ruin\n|turn|5\n|inactive|Time left: 300 sec this turn | 300 sec total\n|\n|t:|1783562444\n|switch|p2a: Typhlosion|Typhlosion, L84, F|100/100\n|move|p1a: Chien-Pao|Icicle Crash|p2a: Typhlosion\n|-resisted|p2a: Typhlosion\n|-damage|p2a: Typhlosion|68/100\n|\n|-weather|none\n|upkeep\n|turn|6\n|inactive|Time left: 300 sec this turn | 300 sec total\n|\n|t:|1783562445\n|switch|p1a: Weezing|Weezing-Galar, L86, F|252/252\n|move|p2a: Typhlosion|Fire Blast|p1a: Weezing\n|-damage|p1a: Weezing|96/252\n|\n|-heal|p1a: Weezing|111/252|[from] item: Leftovers\n|upkeep\n|turn|7\n|inactive|Time left: 300 sec this turn | 300 sec total\n|\n|t:|1783562447\n|switch|p1a: Pyroar|Pyroar, L88, F|295/295\n|-ability|p1a: Pyroar|Unnerve\n|move|p2a: Typhlosion|Fire Blast|p1a: Pyroar\n|-resisted|p1a: Pyroar\n|-damage|p1a: Pyroar|224/295\n|\n|upkeep\n|turn|8\n|inactive|Time left: 300 sec this turn | 300 sec total\n|\n|t:|1783562448\n|move|p2a: Typhlosion|Fire Blast|p1a: Pyroar\n|-resisted|p1a: Pyroar\n|-damage|p1a: Pyroar|151/295\n|move|p1a: Pyroar|Hyper Voice|p2a: Typhlosion\n|-damage|p2a: Typhlosion|24/100\n|\n|upkeep\n|turn|9\n|inactive|Time left: 300 sec this turn | 300 sec total\n|\n|t:|1783562449\n|move|p2a: Typhlosion|Fire Blast|p1a: Pyroar\n|-resisted|p1a: Pyroar\n|-damage|p1a: Pyroar|78/295\n|move|p1a: Pyroar|Hyper Voice|p2a: Typhlosion\n|-damage|p2a: Typhlosion|0 fnt\n|faint|p2a: Typhlosion\n|\n|upkeep\n|\n|t:|1783562450\n|switch|p2a: Heracross|Heracross, L80, M|100/100\n|turn|10\n|inactive|Time left: 300 sec this turn | 300 sec total\n|\n|t:|1783562451\n|move|p2a: Heracross|Close Combat|p1a: Pyroar\n|-supereffective|p1a: Pyroar\n|-damage|p1a: Pyroar|0 fnt\n|-unboost|p2a: Heracross|def|1\n|-unboost|p2a: Heracross|spd|1\n|faint|p1a: Pyroar\n|-ability|p2a: Heracross|Moxie|boost\n|-boost|p2a: Heracross|atk|1\n|\n|upkeep\n|inactive|Time left: 300 sec this turn | 300 sec total | 5 sec grace\n|\n|t:|1783562452\n|switch|p1a: Weezing|Weezing-Galar, L86, F|111/252\n|turn|11\n|inactive|Time left: 300 sec this turn | 300 sec total\n|\n|t:|1783562453\n|switch|p2a: Scizor|Scizor, L79, M|100/100\n|move|p1a: Weezing|Gunk Shot|p2a: Scizor\n|-immune|p2a: Scizor\n|\n|-heal|p1a: Weezing|126/252|[from] item: Leftovers\n|upkeep\n|turn|12\n|inactive|Time left: 300 sec this turn | 300 sec total\n|\n|t:|1783562454\n|move|p2a: Scizor|Bullet Punch|p1a: Weezing\n|-supereffective|p1a: Weezing\n|-damage|p1a: Weezing|0 fnt\n|faint|p1a: Weezing\n|-damage|p2a: Scizor|90/100|[from] item: Life Orb\n|\n|upkeep\n|inactive|Time left: 300 sec this turn | 300 sec total | 5 sec grace\n|\n|t:|1783562455\n|switch|p1a: Corviknight|Corviknight, L80, M|288/288\n|-ability|p1a: Corviknight|Pressure\n|turn|13\n|inactive|Time left: 300 sec this turn | 300 sec total\n|\n|t:|1783562456\n|move|p1a: Corviknight|Brave Bird|p2a: Scizor\n|-damage|p2a: Scizor|49/100\n|-damage|p1a: Corviknight|255/288|[from] Recoil\n|move|p2a: Scizor|Swords Dance|p2a: Scizor\n|-boost|p2a: Scizor|atk|2\n|\n|-heal|p1a: Corviknight|273/288|[from] item: Leftovers\n|upkeep\n|turn|14\n|inactive|Time left: 300 sec this turn | 300 sec total\n|\n|t:|1783562457\n|move|p1a: Corviknight|Brave Bird|p2a: Scizor\n|-damage|p2a: Scizor|7/100\n|-damage|p1a: Corviknight|239/288|[from] Recoil\n|move|p2a: Scizor|Knock Off|p1a: Corviknight\n|-damage|p1a: Corviknight|51/288\n|-enditem|p1a: Corviknight|Leftovers|[from] move: Knock Off|[of] p2a: Scizor\n|-damage|p2a: Scizor|0 fnt|[from] item: Life Orb\n|faint|p2a: Scizor\n|\n|upkeep\n|\n|t:|1783562458\n|switch|p2a: Honchkrow|Honchkrow, L86, M|100/100\n|turn|15\n|inactive|Time left: 300 sec this turn | 300 sec total\n|\n|t:|1783562459\n|move|p2a: Honchkrow|Lash Out|p1a: Corviknight\n|-damage|p1a: Corviknight|0 fnt\n|faint|p1a: Corviknight\n|-ability|p2a: Honchkrow|Moxie|boost\n|-boost|p2a: Honchkrow|atk|1\n|\n|upkeep\n|inactive|Time left: 300 sec this turn | 300 sec total | 5 sec grace\n|\n|t:|1783562460\n|switch|p1a: Chien-Pao|Chien-Pao, L72|234/234\n|-ability|p1a: Chien-Pao|Sword of Ruin\n|turn|16\n|inactive|Time left: 300 sec this turn | 300 sec total\n|\n|t:|1783562461\n|move|p1a: Chien-Pao|Icicle Crash|p2a: Honchkrow\n|-supereffective|p2a: Honchkrow\n|-damage|p2a: Honchkrow|0 fnt\n|faint|p2a: Honchkrow\n|\n|upkeep\n|\n|t:|1783562462\n|switch|p2a: Heracross|Heracross, L80, M|100/100\n|turn|17\n|inactive|Time left: 300 sec this turn | 300 sec total\n|\n|t:|1783562463\n|-terastallize|p1a: Chien-Pao|Fighting\n|move|p2a: Heracross|Close Combat|p1a: Chien-Pao\n|-damage|p1a: Chien-Pao|65/234\n|-unboost|p2a: Heracross|def|1\n|-unboost|p2a: Heracross|spd|1\n|move|p1a: Chien-Pao|Icicle Crash|p2a: Heracross\n|-damage|p2a: Heracross|0 fnt\n|faint|p2a: Heracross\n|\n|upkeep\n|\n|t:|1783562464\n|switch|p2a: Krookodile|Krookodile, L79, M|100/100\n|-ability|p2a: Krookodile|Intimidate|boost\n|-unboost|p1a: Chien-Pao|atk|1\n|turn|18\n|inactive|Time left: 300 sec this turn | 300 sec total\n|\n|t:|1783562465\n|-terastallize|p2a: Krookodile|Poison\n|move|p1a: Chien-Pao|Icicle Crash|p2a: Krookodile\n|-damage|p2a: Krookodile|61/100\n|cant|p2a: Krookodile|flinch\n|\n|upkeep\n|turn|19\n|inactive|Time left: 300 sec this turn | 300 sec total\n|\n|t:|1783562465\n|switch|p1a: Dudunsparce|Dudunsparce, L83, F|343/343\n|move|p2a: Krookodile|Earthquake|p1a: Dudunsparce\n|-damage|p1a: Dudunsparce|157/343\n|\n|-heal|p1a: Dudunsparce|178/343|[from] item: Leftovers\n|upkeep\n|turn|20\n|inactive|Time left: 300 sec this turn | 300 sec total\n|\n|t:|1783562466\n|move|p2a: Krookodile|Earthquake|p1a: Dudunsparce\n|-damage|p1a: Dudunsparce|9/343\n|move|p1a: Dudunsparce|Boomburst|p2a: Krookodile\n|-damage|p2a: Krookodile|2/100\n|\n|-heal|p1a: Dudunsparce|30/343|[from] item: Leftovers\n|upkeep\n|turn|21\n|inactive|Time left: 300 sec this turn | 300 sec total\n|\n|t:|1783562467\n|switch|p2a: Politoed|Politoed, L88, F|56/100\n|-weather|RainDance|[from] ability: Drizzle|[of] p2a: Politoed\n|move|p1a: Dudunsparce|Boomburst|p2a: Politoed\n|-damage|p2a: Politoed|20/100\n|\n|-weather|RainDance|[upkeep]\n|-heal|p1a: Dudunsparce|51/343|[from] item: Leftovers\n|upkeep\n|turn|22\n|inactive|Time left: 300 sec this turn | 300 sec total\n|\n|t:|1783562468\n|move|p2a: Politoed|Rest|p2a: Politoed\n|-status|p2a: Politoed|slp|[from] move: Rest\n|-heal|p2a: Politoed|100/100 slp|[silent]\n|-enditem|p2a: Politoed|Chesto Berry|[eat]\n|-curestatus|p2a: Politoed|slp|[msg]\n|move|p1a: Dudunsparce|Boomburst|p2a: Politoed\n|-damage|p2a: Politoed|64/100\n|\n|-weather|RainDance|[upkeep]\n|-heal|p1a: Dudunsparce|72/343|[from] item: Leftovers\n|upkeep\n|turn|23\n|inactive|Time left: 300 sec this turn | 300 sec total\n|\n|t:|1783562469\n|move|p2a: Politoed|Ice Beam|p1a: Dudunsparce\n|-damage|p1a: Dudunsparce|0 fnt\n|faint|p1a: Dudunsparce\n|\n|-weather|RainDance|[upkeep]\n|upkeep\n|inactive|Time left: 300 sec this turn | 300 sec total | 5 sec grace\n|\n|t:|1783562470\n|switch|p1a: Chien-Pao|Chien-Pao, L72, tera:Fighting|65/234\n|-ability|p1a: Chien-Pao|Sword of Ruin\n|turn|24\n|inactive|Time left: 300 sec this turn | 300 sec total\n|\n|t:|1783562471\n|move|p1a: Chien-Pao|Icicle Crash|p2a: Politoed\n|-resisted|p2a: Politoed\n|-damage|p2a: Politoed|35/100\n|cant|p2a: Politoed|flinch\n|\n|-weather|RainDance|[upkeep]\n|upkeep\n|turn|25\n|inactive|Time left: 300 sec this turn | 300 sec total\n|\n|t:|1783562472\n|move|p1a: Chien-Pao|Icicle Crash|p2a: Politoed\n|-resisted|p2a: Politoed\n|-damage|p2a: Politoed|8/100\n|move|p2a: Politoed|Ice Beam|p1a: Chien-Pao\n|-damage|p1a: Chien-Pao|0 fnt\n|faint|p1a: Chien-Pao\n|\n|win|p0y200222d7", "uploadtime": 1783562472, "views": 0, "rating": 0, "private": 0, "password": null, "_winner": "p0y200222d7", "_our_name": "p0x2002f1f5"}