{"id": "battle-gen9randombattle-1763", "formatid": "gen9randombattle", "format": "[Gen 9] Random Battle", "players": ["p0x1763d1f5", "p0y176312f9"], "log": "|init|battle\n|title|p0x1763d1f5 vs. p0y176312f9\n|j|\u2606p0x1763d1f5\n|j|\u2606p0y176312f9\n|t:|1783560370\n|gametype|singles\n|player|p1|p0x1763d1f5|102|\n|player|p2|p0y176312f9|102|\n|gen|9\n|tier|[Gen 9] Random Battle\n|rule|Species Clause: Limit one of each Pok\u00e9mon\n|rule|HP Percentage Mod: HP is shown in percentages\n|rule|Sleep Clause Mod: Limit one foe put to sleep\n|rule|Illusion Level Mod: Illusion disguises the Pok\u00e9mon's true level\n|\n|t:|1783560370\n|teamsize|p1|6\n|teamsize|p2|6\n|start\n|switch|p1a: Regidrago|Regidrago, L77|100/100\n|switch|p2a: Excadrill|Excadrill, L79, F|303/303\n|-ability|p2a: Excadrill|Mold Breaker\n|turn|1\n|inactive|Battle timer is ON: inactive players will automatically lose when time's up. (requested by p0y176312f9)\n|\n|t:|1783560372\n|move|p1a: Regidrago|Outrage|p2a: Excadrill\n|-resisted|p2a: Excadrill\n|-damage|p2a: Excadrill|183/303\n|move|p2a: Excadrill|Earthquake|p1a: Regidrago\n|-damage|p1a: Regidrago|57/100\n|\n|upkeep\n|turn|2\n|inactive|Time left: 300 sec this turn | 300 sec total\n|inactive|p0x1763d1f5 also wants the timer to be on.\n|\n|t:|1783560372\n|move|p1a: Regidrago|Outrage|p2a: Excadrill|[from] lockedmove\n|-resisted|p2a: Excadrill\n|-damage|p2a: Excadrill|78/303\n|move|p2a: Excadrill|Rapid Spin|p1a: Regidrago\n|-damage|p1a: Regidrago|42/100\n|-boost|p2a: Excadrill|spe|1\n|\n|upkeep\n|turn|3\n|inactive|Time left: 300 sec this turn | 300 sec total\n|\n|t:|1783560373\n|move|p2a: Excadrill|Earthquake|p1a: Regidrago\n|-damage|p1a: Regidrago|0 fnt\n|faint|p1a: Regidrago\n|\n|upkeep\n|\n|t:|1783560374\n|switch|p1a: Stantler|Stantler, L92, M|100/100\n|-ability|p1a: Stantler|Intimidate|boost\n|-unboost|p2a: Excadrill|atk|1\n|turn|4\n|inactive|Time left: 300 sec this turn | 300 sec total\n|\n|t:|1783560375\n|move|p2a: Excadrill|Iron Head|p1a: Stantler\n|-damage|p1a: Stantler|83/100\n|move|p1a: Stantler|Calm Mind|p1a: Stantler\n|-boost|p1a: Stantler|spa|1\n|-boost|p1a: Stantler|spd|1\n|\n|upkeep\n|turn|5\n|inactive|Time left: 300 sec this turn | 300 sec total\n|\n|t:|1783560376\n|switch|p2a: Stonjourner|Stonjourner, L91, M|330/330\n|move|p1a: Stantler|Earth Power|p2a: Stonjourner\n|-supereffective|p2a: Stonjourner\n|-damage|p2a: Stonjourner|0 fnt\n|faint|p2a: Stonjourner\n|\n|upkeep\n|inactive|Time left: 300 sec this turn | 300 sec total | 5 sec grace\n|\n|t:|1783560377\n|switch|p2a: Slither Wing|Slither Wing, L81|270/270\n|-enditem|p2a: Slither Wing|Booster Energy\n|-activate|p2a: Slither Wing|ability: Protosynthesis|[fromitem]\n|-start|p2a: Slither Wing|protosynthesisatk\n|turn|6\n|inactive|Time left: 300 sec this turn | 300 sec total\n|\n|t:|1783560378\n|-terastallize|p1a: Stantler|Fairy\n|move|p1a: Stantler|Tera Blast|p2a: Slither Wing|[anim] Tera Blast Fairy\n|-supereffective|p2a: Slither Wing\n|-damage|p2a: Slither Wing|6/270\n|move|p2a: Slither Wing|Close Combat|p1a: Stantler\n|-resisted|p1a: Stantler\n|-damage|p1a: Stantler|55/100\n|-unboost|p2a: Slither Wing|def|1\n|-unboost|p2a: Slither Wing|spd|1\n|\n|upkeep\n|turn|7\n|inactive|Time left: 300 sec this turn | 300 sec total\n|\n|t:|1783560379\n|move|p1a: Stantler|Tera Blast|p2a: Slither Wing|[anim] Tera Blast Fairy\n|-supereffective|p2a: Slither Wing\n|-damage|p2a: Slither Wing|0 fnt\n|faint|p2a: Slither Wing\n|-end|p2a: Slither Wing|Protosynthesis|[silent]\n|\n|upkeep\n|inactive|Time left: 300 sec this turn | 300 sec total | 5 sec grace\n|\n|t:|1783560380\n|switch|p2a: Gengar|Gengar, L81, F|230/230\n|turn|8\n|inactive|Time left: 300 sec this turn | 300 sec total\n|\n|t:|1783560381\n|move|p2a: Gengar|Sludge Wave|p1a: Stantler\n|-supereffective|p1a: Stantler\n|-damage|p1a: Stantler|0 fnt\n|faint|p1a: Stantler\n|-damage|p2a: Gengar|207/230|[from] item: Life Orb\n|\n|upkeep\n|\n|t:|1783560382\n|switch|p1a: Camerupt|Camerupt, L91, F|100/100\n|turn|9\n|inactive|Time left: 300 sec this turn | 300 sec total\n|\n|t:|1783560383\n|switch|p2a: Slowbro|Slowbro, L85, M|300/300\n|move|p1a: Camerupt|Earthquake|p2a: Slowbro\n|-damage|p2a: Slowbro|186/300\n|\n|upkeep\n|turn|10\n|inactive|Time left: 300 sec this turn | 300 sec total\n|\n|t:|1783560383\n|move|p1a: Camerupt|Earthquake|p2a: Slowbro\n|-damage|p2a: Slowbro|74/300\n|move|p2a: Slowbro|Scald|p1a: Camerupt\n|-supereffective|p1a: Camerupt\n|-damage|p1a: Camerupt|0 fnt\n|faint|p1a: Camerupt\n|\n|upkeep\n|\n|t:|1783560385\n|switch|p1a: Revavroom|Revavroom, L79, M|100/100\n|turn|11\n|inactive|Time left: 300 sec this turn | 300 sec total\n|\n|t:|1783560386\n|move|p1a: Revavroom|Shift Gear|p1a: Revavroom\n|-boost|p1a: Revavroom|spe|2\n|-boost|p1a: Revavroom|atk|1\n|move|p2a: Slowbro|Scald|p1a: Revavroom\n|-damage|p1a: Revavroom|51/100\n|\n|upkeep\n|turn|12\n|inactive|Time left: 300 sec this turn | 300 sec total\n|\n|t:|1783560387\n|switch|p2a: Excadrill|Excadrill, L79, F|78/303\n|-ability|p2a: Excadrill|Mold Breaker\n|move|p1a: Revavroom|Gunk Shot|p2a: Excadrill\n|-immune|p2a: Excadrill\n|\n|upkeep\n|turn|13\n|inactive|Time left: 300 sec this turn | 300 sec total\n|\n|t:|1783560388\n|move|p1a: Revavroom|Iron Head|p2a: Excadrill\n|-resisted|p2a: Excadrill\n|-damage|p2a: Excadrill|0 fnt\n|faint|p2a: Excadrill\n|-damage|p1a: Revavroom|42/100|[from] item: Life Orb\n|\n|upkeep\n|inactive|Time left: 300 sec this turn | 300 sec total | 5 sec grace\n|\n|t:|1783560389\n|switch|p2a: Gothitelle|Gothitelle, L90, F|272/272\n|turn|14\n|inactive|Time left: 300 sec this turn | 300 sec total\n|\n|t:|1783560389\n|move|p1a: Revavroom|Iron Head|p2a: Gothitelle\n|-damage|p2a: Gothitelle|107/272\n|-damage|p1a: Revavroom|32/100|[from] item: Life Orb\n|move|p2a: Gothitelle|Psychic Noise|p1a: Revavroom\n|-damage|p1a: Revavroom|0 fnt\n|faint|p1a: Revavroom\n|\n|-heal|p2a: Gothitelle|124/272|[from] item: Leftovers\n|upkeep\n|\n|t:|1783560390\n|switch|p1a: Rayquaza|Rayquaza, L72|100/100\n|-ability|p1a: Rayquaza|Air Lock\n|turn|15\n|inactive|Time left: 300 sec this turn | 300 sec total\n|\n|t:|1783560391\n|move|p1a: Rayquaza|Earthquake|p2a: Gothitelle\n|-damage|p2a: Gothitelle|30/272\n|move|p2a: Gothitelle|Psychic Noise|p1a: Rayquaza\n|-damage|p1a: Rayquaza|66/100\n|-start|p1a: Rayquaza|move: Heal Block\n|\n|-heal|p2a: Gothitelle|47/272|[from] item: Leftovers\n|upkeep\n|turn|16\n|inactive|Time left: 300 sec this turn | 300 sec total\n|\n|t:|1783560392\n|move|p1a: Rayquaza|Earthquake|p2a: Gothitelle\n|-damage|p2a: Gothitelle|0 fnt\n|faint|p2a: Gothitelle\n|\n|-end|p1a: Rayquaza|move: Heal Block\n|upkeep\n|inactive|Time left: 300 sec this turn | 300 sec total | 5 sec grace\n|\n|t:|1783560393\n|switch|p2a: Slowbro|Slowbro, L85, M|174/300\n|turn|17\n|inactive|Time left: 300 sec this turn | 300 sec total\n|\n|t:|1783560394\n|move|p1a: Rayquaza|Earthquake|p2a: Slowbro\n|-damage|p2a: Slowbro|74/300\n|move|p2a: Slowbro|Ice Beam|p1a: Rayquaza\n|-supereffective|p1a: Rayquaza\n|-damage|p1a: Rayquaza|0 fnt\n|faint|p1a: Rayquaza\n|\n|upkeep\n|\n|t:|1783560395\n|switch|p1a: Deoxys|Deoxys-Speed, L82|100/100\n|-ability|p1a: Deoxys|Pressure\n|turn|18\n|inactive|Time left: 300 sec this turn | 300 sec total\n|\n|t:|1783560396\n|move|p1a: Deoxys|Spikes|p2a: Slowbro\n|-sidestart|p2: p0y176312f9|Spikes\n|move|p2a: Slowbro|Scald|p1a: Deoxys\n|-damage|p1a: Deoxys|56/100\n|-status|p1a: Deoxys|brn\n|\n|-heal|p1a: Deoxys|62/100 brn|[from] item: Leftovers\n|-damage|p1a: Deoxys|56/100 brn|[from] brn\n|upkeep\n|turn|19\n|inactive|Time left: 300 sec this turn | 300 sec total\n|\n|t:|1783560397\n|move|p1a: Deoxys|Spikes|p2a: Slowbro\n|-sidestart|p2: p0y176312f9|Spikes\n|move|p2a: Slowbro|Scald|p1a: Deoxys\n|-damage|p1a: Deoxys|13/100 brn\n|\n|-heal|p1a: Deoxys|19/100 brn|[from] item: Leftovers\n|-damage|p1a: Deoxys|13/100 brn|[from] brn\n|upkeep\n|turn|20\n|inactive|Time left: 300 sec this turn | 300 sec total\n|\n|t:|1783560398\n|move|p1a: Deoxys|Psycho Boost|p2a: Slowbro\n|-resisted|p2a: Slowbro\n|-damage|p2a: Slowbro|23/300\n|-unboost|p1a: Deoxys|spa|2\n|move|p2a: Slowbro|Ice Beam|p1a: Deoxys\n|-damage|p1a: Deoxys|0 fnt\n|faint|p1a: Deoxys\n|\n|win|p0y176312f9", "uploadtime": 1783560398, "views": 0, "rating": 0, "private": 0, "password": null, "_winner": "p0y176312f9", "_our_name": "p0y176312f9"}