{"id": "battle-gen9randombattle-242", "formatid": "gen9randombattle", "format": "[Gen 9] Random Battle", "players": ["p0x242b62d", "p0y24251eb"], "log": "|init|battle\n|title|p0x242b62d vs. p0y24251eb\n|j|\u2606p0x242b62d\n|j|\u2606p0y24251eb\n|t:|1783536084\n|gametype|singles\n|player|p1|p0x242b62d|266|\n|player|p2|p0y24251eb|102|\n|gen|9\n|tier|[Gen 9] Random Battle\n|rule|Species Clause: Limit one of each Pok\u00e9mon\n|rule|HP Percentage Mod: HP is shown in percentages\n|rule|Sleep Clause Mod: Limit one foe put to sleep\n|rule|Illusion Level Mod: Illusion disguises the Pok\u00e9mon's true level\n|\n|t:|1783536084\n|teamsize|p1|6\n|teamsize|p2|6\n|start\n|switch|p1a: Granbull|Granbull, L88, F|302/302\n|switch|p2a: Houndoom|Houndoom, L87, F|100/100\n|-ability|p1a: Granbull|Intimidate|boost\n|-unboost|p2a: Houndoom|atk|1\n|turn|1\n|inactive|Battle timer is ON: inactive players will automatically lose when time's up. (requested by p0x242b62d)\n|inactive|p0y24251eb also wants the timer to be on.\n|\n|t:|1783536085\n|move|p2a: Houndoom|Sludge Bomb|p1a: Granbull\n|-supereffective|p1a: Granbull\n|-damage|p1a: Granbull|128/302\n|move|p1a: Granbull|Earthquake|p2a: Houndoom\n|-supereffective|p2a: Houndoom\n|-damage|p2a: Houndoom|3/100\n|\n|-heal|p1a: Granbull|146/302|[from] item: Leftovers\n|upkeep\n|turn|2\n|inactive|Time left: 300 sec this turn | 300 sec total\n|\n|t:|1783536086\n|switch|p1a: Muk|Muk, L86, M|321/321\n|move|p2a: Houndoom|Fire Blast|p1a: Muk\n|-damage|p1a: Muk|237/321\n|\n|upkeep\n|turn|3\n|inactive|Time left: 300 sec this turn | 300 sec total\n|\n|t:|1783536087\n|move|p1a: Muk|Shadow Sneak|p2a: Houndoom\n|-resisted|p2a: Houndoom\n|-damage|p2a: Houndoom|0 fnt\n|faint|p2a: Houndoom\n|\n|upkeep\n|\n|t:|1783536088\n|switch|p2a: Garchomp|Garchomp, L74, F|100/100\n|turn|4\n|inactive|Time left: 300 sec this turn | 300 sec total\n|\n|t:|1783536089\n|switch|p1a: Granbull|Granbull, L88, F|146/302\n|-ability|p1a: Granbull|Intimidate|boost\n|-unboost|p2a: Garchomp|atk|1\n|move|p2a: Garchomp|Earthquake|p1a: Granbull\n|-damage|p1a: Granbull|68/302\n|\n|-heal|p1a: Granbull|86/302|[from] item: Leftovers\n|upkeep\n|turn|5\n|inactive|Time left: 300 sec this turn | 300 sec total\n|\n|t:|1783536090\n|move|p2a: Garchomp|Stealth Rock|p1a: Granbull\n|-sidestart|p1: p0x242b62d|move: Stealth Rock\n|move|p1a: Granbull|Play Rough|p2a: Garchomp\n|-supereffective|p2a: Garchomp\n|-damage|p2a: Garchomp|9/100\n|-damage|p1a: Granbull|49/302|[from] ability: Rough Skin|[of] p2a: Garchomp\n|-damage|p1a: Granbull|0 fnt|[from] item: Rocky Helmet|[of] p2a: Garchomp\n|faint|p1a: Granbull\n|\n|upkeep\n|inactive|Time left: 300 sec this turn | 300 sec total | 5 sec grace\n|\n|t:|1783536091\n|switch|p1a: Ting-Lu|Ting-Lu, L78|370/370\n|-damage|p1a: Ting-Lu|347/370|[from] Stealth Rock\n|-ability|p1a: Ting-Lu|Vessel of Ruin\n|turn|6\n|inactive|Time left: 300 sec this turn | 300 sec total\n|\n|t:|1783536092\n|switch|p2a: Tornadus|Tornadus, L82, M|100/100\n|move|p1a: Ting-Lu|Spikes|p2a: Tornadus\n|-sidestart|p2: p0y24251eb|Spikes\n|\n|-heal|p1a: Ting-Lu|370/370|[from] item: Leftovers\n|upkeep\n|turn|7\n|inactive|Time left: 300 sec this turn | 300 sec total\n|\n|t:|1783536093\n|move|p2a: Tornadus|Bleakwind Storm|p1a: Ting-Lu\n|-damage|p1a: Ting-Lu|264/370\n|move|p1a: Ting-Lu|Stealth Rock|p2a: Tornadus\n|-sidestart|p2: p0y24251eb|move: Stealth Rock\n|\n|-heal|p1a: Ting-Lu|287/370|[from] item: Leftovers\n|upkeep\n|turn|8\n|inactive|Time left: 300 sec this turn | 300 sec total\n|\n|t:|1783536095\n|move|p2a: Tornadus|Heat Wave|p1a: Ting-Lu\n|-damage|p1a: Ting-Lu|221/370\n|move|p1a: Ting-Lu|Throat Chop|p2a: Tornadus\n|-crit|p2a: Tornadus\n|-damage|p2a: Tornadus|48/100\n|-start|p2a: Tornadus|Throat Chop|[silent]\n|\n|-heal|p1a: Ting-Lu|244/370|[from] item: Leftovers\n|upkeep\n|turn|9\n|inactive|Time left: 300 sec this turn | 300 sec total\n|\n|t:|1783536096\n|move|p2a: Tornadus|Bleakwind Storm|p1a: Ting-Lu\n|-damage|p1a: Ting-Lu|136/370\n|-unboost|p1a: Ting-Lu|spe|1\n|move|p1a: Ting-Lu|Throat Chop|p2a: Tornadus\n|-damage|p2a: Tornadus|8/100\n|\n|-heal|p1a: Ting-Lu|159/370|[from] item: Leftovers\n|-end|p2a: Tornadus|Throat Chop|[silent]\n|upkeep\n|turn|10\n|inactive|Time left: 300 sec this turn | 300 sec total\n|\n|t:|1783536097\n|switch|p1a: Jolteon|Jolteon, L84, M|246/246\n|move|p2a: Tornadus|Focus Blast|p1a: Jolteon|[miss]\n|-miss|p2a: Tornadus|p1a: Jolteon\n|\n|upkeep\n|turn|11\n|inactive|Time left: 300 sec this turn | 300 sec total\n|\n|t:|1783536098\n|switch|p2a: Piloswine|Piloswine, L85, F|100/100\n|-damage|p2a: Piloswine|88/100|[from] Spikes\n|-damage|p2a: Piloswine|76/100|[from] Stealth Rock\n|move|p1a: Jolteon|Volt Switch|p2a: Piloswine\n|-immune|p2a: Piloswine\n|\n|upkeep\n|turn|12\n|inactive|Time left: 300 sec this turn | 300 sec total\n|\n|t:|1783536099\n|switch|p1a: Gallade|Gallade, L80, M|240/240\n|-damage|p1a: Gallade|225/240|[from] Stealth Rock\n|move|p2a: Piloswine|Earthquake|p1a: Gallade\n|-damage|p1a: Gallade|77/240\n|\n|upkeep\n|turn|13\n|inactive|Time left: 300 sec this turn | 300 sec total\n|\n|t:|1783536100\n|-terastallize|p2a: Piloswine|Dragon\n|move|p1a: Gallade|Sacred Sword|p2a: Piloswine\n|-damage|p2a: Piloswine|28/100\n|-damage|p1a: Gallade|53/240|[from] item: Life Orb\n|move|p2a: Piloswine|Earthquake|p1a: Gallade\n|-damage|p1a: Gallade|0 fnt\n|faint|p1a: Gallade\n|\n|upkeep\n|inactive|Time left: 300 sec this turn | 300 sec total | 5 sec grace\n|\n|t:|1783536102\n|switch|p1a: Jolteon|Jolteon, L84, M|246/246\n|turn|14\n|inactive|Time left: 300 sec this turn | 300 sec total\n|\n|t:|1783536103\n|move|p2a: Piloswine|Ice Shard|p1a: Jolteon\n|-damage|p1a: Jolteon|183/246\n|move|p1a: Jolteon|Alluring Voice|p2a: Piloswine\n|-supereffective|p2a: Piloswine\n|-damage|p2a: Piloswine|0 fnt\n|faint|p2a: Piloswine\n|\n|upkeep\n|\n|t:|1783536104\n|switch|p2a: Trevenant|Trevenant, L89, M|100/100\n|-damage|p2a: Trevenant|88/100|[from] Spikes\n|-damage|p2a: Trevenant|75/100|[from] Stealth Rock\n|turn|15\n|inactive|Time left: 300 sec this turn | 300 sec total\n|\n|t:|1783536105\n|move|p1a: Jolteon|Volt Switch|p2a: Trevenant\n|-resisted|p2a: Trevenant\n|-damage|p2a: Trevenant|63/100\n|inactive|Time left: 300 sec this turn | 300 sec total | 5 sec grace\n|\n|t:|1783536106\n|switch|p1a: Muk|Muk, L86, M|237/321|[from] Volt Switch\n|-damage|p1a: Muk|197/321|[from] Stealth Rock\n|move|p2a: Trevenant|Poltergeist|p1a: Muk\n|-activate|p1a: Muk|move: Poltergeist|Assault Vest\n|-damage|p1a: Muk|0 fnt\n|faint|p1a: Muk\n|-damage|p2a: Trevenant|53/100|[from] item: Life Orb\n|\n|upkeep\n|inactive|Time left: 300 sec this turn | 300 sec total | 10 sec grace\n|\n|t:|1783536107\n|switch|p1a: Goodra|Goodra-Hisui, L82, F|265/265\n|-damage|p1a: Goodra|249/265|[from] Stealth Rock\n|turn|16\n|inactive|Time left: 300 sec this turn | 300 sec total\n|\n|t:|1783536108\n|-terastallize|p1a: Goodra|Ground\n|move|p2a: Trevenant|Drain Punch|p1a: Goodra\n|-damage|p1a: Goodra|166/265\n|-heal|p2a: Trevenant|67/100|[from] drain|[of] p1a: Goodra\n|-damage|p2a: Trevenant|57/100|[from] item: Life Orb\n|move|p1a: Goodra|Fire Blast|p2a: Trevenant\n|-supereffective|p2a: Trevenant\n|-damage|p2a: Trevenant|6/100\n|\n|upkeep\n|turn|17\n|inactive|Time left: 300 sec this turn | 300 sec total\n|\n|t:|1783536109\n|move|p2a: Trevenant|Poltergeist|p1a: Goodra\n|-activate|p1a: Goodra|move: Poltergeist|Assault Vest\n|-damage|p1a: Goodra|0 fnt\n|faint|p1a: Goodra\n|-damage|p2a: Trevenant|0 fnt|[from] item: Life Orb\n|faint|p2a: Trevenant\n|\n|upkeep\n|inactive|Time left: 300 sec this turn | 300 sec total | 5 sec grace\n|\n|t:|1783536110\n|switch|p2a: Pecharunt|Pecharunt, L77|100/100\n|switch|p1a: Jolteon|Jolteon, L84, M|183/246\n|-damage|p2a: Pecharunt|88/100|[from] Spikes\n|-damage|p2a: Pecharunt|76/100|[from] Stealth Rock\n|turn|18\n|inactive|Time left: 300 sec this turn | 300 sec total\n|\n|t:|1783536111\n|move|p1a: Jolteon|Thunderbolt|p2a: Pecharunt\n|-damage|p2a: Pecharunt|33/100\n|move|p2a: Pecharunt|Recover|p2a: Pecharunt\n|-heal|p2a: Pecharunt|83/100\n|\n|-heal|p2a: Pecharunt|89/100|[from] item: Leftovers\n|upkeep\n|turn|19\n|inactive|Time left: 300 sec this turn | 300 sec total\n|\n|t:|1783536112\n|move|p1a: Jolteon|Calm Mind|p1a: Jolteon\n|-boost|p1a: Jolteon|spa|1\n|-boost|p1a: Jolteon|spd|1\n|move|p2a: Pecharunt|Recover|p2a: Pecharunt\n|-heal|p2a: Pecharunt|100/100\n|\n|upkeep\n|turn|20\n|inactive|Time left: 300 sec this turn | 300 sec total\n|\n|t:|1783536113\n|move|p1a: Jolteon|Thunderbolt|p2a: Pecharunt\n|-damage|p2a: Pecharunt|37/100\n|move|p2a: Pecharunt|Recover|p2a: Pecharunt\n|-heal|p2a: Pecharunt|87/100\n|\n|-heal|p2a: Pecharunt|93/100|[from] item: Leftovers\n|upkeep\n|turn|21\n|inactive|Time left: 300 sec this turn | 300 sec total\n|\n|t:|1783536114\n|move|p1a: Jolteon|Thunderbolt|p2a: Pecharunt\n|-damage|p2a: Pecharunt|30/100\n|move|p2a: Pecharunt|Recover|p2a: Pecharunt\n|-heal|p2a: Pecharunt|80/100\n|\n|-heal|p2a: Pecharunt|86/100|[from] item: Leftovers\n|upkeep\n|turn|22\n|inactive|Time left: 300 sec this turn | 300 sec total\n|\n|t:|1783536115\n|move|p1a: Jolteon|Thunderbolt|p2a: Pecharunt\n|-damage|p2a: Pecharunt|25/100\n|move|p2a: Pecharunt|Recover|p2a: Pecharunt\n|-heal|p2a: Pecharunt|75/100\n|\n|-heal|p2a: Pecharunt|81/100|[from] item: Leftovers\n|upkeep\n|turn|23\n|inactive|Time left: 300 sec this turn | 300 sec total\n|\n|t:|1783536116\n|move|p1a: Jolteon|Thunderbolt|p2a: Pecharunt\n|-damage|p2a: Pecharunt|21/100\n|-status|p2a: Pecharunt|par\n|cant|p2a: Pecharunt|par\n|\n|-heal|p2a: Pecharunt|27/100 par|[from] item: Leftovers\n|upkeep\n|turn|24\n|inactive|Time left: 300 sec this turn | 300 sec total\n|\n|t:|1783536117\n|switch|p2a: Garchomp|Garchomp, L74, F|9/100\n|-damage|p2a: Garchomp|0 fnt|[from] Spikes\n|faint|p2a: Garchomp\n|move|p1a: Jolteon|Thunderbolt|p2: Garchomp|[notarget]\n|-fail|p1a: Jolteon\n|\n|upkeep\n|\n|t:|1783536118\n|switch|p2a: Tornadus|Tornadus, L82, M|8/100\n|turn|25\n|inactive|Time left: 300 sec this turn | 300 sec total\n|\n|t:|1783536119\n|move|p1a: Jolteon|Thunderbolt|p2a: Tornadus\n|-supereffective|p2a: Tornadus\n|-damage|p2a: Tornadus|0 fnt\n|faint|p2a: Tornadus\n|\n|upkeep\n|\n|t:|1783536120\n|switch|p2a: Pecharunt|Pecharunt, L77|27/100 par\n|-damage|p2a: Pecharunt|15/100 par|[from] Spikes\n|-damage|p2a: Pecharunt|3/100 par|[from] Stealth Rock\n|turn|26\n|inactive|Time left: 300 sec this turn | 300 sec total\n|\n|t:|1783536121\n|move|p1a: Jolteon|Thunderbolt|p2a: Pecharunt\n|-damage|p2a: Pecharunt|0 fnt\n|faint|p2a: Pecharunt\n|\n|win|p0x242b62d", "uploadtime": 1783536121, "views": 0, "rating": 0, "private": 0, "password": null, "_winner": "p0x242b62d", "_our_name": "p0x242b62d"}