{"id": "battle-gen9randombattle-248", "formatid": "gen9randombattle", "format": "[Gen 9] Random Battle", "players": ["p0x2485bb5", "p0y24836a2"], "log": "|init|battle\n|title|p0x2485bb5 vs. p0y24836a2\n|j|\u2606p0x2485bb5\n|j|\u2606p0y24836a2\n|t:|1783536137\n|gametype|singles\n|player|p1|p0x2485bb5|2|\n|player|p2|p0y24836a2|266|\n|gen|9\n|tier|[Gen 9] Random Battle\n|rule|Species Clause: Limit one of each Pok\u00e9mon\n|rule|HP Percentage Mod: HP is shown in percentages\n|rule|Sleep Clause Mod: Limit one foe put to sleep\n|rule|Illusion Level Mod: Illusion disguises the Pok\u00e9mon's true level\n|\n|t:|1783536137\n|teamsize|p1|6\n|teamsize|p2|6\n|start\n|switch|p1a: Oinkologne|Oinkologne-F, L92, F|361/361\n|switch|p2a: Terapagos|Terapagos, L77, M|100/100\n|-activate|p2a: Terapagos|ability: Tera Shift\n|detailschange|p2a: Terapagos|Terapagos-Terastal, L77, M\n|-heal|p2a: Terapagos|100/100|[silent]\n|turn|1\n|inactive|Battle timer is ON: inactive players will automatically lose when time's up. (requested by p0y24836a2)\n|inactive|Time left: 300 sec this turn | 300 sec total | 60 sec grace\n|inactive|p0x2485bb5 also wants the timer to be on.\n|\n|t:|1783536139\n|move|p2a: Terapagos|Calm Mind|p2a: Terapagos\n|-boost|p2a: Terapagos|spa|1\n|-boost|p2a: Terapagos|spd|1\n|move|p1a: Oinkologne|Double-Edge|p2a: Terapagos\n|-activate|p2a: Terapagos|ability: Tera Shell\n|-resisted|p2a: Terapagos\n|-damage|p2a: Terapagos|76/100\n|-damage|p1a: Oinkologne|339/361|[from] Recoil\n|\n|-heal|p1a: Oinkologne|361/361|[from] item: Leftovers\n|upkeep\n|turn|2\n|inactive|Time left: 300 sec this turn | 300 sec total\n|\n|t:|1783536141\n|move|p2a: Terapagos|Tera Starstorm|p1a: Oinkologne\n|-damage|p1a: Oinkologne|207/361\n|move|p1a: Oinkologne|Double-Edge|p2a: Terapagos\n|-damage|p2a: Terapagos|26/100\n|-damage|p1a: Oinkologne|161/361|[from] Recoil\n|\n|-heal|p1a: Oinkologne|183/361|[from] item: Leftovers\n|upkeep\n|turn|3\n|inactive|Time left: 300 sec this turn | 300 sec total\n|\n|t:|1783536142\n|move|p2a: Terapagos|Tera Starstorm|p1a: Oinkologne\n|-damage|p1a: Oinkologne|21/361\n|move|p1a: Oinkologne|Double-Edge|p2a: Terapagos\n|-damage|p2a: Terapagos|0 fnt\n|faint|p2a: Terapagos\n|-damage|p1a: Oinkologne|0 fnt|[from] Recoil\n|faint|p1a: Oinkologne\n|\n|upkeep\n|inactive|Time left: 300 sec this turn | 300 sec total | 5 sec grace\n|\n|t:|1783536143\n|switch|p2a: Appletun|Appletun, L92, M|100/100\n|switch|p1a: Glastrier|Glastrier, L86|311/311\n|turn|4\n|inactive|Time left: 300 sec this turn | 300 sec total\n|\n|t:|1783536144\n|move|p2a: Appletun|Apple Acid|p1a: Glastrier\n|-damage|p1a: Glastrier|227/311\n|-unboost|p1a: Glastrier|spd|1\n|move|p1a: Glastrier|Icicle Crash|p2a: Appletun\n|-supereffective|p2a: Appletun\n|-damage|p2a: Appletun|0 fnt\n|faint|p2a: Appletun\n|-ability|p1a: Glastrier|Chilling Neigh|boost\n|-boost|p1a: Glastrier|atk|1\n|\n|upkeep\n|\n|t:|1783536145\n|switch|p2a: Perrserker|Perrserker, L89, M|100/100\n|turn|5\n|inactive|Time left: 300 sec this turn | 300 sec total\n|\n|t:|1783536146\n|move|p2a: Perrserker|Iron Head|p1a: Glastrier\n|-supereffective|p1a: Glastrier\n|-damage|p1a: Glastrier|0 fnt\n|faint|p1a: Glastrier\n|\n|upkeep\n|inactive|Time left: 300 sec this turn | 300 sec total | 5 sec grace\n|\n|t:|1783536147\n|switch|p1a: Delphox|Delphox, L84, F|263/263\n|turn|6\n|inactive|Time left: 300 sec this turn | 300 sec total\n|\n|t:|1783536149\n|switch|p2a: Suicune|Suicune, L82|100/100\n|-ability|p2a: Suicune|Pressure\n|move|p1a: Delphox|Fire Blast|p2a: Suicune\n|-resisted|p2a: Suicune\n|-damage|p2a: Suicune|82/100\n|\n|-heal|p2a: Suicune|88/100|[from] item: Leftovers\n|upkeep\n|turn|7\n|inactive|Time left: 300 sec this turn | 300 sec total\n|\n|t:|1783536150\n|move|p1a: Delphox|Nasty Plot|p1a: Delphox\n|-boost|p1a: Delphox|spa|2\n|move|p2a: Suicune|Calm Mind|p2a: Suicune\n|-boost|p2a: Suicune|spa|1\n|-boost|p2a: Suicune|spd|1\n|\n|-heal|p2a: Suicune|94/100|[from] item: Leftovers\n|upkeep\n|turn|8\n|inactive|Time left: 300 sec this turn | 300 sec total\n|\n|t:|1783536151\n|move|p1a: Delphox|Psyshock|p2a: Suicune\n|-damage|p2a: Suicune|43/100\n|move|p2a: Suicune|Scald|p1a: Delphox\n|-supereffective|p1a: Delphox\n|-damage|p1a: Delphox|57/263\n|\n|-heal|p2a: Suicune|49/100|[from] item: Leftovers\n|upkeep\n|turn|9\n|inactive|Time left: 300 sec this turn | 300 sec total\n|\n|t:|1783536152\n|-terastallize|p2a: Suicune|Steel\n|move|p1a: Delphox|Psyshock|p2a: Suicune\n|-resisted|p2a: Suicune\n|-damage|p2a: Suicune|24/100\n|move|p2a: Suicune|Scald|p1a: Delphox\n|-supereffective|p1a: Delphox\n|-damage|p1a: Delphox|0 fnt\n|faint|p1a: Delphox\n|\n|-heal|p2a: Suicune|30/100|[from] item: Leftovers\n|upkeep\n|inactive|Time left: 300 sec this turn | 300 sec total | 5 sec grace\n|\n|t:|1783536153\n|switch|p1a: Zamazenta|Zamazenta, L71|248/248\n|-ability|p1a: Zamazenta|Dauntless Shield|boost\n|-boost|p1a: Zamazenta|def|1\n|turn|10\n|inactive|Time left: 300 sec this turn | 300 sec total\n|\n|t:|1783536154\n|move|p1a: Zamazenta|Close Combat|p2a: Suicune\n|-supereffective|p2a: Suicune\n|-damage|p2a: Suicune|0 fnt\n|-unboost|p1a: Zamazenta|def|1\n|-unboost|p1a: Zamazenta|spd|1\n|faint|p2a: Suicune\n|\n|upkeep\n|\n|t:|1783536155\n|switch|p2a: Blaziken|Blaziken, L76, M|100/100\n|turn|11\n|inactive|Time left: 300 sec this turn | 300 sec total\n|\n|t:|1783536156\n|-terastallize|p1a: Zamazenta|Fighting\n|move|p1a: Zamazenta|Close Combat|p2a: Blaziken\n|-crit|p2a: Blaziken\n|-damage|p2a: Blaziken|0 fnt\n|-unboost|p1a: Zamazenta|def|1\n|-unboost|p1a: Zamazenta|spd|1\n|faint|p2a: Blaziken\n|\n|upkeep\n|\n|t:|1783536157\n|switch|p2a: Perrserker|Perrserker, L89, M|100/100\n|turn|12\n|inactive|Time left: 300 sec this turn | 300 sec total\n|\n|t:|1783536158\n|move|p1a: Zamazenta|Close Combat|p2a: Perrserker\n|-supereffective|p2a: Perrserker\n|-damage|p2a: Perrserker|0 fnt\n|-unboost|p1a: Zamazenta|def|1\n|-unboost|p1a: Zamazenta|spd|1\n|faint|p2a: Perrserker\n|\n|upkeep\n|\n|t:|1783536159\n|switch|p2a: Magnezone|Magnezone, L85|100/100\n|turn|13\n|inactive|Time left: 300 sec this turn | 300 sec total\n|\n|t:|1783536159\n|move|p1a: Zamazenta|Close Combat|p2a: Magnezone\n|-supereffective|p2a: Magnezone\n|-damage|p2a: Magnezone|0 fnt\n|-unboost|p1a: Zamazenta|def|1\n|-unboost|p1a: Zamazenta|spd|1\n|faint|p2a: Magnezone\n|\n|win|p0x2485bb5", "uploadtime": 1783536159, "views": 0, "rating": 0, "private": 0, "password": null, "_winner": "p0x2485bb5", "_our_name": "p0x2485bb5"}