{"id": "battle-gen9randombattle-128", "formatid": "gen9randombattle", "format": "[Gen 9] Random Battle", "players": ["p0x128d146", "p0y128bf19"], "log": "|init|battle\n|title|p0x128d146 vs. p0y128bf19\n|j|\u2606p0x128d146\n|j|\u2606p0y128bf19\n|t:|1783540635\n|gametype|singles\n|player|p1|p0x128d146|101|\n|player|p2|p0y128bf19|102|\n|gen|9\n|tier|[Gen 9] Random Battle\n|rule|Species Clause: Limit one of each Pok\u00e9mon\n|rule|HP Percentage Mod: HP is shown in percentages\n|rule|Sleep Clause Mod: Limit one foe put to sleep\n|rule|Illusion Level Mod: Illusion disguises the Pok\u00e9mon's true level\n|\n|t:|1783540635\n|teamsize|p1|6\n|teamsize|p2|6\n|start\n|switch|p1a: Latios|Latios, L78, M|253/253\n|switch|p2a: Komala|Komala, L87, F|100/100\n|-ability|p2a: Komala|Comatose\n|turn|1\n|inactive|Battle timer is ON: inactive players will automatically lose when time's up. (requested by p0x128d146)\n|inactive|p0y128bf19 also wants the timer to be on.\n|\n|t:|1783540637\n|switch|p1a: Dudunsparce|Dudunsparce, L83, M|343/343\n|move|p2a: Komala|Knock Off|p1a: Dudunsparce\n|-damage|p1a: Dudunsparce|249/343\n|-ability|p1a: Dudunsparce|Rattled|boost\n|-boost|p1a: Dudunsparce|spe|1\n|-enditem|p1a: Dudunsparce|Leftovers|[from] move: Knock Off|[of] p2a: Komala\n|\n|upkeep\n|turn|2\n|inactive|Time left: 300 sec this turn | 300 sec total\n|\n|t:|1783540638\n|move|p1a: Dudunsparce|Boomburst|p2a: Komala\n|-damage|p2a: Komala|70/100\n|move|p2a: Komala|Body Slam|p1a: Dudunsparce\n|-crit|p1a: Dudunsparce\n|-damage|p1a: Dudunsparce|63/343\n|-status|p1a: Dudunsparce|par\n|\n|upkeep\n|turn|3\n|inactive|Time left: 300 sec this turn | 300 sec total\n|\n|t:|1783540639\n|move|p2a: Komala|Rapid Spin|p1a: Dudunsparce\n|-damage|p1a: Dudunsparce|0 fnt\n|-boost|p2a: Komala|spe|1\n|faint|p1a: Dudunsparce\n|\n|upkeep\n|inactive|Time left: 300 sec this turn | 300 sec total | 5 sec grace\n|\n|t:|1783540640\n|switch|p1a: Medicham|Medicham, L86, F|243/243\n|turn|4\n|inactive|Time left: 300 sec this turn | 300 sec total\n|\n|t:|1783540642\n|move|p2a: Komala|Knock Off|p1a: Medicham\n|-damage|p1a: Medicham|146/243\n|-enditem|p1a: Medicham|Choice Band|[from] move: Knock Off|[of] p2a: Komala\n|move|p1a: Medicham|Zen Headbutt|p2a: Komala\n|-damage|p2a: Komala|15/100\n|\n|upkeep\n|turn|5\n|inactive|Time left: 300 sec this turn | 300 sec total\n|\n|t:|1783540643\n|switch|p2a: Giratina|Giratina, L75|100/100\n|-ability|p2a: Giratina|Pressure\n|move|p1a: Medicham|Bullet Punch|p2a: Giratina\n|-damage|p2a: Giratina|89/100\n|\n|-heal|p2a: Giratina|95/100|[from] item: Leftovers\n|upkeep\n|turn|6\n|inactive|Time left: 300 sec this turn | 300 sec total\n|\n|t:|1783540644\n|switch|p1a: Rotom|Rotom-Frost, L87|229/229\n|move|p2a: Giratina|Shadow Ball|p1a: Rotom\n|-damage|p1a: Rotom|169/229\n|\n|-heal|p2a: Giratina|100/100|[from] item: Leftovers\n|upkeep\n|turn|7\n|inactive|Time left: 300 sec this turn | 300 sec total\n|\n|t:|1783540645\n|move|p1a: Rotom|Blizzard|p2a: Giratina\n|-supereffective|p2a: Giratina\n|-damage|p2a: Giratina|30/100\n|move|p2a: Giratina|Dragon Tail|p1a: Rotom\n|-damage|p1a: Rotom|127/229\n|drag|p1a: Piloswine|Piloswine, L85, M|309/309\n|\n|-heal|p2a: Giratina|36/100|[from] item: Leftovers\n|upkeep\n|turn|8\n|inactive|Time left: 300 sec this turn | 300 sec total\n|\n|t:|1783540647\n|move|p2a: Giratina|Will-O-Wisp|p1a: Piloswine\n|-status|p1a: Piloswine|brn\n|move|p1a: Piloswine|Icicle Crash|p2a: Giratina\n|-supereffective|p2a: Giratina\n|-damage|p2a: Giratina|13/100\n|\n|-heal|p2a: Giratina|19/100|[from] item: Leftovers\n|-damage|p1a: Piloswine|290/309 brn|[from] brn\n|upkeep\n|turn|9\n|inactive|Time left: 300 sec this turn | 300 sec total\n|\n|t:|1783540648\n|move|p2a: Giratina|Rest|p2a: Giratina\n|-status|p2a: Giratina|slp|[from] move: Rest\n|-heal|p2a: Giratina|100/100 slp|[silent]\n|move|p1a: Piloswine|Stealth Rock|p2a: Giratina\n|-sidestart|p2: p0y128bf19|move: Stealth Rock\n|\n|-damage|p1a: Piloswine|271/309 brn|[from] brn\n|upkeep\n|turn|10\n|inactive|Time left: 300 sec this turn | 300 sec total\n|\n|t:|1783540649\n|switch|p2a: Passimian|Passimian, L83, F|100/100\n|-damage|p2a: Passimian|95/100|[from] Stealth Rock\n|switch|p1a: Rotom|Rotom-Frost, L87|127/229\n|\n|-heal|p2a: Passimian|100/100|[from] item: Leftovers\n|upkeep\n|turn|11\n|inactive|Time left: 300 sec this turn | 300 sec total\n|\n|t:|1783540650\n|move|p1a: Rotom|Will-O-Wisp|p2a: Passimian\n|-status|p2a: Passimian|brn\n|move|p2a: Passimian|Drain Punch|p1a: Rotom\n|-supereffective|p1a: Rotom\n|-damage|p1a: Rotom|52/229\n|\n|-damage|p2a: Passimian|95/100 brn|[from] brn\n|upkeep\n|turn|12\n|inactive|Time left: 300 sec this turn | 300 sec total\n|\n|t:|1783540651\n|move|p1a: Rotom|Volt Switch|p2a: Passimian\n|-damage|p2a: Passimian|61/100 brn\n|inactive|Time left: 300 sec this turn | 300 sec total | 5 sec grace\n|\n|t:|1783540652\n|switch|p1a: Minun|Minun, L95, M|268/268|[from] Volt Switch\n|move|p2a: Passimian|Drain Punch|p1a: Minun\n|-damage|p1a: Minun|204/268\n|-heal|p2a: Passimian|71/100 brn|[from] drain|[of] p1a: Minun\n|\n|-heal|p2a: Passimian|77/100 brn|[from] item: Leftovers\n|-damage|p2a: Passimian|71/100 brn|[from] brn\n|upkeep\n|turn|13\n|inactive|Time left: 300 sec this turn | 300 sec total\n|\n|t:|1783540653\n|move|p1a: Minun|Nasty Plot|p1a: Minun\n|-boost|p1a: Minun|spa|2\n|move|p2a: Passimian|Gunk Shot|p1a: Minun\n|-damage|p1a: Minun|137/268\n|\n|-heal|p2a: Passimian|77/100 brn|[from] item: Leftovers\n|-damage|p2a: Passimian|71/100 brn|[from] brn\n|upkeep\n|turn|14\n|inactive|Time left: 300 sec this turn | 300 sec total\n|\n|t:|1783540654\n|move|p1a: Minun|Thunderbolt|p2a: Passimian\n|-damage|p2a: Passimian|0 fnt\n|faint|p2a: Passimian\n|-damage|p1a: Minun|111/268|[from] item: Life Orb\n|\n|upkeep\n|\n|t:|1783540654\n|switch|p2a: Regidrago|Regidrago, L77|100/100\n|-damage|p2a: Regidrago|88/100|[from] Stealth Rock\n|turn|15\n|inactive|Time left: 300 sec this turn | 300 sec total\n|\n|t:|1783540655\n|move|p2a: Regidrago|Outrage|p1a: Minun\n|-damage|p1a: Minun|0 fnt\n|faint|p1a: Minun\n|\n|upkeep\n|inactive|Time left: 300 sec this turn | 300 sec total | 5 sec grace\n|\n|t:|1783540656\n|switch|p1a: Piloswine|Piloswine, L85, M|271/309 brn\n|turn|16\n|inactive|Time left: 300 sec this turn | 300 sec total\n|\n|t:|1783540657\n|move|p2a: Regidrago|Outrage|p1a: Piloswine|[from] lockedmove\n|-damage|p1a: Piloswine|150/309 brn\n|move|p1a: Piloswine|Icicle Crash|p2a: Regidrago\n|-supereffective|p2a: Regidrago\n|-damage|p2a: Regidrago|55/100\n|\n|-damage|p1a: Piloswine|131/309 brn|[from] brn\n|upkeep\n|turn|17\n|inactive|Time left: 300 sec this turn | 300 sec total\n|\n|t:|1783540658\n|move|p2a: Regidrago|Outrage|p1a: Piloswine|[from] lockedmove\n|-damage|p1a: Piloswine|17/309 brn\n|-start|p2a: Regidrago|confusion|[fatigue]\n|move|p1a: Piloswine|Icicle Crash|p2a: Regidrago\n|-supereffective|p2a: Regidrago\n|-damage|p2a: Regidrago|22/100\n|\n|-damage|p1a: Piloswine|0 fnt|[from] brn\n|faint|p1a: Piloswine\n|upkeep\n|inactive|Time left: 300 sec this turn | 300 sec total | 5 sec grace\n|\n|t:|1783540659\n|switch|p1a: Rotom|Rotom-Frost, L87|52/229\n|turn|18\n|inactive|Time left: 300 sec this turn | 300 sec total\n|\n|t:|1783540659\n|-activate|p2a: Regidrago|confusion\n|move|p2a: Regidrago|Outrage|p1a: Rotom\n|-damage|p1a: Rotom|0 fnt\n|faint|p1a: Rotom\n|\n|upkeep\n|inactive|Time left: 300 sec this turn | 300 sec total | 5 sec grace\n|\n|t:|1783540660\n|switch|p1a: Latios|Latios, L78, M|253/253\n|turn|19\n|inactive|Time left: 300 sec this turn | 300 sec total\n|\n|t:|1783540661\n|-terastallize|p1a: Latios|Fighting\n|-activate|p2a: Regidrago|confusion\n|move|p2a: Regidrago|Outrage|p1a: Latios|[from] lockedmove\n|-damage|p1a: Latios|52/253\n|move|p1a: Latios|Aura Sphere|p2a: Regidrago\n|-damage|p2a: Regidrago|0 fnt\n|faint|p2a: Regidrago\n|\n|upkeep\n|\n|t:|1783540662\n|switch|p2a: Empoleon|Empoleon, L84, M|100/100\n|-damage|p2a: Empoleon|94/100|[from] Stealth Rock\n|turn|20\n|inactive|Time left: 300 sec this turn | 300 sec total\n|\n|t:|1783540663\n|move|p1a: Latios|Recover|p1a: Latios\n|-heal|p1a: Latios|179/253\n|move|p2a: Empoleon|Surf|p1a: Latios\n|-damage|p1a: Latios|85/253\n|\n|-heal|p2a: Empoleon|100/100|[from] item: Leftovers\n|upkeep\n|turn|21\n|inactive|Time left: 300 sec this turn | 300 sec total\n|\n|t:|1783540664\n|move|p1a: Latios|Recover|p1a: Latios\n|-heal|p1a: Latios|212/253\n|move|p2a: Empoleon|Surf|p1a: Latios\n|-damage|p1a: Latios|122/253\n|\n|upkeep\n|turn|22\n|inactive|Time left: 300 sec this turn | 300 sec total\n|\n|t:|1783540665\n|move|p1a: Latios|Recover|p1a: Latios\n|-heal|p1a: Latios|249/253\n|move|p2a: Empoleon|Yawn|p1a: Latios\n|-start|p1a: Latios|move: Yawn|[of] p2a: Empoleon\n|\n|upkeep\n|turn|23\n|inactive|Time left: 300 sec this turn | 300 sec total\n|\n|t:|1783540666\n|switch|p1a: Medicham|Medicham, L86, F|146/243\n|move|p2a: Empoleon|Surf|p1a: Medicham\n|-damage|p1a: Medicham|35/243\n|\n|upkeep\n|turn|24\n|inactive|Time left: 300 sec this turn | 300 sec total\n|\n|t:|1783540667\n|switch|p2a: Pecharunt|Pecharunt, L77|100/100\n|-damage|p2a: Pecharunt|88/100|[from] Stealth Rock\n|move|p1a: Medicham|Close Combat|p2a: Pecharunt\n|-immune|p2a: Pecharunt\n|\n|-heal|p2a: Pecharunt|94/100|[from] item: Leftovers\n|upkeep\n|turn|25\n|inactive|Time left: 300 sec this turn | 300 sec total\n|\n|t:|1783540668\n|move|p1a: Medicham|Zen Headbutt|p2a: Pecharunt\n|-supereffective|p2a: Pecharunt\n|-damage|p2a: Pecharunt|32/100\n|move|p2a: Pecharunt|Recover|p2a: Pecharunt\n|-heal|p2a: Pecharunt|82/100\n|\n|-heal|p2a: Pecharunt|88/100|[from] item: Leftovers\n|upkeep\n|turn|26\n|inactive|Time left: 300 sec this turn | 300 sec total\n|\n|t:|1783540669\n|move|p1a: Medicham|Zen Headbutt|p2a: Pecharunt\n|-supereffective|p2a: Pecharunt\n|-damage|p2a: Pecharunt|19/100\n|move|p2a: Pecharunt|Malignant Chain|p1a: Medicham\n|-damage|p1a: Medicham|0 fnt\n|faint|p1a: Medicham\n|\n|-heal|p2a: Pecharunt|25/100|[from] item: Leftovers\n|upkeep\n|inactive|Time left: 300 sec this turn | 300 sec total | 5 sec grace\n|\n|t:|1783540670\n|switch|p1a: Latios|Latios, L78, M, tera:Fighting|249/253\n|turn|27\n|inactive|Time left: 300 sec this turn | 300 sec total\n|\n|t:|1783540671\n|move|p1a: Latios|Luster Purge|p2a: Pecharunt\n|-supereffective|p2a: Pecharunt\n|-damage|p2a: Pecharunt|0 fnt\n|faint|p2a: Pecharunt\n|\n|upkeep\n|\n|t:|1783540672\n|switch|p2a: Empoleon|Empoleon, L84, M|100/100\n|-damage|p2a: Empoleon|94/100|[from] Stealth Rock\n|turn|28\n|inactive|Time left: 300 sec this turn | 300 sec total\n|\n|t:|1783540674\n|move|p1a: Latios|Aura Sphere|p2a: Empoleon\n|-supereffective|p2a: Empoleon\n|-damage|p2a: Empoleon|30/100\n|move|p2a: Empoleon|Roost|p2a: Empoleon\n|-heal|p2a: Empoleon|80/100\n|-singleturn|p2a: Empoleon|move: Roost\n|\n|-heal|p2a: Empoleon|86/100|[from] item: Leftovers\n|upkeep\n|turn|29\n|inactive|Time left: 300 sec this turn | 300 sec total\n|\n|t:|1783540675\n|move|p1a: Latios|Aura Sphere|p2a: Empoleon\n|-supereffective|p2a: Empoleon\n|-damage|p2a: Empoleon|19/100\n|move|p2a: Empoleon|Roost|p2a: Empoleon\n|-heal|p2a: Empoleon|69/100\n|-singleturn|p2a: Empoleon|move: Roost\n|\n|-heal|p2a: Empoleon|75/100|[from] item: Leftovers\n|upkeep\n|turn|30\n|inactive|Time left: 300 sec this turn | 300 sec total\n|\n|t:|1783540676\n|-terastallize|p2a: Empoleon|Grass\n|move|p1a: Latios|Aura Sphere|p2a: Empoleon\n|-damage|p2a: Empoleon|47/100\n|move|p2a: Empoleon|Roost|p2a: Empoleon\n|-heal|p2a: Empoleon|97/100\n|\n|-heal|p2a: Empoleon|100/100|[from] item: Leftovers\n|upkeep\n|turn|31\n|inactive|Time left: 300 sec this turn | 300 sec total\n|\n|t:|1783540677\n|move|p1a: Latios|Luster Purge|p2a: Empoleon\n|-damage|p2a: Empoleon|59/100\n|move|p2a: Empoleon|Roost|p2a: Empoleon\n|-heal|p2a: Empoleon|100/100\n|\n|upkeep\n|turn|32\n|inactive|Time left: 300 sec this turn | 300 sec total\n|\n|t:|1783540678\n|move|p1a: Latios|Luster Purge|p2a: Empoleon\n|-damage|p2a: Empoleon|59/100\n|move|p2a: Empoleon|Roost|p2a: Empoleon\n|-heal|p2a: Empoleon|100/100\n|\n|upkeep\n|turn|33\n|inactive|Time left: 300 sec this turn | 300 sec total\n|\n|t:|1783540679\n|move|p1a: Latios|Luster Purge|p2a: Empoleon\n|-damage|p2a: Empoleon|57/100\n|-unboost|p2a: Empoleon|spd|1\n|-ability|p2a: Empoleon|Competitive|boost\n|-boost|p2a: Empoleon|spa|2\n|move|p2a: Empoleon|Roost|p2a: Empoleon\n|-heal|p2a: Empoleon|100/100\n|\n|upkeep\n|turn|34\n|inactive|Time left: 300 sec this turn | 300 sec total\n|\n|t:|1783540680\n|move|p1a: Latios|Aura Sphere|p2a: Empoleon\n|-damage|p2a: Empoleon|56/100\n|move|p2a: Empoleon|Roost|p2a: Empoleon\n|-heal|p2a: Empoleon|100/100\n|\n|upkeep\n|turn|35\n|inactive|Time left: 300 sec this turn | 300 sec total\n|\n|t:|1783540681\n|move|p1a: Latios|Aura Sphere|p2a: Empoleon\n|-damage|p2a: Empoleon|55/100\n|move|p2a: Empoleon|Surf|p1a: Latios\n|-damage|p1a: Latios|56/253\n|\n|-heal|p2a: Empoleon|61/100|[from] item: Leftovers\n|upkeep\n|turn|36\n|inactive|Time left: 300 sec this turn | 300 sec total\n|\n|t:|1783540683\n|move|p1a: Latios|Luster Purge|p2a: Empoleon\n|-damage|p2a: Empoleon|0 fnt\n|faint|p2a: Empoleon\n|\n|upkeep\n|\n|t:|1783540684\n|switch|p2a: Giratina|Giratina, L75|100/100 slp\n|-damage|p2a: Giratina|88/100 slp|[from] Stealth Rock\n|-ability|p2a: Giratina|Pressure\n|turn|37\n|inactive|Time left: 300 sec this turn | 300 sec total\n|\n|t:|1783540685\n|switch|p2a: Komala|Komala, L87, F|15/100\n|-damage|p2a: Komala|3/100|[from] Stealth Rock\n|-ability|p2a: Komala|Comatose\n|move|p1a: Latios|Luster Purge|p2a: Komala\n|-damage|p2a: Komala|0 fnt\n|faint|p2a: Komala\n|\n|upkeep\n|\n|t:|1783540686\n|switch|p2a: Giratina|Giratina, L75|88/100 slp\n|-damage|p2a: Giratina|76/100 slp|[from] Stealth Rock\n|-ability|p2a: Giratina|Pressure\n|turn|38\n|inactive|Time left: 300 sec this turn | 300 sec total\n|\n|t:|1783540687\n|move|p1a: Latios|Draco Meteor|p2a: Giratina\n|-supereffective|p2a: Giratina\n|-damage|p2a: Giratina|0 fnt\n|-unboost|p1a: Latios|spa|2\n|faint|p2a: Giratina\n|\n|win|p0x128d146", "uploadtime": 1783540687, "views": 0, "rating": 0, "private": 0, "password": null, "_winner": "p0x128d146", "_our_name": "p0x128d146"}