{"id": "battle-gen9randombattle-2950", "formatid": "gen9randombattle", "format": "[Gen 9] Random Battle", "players": ["p0x29500ce0", "p0y2950b752"], "log": "|init|battle\n|title|p0x29500ce0 vs. p0y2950b752\n|j|\u2606p0x29500ce0\n|j|\u2606p0y2950b752\n|t:|1783573956\n|gametype|singles\n|player|p1|p0x29500ce0|1|\n|player|p2|p0y2950b752|266|\n|gen|9\n|tier|[Gen 9] Random Battle\n|rule|Species Clause: Limit one of each Pok\u00e9mon\n|rule|HP Percentage Mod: HP is shown in percentages\n|rule|Sleep Clause Mod: Limit one foe put to sleep\n|rule|Illusion Level Mod: Illusion disguises the Pok\u00e9mon's true level\n|\n|t:|1783573956\n|teamsize|p1|6\n|teamsize|p2|6\n|start\n|switch|p1a: Koraidon|Koraidon, L64|235/235\n|switch|p2a: Banette|Banette, L93, F|100/100\n|-weather|SunnyDay|[from] ability: Orichalcum Pulse|[of] p1a: Koraidon\n|-activate|p1a: Koraidon|Orichalcum Pulse|[source]\n|turn|1\n|inactive|Battle timer is ON: inactive players will automatically lose when time's up. (requested by p0y2950b752)\n|inactive|Time left: 300 sec this turn | 300 sec total | 60 sec grace\n|inactive|p0x29500ce0 also wants the timer to be on.\n|\n|t:|1783573957\n|switch|p1a: Krookodile|Krookodile, L79, M|280/280\n|-ability|p1a: Krookodile|Intimidate|boost\n|-unboost|p2a: Banette|atk|1\n|move|p2a: Banette|Poltergeist|p1a: Krookodile\n|-activate|p1a: Krookodile|move: Poltergeist|Leftovers\n|-resisted|p1a: Krookodile\n|-damage|p1a: Krookodile|198/280\n|-damage|p2a: Banette|90/100|[from] item: Life Orb\n|\n|-weather|SunnyDay|[upkeep]\n|-heal|p1a: Krookodile|215/280|[from] item: Leftovers\n|upkeep\n|turn|2\n|inactive|Time left: 300 sec this turn | 300 sec total\n|\n|t:|1783573958\n|switch|p2a: Falinks|Falinks, L84|100/100\n|move|p1a: Krookodile|Knock Off|p2a: Falinks\n|-resisted|p2a: Falinks\n|-damage|p2a: Falinks|80/100\n|-enditem|p2a: Falinks|Life Orb|[from] move: Knock Off|[of] p1a: Krookodile\n|\n|-weather|SunnyDay|[upkeep]\n|-heal|p1a: Krookodile|232/280|[from] item: Leftovers\n|upkeep\n|turn|3\n|inactive|Time left: 300 sec this turn | 300 sec total\n|\n|t:|1783573960\n|move|p1a: Krookodile|Earthquake|p2a: Falinks\n|-damage|p2a: Falinks|40/100\n|move|p2a: Falinks|No Retreat|p2a: Falinks\n|-boost|p2a: Falinks|atk|1\n|-boost|p2a: Falinks|def|1\n|-boost|p2a: Falinks|spa|1\n|-boost|p2a: Falinks|spd|1\n|-boost|p2a: Falinks|spe|1\n|-start|p2a: Falinks|move: No Retreat\n|\n|-weather|SunnyDay|[upkeep]\n|-heal|p1a: Krookodile|249/280|[from] item: Leftovers\n|upkeep\n|turn|4\n|inactive|Time left: 300 sec this turn | 300 sec total\n|\n|t:|1783573960\n|-terastallize|p1a: Krookodile|Poison\n|move|p2a: Falinks|Iron Head|p1a: Krookodile\n|-damage|p1a: Krookodile|147/280\n|move|p1a: Krookodile|Earthquake|p2a: Falinks\n|-damage|p2a: Falinks|13/100\n|\n|-weather|SunnyDay|[upkeep]\n|-heal|p1a: Krookodile|164/280|[from] item: Leftovers\n|upkeep\n|turn|5\n|inactive|Time left: 300 sec this turn | 300 sec total\n|\n|t:|1783573961\n|move|p2a: Falinks|Iron Head|p1a: Krookodile\n|-damage|p1a: Krookodile|68/280\n|cant|p1a: Krookodile|flinch\n|\n|-weather|none\n|-heal|p1a: Krookodile|85/280|[from] item: Leftovers\n|upkeep\n|turn|6\n|inactive|Time left: 300 sec this turn | 300 sec total\n|\n|t:|1783573962\n|switch|p1a: Araquanid|Araquanid, L82, F|246/246\n|move|p2a: Falinks|Knock Off|p1a: Araquanid\n|-damage|p1a: Araquanid|144/246\n|-enditem|p1a: Araquanid|Heavy-Duty Boots|[from] move: Knock Off|[of] p2a: Falinks\n|\n|upkeep\n|turn|7\n|inactive|Time left: 300 sec this turn | 300 sec total\n|\n|t:|1783573963\n|-terastallize|p2a: Falinks|Steel\n|move|p2a: Falinks|Iron Head|p1a: Araquanid\n|-resisted|p1a: Araquanid\n|-damage|p1a: Araquanid|83/246\n|move|p1a: Araquanid|Liquidation|p2a: Falinks\n|-damage|p2a: Falinks|0 fnt\n|faint|p2a: Falinks\n|\n|upkeep\n|\n|t:|1783573964\n|switch|p2a: Munkidori|Munkidori, L79, M|100/100\n|turn|8\n|inactive|Time left: 300 sec this turn | 300 sec total\n|\n|t:|1783573965\n|move|p2a: Munkidori|Psyshock|p1a: Araquanid\n|-damage|p1a: Araquanid|0 fnt\n|faint|p1a: Araquanid\n|\n|upkeep\n|inactive|Time left: 300 sec this turn | 300 sec total | 5 sec grace\n|\n|t:|1783573966\n|switch|p1a: Incineroar|Incineroar, L82, F|290/290\n|-ability|p1a: Incineroar|Intimidate|boost\n|-unboost|p2a: Munkidori|atk|1\n|turn|9\n|inactive|Time left: 300 sec this turn | 300 sec total\n|\n|t:|1783573967\n|switch|p2a: Groudon|Groudon, L72|100/100\n|-weather|SunnyDay|[from] ability: Drought|[of] p2a: Groudon\n|move|p1a: Incineroar|Knock Off|p2a: Groudon\n|-damage|p2a: Groudon|69/100\n|-enditem|p2a: Groudon|Leftovers|[from] move: Knock Off|[of] p1a: Incineroar\n|\n|-weather|SunnyDay|[upkeep]\n|upkeep\n|turn|10\n|inactive|Time left: 300 sec this turn | 300 sec total\n|\n|t:|1783573968\n|move|p2a: Groudon|Precipice Blades|p1a: Incineroar\n|-supereffective|p1a: Incineroar\n|-damage|p1a: Incineroar|8/290\n|move|p1a: Incineroar|Flare Blitz|p2a: Groudon\n|-damage|p2a: Groudon|5/100\n|-damage|p1a: Incineroar|0 fnt|[from] Recoil\n|faint|p1a: Incineroar\n|\n|-weather|SunnyDay|[upkeep]\n|upkeep\n|inactive|Time left: 300 sec this turn | 300 sec total | 5 sec grace\n|\n|t:|1783573969\n|switch|p1a: Krookodile|Krookodile, L79, M, tera:Poison|85/280\n|-ability|p1a: Krookodile|Intimidate|boost\n|-unboost|p2a: Groudon|atk|1\n|turn|11\n|inactive|Time left: 300 sec this turn | 300 sec total\n|\n|t:|1783573970\n|move|p1a: Krookodile|Knock Off|p2a: Groudon\n|-damage|p2a: Groudon|0 fnt\n|faint|p2a: Groudon\n|\n|-weather|SunnyDay|[upkeep]\n|-heal|p1a: Krookodile|102/280|[from] item: Leftovers\n|upkeep\n|\n|t:|1783573971\n|switch|p2a: Munkidori|Munkidori, L79, M|100/100\n|turn|12\n|inactive|Time left: 300 sec this turn | 300 sec total\n|\n|t:|1783573972\n|move|p2a: Munkidori|Psyshock|p1a: Krookodile\n|-supereffective|p1a: Krookodile\n|-damage|p1a: Krookodile|0 fnt\n|faint|p1a: Krookodile\n|\n|-weather|SunnyDay|[upkeep]\n|upkeep\n|inactive|Time left: 300 sec this turn | 300 sec total | 5 sec grace\n|\n|t:|1783573973\n|switch|p1a: Phione|Phione, L91|293/293\n|turn|13\n|inactive|Time left: 300 sec this turn | 300 sec total\n|\n|t:|1783573974\n|move|p2a: Munkidori|Psyshock|p1a: Phione\n|-damage|p1a: Phione|164/293\n|-status|p1a: Phione|tox|[from] ability: Toxic Chain|[of] p2a: Munkidori\n|move|p1a: Phione|Scald|p2a: Munkidori\n|-damage|p2a: Munkidori|85/100\n|\n|-weather|none\n|-heal|p1a: Phione|182/293 tox|[from] item: Leftovers\n|-damage|p1a: Phione|164/293 tox|[from] psn\n|upkeep\n|turn|14\n|inactive|Time left: 300 sec this turn | 300 sec total\n|\n|t:|1783573975\n|move|p2a: Munkidori|Psyshock|p1a: Phione\n|-damage|p1a: Phione|16/293 tox\n|move|p1a: Phione|Scald|p2a: Munkidori\n|-damage|p2a: Munkidori|52/100\n|\n|-heal|p1a: Phione|34/293 tox|[from] item: Leftovers\n|-damage|p1a: Phione|0 fnt|[from] psn\n|faint|p1a: Phione\n|upkeep\n|inactive|Time left: 300 sec this turn | 300 sec total | 5 sec grace\n|\n|t:|1783573976\n|switch|p1a: Cryogonal|Cryogonal, L89|287/287\n|turn|15\n|inactive|Time left: 300 sec this turn | 300 sec total\n|\n|t:|1783573976\n|move|p1a: Cryogonal|Freeze-Dry|p2a: Munkidori\n|-damage|p2a: Munkidori|18/100\n|-status|p2a: Munkidori|frz\n|cant|p2a: Munkidori|frz\n|\n|upkeep\n|turn|16\n|inactive|Time left: 300 sec this turn | 300 sec total\n|\n|t:|1783573977\n|move|p1a: Cryogonal|Freeze-Dry|p2a: Munkidori\n|-damage|p2a: Munkidori|0 fnt\n|faint|p2a: Munkidori\n|\n|upkeep\n|\n|t:|1783573978\n|switch|p2a: Copperajah|Copperajah, L86, M|100/100\n|turn|17\n|inactive|Time left: 300 sec this turn | 300 sec total\n|\n|t:|1783573979\n|move|p1a: Cryogonal|Freeze-Dry|p2a: Copperajah\n|-resisted|p2a: Copperajah\n|-damage|p2a: Copperajah|86/100\n|move|p2a: Copperajah|Iron Head|p1a: Cryogonal\n|-supereffective|p1a: Cryogonal\n|-damage|p1a: Cryogonal|0 fnt\n|faint|p1a: Cryogonal\n|\n|upkeep\n|inactive|Time left: 300 sec this turn | 300 sec total | 5 sec grace\n|\n|t:|1783573980\n|switch|p1a: Koraidon|Koraidon, L64|235/235\n|-weather|SunnyDay|[from] ability: Orichalcum Pulse|[of] p1a: Koraidon\n|-activate|p1a: Koraidon|Orichalcum Pulse|[source]\n|turn|18\n|inactive|Time left: 300 sec this turn | 300 sec total\n|\n|t:|1783573981\n|move|p1a: Koraidon|Collision Course|p2a: Copperajah\n|-supereffective|p2a: Copperajah\n|-damage|p2a: Copperajah|0 fnt\n|faint|p2a: Copperajah\n|\n|-weather|SunnyDay|[upkeep]\n|upkeep\n|\n|t:|1783573981\n|switch|p2a: Raging Bolt|Raging Bolt, L78|100/100\n|-activate|p2a: Raging Bolt|ability: Protosynthesis\n|-start|p2a: Raging Bolt|protosynthesisspa\n|turn|19\n|inactive|Time left: 300 sec this turn | 300 sec total\n|\n|t:|1783573982\n|move|p1a: Koraidon|Swords Dance|p1a: Koraidon\n|-boost|p1a: Koraidon|atk|2\n|move|p2a: Raging Bolt|Draco Meteor|p1a: Koraidon\n|-supereffective|p1a: Koraidon\n|-damage|p1a: Koraidon|0 fnt\n|-unboost|p2a: Raging Bolt|spa|2\n|faint|p1a: Koraidon\n|\n|win|p0y2950b752", "uploadtime": 1783573982, "views": 0, "rating": 0, "private": 0, "password": null, "_winner": "p0y2950b752", "_our_name": "p0x29500ce0"}