{"id": "battle-gen9randombattle-1446", "formatid": "gen9randombattle", "format": "[Gen 9] Random Battle", "players": ["p0x1446068d", "p0y14469236"], "log": "|init|battle\n|title|p0x1446068d vs. p0y14469236\n|j|\u2606p0x1446068d\n|j|\u2606p0y14469236\n|t:|1783556847\n|gametype|singles\n|player|p1|p0x1446068d|169|\n|player|p2|p0y14469236|2|\n|gen|9\n|tier|[Gen 9] Random Battle\n|rule|Species Clause: Limit one of each Pok\u00e9mon\n|rule|HP Percentage Mod: HP is shown in percentages\n|rule|Sleep Clause Mod: Limit one foe put to sleep\n|rule|Illusion Level Mod: Illusion disguises the Pok\u00e9mon's true level\n|\n|t:|1783556847\n|teamsize|p1|6\n|teamsize|p2|6\n|start\n|switch|p1a: Hoopa|Hoopa-Unbound, L80|100/100\n|switch|p2a: Virizion|Virizion, L82|283/283\n|turn|1\n|inactive|Battle timer is ON: inactive players will automatically lose when time's up. (requested by p0x1446068d)\n|inactive|p0y14469236 also wants the timer to be on.\n|\n|t:|1783556848\n|switch|p2a: Yanmega|Yanmega, L82, M|275/275\n|move|p1a: Hoopa|Gunk Shot|p2a: Yanmega\n|-damage|p2a: Yanmega|142/275\n|-status|p2a: Yanmega|psn\n|\n|-damage|p2a: Yanmega|108/275 psn|[from] psn\n|upkeep\n|turn|2\n|inactive|Time left: 300 sec this turn | 300 sec total | 60 sec grace\n|\n|t:|1783556850\n|move|p1a: Hoopa|Gunk Shot|p2a: Yanmega\n|-damage|p2a: Yanmega|0 fnt\n|faint|p2a: Yanmega\n|\n|upkeep\n|inactive|Time left: 300 sec this turn | 300 sec total | 65 sec grace\n|\n|t:|1783556851\n|switch|p2a: Quaquaval|Quaquaval, L79, F|264/264\n|turn|3\n|inactive|Time left: 300 sec this turn | 300 sec total\n|\n|t:|1783556852\n|move|p1a: Hoopa|Gunk Shot|p2a: Quaquaval|[miss]\n|-miss|p1a: Hoopa|p2a: Quaquaval\n|move|p2a: Quaquaval|Aqua Step|p1a: Hoopa\n|-damage|p1a: Hoopa|33/100\n|-boost|p2a: Quaquaval|spe|1\n|\n|upkeep\n|turn|4\n|inactive|Time left: 300 sec this turn | 300 sec total\n|\n|t:|1783556853\n|switch|p1a: Duraludon|Duraludon, L82, F|100/100\n|move|p2a: Quaquaval|Aqua Step|p1a: Duraludon\n|-resisted|p1a: Duraludon\n|-damage|p1a: Duraludon|85/100\n|-boost|p2a: Quaquaval|spe|1\n|\n|upkeep\n|turn|5\n|inactive|Time left: 300 sec this turn | 300 sec total\n|\n|t:|1783556854\n|move|p2a: Quaquaval|Aqua Step|p1a: Duraludon\n|-resisted|p1a: Duraludon\n|-damage|p1a: Duraludon|72/100\n|-boost|p2a: Quaquaval|spe|1\n|move|p1a: Duraludon|Draco Meteor|p2a: Quaquaval\n|-damage|p2a: Quaquaval|93/264\n|-unboost|p1a: Duraludon|spa|2\n|\n|upkeep\n|turn|6\n|inactive|Time left: 300 sec this turn | 300 sec total\n|\n|t:|1783556855\n|move|p2a: Quaquaval|Aqua Step|p1a: Duraludon\n|-resisted|p1a: Duraludon\n|-damage|p1a: Duraludon|57/100\n|-boost|p2a: Quaquaval|spe|1\n|move|p1a: Duraludon|Body Press|p2a: Quaquaval\n|-damage|p2a: Quaquaval|21/264\n|\n|upkeep\n|turn|7\n|inactive|Time left: 300 sec this turn | 300 sec total\n|\n|t:|1783556856\n|move|p2a: Quaquaval|Aqua Step|p1a: Duraludon\n|-resisted|p1a: Duraludon\n|-damage|p1a: Duraludon|43/100\n|-boost|p2a: Quaquaval|spe|1\n|move|p1a: Duraludon|Stealth Rock|p2a: Quaquaval\n|-sidestart|p2: p0y14469236|move: Stealth Rock\n|\n|upkeep\n|turn|8\n|inactive|Time left: 300 sec this turn | 300 sec total\n|\n|t:|1783556857\n|move|p2a: Quaquaval|Aqua Step|p1a: Duraludon\n|-resisted|p1a: Duraludon\n|-damage|p1a: Duraludon|29/100\n|-boost|p2a: Quaquaval|spe|1\n|move|p1a: Duraludon|Body Press|p2a: Quaquaval\n|-damage|p2a: Quaquaval|0 fnt\n|faint|p2a: Quaquaval\n|\n|upkeep\n|inactive|Time left: 300 sec this turn | 300 sec total | 5 sec grace\n|\n|t:|1783556858\n|switch|p2a: Miraidon|Miraidon, L65|238/238\n|-damage|p2a: Miraidon|209/238|[from] Stealth Rock\n|-fieldstart|move: Electric Terrain|[from] ability: Hadron Engine|[of] p2a: Miraidon\n|turn|9\n|inactive|Time left: 300 sec this turn | 300 sec total\n|\n|t:|1783556859\n|switch|p1a: Snorlax|Snorlax, L82, M|100/100\n|move|p2a: Miraidon|Electro Drift|p1a: Snorlax\n|-damage|p1a: Snorlax|55/100\n|\n|upkeep\n|turn|10\n|inactive|Time left: 300 sec this turn | 300 sec total\n|\n|t:|1783556860\n|-terastallize|p1a: Snorlax|Ground\n|move|p2a: Miraidon|Electro Drift|p1a: Snorlax\n|-immune|p1a: Snorlax\n|move|p1a: Snorlax|Earthquake|p2a: Miraidon\n|-supereffective|p2a: Miraidon\n|-damage|p2a: Miraidon|0 fnt\n|faint|p2a: Miraidon\n|\n|upkeep\n|inactive|Time left: 300 sec this turn | 300 sec total | 5 sec grace\n|\n|t:|1783556861\n|switch|p2a: Virizion|Virizion, L82|283/283\n|-damage|p2a: Virizion|266/283|[from] Stealth Rock\n|turn|11\n|inactive|Time left: 300 sec this turn | 300 sec total\n|\n|t:|1783556862\n|move|p2a: Virizion|Swords Dance|p2a: Virizion\n|-boost|p2a: Virizion|atk|2\n|move|p1a: Snorlax|Body Slam|p2a: Virizion\n|-damage|p2a: Virizion|152/283\n|\n|upkeep\n|turn|12\n|inactive|Time left: 300 sec this turn | 300 sec total\n|\n|t:|1783556863\n|switch|p1a: Duraludon|Duraludon, L82, F|29/100\n|move|p2a: Virizion|Leaf Blade|p1a: Duraludon\n|-resisted|p1a: Duraludon\n|-damage|p1a: Duraludon|17/100\n|-damage|p2a: Virizion|124/283|[from] item: Life Orb\n|\n|upkeep\n|turn|13\n|inactive|Time left: 300 sec this turn | 300 sec total\n|\n|t:|1783556864\n|move|p2a: Virizion|Stone Edge|p1a: Duraludon\n|-resisted|p1a: Duraludon\n|-damage|p1a: Duraludon|0 fnt\n|faint|p1a: Duraludon\n|-damage|p2a: Virizion|96/283|[from] item: Life Orb\n|\n|-fieldend|move: Electric Terrain\n|upkeep\n|\n|t:|1783556864\n|switch|p1a: Hoopa|Hoopa-Unbound, L80|33/100\n|turn|14\n|inactive|Time left: 300 sec this turn | 300 sec total\n|\n|t:|1783556865\n|move|p1a: Hoopa|Psychic|p2a: Virizion\n|-supereffective|p2a: Virizion\n|-damage|p2a: Virizion|0 fnt\n|faint|p2a: Virizion\n|\n|upkeep\n|inactive|Time left: 300 sec this turn | 300 sec total | 5 sec grace\n|\n|t:|1783556866\n|switch|p2a: Glaceon|Glaceon, L94, F|275/275\n|turn|15\n|inactive|Time left: 300 sec this turn | 300 sec total\n|\n|t:|1783556867\n|move|p1a: Hoopa|Psychic|p2a: Glaceon\n|-damage|p2a: Glaceon|158/275\n|move|p2a: Glaceon|Freeze-Dry|p1a: Hoopa\n|-crit|p1a: Hoopa\n|-damage|p1a: Hoopa|0 fnt\n|faint|p1a: Hoopa\n|\n|upkeep\n|\n|t:|1783556868\n|switch|p1a: Vivillon|Vivillon-Ocean, L83, F|100/100\n|turn|16\n|inactive|Time left: 300 sec this turn | 300 sec total\n|\n|t:|1783556869\n|move|p1a: Vivillon|Sleep Powder|p2a: Glaceon\n|-status|p2a: Glaceon|slp|[from] move: Sleep Powder\n|cant|p2a: Glaceon|slp\n|\n|upkeep\n|turn|17\n|inactive|Time left: 300 sec this turn | 300 sec total\n|\n|t:|1783556870\n|move|p1a: Vivillon|Quiver Dance|p1a: Vivillon\n|-boost|p1a: Vivillon|spa|1\n|-boost|p1a: Vivillon|spd|1\n|-boost|p1a: Vivillon|spe|1\n|cant|p2a: Glaceon|slp\n|\n|upkeep\n|turn|18\n|inactive|Time left: 300 sec this turn | 300 sec total\n|\n|t:|1783556871\n|move|p1a: Vivillon|Quiver Dance|p1a: Vivillon\n|-boost|p1a: Vivillon|spa|1\n|-boost|p1a: Vivillon|spd|1\n|-boost|p1a: Vivillon|spe|1\n|-curestatus|p2a: Glaceon|slp|[msg]\n|move|p2a: Glaceon|Freeze-Dry|p1a: Vivillon\n|-supereffective|p1a: Vivillon\n|-damage|p1a: Vivillon|31/100\n|\n|upkeep\n|turn|19\n|inactive|Time left: 300 sec this turn | 300 sec total\n|\n|t:|1783556872\n|move|p2a: Glaceon|Protect|p2a: Glaceon\n|-singleturn|p2a: Glaceon|Protect\n|move|p1a: Vivillon|Hurricane|p2a: Glaceon\n|-activate|p2a: Glaceon|move: Protect\n|\n|upkeep\n|turn|20\n|inactive|Time left: 300 sec this turn | 300 sec total\n|\n|t:|1783556873\n|move|p1a: Vivillon|Hurricane|p2a: Glaceon\n|-damage|p2a: Glaceon|0 fnt\n|faint|p2a: Glaceon\n|\n|upkeep\n|inactive|Time left: 300 sec this turn | 300 sec total | 5 sec grace\n|\n|t:|1783556874\n|switch|p2a: Minun|Minun, L95, M|268/268\n|-damage|p2a: Minun|235/268|[from] Stealth Rock\n|turn|21\n|inactive|Time left: 300 sec this turn | 300 sec total\n|\n|t:|1783556875\n|move|p1a: Vivillon|Hurricane|p2a: Minun\n|-resisted|p2a: Minun\n|-damage|p2a: Minun|138/268\n|move|p2a: Minun|Nasty Plot|p2a: Minun\n|-boost|p2a: Minun|spa|2\n|\n|upkeep\n|turn|22\n|inactive|Time left: 300 sec this turn | 300 sec total\n|\n|t:|1783556876\n|move|p1a: Vivillon|Tera Blast|p2a: Minun\n|-damage|p2a: Minun|47/268\n|move|p2a: Minun|Thunderbolt|p1a: Vivillon\n|-supereffective|p1a: Vivillon\n|-damage|p1a: Vivillon|0 fnt\n|faint|p1a: Vivillon\n|-damage|p2a: Minun|21/268|[from] item: Life Orb\n|\n|upkeep\n|\n|t:|1783556877\n|switch|p1a: Mabosstiff|Mabosstiff, L86, F|100/100\n|turn|23\n|inactive|Time left: 300 sec this turn | 300 sec total\n|\n|t:|1783556878\n|move|p1a: Mabosstiff|Play Rough|p2a: Minun\n|-damage|p2a: Minun|0 fnt\n|faint|p2a: Minun\n|\n|win|p0x1446068d", "uploadtime": 1783556878, "views": 0, "rating": 0, "private": 0, "password": null, "_winner": "p0x1446068d", "_our_name": "p0y14469236"}