{"id": "battle-gen9randombattle-1633", "formatid": "gen9randombattle", "format": "[Gen 9] Random Battle", "players": ["p0x163347a5", "p0y16336099"], "log": "|init|battle\n|title|p0x163347a5 vs. p0y16336099\n|j|\u2606p0x163347a5\n|j|\u2606p0y16336099\n|t:|1783558178\n|gametype|singles\n|player|p1|p0x163347a5|169|\n|player|p2|p0y16336099|266|\n|gen|9\n|tier|[Gen 9] Random Battle\n|rule|Species Clause: Limit one of each Pok\u00e9mon\n|rule|HP Percentage Mod: HP is shown in percentages\n|rule|Sleep Clause Mod: Limit one foe put to sleep\n|rule|Illusion Level Mod: Illusion disguises the Pok\u00e9mon's true level\n|\n|t:|1783558178\n|teamsize|p1|6\n|teamsize|p2|6\n|start\n|switch|p1a: Iron Bundle|Iron Bundle, L78|215/215\n|switch|p2a: Pikachu|Pikachu-Alola, L93, M|100/100\n|turn|1\n|inactive|Battle timer is ON: inactive players will automatically lose when time's up. (requested by p0y16336099)\n|inactive|Time left: 300 sec this turn | 300 sec total | 60 sec grace\n|inactive|p0x163347a5 also wants the timer to be on.\n|\n|t:|1783558179\n|move|p1a: Iron Bundle|Hydro Pump|p2a: Pikachu\n|-damage|p2a: Pikachu|17/100\n|move|p2a: Pikachu|Volt Tackle|p1a: Iron Bundle\n|-supereffective|p1a: Iron Bundle\n|-damage|p1a: Iron Bundle|0 fnt\n|faint|p1a: Iron Bundle\n|-end|p1a: Iron Bundle|Quark Drive|[silent]\n|-damage|p2a: Pikachu|0 fnt|[from] Recoil\n|faint|p2a: Pikachu\n|\n|upkeep\n|inactive|Time left: 300 sec this turn | 300 sec total | 65 sec grace\n|\n|t:|1783558181\n|switch|p1a: Drednaw|Drednaw, L81, F|278/278\n|switch|p2a: Terrakion|Terrakion, L79|100/100\n|turn|2\n|inactive|Time left: 300 sec this turn | 300 sec total\n|\n|t:|1783558182\n|switch|p1a: Rabsca|Rabsca, L91, M|284/284\n|move|p2a: Terrakion|Close Combat|p1a: Rabsca\n|-resisted|p1a: Rabsca\n|-damage|p1a: Rabsca|244/284\n|-unboost|p2a: Terrakion|def|1\n|-unboost|p2a: Terrakion|spd|1\n|-damage|p2a: Terrakion|91/100|[from] item: Life Orb\n|\n|upkeep\n|turn|3\n|inactive|Time left: 300 sec this turn | 300 sec total\n|\n|t:|1783558183\n|move|p2a: Terrakion|Stone Edge|p1a: Rabsca\n|-supereffective|p1a: Rabsca\n|-damage|p1a: Rabsca|0 fnt\n|faint|p1a: Rabsca\n|-damage|p2a: Terrakion|81/100|[from] item: Life Orb\n|\n|upkeep\n|inactive|Time left: 300 sec this turn | 300 sec total | 5 sec grace\n|\n|t:|1783558183\n|switch|p1a: Shaymin|Shaymin, L82|298/298\n|turn|4\n|inactive|Time left: 300 sec this turn | 300 sec total\n|\n|t:|1783558184\n|switch|p2a: Chansey|Chansey, L85, F|100/100\n|move|p1a: Shaymin|Seed Flare|p2a: Chansey|[miss]\n|-miss|p1a: Shaymin|p2a: Chansey\n|\n|upkeep\n|turn|5\n|inactive|Time left: 300 sec this turn | 300 sec total\n|\n|t:|1783558185\n|move|p1a: Shaymin|Leech Seed|p2a: Chansey\n|-start|p2a: Chansey|move: Leech Seed\n|move|p2a: Chansey|Thunder Wave|p1a: Shaymin\n|-status|p1a: Shaymin|par\n|\n|-damage|p2a: Chansey|88/100|[from] Leech Seed|[of] p1a: Shaymin\n|upkeep\n|turn|6\n|inactive|Time left: 300 sec this turn | 300 sec total\n|\n|t:|1783558186\n|switch|p2a: Terrakion|Terrakion, L79|81/100\n|-curestatus|p1a: Shaymin|par|[from] ability: Natural Cure|[silent]\n|switch|p1a: Drednaw|Drednaw, L81, F|278/278\n|\n|upkeep\n|turn|7\n|inactive|Time left: 300 sec this turn | 300 sec total\n|\n|t:|1783558186\n|switch|p1a: Shaymin|Shaymin, L82|298/298\n|move|p2a: Terrakion|Close Combat|p1a: Shaymin\n|-damage|p1a: Shaymin|141/298\n|-unboost|p2a: Terrakion|def|1\n|-unboost|p2a: Terrakion|spd|1\n|-damage|p2a: Terrakion|71/100|[from] item: Life Orb\n|\n|-heal|p1a: Shaymin|159/298|[from] item: Leftovers\n|upkeep\n|turn|8\n|inactive|Time left: 300 sec this turn | 300 sec total\n|\n|t:|1783558187\n|move|p2a: Terrakion|Close Combat|p1a: Shaymin\n|-damage|p1a: Shaymin|0 fnt\n|-unboost|p2a: Terrakion|def|1\n|-unboost|p2a: Terrakion|spd|1\n|faint|p1a: Shaymin\n|-damage|p2a: Terrakion|61/100|[from] item: Life Orb\n|\n|upkeep\n|inactive|Time left: 300 sec this turn | 300 sec total | 5 sec grace\n|\n|t:|1783558188\n|switch|p1a: Maushold|Maushold-Four, L76|238/238\n|turn|9\n|inactive|Time left: 300 sec this turn | 300 sec total\n|\n|t:|1783558188\n|-terastallize|p1a: Maushold|Ghost\n|move|p2a: Terrakion|Close Combat|p1a: Maushold\n|-immune|p1a: Maushold\n|move|p1a: Maushold|Tidy Up|p1a: Maushold\n|-boost|p1a: Maushold|atk|1\n|-boost|p1a: Maushold|spe|1\n|\n|upkeep\n|turn|10\n|inactive|Time left: 300 sec this turn | 300 sec total\n|\n|t:|1783558189\n|move|p1a: Maushold|Population Bomb|p2a: Terrakion\n|-resisted|p2a: Terrakion\n|-damage|p2a: Terrakion|49/100\n|-resisted|p2a: Terrakion\n|-crit|p2a: Terrakion\n|-damage|p2a: Terrakion|31/100\n|-hitcount|p2a: Terrakion|2\n|move|p2a: Terrakion|Earthquake|p1a: Maushold\n|-damage|p1a: Maushold|99/238\n|-damage|p2a: Terrakion|21/100|[from] item: Life Orb\n|\n|upkeep\n|turn|11\n|inactive|Time left: 300 sec this turn | 300 sec total\n|\n|t:|1783558190\n|move|p1a: Maushold|Population Bomb|p2a: Terrakion\n|-resisted|p2a: Terrakion\n|-damage|p2a: Terrakion|9/100\n|-resisted|p2a: Terrakion\n|-damage|p2a: Terrakion|0 fnt\n|faint|p2a: Terrakion\n|-hitcount|p2: Terrakion|2\n|\n|upkeep\n|\n|t:|1783558191\n|switch|p2a: Great Tusk|Great Tusk, L77|100/100\n|turn|12\n|inactive|Time left: 300 sec this turn | 300 sec total\n|\n|t:|1783558192\n|move|p1a: Maushold|Population Bomb|p2a: Great Tusk\n|-damage|p2a: Great Tusk|92/100\n|-damage|p2a: Great Tusk|83/100\n|-damage|p2a: Great Tusk|75/100\n|-damage|p2a: Great Tusk|65/100\n|-damage|p2a: Great Tusk|56/100\n|-damage|p2a: Great Tusk|48/100\n|-damage|p2a: Great Tusk|39/100\n|-damage|p2a: Great Tusk|29/100\n|-damage|p2a: Great Tusk|21/100\n|-damage|p2a: Great Tusk|12/100\n|-hitcount|p2a: Great Tusk|10\n|move|p2a: Great Tusk|Earthquake|p1a: Maushold\n|-damage|p1a: Maushold|0 fnt\n|faint|p1a: Maushold\n|\n|-heal|p2a: Great Tusk|18/100|[from] item: Leftovers\n|upkeep\n|inactive|Time left: 300 sec this turn | 300 sec total | 5 sec grace\n|\n|t:|1783558193\n|switch|p1a: Toxtricity|Toxtricity, L82, M|257/257\n|turn|13\n|inactive|Time left: 300 sec this turn | 300 sec total\n|\n|t:|1783558194\n|-terastallize|p2a: Great Tusk|Ground\n|move|p2a: Great Tusk|Earthquake|p1a: Toxtricity\n|-supereffective|p1a: Toxtricity\n|-damage|p1a: Toxtricity|0 fnt\n|faint|p1a: Toxtricity\n|\n|-heal|p2a: Great Tusk|25/100|[from] item: Leftovers\n|upkeep\n|inactive|Time left: 300 sec this turn | 300 sec total | 5 sec grace\n|\n|t:|1783558195\n|switch|p1a: Drednaw|Drednaw, L81, F|278/278\n|turn|14\n|inactive|Time left: 300 sec this turn | 300 sec total\n|\n|t:|1783558196\n|move|p2a: Great Tusk|Earthquake|p1a: Drednaw\n|-supereffective|p1a: Drednaw\n|-damage|p1a: Drednaw|0 fnt\n|faint|p1a: Drednaw\n|\n|win|p0y16336099", "uploadtime": 1783558196, "views": 0, "rating": 0, "private": 0, "password": null, "_winner": "p0y16336099", "_our_name": "p0x163347a5"}