{"id": "battle-gen9randombattle-549", "formatid": "gen9randombattle", "format": "[Gen 9] Random Battle", "players": ["p0x5498dac", "p0y549d555"], "log": "|init|battle\n|title|p0x5498dac vs. p0y549d555\n|j|\u2606p0x5498dac\n|j|\u2606p0y549d555\n|t:|1783546165\n|gametype|singles\n|player|p1|p0x5498dac|101|\n|player|p2|p0y549d555|1|\n|gen|9\n|tier|[Gen 9] Random Battle\n|rule|Species Clause: Limit one of each Pok\u00e9mon\n|rule|HP Percentage Mod: HP is shown in percentages\n|rule|Sleep Clause Mod: Limit one foe put to sleep\n|rule|Illusion Level Mod: Illusion disguises the Pok\u00e9mon's true level\n|\n|t:|1783546165\n|teamsize|p1|6\n|teamsize|p2|6\n|start\n|switch|p1a: Veluza|Veluza, L85, M|100/100\n|switch|p2a: Umbreon|Umbreon, L84, F|297/297\n|turn|1\n|inactive|Battle timer is ON: inactive players will automatically lose when time's up. (requested by p0y549d555)\n|inactive|p0x5498dac also wants the timer to be on.\n|\n|t:|1783546167\n|switch|p1a: Yanmega|Yanmega, L82, M|100/100\n|move|p2a: Umbreon|Foul Play|p1a: Yanmega\n|-damage|p1a: Yanmega|79/100\n|\n|upkeep\n|turn|2\n|inactive|Time left: 300 sec this turn | 300 sec total\n|\n|t:|1783546168\n|move|p1a: Yanmega|Bug Buzz|p2a: Umbreon\n|-supereffective|p2a: Umbreon\n|-damage|p2a: Umbreon|135/297\n|move|p2a: Umbreon|Toxic|p1a: Yanmega\n|-status|p1a: Yanmega|tox\n|\n|-heal|p2a: Umbreon|153/297|[from] item: Leftovers\n|-damage|p1a: Yanmega|73/100 tox|[from] psn\n|-ability|p1a: Yanmega|Speed Boost|boost\n|-boost|p1a: Yanmega|spe|1\n|upkeep\n|turn|3\n|inactive|Time left: 300 sec this turn | 300 sec total\n|\n|t:|1783546169\n|move|p2a: Umbreon|Protect|p2a: Umbreon\n|-singleturn|p2a: Umbreon|Protect\n|move|p1a: Yanmega|Bug Buzz|p2a: Umbreon\n|-activate|p2a: Umbreon|move: Protect\n|\n|-heal|p2a: Umbreon|171/297|[from] item: Leftovers\n|-damage|p1a: Yanmega|61/100 tox|[from] psn\n|-ability|p1a: Yanmega|Speed Boost|boost\n|-boost|p1a: Yanmega|spe|1\n|upkeep\n|turn|4\n|inactive|Time left: 300 sec this turn | 300 sec total\n|\n|t:|1783546170\n|move|p1a: Yanmega|Bug Buzz|p2a: Umbreon\n|-supereffective|p2a: Umbreon\n|-damage|p2a: Umbreon|15/297\n|move|p2a: Umbreon|Foul Play|p1a: Yanmega\n|-damage|p1a: Yanmega|38/100 tox\n|\n|-heal|p2a: Umbreon|33/297|[from] item: Leftovers\n|-damage|p1a: Yanmega|19/100 tox|[from] psn\n|-ability|p1a: Yanmega|Speed Boost|boost\n|-boost|p1a: Yanmega|spe|1\n|upkeep\n|turn|5\n|inactive|Time left: 300 sec this turn | 300 sec total\n|\n|t:|1783546170\n|move|p2a: Umbreon|Protect|p2a: Umbreon\n|-singleturn|p2a: Umbreon|Protect\n|move|p1a: Yanmega|Bug Buzz|p2a: Umbreon\n|-activate|p2a: Umbreon|move: Protect\n|\n|-heal|p2a: Umbreon|51/297|[from] item: Leftovers\n|-damage|p1a: Yanmega|0 fnt|[from] psn\n|faint|p1a: Yanmega\n|upkeep\n|\n|t:|1783546171\n|switch|p1a: Veluza|Veluza, L85, M|100/100\n|turn|6\n|inactive|Time left: 300 sec this turn | 300 sec total\n|\n|t:|1783546172\n|move|p1a: Veluza|Aqua Cutter|p2a: Umbreon\n|-damage|p2a: Umbreon|0 fnt\n|faint|p2a: Umbreon\n|\n|upkeep\n|inactive|Time left: 300 sec this turn | 300 sec total | 5 sec grace\n|\n|t:|1783546173\n|switch|p2a: Leavanny|Leavanny, L86, M|269/269\n|turn|7\n|inactive|Time left: 300 sec this turn | 300 sec total\n|\n|t:|1783546175\n|move|p2a: Leavanny|Sticky Web|p1a: Veluza\n|-sidestart|p1: p0x5498dac|move: Sticky Web\n|move|p1a: Veluza|Psycho Cut|p2a: Leavanny\n|-crit|p2a: Leavanny\n|-damage|p2a: Leavanny|88/269\n|\n|upkeep\n|turn|8\n|inactive|Time left: 300 sec this turn | 300 sec total\n|\n|t:|1783546176\n|move|p2a: Leavanny|Lunge|p1a: Veluza\n|-supereffective|p1a: Veluza\n|-damage|p1a: Veluza|0 fnt\n|faint|p1a: Veluza\n|\n|upkeep\n|\n|t:|1783546176\n|switch|p1a: Scizor|Scizor, L79, F|100/100\n|-activate|p1a: Scizor|move: Sticky Web\n|-unboost|p1a: Scizor|spe|1\n|turn|9\n|inactive|Time left: 300 sec this turn | 300 sec total\n|\n|t:|1783546178\n|switch|p2a: Tauros|Tauros-Paldea-Blaze, L81, M|254/254\n|-ability|p2a: Tauros|Intimidate|boost\n|-unboost|p1a: Scizor|atk|1\n|move|p1a: Scizor|Bullet Punch|p2a: Tauros\n|-resisted|p2a: Tauros\n|-damage|p2a: Tauros|222/254\n|\n|upkeep\n|turn|10\n|inactive|Time left: 300 sec this turn | 300 sec total\n|\n|t:|1783546179\n|switch|p1a: Ting-Lu|Ting-Lu, L78|100/100\n|-activate|p1a: Ting-Lu|move: Sticky Web\n|-unboost|p1a: Ting-Lu|spe|1\n|-ability|p1a: Ting-Lu|Vessel of Ruin\n|move|p2a: Tauros|Close Combat|p1a: Ting-Lu\n|-supereffective|p1a: Ting-Lu\n|-damage|p1a: Ting-Lu|16/100\n|-unboost|p2a: Tauros|def|1\n|-unboost|p2a: Tauros|spd|1\n|\n|-heal|p1a: Ting-Lu|22/100|[from] item: Leftovers\n|upkeep\n|turn|11\n|inactive|Time left: 300 sec this turn | 300 sec total\n|\n|t:|1783546180\n|move|p2a: Tauros|Close Combat|p1a: Ting-Lu\n|-supereffective|p1a: Ting-Lu\n|-damage|p1a: Ting-Lu|0 fnt\n|-unboost|p2a: Tauros|def|1\n|-unboost|p2a: Tauros|spd|1\n|faint|p1a: Ting-Lu\n|\n|upkeep\n|\n|t:|1783546181\n|switch|p1a: Reshiram|Reshiram, L76|100/100\n|-ability|p1a: Reshiram|Turboblaze\n|turn|12\n|inactive|Time left: 300 sec this turn | 300 sec total\n|\n|t:|1783546182\n|-terastallize|p2a: Tauros|Fighting\n|move|p2a: Tauros|Close Combat|p1a: Reshiram\n|-damage|p1a: Reshiram|0 fnt\n|-unboost|p2a: Tauros|def|1\n|-unboost|p2a: Tauros|spd|1\n|faint|p1a: Reshiram\n|\n|upkeep\n|\n|t:|1783546183\n|switch|p1a: Scizor|Scizor, L79, F|100/100\n|-activate|p1a: Scizor|move: Sticky Web\n|-unboost|p1a: Scizor|spe|1\n|turn|13\n|inactive|Time left: 300 sec this turn | 300 sec total\n|\n|t:|1783546184\n|move|p1a: Scizor|Bullet Punch|p2a: Tauros\n|-damage|p2a: Tauros|0 fnt\n|faint|p2a: Tauros\n|\n|upkeep\n|inactive|Time left: 300 sec this turn | 300 sec total | 5 sec grace\n|\n|t:|1783546185\n|switch|p2a: Ceruledge|Ceruledge, L78, M|245/245\n|turn|14\n|inactive|Time left: 300 sec this turn | 300 sec total\n|\n|t:|1783546186\n|switch|p1a: Floatzel|Floatzel, L86, F|100/100\n|-activate|p1a: Floatzel|move: Sticky Web\n|-unboost|p1a: Floatzel|spe|1\n|move|p2a: Ceruledge|Swords Dance|p2a: Ceruledge\n|-boost|p2a: Ceruledge|atk|2\n|\n|upkeep\n|turn|15\n|inactive|Time left: 300 sec this turn | 300 sec total\n|\n|t:|1783546187\n|move|p2a: Ceruledge|Poltergeist|p1a: Floatzel\n|-activate|p1a: Floatzel|move: Poltergeist|Leftovers\n|-damage|p1a: Floatzel|0 fnt\n|faint|p1a: Floatzel\n|\n|upkeep\n|\n|t:|1783546188\n|switch|p1a: Scizor|Scizor, L79, F|100/100\n|-activate|p1a: Scizor|move: Sticky Web\n|-unboost|p1a: Scizor|spe|1\n|turn|16\n|inactive|Time left: 300 sec this turn | 300 sec total\n|\n|t:|1783546189\n|-terastallize|p1a: Scizor|Steel\n|move|p2a: Ceruledge|Bitter Blade|p1a: Scizor\n|-supereffective|p1a: Scizor\n|-damage|p1a: Scizor|0 fnt\n|faint|p1a: Scizor\n|\n|win|p0y549d555", "uploadtime": 1783546189, "views": 0, "rating": 0, "private": 0, "password": null, "_winner": "p0y549d555", "_our_name": "p0y549d555"}