{"id": "battle-gen9randombattle-257", "formatid": "gen9randombattle", "format": "[Gen 9] Random Battle", "players": ["p0x2579b74", "p0y2574c16"], "log": "|init|battle\n|title|p0x2579b74 vs. p0y2574c16\n|j|\u2606p0x2579b74\n|j|\u2606p0y2574c16\n|t:|1783536253\n|gametype|singles\n|player|p1|p0x2579b74|102|\n|player|p2|p0y2574c16|170|\n|gen|9\n|tier|[Gen 9] Random Battle\n|rule|Species Clause: Limit one of each Pok\u00e9mon\n|rule|HP Percentage Mod: HP is shown in percentages\n|rule|Sleep Clause Mod: Limit one foe put to sleep\n|rule|Illusion Level Mod: Illusion disguises the Pok\u00e9mon's true level\n|\n|t:|1783536253\n|teamsize|p1|6\n|teamsize|p2|6\n|start\n|switch|p1a: Lokix|Lokix, L82, F|100/100\n|switch|p2a: Ampharos|Ampharos, L88, M|302/302\n|turn|1\n|inactive|Battle timer is ON: inactive players will automatically lose when time's up. (requested by p0y2574c16)\n|inactive|p0x2579b74 also wants the timer to be on.\n|\n|t:|1783536255\n|switch|p1a: Pachirisu|Pachirisu, L96, M|100/100\n|move|p2a: Ampharos|Discharge|p1a: Pachirisu\n|-immune|p1a: Pachirisu|[from] ability: Volt Absorb\n|\n|upkeep\n|turn|2\n|inactive|Time left: 300 sec this turn | 300 sec total\n|\n|t:|1783536256\n|move|p1a: Pachirisu|Super Fang|p2a: Ampharos\n|-damage|p2a: Ampharos|151/302\n|move|p2a: Ampharos|Dazzling Gleam|p1a: Pachirisu\n|-damage|p1a: Pachirisu|79/100\n|\n|upkeep\n|turn|3\n|inactive|Time left: 300 sec this turn | 300 sec total\n|\n|t:|1783536257\n|switch|p2a: Blaziken|Blaziken, L76, F|247/247\n|move|p1a: Pachirisu|Super Fang|p2a: Blaziken\n|-damage|p2a: Blaziken|124/247\n|\n|upkeep\n|turn|4\n|inactive|Time left: 300 sec this turn | 300 sec total\n|\n|t:|1783536258\n|move|p1a: Pachirisu|Discharge|p2a: Blaziken\n|-damage|p2a: Blaziken|43/247\n|move|p2a: Blaziken|Swords Dance|p2a: Blaziken\n|-boost|p2a: Blaziken|atk|2\n|\n|-ability|p2a: Blaziken|Speed Boost|boost\n|-boost|p2a: Blaziken|spe|1\n|upkeep\n|turn|5\n|inactive|Time left: 300 sec this turn | 300 sec total\n|\n|t:|1783536259\n|switch|p1a: Basculegion|Basculegion, L80, M|100/100\n|move|p2a: Blaziken|Close Combat|p1a: Basculegion\n|-immune|p1a: Basculegion\n|\n|-ability|p2a: Blaziken|Speed Boost|boost\n|-boost|p2a: Blaziken|spe|1\n|upkeep\n|turn|6\n|inactive|Time left: 300 sec this turn | 300 sec total\n|\n|t:|1783536260\n|move|p1a: Basculegion|Aqua Jet|p2a: Blaziken\n|-supereffective|p2a: Blaziken\n|-damage|p2a: Blaziken|0 fnt\n|faint|p2a: Blaziken\n|\n|upkeep\n|inactive|Time left: 300 sec this turn | 300 sec total | 5 sec grace\n|\n|t:|1783536261\n|switch|p2a: Ninetales|Ninetales-Alola, L78, F|242/242\n|-weather|Snowscape|[from] ability: Snow Warning|[of] p2a: Ninetales\n|turn|7\n|inactive|Time left: 300 sec this turn | 300 sec total\n|\n|t:|1783536262\n|move|p2a: Ninetales|Aurora Veil|p2a: Ninetales\n|-sidestart|p2: p0y2574c16|move: Aurora Veil\n|move|p1a: Basculegion|Wave Crash|p2a: Ninetales\n|-damage|p2a: Ninetales|176/242\n|-damage|p1a: Basculegion|94/100|[from] Recoil\n|\n|-weather|Snowscape|[upkeep]\n|upkeep\n|turn|8\n|inactive|Time left: 300 sec this turn | 300 sec total\n|\n|t:|1783536263\n|move|p2a: Ninetales|Moonblast|p1a: Basculegion\n|-damage|p1a: Basculegion|76/100\n|-unboost|p1a: Basculegion|spa|1\n|move|p1a: Basculegion|Wave Crash|p2a: Ninetales\n|-damage|p2a: Ninetales|102/242\n|-damage|p1a: Basculegion|68/100|[from] Recoil\n|\n|-weather|Snowscape|[upkeep]\n|upkeep\n|turn|9\n|inactive|Time left: 300 sec this turn | 300 sec total\n|\n|t:|1783536264\n|switch|p2a: Ampharos|Ampharos, L88, M|151/302\n|switch|p1a: Greedent|Greedent, L86, F|100/100\n|\n|-weather|Snowscape|[upkeep]\n|upkeep\n|turn|10\n|inactive|Time left: 300 sec this turn | 300 sec total\n|\n|t:|1783536265\n|move|p2a: Ampharos|Discharge|p1a: Greedent\n|-damage|p1a: Greedent|67/100\n|-status|p1a: Greedent|par\n|move|p1a: Greedent|Swords Dance|p1a: Greedent\n|-boost|p1a: Greedent|atk|2\n|\n|-weather|Snowscape|[upkeep]\n|upkeep\n|turn|11\n|inactive|Time left: 300 sec this turn | 300 sec total\n|\n|t:|1783536266\n|move|p2a: Ampharos|Focus Blast|p1a: Greedent\n|-supereffective|p1a: Greedent\n|-crit|p1a: Greedent\n|-damage|p1a: Greedent|0 fnt\n|faint|p1a: Greedent\n|\n|-weather|none\n|upkeep\n|\n|t:|1783536267\n|switch|p1a: Pachirisu|Pachirisu, L96, M|79/100\n|turn|12\n|inactive|Time left: 300 sec this turn | 300 sec total\n|\n|t:|1783536268\n|move|p1a: Pachirisu|Super Fang|p2a: Ampharos\n|-damage|p2a: Ampharos|76/302\n|move|p2a: Ampharos|Dazzling Gleam|p1a: Pachirisu\n|-damage|p1a: Pachirisu|56/100\n|\n|upkeep\n|turn|13\n|inactive|Time left: 300 sec this turn | 300 sec total\n|\n|t:|1783536269\n|move|p1a: Pachirisu|Super Fang|p2a: Ampharos\n|-damage|p2a: Ampharos|38/302\n|move|p2a: Ampharos|Dazzling Gleam|p1a: Pachirisu\n|-damage|p1a: Pachirisu|32/100\n|\n|upkeep\n|turn|14\n|inactive|Time left: 300 sec this turn | 300 sec total\n|\n|t:|1783536270\n|move|p1a: Pachirisu|Super Fang|p2a: Ampharos|[miss]\n|-miss|p1a: Pachirisu|p2a: Ampharos\n|move|p2a: Ampharos|Dazzling Gleam|p1a: Pachirisu\n|-damage|p1a: Pachirisu|11/100\n|\n|-sideend|p2: p0y2574c16|move: Aurora Veil\n|upkeep\n|turn|15\n|inactive|Time left: 300 sec this turn | 300 sec total\n|\n|t:|1783536271\n|move|p1a: Pachirisu|Super Fang|p2a: Ampharos\n|-damage|p2a: Ampharos|19/302\n|move|p2a: Ampharos|Dazzling Gleam|p1a: Pachirisu\n|-damage|p1a: Pachirisu|0 fnt\n|faint|p1a: Pachirisu\n|\n|upkeep\n|\n|t:|1783536272\n|switch|p1a: Braviary|Braviary-Hisui, L85, M|100/100\n|turn|16\n|inactive|Time left: 300 sec this turn | 300 sec total\n|\n|t:|1783536273\n|move|p1a: Braviary|Esper Wing|p2a: Ampharos\n|-damage|p2a: Ampharos|0 fnt\n|-boost|p1a: Braviary|spe|1\n|faint|p2a: Ampharos\n|\n|upkeep\n|inactive|Time left: 300 sec this turn | 300 sec total | 5 sec grace\n|\n|t:|1783536274\n|switch|p2a: Deoxys|Deoxys-Defense, L84|221/221\n|-ability|p2a: Deoxys|Pressure\n|turn|17\n|inactive|Time left: 300 sec this turn | 300 sec total\n|\n|t:|1783536275\n|-terastallize|p2a: Deoxys|Dark\n|move|p1a: Braviary|Calm Mind|p1a: Braviary\n|-boost|p1a: Braviary|spa|1\n|-boost|p1a: Braviary|spd|1\n|move|p2a: Deoxys|Knock Off|p1a: Braviary\n|-supereffective|p1a: Braviary\n|-damage|p1a: Braviary|37/100\n|-enditem|p1a: Braviary|Heavy-Duty Boots|[from] move: Knock Off|[of] p2a: Deoxys\n|\n|upkeep\n|turn|18\n|inactive|Time left: 300 sec this turn | 300 sec total\n|\n|t:|1783536277\n|move|p1a: Braviary|Roost|p1a: Braviary\n|-heal|p1a: Braviary|87/100\n|-singleturn|p1a: Braviary|move: Roost\n|move|p2a: Deoxys|Knock Off|p1a: Braviary\n|-supereffective|p1a: Braviary\n|-damage|p1a: Braviary|50/100\n|\n|upkeep\n|turn|19\n|inactive|Time left: 300 sec this turn | 300 sec total\n|\n|t:|1783536278\n|move|p1a: Braviary|Roost|p1a: Braviary\n|-heal|p1a: Braviary|99/100\n|-singleturn|p1a: Braviary|move: Roost\n|move|p2a: Deoxys|Knock Off|p1a: Braviary\n|-supereffective|p1a: Braviary\n|-damage|p1a: Braviary|64/100\n|\n|upkeep\n|turn|20\n|inactive|Time left: 300 sec this turn | 300 sec total\n|\n|t:|1783536279\n|move|p1a: Braviary|Hurricane|p2a: Deoxys|[miss]\n|-miss|p1a: Braviary|p2a: Deoxys\n|move|p2a: Deoxys|Knock Off|p1a: Braviary\n|-supereffective|p1a: Braviary\n|-damage|p1a: Braviary|24/100\n|\n|upkeep\n|turn|21\n|inactive|Time left: 300 sec this turn | 300 sec total\n|\n|t:|1783536280\n|move|p1a: Braviary|Roost|p1a: Braviary\n|-heal|p1a: Braviary|74/100\n|-singleturn|p1a: Braviary|move: Roost\n|move|p2a: Deoxys|Knock Off|p1a: Braviary\n|-supereffective|p1a: Braviary\n|-damage|p1a: Braviary|35/100\n|\n|upkeep\n|turn|22\n|inactive|Time left: 300 sec this turn | 300 sec total\n|\n|t:|1783536281\n|move|p1a: Braviary|Roost|p1a: Braviary\n|-heal|p1a: Braviary|85/100\n|-singleturn|p1a: Braviary|move: Roost\n|move|p2a: Deoxys|Knock Off|p1a: Braviary\n|-supereffective|p1a: Braviary\n|-damage|p1a: Braviary|48/100\n|\n|upkeep\n|turn|23\n|inactive|Time left: 300 sec this turn | 300 sec total\n|\n|t:|1783536283\n|move|p1a: Braviary|Roost|p1a: Braviary\n|-heal|p1a: Braviary|98/100\n|-singleturn|p1a: Braviary|move: Roost\n|move|p2a: Deoxys|Knock Off|p1a: Braviary\n|-supereffective|p1a: Braviary\n|-damage|p1a: Braviary|61/100\n|\n|upkeep\n|turn|24\n|inactive|Time left: 300 sec this turn | 300 sec total\n|\n|t:|1783536284\n|move|p1a: Braviary|Calm Mind|p1a: Braviary\n|-boost|p1a: Braviary|spa|1\n|-boost|p1a: Braviary|spd|1\n|move|p2a: Deoxys|Knock Off|p1a: Braviary\n|-supereffective|p1a: Braviary\n|-damage|p1a: Braviary|20/100\n|\n|upkeep\n|turn|25\n|inactive|Time left: 300 sec this turn | 300 sec total\n|\n|t:|1783536285\n|move|p1a: Braviary|Roost|p1a: Braviary\n|-heal|p1a: Braviary|70/100\n|-singleturn|p1a: Braviary|move: Roost\n|move|p2a: Deoxys|Knock Off|p1a: Braviary\n|-supereffective|p1a: Braviary\n|-damage|p1a: Braviary|30/100\n|\n|upkeep\n|turn|26\n|inactive|Time left: 300 sec this turn | 300 sec total\n|\n|t:|1783536286\n|move|p1a: Braviary|Roost|p1a: Braviary\n|-heal|p1a: Braviary|80/100\n|-singleturn|p1a: Braviary|move: Roost\n|move|p2a: Deoxys|Knock Off|p1a: Braviary\n|-supereffective|p1a: Braviary\n|-damage|p1a: Braviary|43/100\n|\n|upkeep\n|turn|27\n|inactive|Time left: 300 sec this turn | 300 sec total\n|\n|t:|1783536287\n|move|p1a: Braviary|Hurricane|p2a: Deoxys\n|-damage|p2a: Deoxys|52/221\n|move|p2a: Deoxys|Knock Off|p1a: Braviary\n|-supereffective|p1a: Braviary\n|-damage|p1a: Braviary|3/100\n|\n|-heal|p2a: Deoxys|65/221|[from] item: Leftovers\n|upkeep\n|turn|28\n|inactive|Time left: 300 sec this turn | 300 sec total\n|\n|t:|1783536288\n|move|p1a: Braviary|Hurricane|p2a: Deoxys\n|-damage|p2a: Deoxys|0 fnt\n|faint|p2a: Deoxys\n|\n|upkeep\n|inactive|Time left: 300 sec this turn | 300 sec total | 5 sec grace\n|\n|t:|1783536289\n|switch|p2a: Girafarig|Girafarig, L89, M|269/269\n|turn|29\n|inactive|Time left: 300 sec this turn | 300 sec total\n|\n|t:|1783536290\n|move|p1a: Braviary|Roost|p1a: Braviary\n|-heal|p1a: Braviary|53/100\n|-singleturn|p1a: Braviary|move: Roost\n|move|p2a: Girafarig|Shadow Ball|p1a: Braviary\n|-supereffective|p1a: Braviary\n|-damage|p1a: Braviary|32/100\n|\n|upkeep\n|turn|30\n|inactive|Time left: 300 sec this turn | 300 sec total\n|\n|t:|1783536291\n|move|p1a: Braviary|Esper Wing|p2a: Girafarig\n|-resisted|p2a: Girafarig\n|-damage|p2a: Girafarig|111/269\n|-boost|p1a: Braviary|spe|1\n|move|p2a: Girafarig|Thunderbolt|p1a: Braviary\n|-supereffective|p1a: Braviary\n|-damage|p1a: Braviary|8/100\n|\n|upkeep\n|turn|31\n|inactive|Time left: 300 sec this turn | 300 sec total\n|\n|t:|1783536292\n|move|p1a: Braviary|Esper Wing|p2a: Girafarig\n|-resisted|p2a: Girafarig\n|-damage|p2a: Girafarig|0 fnt\n|-boost|p1a: Braviary|spe|1\n|faint|p2a: Girafarig\n|\n|upkeep\n|inactive|Time left: 300 sec this turn | 300 sec total | 5 sec grace\n|\n|t:|1783536293\n|switch|p2a: Zacian|Zacian-Crowned, L64|225/225\n|-ability|p2a: Zacian|Intrepid Sword|boost\n|-boost|p2a: Zacian|atk|1\n|turn|32\n|inactive|Time left: 300 sec this turn | 300 sec total\n|\n|t:|1783536294\n|switch|p2a: Ninetales|Ninetales-Alola, L78, F|102/242\n|-weather|Snowscape|[from] ability: Snow Warning|[of] p2a: Ninetales\n|move|p1a: Braviary|Hurricane|p2a: Ninetales\n|-damage|p2a: Ninetales|0 fnt\n|faint|p2a: Ninetales\n|\n|-weather|Snowscape|[upkeep]\n|upkeep\n|inactive|Time left: 300 sec this turn | 300 sec total | 5 sec grace\n|\n|t:|1783536294\n|switch|p2a: Zacian|Zacian-Crowned, L64|225/225\n|turn|33\n|inactive|Time left: 300 sec this turn | 300 sec total\n|\n|t:|1783536295\n|move|p1a: Braviary|Esper Wing|p2a: Zacian\n|-resisted|p2a: Zacian\n|-damage|p2a: Zacian|31/225\n|-boost|p1a: Braviary|spe|1\n|move|p2a: Zacian|Swords Dance|p2a: Zacian\n|-boost|p2a: Zacian|atk|2\n|\n|-weather|Snowscape|[upkeep]\n|upkeep\n|turn|34\n|inactive|Time left: 300 sec this turn | 300 sec total\n|\n|t:|1783536296\n|move|p1a: Braviary|Esper Wing|p2a: Zacian\n|-resisted|p2a: Zacian\n|-damage|p2a: Zacian|0 fnt\n|-boost|p1a: Braviary|spe|1\n|faint|p2a: Zacian\n|\n|win|p0x2579b74", "uploadtime": 1783536296, "views": 0, "rating": 0, "private": 0, "password": null, "_winner": "p0x2579b74", "_our_name": "p0y2574c16"}