{"id": "battle-gen9randombattle-144", "formatid": "gen9randombattle", "format": "[Gen 9] Random Battle", "players": ["p0x14476b0", "p0y144e138"], "log": "|init|battle\n|title|p0x14476b0 vs. p0y144e138\n|j|\u2606p0x14476b0\n|j|\u2606p0y144e138\n|t:|1783540826\n|gametype|singles\n|player|p1|p0x14476b0|101|\n|player|p2|p0y144e138|265|\n|gen|9\n|tier|[Gen 9] Random Battle\n|rule|Species Clause: Limit one of each Pok\u00e9mon\n|rule|HP Percentage Mod: HP is shown in percentages\n|rule|Sleep Clause Mod: Limit one foe put to sleep\n|rule|Illusion Level Mod: Illusion disguises the Pok\u00e9mon's true level\n|\n|t:|1783540826\n|teamsize|p1|6\n|teamsize|p2|6\n|start\n|switch|p1a: Kingambit|Kingambit, L74, M|270/270\n|switch|p2a: Fezandipiti|Fezandipiti, L82, M|100/100\n|turn|1\n|inactive|Battle timer is ON: inactive players will automatically lose when time's up. (requested by p0y144e138)\n|inactive|Time left: 300 sec this turn | 300 sec total | 60 sec grace\n|inactive|p0x14476b0 also wants the timer to be on.\n|\n|t:|1783540828\n|move|p2a: Fezandipiti|Moonblast|p1a: Kingambit\n|-damage|p1a: Kingambit|185/270\n|move|p1a: Kingambit|Iron Head|p2a: Fezandipiti\n|-supereffective|p2a: Fezandipiti\n|-damage|p2a: Fezandipiti|31/100\n|\n|-heal|p2a: Fezandipiti|37/100|[from] item: Leftovers\n|-heal|p1a: Kingambit|201/270|[from] item: Leftovers\n|upkeep\n|turn|2\n|inactive|Time left: 300 sec this turn | 300 sec total\n|\n|t:|1783540829\n|move|p2a: Fezandipiti|Moonblast|p1a: Kingambit\n|-damage|p1a: Kingambit|116/270\n|move|p1a: Kingambit|Iron Head|p2a: Fezandipiti\n|-supereffective|p2a: Fezandipiti\n|-damage|p2a: Fezandipiti|0 fnt\n|faint|p2a: Fezandipiti\n|\n|-heal|p1a: Kingambit|132/270|[from] item: Leftovers\n|upkeep\n|\n|t:|1783540830\n|switch|p2a: Greninja|Greninja, L80, M|100/100\n|turn|3\n|inactive|Time left: 300 sec this turn | 300 sec total\n|\n|t:|1783540831\n|move|p2a: Greninja|Hydro Pump|p1a: Kingambit\n|-damage|p1a: Kingambit|0 fnt\n|faint|p1a: Kingambit\n|-end|p1a: Kingambit|fallenundefined|[silent]\n|-ability|p2a: Greninja|Battle Bond|boost\n|-boost|p2a: Greninja|atk|1\n|-boost|p2a: Greninja|spa|1\n|-boost|p2a: Greninja|spe|1\n|-activate|p2a: Greninja|ability: Battle Bond\n|-damage|p2a: Greninja|91/100|[from] item: Life Orb\n|\n|upkeep\n|inactive|Time left: 300 sec this turn | 300 sec total | 5 sec grace\n|\n|t:|1783540832\n|switch|p1a: Kommo-o|Kommo-o, L77, M|242/242\n|turn|4\n|inactive|Time left: 300 sec this turn | 300 sec total\n|\n|t:|1783540834\n|-terastallize|p2a: Greninja|Poison\n|move|p2a: Greninja|Ice Beam|p1a: Kommo-o\n|-supereffective|p1a: Kommo-o\n|-damage|p1a: Kommo-o|8/242\n|-damage|p2a: Greninja|81/100|[from] item: Life Orb\n|move|p1a: Kommo-o|Close Combat|p2a: Greninja\n|-resisted|p2a: Greninja\n|-damage|p2a: Greninja|53/100\n|-unboost|p1a: Kommo-o|def|1\n|-unboost|p1a: Kommo-o|spd|1\n|\n|upkeep\n|turn|5\n|inactive|Time left: 300 sec this turn | 300 sec total\n|\n|t:|1783540835\n|move|p2a: Greninja|Ice Beam|p1a: Kommo-o\n|-supereffective|p1a: Kommo-o\n|-crit|p1a: Kommo-o\n|-damage|p1a: Kommo-o|0 fnt\n|faint|p1a: Kommo-o\n|-damage|p2a: Greninja|43/100|[from] item: Life Orb\n|\n|upkeep\n|inactive|Time left: 300 sec this turn | 300 sec total | 5 sec grace\n|\n|t:|1783540836\n|switch|p1a: Moltres|Moltres-Galar, L79|271/271\n|turn|6\n|inactive|Time left: 300 sec this turn | 300 sec total\n|\n|t:|1783540837\n|move|p2a: Greninja|Gunk Shot|p1a: Moltres\n|-damage|p1a: Moltres|44/271\n|-status|p1a: Moltres|psn\n|-ability|p1a: Moltres|Berserk|boost\n|-boost|p1a: Moltres|spa|1\n|-damage|p2a: Greninja|33/100|[from] item: Life Orb\n|move|p1a: Moltres|Fiery Wrath|p2a: Greninja\n|-damage|p2a: Greninja|0 fnt\n|faint|p2a: Greninja\n|\n|-damage|p1a: Moltres|11/271 psn|[from] psn\n|upkeep\n|\n|t:|1783540838\n|switch|p2a: Breloom|Breloom, L83, M|100/100\n|turn|7\n|inactive|Time left: 300 sec this turn | 300 sec total\n|\n|t:|1783540839\n|move|p2a: Breloom|Mach Punch|p1a: Moltres\n|-damage|p1a: Moltres|0 fnt\n|faint|p1a: Moltres\n|-damage|p2a: Breloom|91/100|[from] item: Life Orb\n|\n|upkeep\n|inactive|Time left: 300 sec this turn | 300 sec total | 5 sec grace\n|\n|t:|1783540840\n|switch|p1a: Venomoth|Venomoth, L84, M|255/255\n|turn|8\n|inactive|Time left: 300 sec this turn | 300 sec total\n|\n|t:|1783540841\n|switch|p2a: Toucannon|Toucannon, L88, M|100/100\n|move|p1a: Venomoth|Sludge Wave|p2a: Toucannon\n|-damage|p2a: Toucannon|66/100\n|\n|upkeep\n|turn|9\n|inactive|Time left: 300 sec this turn | 300 sec total\n|\n|t:|1783540842\n|-singleturn|p2a: Toucannon|move: Beak Blast\n|move|p1a: Venomoth|Sleep Powder|p2a: Toucannon\n|-status|p2a: Toucannon|slp|[from] move: Sleep Powder\n|cant|p2a: Toucannon|slp\n|\n|upkeep\n|turn|10\n|inactive|Time left: 300 sec this turn | 300 sec total\n|\n|t:|1783540843\n|-singleturn|p2a: Toucannon|move: Beak Blast\n|move|p1a: Venomoth|Bug Buzz|p2a: Toucannon\n|-resisted|p2a: Toucannon\n|-damage|p2a: Toucannon|35/100 slp\n|cant|p2a: Toucannon|slp\n|\n|upkeep\n|turn|11\n|inactive|Time left: 300 sec this turn | 300 sec total\n|\n|t:|1783540844\n|-singleturn|p2a: Toucannon|move: Beak Blast\n|move|p1a: Venomoth|Sludge Wave|p2a: Toucannon\n|-damage|p2a: Toucannon|1/100 slp\n|-curestatus|p2a: Toucannon|slp|[msg]\n|move|p2a: Toucannon|Beak Blast|p1a: Venomoth\n|-supereffective|p1a: Venomoth\n|-crit|p1a: Venomoth\n|-damage|p1a: Venomoth|0 fnt\n|faint|p1a: Venomoth\n|\n|upkeep\n|inactive|Time left: 300 sec this turn | 300 sec total | 5 sec grace\n|\n|t:|1783540845\n|switch|p1a: Landorus|Landorus, L75, M|257/257\n|turn|12\n|inactive|Time left: 300 sec this turn | 300 sec total\n|\n|t:|1783540846\n|switch|p2a: Lunala|Lunala, L70|100/100\n|move|p1a: Landorus|Sludge Wave|p2a: Lunala\n|-resisted|p2a: Lunala\n|-damage|p2a: Lunala|92/100\n|\n|-heal|p2a: Lunala|99/100|[from] item: Leftovers\n|upkeep\n|turn|13\n|inactive|Time left: 300 sec this turn | 300 sec total\n|\n|t:|1783540847\n|move|p1a: Landorus|Earth Power|p2a: Lunala\n|-damage|p2a: Lunala|46/100\n|move|p2a: Lunala|Moongeist Beam|p1a: Landorus\n|-damage|p1a: Landorus|145/257\n|\n|-heal|p2a: Lunala|52/100|[from] item: Leftovers\n|upkeep\n|turn|14\n|inactive|Time left: 300 sec this turn | 300 sec total\n|\n|t:|1783540848\n|move|p1a: Landorus|Earth Power|p2a: Lunala\n|-damage|p2a: Lunala|0 fnt\n|faint|p2a: Lunala\n|\n|upkeep\n|\n|t:|1783540849\n|switch|p2a: Venusaur|Venusaur, L84, F|100/100\n|turn|15\n|inactive|Time left: 300 sec this turn | 300 sec total\n|\n|t:|1783540850\n|switch|p1a: Emboar|Emboar, L84, M|322/322\n|move|p2a: Venusaur|Sleep Powder|p1a: Emboar|[miss]\n|-miss|p2a: Venusaur|p1a: Emboar\n|\n|upkeep\n|turn|16\n|inactive|Time left: 300 sec this turn | 300 sec total\n|\n|t:|1783540851\n|move|p2a: Venusaur|Substitute|p2a: Venusaur\n|-start|p2a: Venusaur|Substitute\n|-damage|p2a: Venusaur|75/100\n|move|p1a: Emboar|Flare Blitz|p2a: Venusaur\n|-supereffective|p2a: Venusaur\n|-end|p2a: Venusaur|Substitute\n|-damage|p1a: Emboar|300/322|[from] Recoil|[of] p2a: Venusaur\n|\n|-heal|p2a: Venusaur|82/100|[from] item: Leftovers\n|upkeep\n|turn|17\n|inactive|Time left: 300 sec this turn | 300 sec total\n|\n|t:|1783540852\n|move|p2a: Venusaur|Sleep Powder|p1a: Emboar\n|-status|p1a: Emboar|slp|[from] move: Sleep Powder\n|cant|p1a: Emboar|slp\n|\n|-heal|p2a: Venusaur|88/100|[from] item: Leftovers\n|upkeep\n|turn|18\n|inactive|Time left: 300 sec this turn | 300 sec total\n|\n|t:|1783540853\n|move|p2a: Venusaur|Leech Seed|p1a: Emboar\n|-start|p1a: Emboar|move: Leech Seed\n|cant|p1a: Emboar|slp\n|\n|-heal|p2a: Venusaur|94/100|[from] item: Leftovers\n|-damage|p1a: Emboar|260/322 slp|[from] Leech Seed|[of] p2a: Venusaur\n|-heal|p2a: Venusaur|100/100|[silent]\n|upkeep\n|turn|19\n|inactive|Time left: 300 sec this turn | 300 sec total\n|\n|t:|1783540854\n|move|p2a: Venusaur|Substitute|p2a: Venusaur\n|-start|p2a: Venusaur|Substitute\n|-damage|p2a: Venusaur|75/100\n|-curestatus|p1a: Emboar|slp|[msg]\n|move|p1a: Emboar|Flare Blitz|p2a: Venusaur\n|-supereffective|p2a: Venusaur\n|-end|p2a: Venusaur|Substitute\n|-damage|p1a: Emboar|238/322|[from] Recoil|[of] p2a: Venusaur\n|\n|-heal|p2a: Venusaur|82/100|[from] item: Leftovers\n|-damage|p1a: Emboar|198/322|[from] Leech Seed|[of] p2a: Venusaur\n|-heal|p2a: Venusaur|96/100|[silent]\n|upkeep\n|turn|20\n|inactive|Time left: 300 sec this turn | 300 sec total\n|\n|t:|1783540855\n|move|p2a: Venusaur|Sleep Powder|p1a: Emboar\n|-status|p1a: Emboar|slp|[from] move: Sleep Powder\n|cant|p1a: Emboar|slp\n|\n|-heal|p2a: Venusaur|100/100|[from] item: Leftovers\n|-damage|p1a: Emboar|158/322 slp|[from] Leech Seed|[of] p2a: Venusaur\n|upkeep\n|turn|21\n|inactive|Time left: 300 sec this turn | 300 sec total\n|\n|t:|1783540856\n|move|p2a: Venusaur|Substitute|p2a: Venusaur\n|-start|p2a: Venusaur|Substitute\n|-damage|p2a: Venusaur|75/100\n|cant|p1a: Emboar|slp\n|\n|-heal|p2a: Venusaur|82/100|[from] item: Leftovers\n|-damage|p1a: Emboar|118/322 slp|[from] Leech Seed|[of] p2a: Venusaur\n|-heal|p2a: Venusaur|96/100|[silent]\n|upkeep\n|turn|22\n|inactive|Time left: 300 sec this turn | 300 sec total\n|\n|t:|1783540857\n|switch|p1a: Landorus|Landorus, L75, M|145/257\n|move|p2a: Venusaur|Sludge Bomb|p1a: Landorus\n|-resisted|p1a: Landorus\n|-damage|p1a: Landorus|85/257\n|\n|-heal|p2a: Venusaur|100/100|[from] item: Leftovers\n|upkeep\n|turn|23\n|inactive|Time left: 300 sec this turn | 300 sec total\n|\n|t:|1783540858\n|switch|p1a: Emboar|Emboar, L84, M|118/322 slp\n|move|p2a: Venusaur|Sludge Bomb|p1a: Emboar\n|-damage|p1a: Emboar|33/322 slp\n|\n|upkeep\n|turn|24\n|inactive|Time left: 300 sec this turn | 300 sec total\n|\n|t:|1783540860\n|move|p2a: Venusaur|Sludge Bomb|p1a: Emboar\n|-damage|p1a: Emboar|0 fnt\n|faint|p1a: Emboar\n|\n|upkeep\n|inactive|Time left: 300 sec this turn | 300 sec total | 5 sec grace\n|\n|t:|1783540861\n|switch|p1a: Landorus|Landorus, L75, M|85/257\n|turn|25\n|inactive|Time left: 300 sec this turn | 300 sec total\n|\n|t:|1783540861\n|move|p1a: Landorus|Stealth Rock|p2a: Venusaur\n|-sidestart|p2: p0y144e138|move: Stealth Rock\n|move|p2a: Venusaur|Sludge Bomb|p1a: Landorus\n|-resisted|p1a: Landorus\n|-crit|p1a: Landorus\n|-damage|p1a: Landorus|5/257\n|\n|upkeep\n|turn|26\n|inactive|Time left: 300 sec this turn | 300 sec total\n|\n|t:|1783540863\n|move|p1a: Landorus|Stealth Rock||[still]\n|-fail|p1a: Landorus\n|move|p2a: Venusaur|Sludge Bomb|p1a: Landorus\n|-resisted|p1a: Landorus\n|-damage|p1a: Landorus|0 fnt\n|faint|p1a: Landorus\n|\n|win|p0y144e138", "uploadtime": 1783540863, "views": 0, "rating": 0, "private": 0, "password": null, "_winner": "p0y144e138", "_our_name": "p0x14476b0"}