{"id": "battle-gen9randombattle-257", "formatid": "gen9randombattle", "format": "[Gen 9] Random Battle", "players": ["p0x257b663", "p0y257b52f"], "log": "|init|battle\n|title|p0x257b663 vs. p0y257b52f\n|j|\u2606p0x257b663\n|j|\u2606p0y257b52f\n|t:|1783542553\n|gametype|singles\n|player|p1|p0x257b663|101|\n|player|p2|p0y257b52f|1|\n|gen|9\n|tier|[Gen 9] Random Battle\n|rule|Species Clause: Limit one of each Pok\u00e9mon\n|rule|HP Percentage Mod: HP is shown in percentages\n|rule|Sleep Clause Mod: Limit one foe put to sleep\n|rule|Illusion Level Mod: Illusion disguises the Pok\u00e9mon's true level\n|\n|t:|1783542553\n|teamsize|p1|6\n|teamsize|p2|6\n|start\n|switch|p1a: Cryogonal|Cryogonal, L89|287/287\n|switch|p2a: Camerupt|Camerupt, L91, F|100/100\n|turn|1\n|inactive|Battle timer is ON: inactive players will automatically lose when time's up. (requested by p0y257b52f)\n|inactive|Time left: 300 sec this turn | 300 sec total | 60 sec grace\n|inactive|p0x257b663 also wants the timer to be on.\n|\n|t:|1783542554\n|move|p1a: Cryogonal|Freeze-Dry|p2a: Camerupt\n|-damage|p2a: Camerupt|72/100\n|-status|p2a: Camerupt|frz\n|-curestatus|p2a: Camerupt|frz|[msg]\n|move|p2a: Camerupt|Overheat|p1a: Cryogonal\n|-supereffective|p1a: Cryogonal\n|-damage|p1a: Cryogonal|45/287\n|-unboost|p2a: Camerupt|spa|2\n|\n|-heal|p2a: Camerupt|78/100|[from] item: Leftovers\n|upkeep\n|turn|2\n|inactive|Time left: 300 sec this turn | 300 sec total\n|\n|t:|1783542556\n|switch|p2a: Morpeko|Morpeko, L88, F|100/100\n|move|p1a: Cryogonal|Recover|p1a: Cryogonal\n|-heal|p1a: Cryogonal|189/287\n|\n|-formechange|p2a: Morpeko|Morpeko-Hangry||[from] ability: Hunger Switch\n|upkeep\n|turn|3\n|inactive|Time left: 300 sec this turn | 300 sec total\n|\n|t:|1783542557\n|switch|p1a: Magcargo|Magcargo, L95, F|268/268\n|move|p2a: Morpeko|Aura Wheel|p1a: Magcargo\n|-damage|p1a: Magcargo|175/268\n|-boost|p2a: Morpeko|spe|1\n|\n|-formechange|p2a: Morpeko|Morpeko||[from] ability: Hunger Switch\n|upkeep\n|turn|4\n|inactive|Time left: 300 sec this turn | 300 sec total\n|\n|t:|1783542558\n|move|p2a: Morpeko|Aura Wheel|p1a: Magcargo\n|-damage|p1a: Magcargo|82/268\n|-boost|p2a: Morpeko|spe|1\n|move|p1a: Magcargo|Lava Plume|p2a: Morpeko\n|-damage|p2a: Morpeko|47/100\n|-status|p2a: Morpeko|brn\n|\n|-heal|p2a: Morpeko|54/100 brn|[from] item: Leftovers\n|-damage|p2a: Morpeko|47/100 brn|[from] brn\n|-formechange|p2a: Morpeko|Morpeko-Hangry||[from] ability: Hunger Switch\n|upkeep\n|turn|5\n|inactive|Time left: 300 sec this turn | 300 sec total\n|\n|t:|1783542559\n|move|p2a: Morpeko|Aura Wheel|p1a: Magcargo\n|-damage|p1a: Magcargo|37/268\n|-boost|p2a: Morpeko|spe|1\n|move|p1a: Magcargo|Recover|p1a: Magcargo\n|-heal|p1a: Magcargo|171/268\n|\n|-heal|p2a: Morpeko|54/100 brn|[from] item: Leftovers\n|-damage|p2a: Morpeko|47/100 brn|[from] brn\n|-formechange|p2a: Morpeko|Morpeko||[from] ability: Hunger Switch\n|upkeep\n|turn|6\n|inactive|Time left: 300 sec this turn | 300 sec total\n|\n|t:|1783542560\n|move|p2a: Morpeko|Knock Off|p1a: Magcargo\n|-damage|p1a: Magcargo|129/268\n|-enditem|p1a: Magcargo|Heavy-Duty Boots|[from] move: Knock Off|[of] p2a: Morpeko\n|move|p1a: Magcargo|Lava Plume|p2a: Morpeko\n|-damage|p2a: Morpeko|0 fnt\n|faint|p2a: Morpeko\n|\n|upkeep\n|\n|t:|1783542561\n|switch|p2a: Araquanid|Araquanid, L82, F|100/100\n|turn|7\n|inactive|Time left: 300 sec this turn | 300 sec total\n|\n|t:|1783542563\n|move|p2a: Araquanid|Liquidation|p1a: Magcargo\n|-supereffective|p1a: Magcargo\n|-damage|p1a: Magcargo|0 fnt\n|faint|p1a: Magcargo\n|\n|upkeep\n|inactive|Time left: 300 sec this turn | 300 sec total | 5 sec grace\n|\n|t:|1783542564\n|switch|p1a: Cryogonal|Cryogonal, L89|189/287\n|turn|8\n|inactive|Time left: 300 sec this turn | 300 sec total\n|\n|t:|1783542565\n|move|p1a: Cryogonal|Freeze-Dry|p2a: Araquanid\n|-supereffective|p2a: Araquanid\n|-damage|p2a: Araquanid|52/100\n|move|p2a: Araquanid|Sticky Web|p1a: Cryogonal\n|-sidestart|p1: p0x257b663|move: Sticky Web\n|\n|upkeep\n|turn|9\n|inactive|Time left: 300 sec this turn | 300 sec total\n|\n|t:|1783542566\n|move|p1a: Cryogonal|Rapid Spin|p2a: Araquanid\n|-damage|p2a: Araquanid|42/100\n|-boost|p1a: Cryogonal|spe|1\n|-sideend|p1: p0x257b663|Sticky Web|[from] move: Rapid Spin|[of] p1a: Cryogonal\n|move|p2a: Araquanid|Liquidation|p1a: Cryogonal\n|-damage|p1a: Cryogonal|3/287\n|\n|upkeep\n|turn|10\n|inactive|Time left: 300 sec this turn | 300 sec total\n|\n|t:|1783542567\n|switch|p2a: Camerupt|Camerupt, L91, F|78/100\n|move|p1a: Cryogonal|Freeze-Dry|p2a: Camerupt\n|-damage|p2a: Camerupt|48/100\n|\n|-heal|p2a: Camerupt|54/100|[from] item: Leftovers\n|upkeep\n|turn|11\n|inactive|Time left: 300 sec this turn | 300 sec total\n|\n|t:|1783542568\n|move|p1a: Cryogonal|Freeze-Dry|p2a: Camerupt\n|-damage|p2a: Camerupt|22/100\n|move|p2a: Camerupt|Overheat|p1a: Cryogonal\n|-supereffective|p1a: Cryogonal\n|-damage|p1a: Cryogonal|0 fnt\n|-unboost|p2a: Camerupt|spa|2\n|faint|p1a: Cryogonal\n|\n|-heal|p2a: Camerupt|28/100|[from] item: Leftovers\n|upkeep\n|inactive|Time left: 300 sec this turn | 300 sec total | 5 sec grace\n|\n|t:|1783542569\n|switch|p1a: Dachsbun|Dachsbun, L92, F|254/254\n|turn|12\n|inactive|Time left: 300 sec this turn | 300 sec total\n|\n|t:|1783542570\n|switch|p2a: Victreebel|Victreebel, L90, M|100/100\n|move|p1a: Dachsbun|Play Rough|p2a: Victreebel|[miss]\n|-miss|p1a: Dachsbun|p2a: Victreebel\n|\n|upkeep\n|turn|13\n|inactive|Time left: 300 sec this turn | 300 sec total\n|\n|t:|1783542571\n|switch|p1a: Toxapex|Toxapex, L82, M|216/216\n|move|p2a: Victreebel|Sludge Wave|p1a: Toxapex\n|-resisted|p1a: Toxapex\n|-damage|p1a: Toxapex|164/216\n|-damage|p2a: Victreebel|90/100|[from] item: Life Orb\n|\n|-heal|p1a: Toxapex|177/216|[from] item: Leftovers\n|upkeep\n|turn|14\n|inactive|Time left: 300 sec this turn | 300 sec total\n|\n|t:|1783542572\n|move|p2a: Victreebel|Sludge Wave|p1a: Toxapex\n|-resisted|p1a: Toxapex\n|-damage|p1a: Toxapex|126/216\n|-damage|p2a: Victreebel|80/100|[from] item: Life Orb\n|move|p1a: Toxapex|Recover|p1a: Toxapex\n|-heal|p1a: Toxapex|216/216\n|\n|upkeep\n|turn|15\n|inactive|Time left: 300 sec this turn | 300 sec total\n|\n|t:|1783542573\n|move|p2a: Victreebel|Sludge Wave|p1a: Toxapex\n|-resisted|p1a: Toxapex\n|-damage|p1a: Toxapex|159/216\n|-damage|p2a: Victreebel|70/100|[from] item: Life Orb\n|move|p1a: Toxapex|Toxic Spikes|p2a: Victreebel\n|-sidestart|p2: p0y257b52f|move: Toxic Spikes\n|\n|-heal|p1a: Toxapex|172/216|[from] item: Leftovers\n|upkeep\n|turn|16\n|inactive|Time left: 300 sec this turn | 300 sec total\n|\n|t:|1783542574\n|move|p2a: Victreebel|Power Whip|p1a: Toxapex|[miss]\n|-miss|p2a: Victreebel|p1a: Toxapex\n|move|p1a: Toxapex|Toxic Spikes|p2a: Victreebel\n|-sidestart|p2: p0y257b52f|move: Toxic Spikes\n|\n|-heal|p1a: Toxapex|185/216|[from] item: Leftovers\n|upkeep\n|turn|17\n|inactive|Time left: 300 sec this turn | 300 sec total\n|\n|t:|1783542575\n|move|p2a: Victreebel|Power Whip|p1a: Toxapex|[miss]\n|-miss|p2a: Victreebel|p1a: Toxapex\n|move|p1a: Toxapex|Recover|p1a: Toxapex\n|-heal|p1a: Toxapex|216/216\n|\n|upkeep\n|turn|18\n|inactive|Time left: 300 sec this turn | 300 sec total\n|\n|t:|1783542576\n|move|p2a: Victreebel|Sludge Wave|p1a: Toxapex\n|-resisted|p1a: Toxapex\n|-damage|p1a: Toxapex|161/216\n|-damage|p2a: Victreebel|60/100|[from] item: Life Orb\n|move|p1a: Toxapex|Liquidation|p2a: Victreebel\n|-resisted|p2a: Victreebel\n|-damage|p2a: Victreebel|49/100\n|\n|-heal|p1a: Toxapex|174/216|[from] item: Leftovers\n|upkeep\n|turn|19\n|inactive|Time left: 300 sec this turn | 300 sec total\n|\n|t:|1783542577\n|move|p2a: Victreebel|Sludge Wave|p1a: Toxapex\n|-resisted|p1a: Toxapex\n|-damage|p1a: Toxapex|117/216\n|-damage|p2a: Victreebel|39/100|[from] item: Life Orb\n|move|p1a: Toxapex|Recover|p1a: Toxapex\n|-heal|p1a: Toxapex|216/216\n|\n|upkeep\n|turn|20\n|inactive|Time left: 300 sec this turn | 300 sec total\n|\n|t:|1783542578\n|move|p2a: Victreebel|Power Whip|p1a: Toxapex\n|-damage|p1a: Toxapex|83/216\n|-damage|p2a: Victreebel|29/100|[from] item: Life Orb\n|move|p1a: Toxapex|Liquidation|p2a: Victreebel\n|-resisted|p2a: Victreebel\n|-damage|p2a: Victreebel|16/100\n|\n|-heal|p1a: Toxapex|96/216|[from] item: Leftovers\n|upkeep\n|turn|21\n|inactive|Time left: 300 sec this turn | 300 sec total\n|\n|t:|1783542579\n|switch|p1a: Scream Tail|Scream Tail, L84|330/330\n|move|p2a: Victreebel|Power Whip|p1a: Scream Tail\n|-damage|p1a: Scream Tail|153/330\n|-damage|p2a: Victreebel|6/100|[from] item: Life Orb\n|\n|-heal|p1a: Scream Tail|173/330|[from] item: Leftovers\n|upkeep\n|turn|22\n|inactive|Time left: 300 sec this turn | 300 sec total\n|\n|t:|1783542581\n|switch|p2a: Dodrio|Dodrio, L85, F|100/100\n|move|p1a: Scream Tail|Play Rough|p2a: Dodrio\n|-damage|p2a: Dodrio|67/100\n|\n|-heal|p1a: Scream Tail|193/330|[from] item: Leftovers\n|upkeep\n|turn|23\n|inactive|Time left: 300 sec this turn | 300 sec total\n|\n|t:|1783542582\n|move|p2a: Dodrio|Swords Dance|p2a: Dodrio\n|-boost|p2a: Dodrio|atk|2\n|move|p1a: Scream Tail|Play Rough|p2a: Dodrio\n|-damage|p2a: Dodrio|30/100\n|\n|-heal|p1a: Scream Tail|213/330|[from] item: Leftovers\n|upkeep\n|turn|24\n|inactive|Time left: 300 sec this turn | 300 sec total\n|\n|t:|1783542583\n|move|p1a: Scream Tail|Protect|p1a: Scream Tail\n|-singleturn|p1a: Scream Tail|Protect\n|move|p2a: Dodrio|Knock Off|p1a: Scream Tail\n|-activate|p1a: Scream Tail|move: Protect\n|\n|-heal|p1a: Scream Tail|233/330|[from] item: Leftovers\n|upkeep\n|turn|25\n|inactive|Time left: 300 sec this turn | 300 sec total\n|\n|t:|1783542584\n|move|p2a: Dodrio|Knock Off|p1a: Scream Tail\n|-damage|p1a: Scream Tail|78/330\n|-enditem|p1a: Scream Tail|Leftovers|[from] move: Knock Off|[of] p2a: Dodrio\n|move|p1a: Scream Tail|Play Rough|p2a: Dodrio\n|-damage|p2a: Dodrio|0 fnt\n|faint|p2a: Dodrio\n|\n|upkeep\n|\n|t:|1783542585\n|switch|p2a: Araquanid|Araquanid, L82, F|42/100\n|turn|26\n|inactive|Time left: 300 sec this turn | 300 sec total\n|\n|t:|1783542586\n|move|p1a: Scream Tail|Play Rough|p2a: Araquanid\n|-damage|p2a: Araquanid|13/100\n|move|p2a: Araquanid|Sticky Web|p1a: Scream Tail\n|-sidestart|p1: p0x257b663|move: Sticky Web\n|\n|upkeep\n|turn|27\n|inactive|Time left: 300 sec this turn | 300 sec total\n|\n|t:|1783542587\n|switch|p2a: Victreebel|Victreebel, L90, M|6/100\n|-sideend|p2: p0y257b52f|move: Toxic Spikes|[of] p2a: Victreebel\n|move|p1a: Scream Tail|Play Rough|p2a: Victreebel\n|-resisted|p2a: Victreebel\n|-damage|p2a: Victreebel|0 fnt\n|faint|p2a: Victreebel\n|\n|upkeep\n|\n|t:|1783542588\n|switch|p2a: Camerupt|Camerupt, L91, F|28/100\n|turn|28\n|inactive|Time left: 300 sec this turn | 300 sec total\n|\n|t:|1783542589\n|move|p1a: Scream Tail|Play Rough|p2a: Camerupt\n|-resisted|p2a: Camerupt\n|-damage|p2a: Camerupt|14/100\n|move|p2a: Camerupt|Stealth Rock|p1a: Scream Tail\n|-sidestart|p1: p0x257b663|move: Stealth Rock\n|\n|-heal|p2a: Camerupt|20/100|[from] item: Leftovers\n|upkeep\n|turn|29\n|inactive|Time left: 300 sec this turn | 300 sec total\n|\n|t:|1783542590\n|move|p1a: Scream Tail|Play Rough|p2a: Camerupt|[miss]\n|-miss|p1a: Scream Tail|p2a: Camerupt\n|move|p2a: Camerupt|Earthquake|p1a: Scream Tail\n|-damage|p1a: Scream Tail|0 fnt\n|faint|p1a: Scream Tail\n|-end|p1a: Scream Tail|Protosynthesis|[silent]\n|\n|-heal|p2a: Camerupt|27/100|[from] item: Leftovers\n|upkeep\n|inactive|Time left: 300 sec this turn | 300 sec total | 5 sec grace\n|\n|t:|1783542591\n|switch|p1a: Dachsbun|Dachsbun, L92, F|254/254\n|-activate|p1a: Dachsbun|move: Sticky Web\n|-unboost|p1a: Dachsbun|spe|1\n|-damage|p1a: Dachsbun|223/254|[from] Stealth Rock\n|turn|30\n|inactive|Time left: 300 sec this turn | 300 sec total\n|\n|t:|1783542592\n|move|p1a: Dachsbun|Play Rough|p2a: Camerupt\n|-resisted|p2a: Camerupt\n|-damage|p2a: Camerupt|8/100\n|move|p2a: Camerupt|Earthquake|p1a: Dachsbun\n|-damage|p1a: Dachsbun|129/254\n|\n|-heal|p1a: Dachsbun|144/254|[from] item: Leftovers\n|-heal|p2a: Camerupt|14/100|[from] item: Leftovers\n|upkeep\n|turn|31\n|inactive|Time left: 300 sec this turn | 300 sec total\n|\n|t:|1783542593\n|switch|p2a: Tropius|Tropius, L91, F|100/100\n|move|p1a: Dachsbun|Play Rough|p2a: Tropius\n|-damage|p2a: Tropius|74/100\n|\n|-heal|p1a: Dachsbun|159/254|[from] item: Leftovers\n|upkeep\n|turn|32\n|inactive|Time left: 300 sec this turn | 300 sec total\n|\n|t:|1783542595\n|move|p1a: Dachsbun|Wish|p1a: Dachsbun\n|move|p2a: Tropius|Leech Seed|p1a: Dachsbun\n|-start|p1a: Dachsbun|move: Leech Seed\n|\n|-heal|p1a: Dachsbun|174/254|[from] item: Leftovers\n|-damage|p1a: Dachsbun|143/254|[from] Leech Seed|[of] p2a: Tropius\n|-heal|p2a: Tropius|83/100|[silent]\n|upkeep\n|turn|33\n|inactive|Time left: 300 sec this turn | 300 sec total\n|\n|t:|1783542596\n|switch|p1a: Toxapex|Toxapex, L82, M|168/216\n|-activate|p1a: Toxapex|move: Sticky Web\n|-unboost|p1a: Toxapex|spe|1\n|-damage|p1a: Toxapex|141/216|[from] Stealth Rock\n|move|p2a: Tropius|Leech Seed|p1a: Toxapex\n|-start|p1a: Toxapex|move: Leech Seed\n|\n|-heal|p1a: Toxapex|216/216|[from] move: Wish|[wisher] Dachsbun\n|-damage|p1a: Toxapex|189/216|[from] Leech Seed|[of] p2a: Tropius\n|-heal|p2a: Tropius|92/100|[silent]\n|upkeep\n|turn|34\n|inactive|Time left: 300 sec this turn | 300 sec total\n|\n|t:|1783542596\n|switch|p1a: Dachsbun|Dachsbun, L92, F|143/254\n|-activate|p1a: Dachsbun|move: Sticky Web\n|-unboost|p1a: Dachsbun|spe|1\n|-damage|p1a: Dachsbun|112/254|[from] Stealth Rock\n|move|p2a: Tropius|Air Slash|p1a: Dachsbun|[miss]\n|-miss|p2a: Tropius|p1a: Dachsbun\n|\n|-heal|p1a: Dachsbun|127/254|[from] item: Leftovers\n|upkeep\n|turn|35\n|inactive|Time left: 300 sec this turn | 300 sec total\n|\n|t:|1783542597\n|move|p1a: Dachsbun|Wish|p1a: Dachsbun\n|move|p2a: Tropius|Leech Seed|p1a: Dachsbun\n|-start|p1a: Dachsbun|move: Leech Seed\n|\n|-heal|p1a: Dachsbun|142/254|[from] item: Leftovers\n|-damage|p1a: Dachsbun|111/254|[from] Leech Seed|[of] p2a: Tropius\n|-heal|p2a: Tropius|100/100|[silent]\n|upkeep\n|turn|36\n|inactive|Time left: 300 sec this turn | 300 sec total\n|\n|t:|1783542598\n|move|p1a: Dachsbun|Play Rough|p2a: Tropius\n|-damage|p2a: Tropius|73/100\n|move|p2a: Tropius|Air Slash|p1a: Dachsbun|[miss]\n|-miss|p2a: Tropius|p1a: Dachsbun\n|\n|-heal|p1a: Dachsbun|238/254|[from] move: Wish|[wisher] Dachsbun\n|-heal|p1a: Dachsbun|253/254|[from] item: Leftovers\n|-damage|p1a: Dachsbun|222/254|[from] Leech Seed|[of] p2a: Tropius\n|-heal|p2a: Tropius|83/100|[silent]\n|upkeep\n|turn|37\n|inactive|Time left: 300 sec this turn | 300 sec total\n|\n|t:|1783542600\n|switch|p1a: Toxapex|Toxapex, L82, M|216/216\n|-activate|p1a: Toxapex|move: Sticky Web\n|-unboost|p1a: Toxapex|spe|1\n|-damage|p1a: Toxapex|189/216|[from] Stealth Rock\n|move|p2a: Tropius|Leech Seed|p1a: Toxapex\n|-start|p1a: Toxapex|move: Leech Seed\n|\n|-heal|p1a: Toxapex|202/216|[from] item: Leftovers\n|-damage|p1a: Toxapex|175/216|[from] Leech Seed|[of] p2a: Tropius\n|-heal|p2a: Tropius|91/100|[silent]\n|upkeep\n|turn|38\n|inactive|Time left: 300 sec this turn | 300 sec total\n|\n|t:|1783542601\n|switch|p1a: Chansey|Chansey, L85, F|564/564\n|-activate|p1a: Chansey|move: Sticky Web\n|-unboost|p1a: Chansey|spe|1\n|-damage|p1a: Chansey|494/564|[from] Stealth Rock\n|move|p2a: Tropius|Air Slash|p1a: Chansey\n|-damage|p1a: Chansey|454/564\n|\n|upkeep\n|turn|39\n|inactive|Time left: 300 sec this turn | 300 sec total\n|\n|t:|1783542602\n|move|p2a: Tropius|Leech Seed|p1a: Chansey\n|-start|p1a: Chansey|move: Leech Seed\n|move|p1a: Chansey|Seismic Toss|p2a: Tropius\n|-damage|p2a: Tropius|65/100\n|\n|-damage|p1a: Chansey|384/564|[from] Leech Seed|[of] p2a: Tropius\n|-heal|p2a: Tropius|86/100|[silent]\n|upkeep\n|turn|40\n|inactive|Time left: 300 sec this turn | 300 sec total\n|\n|t:|1783542603\n|switch|p1a: Toxapex|Toxapex, L82, M|216/216\n|-activate|p1a: Toxapex|move: Sticky Web\n|-unboost|p1a: Toxapex|spe|1\n|-damage|p1a: Toxapex|189/216|[from] Stealth Rock\n|move|p2a: Tropius|Leech Seed|p1a: Toxapex\n|-start|p1a: Toxapex|move: Leech Seed\n|\n|-heal|p1a: Toxapex|202/216|[from] item: Leftovers\n|-damage|p1a: Toxapex|175/216|[from] Leech Seed|[of] p2a: Tropius\n|-heal|p2a: Tropius|94/100|[silent]\n|upkeep\n|turn|41\n|inactive|Time left: 300 sec this turn | 300 sec total\n|\n|t:|1783542604\n|switch|p1a: Chansey|Chansey, L85, F|384/564\n|-activate|p1a: Chansey|move: Sticky Web\n|-unboost|p1a: Chansey|spe|1\n|-damage|p1a: Chansey|314/564|[from] Stealth Rock\n|move|p2a: Tropius|Leech Seed|p1a: Chansey|[miss]\n|-miss|p2a: Tropius|p1a: Chansey\n|\n|upkeep\n|turn|42\n|inactive|Time left: 300 sec this turn | 300 sec total\n|\n|t:|1783542605\n|move|p2a: Tropius|Leech Seed|p1a: Chansey\n|-start|p1a: Chansey|move: Leech Seed\n|move|p1a: Chansey|Soft-Boiled|p1a: Chansey\n|-heal|p1a: Chansey|564/564\n|\n|-damage|p1a: Chansey|494/564|[from] Leech Seed|[of] p2a: Tropius\n|-heal|p2a: Tropius|100/100|[silent]\n|upkeep\n|turn|43\n|inactive|Time left: 300 sec this turn | 300 sec total\n|\n|t:|1783542606\n|switch|p1a: Toxapex|Toxapex, L82, M|216/216\n|-activate|p1a: Toxapex|move: Sticky Web\n|-unboost|p1a: Toxapex|spe|1\n|-damage|p1a: Toxapex|189/216|[from] Stealth Rock\n|move|p2a: Tropius|Leech Seed|p1a: Toxapex\n|-start|p1a: Toxapex|move: Leech Seed\n|\n|-heal|p1a: Toxapex|202/216|[from] item: Leftovers\n|-damage|p1a: Toxapex|175/216|[from] Leech Seed|[of] p2a: Tropius\n|upkeep\n|turn|44\n|inactive|Time left: 300 sec this turn | 300 sec total\n|\n|t:|1783542607\n|switch|p1a: Dachsbun|Dachsbun, L92, F|222/254\n|-activate|p1a: Dachsbun|move: Sticky Web\n|-unboost|p1a: Dachsbun|spe|1\n|-damage|p1a: Dachsbun|191/254|[from] Stealth Rock\n|move|p2a: Tropius|Substitute|p2a: Tropius\n|-start|p2a: Tropius|Substitute\n|-damage|p2a: Tropius|75/100\n|\n|-heal|p1a: Dachsbun|206/254|[from] item: Leftovers\n|upkeep\n|turn|45\n|inactive|Time left: 300 sec this turn | 300 sec total\n|\n|t:|1783542608\n|move|p1a: Dachsbun|Protect|p1a: Dachsbun\n|-singleturn|p1a: Dachsbun|Protect\n|move|p2a: Tropius|Leech Seed|p1a: Dachsbun\n|-activate|p1a: Dachsbun|move: Protect\n|\n|-heal|p1a: Dachsbun|221/254|[from] item: Leftovers\n|upkeep\n|turn|46\n|inactive|Time left: 300 sec this turn | 300 sec total\n|\n|t:|1783542609\n|move|p1a: Dachsbun|Play Rough|p2a: Tropius\n|-end|p2a: Tropius|Substitute\n|move|p2a: Tropius|Leech Seed|p1a: Dachsbun\n|-start|p1a: Dachsbun|move: Leech Seed\n|\n|-heal|p1a: Dachsbun|236/254|[from] item: Leftovers\n|-damage|p1a: Dachsbun|205/254|[from] Leech Seed|[of] p2a: Tropius\n|-heal|p2a: Tropius|85/100|[silent]\n|upkeep\n|turn|47\n|inactive|Time left: 300 sec this turn | 300 sec total\n|\n|t:|1783542610\n|switch|p1a: Toxapex|Toxapex, L82, M|216/216\n|-activate|p1a: Toxapex|move: Sticky Web\n|-unboost|p1a: Toxapex|spe|1\n|-damage|p1a: Toxapex|189/216|[from] Stealth Rock\n|move|p2a: Tropius|Leech Seed|p1a: Toxapex\n|-start|p1a: Toxapex|move: Leech Seed\n|\n|-heal|p1a: Toxapex|202/216|[from] item: Leftovers\n|-damage|p1a: Toxapex|175/216|[from] Leech Seed|[of] p2a: Tropius\n|-heal|p2a: Tropius|93/100|[silent]\n|upkeep\n|turn|48\n|inactive|Time left: 300 sec this turn | 300 sec total\n|\n|t:|1783542611\n|switch|p1a: Chansey|Chansey, L85, F|494/564\n|-activate|p1a: Chansey|move: Sticky Web\n|-unboost|p1a: Chansey|spe|1\n|-damage|p1a: Chansey|424/564|[from] Stealth Rock\n|move|p2a: Tropius|Air Slash|p1a: Chansey\n|-damage|p1a: Chansey|378/564\n|\n|upkeep\n|turn|49\n|inactive|Time left: 300 sec this turn | 300 sec total\n|\n|t:|1783542612\n|move|p2a: Tropius|Leech Seed|p1a: Chansey\n|-start|p1a: Chansey|move: Leech Seed\n|move|p1a: Chansey|Soft-Boiled|p1a: Chansey\n|-heal|p1a: Chansey|564/564\n|\n|-damage|p1a: Chansey|494/564|[from] Leech Seed|[of] p2a: Tropius\n|-heal|p2a: Tropius|100/100|[silent]\n|upkeep\n|turn|50\n|inactive|Time left: 300 sec this turn | 300 sec total\n|\n|t:|1783542613\n|switch|p1a: Toxapex|Toxapex, L82, M|216/216\n|-activate|p1a: Toxapex|move: Sticky Web\n|-unboost|p1a: Toxapex|spe|1\n|-damage|p1a: Toxapex|189/216|[from] Stealth Rock\n|move|p2a: Tropius|Leech Seed|p1a: Toxapex\n|-start|p1a: Toxapex|move: Leech Seed\n|\n|-heal|p1a: Toxapex|202/216|[from] item: Leftovers\n|-damage|p1a: Toxapex|175/216|[from] Leech Seed|[of] p2a: Tropius\n|upkeep\n|turn|51\n|inactive|Time left: 300 sec this turn | 300 sec total\n|\n|t:|1783542614\n|switch|p1a: Dachsbun|Dachsbun, L92, F|205/254\n|-activate|p1a: Dachsbun|move: Sticky Web\n|-unboost|p1a: Dachsbun|spe|1\n|-damage|p1a: Dachsbun|174/254|[from] Stealth Rock\n|move|p2a: Tropius|Substitute|p2a: Tropius\n|-start|p2a: Tropius|Substitute\n|-damage|p2a: Tropius|75/100\n|\n|-heal|p1a: Dachsbun|189/254|[from] item: Leftovers\n|upkeep\n|turn|52\n|inactive|Time left: 300 sec this turn | 300 sec total\n|\n|t:|1783542615\n|move|p1a: Dachsbun|Wish|p1a: Dachsbun\n|move|p2a: Tropius|Leech Seed|p1a: Dachsbun\n|-start|p1a: Dachsbun|move: Leech Seed\n|\n|-heal|p1a: Dachsbun|204/254|[from] item: Leftovers\n|-damage|p1a: Dachsbun|173/254|[from] Leech Seed|[of] p2a: Tropius\n|-heal|p2a: Tropius|85/100|[silent]\n|upkeep\n|turn|53\n|inactive|Time left: 300 sec this turn | 300 sec total\n|\n|t:|1783542616\n|move|p1a: Dachsbun|Play Rough|p2a: Tropius\n|-end|p2a: Tropius|Substitute\n|move|p2a: Tropius|Leech Seed||[still]\n|-fail|p2a: Tropius\n|\n|-heal|p1a: Dachsbun|254/254|[from] move: Wish|[wisher] Dachsbun\n|-damage|p1a: Dachsbun|223/254|[from] Leech Seed|[of] p2a: Tropius\n|-heal|p2a: Tropius|94/100|[silent]\n|upkeep\n|turn|54\n|inactive|Time left: 300 sec this turn | 300 sec total\n|\n|t:|1783542618\n|switch|p1a: Chansey|Chansey, L85, F|494/564\n|-activate|p1a: Chansey|move: Sticky Web\n|-unboost|p1a: Chansey|spe|1\n|-damage|p1a: Chansey|424/564|[from] Stealth Rock\n|move|p2a: Tropius|Air Slash|p1a: Chansey\n|-damage|p1a: Chansey|378/564\n|\n|upkeep\n|turn|55\n|inactive|Time left: 300 sec this turn | 300 sec total\n|\n|t:|1783542619\n|move|p2a: Tropius|Air Slash|p1a: Chansey\n|-damage|p1a: Chansey|332/564\n|move|p1a: Chansey|Seismic Toss|p2a: Tropius\n|-damage|p2a: Tropius|68/100\n|\n|upkeep\n|turn|56\n|inactive|Time left: 300 sec this turn | 300 sec total\n|\n|t:|1783542620\n|move|p2a: Tropius|Air Slash|p1a: Chansey\n|-crit|p1a: Chansey\n|-damage|p1a: Chansey|271/564\n|cant|p1a: Chansey|flinch\n|\n|upkeep\n|turn|57\n|inactive|Time left: 300 sec this turn | 300 sec total\n|\n|t:|1783542621\n|move|p2a: Tropius|Air Slash|p1a: Chansey\n|-damage|p1a: Chansey|226/564\n|move|p1a: Chansey|Soft-Boiled|p1a: Chansey\n|-heal|p1a: Chansey|508/564\n|\n|upkeep\n|turn|58\n|inactive|Time left: 300 sec this turn | 300 sec total\n|\n|t:|1783542622\n|move|p2a: Tropius|Air Slash|p1a: Chansey\n|-damage|p1a: Chansey|463/564\n|move|p1a: Chansey|Seismic Toss|p2a: Tropius\n|-damage|p2a: Tropius|43/100\n|-enditem|p2a: Tropius|Sitrus Berry|[eat]\n|-heal|p2a: Tropius|68/100|[from] item: Sitrus Berry\n|\n|-item|p2a: Tropius|Sitrus Berry|[from] ability: Harvest\n|upkeep\n|turn|59\n|inactive|Time left: 300 sec this turn | 300 sec total\n|\n|t:|1783542624\n|move|p2a: Tropius|Substitute|p2a: Tropius\n|-start|p2a: Tropius|Substitute\n|-damage|p2a: Tropius|43/100\n|-enditem|p2a: Tropius|Sitrus Berry|[eat]\n|-heal|p2a: Tropius|68/100|[from] item: Sitrus Berry\n|move|p1a: Chansey|Seismic Toss|p2a: Tropius\n|-end|p2a: Tropius|Substitute\n|\n|-item|p2a: Tropius|Sitrus Berry|[from] ability: Harvest\n|upkeep\n|turn|60\n|inactive|Time left: 300 sec this turn | 300 sec total\n|\n|t:|1783542625\n|move|p2a: Tropius|Substitute|p2a: Tropius\n|-start|p2a: Tropius|Substitute\n|-damage|p2a: Tropius|43/100\n|-enditem|p2a: Tropius|Sitrus Berry|[eat]\n|-heal|p2a: Tropius|68/100|[from] item: Sitrus Berry\n|move|p1a: Chansey|Seismic Toss|p2a: Tropius\n|-end|p2a: Tropius|Substitute\n|\n|upkeep\n|turn|61\n|inactive|Time left: 300 sec this turn | 300 sec total\n|\n|t:|1783542626\n|move|p2a: Tropius|Air Slash|p1a: Chansey\n|-damage|p1a: Chansey|420/564\n|move|p1a: Chansey|Seismic Toss|p2a: Tropius\n|-damage|p2a: Tropius|42/100\n|\n|-item|p2a: Tropius|Sitrus Berry|[from] ability: Harvest\n|upkeep\n|-enditem|p2a: Tropius|Sitrus Berry|[eat]\n|-heal|p2a: Tropius|67/100|[from] item: Sitrus Berry\n|turn|62\n|inactive|Time left: 300 sec this turn | 300 sec total\n|\n|t:|1783542627\n|move|p2a: Tropius|Air Slash|p1a: Chansey\n|-damage|p1a: Chansey|374/564\n|move|p1a: Chansey|Seismic Toss|p2a: Tropius\n|-damage|p2a: Tropius|41/100\n|\n|upkeep\n|turn|63\n|inactive|Time left: 300 sec this turn | 300 sec total\n|\n|t:|1783542628\n|move|p2a: Tropius|Air Slash|p1a: Chansey\n|-damage|p1a: Chansey|329/564\n|cant|p1a: Chansey|flinch\n|\n|-item|p2a: Tropius|Sitrus Berry|[from] ability: Harvest\n|upkeep\n|-enditem|p2a: Tropius|Sitrus Berry|[eat]\n|-heal|p2a: Tropius|66/100|[from] item: Sitrus Berry\n|turn|64\n|inactive|Time left: 300 sec this turn | 300 sec total\n|\n|t:|1783542629\n|move|p2a: Tropius|Air Slash|p1a: Chansey\n|-damage|p1a: Chansey|287/564\n|move|p1a: Chansey|Seismic Toss|p2a: Tropius\n|-damage|p2a: Tropius|40/100\n|\n|upkeep\n|turn|65\n|inactive|Time left: 300 sec this turn | 300 sec total\n|\n|t:|1783542630\n|switch|p2a: Camerupt|Camerupt, L91, F|14/100\n|move|p1a: Chansey|Seismic Toss|p2a: Camerupt\n|-damage|p2a: Camerupt|0 fnt\n|faint|p2a: Camerupt\n|\n|upkeep\n|\n|t:|1783542631\n|switch|p2a: Araquanid|Araquanid, L82, F|13/100\n|turn|66\n|inactive|Time left: 300 sec this turn | 300 sec total\n|\n|t:|1783542632\n|switch|p1a: Toxapex|Toxapex, L82, M|216/216\n|-activate|p1a: Toxapex|move: Sticky Web\n|-unboost|p1a: Toxapex|spe|1\n|-damage|p1a: Toxapex|189/216|[from] Stealth Rock\n|move|p2a: Araquanid|Liquidation|p1a: Toxapex\n|-resisted|p1a: Toxapex\n|-damage|p1a: Toxapex|148/216\n|\n|-heal|p1a: Toxapex|161/216|[from] item: Leftovers\n|upkeep\n|turn|67\n|inactive|Time left: 300 sec this turn | 300 sec total\n|\n|t:|1783542634\n|move|p2a: Araquanid|Leech Life|p1a: Toxapex\n|-resisted|p1a: Toxapex\n|-damage|p1a: Toxapex|141/216\n|-heal|p2a: Araquanid|17/100|[from] drain|[of] p1a: Toxapex\n|move|p1a: Toxapex|Liquidation|p2a: Araquanid\n|-resisted|p2a: Araquanid\n|-damage|p2a: Araquanid|4/100\n|\n|-heal|p1a: Toxapex|154/216|[from] item: Leftovers\n|upkeep\n|turn|68\n|inactive|Time left: 300 sec this turn | 300 sec total\n|\n|t:|1783542635\n|move|p2a: Araquanid|Liquidation|p1a: Toxapex\n|-resisted|p1a: Toxapex\n|-damage|p1a: Toxapex|106/216\n|move|p1a: Toxapex|Liquidation|p2a: Araquanid\n|-resisted|p2a: Araquanid\n|-damage|p2a: Araquanid|0 fnt\n|faint|p2a: Araquanid\n|\n|-heal|p1a: Toxapex|119/216|[from] item: Leftovers\n|upkeep\n|\n|t:|1783542636\n|switch|p2a: Tropius|Tropius, L91, F|40/100\n|turn|69\n|inactive|Time left: 300 sec this turn | 300 sec total\n|\n|t:|1783542637\n|switch|p1a: Chansey|Chansey, L85, F|287/564\n|-activate|p1a: Chansey|move: Sticky Web\n|-unboost|p1a: Chansey|spe|1\n|-damage|p1a: Chansey|217/564|[from] Stealth Rock\n|move|p2a: Tropius|Air Slash|p1a: Chansey\n|-damage|p1a: Chansey|177/564\n|\n|-item|p2a: Tropius|Sitrus Berry|[from] ability: Harvest\n|upkeep\n|-enditem|p2a: Tropius|Sitrus Berry|[eat]\n|-heal|p2a: Tropius|65/100|[from] item: Sitrus Berry\n|turn|70\n|inactive|Time left: 300 sec this turn | 300 sec total\n|\n|t:|1783542638\n|move|p2a: Tropius|Air Slash|p1a: Chansey\n|-damage|p1a: Chansey|132/564\n|move|p1a: Chansey|Seismic Toss|p2a: Tropius\n|-damage|p2a: Tropius|39/100\n|\n|upkeep\n|turn|71\n|inactive|Time left: 300 sec this turn | 300 sec total\n|\n|t:|1783542639\n|move|p2a: Tropius|Air Slash|p1a: Chansey\n|-damage|p1a: Chansey|86/564\n|move|p1a: Chansey|Seismic Toss|p2a: Tropius\n|-damage|p2a: Tropius|13/100\n|\n|-item|p2a: Tropius|Sitrus Berry|[from] ability: Harvest\n|upkeep\n|-enditem|p2a: Tropius|Sitrus Berry|[eat]\n|-heal|p2a: Tropius|38/100|[from] item: Sitrus Berry\n|turn|72\n|inactive|Time left: 300 sec this turn | 300 sec total\n|\n|t:|1783542640\n|move|p2a: Tropius|Air Slash|p1a: Chansey\n|-damage|p1a: Chansey|38/564\n|move|p1a: Chansey|Soft-Boiled|p1a: Chansey\n|-heal|p1a: Chansey|320/564\n|\n|upkeep\n|turn|73\n|inactive|Time left: 300 sec this turn | 300 sec total\n|\n|t:|1783542641\n|move|p2a: Tropius|Air Slash|p1a: Chansey\n|-damage|p1a: Chansey|274/564\n|move|p1a: Chansey|Seismic Toss|p2a: Tropius\n|-damage|p2a: Tropius|12/100\n|\n|upkeep\n|turn|74\n|inactive|Time left: 300 sec this turn | 300 sec total\n|\n|t:|1783542642\n|-terastallize|p2a: Tropius|Steel\n|-terastallize|p1a: Chansey|Ghost\n|move|p2a: Tropius|Air Slash|p1a: Chansey\n|-damage|p1a: Chansey|232/564\n|cant|p1a: Chansey|flinch\n|\n|upkeep\n|turn|75\n|inactive|Time left: 300 sec this turn | 300 sec total\n|\n|t:|1783542643\n|move|p2a: Tropius|Air Slash|p1a: Chansey\n|-damage|p1a: Chansey|190/564\n|cant|p1a: Chansey|flinch\n|\n|-item|p2a: Tropius|Sitrus Berry|[from] ability: Harvest\n|upkeep\n|-enditem|p2a: Tropius|Sitrus Berry|[eat]\n|-heal|p2a: Tropius|37/100|[from] item: Sitrus Berry\n|turn|76\n|inactive|Time left: 300 sec this turn | 300 sec total\n|\n|t:|1783542644\n|move|p2a: Tropius|Air Slash|p1a: Chansey\n|-damage|p1a: Chansey|145/564\n|move|p1a: Chansey|Seismic Toss|p2a: Tropius\n|-damage|p2a: Tropius|11/100\n|\n|upkeep\n|turn|77\n|inactive|Time left: 300 sec this turn | 300 sec total\n|\n|t:|1783542645\n|move|p2a: Tropius|Air Slash|p1a: Chansey\n|-damage|p1a: Chansey|99/564\n|move|p1a: Chansey|Seismic Toss|p2a: Tropius\n|-damage|p2a: Tropius|0 fnt\n|faint|p2a: Tropius\n|\n|win|p0x257b663", "uploadtime": 1783542645, "views": 0, "rating": 0, "private": 0, "password": null, "_winner": "p0x257b663", "_our_name": "p0x257b663"}