{"id": "battle-gen9randombattle-119", "formatid": "gen9randombattle", "format": "[Gen 9] Random Battle", "players": ["p0x1197b20", "p0y11939fd"], "log": "|init|battle\n|title|p0x1197b20 vs. p0y11939fd\n|j|\u2606p0x1197b20\n|j|\u2606p0y11939fd\n|t:|1783534656\n|gametype|singles\n|player|p1|p0x1197b20|102|\n|player|p2|p0y11939fd|170|\n|gen|9\n|tier|[Gen 9] Random Battle\n|rule|Species Clause: Limit one of each Pok\u00e9mon\n|rule|HP Percentage Mod: HP is shown in percentages\n|rule|Sleep Clause Mod: Limit one foe put to sleep\n|rule|Illusion Level Mod: Illusion disguises the Pok\u00e9mon's true level\n|\n|t:|1783534656\n|teamsize|p1|6\n|teamsize|p2|6\n|start\n|switch|p1a: Serperior|Serperior, L79, F|248/248\n|switch|p2a: Haxorus|Haxorus, L77, F|100/100\n|-ability|p2a: Haxorus|Mold Breaker\n|turn|1\n|inactive|Battle timer is ON: inactive players will automatically lose when time's up. (requested by p0y11939fd)\n|inactive|Time left: 300 sec this turn | 300 sec total | 60 sec grace\n|\n|t:|1783534657\n|move|p1a: Serperior|Leaf Storm|p2a: Haxorus\n|-resisted|p2a: Haxorus\n|-damage|p2a: Haxorus|68/100\n|-boost|p1a: Serperior|spa|2\n|-damage|p1a: Serperior|224/248|[from] item: Life Orb\n|move|p2a: Haxorus|Scale Shot|p1a: Serperior\n|-damage|p1a: Serperior|191/248\n|-damage|p1a: Serperior|157/248\n|-damage|p1a: Serperior|126/248\n|-damage|p1a: Serperior|92/248\n|-damage|p1a: Serperior|58/248\n|-hitcount|p1a: Serperior|5\n|-unboost|p2a: Haxorus|def|1\n|-boost|p2a: Haxorus|spe|1\n|\n|upkeep\n|turn|2\n|inactive|Time left: 300 sec this turn | 300 sec total\n|inactive|p0x1197b20 also wants the timer to be on.\n|\n|t:|1783534658\n|switch|p1a: Kingambit|Kingambit, L74, M|270/270\n|move|p2a: Haxorus|Scale Shot|p1a: Kingambit\n|-resisted|p1a: Kingambit\n|-damage|p1a: Kingambit|257/270\n|-resisted|p1a: Kingambit\n|-damage|p1a: Kingambit|242/270\n|-resisted|p1a: Kingambit\n|-crit|p1a: Kingambit\n|-damage|p1a: Kingambit|220/270\n|-resisted|p1a: Kingambit\n|-damage|p1a: Kingambit|206/270\n|-resisted|p1a: Kingambit\n|-damage|p1a: Kingambit|191/270\n|-hitcount|p1a: Kingambit|5\n|-unboost|p2a: Haxorus|def|1\n|-boost|p2a: Haxorus|spe|1\n|\n|-heal|p1a: Kingambit|207/270|[from] item: Leftovers\n|upkeep\n|turn|3\n|inactive|Time left: 300 sec this turn | 300 sec total\n|\n|t:|1783534659\n|move|p2a: Haxorus|Close Combat|p1a: Kingambit\n|-supereffective|p1a: Kingambit\n|-damage|p1a: Kingambit|0 fnt\n|-unboost|p2a: Haxorus|def|1\n|-unboost|p2a: Haxorus|spd|1\n|faint|p1a: Kingambit\n|-end|p1a: Kingambit|fallenundefined|[silent]\n|\n|upkeep\n|inactive|Time left: 300 sec this turn | 300 sec total | 5 sec grace\n|\n|t:|1783534660\n|switch|p1a: Leavanny|Leavanny, L86, F|269/269\n|turn|4\n|inactive|Time left: 300 sec this turn | 300 sec total\n|\n|t:|1783534662\n|move|p2a: Haxorus|Scale Shot|p1a: Leavanny\n|-crit|p1a: Leavanny\n|-damage|p1a: Leavanny|221/269\n|-damage|p1a: Leavanny|185/269\n|-damage|p1a: Leavanny|154/269\n|-damage|p1a: Leavanny|120/269\n|-damage|p1a: Leavanny|86/269\n|-hitcount|p1a: Leavanny|5\n|-unboost|p2a: Haxorus|def|1\n|-boost|p2a: Haxorus|spe|1\n|move|p1a: Leavanny|Sticky Web|p2a: Haxorus\n|-sidestart|p2: p0y11939fd|move: Sticky Web\n|\n|upkeep\n|turn|5\n|inactive|Time left: 300 sec this turn | 300 sec total\n|\n|t:|1783534663\n|move|p2a: Haxorus|Scale Shot|p1a: Leavanny\n|-crit|p1a: Leavanny\n|-damage|p1a: Leavanny|35/269\n|-damage|p1a: Leavanny|2/269\n|-damage|p1a: Leavanny|0 fnt\n|faint|p1a: Leavanny\n|-hitcount|p1: Leavanny|3\n|-unboost|p2a: Haxorus|def|1\n|-boost|p2a: Haxorus|spe|1\n|\n|upkeep\n|inactive|Time left: 300 sec this turn | 300 sec total | 5 sec grace\n|\n|t:|1783534664\n|switch|p1a: Blastoise|Blastoise, L80, F|258/258\n|turn|6\n|inactive|Time left: 300 sec this turn | 300 sec total\n|\n|t:|1783534665\n|move|p2a: Haxorus|Iron Head|p1a: Blastoise\n|-resisted|p1a: Blastoise\n|-damage|p1a: Blastoise|224/258\n|move|p1a: Blastoise|Shell Smash|p1a: Blastoise\n|-unboost|p1a: Blastoise|def|1\n|-unboost|p1a: Blastoise|spd|1\n|-boost|p1a: Blastoise|atk|2\n|-boost|p1a: Blastoise|spa|2\n|-boost|p1a: Blastoise|spe|2\n|-enditem|p1a: Blastoise|White Herb\n|-clearnegativeboost|p1a: Blastoise|[silent]\n|\n|upkeep\n|turn|7\n|inactive|Time left: 300 sec this turn | 300 sec total\n|\n|t:|1783534666\n|move|p2a: Haxorus|Scale Shot|p1a: Blastoise\n|-damage|p1a: Blastoise|193/258\n|-damage|p1a: Blastoise|162/258\n|-damage|p1a: Blastoise|132/258\n|-damage|p1a: Blastoise|101/258\n|-hitcount|p1a: Blastoise|4\n|-unboost|p2a: Haxorus|def|1\n|-boost|p2a: Haxorus|spe|1\n|move|p1a: Blastoise|Ice Beam|p2a: Haxorus\n|-supereffective|p2a: Haxorus\n|-damage|p2a: Haxorus|0 fnt\n|faint|p2a: Haxorus\n|\n|upkeep\n|\n|t:|1783534667\n|switch|p2a: Rabsca|Rabsca, L91, M|100/100\n|turn|8\n|inactive|Time left: 300 sec this turn | 300 sec total\n|\n|t:|1783534668\n|move|p1a: Blastoise|Ice Beam|p2a: Rabsca\n|-damage|p2a: Rabsca|71/100\n|move|p2a: Rabsca|Bug Buzz|p1a: Blastoise\n|-damage|p1a: Blastoise|0 fnt\n|faint|p1a: Blastoise\n|\n|upkeep\n|inactive|Time left: 300 sec this turn | 300 sec total | 5 sec grace\n|\n|t:|1783534669\n|switch|p1a: Gothitelle|Gothitelle, L90, M|272/272\n|turn|9\n|inactive|Time left: 300 sec this turn | 300 sec total\n|\n|t:|1783534670\n|move|p1a: Gothitelle|Calm Mind|p1a: Gothitelle\n|-boost|p1a: Gothitelle|spa|1\n|-boost|p1a: Gothitelle|spd|1\n|move|p2a: Rabsca|Bug Buzz|p1a: Gothitelle\n|-supereffective|p1a: Gothitelle\n|-damage|p1a: Gothitelle|138/272\n|\n|-heal|p1a: Gothitelle|155/272|[from] item: Leftovers\n|upkeep\n|turn|10\n|inactive|Time left: 300 sec this turn | 300 sec total\n|\n|t:|1783534671\n|move|p1a: Gothitelle|Dark Pulse|p2a: Rabsca\n|-supereffective|p2a: Rabsca\n|-crit|p2a: Rabsca\n|-damage|p2a: Rabsca|0 fnt\n|faint|p2a: Rabsca\n|\n|-heal|p1a: Gothitelle|172/272|[from] item: Leftovers\n|upkeep\n|\n|t:|1783534672\n|switch|p2a: Mabosstiff|Mabosstiff, L86, M|100/100\n|-activate|p2a: Mabosstiff|move: Sticky Web\n|-unboost|p2a: Mabosstiff|spe|1\n|turn|11\n|inactive|Time left: 300 sec this turn | 300 sec total\n|\n|t:|1783534673\n|move|p1a: Gothitelle|Thunderbolt|p2a: Mabosstiff\n|-damage|p2a: Mabosstiff|57/100\n|-status|p2a: Mabosstiff|par\n|move|p2a: Mabosstiff|Crunch|p1a: Gothitelle\n|-supereffective|p1a: Gothitelle\n|-damage|p1a: Gothitelle|0 fnt\n|faint|p1a: Gothitelle\n|\n|upkeep\n|inactive|Time left: 300 sec this turn | 300 sec total | 5 sec grace\n|\n|t:|1783534674\n|switch|p1a: Serperior|Serperior, L79, F|58/248\n|turn|12\n|inactive|Time left: 300 sec this turn | 300 sec total\n|\n|t:|1783534675\n|-terastallize|p1a: Serperior|Grass\n|move|p1a: Serperior|Leaf Storm|p2a: Mabosstiff\n|-damage|p2a: Mabosstiff|0 fnt\n|-boost|p1a: Serperior|spa|2\n|faint|p2a: Mabosstiff\n|-damage|p1a: Serperior|34/248|[from] item: Life Orb\n|\n|upkeep\n|\n|t:|1783534676\n|switch|p2a: Houndstone|Houndstone, L86, M|100/100\n|-activate|p2a: Houndstone|move: Sticky Web\n|-unboost|p2a: Houndstone|spe|1\n|turn|13\n|inactive|Time left: 300 sec this turn | 300 sec total\n|\n|t:|1783534677\n|move|p2a: Houndstone|Shadow Sneak|p1a: Serperior\n|-damage|p1a: Serperior|0 fnt\n|faint|p1a: Serperior\n|\n|upkeep\n|inactive|Time left: 300 sec this turn | 300 sec total | 5 sec grace\n|\n|t:|1783534678\n|switch|p1a: Zebstrika|Zebstrika, L87, F|272/272\n|turn|14\n|inactive|Time left: 300 sec this turn | 300 sec total\n|\n|t:|1783534679\n|move|p1a: Zebstrika|Volt Switch|p2a: Houndstone\n|-damage|p2a: Houndstone|79/100\n|-damage|p1a: Zebstrika|245/272|[from] item: Life Orb\n|move|p2a: Houndstone|Poltergeist|p1a: Zebstrika\n|-activate|p1a: Zebstrika|move: Poltergeist|Life Orb\n|-damage|p1a: Zebstrika|97/272\n|\n|upkeep\n|turn|15\n|inactive|Time left: 300 sec this turn | 300 sec total\n|\n|t:|1783534680\n|move|p1a: Zebstrika|Overheat|p2a: Houndstone\n|-damage|p2a: Houndstone|26/100\n|-unboost|p1a: Zebstrika|spa|2\n|-damage|p1a: Zebstrika|70/272|[from] item: Life Orb\n|move|p2a: Houndstone|Body Press|p1a: Zebstrika\n|-damage|p1a: Zebstrika|0 fnt\n|faint|p1a: Zebstrika\n|\n|win|p0y11939fd", "uploadtime": 1783534680, "views": 0, "rating": 0, "private": 0, "password": null, "_winner": "p0y11939fd", "_our_name": "p0x1197b20"}