{"id": "battle-gen9randombattle-1874", "formatid": "gen9randombattle", "format": "[Gen 9] Random Battle", "players": ["p0x187458b8", "p0y18746925"], "log": "|init|battle\n|title|p0x187458b8 vs. p0y18746925\n|j|\u2606p0x187458b8\n|j|\u2606p0y18746925\n|t:|1783561713\n|gametype|singles\n|player|p1|p0x187458b8|2|\n|player|p2|p0y18746925|170|\n|gen|9\n|tier|[Gen 9] Random Battle\n|rule|Species Clause: Limit one of each Pok\u00e9mon\n|rule|HP Percentage Mod: HP is shown in percentages\n|rule|Sleep Clause Mod: Limit one foe put to sleep\n|rule|Illusion Level Mod: Illusion disguises the Pok\u00e9mon's true level\n|\n|t:|1783561713\n|teamsize|p1|6\n|teamsize|p2|6\n|start\n|switch|p1a: Diancie|Diancie, L82|216/216\n|switch|p2a: Kilowattrel|Kilowattrel, L83, M|100/100\n|turn|1\n|inactive|Battle timer is ON: inactive players will automatically lose when time's up. (requested by p0y18746925)\n|inactive|Time left: 300 sec this turn | 300 sec total | 60 sec grace\n|inactive|p0x187458b8 also wants the timer to be on.\n|\n|t:|1783561714\n|switch|p2a: Vigoroth|Vigoroth, L85, M|100/100\n|move|p1a: Diancie|Diamond Storm|p2a: Vigoroth\n|-damage|p2a: Vigoroth|75/100\n|-boost|p1a: Diancie|def|2\n|\n|upkeep\n|turn|2\n|inactive|Time left: 300 sec this turn | 300 sec total\n|\n|t:|1783561715\n|move|p2a: Vigoroth|Bulk Up|p2a: Vigoroth\n|-boost|p2a: Vigoroth|atk|1\n|-boost|p2a: Vigoroth|def|1\n|move|p1a: Diancie|Body Press|p2a: Vigoroth\n|-supereffective|p2a: Vigoroth\n|-damage|p2a: Vigoroth|22/100\n|\n|upkeep\n|turn|3\n|inactive|Time left: 300 sec this turn | 300 sec total\n|\n|t:|1783561716\n|move|p2a: Vigoroth|Slack Off|p2a: Vigoroth\n|-heal|p2a: Vigoroth|72/100\n|move|p1a: Diancie|Moonblast|p2a: Vigoroth\n|-damage|p2a: Vigoroth|41/100\n|\n|upkeep\n|turn|4\n|inactive|Time left: 300 sec this turn | 300 sec total\n|\n|t:|1783561717\n|move|p2a: Vigoroth|Slack Off|p2a: Vigoroth\n|-heal|p2a: Vigoroth|91/100\n|move|p1a: Diancie|Body Press|p2a: Vigoroth\n|-supereffective|p2a: Vigoroth\n|-damage|p2a: Vigoroth|41/100\n|\n|upkeep\n|turn|5\n|inactive|Time left: 300 sec this turn | 300 sec total\n|\n|t:|1783561718\n|move|p2a: Vigoroth|Slack Off|p2a: Vigoroth\n|-heal|p2a: Vigoroth|91/100\n|move|p1a: Diancie|Body Press|p2a: Vigoroth\n|-supereffective|p2a: Vigoroth\n|-damage|p2a: Vigoroth|34/100\n|\n|upkeep\n|turn|6\n|inactive|Time left: 300 sec this turn | 300 sec total\n|\n|t:|1783561719\n|move|p2a: Vigoroth|Slack Off|p2a: Vigoroth\n|-heal|p2a: Vigoroth|84/100\n|move|p1a: Diancie|Body Press|p2a: Vigoroth\n|-supereffective|p2a: Vigoroth\n|-damage|p2a: Vigoroth|32/100\n|\n|upkeep\n|turn|7\n|inactive|Time left: 300 sec this turn | 300 sec total\n|\n|t:|1783561720\n|move|p2a: Vigoroth|Slack Off|p2a: Vigoroth\n|-heal|p2a: Vigoroth|82/100\n|move|p1a: Diancie|Body Press|p2a: Vigoroth\n|-supereffective|p2a: Vigoroth\n|-damage|p2a: Vigoroth|34/100\n|\n|upkeep\n|turn|8\n|inactive|Time left: 300 sec this turn | 300 sec total\n|\n|t:|1783561721\n|move|p2a: Vigoroth|Slack Off|p2a: Vigoroth\n|-heal|p2a: Vigoroth|84/100\n|move|p1a: Diancie|Body Press|p2a: Vigoroth\n|-supereffective|p2a: Vigoroth\n|-damage|p2a: Vigoroth|31/100\n|\n|upkeep\n|turn|9\n|inactive|Time left: 300 sec this turn | 300 sec total\n|\n|t:|1783561722\n|move|p2a: Vigoroth|Slack Off|p2a: Vigoroth\n|-heal|p2a: Vigoroth|82/100\n|move|p1a: Diancie|Body Press|p2a: Vigoroth\n|-supereffective|p2a: Vigoroth\n|-damage|p2a: Vigoroth|29/100\n|\n|upkeep\n|turn|10\n|inactive|Time left: 300 sec this turn | 300 sec total\n|\n|t:|1783561722\n|move|p2a: Vigoroth|Slack Off|p2a: Vigoroth\n|-heal|p2a: Vigoroth|79/100\n|move|p1a: Diancie|Body Press|p2a: Vigoroth\n|-supereffective|p2a: Vigoroth\n|-damage|p2a: Vigoroth|23/100\n|\n|upkeep\n|turn|11\n|inactive|Time left: 300 sec this turn | 300 sec total\n|\n|t:|1783561723\n|move|p2a: Vigoroth|Earthquake|p1a: Diancie\n|-supereffective|p1a: Diancie\n|-damage|p1a: Diancie|144/216\n|move|p1a: Diancie|Moonblast|p2a: Vigoroth\n|-crit|p2a: Vigoroth\n|-damage|p2a: Vigoroth|0 fnt\n|faint|p2a: Vigoroth\n|\n|-heal|p1a: Diancie|157/216|[from] item: Leftovers\n|upkeep\n|\n|t:|1783561724\n|switch|p2a: Banette|Banette, L93, M|100/100\n|turn|12\n|inactive|Time left: 300 sec this turn | 300 sec total\n|\n|t:|1783561726\n|move|p2a: Banette|Swords Dance|p2a: Banette\n|-boost|p2a: Banette|atk|2\n|move|p1a: Diancie|Moonblast|p2a: Banette\n|-damage|p2a: Banette|57/100\n|-start|p1a: Diancie|Disable|Moonblast|[from] ability: Cursed Body|[of] p2a: Banette\n|\n|-heal|p1a: Diancie|170/216|[from] item: Leftovers\n|upkeep\n|turn|13\n|inactive|Time left: 300 sec this turn | 300 sec total\n|\n|t:|1783561727\n|-terastallize|p2a: Banette|Ghost\n|move|p2a: Banette|Poltergeist|p1a: Diancie\n|-activate|p1a: Diancie|move: Poltergeist|Leftovers\n|-damage|p1a: Diancie|0 fnt\n|faint|p1a: Diancie\n|-damage|p2a: Banette|47/100|[from] item: Life Orb\n|\n|upkeep\n|inactive|Time left: 300 sec this turn | 300 sec total | 5 sec grace\n|\n|t:|1783561728\n|switch|p1a: Arceus|Arceus-Ice, L72|291/291\n|turn|14\n|inactive|Time left: 300 sec this turn | 300 sec total\n|\n|t:|1783561729\n|move|p1a: Arceus|Judgment|p2a: Banette\n|-damage|p2a: Banette|3/100\n|move|p2a: Banette|Poltergeist|p1a: Arceus\n|-activate|p1a: Arceus|move: Poltergeist|Icicle Plate\n|-damage|p1a: Arceus|0 fnt\n|faint|p1a: Arceus\n|-damage|p2a: Banette|0 fnt|[from] item: Life Orb\n|faint|p2a: Banette\n|\n|upkeep\n|inactive|Time left: 300 sec this turn | 300 sec total | 5 sec grace\n|\n|t:|1783561729\n|switch|p1a: Mesprit|Mesprit, L85|275/275\n|switch|p2a: Bombirdier|Bombirdier, L85, M|100/100\n|turn|15\n|inactive|Time left: 300 sec this turn | 300 sec total\n|\n|t:|1783561731\n|-terastallize|p1a: Mesprit|Dark\n|move|p2a: Bombirdier|Knock Off|p1a: Mesprit\n|-resisted|p1a: Mesprit\n|-damage|p1a: Mesprit|227/275\n|-enditem|p1a: Mesprit|Assault Vest|[from] move: Knock Off|[of] p2a: Bombirdier\n|move|p1a: Mesprit|Ice Beam|p2a: Bombirdier\n|-supereffective|p2a: Bombirdier\n|-damage|p2a: Bombirdier|49/100\n|\n|upkeep\n|turn|16\n|inactive|Time left: 300 sec this turn | 300 sec total\n|\n|t:|1783561732\n|move|p2a: Bombirdier|Roost|p2a: Bombirdier\n|-heal|p2a: Bombirdier|99/100\n|-singleturn|p2a: Bombirdier|move: Roost\n|move|p1a: Mesprit|Ice Beam|p2a: Bombirdier\n|-damage|p2a: Bombirdier|71/100\n|\n|upkeep\n|turn|17\n|inactive|Time left: 300 sec this turn | 300 sec total\n|\n|t:|1783561733\n|switch|p2a: Arceus|Arceus-Fire, L72|100/100\n|move|p1a: Mesprit|Ice Beam|p2a: Arceus\n|-resisted|p2a: Arceus\n|-damage|p2a: Arceus|89/100\n|\n|upkeep\n|turn|18\n|inactive|Time left: 300 sec this turn | 300 sec total\n|\n|t:|1783561735\n|switch|p1a: Floatzel|Floatzel, L86, F|286/286\n|move|p2a: Arceus|Dragon Dance|p2a: Arceus\n|-boost|p2a: Arceus|atk|1\n|-boost|p2a: Arceus|spe|1\n|\n|upkeep\n|turn|19\n|inactive|Time left: 300 sec this turn | 300 sec total\n|\n|t:|1783561735\n|move|p2a: Arceus|Earthquake|p1a: Floatzel\n|-damage|p1a: Floatzel|157/286\n|move|p1a: Floatzel|Wave Crash|p2a: Arceus\n|-supereffective|p2a: Arceus\n|-damage|p2a: Arceus|0 fnt\n|faint|p2a: Arceus\n|-damage|p1a: Floatzel|72/286|[from] Recoil\n|\n|upkeep\n|\n|t:|1783561736\n|switch|p2a: Kilowattrel|Kilowattrel, L83, M|100/100\n|turn|20\n|inactive|Time left: 300 sec this turn | 300 sec total\n|\n|t:|1783561737\n|switch|p1a: Mesprit|Mesprit, L85, tera:Dark|227/275\n|move|p2a: Kilowattrel|Thunderbolt|p1a: Mesprit\n|-damage|p1a: Mesprit|143/275\n|\n|upkeep\n|turn|21\n|inactive|Time left: 300 sec this turn | 300 sec total\n|\n|t:|1783561738\n|move|p2a: Kilowattrel|Thunderbolt|p1a: Mesprit\n|-damage|p1a: Mesprit|52/275\n|-status|p1a: Mesprit|par\n|move|p1a: Mesprit|Ice Beam|p2a: Kilowattrel\n|-supereffective|p2a: Kilowattrel\n|-damage|p2a: Kilowattrel|25/100\n|\n|upkeep\n|turn|22\n|inactive|Time left: 300 sec this turn | 300 sec total\n|\n|t:|1783561740\n|move|p2a: Kilowattrel|Roost|p2a: Kilowattrel\n|-heal|p2a: Kilowattrel|75/100\n|-singleturn|p2a: Kilowattrel|move: Roost\n|move|p1a: Mesprit|Ice Beam|p2a: Kilowattrel\n|-damage|p2a: Kilowattrel|37/100\n|\n|upkeep\n|turn|23\n|inactive|Time left: 300 sec this turn | 300 sec total\n|\n|t:|1783561741\n|move|p2a: Kilowattrel|Roost|p2a: Kilowattrel\n|-heal|p2a: Kilowattrel|87/100\n|-singleturn|p2a: Kilowattrel|move: Roost\n|move|p1a: Mesprit|Psychic Noise|p2a: Kilowattrel\n|-damage|p2a: Kilowattrel|39/100\n|-start|p2a: Kilowattrel|move: Heal Block\n|\n|upkeep\n|turn|24\n|inactive|Time left: 300 sec this turn | 300 sec total\n|\n|t:|1783561742\n|move|p2a: Kilowattrel|Thunderbolt|p1a: Mesprit\n|-damage|p1a: Mesprit|0 fnt\n|faint|p1a: Mesprit\n|\n|-end|p2a: Kilowattrel|move: Heal Block\n|upkeep\n|inactive|Time left: 300 sec this turn | 300 sec total | 5 sec grace\n|\n|t:|1783561743\n|switch|p1a: Spiritomb|Spiritomb, L89, F|234/234\n|turn|25\n|inactive|Time left: 300 sec this turn | 300 sec total\n|\n|t:|1783561743\n|move|p2a: Kilowattrel|Roost|p2a: Kilowattrel\n|-heal|p2a: Kilowattrel|89/100\n|-singleturn|p2a: Kilowattrel|move: Roost\n|move|p1a: Spiritomb|Poltergeist|p2a: Kilowattrel\n|-activate|p2a: Kilowattrel|move: Poltergeist|Heavy-Duty Boots\n|-damage|p2a: Kilowattrel|18/100\n|\n|upkeep\n|turn|26\n|inactive|Time left: 300 sec this turn | 300 sec total\n|\n|t:|1783561744\n|move|p1a: Spiritomb|Shadow Sneak|p2a: Kilowattrel\n|-damage|p2a: Kilowattrel|0 fnt\n|faint|p2a: Kilowattrel\n|\n|upkeep\n|\n|t:|1783561745\n|switch|p2a: Bombirdier|Bombirdier, L85, M|71/100\n|turn|27\n|inactive|Time left: 300 sec this turn | 300 sec total\n|\n|t:|1783561746\n|move|p2a: Bombirdier|Knock Off|p1a: Spiritomb\n|-crit|p1a: Spiritomb\n|-damage|p1a: Spiritomb|90/234\n|-enditem|p1a: Spiritomb|Leftovers|[from] move: Knock Off|[of] p2a: Bombirdier\n|move|p1a: Spiritomb|Toxic|p2a: Bombirdier\n|-status|p2a: Bombirdier|tox\n|\n|-damage|p2a: Bombirdier|64/100 tox|[from] psn\n|upkeep\n|turn|28\n|inactive|Time left: 300 sec this turn | 300 sec total\n|\n|t:|1783561747\n|move|p2a: Bombirdier|Knock Off|p1a: Spiritomb\n|-damage|p1a: Spiritomb|24/234\n|move|p1a: Spiritomb|Foul Play|p2a: Bombirdier\n|-resisted|p2a: Bombirdier\n|-damage|p2a: Bombirdier|44/100 tox\n|\n|-damage|p2a: Bombirdier|32/100 tox|[from] psn\n|upkeep\n|turn|29\n|inactive|Time left: 300 sec this turn | 300 sec total\n|\n|t:|1783561748\n|move|p2a: Bombirdier|Roost|p2a: Bombirdier\n|-heal|p2a: Bombirdier|82/100 tox\n|-singleturn|p2a: Bombirdier|move: Roost\n|move|p1a: Spiritomb|Poltergeist|p2a: Bombirdier\n|-activate|p2a: Bombirdier|move: Poltergeist|Heavy-Duty Boots\n|-resisted|p2a: Bombirdier\n|-damage|p2a: Bombirdier|59/100 tox\n|\n|-damage|p2a: Bombirdier|40/100 tox|[from] psn\n|upkeep\n|turn|30\n|inactive|Time left: 300 sec this turn | 300 sec total\n|\n|t:|1783561749\n|move|p2a: Bombirdier|Roost|p2a: Bombirdier\n|-heal|p2a: Bombirdier|90/100 tox\n|-singleturn|p2a: Bombirdier|move: Roost\n|move|p1a: Spiritomb|Foul Play|p2a: Bombirdier\n|-resisted|p2a: Bombirdier\n|-damage|p2a: Bombirdier|68/100 tox\n|\n|-damage|p2a: Bombirdier|43/100 tox|[from] psn\n|upkeep\n|turn|31\n|inactive|Time left: 300 sec this turn | 300 sec total\n|\n|t:|1783561749\n|move|p2a: Bombirdier|Roost|p2a: Bombirdier\n|-heal|p2a: Bombirdier|93/100 tox\n|-singleturn|p2a: Bombirdier|move: Roost\n|move|p1a: Spiritomb|Poltergeist|p2a: Bombirdier\n|-activate|p2a: Bombirdier|move: Poltergeist|Heavy-Duty Boots\n|-resisted|p2a: Bombirdier\n|-crit|p2a: Bombirdier\n|-damage|p2a: Bombirdier|54/100 tox\n|\n|-damage|p2a: Bombirdier|23/100 tox|[from] psn\n|upkeep\n|turn|32\n|inactive|Time left: 300 sec this turn | 300 sec total\n|\n|t:|1783561750\n|move|p2a: Bombirdier|Roost|p2a: Bombirdier\n|-heal|p2a: Bombirdier|73/100 tox\n|-singleturn|p2a: Bombirdier|move: Roost\n|move|p1a: Spiritomb|Toxic|p2a: Bombirdier\n|-fail|p2a: Bombirdier|tox\n|\n|-damage|p2a: Bombirdier|36/100 tox|[from] psn\n|upkeep\n|turn|33\n|inactive|Time left: 300 sec this turn | 300 sec total\n|\n|t:|1783561751\n|move|p1a: Spiritomb|Shadow Sneak|p2a: Bombirdier\n|-resisted|p2a: Bombirdier\n|-damage|p2a: Bombirdier|27/100 tox\n|move|p2a: Bombirdier|Roost|p2a: Bombirdier\n|-heal|p2a: Bombirdier|77/100 tox\n|-singleturn|p2a: Bombirdier|move: Roost\n|\n|-damage|p2a: Bombirdier|33/100 tox|[from] psn\n|upkeep\n|turn|34\n|inactive|Time left: 300 sec this turn | 300 sec total\n|\n|t:|1783561752\n|move|p2a: Bombirdier|Roost|p2a: Bombirdier\n|-heal|p2a: Bombirdier|83/100 tox\n|-singleturn|p2a: Bombirdier|move: Roost\n|move|p1a: Spiritomb|Toxic|p2a: Bombirdier|[miss]\n|-miss|p1a: Spiritomb|p2a: Bombirdier\n|\n|-damage|p2a: Bombirdier|34/100 tox|[from] psn\n|upkeep\n|turn|35\n|inactive|Time left: 300 sec this turn | 300 sec total\n|\n|t:|1783561753\n|switch|p2a: Maushold|Maushold-Four, L76|100/100\n|move|p1a: Spiritomb|Poltergeist|p2a: Maushold\n|-immune|p2a: Maushold\n|\n|upkeep\n|turn|36\n|inactive|Time left: 300 sec this turn | 300 sec total\n|\n|t:|1783561754\n|move|p2a: Maushold|Encore|p1a: Spiritomb\n|-start|p1a: Spiritomb|Encore\n|move|p1a: Spiritomb|Poltergeist|p2a: Maushold\n|-immune|p2a: Maushold\n|\n|upkeep\n|turn|37\n|inactive|Time left: 300 sec this turn | 300 sec total\n|\n|t:|1783561754\n|switch|p1a: Chimecho|Chimecho, L93, M|290/290\n|move|p2a: Maushold|Tidy Up|p2a: Maushold\n|-boost|p2a: Maushold|atk|1\n|-boost|p2a: Maushold|spe|1\n|\n|upkeep\n|turn|38\n|inactive|Time left: 300 sec this turn | 300 sec total\n|\n|t:|1783561755\n|switch|p1a: Spiritomb|Spiritomb, L89, F|24/234\n|move|p2a: Maushold|Population Bomb|p1a: Spiritomb\n|-immune|p1a: Spiritomb\n|\n|upkeep\n|turn|39\n|inactive|Time left: 300 sec this turn | 300 sec total\n|\n|t:|1783561756\n|move|p2a: Maushold|Bite|p1a: Spiritomb\n|-damage|p1a: Spiritomb|0 fnt\n|faint|p1a: Spiritomb\n|\n|upkeep\n|inactive|Time left: 300 sec this turn | 300 sec total | 5 sec grace\n|\n|t:|1783561757\n|switch|p1a: Floatzel|Floatzel, L86, F|72/286\n|turn|40\n|inactive|Time left: 300 sec this turn | 300 sec total\n|\n|t:|1783561758\n|switch|p1a: Chimecho|Chimecho, L93, M|290/290\n|move|p2a: Maushold|Bite|p1a: Chimecho\n|-supereffective|p1a: Chimecho\n|-damage|p1a: Chimecho|156/290\n|\n|-heal|p1a: Chimecho|174/290|[from] item: Leftovers\n|upkeep\n|turn|41\n|inactive|Time left: 300 sec this turn | 300 sec total\n|\n|t:|1783561759\n|switch|p1a: Floatzel|Floatzel, L86, F|72/286\n|move|p2a: Maushold|Population Bomb|p1a: Floatzel\n|-damage|p1a: Floatzel|30/286\n|-damage|p1a: Floatzel|0 fnt\n|faint|p1a: Floatzel\n|-hitcount|p1: Floatzel|2\n|\n|upkeep\n|inactive|Time left: 300 sec this turn | 300 sec total | 5 sec grace\n|\n|t:|1783561760\n|switch|p1a: Chimecho|Chimecho, L93, M|174/290\n|turn|42\n|inactive|Time left: 300 sec this turn | 300 sec total\n|\n|t:|1783561761\n|move|p2a: Maushold|Population Bomb|p1a: Chimecho\n|-damage|p1a: Chimecho|140/290\n|-damage|p1a: Chimecho|107/290\n|-damage|p1a: Chimecho|73/290\n|-damage|p1a: Chimecho|43/290\n|-damage|p1a: Chimecho|10/290\n|-crit|p1a: Chimecho\n|-damage|p1a: Chimecho|0 fnt\n|faint|p1a: Chimecho\n|-hitcount|p1: Chimecho|6\n|\n|win|p0y18746925", "uploadtime": 1783561761, "views": 0, "rating": 0, "private": 0, "password": null, "_winner": "p0y18746925", "_our_name": "p0x187458b8"}