{"id": "battle-gen9randombattle-2790", "formatid": "gen9randombattle", "format": "[Gen 9] Random Battle", "players": ["p0x27906b54", "p0y27906228"], "log": "|init|battle\n|title|p0x27906b54 vs. p0y27906228\n|j|\u2606p0x27906b54\n|j|\u2606p0y27906228\n|t:|1783571144\n|gametype|singles\n|player|p1|p0x27906b54|1|\n|player|p2|p0y27906228|265|\n|gen|9\n|tier|[Gen 9] Random Battle\n|rule|Species Clause: Limit one of each Pok\u00e9mon\n|rule|HP Percentage Mod: HP is shown in percentages\n|rule|Sleep Clause Mod: Limit one foe put to sleep\n|rule|Illusion Level Mod: Illusion disguises the Pok\u00e9mon's true level\n|\n|t:|1783571144\n|teamsize|p1|6\n|teamsize|p2|6\n|start\n|switch|p1a: Rillaboom|Rillaboom, L79, F|288/288\n|switch|p2a: Vigoroth|Vigoroth, L85, F|100/100\n|-fieldstart|move: Grassy Terrain|[from] ability: Grassy Surge|[of] p1a: Rillaboom\n|turn|1\n|inactive|Battle timer is ON: inactive players will automatically lose when time's up. (requested by p0y27906228)\n|inactive|Time left: 300 sec this turn | 300 sec total | 60 sec grace\n|inactive|p0x27906b54 also wants the timer to be on.\n|\n|t:|1783571145\n|move|p2a: Vigoroth|Bulk Up|p2a: Vigoroth\n|-boost|p2a: Vigoroth|atk|1\n|-boost|p2a: Vigoroth|def|1\n|move|p1a: Rillaboom|Wood Hammer|p2a: Vigoroth\n|-damage|p2a: Vigoroth|56/100\n|-damage|p1a: Rillaboom|247/288|[from] Recoil\n|\n|-heal|p2a: Vigoroth|62/100|[from] Grassy Terrain\n|-heal|p1a: Rillaboom|265/288|[from] Grassy Terrain\n|upkeep\n|turn|2\n|inactive|Time left: 300 sec this turn | 300 sec total\n|\n|t:|1783571146\n|move|p2a: Vigoroth|Body Slam|p1a: Rillaboom\n|-damage|p1a: Rillaboom|130/288\n|-status|p1a: Rillaboom|par\n|move|p1a: Rillaboom|Wood Hammer|p2a: Vigoroth\n|-damage|p2a: Vigoroth|12/100\n|-damage|p1a: Rillaboom|84/288 par|[from] Recoil\n|\n|-heal|p2a: Vigoroth|18/100|[from] Grassy Terrain\n|-heal|p1a: Rillaboom|102/288 par|[from] Grassy Terrain\n|upkeep\n|turn|3\n|inactive|Time left: 300 sec this turn | 300 sec total\n|\n|t:|1783571148\n|switch|p1a: Vikavolt|Vikavolt, L83, M|263/263\n|move|p2a: Vigoroth|Slack Off|p2a: Vigoroth\n|-heal|p2a: Vigoroth|68/100\n|\n|-heal|p2a: Vigoroth|74/100|[from] Grassy Terrain\n|upkeep\n|turn|4\n|inactive|Time left: 300 sec this turn | 300 sec total\n|\n|t:|1783571149\n|move|p2a: Vigoroth|Body Slam|p1a: Vikavolt\n|-damage|p1a: Vikavolt|134/263\n|move|p1a: Vikavolt|Sticky Web|p2a: Vigoroth\n|-sidestart|p2: p0y27906228|move: Sticky Web\n|\n|-heal|p2a: Vigoroth|80/100|[from] Grassy Terrain\n|upkeep\n|turn|5\n|inactive|Time left: 300 sec this turn | 300 sec total\n|\n|t:|1783571150\n|move|p2a: Vigoroth|Bulk Up|p2a: Vigoroth\n|-boost|p2a: Vigoroth|atk|1\n|-boost|p2a: Vigoroth|def|1\n|move|p1a: Vikavolt|Discharge|p2a: Vigoroth\n|-damage|p2a: Vigoroth|41/100\n|\n|-heal|p2a: Vigoroth|47/100|[from] Grassy Terrain\n|-fieldend|move: Grassy Terrain\n|upkeep\n|turn|6\n|inactive|Time left: 300 sec this turn | 300 sec total\n|\n|t:|1783571151\n|switch|p1a: Dondozo|Dondozo, L78, M|362/362\n|move|p2a: Vigoroth|Body Slam|p1a: Dondozo\n|-damage|p1a: Dondozo|295/362\n|\n|-heal|p1a: Dondozo|317/362|[from] item: Leftovers\n|upkeep\n|turn|7\n|inactive|Time left: 300 sec this turn | 300 sec total\n|\n|t:|1783571152\n|move|p2a: Vigoroth|Slack Off|p2a: Vigoroth\n|-heal|p2a: Vigoroth|97/100\n|move|p1a: Dondozo|Wave Crash|p2a: Vigoroth\n|-damage|p2a: Vigoroth|67/100\n|-damage|p1a: Dondozo|289/362|[from] Recoil\n|\n|-heal|p1a: Dondozo|311/362|[from] item: Leftovers\n|upkeep\n|turn|8\n|inactive|Time left: 300 sec this turn | 300 sec total\n|\n|t:|1783571153\n|move|p2a: Vigoroth|Body Slam|p1a: Dondozo\n|-damage|p1a: Dondozo|236/362\n|move|p1a: Dondozo|Wave Crash|p2a: Vigoroth\n|-damage|p2a: Vigoroth|39/100\n|-damage|p1a: Dondozo|211/362|[from] Recoil\n|\n|-heal|p1a: Dondozo|233/362|[from] item: Leftovers\n|upkeep\n|turn|9\n|inactive|Time left: 300 sec this turn | 300 sec total\n|\n|t:|1783571154\n|move|p2a: Vigoroth|Slack Off|p2a: Vigoroth\n|-heal|p2a: Vigoroth|90/100\n|move|p1a: Dondozo|Wave Crash|p2a: Vigoroth\n|-damage|p2a: Vigoroth|61/100\n|-damage|p1a: Dondozo|207/362|[from] Recoil\n|\n|-heal|p1a: Dondozo|229/362|[from] item: Leftovers\n|upkeep\n|turn|10\n|inactive|Time left: 300 sec this turn | 300 sec total\n|\n|t:|1783571155\n|move|p2a: Vigoroth|Slack Off|p2a: Vigoroth\n|-heal|p2a: Vigoroth|100/100\n|move|p1a: Dondozo|Curse|p1a: Dondozo\n|-unboost|p1a: Dondozo|spe|1\n|-boost|p1a: Dondozo|atk|1\n|-boost|p1a: Dondozo|def|1\n|\n|-heal|p1a: Dondozo|251/362|[from] item: Leftovers\n|upkeep\n|turn|11\n|inactive|Time left: 300 sec this turn | 300 sec total\n|\n|t:|1783571156\n|move|p2a: Vigoroth|Body Slam|p1a: Dondozo\n|-damage|p1a: Dondozo|203/362\n|move|p1a: Dondozo|Wave Crash|p2a: Vigoroth\n|-crit|p2a: Vigoroth\n|-damage|p2a: Vigoroth|33/100\n|-damage|p1a: Dondozo|142/362|[from] Recoil\n|\n|-heal|p1a: Dondozo|164/362|[from] item: Leftovers\n|upkeep\n|turn|12\n|inactive|Time left: 300 sec this turn | 300 sec total\n|\n|t:|1783571157\n|move|p2a: Vigoroth|Slack Off|p2a: Vigoroth\n|-heal|p2a: Vigoroth|83/100\n|move|p1a: Dondozo|Wave Crash|p2a: Vigoroth\n|-damage|p2a: Vigoroth|38/100\n|-damage|p1a: Dondozo|123/362|[from] Recoil\n|\n|-heal|p1a: Dondozo|145/362|[from] item: Leftovers\n|upkeep\n|turn|13\n|inactive|Time left: 300 sec this turn | 300 sec total\n|\n|t:|1783571158\n|move|p2a: Vigoroth|Slack Off|p2a: Vigoroth\n|-heal|p2a: Vigoroth|88/100\n|move|p1a: Dondozo|Wave Crash|p2a: Vigoroth\n|-damage|p2a: Vigoroth|47/100\n|-damage|p1a: Dondozo|107/362|[from] Recoil\n|\n|-heal|p1a: Dondozo|129/362|[from] item: Leftovers\n|upkeep\n|turn|14\n|inactive|Time left: 300 sec this turn | 300 sec total\n|\n|t:|1783571159\n|move|p2a: Vigoroth|Slack Off|p2a: Vigoroth\n|-heal|p2a: Vigoroth|97/100\n|move|p1a: Dondozo|Wave Crash|p2a: Vigoroth\n|-damage|p2a: Vigoroth|54/100\n|-damage|p1a: Dondozo|89/362|[from] Recoil\n|\n|-heal|p1a: Dondozo|111/362|[from] item: Leftovers\n|upkeep\n|turn|15\n|inactive|Time left: 300 sec this turn | 300 sec total\n|\n|t:|1783571160\n|move|p2a: Vigoroth|Slack Off|p2a: Vigoroth\n|-heal|p2a: Vigoroth|100/100\n|move|p1a: Dondozo|Rest|p1a: Dondozo\n|-status|p1a: Dondozo|slp|[from] move: Rest\n|-heal|p1a: Dondozo|362/362 slp|[silent]\n|\n|upkeep\n|turn|16\n|inactive|Time left: 300 sec this turn | 300 sec total\n|\n|t:|1783571161\n|move|p2a: Vigoroth|Bulk Up|p2a: Vigoroth\n|-boost|p2a: Vigoroth|atk|1\n|-boost|p2a: Vigoroth|def|1\n|cant|p1a: Dondozo|slp\n|move|p1a: Dondozo|Sleep Talk|p1a: Dondozo\n|move|p1a: Dondozo|Wave Crash|p2a: Vigoroth|[from] move: Sleep Talk\n|-damage|p2a: Vigoroth|55/100\n|-damage|p1a: Dondozo|321/362 slp|[from] Recoil\n|\n|-heal|p1a: Dondozo|343/362 slp|[from] item: Leftovers\n|upkeep\n|turn|17\n|inactive|Time left: 300 sec this turn | 300 sec total\n|\n|t:|1783571162\n|move|p2a: Vigoroth|Earthquake|p1a: Dondozo\n|-crit|p1a: Dondozo\n|-damage|p1a: Dondozo|252/362 slp\n|cant|p1a: Dondozo|slp\n|move|p1a: Dondozo|Sleep Talk|p1a: Dondozo\n|move|p1a: Dondozo|Rest||[from] move: Sleep Talk|[still]\n|-fail|p1a: Dondozo\n|\n|-heal|p1a: Dondozo|274/362 slp|[from] item: Leftovers\n|upkeep\n|turn|18\n|inactive|Time left: 300 sec this turn | 300 sec total\n|\n|t:|1783571163\n|move|p2a: Vigoroth|Body Slam|p1a: Dondozo\n|-damage|p1a: Dondozo|223/362 slp\n|-curestatus|p1a: Dondozo|slp|[msg]\n|move|p1a: Dondozo|Wave Crash|p2a: Vigoroth\n|-damage|p2a: Vigoroth|8/100\n|-damage|p1a: Dondozo|180/362|[from] Recoil\n|\n|-heal|p1a: Dondozo|202/362|[from] item: Leftovers\n|upkeep\n|turn|19\n|inactive|Time left: 300 sec this turn | 300 sec total\n|\n|t:|1783571164\n|move|p2a: Vigoroth|Body Slam|p1a: Dondozo\n|-damage|p1a: Dondozo|156/362\n|move|p1a: Dondozo|Wave Crash|p2a: Vigoroth\n|-damage|p2a: Vigoroth|0 fnt\n|faint|p2a: Vigoroth\n|-damage|p1a: Dondozo|149/362|[from] Recoil\n|\n|-heal|p1a: Dondozo|171/362|[from] item: Leftovers\n|upkeep\n|\n|t:|1783571165\n|switch|p2a: Cinderace|Cinderace, L77, F|100/100\n|turn|20\n|inactive|Time left: 300 sec this turn | 300 sec total\n|\n|t:|1783571166\n|move|p2a: Cinderace|Court Change|p2a: Cinderace\n|-start|p2a: Cinderace|typechange|Normal|[from] ability: Libero\n|-swapsideconditions\n|-activate|p2a: Cinderace|move: Court Change\n|move|p1a: Dondozo|Wave Crash|p2a: Cinderace\n|-damage|p2a: Cinderace|20/100\n|-damage|p1a: Dondozo|104/362|[from] Recoil\n|\n|-heal|p1a: Dondozo|126/362|[from] item: Leftovers\n|upkeep\n|turn|21\n|inactive|Time left: 300 sec this turn | 300 sec total\n|\n|t:|1783571167\n|switch|p2a: Clawitzer|Clawitzer, L87, M|100/100\n|move|p1a: Dondozo|Wave Crash|p2a: Clawitzer\n|-resisted|p2a: Clawitzer\n|-damage|p2a: Clawitzer|71/100\n|-damage|p1a: Dondozo|100/362|[from] Recoil\n|\n|-heal|p1a: Dondozo|122/362|[from] item: Leftovers\n|upkeep\n|turn|22\n|inactive|Time left: 300 sec this turn | 300 sec total\n|\n|t:|1783571169\n|move|p2a: Clawitzer|Water Pulse|p1a: Dondozo\n|-resisted|p1a: Dondozo\n|-damage|p1a: Dondozo|0 fnt\n|faint|p1a: Dondozo\n|\n|upkeep\n|inactive|Time left: 300 sec this turn | 300 sec total | 5 sec grace\n|\n|t:|1783571170\n|switch|p1a: Rillaboom|Rillaboom, L79, F|102/288 par\n|-activate|p1a: Rillaboom|move: Sticky Web\n|-unboost|p1a: Rillaboom|spe|1\n|-fieldstart|move: Grassy Terrain|[from] ability: Grassy Surge|[of] p1a: Rillaboom\n|turn|23\n|inactive|Time left: 300 sec this turn | 300 sec total\n|\n|t:|1783571171\n|move|p1a: Rillaboom|Grassy Glide|p2a: Clawitzer\n|-supereffective|p2a: Clawitzer\n|-damage|p2a: Clawitzer|0 fnt\n|faint|p2a: Clawitzer\n|\n|-heal|p1a: Rillaboom|120/288 par|[from] Grassy Terrain\n|upkeep\n|\n|t:|1783571172\n|switch|p2a: Virizion|Virizion, L82|100/100\n|turn|24\n|inactive|Time left: 300 sec this turn | 300 sec total\n|\n|t:|1783571173\n|cant|p1a: Rillaboom|par\n|move|p2a: Virizion|Swords Dance|p2a: Virizion\n|-boost|p2a: Virizion|atk|2\n|\n|-heal|p1a: Rillaboom|138/288 par|[from] Grassy Terrain\n|upkeep\n|turn|25\n|inactive|Time left: 300 sec this turn | 300 sec total\n|\n|t:|1783571174\n|move|p1a: Rillaboom|Grassy Glide|p2a: Virizion\n|-resisted|p2a: Virizion\n|-damage|p2a: Virizion|76/100\n|move|p2a: Virizion|Leaf Blade|p1a: Rillaboom\n|-resisted|p1a: Rillaboom\n|-damage|p1a: Rillaboom|0 fnt\n|faint|p1a: Rillaboom\n|-damage|p2a: Virizion|67/100|[from] item: Life Orb\n|\n|-heal|p2a: Virizion|73/100|[from] Grassy Terrain\n|upkeep\n|inactive|Time left: 300 sec this turn | 300 sec total | 5 sec grace\n|\n|t:|1783571175\n|switch|p1a: Scream Tail|Scream Tail, L84|330/330\n|-activate|p1a: Scream Tail|move: Sticky Web\n|-unboost|p1a: Scream Tail|spe|1\n|turn|26\n|inactive|Time left: 300 sec this turn | 300 sec total\n|\n|t:|1783571176\n|move|p2a: Virizion|Swords Dance|p2a: Virizion\n|-boost|p2a: Virizion|atk|2\n|move|p1a: Scream Tail|Dazzling Gleam|p2a: Virizion\n|-supereffective|p2a: Virizion\n|-damage|p2a: Virizion|39/100\n|\n|-heal|p2a: Virizion|45/100|[from] Grassy Terrain\n|upkeep\n|turn|27\n|inactive|Time left: 300 sec this turn | 300 sec total\n|\n|t:|1783571177\n|-terastallize|p1a: Scream Tail|Poison\n|move|p2a: Virizion|Leaf Blade|p1a: Scream Tail\n|-resisted|p1a: Scream Tail\n|-damage|p1a: Scream Tail|142/330\n|-damage|p2a: Virizion|35/100|[from] item: Life Orb\n|move|p1a: Scream Tail|Dazzling Gleam|p2a: Virizion\n|-supereffective|p2a: Virizion\n|-damage|p2a: Virizion|1/100\n|\n|-heal|p2a: Virizion|7/100|[from] Grassy Terrain\n|-heal|p1a: Scream Tail|162/330|[from] Grassy Terrain\n|-heal|p1a: Scream Tail|182/330|[from] item: Leftovers\n|-fieldend|move: Grassy Terrain\n|upkeep\n|turn|28\n|inactive|Time left: 300 sec this turn | 300 sec total\n|\n|t:|1783571178\n|move|p2a: Virizion|Close Combat|p1a: Scream Tail\n|-resisted|p1a: Scream Tail\n|-damage|p1a: Scream Tail|0 fnt\n|-unboost|p2a: Virizion|def|1\n|-unboost|p2a: Virizion|spd|1\n|faint|p1a: Scream Tail\n|-end|p1a: Scream Tail|Protosynthesis|[silent]\n|-damage|p2a: Virizion|0 fnt|[from] item: Life Orb\n|faint|p2a: Virizion\n|\n|upkeep\n|inactive|Time left: 300 sec this turn | 300 sec total | 5 sec grace\n|\n|t:|1783571179\n|switch|p1a: Vikavolt|Vikavolt, L83, M|134/263\n|switch|p2a: Basculin|Basculin, L86, F|100/100\n|turn|29\n|inactive|Time left: 300 sec this turn | 300 sec total\n|\n|t:|1783571180\n|move|p2a: Basculin|Wave Crash|p1a: Vikavolt\n|-damage|p1a: Vikavolt|0 fnt\n|faint|p1a: Vikavolt\n|-damage|p2a: Basculin|84/100|[from] Recoil\n|\n|upkeep\n|inactive|Time left: 300 sec this turn | 300 sec total | 5 sec grace\n|\n|t:|1783571180\n|switch|p1a: Latios|Latios, L78, M|253/253\n|turn|30\n|inactive|Time left: 300 sec this turn | 300 sec total\n|\n|t:|1783571181\n|move|p2a: Basculin|Wave Crash|p1a: Latios\n|-resisted|p1a: Latios\n|-damage|p1a: Latios|99/253\n|-damage|p2a: Basculin|64/100|[from] Recoil\n|move|p1a: Latios|Luster Purge|p2a: Basculin\n|-crit|p2a: Basculin\n|-damage|p2a: Basculin|0 fnt\n|faint|p2a: Basculin\n|\n|upkeep\n|\n|t:|1783571182\n|switch|p2a: Cinderace|Cinderace, L77, F|20/100\n|turn|31\n|inactive|Time left: 300 sec this turn | 300 sec total\n|\n|t:|1783571183\n|move|p2a: Cinderace|U-turn|p1a: Latios\n|-start|p2a: Cinderace|typechange|Bug|[from] ability: Libero\n|-supereffective|p1a: Latios\n|-damage|p1a: Latios|0 fnt\n|faint|p1a: Latios\n|\n|t:|1783571183\n|switch|p2a: Delibird|Delibird, F|100/100|[from] U-turn\n|\n|upkeep\n|inactive|Time left: 300 sec this turn | 300 sec total | 10 sec grace\n|\n|t:|1783571184\n|switch|p1a: Polteageist|Polteageist, L78|222/222\n|-activate|p1a: Polteageist|move: Sticky Web\n|-unboost|p1a: Polteageist|spe|1\n|-enditem|p1a: Polteageist|White Herb\n|-clearnegativeboost|p1a: Polteageist|[silent]\n|turn|32\n|inactive|Time left: 300 sec this turn | 300 sec total\n|\n|t:|1783571185\n|move|p2a: Delibird|Freeze-Dry|p1a: Polteageist\n|-damage|p1a: Polteageist|155/222\n|move|p1a: Polteageist|Shell Smash|p1a: Polteageist\n|-unboost|p1a: Polteageist|def|1\n|-unboost|p1a: Polteageist|spd|1\n|-boost|p1a: Polteageist|atk|2\n|-boost|p1a: Polteageist|spa|2\n|-boost|p1a: Polteageist|spe|2\n|\n|upkeep\n|turn|33\n|inactive|Time left: 300 sec this turn | 300 sec total\n|\n|t:|1783571185\n|move|p1a: Polteageist|Stored Power|p2a: Delibird\n|-damage|p2a: Delibird|0 fnt\n|faint|p2a: Delibird\n|\n|upkeep\n|\n|t:|1783571186\n|switch|p2a: Cinderace|Cinderace, L77, F|20/100\n|turn|34\n|inactive|Time left: 300 sec this turn | 300 sec total\n|\n|t:|1783571187\n|-terastallize|p2a: Cinderace|Grass\n|move|p1a: Polteageist|Stored Power|p2a: Cinderace\n|-damage|p2a: Cinderace|0 fnt\n|faint|p2a: Cinderace\n|\n|win|p0x27906b54", "uploadtime": 1783571187, "views": 0, "rating": 0, "private": 0, "password": null, "_winner": "p0x27906b54", "_our_name": "p0x27906b54"}