{"id": "battle-gen9randombattle-2612", "formatid": "gen9randombattle", "format": "[Gen 9] Random Battle", "players": ["p0x26125c31", "p0y2612643c"], "log": "|init|battle\n|title|p0x26125c31 vs. p0y2612643c\n|j|\u2606p0x26125c31\n|j|\u2606p0y2612643c\n|t:|1783569187\n|gametype|singles\n|player|p1|p0x26125c31|266|\n|player|p2|p0y2612643c|2|\n|gen|9\n|tier|[Gen 9] Random Battle\n|rule|Species Clause: Limit one of each Pok\u00e9mon\n|rule|HP Percentage Mod: HP is shown in percentages\n|rule|Sleep Clause Mod: Limit one foe put to sleep\n|rule|Illusion Level Mod: Illusion disguises the Pok\u00e9mon's true level\n|\n|t:|1783569187\n|teamsize|p1|6\n|teamsize|p2|6\n|start\n|switch|p1a: Serperior|Serperior, L79, F|248/248\n|switch|p2a: Cryogonal|Cryogonal, L89|100/100\n|turn|1\n|inactive|Battle timer is ON: inactive players will automatically lose when time's up. (requested by p0x26125c31)\n|inactive|p0y2612643c also wants the timer to be on.\n|\n|t:|1783569188\n|move|p2a: Cryogonal|Ice Beam|p1a: Serperior\n|-supereffective|p1a: Serperior\n|-damage|p1a: Serperior|42/248\n|move|p1a: Serperior|Leaf Storm|p2a: Cryogonal\n|-damage|p2a: Cryogonal|78/100\n|-boost|p1a: Serperior|spa|2\n|\n|-heal|p1a: Serperior|57/248|[from] item: Leftovers\n|upkeep\n|turn|2\n|inactive|Time left: 300 sec this turn | 300 sec total\n|\n|t:|1783569189\n|switch|p1a: Blastoise|Blastoise, L80, M|258/258\n|move|p2a: Cryogonal|Ice Beam|p1a: Blastoise\n|-resisted|p1a: Blastoise\n|-damage|p1a: Blastoise|213/258\n|\n|upkeep\n|turn|3\n|inactive|Time left: 300 sec this turn | 300 sec total\n|\n|t:|1783569190\n|-terastallize|p2a: Cryogonal|Electric\n|move|p2a: Cryogonal|Tera Blast|p1a: Blastoise|[anim] Tera Blast Electric\n|-supereffective|p1a: Blastoise\n|-damage|p1a: Blastoise|37/258\n|move|p1a: Blastoise|Shell Smash|p1a: Blastoise\n|-unboost|p1a: Blastoise|def|1\n|-unboost|p1a: Blastoise|spd|1\n|-boost|p1a: Blastoise|atk|2\n|-boost|p1a: Blastoise|spa|2\n|-boost|p1a: Blastoise|spe|2\n|-enditem|p1a: Blastoise|White Herb\n|-clearnegativeboost|p1a: Blastoise|[silent]\n|\n|upkeep\n|turn|4\n|inactive|Time left: 300 sec this turn | 300 sec total\n|\n|t:|1783569191\n|move|p1a: Blastoise|Hydro Pump|p2a: Cryogonal\n|-damage|p2a: Cryogonal|14/100\n|move|p2a: Cryogonal|Tera Blast|p1a: Blastoise|[anim] Tera Blast Electric\n|-supereffective|p1a: Blastoise\n|-damage|p1a: Blastoise|0 fnt\n|faint|p1a: Blastoise\n|\n|upkeep\n|inactive|Time left: 300 sec this turn | 300 sec total | 5 sec grace\n|\n|t:|1783569192\n|switch|p1a: Tsareena|Tsareena, L87, F|267/267\n|turn|5\n|inactive|Time left: 300 sec this turn | 300 sec total\n|\n|t:|1783569193\n|move|p2a: Cryogonal|Ice Beam|p1a: Tsareena\n|-supereffective|p1a: Tsareena\n|-damage|p1a: Tsareena|145/267\n|move|p1a: Tsareena|Triple Axel|p2a: Cryogonal\n|-damage|p2a: Cryogonal|5/100\n|-damage|p2a: Cryogonal|0 fnt\n|faint|p2a: Cryogonal\n|-hitcount|p2: Cryogonal|2\n|\n|upkeep\n|\n|t:|1783569194\n|switch|p2a: Metagross|Metagross, L79|100/100\n|turn|6\n|inactive|Time left: 300 sec this turn | 300 sec total\n|\n|t:|1783569195\n|switch|p1a: Reshiram|Reshiram, L76|277/277\n|-ability|p1a: Reshiram|Turboblaze\n|move|p2a: Metagross|Heavy Slam|p1a: Reshiram\n|-resisted|p1a: Reshiram\n|-damage|p1a: Reshiram|251/277\n|\n|upkeep\n|turn|7\n|inactive|Time left: 300 sec this turn | 300 sec total\n|\n|t:|1783569196\n|move|p1a: Reshiram|Blue Flare|p2a: Metagross\n|-supereffective|p2a: Metagross\n|-damage|p2a: Metagross|0 fnt\n|faint|p2a: Metagross\n|\n|upkeep\n|\n|t:|1783569197\n|switch|p2a: Clefable|Clefable, L83, F|100/100\n|turn|8\n|inactive|Time left: 300 sec this turn | 300 sec total\n|\n|t:|1783569198\n|move|p1a: Reshiram|Blue Flare|p2a: Clefable\n|-damage|p2a: Clefable|46/100\n|move|p2a: Clefable|Moonblast|p1a: Reshiram\n|-damage|p1a: Reshiram|141/277\n|-unboost|p1a: Reshiram|spa|1\n|\n|upkeep\n|turn|9\n|inactive|Time left: 300 sec this turn | 300 sec total\n|\n|t:|1783569200\n|move|p1a: Reshiram|Blue Flare|p2a: Clefable\n|-damage|p2a: Clefable|8/100\n|move|p2a: Clefable|Moonlight|p2a: Clefable\n|-heal|p2a: Clefable|58/100\n|\n|upkeep\n|turn|10\n|inactive|Time left: 300 sec this turn | 300 sec total\n|\n|t:|1783569201\n|switch|p1a: Tsareena|Tsareena, L87, F|145/267\n|move|p2a: Clefable|Moonlight|p2a: Clefable\n|-heal|p2a: Clefable|100/100\n|\n|upkeep\n|turn|11\n|inactive|Time left: 300 sec this turn | 300 sec total\n|\n|t:|1783569202\n|move|p1a: Tsareena|Power Whip|p2a: Clefable\n|-damage|p2a: Clefable|39/100\n|move|p2a: Clefable|Moonblast|p1a: Tsareena\n|-damage|p1a: Tsareena|66/267\n|\n|upkeep\n|turn|12\n|inactive|Time left: 300 sec this turn | 300 sec total\n|\n|t:|1783569203\n|move|p1a: Tsareena|Triple Axel|p2a: Clefable\n|-damage|p2a: Clefable|32/100\n|-damage|p2a: Clefable|18/100\n|-damage|p2a: Clefable|0 fnt\n|faint|p2a: Clefable\n|-hitcount|p2: Clefable|3\n|\n|upkeep\n|\n|t:|1783569204\n|switch|p2a: Rillaboom|Rillaboom, L79, M|100/100\n|-fieldstart|move: Grassy Terrain|[from] ability: Grassy Surge|[of] p2a: Rillaboom\n|turn|13\n|inactive|Time left: 300 sec this turn | 300 sec total\n|\n|t:|1783569205\n|switch|p1a: Reshiram|Reshiram, L76|141/277\n|-ability|p1a: Reshiram|Turboblaze\n|move|p2a: Rillaboom|Wood Hammer|p1a: Reshiram\n|-resisted|p1a: Reshiram\n|-damage|p1a: Reshiram|79/277\n|-damage|p2a: Rillaboom|94/100|[from] Recoil\n|\n|-heal|p1a: Reshiram|96/277|[from] Grassy Terrain\n|-heal|p2a: Rillaboom|99/100|[from] Grassy Terrain\n|upkeep\n|turn|14\n|inactive|Time left: 300 sec this turn | 300 sec total\n|\n|t:|1783569206\n|switch|p2a: Raichu|Raichu, L88, M|100/100\n|move|p1a: Reshiram|Blue Flare|p2a: Raichu\n|-damage|p2a: Raichu|28/100\n|-status|p2a: Raichu|brn\n|\n|-heal|p2a: Raichu|34/100 brn|[from] Grassy Terrain\n|-heal|p1a: Reshiram|113/277|[from] Grassy Terrain\n|-damage|p2a: Raichu|28/100 brn|[from] brn\n|upkeep\n|turn|15\n|inactive|Time left: 300 sec this turn | 300 sec total\n|\n|t:|1783569208\n|move|p2a: Raichu|Focus Blast|p1a: Reshiram\n|-damage|p1a: Reshiram|0 fnt\n|faint|p1a: Reshiram\n|\n|-heal|p2a: Raichu|34/100 brn|[from] Grassy Terrain\n|-damage|p2a: Raichu|28/100 brn|[from] brn\n|upkeep\n|inactive|Time left: 300 sec this turn | 300 sec total | 5 sec grace\n|\n|t:|1783569209\n|switch|p1a: Illumise|Illumise, L91, F|266/266\n|turn|16\n|inactive|Time left: 300 sec this turn | 300 sec total\n|\n|t:|1783569210\n|switch|p2a: Pawmot|Pawmot, L80, M|100/100\n|switch|p1a: Tsareena|Tsareena, L87, F|66/267\n|\n|-heal|p1a: Tsareena|82/267|[from] Grassy Terrain\n|upkeep\n|turn|17\n|inactive|Time left: 300 sec this turn | 300 sec total\n|\n|t:|1783569211\n|switch|p1a: Illumise|Illumise, L91, F|266/266\n|move|p2a: Pawmot|Close Combat|p1a: Illumise\n|-resisted|p1a: Illumise\n|-damage|p1a: Illumise|194/266\n|-unboost|p2a: Pawmot|def|1\n|-unboost|p2a: Pawmot|spd|1\n|\n|-heal|p1a: Illumise|210/266|[from] Grassy Terrain\n|-fieldend|move: Grassy Terrain\n|upkeep\n|turn|18\n|inactive|Time left: 300 sec this turn | 300 sec total\n|\n|t:|1783569212\n|move|p2a: Pawmot|Nuzzle|p1a: Illumise\n|-damage|p1a: Illumise|185/266\n|-status|p1a: Illumise|par\n|move|p1a: Illumise|Bug Buzz|p2a: Pawmot\n|-resisted|p2a: Pawmot\n|-damage|p2a: Pawmot|65/100\n|\n|upkeep\n|turn|19\n|inactive|Time left: 300 sec this turn | 300 sec total\n|\n|t:|1783569213\n|move|p2a: Pawmot|Double Shock|p1a: Illumise\n|-damage|p1a: Illumise|52/266 par\n|-start|p2a: Pawmot|typechange|???/Fighting|[from] move: Double Shock\n|cant|p1a: Illumise|par\n|\n|upkeep\n|turn|20\n|inactive|Time left: 300 sec this turn | 300 sec total\n|\n|t:|1783569214\n|switch|p2a: Rillaboom|Rillaboom, L79, M|99/100\n|-fieldstart|move: Grassy Terrain|[from] ability: Grassy Surge|[of] p2a: Rillaboom\n|move|p1a: Illumise|Bug Buzz|p2a: Rillaboom\n|-supereffective|p2a: Rillaboom\n|-damage|p2a: Rillaboom|14/100\n|-unboost|p2a: Rillaboom|spd|1\n|\n|-heal|p2a: Rillaboom|21/100|[from] Grassy Terrain\n|-heal|p1a: Illumise|68/266 par|[from] Grassy Terrain\n|upkeep\n|turn|21\n|inactive|Time left: 300 sec this turn | 300 sec total\n|\n|t:|1783569215\n|move|p1a: Illumise|Roost|p1a: Illumise\n|-heal|p1a: Illumise|201/266 par\n|-singleturn|p1a: Illumise|move: Roost\n|move|p2a: Rillaboom|Knock Off|p1a: Illumise\n|-damage|p1a: Illumise|91/266 par\n|-enditem|p1a: Illumise|Heavy-Duty Boots|[from] move: Knock Off|[of] p2a: Rillaboom\n|\n|-heal|p2a: Rillaboom|27/100|[from] Grassy Terrain\n|-heal|p1a: Illumise|107/266 par|[from] Grassy Terrain\n|upkeep\n|turn|22\n|inactive|Time left: 300 sec this turn | 300 sec total\n|\n|t:|1783569216\n|move|p2a: Rillaboom|Knock Off|p1a: Illumise\n|-damage|p1a: Illumise|31/266 par\n|move|p1a: Illumise|Bug Buzz|p2a: Rillaboom\n|-supereffective|p2a: Rillaboom\n|-damage|p2a: Rillaboom|0 fnt\n|faint|p2a: Rillaboom\n|\n|-heal|p1a: Illumise|47/266 par|[from] Grassy Terrain\n|upkeep\n|\n|t:|1783569217\n|switch|p2a: Raichu|Raichu, L88, M|28/100 brn\n|turn|23\n|inactive|Time left: 300 sec this turn | 300 sec total\n|\n|t:|1783569218\n|cant|p1a: Illumise|par\n|move|p2a: Raichu|Thunderbolt|p1a: Illumise\n|-damage|p1a: Illumise|0 fnt\n|faint|p1a: Illumise\n|\n|-heal|p2a: Raichu|34/100 brn|[from] Grassy Terrain\n|-damage|p2a: Raichu|28/100 brn|[from] brn\n|upkeep\n|inactive|Time left: 300 sec this turn | 300 sec total | 5 sec grace\n|\n|t:|1783569219\n|switch|p1a: Tsareena|Tsareena, L87, F|82/267\n|turn|24\n|inactive|Time left: 300 sec this turn | 300 sec total\n|\n|t:|1783569220\n|move|p2a: Raichu|Thunderbolt|p1a: Tsareena\n|-resisted|p1a: Tsareena\n|-damage|p1a: Tsareena|36/267\n|move|p1a: Tsareena|Rapid Spin|p2a: Raichu\n|-damage|p2a: Raichu|5/100 brn\n|-boost|p1a: Tsareena|spe|1\n|\n|-heal|p1a: Tsareena|52/267|[from] Grassy Terrain\n|-heal|p2a: Raichu|11/100 brn|[from] Grassy Terrain\n|-damage|p2a: Raichu|5/100 brn|[from] brn\n|-fieldend|move: Grassy Terrain\n|upkeep\n|turn|25\n|inactive|Time left: 300 sec this turn | 300 sec total\n|\n|t:|1783569222\n|-terastallize|p1a: Tsareena|Fighting\n|move|p1a: Tsareena|Power Whip|p2a: Raichu\n|-damage|p2a: Raichu|0 fnt\n|faint|p2a: Raichu\n|\n|upkeep\n|\n|t:|1783569222\n|switch|p2a: Pawmot|Pawmot, L80, M|65/100\n|turn|26\n|inactive|Time left: 300 sec this turn | 300 sec total\n|\n|t:|1783569223\n|move|p1a: Tsareena|High Jump Kick|p2a: Pawmot\n|-crit|p2a: Pawmot\n|-damage|p2a: Pawmot|0 fnt\n|faint|p2a: Pawmot\n|\n|win|p0x26125c31", "uploadtime": 1783569223, "views": 0, "rating": 0, "private": 0, "password": null, "_winner": "p0x26125c31", "_our_name": "p0x26125c31"}