{"id": "battle-gen9randombattle-1880", "formatid": "gen9randombattle", "format": "[Gen 9] Random Battle", "players": ["p0x188014ba", "p0y1880280b"], "log": "|init|battle\n|title|p0x188014ba vs. p0y1880280b\n|j|\u2606p0x188014ba\n|j|\u2606p0y1880280b\n|t:|1783561004\n|gametype|singles\n|player|p1|p0x188014ba|101|\n|player|p2|p0y1880280b|101|\n|gen|9\n|tier|[Gen 9] Random Battle\n|rule|Species Clause: Limit one of each Pok\u00e9mon\n|rule|HP Percentage Mod: HP is shown in percentages\n|rule|Sleep Clause Mod: Limit one foe put to sleep\n|rule|Illusion Level Mod: Illusion disguises the Pok\u00e9mon's true level\n|\n|t:|1783561004\n|teamsize|p1|6\n|teamsize|p2|6\n|start\n|switch|p1a: Whiscash|Whiscash, L88, F|337/337\n|switch|p2a: Froslass|Froslass, L87, F|100/100\n|turn|1\n|inactive|Battle timer is ON: inactive players will automatically lose when time's up. (requested by p0x188014ba)\n|inactive|p0y1880280b also wants the timer to be on.\n|\n|t:|1783561006\n|switch|p1a: Conkeldurr|Conkeldurr, L80, M|299/299\n|move|p2a: Froslass|Will-O-Wisp|p1a: Conkeldurr\n|-status|p1a: Conkeldurr|brn\n|\n|-damage|p1a: Conkeldurr|281/299 brn|[from] brn\n|upkeep\n|turn|2\n|inactive|Time left: 300 sec this turn | 300 sec total\n|\n|t:|1783561007\n|move|p2a: Froslass|Hyper Voice|p1a: Conkeldurr\n|-damage|p1a: Conkeldurr|90/299 brn\n|-damage|p2a: Froslass|91/100|[from] item: Life Orb\n|move|p1a: Conkeldurr|Knock Off|p2a: Froslass\n|-supereffective|p2a: Froslass\n|-damage|p2a: Froslass|0 fnt\n|replace|p2a: Zoroark|Zoroark-Hisui, L80, M\n|-end|p2a: Zoroark|Illusion\n|-hint|Illusion Level Mod is active, so this Pok\u00e9mon's true level was hidden.\n|-enditem|p2a: Zoroark|Life Orb|[from] move: Knock Off|[of] p1a: Conkeldurr\n|faint|p2a: Zoroark\n|\n|-damage|p1a: Conkeldurr|72/299 brn|[from] brn\n|upkeep\n|\n|t:|1783561008\n|switch|p2a: Grimmsnarl|Grimmsnarl, L83, M|100/100\n|turn|3\n|inactive|Time left: 300 sec this turn | 300 sec total\n|\n|t:|1783561009\n|switch|p1a: Ting-Lu|Ting-Lu, L78|370/370\n|-ability|p1a: Ting-Lu|Vessel of Ruin\n|move|p2a: Grimmsnarl|Spirit Break|p1a: Ting-Lu\n|-supereffective|p1a: Ting-Lu\n|-damage|p1a: Ting-Lu|202/370\n|-unboost|p1a: Ting-Lu|spa|1\n|\n|-heal|p1a: Ting-Lu|225/370|[from] item: Leftovers\n|upkeep\n|turn|4\n|inactive|Time left: 300 sec this turn | 300 sec total\n|\n|t:|1783561010\n|move|p2a: Grimmsnarl|Spirit Break|p1a: Ting-Lu\n|-supereffective|p1a: Ting-Lu\n|-damage|p1a: Ting-Lu|75/370\n|-unboost|p1a: Ting-Lu|spa|1\n|move|p1a: Ting-Lu|Earthquake|p2a: Grimmsnarl\n|-damage|p2a: Grimmsnarl|56/100\n|\n|-heal|p1a: Ting-Lu|98/370|[from] item: Leftovers\n|upkeep\n|turn|5\n|inactive|Time left: 300 sec this turn | 300 sec total\n|\n|t:|1783561011\n|switch|p1a: Solgaleo|Solgaleo, L74|325/325\n|move|p2a: Grimmsnarl|Spirit Break|p1a: Solgaleo\n|-resisted|p1a: Solgaleo\n|-damage|p1a: Solgaleo|283/325\n|\n|upkeep\n|turn|6\n|inactive|Time left: 300 sec this turn | 300 sec total\n|\n|t:|1783561012\n|move|p2a: Grimmsnarl|Reflect|p2a: Grimmsnarl\n|-sidestart|p2: p0y1880280b|Reflect\n|move|p1a: Solgaleo|Sunsteel Strike|p2a: Grimmsnarl\n|-supereffective|p2a: Grimmsnarl\n|-damage|p2a: Grimmsnarl|9/100\n|\n|upkeep\n|turn|7\n|inactive|Time left: 300 sec this turn | 300 sec total\n|\n|t:|1783561013\n|move|p2a: Grimmsnarl|Light Screen|p2a: Grimmsnarl\n|-sidestart|p2: p0y1880280b|move: Light Screen\n|move|p1a: Solgaleo|Sunsteel Strike|p2a: Grimmsnarl\n|-supereffective|p2a: Grimmsnarl\n|-damage|p2a: Grimmsnarl|0 fnt\n|faint|p2a: Grimmsnarl\n|\n|upkeep\n|\n|t:|1783561014\n|switch|p2a: Tauros|Tauros-Paldea-Blaze, L81, M|100/100\n|turn|8\n|inactive|Time left: 300 sec this turn | 300 sec total\n|\n|t:|1783561015\n|switch|p1a: Whiscash|Whiscash, L88, F|337/337\n|move|p2a: Tauros|Bulk Up|p2a: Tauros\n|-boost|p2a: Tauros|atk|1\n|-boost|p2a: Tauros|def|1\n|\n|upkeep\n|turn|9\n|inactive|Time left: 300 sec this turn | 300 sec total\n|\n|t:|1783561016\n|move|p2a: Tauros|Bulk Up|p2a: Tauros\n|-boost|p2a: Tauros|atk|1\n|-boost|p2a: Tauros|def|1\n|move|p1a: Whiscash|Dragon Dance|p1a: Whiscash\n|-boost|p1a: Whiscash|atk|1\n|-boost|p1a: Whiscash|spe|1\n|\n|upkeep\n|turn|10\n|inactive|Time left: 300 sec this turn | 300 sec total\n|\n|t:|1783561016\n|move|p1a: Whiscash|Liquidation|p2a: Tauros\n|-supereffective|p2a: Tauros\n|-damage|p2a: Tauros|71/100\n|-damage|p1a: Whiscash|304/337|[from] item: Life Orb\n|move|p2a: Tauros|Close Combat|p1a: Whiscash\n|-damage|p1a: Whiscash|0 fnt\n|-unboost|p2a: Tauros|def|1\n|-unboost|p2a: Tauros|spd|1\n|faint|p1a: Whiscash\n|\n|upkeep\n|inactive|Time left: 300 sec this turn | 300 sec total | 5 sec grace\n|\n|t:|1783561017\n|switch|p1a: Dewgong|Dewgong, L94, M|322/322\n|turn|11\n|inactive|Time left: 300 sec this turn | 300 sec total\n|\n|t:|1783561018\n|-terastallize|p1a: Dewgong|Dragon\n|move|p2a: Tauros|Close Combat|p1a: Dewgong\n|-damage|p1a: Dewgong|49/322\n|-unboost|p2a: Tauros|def|1\n|-unboost|p2a: Tauros|spd|1\n|move|p1a: Dewgong|Hydro Pump|p2a: Tauros|[miss]\n|-miss|p1a: Dewgong|p2a: Tauros\n|\n|upkeep\n|turn|12\n|inactive|Time left: 300 sec this turn | 300 sec total\n|\n|t:|1783561019\n|move|p2a: Tauros|Close Combat|p1a: Dewgong\n|-damage|p1a: Dewgong|0 fnt\n|-unboost|p2a: Tauros|def|1\n|-unboost|p2a: Tauros|spd|1\n|faint|p1a: Dewgong\n|\n|upkeep\n|inactive|Time left: 300 sec this turn | 300 sec total | 5 sec grace\n|\n|t:|1783561020\n|switch|p1a: Okidogi|Okidogi, L77, M|262/262\n|turn|13\n|inactive|Time left: 300 sec this turn | 300 sec total\n|\n|t:|1783561020\n|move|p2a: Tauros|Raging Bull|p1a: Okidogi\n|-damage|p1a: Okidogi|93/262\n|move|p1a: Okidogi|Gunk Shot|p2a: Tauros\n|-damage|p2a: Tauros|38/100\n|-enditem|p2a: Tauros|Sitrus Berry|[eat]\n|-heal|p2a: Tauros|63/100|[from] item: Sitrus Berry\n|\n|-sideend|p2: p0y1880280b|Reflect\n|upkeep\n|turn|14\n|inactive|Time left: 300 sec this turn | 300 sec total\n|\n|t:|1783561021\n|move|p2a: Tauros|Raging Bull|p1a: Okidogi\n|-crit|p1a: Okidogi\n|-damage|p1a: Okidogi|0 fnt\n|faint|p1a: Okidogi\n|\n|-sideend|p2: p0y1880280b|move: Light Screen\n|-activate|p2a: Tauros|ability: Cud Chew\n|-enditem|p2a: Tauros|Sitrus Berry|[eat]\n|-heal|p2a: Tauros|88/100|[from] item: Sitrus Berry\n|upkeep\n|inactive|Time left: 300 sec this turn | 300 sec total | 5 sec grace\n|\n|t:|1783561022\n|switch|p1a: Ting-Lu|Ting-Lu, L78|98/370\n|-ability|p1a: Ting-Lu|Vessel of Ruin\n|turn|15\n|inactive|Time left: 300 sec this turn | 300 sec total\n|\n|t:|1783561023\n|move|p2a: Tauros|Raging Bull|p1a: Ting-Lu\n|-damage|p1a: Ting-Lu|0 fnt\n|faint|p1a: Ting-Lu\n|\n|upkeep\n|inactive|Time left: 300 sec this turn | 300 sec total | 5 sec grace\n|\n|t:|1783561023\n|switch|p1a: Conkeldurr|Conkeldurr, L80, M|72/299 brn\n|turn|16\n|inactive|Time left: 300 sec this turn | 300 sec total\n|\n|t:|1783561024\n|move|p2a: Tauros|Raging Bull|p1a: Conkeldurr\n|-damage|p1a: Conkeldurr|0 fnt\n|faint|p1a: Conkeldurr\n|\n|upkeep\n|inactive|Time left: 300 sec this turn | 300 sec total | 5 sec grace\n|\n|t:|1783561025\n|switch|p1a: Solgaleo|Solgaleo, L74|283/325\n|turn|17\n|inactive|Time left: 300 sec this turn | 300 sec total\n|\n|t:|1783561026\n|move|p2a: Tauros|Raging Bull|p1a: Solgaleo\n|-supereffective|p1a: Solgaleo\n|-damage|p1a: Solgaleo|0 fnt\n|faint|p1a: Solgaleo\n|\n|win|p0y1880280b", "uploadtime": 1783561026, "views": 0, "rating": 0, "private": 0, "password": null, "_winner": "p0y1880280b", "_our_name": "p0x188014ba"}