{"id": "battle-gen9randombattle-1928", "formatid": "gen9randombattle", "format": "[Gen 9] Random Battle", "players": ["p0x192885da", "p0y1928edc5"], "log": "|init|battle\n|title|p0x192885da vs. p0y1928edc5\n|j|\u2606p0x192885da\n|j|\u2606p0y1928edc5\n|t:|1783561573\n|gametype|singles\n|player|p1|p0x192885da|1|\n|player|p2|p0y1928edc5|1|\n|gen|9\n|tier|[Gen 9] Random Battle\n|rule|Species Clause: Limit one of each Pok\u00e9mon\n|rule|HP Percentage Mod: HP is shown in percentages\n|rule|Sleep Clause Mod: Limit one foe put to sleep\n|rule|Illusion Level Mod: Illusion disguises the Pok\u00e9mon's true level\n|\n|t:|1783561573\n|teamsize|p1|6\n|teamsize|p2|6\n|start\n|switch|p1a: Gogoat|Gogoat, L88, M|360/360\n|switch|p2a: Clodsire|Clodsire, L81, F|100/100\n|turn|1\n|inactive|Battle timer is ON: inactive players will automatically lose when time's up. (requested by p0y1928edc5)\n|inactive|Time left: 300 sec this turn | 300 sec total | 60 sec grace\n|inactive|p0x192885da also wants the timer to be on.\n|\n|t:|1783561574\n|move|p1a: Gogoat|Bulk Up|p1a: Gogoat\n|-boost|p1a: Gogoat|atk|1\n|-boost|p1a: Gogoat|def|1\n|move|p2a: Clodsire|Toxic|p1a: Gogoat\n|-status|p1a: Gogoat|tox\n|\n|-damage|p1a: Gogoat|338/360 tox|[from] psn\n|upkeep\n|turn|2\n|inactive|Time left: 300 sec this turn | 300 sec total\n|\n|t:|1783561575\n|move|p1a: Gogoat|Earthquake|p2a: Clodsire\n|-supereffective|p2a: Clodsire\n|-damage|p2a: Clodsire|38/100\n|move|p2a: Clodsire|Gunk Shot|p1a: Gogoat\n|-supereffective|p1a: Gogoat\n|-damage|p1a: Gogoat|104/360 tox\n|\n|-heal|p1a: Gogoat|126/360 tox|[from] item: Leftovers\n|-heal|p2a: Clodsire|44/100|[from] item: Leftovers\n|-damage|p1a: Gogoat|82/360 tox|[from] psn\n|upkeep\n|turn|3\n|inactive|Time left: 300 sec this turn | 300 sec total\n|\n|t:|1783561577\n|switch|p2a: Sawsbuck|Sawsbuck-Autumn, L88, F|100/100\n|move|p1a: Gogoat|Horn Leech|p2a: Sawsbuck\n|-resisted|p2a: Sawsbuck\n|-damage|p2a: Sawsbuck|76/100\n|-heal|p1a: Gogoat|117/360 tox|[from] drain|[of] p2a: Sawsbuck\n|\n|-heal|p1a: Gogoat|139/360 tox|[from] item: Leftovers\n|-damage|p1a: Gogoat|73/360 tox|[from] psn\n|upkeep\n|turn|4\n|inactive|Time left: 300 sec this turn | 300 sec total\n|\n|t:|1783561578\n|move|p2a: Sawsbuck|Swords Dance|p2a: Sawsbuck\n|-boost|p2a: Sawsbuck|atk|2\n|move|p1a: Gogoat|Milk Drink|p1a: Gogoat\n|-heal|p1a: Gogoat|253/360 tox\n|\n|-heal|p1a: Gogoat|275/360 tox|[from] item: Leftovers\n|-damage|p1a: Gogoat|187/360 tox|[from] psn\n|upkeep\n|turn|5\n|inactive|Time left: 300 sec this turn | 300 sec total\n|\n|t:|1783561579\n|move|p2a: Sawsbuck|Headbutt|p1a: Gogoat\n|-damage|p1a: Gogoat|15/360 tox\n|-damage|p2a: Sawsbuck|66/100|[from] item: Life Orb\n|move|p1a: Gogoat|Horn Leech|p2a: Sawsbuck\n|-resisted|p2a: Sawsbuck\n|-damage|p2a: Sawsbuck|42/100\n|-heal|p1a: Gogoat|50/360 tox|[from] drain|[of] p2a: Sawsbuck\n|\n|-heal|p1a: Gogoat|72/360 tox|[from] item: Leftovers\n|-damage|p1a: Gogoat|0 fnt|[from] psn\n|faint|p1a: Gogoat\n|upkeep\n|inactive|Time left: 300 sec this turn | 300 sec total | 5 sec grace\n|\n|t:|1783561580\n|switch|p1a: Ninetales|Ninetales, L85, F|263/263\n|-weather|SunnyDay|[from] ability: Drought|[of] p1a: Ninetales\n|turn|6\n|inactive|Time left: 300 sec this turn | 300 sec total\n|\n|t:|1783561581\n|move|p1a: Ninetales|Fire Blast|p2a: Sawsbuck|[miss]\n|-miss|p1a: Ninetales|p2a: Sawsbuck\n|move|p2a: Sawsbuck|High Horsepower|p1a: Ninetales\n|-supereffective|p1a: Ninetales\n|-damage|p1a: Ninetales|0 fnt\n|faint|p1a: Ninetales\n|-damage|p2a: Sawsbuck|32/100|[from] item: Life Orb\n|\n|-weather|SunnyDay|[upkeep]\n|upkeep\n|inactive|Time left: 300 sec this turn | 300 sec total | 5 sec grace\n|\n|t:|1783561582\n|switch|p1a: Gumshoos|Gumshoos, L95, M|321/321\n|turn|7\n|inactive|Time left: 300 sec this turn | 300 sec total\n|\n|t:|1783561583\n|-terastallize|p2a: Sawsbuck|Normal\n|move|p2a: Sawsbuck|Headbutt|p1a: Gumshoos\n|-damage|p1a: Gumshoos|6/321\n|-damage|p2a: Sawsbuck|22/100|[from] item: Life Orb\n|cant|p1a: Gumshoos|flinch\n|\n|-weather|SunnyDay|[upkeep]\n|upkeep\n|turn|8\n|inactive|Time left: 300 sec this turn | 300 sec total\n|\n|t:|1783561584\n|move|p2a: Sawsbuck|Horn Leech|p1a: Gumshoos\n|-damage|p1a: Gumshoos|0 fnt\n|-heal|p2a: Sawsbuck|23/100|[from] drain|[of] p1a: Gumshoos\n|faint|p1a: Gumshoos\n|-damage|p2a: Sawsbuck|13/100|[from] item: Life Orb\n|\n|-weather|SunnyDay|[upkeep]\n|upkeep\n|inactive|Time left: 300 sec this turn | 300 sec total | 5 sec grace\n|\n|t:|1783561585\n|switch|p1a: Palafin|Palafin, L77, F|281/281\n|turn|9\n|inactive|Time left: 300 sec this turn | 300 sec total\n|\n|t:|1783561586\n|-terastallize|p1a: Palafin|Steel\n|move|p2a: Sawsbuck|Horn Leech|p1a: Palafin\n|-resisted|p1a: Palafin\n|-damage|p1a: Palafin|132/281\n|-heal|p2a: Sawsbuck|40/100|[from] drain|[of] p1a: Palafin\n|-damage|p2a: Sawsbuck|30/100|[from] item: Life Orb\n|move|p1a: Palafin|Drain Punch|p2a: Sawsbuck\n|-supereffective|p2a: Sawsbuck\n|-damage|p2a: Sawsbuck|2/100\n|-heal|p1a: Palafin|172/281|[from] drain|[of] p2a: Sawsbuck\n|\n|-weather|SunnyDay|[upkeep]\n|-heal|p1a: Palafin|189/281|[from] item: Leftovers\n|upkeep\n|turn|10\n|inactive|Time left: 300 sec this turn | 300 sec total\n|\n|t:|1783561587\n|move|p1a: Palafin|Jet Punch|p2a: Sawsbuck\n|-damage|p2a: Sawsbuck|0 fnt\n|faint|p2a: Sawsbuck\n|\n|-weather|none\n|-heal|p1a: Palafin|206/281|[from] item: Leftovers\n|upkeep\n|\n|t:|1783561587\n|switch|p2a: Iron Treads|Iron Treads, L77|100/100\n|turn|11\n|inactive|Time left: 300 sec this turn | 300 sec total\n|\n|t:|1783561588\n|detailschange|p1a: Palafin|Palafin-Hero, L77, F, tera:Steel\n|switch|p1a: Vikavolt|Vikavolt, L83, M|263/263\n|move|p2a: Iron Treads|Earthquake|p1a: Vikavolt\n|-immune|p1a: Vikavolt|[from] ability: Levitate\n|\n|upkeep\n|turn|12\n|inactive|Time left: 300 sec this turn | 300 sec total\n|\n|t:|1783561589\n|move|p2a: Iron Treads|Iron Head|p1a: Vikavolt\n|-resisted|p1a: Vikavolt\n|-damage|p1a: Vikavolt|220/263\n|move|p1a: Vikavolt|Sticky Web|p2a: Iron Treads\n|-sidestart|p2: p0y1928edc5|move: Sticky Web\n|\n|upkeep\n|turn|13\n|inactive|Time left: 300 sec this turn | 300 sec total\n|\n|t:|1783561590\n|move|p2a: Iron Treads|Iron Head|p1a: Vikavolt\n|-resisted|p1a: Vikavolt\n|-damage|p1a: Vikavolt|179/263\n|move|p1a: Vikavolt|Energy Ball|p2a: Iron Treads\n|-damage|p2a: Iron Treads|56/100\n|\n|-heal|p2a: Iron Treads|62/100|[from] item: Leftovers\n|upkeep\n|turn|14\n|inactive|Time left: 300 sec this turn | 300 sec total\n|\n|t:|1783561591\n|move|p2a: Iron Treads|Iron Head|p1a: Vikavolt\n|-resisted|p1a: Vikavolt\n|-damage|p1a: Vikavolt|140/263\n|move|p1a: Vikavolt|Energy Ball|p2a: Iron Treads\n|-damage|p2a: Iron Treads|22/100\n|\n|-heal|p2a: Iron Treads|28/100|[from] item: Leftovers\n|upkeep\n|turn|15\n|inactive|Time left: 300 sec this turn | 300 sec total\n|\n|t:|1783561592\n|move|p2a: Iron Treads|Iron Head|p1a: Vikavolt\n|-resisted|p1a: Vikavolt\n|-damage|p1a: Vikavolt|99/263\n|move|p1a: Vikavolt|Energy Ball|p2a: Iron Treads\n|-damage|p2a: Iron Treads|0 fnt\n|faint|p2a: Iron Treads\n|-end|p2a: Iron Treads|Quark Drive|[silent]\n|\n|upkeep\n|\n|t:|1783561593\n|switch|p2a: Cramorant|Cramorant, L86, M|100/100\n|turn|16\n|inactive|Time left: 300 sec this turn | 300 sec total\n|\n|t:|1783561593\n|move|p2a: Cramorant|Surf|p1a: Vikavolt\n|-formechange|p2a: Cramorant|Cramorant-Gulping|\n|-damage|p1a: Vikavolt|5/263\n|move|p1a: Vikavolt|Discharge|p2a: Cramorant\n|-supereffective|p2a: Cramorant\n|-damage|p2a: Cramorant|0 fnt\n|-damage|p1a: Vikavolt|0 fnt|[from] ability: Gulp Missile|[of] p2a: Cramorant\n|-formechange|p2a: Cramorant|Cramorant|\n|faint|p2a: Cramorant\n|faint|p1a: Vikavolt\n|\n|upkeep\n|inactive|Time left: 300 sec this turn | 300 sec total | 5 sec grace\n|\n|t:|1783561594\n|switch|p2a: Altaria|Altaria, L89, F|100/100\n|switch|p1a: Palafin|Palafin-Hero, L77, F, tera:Steel|206/281\n|-activate|p1a: Palafin|ability: Zero to Hero\n|turn|17\n|inactive|Time left: 300 sec this turn | 300 sec total\n|\n|t:|1783561595\n|move|p1a: Palafin|Bulk Up|p1a: Palafin\n|-boost|p1a: Palafin|atk|1\n|-boost|p1a: Palafin|def|1\n|move|p2a: Altaria|Will-O-Wisp|p1a: Palafin\n|-status|p1a: Palafin|brn\n|\n|-heal|p1a: Palafin|223/281 brn|[from] item: Leftovers\n|-damage|p1a: Palafin|206/281 brn|[from] brn\n|upkeep\n|turn|18\n|inactive|Time left: 300 sec this turn | 300 sec total\n|\n|t:|1783561596\n|move|p1a: Palafin|Bulk Up|p1a: Palafin\n|-boost|p1a: Palafin|atk|1\n|-boost|p1a: Palafin|def|1\n|move|p2a: Altaria|Defog|p1a: Palafin\n|-unboost|p1a: Palafin|evasion|1\n|-sideend|p2: p0y1928edc5|Sticky Web|[from] move: Defog|[of] p2a: Altaria\n|\n|-heal|p1a: Palafin|223/281 brn|[from] item: Leftovers\n|-damage|p1a: Palafin|206/281 brn|[from] brn\n|upkeep\n|turn|19\n|inactive|Time left: 300 sec this turn | 300 sec total\n|\n|t:|1783561596\n|switch|p2a: Arceus|Arceus-Ice, L72|100/100\n|move|p1a: Palafin|Bulk Up|p1a: Palafin\n|-boost|p1a: Palafin|atk|1\n|-boost|p1a: Palafin|def|1\n|\n|-heal|p1a: Palafin|223/281 brn|[from] item: Leftovers\n|-damage|p1a: Palafin|206/281 brn|[from] brn\n|upkeep\n|turn|20\n|inactive|Time left: 300 sec this turn | 300 sec total\n|\n|t:|1783561597\n|switch|p2a: Clodsire|Clodsire, L81, F|44/100\n|move|p1a: Palafin|Drain Punch|p2a: Clodsire\n|-resisted|p2a: Clodsire\n|-crit|p2a: Clodsire\n|-damage|p2a: Clodsire|33/100\n|-heal|p1a: Palafin|224/281 brn|[from] drain|[of] p2a: Clodsire\n|\n|-heal|p1a: Palafin|241/281 brn|[from] item: Leftovers\n|-heal|p2a: Clodsire|40/100|[from] item: Leftovers\n|-damage|p1a: Palafin|224/281 brn|[from] brn\n|upkeep\n|turn|21\n|inactive|Time left: 300 sec this turn | 300 sec total\n|\n|t:|1783561598\n|switch|p2a: Altaria|Altaria, L89, F|100/100\n|move|p1a: Palafin|Wave Crash|p2a: Altaria\n|-resisted|p2a: Altaria\n|-damage|p2a: Altaria|66/100\n|-damage|p1a: Palafin|193/281 brn|[from] Recoil\n|\n|-heal|p1a: Palafin|210/281 brn|[from] item: Leftovers\n|-damage|p1a: Palafin|193/281 brn|[from] brn\n|upkeep\n|turn|22\n|inactive|Time left: 300 sec this turn | 300 sec total\n|\n|t:|1783561599\n|move|p1a: Palafin|Bulk Up|p1a: Palafin\n|-boost|p1a: Palafin|atk|1\n|-boost|p1a: Palafin|def|1\n|move|p2a: Altaria|Roost|p2a: Altaria\n|-heal|p2a: Altaria|100/100\n|-singleturn|p2a: Altaria|move: Roost\n|\n|-heal|p1a: Palafin|210/281 brn|[from] item: Leftovers\n|-damage|p1a: Palafin|193/281 brn|[from] brn\n|upkeep\n|turn|23\n|inactive|Time left: 300 sec this turn | 300 sec total\n|\n|t:|1783561600\n|move|p1a: Palafin|Drain Punch|p2a: Altaria\n|-resisted|p2a: Altaria\n|-crit|p2a: Altaria\n|-damage|p2a: Altaria|76/100\n|-heal|p1a: Palafin|227/281 brn|[from] drain|[of] p2a: Altaria\n|move|p2a: Altaria|Roost|p2a: Altaria\n|-heal|p2a: Altaria|100/100\n|-singleturn|p2a: Altaria|move: Roost\n|\n|-heal|p1a: Palafin|244/281 brn|[from] item: Leftovers\n|-damage|p1a: Palafin|227/281 brn|[from] brn\n|upkeep\n|turn|24\n|inactive|Time left: 300 sec this turn | 300 sec total\n|\n|t:|1783561601\n|move|p1a: Palafin|Drain Punch|p2a: Altaria\n|-resisted|p2a: Altaria\n|-damage|p2a: Altaria|85/100\n|-heal|p1a: Palafin|249/281 brn|[from] drain|[of] p2a: Altaria\n|move|p2a: Altaria|Roost|p2a: Altaria\n|-heal|p2a: Altaria|100/100\n|-singleturn|p2a: Altaria|move: Roost\n|\n|-heal|p1a: Palafin|266/281 brn|[from] item: Leftovers\n|-damage|p1a: Palafin|249/281 brn|[from] brn\n|upkeep\n|turn|25\n|inactive|Time left: 300 sec this turn | 300 sec total\n|\n|t:|1783561602\n|move|p1a: Palafin|Drain Punch|p2a: Altaria\n|-resisted|p2a: Altaria\n|-damage|p2a: Altaria|84/100\n|-heal|p1a: Palafin|273/281 brn|[from] drain|[of] p2a: Altaria\n|move|p2a: Altaria|Roost|p2a: Altaria\n|-heal|p2a: Altaria|100/100\n|-singleturn|p2a: Altaria|move: Roost\n|\n|-heal|p1a: Palafin|281/281 brn|[from] item: Leftovers\n|-damage|p1a: Palafin|264/281 brn|[from] brn\n|upkeep\n|turn|26\n|inactive|Time left: 300 sec this turn | 300 sec total\n|\n|t:|1783561603\n|move|p1a: Palafin|Wave Crash|p2a: Altaria\n|-resisted|p2a: Altaria\n|-damage|p2a: Altaria|61/100\n|-damage|p1a: Palafin|227/281 brn|[from] Recoil\n|move|p2a: Altaria|Roost|p2a: Altaria\n|-heal|p2a: Altaria|100/100\n|-singleturn|p2a: Altaria|move: Roost\n|\n|-heal|p1a: Palafin|244/281 brn|[from] item: Leftovers\n|-damage|p1a: Palafin|227/281 brn|[from] brn\n|upkeep\n|turn|27\n|inactive|Time left: 300 sec this turn | 300 sec total\n|\n|t:|1783561604\n|move|p1a: Palafin|Drain Punch|p2a: Altaria\n|-resisted|p2a: Altaria\n|-damage|p2a: Altaria|85/100\n|-heal|p1a: Palafin|249/281 brn|[from] drain|[of] p2a: Altaria\n|move|p2a: Altaria|Roost|p2a: Altaria\n|-heal|p2a: Altaria|100/100\n|-singleturn|p2a: Altaria|move: Roost\n|\n|-heal|p1a: Palafin|266/281 brn|[from] item: Leftovers\n|-damage|p1a: Palafin|249/281 brn|[from] brn\n|upkeep\n|turn|28\n|inactive|Time left: 300 sec this turn | 300 sec total\n|\n|t:|1783561605\n|move|p1a: Palafin|Drain Punch|p2a: Altaria\n|-resisted|p2a: Altaria\n|-damage|p2a: Altaria|83/100\n|-heal|p1a: Palafin|273/281 brn|[from] drain|[of] p2a: Altaria\n|move|p2a: Altaria|Roost|p2a: Altaria\n|-heal|p2a: Altaria|100/100\n|-singleturn|p2a: Altaria|move: Roost\n|\n|-heal|p1a: Palafin|281/281 brn|[from] item: Leftovers\n|-damage|p1a: Palafin|264/281 brn|[from] brn\n|upkeep\n|turn|29\n|inactive|Time left: 300 sec this turn | 300 sec total\n|\n|t:|1783561606\n|move|p1a: Palafin|Drain Punch|p2a: Altaria\n|-resisted|p2a: Altaria\n|-damage|p2a: Altaria|83/100\n|-heal|p1a: Palafin|281/281 brn|[from] drain|[of] p2a: Altaria\n|move|p2a: Altaria|Roost|p2a: Altaria\n|-heal|p2a: Altaria|100/100\n|-singleturn|p2a: Altaria|move: Roost\n|\n|-damage|p1a: Palafin|264/281 brn|[from] brn\n|upkeep\n|turn|30\n|inactive|Time left: 300 sec this turn | 300 sec total\n|\n|t:|1783561607\n|move|p1a: Palafin|Drain Punch|p2a: Altaria\n|-resisted|p2a: Altaria\n|-damage|p2a: Altaria|85/100\n|-heal|p1a: Palafin|281/281 brn|[from] drain|[of] p2a: Altaria\n|move|p2a: Altaria|Will-O-Wisp|p1a: Palafin\n|-fail|p1a: Palafin|brn\n|\n|-damage|p1a: Palafin|264/281 brn|[from] brn\n|upkeep\n|turn|31\n|inactive|Time left: 300 sec this turn | 300 sec total\n|\n|t:|1783561608\n|move|p1a: Palafin|Wave Crash|p2a: Altaria\n|-resisted|p2a: Altaria\n|-damage|p2a: Altaria|45/100\n|-damage|p1a: Palafin|228/281 brn|[from] Recoil\n|move|p2a: Altaria|Brave Bird|p1a: Palafin\n|-resisted|p1a: Palafin\n|-damage|p1a: Palafin|209/281 brn\n|-damage|p2a: Altaria|43/100|[from] Recoil\n|\n|-heal|p1a: Palafin|226/281 brn|[from] item: Leftovers\n|-damage|p1a: Palafin|209/281 brn|[from] brn\n|upkeep\n|turn|32\n|inactive|Time left: 300 sec this turn | 300 sec total\n|\n|t:|1783561609\n|move|p1a: Palafin|Drain Punch|p2a: Altaria\n|-resisted|p2a: Altaria\n|-damage|p2a: Altaria|27/100\n|-heal|p1a: Palafin|232/281 brn|[from] drain|[of] p2a: Altaria\n|move|p2a: Altaria|Defog|p1a: Palafin\n|-unboost|p1a: Palafin|evasion|1\n|\n|-heal|p1a: Palafin|249/281 brn|[from] item: Leftovers\n|-damage|p1a: Palafin|232/281 brn|[from] brn\n|upkeep\n|turn|33\n|inactive|Time left: 300 sec this turn | 300 sec total\n|\n|t:|1783561610\n|move|p1a: Palafin|Drain Punch|p2a: Altaria\n|-resisted|p2a: Altaria\n|-damage|p2a: Altaria|9/100\n|-heal|p1a: Palafin|257/281 brn|[from] drain|[of] p2a: Altaria\n|move|p2a: Altaria|Will-O-Wisp|p1a: Palafin\n|-fail|p1a: Palafin|brn\n|\n|-heal|p1a: Palafin|274/281 brn|[from] item: Leftovers\n|-damage|p1a: Palafin|257/281 brn|[from] brn\n|upkeep\n|turn|34\n|inactive|Time left: 300 sec this turn | 300 sec total\n|\n|t:|1783561611\n|move|p1a: Palafin|Wave Crash|p2a: Altaria\n|-resisted|p2a: Altaria\n|-damage|p2a: Altaria|0 fnt\n|faint|p2a: Altaria\n|-damage|p1a: Palafin|249/281 brn|[from] Recoil\n|\n|-heal|p1a: Palafin|266/281 brn|[from] item: Leftovers\n|-damage|p1a: Palafin|249/281 brn|[from] brn\n|upkeep\n|\n|t:|1783561612\n|switch|p2a: Arceus|Arceus-Ice, L72|100/100\n|turn|35\n|inactive|Time left: 300 sec this turn | 300 sec total\n|\n|t:|1783561613\n|switch|p2a: Clodsire|Clodsire, L81, F|40/100\n|move|p1a: Palafin|Drain Punch|p2a: Clodsire\n|-resisted|p2a: Clodsire\n|-damage|p2a: Clodsire|33/100\n|-heal|p1a: Palafin|260/281 brn|[from] drain|[of] p2a: Clodsire\n|\n|-heal|p1a: Palafin|277/281 brn|[from] item: Leftovers\n|-heal|p2a: Clodsire|39/100|[from] item: Leftovers\n|-damage|p1a: Palafin|260/281 brn|[from] brn\n|upkeep\n|turn|36\n|inactive|Time left: 300 sec this turn | 300 sec total\n|\n|t:|1783561614\n|switch|p2a: Arceus|Arceus-Ice, L72|100/100\n|move|p1a: Palafin|Wave Crash|p2a: Arceus\n|-damage|p2a: Arceus|28/100\n|-damage|p1a: Palafin|191/281 brn|[from] Recoil\n|\n|-heal|p1a: Palafin|208/281 brn|[from] item: Leftovers\n|-damage|p1a: Palafin|191/281 brn|[from] brn\n|upkeep\n|turn|37\n|inactive|Time left: 300 sec this turn | 300 sec total\n|\n|t:|1783561615\n|switch|p2a: Clodsire|Clodsire, L81, F|39/100\n|move|p1a: Palafin|Jet Punch|p2a: Clodsire\n|-supereffective|p2a: Clodsire\n|-damage|p2a: Clodsire|9/100\n|\n|-heal|p1a: Palafin|208/281 brn|[from] item: Leftovers\n|-heal|p2a: Clodsire|15/100|[from] item: Leftovers\n|-damage|p1a: Palafin|191/281 brn|[from] brn\n|upkeep\n|turn|38\n|inactive|Time left: 300 sec this turn | 300 sec total\n|\n|t:|1783561616\n|switch|p2a: Arceus|Arceus-Ice, L72|28/100\n|move|p1a: Palafin|Drain Punch|p2a: Arceus\n|-supereffective|p2a: Arceus\n|-damage|p2a: Arceus|0 fnt\n|-heal|p1a: Palafin|232/281 brn|[from] drain|[of] p2a: Arceus\n|faint|p2a: Arceus\n|\n|-heal|p1a: Palafin|249/281 brn|[from] item: Leftovers\n|-damage|p1a: Palafin|232/281 brn|[from] brn\n|upkeep\n|\n|t:|1783561617\n|switch|p2a: Clodsire|Clodsire, L81, F|15/100\n|turn|39\n|inactive|Time left: 300 sec this turn | 300 sec total\n|\n|t:|1783561618\n|move|p1a: Palafin|Drain Punch|p2a: Clodsire\n|-resisted|p2a: Clodsire\n|-damage|p2a: Clodsire|9/100\n|-heal|p1a: Palafin|243/281 brn|[from] drain|[of] p2a: Clodsire\n|move|p2a: Clodsire|Recover|p2a: Clodsire\n|-heal|p2a: Clodsire|59/100\n|\n|-heal|p1a: Palafin|260/281 brn|[from] item: Leftovers\n|-heal|p2a: Clodsire|65/100|[from] item: Leftovers\n|-damage|p1a: Palafin|243/281 brn|[from] brn\n|upkeep\n|turn|40\n|inactive|Time left: 300 sec this turn | 300 sec total\n|\n|t:|1783561619\n|move|p1a: Palafin|Wave Crash|p2a: Clodsire\n|-supereffective|p2a: Clodsire\n|-damage|p2a: Clodsire|6/100\n|-damage|p1a: Palafin|176/281 brn|[from] Recoil\n|move|p2a: Clodsire|Recover|p2a: Clodsire\n|-heal|p2a: Clodsire|56/100\n|\n|-heal|p1a: Palafin|193/281 brn|[from] item: Leftovers\n|-heal|p2a: Clodsire|62/100|[from] item: Leftovers\n|-damage|p1a: Palafin|176/281 brn|[from] brn\n|upkeep\n|turn|41\n|inactive|Time left: 300 sec this turn | 300 sec total\n|\n|t:|1783561620\n|switch|p1a: Terrakion|Terrakion, L79|273/273\n|move|p2a: Clodsire|Recover|p2a: Clodsire\n|-heal|p2a: Clodsire|100/100\n|\n|upkeep\n|turn|42\n|inactive|Time left: 300 sec this turn | 300 sec total\n|\n|t:|1783561621\n|move|p1a: Terrakion|Earthquake|p2a: Clodsire\n|-supereffective|p2a: Clodsire\n|-damage|p2a: Clodsire|17/100\n|-damage|p1a: Terrakion|246/273|[from] item: Life Orb\n|move|p2a: Clodsire|Recover|p2a: Clodsire\n|-heal|p2a: Clodsire|67/100\n|\n|-heal|p2a: Clodsire|73/100|[from] item: Leftovers\n|upkeep\n|turn|43\n|inactive|Time left: 300 sec this turn | 300 sec total\n|\n|t:|1783561622\n|move|p1a: Terrakion|Earthquake|p2a: Clodsire\n|-supereffective|p2a: Clodsire\n|-damage|p2a: Clodsire|0 fnt\n|faint|p2a: Clodsire\n|-damage|p1a: Terrakion|219/273|[from] item: Life Orb\n|\n|win|p0x192885da", "uploadtime": 1783561622, "views": 0, "rating": 0, "private": 0, "password": null, "_winner": "p0x192885da", "_our_name": "p0x192885da"}