{"id": "battle-gen9randombattle-406", "formatid": "gen9randombattle", "format": "[Gen 9] Random Battle", "players": ["p0x4064142", "p0y4066516"], "log": "|init|battle\n|title|p0x4064142 vs. p0y4066516\n|j|\u2606p0x4064142\n|j|\u2606p0y4066516\n|t:|1783543778\n|gametype|singles\n|player|p1|p0x4064142|102|\n|player|p2|p0y4066516|1|\n|gen|9\n|tier|[Gen 9] Random Battle\n|rule|Species Clause: Limit one of each Pok\u00e9mon\n|rule|HP Percentage Mod: HP is shown in percentages\n|rule|Sleep Clause Mod: Limit one foe put to sleep\n|rule|Illusion Level Mod: Illusion disguises the Pok\u00e9mon's true level\n|\n|t:|1783543778\n|teamsize|p1|6\n|teamsize|p2|6\n|start\n|switch|p1a: Exeggutor|Exeggutor, L89, M|100/100\n|switch|p2a: Mewtwo|Mewtwo, L72|272/272\n|-ability|p2a: Mewtwo|Unnerve\n|turn|1\n|inactive|Battle timer is ON: inactive players will automatically lose when time's up. (requested by p0y4066516)\n|inactive|p0x4064142 also wants the timer to be on.\n|\n|t:|1783543780\n|move|p2a: Mewtwo|Nasty Plot|p2a: Mewtwo\n|-boost|p2a: Mewtwo|spa|2\n|move|p1a: Exeggutor|Leech Seed|p2a: Mewtwo\n|-start|p2a: Mewtwo|move: Leech Seed\n|\n|-damage|p2a: Mewtwo|238/272|[from] Leech Seed|[of] p1a: Exeggutor\n|upkeep\n|turn|2\n|inactive|Time left: 300 sec this turn | 300 sec total\n|\n|t:|1783543781\n|switch|p1a: Gouging Fire|Gouging Fire, L74|100/100\n|move|p2a: Mewtwo|Fire Blast|p1a: Gouging Fire\n|-resisted|p1a: Gouging Fire\n|-damage|p1a: Gouging Fire|78/100\n|-damage|p2a: Mewtwo|211/272|[from] item: Life Orb\n|\n|-damage|p2a: Mewtwo|177/272|[from] Leech Seed|[of] p1a: Gouging Fire\n|-heal|p1a: Gouging Fire|90/100|[silent]\n|upkeep\n|turn|3\n|inactive|Time left: 300 sec this turn | 300 sec total\n|\n|t:|1783543783\n|-end|p1a: Gouging Fire|Protosynthesis|[silent]\n|switch|p1a: Chien-Pao|Chien-Pao, L72|100/100\n|-ability|p1a: Chien-Pao|Sword of Ruin\n|move|p2a: Mewtwo|Psystrike|p1a: Chien-Pao\n|-immune|p1a: Chien-Pao\n|\n|-damage|p2a: Mewtwo|143/272|[from] Leech Seed|[of] p1a: Chien-Pao\n|upkeep\n|turn|4\n|inactive|Time left: 300 sec this turn | 300 sec total\n|\n|t:|1783543784\n|switch|p2a: Magcargo|Magcargo, L95, F|268/268\n|move|p1a: Chien-Pao|Throat Chop|p2a: Magcargo\n|-damage|p2a: Magcargo|204/268\n|-start|p2a: Magcargo|Throat Chop|[silent]\n|-ability|p2a: Magcargo|Weak Armor|boost\n|-unboost|p2a: Magcargo|def|1\n|-boost|p2a: Magcargo|spe|2\n|\n|upkeep\n|turn|5\n|inactive|Time left: 300 sec this turn | 300 sec total\n|\n|t:|1783543785\n|-terastallize|p1a: Chien-Pao|Fighting\n|move|p1a: Chien-Pao|Sacred Sword|p2a: Magcargo\n|-supereffective|p2a: Magcargo\n|-damage|p2a: Magcargo|60/268\n|-ability|p2a: Magcargo|Weak Armor|boost\n|-unboost|p2a: Magcargo|def|1\n|-boost|p2a: Magcargo|spe|2\n|move|p2a: Magcargo|Power Gem|p1a: Chien-Pao\n|-resisted|p1a: Chien-Pao\n|-damage|p1a: Chien-Pao|71/100\n|\n|-end|p2a: Magcargo|Throat Chop|[silent]\n|upkeep\n|turn|6\n|inactive|Time left: 300 sec this turn | 300 sec total\n|\n|t:|1783543787\n|move|p2a: Magcargo|Fire Blast|p1a: Chien-Pao|[miss]\n|-miss|p2a: Magcargo|p1a: Chien-Pao\n|move|p1a: Chien-Pao|Sacred Sword|p2a: Magcargo\n|-supereffective|p2a: Magcargo\n|-damage|p2a: Magcargo|0 fnt\n|faint|p2a: Magcargo\n|\n|upkeep\n|inactive|Time left: 300 sec this turn | 300 sec total | 5 sec grace\n|\n|t:|1783543788\n|switch|p2a: Delibird|Delibird, F|252/252\n|turn|7\n|inactive|Time left: 300 sec this turn | 300 sec total\n|\n|t:|1783543789\n|move|p1a: Chien-Pao|Sacred Sword|p2a: Delibird\n|-damage|p2a: Delibird|111/252\n|move|p2a: Delibird|Brave Bird|p1a: Chien-Pao\n|-supereffective|p1a: Chien-Pao\n|-damage|p1a: Chien-Pao|0 fnt\n|faint|p1a: Chien-Pao\n|-damage|p2a: Delibird|57/252|[from] Recoil\n|\n|upkeep\n|\n|t:|1783543790\n|switch|p1a: Gouging Fire|Gouging Fire, L74|90/100\n|turn|8\n|inactive|Time left: 300 sec this turn | 300 sec total\n|\n|t:|1783543791\n|move|p2a: Delibird|Brave Bird|p1a: Gouging Fire\n|-damage|p1a: Gouging Fire|54/100\n|-damage|p2a: Delibird|24/252|[from] Recoil\n|move|p1a: Gouging Fire|Outrage|p2a: Delibird\n|-damage|p2a: Delibird|0 fnt\n|faint|p2a: Delibird\n|\n|upkeep\n|inactive|Time left: 300 sec this turn | 300 sec total | 5 sec grace\n|\n|t:|1783543792\n|switch|p2a: Rotom|Rotom-Mow, L87|219/219\n|turn|9\n|inactive|Time left: 300 sec this turn | 300 sec total\n|\n|t:|1783543794\n|-terastallize|p2a: Rotom|Normal\n|move|p2a: Rotom|Hyper Voice|p1a: Gouging Fire\n|-damage|p1a: Gouging Fire|0 fnt\n|faint|p1a: Gouging Fire\n|-end|p1a: Gouging Fire|Protosynthesis|[silent]\n|-damage|p2a: Rotom|198/219|[from] item: Life Orb\n|\n|upkeep\n|\n|t:|1783543795\n|switch|p1a: Exeggutor|Exeggutor, L89, M|100/100\n|turn|10\n|inactive|Time left: 300 sec this turn | 300 sec total\n|\n|t:|1783543796\n|move|p2a: Rotom|Poltergeist|p1a: Exeggutor|[miss]\n|-miss|p2a: Rotom|p1a: Exeggutor\n|move|p1a: Exeggutor|Psychic Noise|p2a: Rotom\n|-damage|p2a: Rotom|53/219\n|-start|p2a: Rotom|move: Heal Block\n|replace|p2a: Zoroark|Zoroark-Hisui, L80, F\n|-end|p2a: Zoroark|Illusion\n|-hint|Illusion Level Mod is active, so this Pok\u00e9mon's true level was hidden.\n|\n|upkeep\n|turn|11\n|inactive|Time left: 300 sec this turn | 300 sec total\n|\n|t:|1783543797\n|move|p2a: Zoroark|Poltergeist|p1a: Exeggutor\n|-activate|p1a: Exeggutor|move: Poltergeist|Sitrus Berry\n|-supereffective|p1a: Exeggutor\n|-damage|p1a: Exeggutor|5/100\n|-enditem|p1a: Exeggutor|Sitrus Berry|[eat]\n|-heal|p1a: Exeggutor|30/100|[from] item: Sitrus Berry\n|-damage|p2a: Zoroark|32/219|[from] item: Life Orb\n|move|p1a: Exeggutor|Psychic Noise|p2a: Zoroark\n|-damage|p2a: Zoroark|0 fnt\n|faint|p2a: Zoroark\n|\n|-item|p1a: Exeggutor|Sitrus Berry|[from] ability: Harvest\n|upkeep\n|-enditem|p1a: Exeggutor|Sitrus Berry|[eat]\n|-heal|p1a: Exeggutor|55/100|[from] item: Sitrus Berry\n|inactive|Time left: 300 sec this turn | 300 sec total | 5 sec grace\n|\n|t:|1783543798\n|switch|p2a: Mewtwo|Mewtwo, L72|143/272\n|-ability|p2a: Mewtwo|Unnerve\n|turn|12\n|inactive|Time left: 300 sec this turn | 300 sec total\n|\n|t:|1783543799\n|switch|p1a: Klawf|Klawf, L90, M|100/100\n|move|p2a: Mewtwo|Nasty Plot|p2a: Mewtwo\n|-boost|p2a: Mewtwo|spa|2\n|\n|upkeep\n|turn|13\n|inactive|Time left: 300 sec this turn | 300 sec total\n|\n|t:|1783543800\n|move|p2a: Mewtwo|Dark Pulse|p1a: Klawf\n|-damage|p1a: Klawf|23/100\n|-damage|p2a: Mewtwo|116/272|[from] item: Life Orb\n|cant|p1a: Klawf|flinch\n|\n|upkeep\n|turn|14\n|inactive|Time left: 300 sec this turn | 300 sec total\n|\n|t:|1783543801\n|switch|p1a: Exeggutor|Exeggutor, L89, M|55/100\n|move|p2a: Mewtwo|Psystrike|p1a: Exeggutor\n|-resisted|p1a: Exeggutor\n|-damage|p1a: Exeggutor|9/100\n|-damage|p2a: Mewtwo|89/272|[from] item: Life Orb\n|\n|upkeep\n|turn|15\n|inactive|Time left: 300 sec this turn | 300 sec total\n|\n|t:|1783543802\n|move|p1a: Exeggutor|Protect|p1a: Exeggutor\n|-singleturn|p1a: Exeggutor|Protect\n|move|p2a: Mewtwo|Psystrike|p1a: Exeggutor\n|-activate|p1a: Exeggutor|move: Protect\n|\n|-item|p1a: Exeggutor|Sitrus Berry|[from] ability: Harvest\n|upkeep\n|turn|16\n|inactive|Time left: 300 sec this turn | 300 sec total\n|\n|t:|1783543803\n|move|p1a: Exeggutor|Protect||[still]\n|-fail|p1a: Exeggutor\n|move|p2a: Mewtwo|Psystrike|p1a: Exeggutor\n|-resisted|p1a: Exeggutor\n|-damage|p1a: Exeggutor|0 fnt\n|faint|p1a: Exeggutor\n|-damage|p2a: Mewtwo|62/272|[from] item: Life Orb\n|\n|upkeep\n|\n|t:|1783543804\n|switch|p1a: Gliscor|Gliscor, L76, F|100/100\n|turn|17\n|inactive|Time left: 300 sec this turn | 300 sec total\n|\n|t:|1783543805\n|move|p1a: Gliscor|Protect|p1a: Gliscor\n|-singleturn|p1a: Gliscor|Protect\n|move|p2a: Mewtwo|Psystrike|p1a: Gliscor\n|-activate|p1a: Gliscor|move: Protect\n|\n|-status|p1a: Gliscor|tox|[from] item: Toxic Orb\n|upkeep\n|turn|18\n|inactive|Time left: 300 sec this turn | 300 sec total\n|\n|t:|1783543806\n|move|p2a: Mewtwo|Fire Blast|p1a: Gliscor\n|-damage|p1a: Gliscor|0 fnt\n|faint|p1a: Gliscor\n|-damage|p2a: Mewtwo|35/272|[from] item: Life Orb\n|\n|upkeep\n|\n|t:|1783543807\n|switch|p1a: Zapdos|Zapdos, L78|100/100\n|turn|19\n|inactive|Time left: 300 sec this turn | 300 sec total\n|\n|t:|1783543808\n|move|p2a: Mewtwo|Psystrike|p1a: Zapdos\n|-damage|p1a: Zapdos|0 fnt\n|faint|p1a: Zapdos\n|-damage|p2a: Mewtwo|8/272|[from] item: Life Orb\n|\n|upkeep\n|\n|t:|1783543809\n|switch|p1a: Klawf|Klawf, L90, M|56/100\n|turn|20\n|inactive|Time left: 300 sec this turn | 300 sec total\n|\n|t:|1783543810\n|move|p2a: Mewtwo|Dark Pulse|p1a: Klawf\n|-damage|p1a: Klawf|0 fnt\n|faint|p1a: Klawf\n|-damage|p2a: Mewtwo|0 fnt|[from] item: Life Orb\n|faint|p2a: Mewtwo\n|\n|win|p0y4066516", "uploadtime": 1783543810, "views": 0, "rating": 0, "private": 0, "password": null, "_winner": "p0y4066516", "_our_name": "p0y4066516"}