{"id": "battle-gen9randombattle-2478", "formatid": "gen9randombattle", "format": "[Gen 9] Random Battle", "players": ["p0x247885d4", "p0y2478312b"], "log": "|init|battle\n|title|p0x247885d4 vs. p0y2478312b\n|j|\u2606p0x247885d4\n|j|\u2606p0y2478312b\n|t:|1783568711\n|gametype|singles\n|player|p1|p0x247885d4|2|\n|player|p2|p0y2478312b|266|\n|gen|9\n|tier|[Gen 9] Random Battle\n|rule|Species Clause: Limit one of each Pok\u00e9mon\n|rule|HP Percentage Mod: HP is shown in percentages\n|rule|Sleep Clause Mod: Limit one foe put to sleep\n|rule|Illusion Level Mod: Illusion disguises the Pok\u00e9mon's true level\n|\n|t:|1783568711\n|teamsize|p1|6\n|teamsize|p2|6\n|start\n|switch|p1a: Espathra|Espathra, L80, M|100/100\n|switch|p2a: Pachirisu|Pachirisu, L96, M|271/271\n|turn|1\n|inactive|Battle timer is ON: inactive players will automatically lose when time's up. (requested by p0x247885d4)\n|inactive|Time left: 300 sec this turn | 300 sec total | 60 sec grace\n|\n|t:|1783568713\n|move|p2a: Pachirisu|Super Fang|p1a: Espathra|[miss]\n|-miss|p2a: Pachirisu|p1a: Espathra\n|move|p1a: Espathra|Lumina Crash|p2a: Pachirisu\n|-damage|p2a: Pachirisu|201/271\n|-unboost|p2a: Pachirisu|spd|2\n|\n|-ability|p1a: Espathra|Speed Boost|boost\n|-boost|p1a: Espathra|spe|1\n|upkeep\n|turn|2\n|inactive|Time left: 300 sec this turn | 300 sec total\n|inactive|p0y2478312b also wants the timer to be on.\n|\n|t:|1783568714\n|switch|p2a: Shiftry|Shiftry, L89, M|305/305\n|move|p1a: Espathra|Lumina Crash|p2a: Shiftry\n|-immune|p2a: Shiftry\n|\n|-ability|p1a: Espathra|Speed Boost|boost\n|-boost|p1a: Espathra|spe|1\n|upkeep\n|turn|3\n|inactive|Time left: 300 sec this turn | 300 sec total\n|\n|t:|1783568715\n|switch|p1a: Pyroar|Pyroar, L88, M|100/100\n|-ability|p1a: Pyroar|Unnerve\n|move|p2a: Shiftry|Knock Off|p1a: Pyroar\n|-damage|p1a: Pyroar|39/100\n|-enditem|p1a: Pyroar|Heavy-Duty Boots|[from] move: Knock Off|[of] p2a: Shiftry\n|-damage|p2a: Shiftry|275/305|[from] item: Life Orb\n|\n|upkeep\n|turn|4\n|inactive|Time left: 300 sec this turn | 300 sec total\n|\n|t:|1783568716\n|move|p2a: Shiftry|Sucker Punch|p1a: Pyroar\n|-damage|p1a: Pyroar|0 fnt\n|faint|p1a: Pyroar\n|-damage|p2a: Shiftry|245/305|[from] item: Life Orb\n|\n|upkeep\n|\n|t:|1783568717\n|switch|p1a: Regidrago|Regidrago, L77|100/100\n|turn|5\n|inactive|Time left: 300 sec this turn | 300 sec total\n|\n|t:|1783568719\n|-terastallize|p1a: Regidrago|Dragon\n|move|p2a: Shiftry|Knock Off|p1a: Regidrago\n|-damage|p1a: Regidrago|49/100\n|-enditem|p1a: Regidrago|Lum Berry|[from] move: Knock Off|[of] p2a: Shiftry\n|-damage|p2a: Shiftry|215/305|[from] item: Life Orb\n|move|p1a: Regidrago|Outrage|p2a: Shiftry\n|-damage|p2a: Shiftry|0 fnt\n|faint|p2a: Shiftry\n|\n|upkeep\n|inactive|Time left: 300 sec this turn | 300 sec total | 5 sec grace\n|\n|t:|1783568720\n|switch|p2a: Dialga|Dialga, L73|266/266\n|-ability|p2a: Dialga|Pressure\n|turn|6\n|inactive|Time left: 300 sec this turn | 300 sec total\n|\n|t:|1783568721\n|move|p2a: Dialga|Draco Meteor|p1a: Regidrago\n|-supereffective|p1a: Regidrago\n|-damage|p1a: Regidrago|0 fnt\n|-unboost|p2a: Dialga|spa|2\n|faint|p1a: Regidrago\n|\n|upkeep\n|\n|t:|1783568722\n|switch|p1a: Rhydon|Rhydon, L85, F|100/100\n|turn|7\n|inactive|Time left: 300 sec this turn | 300 sec total\n|\n|t:|1783568723\n|switch|p2a: Dipplin|Dipplin, L88, M|284/284\n|move|p1a: Rhydon|Earthquake|p2a: Dipplin\n|-resisted|p2a: Dipplin\n|-damage|p2a: Dipplin|247/284\n|\n|upkeep\n|turn|8\n|inactive|Time left: 300 sec this turn | 300 sec total\n|\n|t:|1783568724\n|switch|p1a: Empoleon|Empoleon, L84, M|100/100\n|move|p2a: Dipplin|Giga Drain|p1a: Empoleon\n|-damage|p1a: Empoleon|72/100\n|-heal|p2a: Dipplin|284/284|[from] drain|[of] p1a: Empoleon\n|\n|-heal|p1a: Empoleon|78/100|[from] item: Leftovers\n|upkeep\n|turn|9\n|inactive|Time left: 300 sec this turn | 300 sec total\n|\n|t:|1783568725\n|move|p1a: Empoleon|Stealth Rock|p2a: Dipplin\n|-sidestart|p2: p0y2478312b|move: Stealth Rock\n|move|p2a: Dipplin|Giga Drain|p1a: Empoleon\n|-damage|p1a: Empoleon|48/100\n|\n|-heal|p1a: Empoleon|54/100|[from] item: Leftovers\n|upkeep\n|turn|10\n|inactive|Time left: 300 sec this turn | 300 sec total\n|\n|t:|1783568726\n|move|p1a: Empoleon|Roost|p1a: Empoleon\n|-heal|p1a: Empoleon|100/100\n|-singleturn|p1a: Empoleon|move: Roost\n|move|p2a: Dipplin|Giga Drain|p1a: Empoleon\n|-damage|p1a: Empoleon|72/100\n|\n|-heal|p1a: Empoleon|78/100|[from] item: Leftovers\n|upkeep\n|turn|11\n|inactive|Time left: 300 sec this turn | 300 sec total\n|\n|t:|1783568727\n|move|p1a: Empoleon|Yawn|p2a: Dipplin\n|-start|p2a: Dipplin|move: Yawn|[of] p1a: Empoleon\n|move|p2a: Dipplin|Giga Drain|p1a: Empoleon\n|-damage|p1a: Empoleon|51/100\n|\n|-heal|p1a: Empoleon|57/100|[from] item: Leftovers\n|upkeep\n|turn|12\n|inactive|Time left: 300 sec this turn | 300 sec total\n|\n|t:|1783568728\n|move|p1a: Empoleon|Roost|p1a: Empoleon\n|-heal|p1a: Empoleon|100/100\n|-singleturn|p1a: Empoleon|move: Roost\n|move|p2a: Dipplin|Giga Drain|p1a: Empoleon\n|-damage|p1a: Empoleon|70/100\n|\n|-heal|p1a: Empoleon|76/100|[from] item: Leftovers\n|-end|p2a: Dipplin|move: Yawn|[silent]\n|-status|p2a: Dipplin|slp\n|upkeep\n|turn|13\n|inactive|Time left: 300 sec this turn | 300 sec total\n|\n|t:|1783568729\n|switch|p1a: Espathra|Espathra, L80, M|100/100\n|cant|p2a: Dipplin|slp\n|\n|upkeep\n|turn|14\n|inactive|Time left: 300 sec this turn | 300 sec total\n|\n|t:|1783568730\n|move|p1a: Espathra|Lumina Crash|p2a: Dipplin\n|-damage|p2a: Dipplin|203/284 slp\n|-unboost|p2a: Dipplin|spd|2\n|cant|p2a: Dipplin|slp\n|\n|-ability|p1a: Espathra|Speed Boost|boost\n|-boost|p1a: Espathra|spe|1\n|upkeep\n|turn|15\n|inactive|Time left: 300 sec this turn | 300 sec total\n|\n|t:|1783568731\n|move|p1a: Espathra|Lumina Crash|p2a: Dipplin\n|-damage|p2a: Dipplin|29/284 slp\n|-unboost|p2a: Dipplin|spd|2\n|cant|p2a: Dipplin|slp\n|\n|-ability|p1a: Espathra|Speed Boost|boost\n|-boost|p1a: Espathra|spe|1\n|upkeep\n|turn|16\n|inactive|Time left: 300 sec this turn | 300 sec total\n|\n|t:|1783568732\n|-curestatus|p2a: Dipplin|slp|[msg]\n|move|p2a: Dipplin|Sucker Punch|p1a: Espathra\n|-supereffective|p1a: Espathra\n|-damage|p1a: Espathra|52/100\n|move|p1a: Espathra|Lumina Crash|p2a: Dipplin\n|-damage|p2a: Dipplin|0 fnt\n|faint|p2a: Dipplin\n|\n|-ability|p1a: Espathra|Speed Boost|boost\n|-boost|p1a: Espathra|spe|1\n|upkeep\n|inactive|Time left: 300 sec this turn | 300 sec total | 5 sec grace\n|\n|t:|1783568733\n|switch|p2a: Dialga|Dialga, L73|266/266\n|-damage|p2a: Dialga|250/266|[from] Stealth Rock\n|-ability|p2a: Dialga|Pressure\n|turn|17\n|inactive|Time left: 300 sec this turn | 300 sec total\n|\n|t:|1783568734\n|move|p1a: Espathra|Lumina Crash|p2a: Dialga\n|-resisted|p2a: Dialga\n|-damage|p2a: Dialga|190/266\n|-unboost|p2a: Dialga|spd|2\n|move|p2a: Dialga|Heavy Slam|p1a: Espathra\n|-damage|p1a: Espathra|0 fnt\n|faint|p1a: Espathra\n|\n|-heal|p2a: Dialga|206/266|[from] item: Leftovers\n|upkeep\n|\n|t:|1783568735\n|switch|p1a: Rhydon|Rhydon, L85, F|100/100\n|turn|18\n|inactive|Time left: 300 sec this turn | 300 sec total\n|\n|t:|1783568736\n|switch|p2a: Bronzong|Bronzong, L88|261/261\n|-damage|p2a: Bronzong|245/261|[from] Stealth Rock\n|move|p1a: Rhydon|Earthquake|p2a: Bronzong\n|-immune|p2a: Bronzong|[from] ability: Levitate\n|\n|upkeep\n|turn|19\n|inactive|Time left: 300 sec this turn | 300 sec total\n|\n|t:|1783568737\n|move|p1a: Rhydon|Swords Dance|p1a: Rhydon\n|-boost|p1a: Rhydon|atk|2\n|move|p2a: Bronzong|Iron Defense|p2a: Bronzong\n|-boost|p2a: Bronzong|def|2\n|\n|upkeep\n|turn|20\n|inactive|Time left: 300 sec this turn | 300 sec total\n|\n|t:|1783568738\n|-terastallize|p2a: Bronzong|Fighting\n|move|p1a: Rhydon|Megahorn|p2a: Bronzong\n|-resisted|p2a: Bronzong\n|-damage|p2a: Bronzong|200/261\n|move|p2a: Bronzong|Body Press|p1a: Rhydon\n|-supereffective|p1a: Rhydon\n|-damage|p1a: Rhydon|28/100\n|\n|upkeep\n|turn|21\n|inactive|Time left: 300 sec this turn | 300 sec total\n|\n|t:|1783568739\n|move|p1a: Rhydon|Stone Edge|p2a: Bronzong|[miss]\n|-miss|p1a: Rhydon|p2a: Bronzong\n|move|p2a: Bronzong|Body Press|p1a: Rhydon\n|-supereffective|p1a: Rhydon\n|-damage|p1a: Rhydon|0 fnt\n|faint|p1a: Rhydon\n|\n|upkeep\n|\n|t:|1783568740\n|switch|p1a: Suicune|Suicune, L82|100/100\n|-ability|p1a: Suicune|Pressure\n|turn|22\n|inactive|Time left: 300 sec this turn | 300 sec total\n|\n|t:|1783568741\n|move|p1a: Suicune|Substitute|p1a: Suicune\n|-start|p1a: Suicune|Substitute\n|-damage|p1a: Suicune|76/100\n|move|p2a: Bronzong|Body Press|p1a: Suicune\n|-end|p1a: Suicune|Substitute\n|\n|-heal|p1a: Suicune|82/100|[from] item: Leftovers\n|upkeep\n|turn|23\n|inactive|Time left: 300 sec this turn | 300 sec total\n|\n|t:|1783568742\n|move|p1a: Suicune|Protect|p1a: Suicune\n|-singleturn|p1a: Suicune|Protect\n|move|p2a: Bronzong|Body Press|p1a: Suicune\n|-activate|p1a: Suicune|move: Protect\n|\n|-heal|p1a: Suicune|88/100|[from] item: Leftovers\n|upkeep\n|turn|24\n|inactive|Time left: 300 sec this turn | 300 sec total\n|\n|t:|1783568743\n|move|p1a: Suicune|Substitute|p1a: Suicune\n|-start|p1a: Suicune|Substitute\n|-damage|p1a: Suicune|63/100\n|move|p2a: Bronzong|Body Press|p1a: Suicune\n|-end|p1a: Suicune|Substitute\n|\n|-heal|p1a: Suicune|69/100|[from] item: Leftovers\n|upkeep\n|turn|25\n|inactive|Time left: 300 sec this turn | 300 sec total\n|\n|t:|1783568744\n|move|p1a: Suicune|Protect|p1a: Suicune\n|-singleturn|p1a: Suicune|Protect\n|move|p2a: Bronzong|Body Press|p1a: Suicune\n|-activate|p1a: Suicune|move: Protect\n|\n|-heal|p1a: Suicune|75/100|[from] item: Leftovers\n|upkeep\n|turn|26\n|inactive|Time left: 300 sec this turn | 300 sec total\n|\n|t:|1783568745\n|move|p1a: Suicune|Substitute|p1a: Suicune\n|-start|p1a: Suicune|Substitute\n|-damage|p1a: Suicune|50/100\n|move|p2a: Bronzong|Body Press|p1a: Suicune\n|-end|p1a: Suicune|Substitute\n|\n|-heal|p1a: Suicune|56/100|[from] item: Leftovers\n|upkeep\n|turn|27\n|inactive|Time left: 300 sec this turn | 300 sec total\n|\n|t:|1783568746\n|move|p1a: Suicune|Substitute|p1a: Suicune\n|-start|p1a: Suicune|Substitute\n|-damage|p1a: Suicune|31/100\n|move|p2a: Bronzong|Body Press|p1a: Suicune\n|-end|p1a: Suicune|Substitute\n|\n|-heal|p1a: Suicune|37/100|[from] item: Leftovers\n|upkeep\n|turn|28\n|inactive|Time left: 300 sec this turn | 300 sec total\n|\n|t:|1783568747\n|move|p1a: Suicune|Protect|p1a: Suicune\n|-singleturn|p1a: Suicune|Protect\n|move|p2a: Bronzong|Psychic Noise|p1a: Suicune\n|-activate|p1a: Suicune|move: Protect\n|\n|-heal|p1a: Suicune|43/100|[from] item: Leftovers\n|upkeep\n|turn|29\n|inactive|Time left: 300 sec this turn | 300 sec total\n|\n|t:|1783568748\n|move|p1a: Suicune|Scald|p2a: Bronzong\n|-damage|p2a: Bronzong|139/261\n|move|p2a: Bronzong|Body Press|p1a: Suicune\n|-damage|p1a: Suicune|0 fnt\n|faint|p1a: Suicune\n|\n|upkeep\n|\n|t:|1783568749\n|switch|p1a: Empoleon|Empoleon, L84, M|76/100\n|turn|30\n|inactive|Time left: 300 sec this turn | 300 sec total\n|\n|t:|1783568749\n|move|p1a: Empoleon|Yawn|p2a: Bronzong\n|-start|p2a: Bronzong|move: Yawn|[of] p1a: Empoleon\n|move|p2a: Bronzong|Rest|p2a: Bronzong\n|-status|p2a: Bronzong|slp|[from] move: Rest\n|-heal|p2a: Bronzong|261/261 slp|[silent]\n|-enditem|p2a: Bronzong|Chesto Berry|[eat]\n|-curestatus|p2a: Bronzong|slp|[msg]\n|\n|-heal|p1a: Empoleon|82/100|[from] item: Leftovers\n|upkeep\n|turn|31\n|inactive|Time left: 300 sec this turn | 300 sec total\n|\n|t:|1783568750\n|switch|p2a: Pachirisu|Pachirisu, L96, M|201/271\n|-damage|p2a: Pachirisu|168/271|[from] Stealth Rock\n|move|p1a: Empoleon|Surf|p2a: Pachirisu\n|-damage|p2a: Pachirisu|105/271\n|\n|-heal|p1a: Empoleon|88/100|[from] item: Leftovers\n|upkeep\n|turn|32\n|inactive|Time left: 300 sec this turn | 300 sec total\n|\n|t:|1783568751\n|move|p2a: Pachirisu|Thunderbolt|p1a: Empoleon\n|-supereffective|p1a: Empoleon\n|-damage|p1a: Empoleon|44/100\n|move|p1a: Empoleon|Roost|p1a: Empoleon\n|-heal|p1a: Empoleon|94/100\n|-singleturn|p1a: Empoleon|move: Roost\n|\n|-heal|p1a: Empoleon|100/100|[from] item: Leftovers\n|upkeep\n|turn|33\n|inactive|Time left: 300 sec this turn | 300 sec total\n|\n|t:|1783568752\n|move|p2a: Pachirisu|Nuzzle|p1a: Empoleon\n|-supereffective|p1a: Empoleon\n|-damage|p1a: Empoleon|88/100\n|-status|p1a: Empoleon|par\n|cant|p1a: Empoleon|par\n|\n|-heal|p1a: Empoleon|94/100 par|[from] item: Leftovers\n|upkeep\n|turn|34\n|inactive|Time left: 300 sec this turn | 300 sec total\n|\n|t:|1783568753\n|move|p2a: Pachirisu|Thunderbolt|p1a: Empoleon\n|-supereffective|p1a: Empoleon\n|-damage|p1a: Empoleon|48/100 par\n|cant|p1a: Empoleon|par\n|\n|-heal|p1a: Empoleon|54/100 par|[from] item: Leftovers\n|upkeep\n|turn|35\n|inactive|Time left: 300 sec this turn | 300 sec total\n|\n|t:|1783568754\n|move|p2a: Pachirisu|Thunderbolt|p1a: Empoleon\n|-supereffective|p1a: Empoleon\n|-damage|p1a: Empoleon|6/100 par\n|cant|p1a: Empoleon|par\n|\n|-heal|p1a: Empoleon|12/100 par|[from] item: Leftovers\n|upkeep\n|turn|36\n|inactive|Time left: 300 sec this turn | 300 sec total\n|\n|t:|1783568755\n|move|p2a: Pachirisu|Thunderbolt|p1a: Empoleon\n|-supereffective|p1a: Empoleon\n|-damage|p1a: Empoleon|0 fnt\n|faint|p1a: Empoleon\n|\n|win|p0y2478312b", "uploadtime": 1783568755, "views": 0, "rating": 0, "private": 0, "password": null, "_winner": "p0y2478312b", "_our_name": "p0y2478312b"}