{"id": "battle-gen9randombattle-1084", "formatid": "gen9randombattle", "format": "[Gen 9] Random Battle", "players": ["p0x1084874d", "p0y108449dd"], "log": "|init|battle\n|title|p0x1084874d vs. p0y108449dd\n|j|\u2606p0x1084874d\n|j|\u2606p0y108449dd\n|t:|1783552519\n|gametype|singles\n|player|p1|p0x1084874d|101|\n|player|p2|p0y108449dd|266|\n|gen|9\n|tier|[Gen 9] Random Battle\n|rule|Species Clause: Limit one of each Pok\u00e9mon\n|rule|HP Percentage Mod: HP is shown in percentages\n|rule|Sleep Clause Mod: Limit one foe put to sleep\n|rule|Illusion Level Mod: Illusion disguises the Pok\u00e9mon's true level\n|\n|t:|1783552519\n|teamsize|p1|6\n|teamsize|p2|6\n|start\n|switch|p1a: Torterra|Torterra, L78, F|276/276\n|switch|p2a: Roaring Moon|Roaring Moon, L72|100/100\n|turn|1\n|inactive|Battle timer is ON: inactive players will automatically lose when time's up. (requested by p0x1084874d)\n|inactive|p0y108449dd also wants the timer to be on.\n|\n|t:|1783552521\n|move|p2a: Roaring Moon|Outrage|p1a: Torterra\n|-damage|p1a: Torterra|167/276\n|move|p1a: Torterra|Shell Smash|p1a: Torterra\n|-unboost|p1a: Torterra|def|1\n|-unboost|p1a: Torterra|spd|1\n|-boost|p1a: Torterra|atk|2\n|-boost|p1a: Torterra|spa|2\n|-boost|p1a: Torterra|spe|2\n|\n|upkeep\n|turn|2\n|inactive|Time left: 300 sec this turn | 300 sec total\n|\n|t:|1783552522\n|move|p1a: Torterra|Headlong Rush|p2a: Roaring Moon\n|-damage|p2a: Roaring Moon|0 fnt\n|-unboost|p1a: Torterra|def|1\n|-unboost|p1a: Torterra|spd|1\n|faint|p2a: Roaring Moon\n|-end|p2a: Roaring Moon|Protosynthesis|[silent]\n|\n|upkeep\n|\n|t:|1783552523\n|switch|p2a: Banette|Banette, L93, F|100/100\n|turn|3\n|inactive|Time left: 300 sec this turn | 300 sec total\n|\n|t:|1783552524\n|-terastallize|p2a: Banette|Ghost\n|move|p2a: Banette|Shadow Sneak|p1a: Torterra\n|-damage|p1a: Torterra|0 fnt\n|faint|p1a: Torterra\n|-damage|p2a: Banette|90/100|[from] item: Life Orb\n|\n|upkeep\n|inactive|Time left: 300 sec this turn | 300 sec total | 5 sec grace\n|\n|t:|1783552525\n|switch|p1a: Sudowoodo|Sudowoodo, L94, M|284/284\n|turn|4\n|inactive|Time left: 300 sec this turn | 300 sec total\n|\n|t:|1783552526\n|move|p2a: Banette|Poltergeist|p1a: Sudowoodo\n|-activate|p1a: Sudowoodo|move: Poltergeist|Choice Band\n|-damage|p1a: Sudowoodo|92/284\n|-damage|p2a: Banette|80/100|[from] item: Life Orb\n|move|p1a: Sudowoodo|Head Smash|p2a: Banette\n|-damage|p2a: Banette|0 fnt\n|faint|p2a: Banette\n|\n|upkeep\n|\n|t:|1783552527\n|switch|p2a: Malamar|Malamar, L82, M|100/100\n|turn|5\n|inactive|Time left: 300 sec this turn | 300 sec total\n|\n|t:|1783552527\n|switch|p1a: Spidops|Spidops, L96, M|271/271\n|move|p2a: Malamar|Superpower|p1a: Spidops\n|-resisted|p1a: Spidops\n|-damage|p1a: Spidops|238/271\n|-boost|p2a: Malamar|atk|1\n|-boost|p2a: Malamar|def|1\n|\n|upkeep\n|turn|6\n|inactive|Time left: 300 sec this turn | 300 sec total\n|\n|t:|1783552528\n|move|p2a: Malamar|Knock Off|p1a: Spidops\n|-damage|p1a: Spidops|111/271\n|-enditem|p1a: Spidops|Heavy-Duty Boots|[from] move: Knock Off|[of] p2a: Malamar\n|move|p1a: Spidops|Circle Throw|p2a: Malamar\n|-damage|p2a: Malamar|89/100\n|drag|p2a: Phione|Phione, L91|100/100\n|\n|upkeep\n|turn|7\n|inactive|Time left: 300 sec this turn | 300 sec total\n|\n|t:|1783552529\n|move|p2a: Phione|Scald|p1a: Spidops\n|-damage|p1a: Spidops|30/271\n|move|p1a: Spidops|Sticky Web|p2a: Phione\n|-sidestart|p2: p0y108449dd|move: Sticky Web\n|\n|upkeep\n|turn|8\n|inactive|Time left: 300 sec this turn | 300 sec total\n|\n|t:|1783552530\n|move|p2a: Phione|Scald|p1a: Spidops\n|-crit|p1a: Spidops\n|-damage|p1a: Spidops|0 fnt\n|faint|p1a: Spidops\n|\n|upkeep\n|inactive|Time left: 300 sec this turn | 300 sec total | 5 sec grace\n|\n|t:|1783552531\n|switch|p1a: Gastrodon|Gastrodon, L86, M|331/331\n|turn|9\n|inactive|Time left: 300 sec this turn | 300 sec total\n|\n|t:|1783552531\n|switch|p2a: Malamar|Malamar, L82, M|89/100\n|-activate|p2a: Malamar|move: Sticky Web\n|-boost|p2a: Malamar|spe|1\n|move|p1a: Gastrodon|Sludge Bomb|p2a: Malamar\n|-crit|p2a: Malamar\n|-damage|p2a: Malamar|48/100\n|\n|-heal|p2a: Malamar|54/100|[from] item: Leftovers\n|upkeep\n|turn|10\n|inactive|Time left: 300 sec this turn | 300 sec total\n|\n|t:|1783552532\n|move|p2a: Malamar|Superpower|p1a: Gastrodon\n|-damage|p1a: Gastrodon|235/331\n|-boost|p2a: Malamar|atk|1\n|-boost|p2a: Malamar|def|1\n|move|p1a: Gastrodon|Surf|p2a: Malamar\n|-damage|p2a: Malamar|17/100\n|\n|-heal|p2a: Malamar|23/100|[from] item: Leftovers\n|-heal|p1a: Gastrodon|255/331|[from] item: Leftovers\n|upkeep\n|turn|11\n|inactive|Time left: 300 sec this turn | 300 sec total\n|\n|t:|1783552533\n|move|p2a: Malamar|Rest|p2a: Malamar\n|-status|p2a: Malamar|slp|[from] move: Rest\n|-heal|p2a: Malamar|100/100 slp|[silent]\n|move|p1a: Gastrodon|Surf|p2a: Malamar\n|-damage|p2a: Malamar|61/100 slp\n|\n|-heal|p2a: Malamar|67/100 slp|[from] item: Leftovers\n|-heal|p1a: Gastrodon|275/331|[from] item: Leftovers\n|upkeep\n|turn|12\n|inactive|Time left: 300 sec this turn | 300 sec total\n|\n|t:|1783552534\n|-terastallize|p1a: Gastrodon|Poison\n|cant|p2a: Malamar|slp\n|move|p2a: Malamar|Sleep Talk|p2a: Malamar\n|move|p2a: Malamar|Knock Off|p1a: Gastrodon|[from] move: Sleep Talk\n|-damage|p1a: Gastrodon|119/331\n|-enditem|p1a: Gastrodon|Leftovers|[from] move: Knock Off|[of] p2a: Malamar\n|move|p1a: Gastrodon|Surf|p2a: Malamar\n|-damage|p2a: Malamar|26/100 slp\n|\n|-heal|p2a: Malamar|32/100 slp|[from] item: Leftovers\n|upkeep\n|turn|13\n|inactive|Time left: 300 sec this turn | 300 sec total\n|\n|t:|1783552535\n|cant|p2a: Malamar|slp\n|move|p2a: Malamar|Sleep Talk|p2a: Malamar\n|move|p2a: Malamar|Rest||[from] move: Sleep Talk|[still]\n|-fail|p2a: Malamar\n|move|p1a: Gastrodon|Sludge Bomb|p2a: Malamar\n|-damage|p2a: Malamar|0 fnt\n|faint|p2a: Malamar\n|\n|upkeep\n|\n|t:|1783552536\n|switch|p2a: Maushold|Maushold, L76|100/100\n|-activate|p2a: Maushold|move: Sticky Web\n|-unboost|p2a: Maushold|spe|1\n|turn|14\n|inactive|Time left: 300 sec this turn | 300 sec total\n|\n|t:|1783552537\n|move|p2a: Maushold|Tidy Up|p2a: Maushold\n|-sideend|p2: p0y108449dd|Sticky Web\n|-activate|p2a: Maushold|move: Tidy Up\n|-boost|p2a: Maushold|atk|1\n|-boost|p2a: Maushold|spe|1\n|move|p1a: Gastrodon|Earthquake|p2a: Maushold\n|-damage|p2a: Maushold|50/100\n|\n|upkeep\n|turn|15\n|inactive|Time left: 300 sec this turn | 300 sec total\n|\n|t:|1783552538\n|move|p2a: Maushold|Population Bomb|p1a: Gastrodon\n|-damage|p1a: Gastrodon|82/331\n|-damage|p1a: Gastrodon|43/331\n|-damage|p1a: Gastrodon|0 fnt\n|faint|p1a: Gastrodon\n|-hitcount|p1: Gastrodon|3\n|\n|upkeep\n|inactive|Time left: 300 sec this turn | 300 sec total | 5 sec grace\n|\n|t:|1783552539\n|switch|p1a: Sudowoodo|Sudowoodo, L94, M|92/284\n|turn|16\n|inactive|Time left: 300 sec this turn | 300 sec total\n|\n|t:|1783552540\n|move|p1a: Sudowoodo|Sucker Punch|p2a: Maushold\n|-damage|p2a: Maushold|0 fnt\n|faint|p2a: Maushold\n|\n|upkeep\n|\n|t:|1783552541\n|switch|p2a: Gholdengo|Gholdengo, L77|100/100\n|turn|17\n|inactive|Time left: 300 sec this turn | 300 sec total\n|\n|t:|1783552542\n|switch|p1a: Swalot|Swalot, L90, F|326/326\n|move|p2a: Gholdengo|Nasty Plot|p2a: Gholdengo\n|-boost|p2a: Gholdengo|spa|2\n|\n|upkeep\n|turn|18\n|inactive|Time left: 300 sec this turn | 300 sec total\n|\n|t:|1783552543\n|move|p2a: Gholdengo|Shadow Ball|p1a: Swalot\n|-damage|p1a: Swalot|143/326\n|move|p1a: Swalot|Knock Off|p2a: Gholdengo\n|-supereffective|p2a: Gholdengo\n|-damage|p2a: Gholdengo|51/100\n|-enditem|p2a: Gholdengo|Leftovers|[from] move: Knock Off|[of] p1a: Swalot\n|\n|-heal|p1a: Swalot|163/326|[from] item: Leftovers\n|upkeep\n|turn|19\n|inactive|Time left: 300 sec this turn | 300 sec total\n|\n|t:|1783552544\n|move|p2a: Gholdengo|Shadow Ball|p1a: Swalot\n|-damage|p1a: Swalot|0 fnt\n|faint|p1a: Swalot\n|\n|upkeep\n|inactive|Time left: 300 sec this turn | 300 sec total | 5 sec grace\n|\n|t:|1783552545\n|switch|p1a: Sudowoodo|Sudowoodo, L94, M|92/284\n|turn|20\n|inactive|Time left: 300 sec this turn | 300 sec total\n|\n|t:|1783552547\n|move|p1a: Sudowoodo|Sucker Punch||[still]\n|-fail|p1a: Sudowoodo\n|move|p2a: Gholdengo|Recover|p2a: Gholdengo\n|-heal|p2a: Gholdengo|100/100\n|\n|upkeep\n|turn|21\n|inactive|Time left: 300 sec this turn | 300 sec total\n|\n|t:|1783552548\n|move|p1a: Sudowoodo|Sucker Punch||[still]\n|-fail|p1a: Sudowoodo\n|move|p2a: Gholdengo|Nasty Plot|p2a: Gholdengo\n|-boost|p2a: Gholdengo|spa|2\n|\n|upkeep\n|turn|22\n|inactive|Time left: 300 sec this turn | 300 sec total\n|\n|t:|1783552549\n|move|p1a: Sudowoodo|Sucker Punch|p2a: Gholdengo\n|-supereffective|p2a: Gholdengo\n|-damage|p2a: Gholdengo|25/100\n|move|p2a: Gholdengo|Shadow Ball|p1a: Sudowoodo\n|-damage|p1a: Sudowoodo|0 fnt\n|faint|p1a: Sudowoodo\n|\n|upkeep\n|inactive|Time left: 300 sec this turn | 300 sec total | 5 sec grace\n|\n|t:|1783552550\n|switch|p1a: Regice|Regice, L88|284/284\n|turn|23\n|inactive|Time left: 300 sec this turn | 300 sec total\n|\n|t:|1783552551\n|move|p2a: Gholdengo|Make It Rain|p1a: Regice\n|-supereffective|p1a: Regice\n|-damage|p1a: Regice|0 fnt\n|-unboost|p2a: Gholdengo|spa|1\n|faint|p1a: Regice\n|\n|win|p0y108449dd", "uploadtime": 1783552551, "views": 0, "rating": 0, "private": 0, "password": null, "_winner": "p0y108449dd", "_our_name": "p0x1084874d"}