{"id": "battle-gen9randombattle-168", "formatid": "gen9randombattle", "format": "[Gen 9] Random Battle", "players": ["p0x168050a", "p0y168b3a4"], "log": "|init|battle\n|title|p0x168050a vs. p0y168b3a4\n|j|\u2606p0x168050a\n|j|\u2606p0y168b3a4\n|t:|1783541529\n|gametype|singles\n|player|p1|p0x168050a|1|\n|player|p2|p0y168b3a4|1|\n|gen|9\n|tier|[Gen 9] Random Battle\n|rule|Species Clause: Limit one of each Pok\u00e9mon\n|rule|HP Percentage Mod: HP is shown in percentages\n|rule|Sleep Clause Mod: Limit one foe put to sleep\n|rule|Illusion Level Mod: Illusion disguises the Pok\u00e9mon's true level\n|\n|t:|1783541529\n|teamsize|p1|6\n|teamsize|p2|6\n|start\n|switch|p1a: Lilligant|Lilligant-Hisui, L79, F|240/240\n|switch|p2a: Raichu|Raichu-Alola, L87, M|100/100\n|turn|1\n|inactive|Battle timer is ON: inactive players will automatically lose when time's up. (requested by p0y168b3a4)\n|inactive|Time left: 300 sec this turn | 300 sec total | 60 sec grace\n|inactive|p0x168050a also wants the timer to be on.\n|\n|t:|1783541531\n|switch|p1a: Komala|Komala, L87, F|255/255\n|-ability|p1a: Komala|Comatose\n|move|p2a: Raichu|Psychic|p1a: Komala\n|-damage|p1a: Komala|170/255\n|\n|upkeep\n|turn|2\n|inactive|Time left: 300 sec this turn | 300 sec total\n|\n|t:|1783541532\n|move|p2a: Raichu|Psychic|p1a: Komala\n|-damage|p1a: Komala|77/255\n|move|p1a: Komala|Knock Off|p2a: Raichu\n|-supereffective|p2a: Raichu\n|-damage|p2a: Raichu|0 fnt\n|-enditem|p2a: Raichu|Choice Specs|[from] move: Knock Off|[of] p1a: Komala\n|faint|p2a: Raichu\n|\n|upkeep\n|\n|t:|1783541533\n|switch|p2a: Iron Bundle|Iron Bundle, L78|100/100\n|turn|3\n|inactive|Time left: 300 sec this turn | 300 sec total\n|\n|t:|1783541535\n|move|p2a: Iron Bundle|Ice Beam|p1a: Komala\n|-damage|p1a: Komala|0 fnt\n|faint|p1a: Komala\n|\n|upkeep\n|inactive|Time left: 300 sec this turn | 300 sec total | 5 sec grace\n|\n|t:|1783541536\n|switch|p1a: Entei|Entei, L78|307/307\n|turn|4\n|inactive|Time left: 300 sec this turn | 300 sec total\n|\n|t:|1783541537\n|move|p2a: Iron Bundle|Ice Beam|p1a: Entei\n|-resisted|p1a: Entei\n|-crit|p1a: Entei\n|-damage|p1a: Entei|163/307\n|move|p1a: Entei|Sacred Fire|p2a: Iron Bundle\n|-damage|p2a: Iron Bundle|40/100\n|-status|p2a: Iron Bundle|brn\n|\n|-damage|p2a: Iron Bundle|34/100 brn|[from] brn\n|upkeep\n|turn|5\n|inactive|Time left: 300 sec this turn | 300 sec total\n|\n|t:|1783541538\n|move|p2a: Iron Bundle|Ice Beam|p1a: Entei\n|-resisted|p1a: Entei\n|-damage|p1a: Entei|69/307\n|move|p1a: Entei|Sacred Fire|p2a: Iron Bundle\n|-damage|p2a: Iron Bundle|0 fnt\n|faint|p2a: Iron Bundle\n|-end|p2a: Iron Bundle|Quark Drive|[silent]\n|\n|upkeep\n|\n|t:|1783541540\n|switch|p2a: Oricorio|Oricorio, L84, F|100/100\n|turn|6\n|inactive|Time left: 300 sec this turn | 300 sec total\n|\n|t:|1783541541\n|move|p2a: Oricorio|Quiver Dance|p2a: Oricorio\n|-boost|p2a: Oricorio|spa|1\n|-boost|p2a: Oricorio|spd|1\n|-boost|p2a: Oricorio|spe|1\n|move|p1a: Entei|Sacred Fire|p2a: Oricorio\n|-resisted|p2a: Oricorio\n|-damage|p2a: Oricorio|64/100\n|\n|upkeep\n|turn|7\n|inactive|Time left: 300 sec this turn | 300 sec total\n|\n|t:|1783541542\n|move|p2a: Oricorio|Revelation Dance|p1a: Entei\n|-resisted|p1a: Entei\n|-damage|p1a: Entei|0 fnt\n|faint|p1a: Entei\n|\n|upkeep\n|inactive|Time left: 300 sec this turn | 300 sec total | 5 sec grace\n|\n|t:|1783541543\n|switch|p1a: Floatzel|Floatzel, L86, F|286/286\n|turn|8\n|inactive|Time left: 300 sec this turn | 300 sec total\n|\n|t:|1783541544\n|move|p2a: Oricorio|Hurricane|p1a: Floatzel\n|-damage|p1a: Floatzel|15/286\n|-start|p1a: Floatzel|confusion\n|-activate|p1a: Floatzel|confusion\n|-damage|p1a: Floatzel|0 fnt|[from] confusion\n|faint|p1a: Floatzel\n|\n|upkeep\n|inactive|Time left: 300 sec this turn | 300 sec total | 5 sec grace\n|\n|t:|1783541545\n|switch|p1a: Toucannon|Toucannon, L88, M|284/284\n|turn|9\n|inactive|Time left: 300 sec this turn | 300 sec total\n|\n|t:|1783541546\n|-singleturn|p1a: Toucannon|move: Beak Blast\n|move|p2a: Oricorio|Revelation Dance|p1a: Toucannon\n|-damage|p1a: Toucannon|119/284\n|move|p1a: Toucannon|Beak Blast|p2a: Oricorio\n|-damage|p2a: Oricorio|0 fnt\n|faint|p2a: Oricorio\n|\n|upkeep\n|\n|t:|1783541547\n|switch|p2a: Scovillain|Scovillain, L91, F|100/100\n|turn|10\n|inactive|Time left: 300 sec this turn | 300 sec total\n|\n|t:|1783541548\n|switch|p1a: Arcanine|Arcanine, L84, F|288/288\n|-ability|p1a: Arcanine|Intimidate|boost\n|-unboost|p2a: Scovillain|atk|1\n|move|p2a: Scovillain|Fire Blast|p1a: Arcanine\n|-resisted|p1a: Arcanine\n|-damage|p1a: Arcanine|213/288\n|\n|upkeep\n|turn|11\n|inactive|Time left: 300 sec this turn | 300 sec total\n|\n|t:|1783541549\n|switch|p2a: Wigglytuff|Wigglytuff, L96, M|100/100\n|move|p1a: Arcanine|Flare Blitz|p2a: Wigglytuff\n|-damage|p2a: Wigglytuff|53/100\n|-damage|p1a: Arcanine|147/288|[from] Recoil\n|\n|-heal|p2a: Wigglytuff|59/100|[from] item: Leftovers\n|upkeep\n|turn|12\n|inactive|Time left: 300 sec this turn | 300 sec total\n|\n|t:|1783541550\n|move|p1a: Arcanine|Morning Sun|p1a: Arcanine\n|-heal|p1a: Arcanine|288/288\n|move|p2a: Wigglytuff|Knock Off|p1a: Arcanine\n|-damage|p1a: Arcanine|207/288\n|-enditem|p1a: Arcanine|Heavy-Duty Boots|[from] move: Knock Off|[of] p2a: Wigglytuff\n|\n|-heal|p2a: Wigglytuff|65/100|[from] item: Leftovers\n|upkeep\n|turn|13\n|inactive|Time left: 300 sec this turn | 300 sec total\n|\n|t:|1783541551\n|move|p2a: Wigglytuff|Protect|p2a: Wigglytuff\n|-singleturn|p2a: Wigglytuff|Protect\n|move|p1a: Arcanine|Flare Blitz|p2a: Wigglytuff\n|-activate|p2a: Wigglytuff|move: Protect\n|\n|-heal|p2a: Wigglytuff|71/100|[from] item: Leftovers\n|upkeep\n|turn|14\n|inactive|Time left: 300 sec this turn | 300 sec total\n|\n|t:|1783541552\n|move|p1a: Arcanine|Flare Blitz|p2a: Wigglytuff\n|-damage|p2a: Wigglytuff|27/100\n|-damage|p1a: Arcanine|144/288|[from] Recoil\n|move|p2a: Wigglytuff|Wish|p2a: Wigglytuff\n|\n|-heal|p2a: Wigglytuff|33/100|[from] item: Leftovers\n|upkeep\n|turn|15\n|inactive|Time left: 300 sec this turn | 300 sec total\n|\n|t:|1783541553\n|move|p2a: Wigglytuff|Protect|p2a: Wigglytuff\n|-singleturn|p2a: Wigglytuff|Protect\n|move|p1a: Arcanine|Flare Blitz|p2a: Wigglytuff\n|-activate|p2a: Wigglytuff|move: Protect\n|\n|-heal|p2a: Wigglytuff|83/100|[from] move: Wish|[wisher] Wigglytuff\n|-heal|p2a: Wigglytuff|89/100|[from] item: Leftovers\n|upkeep\n|turn|16\n|inactive|Time left: 300 sec this turn | 300 sec total\n|\n|t:|1783541554\n|move|p1a: Arcanine|Morning Sun|p1a: Arcanine\n|-heal|p1a: Arcanine|288/288\n|move|p2a: Wigglytuff|Dazzling Gleam|p1a: Arcanine\n|-resisted|p1a: Arcanine\n|-damage|p1a: Arcanine|237/288\n|\n|-heal|p2a: Wigglytuff|95/100|[from] item: Leftovers\n|upkeep\n|turn|17\n|inactive|Time left: 300 sec this turn | 300 sec total\n|\n|t:|1783541555\n|move|p1a: Arcanine|Flare Blitz|p2a: Wigglytuff\n|-crit|p2a: Wigglytuff\n|-damage|p2a: Wigglytuff|31/100\n|-damage|p1a: Arcanine|148/288|[from] Recoil\n|move|p2a: Wigglytuff|Dazzling Gleam|p1a: Arcanine\n|-resisted|p1a: Arcanine\n|-damage|p1a: Arcanine|93/288\n|\n|-heal|p2a: Wigglytuff|38/100|[from] item: Leftovers\n|upkeep\n|turn|18\n|inactive|Time left: 300 sec this turn | 300 sec total\n|\n|t:|1783541556\n|move|p2a: Wigglytuff|Protect|p2a: Wigglytuff\n|-singleturn|p2a: Wigglytuff|Protect\n|move|p1a: Arcanine|Morning Sun|p1a: Arcanine\n|-heal|p1a: Arcanine|237/288\n|\n|-heal|p2a: Wigglytuff|44/100|[from] item: Leftovers\n|upkeep\n|turn|19\n|inactive|Time left: 300 sec this turn | 300 sec total\n|\n|t:|1783541557\n|move|p2a: Wigglytuff|Protect||[still]\n|-fail|p2a: Wigglytuff\n|move|p1a: Arcanine|Flare Blitz|p2a: Wigglytuff\n|-damage|p2a: Wigglytuff|1/100\n|-damage|p1a: Arcanine|177/288|[from] Recoil\n|\n|-heal|p2a: Wigglytuff|7/100|[from] item: Leftovers\n|upkeep\n|turn|20\n|inactive|Time left: 300 sec this turn | 300 sec total\n|\n|t:|1783541558\n|switch|p2a: Muk|Muk, L86, M|100/100\n|move|p1a: Arcanine|Flare Blitz|p2a: Muk\n|-damage|p2a: Muk|51/100\n|-damage|p1a: Arcanine|124/288|[from] Recoil\n|\n|upkeep\n|turn|21\n|inactive|Time left: 300 sec this turn | 300 sec total\n|\n|t:|1783541559\n|move|p1a: Arcanine|Flare Blitz|p2a: Muk\n|-damage|p2a: Muk|0 fnt\n|faint|p2a: Muk\n|-damage|p1a: Arcanine|71/288|[from] Recoil\n|\n|upkeep\n|\n|t:|1783541559\n|switch|p2a: Scovillain|Scovillain, L91, F|100/100\n|turn|22\n|inactive|Time left: 300 sec this turn | 300 sec total\n|\n|t:|1783541560\n|move|p1a: Arcanine|Flare Blitz|p2a: Scovillain\n|-damage|p2a: Scovillain|35/100\n|-damage|p1a: Arcanine|13/288|[from] Recoil\n|move|p2a: Scovillain|Stomping Tantrum|p1a: Arcanine\n|-supereffective|p1a: Arcanine\n|-damage|p1a: Arcanine|0 fnt\n|faint|p1a: Arcanine\n|\n|upkeep\n|inactive|Time left: 300 sec this turn | 300 sec total | 5 sec grace\n|\n|t:|1783541561\n|switch|p1a: Lilligant|Lilligant-Hisui, L79, F|240/240\n|turn|23\n|inactive|Time left: 300 sec this turn | 300 sec total\n|\n|t:|1783541563\n|move|p1a: Lilligant|Close Combat|p2a: Scovillain\n|-crit|p2a: Scovillain\n|-damage|p2a: Scovillain|0 fnt\n|-unboost|p1a: Lilligant|def|1\n|-unboost|p1a: Lilligant|spd|1\n|faint|p2a: Scovillain\n|\n|upkeep\n|\n|t:|1783541563\n|switch|p2a: Wigglytuff|Wigglytuff, L96, M|7/100\n|turn|24\n|inactive|Time left: 300 sec this turn | 300 sec total\n|\n|t:|1783541564\n|-terastallize|p2a: Wigglytuff|Poison\n|move|p2a: Wigglytuff|Protect|p2a: Wigglytuff\n|-singleturn|p2a: Wigglytuff|Protect\n|move|p1a: Lilligant|Leaf Blade|p2a: Wigglytuff\n|-activate|p2a: Wigglytuff|move: Protect\n|\n|-heal|p2a: Wigglytuff|13/100|[from] item: Leftovers\n|upkeep\n|turn|25\n|inactive|Time left: 300 sec this turn | 300 sec total\n|\n|t:|1783541565\n|move|p1a: Lilligant|Leaf Blade|p2a: Wigglytuff\n|-resisted|p2a: Wigglytuff\n|-damage|p2a: Wigglytuff|0 fnt\n|faint|p2a: Wigglytuff\n|\n|win|p0x168050a", "uploadtime": 1783541565, "views": 0, "rating": 0, "private": 0, "password": null, "_winner": "p0x168050a", "_our_name": "p0x168050a"}