{"id": "battle-gen9randombattle-373", "formatid": "gen9randombattle", "format": "[Gen 9] Random Battle", "players": ["p0x373ed80", "p0y37393a8"], "log": "|init|battle\n|title|p0x373ed80 vs. p0y37393a8\n|j|\u2606p0x373ed80\n|j|\u2606p0y37393a8\n|t:|1783543433\n|gametype|singles\n|player|p1|p0x373ed80|265|\n|player|p2|p0y37393a8|265|\n|gen|9\n|tier|[Gen 9] Random Battle\n|rule|Species Clause: Limit one of each Pok\u00e9mon\n|rule|HP Percentage Mod: HP is shown in percentages\n|rule|Sleep Clause Mod: Limit one foe put to sleep\n|rule|Illusion Level Mod: Illusion disguises the Pok\u00e9mon's true level\n|\n|t:|1783543433\n|teamsize|p1|6\n|teamsize|p2|6\n|start\n|switch|p1a: Oricorio|Oricorio-Pom-Pom, L82, M|257/257\n|switch|p2a: Muk|Muk-Alola, L82, M|100/100\n|turn|1\n|inactive|Battle timer is ON: inactive players will automatically lose when time's up. (requested by p0x373ed80)\n|inactive|p0y37393a8 also wants the timer to be on.\n|\n|t:|1783543435\n|move|p1a: Oricorio|Quiver Dance|p1a: Oricorio\n|-boost|p1a: Oricorio|spa|1\n|-boost|p1a: Oricorio|spd|1\n|-boost|p1a: Oricorio|spe|1\n|move|p2a: Muk|Ice Punch|p1a: Oricorio\n|-supereffective|p1a: Oricorio\n|-damage|p1a: Oricorio|125/257\n|\n|upkeep\n|turn|2\n|inactive|Time left: 300 sec this turn | 300 sec total\n|\n|t:|1783543436\n|move|p1a: Oricorio|Roost|p1a: Oricorio\n|-heal|p1a: Oricorio|254/257\n|-singleturn|p1a: Oricorio|move: Roost\n|move|p2a: Muk|Knock Off|p1a: Oricorio\n|-damage|p1a: Oricorio|139/257\n|-enditem|p1a: Oricorio|Heavy-Duty Boots|[from] move: Knock Off|[of] p2a: Muk\n|\n|upkeep\n|turn|3\n|inactive|Time left: 300 sec this turn | 300 sec total\n|\n|t:|1783543437\n|move|p1a: Oricorio|Roost|p1a: Oricorio\n|-heal|p1a: Oricorio|257/257\n|-singleturn|p1a: Oricorio|move: Roost\n|move|p2a: Muk|Gunk Shot|p1a: Oricorio\n|-damage|p1a: Oricorio|112/257\n|-status|p1a: Oricorio|psn\n|\n|-damage|p1a: Oricorio|80/257 psn|[from] psn\n|upkeep\n|turn|4\n|inactive|Time left: 300 sec this turn | 300 sec total\n|\n|t:|1783543438\n|move|p1a: Oricorio|Roost|p1a: Oricorio\n|-heal|p1a: Oricorio|209/257 psn\n|-singleturn|p1a: Oricorio|move: Roost\n|move|p2a: Muk|Knock Off|p1a: Oricorio\n|-damage|p1a: Oricorio|122/257 psn\n|\n|-damage|p1a: Oricorio|90/257 psn|[from] psn\n|upkeep\n|turn|5\n|inactive|Time left: 300 sec this turn | 300 sec total\n|\n|t:|1783543439\n|move|p1a: Oricorio|Roost|p1a: Oricorio\n|-heal|p1a: Oricorio|219/257 psn\n|-singleturn|p1a: Oricorio|move: Roost\n|move|p2a: Muk|Knock Off|p1a: Oricorio\n|-damage|p1a: Oricorio|141/257 psn\n|\n|-damage|p1a: Oricorio|109/257 psn|[from] psn\n|upkeep\n|turn|6\n|inactive|Time left: 300 sec this turn | 300 sec total\n|\n|t:|1783543440\n|move|p1a: Oricorio|Roost|p1a: Oricorio\n|-heal|p1a: Oricorio|238/257 psn\n|-singleturn|p1a: Oricorio|move: Roost\n|move|p2a: Muk|Gunk Shot|p1a: Oricorio\n|-damage|p1a: Oricorio|91/257 psn\n|\n|-damage|p1a: Oricorio|59/257 psn|[from] psn\n|upkeep\n|turn|7\n|inactive|Time left: 300 sec this turn | 300 sec total\n|\n|t:|1783543441\n|move|p1a: Oricorio|Roost|p1a: Oricorio\n|-heal|p1a: Oricorio|188/257 psn\n|-singleturn|p1a: Oricorio|move: Roost\n|move|p2a: Muk|Ice Punch|p1a: Oricorio\n|-crit|p1a: Oricorio\n|-damage|p1a: Oricorio|96/257 psn\n|\n|-damage|p1a: Oricorio|64/257 psn|[from] psn\n|upkeep\n|turn|8\n|inactive|Time left: 300 sec this turn | 300 sec total\n|\n|t:|1783543442\n|move|p1a: Oricorio|Roost|p1a: Oricorio\n|-heal|p1a: Oricorio|193/257 psn\n|-singleturn|p1a: Oricorio|move: Roost\n|move|p2a: Muk|Knock Off|p1a: Oricorio\n|-damage|p1a: Oricorio|112/257 psn\n|\n|-damage|p1a: Oricorio|80/257 psn|[from] psn\n|upkeep\n|turn|9\n|inactive|Time left: 300 sec this turn | 300 sec total\n|\n|t:|1783543444\n|move|p1a: Oricorio|Roost|p1a: Oricorio\n|-heal|p1a: Oricorio|209/257 psn\n|-singleturn|p1a: Oricorio|move: Roost\n|move|p2a: Muk|Gunk Shot|p1a: Oricorio|[miss]\n|-miss|p2a: Muk|p1a: Oricorio\n|\n|-damage|p1a: Oricorio|177/257 psn|[from] psn\n|upkeep\n|turn|10\n|inactive|Time left: 300 sec this turn | 300 sec total\n|\n|t:|1783543445\n|move|p1a: Oricorio|Hurricane|p2a: Muk|[miss]\n|-miss|p1a: Oricorio|p2a: Muk\n|move|p2a: Muk|Ice Punch|p1a: Oricorio\n|-supereffective|p1a: Oricorio\n|-damage|p1a: Oricorio|57/257 psn\n|\n|-damage|p1a: Oricorio|25/257 psn|[from] psn\n|upkeep\n|turn|11\n|inactive|Time left: 300 sec this turn | 300 sec total\n|\n|t:|1783543446\n|switch|p2a: Luxray|Luxray, L88, F|100/100\n|move|p1a: Oricorio|Hurricane|p2a: Luxray\n|-resisted|p2a: Luxray\n|-damage|p2a: Luxray|70/100\n|\n|-damage|p1a: Oricorio|0 fnt|[from] psn\n|faint|p1a: Oricorio\n|-status|p2a: Luxray|brn|[from] item: Flame Orb\n|upkeep\n|inactive|Time left: 300 sec this turn | 300 sec total | 5 sec grace\n|\n|t:|1783543447\n|switch|p1a: Tyranitar|Tyranitar, L78, F|284/284\n|-weather|Sandstorm|[from] ability: Sand Stream|[of] p1a: Tyranitar\n|turn|12\n|inactive|Time left: 300 sec this turn | 300 sec total\n|\n|t:|1783543448\n|switch|p2a: Great Tusk|Great Tusk, L77|100/100\n|move|p1a: Tyranitar|Dragon Dance|p1a: Tyranitar\n|-boost|p1a: Tyranitar|atk|1\n|-boost|p1a: Tyranitar|spe|1\n|\n|-weather|Sandstorm|[upkeep]\n|upkeep\n|turn|13\n|inactive|Time left: 300 sec this turn | 300 sec total\n|\n|t:|1783543449\n|-terastallize|p1a: Tyranitar|Rock\n|move|p1a: Tyranitar|Earthquake|p2a: Great Tusk\n|-damage|p2a: Great Tusk|69/100\n|move|p2a: Great Tusk|Bulk Up|p2a: Great Tusk\n|-boost|p2a: Great Tusk|atk|1\n|-boost|p2a: Great Tusk|def|1\n|\n|-weather|Sandstorm|[upkeep]\n|-heal|p2a: Great Tusk|75/100|[from] item: Leftovers\n|upkeep\n|turn|14\n|inactive|Time left: 300 sec this turn | 300 sec total\n|\n|t:|1783543450\n|switch|p1a: Palkia|Palkia, L75|259/259\n|-ability|p1a: Palkia|Pressure\n|move|p2a: Great Tusk|Earthquake|p1a: Palkia\n|-damage|p1a: Palkia|79/259\n|\n|-weather|Sandstorm|[upkeep]\n|-damage|p1a: Palkia|63/259|[from] Sandstorm\n|-heal|p2a: Great Tusk|82/100|[from] item: Leftovers\n|upkeep\n|turn|15\n|inactive|Time left: 300 sec this turn | 300 sec total\n|\n|t:|1783543451\n|move|p1a: Palkia|Hydro Pump|p2a: Great Tusk\n|-supereffective|p2a: Great Tusk\n|-damage|p2a: Great Tusk|0 fnt\n|faint|p2a: Great Tusk\n|-end|p2a: Great Tusk|Protosynthesis|[silent]\n|\n|-weather|Sandstorm|[upkeep]\n|-damage|p1a: Palkia|47/259|[from] Sandstorm\n|upkeep\n|\n|t:|1783543452\n|switch|p2a: Sawsbuck|Sawsbuck-Autumn, L88, F|100/100\n|turn|16\n|inactive|Time left: 300 sec this turn | 300 sec total\n|\n|t:|1783543453\n|switch|p1a: Scizor|Scizor, L79, M|240/240\n|move|p2a: Sawsbuck|Swords Dance|p2a: Sawsbuck\n|-boost|p2a: Sawsbuck|atk|2\n|\n|-weather|none\n|upkeep\n|turn|17\n|inactive|Time left: 300 sec this turn | 300 sec total\n|\n|t:|1783543453\n|move|p2a: Sawsbuck|Headbutt|p1a: Scizor\n|-resisted|p1a: Scizor\n|-damage|p1a: Scizor|140/240\n|-damage|p2a: Sawsbuck|91/100|[from] item: Life Orb\n|move|p1a: Scizor|Close Combat|p2a: Sawsbuck\n|-supereffective|p2a: Sawsbuck\n|-damage|p2a: Sawsbuck|0 fnt\n|-unboost|p1a: Scizor|def|1\n|-unboost|p1a: Scizor|spd|1\n|faint|p2a: Sawsbuck\n|-damage|p1a: Scizor|116/240|[from] item: Life Orb\n|\n|upkeep\n|\n|t:|1783543454\n|switch|p2a: Luxray|Luxray, L88, F|70/100 brn\n|turn|18\n|inactive|Time left: 300 sec this turn | 300 sec total\n|\n|t:|1783543455\n|switch|p1a: Iron Treads|Iron Treads, L77|265/265\n|move|p2a: Luxray|Supercell Slam|p1a: Iron Treads\n|-immune|p1a: Iron Treads\n|-damage|p2a: Luxray|20/100 brn|[from] supercellslam\n|\n|-damage|p2a: Luxray|14/100 brn|[from] brn\n|upkeep\n|turn|19\n|inactive|Time left: 300 sec this turn | 300 sec total\n|\n|t:|1783543456\n|switch|p2a: Zarude|Zarude-Dada, L77|100/100\n|move|p1a: Iron Treads|Earthquake|p2a: Zarude\n|-resisted|p2a: Zarude\n|-damage|p2a: Zarude|84/100\n|\n|-heal|p2a: Zarude|90/100|[from] item: Leftovers\n|upkeep\n|turn|20\n|inactive|Time left: 300 sec this turn | 300 sec total\n|\n|t:|1783543456\n|move|p1a: Iron Treads|Iron Head|p2a: Zarude\n|-damage|p2a: Zarude|65/100\n|move|p2a: Zarude|Swords Dance|p2a: Zarude\n|-boost|p2a: Zarude|atk|2\n|\n|-heal|p2a: Zarude|71/100|[from] item: Leftovers\n|upkeep\n|turn|21\n|inactive|Time left: 300 sec this turn | 300 sec total\n|\n|t:|1783543457\n|move|p1a: Iron Treads|Iron Head|p2a: Zarude\n|-crit|p2a: Zarude\n|-damage|p2a: Zarude|32/100\n|move|p2a: Zarude|Knock Off|p1a: Iron Treads\n|-damage|p1a: Iron Treads|97/265\n|-enditem|p1a: Iron Treads|Assault Vest|[from] move: Knock Off|[of] p2a: Zarude\n|\n|-heal|p2a: Zarude|39/100|[from] item: Leftovers\n|upkeep\n|turn|22\n|inactive|Time left: 300 sec this turn | 300 sec total\n|\n|t:|1783543458\n|move|p1a: Iron Treads|Iron Head|p2a: Zarude\n|-damage|p2a: Zarude|12/100\n|move|p2a: Zarude|Synthesis|p2a: Zarude\n|-heal|p2a: Zarude|62/100\n|\n|-heal|p2a: Zarude|69/100|[from] item: Leftovers\n|upkeep\n|turn|23\n|inactive|Time left: 300 sec this turn | 300 sec total\n|\n|t:|1783543459\n|move|p1a: Iron Treads|Iron Head|p2a: Zarude\n|-damage|p2a: Zarude|44/100\n|move|p2a: Zarude|Knock Off|p1a: Iron Treads\n|-damage|p1a: Iron Treads|0 fnt\n|faint|p1a: Iron Treads\n|-end|p1a: Iron Treads|Quark Drive|[silent]\n|\n|-heal|p2a: Zarude|50/100|[from] item: Leftovers\n|upkeep\n|inactive|Time left: 300 sec this turn | 300 sec total | 5 sec grace\n|\n|t:|1783543460\n|switch|p1a: Palkia|Palkia, L75|47/259\n|-ability|p1a: Palkia|Pressure\n|turn|24\n|inactive|Time left: 300 sec this turn | 300 sec total\n|\n|t:|1783543461\n|move|p1a: Palkia|Draco Meteor|p2a: Zarude\n|-damage|p2a: Zarude|0 fnt\n|-unboost|p1a: Palkia|spa|2\n|faint|p2a: Zarude\n|\n|upkeep\n|\n|t:|1783543462\n|switch|p2a: Muk|Muk-Alola, L82, M|100/100\n|turn|25\n|inactive|Time left: 300 sec this turn | 300 sec total\n|\n|t:|1783543463\n|switch|p1a: Tyranitar|Tyranitar, L78, F, tera:Rock|284/284\n|-weather|Sandstorm|[from] ability: Sand Stream|[of] p1a: Tyranitar\n|move|p2a: Muk|Knock Off|p1a: Tyranitar\n|-crit|p1a: Tyranitar\n|-damage|p1a: Tyranitar|140/284\n|-enditem|p1a: Tyranitar|Weakness Policy|[from] move: Knock Off|[of] p2a: Muk\n|\n|-weather|Sandstorm|[upkeep]\n|-damage|p2a: Muk|94/100|[from] Sandstorm\n|upkeep\n|turn|26\n|inactive|Time left: 300 sec this turn | 300 sec total\n|\n|t:|1783543464\n|-terastallize|p2a: Muk|Fighting\n|move|p1a: Tyranitar|Earthquake|p2a: Muk\n|-damage|p2a: Muk|67/100\n|move|p2a: Muk|Drain Punch|p1a: Tyranitar\n|-supereffective|p1a: Tyranitar\n|-damage|p1a: Tyranitar|0 fnt\n|-heal|p2a: Muk|89/100|[from] drain|[of] p1a: Tyranitar\n|faint|p1a: Tyranitar\n|\n|-weather|Sandstorm|[upkeep]\n|-damage|p2a: Muk|83/100|[from] Sandstorm\n|upkeep\n|inactive|Time left: 300 sec this turn | 300 sec total | 5 sec grace\n|\n|t:|1783543465\n|switch|p1a: Malamar|Malamar, L82, M|275/275\n|turn|27\n|inactive|Time left: 300 sec this turn | 300 sec total\n|\n|t:|1783543466\n|move|p1a: Malamar|Superpower|p2a: Muk\n|-damage|p2a: Muk|52/100\n|-boost|p1a: Malamar|atk|1\n|-boost|p1a: Malamar|def|1\n|move|p2a: Muk|Knock Off|p1a: Malamar\n|-damage|p1a: Malamar|209/275\n|-status|p1a: Malamar|psn|[from] ability: Poison Touch|[of] p2a: Muk\n|-enditem|p1a: Malamar|Leftovers|[from] move: Knock Off|[of] p2a: Muk\n|\n|-weather|Sandstorm|[upkeep]\n|-damage|p1a: Malamar|192/275 psn|[from] Sandstorm\n|-damage|p2a: Muk|46/100|[from] Sandstorm\n|-damage|p1a: Malamar|158/275 psn|[from] psn\n|upkeep\n|turn|28\n|inactive|Time left: 300 sec this turn | 300 sec total\n|\n|t:|1783543467\n|move|p1a: Malamar|Superpower|p2a: Muk\n|-damage|p2a: Muk|6/100\n|-boost|p1a: Malamar|atk|1\n|-boost|p1a: Malamar|def|1\n|move|p2a: Muk|Knock Off|p1a: Malamar\n|-damage|p1a: Malamar|121/275 psn\n|\n|-weather|Sandstorm|[upkeep]\n|-damage|p1a: Malamar|104/275 psn|[from] Sandstorm\n|-damage|p2a: Muk|0 fnt|[from] Sandstorm\n|faint|p2a: Muk\n|-damage|p1a: Malamar|70/275 psn|[from] psn\n|upkeep\n|\n|t:|1783543468\n|switch|p2a: Zebstrika|Zebstrika, L87, F|100/100\n|turn|29\n|inactive|Time left: 300 sec this turn | 300 sec total\n|\n|t:|1783543469\n|move|p2a: Zebstrika|Supercell Slam|p1a: Malamar\n|-damage|p1a: Malamar|0 fnt\n|faint|p1a: Malamar\n|-damage|p2a: Zebstrika|91/100|[from] item: Life Orb\n|\n|-weather|none\n|upkeep\n|inactive|Time left: 300 sec this turn | 300 sec total | 5 sec grace\n|\n|t:|1783543470\n|switch|p1a: Palkia|Palkia, L75|47/259\n|-ability|p1a: Palkia|Pressure\n|turn|30\n|inactive|Time left: 300 sec this turn | 300 sec total\n|\n|t:|1783543471\n|move|p1a: Palkia|Hydro Pump|p2a: Zebstrika\n|-damage|p2a: Zebstrika|28/100\n|move|p2a: Zebstrika|High Horsepower|p1a: Palkia\n|-damage|p1a: Palkia|0 fnt\n|faint|p1a: Palkia\n|-damage|p2a: Zebstrika|18/100|[from] item: Life Orb\n|\n|upkeep\n|inactive|Time left: 300 sec this turn | 300 sec total | 5 sec grace\n|\n|t:|1783543472\n|switch|p1a: Scizor|Scizor, L79, M|116/240\n|turn|31\n|inactive|Time left: 300 sec this turn | 300 sec total\n|\n|t:|1783543473\n|move|p1a: Scizor|Bullet Punch|p2a: Zebstrika\n|-resisted|p2a: Zebstrika\n|-damage|p2a: Zebstrika|0 fnt\n|faint|p2a: Zebstrika\n|-damage|p1a: Scizor|92/240|[from] item: Life Orb\n|\n|upkeep\n|\n|t:|1783543474\n|switch|p2a: Luxray|Luxray, L88, F|14/100 brn\n|turn|32\n|inactive|Time left: 300 sec this turn | 300 sec total\n|\n|t:|1783543475\n|move|p1a: Scizor|Bullet Punch|p2a: Luxray\n|-resisted|p2a: Luxray\n|-damage|p2a: Luxray|0 fnt\n|faint|p2a: Luxray\n|-damage|p1a: Scizor|68/240|[from] item: Life Orb\n|\n|win|p0x373ed80", "uploadtime": 1783543475, "views": 0, "rating": 0, "private": 0, "password": null, "_winner": "p0x373ed80", "_our_name": "p0x373ed80"}