{"id": "battle-gen9randombattle-588", "formatid": "gen9randombattle", "format": "[Gen 9] Random Battle", "players": ["p0x588dc33", "p0y588cc1b"], "log": "|init|battle\n|title|p0x588dc33 vs. p0y588cc1b\n|j|\u2606p0x588dc33\n|j|\u2606p0y588cc1b\n|t:|1783546653\n|gametype|singles\n|player|p1|p0x588dc33|265|\n|player|p2|p0y588cc1b|2|\n|gen|9\n|tier|[Gen 9] Random Battle\n|rule|Species Clause: Limit one of each Pok\u00e9mon\n|rule|HP Percentage Mod: HP is shown in percentages\n|rule|Sleep Clause Mod: Limit one foe put to sleep\n|rule|Illusion Level Mod: Illusion disguises the Pok\u00e9mon's true level\n|\n|t:|1783546653\n|teamsize|p1|6\n|teamsize|p2|6\n|start\n|switch|p1a: Breloom|Breloom, L83, F|235/235\n|switch|p2a: Gardevoir|Gardevoir, L83, M|100/100\n|-ability|p2a: Gardevoir|Technician|Trace|[from] ability: Trace|[of] p1a: Breloom\n|turn|1\n|inactive|Battle timer is ON: inactive players will automatically lose when time's up. (requested by p0x588dc33)\n|inactive|p0y588cc1b also wants the timer to be on.\n|\n|t:|1783546654\n|switch|p1a: Coalossal|Coalossal, L89, M|341/341\n|move|p2a: Gardevoir|Moonblast|p1a: Coalossal\n|-resisted|p1a: Coalossal\n|-damage|p1a: Coalossal|254/341\n|-unboost|p1a: Coalossal|spa|1\n|\n|upkeep\n|turn|2\n|inactive|Time left: 300 sec this turn | 300 sec total\n|\n|t:|1783546655\n|move|p2a: Gardevoir|Moonblast|p1a: Coalossal\n|-resisted|p1a: Coalossal\n|-damage|p1a: Coalossal|171/341\n|move|p1a: Coalossal|Stealth Rock|p2a: Gardevoir\n|-sidestart|p2: p0y588cc1b|move: Stealth Rock\n|\n|upkeep\n|turn|3\n|inactive|Time left: 300 sec this turn | 300 sec total\n|\n|t:|1783546657\n|move|p2a: Gardevoir|Moonblast|p1a: Coalossal\n|-resisted|p1a: Coalossal\n|-damage|p1a: Coalossal|86/341\n|-unboost|p1a: Coalossal|spa|1\n|move|p1a: Coalossal|Stone Edge|p2a: Gardevoir\n|-damage|p2a: Gardevoir|47/100\n|\n|upkeep\n|turn|4\n|inactive|Time left: 300 sec this turn | 300 sec total\n|\n|t:|1783546658\n|move|p2a: Gardevoir|Moonblast|p1a: Coalossal\n|-resisted|p1a: Coalossal\n|-damage|p1a: Coalossal|0 fnt\n|faint|p1a: Coalossal\n|\n|upkeep\n|inactive|Time left: 300 sec this turn | 300 sec total | 5 sec grace\n|\n|t:|1783546659\n|switch|p1a: Spectrier|Spectrier, L75|274/274\n|turn|5\n|inactive|Time left: 300 sec this turn | 300 sec total\n|\n|t:|1783546661\n|-terastallize|p2a: Gardevoir|Fairy\n|move|p1a: Spectrier|Shadow Ball|p2a: Gardevoir\n|-damage|p2a: Gardevoir|7/100\n|-damage|p1a: Spectrier|247/274|[from] item: Life Orb\n|move|p2a: Gardevoir|Moonblast|p1a: Spectrier\n|-damage|p1a: Spectrier|0 fnt\n|faint|p1a: Spectrier\n|\n|upkeep\n|inactive|Time left: 300 sec this turn | 300 sec total | 5 sec grace\n|\n|t:|1783546662\n|switch|p1a: Breloom|Breloom, L83, F|235/235\n|turn|6\n|inactive|Time left: 300 sec this turn | 300 sec total\n|\n|t:|1783546663\n|move|p1a: Breloom|Mach Punch|p2a: Gardevoir\n|-resisted|p2a: Gardevoir\n|-damage|p2a: Gardevoir|0 fnt\n|faint|p2a: Gardevoir\n|-damage|p1a: Breloom|212/235|[from] item: Life Orb\n|\n|upkeep\n|\n|t:|1783546664\n|switch|p2a: Hitmontop|Hitmontop, L88, M|100/100\n|-damage|p2a: Hitmontop|94/100|[from] Stealth Rock\n|turn|7\n|inactive|Time left: 300 sec this turn | 300 sec total\n|\n|t:|1783546665\n|switch|p1a: Eiscue|Eiscue, L88, F|274/274\n|move|p2a: Hitmontop|Triple Axel|p1a: Eiscue\n|-activate|p1a: Eiscue|ability: Ice Face\n|-damage|p1a: Eiscue|274/274\n|detailschange|p1a: Eiscue|Eiscue-Noice, L88, F\n|-hitcount|p1a: Eiscue|1\n|\n|-heal|p2a: Hitmontop|100/100|[from] item: Leftovers\n|upkeep\n|turn|8\n|inactive|Time left: 300 sec this turn | 300 sec total\n|\n|t:|1783546666\n|switch|p1a: Rayquaza|Rayquaza, L72|270/270\n|-ability|p1a: Rayquaza|Air Lock\n|move|p2a: Hitmontop|Close Combat|p1a: Rayquaza\n|-resisted|p1a: Rayquaza\n|-damage|p1a: Rayquaza|189/270\n|-unboost|p2a: Hitmontop|def|1\n|-unboost|p2a: Hitmontop|spd|1\n|\n|upkeep\n|turn|9\n|inactive|Time left: 300 sec this turn | 300 sec total\n|\n|t:|1783546667\n|switch|p2a: Perrserker|Perrserker, L89, F|100/100\n|-damage|p2a: Perrserker|95/100|[from] Stealth Rock\n|move|p1a: Rayquaza|Dragon Ascent|p2a: Perrserker\n|-resisted|p2a: Perrserker\n|-damage|p2a: Perrserker|73/100\n|-unboost|p1a: Rayquaza|def|1\n|-unboost|p1a: Rayquaza|spd|1\n|\n|upkeep\n|turn|10\n|inactive|Time left: 300 sec this turn | 300 sec total\n|\n|t:|1783546668\n|switch|p1a: Walking Wake|Walking Wake, L79|286/286\n|move|p2a: Perrserker|Iron Head|p1a: Walking Wake\n|-resisted|p1a: Walking Wake\n|-damage|p1a: Walking Wake|203/286\n|-damage|p2a: Perrserker|63/100|[from] item: Life Orb\n|\n|upkeep\n|turn|11\n|inactive|Time left: 300 sec this turn | 300 sec total\n|\n|t:|1783546669\n|switch|p2a: Hitmontop|Hitmontop, L88, M|100/100\n|-damage|p2a: Hitmontop|94/100|[from] Stealth Rock\n|move|p1a: Walking Wake|Flamethrower|p2a: Hitmontop\n|-damage|p2a: Hitmontop|65/100\n|-damage|p1a: Walking Wake|175/286|[from] item: Life Orb\n|\n|-heal|p2a: Hitmontop|71/100|[from] item: Leftovers\n|upkeep\n|turn|12\n|inactive|Time left: 300 sec this turn | 300 sec total\n|\n|t:|1783546670\n|move|p1a: Walking Wake|Draco Meteor|p2a: Hitmontop\n|-damage|p2a: Hitmontop|5/100\n|-unboost|p1a: Walking Wake|spa|2\n|-damage|p1a: Walking Wake|147/286|[from] item: Life Orb\n|move|p2a: Hitmontop|Rapid Spin|p1a: Walking Wake\n|-damage|p1a: Walking Wake|87/286\n|-boost|p2a: Hitmontop|spe|1\n|-sideend|p2: p0y588cc1b|Stealth Rock|[from] move: Rapid Spin|[of] p2a: Hitmontop\n|\n|-heal|p2a: Hitmontop|11/100|[from] item: Leftovers\n|upkeep\n|turn|13\n|inactive|Time left: 300 sec this turn | 300 sec total\n|\n|t:|1783546671\n|move|p2a: Hitmontop|Close Combat|p1a: Walking Wake\n|-damage|p1a: Walking Wake|0 fnt\n|-unboost|p2a: Hitmontop|def|1\n|-unboost|p2a: Hitmontop|spd|1\n|faint|p1a: Walking Wake\n|-end|p1a: Walking Wake|Protosynthesis|[silent]\n|\n|-heal|p2a: Hitmontop|17/100|[from] item: Leftovers\n|upkeep\n|inactive|Time left: 300 sec this turn | 300 sec total | 5 sec grace\n|\n|t:|1783546672\n|switch|p1a: Eiscue|Eiscue-Noice, L88, F|274/274\n|turn|14\n|inactive|Time left: 300 sec this turn | 300 sec total\n|\n|t:|1783546673\n|move|p1a: Eiscue|Ice Spinner|p2a: Hitmontop\n|-damage|p2a: Hitmontop|0 fnt\n|faint|p2a: Hitmontop\n|\n|upkeep\n|\n|t:|1783546674\n|switch|p2a: Perrserker|Perrserker, L89, F|63/100\n|turn|15\n|inactive|Time left: 300 sec this turn | 300 sec total\n|\n|t:|1783546675\n|switch|p1a: Rayquaza|Rayquaza, L72|189/270\n|-ability|p1a: Rayquaza|Air Lock\n|move|p2a: Perrserker|Close Combat|p1a: Rayquaza\n|-resisted|p1a: Rayquaza\n|-damage|p1a: Rayquaza|85/270\n|-unboost|p2a: Perrserker|def|1\n|-unboost|p2a: Perrserker|spd|1\n|-damage|p2a: Perrserker|53/100|[from] item: Life Orb\n|\n|upkeep\n|turn|16\n|inactive|Time left: 300 sec this turn | 300 sec total\n|\n|t:|1783546676\n|switch|p2a: Jirachi|Jirachi, L80|100/100\n|move|p1a: Rayquaza|Earthquake|p2a: Jirachi\n|-supereffective|p2a: Jirachi\n|-damage|p2a: Jirachi|50/100\n|\n|upkeep\n|turn|17\n|inactive|Time left: 300 sec this turn | 300 sec total\n|\n|t:|1783546677\n|move|p2a: Jirachi|Iron Head|p1a: Rayquaza\n|-damage|p1a: Rayquaza|0 fnt\n|faint|p1a: Rayquaza\n|\n|upkeep\n|inactive|Time left: 300 sec this turn | 300 sec total | 5 sec grace\n|\n|t:|1783546678\n|switch|p1a: Eiscue|Eiscue-Noice, L88, F|274/274\n|turn|18\n|inactive|Time left: 300 sec this turn | 300 sec total\n|\n|t:|1783546679\n|-terastallize|p1a: Eiscue|Water\n|move|p1a: Eiscue|Belly Drum|p1a: Eiscue\n|-damage|p1a: Eiscue|137/274\n|-setboost|p1a: Eiscue|atk|6|[from] move: Belly Drum\n|-enditem|p1a: Eiscue|Sitrus Berry|[eat]\n|-heal|p1a: Eiscue|205/274|[from] item: Sitrus Berry\n|move|p2a: Jirachi|Body Slam|p1a: Eiscue\n|-damage|p1a: Eiscue|143/274\n|-status|p1a: Eiscue|par\n|\n|upkeep\n|turn|19\n|inactive|Time left: 300 sec this turn | 300 sec total\n|\n|t:|1783546680\n|move|p2a: Jirachi|Drain Punch|p1a: Eiscue\n|-damage|p1a: Eiscue|86/274 par\n|-heal|p2a: Jirachi|60/100|[from] drain|[of] p1a: Eiscue\n|move|p1a: Eiscue|Ice Spinner|p2a: Jirachi\n|-resisted|p2a: Jirachi\n|-damage|p2a: Jirachi|12/100\n|\n|upkeep\n|turn|20\n|inactive|Time left: 300 sec this turn | 300 sec total\n|\n|t:|1783546682\n|move|p2a: Jirachi|Iron Head|p1a: Eiscue\n|-resisted|p1a: Eiscue\n|-damage|p1a: Eiscue|38/274 par\n|move|p1a: Eiscue|Ice Spinner|p2a: Jirachi\n|-resisted|p2a: Jirachi\n|-damage|p2a: Jirachi|0 fnt\n|faint|p2a: Jirachi\n|\n|upkeep\n|\n|t:|1783546683\n|switch|p2a: Perrserker|Perrserker, L89, F|53/100\n|turn|21\n|inactive|Time left: 300 sec this turn | 300 sec total\n|\n|t:|1783546684\n|move|p2a: Perrserker|U-turn|p1a: Eiscue\n|-damage|p1a: Eiscue|0 fnt\n|faint|p1a: Eiscue\n|-damage|p2a: Perrserker|44/100|[from] item: Life Orb\n|\n|t:|1783546685\n|switch|p2a: Toxicroak|Toxicroak, L84, M|100/100|[from] U-turn\n|\n|upkeep\n|inactive|Time left: 300 sec this turn | 300 sec total | 10 sec grace\n|\n|t:|1783546685\n|switch|p1a: Breloom|Breloom, L83, F|212/235\n|turn|22\n|inactive|Time left: 300 sec this turn | 300 sec total\n|\n|t:|1783546686\n|move|p2a: Toxicroak|Close Combat|p1a: Breloom\n|-damage|p1a: Breloom|31/235\n|-unboost|p2a: Toxicroak|def|1\n|-unboost|p2a: Toxicroak|spd|1\n|-damage|p2a: Toxicroak|91/100|[from] item: Life Orb\n|move|p1a: Breloom|Rock Tomb|p2a: Toxicroak\n|-resisted|p2a: Toxicroak\n|-damage|p2a: Toxicroak|58/100\n|-unboost|p2a: Toxicroak|spe|1\n|-damage|p1a: Breloom|8/235|[from] item: Life Orb\n|\n|upkeep\n|turn|23\n|inactive|Time left: 300 sec this turn | 300 sec total\n|\n|t:|1783546687\n|switch|p2a: Tornadus|Tornadus, L82, M|100/100\n|move|p1a: Breloom|Mach Punch|p2a: Tornadus\n|-resisted|p2a: Tornadus\n|-damage|p2a: Tornadus|75/100\n|-damage|p1a: Breloom|0 fnt|[from] item: Life Orb\n|faint|p1a: Breloom\n|\n|win|p0y588cc1b", "uploadtime": 1783546687, "views": 0, "rating": 0, "private": 0, "password": null, "_winner": "p0y588cc1b", "_our_name": "p0x588dc33"}