{"id": "battle-gen9randombattle-2130", "formatid": "gen9randombattle", "format": "[Gen 9] Random Battle", "players": ["p0x21306310", "p0y213030c9"], "log": "|init|battle\n|title|p0x21306310 vs. p0y213030c9\n|j|\u2606p0x21306310\n|j|\u2606p0y213030c9\n|t:|1783564655\n|gametype|singles\n|player|p1|p0x21306310|2|\n|player|p2|p0y213030c9|102|\n|gen|9\n|tier|[Gen 9] Random Battle\n|rule|Species Clause: Limit one of each Pok\u00e9mon\n|rule|HP Percentage Mod: HP is shown in percentages\n|rule|Sleep Clause Mod: Limit one foe put to sleep\n|rule|Illusion Level Mod: Illusion disguises the Pok\u00e9mon's true level\n|\n|t:|1783564655\n|teamsize|p1|6\n|teamsize|p2|6\n|start\n|switch|p1a: Iron Hands|Iron Hands, L79|373/373\n|switch|p2a: Spectrier|Spectrier, L75|100/100\n|turn|1\n|inactive|Battle timer is ON: inactive players will automatically lose when time's up. (requested by p0y213030c9)\n|inactive|Time left: 300 sec this turn | 300 sec total | 60 sec grace\n|inactive|p0x21306310 also wants the timer to be on.\n|\n|t:|1783564656\n|move|p2a: Spectrier|Nasty Plot|p2a: Spectrier\n|-boost|p2a: Spectrier|spa|2\n|move|p1a: Iron Hands|Swords Dance|p1a: Iron Hands\n|-boost|p1a: Iron Hands|atk|2\n|\n|upkeep\n|turn|2\n|inactive|Time left: 300 sec this turn | 300 sec total\n|\n|t:|1783564658\n|move|p2a: Spectrier|Shadow Ball|p1a: Iron Hands\n|-damage|p1a: Iron Hands|65/373\n|-damage|p2a: Spectrier|91/100|[from] item: Life Orb\n|move|p1a: Iron Hands|Thunder Punch|p2a: Spectrier\n|-crit|p2a: Spectrier\n|-damage|p2a: Spectrier|0 fnt\n|faint|p2a: Spectrier\n|\n|-heal|p1a: Iron Hands|88/373|[from] item: Leftovers\n|upkeep\n|\n|t:|1783564659\n|switch|p2a: Hawlucha|Hawlucha, L80, F|100/100\n|turn|3\n|inactive|Time left: 300 sec this turn | 300 sec total\n|\n|t:|1783564660\n|-end|p1a: Iron Hands|Quark Drive|[silent]\n|switch|p1a: Magearna|Magearna-Original, L77|250/250\n|move|p2a: Hawlucha|Close Combat|p1a: Magearna\n|-damage|p1a: Magearna|157/250\n|-unboost|p2a: Hawlucha|def|1\n|-unboost|p2a: Hawlucha|spd|1\n|-enditem|p2a: Hawlucha|White Herb\n|-clearnegativeboost|p2a: Hawlucha|[silent]\n|\n|upkeep\n|turn|4\n|inactive|Time left: 300 sec this turn | 300 sec total\n|\n|t:|1783564661\n|switch|p2a: Groudon|Groudon, L72|100/100\n|-weather|SunnyDay|[from] ability: Drought|[of] p2a: Groudon\n|move|p1a: Magearna|Fleur Cannon|p2a: Groudon\n|-damage|p2a: Groudon|37/100\n|-unboost|p1a: Magearna|spa|2\n|\n|-weather|SunnyDay|[upkeep]\n|-heal|p2a: Groudon|43/100|[from] item: Leftovers\n|upkeep\n|turn|5\n|inactive|Time left: 300 sec this turn | 300 sec total\n|\n|t:|1783564663\n|switch|p1a: Iron Hands|Iron Hands, L79|88/373\n|move|p2a: Groudon|Swords Dance|p2a: Groudon\n|-boost|p2a: Groudon|atk|2\n|\n|-weather|SunnyDay|[upkeep]\n|-heal|p2a: Groudon|49/100|[from] item: Leftovers\n|-heal|p1a: Iron Hands|111/373|[from] item: Leftovers\n|upkeep\n|turn|6\n|inactive|Time left: 300 sec this turn | 300 sec total\n|\n|t:|1783564664\n|move|p2a: Groudon|Heat Crash|p1a: Iron Hands\n|-damage|p1a: Iron Hands|0 fnt\n|faint|p1a: Iron Hands\n|-end|p1a: Iron Hands|Quark Drive|[silent]\n|\n|-weather|SunnyDay|[upkeep]\n|-heal|p2a: Groudon|55/100|[from] item: Leftovers\n|upkeep\n|inactive|Time left: 300 sec this turn | 300 sec total | 5 sec grace\n|\n|t:|1783564665\n|switch|p1a: Vaporeon|Vaporeon, L86, F|364/364\n|turn|7\n|inactive|Time left: 300 sec this turn | 300 sec total\n|\n|t:|1783564666\n|move|p2a: Groudon|Precipice Blades|p1a: Vaporeon\n|-damage|p1a: Vaporeon|0 fnt\n|faint|p1a: Vaporeon\n|\n|-weather|SunnyDay|[upkeep]\n|-heal|p2a: Groudon|61/100|[from] item: Leftovers\n|upkeep\n|inactive|Time left: 300 sec this turn | 300 sec total | 5 sec grace\n|\n|t:|1783564667\n|switch|p1a: Cinccino|Cinccino, L83, F|260/260\n|turn|8\n|inactive|Time left: 300 sec this turn | 300 sec total\n|\n|t:|1783564668\n|-terastallize|p2a: Groudon|Fire\n|move|p1a: Cinccino|Tail Slap|p2a: Groudon\n|-damage|p2a: Groudon|50/100\n|-damage|p2a: Groudon|37/100\n|-damage|p2a: Groudon|25/100\n|-damage|p2a: Groudon|13/100\n|-hitcount|p2a: Groudon|4\n|move|p2a: Groudon|Heat Crash|p1a: Cinccino\n|-damage|p1a: Cinccino|0 fnt\n|faint|p1a: Cinccino\n|\n|-weather|none\n|-heal|p2a: Groudon|19/100|[from] item: Leftovers\n|upkeep\n|inactive|Time left: 300 sec this turn | 300 sec total | 5 sec grace\n|\n|t:|1783564669\n|switch|p1a: Kingambit|Kingambit, L74, F|270/270\n|-activate|p1a: Kingambit|ability: Supreme Overlord\n|-start|p1a: Kingambit|fallen3|[silent]\n|turn|9\n|inactive|Time left: 300 sec this turn | 300 sec total\n|\n|t:|1783564670\n|move|p1a: Kingambit|Sucker Punch|p2a: Groudon\n|-damage|p2a: Groudon|0 fnt\n|faint|p2a: Groudon\n|\n|upkeep\n|\n|t:|1783564671\n|switch|p2a: Houndoom|Houndoom, L87, F|100/100\n|turn|10\n|inactive|Time left: 300 sec this turn | 300 sec total\n|\n|t:|1783564672\n|-terastallize|p1a: Kingambit|Dark\n|move|p2a: Houndoom|Fire Blast|p1a: Kingambit\n|-damage|p1a: Kingambit|116/270\n|move|p1a: Kingambit|Swords Dance|p1a: Kingambit\n|-boost|p1a: Kingambit|atk|2\n|\n|-heal|p1a: Kingambit|132/270|[from] item: Leftovers\n|upkeep\n|turn|11\n|inactive|Time left: 300 sec this turn | 300 sec total\n|\n|t:|1783564673\n|move|p1a: Kingambit|Sucker Punch|p2a: Houndoom\n|-resisted|p2a: Houndoom\n|-damage|p2a: Houndoom|27/100\n|move|p2a: Houndoom|Fire Blast|p1a: Kingambit\n|-damage|p1a: Kingambit|0 fnt\n|faint|p1a: Kingambit\n|-end|p1a: Kingambit|fallen3|[silent]\n|\n|upkeep\n|inactive|Time left: 300 sec this turn | 300 sec total | 5 sec grace\n|\n|t:|1783564674\n|switch|p1a: Crabominable|Crabominable, L90, F|321/321\n|turn|12\n|inactive|Time left: 300 sec this turn | 300 sec total\n|\n|t:|1783564675\n|move|p2a: Houndoom|Fire Blast|p1a: Crabominable\n|-supereffective|p1a: Crabominable\n|-damage|p1a: Crabominable|13/321\n|move|p1a: Crabominable|Close Combat|p2a: Houndoom\n|-supereffective|p2a: Houndoom\n|-damage|p2a: Houndoom|0 fnt\n|-unboost|p1a: Crabominable|def|1\n|-unboost|p1a: Crabominable|spd|1\n|faint|p2a: Houndoom\n|\n|upkeep\n|\n|t:|1783564675\n|switch|p2a: Luxray|Luxray, L88, F|100/100\n|-ability|p2a: Luxray|Intimidate|boost\n|-unboost|p1a: Crabominable|atk|1\n|turn|13\n|inactive|Time left: 300 sec this turn | 300 sec total\n|\n|t:|1783564676\n|switch|p1a: Magearna|Magearna-Original, L77|157/250\n|move|p2a: Luxray|Wild Charge|p1a: Magearna\n|-damage|p1a: Magearna|37/250\n|-damage|p2a: Luxray|90/100|[from] Recoil\n|\n|upkeep\n|turn|14\n|inactive|Time left: 300 sec this turn | 300 sec total\n|\n|t:|1783564677\n|move|p2a: Luxray|Wild Charge|p1a: Magearna\n|-damage|p1a: Magearna|0 fnt\n|faint|p1a: Magearna\n|-damage|p2a: Luxray|87/100|[from] Recoil\n|\n|upkeep\n|inactive|Time left: 300 sec this turn | 300 sec total | 5 sec grace\n|\n|t:|1783564678\n|switch|p1a: Crabominable|Crabominable, L90, F|13/321\n|turn|15\n|inactive|Time left: 300 sec this turn | 300 sec total\n|\n|t:|1783564678\n|move|p2a: Luxray|Volt Switch|p1a: Crabominable\n|-damage|p1a: Crabominable|0 fnt\n|faint|p1a: Crabominable\n|\n|win|p0y213030c9", "uploadtime": 1783564678, "views": 0, "rating": 0, "private": 0, "password": null, "_winner": "p0y213030c9", "_our_name": "p0x21306310"}