{"id": "battle-gen9randombattle-2690", "formatid": "gen9randombattle", "format": "[Gen 9] Random Battle", "players": ["p0x26900bd6", "p0y2690c71a"], "log": "|init|battle\n|title|p0x26900bd6 vs. p0y2690c71a\n|j|\u2606p0x26900bd6\n|j|\u2606p0y2690c71a\n|t:|1783570039\n|gametype|singles\n|player|p1|p0x26900bd6|2|\n|player|p2|p0y2690c71a|169|\n|gen|9\n|tier|[Gen 9] Random Battle\n|rule|Species Clause: Limit one of each Pok\u00e9mon\n|rule|HP Percentage Mod: HP is shown in percentages\n|rule|Sleep Clause Mod: Limit one foe put to sleep\n|rule|Illusion Level Mod: Illusion disguises the Pok\u00e9mon's true level\n|\n|t:|1783570039\n|teamsize|p1|6\n|teamsize|p2|6\n|start\n|switch|p1a: Trevenant|Trevenant, L89, F|100/100\n|switch|p2a: Hypno|Hypno, L95, F|315/315\n|turn|1\n|inactive|Battle timer is ON: inactive players will automatically lose when time's up. (requested by p0x26900bd6)\n|inactive|Time left: 300 sec this turn | 300 sec total | 60 sec grace\n|inactive|p0y2690c71a also wants the timer to be on.\n|\n|t:|1783570040\n|move|p2a: Hypno|Psychic Noise|p1a: Trevenant\n|-damage|p1a: Trevenant|72/100\n|-start|p1a: Trevenant|move: Heal Block\n|move|p1a: Trevenant|Poltergeist|p2a: Hypno\n|-activate|p2a: Hypno|move: Poltergeist|Leftovers\n|-supereffective|p2a: Hypno\n|-damage|p2a: Hypno|25/315\n|\n|-heal|p2a: Hypno|44/315|[from] item: Leftovers\n|upkeep\n|turn|2\n|inactive|Time left: 300 sec this turn | 300 sec total\n|\n|t:|1783570041\n|move|p2a: Hypno|Toxic|p1a: Trevenant\n|-status|p1a: Trevenant|tox\n|move|p1a: Trevenant|Poltergeist|p2a: Hypno\n|-activate|p2a: Hypno|move: Poltergeist|Leftovers\n|-supereffective|p2a: Hypno\n|-damage|p2a: Hypno|0 fnt\n|faint|p2a: Hypno\n|\n|-damage|p1a: Trevenant|66/100 tox|[from] psn\n|-end|p1a: Trevenant|move: Heal Block\n|upkeep\n|inactive|Time left: 300 sec this turn | 300 sec total | 5 sec grace\n|\n|t:|1783570042\n|switch|p2a: Passimian|Passimian, L83, M|302/302\n|turn|3\n|inactive|Time left: 300 sec this turn | 300 sec total\n|\n|t:|1783570044\n|move|p2a: Passimian|Knock Off|p1a: Trevenant\n|-supereffective|p1a: Trevenant\n|-damage|p1a: Trevenant|0 fnt\n|-enditem|p1a: Trevenant|Sitrus Berry|[from] move: Knock Off|[of] p2a: Passimian\n|faint|p1a: Trevenant\n|\n|upkeep\n|\n|t:|1783570045\n|switch|p1a: Oricorio|Oricorio, L84, M|100/100\n|turn|4\n|inactive|Time left: 300 sec this turn | 300 sec total\n|\n|t:|1783570046\n|move|p1a: Oricorio|Quiver Dance|p1a: Oricorio\n|-boost|p1a: Oricorio|spa|1\n|-boost|p1a: Oricorio|spd|1\n|-boost|p1a: Oricorio|spe|1\n|move|p2a: Passimian|Knock Off|p1a: Oricorio\n|-damage|p1a: Oricorio|48/100\n|-enditem|p1a: Oricorio|Heavy-Duty Boots|[from] move: Knock Off|[of] p2a: Passimian\n|\n|upkeep\n|turn|5\n|inactive|Time left: 300 sec this turn | 300 sec total\n|\n|t:|1783570047\n|move|p1a: Oricorio|Hurricane|p2a: Passimian\n|-supereffective|p2a: Passimian\n|-damage|p2a: Passimian|0 fnt\n|faint|p2a: Passimian\n|\n|upkeep\n|inactive|Time left: 300 sec this turn | 300 sec total | 5 sec grace\n|\n|t:|1783570048\n|switch|p2a: Latios|Latios, L78, M|253/253\n|turn|6\n|inactive|Time left: 300 sec this turn | 300 sec total\n|\n|t:|1783570049\n|move|p1a: Oricorio|Roost|p1a: Oricorio\n|-heal|p1a: Oricorio|98/100\n|-singleturn|p1a: Oricorio|move: Roost\n|move|p2a: Latios|Psyshock|p1a: Oricorio\n|-damage|p1a: Oricorio|45/100\n|\n|upkeep\n|turn|7\n|inactive|Time left: 300 sec this turn | 300 sec total\n|\n|t:|1783570050\n|move|p1a: Oricorio|Roost|p1a: Oricorio\n|-heal|p1a: Oricorio|96/100\n|-singleturn|p1a: Oricorio|move: Roost\n|move|p2a: Latios|Psyshock|p1a: Oricorio\n|-damage|p1a: Oricorio|44/100\n|\n|upkeep\n|turn|8\n|inactive|Time left: 300 sec this turn | 300 sec total\n|\n|t:|1783570051\n|move|p1a: Oricorio|Roost|p1a: Oricorio\n|-heal|p1a: Oricorio|94/100\n|-singleturn|p1a: Oricorio|move: Roost\n|move|p2a: Latios|Psyshock|p1a: Oricorio\n|-crit|p1a: Oricorio\n|-damage|p1a: Oricorio|19/100\n|\n|upkeep\n|turn|9\n|inactive|Time left: 300 sec this turn | 300 sec total\n|\n|t:|1783570051\n|move|p1a: Oricorio|Roost|p1a: Oricorio\n|-heal|p1a: Oricorio|69/100\n|-singleturn|p1a: Oricorio|move: Roost\n|move|p2a: Latios|Psyshock|p1a: Oricorio\n|-damage|p1a: Oricorio|19/100\n|\n|upkeep\n|turn|10\n|inactive|Time left: 300 sec this turn | 300 sec total\n|\n|t:|1783570052\n|move|p1a: Oricorio|Roost|p1a: Oricorio\n|-heal|p1a: Oricorio|69/100\n|-singleturn|p1a: Oricorio|move: Roost\n|move|p2a: Latios|Psyshock|p1a: Oricorio\n|-damage|p1a: Oricorio|23/100\n|\n|upkeep\n|turn|11\n|inactive|Time left: 300 sec this turn | 300 sec total\n|\n|t:|1783570053\n|move|p1a: Oricorio|Roost|p1a: Oricorio\n|-heal|p1a: Oricorio|73/100\n|-singleturn|p1a: Oricorio|move: Roost\n|move|p2a: Latios|Psyshock|p1a: Oricorio\n|-damage|p1a: Oricorio|20/100\n|\n|upkeep\n|turn|12\n|inactive|Time left: 300 sec this turn | 300 sec total\n|\n|t:|1783570054\n|move|p1a: Oricorio|Roost|p1a: Oricorio\n|-heal|p1a: Oricorio|70/100\n|-singleturn|p1a: Oricorio|move: Roost\n|move|p2a: Latios|Psyshock|p1a: Oricorio\n|-damage|p1a: Oricorio|18/100\n|\n|upkeep\n|turn|13\n|inactive|Time left: 300 sec this turn | 300 sec total\n|\n|t:|1783570055\n|move|p1a: Oricorio|Roost|p1a: Oricorio\n|-heal|p1a: Oricorio|68/100\n|-singleturn|p1a: Oricorio|move: Roost\n|move|p2a: Latios|Psyshock|p1a: Oricorio\n|-damage|p1a: Oricorio|20/100\n|\n|upkeep\n|turn|14\n|inactive|Time left: 300 sec this turn | 300 sec total\n|\n|t:|1783570056\n|move|p1a: Oricorio|Hurricane|p2a: Latios\n|-damage|p2a: Latios|100/253\n|move|p2a: Latios|Psyshock|p1a: Oricorio\n|-damage|p1a: Oricorio|0 fnt\n|faint|p1a: Oricorio\n|\n|upkeep\n|\n|t:|1783570057\n|switch|p1a: Azumarill|Azumarill, L82, M|100/100\n|turn|15\n|inactive|Time left: 300 sec this turn | 300 sec total\n|\n|t:|1783570058\n|move|p2a: Latios|Psyshock|p1a: Azumarill\n|-damage|p1a: Azumarill|57/100\n|move|p1a: Azumarill|Knock Off|p2a: Latios\n|-supereffective|p2a: Latios\n|-damage|p2a: Latios|0 fnt\n|-enditem|p2a: Latios|Soul Dew|[from] move: Knock Off|[of] p1a: Azumarill\n|faint|p2a: Latios\n|\n|upkeep\n|inactive|Time left: 300 sec this turn | 300 sec total | 5 sec grace\n|\n|t:|1783570059\n|switch|p2a: Zacian|Zacian-Crowned, L64|225/225\n|-ability|p2a: Zacian|Intrepid Sword|boost\n|-boost|p2a: Zacian|atk|1\n|turn|16\n|inactive|Time left: 300 sec this turn | 300 sec total\n|\n|t:|1783570060\n|switch|p1a: Sandslash|Sandslash, L89, F|100/100\n|move|p2a: Zacian|Swords Dance|p2a: Zacian\n|-boost|p2a: Zacian|atk|2\n|\n|upkeep\n|turn|17\n|inactive|Time left: 300 sec this turn | 300 sec total\n|\n|t:|1783570061\n|-terastallize|p2a: Zacian|Fighting\n|move|p2a: Zacian|Behemoth Blade|p1a: Sandslash\n|-damage|p1a: Sandslash|33/100\n|move|p1a: Sandslash|Earthquake|p2a: Zacian\n|-damage|p2a: Zacian|90/225\n|\n|upkeep\n|turn|18\n|inactive|Time left: 300 sec this turn | 300 sec total\n|\n|t:|1783570062\n|-terastallize|p1a: Sandslash|Steel\n|move|p2a: Zacian|Play Rough|p1a: Sandslash\n|-resisted|p1a: Sandslash\n|-damage|p1a: Sandslash|3/100\n|-unboost|p1a: Sandslash|atk|1\n|move|p1a: Sandslash|Earthquake|p2a: Zacian\n|-damage|p2a: Zacian|0 fnt\n|faint|p2a: Zacian\n|\n|upkeep\n|inactive|Time left: 300 sec this turn | 300 sec total | 5 sec grace\n|\n|t:|1783570063\n|switch|p2a: Vivillon|Vivillon-River, L83, F|268/268\n|turn|19\n|inactive|Time left: 300 sec this turn | 300 sec total\n|\n|t:|1783570064\n|move|p2a: Vivillon|Sleep Powder|p1a: Sandslash\n|-status|p1a: Sandslash|slp|[from] move: Sleep Powder\n|cant|p1a: Sandslash|slp\n|\n|upkeep\n|turn|20\n|inactive|Time left: 300 sec this turn | 300 sec total\n|\n|t:|1783570065\n|switch|p1a: Pawmot|Pawmot, L80, F|100/100\n|move|p2a: Vivillon|Quiver Dance|p2a: Vivillon\n|-boost|p2a: Vivillon|spa|1\n|-boost|p2a: Vivillon|spd|1\n|-boost|p2a: Vivillon|spe|1\n|\n|upkeep\n|turn|21\n|inactive|Time left: 300 sec this turn | 300 sec total\n|\n|t:|1783570066\n|move|p2a: Vivillon|Hurricane|p1a: Pawmot|[miss]\n|-miss|p2a: Vivillon|p1a: Pawmot\n|move|p1a: Pawmot|Double Shock|p2a: Vivillon\n|-supereffective|p2a: Vivillon\n|-damage|p2a: Vivillon|0 fnt\n|-start|p1a: Pawmot|typechange|???/Fighting|[from] move: Double Shock\n|faint|p2a: Vivillon\n|\n|upkeep\n|inactive|Time left: 300 sec this turn | 300 sec total | 5 sec grace\n|\n|t:|1783570067\n|switch|p2a: Mamoswine|Mamoswine, L81, F|311/311\n|turn|22\n|inactive|Time left: 300 sec this turn | 300 sec total\n|\n|t:|1783570068\n|move|p1a: Pawmot|Close Combat|p2a: Mamoswine\n|-supereffective|p2a: Mamoswine\n|-damage|p2a: Mamoswine|11/311\n|-unboost|p1a: Pawmot|def|1\n|-unboost|p1a: Pawmot|spd|1\n|move|p2a: Mamoswine|Stealth Rock|p1a: Pawmot\n|-sidestart|p1: p0x26900bd6|move: Stealth Rock\n|\n|upkeep\n|turn|23\n|inactive|Time left: 300 sec this turn | 300 sec total\n|\n|t:|1783570068\n|move|p1a: Pawmot|Close Combat|p2a: Mamoswine\n|-supereffective|p2a: Mamoswine\n|-damage|p2a: Mamoswine|0 fnt\n|-unboost|p1a: Pawmot|def|1\n|-unboost|p1a: Pawmot|spd|1\n|faint|p2a: Mamoswine\n|\n|win|p0x26900bd6", "uploadtime": 1783570068, "views": 0, "rating": 0, "private": 0, "password": null, "_winner": "p0x26900bd6", "_our_name": "p0y2690c71a"}