{"id": "battle-gen9randombattle-403", "formatid": "gen9randombattle", "format": "[Gen 9] Random Battle", "players": ["p0x40306cc", "p0y403ffc6"], "log": "|init|battle\n|title|p0x40306cc vs. p0y403ffc6\n|j|\u2606p0x40306cc\n|j|\u2606p0y403ffc6\n|t:|1783543745\n|gametype|singles\n|player|p1|p0x40306cc|266|\n|player|p2|p0y403ffc6|1|\n|gen|9\n|tier|[Gen 9] Random Battle\n|rule|Species Clause: Limit one of each Pok\u00e9mon\n|rule|HP Percentage Mod: HP is shown in percentages\n|rule|Sleep Clause Mod: Limit one foe put to sleep\n|rule|Illusion Level Mod: Illusion disguises the Pok\u00e9mon's true level\n|\n|t:|1783543745\n|teamsize|p1|6\n|teamsize|p2|6\n|start\n|switch|p1a: Clawitzer|Clawitzer, L87, M|100/100\n|switch|p2a: Tinkaton|Tinkaton, L82, F|274/274\n|-ability|p2a: Tinkaton|Mold Breaker\n|turn|1\n|inactive|Battle timer is ON: inactive players will automatically lose when time's up. (requested by p0x40306cc)\n|inactive|Time left: 300 sec this turn | 300 sec total | 60 sec grace\n|inactive|p0y403ffc6 also wants the timer to be on.\n|\n|t:|1783543747\n|move|p2a: Tinkaton|Swords Dance|p2a: Tinkaton\n|-boost|p2a: Tinkaton|atk|2\n|move|p1a: Clawitzer|Aura Sphere|p2a: Tinkaton\n|-crit|p2a: Tinkaton\n|-damage|p2a: Tinkaton|56/274\n|\n|-heal|p2a: Tinkaton|73/274|[from] item: Leftovers\n|upkeep\n|turn|2\n|inactive|Time left: 300 sec this turn | 300 sec total\n|\n|t:|1783543748\n|move|p2a: Tinkaton|Protect|p2a: Tinkaton\n|-singleturn|p2a: Tinkaton|Protect\n|move|p1a: Clawitzer|Aura Sphere|p2a: Tinkaton\n|-activate|p2a: Tinkaton|move: Protect\n|\n|-heal|p2a: Tinkaton|90/274|[from] item: Leftovers\n|upkeep\n|turn|3\n|inactive|Time left: 300 sec this turn | 300 sec total\n|\n|t:|1783543749\n|move|p2a: Tinkaton|Play Rough|p1a: Clawitzer\n|-damage|p1a: Clawitzer|44/100\n|move|p1a: Clawitzer|Aura Sphere|p2a: Tinkaton\n|-damage|p2a: Tinkaton|0 fnt\n|faint|p2a: Tinkaton\n|\n|upkeep\n|inactive|Time left: 300 sec this turn | 300 sec total | 5 sec grace\n|\n|t:|1783543750\n|switch|p2a: Iron Thorns|Iron Thorns, L83|302/302\n|-item|p2a: Iron Thorns|Air Balloon\n|turn|4\n|inactive|Time left: 300 sec this turn | 300 sec total\n|\n|t:|1783543752\n|-terastallize|p1a: Clawitzer|Fighting\n|move|p2a: Iron Thorns|Wild Charge|p1a: Clawitzer\n|-damage|p1a: Clawitzer|0 fnt\n|faint|p1a: Clawitzer\n|-damage|p2a: Iron Thorns|273/302|[from] Recoil\n|\n|upkeep\n|\n|t:|1783543753\n|switch|p1a: Girafarig|Girafarig, L89, M|100/100\n|turn|5\n|inactive|Time left: 300 sec this turn | 300 sec total\n|\n|t:|1783543754\n|move|p1a: Girafarig|Nasty Plot|p1a: Girafarig\n|-boost|p1a: Girafarig|spa|2\n|move|p2a: Iron Thorns|Stealth Rock|p1a: Girafarig\n|-sidestart|p1: p0x40306cc|move: Stealth Rock\n|\n|upkeep\n|turn|6\n|inactive|Time left: 300 sec this turn | 300 sec total\n|\n|t:|1783543755\n|-end|p2a: Iron Thorns|Quark Drive|[silent]\n|switch|p2a: Hippowdon|Hippowdon, L82, F|311/311\n|-weather|Sandstorm|[from] ability: Sand Stream|[of] p2a: Hippowdon\n|move|p1a: Girafarig|Psyshock|p2a: Hippowdon\n|-damage|p2a: Hippowdon|178/311\n|\n|-weather|Sandstorm|[upkeep]\n|-damage|p1a: Girafarig|95/100|[from] Sandstorm\n|-heal|p2a: Hippowdon|197/311|[from] item: Leftovers\n|upkeep\n|turn|7\n|inactive|Time left: 300 sec this turn | 300 sec total\n|\n|t:|1783543756\n|-terastallize|p2a: Hippowdon|Steel\n|move|p1a: Girafarig|Dazzling Gleam|p2a: Hippowdon\n|-resisted|p2a: Hippowdon\n|-damage|p2a: Hippowdon|129/311\n|move|p2a: Hippowdon|Whirlwind|p1a: Girafarig\n|drag|p1a: Kleavor|Kleavor, L78, F|100/100\n|\n|-weather|Sandstorm|[upkeep]\n|-heal|p2a: Hippowdon|148/311|[from] item: Leftovers\n|upkeep\n|turn|8\n|inactive|Time left: 300 sec this turn | 300 sec total\n|\n|t:|1783543757\n|move|p1a: Kleavor|Close Combat|p2a: Hippowdon\n|-supereffective|p2a: Hippowdon\n|-damage|p2a: Hippowdon|0 fnt\n|-unboost|p1a: Kleavor|def|1\n|-unboost|p1a: Kleavor|spd|1\n|faint|p2a: Hippowdon\n|\n|-weather|Sandstorm|[upkeep]\n|upkeep\n|inactive|Time left: 300 sec this turn | 300 sec total | 5 sec grace\n|\n|t:|1783543759\n|switch|p2a: Iron Thorns|Iron Thorns, L83|273/302\n|-item|p2a: Iron Thorns|Air Balloon\n|turn|9\n|inactive|Time left: 300 sec this turn | 300 sec total\n|\n|t:|1783543760\n|move|p1a: Kleavor|Stone Axe|p2a: Iron Thorns\n|-damage|p2a: Iron Thorns|173/302\n|-enditem|p2a: Iron Thorns|Air Balloon\n|-sidestart|p2: p0y403ffc6|move: Stealth Rock\n|move|p2a: Iron Thorns|Stone Edge|p1a: Kleavor\n|-supereffective|p1a: Kleavor\n|-crit|p1a: Kleavor\n|-damage|p1a: Kleavor|0 fnt\n|faint|p1a: Kleavor\n|\n|-weather|Sandstorm|[upkeep]\n|upkeep\n|\n|t:|1783543761\n|switch|p1a: Rampardos|Rampardos, L90, M|100/100\n|-damage|p1a: Rampardos|88/100|[from] Stealth Rock\n|turn|10\n|inactive|Time left: 300 sec this turn | 300 sec total\n|\n|t:|1783543762\n|move|p1a: Rampardos|Earthquake|p2a: Iron Thorns\n|-supereffective|p2a: Iron Thorns\n|-damage|p2a: Iron Thorns|0 fnt\n|faint|p2a: Iron Thorns\n|-end|p2a: Iron Thorns|Quark Drive|[silent]\n|\n|-weather|none\n|upkeep\n|inactive|Time left: 300 sec this turn | 300 sec total | 5 sec grace\n|\n|t:|1783543763\n|switch|p2a: Swanna|Swanna, L89, M|278/278\n|turn|11\n|inactive|Time left: 300 sec this turn | 300 sec total\n|\n|t:|1783543764\n|switch|p1a: Glaceon|Glaceon, L94, F|100/100\n|move|p2a: Swanna|Hydro Pump|p1a: Glaceon\n|-damage|p1a: Glaceon|66/100\n|\n|upkeep\n|turn|12\n|inactive|Time left: 300 sec this turn | 300 sec total\n|\n|t:|1783543765\n|move|p2a: Swanna|Hydro Pump|p1a: Glaceon|[miss]\n|-miss|p2a: Swanna|p1a: Glaceon\n|move|p1a: Glaceon|Freeze-Dry|p2a: Swanna\n|-supereffective|p2a: Swanna\n|-crit|p2a: Swanna\n|-damage|p2a: Swanna|0 fnt\n|faint|p2a: Swanna\n|\n|upkeep\n|inactive|Time left: 300 sec this turn | 300 sec total | 5 sec grace\n|\n|t:|1783543766\n|switch|p2a: Drifblim|Drifblim, L86, F|396/396\n|-damage|p2a: Drifblim|297/396|[from] Stealth Rock\n|turn|13\n|inactive|Time left: 300 sec this turn | 300 sec total\n|\n|t:|1783543767\n|move|p2a: Drifblim|Calm Mind|p2a: Drifblim\n|-boost|p2a: Drifblim|spa|1\n|-boost|p2a: Drifblim|spd|1\n|move|p1a: Glaceon|Freeze-Dry|p2a: Drifblim\n|-supereffective|p2a: Drifblim\n|-damage|p2a: Drifblim|99/396\n|-enditem|p2a: Drifblim|Sitrus Berry|[eat]\n|-heal|p2a: Drifblim|198/396|[from] item: Sitrus Berry\n|\n|upkeep\n|turn|14\n|inactive|Time left: 300 sec this turn | 300 sec total\n|\n|t:|1783543768\n|move|p2a: Drifblim|Calm Mind|p2a: Drifblim\n|-boost|p2a: Drifblim|spa|1\n|-boost|p2a: Drifblim|spd|1\n|move|p1a: Glaceon|Freeze-Dry|p2a: Drifblim\n|-supereffective|p2a: Drifblim\n|-damage|p2a: Drifblim|36/396\n|\n|upkeep\n|turn|15\n|inactive|Time left: 300 sec this turn | 300 sec total\n|\n|t:|1783543769\n|move|p2a: Drifblim|Air Slash|p1a: Glaceon\n|-damage|p1a: Glaceon|20/100\n|move|p1a: Glaceon|Freeze-Dry|p2a: Drifblim\n|-supereffective|p2a: Drifblim\n|-damage|p2a: Drifblim|0 fnt\n|faint|p2a: Drifblim\n|\n|upkeep\n|inactive|Time left: 300 sec this turn | 300 sec total | 5 sec grace\n|\n|t:|1783543770\n|switch|p2a: Sunflora|Sunflora, F|312/312\n|-damage|p2a: Sunflora|273/312|[from] Stealth Rock\n|turn|16\n|inactive|Time left: 300 sec this turn | 300 sec total\n|\n|t:|1783543770\n|move|p1a: Glaceon|Freeze-Dry|p2a: Sunflora\n|-supereffective|p2a: Sunflora\n|-damage|p2a: Sunflora|87/312\n|move|p2a: Sunflora|Sunny Day|p2a: Sunflora\n|-weather|SunnyDay\n|\n|-weather|SunnyDay|[upkeep]\n|upkeep\n|turn|17\n|inactive|Time left: 300 sec this turn | 300 sec total\n|\n|t:|1783543771\n|move|p2a: Sunflora|Weather Ball|p1a: Glaceon\n|-supereffective|p1a: Glaceon\n|-damage|p1a: Glaceon|0 fnt\n|faint|p1a: Glaceon\n|-damage|p2a: Sunflora|56/312|[from] item: Life Orb\n|\n|-weather|SunnyDay|[upkeep]\n|upkeep\n|\n|t:|1783543772\n|switch|p1a: Girafarig|Girafarig, L89, M|95/100\n|-damage|p1a: Girafarig|82/100|[from] Stealth Rock\n|turn|18\n|inactive|Time left: 300 sec this turn | 300 sec total\n|\n|t:|1783543772\n|move|p2a: Sunflora|Sunny Day||[still]\n|-fail|p2a: Sunflora\n|move|p1a: Girafarig|Psyshock|p2a: Sunflora\n|-damage|p2a: Sunflora|0 fnt\n|faint|p2a: Sunflora\n|\n|win|p0x40306cc", "uploadtime": 1783543772, "views": 0, "rating": 0, "private": 0, "password": null, "_winner": "p0x40306cc", "_our_name": "p0y403ffc6"}