{"id": "battle-gen9randombattle-110", "formatid": "gen9randombattle", "format": "[Gen 9] Random Battle", "players": ["p0x1104f7c", "p0y110ee89"], "log": "|init|battle\n|title|p0x1104f7c vs. p0y110ee89\n|j|\u2606p0x1104f7c\n|j|\u2606p0y110ee89\n|t:|1783540442\n|gametype|singles\n|player|p1|p0x1104f7c|101|\n|player|p2|p0y110ee89|170|\n|gen|9\n|tier|[Gen 9] Random Battle\n|rule|Species Clause: Limit one of each Pok\u00e9mon\n|rule|HP Percentage Mod: HP is shown in percentages\n|rule|Sleep Clause Mod: Limit one foe put to sleep\n|rule|Illusion Level Mod: Illusion disguises the Pok\u00e9mon's true level\n|\n|t:|1783540442\n|teamsize|p1|6\n|teamsize|p2|6\n|start\n|switch|p1a: Blissey|Blissey, L85, F|100/100\n|switch|p2a: Iron Bundle|Iron Bundle, L78|215/215\n|turn|1\n|inactive|Battle timer is ON: inactive players will automatically lose when time's up. (requested by p0y110ee89)\n|inactive|p0x1104f7c also wants the timer to be on.\n|\n|t:|1783540444\n|-end|p2a: Iron Bundle|Quark Drive|[silent]\n|switch|p2a: Landorus|Landorus-Therian, L76, M|260/260\n|-ability|p2a: Landorus|Intimidate|boost\n|-unboost|p1a: Blissey|atk|1\n|move|p1a: Blissey|Stealth Rock|p2a: Landorus\n|-sidestart|p2: p0y110ee89|move: Stealth Rock\n|\n|upkeep\n|turn|2\n|inactive|Time left: 300 sec this turn | 300 sec total\n|\n|t:|1783540445\n|switch|p1a: Tornadus|Tornadus, L82, M|100/100\n|move|p2a: Landorus|Stealth Rock|p1a: Tornadus\n|-sidestart|p1: p0x1104f7c|move: Stealth Rock\n|\n|upkeep\n|turn|3\n|inactive|Time left: 300 sec this turn | 300 sec total\n|\n|t:|1783540446\n|switch|p2a: Regice|Regice, L88|284/284\n|move|p1a: Tornadus|Bleakwind Storm|p2a: Regice\n|-damage|p2a: Regice|199/284\n|\n|upkeep\n|turn|4\n|inactive|Time left: 300 sec this turn | 300 sec total\n|\n|t:|1783540447\n|switch|p1a: Cresselia|Cresselia, L80, F|100/100\n|-damage|p1a: Cresselia|88/100|[from] Stealth Rock\n|move|p2a: Regice|Ice Beam|p1a: Cresselia\n|-damage|p1a: Cresselia|62/100\n|\n|-heal|p1a: Cresselia|68/100|[from] item: Leftovers\n|upkeep\n|turn|5\n|inactive|Time left: 300 sec this turn | 300 sec total\n|\n|t:|1783540448\n|move|p1a: Cresselia|Calm Mind|p1a: Cresselia\n|-boost|p1a: Cresselia|spa|1\n|-boost|p1a: Cresselia|spd|1\n|move|p2a: Regice|Ice Beam|p1a: Cresselia\n|-damage|p1a: Cresselia|49/100\n|\n|-heal|p1a: Cresselia|55/100|[from] item: Leftovers\n|upkeep\n|turn|6\n|inactive|Time left: 300 sec this turn | 300 sec total\n|\n|t:|1783540449\n|switch|p2a: Landorus|Landorus-Therian, L76, M|260/260\n|-damage|p2a: Landorus|228/260|[from] Stealth Rock\n|-ability|p2a: Landorus|Intimidate|boost\n|-unboost|p1a: Cresselia|atk|1\n|move|p1a: Cresselia|Calm Mind|p1a: Cresselia\n|-boost|p1a: Cresselia|spa|1\n|-boost|p1a: Cresselia|spd|1\n|\n|-heal|p2a: Landorus|244/260|[from] item: Leftovers\n|-heal|p1a: Cresselia|61/100|[from] item: Leftovers\n|upkeep\n|turn|7\n|inactive|Time left: 300 sec this turn | 300 sec total\n|\n|t:|1783540450\n|switch|p2a: Arcanine|Arcanine, L84, M|288/288\n|-ability|p2a: Arcanine|Intimidate|boost\n|-unboost|p1a: Cresselia|atk|1\n|move|p1a: Cresselia|Psyshock|p2a: Arcanine\n|-damage|p2a: Arcanine|150/288\n|\n|-heal|p1a: Cresselia|67/100|[from] item: Leftovers\n|upkeep\n|turn|8\n|inactive|Time left: 300 sec this turn | 300 sec total\n|\n|t:|1783540451\n|move|p2a: Arcanine|Morning Sun|p2a: Arcanine\n|-heal|p2a: Arcanine|288/288\n|move|p1a: Cresselia|Psyshock|p2a: Arcanine\n|-damage|p2a: Arcanine|161/288\n|\n|-heal|p1a: Cresselia|74/100|[from] item: Leftovers\n|upkeep\n|turn|9\n|inactive|Time left: 300 sec this turn | 300 sec total\n|\n|t:|1783540452\n|move|p2a: Arcanine|Morning Sun|p2a: Arcanine\n|-heal|p2a: Arcanine|288/288\n|move|p1a: Cresselia|Psyshock|p2a: Arcanine\n|-damage|p2a: Arcanine|147/288\n|\n|-heal|p1a: Cresselia|80/100|[from] item: Leftovers\n|upkeep\n|turn|10\n|inactive|Time left: 300 sec this turn | 300 sec total\n|\n|t:|1783540453\n|move|p2a: Arcanine|Morning Sun|p2a: Arcanine\n|-heal|p2a: Arcanine|288/288\n|move|p1a: Cresselia|Psyshock|p2a: Arcanine\n|-damage|p2a: Arcanine|147/288\n|\n|-heal|p1a: Cresselia|86/100|[from] item: Leftovers\n|upkeep\n|turn|11\n|inactive|Time left: 300 sec this turn | 300 sec total\n|\n|t:|1783540455\n|move|p2a: Arcanine|Morning Sun|p2a: Arcanine\n|-heal|p2a: Arcanine|288/288\n|move|p1a: Cresselia|Psyshock|p2a: Arcanine\n|-damage|p2a: Arcanine|144/288\n|\n|-heal|p1a: Cresselia|92/100|[from] item: Leftovers\n|upkeep\n|turn|12\n|inactive|Time left: 300 sec this turn | 300 sec total\n|\n|t:|1783540456\n|move|p2a: Arcanine|Morning Sun|p2a: Arcanine\n|-heal|p2a: Arcanine|288/288\n|move|p1a: Cresselia|Psyshock|p2a: Arcanine\n|-damage|p2a: Arcanine|150/288\n|\n|-heal|p1a: Cresselia|98/100|[from] item: Leftovers\n|upkeep\n|turn|13\n|inactive|Time left: 300 sec this turn | 300 sec total\n|\n|t:|1783540457\n|move|p2a: Arcanine|Morning Sun|p2a: Arcanine\n|-heal|p2a: Arcanine|288/288\n|move|p1a: Cresselia|Psyshock|p2a: Arcanine\n|-damage|p2a: Arcanine|144/288\n|\n|-heal|p1a: Cresselia|100/100|[from] item: Leftovers\n|upkeep\n|turn|14\n|inactive|Time left: 300 sec this turn | 300 sec total\n|\n|t:|1783540458\n|move|p2a: Arcanine|Morning Sun|p2a: Arcanine\n|-heal|p2a: Arcanine|288/288\n|move|p1a: Cresselia|Psyshock|p2a: Arcanine\n|-damage|p2a: Arcanine|147/288\n|\n|upkeep\n|turn|15\n|inactive|Time left: 300 sec this turn | 300 sec total\n|\n|t:|1783540459\n|move|p2a: Arcanine|Morning Sun|p2a: Arcanine\n|-heal|p2a: Arcanine|288/288\n|move|p1a: Cresselia|Psyshock|p2a: Arcanine\n|-damage|p2a: Arcanine|150/288\n|\n|upkeep\n|turn|16\n|inactive|Time left: 300 sec this turn | 300 sec total\n|\n|t:|1783540460\n|switch|p2a: Landorus|Landorus-Therian, L76, M|244/260\n|-damage|p2a: Landorus|212/260|[from] Stealth Rock\n|-ability|p2a: Landorus|Intimidate|boost\n|-unboost|p1a: Cresselia|atk|1\n|move|p1a: Cresselia|Psyshock|p2a: Landorus\n|-damage|p2a: Landorus|61/260\n|\n|-heal|p2a: Landorus|77/260|[from] item: Leftovers\n|upkeep\n|turn|17\n|inactive|Time left: 300 sec this turn | 300 sec total\n|\n|t:|1783540461\n|move|p1a: Cresselia|Psyshock|p2a: Landorus\n|-damage|p2a: Landorus|0 fnt\n|faint|p2a: Landorus\n|\n|upkeep\n|inactive|Time left: 300 sec this turn | 300 sec total | 5 sec grace\n|\n|t:|1783540462\n|switch|p2a: Regice|Regice, L88|199/284\n|turn|18\n|inactive|Time left: 300 sec this turn | 300 sec total\n|\n|t:|1783540463\n|move|p1a: Cresselia|Psyshock|p2a: Regice\n|-damage|p2a: Regice|97/284\n|move|p2a: Regice|Thunder Wave|p1a: Cresselia\n|-status|p1a: Cresselia|par\n|\n|upkeep\n|turn|19\n|inactive|Time left: 300 sec this turn | 300 sec total\n|\n|t:|1783540464\n|move|p2a: Regice|Ice Beam|p1a: Cresselia\n|-damage|p1a: Cresselia|85/100 par\n|move|p1a: Cresselia|Psyshock|p2a: Regice\n|-damage|p2a: Regice|0 fnt\n|faint|p2a: Regice\n|\n|-heal|p1a: Cresselia|92/100 par|[from] item: Leftovers\n|upkeep\n|inactive|Time left: 300 sec this turn | 300 sec total | 5 sec grace\n|\n|t:|1783540465\n|switch|p2a: Haxorus|Haxorus, L77, M|244/244\n|-damage|p2a: Haxorus|214/244|[from] Stealth Rock\n|-ability|p2a: Haxorus|Mold Breaker\n|turn|20\n|inactive|Time left: 300 sec this turn | 300 sec total\n|\n|t:|1783540466\n|move|p2a: Haxorus|Swords Dance|p2a: Haxorus\n|-boost|p2a: Haxorus|atk|2\n|move|p1a: Cresselia|Moonblast|p2a: Haxorus\n|-supereffective|p2a: Haxorus\n|-damage|p2a: Haxorus|0 fnt\n|faint|p2a: Haxorus\n|\n|-heal|p1a: Cresselia|98/100 par|[from] item: Leftovers\n|upkeep\n|inactive|Time left: 300 sec this turn | 300 sec total | 5 sec grace\n|\n|t:|1783540466\n|switch|p2a: Arcanine|Arcanine, L84, M|150/288\n|-ability|p2a: Arcanine|Intimidate|boost\n|-unboost|p1a: Cresselia|atk|1\n|turn|21\n|inactive|Time left: 300 sec this turn | 300 sec total\n|\n|t:|1783540467\n|move|p2a: Arcanine|Extreme Speed|p1a: Cresselia\n|-damage|p1a: Cresselia|81/100 par\n|cant|p1a: Cresselia|par\n|\n|-heal|p1a: Cresselia|87/100 par|[from] item: Leftovers\n|upkeep\n|turn|22\n|inactive|Time left: 300 sec this turn | 300 sec total\n|\n|t:|1783540468\n|move|p2a: Arcanine|Flare Blitz|p1a: Cresselia\n|-damage|p1a: Cresselia|50/100 par\n|-damage|p2a: Arcanine|110/288|[from] Recoil\n|move|p1a: Cresselia|Psyshock|p2a: Arcanine\n|-damage|p2a: Arcanine|0 fnt\n|faint|p2a: Arcanine\n|\n|-heal|p1a: Cresselia|56/100 par|[from] item: Leftovers\n|upkeep\n|inactive|Time left: 300 sec this turn | 300 sec total | 5 sec grace\n|\n|t:|1783540469\n|switch|p2a: Persian|Persian-Alola, L86, M|252/252\n|-damage|p2a: Persian|221/252|[from] Stealth Rock\n|turn|23\n|inactive|Time left: 300 sec this turn | 300 sec total\n|\n|t:|1783540471\n|move|p2a: Persian|Nasty Plot|p2a: Persian\n|-boost|p2a: Persian|spa|2\n|move|p1a: Cresselia|Moonblast|p2a: Persian\n|-supereffective|p2a: Persian\n|-damage|p2a: Persian|0 fnt\n|faint|p2a: Persian\n|\n|-heal|p1a: Cresselia|62/100 par|[from] item: Leftovers\n|upkeep\n|inactive|Time left: 300 sec this turn | 300 sec total | 5 sec grace\n|\n|t:|1783540471\n|switch|p2a: Iron Bundle|Iron Bundle, L78|215/215\n|turn|24\n|inactive|Time left: 300 sec this turn | 300 sec total\n|\n|t:|1783540472\n|move|p2a: Iron Bundle|Ice Beam|p1a: Cresselia\n|-damage|p1a: Cresselia|50/100 par\n|move|p1a: Cresselia|Moonblast|p2a: Iron Bundle\n|-damage|p2a: Iron Bundle|69/215\n|-unboost|p2a: Iron Bundle|spa|1\n|\n|-heal|p1a: Cresselia|57/100 par|[from] item: Leftovers\n|upkeep\n|turn|25\n|inactive|Time left: 300 sec this turn | 300 sec total\n|\n|t:|1783540473\n|move|p2a: Iron Bundle|Freeze-Dry|p1a: Cresselia\n|-damage|p1a: Cresselia|50/100 par\n|move|p1a: Cresselia|Psyshock|p2a: Iron Bundle\n|-damage|p2a: Iron Bundle|0 fnt\n|faint|p2a: Iron Bundle\n|-end|p2a: Iron Bundle|Quark Drive|[silent]\n|\n|win|p0x1104f7c", "uploadtime": 1783540473, "views": 0, "rating": 0, "private": 0, "password": null, "_winner": "p0x1104f7c", "_our_name": "p0y110ee89"}