{"id": "battle-gen9randombattle-150", "formatid": "gen9randombattle", "format": "[Gen 9] Random Battle", "players": ["p0x150a40a", "p0y150afeb"], "log": "|init|battle\n|title|p0x150a40a vs. p0y150afeb\n|j|\u2606p0x150a40a\n|j|\u2606p0y150afeb\n|t:|1783541298\n|gametype|singles\n|player|p1|p0x150a40a|170|\n|player|p2|p0y150afeb|169|\n|gen|9\n|tier|[Gen 9] Random Battle\n|rule|Species Clause: Limit one of each Pok\u00e9mon\n|rule|HP Percentage Mod: HP is shown in percentages\n|rule|Sleep Clause Mod: Limit one foe put to sleep\n|rule|Illusion Level Mod: Illusion disguises the Pok\u00e9mon's true level\n|\n|t:|1783541298\n|teamsize|p1|6\n|teamsize|p2|6\n|start\n|switch|p1a: Arceus|Arceus-Poison, L70|100/100\n|switch|p2a: Iron Jugulis|Iron Jugulis, L77|271/271\n|turn|1\n|inactive|Battle timer is ON: inactive players will automatically lose when time's up. (requested by p0x150a40a)\n|inactive|Time left: 300 sec this turn | 300 sec total | 60 sec grace\n|inactive|p0y150afeb also wants the timer to be on.\n|\n|t:|1783541299\n|move|p2a: Iron Jugulis|Meteor Beam||[still]\n|-prepare|p2a: Iron Jugulis|Meteor Beam\n|-boost|p2a: Iron Jugulis|spa|1\n|-enditem|p2a: Iron Jugulis|Power Herb\n|-anim|p2a: Iron Jugulis|Meteor Beam|p1a: Arceus\n|-damage|p1a: Arceus|62/100\n|move|p1a: Arceus|Gunk Shot|p2a: Iron Jugulis\n|-damage|p2a: Iron Jugulis|138/271\n|-status|p2a: Iron Jugulis|psn\n|\n|-damage|p2a: Iron Jugulis|105/271 psn|[from] psn\n|upkeep\n|turn|2\n|inactive|Time left: 300 sec this turn | 300 sec total\n|\n|t:|1783541300\n|switch|p1a: Conkeldurr|Conkeldurr, L80, M|100/100\n|move|p2a: Iron Jugulis|Earth Power|p1a: Conkeldurr\n|-damage|p1a: Conkeldurr|61/100\n|-unboost|p1a: Conkeldurr|spd|1\n|\n|-damage|p2a: Iron Jugulis|72/271 psn|[from] psn\n|-status|p1a: Conkeldurr|brn|[from] item: Flame Orb\n|upkeep\n|turn|3\n|inactive|Time left: 300 sec this turn | 300 sec total\n|\n|t:|1783541301\n|move|p1a: Conkeldurr|Mach Punch|p2a: Iron Jugulis\n|-crit|p2a: Iron Jugulis\n|-damage|p2a: Iron Jugulis|0 fnt\n|faint|p2a: Iron Jugulis\n|-end|p2a: Iron Jugulis|Quark Drive|[silent]\n|\n|-damage|p1a: Conkeldurr|55/100 brn|[from] brn\n|upkeep\n|inactive|Time left: 300 sec this turn | 300 sec total | 5 sec grace\n|\n|t:|1783541301\n|switch|p2a: Chandelure|Chandelure, L83, F|235/235\n|turn|4\n|inactive|Time left: 300 sec this turn | 300 sec total\n|\n|t:|1783541302\n|switch|p1a: Okidogi|Okidogi, L77, M|100/100\n|move|p2a: Chandelure|Fire Blast|p1a: Okidogi\n|-damage|p1a: Okidogi|52/100\n|\n|upkeep\n|turn|5\n|inactive|Time left: 300 sec this turn | 300 sec total\n|\n|t:|1783541303\n|move|p2a: Chandelure|Fire Blast|p1a: Okidogi\n|-damage|p1a: Okidogi|5/100\n|move|p1a: Okidogi|Knock Off|p2a: Chandelure\n|-supereffective|p2a: Chandelure\n|-damage|p2a: Chandelure|79/235\n|-status|p2a: Chandelure|tox|[from] ability: Toxic Chain|[of] p1a: Okidogi\n|-enditem|p2a: Chandelure|Heavy-Duty Boots|[from] move: Knock Off|[of] p1a: Okidogi\n|\n|-damage|p2a: Chandelure|65/235 tox|[from] psn\n|upkeep\n|turn|6\n|inactive|Time left: 300 sec this turn | 300 sec total\n|\n|t:|1783541304\n|move|p2a: Chandelure|Fire Blast|p1a: Okidogi\n|-damage|p1a: Okidogi|0 fnt\n|faint|p1a: Okidogi\n|\n|-damage|p2a: Chandelure|37/235 tox|[from] psn\n|upkeep\n|\n|t:|1783541305\n|switch|p1a: Arceus|Arceus-Poison, L70|62/100\n|turn|7\n|inactive|Time left: 300 sec this turn | 300 sec total\n|\n|t:|1783541306\n|move|p1a: Arceus|Gunk Shot|p2a: Chandelure\n|-resisted|p2a: Chandelure\n|-damage|p2a: Chandelure|0 fnt\n|faint|p2a: Chandelure\n|\n|upkeep\n|inactive|Time left: 300 sec this turn | 300 sec total | 5 sec grace\n|\n|t:|1783541307\n|switch|p2a: Persian|Persian, L92, M|269/269\n|turn|8\n|inactive|Time left: 300 sec this turn | 300 sec total\n|\n|t:|1783541308\n|move|p2a: Persian|Double-Edge|p1a: Arceus\n|-damage|p1a: Arceus|6/100\n|-damage|p2a: Persian|217/269|[from] Recoil\n|move|p1a: Arceus|Gunk Shot|p2a: Persian|[miss]\n|-miss|p1a: Arceus|p2a: Persian\n|\n|upkeep\n|turn|9\n|inactive|Time left: 300 sec this turn | 300 sec total\n|\n|t:|1783541309\n|move|p2a: Persian|Double-Edge|p1a: Arceus\n|-damage|p1a: Arceus|0 fnt\n|faint|p1a: Arceus\n|-damage|p2a: Persian|212/269|[from] Recoil\n|\n|upkeep\n|\n|t:|1783541311\n|switch|p1a: Glaceon|Glaceon, L94, M|100/100\n|turn|10\n|inactive|Time left: 300 sec this turn | 300 sec total\n|\n|t:|1783541312\n|move|p2a: Persian|Double-Edge|p1a: Glaceon\n|-damage|p1a: Glaceon|49/100\n|-damage|p2a: Persian|165/269|[from] Recoil\n|move|p1a: Glaceon|Freeze-Dry|p2a: Persian\n|-damage|p2a: Persian|42/269\n|-status|p2a: Persian|frz\n|\n|upkeep\n|turn|11\n|inactive|Time left: 300 sec this turn | 300 sec total\n|\n|t:|1783541313\n|switch|p2a: Virizion|Virizion, L82|283/283\n|move|p1a: Glaceon|Freeze-Dry|p2a: Virizion\n|-supereffective|p2a: Virizion\n|-damage|p2a: Virizion|113/283\n|\n|upkeep\n|turn|12\n|inactive|Time left: 300 sec this turn | 300 sec total\n|\n|t:|1783541314\n|switch|p1a: Necrozma|Necrozma, L80|100/100\n|move|p2a: Virizion|Close Combat|p1a: Necrozma\n|-resisted|p1a: Necrozma\n|-damage|p1a: Necrozma|76/100\n|-unboost|p2a: Virizion|def|1\n|-unboost|p2a: Virizion|spd|1\n|-damage|p2a: Virizion|85/283|[from] item: Life Orb\n|\n|-heal|p1a: Necrozma|82/100|[from] item: Leftovers\n|upkeep\n|turn|13\n|inactive|Time left: 300 sec this turn | 300 sec total\n|\n|t:|1783541315\n|move|p2a: Virizion|Leaf Blade|p1a: Necrozma\n|-damage|p1a: Necrozma|47/100\n|-damage|p2a: Virizion|57/283|[from] item: Life Orb\n|move|p1a: Necrozma|Calm Mind|p1a: Necrozma\n|-boost|p1a: Necrozma|spa|1\n|-boost|p1a: Necrozma|spd|1\n|\n|-heal|p1a: Necrozma|53/100|[from] item: Leftovers\n|upkeep\n|turn|14\n|inactive|Time left: 300 sec this turn | 300 sec total\n|\n|t:|1783541316\n|move|p2a: Virizion|Leaf Blade|p1a: Necrozma\n|-damage|p1a: Necrozma|18/100\n|-damage|p2a: Virizion|29/283|[from] item: Life Orb\n|move|p1a: Necrozma|Moonlight|p1a: Necrozma\n|-heal|p1a: Necrozma|68/100\n|\n|-heal|p1a: Necrozma|74/100|[from] item: Leftovers\n|upkeep\n|turn|15\n|inactive|Time left: 300 sec this turn | 300 sec total\n|\n|t:|1783541317\n|move|p2a: Virizion|Leaf Blade|p1a: Necrozma\n|-damage|p1a: Necrozma|36/100\n|-damage|p2a: Virizion|1/283|[from] item: Life Orb\n|move|p1a: Necrozma|Moonlight|p1a: Necrozma\n|-heal|p1a: Necrozma|86/100\n|\n|-heal|p1a: Necrozma|92/100|[from] item: Leftovers\n|upkeep\n|turn|16\n|inactive|Time left: 300 sec this turn | 300 sec total\n|\n|t:|1783541318\n|move|p2a: Virizion|Swords Dance|p2a: Virizion\n|-boost|p2a: Virizion|atk|2\n|move|p1a: Necrozma|Calm Mind|p1a: Necrozma\n|-boost|p1a: Necrozma|spa|1\n|-boost|p1a: Necrozma|spd|1\n|\n|-heal|p1a: Necrozma|98/100|[from] item: Leftovers\n|upkeep\n|turn|17\n|inactive|Time left: 300 sec this turn | 300 sec total\n|\n|t:|1783541319\n|move|p2a: Virizion|Leaf Blade|p1a: Necrozma\n|-damage|p1a: Necrozma|28/100\n|-damage|p2a: Virizion|0 fnt|[from] item: Life Orb\n|faint|p2a: Virizion\n|move|p1a: Necrozma|Moonlight|p1a: Necrozma\n|-heal|p1a: Necrozma|78/100\n|\n|-heal|p1a: Necrozma|84/100|[from] item: Leftovers\n|upkeep\n|inactive|Time left: 300 sec this turn | 300 sec total | 5 sec grace\n|\n|t:|1783541320\n|switch|p2a: Okidogi|Okidogi, L77, M|262/262\n|turn|18\n|inactive|Time left: 300 sec this turn | 300 sec total\n|\n|t:|1783541321\n|-terastallize|p2a: Okidogi|Dark\n|move|p1a: Necrozma|Earth Power|p2a: Okidogi\n|-damage|p2a: Okidogi|97/262\n|-unboost|p2a: Okidogi|spd|1\n|move|p2a: Okidogi|Knock Off|p1a: Necrozma\n|-supereffective|p1a: Necrozma\n|-damage|p1a: Necrozma|27/100\n|-enditem|p1a: Necrozma|Leftovers|[from] move: Knock Off|[of] p2a: Okidogi\n|\n|-heal|p2a: Okidogi|113/262|[from] item: Leftovers\n|upkeep\n|turn|19\n|inactive|Time left: 300 sec this turn | 300 sec total\n|\n|t:|1783541322\n|move|p1a: Necrozma|Earth Power|p2a: Okidogi\n|-damage|p2a: Okidogi|0 fnt\n|faint|p2a: Okidogi\n|\n|upkeep\n|inactive|Time left: 300 sec this turn | 300 sec total | 5 sec grace\n|\n|t:|1783541323\n|switch|p2a: Moltres|Moltres, L81|278/278\n|turn|20\n|inactive|Time left: 300 sec this turn | 300 sec total\n|\n|t:|1783541324\n|move|p2a: Moltres|Brave Bird|p1a: Necrozma\n|-damage|p1a: Necrozma|0 fnt\n|faint|p1a: Necrozma\n|-damage|p2a: Moltres|253/278|[from] Recoil\n|\n|upkeep\n|\n|t:|1783541325\n|switch|p1a: Glaceon|Glaceon, L94, M|49/100\n|turn|21\n|inactive|Time left: 300 sec this turn | 300 sec total\n|\n|t:|1783541326\n|move|p1a: Glaceon|Protect|p1a: Glaceon\n|-singleturn|p1a: Glaceon|Protect\n|move|p2a: Moltres|Fire Blast|p1a: Glaceon\n|-activate|p1a: Glaceon|move: Protect\n|\n|upkeep\n|turn|22\n|inactive|Time left: 300 sec this turn | 300 sec total\n|\n|t:|1783541327\n|move|p2a: Moltres|Fire Blast|p1a: Glaceon\n|-supereffective|p1a: Glaceon\n|-damage|p1a: Glaceon|0 fnt\n|faint|p1a: Glaceon\n|\n|upkeep\n|\n|t:|1783541327\n|switch|p1a: Conkeldurr|Conkeldurr, L80, M|55/100 brn\n|turn|23\n|inactive|Time left: 300 sec this turn | 300 sec total\n|\n|t:|1783541328\n|-terastallize|p1a: Conkeldurr|Normal\n|move|p2a: Moltres|Fire Blast|p1a: Conkeldurr\n|-damage|p1a: Conkeldurr|0 fnt\n|faint|p1a: Conkeldurr\n|\n|upkeep\n|\n|t:|1783541329\n|switch|p1a: Delibird|Delibird, M|100/100\n|turn|24\n|inactive|Time left: 300 sec this turn | 300 sec total\n|\n|t:|1783541330\n|move|p1a: Delibird|Freeze-Dry|p2a: Moltres\n|-damage|p2a: Moltres|165/278\n|move|p2a: Moltres|Fire Blast|p1a: Delibird\n|-supereffective|p1a: Delibird\n|-damage|p1a: Delibird|0 fnt\n|faint|p1a: Delibird\n|\n|win|p0y150afeb", "uploadtime": 1783541330, "views": 0, "rating": 0, "private": 0, "password": null, "_winner": "p0y150afeb", "_our_name": "p0y150afeb"}