{"id": "battle-gen9randombattle-1718", "formatid": "gen9randombattle", "format": "[Gen 9] Random Battle", "players": ["p0x17186ee7", "p0y17181caa"], "log": "|init|battle\n|title|p0x17186ee7 vs. p0y17181caa\n|j|\u2606p0x17186ee7\n|j|\u2606p0y17181caa\n|t:|1783559086\n|gametype|singles\n|player|p1|p0x17186ee7|101|\n|player|p2|p0y17181caa|170|\n|gen|9\n|tier|[Gen 9] Random Battle\n|rule|Species Clause: Limit one of each Pok\u00e9mon\n|rule|HP Percentage Mod: HP is shown in percentages\n|rule|Sleep Clause Mod: Limit one foe put to sleep\n|rule|Illusion Level Mod: Illusion disguises the Pok\u00e9mon's true level\n|\n|t:|1783559086\n|teamsize|p1|6\n|teamsize|p2|6\n|start\n|switch|p1a: Talonflame|Talonflame, L83, M|265/265\n|switch|p2a: Dragapult|Dragapult, L77, F|100/100\n|turn|1\n|inactive|Battle timer is ON: inactive players will automatically lose when time's up. (requested by p0x17186ee7)\n|inactive|p0y17181caa also wants the timer to be on.\n|\n|t:|1783559087\n|move|p2a: Dragapult|Dragon Darts|p1a: Talonflame\n|-damage|p1a: Talonflame|179/265\n|-anim|p2a: Dragapult|Dragon Darts|p1a: Talonflame\n|-damage|p1a: Talonflame|104/265\n|-damage|p2a: Dragapult|91/100|[from] item: Life Orb\n|move|p1a: Talonflame|Will-O-Wisp|p2a: Dragapult\n|-status|p2a: Dragapult|brn\n|\n|-damage|p2a: Dragapult|84/100 brn|[from] brn\n|upkeep\n|turn|2\n|inactive|Time left: 300 sec this turn | 300 sec total\n|\n|t:|1783559089\n|move|p2a: Dragapult|Dragon Dance|p2a: Dragapult\n|-boost|p2a: Dragapult|atk|1\n|-boost|p2a: Dragapult|spe|1\n|move|p1a: Talonflame|Roost|p1a: Talonflame\n|-heal|p1a: Talonflame|237/265\n|-singleturn|p1a: Talonflame|move: Roost\n|\n|-damage|p2a: Dragapult|78/100 brn|[from] brn\n|upkeep\n|turn|3\n|inactive|Time left: 300 sec this turn | 300 sec total\n|\n|t:|1783559090\n|move|p2a: Dragapult|Dragon Darts|p1a: Talonflame\n|-damage|p1a: Talonflame|176/265\n|-anim|p2a: Dragapult|Dragon Darts|p1a: Talonflame\n|-damage|p1a: Talonflame|121/265\n|-damage|p2a: Dragapult|68/100 brn|[from] item: Life Orb\n|move|p1a: Talonflame|Brave Bird|p2a: Dragapult\n|-damage|p2a: Dragapult|21/100 brn\n|-damage|p1a: Talonflame|80/265|[from] Recoil\n|\n|-damage|p2a: Dragapult|15/100 brn|[from] brn\n|upkeep\n|turn|4\n|inactive|Time left: 300 sec this turn | 300 sec total\n|\n|t:|1783559091\n|move|p2a: Dragapult|Dragon Darts|p1a: Talonflame\n|-damage|p1a: Talonflame|14/265\n|-anim|p2a: Dragapult|Dragon Darts|p1a: Talonflame\n|-damage|p1a: Talonflame|0 fnt\n|faint|p1a: Talonflame\n|-damage|p2a: Dragapult|5/100 brn|[from] item: Life Orb\n|\n|-damage|p2a: Dragapult|0 fnt|[from] brn\n|faint|p2a: Dragapult\n|upkeep\n|inactive|Time left: 300 sec this turn | 300 sec total | 5 sec grace\n|\n|t:|1783559092\n|switch|p2a: Koraidon|Koraidon, L64|100/100\n|switch|p1a: Cloyster|Cloyster, L80, M|211/211\n|-weather|SunnyDay|[from] ability: Orichalcum Pulse|[of] p2a: Koraidon\n|-activate|p2a: Koraidon|Orichalcum Pulse|[source]\n|turn|5\n|inactive|Time left: 300 sec this turn | 300 sec total\n|\n|t:|1783559093\n|move|p2a: Koraidon|Close Combat|p1a: Cloyster\n|-supereffective|p1a: Cloyster\n|-damage|p1a: Cloyster|1/211\n|-unboost|p2a: Koraidon|def|1\n|-unboost|p2a: Koraidon|spd|1\n|move|p1a: Cloyster|Shell Smash|p1a: Cloyster\n|-unboost|p1a: Cloyster|def|1\n|-unboost|p1a: Cloyster|spd|1\n|-boost|p1a: Cloyster|atk|2\n|-boost|p1a: Cloyster|spa|2\n|-boost|p1a: Cloyster|spe|2\n|-enditem|p1a: Cloyster|White Herb\n|-clearnegativeboost|p1a: Cloyster|[silent]\n|\n|-weather|SunnyDay|[upkeep]\n|upkeep\n|turn|6\n|inactive|Time left: 300 sec this turn | 300 sec total\n|\n|t:|1783559094\n|move|p1a: Cloyster|Icicle Spear|p2a: Koraidon\n|-supereffective|p2a: Koraidon\n|-damage|p2a: Koraidon|32/100\n|-supereffective|p2a: Koraidon\n|-damage|p2a: Koraidon|0 fnt\n|faint|p2a: Koraidon\n|-hitcount|p2: Koraidon|2\n|\n|-weather|SunnyDay|[upkeep]\n|upkeep\n|\n|t:|1783559095\n|switch|p2a: Houndstone|Houndstone, L86, M|100/100\n|turn|7\n|inactive|Time left: 300 sec this turn | 300 sec total\n|\n|t:|1783559096\n|move|p2a: Houndstone|Shadow Sneak|p1a: Cloyster\n|-damage|p1a: Cloyster|0 fnt\n|faint|p1a: Cloyster\n|\n|-weather|SunnyDay|[upkeep]\n|upkeep\n|inactive|Time left: 300 sec this turn | 300 sec total | 5 sec grace\n|\n|t:|1783559097\n|switch|p1a: Zekrom|Zekrom, L71|259/259\n|-ability|p1a: Zekrom|Teravolt\n|turn|8\n|inactive|Time left: 300 sec this turn | 300 sec total\n|\n|t:|1783559098\n|move|p1a: Zekrom|Dragon Dance|p1a: Zekrom\n|-boost|p1a: Zekrom|atk|1\n|-boost|p1a: Zekrom|spe|1\n|move|p2a: Houndstone|Play Rough|p1a: Zekrom\n|-supereffective|p1a: Zekrom\n|-damage|p1a: Zekrom|141/259\n|\n|-weather|SunnyDay|[upkeep]\n|-heal|p1a: Zekrom|157/259|[from] item: Leftovers\n|upkeep\n|turn|9\n|inactive|Time left: 300 sec this turn | 300 sec total\n|\n|t:|1783559099\n|move|p1a: Zekrom|Outrage|p2a: Houndstone\n|-damage|p2a: Houndstone|35/100\n|move|p2a: Houndstone|Poltergeist|p1a: Zekrom\n|-activate|p1a: Zekrom|move: Poltergeist|Leftovers\n|-damage|p1a: Zekrom|36/259\n|\n|-weather|none\n|-heal|p1a: Zekrom|52/259|[from] item: Leftovers\n|upkeep\n|turn|10\n|inactive|Time left: 300 sec this turn | 300 sec total\n|\n|t:|1783559100\n|move|p2a: Houndstone|Shadow Sneak|p1a: Zekrom\n|-damage|p1a: Zekrom|12/259\n|move|p1a: Zekrom|Outrage|p2a: Houndstone|[from] lockedmove\n|-damage|p2a: Houndstone|0 fnt\n|faint|p2a: Houndstone\n|\n|-heal|p1a: Zekrom|28/259|[from] item: Leftovers\n|upkeep\n|\n|t:|1783559101\n|switch|p2a: Iron Boulder|Iron Boulder, L77|100/100\n|-enditem|p2a: Iron Boulder|Booster Energy\n|-activate|p2a: Iron Boulder|ability: Quark Drive|[fromitem]\n|-start|p2a: Iron Boulder|quarkdrivespe\n|turn|11\n|inactive|Time left: 300 sec this turn | 300 sec total\n|\n|t:|1783559102\n|move|p2a: Iron Boulder|Mighty Cleave|p1a: Zekrom\n|-damage|p1a: Zekrom|0 fnt\n|faint|p1a: Zekrom\n|\n|upkeep\n|inactive|Time left: 300 sec this turn | 300 sec total | 5 sec grace\n|\n|t:|1783559103\n|switch|p1a: Wyrdeer|Wyrdeer, L87, F|321/321\n|-ability|p1a: Wyrdeer|Intimidate|boost\n|-unboost|p2a: Iron Boulder|atk|1\n|turn|12\n|inactive|Time left: 300 sec this turn | 300 sec total\n|\n|t:|1783559104\n|-end|p2a: Iron Boulder|Quark Drive|[silent]\n|switch|p2a: Vigoroth|Vigoroth, L85, M|100/100\n|move|p1a: Wyrdeer|Earthquake|p2a: Vigoroth\n|-damage|p2a: Vigoroth|80/100\n|\n|upkeep\n|turn|13\n|inactive|Time left: 300 sec this turn | 300 sec total\n|\n|t:|1783559105\n|move|p2a: Vigoroth|Bulk Up|p2a: Vigoroth\n|-boost|p2a: Vigoroth|atk|1\n|-boost|p2a: Vigoroth|def|1\n|move|p1a: Wyrdeer|Psychic Noise|p2a: Vigoroth\n|-crit|p2a: Vigoroth\n|-damage|p2a: Vigoroth|36/100\n|-start|p2a: Vigoroth|move: Heal Block\n|\n|upkeep\n|turn|14\n|inactive|Time left: 300 sec this turn | 300 sec total\n|\n|t:|1783559106\n|move|p2a: Vigoroth|Body Slam|p1a: Wyrdeer\n|-damage|p1a: Wyrdeer|179/321\n|move|p1a: Wyrdeer|Psychic Noise|p2a: Vigoroth\n|-damage|p2a: Vigoroth|8/100\n|\n|-heal|p1a: Wyrdeer|199/321|[from] item: Leftovers\n|-end|p2a: Vigoroth|move: Heal Block\n|upkeep\n|turn|15\n|inactive|Time left: 300 sec this turn | 300 sec total\n|\n|t:|1783559107\n|move|p2a: Vigoroth|Slack Off|p2a: Vigoroth\n|-heal|p2a: Vigoroth|59/100\n|move|p1a: Wyrdeer|Psychic Noise|p2a: Vigoroth\n|-damage|p2a: Vigoroth|30/100\n|-start|p2a: Vigoroth|move: Heal Block\n|\n|-heal|p1a: Wyrdeer|219/321|[from] item: Leftovers\n|upkeep\n|turn|16\n|inactive|Time left: 300 sec this turn | 300 sec total\n|\n|t:|1783559108\n|move|p2a: Vigoroth|Knock Off|p1a: Wyrdeer\n|-supereffective|p1a: Wyrdeer\n|-crit|p1a: Wyrdeer\n|-damage|p1a: Wyrdeer|0 fnt\n|-enditem|p1a: Wyrdeer|Leftovers|[from] move: Knock Off|[of] p2a: Vigoroth\n|faint|p1a: Wyrdeer\n|\n|-end|p2a: Vigoroth|move: Heal Block\n|upkeep\n|inactive|Time left: 300 sec this turn | 300 sec total | 5 sec grace\n|\n|t:|1783559109\n|switch|p1a: Roaring Moon|Roaring Moon, L72|270/270\n|-enditem|p1a: Roaring Moon|Booster Energy\n|-activate|p1a: Roaring Moon|ability: Protosynthesis|[fromitem]\n|-start|p1a: Roaring Moon|protosynthesisatk\n|turn|17\n|inactive|Time left: 300 sec this turn | 300 sec total\n|\n|t:|1783559110\n|move|p1a: Roaring Moon|Dragon Dance|p1a: Roaring Moon\n|-boost|p1a: Roaring Moon|atk|1\n|-boost|p1a: Roaring Moon|spe|1\n|move|p2a: Vigoroth|Slack Off|p2a: Vigoroth\n|-heal|p2a: Vigoroth|80/100\n|\n|upkeep\n|turn|18\n|inactive|Time left: 300 sec this turn | 300 sec total\n|\n|t:|1783559111\n|move|p1a: Roaring Moon|Knock Off|p2a: Vigoroth\n|-damage|p2a: Vigoroth|44/100\n|-enditem|p2a: Vigoroth|Eviolite|[from] move: Knock Off|[of] p1a: Roaring Moon\n|move|p2a: Vigoroth|Body Slam|p1a: Roaring Moon\n|-damage|p1a: Roaring Moon|95/270\n|\n|upkeep\n|turn|19\n|inactive|Time left: 300 sec this turn | 300 sec total\n|\n|t:|1783559112\n|move|p1a: Roaring Moon|Outrage|p2a: Vigoroth\n|-damage|p2a: Vigoroth|0 fnt\n|faint|p2a: Vigoroth\n|\n|upkeep\n|\n|t:|1783559113\n|switch|p2a: Pincurchin|Pincurchin, M|100/100\n|-fieldstart|move: Electric Terrain|[from] ability: Electric Surge|[of] p2a: Pincurchin\n|turn|20\n|inactive|Time left: 300 sec this turn | 300 sec total\n|\n|t:|1783559114\n|move|p1a: Roaring Moon|Outrage|p2a: Pincurchin|[from] lockedmove\n|-damage|p2a: Pincurchin|28/100\n|-start|p1a: Roaring Moon|confusion|[fatigue]\n|move|p2a: Pincurchin|Zing Zap|p1a: Roaring Moon\n|-resisted|p1a: Roaring Moon\n|-damage|p1a: Roaring Moon|0 fnt\n|faint|p1a: Roaring Moon\n|-end|p1a: Roaring Moon|Protosynthesis|[silent]\n|\n|-heal|p2a: Pincurchin|34/100|[from] item: Leftovers\n|upkeep\n|inactive|Time left: 300 sec this turn | 300 sec total | 5 sec grace\n|\n|t:|1783559115\n|switch|p1a: Crabominable|Crabominable, L90, F|321/321\n|turn|21\n|inactive|Time left: 300 sec this turn | 300 sec total\n|\n|t:|1783559116\n|-terastallize|p1a: Crabominable|Water\n|move|p1a: Crabominable|Drain Punch|p2a: Pincurchin\n|-damage|p2a: Pincurchin|0 fnt\n|faint|p2a: Pincurchin\n|\n|upkeep\n|\n|t:|1783559117\n|switch|p2a: Iron Boulder|Iron Boulder, L77|100/100\n|-activate|p2a: Iron Boulder|ability: Quark Drive\n|-start|p2a: Iron Boulder|quarkdrivespe\n|turn|22\n|inactive|Time left: 300 sec this turn | 300 sec total\n|\n|t:|1783559118\n|-terastallize|p2a: Iron Boulder|Fighting\n|move|p2a: Iron Boulder|Swords Dance|p2a: Iron Boulder\n|-boost|p2a: Iron Boulder|atk|2\n|move|p1a: Crabominable|Drain Punch|p2a: Iron Boulder\n|-crit|p2a: Iron Boulder\n|-damage|p2a: Iron Boulder|10/100\n|\n|upkeep\n|turn|23\n|inactive|Time left: 300 sec this turn | 300 sec total\n|\n|t:|1783559119\n|move|p2a: Iron Boulder|Zen Headbutt|p1a: Crabominable\n|-damage|p1a: Crabominable|159/321\n|move|p1a: Crabominable|Knock Off|p2a: Iron Boulder\n|-resisted|p2a: Iron Boulder\n|-damage|p2a: Iron Boulder|0 fnt\n|faint|p2a: Iron Boulder\n|-end|p2a: Iron Boulder|Quark Drive|[silent]\n|\n|win|p0x17186ee7", "uploadtime": 1783559119, "views": 0, "rating": 0, "private": 0, "password": null, "_winner": "p0x17186ee7", "_our_name": "p0x17186ee7"}