{"id": "battle-gen9randombattle-2175", "formatid": "gen9randombattle", "format": "[Gen 9] Random Battle", "players": ["p0x21759574", "p0y2175c6d9"], "log": "|init|battle\n|title|p0x21759574 vs. p0y2175c6d9\n|j|\u2606p0x21759574\n|j|\u2606p0y2175c6d9\n|t:|1783564328\n|gametype|singles\n|player|p1|p0x21759574|265|\n|player|p2|p0y2175c6d9|101|\n|gen|9\n|tier|[Gen 9] Random Battle\n|rule|Species Clause: Limit one of each Pok\u00e9mon\n|rule|HP Percentage Mod: HP is shown in percentages\n|rule|Sleep Clause Mod: Limit one foe put to sleep\n|rule|Illusion Level Mod: Illusion disguises the Pok\u00e9mon's true level\n|\n|t:|1783564328\n|teamsize|p1|6\n|teamsize|p2|6\n|start\n|switch|p1a: Ludicolo|Ludicolo, L90, M|290/290\n|switch|p2a: Spidops|Spidops, L96, M|100/100\n|turn|1\n|inactive|Battle timer is ON: inactive players will automatically lose when time's up. (requested by p0x21759574)\n|inactive|p0y2175c6d9 also wants the timer to be on.\n|\n|t:|1783564330\n|switch|p1a: Espeon|Espeon, L84, F|246/246\n|move|p2a: Spidops|Sticky Web|p1a: Espeon\n|move|p1a: Espeon|Sticky Web|p2a: Spidops|[from] ability: Magic Bounce\n|-sidestart|p2: p0y2175c6d9|move: Sticky Web\n|\n|upkeep\n|turn|2\n|inactive|Time left: 300 sec this turn | 300 sec total\n|\n|t:|1783564331\n|move|p1a: Espeon|Psychic|p2a: Spidops\n|-damage|p2a: Spidops|44/100\n|move|p2a: Spidops|U-turn|p1a: Espeon\n|-supereffective|p1a: Espeon\n|-crit|p1a: Espeon\n|-damage|p1a: Espeon|0 fnt\n|faint|p1a: Espeon\n|\n|t:|1783564332\n|switch|p2a: Hariyama|Hariyama, L87, F|100/100|[from] U-turn\n|-activate|p2a: Hariyama|move: Sticky Web\n|-unboost|p2a: Hariyama|spe|1\n|\n|-status|p2a: Hariyama|brn|[from] item: Flame Orb\n|upkeep\n|inactive|Time left: 300 sec this turn | 300 sec total | 10 sec grace\n|\n|t:|1783564333\n|switch|p1a: Hitmonlee|Hitmonlee, L85, M|223/223\n|turn|3\n|inactive|Time left: 300 sec this turn | 300 sec total\n|\n|t:|1783564334\n|move|p1a: Hitmonlee|High Jump Kick|p2a: Hariyama\n|-damage|p2a: Hariyama|4/100 brn\n|move|p2a: Hariyama|Facade|p1a: Hitmonlee\n|-damage|p1a: Hitmonlee|0 fnt\n|faint|p1a: Hitmonlee\n|\n|-damage|p2a: Hariyama|0 fnt|[from] brn\n|faint|p2a: Hariyama\n|upkeep\n|inactive|Time left: 300 sec this turn | 300 sec total | 5 sec grace\n|\n|t:|1783564335\n|switch|p1a: Ludicolo|Ludicolo, L90, M|290/290\n|switch|p2a: Yanmega|Yanmega, L82, M|100/100\n|turn|4\n|inactive|Time left: 300 sec this turn | 300 sec total\n|\n|t:|1783564336\n|move|p2a: Yanmega|Air Slash|p1a: Ludicolo\n|-supereffective|p1a: Ludicolo\n|-damage|p1a: Ludicolo|152/290\n|cant|p1a: Ludicolo|flinch\n|\n|-ability|p2a: Yanmega|Speed Boost|boost\n|-boost|p2a: Yanmega|spe|1\n|upkeep\n|turn|5\n|inactive|Time left: 300 sec this turn | 300 sec total\n|\n|t:|1783564337\n|switch|p1a: Ampharos|Ampharos, L88, M|302/302\n|move|p2a: Yanmega|Bug Buzz|p1a: Ampharos\n|-damage|p1a: Ampharos|236/302\n|-unboost|p1a: Ampharos|spd|1\n|\n|-ability|p2a: Yanmega|Speed Boost|boost\n|-boost|p2a: Yanmega|spe|1\n|upkeep\n|turn|6\n|inactive|Time left: 300 sec this turn | 300 sec total\n|\n|t:|1783564338\n|move|p2a: Yanmega|Protect|p2a: Yanmega\n|-singleturn|p2a: Yanmega|Protect\n|move|p1a: Ampharos|Thunderbolt|p2a: Yanmega\n|-activate|p2a: Yanmega|move: Protect\n|\n|-ability|p2a: Yanmega|Speed Boost|boost\n|-boost|p2a: Yanmega|spe|1\n|upkeep\n|turn|7\n|inactive|Time left: 300 sec this turn | 300 sec total\n|\n|t:|1783564339\n|-terastallize|p2a: Yanmega|Ground\n|move|p2a: Yanmega|Bug Buzz|p1a: Ampharos\n|-damage|p1a: Ampharos|140/302\n|-unboost|p1a: Ampharos|spd|1\n|move|p1a: Ampharos|Thunderbolt|p2a: Yanmega\n|-immune|p2a: Yanmega\n|\n|-ability|p2a: Yanmega|Speed Boost|boost\n|-boost|p2a: Yanmega|spe|1\n|upkeep\n|turn|8\n|inactive|Time left: 300 sec this turn | 300 sec total\n|\n|t:|1783564340\n|switch|p1a: Mimikyu|Mimikyu, L79, M|216/216\n|move|p2a: Yanmega|Bug Buzz|p1a: Mimikyu\n|-activate|p1a: Mimikyu|ability: Disguise\n|-damage|p1a: Mimikyu|216/216\n|detailschange|p1a: Mimikyu|Mimikyu-Busted, L79, M\n|-damage|p1a: Mimikyu|189/216|[from] pokemon: Mimikyu-Busted\n|\n|-ability|p2a: Yanmega|Speed Boost|boost\n|-boost|p2a: Yanmega|spe|1\n|upkeep\n|turn|9\n|inactive|Time left: 300 sec this turn | 300 sec total\n|\n|t:|1783564341\n|move|p2a: Yanmega|Air Slash|p1a: Mimikyu\n|-damage|p1a: Mimikyu|102/216\n|move|p1a: Mimikyu|Swords Dance|p1a: Mimikyu\n|-boost|p1a: Mimikyu|atk|2\n|\n|-ability|p2a: Yanmega|Speed Boost|boost\n|-boost|p2a: Yanmega|spe|1\n|upkeep\n|turn|10\n|inactive|Time left: 300 sec this turn | 300 sec total\n|\n|t:|1783564342\n|move|p2a: Yanmega|Air Slash|p1a: Mimikyu\n|-damage|p1a: Mimikyu|21/216\n|cant|p1a: Mimikyu|flinch\n|\n|upkeep\n|turn|11\n|inactive|Time left: 300 sec this turn | 300 sec total\n|\n|t:|1783564343\n|move|p1a: Mimikyu|Shadow Sneak|p2a: Yanmega\n|-damage|p2a: Yanmega|66/100\n|-damage|p1a: Mimikyu|0 fnt|[from] item: Life Orb\n|faint|p1a: Mimikyu\n|move|p2a: Yanmega|Tera Blast|p1: Mimikyu|[notarget]\n|-fail|p2a: Yanmega\n|\n|upkeep\n|inactive|Time left: 300 sec this turn | 300 sec total | 5 sec grace\n|\n|t:|1783564344\n|switch|p1a: Reuniclus|Reuniclus, L88, F|337/337\n|turn|12\n|inactive|Time left: 300 sec this turn | 300 sec total\n|\n|t:|1783564345\n|move|p2a: Yanmega|Protect|p2a: Yanmega\n|-singleturn|p2a: Yanmega|Protect\n|move|p1a: Reuniclus|Focus Blast|p2a: Yanmega\n|-activate|p2a: Yanmega|move: Protect\n|\n|upkeep\n|turn|13\n|inactive|Time left: 300 sec this turn | 300 sec total\n|\n|t:|1783564346\n|move|p2a: Yanmega|Air Slash|p1a: Reuniclus\n|-damage|p1a: Reuniclus|244/337\n|cant|p1a: Reuniclus|flinch\n|\n|upkeep\n|turn|14\n|inactive|Time left: 300 sec this turn | 300 sec total\n|\n|t:|1783564347\n|move|p2a: Yanmega|Bug Buzz|p1a: Reuniclus\n|-supereffective|p1a: Reuniclus\n|-damage|p1a: Reuniclus|50/337\n|move|p1a: Reuniclus|Focus Blast|p2a: Yanmega\n|-damage|p2a: Yanmega|0 fnt\n|faint|p2a: Yanmega\n|\n|upkeep\n|\n|t:|1783564348\n|switch|p2a: Haxorus|Haxorus, L77, M|100/100\n|-activate|p2a: Haxorus|move: Sticky Web\n|-unboost|p2a: Haxorus|spe|1\n|-ability|p2a: Haxorus|Mold Breaker\n|turn|15\n|inactive|Time left: 300 sec this turn | 300 sec total\n|\n|t:|1783564349\n|move|p2a: Haxorus|Outrage|p1a: Reuniclus\n|-damage|p1a: Reuniclus|0 fnt\n|faint|p1a: Reuniclus\n|\n|upkeep\n|inactive|Time left: 300 sec this turn | 300 sec total | 5 sec grace\n|\n|t:|1783564350\n|switch|p1a: Ampharos|Ampharos, L88, M|140/302\n|turn|16\n|inactive|Time left: 300 sec this turn | 300 sec total\n|\n|t:|1783564351\n|-terastallize|p1a: Ampharos|Fairy\n|move|p1a: Ampharos|Dazzling Gleam|p2a: Haxorus\n|-supereffective|p2a: Haxorus\n|-damage|p2a: Haxorus|0 fnt\n|faint|p2a: Haxorus\n|\n|upkeep\n|\n|t:|1783564352\n|switch|p2a: Oinkologne|Oinkologne, L92, M|100/100\n|-activate|p2a: Oinkologne|move: Sticky Web\n|-unboost|p2a: Oinkologne|spe|1\n|turn|17\n|inactive|Time left: 300 sec this turn | 300 sec total\n|\n|t:|1783564353\n|move|p1a: Ampharos|Focus Blast|p2a: Oinkologne\n|-supereffective|p2a: Oinkologne\n|-damage|p2a: Oinkologne|43/100\n|move|p2a: Oinkologne|Body Slam|p1a: Ampharos\n|-damage|p1a: Ampharos|40/302\n|-status|p1a: Ampharos|par\n|\n|-heal|p2a: Oinkologne|49/100|[from] item: Leftovers\n|upkeep\n|turn|18\n|inactive|Time left: 300 sec this turn | 300 sec total\n|\n|t:|1783564354\n|move|p2a: Oinkologne|Body Slam|p1a: Ampharos\n|-damage|p1a: Ampharos|0 fnt\n|faint|p1a: Ampharos\n|\n|-heal|p2a: Oinkologne|55/100|[from] item: Leftovers\n|upkeep\n|inactive|Time left: 300 sec this turn | 300 sec total | 5 sec grace\n|\n|t:|1783564355\n|switch|p1a: Ludicolo|Ludicolo, L90, M|152/290\n|turn|19\n|inactive|Time left: 300 sec this turn | 300 sec total\n|\n|t:|1783564355\n|move|p1a: Ludicolo|Giga Drain|p2a: Oinkologne\n|-damage|p2a: Oinkologne|26/100\n|-heal|p1a: Ludicolo|203/290|[from] drain|[of] p2a: Oinkologne\n|-damage|p1a: Ludicolo|174/290|[from] item: Life Orb\n|move|p2a: Oinkologne|Body Slam|p1a: Ludicolo\n|-damage|p1a: Ludicolo|51/290\n|-status|p1a: Ludicolo|par\n|\n|-heal|p2a: Oinkologne|33/100|[from] item: Leftovers\n|upkeep\n|turn|20\n|inactive|Time left: 300 sec this turn | 300 sec total\n|\n|t:|1783564356\n|move|p2a: Oinkologne|Body Slam|p1a: Ludicolo\n|-damage|p1a: Ludicolo|0 fnt\n|faint|p1a: Ludicolo\n|\n|win|p0y2175c6d9", "uploadtime": 1783564356, "views": 0, "rating": 0, "private": 0, "password": null, "_winner": "p0y2175c6d9", "_our_name": "p0x21759574"}