{"id": "battle-gen9randombattle-1190", "formatid": "gen9randombattle", "format": "[Gen 9] Random Battle", "players": ["p0x119072c9", "p0y1190c4e1"], "log": "|init|battle\n|title|p0x119072c9 vs. p0y1190c4e1\n|j|\u2606p0x119072c9\n|j|\u2606p0y1190c4e1\n|t:|1783553783\n|gametype|singles\n|player|p1|p0x119072c9|1|\n|player|p2|p0y1190c4e1|170|\n|gen|9\n|tier|[Gen 9] Random Battle\n|rule|Species Clause: Limit one of each Pok\u00e9mon\n|rule|HP Percentage Mod: HP is shown in percentages\n|rule|Sleep Clause Mod: Limit one foe put to sleep\n|rule|Illusion Level Mod: Illusion disguises the Pok\u00e9mon's true level\n|\n|t:|1783553783\n|teamsize|p1|6\n|teamsize|p2|6\n|start\n|switch|p1a: Sceptile|Sceptile, L87, F|264/264\n|switch|p2a: Spidops|Spidops, L96, M|100/100\n|turn|1\n|inactive|Battle timer is ON: inactive players will automatically lose when time's up. (requested by p0x119072c9)\n|inactive|p0y1190c4e1 also wants the timer to be on.\n|\n|t:|1783553784\n|move|p1a: Sceptile|Rock Slide|p2a: Spidops\n|-supereffective|p2a: Spidops\n|-crit|p2a: Spidops\n|-damage|p2a: Spidops|35/100\n|-damage|p1a: Sceptile|238/264|[from] item: Life Orb\n|move|p2a: Spidops|Sticky Web|p1a: Sceptile\n|-sidestart|p1: p0x119072c9|move: Sticky Web\n|\n|upkeep\n|turn|2\n|inactive|Time left: 300 sec this turn | 300 sec total\n|\n|t:|1783553786\n|switch|p2a: Meganium|Meganium, L90, M|100/100\n|move|p1a: Sceptile|Rock Slide|p2a: Meganium\n|-damage|p2a: Meganium|82/100\n|-damage|p1a: Sceptile|212/264|[from] item: Life Orb\n|\n|-heal|p2a: Meganium|88/100|[from] item: Leftovers\n|upkeep\n|turn|3\n|inactive|Time left: 300 sec this turn | 300 sec total\n|\n|t:|1783553787\n|switch|p1a: Flygon|Flygon, L82, F|265/265\n|move|p2a: Meganium|Swords Dance|p2a: Meganium\n|-boost|p2a: Meganium|atk|2\n|\n|-heal|p2a: Meganium|95/100|[from] item: Leftovers\n|upkeep\n|turn|4\n|inactive|Time left: 300 sec this turn | 300 sec total\n|\n|t:|1783553789\n|move|p1a: Flygon|Outrage|p2a: Meganium\n|-damage|p2a: Meganium|58/100\n|move|p2a: Meganium|Petal Blizzard|p1a: Flygon\n|-damage|p1a: Flygon|67/265\n|\n|-heal|p2a: Meganium|64/100|[from] item: Leftovers\n|upkeep\n|turn|5\n|inactive|Time left: 300 sec this turn | 300 sec total\n|\n|t:|1783553790\n|move|p1a: Flygon|Outrage|p2a: Meganium|[from] lockedmove\n|-damage|p2a: Meganium|29/100\n|-start|p1a: Flygon|confusion|[fatigue]\n|move|p2a: Meganium|Petal Blizzard|p1a: Flygon\n|-damage|p1a: Flygon|0 fnt\n|faint|p1a: Flygon\n|\n|-heal|p2a: Meganium|35/100|[from] item: Leftovers\n|upkeep\n|inactive|Time left: 300 sec this turn | 300 sec total | 5 sec grace\n|\n|t:|1783553791\n|switch|p1a: Cetitan|Cetitan, L82, F|413/413\n|-activate|p1a: Cetitan|move: Sticky Web\n|-unboost|p1a: Cetitan|spe|1\n|turn|6\n|inactive|Time left: 300 sec this turn | 300 sec total\n|\n|t:|1783553792\n|move|p2a: Meganium|Knock Off|p1a: Cetitan\n|-damage|p1a: Cetitan|229/413\n|-enditem|p1a: Cetitan|Life Orb|[from] move: Knock Off|[of] p2a: Meganium\n|move|p1a: Cetitan|Icicle Crash|p2a: Meganium\n|-supereffective|p2a: Meganium\n|-damage|p2a: Meganium|0 fnt\n|faint|p2a: Meganium\n|\n|upkeep\n|\n|t:|1783553793\n|switch|p2a: Medicham|Medicham, L86, F|100/100\n|turn|7\n|inactive|Time left: 300 sec this turn | 300 sec total\n|\n|t:|1783553794\n|move|p2a: Medicham|Close Combat|p1a: Cetitan\n|-supereffective|p1a: Cetitan\n|-damage|p1a: Cetitan|0 fnt\n|-unboost|p2a: Medicham|def|1\n|-unboost|p2a: Medicham|spd|1\n|faint|p1a: Cetitan\n|\n|upkeep\n|inactive|Time left: 300 sec this turn | 300 sec total | 5 sec grace\n|\n|t:|1783553795\n|switch|p1a: Tentacruel|Tentacruel, L84, F|272/272\n|-activate|p1a: Tentacruel|move: Sticky Web\n|-unboost|p1a: Tentacruel|spe|1\n|turn|8\n|inactive|Time left: 300 sec this turn | 300 sec total\n|\n|t:|1783553796\n|switch|p2a: Mismagius|Mismagius, L86, M|100/100\n|move|p1a: Tentacruel|Rapid Spin|p2a: Mismagius\n|-immune|p2a: Mismagius\n|\n|upkeep\n|turn|9\n|inactive|Time left: 300 sec this turn | 300 sec total\n|\n|t:|1783553797\n|move|p2a: Mismagius|Nasty Plot|p2a: Mismagius\n|-boost|p2a: Mismagius|spa|2\n|move|p1a: Tentacruel|Sludge Bomb|p2a: Mismagius\n|-resisted|p2a: Mismagius\n|-damage|p2a: Mismagius|86/100\n|\n|-heal|p2a: Mismagius|92/100|[from] item: Leftovers\n|upkeep\n|turn|10\n|inactive|Time left: 300 sec this turn | 300 sec total\n|\n|t:|1783553798\n|move|p2a: Mismagius|Shadow Ball|p1a: Tentacruel\n|-crit|p1a: Tentacruel\n|-damage|p1a: Tentacruel|40/272\n|move|p1a: Tentacruel|Sludge Bomb|p2a: Mismagius\n|-resisted|p2a: Mismagius\n|-damage|p2a: Mismagius|78/100\n|\n|-heal|p2a: Mismagius|84/100|[from] item: Leftovers\n|-heal|p1a: Tentacruel|57/272|[from] item: Leftovers\n|upkeep\n|turn|11\n|inactive|Time left: 300 sec this turn | 300 sec total\n|\n|t:|1783553800\n|move|p2a: Mismagius|Shadow Ball|p1a: Tentacruel\n|-damage|p1a: Tentacruel|0 fnt\n|faint|p1a: Tentacruel\n|\n|-heal|p2a: Mismagius|91/100|[from] item: Leftovers\n|upkeep\n|inactive|Time left: 300 sec this turn | 300 sec total | 5 sec grace\n|\n|t:|1783553801\n|switch|p1a: Gouging Fire|Gouging Fire, L74|277/277\n|turn|12\n|inactive|Time left: 300 sec this turn | 300 sec total\n|\n|t:|1783553802\n|move|p2a: Mismagius|Shadow Ball|p1a: Gouging Fire\n|-damage|p1a: Gouging Fire|87/277\n|move|p1a: Gouging Fire|Dragon Dance|p1a: Gouging Fire\n|-boost|p1a: Gouging Fire|atk|1\n|-boost|p1a: Gouging Fire|spe|1\n|\n|-heal|p2a: Mismagius|97/100|[from] item: Leftovers\n|upkeep\n|turn|13\n|inactive|Time left: 300 sec this turn | 300 sec total\n|\n|t:|1783553803\n|move|p1a: Gouging Fire|Outrage|p2a: Mismagius\n|-damage|p2a: Mismagius|7/100\n|move|p2a: Mismagius|Shadow Ball|p1a: Gouging Fire\n|-damage|p1a: Gouging Fire|0 fnt\n|faint|p1a: Gouging Fire\n|-end|p1a: Gouging Fire|Protosynthesis|[silent]\n|\n|-heal|p2a: Mismagius|14/100|[from] item: Leftovers\n|upkeep\n|inactive|Time left: 300 sec this turn | 300 sec total | 5 sec grace\n|\n|t:|1783553804\n|switch|p1a: Pachirisu|Pachirisu, L96, M|271/271\n|-activate|p1a: Pachirisu|move: Sticky Web\n|-unboost|p1a: Pachirisu|spe|1\n|turn|14\n|inactive|Time left: 300 sec this turn | 300 sec total\n|\n|t:|1783553805\n|move|p2a: Mismagius|Shadow Ball|p1a: Pachirisu\n|-damage|p1a: Pachirisu|163/271\n|move|p1a: Pachirisu|Thunderbolt|p2a: Mismagius\n|-damage|p2a: Mismagius|0 fnt\n|faint|p2a: Mismagius\n|\n|upkeep\n|\n|t:|1783553806\n|switch|p2a: Medicham|Medicham, L86, F|100/100\n|turn|15\n|inactive|Time left: 300 sec this turn | 300 sec total\n|\n|t:|1783553807\n|-terastallize|p2a: Medicham|Fighting\n|-terastallize|p1a: Pachirisu|Flying\n|move|p2a: Medicham|Close Combat|p1a: Pachirisu\n|-resisted|p1a: Pachirisu\n|-damage|p1a: Pachirisu|0 fnt\n|-unboost|p2a: Medicham|def|1\n|-unboost|p2a: Medicham|spd|1\n|faint|p1a: Pachirisu\n|\n|upkeep\n|inactive|Time left: 300 sec this turn | 300 sec total | 5 sec grace\n|\n|t:|1783553808\n|switch|p1a: Sceptile|Sceptile, L87, F|212/264\n|-activate|p1a: Sceptile|move: Sticky Web\n|-unboost|p1a: Sceptile|spe|1\n|turn|16\n|inactive|Time left: 300 sec this turn | 300 sec total\n|\n|t:|1783553809\n|move|p2a: Medicham|Close Combat|p1a: Sceptile\n|-damage|p1a: Sceptile|0 fnt\n|-unboost|p2a: Medicham|def|1\n|-unboost|p2a: Medicham|spd|1\n|faint|p1a: Sceptile\n|\n|win|p0y1190c4e1", "uploadtime": 1783553809, "views": 0, "rating": 0, "private": 0, "password": null, "_winner": "p0y1190c4e1", "_our_name": "p0x119072c9"}