{"id": "battle-gen9randombattle-1858", "formatid": "gen9randombattle", "format": "[Gen 9] Random Battle", "players": ["p0x1858af44", "p0y1858be5d"], "log": "|init|battle\n|title|p0x1858af44 vs. p0y1858be5d\n|j|\u2606p0x1858af44\n|j|\u2606p0y1858be5d\n|t:|1783561521\n|gametype|singles\n|player|p1|p0x1858af44|101|\n|player|p2|p0y1858be5d|102|\n|gen|9\n|tier|[Gen 9] Random Battle\n|rule|Species Clause: Limit one of each Pok\u00e9mon\n|rule|HP Percentage Mod: HP is shown in percentages\n|rule|Sleep Clause Mod: Limit one foe put to sleep\n|rule|Illusion Level Mod: Illusion disguises the Pok\u00e9mon's true level\n|\n|t:|1783561521\n|teamsize|p1|6\n|teamsize|p2|6\n|start\n|switch|p1a: Basculin|Basculin-Blue-Striped, L86, M|100/100\n|switch|p2a: Lurantis|Lurantis, L87, F|264/264\n|turn|1\n|inactive|Battle timer is ON: inactive players will automatically lose when time's up. (requested by p0y1858be5d)\n|\n|t:|1783561523\n|move|p1a: Basculin|Flip Turn|p2a: Lurantis\n|-resisted|p2a: Lurantis\n|-damage|p2a: Lurantis|204/264\n|inactive|p0x1858af44 also wants the timer to be on.\n|\n|t:|1783561524\n|switch|p1a: Charizard|Charizard, L85, M|100/100|[from] Flip Turn\n|move|p2a: Lurantis|Leaf Storm|p1a: Charizard\n|-resisted|p1a: Charizard\n|-damage|p1a: Charizard|88/100\n|-boost|p2a: Lurantis|spa|2\n|\n|-heal|p2a: Lurantis|220/264|[from] item: Leftovers\n|upkeep\n|turn|2\n|inactive|Time left: 300 sec this turn | 300 sec total\n|\n|t:|1783561525\n|-terastallize|p2a: Lurantis|Fighting\n|move|p1a: Charizard|Flare Blitz|p2a: Lurantis\n|-damage|p2a: Lurantis|108/264\n|-damage|p1a: Charizard|75/100|[from] Recoil\n|move|p2a: Lurantis|Superpower|p1a: Charizard\n|-resisted|p1a: Charizard\n|-damage|p1a: Charizard|48/100\n|-boost|p2a: Lurantis|atk|1\n|-boost|p2a: Lurantis|def|1\n|\n|-heal|p2a: Lurantis|124/264|[from] item: Leftovers\n|upkeep\n|turn|3\n|inactive|Time left: 300 sec this turn | 300 sec total\n|\n|t:|1783561526\n|move|p1a: Charizard|Swords Dance|p1a: Charizard\n|-boost|p1a: Charizard|atk|2\n|move|p2a: Lurantis|Synthesis|p2a: Lurantis\n|-heal|p2a: Lurantis|256/264\n|\n|-heal|p2a: Lurantis|264/264|[from] item: Leftovers\n|upkeep\n|turn|4\n|inactive|Time left: 300 sec this turn | 300 sec total\n|\n|t:|1783561527\n|move|p1a: Charizard|Flare Blitz|p2a: Lurantis\n|-damage|p2a: Lurantis|119/264\n|-damage|p1a: Charizard|30/100|[from] Recoil\n|move|p2a: Lurantis|Superpower|p1a: Charizard\n|-resisted|p1a: Charizard\n|-damage|p1a: Charizard|0 fnt\n|-boost|p2a: Lurantis|atk|1\n|-boost|p2a: Lurantis|def|1\n|faint|p1a: Charizard\n|\n|-heal|p2a: Lurantis|135/264|[from] item: Leftovers\n|upkeep\n|\n|t:|1783561528\n|switch|p1a: Whimsicott|Whimsicott, L84, M|100/100\n|turn|5\n|inactive|Time left: 300 sec this turn | 300 sec total\n|\n|t:|1783561529\n|switch|p2a: Charizard|Charizard, L85, F|271/271\n|move|p1a: Whimsicott|Moonblast|p2a: Charizard\n|-resisted|p2a: Charizard\n|-damage|p2a: Charizard|229/271\n|-unboost|p2a: Charizard|spa|1\n|\n|upkeep\n|turn|6\n|inactive|Time left: 300 sec this turn | 300 sec total\n|\n|t:|1783561529\n|switch|p1a: Rhyperior|Rhyperior, L82, F|100/100\n|move|p2a: Charizard|Flare Blitz|p1a: Rhyperior\n|-resisted|p1a: Rhyperior\n|-damage|p1a: Rhyperior|86/100\n|-damage|p2a: Charizard|213/271|[from] Recoil\n|\n|upkeep\n|turn|7\n|inactive|Time left: 300 sec this turn | 300 sec total\n|\n|t:|1783561530\n|switch|p2a: Keldeo|Keldeo-Resolute, L79|273/273\n|move|p1a: Rhyperior|Stone Edge|p2a: Keldeo\n|-resisted|p2a: Keldeo\n|-damage|p2a: Keldeo|207/273\n|\n|-heal|p2a: Keldeo|224/273|[from] item: Leftovers\n|upkeep\n|turn|8\n|inactive|Time left: 300 sec this turn | 300 sec total\n|\n|t:|1783561531\n|switch|p1a: Basculin|Basculin-Blue-Striped, L86, M|100/100\n|move|p2a: Keldeo|Surf|p1a: Basculin\n|-resisted|p1a: Basculin\n|-damage|p1a: Basculin|75/100\n|\n|-heal|p2a: Keldeo|241/273|[from] item: Leftovers\n|upkeep\n|turn|9\n|inactive|Time left: 300 sec this turn | 300 sec total\n|\n|t:|1783561531\n|move|p1a: Basculin|Wave Crash|p2a: Keldeo\n|-resisted|p2a: Keldeo\n|-damage|p2a: Keldeo|103/273\n|-damage|p1a: Basculin|58/100|[from] Recoil\n|move|p2a: Keldeo|Secret Sword|p1a: Basculin\n|-damage|p1a: Basculin|10/100\n|\n|-heal|p2a: Keldeo|120/273|[from] item: Leftovers\n|upkeep\n|turn|10\n|inactive|Time left: 300 sec this turn | 300 sec total\n|\n|t:|1783561532\n|switch|p2a: Greninja|Greninja, L80, M|246/246\n|move|p1a: Basculin|Wave Crash|p2a: Greninja\n|-resisted|p2a: Greninja\n|-damage|p2a: Greninja|77/246\n|-damage|p1a: Basculin|0 fnt|[from] Recoil\n|faint|p1a: Basculin\n|\n|upkeep\n|\n|t:|1783561533\n|switch|p1a: Whimsicott|Whimsicott, L84, M|100/100\n|turn|11\n|inactive|Time left: 300 sec this turn | 300 sec total\n|\n|t:|1783561534\n|switch|p2a: Charizard|Charizard, L85, F|213/271\n|move|p1a: Whimsicott|Moonblast|p2a: Charizard\n|-resisted|p2a: Charizard\n|-damage|p2a: Charizard|168/271\n|\n|upkeep\n|turn|12\n|inactive|Time left: 300 sec this turn | 300 sec total\n|\n|t:|1783561535\n|move|p1a: Whimsicott|U-turn|p2a: Charizard\n|-resisted|p2a: Charizard\n|-damage|p2a: Charizard|158/271\n|\n|t:|1783561536\n|switch|p1a: Rhyperior|Rhyperior, L82, F|86/100|[from] U-turn\n|move|p2a: Charizard|Flare Blitz|p1a: Rhyperior\n|-resisted|p1a: Rhyperior\n|-damage|p1a: Rhyperior|71/100\n|-damage|p2a: Charizard|142/271|[from] Recoil\n|\n|upkeep\n|turn|13\n|inactive|Time left: 300 sec this turn | 300 sec total\n|\n|t:|1783561537\n|switch|p2a: Lurantis|Lurantis, L87, F, tera:Fighting|135/264\n|move|p1a: Rhyperior|Stone Edge|p2a: Lurantis\n|-resisted|p2a: Lurantis\n|-damage|p2a: Lurantis|72/264\n|\n|-heal|p2a: Lurantis|88/264|[from] item: Leftovers\n|upkeep\n|turn|14\n|inactive|Time left: 300 sec this turn | 300 sec total\n|\n|t:|1783561538\n|-terastallize|p1a: Rhyperior|Bug\n|move|p2a: Lurantis|Leaf Storm|p1a: Rhyperior\n|-resisted|p1a: Rhyperior\n|-damage|p1a: Rhyperior|42/100\n|-boost|p2a: Lurantis|spa|2\n|move|p1a: Rhyperior|Earthquake|p2a: Lurantis\n|-damage|p2a: Lurantis|0 fnt\n|faint|p2a: Lurantis\n|\n|upkeep\n|inactive|Time left: 300 sec this turn | 300 sec total | 5 sec grace\n|\n|t:|1783561539\n|switch|p2a: Greninja|Greninja, L80, M|77/246\n|turn|15\n|inactive|Time left: 300 sec this turn | 300 sec total\n|\n|t:|1783561540\n|switch|p1a: Toxapex|Toxapex, L82, M|100/100\n|move|p2a: Greninja|Dark Pulse|p1a: Toxapex\n|-damage|p1a: Toxapex|68/100\n|-damage|p2a: Greninja|53/246|[from] item: Life Orb\n|\n|-heal|p1a: Toxapex|74/100|[from] item: Leftovers\n|upkeep\n|turn|16\n|inactive|Time left: 300 sec this turn | 300 sec total\n|\n|t:|1783561541\n|switch|p2a: Beartic|Beartic, L91, M|321/321\n|move|p1a: Toxapex|Liquidation|p2a: Beartic\n|-damage|p2a: Beartic|261/321\n|\n|-heal|p1a: Toxapex|80/100|[from] item: Leftovers\n|upkeep\n|turn|17\n|inactive|Time left: 300 sec this turn | 300 sec total\n|\n|t:|1783561542\n|move|p2a: Beartic|Earthquake|p1a: Toxapex\n|-supereffective|p1a: Toxapex\n|-damage|p1a: Toxapex|10/100\n|move|p1a: Toxapex|Toxic|p2a: Beartic\n|-status|p2a: Beartic|tox\n|\n|-heal|p1a: Toxapex|16/100|[from] item: Leftovers\n|-damage|p2a: Beartic|241/321 tox|[from] psn\n|upkeep\n|turn|18\n|inactive|Time left: 300 sec this turn | 300 sec total\n|\n|t:|1783561543\n|switch|p1a: Dunsparce|Dunsparce, L86, F|100/100\n|move|p2a: Beartic|Icicle Crash|p1a: Dunsparce\n|-damage|p1a: Dunsparce|67/100\n|\n|-damage|p2a: Beartic|201/321 tox|[from] psn\n|upkeep\n|turn|19\n|inactive|Time left: 300 sec this turn | 300 sec total\n|\n|t:|1783561544\n|move|p2a: Beartic|Icicle Crash|p1a: Dunsparce\n|-damage|p1a: Dunsparce|33/100\n|cant|p1a: Dunsparce|flinch\n|\n|-damage|p2a: Beartic|141/321 tox|[from] psn\n|upkeep\n|turn|20\n|inactive|Time left: 300 sec this turn | 300 sec total\n|\n|t:|1783561545\n|move|p2a: Beartic|Icicle Crash|p1a: Dunsparce\n|-damage|p1a: Dunsparce|0 fnt\n|faint|p1a: Dunsparce\n|\n|-damage|p2a: Beartic|61/321 tox|[from] psn\n|upkeep\n|\n|t:|1783561546\n|switch|p1a: Toxapex|Toxapex, L82, M|50/100\n|turn|21\n|inactive|Time left: 300 sec this turn | 300 sec total\n|\n|t:|1783561547\n|switch|p1a: Rhyperior|Rhyperior, L82, F, tera:Bug|42/100\n|move|p2a: Beartic|Earthquake|p1a: Rhyperior\n|-resisted|p1a: Rhyperior\n|-damage|p1a: Rhyperior|29/100\n|\n|-damage|p2a: Beartic|0 fnt|[from] psn\n|faint|p2a: Beartic\n|upkeep\n|inactive|Time left: 300 sec this turn | 300 sec total | 5 sec grace\n|\n|t:|1783561548\n|switch|p2a: Ambipom|Ambipom, L84, M|263/263\n|turn|22\n|inactive|Time left: 300 sec this turn | 300 sec total\n|\n|t:|1783561549\n|switch|p1a: Toxapex|Toxapex, L82, M|83/100\n|move|p2a: Ambipom|Double-Edge|p1a: Toxapex\n|-damage|p1a: Toxapex|34/100\n|-damage|p2a: Ambipom|228/263|[from] Recoil\n|\n|-heal|p1a: Toxapex|40/100|[from] item: Leftovers\n|upkeep\n|turn|23\n|inactive|Time left: 300 sec this turn | 300 sec total\n|\n|t:|1783561550\n|switch|p1a: Rhyperior|Rhyperior, L82, F, tera:Bug|29/100\n|move|p2a: Ambipom|Double-Edge|p1a: Rhyperior\n|-damage|p1a: Rhyperior|0 fnt\n|faint|p1a: Rhyperior\n|-damage|p2a: Ambipom|198/263|[from] Recoil\n|\n|upkeep\n|\n|t:|1783561551\n|switch|p1a: Toxapex|Toxapex, L82, M|73/100\n|turn|24\n|inactive|Time left: 300 sec this turn | 300 sec total\n|\n|t:|1783561552\n|move|p2a: Ambipom|Double-Edge|p1a: Toxapex\n|-damage|p1a: Toxapex|22/100\n|-damage|p2a: Ambipom|161/263|[from] Recoil\n|move|p1a: Toxapex|Recover|p1a: Toxapex\n|-heal|p1a: Toxapex|72/100\n|\n|-heal|p1a: Toxapex|78/100|[from] item: Leftovers\n|upkeep\n|turn|25\n|inactive|Time left: 300 sec this turn | 300 sec total\n|\n|t:|1783561553\n|move|p2a: Ambipom|Double-Edge|p1a: Toxapex\n|-damage|p1a: Toxapex|31/100\n|-damage|p2a: Ambipom|127/263|[from] Recoil\n|move|p1a: Toxapex|Recover|p1a: Toxapex\n|-heal|p1a: Toxapex|81/100\n|\n|-heal|p1a: Toxapex|87/100|[from] item: Leftovers\n|upkeep\n|turn|26\n|inactive|Time left: 300 sec this turn | 300 sec total\n|\n|t:|1783561554\n|move|p2a: Ambipom|Knock Off|p1a: Toxapex\n|-damage|p1a: Toxapex|64/100\n|-enditem|p1a: Toxapex|Leftovers|[from] move: Knock Off|[of] p2a: Ambipom\n|move|p1a: Toxapex|Toxic|p2a: Ambipom\n|-status|p2a: Ambipom|tox\n|\n|-damage|p2a: Ambipom|111/263 tox|[from] psn\n|upkeep\n|turn|27\n|inactive|Time left: 300 sec this turn | 300 sec total\n|\n|t:|1783561556\n|move|p2a: Ambipom|Double-Edge|p1a: Toxapex\n|-damage|p1a: Toxapex|16/100\n|-damage|p2a: Ambipom|77/263 tox|[from] Recoil\n|move|p1a: Toxapex|Recover|p1a: Toxapex\n|-heal|p1a: Toxapex|66/100\n|\n|-damage|p2a: Ambipom|45/263 tox|[from] psn\n|upkeep\n|turn|28\n|inactive|Time left: 300 sec this turn | 300 sec total\n|\n|t:|1783561557\n|move|p2a: Ambipom|Double-Edge|p1a: Toxapex\n|-damage|p1a: Toxapex|15/100\n|-damage|p2a: Ambipom|8/263 tox|[from] Recoil\n|move|p1a: Toxapex|Recover|p1a: Toxapex\n|-heal|p1a: Toxapex|65/100\n|\n|-damage|p2a: Ambipom|0 fnt|[from] psn\n|faint|p2a: Ambipom\n|upkeep\n|inactive|Time left: 300 sec this turn | 300 sec total | 5 sec grace\n|\n|t:|1783561558\n|switch|p2a: Charizard|Charizard, L85, F|142/271\n|turn|29\n|inactive|Time left: 300 sec this turn | 300 sec total\n|\n|t:|1783561559\n|move|p2a: Charizard|Earthquake|p1a: Toxapex\n|-supereffective|p1a: Toxapex\n|-damage|p1a: Toxapex|27/100\n|move|p1a: Toxapex|Liquidation|p2a: Charizard\n|-supereffective|p2a: Charizard\n|-damage|p2a: Charizard|0 fnt\n|faint|p2a: Charizard\n|\n|upkeep\n|inactive|Time left: 300 sec this turn | 300 sec total | 5 sec grace\n|\n|t:|1783561560\n|switch|p2a: Greninja|Greninja, L80, M|53/246\n|turn|30\n|inactive|Time left: 300 sec this turn | 300 sec total\n|\n|t:|1783561561\n|move|p2a: Greninja|Gunk Shot|p1a: Toxapex\n|-resisted|p1a: Toxapex\n|-damage|p1a: Toxapex|11/100\n|-damage|p2a: Greninja|29/246|[from] item: Life Orb\n|move|p1a: Toxapex|Recover|p1a: Toxapex\n|-heal|p1a: Toxapex|61/100\n|\n|upkeep\n|turn|31\n|inactive|Time left: 300 sec this turn | 300 sec total\n|\n|t:|1783561562\n|move|p2a: Greninja|Dark Pulse|p1a: Toxapex\n|-damage|p1a: Toxapex|29/100\n|-damage|p2a: Greninja|5/246|[from] item: Life Orb\n|move|p1a: Toxapex|Recover|p1a: Toxapex\n|-heal|p1a: Toxapex|79/100\n|\n|upkeep\n|turn|32\n|inactive|Time left: 300 sec this turn | 300 sec total\n|\n|t:|1783561563\n|move|p2a: Greninja|Gunk Shot|p1a: Toxapex\n|-resisted|p1a: Toxapex\n|-damage|p1a: Toxapex|63/100\n|-damage|p2a: Greninja|0 fnt|[from] item: Life Orb\n|faint|p2a: Greninja\n|move|p1a: Toxapex|Recover|p1a: Toxapex\n|-heal|p1a: Toxapex|100/100\n|\n|upkeep\n|inactive|Time left: 300 sec this turn | 300 sec total | 5 sec grace\n|\n|t:|1783561564\n|switch|p2a: Keldeo|Keldeo-Resolute, L79|120/273\n|turn|33\n|inactive|Time left: 300 sec this turn | 300 sec total\n|\n|t:|1783561565\n|switch|p1a: Whimsicott|Whimsicott, L84, M|100/100\n|move|p2a: Keldeo|Substitute|p2a: Keldeo\n|-start|p2a: Keldeo|Substitute\n|-damage|p2a: Keldeo|52/273\n|\n|-heal|p2a: Keldeo|69/273|[from] item: Leftovers\n|upkeep\n|turn|34\n|inactive|Time left: 300 sec this turn | 300 sec total\n|\n|t:|1783561566\n|move|p1a: Whimsicott|Moonblast|p2a: Keldeo\n|-supereffective|p2a: Keldeo\n|-end|p2a: Keldeo|Substitute\n|move|p2a: Keldeo|Substitute|p2a: Keldeo\n|-start|p2a: Keldeo|Substitute\n|-damage|p2a: Keldeo|1/273\n|\n|-heal|p2a: Keldeo|18/273|[from] item: Leftovers\n|upkeep\n|turn|35\n|inactive|Time left: 300 sec this turn | 300 sec total\n|\n|t:|1783561566\n|move|p1a: Whimsicott|Moonblast|p2a: Keldeo\n|-supereffective|p2a: Keldeo\n|-end|p2a: Keldeo|Substitute\n|move|p2a: Keldeo|Secret Sword|p1a: Whimsicott\n|-resisted|p1a: Whimsicott\n|-damage|p1a: Whimsicott|77/100\n|\n|-heal|p2a: Keldeo|35/273|[from] item: Leftovers\n|upkeep\n|turn|36\n|inactive|Time left: 300 sec this turn | 300 sec total\n|\n|t:|1783561567\n|move|p1a: Whimsicott|Moonblast|p2a: Keldeo\n|-supereffective|p2a: Keldeo\n|-damage|p2a: Keldeo|0 fnt\n|faint|p2a: Keldeo\n|\n|win|p0x1858af44", "uploadtime": 1783561567, "views": 0, "rating": 0, "private": 0, "password": null, "_winner": "p0x1858af44", "_our_name": "p0y1858be5d"}