{"id": "battle-gen9randombattle-756", "formatid": "gen9randombattle", "format": "[Gen 9] Random Battle", "players": ["p0x75687ab", "p0y756c6b5"], "log": "|init|battle\n|title|p0x75687ab vs. p0y756c6b5\n|j|\u2606p0x75687ab\n|j|\u2606p0y756c6b5\n|t:|1783547894\n|gametype|singles\n|player|p1|p0x75687ab|266|\n|player|p2|p0y756c6b5|101|\n|gen|9\n|tier|[Gen 9] Random Battle\n|rule|Species Clause: Limit one of each Pok\u00e9mon\n|rule|HP Percentage Mod: HP is shown in percentages\n|rule|Sleep Clause Mod: Limit one foe put to sleep\n|rule|Illusion Level Mod: Illusion disguises the Pok\u00e9mon's true level\n|\n|t:|1783547894\n|teamsize|p1|6\n|teamsize|p2|6\n|start\n|switch|p1a: Braviary|Braviary, L85, M|100/100\n|switch|p2a: Gastrodon|Gastrodon-East, L86, F|331/331\n|turn|1\n|inactive|Battle timer is ON: inactive players will automatically lose when time's up. (requested by p0y756c6b5)\n|inactive|p0x75687ab also wants the timer to be on.\n|\n|t:|1783547896\n|move|p1a: Braviary|Bulk Up|p1a: Braviary\n|-boost|p1a: Braviary|atk|1\n|-boost|p1a: Braviary|def|1\n|move|p2a: Gastrodon|Ice Beam|p1a: Braviary\n|-supereffective|p1a: Braviary\n|-damage|p1a: Braviary|50/100\n|\n|upkeep\n|turn|2\n|inactive|Time left: 300 sec this turn | 300 sec total\n|\n|t:|1783547897\n|move|p1a: Braviary|Roost|p1a: Braviary\n|-heal|p1a: Braviary|99/100\n|-singleturn|p1a: Braviary|move: Roost\n|move|p2a: Gastrodon|Ice Beam|p1a: Braviary\n|-damage|p1a: Braviary|75/100\n|\n|upkeep\n|turn|3\n|inactive|Time left: 300 sec this turn | 300 sec total\n|\n|t:|1783547898\n|move|p1a: Braviary|Bulk Up|p1a: Braviary\n|-boost|p1a: Braviary|atk|1\n|-boost|p1a: Braviary|def|1\n|move|p2a: Gastrodon|Ice Beam|p1a: Braviary\n|-supereffective|p1a: Braviary\n|-damage|p1a: Braviary|27/100\n|\n|upkeep\n|turn|4\n|inactive|Time left: 300 sec this turn | 300 sec total\n|\n|t:|1783547899\n|move|p1a: Braviary|Roost|p1a: Braviary\n|-heal|p1a: Braviary|77/100\n|-singleturn|p1a: Braviary|move: Roost\n|move|p2a: Gastrodon|Clear Smog|p1a: Braviary\n|-damage|p1a: Braviary|63/100\n|-clearboost|p1a: Braviary\n|\n|upkeep\n|turn|5\n|inactive|Time left: 300 sec this turn | 300 sec total\n|\n|t:|1783547900\n|move|p1a: Braviary|Roost|p1a: Braviary\n|-heal|p1a: Braviary|100/100\n|-singleturn|p1a: Braviary|move: Roost\n|move|p2a: Gastrodon|Ice Beam|p1a: Braviary\n|-damage|p1a: Braviary|78/100\n|\n|upkeep\n|turn|6\n|inactive|Time left: 300 sec this turn | 300 sec total\n|\n|t:|1783547901\n|move|p1a: Braviary|Roost|p1a: Braviary\n|-heal|p1a: Braviary|100/100\n|-singleturn|p1a: Braviary|move: Roost\n|move|p2a: Gastrodon|Ice Beam|p1a: Braviary\n|-damage|p1a: Braviary|77/100\n|\n|upkeep\n|turn|7\n|inactive|Time left: 300 sec this turn | 300 sec total\n|\n|t:|1783547902\n|move|p1a: Braviary|Brave Bird|p2a: Gastrodon\n|-damage|p2a: Gastrodon|159/331\n|-damage|p1a: Braviary|58/100|[from] Recoil\n|move|p2a: Gastrodon|Ice Beam|p1a: Braviary\n|-supereffective|p1a: Braviary\n|-damage|p1a: Braviary|13/100\n|-status|p1a: Braviary|frz\n|\n|-heal|p2a: Gastrodon|179/331|[from] item: Leftovers\n|upkeep\n|turn|8\n|inactive|Time left: 300 sec this turn | 300 sec total\n|\n|t:|1783547903\n|cant|p1a: Braviary|frz\n|move|p2a: Gastrodon|Recover|p2a: Gastrodon\n|-heal|p2a: Gastrodon|331/331\n|\n|upkeep\n|turn|9\n|inactive|Time left: 300 sec this turn | 300 sec total\n|\n|t:|1783547904\n|cant|p1a: Braviary|frz\n|move|p2a: Gastrodon|Ice Beam|p1a: Braviary\n|-supereffective|p1a: Braviary\n|-damage|p1a: Braviary|0 fnt\n|faint|p1a: Braviary\n|\n|upkeep\n|\n|t:|1783547905\n|switch|p1a: Chandelure|Chandelure, L83, M|100/100\n|turn|10\n|inactive|Time left: 300 sec this turn | 300 sec total\n|\n|t:|1783547906\n|move|p1a: Chandelure|Energy Ball|p2a: Gastrodon\n|-supereffective|p2a: Gastrodon\n|-damage|p2a: Gastrodon|0 fnt\n|faint|p2a: Gastrodon\n|\n|upkeep\n|inactive|Time left: 300 sec this turn | 300 sec total | 5 sec grace\n|\n|t:|1783547908\n|switch|p2a: Zarude|Zarude, L77|288/288\n|turn|11\n|inactive|Time left: 300 sec this turn | 300 sec total\n|\n|t:|1783547909\n|-terastallize|p1a: Chandelure|Fire\n|move|p2a: Zarude|Knock Off|p1a: Chandelure\n|-damage|p1a: Chandelure|40/100\n|-enditem|p1a: Chandelure|Heavy-Duty Boots|[from] move: Knock Off|[of] p2a: Zarude\n|-damage|p2a: Zarude|260/288|[from] item: Life Orb\n|move|p1a: Chandelure|Fire Blast|p2a: Zarude|[miss]\n|-miss|p1a: Chandelure|p2a: Zarude\n|\n|upkeep\n|turn|12\n|inactive|Time left: 300 sec this turn | 300 sec total\n|\n|t:|1783547910\n|move|p2a: Zarude|Close Combat|p1a: Chandelure\n|-damage|p1a: Chandelure|0 fnt\n|-unboost|p2a: Zarude|def|1\n|-unboost|p2a: Zarude|spd|1\n|faint|p1a: Chandelure\n|-damage|p2a: Zarude|232/288|[from] item: Life Orb\n|\n|upkeep\n|\n|t:|1783547911\n|switch|p1a: Koraidon|Koraidon, L64|100/100\n|-weather|SunnyDay|[from] ability: Orichalcum Pulse|[of] p1a: Koraidon\n|-activate|p1a: Koraidon|Orichalcum Pulse|[source]\n|turn|13\n|inactive|Time left: 300 sec this turn | 300 sec total\n|\n|t:|1783547912\n|switch|p2a: Dondozo|Dondozo, L78, M|362/362\n|move|p1a: Koraidon|Swords Dance|p1a: Koraidon\n|-boost|p1a: Koraidon|atk|2\n|\n|-weather|SunnyDay|[upkeep]\n|upkeep\n|turn|14\n|inactive|Time left: 300 sec this turn | 300 sec total\n|\n|t:|1783547913\n|move|p1a: Koraidon|Scale Shot|p2a: Dondozo\n|-damage|p2a: Dondozo|340/362\n|-damage|p2a: Dondozo|316/362\n|-damage|p2a: Dondozo|294/362\n|-damage|p2a: Dondozo|267/362\n|-damage|p2a: Dondozo|243/362\n|-hitcount|p2a: Dondozo|5\n|-unboost|p1a: Koraidon|def|1\n|-boost|p1a: Koraidon|spe|1\n|move|p2a: Dondozo|Wave Crash|p1a: Koraidon\n|-resisted|p1a: Koraidon\n|-damage|p1a: Koraidon|88/100\n|-damage|p2a: Dondozo|233/362|[from] Recoil\n|\n|-weather|SunnyDay|[upkeep]\n|-heal|p2a: Dondozo|255/362|[from] item: Leftovers\n|upkeep\n|turn|15\n|inactive|Time left: 300 sec this turn | 300 sec total\n|\n|t:|1783547914\n|move|p1a: Koraidon|Collision Course|p2a: Dondozo\n|-damage|p2a: Dondozo|159/362\n|move|p2a: Dondozo|Curse|p2a: Dondozo\n|-unboost|p2a: Dondozo|spe|1\n|-boost|p2a: Dondozo|atk|1\n|-boost|p2a: Dondozo|def|1\n|\n|-weather|SunnyDay|[upkeep]\n|-heal|p2a: Dondozo|181/362|[from] item: Leftovers\n|upkeep\n|turn|16\n|inactive|Time left: 300 sec this turn | 300 sec total\n|\n|t:|1783547915\n|move|p1a: Koraidon|Scale Shot|p2a: Dondozo\n|-damage|p2a: Dondozo|165/362\n|-damage|p2a: Dondozo|147/362\n|-damage|p2a: Dondozo|129/362\n|-damage|p2a: Dondozo|111/362\n|-damage|p2a: Dondozo|93/362\n|-hitcount|p2a: Dondozo|5\n|-unboost|p1a: Koraidon|def|1\n|-boost|p1a: Koraidon|spe|1\n|move|p2a: Dondozo|Wave Crash|p1a: Koraidon\n|-resisted|p1a: Koraidon\n|-damage|p1a: Koraidon|70/100\n|-damage|p2a: Dondozo|79/362|[from] Recoil\n|\n|-weather|SunnyDay|[upkeep]\n|-heal|p2a: Dondozo|101/362|[from] item: Leftovers\n|upkeep\n|turn|17\n|inactive|Time left: 300 sec this turn | 300 sec total\n|\n|t:|1783547916\n|move|p1a: Koraidon|Collision Course|p2a: Dondozo\n|-crit|p2a: Dondozo\n|-damage|p2a: Dondozo|0 fnt\n|faint|p2a: Dondozo\n|\n|-weather|none\n|upkeep\n|inactive|Time left: 300 sec this turn | 300 sec total | 5 sec grace\n|\n|t:|1783547917\n|switch|p2a: Hitmonchan|Hitmonchan, L87, M|229/229\n|turn|18\n|inactive|Time left: 300 sec this turn | 300 sec total\n|\n|t:|1783547918\n|switch|p1a: Pincurchin|Pincurchin, M|100/100\n|-fieldstart|move: Electric Terrain|[from] ability: Electric Surge|[of] p1a: Pincurchin\n|move|p2a: Hitmonchan|Drain Punch|p1a: Pincurchin\n|-damage|p1a: Pincurchin|67/100\n|\n|-heal|p1a: Pincurchin|73/100|[from] item: Leftovers\n|upkeep\n|turn|19\n|inactive|Time left: 300 sec this turn | 300 sec total\n|\n|t:|1783547920\n|switch|p2a: Serperior|Serperior, L79, M|248/248\n|move|p1a: Pincurchin|Zing Zap|p2a: Serperior\n|-resisted|p2a: Serperior\n|-damage|p2a: Serperior|168/248\n|\n|-heal|p1a: Pincurchin|79/100|[from] item: Leftovers\n|upkeep\n|turn|20\n|inactive|Time left: 300 sec this turn | 300 sec total\n|\n|t:|1783547921\n|move|p2a: Serperior|Leaf Storm|p1a: Pincurchin\n|-damage|p1a: Pincurchin|37/100\n|-boost|p2a: Serperior|spa|2\n|-damage|p2a: Serperior|144/248|[from] item: Life Orb\n|move|p1a: Pincurchin|Zing Zap|p2a: Serperior\n|-resisted|p2a: Serperior\n|-damage|p2a: Serperior|68/248\n|\n|-heal|p1a: Pincurchin|43/100|[from] item: Leftovers\n|upkeep\n|turn|21\n|inactive|Time left: 300 sec this turn | 300 sec total\n|\n|t:|1783547922\n|switch|p1a: Brute Bonnet|Brute Bonnet, L80|100/100\n|move|p2a: Serperior|Leaf Storm|p1a: Brute Bonnet\n|-resisted|p1a: Brute Bonnet\n|-damage|p1a: Brute Bonnet|60/100\n|-boost|p2a: Serperior|spa|2\n|-damage|p2a: Serperior|44/248|[from] item: Life Orb\n|\n|-heal|p1a: Brute Bonnet|66/100|[from] item: Leftovers\n|upkeep\n|turn|22\n|inactive|Time left: 300 sec this turn | 300 sec total\n|\n|t:|1783547923\n|move|p2a: Serperior|Synthesis|p2a: Serperior\n|-heal|p2a: Serperior|168/248\n|move|p1a: Brute Bonnet|Crunch|p2a: Serperior\n|-damage|p2a: Serperior|72/248\n|\n|-heal|p1a: Brute Bonnet|72/100|[from] item: Leftovers\n|-fieldend|move: Electric Terrain\n|upkeep\n|turn|23\n|inactive|Time left: 300 sec this turn | 300 sec total\n|\n|t:|1783547924\n|move|p2a: Serperior|Synthesis|p2a: Serperior\n|-heal|p2a: Serperior|196/248\n|move|p1a: Brute Bonnet|Crunch|p2a: Serperior\n|-damage|p2a: Serperior|93/248\n|\n|-heal|p1a: Brute Bonnet|78/100|[from] item: Leftovers\n|upkeep\n|turn|24\n|inactive|Time left: 300 sec this turn | 300 sec total\n|\n|t:|1783547925\n|move|p2a: Serperior|Synthesis|p2a: Serperior\n|-heal|p2a: Serperior|217/248\n|move|p1a: Brute Bonnet|Crunch|p2a: Serperior\n|-crit|p2a: Serperior\n|-damage|p2a: Serperior|73/248\n|\n|-heal|p1a: Brute Bonnet|84/100|[from] item: Leftovers\n|upkeep\n|turn|25\n|inactive|Time left: 300 sec this turn | 300 sec total\n|\n|t:|1783547926\n|move|p2a: Serperior|Synthesis|p2a: Serperior\n|-heal|p2a: Serperior|197/248\n|move|p1a: Brute Bonnet|Crunch|p2a: Serperior\n|-damage|p2a: Serperior|103/248\n|\n|-heal|p1a: Brute Bonnet|90/100|[from] item: Leftovers\n|upkeep\n|turn|26\n|inactive|Time left: 300 sec this turn | 300 sec total\n|\n|t:|1783547927\n|move|p2a: Serperior|Synthesis|p2a: Serperior\n|-heal|p2a: Serperior|227/248\n|move|p1a: Brute Bonnet|Crunch|p2a: Serperior\n|-damage|p2a: Serperior|125/248\n|\n|-heal|p1a: Brute Bonnet|97/100|[from] item: Leftovers\n|upkeep\n|turn|27\n|inactive|Time left: 300 sec this turn | 300 sec total\n|\n|t:|1783547929\n|move|p2a: Serperior|Synthesis|p2a: Serperior\n|-heal|p2a: Serperior|248/248\n|move|p1a: Brute Bonnet|Crunch|p2a: Serperior\n|-damage|p2a: Serperior|154/248\n|\n|-heal|p1a: Brute Bonnet|100/100|[from] item: Leftovers\n|upkeep\n|turn|28\n|inactive|Time left: 300 sec this turn | 300 sec total\n|\n|t:|1783547930\n|move|p2a: Serperior|Leaf Storm|p1a: Brute Bonnet\n|-resisted|p1a: Brute Bonnet\n|-damage|p1a: Brute Bonnet|38/100\n|-boost|p2a: Serperior|spa|2\n|-damage|p2a: Serperior|130/248|[from] item: Life Orb\n|move|p1a: Brute Bonnet|Crunch|p2a: Serperior\n|-damage|p2a: Serperior|33/248\n|\n|-heal|p1a: Brute Bonnet|45/100|[from] item: Leftovers\n|upkeep\n|turn|29\n|inactive|Time left: 300 sec this turn | 300 sec total\n|\n|t:|1783547931\n|move|p2a: Serperior|Synthesis|p2a: Serperior\n|-heal|p2a: Serperior|157/248\n|move|p1a: Brute Bonnet|Close Combat|p2a: Serperior\n|-damage|p2a: Serperior|65/248\n|-unboost|p1a: Brute Bonnet|def|1\n|-unboost|p1a: Brute Bonnet|spd|1\n|\n|-heal|p1a: Brute Bonnet|51/100|[from] item: Leftovers\n|upkeep\n|turn|30\n|inactive|Time left: 300 sec this turn | 300 sec total\n|\n|t:|1783547932\n|move|p1a: Brute Bonnet|Sucker Punch||[still]\n|-fail|p1a: Brute Bonnet\n|move|p2a: Serperior|Synthesis|p2a: Serperior\n|-heal|p2a: Serperior|189/248\n|\n|-heal|p1a: Brute Bonnet|57/100|[from] item: Leftovers\n|upkeep\n|turn|31\n|inactive|Time left: 300 sec this turn | 300 sec total\n|\n|t:|1783547933\n|move|p1a: Brute Bonnet|Sucker Punch|p2a: Serperior\n|-damage|p2a: Serperior|107/248\n|move|p2a: Serperior|Dragon Pulse|p1a: Brute Bonnet\n|-damage|p1a: Brute Bonnet|0 fnt\n|faint|p1a: Brute Bonnet\n|-end|p1a: Brute Bonnet|Protosynthesis|[silent]\n|-damage|p2a: Serperior|83/248|[from] item: Life Orb\n|\n|upkeep\n|\n|t:|1783547933\n|switch|p1a: Pincurchin|Pincurchin, M|43/100\n|-fieldstart|move: Electric Terrain|[from] ability: Electric Surge|[of] p1a: Pincurchin\n|turn|32\n|inactive|Time left: 300 sec this turn | 300 sec total\n|\n|t:|1783547934\n|move|p2a: Serperior|Leaf Storm|p1a: Pincurchin|[miss]\n|-miss|p2a: Serperior|p1a: Pincurchin\n|move|p1a: Pincurchin|Liquidation|p2a: Serperior\n|-resisted|p2a: Serperior\n|-damage|p2a: Serperior|37/248\n|\n|-heal|p1a: Pincurchin|49/100|[from] item: Leftovers\n|upkeep\n|turn|33\n|inactive|Time left: 300 sec this turn | 300 sec total\n|\n|t:|1783547936\n|move|p2a: Serperior|Leaf Storm|p1a: Pincurchin\n|-damage|p1a: Pincurchin|0 fnt\n|faint|p1a: Pincurchin\n|-damage|p2a: Serperior|13/248|[from] item: Life Orb\n|\n|upkeep\n|\n|t:|1783547937\n|switch|p1a: Tatsugiri|Tatsugiri, L87, M|100/100\n|turn|34\n|inactive|Time left: 300 sec this turn | 300 sec total\n|\n|t:|1783547938\n|switch|p1a: Koraidon|Koraidon, L64|70/100\n|-weather|SunnyDay|[from] ability: Orichalcum Pulse|[of] p1a: Koraidon\n|-activate|p1a: Koraidon|Orichalcum Pulse|[source]\n|move|p2a: Serperior|Dragon Pulse|p1a: Koraidon\n|-supereffective|p1a: Koraidon\n|-crit|p1a: Koraidon\n|-damage|p1a: Koraidon|0 fnt\n|faint|p1a: Koraidon\n|-damage|p2a: Serperior|0 fnt|[from] item: Life Orb\n|faint|p2a: Serperior\n|\n|-weather|SunnyDay|[upkeep]\n|upkeep\n|inactive|Time left: 300 sec this turn | 300 sec total | 5 sec grace\n|\n|t:|1783547939\n|switch|p2a: Zarude|Zarude, L77|232/288\n|switch|p1a: Tatsugiri|Tatsugiri, L87, M|100/100\n|turn|35\n|inactive|Time left: 300 sec this turn | 300 sec total\n|\n|t:|1783547940\n|-terastallize|p2a: Zarude|Fighting\n|move|p2a: Zarude|Swords Dance|p2a: Zarude\n|-boost|p2a: Zarude|atk|2\n|move|p1a: Tatsugiri|Rapid Spin|p2a: Zarude\n|-damage|p2a: Zarude|208/288\n|-boost|p1a: Tatsugiri|spe|1\n|\n|-weather|SunnyDay|[upkeep]\n|upkeep\n|turn|36\n|inactive|Time left: 300 sec this turn | 300 sec total\n|\n|t:|1783547941\n|move|p1a: Tatsugiri|Draco Meteor|p2a: Zarude\n|-damage|p2a: Zarude|22/288\n|-unboost|p1a: Tatsugiri|spa|2\n|move|p2a: Zarude|Close Combat|p1a: Tatsugiri\n|-damage|p1a: Tatsugiri|0 fnt\n|-unboost|p2a: Zarude|def|1\n|-unboost|p2a: Zarude|spd|1\n|faint|p1a: Tatsugiri\n|-damage|p2a: Zarude|0 fnt|[from] item: Life Orb\n|faint|p2a: Zarude\n|\n|win|p0y756c6b5", "uploadtime": 1783547941, "views": 0, "rating": 0, "private": 0, "password": null, "_winner": "p0y756c6b5", "_our_name": "p0y756c6b5"}