{"id": "battle-gen9randombattle-228", "formatid": "gen9randombattle", "format": "[Gen 9] Random Battle", "players": ["p0x228f6be", "p0y228eeeb"], "log": "|init|battle\n|title|p0x228f6be vs. p0y228eeeb\n|j|\u2606p0x228f6be\n|j|\u2606p0y228eeeb\n|t:|1783542219\n|gametype|singles\n|player|p1|p0x228f6be|265|\n|player|p2|p0y228eeeb|265|\n|gen|9\n|tier|[Gen 9] Random Battle\n|rule|Species Clause: Limit one of each Pok\u00e9mon\n|rule|HP Percentage Mod: HP is shown in percentages\n|rule|Sleep Clause Mod: Limit one foe put to sleep\n|rule|Illusion Level Mod: Illusion disguises the Pok\u00e9mon's true level\n|\n|t:|1783542219\n|teamsize|p1|6\n|teamsize|p2|6\n|start\n|switch|p1a: Regieleki|Regieleki, L79|100/100\n|switch|p2a: Arceus|Arceus-Fighting, L70|284/284\n|turn|1\n|inactive|Battle timer is ON: inactive players will automatically lose when time's up. (requested by p0x228f6be)\n|inactive|Time left: 300 sec this turn | 300 sec total | 60 sec grace\n|inactive|p0y228eeeb also wants the timer to be on.\n|\n|t:|1783542220\n|move|p1a: Regieleki|Volt Switch|p2a: Arceus\n|-damage|p2a: Arceus|187/284\n|\n|t:|1783542221\n|switch|p1a: Vivillon|Vivillon-Elegant, L83, F|100/100|[from] Volt Switch\n|move|p2a: Arceus|Body Press|p1a: Vivillon\n|-resisted|p1a: Vivillon\n|-damage|p1a: Vivillon|88/100\n|\n|upkeep\n|turn|2\n|inactive|Time left: 300 sec this turn | 300 sec total\n|\n|t:|1783542222\n|switch|p2a: Tyranitar|Tyranitar, L78, F|284/284\n|-weather|Sandstorm|[from] ability: Sand Stream|[of] p2a: Tyranitar\n|move|p1a: Vivillon|Quiver Dance|p1a: Vivillon\n|-boost|p1a: Vivillon|spa|1\n|-boost|p1a: Vivillon|spd|1\n|-boost|p1a: Vivillon|spe|1\n|\n|-weather|Sandstorm|[upkeep]\n|-damage|p1a: Vivillon|82/100|[from] Sandstorm\n|upkeep\n|turn|3\n|inactive|Time left: 300 sec this turn | 300 sec total\n|\n|t:|1783542224\n|move|p1a: Vivillon|Sleep Powder|p2a: Tyranitar\n|-status|p2a: Tyranitar|slp|[from] move: Sleep Powder\n|cant|p2a: Tyranitar|slp\n|\n|-weather|Sandstorm|[upkeep]\n|-damage|p1a: Vivillon|76/100|[from] Sandstorm\n|upkeep\n|turn|4\n|inactive|Time left: 300 sec this turn | 300 sec total\n|\n|t:|1783542225\n|move|p1a: Vivillon|Quiver Dance|p1a: Vivillon\n|-boost|p1a: Vivillon|spa|1\n|-boost|p1a: Vivillon|spd|1\n|-boost|p1a: Vivillon|spe|1\n|cant|p2a: Tyranitar|slp\n|\n|-weather|Sandstorm|[upkeep]\n|-damage|p1a: Vivillon|70/100|[from] Sandstorm\n|upkeep\n|turn|5\n|inactive|Time left: 300 sec this turn | 300 sec total\n|\n|t:|1783542226\n|move|p1a: Vivillon|Bug Buzz|p2a: Tyranitar\n|-supereffective|p2a: Tyranitar\n|-damage|p2a: Tyranitar|32/284 slp\n|-curestatus|p2a: Tyranitar|slp|[msg]\n|move|p2a: Tyranitar|Knock Off|p1a: Vivillon\n|-damage|p1a: Vivillon|11/100\n|-enditem|p1a: Vivillon|Heavy-Duty Boots|[from] move: Knock Off|[of] p2a: Tyranitar\n|\n|-weather|Sandstorm|[upkeep]\n|-damage|p1a: Vivillon|5/100|[from] Sandstorm\n|-heal|p2a: Tyranitar|49/284|[from] item: Leftovers\n|upkeep\n|turn|6\n|inactive|Time left: 300 sec this turn | 300 sec total\n|\n|t:|1783542228\n|move|p1a: Vivillon|Bug Buzz|p2a: Tyranitar\n|-supereffective|p2a: Tyranitar\n|-damage|p2a: Tyranitar|0 fnt\n|faint|p2a: Tyranitar\n|\n|-weather|none\n|upkeep\n|inactive|Time left: 300 sec this turn | 300 sec total | 5 sec grace\n|\n|t:|1783542229\n|switch|p2a: Metagross|Metagross, L79|256/256\n|turn|7\n|inactive|Time left: 300 sec this turn | 300 sec total\n|\n|t:|1783542230\n|move|p2a: Metagross|Bullet Punch|p1a: Vivillon\n|-damage|p1a: Vivillon|0 fnt\n|faint|p1a: Vivillon\n|\n|upkeep\n|\n|t:|1783542231\n|switch|p1a: Ogerpon|Ogerpon-Hearthflame, L74, F|100/100\n|-ability|p1a: Ogerpon|Mold Breaker\n|turn|8\n|inactive|Time left: 300 sec this turn | 300 sec total\n|\n|t:|1783542232\n|switch|p2a: Gouging Fire|Gouging Fire, L74|277/277\n|move|p1a: Ogerpon|Swords Dance|p1a: Ogerpon\n|-boost|p1a: Ogerpon|atk|2\n|\n|upkeep\n|turn|9\n|inactive|Time left: 300 sec this turn | 300 sec total\n|\n|t:|1783542233\n|switch|p1a: Solgaleo|Solgaleo, L74|100/100\n|move|p2a: Gouging Fire|Outrage|p1a: Solgaleo\n|-resisted|p1a: Solgaleo\n|-damage|p1a: Solgaleo|84/100\n|-damage|p2a: Gouging Fire|231/277|[from] item: Rocky Helmet|[of] p1a: Solgaleo\n|\n|upkeep\n|turn|10\n|inactive|Time left: 300 sec this turn | 300 sec total\n|\n|t:|1783542234\n|move|p1a: Solgaleo|Knock Off|p2a: Gouging Fire\n|-damage|p2a: Gouging Fire|166/277\n|-enditem|p2a: Gouging Fire|Heavy-Duty Boots|[from] move: Knock Off|[of] p1a: Solgaleo\n|move|p2a: Gouging Fire|Outrage|p1a: Solgaleo|[from] lockedmove\n|-resisted|p1a: Solgaleo\n|-damage|p1a: Solgaleo|67/100\n|-damage|p2a: Gouging Fire|120/277|[from] item: Rocky Helmet|[of] p1a: Solgaleo\n|\n|upkeep\n|turn|11\n|inactive|Time left: 300 sec this turn | 300 sec total\n|\n|t:|1783542236\n|move|p1a: Solgaleo|Morning Sun|p1a: Solgaleo\n|-heal|p1a: Solgaleo|100/100\n|move|p2a: Gouging Fire|Outrage|p1a: Solgaleo|[from] lockedmove\n|-resisted|p1a: Solgaleo\n|-damage|p1a: Solgaleo|84/100\n|-damage|p2a: Gouging Fire|74/277|[from] item: Rocky Helmet|[of] p1a: Solgaleo\n|-start|p2a: Gouging Fire|confusion|[fatigue]\n|\n|upkeep\n|turn|12\n|inactive|Time left: 300 sec this turn | 300 sec total\n|\n|t:|1783542237\n|move|p1a: Solgaleo|Sunsteel Strike|p2a: Gouging Fire\n|-resisted|p2a: Gouging Fire\n|-damage|p2a: Gouging Fire|26/277\n|-activate|p2a: Gouging Fire|confusion\n|move|p2a: Gouging Fire|Morning Sun|p2a: Gouging Fire\n|-heal|p2a: Gouging Fire|164/277\n|\n|upkeep\n|turn|13\n|inactive|Time left: 300 sec this turn | 300 sec total\n|\n|t:|1783542238\n|move|p1a: Solgaleo|Sunsteel Strike|p2a: Gouging Fire\n|-resisted|p2a: Gouging Fire\n|-damage|p2a: Gouging Fire|112/277\n|-activate|p2a: Gouging Fire|confusion\n|-damage|p2a: Gouging Fire|90/277|[from] confusion\n|\n|upkeep\n|turn|14\n|inactive|Time left: 300 sec this turn | 300 sec total\n|\n|t:|1783542239\n|move|p1a: Solgaleo|Sunsteel Strike|p2a: Gouging Fire\n|-resisted|p2a: Gouging Fire\n|-damage|p2a: Gouging Fire|45/277\n|-end|p2a: Gouging Fire|confusion\n|move|p2a: Gouging Fire|Morning Sun|p2a: Gouging Fire\n|-heal|p2a: Gouging Fire|183/277\n|\n|upkeep\n|turn|15\n|inactive|Time left: 300 sec this turn | 300 sec total\n|\n|t:|1783542241\n|move|p1a: Solgaleo|Sunsteel Strike|p2a: Gouging Fire\n|-resisted|p2a: Gouging Fire\n|-damage|p2a: Gouging Fire|136/277\n|move|p2a: Gouging Fire|Morning Sun|p2a: Gouging Fire\n|-heal|p2a: Gouging Fire|274/277\n|\n|upkeep\n|turn|16\n|inactive|Time left: 300 sec this turn | 300 sec total\n|\n|t:|1783542242\n|move|p1a: Solgaleo|Knock Off|p2a: Gouging Fire\n|-damage|p2a: Gouging Fire|234/277\n|move|p2a: Gouging Fire|Dragon Dance|p2a: Gouging Fire\n|-boost|p2a: Gouging Fire|atk|1\n|-boost|p2a: Gouging Fire|spe|1\n|\n|upkeep\n|turn|17\n|inactive|Time left: 300 sec this turn | 300 sec total\n|\n|t:|1783542243\n|move|p2a: Gouging Fire|Dragon Dance|p2a: Gouging Fire\n|-boost|p2a: Gouging Fire|atk|1\n|-boost|p2a: Gouging Fire|spe|1\n|move|p1a: Solgaleo|Morning Sun|p1a: Solgaleo\n|-heal|p1a: Solgaleo|100/100\n|\n|upkeep\n|turn|18\n|inactive|Time left: 300 sec this turn | 300 sec total\n|\n|t:|1783542244\n|move|p2a: Gouging Fire|Heat Crash|p1a: Solgaleo\n|-supereffective|p1a: Solgaleo\n|-damage|p1a: Solgaleo|34/100\n|-damage|p2a: Gouging Fire|188/277|[from] item: Rocky Helmet|[of] p1a: Solgaleo\n|move|p1a: Solgaleo|Sunsteel Strike|p2a: Gouging Fire\n|-resisted|p2a: Gouging Fire\n|-damage|p2a: Gouging Fire|140/277\n|\n|upkeep\n|turn|19\n|inactive|Time left: 300 sec this turn | 300 sec total\n|\n|t:|1783542245\n|move|p2a: Gouging Fire|Outrage|p1a: Solgaleo\n|-resisted|p1a: Solgaleo\n|-damage|p1a: Solgaleo|0 fnt\n|-damage|p2a: Gouging Fire|94/277|[from] item: Rocky Helmet|[of] p1a: Solgaleo\n|faint|p1a: Solgaleo\n|\n|upkeep\n|\n|t:|1783542246\n|switch|p1a: Regieleki|Regieleki, L79|100/100\n|turn|20\n|inactive|Time left: 300 sec this turn | 300 sec total\n|\n|t:|1783542247\n|-terastallize|p1a: Regieleki|Electric\n|move|p1a: Regieleki|Thunderbolt|p2a: Gouging Fire\n|-resisted|p2a: Gouging Fire\n|-crit|p2a: Gouging Fire\n|-damage|p2a: Gouging Fire|0 fnt\n|faint|p2a: Gouging Fire\n|-end|p2a: Gouging Fire|Protosynthesis|[silent]\n|\n|upkeep\n|inactive|Time left: 300 sec this turn | 300 sec total | 5 sec grace\n|\n|t:|1783542248\n|switch|p2a: Metagross|Metagross, L79|256/256\n|turn|21\n|inactive|Time left: 300 sec this turn | 300 sec total\n|\n|t:|1783542249\n|move|p1a: Regieleki|Volt Switch|p2a: Metagross\n|-damage|p2a: Metagross|118/256\n|\n|t:|1783542250\n|switch|p1a: Zarude|Zarude, L77|100/100|[from] Volt Switch\n|move|p2a: Metagross|Psychic Fangs|p1a: Zarude\n|-immune|p1a: Zarude\n|\n|upkeep\n|turn|22\n|inactive|Time left: 300 sec this turn | 300 sec total\n|\n|t:|1783542251\n|switch|p2a: Arceus|Arceus-Fighting, L70|187/284\n|move|p1a: Zarude|Swords Dance|p1a: Zarude\n|-boost|p1a: Zarude|atk|2\n|\n|upkeep\n|turn|23\n|inactive|Time left: 300 sec this turn | 300 sec total\n|\n|t:|1783542253\n|move|p2a: Arceus|Body Press|p1a: Zarude\n|-supereffective|p1a: Zarude\n|-damage|p1a: Zarude|44/100\n|move|p1a: Zarude|Power Whip|p2a: Arceus\n|-crit|p2a: Arceus\n|-damage|p2a: Arceus|0 fnt\n|faint|p2a: Arceus\n|\n|-heal|p1a: Zarude|50/100|[from] item: Leftovers\n|upkeep\n|inactive|Time left: 300 sec this turn | 300 sec total | 5 sec grace\n|\n|t:|1783542253\n|switch|p2a: Indeedee|Indeedee, L84, M|238/238\n|-fieldstart|move: Psychic Terrain|[from] ability: Psychic Surge|[of] p2a: Indeedee\n|turn|24\n|inactive|Time left: 300 sec this turn | 300 sec total\n|\n|t:|1783542255\n|move|p2a: Indeedee|Dazzling Gleam|p1a: Zarude\n|-supereffective|p1a: Zarude\n|-damage|p1a: Zarude|0 fnt\n|faint|p1a: Zarude\n|-damage|p2a: Indeedee|215/238|[from] item: Life Orb\n|\n|upkeep\n|\n|t:|1783542256\n|switch|p1a: Cyclizar|Cyclizar, L84, M|100/100\n|turn|25\n|inactive|Time left: 300 sec this turn | 300 sec total\n|\n|t:|1783542257\n|move|p1a: Cyclizar|Knock Off|p2a: Indeedee\n|-supereffective|p2a: Indeedee\n|-crit|p2a: Indeedee\n|-damage|p2a: Indeedee|0 fnt\n|-enditem|p2a: Indeedee|Life Orb|[from] move: Knock Off|[of] p1a: Cyclizar\n|faint|p2a: Indeedee\n|\n|upkeep\n|inactive|Time left: 300 sec this turn | 300 sec total | 5 sec grace\n|\n|t:|1783542258\n|switch|p2a: Primarina|Primarina, L83, M|268/268\n|turn|26\n|inactive|Time left: 300 sec this turn | 300 sec total\n|\n|t:|1783542259\n|move|p1a: Cyclizar|Shed Tail|p1a: Cyclizar\n|-start|p1a: Cyclizar|Substitute|[from] move: Shed Tail\n|-damage|p1a: Cyclizar|50/100\n|\n|t:|1783542260\n|switch|p1a: Ogerpon|Ogerpon-Hearthflame, L74, F|100/100|[from] Shed Tail\n|-ability|p1a: Ogerpon|Mold Breaker\n|move|p2a: Primarina|Psychic Noise|p1a: Ogerpon\n|-damage|p1a: Ogerpon|58/100\n|-start|p1a: Ogerpon|move: Heal Block\n|\n|upkeep\n|turn|27\n|inactive|Time left: 300 sec this turn | 300 sec total\n|\n|t:|1783542261\n|move|p1a: Ogerpon|Power Whip|p2a: Primarina\n|-supereffective|p2a: Primarina\n|-damage|p2a: Primarina|0 fnt\n|faint|p2a: Primarina\n|\n|-end|p1a: Ogerpon|move: Heal Block\n|upkeep\n|inactive|Time left: 300 sec this turn | 300 sec total | 5 sec grace\n|\n|t:|1783542262\n|switch|p2a: Metagross|Metagross, L79|118/256\n|turn|28\n|inactive|Time left: 300 sec this turn | 300 sec total\n|\n|t:|1783542262\n|-terastallize|p2a: Metagross|Water\n|move|p1a: Ogerpon|Ivy Cudgel|p2a: Metagross|[anim] Ivy Cudgel Fire\n|-resisted|p2a: Metagross\n|-crit|p2a: Metagross\n|-damage|p2a: Metagross|52/256\n|move|p2a: Metagross|Earthquake|p1a: Ogerpon\n|-end|p1a: Ogerpon|Substitute\n|\n|-fieldend|move: Psychic Terrain\n|upkeep\n|turn|29\n|inactive|Time left: 300 sec this turn | 300 sec total\n|\n|t:|1783542263\n|move|p1a: Ogerpon|Trailblaze|p2a: Metagross\n|-supereffective|p2a: Metagross\n|-damage|p2a: Metagross|0 fnt\n|-boost|p1a: Ogerpon|spe|1\n|faint|p2a: Metagross\n|\n|win|p0x228f6be", "uploadtime": 1783542263, "views": 0, "rating": 0, "private": 0, "password": null, "_winner": "p0x228f6be", "_our_name": "p0y228eeeb"}