{"id": "battle-gen9randombattle-813", "formatid": "gen9randombattle", "format": "[Gen 9] Random Battle", "players": ["p0x813565b", "p0y81374a9"], "log": "|init|battle\n|title|p0x813565b vs. p0y81374a9\n|j|\u2606p0x813565b\n|j|\u2606p0y81374a9\n|t:|1783549324\n|gametype|singles\n|player|p1|p0x813565b|102|\n|player|p2|p0y81374a9|169|\n|gen|9\n|tier|[Gen 9] Random Battle\n|rule|Species Clause: Limit one of each Pok\u00e9mon\n|rule|HP Percentage Mod: HP is shown in percentages\n|rule|Sleep Clause Mod: Limit one foe put to sleep\n|rule|Illusion Level Mod: Illusion disguises the Pok\u00e9mon's true level\n|\n|t:|1783549324\n|teamsize|p1|6\n|teamsize|p2|6\n|start\n|switch|p1a: Bastiodon|Bastiodon, L89, F|252/252\n|switch|p2a: Roaring Moon|Roaring Moon, L72|100/100\n|turn|1\n|inactive|Battle timer is ON: inactive players will automatically lose when time's up. (requested by p0x813565b)\n|\n|t:|1783549326\n|-end|p2a: Roaring Moon|Protosynthesis|[silent]\n|switch|p2a: Rhyperior|Rhyperior, L82, F|100/100\n|move|p1a: Bastiodon|Body Press|p2a: Rhyperior\n|-supereffective|p2a: Rhyperior\n|-damage|p2a: Rhyperior|66/100\n|-enditem|p2a: Rhyperior|Weakness Policy\n|-boost|p2a: Rhyperior|atk|2|[from] item: Weakness Policy\n|-boost|p2a: Rhyperior|spa|2|[from] item: Weakness Policy\n|\n|upkeep\n|turn|2\n|inactive|Time left: 300 sec this turn | 300 sec total\n|inactive|p0y81374a9 also wants the timer to be on.\n|\n|t:|1783549327\n|-terastallize|p1a: Bastiodon|Fighting\n|move|p2a: Rhyperior|Earthquake|p1a: Bastiodon\n|-damage|p1a: Bastiodon|110/252\n|move|p1a: Bastiodon|Iron Defense|p1a: Bastiodon\n|-boost|p1a: Bastiodon|def|2\n|\n|upkeep\n|turn|3\n|inactive|Time left: 300 sec this turn | 300 sec total\n|\n|t:|1783549328\n|move|p2a: Rhyperior|Earthquake|p1a: Bastiodon\n|-damage|p1a: Bastiodon|31/252\n|move|p1a: Bastiodon|Body Press|p2a: Rhyperior\n|-supereffective|p2a: Rhyperior\n|-damage|p2a: Rhyperior|0 fnt\n|faint|p2a: Rhyperior\n|\n|upkeep\n|\n|t:|1783549329\n|switch|p2a: Veluza|Veluza, L85, M|100/100\n|turn|4\n|inactive|Time left: 300 sec this turn | 300 sec total\n|\n|t:|1783549330\n|switch|p1a: Registeel|Registeel, L81|262/262\n|move|p2a: Veluza|Psycho Cut|p1a: Registeel\n|-resisted|p1a: Registeel\n|-damage|p1a: Registeel|218/262\n|\n|upkeep\n|turn|5\n|inactive|Time left: 300 sec this turn | 300 sec total\n|\n|t:|1783549331\n|move|p2a: Veluza|Psycho Cut|p1a: Registeel\n|-resisted|p1a: Registeel\n|-damage|p1a: Registeel|180/262\n|move|p1a: Registeel|Iron Defense|p1a: Registeel\n|-boost|p1a: Registeel|def|2\n|\n|upkeep\n|turn|6\n|inactive|Time left: 300 sec this turn | 300 sec total\n|\n|t:|1783549332\n|switch|p2a: Smeargle|Smeargle, L95, M|100/100\n|move|p1a: Registeel|Body Press|p2a: Smeargle\n|-supereffective|p2a: Smeargle\n|-enditem|p2a: Smeargle|Focus Sash\n|-damage|p2a: Smeargle|1/100\n|\n|upkeep\n|turn|7\n|inactive|Time left: 300 sec this turn | 300 sec total\n|\n|t:|1783549333\n|move|p2a: Smeargle|Sticky Web|p1a: Registeel\n|-sidestart|p1: p0x813565b|move: Sticky Web\n|move|p1a: Registeel|Iron Head|p2a: Smeargle\n|-damage|p2a: Smeargle|0 fnt\n|faint|p2a: Smeargle\n|\n|upkeep\n|\n|t:|1783549334\n|switch|p2a: Walking Wake|Walking Wake, L79|100/100\n|turn|8\n|inactive|Time left: 300 sec this turn | 300 sec total\n|\n|t:|1783549335\n|move|p2a: Walking Wake|Flamethrower|p1a: Registeel\n|-supereffective|p1a: Registeel\n|-damage|p1a: Registeel|66/262\n|-damage|p2a: Walking Wake|91/100|[from] item: Life Orb\n|move|p1a: Registeel|Body Press|p2a: Walking Wake\n|-damage|p2a: Walking Wake|39/100\n|\n|upkeep\n|turn|9\n|inactive|Time left: 300 sec this turn | 300 sec total\n|\n|t:|1783549336\n|move|p2a: Walking Wake|Flamethrower|p1a: Registeel\n|-supereffective|p1a: Registeel\n|-damage|p1a: Registeel|0 fnt\n|faint|p1a: Registeel\n|-damage|p2a: Walking Wake|30/100|[from] item: Life Orb\n|\n|upkeep\n|inactive|Time left: 300 sec this turn | 300 sec total | 5 sec grace\n|\n|t:|1783549337\n|switch|p1a: Kricketune|Kricketune, L99, M|312/312\n|turn|10\n|inactive|Time left: 300 sec this turn | 300 sec total\n|\n|t:|1783549338\n|-terastallize|p2a: Walking Wake|Fire\n|move|p2a: Walking Wake|Flamethrower|p1a: Kricketune\n|-supereffective|p1a: Kricketune\n|-damage|p1a: Kricketune|0 fnt\n|faint|p1a: Kricketune\n|-damage|p2a: Walking Wake|20/100|[from] item: Life Orb\n|\n|upkeep\n|inactive|Time left: 300 sec this turn | 300 sec total | 5 sec grace\n|\n|t:|1783549339\n|switch|p1a: Arceus|Arceus, L68|276/276\n|-activate|p1a: Arceus|move: Sticky Web\n|-unboost|p1a: Arceus|spe|1\n|turn|11\n|inactive|Time left: 300 sec this turn | 300 sec total\n|\n|t:|1783549340\n|-end|p2a: Walking Wake|Protosynthesis|[silent]\n|switch|p2a: Wyrdeer|Wyrdeer, L87, F|100/100\n|-ability|p2a: Wyrdeer|Intimidate|boost\n|-unboost|p1a: Arceus|atk|1\n|move|p1a: Arceus|Extreme Speed|p2a: Wyrdeer\n|-crit|p2a: Wyrdeer\n|-damage|p2a: Wyrdeer|58/100\n|-damage|p1a: Arceus|249/276|[from] item: Life Orb\n|\n|-heal|p2a: Wyrdeer|64/100|[from] item: Leftovers\n|upkeep\n|turn|12\n|inactive|Time left: 300 sec this turn | 300 sec total\n|\n|t:|1783549342\n|switch|p1a: Bastiodon|Bastiodon, L89, F, tera:Fighting|31/252\n|-activate|p1a: Bastiodon|move: Sticky Web\n|-unboost|p1a: Bastiodon|spe|1\n|move|p2a: Wyrdeer|Body Slam|p1a: Bastiodon\n|-damage|p1a: Bastiodon|0 fnt\n|faint|p1a: Bastiodon\n|\n|-heal|p2a: Wyrdeer|71/100|[from] item: Leftovers\n|upkeep\n|inactive|Time left: 300 sec this turn | 300 sec total | 5 sec grace\n|\n|t:|1783549343\n|switch|p1a: Mew|Mew, L82|298/298\n|-activate|p1a: Mew|move: Sticky Web\n|-unboost|p1a: Mew|spe|1\n|turn|13\n|inactive|Time left: 300 sec this turn | 300 sec total\n|\n|t:|1783549344\n|move|p2a: Wyrdeer|Body Slam|p1a: Mew\n|-damage|p1a: Mew|201/298\n|move|p1a: Mew|Knock Off|p2a: Wyrdeer\n|-supereffective|p2a: Wyrdeer\n|-damage|p2a: Wyrdeer|5/100\n|-enditem|p2a: Wyrdeer|Leftovers|[from] move: Knock Off|[of] p1a: Mew\n|-damage|p1a: Mew|172/298|[from] item: Life Orb\n|\n|upkeep\n|turn|14\n|inactive|Time left: 300 sec this turn | 300 sec total\n|\n|t:|1783549345\n|move|p2a: Wyrdeer|Body Slam|p1a: Mew\n|-damage|p1a: Mew|78/298\n|-status|p1a: Mew|par\n|-activate|p1a: Mew|ability: Synchronize\n|-status|p2a: Wyrdeer|par\n|move|p1a: Mew|Swords Dance|p1a: Mew\n|-boost|p1a: Mew|atk|2\n|\n|upkeep\n|turn|15\n|inactive|Time left: 300 sec this turn | 300 sec total\n|\n|t:|1783549347\n|move|p2a: Wyrdeer|Body Slam|p1a: Mew\n|-damage|p1a: Mew|0 fnt\n|faint|p1a: Mew\n|\n|upkeep\n|inactive|Time left: 300 sec this turn | 300 sec total | 5 sec grace\n|\n|t:|1783549347\n|switch|p1a: Arceus|Arceus, L68|249/276\n|-activate|p1a: Arceus|move: Sticky Web\n|-unboost|p1a: Arceus|spe|1\n|turn|16\n|inactive|Time left: 300 sec this turn | 300 sec total\n|\n|t:|1783549348\n|move|p1a: Arceus|Swords Dance|p1a: Arceus\n|-boost|p1a: Arceus|atk|2\n|move|p2a: Wyrdeer|Psychic Noise|p1a: Arceus\n|-damage|p1a: Arceus|158/276\n|-start|p1a: Arceus|move: Heal Block\n|\n|upkeep\n|turn|17\n|inactive|Time left: 300 sec this turn | 300 sec total\n|\n|t:|1783549350\n|move|p1a: Arceus|Extreme Speed|p2a: Wyrdeer\n|-damage|p2a: Wyrdeer|0 fnt\n|faint|p2a: Wyrdeer\n|-damage|p1a: Arceus|131/276|[from] item: Life Orb\n|\n|-end|p1a: Arceus|move: Heal Block\n|upkeep\n|\n|t:|1783549351\n|switch|p2a: Walking Wake|Walking Wake, L79, tera:Fire|20/100\n|turn|18\n|inactive|Time left: 300 sec this turn | 300 sec total\n|\n|t:|1783549352\n|move|p1a: Arceus|Extreme Speed|p2a: Walking Wake\n|-damage|p2a: Walking Wake|0 fnt\n|faint|p2a: Walking Wake\n|-end|p2a: Walking Wake|Protosynthesis|[silent]\n|-damage|p1a: Arceus|104/276|[from] item: Life Orb\n|\n|upkeep\n|\n|t:|1783549353\n|switch|p2a: Roaring Moon|Roaring Moon, L72|100/100\n|turn|19\n|inactive|Time left: 300 sec this turn | 300 sec total\n|\n|t:|1783549353\n|move|p1a: Arceus|Extreme Speed|p2a: Roaring Moon\n|-damage|p2a: Roaring Moon|15/100\n|-damage|p1a: Arceus|77/276|[from] item: Life Orb\n|move|p2a: Roaring Moon|Outrage|p1a: Arceus\n|-damage|p1a: Arceus|0 fnt\n|faint|p1a: Arceus\n|\n|upkeep\n|inactive|Time left: 300 sec this turn | 300 sec total | 5 sec grace\n|\n|t:|1783549355\n|switch|p1a: Urshifu|Urshifu-Rapid-Strike, L75, M|274/274\n|-activate|p1a: Urshifu|move: Sticky Web\n|-unboost|p1a: Urshifu|spe|1\n|turn|20\n|inactive|Time left: 300 sec this turn | 300 sec total\n|\n|t:|1783549356\n|move|p1a: Urshifu|Aqua Jet|p2a: Roaring Moon\n|-resisted|p2a: Roaring Moon\n|-damage|p2a: Roaring Moon|0 fnt\n|faint|p2a: Roaring Moon\n|-end|p2a: Roaring Moon|Protosynthesis|[silent]\n|\n|upkeep\n|\n|t:|1783549356\n|switch|p2a: Veluza|Veluza, L85, M|100/100\n|turn|21\n|inactive|Time left: 300 sec this turn | 300 sec total\n|\n|t:|1783549357\n|move|p1a: Urshifu|Aqua Jet|p2a: Veluza\n|-resisted|p2a: Veluza\n|-damage|p2a: Veluza|87/100\n|move|p2a: Veluza|Psycho Cut|p1a: Urshifu\n|-supereffective|p1a: Urshifu\n|-damage|p1a: Urshifu|40/274\n|\n|upkeep\n|turn|22\n|inactive|Time left: 300 sec this turn | 300 sec total\n|\n|t:|1783549358\n|move|p1a: Urshifu|Aqua Jet|p2a: Veluza\n|-resisted|p2a: Veluza\n|-damage|p2a: Veluza|75/100\n|move|p2a: Veluza|Psycho Cut|p1a: Urshifu\n|-supereffective|p1a: Urshifu\n|-crit|p1a: Urshifu\n|-damage|p1a: Urshifu|0 fnt\n|faint|p1a: Urshifu\n|\n|win|p0y81374a9", "uploadtime": 1783549358, "views": 0, "rating": 0, "private": 0, "password": null, "_winner": "p0y81374a9", "_our_name": "p0x813565b"}