{"id": "battle-gen9randombattle-2126", "formatid": "gen9randombattle", "format": "[Gen 9] Random Battle", "players": ["p0x212673cf", "p0y2126691a"], "log": "|init|battle\n|title|p0x212673cf vs. p0y2126691a\n|j|\u2606p0x212673cf\n|j|\u2606p0y2126691a\n|t:|1783564617\n|gametype|singles\n|player|p1|p0x212673cf|102|\n|player|p2|p0y2126691a|2|\n|gen|9\n|tier|[Gen 9] Random Battle\n|rule|Species Clause: Limit one of each Pok\u00e9mon\n|rule|HP Percentage Mod: HP is shown in percentages\n|rule|Sleep Clause Mod: Limit one foe put to sleep\n|rule|Illusion Level Mod: Illusion disguises the Pok\u00e9mon's true level\n|\n|t:|1783564617\n|teamsize|p1|6\n|teamsize|p2|6\n|start\n|switch|p1a: Landorus|Landorus, L75, M|100/100\n|switch|p2a: Chandelure|Chandelure, L83, M|235/235\n|turn|1\n|inactive|Battle timer is ON: inactive players will automatically lose when time's up. (requested by p0x212673cf)\n|inactive|Time left: 300 sec this turn | 300 sec total | 60 sec grace\n|inactive|p0y2126691a also wants the timer to be on.\n|\n|t:|1783564619\n|switch|p2a: Espeon|Espeon, L84, M|246/246\n|move|p1a: Landorus|Earth Power|p2a: Espeon\n|-damage|p2a: Espeon|106/246\n|\n|upkeep\n|turn|2\n|inactive|Time left: 300 sec this turn | 300 sec total\n|\n|t:|1783564620\n|move|p2a: Espeon|Psychic|p1a: Landorus\n|-damage|p1a: Landorus|21/100\n|move|p1a: Landorus|Earth Power|p2a: Espeon\n|-damage|p2a: Espeon|0 fnt\n|faint|p2a: Espeon\n|\n|upkeep\n|inactive|Time left: 300 sec this turn | 300 sec total | 5 sec grace\n|\n|t:|1783564621\n|switch|p2a: Primarina|Primarina, L83, M|268/268\n|turn|3\n|inactive|Time left: 300 sec this turn | 300 sec total\n|\n|t:|1783564622\n|move|p1a: Landorus|Earth Power|p2a: Primarina\n|-damage|p2a: Primarina|138/268\n|move|p2a: Primarina|Psychic|p1a: Landorus\n|-crit|p1a: Landorus\n|-damage|p1a: Landorus|0 fnt\n|faint|p1a: Landorus\n|\n|-heal|p2a: Primarina|154/268|[from] item: Leftovers\n|upkeep\n|\n|t:|1783564622\n|switch|p1a: Rillaboom|Rillaboom, L79, M|100/100\n|-fieldstart|move: Grassy Terrain|[from] ability: Grassy Surge|[of] p1a: Rillaboom\n|turn|4\n|inactive|Time left: 300 sec this turn | 300 sec total\n|\n|t:|1783564623\n|switch|p2a: Chandelure|Chandelure, L83, M|235/235\n|move|p1a: Rillaboom|Wood Hammer|p2a: Chandelure\n|-resisted|p2a: Chandelure\n|-damage|p2a: Chandelure|109/235\n|-damage|p1a: Rillaboom|86/100|[from] Recoil\n|\n|-heal|p2a: Chandelure|123/235|[from] Grassy Terrain\n|-heal|p1a: Rillaboom|92/100|[from] Grassy Terrain\n|upkeep\n|turn|5\n|inactive|Time left: 300 sec this turn | 300 sec total\n|\n|t:|1783564624\n|move|p1a: Rillaboom|Wood Hammer|p2a: Chandelure\n|-resisted|p2a: Chandelure\n|-damage|p2a: Chandelure|0 fnt\n|faint|p2a: Chandelure\n|-damage|p1a: Rillaboom|78/100|[from] Recoil\n|\n|-heal|p1a: Rillaboom|84/100|[from] Grassy Terrain\n|upkeep\n|inactive|Time left: 300 sec this turn | 300 sec total | 5 sec grace\n|\n|t:|1783564625\n|switch|p2a: Sandaconda|Sandaconda, L84, F|258/258\n|turn|6\n|inactive|Time left: 300 sec this turn | 300 sec total\n|\n|t:|1783564626\n|-terastallize|p2a: Sandaconda|Dragon\n|move|p1a: Rillaboom|Wood Hammer|p2a: Sandaconda\n|-resisted|p2a: Sandaconda\n|-damage|p2a: Sandaconda|150/258\n|-damage|p1a: Rillaboom|72/100|[from] Recoil\n|move|p2a: Sandaconda|Coil|p2a: Sandaconda\n|-boost|p2a: Sandaconda|atk|1\n|-boost|p2a: Sandaconda|def|1\n|-boost|p2a: Sandaconda|accuracy|1\n|\n|-heal|p1a: Rillaboom|78/100|[from] Grassy Terrain\n|-heal|p2a: Sandaconda|166/258|[from] Grassy Terrain\n|upkeep\n|turn|7\n|inactive|Time left: 300 sec this turn | 300 sec total\n|\n|t:|1783564627\n|switch|p1a: Klefki|Klefki, L84, M|100/100\n|move|p2a: Sandaconda|Scale Shot|p1a: Klefki\n|-immune|p1a: Klefki\n|\n|-heal|p2a: Sandaconda|182/258|[from] Grassy Terrain\n|upkeep\n|turn|8\n|inactive|Time left: 300 sec this turn | 300 sec total\n|\n|t:|1783564629\n|move|p1a: Klefki|Dazzling Gleam|p2a: Sandaconda\n|-supereffective|p2a: Sandaconda\n|-damage|p2a: Sandaconda|14/258\n|move|p2a: Sandaconda|Coil|p2a: Sandaconda\n|-boost|p2a: Sandaconda|atk|1\n|-boost|p2a: Sandaconda|def|1\n|-boost|p2a: Sandaconda|accuracy|1\n|\n|-heal|p2a: Sandaconda|30/258|[from] Grassy Terrain\n|-fieldend|move: Grassy Terrain\n|upkeep\n|turn|9\n|inactive|Time left: 300 sec this turn | 300 sec total\n|\n|t:|1783564630\n|move|p1a: Klefki|Foul Play|p2a: Sandaconda\n|-damage|p2a: Sandaconda|0 fnt\n|faint|p2a: Sandaconda\n|\n|upkeep\n|inactive|Time left: 300 sec this turn | 300 sec total | 5 sec grace\n|\n|t:|1783564631\n|switch|p2a: Primarina|Primarina, L83, M|154/268\n|turn|10\n|inactive|Time left: 300 sec this turn | 300 sec total\n|\n|t:|1783564632\n|switch|p1a: Rillaboom|Rillaboom, L79, M|78/100\n|-fieldstart|move: Grassy Terrain|[from] ability: Grassy Surge|[of] p1a: Rillaboom\n|move|p2a: Primarina|Draining Kiss|p1a: Rillaboom\n|-damage|p1a: Rillaboom|50/100\n|-heal|p2a: Primarina|215/268|[from] drain|[of] p1a: Rillaboom\n|\n|-heal|p1a: Rillaboom|56/100|[from] Grassy Terrain\n|-heal|p2a: Primarina|231/268|[from] Grassy Terrain\n|-heal|p2a: Primarina|247/268|[from] item: Leftovers\n|upkeep\n|turn|11\n|inactive|Time left: 300 sec this turn | 300 sec total\n|\n|t:|1783564633\n|switch|p2a: Klefki|Klefki, L84, M|233/233\n|move|p1a: Rillaboom|Wood Hammer|p2a: Klefki\n|-resisted|p2a: Klefki\n|-damage|p2a: Klefki|95/233\n|-damage|p1a: Rillaboom|40/100|[from] Recoil\n|\n|-heal|p1a: Rillaboom|46/100|[from] Grassy Terrain\n|-heal|p2a: Klefki|109/233|[from] Grassy Terrain\n|-heal|p2a: Klefki|123/233|[from] item: Leftovers\n|upkeep\n|turn|12\n|inactive|Time left: 300 sec this turn | 300 sec total\n|\n|t:|1783564634\n|move|p2a: Klefki|Thunder Wave|p1a: Rillaboom\n|-status|p1a: Rillaboom|par\n|move|p1a: Rillaboom|Wood Hammer|p2a: Klefki\n|-resisted|p2a: Klefki\n|-damage|p2a: Klefki|1/233\n|-damage|p1a: Rillaboom|32/100 par|[from] Recoil\n|\n|-heal|p2a: Klefki|15/233|[from] Grassy Terrain\n|-heal|p2a: Klefki|29/233|[from] item: Leftovers\n|-heal|p1a: Rillaboom|39/100 par|[from] Grassy Terrain\n|upkeep\n|turn|13\n|inactive|Time left: 300 sec this turn | 300 sec total\n|\n|t:|1783564635\n|move|p2a: Klefki|Spikes|p1a: Rillaboom\n|-sidestart|p1: p0x212673cf|Spikes\n|move|p1a: Rillaboom|Wood Hammer|p2a: Klefki\n|-resisted|p2a: Klefki\n|-damage|p2a: Klefki|0 fnt\n|faint|p2a: Klefki\n|-damage|p1a: Rillaboom|35/100 par|[from] Recoil\n|\n|-heal|p1a: Rillaboom|41/100 par|[from] Grassy Terrain\n|upkeep\n|inactive|Time left: 300 sec this turn | 300 sec total | 5 sec grace\n|\n|t:|1783564636\n|switch|p2a: Klawf|Klawf, L90, M|272/272\n|turn|14\n|inactive|Time left: 300 sec this turn | 300 sec total\n|\n|t:|1783564637\n|move|p2a: Klawf|Stone Edge|p1a: Rillaboom\n|-damage|p1a: Rillaboom|0 fnt\n|faint|p1a: Rillaboom\n|-damage|p2a: Klawf|245/272|[from] item: Life Orb\n|\n|-heal|p2a: Klawf|262/272|[from] Grassy Terrain\n|-fieldend|move: Grassy Terrain\n|upkeep\n|\n|t:|1783564638\n|switch|p1a: Mienshao|Mienshao, L83, F|100/100\n|-damage|p1a: Mienshao|88/100|[from] Spikes\n|turn|15\n|inactive|Time left: 300 sec this turn | 300 sec total\n|\n|t:|1783564639\n|switch|p2a: Primarina|Primarina, L83, M|247/268\n|move|p1a: Mienshao|High Jump Kick|p2a: Primarina\n|-resisted|p2a: Primarina\n|-damage|p2a: Primarina|73/268\n|\n|-heal|p2a: Primarina|89/268|[from] item: Leftovers\n|upkeep\n|turn|16\n|inactive|Time left: 300 sec this turn | 300 sec total\n|\n|t:|1783564640\n|move|p1a: Mienshao|High Jump Kick|p2a: Primarina\n|-resisted|p2a: Primarina\n|-damage|p2a: Primarina|0 fnt\n|faint|p2a: Primarina\n|\n|upkeep\n|inactive|Time left: 300 sec this turn | 300 sec total | 5 sec grace\n|\n|t:|1783564641\n|switch|p2a: Klawf|Klawf, L90, M|272/272\n|turn|17\n|inactive|Time left: 300 sec this turn | 300 sec total\n|\n|t:|1783564642\n|move|p1a: Mienshao|High Jump Kick|p2a: Klawf\n|-supereffective|p2a: Klawf\n|-damage|p2a: Klawf|0 fnt\n|faint|p2a: Klawf\n|\n|win|p0x212673cf", "uploadtime": 1783564642, "views": 0, "rating": 0, "private": 0, "password": null, "_winner": "p0x212673cf", "_our_name": "p0y2126691a"}