{"id": "battle-gen9randombattle-916", "formatid": "gen9randombattle", "format": "[Gen 9] Random Battle", "players": ["p0x91600bb", "p0y9160d4f"], "log": "|init|battle\n|title|p0x91600bb vs. p0y9160d4f\n|j|\u2606p0x91600bb\n|j|\u2606p0y9160d4f\n|t:|1783549771\n|gametype|singles\n|player|p1|p0x91600bb|170|\n|player|p2|p0y9160d4f|265|\n|gen|9\n|tier|[Gen 9] Random Battle\n|rule|Species Clause: Limit one of each Pok\u00e9mon\n|rule|HP Percentage Mod: HP is shown in percentages\n|rule|Sleep Clause Mod: Limit one foe put to sleep\n|rule|Illusion Level Mod: Illusion disguises the Pok\u00e9mon's true level\n|\n|t:|1783549771\n|teamsize|p1|6\n|teamsize|p2|6\n|start\n|switch|p1a: Ogerpon|Ogerpon-Cornerstone, L76, F|100/100\n|switch|p2a: Mew|Mew, L82|298/298\n|turn|1\n|inactive|Battle timer is ON: inactive players will automatically lose when time's up. (requested by p0x91600bb)\n|inactive|Time left: 300 sec this turn | 300 sec total | 60 sec grace\n|inactive|p0y9160d4f also wants the timer to be on.\n|\n|t:|1783549773\n|move|p1a: Ogerpon|Swords Dance|p1a: Ogerpon\n|-boost|p1a: Ogerpon|atk|2\n|move|p2a: Mew|Psychic Fangs|p1a: Ogerpon\n|-damage|p1a: Ogerpon|44/100\n|-damage|p2a: Mew|269/298|[from] item: Life Orb\n|\n|upkeep\n|turn|2\n|inactive|Time left: 300 sec this turn | 300 sec total\n|\n|t:|1783549774\n|-terastallize|p1a: Ogerpon|Rock\n|detailschange|p1a: Ogerpon|Ogerpon-Cornerstone-Tera, L76, F, tera:Rock\n|-ability|p1a: Ogerpon|Embody Aspect (Cornerstone)|boost\n|-boost|p1a: Ogerpon|def|1\n|move|p1a: Ogerpon|Ivy Cudgel|p2a: Mew|[anim] Ivy Cudgel Rock\n|-damage|p2a: Mew|0 fnt\n|faint|p2a: Mew\n|\n|upkeep\n|inactive|Time left: 300 sec this turn | 300 sec total | 5 sec grace\n|\n|t:|1783549775\n|switch|p2a: Deoxys|Deoxys-Speed, L82|216/216\n|-ability|p2a: Deoxys|Pressure\n|turn|3\n|inactive|Time left: 300 sec this turn | 300 sec total\n|\n|t:|1783549776\n|move|p2a: Deoxys|Focus Blast|p1a: Ogerpon\n|-supereffective|p1a: Ogerpon\n|-damage|p1a: Ogerpon|0 fnt\n|faint|p1a: Ogerpon\n|detailschange|p1: Ogerpon|Ogerpon-Cornerstone, L76, F|[silent]\n|-damage|p2a: Deoxys|195/216|[from] item: Life Orb\n|\n|upkeep\n|\n|t:|1783549777\n|switch|p1a: Iron Leaves|Iron Leaves, L80|100/100\n|turn|4\n|inactive|Time left: 300 sec this turn | 300 sec total\n|\n|t:|1783549779\n|move|p2a: Deoxys|Nasty Plot|p2a: Deoxys\n|-boost|p2a: Deoxys|spa|2\n|move|p1a: Iron Leaves|Leaf Blade|p2a: Deoxys\n|-damage|p2a: Deoxys|17/216\n|\n|upkeep\n|turn|5\n|inactive|Time left: 300 sec this turn | 300 sec total\n|\n|t:|1783549780\n|move|p2a: Deoxys|Psycho Boost|p1a: Iron Leaves|[miss]\n|-miss|p2a: Deoxys|p1a: Iron Leaves\n|move|p1a: Iron Leaves|Leaf Blade|p2a: Deoxys\n|-damage|p2a: Deoxys|0 fnt\n|faint|p2a: Deoxys\n|\n|upkeep\n|inactive|Time left: 300 sec this turn | 300 sec total | 5 sec grace\n|\n|t:|1783549781\n|switch|p2a: Dragonite|Dragonite, L74, M|257/257\n|turn|6\n|inactive|Time left: 300 sec this turn | 300 sec total\n|\n|t:|1783549782\n|move|p1a: Iron Leaves|Leaf Blade|p2a: Dragonite\n|-resisted|p2a: Dragonite\n|-damage|p2a: Dragonite|237/257\n|move|p2a: Dragonite|Dragon Dance|p2a: Dragonite\n|-boost|p2a: Dragonite|atk|1\n|-boost|p2a: Dragonite|spe|1\n|\n|upkeep\n|turn|7\n|inactive|Time left: 300 sec this turn | 300 sec total\n|\n|t:|1783549783\n|-end|p1a: Iron Leaves|Quark Drive|[silent]\n|switch|p1a: Empoleon|Empoleon, L84, M|100/100\n|move|p2a: Dragonite|Dragon Dance|p2a: Dragonite\n|-boost|p2a: Dragonite|atk|1\n|-boost|p2a: Dragonite|spe|1\n|\n|upkeep\n|turn|8\n|inactive|Time left: 300 sec this turn | 300 sec total\n|\n|t:|1783549784\n|move|p2a: Dragonite|Earthquake|p1a: Empoleon\n|-supereffective|p1a: Empoleon\n|-damage|p1a: Empoleon|1/100\n|move|p1a: Empoleon|Ice Beam|p2a: Dragonite\n|-supereffective|p2a: Dragonite\n|-damage|p2a: Dragonite|0 fnt\n|faint|p2a: Dragonite\n|\n|-heal|p1a: Empoleon|7/100|[from] item: Leftovers\n|upkeep\n|inactive|Time left: 300 sec this turn | 300 sec total | 5 sec grace\n|\n|t:|1783549785\n|switch|p2a: Volcanion|Volcanion, L79|255/255\n|turn|9\n|inactive|Time left: 300 sec this turn | 300 sec total\n|\n|t:|1783549786\n|switch|p1a: Oranguru|Oranguru, L92, M|100/100\n|move|p2a: Volcanion|Flame Charge|p1a: Oranguru\n|-damage|p1a: Oranguru|85/100\n|-boost|p2a: Volcanion|spe|1\n|\n|upkeep\n|turn|10\n|inactive|Time left: 300 sec this turn | 300 sec total\n|\n|t:|1783549786\n|move|p2a: Volcanion|Steam Eruption|p1a: Oranguru\n|-damage|p1a: Oranguru|55/100\n|move|p1a: Oranguru|Psyshock|p2a: Volcanion\n|-damage|p2a: Volcanion|132/255\n|\n|upkeep\n|turn|11\n|inactive|Time left: 300 sec this turn | 300 sec total\n|\n|t:|1783549787\n|move|p2a: Volcanion|Steam Eruption|p1a: Oranguru\n|-crit|p1a: Oranguru\n|-damage|p1a: Oranguru|9/100\n|move|p1a: Oranguru|Psyshock|p2a: Volcanion\n|-damage|p2a: Volcanion|11/255\n|\n|upkeep\n|turn|12\n|inactive|Time left: 300 sec this turn | 300 sec total\n|\n|t:|1783549788\n|move|p2a: Volcanion|Flame Charge|p1a: Oranguru\n|-damage|p1a: Oranguru|0 fnt\n|-boost|p2a: Volcanion|spe|1\n|faint|p1a: Oranguru\n|\n|upkeep\n|\n|t:|1783549789\n|switch|p1a: Zapdos|Zapdos-Galar, L77|100/100\n|turn|13\n|inactive|Time left: 300 sec this turn | 300 sec total\n|\n|t:|1783549789\n|move|p2a: Volcanion|Steam Eruption|p1a: Zapdos\n|-damage|p1a: Zapdos|45/100\n|move|p1a: Zapdos|Brave Bird|p2a: Volcanion\n|-damage|p2a: Volcanion|0 fnt\n|faint|p2a: Volcanion\n|-damage|p1a: Zapdos|44/100|[from] Recoil\n|-damage|p1a: Zapdos|34/100|[from] item: Life Orb\n|\n|upkeep\n|inactive|Time left: 300 sec this turn | 300 sec total | 5 sec grace\n|\n|t:|1783549790\n|switch|p2a: Kleavor|Kleavor, L78, F|237/237\n|turn|14\n|inactive|Time left: 300 sec this turn | 300 sec total\n|\n|t:|1783549791\n|move|p1a: Zapdos|Close Combat|p2a: Kleavor\n|-damage|p2a: Kleavor|52/237\n|-unboost|p1a: Zapdos|def|1\n|-unboost|p1a: Zapdos|spd|1\n|-damage|p1a: Zapdos|24/100|[from] item: Life Orb\n|move|p2a: Kleavor|Stone Axe|p1a: Zapdos\n|-damage|p1a: Zapdos|0 fnt\n|-sidestart|p1: p0x91600bb|move: Stealth Rock\n|faint|p1a: Zapdos\n|\n|upkeep\n|\n|t:|1783549792\n|switch|p1a: Iron Leaves|Iron Leaves, L80|100/100\n|-damage|p1a: Iron Leaves|88/100|[from] Stealth Rock\n|turn|15\n|inactive|Time left: 300 sec this turn | 300 sec total\n|\n|t:|1783549793\n|switch|p2a: Qwilfish|Qwilfish-Hisui, L83, M|244/244\n|-ability|p2a: Qwilfish|Intimidate|boost\n|-unboost|p1a: Iron Leaves|atk|1\n|move|p1a: Iron Leaves|Psyblade|p2a: Qwilfish\n|-immune|p2a: Qwilfish\n|\n|upkeep\n|turn|16\n|inactive|Time left: 300 sec this turn | 300 sec total\n|\n|t:|1783549794\n|-end|p1a: Iron Leaves|Quark Drive|[silent]\n|switch|p1a: Heatran|Heatran, L79, M|100/100\n|-damage|p1a: Heatran|88/100|[from] Stealth Rock\n|-item|p1a: Heatran|Air Balloon\n|move|p2a: Qwilfish|Crunch|p1a: Heatran\n|-damage|p1a: Heatran|59/100\n|-enditem|p1a: Heatran|Air Balloon\n|\n|upkeep\n|turn|17\n|inactive|Time left: 300 sec this turn | 300 sec total\n|\n|t:|1783549795\n|move|p2a: Qwilfish|Crunch|p1a: Heatran\n|-crit|p1a: Heatran\n|-damage|p1a: Heatran|20/100\n|move|p1a: Heatran|Magma Storm|p2a: Qwilfish\n|-damage|p2a: Qwilfish|129/244\n|-activate|p2a: Qwilfish|move: Magma Storm|[of] p1a: Heatran\n|\n|-damage|p2a: Qwilfish|99/244|[from] move: Magma Storm|[partiallytrapped]\n|upkeep\n|turn|18\n|inactive|Time left: 300 sec this turn | 300 sec total\n|\n|t:|1783549796\n|move|p2a: Qwilfish|Crunch|p1a: Heatran\n|-damage|p1a: Heatran|0 fnt\n|faint|p1a: Heatran\n|\n|-end|p2a: Qwilfish|Magma Storm|[partiallytrapped]|[silent]\n|upkeep\n|\n|t:|1783549797\n|switch|p1a: Iron Leaves|Iron Leaves, L80|88/100\n|-damage|p1a: Iron Leaves|76/100|[from] Stealth Rock\n|turn|19\n|inactive|Time left: 300 sec this turn | 300 sec total\n|\n|t:|1783549798\n|-terastallize|p2a: Qwilfish|Flying\n|move|p1a: Iron Leaves|Megahorn|p2a: Qwilfish\n|-resisted|p2a: Qwilfish\n|-damage|p2a: Qwilfish|44/244\n|move|p2a: Qwilfish|Gunk Shot|p1a: Iron Leaves|[miss]\n|-miss|p2a: Qwilfish|p1a: Iron Leaves\n|\n|upkeep\n|turn|20\n|inactive|Time left: 300 sec this turn | 300 sec total\n|\n|t:|1783549799\n|move|p1a: Iron Leaves|Megahorn|p2a: Qwilfish\n|-resisted|p2a: Qwilfish\n|-damage|p2a: Qwilfish|0 fnt\n|faint|p2a: Qwilfish\n|\n|upkeep\n|inactive|Time left: 300 sec this turn | 300 sec total | 5 sec grace\n|\n|t:|1783549799\n|switch|p2a: Kleavor|Kleavor, L78, F|52/237\n|turn|21\n|inactive|Time left: 300 sec this turn | 300 sec total\n|\n|t:|1783549800\n|-end|p1a: Iron Leaves|Quark Drive|[silent]\n|switch|p1a: Empoleon|Empoleon, L84, M|7/100\n|-damage|p1a: Empoleon|1/100|[from] Stealth Rock\n|move|p2a: Kleavor|X-Scissor|p1a: Empoleon\n|-resisted|p1a: Empoleon\n|-damage|p1a: Empoleon|0 fnt\n|faint|p1a: Empoleon\n|\n|upkeep\n|\n|t:|1783549801\n|switch|p1a: Iron Leaves|Iron Leaves, L80|76/100\n|-damage|p1a: Iron Leaves|63/100|[from] Stealth Rock\n|turn|22\n|inactive|Time left: 300 sec this turn | 300 sec total\n|\n|t:|1783549802\n|move|p1a: Iron Leaves|Close Combat|p2a: Kleavor\n|-damage|p2a: Kleavor|0 fnt\n|-unboost|p1a: Iron Leaves|def|1\n|-unboost|p1a: Iron Leaves|spd|1\n|faint|p2a: Kleavor\n|\n|win|p0x91600bb", "uploadtime": 1783549802, "views": 0, "rating": 0, "private": 0, "password": null, "_winner": "p0x91600bb", "_our_name": "p0y9160d4f"}