{"id": "battle-gen9randombattle-2688", "formatid": "gen9randombattle", "format": "[Gen 9] Random Battle", "players": ["p0x2688e0da", "p0y2688fdff"], "log": "|init|battle\n|title|p0x2688e0da vs. p0y2688fdff\n|j|\u2606p0x2688e0da\n|j|\u2606p0y2688fdff\n|t:|1783571007\n|gametype|singles\n|player|p1|p0x2688e0da|265|\n|player|p2|p0y2688fdff|2|\n|gen|9\n|tier|[Gen 9] Random Battle\n|rule|Species Clause: Limit one of each Pok\u00e9mon\n|rule|HP Percentage Mod: HP is shown in percentages\n|rule|Sleep Clause Mod: Limit one foe put to sleep\n|rule|Illusion Level Mod: Illusion disguises the Pok\u00e9mon's true level\n|\n|t:|1783571007\n|teamsize|p1|6\n|teamsize|p2|6\n|start\n|switch|p1a: Mightyena|Mightyena, L96, M|100/100\n|switch|p2a: Maushold|Maushold-Four, L76|238/238\n|-ability|p1a: Mightyena|Intimidate|boost\n|-unboost|p2a: Maushold|atk|1\n|turn|1\n|inactive|Battle timer is ON: inactive players will automatically lose when time's up. (requested by p0x2688e0da)\n|inactive|Time left: 300 sec this turn | 300 sec total | 60 sec grace\n|inactive|p0y2688fdff also wants the timer to be on.\n|\n|t:|1783571009\n|switch|p2a: Persian|Persian-Alola, L86, M|252/252\n|move|p1a: Mightyena|Crunch|p2a: Persian\n|-resisted|p2a: Persian\n|-damage|p2a: Persian|206/252\n|\n|-heal|p2a: Persian|221/252|[from] item: Leftovers\n|upkeep\n|turn|2\n|inactive|Time left: 300 sec this turn | 300 sec total\n|\n|t:|1783571010\n|move|p2a: Persian|Nasty Plot|p2a: Persian\n|-boost|p2a: Persian|spa|2\n|move|p1a: Mightyena|Crunch|p2a: Persian\n|-resisted|p2a: Persian\n|-damage|p2a: Persian|169/252\n|\n|-heal|p2a: Persian|184/252|[from] item: Leftovers\n|upkeep\n|turn|3\n|inactive|Time left: 300 sec this turn | 300 sec total\n|\n|t:|1783571011\n|move|p2a: Persian|Dark Pulse|p1a: Mightyena\n|-resisted|p1a: Mightyena\n|-damage|p1a: Mightyena|70/100\n|cant|p1a: Mightyena|flinch\n|\n|-heal|p2a: Persian|199/252|[from] item: Leftovers\n|upkeep\n|turn|4\n|inactive|Time left: 300 sec this turn | 300 sec total\n|\n|t:|1783571012\n|move|p2a: Persian|Thunderbolt|p1a: Mightyena\n|-damage|p1a: Mightyena|26/100\n|move|p1a: Mightyena|Crunch|p2a: Persian\n|-resisted|p2a: Persian\n|-damage|p2a: Persian|148/252\n|\n|-heal|p2a: Persian|163/252|[from] item: Leftovers\n|upkeep\n|turn|5\n|inactive|Time left: 300 sec this turn | 300 sec total\n|\n|t:|1783571014\n|switch|p1a: Zekrom|Zekrom, L71|100/100\n|-ability|p1a: Zekrom|Teravolt\n|move|p2a: Persian|Thunderbolt|p1a: Zekrom\n|-resisted|p1a: Zekrom\n|-damage|p1a: Zekrom|89/100\n|\n|-heal|p2a: Persian|178/252|[from] item: Leftovers\n|-heal|p1a: Zekrom|95/100|[from] item: Leftovers\n|upkeep\n|turn|6\n|inactive|Time left: 300 sec this turn | 300 sec total\n|\n|t:|1783571015\n|move|p2a: Persian|Dark Pulse|p1a: Zekrom\n|-damage|p1a: Zekrom|40/100\n|move|p1a: Zekrom|Outrage|p2a: Persian\n|-damage|p2a: Persian|1/252\n|\n|-heal|p2a: Persian|16/252|[from] item: Leftovers\n|-heal|p1a: Zekrom|46/100|[from] item: Leftovers\n|upkeep\n|turn|7\n|inactive|Time left: 300 sec this turn | 300 sec total\n|\n|t:|1783571016\n|move|p2a: Persian|Dark Pulse|p1a: Zekrom\n|-damage|p1a: Zekrom|0 fnt\n|faint|p1a: Zekrom\n|\n|-heal|p2a: Persian|31/252|[from] item: Leftovers\n|upkeep\n|\n|t:|1783571017\n|switch|p1a: Talonflame|Talonflame, L83, M|100/100\n|turn|8\n|inactive|Time left: 300 sec this turn | 300 sec total\n|\n|t:|1783571018\n|switch|p2a: Armarouge|Armarouge, L80, M|267/267\n|move|p1a: Talonflame|Brave Bird|p2a: Armarouge\n|-damage|p2a: Armarouge|161/267\n|-ability|p2a: Armarouge|Weak Armor|boost\n|-unboost|p2a: Armarouge|def|1\n|-boost|p2a: Armarouge|spe|2\n|-damage|p1a: Talonflame|87/100|[from] Recoil\n|\n|upkeep\n|turn|9\n|inactive|Time left: 300 sec this turn | 300 sec total\n|\n|t:|1783571019\n|move|p2a: Armarouge|Armor Cannon|p1a: Talonflame\n|-resisted|p1a: Talonflame\n|-damage|p1a: Talonflame|37/100\n|-unboost|p2a: Armarouge|def|1\n|-unboost|p2a: Armarouge|spd|1\n|move|p1a: Talonflame|Brave Bird|p2a: Armarouge\n|-damage|p2a: Armarouge|0 fnt\n|faint|p2a: Armarouge\n|-damage|p1a: Talonflame|17/100|[from] Recoil\n|\n|upkeep\n|inactive|Time left: 300 sec this turn | 300 sec total | 5 sec grace\n|\n|t:|1783571020\n|switch|p2a: Gastrodon|Gastrodon-East, L86, M|331/331\n|turn|10\n|inactive|Time left: 300 sec this turn | 300 sec total\n|\n|t:|1783571021\n|move|p1a: Talonflame|Brave Bird|p2a: Gastrodon\n|-damage|p2a: Gastrodon|199/331\n|-damage|p1a: Talonflame|0 fnt|[from] Recoil\n|faint|p1a: Talonflame\n|move|p2a: Gastrodon|Surf|p1: Talonflame|[notarget]\n|-fail|p2a: Gastrodon\n|\n|-heal|p2a: Gastrodon|219/331|[from] item: Leftovers\n|upkeep\n|\n|t:|1783571022\n|switch|p1a: Galvantula|Galvantula, L82, F|100/100\n|turn|11\n|inactive|Time left: 300 sec this turn | 300 sec total\n|\n|t:|1783571022\n|move|p1a: Galvantula|Sticky Web|p2a: Gastrodon\n|-sidestart|p2: p0y2688fdff|move: Sticky Web\n|move|p2a: Gastrodon|Earthquake|p1a: Galvantula\n|-damage|p1a: Galvantula|44/100\n|\n|-heal|p2a: Gastrodon|239/331|[from] item: Leftovers\n|upkeep\n|turn|12\n|inactive|Time left: 300 sec this turn | 300 sec total\n|\n|t:|1783571023\n|move|p1a: Galvantula|Energy Ball|p2a: Gastrodon\n|-supereffective|p2a: Gastrodon\n|-damage|p2a: Gastrodon|11/331\n|move|p2a: Gastrodon|Earthquake|p1a: Galvantula\n|-damage|p1a: Galvantula|0 fnt\n|faint|p1a: Galvantula\n|\n|-heal|p2a: Gastrodon|31/331|[from] item: Leftovers\n|upkeep\n|\n|t:|1783571024\n|switch|p1a: Mightyena|Mightyena, L96, M|26/100\n|-ability|p1a: Mightyena|Intimidate|boost\n|-unboost|p2a: Gastrodon|atk|1\n|turn|13\n|inactive|Time left: 300 sec this turn | 300 sec total\n|\n|t:|1783571025\n|move|p1a: Mightyena|Crunch|p2a: Gastrodon\n|-damage|p2a: Gastrodon|0 fnt\n|faint|p2a: Gastrodon\n|\n|upkeep\n|inactive|Time left: 300 sec this turn | 300 sec total | 5 sec grace\n|\n|t:|1783571026\n|switch|p2a: Maushold|Maushold-Four, L76|238/238\n|-activate|p2a: Maushold|move: Sticky Web\n|-unboost|p2a: Maushold|spe|1\n|turn|14\n|inactive|Time left: 300 sec this turn | 300 sec total\n|\n|t:|1783571026\n|move|p1a: Mightyena|Crunch|p2a: Maushold\n|-damage|p2a: Maushold|36/238\n|move|p2a: Maushold|Tidy Up|p2a: Maushold\n|-sideend|p2: p0y2688fdff|Sticky Web\n|-activate|p2a: Maushold|move: Tidy Up\n|-boost|p2a: Maushold|atk|1\n|-boost|p2a: Maushold|spe|1\n|\n|upkeep\n|turn|15\n|inactive|Time left: 300 sec this turn | 300 sec total\n|\n|t:|1783571027\n|move|p2a: Maushold|Population Bomb|p1a: Mightyena\n|-damage|p1a: Mightyena|13/100\n|-damage|p1a: Mightyena|2/100\n|-damage|p1a: Mightyena|0 fnt\n|faint|p1a: Mightyena\n|-hitcount|p1: Mightyena|3\n|\n|upkeep\n|\n|t:|1783571028\n|switch|p1a: Tornadus|Tornadus, L82, M|100/100\n|turn|16\n|inactive|Time left: 300 sec this turn | 300 sec total\n|\n|t:|1783571029\n|move|p1a: Tornadus|Heat Wave|p2a: Maushold|[miss]\n|-miss|p1a: Tornadus|p2a: Maushold\n|move|p2a: Maushold|Population Bomb|p1a: Tornadus\n|-damage|p1a: Tornadus|86/100\n|-damage|p1a: Tornadus|69/100\n|-damage|p1a: Tornadus|54/100\n|-damage|p1a: Tornadus|39/100\n|-damage|p1a: Tornadus|24/100\n|-damage|p1a: Tornadus|9/100\n|-damage|p1a: Tornadus|0 fnt\n|faint|p1a: Tornadus\n|-hitcount|p1: Tornadus|7\n|\n|upkeep\n|\n|t:|1783571030\n|switch|p1a: Uxie|Uxie, L83|100/100\n|turn|17\n|inactive|Time left: 300 sec this turn | 300 sec total\n|\n|t:|1783571031\n|move|p2a: Maushold|Population Bomb|p1a: Uxie\n|-damage|p1a: Uxie|91/100\n|-damage|p1a: Uxie|82/100\n|-damage|p1a: Uxie|72/100\n|-damage|p1a: Uxie|62/100\n|-damage|p1a: Uxie|52/100\n|-damage|p1a: Uxie|42/100\n|-damage|p1a: Uxie|32/100\n|-damage|p1a: Uxie|21/100\n|-damage|p1a: Uxie|11/100\n|-damage|p1a: Uxie|1/100\n|-hitcount|p1a: Uxie|10\n|move|p1a: Uxie|U-turn|p2a: Maushold\n|-damage|p2a: Maushold|0 fnt\n|faint|p2a: Maushold\n|\n|-heal|p1a: Uxie|7/100|[from] item: Leftovers\n|upkeep\n|inactive|Time left: 300 sec this turn | 300 sec total | 5 sec grace\n|\n|t:|1783571032\n|switch|p2a: Persian|Persian-Alola, L86, M|31/252\n|turn|18\n|inactive|Time left: 300 sec this turn | 300 sec total\n|\n|t:|1783571033\n|move|p2a: Persian|Dark Pulse|p1a: Uxie\n|-supereffective|p1a: Uxie\n|-damage|p1a: Uxie|0 fnt\n|faint|p1a: Uxie\n|\n|win|p0y2688fdff", "uploadtime": 1783571033, "views": 0, "rating": 0, "private": 0, "password": null, "_winner": "p0y2688fdff", "_our_name": "p0y2688fdff"}