{"id": "battle-gen9randombattle-34", "formatid": "gen9randombattle", "format": "[Gen 9] Random Battle", "players": ["p0x0348602", "p0y034320e"], "log": "|init|battle\n|title|p0x0348602 vs. p0y034320e\n|j|\u2606p0x0348602\n|j|\u2606p0y034320e\n|t:|1783534197\n|gametype|singles\n|player|p1|p0x0348602|265|\n|player|p2|p0y034320e|170|\n|gen|9\n|tier|[Gen 9] Random Battle\n|rule|Species Clause: Limit one of each Pok\u00e9mon\n|rule|HP Percentage Mod: HP is shown in percentages\n|rule|Sleep Clause Mod: Limit one foe put to sleep\n|rule|Illusion Level Mod: Illusion disguises the Pok\u00e9mon's true level\n|\n|t:|1783534197\n|teamsize|p1|6\n|teamsize|p2|6\n|start\n|switch|p1a: Azelf|Azelf, L82|257/257\n|switch|p2a: Lapras|Lapras, L87, F|100/100\n|turn|1\n|inactive|Battle timer is ON: inactive players will automatically lose when time's up. (requested by p0x0348602)\n|inactive|p0y034320e also wants the timer to be on.\n|\n|t:|1783534199\n|move|p1a: Azelf|Psychic|p2a: Lapras\n|-damage|p2a: Lapras|59/100\n|move|p2a: Lapras|Sparkling Aria|p1a: Azelf\n|-damage|p1a: Azelf|139/257\n|\n|upkeep\n|turn|2\n|inactive|Time left: 300 sec this turn | 300 sec total\n|\n|t:|1783534201\n|move|p1a: Azelf|Psychic|p2a: Lapras\n|-damage|p2a: Lapras|18/100\n|move|p2a: Lapras|Freeze-Dry|p1a: Azelf\n|-damage|p1a: Azelf|46/257\n|\n|upkeep\n|turn|3\n|inactive|Time left: 300 sec this turn | 300 sec total\n|\n|t:|1783534202\n|switch|p2a: Persian|Persian-Alola, L86, F|100/100\n|move|p1a: Azelf|Psychic|p2a: Persian\n|-immune|p2a: Persian\n|\n|upkeep\n|turn|4\n|inactive|Time left: 300 sec this turn | 300 sec total\n|\n|t:|1783534203\n|move|p2a: Persian|Knock Off|p1a: Azelf\n|-supereffective|p1a: Azelf\n|-damage|p1a: Azelf|0 fnt\n|-enditem|p1a: Azelf|Choice Specs|[from] move: Knock Off|[of] p2a: Persian\n|faint|p1a: Azelf\n|\n|upkeep\n|inactive|Time left: 300 sec this turn | 300 sec total | 5 sec grace\n|\n|t:|1783534204\n|switch|p1a: Cloyster|Cloyster, L80, F|211/211\n|turn|5\n|inactive|Time left: 300 sec this turn | 300 sec total\n|\n|t:|1783534205\n|move|p2a: Persian|Parting Shot|p1a: Cloyster\n|-unboost|p1a: Cloyster|atk|1\n|-unboost|p1a: Cloyster|spa|1\n|-enditem|p1a: Cloyster|White Herb\n|-clearnegativeboost|p1a: Cloyster|[silent]\n|\n|t:|1783534205\n|switch|p2a: Keldeo|Keldeo-Resolute, L79|100/100|[from] Parting Shot\n|move|p1a: Cloyster|Shell Smash|p1a: Cloyster\n|-unboost|p1a: Cloyster|def|1\n|-unboost|p1a: Cloyster|spd|1\n|-boost|p1a: Cloyster|atk|2\n|-boost|p1a: Cloyster|spa|2\n|-boost|p1a: Cloyster|spe|2\n|\n|upkeep\n|turn|6\n|inactive|Time left: 300 sec this turn | 300 sec total\n|\n|t:|1783534206\n|move|p2a: Keldeo|Vacuum Wave|p1a: Cloyster\n|-supereffective|p1a: Cloyster\n|-damage|p1a: Cloyster|0 fnt\n|faint|p1a: Cloyster\n|\n|upkeep\n|inactive|Time left: 300 sec this turn | 300 sec total | 5 sec grace\n|\n|t:|1783534207\n|switch|p1a: Hawlucha|Hawlucha, L80, F|256/256\n|turn|7\n|inactive|Time left: 300 sec this turn | 300 sec total\n|\n|t:|1783534208\n|switch|p2a: Farigiraf|Farigiraf, L90, M|100/100\n|move|p1a: Hawlucha|Swords Dance|p1a: Hawlucha\n|-boost|p1a: Hawlucha|atk|2\n|\n|upkeep\n|turn|8\n|inactive|Time left: 300 sec this turn | 300 sec total\n|\n|t:|1783534209\n|switch|p1a: Cresselia|Cresselia, L80, F|323/323\n|move|p2a: Farigiraf|Psychic Noise|p1a: Cresselia\n|-resisted|p1a: Cresselia\n|-damage|p1a: Cresselia|285/323\n|-start|p1a: Cresselia|move: Heal Block\n|\n|upkeep\n|turn|9\n|inactive|Time left: 300 sec this turn | 300 sec total\n|\n|t:|1783534210\n|move|p1a: Cresselia|Calm Mind|p1a: Cresselia\n|-boost|p1a: Cresselia|spa|1\n|-boost|p1a: Cresselia|spd|1\n|move|p2a: Farigiraf|Body Slam|p1a: Cresselia\n|-damage|p1a: Cresselia|197/323\n|-status|p1a: Cresselia|par\n|\n|-end|p1a: Cresselia|move: Heal Block\n|upkeep\n|turn|10\n|inactive|Time left: 300 sec this turn | 300 sec total\n|\n|t:|1783534211\n|move|p2a: Farigiraf|Body Slam|p1a: Cresselia\n|-damage|p1a: Cresselia|106/323 par\n|move|p1a: Cresselia|Calm Mind|p1a: Cresselia\n|-boost|p1a: Cresselia|spa|1\n|-boost|p1a: Cresselia|spd|1\n|\n|-heal|p1a: Cresselia|126/323 par|[from] item: Leftovers\n|upkeep\n|turn|11\n|inactive|Time left: 300 sec this turn | 300 sec total\n|\n|t:|1783534211\n|move|p2a: Farigiraf|Body Slam|p1a: Cresselia\n|-damage|p1a: Cresselia|41/323 par\n|cant|p1a: Cresselia|par\n|\n|-heal|p1a: Cresselia|61/323 par|[from] item: Leftovers\n|upkeep\n|turn|12\n|inactive|Time left: 300 sec this turn | 300 sec total\n|\n|t:|1783534212\n|move|p2a: Farigiraf|Body Slam|p1a: Cresselia\n|-damage|p1a: Cresselia|0 fnt\n|faint|p1a: Cresselia\n|\n|upkeep\n|inactive|Time left: 300 sec this turn | 300 sec total | 5 sec grace\n|\n|t:|1783534213\n|switch|p1a: Gastrodon|Gastrodon-East, L86, F|331/331\n|turn|13\n|inactive|Time left: 300 sec this turn | 300 sec total\n|\n|t:|1783534214\n|move|p2a: Farigiraf|Psychic Noise|p1a: Gastrodon\n|-damage|p1a: Gastrodon|232/331\n|-start|p1a: Gastrodon|move: Heal Block\n|move|p1a: Gastrodon|Stealth Rock|p2a: Farigiraf\n|-sidestart|p2: p0y034320e|move: Stealth Rock\n|\n|upkeep\n|turn|14\n|inactive|Time left: 300 sec this turn | 300 sec total\n|\n|t:|1783534215\n|move|p2a: Farigiraf|Psychic Noise|p1a: Gastrodon\n|-damage|p1a: Gastrodon|136/331\n|move|p1a: Gastrodon|Surf|p2a: Farigiraf\n|-damage|p2a: Farigiraf|71/100\n|\n|-heal|p2a: Farigiraf|77/100|[from] item: Leftovers\n|-end|p1a: Gastrodon|move: Heal Block\n|upkeep\n|turn|15\n|inactive|Time left: 300 sec this turn | 300 sec total\n|\n|t:|1783534216\n|move|p2a: Farigiraf|Psychic Noise|p1a: Gastrodon\n|-crit|p1a: Gastrodon\n|-damage|p1a: Gastrodon|0 fnt\n|faint|p1a: Gastrodon\n|\n|-heal|p2a: Farigiraf|83/100|[from] item: Leftovers\n|upkeep\n|inactive|Time left: 300 sec this turn | 300 sec total | 5 sec grace\n|\n|t:|1783534217\n|switch|p1a: Pawmot|Pawmot, L80, M|243/243\n|turn|16\n|inactive|Time left: 300 sec this turn | 300 sec total\n|\n|t:|1783534218\n|-terastallize|p1a: Pawmot|Electric\n|move|p1a: Pawmot|Double Shock|p2a: Farigiraf\n|-damage|p2a: Farigiraf|9/100\n|-start|p1a: Pawmot|typechange|Electric|[from] move: Double Shock\n|-damage|p1a: Pawmot|219/243|[from] item: Life Orb\n|move|p2a: Farigiraf|Psychic Noise|p1a: Pawmot\n|-damage|p1a: Pawmot|84/243\n|-start|p1a: Pawmot|move: Heal Block\n|\n|-heal|p2a: Farigiraf|15/100|[from] item: Leftovers\n|upkeep\n|turn|17\n|inactive|Time left: 300 sec this turn | 300 sec total\n|\n|t:|1783534219\n|move|p1a: Pawmot|Double Shock|p2a: Farigiraf\n|-damage|p2a: Farigiraf|0 fnt\n|-start|p1a: Pawmot|typechange|Electric|[from] move: Double Shock\n|faint|p2a: Farigiraf\n|-damage|p1a: Pawmot|60/243|[from] item: Life Orb\n|\n|-end|p1a: Pawmot|move: Heal Block\n|upkeep\n|\n|t:|1783534220\n|switch|p2a: Keldeo|Keldeo-Resolute, L79|100/100\n|-damage|p2a: Keldeo|94/100|[from] Stealth Rock\n|turn|18\n|inactive|Time left: 300 sec this turn | 300 sec total\n|\n|t:|1783534221\n|move|p2a: Keldeo|Hydro Pump|p1a: Pawmot|[miss]\n|-miss|p2a: Keldeo|p1a: Pawmot\n|move|p1a: Pawmot|Double Shock|p2a: Keldeo\n|-supereffective|p2a: Keldeo\n|-damage|p2a: Keldeo|0 fnt\n|-start|p1a: Pawmot|typechange|Electric|[from] move: Double Shock\n|faint|p2a: Keldeo\n|-damage|p1a: Pawmot|36/243|[from] item: Life Orb\n|\n|upkeep\n|\n|t:|1783534221\n|switch|p2a: Persian|Persian-Alola, L86, F|100/100\n|turn|19\n|inactive|Time left: 300 sec this turn | 300 sec total\n|\n|t:|1783534222\n|move|p2a: Persian|Knock Off|p1a: Pawmot\n|-damage|p1a: Pawmot|0 fnt\n|-enditem|p1a: Pawmot|Life Orb|[from] move: Knock Off|[of] p2a: Persian\n|faint|p1a: Pawmot\n|\n|upkeep\n|inactive|Time left: 300 sec this turn | 300 sec total | 5 sec grace\n|\n|t:|1783534223\n|switch|p1a: Hawlucha|Hawlucha, L80, F|256/256\n|turn|20\n|inactive|Time left: 300 sec this turn | 300 sec total\n|\n|t:|1783534224\n|switch|p2a: Cresselia|Cresselia, L80, F|100/100\n|-damage|p2a: Cresselia|88/100|[from] Stealth Rock\n|move|p1a: Hawlucha|Swords Dance|p1a: Hawlucha\n|-boost|p1a: Hawlucha|atk|2\n|\n|-heal|p2a: Cresselia|94/100|[from] item: Leftovers\n|upkeep\n|turn|21\n|inactive|Time left: 300 sec this turn | 300 sec total\n|\n|t:|1783534225\n|move|p1a: Hawlucha|Close Combat|p2a: Cresselia\n|-resisted|p2a: Cresselia\n|-damage|p2a: Cresselia|64/100\n|-unboost|p1a: Hawlucha|def|1\n|-unboost|p1a: Hawlucha|spd|1\n|-enditem|p1a: Hawlucha|White Herb\n|-clearnegativeboost|p1a: Hawlucha|[silent]\n|move|p2a: Cresselia|Psyshock|p1a: Hawlucha\n|-supereffective|p1a: Hawlucha\n|-damage|p1a: Hawlucha|98/256\n|\n|-heal|p2a: Cresselia|70/100|[from] item: Leftovers\n|upkeep\n|turn|22\n|inactive|Time left: 300 sec this turn | 300 sec total\n|\n|t:|1783534226\n|move|p1a: Hawlucha|Acrobatics|p2a: Cresselia\n|-damage|p2a: Cresselia|14/100\n|move|p2a: Cresselia|Psyshock|p1a: Hawlucha\n|-supereffective|p1a: Hawlucha\n|-damage|p1a: Hawlucha|0 fnt\n|faint|p1a: Hawlucha\n|\n|win|p0y034320e", "uploadtime": 1783534226, "views": 0, "rating": 0, "private": 0, "password": null, "_winner": "p0y034320e", "_our_name": "p0x0348602"}