{"id": "battle-gen9randombattle-537", "formatid": "gen9randombattle", "format": "[Gen 9] Random Battle", "players": ["p0x5370cb3", "p0y5375f51"], "log": "|init|battle\n|title|p0x5370cb3 vs. p0y5375f51\n|j|\u2606p0x5370cb3\n|j|\u2606p0y5375f51\n|t:|1783546027\n|gametype|singles\n|player|p1|p0x5370cb3|265|\n|player|p2|p0y5375f51|1|\n|gen|9\n|tier|[Gen 9] Random Battle\n|rule|Species Clause: Limit one of each Pok\u00e9mon\n|rule|HP Percentage Mod: HP is shown in percentages\n|rule|Sleep Clause Mod: Limit one foe put to sleep\n|rule|Illusion Level Mod: Illusion disguises the Pok\u00e9mon's true level\n|\n|t:|1783546027\n|teamsize|p1|6\n|teamsize|p2|6\n|start\n|switch|p1a: Iron Valiant|Iron Valiant, L78|100/100\n|switch|p2a: Regice|Regice, L88|284/284\n|turn|1\n|inactive|Battle timer is ON: inactive players will automatically lose when time's up. (requested by p0x5370cb3)\n|inactive|Time left: 300 sec this turn | 300 sec total | 60 sec grace\n|inactive|p0y5375f51 also wants the timer to be on.\n|\n|t:|1783546028\n|switch|p2a: Slowbro|Slowbro-Galar, L87, M|307/307\n|move|p1a: Iron Valiant|Close Combat|p2a: Slowbro\n|-resisted|p2a: Slowbro\n|-damage|p2a: Slowbro|264/307\n|-unboost|p1a: Iron Valiant|def|1\n|-unboost|p1a: Iron Valiant|spd|1\n|-damage|p1a: Iron Valiant|84/100|[from] item: Rocky Helmet|[of] p2a: Slowbro\n|-damage|p1a: Iron Valiant|74/100|[from] item: Life Orb\n|\n|upkeep\n|turn|2\n|inactive|Time left: 300 sec this turn | 300 sec total\n|\n|t:|1783546029\n|-end|p1a: Iron Valiant|Quark Drive|[silent]\n|switch|p1a: Frosmoth|Frosmoth, L82, M|100/100\n|move|p2a: Slowbro|Shell Side Arm|p1a: Frosmoth|[anim] Shell Side Arm Physical\n|-damage|p1a: Frosmoth|47/100\n|-hint|Physical Shell Side Arm\n|\n|upkeep\n|turn|3\n|inactive|Time left: 300 sec this turn | 300 sec total\n|\n|t:|1783546030\n|move|p1a: Frosmoth|Quiver Dance|p1a: Frosmoth\n|-boost|p1a: Frosmoth|spa|1\n|-boost|p1a: Frosmoth|spd|1\n|-boost|p1a: Frosmoth|spe|1\n|move|p2a: Slowbro|Fire Blast|p1a: Frosmoth\n|-supereffective|p1a: Frosmoth\n|-damage|p1a: Frosmoth|0 fnt\n|faint|p1a: Frosmoth\n|\n|upkeep\n|\n|t:|1783546031\n|switch|p1a: Sunflora|Sunflora, M|100/100\n|turn|4\n|inactive|Time left: 300 sec this turn | 300 sec total\n|\n|t:|1783546032\n|switch|p2a: Vikavolt|Vikavolt, L83, M|263/263\n|move|p1a: Sunflora|Earth Power|p2a: Vikavolt\n|-immune|p2a: Vikavolt|[from] ability: Levitate\n|\n|upkeep\n|turn|5\n|inactive|Time left: 300 sec this turn | 300 sec total\n|\n|t:|1783546033\n|move|p2a: Vikavolt|Sticky Web|p1a: Sunflora\n|-sidestart|p1: p0x5370cb3|move: Sticky Web\n|move|p1a: Sunflora|Solar Beam||[still]\n|-prepare|p1a: Sunflora|Solar Beam\n|\n|upkeep\n|turn|6\n|inactive|Time left: 300 sec this turn | 300 sec total\n|\n|t:|1783546034\n|move|p2a: Vikavolt|Bug Buzz|p1a: Sunflora\n|-supereffective|p1a: Sunflora\n|-damage|p1a: Sunflora|31/100\n|move|p1a: Sunflora|Solar Beam|p2a: Vikavolt|[from] lockedmove\n|-resisted|p2a: Vikavolt\n|-damage|p2a: Vikavolt|127/263\n|-damage|p1a: Sunflora|21/100|[from] item: Life Orb\n|\n|upkeep\n|turn|7\n|inactive|Time left: 300 sec this turn | 300 sec total\n|\n|t:|1783546035\n|move|p2a: Vikavolt|Bug Buzz|p1a: Sunflora\n|-supereffective|p1a: Sunflora\n|-damage|p1a: Sunflora|0 fnt\n|faint|p1a: Sunflora\n|\n|upkeep\n|\n|t:|1783546035\n|switch|p1a: Latias|Latias, L79, F|100/100\n|turn|8\n|inactive|Time left: 300 sec this turn | 300 sec total\n|\n|t:|1783546036\n|move|p1a: Latias|Calm Mind|p1a: Latias\n|-boost|p1a: Latias|spa|1\n|-boost|p1a: Latias|spd|1\n|move|p2a: Vikavolt|Bug Buzz|p1a: Latias\n|-supereffective|p1a: Latias\n|-damage|p1a: Latias|51/100\n|\n|upkeep\n|turn|9\n|inactive|Time left: 300 sec this turn | 300 sec total\n|\n|t:|1783546037\n|move|p1a: Latias|Psyshock|p2a: Vikavolt\n|-damage|p2a: Vikavolt|0 fnt\n|faint|p2a: Vikavolt\n|\n|upkeep\n|inactive|Time left: 300 sec this turn | 300 sec total | 5 sec grace\n|\n|t:|1783546038\n|switch|p2a: Barraskewda|Barraskewda, L81, M|231/231\n|turn|10\n|inactive|Time left: 300 sec this turn | 300 sec total\n|\n|t:|1783546039\n|move|p2a: Barraskewda|Throat Chop|p1a: Latias\n|-supereffective|p1a: Latias\n|-damage|p1a: Latias|0 fnt\n|faint|p1a: Latias\n|\n|upkeep\n|\n|t:|1783546040\n|switch|p1a: Iron Valiant|Iron Valiant, L78|74/100\n|-activate|p1a: Iron Valiant|move: Sticky Web\n|-unboost|p1a: Iron Valiant|spe|1\n|turn|11\n|inactive|Time left: 300 sec this turn | 300 sec total\n|\n|t:|1783546041\n|switch|p2a: Iron Moth|Iron Moth, L78|253/253\n|move|p1a: Iron Valiant|Knock Off|p2a: Iron Moth\n|-damage|p2a: Iron Moth|126/253\n|-enditem|p2a: Iron Moth|Choice Specs|[from] move: Knock Off|[of] p1a: Iron Valiant\n|-damage|p1a: Iron Valiant|64/100|[from] item: Life Orb\n|\n|upkeep\n|turn|12\n|inactive|Time left: 300 sec this turn | 300 sec total\n|\n|t:|1783546042\n|-end|p1a: Iron Valiant|Quark Drive|[silent]\n|switch|p1a: Electrode|Electrode, L92|100/100\n|-activate|p1a: Electrode|move: Sticky Web\n|-unboost|p1a: Electrode|spe|1\n|move|p2a: Iron Moth|Sludge Wave|p1a: Electrode\n|-damage|p1a: Electrode|55/100\n|\n|upkeep\n|turn|13\n|inactive|Time left: 300 sec this turn | 300 sec total\n|\n|t:|1783546043\n|move|p1a: Electrode|Thunderbolt|p2a: Iron Moth\n|-damage|p2a: Iron Moth|12/253\n|-damage|p1a: Electrode|45/100|[from] item: Life Orb\n|move|p2a: Iron Moth|Fire Blast|p1a: Electrode\n|-damage|p1a: Electrode|0 fnt\n|faint|p1a: Electrode\n|\n|upkeep\n|\n|t:|1783546044\n|switch|p1a: Granbull|Granbull, L88, M|100/100\n|-activate|p1a: Granbull|move: Sticky Web\n|-unboost|p1a: Granbull|spe|1\n|-ability|p1a: Granbull|Intimidate|boost\n|-unboost|p2a: Iron Moth|atk|1\n|turn|14\n|inactive|Time left: 300 sec this turn | 300 sec total\n|\n|t:|1783546045\n|move|p2a: Iron Moth|Sludge Wave|p1a: Granbull\n|-supereffective|p1a: Granbull\n|-damage|p1a: Granbull|8/100\n|move|p1a: Granbull|Play Rough|p2a: Iron Moth\n|-resisted|p2a: Iron Moth\n|-damage|p2a: Iron Moth|0 fnt\n|faint|p2a: Iron Moth\n|-end|p2a: Iron Moth|Quark Drive|[silent]\n|\n|-heal|p1a: Granbull|14/100|[from] item: Leftovers\n|upkeep\n|inactive|Time left: 300 sec this turn | 300 sec total | 5 sec grace\n|\n|t:|1783546046\n|switch|p2a: Barraskewda|Barraskewda, L81, M|231/231\n|turn|15\n|inactive|Time left: 300 sec this turn | 300 sec total\n|\n|t:|1783546047\n|switch|p1a: Iron Valiant|Iron Valiant, L78|64/100\n|-activate|p1a: Iron Valiant|move: Sticky Web\n|-unboost|p1a: Iron Valiant|spe|1\n|move|p2a: Barraskewda|Waterfall|p1a: Iron Valiant\n|-damage|p1a: Iron Valiant|0 fnt\n|faint|p1a: Iron Valiant\n|-end|p1a: Iron Valiant|Quark Drive|[silent]\n|\n|upkeep\n|\n|t:|1783546048\n|switch|p1a: Granbull|Granbull, L88, M|14/100\n|-activate|p1a: Granbull|move: Sticky Web\n|-unboost|p1a: Granbull|spe|1\n|-ability|p1a: Granbull|Intimidate|boost\n|-unboost|p2a: Barraskewda|atk|1\n|turn|16\n|inactive|Time left: 300 sec this turn | 300 sec total\n|\n|t:|1783546049\n|-terastallize|p1a: Granbull|Ground\n|move|p2a: Barraskewda|Waterfall|p1a: Granbull\n|-supereffective|p1a: Granbull\n|-damage|p1a: Granbull|0 fnt\n|faint|p1a: Granbull\n|\n|win|p0y5375f51", "uploadtime": 1783546049, "views": 0, "rating": 0, "private": 0, "password": null, "_winner": "p0y5375f51", "_our_name": "p0y5375f51"}