{"id": "battle-gen9randombattle-637", "formatid": "gen9randombattle", "format": "[Gen 9] Random Battle", "players": ["p0x63784e2", "p0y637f7ab"], "log": "|init|battle\n|title|p0x63784e2 vs. p0y637f7ab\n|j|\u2606p0x63784e2\n|j|\u2606p0y637f7ab\n|t:|1783546497\n|gametype|singles\n|player|p1|p0x63784e2|2|\n|player|p2|p0y637f7ab|169|\n|gen|9\n|tier|[Gen 9] Random Battle\n|rule|Species Clause: Limit one of each Pok\u00e9mon\n|rule|HP Percentage Mod: HP is shown in percentages\n|rule|Sleep Clause Mod: Limit one foe put to sleep\n|rule|Illusion Level Mod: Illusion disguises the Pok\u00e9mon's true level\n|\n|t:|1783546497\n|teamsize|p1|6\n|teamsize|p2|6\n|start\n|switch|p1a: Alcremie|Alcremie-Lemon-Cream, L90, F|100/100\n|switch|p2a: Blaziken|Blaziken, L76, F|247/247\n|turn|1\n|inactive|Battle timer is ON: inactive players will automatically lose when time's up. (requested by p0y637f7ab)\n|inactive|p0x63784e2 also wants the timer to be on.\n|\n|t:|1783546499\n|move|p1a: Alcremie|Alluring Voice|p2a: Blaziken\n|-damage|p2a: Blaziken|105/247\n|move|p2a: Blaziken|Swords Dance|p2a: Blaziken\n|-boost|p2a: Blaziken|atk|2\n|\n|-ability|p2a: Blaziken|Speed Boost|boost\n|-boost|p2a: Blaziken|spe|1\n|upkeep\n|turn|2\n|inactive|Time left: 300 sec this turn | 300 sec total\n|\n|t:|1783546500\n|move|p2a: Blaziken|Flare Blitz|p1a: Alcremie\n|-damage|p1a: Alcremie|0 fnt\n|faint|p1a: Alcremie\n|-damage|p2a: Blaziken|18/247|[from] Recoil\n|-damage|p2a: Blaziken|0 fnt|[from] item: Life Orb\n|faint|p2a: Blaziken\n|\n|upkeep\n|inactive|Time left: 300 sec this turn | 300 sec total | 5 sec grace\n|\n|t:|1783546501\n|switch|p1a: Toedscruel|Toedscruel, L87, M|100/100\n|switch|p2a: Hitmontop|Hitmontop, L88, M|231/231\n|turn|3\n|inactive|Time left: 300 sec this turn | 300 sec total\n|\n|t:|1783546502\n|move|p2a: Hitmontop|Triple Axel|p1a: Toedscruel\n|-supereffective|p1a: Toedscruel\n|-damage|p1a: Toedscruel|59/100\n|-supereffective|p1a: Toedscruel\n|-damage|p1a: Toedscruel|0 fnt\n|faint|p1a: Toedscruel\n|-hitcount|p1: Toedscruel|2\n|\n|upkeep\n|\n|t:|1783546503\n|switch|p1a: Magmortar|Magmortar, L88, M|100/100\n|turn|4\n|inactive|Time left: 300 sec this turn | 300 sec total\n|\n|t:|1783546505\n|move|p1a: Magmortar|Fire Blast|p2a: Hitmontop\n|-crit|p2a: Hitmontop\n|-damage|p2a: Hitmontop|42/231\n|move|p2a: Hitmontop|Rapid Spin|p1a: Magmortar\n|-damage|p1a: Magmortar|75/100\n|-boost|p2a: Hitmontop|spe|1\n|\n|-heal|p2a: Hitmontop|56/231|[from] item: Leftovers\n|upkeep\n|turn|5\n|inactive|Time left: 300 sec this turn | 300 sec total\n|\n|t:|1783546506\n|move|p2a: Hitmontop|Close Combat|p1a: Magmortar\n|-damage|p1a: Magmortar|15/100\n|-unboost|p2a: Hitmontop|def|1\n|-unboost|p2a: Hitmontop|spd|1\n|move|p1a: Magmortar|Thunderbolt|p2a: Hitmontop\n|-damage|p2a: Hitmontop|0 fnt\n|faint|p2a: Hitmontop\n|\n|upkeep\n|inactive|Time left: 300 sec this turn | 300 sec total | 5 sec grace\n|\n|t:|1783546507\n|switch|p2a: Magnezone|Magnezone, L85|258/258\n|turn|6\n|inactive|Time left: 300 sec this turn | 300 sec total\n|\n|t:|1783546509\n|move|p2a: Magnezone|Thunderbolt|p1a: Magmortar\n|-damage|p1a: Magmortar|0 fnt\n|faint|p1a: Magmortar\n|\n|upkeep\n|\n|t:|1783546510\n|switch|p1a: Donphan|Donphan, L84, F|100/100\n|turn|7\n|inactive|Time left: 300 sec this turn | 300 sec total\n|\n|t:|1783546511\n|switch|p2a: Masquerain|Masquerain, L87, M|264/264\n|-ability|p2a: Masquerain|Intimidate|boost\n|-unboost|p1a: Donphan|atk|1\n|move|p1a: Donphan|Earthquake|p2a: Masquerain\n|-immune|p2a: Masquerain\n|\n|upkeep\n|turn|8\n|inactive|Time left: 300 sec this turn | 300 sec total\n|\n|t:|1783546512\n|switch|p1a: Lumineon|Lumineon, L93, M|100/100\n|move|p2a: Masquerain|Quiver Dance|p2a: Masquerain\n|-boost|p2a: Masquerain|spa|1\n|-boost|p2a: Masquerain|spd|1\n|-boost|p2a: Masquerain|spe|1\n|\n|upkeep\n|turn|9\n|inactive|Time left: 300 sec this turn | 300 sec total\n|\n|t:|1783546513\n|move|p2a: Masquerain|Quiver Dance|p2a: Masquerain\n|-boost|p2a: Masquerain|spa|1\n|-boost|p2a: Masquerain|spd|1\n|-boost|p2a: Masquerain|spe|1\n|move|p1a: Lumineon|Ice Beam|p2a: Masquerain\n|-supereffective|p2a: Masquerain\n|-damage|p2a: Masquerain|196/264\n|\n|upkeep\n|turn|10\n|inactive|Time left: 300 sec this turn | 300 sec total\n|\n|t:|1783546514\n|move|p2a: Masquerain|Bug Buzz|p1a: Lumineon\n|-damage|p1a: Lumineon|26/100\n|move|p1a: Lumineon|Encore|p2a: Masquerain\n|-start|p2a: Masquerain|Encore\n|\n|upkeep\n|turn|11\n|inactive|Time left: 300 sec this turn | 300 sec total\n|\n|t:|1783546515\n|move|p2a: Masquerain|Bug Buzz|p1a: Lumineon\n|-damage|p1a: Lumineon|0 fnt\n|faint|p1a: Lumineon\n|\n|upkeep\n|\n|t:|1783546516\n|switch|p1a: Donphan|Donphan, L84, F|100/100\n|turn|12\n|inactive|Time left: 300 sec this turn | 300 sec total\n|\n|t:|1783546517\n|move|p2a: Masquerain|Bug Buzz|p1a: Donphan\n|-damage|p1a: Donphan|3/100\n|move|p1a: Donphan|Ice Spinner|p2a: Masquerain\n|-supereffective|p2a: Masquerain\n|-damage|p2a: Masquerain|42/264\n|\n|-heal|p1a: Donphan|9/100|[from] item: Leftovers\n|upkeep\n|turn|13\n|inactive|Time left: 300 sec this turn | 300 sec total\n|\n|t:|1783546519\n|-terastallize|p1a: Donphan|Water\n|move|p1a: Donphan|Ice Shard|p2a: Masquerain\n|-supereffective|p2a: Masquerain\n|-damage|p2a: Masquerain|0 fnt\n|faint|p2a: Masquerain\n|\n|-heal|p1a: Donphan|15/100|[from] item: Leftovers\n|upkeep\n|inactive|Time left: 300 sec this turn | 300 sec total | 5 sec grace\n|\n|t:|1783546520\n|switch|p2a: Magnezone|Magnezone, L85|258/258\n|turn|14\n|inactive|Time left: 300 sec this turn | 300 sec total\n|\n|t:|1783546521\n|switch|p1a: Slowbro|Slowbro-Galar, L87, F|100/100\n|move|p2a: Magnezone|Thunderbolt|p1a: Slowbro\n|-damage|p1a: Slowbro|38/100\n|\n|-heal|p1a: Slowbro|44/100|[from] item: Leftovers\n|upkeep\n|turn|15\n|inactive|Time left: 300 sec this turn | 300 sec total\n|\n|t:|1783546522\n|switch|p1a: Donphan|Donphan, L84, F, tera:Water|15/100\n|-terastallize|p2a: Magnezone|Electric\n|move|p2a: Magnezone|Thunderbolt|p1a: Donphan\n|-supereffective|p1a: Donphan\n|-damage|p1a: Donphan|0 fnt\n|faint|p1a: Donphan\n|\n|upkeep\n|\n|t:|1783546523\n|switch|p1a: Slowbro|Slowbro-Galar, L87, F|77/100\n|turn|16\n|inactive|Time left: 300 sec this turn | 300 sec total\n|\n|t:|1783546524\n|move|p2a: Magnezone|Thunderbolt|p1a: Slowbro\n|-damage|p1a: Slowbro|20/100\n|move|p1a: Slowbro|Slack Off|p1a: Slowbro\n|-heal|p1a: Slowbro|70/100\n|\n|-heal|p1a: Slowbro|76/100|[from] item: Leftovers\n|upkeep\n|turn|17\n|inactive|Time left: 300 sec this turn | 300 sec total\n|\n|t:|1783546525\n|move|p2a: Magnezone|Thunderbolt|p1a: Slowbro\n|-damage|p1a: Slowbro|12/100\n|move|p1a: Slowbro|Slack Off|p1a: Slowbro\n|-heal|p1a: Slowbro|62/100\n|\n|-heal|p1a: Slowbro|68/100|[from] item: Leftovers\n|upkeep\n|turn|18\n|inactive|Time left: 300 sec this turn | 300 sec total\n|\n|t:|1783546526\n|move|p2a: Magnezone|Thunderbolt|p1a: Slowbro\n|-damage|p1a: Slowbro|7/100\n|move|p1a: Slowbro|Slack Off|p1a: Slowbro\n|-heal|p1a: Slowbro|57/100\n|\n|-heal|p1a: Slowbro|63/100|[from] item: Leftovers\n|upkeep\n|turn|19\n|inactive|Time left: 300 sec this turn | 300 sec total\n|\n|t:|1783546527\n|move|p2a: Magnezone|Thunderbolt|p1a: Slowbro\n|-damage|p1a: Slowbro|5/100\n|-status|p1a: Slowbro|par\n|cant|p1a: Slowbro|par\n|\n|-heal|p1a: Slowbro|12/100 par|[from] item: Leftovers\n|upkeep\n|turn|20\n|inactive|Time left: 300 sec this turn | 300 sec total\n|\n|t:|1783546528\n|move|p2a: Magnezone|Thunderbolt|p1a: Slowbro\n|-damage|p1a: Slowbro|0 fnt\n|faint|p1a: Slowbro\n|\n|win|p0y637f7ab", "uploadtime": 1783546528, "views": 0, "rating": 0, "private": 0, "password": null, "_winner": "p0y637f7ab", "_our_name": "p0y637f7ab"}