{"id": "battle-gen9randombattle-1036", "formatid": "gen9randombattle", "format": "[Gen 9] Random Battle", "players": ["p0x10362b1a", "p0y103627ff"], "log": "|init|battle\n|title|p0x10362b1a vs. p0y103627ff\n|j|\u2606p0x10362b1a\n|j|\u2606p0y103627ff\n|t:|1783551184\n|gametype|singles\n|player|p1|p0x10362b1a|1|\n|player|p2|p0y103627ff|102|\n|gen|9\n|tier|[Gen 9] Random Battle\n|rule|Species Clause: Limit one of each Pok\u00e9mon\n|rule|HP Percentage Mod: HP is shown in percentages\n|rule|Sleep Clause Mod: Limit one foe put to sleep\n|rule|Illusion Level Mod: Illusion disguises the Pok\u00e9mon's true level\n|\n|t:|1783551184\n|teamsize|p1|6\n|teamsize|p2|6\n|start\n|switch|p1a: Meganium|Meganium, L90, F|290/290\n|switch|p2a: Delphox|Delphox, L84, F|100/100\n|turn|1\n|inactive|Battle timer is ON: inactive players will automatically lose when time's up. (requested by p0y103627ff)\n|inactive|Time left: 300 sec this turn | 300 sec total | 60 sec grace\n|\n|t:|1783551186\n|move|p2a: Delphox|Nasty Plot|p2a: Delphox\n|-boost|p2a: Delphox|spa|2\n|move|p1a: Meganium|Knock Off|p2a: Delphox\n|-supereffective|p2a: Delphox\n|-damage|p2a: Delphox|34/100\n|-enditem|p2a: Delphox|Heavy-Duty Boots|[from] move: Knock Off|[of] p1a: Meganium\n|\n|upkeep\n|turn|2\n|inactive|Time left: 300 sec this turn | 300 sec total\n|inactive|p0x10362b1a also wants the timer to be on.\n|\n|t:|1783551187\n|move|p2a: Delphox|Fire Blast|p1a: Meganium\n|-supereffective|p1a: Meganium\n|-crit|p1a: Meganium\n|-damage|p1a: Meganium|0 fnt\n|faint|p1a: Meganium\n|\n|upkeep\n|inactive|Time left: 300 sec this turn | 300 sec total | 5 sec grace\n|\n|t:|1783551188\n|switch|p1a: Honchkrow|Honchkrow, L86, F|312/312\n|turn|3\n|inactive|Time left: 300 sec this turn | 300 sec total\n|\n|t:|1783551189\n|move|p1a: Honchkrow|Sucker Punch|p2a: Delphox\n|-supereffective|p2a: Delphox\n|-damage|p2a: Delphox|0 fnt\n|faint|p2a: Delphox\n|-ability|p1a: Honchkrow|Moxie|boost\n|-boost|p1a: Honchkrow|atk|1\n|\n|upkeep\n|\n|t:|1783551190\n|switch|p2a: Magnezone|Magnezone, L85|100/100\n|turn|4\n|inactive|Time left: 300 sec this turn | 300 sec total\n|\n|t:|1783551192\n|move|p2a: Magnezone|Thunderbolt|p1a: Honchkrow\n|-supereffective|p1a: Honchkrow\n|-damage|p1a: Honchkrow|0 fnt\n|faint|p1a: Honchkrow\n|\n|upkeep\n|inactive|Time left: 300 sec this turn | 300 sec total | 5 sec grace\n|\n|t:|1783551193\n|switch|p1a: Victreebel|Victreebel, L90, F|290/290\n|turn|5\n|inactive|Time left: 300 sec this turn | 300 sec total\n|\n|t:|1783551194\n|move|p2a: Magnezone|Thunderbolt|p1a: Victreebel\n|-resisted|p1a: Victreebel\n|-damage|p1a: Victreebel|218/290\n|move|p1a: Victreebel|Swords Dance|p1a: Victreebel\n|-boost|p1a: Victreebel|atk|2\n|\n|upkeep\n|turn|6\n|inactive|Time left: 300 sec this turn | 300 sec total\n|\n|t:|1783551195\n|move|p2a: Magnezone|Thunderbolt|p1a: Victreebel\n|-resisted|p1a: Victreebel\n|-damage|p1a: Victreebel|145/290\n|move|p1a: Victreebel|Power Whip|p2a: Magnezone\n|-resisted|p2a: Magnezone\n|-damage|p2a: Magnezone|33/100\n|-damage|p1a: Victreebel|116/290|[from] item: Life Orb\n|\n|upkeep\n|turn|7\n|inactive|Time left: 300 sec this turn | 300 sec total\n|\n|t:|1783551196\n|move|p1a: Victreebel|Sucker Punch|p2a: Magnezone\n|-damage|p2a: Magnezone|0 fnt\n|faint|p2a: Magnezone\n|-damage|p1a: Victreebel|87/290|[from] item: Life Orb\n|\n|upkeep\n|\n|t:|1783551197\n|switch|p2a: Roaring Moon|Roaring Moon, L72|100/100\n|turn|8\n|inactive|Time left: 300 sec this turn | 300 sec total\n|\n|t:|1783551199\n|move|p1a: Victreebel|Sucker Punch|p2a: Roaring Moon\n|-resisted|p2a: Roaring Moon\n|-damage|p2a: Roaring Moon|63/100\n|-damage|p1a: Victreebel|58/290|[from] item: Life Orb\n|move|p2a: Roaring Moon|Knock Off|p1a: Victreebel\n|-damage|p1a: Victreebel|0 fnt\n|-enditem|p1a: Victreebel|Life Orb|[from] move: Knock Off|[of] p2a: Roaring Moon\n|faint|p1a: Victreebel\n|\n|upkeep\n|inactive|Time left: 300 sec this turn | 300 sec total | 5 sec grace\n|\n|t:|1783551200\n|switch|p1a: Falinks|Falinks, L84|246/246\n|turn|9\n|inactive|Time left: 300 sec this turn | 300 sec total\n|\n|t:|1783551201\n|move|p2a: Roaring Moon|Outrage|p1a: Falinks\n|-damage|p1a: Falinks|134/246\n|move|p1a: Falinks|No Retreat|p1a: Falinks\n|-boost|p1a: Falinks|atk|1\n|-boost|p1a: Falinks|def|1\n|-boost|p1a: Falinks|spa|1\n|-boost|p1a: Falinks|spd|1\n|-boost|p1a: Falinks|spe|1\n|-start|p1a: Falinks|move: No Retreat\n|\n|upkeep\n|turn|10\n|inactive|Time left: 300 sec this turn | 300 sec total\n|\n|t:|1783551202\n|move|p1a: Falinks|Close Combat|p2a: Roaring Moon\n|-supereffective|p2a: Roaring Moon\n|-damage|p2a: Roaring Moon|0 fnt\n|-unboost|p1a: Falinks|def|1\n|-unboost|p1a: Falinks|spd|1\n|faint|p2a: Roaring Moon\n|-end|p2a: Roaring Moon|Protosynthesis|[silent]\n|-damage|p1a: Falinks|110/246|[from] item: Life Orb\n|\n|upkeep\n|\n|t:|1783551203\n|switch|p2a: Volcarona|Volcarona, L77, M|100/100\n|turn|11\n|inactive|Time left: 300 sec this turn | 300 sec total\n|\n|t:|1783551204\n|-terastallize|p1a: Falinks|Dark\n|move|p1a: Falinks|Knock Off|p2a: Volcarona\n|-damage|p2a: Volcarona|0 fnt\n|-enditem|p2a: Volcarona|Heavy-Duty Boots|[from] move: Knock Off|[of] p1a: Falinks\n|faint|p2a: Volcarona\n|-damage|p1a: Falinks|86/246|[from] item: Life Orb\n|\n|upkeep\n|\n|t:|1783551205\n|switch|p2a: Squawkabilly|Squawkabilly-Yellow, L89, F|100/100\n|turn|12\n|inactive|Time left: 300 sec this turn | 300 sec total\n|\n|t:|1783551206\n|-terastallize|p2a: Squawkabilly|Normal\n|move|p2a: Squawkabilly|Quick Attack|p1a: Falinks\n|-damage|p1a: Falinks|0 fnt\n|faint|p1a: Falinks\n|\n|upkeep\n|inactive|Time left: 300 sec this turn | 300 sec total | 5 sec grace\n|\n|t:|1783551207\n|switch|p1a: Cetitan|Cetitan, L82, M|412/412\n|turn|13\n|inactive|Time left: 300 sec this turn | 300 sec total\n|\n|t:|1783551208\n|move|p2a: Squawkabilly|Parting Shot|p1a: Cetitan\n|-unboost|p1a: Cetitan|atk|1\n|-unboost|p1a: Cetitan|spa|1\n|\n|t:|1783551209\n|switch|p2a: Copperajah|Copperajah, L86, F|100/100|[from] Parting Shot\n|move|p1a: Cetitan|Ice Spinner|p2a: Copperajah\n|-resisted|p2a: Copperajah\n|-damage|p2a: Copperajah|90/100\n|\n|upkeep\n|turn|14\n|inactive|Time left: 300 sec this turn | 300 sec total\n|\n|t:|1783551210\n|switch|p1a: Maushold|Maushold, L76|238/238\n|move|p2a: Copperajah|Iron Head|p1a: Maushold\n|-damage|p1a: Maushold|0 fnt\n|faint|p1a: Maushold\n|\n|upkeep\n|inactive|Time left: 300 sec this turn | 300 sec total | 5 sec grace\n|\n|t:|1783551211\n|switch|p1a: Cetitan|Cetitan, L82, M|412/412\n|turn|15\n|inactive|Time left: 300 sec this turn | 300 sec total\n|\n|t:|1783551211\n|move|p1a: Cetitan|Ice Spinner|p2a: Copperajah\n|-resisted|p2a: Copperajah\n|-damage|p2a: Copperajah|74/100\n|move|p2a: Copperajah|Iron Head|p1a: Cetitan\n|-supereffective|p1a: Cetitan\n|-damage|p1a: Cetitan|0 fnt\n|faint|p1a: Cetitan\n|\n|win|p0y103627ff", "uploadtime": 1783551211, "views": 0, "rating": 0, "private": 0, "password": null, "_winner": "p0y103627ff", "_our_name": "p0x10362b1a"}