{"id": "battle-gen9randombattle-2574", "formatid": "gen9randombattle", "format": "[Gen 9] Random Battle", "players": ["p0x2574799c", "p0y25742720"], "log": "|init|battle\n|title|p0x2574799c vs. p0y25742720\n|j|\u2606p0x2574799c\n|j|\u2606p0y25742720\n|t:|1783569741\n|gametype|singles\n|player|p1|p0x2574799c|1|\n|player|p2|p0y25742720|170|\n|gen|9\n|tier|[Gen 9] Random Battle\n|rule|Species Clause: Limit one of each Pok\u00e9mon\n|rule|HP Percentage Mod: HP is shown in percentages\n|rule|Sleep Clause Mod: Limit one foe put to sleep\n|rule|Illusion Level Mod: Illusion disguises the Pok\u00e9mon's true level\n|\n|t:|1783569741\n|teamsize|p1|6\n|teamsize|p2|6\n|start\n|switch|p1a: Pincurchin|Pincurchin, F|100/100\n|switch|p2a: Thundurus|Thundurus, L80, M|258/258\n|-fieldstart|move: Electric Terrain|[from] ability: Electric Surge|[of] p1a: Pincurchin\n|turn|1\n|inactive|Battle timer is ON: inactive players will automatically lose when time's up. (requested by p0x2574799c)\n|inactive|Time left: 300 sec this turn | 300 sec total | 60 sec grace\n|inactive|p0y25742720 also wants the timer to be on.\n|\n|t:|1783569743\n|move|p2a: Thundurus|Knock Off|p1a: Pincurchin\n|-damage|p1a: Pincurchin|77/100\n|-enditem|p1a: Pincurchin|Leftovers|[from] move: Knock Off|[of] p2a: Thundurus\n|move|p1a: Pincurchin|Zing Zap|p2a: Thundurus\n|-damage|p2a: Thundurus|72/258\n|\n|upkeep\n|turn|2\n|inactive|Time left: 300 sec this turn | 300 sec total\n|\n|t:|1783569745\n|switch|p2a: Iron Treads|Iron Treads, L77|265/265\n|-activate|p2a: Iron Treads|ability: Quark Drive\n|-start|p2a: Iron Treads|quarkdrivedef\n|move|p1a: Pincurchin|Zing Zap|p2a: Iron Treads\n|-immune|p2a: Iron Treads\n|\n|upkeep\n|turn|3\n|inactive|Time left: 300 sec this turn | 300 sec total\n|\n|t:|1783569746\n|move|p2a: Iron Treads|Stealth Rock|p1a: Pincurchin\n|-sidestart|p1: p0x2574799c|move: Stealth Rock\n|move|p1a: Pincurchin|Liquidation|p2a: Iron Treads\n|-supereffective|p2a: Iron Treads\n|-damage|p2a: Iron Treads|153/265\n|\n|-heal|p2a: Iron Treads|169/265|[from] item: Leftovers\n|upkeep\n|turn|4\n|inactive|Time left: 300 sec this turn | 300 sec total\n|\n|t:|1783569747\n|move|p2a: Iron Treads|Earthquake|p1a: Pincurchin\n|-supereffective|p1a: Pincurchin\n|-damage|p1a: Pincurchin|20/100\n|move|p1a: Pincurchin|Liquidation|p2a: Iron Treads\n|-supereffective|p2a: Iron Treads\n|-damage|p2a: Iron Treads|59/265\n|\n|-heal|p2a: Iron Treads|75/265|[from] item: Leftovers\n|upkeep\n|turn|5\n|inactive|Time left: 300 sec this turn | 300 sec total\n|\n|t:|1783569748\n|move|p2a: Iron Treads|Earthquake|p1a: Pincurchin\n|-supereffective|p1a: Pincurchin\n|-damage|p1a: Pincurchin|0 fnt\n|faint|p1a: Pincurchin\n|\n|-heal|p2a: Iron Treads|91/265|[from] item: Leftovers\n|-fieldend|move: Electric Terrain\n|-end|p2a: Iron Treads|Quark Drive\n|upkeep\n|\n|t:|1783569749\n|switch|p1a: Enamorus|Enamorus, L79, F|100/100\n|-damage|p1a: Enamorus|76/100|[from] Stealth Rock\n|turn|6\n|inactive|Time left: 300 sec this turn | 300 sec total\n|\n|t:|1783569750\n|move|p1a: Enamorus|Superpower|p2a: Iron Treads\n|-supereffective|p2a: Iron Treads\n|-damage|p2a: Iron Treads|0 fnt\n|-boost|p1a: Enamorus|atk|1\n|-boost|p1a: Enamorus|def|1\n|faint|p2a: Iron Treads\n|-end|p2a: Iron Treads|Quark Drive|[silent]\n|\n|-heal|p1a: Enamorus|82/100|[from] item: Leftovers\n|upkeep\n|inactive|Time left: 300 sec this turn | 300 sec total | 5 sec grace\n|\n|t:|1783569751\n|switch|p2a: Thundurus|Thundurus, L80, M|72/258\n|turn|7\n|inactive|Time left: 300 sec this turn | 300 sec total\n|\n|t:|1783569752\n|-terastallize|p1a: Enamorus|Fighting\n|move|p2a: Thundurus|Thunderbolt|p1a: Enamorus\n|-damage|p1a: Enamorus|30/100\n|move|p1a: Enamorus|Superpower|p2a: Thundurus\n|-resisted|p2a: Thundurus\n|-damage|p2a: Thundurus|0 fnt\n|-boost|p1a: Enamorus|atk|1\n|-boost|p1a: Enamorus|def|1\n|faint|p2a: Thundurus\n|\n|-heal|p1a: Enamorus|36/100|[from] item: Leftovers\n|upkeep\n|inactive|Time left: 300 sec this turn | 300 sec total | 5 sec grace\n|\n|t:|1783569753\n|switch|p2a: Regieleki|Regieleki, L79|256/256\n|turn|8\n|inactive|Time left: 300 sec this turn | 300 sec total\n|\n|t:|1783569753\n|switch|p1a: Kommo-o|Kommo-o, L77, M|100/100\n|-damage|p1a: Kommo-o|94/100|[from] Stealth Rock\n|move|p2a: Regieleki|Volt Switch|p1a: Kommo-o\n|-resisted|p1a: Kommo-o\n|-damage|p1a: Kommo-o|74/100\n|inactive|Time left: 300 sec this turn | 300 sec total | 5 sec grace\n|\n|t:|1783569754\n|switch|p2a: Manaphy|Manaphy, L78|284/284|[from] Volt Switch\n|\n|upkeep\n|turn|9\n|inactive|Time left: 300 sec this turn | 300 sec total\n|\n|t:|1783569755\n|move|p2a: Manaphy|Tail Glow|p2a: Manaphy\n|-boost|p2a: Manaphy|spa|3\n|move|p1a: Kommo-o|Scale Shot|p2a: Manaphy\n|-damage|p2a: Manaphy|256/284\n|-damage|p2a: Manaphy|229/284\n|-damage|p2a: Manaphy|205/284\n|-damage|p2a: Manaphy|180/284\n|-damage|p2a: Manaphy|153/284\n|-hitcount|p2a: Manaphy|5\n|-unboost|p1a: Kommo-o|def|1\n|-boost|p1a: Kommo-o|spe|1\n|\n|-heal|p2a: Manaphy|170/284|[from] item: Leftovers\n|upkeep\n|turn|10\n|inactive|Time left: 300 sec this turn | 300 sec total\n|\n|t:|1783569756\n|move|p1a: Kommo-o|Close Combat|p2a: Manaphy\n|-damage|p2a: Manaphy|65/284\n|-unboost|p1a: Kommo-o|def|1\n|-unboost|p1a: Kommo-o|spd|1\n|move|p2a: Manaphy|Ice Beam|p1a: Kommo-o\n|-supereffective|p1a: Kommo-o\n|-damage|p1a: Kommo-o|0 fnt\n|faint|p1a: Kommo-o\n|\n|-heal|p2a: Manaphy|82/284|[from] item: Leftovers\n|upkeep\n|\n|t:|1783569757\n|switch|p1a: Enamorus|Enamorus, L79, F, tera:Fighting|36/100\n|-damage|p1a: Enamorus|30/100|[from] Stealth Rock\n|turn|11\n|inactive|Time left: 300 sec this turn | 300 sec total\n|\n|t:|1783569758\n|switch|p2a: Regieleki|Regieleki, L79|256/256\n|move|p1a: Enamorus|Superpower|p2a: Regieleki\n|-damage|p2a: Regieleki|66/256\n|-boost|p1a: Enamorus|atk|1\n|-boost|p1a: Enamorus|def|1\n|\n|-heal|p1a: Enamorus|36/100|[from] item: Leftovers\n|upkeep\n|turn|12\n|inactive|Time left: 300 sec this turn | 300 sec total\n|\n|t:|1783569758\n|switch|p1a: Chimecho|Chimecho, L93, M|100/100\n|-damage|p1a: Chimecho|88/100|[from] Stealth Rock\n|move|p2a: Regieleki|Volt Switch|p1a: Chimecho\n|-damage|p1a: Chimecho|55/100\n|inactive|Time left: 300 sec this turn | 300 sec total | 5 sec grace\n|\n|t:|1783569759\n|switch|p2a: Greedent|Greedent, L86, M|347/347|[from] Volt Switch\n|\n|-heal|p1a: Chimecho|61/100|[from] item: Leftovers\n|upkeep\n|turn|13\n|inactive|Time left: 300 sec this turn | 300 sec total\n|\n|t:|1783569760\n|move|p1a: Chimecho|Cosmic Power|p1a: Chimecho\n|-boost|p1a: Chimecho|def|1\n|-boost|p1a: Chimecho|spd|1\n|move|p2a: Greedent|Swords Dance|p2a: Greedent\n|-boost|p2a: Greedent|atk|2\n|\n|-heal|p1a: Chimecho|67/100|[from] item: Leftovers\n|upkeep\n|turn|14\n|inactive|Time left: 300 sec this turn | 300 sec total\n|\n|t:|1783569761\n|move|p1a: Chimecho|Cosmic Power|p1a: Chimecho\n|-boost|p1a: Chimecho|def|1\n|-boost|p1a: Chimecho|spd|1\n|move|p2a: Greedent|Knock Off|p1a: Chimecho\n|-supereffective|p1a: Chimecho\n|-damage|p1a: Chimecho|23/100\n|-enditem|p1a: Chimecho|Leftovers|[from] move: Knock Off|[of] p2a: Greedent\n|\n|upkeep\n|turn|15\n|inactive|Time left: 300 sec this turn | 300 sec total\n|\n|t:|1783569762\n|move|p1a: Chimecho|Recover|p1a: Chimecho\n|-heal|p1a: Chimecho|73/100\n|move|p2a: Greedent|Swords Dance|p2a: Greedent\n|-boost|p2a: Greedent|atk|2\n|\n|upkeep\n|turn|16\n|inactive|Time left: 300 sec this turn | 300 sec total\n|\n|t:|1783569763\n|move|p1a: Chimecho|Recover|p1a: Chimecho\n|-heal|p1a: Chimecho|100/100\n|move|p2a: Greedent|Body Slam|p1a: Chimecho\n|-damage|p1a: Chimecho|50/100\n|-status|p1a: Chimecho|par\n|\n|upkeep\n|turn|17\n|inactive|Time left: 300 sec this turn | 300 sec total\n|\n|t:|1783569765\n|cant|p1a: Chimecho|par\n|move|p2a: Greedent|Knock Off|p1a: Chimecho\n|-supereffective|p1a: Chimecho\n|-damage|p1a: Chimecho|0 fnt\n|faint|p1a: Chimecho\n|\n|upkeep\n|\n|t:|1783569766\n|switch|p1a: Enamorus|Enamorus, L79, F, tera:Fighting|36/100\n|-damage|p1a: Enamorus|30/100|[from] Stealth Rock\n|turn|18\n|inactive|Time left: 300 sec this turn | 300 sec total\n|\n|t:|1783569767\n|move|p1a: Enamorus|Superpower|p2a: Greedent\n|-supereffective|p2a: Greedent\n|-damage|p2a: Greedent|113/347\n|-boost|p1a: Enamorus|atk|1\n|-boost|p1a: Enamorus|def|1\n|-enditem|p2a: Greedent|Sitrus Berry|[eat]\n|-heal|p2a: Greedent|199/347|[from] item: Sitrus Berry\n|-heal|p2a: Greedent|314/347|[from] ability: Cheek Pouch\n|move|p2a: Greedent|Earthquake|p1a: Enamorus\n|-damage|p1a: Enamorus|0 fnt\n|faint|p1a: Enamorus\n|\n|upkeep\n|\n|t:|1783569767\n|switch|p1a: Azumarill|Azumarill, L82, M|100/100\n|-damage|p1a: Azumarill|88/100|[from] Stealth Rock\n|turn|19\n|inactive|Time left: 300 sec this turn | 300 sec total\n|\n|t:|1783569768\n|switch|p1a: Chandelure|Chandelure, L83, M|100/100\n|move|p2a: Greedent|Body Slam|p1a: Chandelure\n|-immune|p1a: Chandelure\n|\n|upkeep\n|turn|20\n|inactive|Time left: 300 sec this turn | 300 sec total\n|\n|t:|1783569769\n|move|p1a: Chandelure|Fire Blast|p2a: Greedent|[miss]\n|-miss|p1a: Chandelure|p2a: Greedent\n|move|p2a: Greedent|Earthquake|p1a: Chandelure\n|-supereffective|p1a: Chandelure\n|-damage|p1a: Chandelure|0 fnt\n|faint|p1a: Chandelure\n|\n|upkeep\n|\n|t:|1783569770\n|switch|p1a: Azumarill|Azumarill, L82, M|88/100\n|-damage|p1a: Azumarill|76/100|[from] Stealth Rock\n|turn|21\n|inactive|Time left: 300 sec this turn | 300 sec total\n|\n|t:|1783569771\n|-terastallize|p2a: Greedent|Ghost\n|move|p1a: Azumarill|Play Rough|p2a: Greedent\n|-damage|p2a: Greedent|203/347\n|move|p2a: Greedent|Body Slam|p1a: Azumarill\n|-damage|p1a: Azumarill|0 fnt\n|faint|p1a: Azumarill\n|\n|win|p0y25742720", "uploadtime": 1783569771, "views": 0, "rating": 0, "private": 0, "password": null, "_winner": "p0y25742720", "_our_name": "p0y25742720"}