{"id": "battle-gen9randombattle-1362", "formatid": "gen9randombattle", "format": "[Gen 9] Random Battle", "players": ["p0x136208b7", "p0y1362884b"], "log": "|init|battle\n|title|p0x136208b7 vs. p0y1362884b\n|j|\u2606p0x136208b7\n|j|\u2606p0y1362884b\n|t:|1783554938\n|gametype|singles\n|player|p1|p0x136208b7|265|\n|player|p2|p0y1362884b|102|\n|gen|9\n|tier|[Gen 9] Random Battle\n|rule|Species Clause: Limit one of each Pok\u00e9mon\n|rule|HP Percentage Mod: HP is shown in percentages\n|rule|Sleep Clause Mod: Limit one foe put to sleep\n|rule|Illusion Level Mod: Illusion disguises the Pok\u00e9mon's true level\n|\n|t:|1783554938\n|teamsize|p1|6\n|teamsize|p2|6\n|start\n|switch|p1a: Mesprit|Mesprit, L85|100/100\n|switch|p2a: Chimecho|Chimecho, L93, M|290/290\n|turn|1\n|inactive|Battle timer is ON: inactive players will automatically lose when time's up. (requested by p0x136208b7)\n|inactive|Time left: 300 sec this turn | 300 sec total | 60 sec grace\n|inactive|p0y1362884b also wants the timer to be on.\n|\n|t:|1783554940\n|move|p1a: Mesprit|Stealth Rock|p2a: Chimecho\n|-sidestart|p2: p0y1362884b|move: Stealth Rock\n|move|p2a: Chimecho|Calm Mind|p2a: Chimecho\n|-boost|p2a: Chimecho|spa|1\n|-boost|p2a: Chimecho|spd|1\n|\n|upkeep\n|turn|2\n|inactive|Time left: 300 sec this turn | 300 sec total\n|\n|t:|1783554941\n|move|p1a: Mesprit|Knock Off|p2a: Chimecho\n|-supereffective|p2a: Chimecho\n|-damage|p2a: Chimecho|146/290\n|-enditem|p2a: Chimecho|Leftovers|[from] move: Knock Off|[of] p1a: Mesprit\n|move|p2a: Chimecho|Calm Mind|p2a: Chimecho\n|-boost|p2a: Chimecho|spa|1\n|-boost|p2a: Chimecho|spd|1\n|\n|upkeep\n|turn|3\n|inactive|Time left: 300 sec this turn | 300 sec total\n|\n|t:|1783554942\n|switch|p1a: Qwilfish|Qwilfish-Hisui, L83, F|100/100\n|-ability|p1a: Qwilfish|Intimidate|boost\n|-unboost|p2a: Chimecho|atk|1\n|move|p2a: Chimecho|Recover|p2a: Chimecho\n|-heal|p2a: Chimecho|290/290\n|\n|upkeep\n|turn|4\n|inactive|Time left: 300 sec this turn | 300 sec total\n|\n|t:|1783554944\n|move|p1a: Qwilfish|Crunch|p2a: Chimecho\n|-supereffective|p2a: Chimecho\n|-damage|p2a: Chimecho|116/290\n|move|p2a: Chimecho|Dazzling Gleam|p1a: Qwilfish\n|-damage|p1a: Qwilfish|47/100\n|\n|upkeep\n|turn|5\n|inactive|Time left: 300 sec this turn | 300 sec total\n|\n|t:|1783554945\n|-terastallize|p2a: Chimecho|Poison\n|move|p1a: Qwilfish|Crunch|p2a: Chimecho\n|-damage|p2a: Chimecho|40/290\n|move|p2a: Chimecho|Recover|p2a: Chimecho\n|-heal|p2a: Chimecho|185/290\n|\n|upkeep\n|turn|6\n|inactive|Time left: 300 sec this turn | 300 sec total\n|\n|t:|1783554946\n|move|p1a: Qwilfish|Crunch|p2a: Chimecho\n|-crit|p2a: Chimecho\n|-damage|p2a: Chimecho|65/290\n|move|p2a: Chimecho|Dazzling Gleam|p1a: Qwilfish\n|-damage|p1a: Qwilfish|0 fnt\n|faint|p1a: Qwilfish\n|\n|upkeep\n|\n|t:|1783554947\n|switch|p1a: Mesprit|Mesprit, L85|100/100\n|turn|7\n|inactive|Time left: 300 sec this turn | 300 sec total\n|\n|t:|1783554948\n|move|p1a: Mesprit|Psychic Noise|p2a: Chimecho\n|-supereffective|p2a: Chimecho\n|-damage|p2a: Chimecho|0 fnt\n|faint|p2a: Chimecho\n|\n|upkeep\n|inactive|Time left: 300 sec this turn | 300 sec total | 5 sec grace\n|\n|t:|1783554949\n|switch|p2a: Reshiram|Reshiram, L76|277/277\n|-ability|p2a: Reshiram|Turboblaze\n|turn|8\n|inactive|Time left: 300 sec this turn | 300 sec total\n|\n|t:|1783554951\n|move|p1a: Mesprit|Knock Off|p2a: Reshiram\n|-damage|p2a: Reshiram|205/277\n|-enditem|p2a: Reshiram|Heavy-Duty Boots|[from] move: Knock Off|[of] p1a: Mesprit\n|move|p2a: Reshiram|Outrage|p1a: Mesprit\n|-damage|p1a: Mesprit|60/100\n|\n|-heal|p1a: Mesprit|66/100|[from] item: Leftovers\n|upkeep\n|turn|9\n|inactive|Time left: 300 sec this turn | 300 sec total\n|\n|t:|1783554952\n|move|p1a: Mesprit|Thunder Wave|p2a: Reshiram\n|-status|p2a: Reshiram|par\n|move|p2a: Reshiram|Outrage|p1a: Mesprit|[from] lockedmove\n|-damage|p1a: Mesprit|25/100\n|-start|p2a: Reshiram|confusion|[fatigue]\n|\n|-heal|p1a: Mesprit|31/100|[from] item: Leftovers\n|upkeep\n|turn|10\n|inactive|Time left: 300 sec this turn | 300 sec total\n|\n|t:|1783554953\n|move|p1a: Mesprit|Knock Off|p2a: Reshiram\n|-damage|p2a: Reshiram|152/277 par\n|-activate|p2a: Reshiram|confusion\n|cant|p2a: Reshiram|par\n|\n|-heal|p1a: Mesprit|37/100|[from] item: Leftovers\n|upkeep\n|turn|11\n|inactive|Time left: 300 sec this turn | 300 sec total\n|\n|t:|1783554954\n|move|p1a: Mesprit|Knock Off|p2a: Reshiram\n|-damage|p2a: Reshiram|103/277 par\n|-activate|p2a: Reshiram|confusion\n|move|p2a: Reshiram|Outrage|p1a: Mesprit\n|-damage|p1a: Mesprit|0 fnt\n|faint|p1a: Mesprit\n|\n|upkeep\n|\n|t:|1783554955\n|switch|p1a: Sawsbuck|Sawsbuck-Summer, L88, M|100/100\n|turn|12\n|inactive|Time left: 300 sec this turn | 300 sec total\n|\n|t:|1783554956\n|move|p1a: Sawsbuck|Swords Dance|p1a: Sawsbuck\n|-boost|p1a: Sawsbuck|atk|2\n|-activate|p2a: Reshiram|confusion\n|cant|p2a: Reshiram|par\n|\n|upkeep\n|turn|13\n|inactive|Time left: 300 sec this turn | 300 sec total\n|\n|t:|1783554957\n|move|p1a: Sawsbuck|Headbutt|p2a: Reshiram\n|-damage|p2a: Reshiram|0 fnt\n|faint|p2a: Reshiram\n|-damage|p1a: Sawsbuck|91/100|[from] item: Life Orb\n|\n|upkeep\n|inactive|Time left: 300 sec this turn | 300 sec total | 5 sec grace\n|\n|t:|1783554958\n|switch|p2a: Tornadus|Tornadus-Therian, L79, M|254/254\n|turn|14\n|inactive|Time left: 300 sec this turn | 300 sec total\n|\n|t:|1783554959\n|-terastallize|p1a: Sawsbuck|Normal\n|move|p2a: Tornadus|Bleakwind Storm|p1a: Sawsbuck\n|-crit|p1a: Sawsbuck\n|-damage|p1a: Sawsbuck|30/100\n|move|p1a: Sawsbuck|Headbutt|p2a: Tornadus\n|-damage|p2a: Tornadus|0 fnt\n|faint|p2a: Tornadus\n|-damage|p1a: Sawsbuck|20/100|[from] item: Life Orb\n|\n|upkeep\n|inactive|Time left: 300 sec this turn | 300 sec total | 5 sec grace\n|\n|t:|1783554960\n|switch|p2a: Cacturne|Cacturne, L92, M|278/278\n|-damage|p2a: Cacturne|244/278|[from] Stealth Rock\n|turn|15\n|inactive|Time left: 300 sec this turn | 300 sec total\n|\n|t:|1783554961\n|move|p2a: Cacturne|Sucker Punch|p1a: Sawsbuck\n|-damage|p1a: Sawsbuck|0 fnt\n|faint|p1a: Sawsbuck\n|-damage|p2a: Cacturne|217/278|[from] item: Life Orb\n|\n|upkeep\n|\n|t:|1783554962\n|switch|p1a: Poliwrath|Poliwrath, L88, F|100/100\n|turn|16\n|inactive|Time left: 300 sec this turn | 300 sec total\n|\n|t:|1783554963\n|move|p1a: Poliwrath|Close Combat|p2a: Cacturne\n|-supereffective|p2a: Cacturne\n|-damage|p2a: Cacturne|0 fnt\n|-unboost|p1a: Poliwrath|def|1\n|-unboost|p1a: Poliwrath|spd|1\n|faint|p2a: Cacturne\n|-damage|p1a: Poliwrath|91/100|[from] item: Life Orb\n|\n|upkeep\n|inactive|Time left: 300 sec this turn | 300 sec total | 5 sec grace\n|\n|t:|1783554964\n|switch|p2a: Gallade|Gallade, L80, M|240/240\n|-damage|p2a: Gallade|225/240|[from] Stealth Rock\n|turn|17\n|inactive|Time left: 300 sec this turn | 300 sec total\n|\n|t:|1783554965\n|switch|p1a: Swanna|Swanna, L89, F|100/100\n|move|p2a: Gallade|Sacred Sword|p1a: Swanna\n|-resisted|p1a: Swanna\n|-damage|p1a: Swanna|57/100\n|-damage|p2a: Gallade|201/240|[from] item: Life Orb\n|\n|upkeep\n|turn|18\n|inactive|Time left: 300 sec this turn | 300 sec total\n|\n|t:|1783554966\n|move|p1a: Swanna|Brave Bird|p2a: Gallade\n|-supereffective|p2a: Gallade\n|-damage|p2a: Gallade|0 fnt\n|faint|p2a: Gallade\n|-damage|p1a: Swanna|33/100|[from] Recoil\n|\n|upkeep\n|inactive|Time left: 300 sec this turn | 300 sec total | 5 sec grace\n|\n|t:|1783554967\n|switch|p2a: Gouging Fire|Gouging Fire, L74|277/277\n|turn|19\n|inactive|Time left: 300 sec this turn | 300 sec total\n|\n|t:|1783554968\n|move|p1a: Swanna|Hydro Pump|p2a: Gouging Fire\n|-damage|p2a: Gouging Fire|148/277\n|move|p2a: Gouging Fire|Dragon Dance|p2a: Gouging Fire\n|-boost|p2a: Gouging Fire|atk|1\n|-boost|p2a: Gouging Fire|spe|1\n|\n|upkeep\n|turn|20\n|inactive|Time left: 300 sec this turn | 300 sec total\n|\n|t:|1783554969\n|move|p2a: Gouging Fire|Dragon Dance|p2a: Gouging Fire\n|-boost|p2a: Gouging Fire|atk|1\n|-boost|p2a: Gouging Fire|spe|1\n|move|p1a: Swanna|Brave Bird|p2a: Gouging Fire\n|-damage|p2a: Gouging Fire|34/277\n|-damage|p1a: Swanna|20/100|[from] Recoil\n|\n|upkeep\n|turn|21\n|inactive|Time left: 300 sec this turn | 300 sec total\n|\n|t:|1783554970\n|move|p2a: Gouging Fire|Outrage|p1a: Swanna\n|-damage|p1a: Swanna|0 fnt\n|faint|p1a: Swanna\n|\n|upkeep\n|\n|t:|1783554971\n|switch|p1a: Uxie|Uxie, L83|100/100\n|turn|22\n|inactive|Time left: 300 sec this turn | 300 sec total\n|\n|t:|1783554972\n|move|p2a: Gouging Fire|Outrage|p1a: Uxie|[from] lockedmove\n|-damage|p1a: Uxie|33/100\n|move|p1a: Uxie|Knock Off|p2a: Gouging Fire\n|-damage|p2a: Gouging Fire|0 fnt\n|-enditem|p2a: Gouging Fire|Heavy-Duty Boots|[from] move: Knock Off|[of] p1a: Uxie\n|faint|p2a: Gouging Fire\n|-end|p2a: Gouging Fire|Protosynthesis|[silent]\n|\n|win|p0x136208b7", "uploadtime": 1783554972, "views": 0, "rating": 0, "private": 0, "password": null, "_winner": "p0x136208b7", "_our_name": "p0y1362884b"}