{"id": "battle-gen9randombattle-2744", "formatid": "gen9randombattle", "format": "[Gen 9] Random Battle", "players": ["p0x2744e3fa", "p0y2744ac1c"], "log": "|init|battle\n|title|p0x2744e3fa vs. p0y2744ac1c\n|j|\u2606p0x2744e3fa\n|j|\u2606p0y2744ac1c\n|t:|1783571627\n|gametype|singles\n|player|p1|p0x2744e3fa|169|\n|player|p2|p0y2744ac1c|1|\n|gen|9\n|tier|[Gen 9] Random Battle\n|rule|Species Clause: Limit one of each Pok\u00e9mon\n|rule|HP Percentage Mod: HP is shown in percentages\n|rule|Sleep Clause Mod: Limit one foe put to sleep\n|rule|Illusion Level Mod: Illusion disguises the Pok\u00e9mon's true level\n|\n|t:|1783571627\n|teamsize|p1|6\n|teamsize|p2|6\n|start\n|switch|p1a: Cetitan|Cetitan, L82, M|100/100\n|switch|p2a: Chien-Pao|Chien-Pao, L72|234/234\n|-ability|p2a: Chien-Pao|Sword of Ruin\n|turn|1\n|inactive|Battle timer is ON: inactive players will automatically lose when time's up. (requested by p0y2744ac1c)\n|inactive|p0x2744e3fa also wants the timer to be on.\n|\n|t:|1783571629\n|move|p2a: Chien-Pao|Sacred Sword|p1a: Cetitan\n|-supereffective|p1a: Cetitan\n|-damage|p1a: Cetitan|26/100\n|move|p1a: Cetitan|Icicle Crash|p2a: Chien-Pao\n|-resisted|p2a: Chien-Pao\n|-damage|p2a: Chien-Pao|138/234\n|\n|upkeep\n|turn|2\n|inactive|Time left: 300 sec this turn | 300 sec total\n|\n|t:|1783571630\n|switch|p1a: Moltres|Moltres, L81|100/100\n|move|p2a: Chien-Pao|Sacred Sword|p1a: Moltres\n|-resisted|p1a: Moltres\n|-damage|p1a: Moltres|79/100\n|\n|upkeep\n|turn|3\n|inactive|Time left: 300 sec this turn | 300 sec total\n|\n|t:|1783571631\n|switch|p2a: Raging Bolt|Raging Bolt, L78|323/323\n|move|p1a: Moltres|Fire Blast|p2a: Raging Bolt\n|-resisted|p2a: Raging Bolt\n|-damage|p2a: Raging Bolt|280/323\n|\n|upkeep\n|turn|4\n|inactive|Time left: 300 sec this turn | 300 sec total\n|\n|t:|1783571633\n|move|p1a: Moltres|Roost|p1a: Moltres\n|-heal|p1a: Moltres|100/100\n|-singleturn|p1a: Moltres|move: Roost\n|move|p2a: Raging Bolt|Discharge|p1a: Moltres\n|-damage|p1a: Moltres|64/100\n|\n|upkeep\n|turn|5\n|inactive|Time left: 300 sec this turn | 300 sec total\n|\n|t:|1783571634\n|move|p1a: Moltres|Roost|p1a: Moltres\n|-heal|p1a: Moltres|100/100\n|-singleturn|p1a: Moltres|move: Roost\n|move|p2a: Raging Bolt|Discharge|p1a: Moltres\n|-damage|p1a: Moltres|65/100\n|\n|upkeep\n|turn|6\n|inactive|Time left: 300 sec this turn | 300 sec total\n|\n|t:|1783571635\n|move|p1a: Moltres|Roost|p1a: Moltres\n|-heal|p1a: Moltres|100/100\n|-singleturn|p1a: Moltres|move: Roost\n|move|p2a: Raging Bolt|Discharge|p1a: Moltres\n|-damage|p1a: Moltres|62/100\n|\n|upkeep\n|turn|7\n|inactive|Time left: 300 sec this turn | 300 sec total\n|\n|t:|1783571636\n|move|p1a: Moltres|Roost|p1a: Moltres\n|-heal|p1a: Moltres|100/100\n|-singleturn|p1a: Moltres|move: Roost\n|move|p2a: Raging Bolt|Discharge|p1a: Moltres\n|-damage|p1a: Moltres|60/100\n|\n|upkeep\n|turn|8\n|inactive|Time left: 300 sec this turn | 300 sec total\n|\n|t:|1783571637\n|move|p1a: Moltres|Roost|p1a: Moltres\n|-heal|p1a: Moltres|100/100\n|-singleturn|p1a: Moltres|move: Roost\n|move|p2a: Raging Bolt|Discharge|p1a: Moltres\n|-damage|p1a: Moltres|66/100\n|-status|p1a: Moltres|par\n|\n|upkeep\n|turn|9\n|inactive|Time left: 300 sec this turn | 300 sec total\n|\n|t:|1783571638\n|switch|p1a: Mienshao|Mienshao, L83, F|100/100\n|move|p2a: Raging Bolt|Discharge|p1a: Mienshao\n|-damage|p1a: Mienshao|66/100\n|-status|p1a: Mienshao|par\n|\n|upkeep\n|turn|10\n|inactive|Time left: 300 sec this turn | 300 sec total\n|\n|t:|1783571639\n|move|p2a: Raging Bolt|Volt Switch|p1a: Mienshao\n|-damage|p1a: Mienshao|33/100 par\n|inactive|Time left: 300 sec this turn | 300 sec total | 5 sec grace\n|\n|t:|1783571640\n|-end|p2a: Raging Bolt|Protosynthesis|[silent]\n|switch|p2a: Skarmory|Skarmory, L80, M|235/235|[from] Volt Switch\n|move|p1a: Mienshao|U-turn|p2a: Skarmory\n|-resisted|p2a: Skarmory\n|-damage|p2a: Skarmory|223/235\n|\n|t:|1783571641\n|switch|p1a: Lokix|Lokix, L82, M|100/100|[from] U-turn\n|\n|-heal|p2a: Skarmory|235/235|[from] item: Leftovers\n|upkeep\n|turn|11\n|inactive|Time left: 300 sec this turn | 300 sec total\n|\n|t:|1783571643\n|move|p1a: Lokix|Bitter Malice|p2a: Skarmory\n|-damage|p2a: Skarmory|86/235\n|-unboost|p2a: Skarmory|atk|1\n|-damage|p1a: Lokix|91/100|[from] item: Life Orb\n|move|p2a: Skarmory|Brave Bird|p1a: Lokix\n|-damage|p1a: Lokix|52/100\n|replace|p1a: Zoroark|Zoroark-Hisui, L80, M\n|-end|p1a: Zoroark|Illusion\n|-hint|Illusion Level Mod is active, so this Pok\u00e9mon's true level was hidden.\n|-damage|p2a: Skarmory|58/235|[from] Recoil\n|\n|-heal|p2a: Skarmory|72/235|[from] item: Leftovers\n|upkeep\n|turn|12\n|inactive|Time left: 300 sec this turn | 300 sec total\n|\n|t:|1783571643\n|switch|p2a: Raging Bolt|Raging Bolt, L78|280/323\n|move|p1a: Zoroark|Hyper Voice|p2a: Raging Bolt\n|-damage|p2a: Raging Bolt|183/323\n|-damage|p1a: Zoroark|43/100|[from] item: Life Orb\n|\n|upkeep\n|turn|13\n|inactive|Time left: 300 sec this turn | 300 sec total\n|\n|t:|1783571644\n|switch|p1a: Sudowoodo|Sudowoodo, L94, M|100/100\n|move|p2a: Raging Bolt|Volt Switch|p1a: Sudowoodo\n|-damage|p1a: Sudowoodo|67/100\n|inactive|Time left: 300 sec this turn | 300 sec total | 5 sec grace\n|\n|t:|1783571645\n|-end|p2a: Raging Bolt|Protosynthesis|[silent]\n|switch|p2a: Exeggutor|Exeggutor, L89, M|314/314|[from] Volt Switch\n|\n|-heal|p1a: Sudowoodo|73/100|[from] item: Leftovers\n|upkeep\n|turn|14\n|inactive|Time left: 300 sec this turn | 300 sec total\n|\n|t:|1783571646\n|move|p2a: Exeggutor|Giga Drain|p1a: Sudowoodo\n|-supereffective|p1a: Sudowoodo\n|-damage|p1a: Sudowoodo|0 fnt\n|faint|p1a: Sudowoodo\n|\n|upkeep\n|\n|t:|1783571647\n|switch|p1a: Lokix|Lokix, L82, M|100/100\n|turn|15\n|inactive|Time left: 300 sec this turn | 300 sec total\n|\n|t:|1783571648\n|switch|p2a: Arceus|Arceus-Dragon, L71|288/288\n|move|p1a: Lokix|Swords Dance|p1a: Lokix\n|-boost|p1a: Lokix|atk|2\n|\n|upkeep\n|turn|16\n|inactive|Time left: 300 sec this turn | 300 sec total\n|\n|t:|1783571648\n|move|p2a: Arceus|Judgment|p1a: Lokix\n|-damage|p1a: Lokix|38/100\n|move|p1a: Lokix|Leech Life|p2a: Arceus\n|-damage|p2a: Arceus|72/288\n|-heal|p1a: Lokix|81/100|[from] drain|[of] p2a: Arceus\n|-damage|p1a: Lokix|71/100|[from] item: Life Orb\n|\n|upkeep\n|turn|17\n|inactive|Time left: 300 sec this turn | 300 sec total\n|\n|t:|1783571649\n|move|p1a: Lokix|Sucker Punch|p2a: Arceus\n|-damage|p2a: Arceus|0 fnt\n|faint|p2a: Arceus\n|-damage|p1a: Lokix|61/100|[from] item: Life Orb\n|\n|upkeep\n|inactive|Time left: 300 sec this turn | 300 sec total | 5 sec grace\n|\n|t:|1783571650\n|switch|p2a: Mesprit|Mesprit, L85|275/275\n|turn|18\n|inactive|Time left: 300 sec this turn | 300 sec total\n|\n|t:|1783571650\n|-terastallize|p2a: Mesprit|Fairy\n|move|p2a: Mesprit|Dazzling Gleam|p1a: Lokix\n|-supereffective|p1a: Lokix\n|-damage|p1a: Lokix|0 fnt\n|faint|p1a: Lokix\n|\n|upkeep\n|\n|t:|1783571651\n|switch|p1a: Moltres|Moltres, L81|66/100 par\n|turn|19\n|inactive|Time left: 300 sec this turn | 300 sec total\n|\n|t:|1783571652\n|switch|p2a: Raging Bolt|Raging Bolt, L78|183/323\n|move|p1a: Moltres|Fire Blast|p2a: Raging Bolt\n|-resisted|p2a: Raging Bolt\n|-damage|p2a: Raging Bolt|135/323\n|\n|upkeep\n|turn|20\n|inactive|Time left: 300 sec this turn | 300 sec total\n|\n|t:|1783571653\n|switch|p1a: Mienshao|Mienshao, L83, F|66/100 par\n|move|p2a: Raging Bolt|Discharge|p1a: Mienshao\n|-crit|p1a: Mienshao\n|-damage|p1a: Mienshao|14/100 par\n|\n|upkeep\n|turn|21\n|inactive|Time left: 300 sec this turn | 300 sec total\n|\n|t:|1783571654\n|move|p1a: Mienshao|Fake Out|p2a: Raging Bolt\n|-damage|p2a: Raging Bolt|101/323\n|cant|p2a: Raging Bolt|flinch\n|\n|upkeep\n|turn|22\n|inactive|Time left: 300 sec this turn | 300 sec total\n|\n|t:|1783571655\n|move|p2a: Raging Bolt|Discharge|p1a: Mienshao\n|-damage|p1a: Mienshao|0 fnt\n|faint|p1a: Mienshao\n|\n|upkeep\n|\n|t:|1783571656\n|switch|p1a: Cetitan|Cetitan, L82, M|26/100\n|turn|23\n|inactive|Time left: 300 sec this turn | 300 sec total\n|\n|t:|1783571656\n|-end|p2a: Raging Bolt|Protosynthesis|[silent]\n|switch|p2a: Mesprit|Mesprit, L85, tera:Fairy|275/275\n|move|p1a: Cetitan|Ice Shard|p2a: Mesprit\n|-damage|p2a: Mesprit|228/275\n|-damage|p1a: Cetitan|16/100|[from] item: Life Orb\n|\n|upkeep\n|turn|24\n|inactive|Time left: 300 sec this turn | 300 sec total\n|\n|t:|1783571658\n|move|p1a: Cetitan|Ice Shard|p2a: Mesprit\n|-damage|p2a: Mesprit|177/275\n|-damage|p1a: Cetitan|7/100|[from] item: Life Orb\n|move|p2a: Mesprit|Psychic|p1a: Cetitan\n|-damage|p1a: Cetitan|0 fnt\n|faint|p1a: Cetitan\n|\n|upkeep\n|\n|t:|1783571659\n|switch|p1a: Moltres|Moltres, L81|66/100 par\n|turn|25\n|inactive|Time left: 300 sec this turn | 300 sec total\n|\n|t:|1783571660\n|move|p2a: Mesprit|Psychic|p1a: Moltres\n|-damage|p1a: Moltres|25/100 par\n|move|p1a: Moltres|Roost|p1a: Moltres\n|-heal|p1a: Moltres|75/100 par\n|-singleturn|p1a: Moltres|move: Roost\n|\n|upkeep\n|turn|26\n|inactive|Time left: 300 sec this turn | 300 sec total\n|\n|t:|1783571661\n|move|p2a: Mesprit|Psychic|p1a: Moltres\n|-damage|p1a: Moltres|35/100 par\n|move|p1a: Moltres|Roost|p1a: Moltres\n|-heal|p1a: Moltres|85/100 par\n|-singleturn|p1a: Moltres|move: Roost\n|\n|upkeep\n|turn|27\n|inactive|Time left: 300 sec this turn | 300 sec total\n|\n|t:|1783571663\n|move|p2a: Mesprit|Psychic|p1a: Moltres\n|-damage|p1a: Moltres|45/100 par\n|move|p1a: Moltres|Fire Blast|p2a: Mesprit\n|-damage|p2a: Mesprit|60/275\n|\n|upkeep\n|turn|28\n|inactive|Time left: 300 sec this turn | 300 sec total\n|\n|t:|1783571664\n|move|p2a: Mesprit|Psychic|p1a: Moltres\n|-damage|p1a: Moltres|2/100 par\n|move|p1a: Moltres|Roost|p1a: Moltres\n|-heal|p1a: Moltres|52/100 par\n|-singleturn|p1a: Moltres|move: Roost\n|\n|upkeep\n|turn|29\n|inactive|Time left: 300 sec this turn | 300 sec total\n|\n|t:|1783571665\n|move|p2a: Mesprit|Psychic|p1a: Moltres\n|-damage|p1a: Moltres|15/100 par\n|move|p1a: Moltres|Brave Bird|p2a: Mesprit\n|-damage|p2a: Mesprit|0 fnt\n|faint|p2a: Mesprit\n|-damage|p1a: Moltres|7/100 par|[from] Recoil\n|\n|upkeep\n|inactive|Time left: 300 sec this turn | 300 sec total | 5 sec grace\n|\n|t:|1783571666\n|switch|p2a: Raging Bolt|Raging Bolt, L78|101/323\n|turn|30\n|inactive|Time left: 300 sec this turn | 300 sec total\n|\n|t:|1783571667\n|move|p2a: Raging Bolt|Discharge|p1a: Moltres\n|-supereffective|p1a: Moltres\n|-damage|p1a: Moltres|0 fnt\n|faint|p1a: Moltres\n|\n|upkeep\n|\n|t:|1783571668\n|switch|p1a: Zoroark|Zoroark-Hisui, L80, M|43/100\n|turn|31\n|inactive|Time left: 300 sec this turn | 300 sec total\n|\n|t:|1783571669\n|-terastallize|p1a: Zoroark|Normal\n|move|p1a: Zoroark|Hyper Voice|p2a: Raging Bolt\n|-damage|p2a: Raging Bolt|0 fnt\n|faint|p2a: Raging Bolt\n|-end|p2a: Raging Bolt|Protosynthesis|[silent]\n|-damage|p1a: Zoroark|33/100|[from] item: Life Orb\n|\n|upkeep\n|inactive|Time left: 300 sec this turn | 300 sec total | 5 sec grace\n|\n|t:|1783571670\n|switch|p2a: Chien-Pao|Chien-Pao, L72|138/234\n|-ability|p2a: Chien-Pao|Sword of Ruin\n|turn|32\n|inactive|Time left: 300 sec this turn | 300 sec total\n|\n|t:|1783571671\n|move|p2a: Chien-Pao|Sacred Sword|p1a: Zoroark\n|-supereffective|p1a: Zoroark\n|-damage|p1a: Zoroark|0 fnt\n|faint|p1a: Zoroark\n|\n|win|p0y2744ac1c", "uploadtime": 1783571671, "views": 0, "rating": 0, "private": 0, "password": null, "_winner": "p0y2744ac1c", "_our_name": "p0y2744ac1c"}