{"id": "battle-gen9randombattle-1161", "formatid": "gen9randombattle", "format": "[Gen 9] Random Battle", "players": ["p0x116106ff", "p0y116123ab"], "log": "|init|battle\n|title|p0x116106ff vs. p0y116123ab\n|j|\u2606p0x116106ff\n|j|\u2606p0y116123ab\n|t:|1783553465\n|gametype|singles\n|player|p1|p0x116106ff|102|\n|player|p2|p0y116123ab|1|\n|gen|9\n|tier|[Gen 9] Random Battle\n|rule|Species Clause: Limit one of each Pok\u00e9mon\n|rule|HP Percentage Mod: HP is shown in percentages\n|rule|Sleep Clause Mod: Limit one foe put to sleep\n|rule|Illusion Level Mod: Illusion disguises the Pok\u00e9mon's true level\n|\n|t:|1783553465\n|teamsize|p1|6\n|teamsize|p2|6\n|start\n|switch|p1a: Hydreigon|Hydreigon, L79, F|275/275\n|switch|p2a: Rhyperior|Rhyperior, L82, F|100/100\n|turn|1\n|inactive|Battle timer is ON: inactive players will automatically lose when time's up. (requested by p0x116106ff)\n|inactive|p0y116123ab also wants the timer to be on.\n|\n|t:|1783553466\n|move|p1a: Hydreigon|Dark Pulse|p2a: Rhyperior\n|-damage|p2a: Rhyperior|44/100\n|move|p2a: Rhyperior|Megahorn|p1a: Hydreigon\n|-supereffective|p1a: Hydreigon\n|-damage|p1a: Hydreigon|61/275\n|\n|upkeep\n|turn|2\n|inactive|Time left: 300 sec this turn | 300 sec total\n|\n|t:|1783553467\n|move|p1a: Hydreigon|Dark Pulse|p2a: Rhyperior\n|-damage|p2a: Rhyperior|0 fnt\n|faint|p2a: Rhyperior\n|\n|upkeep\n|\n|t:|1783553468\n|switch|p2a: Pikachu|Pikachu-Sinnoh, L93, F|100/100\n|turn|3\n|inactive|Time left: 300 sec this turn | 300 sec total\n|\n|t:|1783553469\n|move|p2a: Pikachu|Play Rough|p1a: Hydreigon\n|-supereffective|p1a: Hydreigon\n|-damage|p1a: Hydreigon|0 fnt\n|faint|p1a: Hydreigon\n|\n|upkeep\n|inactive|Time left: 300 sec this turn | 300 sec total | 5 sec grace\n|\n|t:|1783553470\n|switch|p1a: Ampharos|Ampharos, L88, M|302/302\n|turn|4\n|inactive|Time left: 300 sec this turn | 300 sec total\n|\n|t:|1783553471\n|move|p2a: Pikachu|Play Rough|p1a: Ampharos\n|-damage|p1a: Ampharos|196/302\n|move|p1a: Ampharos|Focus Blast|p2a: Pikachu\n|-damage|p2a: Pikachu|3/100\n|\n|upkeep\n|turn|5\n|inactive|Time left: 300 sec this turn | 300 sec total\n|\n|t:|1783553473\n|move|p2a: Pikachu|Play Rough|p1a: Ampharos|[miss]\n|-miss|p2a: Pikachu|p1a: Ampharos\n|move|p1a: Ampharos|Focus Blast|p2a: Pikachu\n|-damage|p2a: Pikachu|0 fnt\n|faint|p2a: Pikachu\n|\n|upkeep\n|\n|t:|1783553474\n|switch|p2a: Mismagius|Mismagius, L86, F|100/100\n|turn|6\n|inactive|Time left: 300 sec this turn | 300 sec total\n|\n|t:|1783553475\n|move|p2a: Mismagius|Nasty Plot|p2a: Mismagius\n|-boost|p2a: Mismagius|spa|2\n|move|p1a: Ampharos|Focus Blast|p2a: Mismagius\n|-immune|p2a: Mismagius\n|\n|upkeep\n|turn|7\n|inactive|Time left: 300 sec this turn | 300 sec total\n|\n|t:|1783553476\n|move|p2a: Mismagius|Shadow Ball|p1a: Ampharos\n|-damage|p1a: Ampharos|0 fnt\n|faint|p1a: Ampharos\n|-damage|p2a: Mismagius|91/100|[from] item: Life Orb\n|\n|upkeep\n|inactive|Time left: 300 sec this turn | 300 sec total | 5 sec grace\n|\n|t:|1783553477\n|switch|p1a: Spiritomb|Spiritomb, L89, M|234/234\n|turn|8\n|inactive|Time left: 300 sec this turn | 300 sec total\n|\n|t:|1783553478\n|-terastallize|p1a: Spiritomb|Poison\n|move|p2a: Mismagius|Dazzling Gleam|p1a: Spiritomb\n|-resisted|p1a: Spiritomb\n|-damage|p1a: Spiritomb|166/234\n|-damage|p2a: Mismagius|81/100|[from] item: Life Orb\n|move|p1a: Spiritomb|Poltergeist|p2a: Mismagius\n|-activate|p2a: Mismagius|move: Poltergeist|Life Orb\n|-supereffective|p2a: Mismagius\n|-damage|p2a: Mismagius|0 fnt\n|faint|p2a: Mismagius\n|\n|-heal|p1a: Spiritomb|180/234|[from] item: Leftovers\n|upkeep\n|\n|t:|1783553479\n|switch|p2a: Farigiraf|Farigiraf, L90, M|100/100\n|turn|9\n|inactive|Time left: 300 sec this turn | 300 sec total\n|\n|t:|1783553480\n|move|p2a: Farigiraf|Psychic Noise|p1a: Spiritomb\n|-supereffective|p1a: Spiritomb\n|-damage|p1a: Spiritomb|0 fnt\n|faint|p1a: Spiritomb\n|\n|upkeep\n|inactive|Time left: 300 sec this turn | 300 sec total | 5 sec grace\n|\n|t:|1783553481\n|switch|p1a: Landorus|Landorus-Therian, L76, M|260/260\n|-ability|p1a: Landorus|Intimidate|boost\n|-unboost|p2a: Farigiraf|atk|1\n|turn|10\n|inactive|Time left: 300 sec this turn | 300 sec total\n|\n|t:|1783553482\n|move|p1a: Landorus|Stealth Rock|p2a: Farigiraf\n|-sidestart|p2: p0y116123ab|move: Stealth Rock\n|move|p2a: Farigiraf|Psychic Noise|p1a: Landorus\n|-damage|p1a: Landorus|140/260\n|-start|p1a: Landorus|move: Heal Block\n|\n|upkeep\n|turn|11\n|inactive|Time left: 300 sec this turn | 300 sec total\n|\n|t:|1783553483\n|switch|p1a: Coalossal|Coalossal, L89, M|341/341\n|move|p2a: Farigiraf|Psychic Noise|p1a: Coalossal\n|-damage|p1a: Coalossal|251/341\n|-start|p1a: Coalossal|move: Heal Block\n|\n|upkeep\n|turn|12\n|inactive|Time left: 300 sec this turn | 300 sec total\n|\n|t:|1783553484\n|move|p2a: Farigiraf|Psychic Noise|p1a: Coalossal\n|-damage|p1a: Coalossal|151/341\n|move|p1a: Coalossal|Stone Edge|p2a: Farigiraf|[miss]\n|-miss|p1a: Coalossal|p2a: Farigiraf\n|\n|-end|p1a: Coalossal|move: Heal Block\n|upkeep\n|turn|13\n|inactive|Time left: 300 sec this turn | 300 sec total\n|\n|t:|1783553485\n|move|p2a: Farigiraf|Psychic Noise|p1a: Coalossal\n|-damage|p1a: Coalossal|52/341\n|-start|p1a: Coalossal|move: Heal Block\n|move|p1a: Coalossal|Spikes|p2a: Farigiraf\n|-sidestart|p2: p0y116123ab|Spikes\n|\n|upkeep\n|turn|14\n|inactive|Time left: 300 sec this turn | 300 sec total\n|\n|t:|1783553486\n|move|p2a: Farigiraf|Psychic Noise|p1a: Coalossal\n|-damage|p1a: Coalossal|0 fnt\n|faint|p1a: Coalossal\n|\n|upkeep\n|inactive|Time left: 300 sec this turn | 300 sec total | 5 sec grace\n|\n|t:|1783553487\n|switch|p1a: Fezandipiti|Fezandipiti, L82, M|278/278\n|turn|15\n|inactive|Time left: 300 sec this turn | 300 sec total\n|\n|t:|1783553488\n|move|p1a: Fezandipiti|Gunk Shot|p2a: Farigiraf|[miss]\n|-miss|p1a: Fezandipiti|p2a: Farigiraf\n|move|p2a: Farigiraf|Psychic Noise|p1a: Fezandipiti\n|-supereffective|p1a: Fezandipiti\n|-damage|p1a: Fezandipiti|120/278\n|-start|p1a: Fezandipiti|move: Heal Block\n|\n|upkeep\n|turn|16\n|inactive|Time left: 300 sec this turn | 300 sec total\n|\n|t:|1783553489\n|move|p1a: Fezandipiti|Moonblast|p2a: Farigiraf\n|-damage|p2a: Farigiraf|79/100\n|-status|p2a: Farigiraf|tox|[from] ability: Toxic Chain|[of] p1a: Fezandipiti\n|move|p2a: Farigiraf|Psychic Noise|p1a: Fezandipiti\n|-supereffective|p1a: Fezandipiti\n|-damage|p1a: Fezandipiti|0 fnt\n|faint|p1a: Fezandipiti\n|\n|-heal|p2a: Farigiraf|85/100 tox|[from] item: Leftovers\n|-damage|p2a: Farigiraf|79/100 tox|[from] psn\n|upkeep\n|inactive|Time left: 300 sec this turn | 300 sec total | 5 sec grace\n|\n|t:|1783553490\n|switch|p1a: Landorus|Landorus-Therian, L76, M|140/260\n|-ability|p1a: Landorus|Intimidate|boost\n|-unboost|p2a: Farigiraf|atk|1\n|turn|17\n|inactive|Time left: 300 sec this turn | 300 sec total\n|\n|t:|1783553490\n|-terastallize|p2a: Farigiraf|Water\n|move|p1a: Landorus|Earthquake|p2a: Farigiraf\n|-damage|p2a: Farigiraf|41/100 tox\n|move|p2a: Farigiraf|Psychic Noise|p1a: Landorus\n|-damage|p1a: Landorus|17/260\n|-start|p1a: Landorus|move: Heal Block\n|\n|-heal|p2a: Farigiraf|47/100 tox|[from] item: Leftovers\n|-damage|p2a: Farigiraf|35/100 tox|[from] psn\n|upkeep\n|turn|18\n|inactive|Time left: 300 sec this turn | 300 sec total\n|\n|t:|1783553491\n|move|p1a: Landorus|Earthquake|p2a: Farigiraf\n|-damage|p2a: Farigiraf|0 fnt\n|faint|p2a: Farigiraf\n|\n|-end|p1a: Landorus|move: Heal Block\n|upkeep\n|\n|t:|1783553492\n|switch|p2a: Cyclizar|Cyclizar, L84, M|100/100\n|turn|19\n|inactive|Time left: 300 sec this turn | 300 sec total\n|\n|t:|1783553493\n|move|p2a: Cyclizar|Rapid Spin|p1a: Landorus\n|-damage|p1a: Landorus|0 fnt\n|-boost|p2a: Cyclizar|spe|1\n|-sideend|p2: p0y116123ab|Spikes|[from] move: Rapid Spin|[of] p2a: Cyclizar\n|-sideend|p2: p0y116123ab|Stealth Rock|[from] move: Rapid Spin|[of] p2a: Cyclizar\n|faint|p1a: Landorus\n|\n|win|p0y116123ab", "uploadtime": 1783553493, "views": 0, "rating": 0, "private": 0, "password": null, "_winner": "p0y116123ab", "_our_name": "p0x116106ff"}