{"id": "battle-gen9randombattle-2319", "formatid": "gen9randombattle", "format": "[Gen 9] Random Battle", "players": ["p0x2319aa64", "p0y23198e34"], "log": "|init|battle\n|title|p0x2319aa64 vs. p0y23198e34\n|j|\u2606p0x2319aa64\n|j|\u2606p0y23198e34\n|t:|1783566930\n|gametype|singles\n|player|p1|p0x2319aa64|102|\n|player|p2|p0y23198e34|2|\n|gen|9\n|tier|[Gen 9] Random Battle\n|rule|Species Clause: Limit one of each Pok\u00e9mon\n|rule|HP Percentage Mod: HP is shown in percentages\n|rule|Sleep Clause Mod: Limit one foe put to sleep\n|rule|Illusion Level Mod: Illusion disguises the Pok\u00e9mon's true level\n|\n|t:|1783566930\n|teamsize|p1|6\n|teamsize|p2|6\n|start\n|switch|p1a: Glalie|Glalie, L96, M|100/100\n|switch|p2a: Emboar|Emboar, L84, M|322/322\n|turn|1\n|inactive|Battle timer is ON: inactive players will automatically lose when time's up. (requested by p0y23198e34)\n|inactive|p0x2319aa64 also wants the timer to be on.\n|\n|t:|1783566932\n|switch|p1a: Luxray|Luxray, L88, F|100/100\n|move|p2a: Emboar|Flare Blitz|p1a: Luxray\n|-damage|p1a: Luxray|35/100\n|-damage|p2a: Emboar|261/322|[from] Recoil\n|\n|-status|p1a: Luxray|brn|[from] item: Flame Orb\n|upkeep\n|turn|2\n|inactive|Time left: 300 sec this turn | 300 sec total\n|\n|t:|1783566933\n|move|p2a: Emboar|Flare Blitz|p1a: Luxray\n|-damage|p1a: Luxray|0 fnt\n|faint|p1a: Luxray\n|-damage|p2a: Emboar|229/322|[from] Recoil\n|\n|upkeep\n|\n|t:|1783566935\n|switch|p1a: Quaquaval|Quaquaval, L79, F|100/100\n|turn|3\n|inactive|Time left: 300 sec this turn | 300 sec total\n|\n|t:|1783566936\n|switch|p2a: Venusaur|Venusaur, L84, M|272/272\n|move|p1a: Quaquaval|Aqua Step|p2a: Venusaur\n|-resisted|p2a: Venusaur\n|-damage|p2a: Venusaur|214/272\n|-boost|p1a: Quaquaval|spe|1\n|-damage|p1a: Quaquaval|91/100|[from] item: Life Orb\n|\n|-heal|p2a: Venusaur|231/272|[from] item: Leftovers\n|upkeep\n|turn|4\n|inactive|Time left: 300 sec this turn | 300 sec total\n|\n|t:|1783566937\n|move|p1a: Quaquaval|Triple Axel|p2a: Venusaur\n|-supereffective|p2a: Venusaur\n|-damage|p2a: Venusaur|189/272\n|-supereffective|p2a: Venusaur\n|-damage|p2a: Venusaur|101/272\n|-supereffective|p2a: Venusaur\n|-damage|p2a: Venusaur|0 fnt\n|faint|p2a: Venusaur\n|-ability|p1a: Quaquaval|Moxie|boost\n|-boost|p1a: Quaquaval|atk|1\n|-hitcount|p2: Venusaur|3\n|-damage|p1a: Quaquaval|81/100|[from] item: Life Orb\n|\n|upkeep\n|inactive|Time left: 300 sec this turn | 300 sec total | 5 sec grace\n|\n|t:|1783566938\n|switch|p2a: Garchomp|Garchomp, L74, F|282/282\n|turn|5\n|inactive|Time left: 300 sec this turn | 300 sec total\n|\n|t:|1783566939\n|move|p1a: Quaquaval|Close Combat|p2a: Garchomp\n|-damage|p2a: Garchomp|0 fnt\n|-unboost|p1a: Quaquaval|def|1\n|-unboost|p1a: Quaquaval|spd|1\n|-damage|p1a: Quaquaval|68/100|[from] ability: Rough Skin|[of] p2a: Garchomp\n|faint|p2a: Garchomp\n|-ability|p1a: Quaquaval|Moxie|boost\n|-boost|p1a: Quaquaval|atk|1\n|-damage|p1a: Quaquaval|58/100|[from] item: Life Orb\n|\n|upkeep\n|inactive|Time left: 300 sec this turn | 300 sec total | 5 sec grace\n|\n|t:|1783566940\n|switch|p2a: Feraligatr|Feraligatr, L79, M|264/264\n|turn|6\n|inactive|Time left: 300 sec this turn | 300 sec total\n|\n|t:|1783566941\n|switch|p2a: Flutter Mane|Flutter Mane, L74|203/203\n|move|p1a: Quaquaval|Close Combat|p2a: Flutter Mane\n|-immune|p2a: Flutter Mane\n|\n|upkeep\n|turn|7\n|inactive|Time left: 300 sec this turn | 300 sec total\n|\n|t:|1783566942\n|-end|p2a: Flutter Mane|Protosynthesis|[silent]\n|switch|p2a: Feraligatr|Feraligatr, L79, M|264/264\n|move|p1a: Quaquaval|Aqua Step|p2a: Feraligatr\n|-resisted|p2a: Feraligatr\n|-damage|p2a: Feraligatr|163/264\n|-boost|p1a: Quaquaval|spe|1\n|-damage|p1a: Quaquaval|49/100|[from] item: Life Orb\n|\n|upkeep\n|turn|8\n|inactive|Time left: 300 sec this turn | 300 sec total\n|\n|t:|1783566942\n|switch|p2a: Gengar|Gengar, L81, M|230/230\n|move|p1a: Quaquaval|Close Combat|p2a: Gengar\n|-immune|p2a: Gengar\n|\n|upkeep\n|turn|9\n|inactive|Time left: 300 sec this turn | 300 sec total\n|\n|t:|1783566943\n|switch|p2a: Feraligatr|Feraligatr, L79, M|163/264\n|move|p1a: Quaquaval|Aqua Step|p2a: Feraligatr\n|-resisted|p2a: Feraligatr\n|-damage|p2a: Feraligatr|46/264\n|-boost|p1a: Quaquaval|spe|1\n|-damage|p1a: Quaquaval|39/100|[from] item: Life Orb\n|\n|upkeep\n|turn|10\n|inactive|Time left: 300 sec this turn | 300 sec total\n|\n|t:|1783566944\n|move|p1a: Quaquaval|Aqua Step|p2a: Feraligatr\n|-resisted|p2a: Feraligatr\n|-damage|p2a: Feraligatr|0 fnt\n|-boost|p1a: Quaquaval|spe|1\n|faint|p2a: Feraligatr\n|-ability|p1a: Quaquaval|Moxie|boost\n|-boost|p1a: Quaquaval|atk|1\n|-damage|p1a: Quaquaval|29/100|[from] item: Life Orb\n|\n|upkeep\n|inactive|Time left: 300 sec this turn | 300 sec total | 5 sec grace\n|\n|t:|1783566945\n|switch|p2a: Emboar|Emboar, L84, M|229/322\n|turn|11\n|inactive|Time left: 300 sec this turn | 300 sec total\n|\n|t:|1783566946\n|switch|p2a: Flutter Mane|Flutter Mane, L74|203/203\n|move|p1a: Quaquaval|Aqua Step|p2a: Flutter Mane\n|-damage|p2a: Flutter Mane|0 fnt\n|-boost|p1a: Quaquaval|spe|1\n|faint|p2a: Flutter Mane\n|-end|p2a: Flutter Mane|Protosynthesis|[silent]\n|-ability|p1a: Quaquaval|Moxie|boost\n|-boost|p1a: Quaquaval|atk|1\n|-damage|p1a: Quaquaval|19/100|[from] item: Life Orb\n|\n|upkeep\n|inactive|Time left: 300 sec this turn | 300 sec total | 5 sec grace\n|\n|t:|1783566946\n|switch|p2a: Emboar|Emboar, L84, M|229/322\n|turn|12\n|inactive|Time left: 300 sec this turn | 300 sec total\n|\n|t:|1783566947\n|-terastallize|p2a: Emboar|Fire\n|move|p1a: Quaquaval|Aqua Step|p2a: Emboar\n|-supereffective|p2a: Emboar\n|-damage|p2a: Emboar|0 fnt\n|-boost|p1a: Quaquaval|spe|1\n|faint|p2a: Emboar\n|-ability|p1a: Quaquaval|Moxie|boost\n|-boost|p1a: Quaquaval|atk|1\n|-damage|p1a: Quaquaval|9/100|[from] item: Life Orb\n|\n|upkeep\n|inactive|Time left: 300 sec this turn | 300 sec total | 5 sec grace\n|\n|t:|1783566948\n|switch|p2a: Gengar|Gengar, L81, M|230/230\n|turn|13\n|inactive|Time left: 300 sec this turn | 300 sec total\n|\n|t:|1783566949\n|-terastallize|p1a: Quaquaval|Steel\n|move|p1a: Quaquaval|Aqua Step|p2a: Gengar\n|-damage|p2a: Gengar|0 fnt\n|faint|p2a: Gengar\n|-damage|p1a: Quaquaval|0 fnt|[from] item: Life Orb\n|faint|p1a: Quaquaval\n|\n|win|p0x2319aa64", "uploadtime": 1783566949, "views": 0, "rating": 0, "private": 0, "password": null, "_winner": "p0x2319aa64", "_our_name": "p0y23198e34"}