{"id": "battle-gen9randombattle-2512", "formatid": "gen9randombattle", "format": "[Gen 9] Random Battle", "players": ["p0x2512c3a6", "p0y2512921b"], "log": "|init|battle\n|title|p0x2512c3a6 vs. p0y2512921b\n|j|\u2606p0x2512c3a6\n|j|\u2606p0y2512921b\n|t:|1783569093\n|gametype|singles\n|player|p1|p0x2512c3a6|101|\n|player|p2|p0y2512921b|169|\n|gen|9\n|tier|[Gen 9] Random Battle\n|rule|Species Clause: Limit one of each Pok\u00e9mon\n|rule|HP Percentage Mod: HP is shown in percentages\n|rule|Sleep Clause Mod: Limit one foe put to sleep\n|rule|Illusion Level Mod: Illusion disguises the Pok\u00e9mon's true level\n|\n|t:|1783569093\n|teamsize|p1|6\n|teamsize|p2|6\n|start\n|switch|p1a: Hydreigon|Hydreigon, L79, M|275/275\n|switch|p2a: Staraptor|Staraptor, L79, M|100/100\n|turn|1\n|inactive|Battle timer is ON: inactive players will automatically lose when time's up. (requested by p0x2512c3a6)\n|inactive|p0y2512921b also wants the timer to be on.\n|\n|t:|1783569094\n|move|p2a: Staraptor|Close Combat|p1a: Hydreigon\n|-supereffective|p1a: Hydreigon\n|-damage|p1a: Hydreigon|0 fnt\n|-unboost|p2a: Staraptor|def|1\n|-unboost|p2a: Staraptor|spd|1\n|faint|p1a: Hydreigon\n|\n|upkeep\n|inactive|Time left: 300 sec this turn | 300 sec total | 65 sec grace\n|\n|t:|1783569096\n|switch|p1a: Chandelure|Chandelure, L83, F|235/235\n|turn|2\n|inactive|Time left: 300 sec this turn | 300 sec total\n|\n|t:|1783569097\n|switch|p2a: Clawitzer|Clawitzer, L87, M|100/100\n|move|p1a: Chandelure|Fire Blast|p2a: Clawitzer\n|-resisted|p2a: Clawitzer\n|-damage|p2a: Clawitzer|71/100\n|\n|upkeep\n|turn|3\n|inactive|Time left: 300 sec this turn | 300 sec total\n|\n|t:|1783569098\n|switch|p1a: Tsareena|Tsareena, L87, F|267/267\n|move|p2a: Clawitzer|Water Pulse|p1a: Tsareena\n|-resisted|p1a: Tsareena\n|-damage|p1a: Tsareena|182/267\n|\n|upkeep\n|turn|4\n|inactive|Time left: 300 sec this turn | 300 sec total\n|\n|t:|1783569099\n|switch|p2a: Tauros|Tauros-Paldea-Blaze, L81, M|100/100\n|-ability|p2a: Tauros|Intimidate|boost\n|-unboost|p1a: Tsareena|atk|1\n|move|p1a: Tsareena|Power Whip|p2a: Tauros\n|-resisted|p2a: Tauros\n|-damage|p2a: Tauros|83/100\n|\n|upkeep\n|turn|5\n|inactive|Time left: 300 sec this turn | 300 sec total\n|\n|t:|1783569101\n|switch|p1a: Chandelure|Chandelure, L83, F|235/235\n|move|p2a: Tauros|Flare Blitz|p1a: Chandelure\n|-start|p1a: Chandelure|ability: Flash Fire\n|\n|upkeep\n|turn|6\n|inactive|Time left: 300 sec this turn | 300 sec total\n|\n|t:|1783569101\n|switch|p2a: Clawitzer|Clawitzer, L87, M|71/100\n|move|p1a: Chandelure|Fire Blast|p2a: Clawitzer\n|-resisted|p2a: Clawitzer\n|-damage|p2a: Clawitzer|25/100\n|-status|p2a: Clawitzer|brn\n|\n|-damage|p2a: Clawitzer|19/100 brn|[from] brn\n|upkeep\n|turn|7\n|inactive|Time left: 300 sec this turn | 300 sec total\n|\n|t:|1783569103\n|move|p1a: Chandelure|Fire Blast|p2a: Clawitzer|[miss]\n|-miss|p1a: Chandelure|p2a: Clawitzer\n|move|p2a: Clawitzer|Water Pulse|p1a: Chandelure\n|-supereffective|p1a: Chandelure\n|-damage|p1a: Chandelure|0 fnt\n|faint|p1a: Chandelure\n|\n|-damage|p2a: Clawitzer|13/100 brn|[from] brn\n|upkeep\n|inactive|Time left: 300 sec this turn | 300 sec total | 5 sec grace\n|\n|t:|1783569104\n|switch|p1a: Flareon|Flareon, L90, M|263/263\n|turn|8\n|inactive|Time left: 300 sec this turn | 300 sec total\n|\n|t:|1783569105\n|switch|p2a: Tauros|Tauros-Paldea-Blaze, L81, M|83/100\n|-ability|p2a: Tauros|Intimidate|boost\n|-unboost|p1a: Flareon|atk|1\n|move|p1a: Flareon|Trailblaze|p2a: Tauros\n|-resisted|p2a: Tauros\n|-damage|p2a: Tauros|77/100\n|-boost|p1a: Flareon|spe|1\n|\n|-status|p1a: Flareon|tox|[from] item: Toxic Orb\n|upkeep\n|turn|9\n|inactive|Time left: 300 sec this turn | 300 sec total\n|\n|t:|1783569106\n|-terastallize|p1a: Flareon|Normal\n|move|p1a: Flareon|Facade|p2a: Tauros\n|-damage|p2a: Tauros|1/100\n|move|p2a: Tauros|Close Combat|p1a: Flareon\n|-supereffective|p1a: Flareon\n|-damage|p1a: Flareon|0 fnt\n|-unboost|p2a: Tauros|def|1\n|-unboost|p2a: Tauros|spd|1\n|faint|p1a: Flareon\n|\n|upkeep\n|inactive|Time left: 300 sec this turn | 300 sec total | 5 sec grace\n|\n|t:|1783569107\n|switch|p1a: Houndstone|Houndstone, L86, M|264/264\n|turn|10\n|inactive|Time left: 300 sec this turn | 300 sec total\n|\n|t:|1783569107\n|switch|p2a: Clawitzer|Clawitzer, L87, M|13/100 brn\n|move|p1a: Houndstone|Body Press|p2a: Clawitzer\n|-damage|p2a: Clawitzer|0 fnt\n|faint|p2a: Clawitzer\n|\n|upkeep\n|\n|t:|1783569108\n|switch|p2a: Tauros|Tauros-Paldea-Blaze, L81, M|1/100\n|-ability|p2a: Tauros|Intimidate|boost\n|-unboost|p1a: Houndstone|atk|1\n|turn|11\n|inactive|Time left: 300 sec this turn | 300 sec total\n|\n|t:|1783569109\n|move|p2a: Tauros|Flare Blitz|p1a: Houndstone\n|-damage|p1a: Houndstone|78/264\n|-damage|p2a: Tauros|0 fnt|[from] Recoil\n|faint|p2a: Tauros\n|move|p1a: Houndstone|Poltergeist|p2: Tauros|[notarget]\n|-fail|p1a: Houndstone\n|\n|-heal|p1a: Houndstone|94/264|[from] item: Leftovers\n|upkeep\n|\n|t:|1783569110\n|switch|p2a: Staraptor|Staraptor, L79, M|100/100\n|turn|12\n|inactive|Time left: 300 sec this turn | 300 sec total\n|\n|t:|1783569111\n|switch|p1a: Tsareena|Tsareena, L87, F|182/267\n|move|p2a: Staraptor|Brave Bird|p1a: Tsareena\n|-supereffective|p1a: Tsareena\n|-damage|p1a: Tsareena|0 fnt\n|faint|p1a: Tsareena\n|-damage|p2a: Staraptor|78/100|[from] Recoil\n|\n|upkeep\n|inactive|Time left: 300 sec this turn | 300 sec total | 5 sec grace\n|\n|t:|1783569112\n|switch|p1a: Houndstone|Houndstone, L86, M|94/264\n|turn|13\n|inactive|Time left: 300 sec this turn | 300 sec total\n|\n|t:|1783569113\n|move|p2a: Staraptor|Brave Bird|p1a: Houndstone\n|-damage|p1a: Houndstone|0 fnt\n|faint|p1a: Houndstone\n|-damage|p2a: Staraptor|66/100|[from] Recoil\n|\n|upkeep\n|inactive|Time left: 300 sec this turn | 300 sec total | 5 sec grace\n|\n|t:|1783569114\n|switch|p1a: Whimsicott|Whimsicott, L84, F|238/238\n|turn|14\n|inactive|Time left: 300 sec this turn | 300 sec total\n|\n|t:|1783569115\n|-terastallize|p2a: Staraptor|Flying\n|move|p1a: Whimsicott|Moonblast|p2a: Staraptor\n|-damage|p2a: Staraptor|21/100\n|move|p2a: Staraptor|Brave Bird|p1a: Whimsicott\n|-supereffective|p1a: Whimsicott\n|-damage|p1a: Whimsicott|0 fnt\n|faint|p1a: Whimsicott\n|-damage|p2a: Staraptor|0 fnt|[from] Recoil\n|faint|p2a: Staraptor\n|\n|win|p0y2512921b", "uploadtime": 1783569115, "views": 0, "rating": 0, "private": 0, "password": null, "_winner": "p0y2512921b", "_our_name": "p0x2512c3a6"}