{"id": "battle-gen9randombattle-1366", "formatid": "gen9randombattle", "format": "[Gen 9] Random Battle", "players": ["p0x1366b336", "p0y13668698"], "log": "|init|battle\n|title|p0x1366b336 vs. p0y13668698\n|j|\u2606p0x1366b336\n|j|\u2606p0y13668698\n|t:|1783554981\n|gametype|singles\n|player|p1|p0x1366b336|266|\n|player|p2|p0y13668698|266|\n|gen|9\n|tier|[Gen 9] Random Battle\n|rule|Species Clause: Limit one of each Pok\u00e9mon\n|rule|HP Percentage Mod: HP is shown in percentages\n|rule|Sleep Clause Mod: Limit one foe put to sleep\n|rule|Illusion Level Mod: Illusion disguises the Pok\u00e9mon's true level\n|\n|t:|1783554981\n|teamsize|p1|6\n|teamsize|p2|6\n|start\n|switch|p1a: Hawlucha|Hawlucha, L80, M|256/256\n|switch|p2a: Galvantula|Galvantula, L82, F|100/100\n|turn|1\n|inactive|Battle timer is ON: inactive players will automatically lose when time's up. (requested by p0x1366b336)\n|inactive|p0y13668698 also wants the timer to be on.\n|\n|t:|1783554982\n|switch|p1a: Tinkaton|Tinkaton, L82, F|274/274\n|-ability|p1a: Tinkaton|Mold Breaker\n|move|p2a: Galvantula|Sticky Web|p1a: Tinkaton\n|-sidestart|p1: p0x1366b336|move: Sticky Web\n|\n|upkeep\n|turn|2\n|inactive|Time left: 300 sec this turn | 300 sec total\n|\n|t:|1783554983\n|move|p2a: Galvantula|Thunder|p1a: Tinkaton\n|-damage|p1a: Tinkaton|172/274\n|move|p1a: Tinkaton|Swords Dance|p1a: Tinkaton\n|-boost|p1a: Tinkaton|atk|2\n|\n|-heal|p1a: Tinkaton|189/274|[from] item: Leftovers\n|upkeep\n|turn|3\n|inactive|Time left: 300 sec this turn | 300 sec total\n|\n|t:|1783554984\n|move|p2a: Galvantula|Thunder|p1a: Tinkaton\n|-damage|p1a: Tinkaton|93/274\n|move|p1a: Tinkaton|Gigaton Hammer|p2a: Galvantula\n|-resisted|p2a: Galvantula\n|-damage|p2a: Galvantula|34/100\n|\n|-heal|p1a: Tinkaton|110/274|[from] item: Leftovers\n|upkeep\n|turn|4\n|inactive|Time left: 300 sec this turn | 300 sec total\n|\n|t:|1783554985\n|-terastallize|p2a: Galvantula|Electric\n|move|p2a: Galvantula|Thunder|p1a: Tinkaton\n|-damage|p1a: Tinkaton|0 fnt\n|faint|p1a: Tinkaton\n|\n|upkeep\n|inactive|Time left: 300 sec this turn | 300 sec total | 5 sec grace\n|\n|t:|1783554986\n|switch|p1a: Serperior|Serperior, L79, M|248/248\n|-activate|p1a: Serperior|move: Sticky Web\n|-boost|p1a: Serperior|spe|1\n|turn|5\n|inactive|Time left: 300 sec this turn | 300 sec total\n|\n|t:|1783554987\n|switch|p2a: Dipplin|Dipplin, L88, F|100/100\n|move|p1a: Serperior|Leaf Storm|p2a: Dipplin\n|-resisted|p2a: Dipplin\n|-damage|p2a: Dipplin|93/100\n|-boost|p1a: Serperior|spa|2\n|-damage|p1a: Serperior|224/248|[from] item: Life Orb\n|\n|upkeep\n|turn|6\n|inactive|Time left: 300 sec this turn | 300 sec total\n|\n|t:|1783554988\n|move|p1a: Serperior|Dragon Pulse|p2a: Dipplin\n|-supereffective|p2a: Dipplin\n|-damage|p2a: Dipplin|37/100\n|-damage|p1a: Serperior|200/248|[from] item: Life Orb\n|move|p2a: Dipplin|Dragon Tail|p1a: Serperior\n|-damage|p1a: Serperior|142/248\n|drag|p1a: Vikavolt|Vikavolt, L83, F|263/263\n|\n|upkeep\n|turn|7\n|inactive|Time left: 300 sec this turn | 300 sec total\n|\n|t:|1783554989\n|move|p2a: Dipplin|Dragon Pulse|p1a: Vikavolt\n|-damage|p1a: Vikavolt|157/263\n|move|p1a: Vikavolt|Sticky Web|p2a: Dipplin\n|-sidestart|p2: p0y13668698|move: Sticky Web\n|\n|upkeep\n|turn|8\n|inactive|Time left: 300 sec this turn | 300 sec total\n|\n|t:|1783554990\n|move|p2a: Dipplin|Dragon Pulse|p1a: Vikavolt\n|-damage|p1a: Vikavolt|54/263\n|move|p1a: Vikavolt|Bug Buzz|p2a: Dipplin\n|-supereffective|p2a: Dipplin\n|-damage|p2a: Dipplin|0 fnt\n|faint|p2a: Dipplin\n|\n|upkeep\n|\n|t:|1783554991\n|switch|p2a: Espathra|Espathra, L80, F|100/100\n|-activate|p2a: Espathra|move: Sticky Web\n|-unboost|p2a: Espathra|spe|1\n|turn|9\n|inactive|Time left: 300 sec this turn | 300 sec total\n|\n|t:|1783554991\n|switch|p1a: Serperior|Serperior, L79, M|142/248\n|-activate|p1a: Serperior|move: Sticky Web\n|-boost|p1a: Serperior|spe|1\n|move|p2a: Espathra|Lumina Crash|p1a: Serperior\n|-damage|p1a: Serperior|28/248\n|-boost|p1a: Serperior|spd|2\n|\n|-ability|p2a: Espathra|Speed Boost|boost\n|-boost|p2a: Espathra|spe|1\n|upkeep\n|turn|10\n|inactive|Time left: 300 sec this turn | 300 sec total\n|\n|t:|1783554992\n|switch|p2a: Metagross|Metagross, L79|100/100\n|-activate|p2a: Metagross|move: Sticky Web\n|-fail|p2a: Metagross|unboost|[from] ability: Clear Body|[of] p2a: Metagross\n|move|p1a: Serperior|Synthesis|p1a: Serperior\n|-heal|p1a: Serperior|152/248\n|\n|upkeep\n|turn|11\n|inactive|Time left: 300 sec this turn | 300 sec total\n|\n|t:|1783554993\n|move|p1a: Serperior|Synthesis|p1a: Serperior\n|-heal|p1a: Serperior|248/248\n|move|p2a: Metagross|Psychic Fangs|p1a: Serperior\n|-damage|p1a: Serperior|98/248\n|\n|upkeep\n|turn|12\n|inactive|Time left: 300 sec this turn | 300 sec total\n|\n|t:|1783554994\n|move|p1a: Serperior|Synthesis|p1a: Serperior\n|-heal|p1a: Serperior|222/248\n|move|p2a: Metagross|Psychic Fangs|p1a: Serperior\n|-crit|p1a: Serperior\n|-damage|p1a: Serperior|0 fnt\n|faint|p1a: Serperior\n|\n|upkeep\n|inactive|Time left: 300 sec this turn | 300 sec total | 5 sec grace\n|\n|t:|1783554995\n|switch|p1a: Persian|Persian-Alola, L86, F|252/252\n|-activate|p1a: Persian|move: Sticky Web\n|-unboost|p1a: Persian|spe|1\n|turn|13\n|inactive|Time left: 300 sec this turn | 300 sec total\n|\n|t:|1783554996\n|switch|p2a: Magcargo|Magcargo, L95, F|100/100\n|move|p1a: Persian|Nasty Plot|p1a: Persian\n|-boost|p1a: Persian|spa|2\n|\n|upkeep\n|turn|14\n|inactive|Time left: 300 sec this turn | 300 sec total\n|\n|t:|1783554997\n|move|p1a: Persian|Dark Pulse|p2a: Magcargo\n|-damage|p2a: Magcargo|36/100\n|-damage|p1a: Persian|227/252|[from] item: Life Orb\n|move|p2a: Magcargo|Recover|p2a: Magcargo\n|-heal|p2a: Magcargo|86/100\n|\n|upkeep\n|turn|15\n|inactive|Time left: 300 sec this turn | 300 sec total\n|\n|t:|1783554998\n|move|p1a: Persian|Dark Pulse|p2a: Magcargo\n|-damage|p2a: Magcargo|21/100\n|-damage|p1a: Persian|202/252|[from] item: Life Orb\n|cant|p2a: Magcargo|flinch\n|\n|upkeep\n|turn|16\n|inactive|Time left: 300 sec this turn | 300 sec total\n|\n|t:|1783554999\n|switch|p2a: Galvantula|Galvantula, L82, F, tera:Electric|34/100\n|-activate|p2a: Galvantula|move: Sticky Web\n|-unboost|p2a: Galvantula|spe|1\n|move|p1a: Persian|Dark Pulse|p2a: Galvantula\n|-damage|p2a: Galvantula|0 fnt\n|faint|p2a: Galvantula\n|-damage|p1a: Persian|177/252|[from] item: Life Orb\n|\n|upkeep\n|\n|t:|1783555000\n|switch|p2a: Chien-Pao|Chien-Pao, L72|100/100\n|-activate|p2a: Chien-Pao|move: Sticky Web\n|-unboost|p2a: Chien-Pao|spe|1\n|-ability|p2a: Chien-Pao|Sword of Ruin\n|turn|17\n|inactive|Time left: 300 sec this turn | 300 sec total\n|\n|t:|1783555001\n|move|p1a: Persian|Thunderbolt|p2a: Chien-Pao\n|-damage|p2a: Chien-Pao|15/100\n|-damage|p1a: Persian|152/252|[from] item: Life Orb\n|move|p2a: Chien-Pao|Sacred Sword|p1a: Persian\n|-supereffective|p1a: Persian\n|-damage|p1a: Persian|4/252\n|\n|upkeep\n|turn|18\n|inactive|Time left: 300 sec this turn | 300 sec total\n|\n|t:|1783555002\n|move|p1a: Persian|Dark Pulse|p2a: Chien-Pao\n|-resisted|p2a: Chien-Pao\n|-damage|p2a: Chien-Pao|0 fnt\n|faint|p2a: Chien-Pao\n|-damage|p1a: Persian|0 fnt|[from] item: Life Orb\n|faint|p1a: Persian\n|\n|upkeep\n|inactive|Time left: 300 sec this turn | 300 sec total | 5 sec grace\n|\n|t:|1783555003\n|switch|p1a: Iron Moth|Iron Moth, L78|253/253\n|switch|p2a: Espathra|Espathra, L80, F|100/100\n|-activate|p2a: Espathra|move: Sticky Web\n|-unboost|p2a: Espathra|spe|1\n|turn|19\n|inactive|Time left: 300 sec this turn | 300 sec total\n|\n|t:|1783555004\n|move|p1a: Iron Moth|Fiery Dance|p2a: Espathra\n|-damage|p2a: Espathra|53/100\n|move|p2a: Espathra|Lumina Crash|p1a: Iron Moth\n|-supereffective|p1a: Iron Moth\n|-damage|p1a: Iron Moth|49/253\n|-unboost|p1a: Iron Moth|spd|2\n|\n|-ability|p2a: Espathra|Speed Boost|boost\n|-boost|p2a: Espathra|spe|1\n|upkeep\n|turn|20\n|inactive|Time left: 300 sec this turn | 300 sec total\n|\n|t:|1783555005\n|move|p1a: Iron Moth|Sludge Wave|p2a: Espathra\n|-damage|p2a: Espathra|0 fnt\n|faint|p2a: Espathra\n|\n|upkeep\n|\n|t:|1783555006\n|switch|p2a: Magcargo|Magcargo, L95, F|21/100\n|turn|21\n|inactive|Time left: 300 sec this turn | 300 sec total\n|\n|t:|1783555007\n|move|p1a: Iron Moth|Energy Ball|p2a: Magcargo\n|-damage|p2a: Magcargo|0 fnt\n|faint|p2a: Magcargo\n|\n|upkeep\n|\n|t:|1783555008\n|switch|p2a: Metagross|Metagross, L79|100/100\n|-activate|p2a: Metagross|move: Sticky Web\n|-fail|p2a: Metagross|unboost|[from] ability: Clear Body|[of] p2a: Metagross\n|turn|22\n|inactive|Time left: 300 sec this turn | 300 sec total\n|\n|t:|1783555009\n|move|p2a: Metagross|Bullet Punch|p1a: Iron Moth\n|-resisted|p1a: Iron Moth\n|-damage|p1a: Iron Moth|0 fnt\n|faint|p1a: Iron Moth\n|-end|p1a: Iron Moth|Quark Drive|[silent]\n|\n|upkeep\n|inactive|Time left: 300 sec this turn | 300 sec total | 5 sec grace\n|\n|t:|1783555010\n|switch|p1a: Hawlucha|Hawlucha, L80, M|256/256\n|turn|23\n|inactive|Time left: 300 sec this turn | 300 sec total\n|\n|t:|1783555011\n|-terastallize|p1a: Hawlucha|Flying\n|move|p2a: Metagross|Bullet Punch|p1a: Hawlucha\n|-damage|p1a: Hawlucha|165/256\n|move|p1a: Hawlucha|Swords Dance|p1a: Hawlucha\n|-boost|p1a: Hawlucha|atk|2\n|\n|upkeep\n|turn|24\n|inactive|Time left: 300 sec this turn | 300 sec total\n|\n|t:|1783555012\n|move|p2a: Metagross|Bullet Punch|p1a: Hawlucha\n|-damage|p1a: Hawlucha|80/256\n|move|p1a: Hawlucha|Close Combat|p2a: Metagross\n|-damage|p2a: Metagross|29/100\n|-unboost|p1a: Hawlucha|def|1\n|-unboost|p1a: Hawlucha|spd|1\n|-enditem|p1a: Hawlucha|White Herb\n|-clearnegativeboost|p1a: Hawlucha|[silent]\n|\n|upkeep\n|turn|25\n|inactive|Time left: 300 sec this turn | 300 sec total\n|\n|t:|1783555013\n|move|p2a: Metagross|Bullet Punch|p1a: Hawlucha\n|-damage|p1a: Hawlucha|0 fnt\n|faint|p1a: Hawlucha\n|\n|upkeep\n|inactive|Time left: 300 sec this turn | 300 sec total | 5 sec grace\n|\n|t:|1783555014\n|switch|p1a: Vikavolt|Vikavolt, L83, F|54/263\n|turn|26\n|inactive|Time left: 300 sec this turn | 300 sec total\n|\n|t:|1783555015\n|move|p2a: Metagross|Bullet Punch|p1a: Vikavolt\n|-resisted|p1a: Vikavolt\n|-damage|p1a: Vikavolt|18/263\n|move|p1a: Vikavolt|Bug Buzz|p2a: Metagross\n|-damage|p2a: Metagross|0 fnt\n|faint|p2a: Metagross\n|\n|win|p0x1366b336", "uploadtime": 1783555015, "views": 0, "rating": 0, "private": 0, "password": null, "_winner": "p0x1366b336", "_our_name": "p0x1366b336"}