{"id": "battle-gen9randombattle-303", "formatid": "gen9randombattle", "format": "[Gen 9] Random Battle", "players": ["p0x303d758", "p0y30351ec"], "log": "|init|battle\n|title|p0x303d758 vs. p0y30351ec\n|j|\u2606p0x303d758\n|j|\u2606p0y30351ec\n|t:|1783542593\n|gametype|singles\n|player|p1|p0x303d758|170|\n|player|p2|p0y30351ec|2|\n|gen|9\n|tier|[Gen 9] Random Battle\n|rule|Species Clause: Limit one of each Pok\u00e9mon\n|rule|HP Percentage Mod: HP is shown in percentages\n|rule|Sleep Clause Mod: Limit one foe put to sleep\n|rule|Illusion Level Mod: Illusion disguises the Pok\u00e9mon's true level\n|\n|t:|1783542593\n|teamsize|p1|6\n|teamsize|p2|6\n|start\n|switch|p1a: Slaking|Slaking, L84, F|100/100\n|switch|p2a: Espathra|Espathra, L80, F|283/283\n|turn|1\n|inactive|Battle timer is ON: inactive players will automatically lose when time's up. (requested by p0y30351ec)\n|inactive|p0x303d758 also wants the timer to be on.\n|\n|t:|1783542595\n|switch|p2a: Lunala|Lunala, L70|308/308\n|move|p1a: Slaking|Giga Impact|p2a: Lunala\n|-immune|p2a: Lunala\n|\n|upkeep\n|turn|2\n|inactive|Time left: 300 sec this turn | 300 sec total\n|\n|t:|1783542596\n|switch|p1a: Shiftry|Shiftry, L89, F|100/100\n|move|p2a: Lunala|Calm Mind|p2a: Lunala\n|-boost|p2a: Lunala|spa|1\n|-boost|p2a: Lunala|spd|1\n|\n|upkeep\n|turn|3\n|inactive|Time left: 300 sec this turn | 300 sec total\n|\n|t:|1783542597\n|-terastallize|p2a: Lunala|Fighting\n|move|p1a: Shiftry|Knock Off|p2a: Lunala\n|-resisted|p2a: Lunala\n|-damage|p2a: Lunala|263/308\n|-enditem|p2a: Lunala|Leftovers|[from] move: Knock Off|[of] p1a: Shiftry\n|-damage|p1a: Shiftry|91/100|[from] item: Life Orb\n|move|p2a: Lunala|Focus Blast|p1a: Shiftry\n|-supereffective|p1a: Shiftry\n|-damage|p1a: Shiftry|0 fnt\n|faint|p1a: Shiftry\n|\n|upkeep\n|\n|t:|1783542598\n|switch|p1a: Slaking|Slaking, L84, F|100/100\n|turn|4\n|inactive|Time left: 300 sec this turn | 300 sec total\n|\n|t:|1783542599\n|switch|p2a: Ceruledge|Ceruledge, L78, M|245/245\n|move|p1a: Slaking|Giga Impact|p2a: Ceruledge\n|-immune|p2a: Ceruledge\n|\n|upkeep\n|turn|5\n|inactive|Time left: 300 sec this turn | 300 sec total\n|\n|t:|1783542600\n|switch|p1a: Milotic|Milotic, L83, F|100/100\n|move|p2a: Ceruledge|Swords Dance|p2a: Ceruledge\n|-boost|p2a: Ceruledge|atk|2\n|\n|upkeep\n|turn|6\n|inactive|Time left: 300 sec this turn | 300 sec total\n|\n|t:|1783542601\n|move|p1a: Milotic|Scald|p2a: Ceruledge\n|-supereffective|p2a: Ceruledge\n|-damage|p2a: Ceruledge|93/245\n|move|p2a: Ceruledge|Poltergeist|p1a: Milotic\n|-activate|p1a: Milotic|move: Poltergeist|Leftovers\n|-damage|p1a: Milotic|0 fnt\n|faint|p1a: Milotic\n|\n|upkeep\n|\n|t:|1783542602\n|switch|p1a: Salamence|Salamence, L77, F|100/100\n|turn|7\n|inactive|Time left: 300 sec this turn | 300 sec total\n|\n|t:|1783542603\n|switch|p2a: Sandaconda|Sandaconda, L84, F|258/258\n|move|p1a: Salamence|Outrage|p2a: Sandaconda\n|-damage|p2a: Sandaconda|153/258\n|\n|-heal|p2a: Sandaconda|169/258|[from] item: Leftovers\n|upkeep\n|turn|8\n|inactive|Time left: 300 sec this turn | 300 sec total\n|\n|t:|1783542604\n|move|p1a: Salamence|Outrage|p2a: Sandaconda|[from] lockedmove\n|-damage|p2a: Sandaconda|69/258\n|move|p2a: Sandaconda|Rest|p2a: Sandaconda\n|-status|p2a: Sandaconda|slp|[from] move: Rest\n|-heal|p2a: Sandaconda|258/258 slp|[silent]\n|\n|-activate|p2a: Sandaconda|ability: Shed Skin\n|-curestatus|p2a: Sandaconda|slp|[msg]\n|upkeep\n|turn|9\n|inactive|Time left: 300 sec this turn | 300 sec total\n|\n|t:|1783542605\n|move|p1a: Salamence|Outrage|p2a: Sandaconda|[from] lockedmove\n|-damage|p2a: Sandaconda|161/258\n|-start|p1a: Salamence|confusion|[fatigue]\n|move|p2a: Sandaconda|Stone Edge|p1a: Salamence\n|-supereffective|p1a: Salamence\n|-damage|p1a: Salamence|31/100\n|\n|-heal|p2a: Sandaconda|177/258|[from] item: Leftovers\n|upkeep\n|turn|10\n|inactive|Time left: 300 sec this turn | 300 sec total\n|\n|t:|1783542606\n|switch|p1a: Bronzong|Bronzong, L88|100/100\n|move|p2a: Sandaconda|Coil|p2a: Sandaconda\n|-boost|p2a: Sandaconda|atk|1\n|-boost|p2a: Sandaconda|def|1\n|-boost|p2a: Sandaconda|accuracy|1\n|\n|-heal|p2a: Sandaconda|193/258|[from] item: Leftovers\n|upkeep\n|turn|11\n|inactive|Time left: 300 sec this turn | 300 sec total\n|\n|t:|1783542607\n|move|p2a: Sandaconda|Coil|p2a: Sandaconda\n|-boost|p2a: Sandaconda|atk|1\n|-boost|p2a: Sandaconda|def|1\n|-boost|p2a: Sandaconda|accuracy|1\n|move|p1a: Bronzong|Psychic|p2a: Sandaconda\n|-damage|p2a: Sandaconda|94/258\n|-unboost|p2a: Sandaconda|spd|1\n|\n|-heal|p2a: Sandaconda|110/258|[from] item: Leftovers\n|upkeep\n|turn|12\n|inactive|Time left: 300 sec this turn | 300 sec total\n|\n|t:|1783542607\n|move|p2a: Sandaconda|Rest|p2a: Sandaconda\n|-status|p2a: Sandaconda|slp|[from] move: Rest\n|-heal|p2a: Sandaconda|258/258 slp|[silent]\n|move|p1a: Bronzong|Psychic|p2a: Sandaconda\n|-damage|p2a: Sandaconda|90/258 slp\n|\n|-heal|p2a: Sandaconda|106/258 slp|[from] item: Leftovers\n|upkeep\n|turn|13\n|inactive|Time left: 300 sec this turn | 300 sec total\n|\n|t:|1783542608\n|switch|p2a: Espathra|Espathra, L80, F|283/283\n|move|p1a: Bronzong|Psychic|p2a: Espathra\n|-resisted|p2a: Espathra\n|-damage|p2a: Espathra|223/283\n|\n|upkeep\n|turn|14\n|inactive|Time left: 300 sec this turn | 300 sec total\n|\n|t:|1783542609\n|move|p2a: Espathra|Lumina Crash|p1a: Bronzong\n|-resisted|p1a: Bronzong\n|-damage|p1a: Bronzong|91/100\n|-unboost|p1a: Bronzong|spd|2\n|move|p1a: Bronzong|Stealth Rock|p2a: Espathra\n|-sidestart|p2: p0y30351ec|move: Stealth Rock\n|\n|-heal|p1a: Bronzong|97/100|[from] item: Leftovers\n|-ability|p2a: Espathra|Speed Boost|boost\n|-boost|p2a: Espathra|spe|1\n|upkeep\n|turn|15\n|inactive|Time left: 300 sec this turn | 300 sec total\n|\n|t:|1783542609\n|move|p2a: Espathra|Lumina Crash|p1a: Bronzong\n|-resisted|p1a: Bronzong\n|-damage|p1a: Bronzong|79/100\n|-unboost|p1a: Bronzong|spd|2\n|move|p1a: Bronzong|Iron Head|p2a: Espathra\n|-damage|p2a: Espathra|109/283\n|\n|-heal|p1a: Bronzong|85/100|[from] item: Leftovers\n|-ability|p2a: Espathra|Speed Boost|boost\n|-boost|p2a: Espathra|spe|1\n|upkeep\n|turn|16\n|inactive|Time left: 300 sec this turn | 300 sec total\n|\n|t:|1783542610\n|move|p2a: Espathra|Lumina Crash|p1a: Bronzong\n|-resisted|p1a: Bronzong\n|-damage|p1a: Bronzong|56/100\n|-unboost|p1a: Bronzong|spd|2\n|move|p1a: Bronzong|Iron Head|p2a: Espathra\n|-damage|p2a: Espathra|0 fnt\n|faint|p2a: Espathra\n|\n|-heal|p1a: Bronzong|62/100|[from] item: Leftovers\n|upkeep\n|inactive|Time left: 300 sec this turn | 300 sec total | 5 sec grace\n|\n|t:|1783542611\n|switch|p2a: Pelipper|Pelipper, L86, F|243/243\n|-weather|RainDance|[from] ability: Drizzle|[of] p2a: Pelipper\n|turn|17\n|inactive|Time left: 300 sec this turn | 300 sec total\n|\n|t:|1783542612\n|switch|p1a: Slaking|Slaking, L84, F|100/100\n|move|p2a: Pelipper|Hurricane|p1a: Slaking\n|-damage|p1a: Slaking|59/100\n|-start|p1a: Slaking|confusion\n|\n|-weather|RainDance|[upkeep]\n|upkeep\n|turn|18\n|inactive|Time left: 300 sec this turn | 300 sec total\n|\n|t:|1783542613\n|switch|p2a: Sandaconda|Sandaconda, L84, F|106/258 slp\n|-damage|p2a: Sandaconda|90/258 slp|[from] Stealth Rock\n|-activate|p1a: Slaking|confusion\n|-damage|p1a: Slaking|49/100|[from] confusion\n|\n|-weather|RainDance|[upkeep]\n|-heal|p2a: Sandaconda|106/258 slp|[from] item: Leftovers\n|upkeep\n|turn|19\n|inactive|Time left: 300 sec this turn | 300 sec total\n|\n|t:|1783542614\n|cant|p1a: Slaking|ability: Truant\n|cant|p2a: Sandaconda|slp\n|\n|-weather|RainDance|[upkeep]\n|-activate|p2a: Sandaconda|ability: Shed Skin\n|-curestatus|p2a: Sandaconda|slp|[msg]\n|-heal|p2a: Sandaconda|122/258|[from] item: Leftovers\n|upkeep\n|turn|20\n|inactive|Time left: 300 sec this turn | 300 sec total\n|\n|t:|1783542615\n|-end|p1a: Slaking|confusion\n|move|p1a: Slaking|Giga Impact|p2a: Sandaconda\n|-damage|p2a: Sandaconda|0 fnt\n|-mustrecharge|p1a: Slaking\n|faint|p2a: Sandaconda\n|\n|-weather|RainDance|[upkeep]\n|upkeep\n|inactive|Time left: 300 sec this turn | 300 sec total | 5 sec grace\n|\n|t:|1783542616\n|switch|p2a: Ceruledge|Ceruledge, L78, M|93/245\n|turn|21\n|inactive|Time left: 300 sec this turn | 300 sec total\n|\n|t:|1783542617\n|cant|p1a: Slaking|recharge\n|move|p2a: Ceruledge|Swords Dance|p2a: Ceruledge\n|-boost|p2a: Ceruledge|atk|2\n|\n|-weather|none\n|upkeep\n|turn|22\n|inactive|Time left: 300 sec this turn | 300 sec total\n|\n|t:|1783542618\n|switch|p1a: Salamence|Salamence, L77, F|31/100\n|move|p2a: Ceruledge|Bitter Blade|p1a: Salamence\n|-resisted|p1a: Salamence\n|-damage|p1a: Salamence|0 fnt\n|-heal|p2a: Ceruledge|135/245|[from] drain|[of] p1a: Salamence\n|faint|p1a: Salamence\n|\n|upkeep\n|\n|t:|1783542619\n|switch|p1a: Slaking|Slaking, L84, F|49/100\n|turn|23\n|inactive|Time left: 300 sec this turn | 300 sec total\n|\n|t:|1783542620\n|switch|p2a: Pelipper|Pelipper, L86, F|243/243\n|-weather|RainDance|[from] ability: Drizzle|[of] p2a: Pelipper\n|move|p1a: Slaking|Knock Off|p2a: Pelipper\n|-damage|p2a: Pelipper|151/243\n|-enditem|p2a: Pelipper|Heavy-Duty Boots|[from] move: Knock Off|[of] p1a: Slaking\n|\n|-weather|RainDance|[upkeep]\n|upkeep\n|turn|24\n|inactive|Time left: 300 sec this turn | 300 sec total\n|\n|t:|1783542621\n|switch|p1a: Bronzong|Bronzong, L88|62/100\n|move|p2a: Pelipper|Surf|p1a: Bronzong\n|-damage|p1a: Bronzong|15/100\n|\n|-weather|RainDance|[upkeep]\n|-heal|p1a: Bronzong|21/100|[from] item: Leftovers\n|upkeep\n|turn|25\n|inactive|Time left: 300 sec this turn | 300 sec total\n|\n|t:|1783542622\n|move|p2a: Pelipper|Surf|p1a: Bronzong\n|-damage|p1a: Bronzong|0 fnt\n|faint|p1a: Bronzong\n|\n|-weather|RainDance|[upkeep]\n|upkeep\n|\n|t:|1783542623\n|switch|p1a: Slaking|Slaking, L84, F|49/100\n|turn|26\n|inactive|Time left: 300 sec this turn | 300 sec total\n|\n|t:|1783542624\n|switch|p2a: Ceruledge|Ceruledge, L78, M|135/245\n|move|p1a: Slaking|Giga Impact|p2a: Ceruledge\n|-immune|p2a: Ceruledge\n|\n|-weather|RainDance|[upkeep]\n|upkeep\n|turn|27\n|inactive|Time left: 300 sec this turn | 300 sec total\n|\n|t:|1783542625\n|switch|p1a: Klefki|Klefki, L84, F|100/100\n|move|p2a: Ceruledge|Swords Dance|p2a: Ceruledge\n|-boost|p2a: Ceruledge|atk|2\n|\n|-weather|none\n|upkeep\n|turn|28\n|inactive|Time left: 300 sec this turn | 300 sec total\n|\n|t:|1783542626\n|switch|p1a: Slaking|Slaking, L84, F|49/100\n|move|p2a: Ceruledge|Bitter Blade|p1a: Slaking\n|-damage|p1a: Slaking|3/100\n|-heal|p2a: Ceruledge|226/245|[from] drain|[of] p1a: Slaking\n|\n|upkeep\n|turn|29\n|inactive|Time left: 300 sec this turn | 300 sec total\n|\n|t:|1783542627\n|switch|p2a: Pelipper|Pelipper, L86, F|151/243\n|-damage|p2a: Pelipper|91/243|[from] Stealth Rock\n|-weather|RainDance|[from] ability: Drizzle|[of] p2a: Pelipper\n|move|p1a: Slaking|Earthquake|p2a: Pelipper\n|-immune|p2a: Pelipper\n|\n|-weather|RainDance|[upkeep]\n|upkeep\n|turn|30\n|inactive|Time left: 300 sec this turn | 300 sec total\n|\n|t:|1783542629\n|switch|p1a: Klefki|Klefki, L84, F|100/100\n|move|p2a: Pelipper|Surf|p1a: Klefki\n|-damage|p1a: Klefki|34/100\n|\n|-weather|RainDance|[upkeep]\n|-heal|p1a: Klefki|40/100|[from] item: Leftovers\n|upkeep\n|turn|31\n|inactive|Time left: 300 sec this turn | 300 sec total\n|\n|t:|1783542630\n|move|p1a: Klefki|Play Rough|p2a: Pelipper\n|-damage|p2a: Pelipper|18/243\n|move|p2a: Pelipper|Surf|p1a: Klefki\n|-damage|p1a: Klefki|0 fnt\n|faint|p1a: Klefki\n|\n|-weather|RainDance|[upkeep]\n|upkeep\n|\n|t:|1783542631\n|switch|p1a: Slaking|Slaking, L84, F|3/100\n|turn|32\n|inactive|Time left: 300 sec this turn | 300 sec total\n|\n|t:|1783542632\n|move|p1a: Slaking|Giga Impact|p2a: Pelipper\n|-damage|p2a: Pelipper|0 fnt\n|-mustrecharge|p1a: Slaking\n|faint|p2a: Pelipper\n|\n|-weather|RainDance|[upkeep]\n|upkeep\n|inactive|Time left: 300 sec this turn | 300 sec total | 5 sec grace\n|\n|t:|1783542632\n|switch|p2a: Ceruledge|Ceruledge, L78, M|226/245\n|turn|33\n|inactive|Time left: 300 sec this turn | 300 sec total\n|\n|t:|1783542633\n|cant|p1a: Slaking|recharge\n|move|p2a: Ceruledge|Close Combat|p1a: Slaking\n|-supereffective|p1a: Slaking\n|-damage|p1a: Slaking|0 fnt\n|-unboost|p2a: Ceruledge|def|1\n|-unboost|p2a: Ceruledge|spd|1\n|faint|p1a: Slaking\n|\n|win|p0y30351ec", "uploadtime": 1783542633, "views": 0, "rating": 0, "private": 0, "password": null, "_winner": "p0y30351ec", "_our_name": "p0y30351ec"}