{"id": "battle-gen9randombattle-1393", "formatid": "gen9randombattle", "format": "[Gen 9] Random Battle", "players": ["p0x139363fd", "p0y139325f1"], "log": "|init|battle\n|title|p0x139363fd vs. p0y139325f1\n|j|\u2606p0x139363fd\n|j|\u2606p0y139325f1\n|t:|1783556194\n|gametype|singles\n|player|p1|p0x139363fd|101|\n|player|p2|p0y139325f1|169|\n|gen|9\n|tier|[Gen 9] Random Battle\n|rule|Species Clause: Limit one of each Pok\u00e9mon\n|rule|HP Percentage Mod: HP is shown in percentages\n|rule|Sleep Clause Mod: Limit one foe put to sleep\n|rule|Illusion Level Mod: Illusion disguises the Pok\u00e9mon's true level\n|\n|t:|1783556194\n|teamsize|p1|6\n|teamsize|p2|6\n|start\n|switch|p1a: Chien-Pao|Chien-Pao, L72|100/100\n|switch|p2a: Gengar|Gengar, L81, F|230/230\n|-ability|p1a: Chien-Pao|Sword of Ruin\n|turn|1\n|inactive|Battle timer is ON: inactive players will automatically lose when time's up. (requested by p0y139325f1)\n|inactive|p0x139363fd also wants the timer to be on.\n|\n|t:|1783556196\n|switch|p2a: Krookodile|Krookodile, L79, M|280/280\n|-ability|p2a: Krookodile|Intimidate|boost\n|-unboost|p1a: Chien-Pao|atk|1\n|move|p1a: Chien-Pao|Crunch|p2a: Krookodile\n|-resisted|p2a: Krookodile\n|-damage|p2a: Krookodile|223/280\n|\n|-heal|p2a: Krookodile|240/280|[from] item: Leftovers\n|upkeep\n|turn|2\n|inactive|Time left: 300 sec this turn | 300 sec total\n|\n|t:|1783556197\n|move|p1a: Chien-Pao|Crunch|p2a: Krookodile\n|-resisted|p2a: Krookodile\n|-damage|p2a: Krookodile|184/280\n|move|p2a: Krookodile|Knock Off|p1a: Chien-Pao\n|-resisted|p1a: Chien-Pao\n|-damage|p1a: Chien-Pao|75/100\n|-enditem|p1a: Chien-Pao|Choice Band|[from] move: Knock Off|[of] p2a: Krookodile\n|\n|-heal|p2a: Krookodile|201/280|[from] item: Leftovers\n|upkeep\n|turn|3\n|inactive|Time left: 300 sec this turn | 300 sec total\n|\n|t:|1783556198\n|move|p1a: Chien-Pao|Icicle Crash|p2a: Krookodile\n|-supereffective|p2a: Krookodile\n|-damage|p2a: Krookodile|55/280\n|move|p2a: Krookodile|Earthquake|p1a: Chien-Pao\n|-damage|p1a: Chien-Pao|13/100\n|\n|-heal|p2a: Krookodile|72/280|[from] item: Leftovers\n|upkeep\n|turn|4\n|inactive|Time left: 300 sec this turn | 300 sec total\n|\n|t:|1783556199\n|switch|p2a: Carbink|Carbink, L90|236/236\n|move|p1a: Chien-Pao|Icicle Crash|p2a: Carbink\n|-damage|p2a: Carbink|194/236\n|\n|upkeep\n|turn|5\n|inactive|Time left: 300 sec this turn | 300 sec total\n|\n|t:|1783556200\n|move|p1a: Chien-Pao|Icicle Crash|p2a: Carbink\n|-damage|p2a: Carbink|149/236\n|move|p2a: Carbink|Moonblast|p1a: Chien-Pao\n|-supereffective|p1a: Chien-Pao\n|-damage|p1a: Chien-Pao|0 fnt\n|faint|p1a: Chien-Pao\n|\n|upkeep\n|\n|t:|1783556201\n|switch|p1a: Lilligant|Lilligant, L86, F|100/100\n|turn|6\n|inactive|Time left: 300 sec this turn | 300 sec total\n|\n|t:|1783556203\n|move|p1a: Lilligant|Quiver Dance|p1a: Lilligant\n|-boost|p1a: Lilligant|spa|1\n|-boost|p1a: Lilligant|spd|1\n|-boost|p1a: Lilligant|spe|1\n|move|p2a: Carbink|Body Press|p1a: Lilligant\n|-damage|p1a: Lilligant|64/100\n|\n|upkeep\n|turn|7\n|inactive|Time left: 300 sec this turn | 300 sec total\n|\n|t:|1783556203\n|switch|p2a: Noivern|Noivern, L82, M|274/274\n|move|p1a: Lilligant|Petal Dance|p2a: Noivern\n|-resisted|p2a: Noivern\n|-damage|p2a: Noivern|196/274\n|-damage|p1a: Lilligant|54/100|[from] item: Life Orb\n|\n|upkeep\n|turn|8\n|inactive|Time left: 300 sec this turn | 300 sec total\n|\n|t:|1783556204\n|move|p1a: Lilligant|Petal Dance|p2a: Noivern|[from] lockedmove\n|-resisted|p2a: Noivern\n|-damage|p2a: Noivern|113/274\n|-damage|p1a: Lilligant|44/100|[from] item: Life Orb\n|move|p2a: Noivern|Hurricane|p1a: Lilligant\n|-supereffective|p1a: Lilligant\n|-damage|p1a: Lilligant|0 fnt\n|faint|p1a: Lilligant\n|\n|upkeep\n|\n|t:|1783556205\n|switch|p1a: Excadrill|Excadrill, L79, M|100/100\n|-ability|p1a: Excadrill|Mold Breaker\n|turn|9\n|inactive|Time left: 300 sec this turn | 300 sec total\n|\n|t:|1783556206\n|move|p2a: Noivern|Hurricane|p1a: Excadrill\n|-resisted|p1a: Excadrill\n|-damage|p1a: Excadrill|74/100\n|move|p1a: Excadrill|Earthquake|p2a: Noivern\n|-immune|p2a: Noivern\n|\n|upkeep\n|turn|10\n|inactive|Time left: 300 sec this turn | 300 sec total\n|\n|t:|1783556207\n|move|p2a: Noivern|Hurricane|p1a: Excadrill\n|-resisted|p1a: Excadrill\n|-damage|p1a: Excadrill|52/100\n|move|p1a: Excadrill|Iron Head|p2a: Noivern\n|-damage|p2a: Noivern|5/274\n|\n|upkeep\n|turn|11\n|inactive|Time left: 300 sec this turn | 300 sec total\n|\n|t:|1783556208\n|move|p2a: Noivern|Hurricane|p1a: Excadrill\n|-resisted|p1a: Excadrill\n|-damage|p1a: Excadrill|29/100\n|move|p1a: Excadrill|Rapid Spin|p2a: Noivern\n|-damage|p2a: Noivern|0 fnt\n|-boost|p1a: Excadrill|spe|1\n|faint|p2a: Noivern\n|\n|upkeep\n|inactive|Time left: 300 sec this turn | 300 sec total | 5 sec grace\n|\n|t:|1783556209\n|switch|p2a: Wigglytuff|Wigglytuff, L96, M|424/424\n|turn|12\n|inactive|Time left: 300 sec this turn | 300 sec total\n|\n|t:|1783556210\n|move|p1a: Excadrill|Iron Head|p2a: Wigglytuff\n|-supereffective|p2a: Wigglytuff\n|-damage|p2a: Wigglytuff|142/424\n|move|p2a: Wigglytuff|Knock Off|p1a: Excadrill\n|-damage|p1a: Excadrill|0 fnt\n|-enditem|p1a: Excadrill|Assault Vest|[from] move: Knock Off|[of] p2a: Wigglytuff\n|faint|p1a: Excadrill\n|\n|-heal|p2a: Wigglytuff|168/424|[from] item: Leftovers\n|upkeep\n|\n|t:|1783556211\n|switch|p1a: Duraludon|Duraludon, L82, M|100/100\n|turn|13\n|inactive|Time left: 300 sec this turn | 300 sec total\n|\n|t:|1783556212\n|switch|p2a: Lucario|Lucario, L84, M|255/255\n|move|p1a: Duraludon|Flash Cannon|p2a: Lucario\n|-resisted|p2a: Lucario\n|-damage|p2a: Lucario|198/255\n|\n|upkeep\n|turn|14\n|inactive|Time left: 300 sec this turn | 300 sec total\n|\n|t:|1783556213\n|-terastallize|p1a: Duraludon|Fighting\n|move|p2a: Lucario|Aura Sphere|p1a: Duraludon\n|-damage|p1a: Duraludon|50/100\n|-damage|p2a: Lucario|173/255|[from] item: Life Orb\n|move|p1a: Duraludon|Body Press|p2a: Lucario\n|-supereffective|p2a: Lucario\n|-damage|p2a: Lucario|0 fnt\n|faint|p2a: Lucario\n|\n|upkeep\n|inactive|Time left: 300 sec this turn | 300 sec total | 5 sec grace\n|\n|t:|1783556214\n|switch|p2a: Gengar|Gengar, L81, F|230/230\n|turn|15\n|inactive|Time left: 300 sec this turn | 300 sec total\n|\n|t:|1783556215\n|switch|p1a: Bombirdier|Bombirdier, L85, F|100/100\n|move|p2a: Gengar|Sludge Wave|p1a: Bombirdier\n|-damage|p1a: Bombirdier|38/100\n|-damage|p2a: Gengar|207/230|[from] item: Life Orb\n|\n|upkeep\n|turn|16\n|inactive|Time left: 300 sec this turn | 300 sec total\n|\n|t:|1783556216\n|switch|p1a: Slowbro|Slowbro, L85, F|100/100\n|move|p2a: Gengar|Sludge Wave|p1a: Slowbro\n|-damage|p1a: Slowbro|42/100\n|-damage|p2a: Gengar|184/230|[from] item: Life Orb\n|\n|-heal|p1a: Slowbro|48/100|[from] item: Leftovers\n|upkeep\n|turn|17\n|inactive|Time left: 300 sec this turn | 300 sec total\n|\n|t:|1783556217\n|switch|p1a: Bombirdier|Bombirdier, L85, F|38/100\n|move|p2a: Gengar|Sludge Wave|p1a: Bombirdier\n|-damage|p1a: Bombirdier|0 fnt\n|faint|p1a: Bombirdier\n|-damage|p2a: Gengar|161/230|[from] item: Life Orb\n|\n|upkeep\n|\n|t:|1783556217\n|switch|p1a: Slowbro|Slowbro, L85, F|81/100\n|turn|18\n|inactive|Time left: 300 sec this turn | 300 sec total\n|\n|t:|1783556218\n|switch|p1a: Duraludon|Duraludon, L82, M, tera:Fighting|50/100\n|-terastallize|p2a: Gengar|Ghost\n|move|p2a: Gengar|Shadow Ball|p1a: Duraludon\n|-damage|p1a: Duraludon|0 fnt\n|faint|p1a: Duraludon\n|-damage|p2a: Gengar|138/230|[from] item: Life Orb\n|\n|upkeep\n|\n|t:|1783556219\n|switch|p1a: Slowbro|Slowbro, L85, F|100/100\n|turn|19\n|inactive|Time left: 300 sec this turn | 300 sec total\n|\n|t:|1783556220\n|move|p2a: Gengar|Shadow Ball|p1a: Slowbro\n|-supereffective|p1a: Slowbro\n|-damage|p1a: Slowbro|0 fnt\n|faint|p1a: Slowbro\n|-damage|p2a: Gengar|115/230|[from] item: Life Orb\n|\n|win|p0y139325f1", "uploadtime": 1783556220, "views": 0, "rating": 0, "private": 0, "password": null, "_winner": "p0y139325f1", "_our_name": "p0y139325f1"}