{"id": "battle-gen9randombattle-128", "formatid": "gen9randombattle", "format": "[Gen 9] Random Battle", "players": ["p0x128be93", "p0y128d538"], "log": "|init|battle\n|title|p0x128be93 vs. p0y128d538\n|j|\u2606p0x128be93\n|j|\u2606p0y128d538\n|t:|1783535221\n|gametype|singles\n|player|p1|p0x128be93|170|\n|player|p2|p0y128d538|170|\n|gen|9\n|tier|[Gen 9] Random Battle\n|rule|Species Clause: Limit one of each Pok\u00e9mon\n|rule|HP Percentage Mod: HP is shown in percentages\n|rule|Sleep Clause Mod: Limit one foe put to sleep\n|rule|Illusion Level Mod: Illusion disguises the Pok\u00e9mon's true level\n|\n|t:|1783535221\n|teamsize|p1|6\n|teamsize|p2|6\n|start\n|switch|p1a: Cinderace|Cinderace, L77, M|249/249\n|switch|p2a: Flygon|Flygon, L82, M|100/100\n|turn|1\n|inactive|Battle timer is ON: inactive players will automatically lose when time's up. (requested by p0x128be93)\n|inactive|p0y128d538 also wants the timer to be on.\n|\n|t:|1783535222\n|move|p2a: Flygon|Earthquake|p1a: Cinderace\n|-supereffective|p1a: Cinderace\n|-damage|p1a: Cinderace|0 fnt\n|faint|p1a: Cinderace\n|\n|upkeep\n|inactive|Time left: 300 sec this turn | 300 sec total | 65 sec grace\n|\n|t:|1783535224\n|switch|p1a: Manaphy|Manaphy, L78|284/284\n|turn|2\n|inactive|Time left: 300 sec this turn | 300 sec total\n|\n|t:|1783535225\n|switch|p2a: Toxtricity|Toxtricity, L82, F|100/100\n|move|p1a: Manaphy|Tail Glow|p1a: Manaphy\n|-boost|p1a: Manaphy|spa|3\n|\n|upkeep\n|turn|3\n|inactive|Time left: 300 sec this turn | 300 sec total\n|\n|t:|1783535226\n|move|p2a: Toxtricity|Overdrive|p1a: Manaphy\n|-supereffective|p1a: Manaphy\n|-damage|p1a: Manaphy|54/284\n|move|p1a: Manaphy|Surf|p2a: Toxtricity\n|-damage|p2a: Toxtricity|0 fnt\n|faint|p2a: Toxtricity\n|\n|-heal|p1a: Manaphy|71/284|[from] item: Leftovers\n|upkeep\n|\n|t:|1783535227\n|switch|p2a: Flygon|Flygon, L82, M|100/100\n|turn|4\n|inactive|Time left: 300 sec this turn | 300 sec total\n|\n|t:|1783535228\n|switch|p1a: Gurdurr|Gurdurr, L85, F|283/283\n|move|p2a: Flygon|Outrage|p1a: Gurdurr\n|-damage|p1a: Gurdurr|207/283\n|\n|upkeep\n|turn|5\n|inactive|Time left: 300 sec this turn | 300 sec total\n|\n|t:|1783535229\n|move|p2a: Flygon|Outrage|p1a: Gurdurr|[from] lockedmove\n|-damage|p1a: Gurdurr|125/283\n|move|p1a: Gurdurr|Bulk Up|p1a: Gurdurr\n|-boost|p1a: Gurdurr|atk|1\n|-boost|p1a: Gurdurr|def|1\n|\n|upkeep\n|turn|6\n|inactive|Time left: 300 sec this turn | 300 sec total\n|\n|t:|1783535230\n|move|p2a: Flygon|Outrage|p1a: Gurdurr|[from] lockedmove\n|-damage|p1a: Gurdurr|65/283\n|-start|p2a: Flygon|confusion|[fatigue]\n|move|p1a: Gurdurr|Drain Punch|p2a: Flygon\n|-damage|p2a: Flygon|46/100\n|-heal|p1a: Gurdurr|137/283|[from] drain|[of] p2a: Flygon\n|\n|upkeep\n|turn|7\n|inactive|Time left: 300 sec this turn | 300 sec total\n|\n|t:|1783535231\n|switch|p2a: Amoonguss|Amoonguss, L82, F|100/100\n|move|p1a: Gurdurr|Knock Off|p2a: Amoonguss\n|-damage|p2a: Amoonguss|57/100\n|-damage|p1a: Gurdurr|90/283|[from] item: Rocky Helmet|[of] p2a: Amoonguss\n|-enditem|p2a: Amoonguss|Rocky Helmet|[from] move: Knock Off|[of] p1a: Gurdurr\n|\n|upkeep\n|turn|8\n|inactive|Time left: 300 sec this turn | 300 sec total\n|\n|t:|1783535232\n|move|p1a: Gurdurr|Drain Punch|p2a: Amoonguss\n|-resisted|p2a: Amoonguss\n|-damage|p2a: Amoonguss|30/100\n|-heal|p1a: Gurdurr|133/283|[from] drain|[of] p2a: Amoonguss\n|move|p2a: Amoonguss|Spore|p1a: Gurdurr\n|-status|p1a: Gurdurr|slp|[from] move: Spore\n|\n|upkeep\n|turn|9\n|inactive|Time left: 300 sec this turn | 300 sec total\n|\n|t:|1783535233\n|cant|p1a: Gurdurr|slp\n|move|p2a: Amoonguss|Sludge Bomb|p1a: Gurdurr\n|-damage|p1a: Gurdurr|52/283 slp\n|\n|upkeep\n|turn|10\n|inactive|Time left: 300 sec this turn | 300 sec total\n|\n|t:|1783535234\n|switch|p2a: Iron Hands|Iron Hands, L79|100/100\n|cant|p1a: Gurdurr|slp\n|\n|upkeep\n|turn|11\n|inactive|Time left: 300 sec this turn | 300 sec total\n|\n|t:|1783535235\n|move|p2a: Iron Hands|Swords Dance|p2a: Iron Hands\n|-boost|p2a: Iron Hands|atk|2\n|cant|p1a: Gurdurr|slp\n|\n|upkeep\n|turn|12\n|inactive|Time left: 300 sec this turn | 300 sec total\n|\n|t:|1783535236\n|-curestatus|p1a: Gurdurr|slp|[msg]\n|move|p1a: Gurdurr|Mach Punch|p2a: Iron Hands\n|-damage|p2a: Iron Hands|84/100\n|move|p2a: Iron Hands|Drain Punch|p1a: Gurdurr\n|-damage|p1a: Gurdurr|0 fnt\n|-heal|p2a: Iron Hands|91/100|[from] drain|[of] p1a: Gurdurr\n|faint|p1a: Gurdurr\n|\n|-heal|p2a: Iron Hands|97/100|[from] item: Leftovers\n|upkeep\n|inactive|Time left: 300 sec this turn | 300 sec total | 5 sec grace\n|\n|t:|1783535237\n|switch|p1a: Rhyperior|Rhyperior, L82, M|323/323\n|turn|13\n|inactive|Time left: 300 sec this turn | 300 sec total\n|\n|t:|1783535238\n|move|p2a: Iron Hands|Drain Punch|p1a: Rhyperior\n|-supereffective|p1a: Rhyperior\n|-damage|p1a: Rhyperior|106/323\n|-heal|p2a: Iron Hands|100/100|[from] drain|[of] p1a: Rhyperior\n|move|p1a: Rhyperior|Earthquake|p2a: Iron Hands\n|-supereffective|p2a: Iron Hands\n|-damage|p2a: Iron Hands|10/100\n|\n|-heal|p2a: Iron Hands|17/100|[from] item: Leftovers\n|upkeep\n|turn|14\n|inactive|Time left: 300 sec this turn | 300 sec total\n|\n|t:|1783535240\n|switch|p1a: Manaphy|Manaphy, L78|71/284\n|move|p2a: Iron Hands|Drain Punch|p1a: Manaphy\n|-damage|p1a: Manaphy|0 fnt\n|-heal|p2a: Iron Hands|26/100|[from] drain|[of] p1a: Manaphy\n|faint|p1a: Manaphy\n|\n|-heal|p2a: Iron Hands|32/100|[from] item: Leftovers\n|upkeep\n|inactive|Time left: 300 sec this turn | 300 sec total | 5 sec grace\n|\n|t:|1783535241\n|switch|p1a: Krookodile|Krookodile, L79, M|280/280\n|-ability|p1a: Krookodile|Intimidate|boost\n|-unboost|p2a: Iron Hands|atk|1\n|turn|15\n|inactive|Time left: 300 sec this turn | 300 sec total\n|\n|t:|1783535242\n|-end|p2a: Iron Hands|Quark Drive|[silent]\n|switch|p2a: Flygon|Flygon, L82, M|46/100\n|move|p1a: Krookodile|Earthquake|p2a: Flygon\n|-immune|p2a: Flygon|[from] ability: Levitate\n|\n|upkeep\n|turn|16\n|inactive|Time left: 300 sec this turn | 300 sec total\n|\n|t:|1783535243\n|move|p2a: Flygon|Outrage|p1a: Krookodile\n|-damage|p1a: Krookodile|150/280\n|move|p1a: Krookodile|Knock Off|p2a: Flygon\n|-damage|p2a: Flygon|0 fnt\n|-enditem|p2a: Flygon|Choice Scarf|[from] move: Knock Off|[of] p1a: Krookodile\n|faint|p2a: Flygon\n|-damage|p1a: Krookodile|122/280|[from] item: Life Orb\n|\n|upkeep\n|\n|t:|1783535244\n|switch|p2a: Deoxys|Deoxys-Attack, L72|100/100\n|-ability|p2a: Deoxys|Pressure\n|turn|17\n|inactive|Time left: 300 sec this turn | 300 sec total\n|\n|t:|1783535245\n|move|p2a: Deoxys|Ice Beam|p1a: Krookodile\n|-supereffective|p1a: Krookodile\n|-damage|p1a: Krookodile|0 fnt\n|faint|p1a: Krookodile\n|-damage|p2a: Deoxys|91/100|[from] item: Life Orb\n|\n|upkeep\n|inactive|Time left: 300 sec this turn | 300 sec total | 5 sec grace\n|\n|t:|1783535246\n|switch|p1a: Magnezone|Magnezone, L85|258/258\n|turn|18\n|inactive|Time left: 300 sec this turn | 300 sec total\n|\n|t:|1783535247\n|-terastallize|p2a: Deoxys|Fighting\n|move|p2a: Deoxys|Superpower|p1a: Magnezone\n|-supereffective|p1a: Magnezone\n|-damage|p1a: Magnezone|0 fnt\n|-unboost|p2a: Deoxys|atk|1\n|-unboost|p2a: Deoxys|def|1\n|faint|p1a: Magnezone\n|-damage|p2a: Deoxys|81/100|[from] item: Life Orb\n|\n|upkeep\n|inactive|Time left: 300 sec this turn | 300 sec total | 5 sec grace\n|\n|t:|1783535248\n|switch|p1a: Rhyperior|Rhyperior, L82, M|106/323\n|turn|19\n|inactive|Time left: 300 sec this turn | 300 sec total\n|\n|t:|1783535249\n|-terastallize|p1a: Rhyperior|Grass\n|move|p2a: Deoxys|Ice Beam|p1a: Rhyperior\n|-supereffective|p1a: Rhyperior\n|-damage|p1a: Rhyperior|0 fnt\n|faint|p1a: Rhyperior\n|-damage|p2a: Deoxys|71/100|[from] item: Life Orb\n|\n|win|p0y128d538", "uploadtime": 1783535249, "views": 0, "rating": 0, "private": 0, "password": null, "_winner": "p0y128d538", "_our_name": "p0x128be93"}