{"id": "battle-gen9randombattle-2299", "formatid": "gen9randombattle", "format": "[Gen 9] Random Battle", "players": ["p0x2299575e", "p0y2299994d"], "log": "|init|battle\n|title|p0x2299575e vs. p0y2299994d\n|j|\u2606p0x2299575e\n|j|\u2606p0y2299994d\n|t:|1783565685\n|gametype|singles\n|player|p1|p0x2299575e|266|\n|player|p2|p0y2299994d|265|\n|gen|9\n|tier|[Gen 9] Random Battle\n|rule|Species Clause: Limit one of each Pok\u00e9mon\n|rule|HP Percentage Mod: HP is shown in percentages\n|rule|Sleep Clause Mod: Limit one foe put to sleep\n|rule|Illusion Level Mod: Illusion disguises the Pok\u00e9mon's true level\n|\n|t:|1783565685\n|teamsize|p1|6\n|teamsize|p2|6\n|start\n|switch|p1a: Dedenne|Dedenne, L88, F|261/261\n|switch|p2a: Volcanion|Volcanion, L79|100/100\n|turn|1\n|inactive|Battle timer is ON: inactive players will automatically lose when time's up. (requested by p0y2299994d)\n|inactive|Time left: 300 sec this turn | 300 sec total | 60 sec grace\n|inactive|p0x2299575e also wants the timer to be on.\n|\n|t:|1783565687\n|move|p2a: Volcanion|Flamethrower|p1a: Dedenne\n|-damage|p1a: Dedenne|131/261\n|move|p1a: Dedenne|Thunderbolt|p2a: Volcanion\n|-supereffective|p2a: Volcanion\n|-damage|p2a: Volcanion|23/100\n|\n|upkeep\n|turn|2\n|inactive|Time left: 300 sec this turn | 300 sec total\n|\n|t:|1783565688\n|move|p2a: Volcanion|Flamethrower|p1a: Dedenne\n|-damage|p1a: Dedenne|0 fnt\n|faint|p1a: Dedenne\n|\n|upkeep\n|inactive|Time left: 300 sec this turn | 300 sec total | 5 sec grace\n|\n|t:|1783565689\n|switch|p1a: Baxcalibur|Baxcalibur, L75, F|295/295\n|turn|3\n|inactive|Time left: 300 sec this turn | 300 sec total\n|\n|t:|1783565690\n|move|p2a: Volcanion|Flamethrower|p1a: Baxcalibur\n|-damage|p1a: Baxcalibur|180/295\n|-ability|p1a: Baxcalibur|Thermal Exchange|boost\n|-boost|p1a: Baxcalibur|atk|1\n|move|p1a: Baxcalibur|Swords Dance|p1a: Baxcalibur\n|-boost|p1a: Baxcalibur|atk|2\n|\n|upkeep\n|turn|4\n|inactive|Time left: 300 sec this turn | 300 sec total\n|\n|t:|1783565691\n|move|p2a: Volcanion|Flamethrower|p1a: Baxcalibur\n|-damage|p1a: Baxcalibur|59/295\n|-ability|p1a: Baxcalibur|Thermal Exchange|boost\n|-boost|p1a: Baxcalibur|atk|1\n|move|p1a: Baxcalibur|Scale Shot|p2a: Volcanion\n|-damage|p2a: Volcanion|0 fnt\n|faint|p2a: Volcanion\n|-hitcount|p2: Volcanion|1\n|-unboost|p1a: Baxcalibur|def|1\n|-boost|p1a: Baxcalibur|spe|1\n|\n|upkeep\n|\n|t:|1783565692\n|switch|p2a: Chi-Yu|Chi-Yu, L77|100/100\n|-ability|p2a: Chi-Yu|Beads of Ruin\n|turn|5\n|inactive|Time left: 300 sec this turn | 300 sec total\n|\n|t:|1783565694\n|move|p2a: Chi-Yu|Dark Pulse|p1a: Baxcalibur\n|-damage|p1a: Baxcalibur|0 fnt\n|faint|p1a: Baxcalibur\n|\n|upkeep\n|inactive|Time left: 300 sec this turn | 300 sec total | 5 sec grace\n|\n|t:|1783565694\n|switch|p1a: Frosmoth|Frosmoth, L82, M|249/249\n|turn|6\n|inactive|Time left: 300 sec this turn | 300 sec total\n|\n|t:|1783565695\n|switch|p2a: Scrafty|Scrafty, L83, F|100/100\n|-ability|p2a: Scrafty|Intimidate|boost\n|-unboost|p1a: Frosmoth|atk|1\n|move|p1a: Frosmoth|Quiver Dance|p1a: Frosmoth\n|-boost|p1a: Frosmoth|spa|1\n|-boost|p1a: Frosmoth|spd|1\n|-boost|p1a: Frosmoth|spe|1\n|\n|upkeep\n|turn|7\n|inactive|Time left: 300 sec this turn | 300 sec total\n|\n|t:|1783565696\n|move|p1a: Frosmoth|Ice Beam|p2a: Scrafty\n|-damage|p2a: Scrafty|44/100\n|move|p2a: Scrafty|Knock Off|p1a: Frosmoth\n|-damage|p1a: Frosmoth|128/249\n|-enditem|p1a: Frosmoth|Heavy-Duty Boots|[from] move: Knock Off|[of] p2a: Scrafty\n|\n|-heal|p2a: Scrafty|50/100|[from] item: Leftovers\n|upkeep\n|turn|8\n|inactive|Time left: 300 sec this turn | 300 sec total\n|\n|t:|1783565697\n|switch|p2a: Hatterene|Hatterene, L85, F|100/100\n|move|p1a: Frosmoth|Ice Beam|p2a: Hatterene\n|-damage|p2a: Hatterene|63/100\n|\n|upkeep\n|turn|9\n|inactive|Time left: 300 sec this turn | 300 sec total\n|\n|t:|1783565698\n|move|p1a: Frosmoth|Quiver Dance|p1a: Frosmoth\n|-boost|p1a: Frosmoth|spa|1\n|-boost|p1a: Frosmoth|spd|1\n|-boost|p1a: Frosmoth|spe|1\n|move|p2a: Hatterene|Mystical Fire|p1a: Frosmoth\n|-supereffective|p1a: Frosmoth\n|-crit|p1a: Frosmoth\n|-damage|p1a: Frosmoth|0 fnt\n|faint|p1a: Frosmoth\n|\n|upkeep\n|inactive|Time left: 300 sec this turn | 300 sec total | 5 sec grace\n|\n|t:|1783565699\n|switch|p1a: Regirock|Regirock, L83|268/268\n|turn|10\n|inactive|Time left: 300 sec this turn | 300 sec total\n|\n|t:|1783565699\n|move|p1a: Regirock|Stone Edge|p2a: Hatterene|[miss]\n|-miss|p1a: Regirock|p2a: Hatterene\n|move|p2a: Hatterene|Draining Kiss|p1a: Regirock\n|-damage|p1a: Regirock|199/268\n|-heal|p2a: Hatterene|85/100|[from] drain|[of] p1a: Regirock\n|\n|upkeep\n|turn|11\n|inactive|Time left: 300 sec this turn | 300 sec total\n|\n|t:|1783565700\n|move|p1a: Regirock|Stone Edge|p2a: Hatterene\n|-damage|p2a: Hatterene|43/100\n|move|p2a: Hatterene|Psychic|p1a: Regirock\n|-damage|p1a: Regirock|76/268\n|\n|upkeep\n|turn|12\n|inactive|Time left: 300 sec this turn | 300 sec total\n|\n|t:|1783565701\n|move|p1a: Regirock|Stone Edge|p2a: Hatterene\n|-crit|p2a: Hatterene\n|-damage|p2a: Hatterene|0 fnt\n|faint|p2a: Hatterene\n|\n|upkeep\n|\n|t:|1783565702\n|switch|p2a: Chi-Yu|Chi-Yu, L77|100/100\n|-ability|p2a: Chi-Yu|Beads of Ruin\n|turn|13\n|inactive|Time left: 300 sec this turn | 300 sec total\n|\n|t:|1783565703\n|switch|p1a: Darkrai|Darkrai, L77|234/234\n|move|p2a: Chi-Yu|Psychic|p1a: Darkrai\n|-immune|p1a: Darkrai\n|\n|upkeep\n|turn|14\n|inactive|Time left: 300 sec this turn | 300 sec total\n|\n|t:|1783565704\n|switch|p2a: Scrafty|Scrafty, L83, F|50/100\n|-ability|p2a: Scrafty|Intimidate|boost\n|-unboost|p1a: Darkrai|atk|1\n|move|p1a: Darkrai|Nasty Plot|p1a: Darkrai\n|-boost|p1a: Darkrai|spa|2\n|\n|-heal|p2a: Scrafty|56/100|[from] item: Leftovers\n|upkeep\n|turn|15\n|inactive|Time left: 300 sec this turn | 300 sec total\n|\n|t:|1783565705\n|-terastallize|p1a: Darkrai|Poison\n|move|p1a: Darkrai|Sludge Bomb|p2a: Scrafty\n|-damage|p2a: Scrafty|0 fnt\n|faint|p2a: Scrafty\n|\n|upkeep\n|\n|t:|1783565706\n|switch|p2a: Chi-Yu|Chi-Yu, L77|100/100\n|-ability|p2a: Chi-Yu|Beads of Ruin\n|turn|16\n|inactive|Time left: 300 sec this turn | 300 sec total\n|\n|t:|1783565707\n|move|p2a: Chi-Yu|Dark Pulse|p1a: Darkrai\n|-damage|p1a: Darkrai|104/234\n|cant|p1a: Darkrai|flinch\n|\n|-heal|p1a: Darkrai|118/234|[from] item: Leftovers\n|upkeep\n|turn|17\n|inactive|Time left: 300 sec this turn | 300 sec total\n|\n|t:|1783565708\n|switch|p1a: Regirock|Regirock, L83|76/268\n|move|p2a: Chi-Yu|Dark Pulse|p1a: Regirock\n|-damage|p1a: Regirock|0 fnt\n|faint|p1a: Regirock\n|\n|upkeep\n|inactive|Time left: 300 sec this turn | 300 sec total | 5 sec grace\n|\n|t:|1783565709\n|switch|p1a: Noivern|Noivern, L82, M|274/274\n|turn|18\n|inactive|Time left: 300 sec this turn | 300 sec total\n|\n|t:|1783565710\n|move|p2a: Chi-Yu|Dark Pulse|p1a: Noivern\n|-damage|p1a: Noivern|132/274\n|move|p1a: Noivern|Roost|p1a: Noivern\n|-heal|p1a: Noivern|269/274\n|-singleturn|p1a: Noivern|move: Roost\n|\n|upkeep\n|turn|19\n|inactive|Time left: 300 sec this turn | 300 sec total\n|\n|t:|1783565711\n|move|p2a: Chi-Yu|Dark Pulse|p1a: Noivern\n|-damage|p1a: Noivern|140/274\n|move|p1a: Noivern|Roost|p1a: Noivern\n|-heal|p1a: Noivern|274/274\n|-singleturn|p1a: Noivern|move: Roost\n|\n|upkeep\n|turn|20\n|inactive|Time left: 300 sec this turn | 300 sec total\n|\n|t:|1783565712\n|move|p2a: Chi-Yu|Dark Pulse|p1a: Noivern\n|-damage|p1a: Noivern|136/274\n|move|p1a: Noivern|Roost|p1a: Noivern\n|-heal|p1a: Noivern|273/274\n|-singleturn|p1a: Noivern|move: Roost\n|\n|upkeep\n|turn|21\n|inactive|Time left: 300 sec this turn | 300 sec total\n|\n|t:|1783565713\n|move|p2a: Chi-Yu|Dark Pulse|p1a: Noivern\n|-damage|p1a: Noivern|131/274\n|move|p1a: Noivern|Roost|p1a: Noivern\n|-heal|p1a: Noivern|268/274\n|-singleturn|p1a: Noivern|move: Roost\n|\n|upkeep\n|turn|22\n|inactive|Time left: 300 sec this turn | 300 sec total\n|\n|t:|1783565714\n|move|p2a: Chi-Yu|Dark Pulse|p1a: Noivern\n|-damage|p1a: Noivern|129/274\n|move|p1a: Noivern|Roost|p1a: Noivern\n|-heal|p1a: Noivern|266/274\n|-singleturn|p1a: Noivern|move: Roost\n|\n|upkeep\n|turn|23\n|inactive|Time left: 300 sec this turn | 300 sec total\n|\n|t:|1783565715\n|move|p2a: Chi-Yu|Dark Pulse|p1a: Noivern\n|-damage|p1a: Noivern|125/274\n|move|p1a: Noivern|Roost|p1a: Noivern\n|-heal|p1a: Noivern|262/274\n|-singleturn|p1a: Noivern|move: Roost\n|\n|upkeep\n|turn|24\n|inactive|Time left: 300 sec this turn | 300 sec total\n|\n|t:|1783565716\n|move|p2a: Chi-Yu|Dark Pulse|p1a: Noivern\n|-damage|p1a: Noivern|133/274\n|move|p1a: Noivern|Roost|p1a: Noivern\n|-heal|p1a: Noivern|270/274\n|-singleturn|p1a: Noivern|move: Roost\n|\n|upkeep\n|turn|25\n|inactive|Time left: 300 sec this turn | 300 sec total\n|\n|t:|1783565717\n|move|p2a: Chi-Yu|Dark Pulse|p1a: Noivern\n|-damage|p1a: Noivern|140/274\n|move|p1a: Noivern|Roost|p1a: Noivern\n|-heal|p1a: Noivern|274/274\n|-singleturn|p1a: Noivern|move: Roost\n|\n|upkeep\n|turn|26\n|inactive|Time left: 300 sec this turn | 300 sec total\n|\n|t:|1783565718\n|move|p2a: Chi-Yu|Dark Pulse|p1a: Noivern\n|-damage|p1a: Noivern|147/274\n|move|p1a: Noivern|Hurricane|p2a: Chi-Yu\n|-damage|p2a: Chi-Yu|54/100\n|\n|upkeep\n|turn|27\n|inactive|Time left: 300 sec this turn | 300 sec total\n|\n|t:|1783565719\n|-terastallize|p2a: Chi-Yu|Dark\n|move|p2a: Chi-Yu|Dark Pulse|p1a: Noivern\n|-damage|p1a: Noivern|0 fnt\n|faint|p1a: Noivern\n|\n|upkeep\n|inactive|Time left: 300 sec this turn | 300 sec total | 5 sec grace\n|\n|t:|1783565719\n|switch|p1a: Darkrai|Darkrai, L77, tera:Poison|118/234\n|turn|28\n|inactive|Time left: 300 sec this turn | 300 sec total\n|\n|t:|1783565720\n|move|p2a: Chi-Yu|Dark Pulse|p1a: Darkrai\n|-damage|p1a: Darkrai|0 fnt\n|faint|p1a: Darkrai\n|\n|win|p0y2299994d", "uploadtime": 1783565720, "views": 0, "rating": 0, "private": 0, "password": null, "_winner": "p0y2299994d", "_our_name": "p0x2299575e"}