{"id": "battle-gen9randombattle-120", "formatid": "gen9randombattle", "format": "[Gen 9] Random Battle", "players": ["p0x12013c5", "p0y12097c9"], "log": "|init|battle\n|title|p0x12013c5 vs. p0y12097c9\n|j|\u2606p0x12013c5\n|j|\u2606p0y12097c9\n|t:|1783540876\n|gametype|singles\n|player|p1|p0x12013c5|101|\n|player|p2|p0y12097c9|1|\n|gen|9\n|tier|[Gen 9] Random Battle\n|rule|Species Clause: Limit one of each Pok\u00e9mon\n|rule|HP Percentage Mod: HP is shown in percentages\n|rule|Sleep Clause Mod: Limit one foe put to sleep\n|rule|Illusion Level Mod: Illusion disguises the Pok\u00e9mon's true level\n|\n|t:|1783540877\n|teamsize|p1|6\n|teamsize|p2|6\n|start\n|switch|p1a: Electivire|Electivire, L84, F|263/263\n|switch|p2a: Lugia|Lugia, L73|100/100\n|turn|1\n|inactive|Battle timer is ON: inactive players will automatically lose when time's up. (requested by p0y12097c9)\n|inactive|Time left: 300 sec this turn | 300 sec total | 60 sec grace\n|inactive|p0x12013c5 also wants the timer to be on.\n|\n|t:|1783540878\n|move|p1a: Electivire|Supercell Slam|p2a: Lugia\n|-supereffective|p2a: Lugia\n|-damage|p2a: Lugia|48/100\n|-damage|p1a: Electivire|237/263|[from] item: Life Orb\n|move|p2a: Lugia|Earth Power|p1a: Electivire\n|-supereffective|p1a: Electivire\n|-damage|p1a: Electivire|139/263\n|\n|upkeep\n|turn|2\n|inactive|Time left: 300 sec this turn | 300 sec total\n|\n|t:|1783540879\n|switch|p2a: Vileplume|Vileplume, L85, F|100/100\n|move|p1a: Electivire|Ice Punch|p2a: Vileplume\n|-supereffective|p2a: Vileplume\n|-damage|p2a: Vileplume|38/100\n|-damage|p1a: Electivire|113/263|[from] item: Life Orb\n|\n|-heal|p2a: Vileplume|44/100|[from] item: Leftovers\n|upkeep\n|turn|3\n|inactive|Time left: 300 sec this turn | 300 sec total\n|\n|t:|1783540881\n|move|p1a: Electivire|Ice Punch|p2a: Vileplume\n|-supereffective|p2a: Vileplume\n|-damage|p2a: Vileplume|0 fnt\n|faint|p2a: Vileplume\n|-damage|p1a: Electivire|87/263|[from] item: Life Orb\n|\n|upkeep\n|\n|t:|1783540882\n|switch|p2a: Froslass|Froslass, L87, F|100/100\n|turn|4\n|inactive|Time left: 300 sec this turn | 300 sec total\n|\n|t:|1783540883\n|move|p2a: Froslass|Triple Axel|p1a: Electivire\n|-damage|p1a: Electivire|63/263\n|-damage|p1a: Electivire|18/263\n|-damage|p1a: Electivire|0 fnt\n|faint|p1a: Electivire\n|-hitcount|p1: Electivire|3\n|\n|upkeep\n|inactive|Time left: 300 sec this turn | 300 sec total | 5 sec grace\n|\n|t:|1783540884\n|switch|p1a: Scovillain|Scovillain, L91, F|266/266\n|turn|5\n|inactive|Time left: 300 sec this turn | 300 sec total\n|\n|t:|1783540885\n|switch|p2a: Lugia|Lugia, L73|48/100\n|move|p1a: Scovillain|Flamethrower|p2a: Lugia\n|-damage|p2a: Lugia|0 fnt\n|faint|p2a: Lugia\n|\n|upkeep\n|\n|t:|1783540886\n|switch|p2a: Ogerpon|Ogerpon-Wellspring, L76, F|100/100\n|turn|6\n|inactive|Time left: 300 sec this turn | 300 sec total\n|\n|t:|1783540886\n|-terastallize|p2a: Ogerpon|Water\n|detailschange|p2a: Ogerpon|Ogerpon-Wellspring-Tera, L76, F, tera:Water\n|-ability|p2a: Ogerpon|Embody Aspect (Wellspring)|boost\n|-boost|p2a: Ogerpon|spd|1\n|move|p2a: Ogerpon|Ivy Cudgel|p1a: Scovillain|[anim] Ivy Cudgel Water\n|-damage|p1a: Scovillain|80/266\n|move|p1a: Scovillain|Flamethrower|p2a: Ogerpon\n|-resisted|p2a: Ogerpon\n|-damage|p2a: Ogerpon|74/100\n|\n|upkeep\n|turn|7\n|inactive|Time left: 300 sec this turn | 300 sec total\n|\n|t:|1783540887\n|switch|p1a: Duraludon|Duraludon, L82, F|249/249\n|move|p2a: Ogerpon|Ivy Cudgel|p1a: Duraludon|[anim] Ivy Cudgel Water\n|-resisted|p1a: Duraludon\n|-damage|p1a: Duraludon|198/249\n|\n|upkeep\n|turn|8\n|inactive|Time left: 300 sec this turn | 300 sec total\n|\n|t:|1783540889\n|move|p2a: Ogerpon|Ivy Cudgel|p1a: Duraludon|[anim] Ivy Cudgel Water\n|-resisted|p1a: Duraludon\n|-damage|p1a: Duraludon|151/249\n|move|p1a: Duraludon|Dragon Tail|p2a: Ogerpon|[miss]\n|-miss|p1a: Duraludon|p2a: Ogerpon\n|\n|upkeep\n|turn|9\n|inactive|Time left: 300 sec this turn | 300 sec total\n|\n|t:|1783540890\n|move|p2a: Ogerpon|Ivy Cudgel|p1a: Duraludon|[anim] Ivy Cudgel Water\n|-resisted|p1a: Duraludon\n|-damage|p1a: Duraludon|105/249\n|move|p1a: Duraludon|Dragon Tail|p2a: Ogerpon\n|-damage|p2a: Ogerpon|45/100\n|drag|p2a: Froslass|Froslass, L87, F|100/100\n|\n|upkeep\n|turn|10\n|inactive|Time left: 300 sec this turn | 300 sec total\n|\n|t:|1783540890\n|move|p2a: Froslass|Poltergeist|p1a: Duraludon\n|-activate|p1a: Duraludon|move: Poltergeist|Eviolite\n|-damage|p1a: Duraludon|41/249\n|move|p1a: Duraludon|Flash Cannon|p2a: Froslass\n|-supereffective|p2a: Froslass\n|-damage|p2a: Froslass|22/100\n|-unboost|p2a: Froslass|spd|1\n|\n|upkeep\n|turn|11\n|inactive|Time left: 300 sec this turn | 300 sec total\n|\n|t:|1783540891\n|switch|p1a: Milotic|Milotic, L83, F|293/293\n|move|p2a: Froslass|Triple Axel|p1a: Milotic\n|-resisted|p1a: Milotic\n|-damage|p1a: Milotic|282/293\n|-resisted|p1a: Milotic\n|-damage|p1a: Milotic|262/293\n|-resisted|p1a: Milotic\n|-damage|p1a: Milotic|230/293\n|-hitcount|p1a: Milotic|3\n|\n|-heal|p1a: Milotic|248/293|[from] item: Leftovers\n|upkeep\n|turn|12\n|inactive|Time left: 300 sec this turn | 300 sec total\n|\n|t:|1783540892\n|switch|p2a: Ogerpon|Ogerpon-Wellspring-Tera, L76, F, tera:Water|45/100\n|-ability|p2a: Ogerpon|Embody Aspect (Wellspring)|boost\n|-boost|p2a: Ogerpon|spd|1\n|move|p1a: Milotic|Scald|p2a: Ogerpon\n|-resisted|p2a: Ogerpon\n|-damage|p2a: Ogerpon|34/100\n|-status|p2a: Ogerpon|brn\n|\n|-heal|p1a: Milotic|266/293|[from] item: Leftovers\n|-damage|p2a: Ogerpon|28/100 brn|[from] brn\n|upkeep\n|turn|13\n|inactive|Time left: 300 sec this turn | 300 sec total\n|\n|t:|1783540893\n|move|p2a: Ogerpon|Synthesis|p2a: Ogerpon\n|-heal|p2a: Ogerpon|78/100 brn\n|move|p1a: Milotic|Scald|p2a: Ogerpon\n|-resisted|p2a: Ogerpon\n|-damage|p2a: Ogerpon|65/100 brn\n|\n|-heal|p1a: Milotic|284/293|[from] item: Leftovers\n|-damage|p2a: Ogerpon|59/100 brn|[from] brn\n|upkeep\n|turn|14\n|inactive|Time left: 300 sec this turn | 300 sec total\n|\n|t:|1783540894\n|move|p2a: Ogerpon|Synthesis|p2a: Ogerpon\n|-heal|p2a: Ogerpon|100/100 brn\n|move|p1a: Milotic|Recover|p1a: Milotic\n|-heal|p1a: Milotic|293/293\n|\n|-damage|p2a: Ogerpon|94/100 brn|[from] brn\n|upkeep\n|turn|15\n|inactive|Time left: 300 sec this turn | 300 sec total\n|\n|t:|1783540895\n|switch|p1a: Grumpig|Grumpig, L92, F|297/297\n|move|p2a: Ogerpon|Wood Hammer|p1a: Grumpig\n|-damage|p1a: Grumpig|211/297\n|-damage|p2a: Ogerpon|83/100 brn|[from] Recoil\n|\n|-heal|p1a: Grumpig|229/297|[from] item: Leftovers\n|-damage|p2a: Ogerpon|77/100 brn|[from] brn\n|upkeep\n|turn|16\n|inactive|Time left: 300 sec this turn | 300 sec total\n|\n|t:|1783540896\n|move|p2a: Ogerpon|Ivy Cudgel|p1a: Grumpig|[anim] Ivy Cudgel Water\n|-damage|p1a: Grumpig|139/297\n|move|p1a: Grumpig|Nasty Plot|p1a: Grumpig\n|-boost|p1a: Grumpig|spa|2\n|\n|-heal|p1a: Grumpig|157/297|[from] item: Leftovers\n|-damage|p2a: Ogerpon|71/100 brn|[from] brn\n|upkeep\n|turn|17\n|inactive|Time left: 300 sec this turn | 300 sec total\n|\n|t:|1783540897\n|move|p2a: Ogerpon|Encore|p1a: Grumpig\n|-start|p1a: Grumpig|Encore\n|move|p1a: Grumpig|Nasty Plot|p1a: Grumpig\n|-boost|p1a: Grumpig|spa|2\n|\n|-heal|p1a: Grumpig|175/297|[from] item: Leftovers\n|-damage|p2a: Ogerpon|65/100 brn|[from] brn\n|upkeep\n|turn|18\n|inactive|Time left: 300 sec this turn | 300 sec total\n|\n|t:|1783540898\n|switch|p1a: Milotic|Milotic, L83, F|293/293\n|move|p2a: Ogerpon|Ivy Cudgel|p1a: Milotic|[anim] Ivy Cudgel Water\n|-resisted|p1a: Milotic\n|-damage|p1a: Milotic|246/293\n|\n|-heal|p1a: Milotic|264/293|[from] item: Leftovers\n|-damage|p2a: Ogerpon|59/100 brn|[from] brn\n|upkeep\n|turn|19\n|inactive|Time left: 300 sec this turn | 300 sec total\n|\n|t:|1783540899\n|move|p2a: Ogerpon|Synthesis|p2a: Ogerpon\n|-heal|p2a: Ogerpon|100/100 brn\n|move|p1a: Milotic|Ice Beam|p2a: Ogerpon\n|-resisted|p2a: Ogerpon\n|-damage|p2a: Ogerpon|91/100 brn\n|\n|-heal|p1a: Milotic|282/293|[from] item: Leftovers\n|-damage|p2a: Ogerpon|85/100 brn|[from] brn\n|upkeep\n|turn|20\n|inactive|Time left: 300 sec this turn | 300 sec total\n|\n|t:|1783540901\n|move|p2a: Ogerpon|Wood Hammer|p1a: Milotic\n|-supereffective|p1a: Milotic\n|-damage|p1a: Milotic|125/293\n|-damage|p2a: Ogerpon|64/100 brn|[from] Recoil\n|move|p1a: Milotic|Ice Beam|p2a: Ogerpon\n|-resisted|p2a: Ogerpon\n|-damage|p2a: Ogerpon|54/100 brn\n|\n|-heal|p1a: Milotic|143/293|[from] item: Leftovers\n|-damage|p2a: Ogerpon|48/100 brn|[from] brn\n|upkeep\n|turn|21\n|inactive|Time left: 300 sec this turn | 300 sec total\n|\n|t:|1783540902\n|switch|p1a: Grumpig|Grumpig, L92, F|175/297\n|move|p2a: Ogerpon|Wood Hammer|p1a: Grumpig\n|-damage|p1a: Grumpig|97/297\n|-damage|p2a: Ogerpon|38/100 brn|[from] Recoil\n|\n|-heal|p1a: Grumpig|115/297|[from] item: Leftovers\n|-damage|p2a: Ogerpon|32/100 brn|[from] brn\n|upkeep\n|turn|22\n|inactive|Time left: 300 sec this turn | 300 sec total\n|\n|t:|1783540903\n|move|p2a: Ogerpon|Ivy Cudgel|p1a: Grumpig|[anim] Ivy Cudgel Water\n|-damage|p1a: Grumpig|17/297\n|move|p1a: Grumpig|Psyshock|p2a: Ogerpon\n|-damage|p2a: Ogerpon|0 fnt\n|faint|p2a: Ogerpon\n|detailschange|p2: Ogerpon|Ogerpon-Wellspring, L76, F|[silent]\n|\n|-heal|p1a: Grumpig|35/297|[from] item: Leftovers\n|upkeep\n|\n|t:|1783540904\n|switch|p2a: Dragapult|Dragapult, L77, M|100/100\n|turn|23\n|inactive|Time left: 300 sec this turn | 300 sec total\n|\n|t:|1783540905\n|switch|p1a: Duraludon|Duraludon, L82, F|41/249\n|move|p2a: Dragapult|Dragon Darts|p1a: Duraludon\n|-damage|p1a: Duraludon|11/249\n|-anim|p2a: Dragapult|Dragon Darts|p1a: Duraludon\n|-damage|p1a: Duraludon|0 fnt\n|faint|p1a: Duraludon\n|\n|upkeep\n|inactive|Time left: 300 sec this turn | 300 sec total | 5 sec grace\n|\n|t:|1783540906\n|switch|p1a: Milotic|Milotic, L83, F|143/293\n|turn|24\n|inactive|Time left: 300 sec this turn | 300 sec total\n|\n|t:|1783540907\n|move|p2a: Dragapult|Dragon Darts|p1a: Milotic\n|-damage|p1a: Milotic|85/293\n|-anim|p2a: Dragapult|Dragon Darts|p1a: Milotic\n|-damage|p1a: Milotic|27/293\n|move|p1a: Milotic|Recover|p1a: Milotic\n|-heal|p1a: Milotic|174/293\n|\n|-heal|p1a: Milotic|192/293|[from] item: Leftovers\n|upkeep\n|turn|25\n|inactive|Time left: 300 sec this turn | 300 sec total\n|\n|t:|1783540908\n|move|p2a: Dragapult|Dragon Darts|p1a: Milotic\n|-damage|p1a: Milotic|134/293\n|-anim|p2a: Dragapult|Dragon Darts|p1a: Milotic\n|-damage|p1a: Milotic|73/293\n|move|p1a: Milotic|Recover|p1a: Milotic\n|-heal|p1a: Milotic|220/293\n|\n|-heal|p1a: Milotic|238/293|[from] item: Leftovers\n|upkeep\n|turn|26\n|inactive|Time left: 300 sec this turn | 300 sec total\n|\n|t:|1783540909\n|move|p2a: Dragapult|Dragon Darts|p1a: Milotic\n|-damage|p1a: Milotic|186/293\n|-anim|p2a: Dragapult|Dragon Darts|p1a: Milotic\n|-damage|p1a: Milotic|128/293\n|move|p1a: Milotic|Scald|p2a: Dragapult\n|-resisted|p2a: Dragapult\n|-damage|p2a: Dragapult|82/100\n|\n|-heal|p1a: Milotic|146/293|[from] item: Leftovers\n|upkeep\n|turn|27\n|inactive|Time left: 300 sec this turn | 300 sec total\n|\n|t:|1783540910\n|move|p2a: Dragapult|Dragon Darts|p1a: Milotic\n|-damage|p1a: Milotic|86/293\n|-anim|p2a: Dragapult|Dragon Darts|p1a: Milotic\n|-damage|p1a: Milotic|25/293\n|move|p1a: Milotic|Recover|p1a: Milotic\n|-heal|p1a: Milotic|172/293\n|\n|-heal|p1a: Milotic|190/293|[from] item: Leftovers\n|upkeep\n|turn|28\n|inactive|Time left: 300 sec this turn | 300 sec total\n|\n|t:|1783540911\n|move|p2a: Dragapult|Dragon Darts|p1a: Milotic\n|-damage|p1a: Milotic|129/293\n|-anim|p2a: Dragapult|Dragon Darts|p1a: Milotic\n|-damage|p1a: Milotic|77/293\n|move|p1a: Milotic|Recover|p1a: Milotic\n|-heal|p1a: Milotic|224/293\n|\n|-heal|p1a: Milotic|242/293|[from] item: Leftovers\n|upkeep\n|turn|29\n|inactive|Time left: 300 sec this turn | 300 sec total\n|\n|t:|1783540912\n|move|p2a: Dragapult|Dragon Darts|p1a: Milotic\n|-damage|p1a: Milotic|188/293\n|-anim|p2a: Dragapult|Dragon Darts|p1a: Milotic\n|-crit|p1a: Milotic\n|-damage|p1a: Milotic|100/293\n|move|p1a: Milotic|Ice Beam|p2a: Dragapult\n|-supereffective|p2a: Dragapult\n|-damage|p2a: Dragapult|21/100\n|\n|-heal|p1a: Milotic|118/293|[from] item: Leftovers\n|upkeep\n|turn|30\n|inactive|Time left: 300 sec this turn | 300 sec total\n|\n|t:|1783540914\n|move|p2a: Dragapult|Dragon Darts|p1a: Milotic\n|-damage|p1a: Milotic|64/293\n|-anim|p2a: Dragapult|Dragon Darts|p1a: Milotic\n|-damage|p1a: Milotic|10/293\n|move|p1a: Milotic|Recover|p1a: Milotic\n|-heal|p1a: Milotic|157/293\n|\n|-heal|p1a: Milotic|175/293|[from] item: Leftovers\n|upkeep\n|turn|31\n|inactive|Time left: 300 sec this turn | 300 sec total\n|\n|t:|1783540915\n|move|p2a: Dragapult|Dragon Darts|p1a: Milotic\n|-damage|p1a: Milotic|121/293\n|-anim|p2a: Dragapult|Dragon Darts|p1a: Milotic\n|-damage|p1a: Milotic|64/293\n|move|p1a: Milotic|Recover|p1a: Milotic\n|-heal|p1a: Milotic|211/293\n|\n|-heal|p1a: Milotic|229/293|[from] item: Leftovers\n|upkeep\n|turn|32\n|inactive|Time left: 300 sec this turn | 300 sec total\n|\n|t:|1783540916\n|move|p2a: Dragapult|Dragon Darts|p1a: Milotic\n|-damage|p1a: Milotic|172/293\n|-anim|p2a: Dragapult|Dragon Darts|p1a: Milotic\n|-damage|p1a: Milotic|114/293\n|move|p1a: Milotic|Ice Beam|p2a: Dragapult\n|-supereffective|p2a: Dragapult\n|-damage|p2a: Dragapult|0 fnt\n|faint|p2a: Dragapult\n|\n|-heal|p1a: Milotic|132/293|[from] item: Leftovers\n|upkeep\n|\n|t:|1783540917\n|switch|p2a: Smeargle|Smeargle, L95, M|100/100\n|turn|33\n|inactive|Time left: 300 sec this turn | 300 sec total\n|\n|t:|1783540918\n|move|p2a: Smeargle|Population Bomb|p1a: Milotic\n|-damage|p1a: Milotic|114/293\n|-damage|p1a: Milotic|95/293\n|-damage|p1a: Milotic|76/293\n|-damage|p1a: Milotic|58/293\n|-damage|p1a: Milotic|40/293\n|-damage|p1a: Milotic|22/293\n|-damage|p1a: Milotic|3/293\n|-damage|p1a: Milotic|0 fnt\n|faint|p1a: Milotic\n|-hitcount|p1: Milotic|8\n|\n|upkeep\n|inactive|Time left: 300 sec this turn | 300 sec total | 5 sec grace\n|\n|t:|1783540919\n|switch|p1a: Mismagius|Mismagius, L86, M|243/243\n|turn|34\n|inactive|Time left: 300 sec this turn | 300 sec total\n|\n|t:|1783540920\n|-terastallize|p1a: Mismagius|Fighting\n|move|p1a: Mismagius|Tera Blast|p2a: Smeargle|[anim] Tera Blast Fighting\n|-supereffective|p2a: Smeargle\n|-damage|p2a: Smeargle|0 fnt\n|faint|p2a: Smeargle\n|\n|upkeep\n|\n|t:|1783540921\n|switch|p2a: Froslass|Froslass, L87, F|22/100\n|turn|35\n|inactive|Time left: 300 sec this turn | 300 sec total\n|\n|t:|1783540922\n|move|p2a: Froslass|Poltergeist|p1a: Mismagius\n|-activate|p1a: Mismagius|move: Poltergeist|Leftovers\n|-damage|p1a: Mismagius|98/243\n|move|p1a: Mismagius|Shadow Ball|p2a: Froslass\n|-supereffective|p2a: Froslass\n|-damage|p2a: Froslass|0 fnt\n|faint|p2a: Froslass\n|\n|win|p0x12013c5", "uploadtime": 1783540922, "views": 0, "rating": 0, "private": 0, "password": null, "_winner": "p0x12013c5", "_our_name": "p0x12013c5"}