{"id": "battle-gen9randombattle-605", "formatid": "gen9randombattle", "format": "[Gen 9] Random Battle", "players": ["p0x605cd67", "p0y6052371"], "log": "|init|battle\n|title|p0x605cd67 vs. p0y6052371\n|j|\u2606p0x605cd67\n|j|\u2606p0y6052371\n|t:|1783546846\n|gametype|singles\n|player|p1|p0x605cd67|102|\n|player|p2|p0y6052371|266|\n|gen|9\n|tier|[Gen 9] Random Battle\n|rule|Species Clause: Limit one of each Pok\u00e9mon\n|rule|HP Percentage Mod: HP is shown in percentages\n|rule|Sleep Clause Mod: Limit one foe put to sleep\n|rule|Illusion Level Mod: Illusion disguises the Pok\u00e9mon's true level\n|\n|t:|1783546846\n|teamsize|p1|6\n|teamsize|p2|6\n|start\n|switch|p1a: Krookodile|Krookodile, L79, M|100/100\n|switch|p2a: Toxtricity|Toxtricity, L82, M|257/257\n|-ability|p1a: Krookodile|Intimidate|boost\n|-unboost|p2a: Toxtricity|atk|1\n|turn|1\n|inactive|Battle timer is ON: inactive players will automatically lose when time's up. (requested by p0x605cd67)\n|inactive|Time left: 300 sec this turn | 300 sec total | 60 sec grace\n|inactive|p0y6052371 also wants the timer to be on.\n|\n|t:|1783546847\n|switch|p2a: Enamorus|Enamorus-Therian, L83, F|259/259\n|move|p1a: Krookodile|Knock Off|p2a: Enamorus\n|-resisted|p2a: Enamorus\n|-damage|p2a: Enamorus|212/259\n|-enditem|p2a: Enamorus|Weakness Policy|[from] move: Knock Off|[of] p1a: Krookodile\n|\n|upkeep\n|turn|2\n|inactive|Time left: 300 sec this turn | 300 sec total\n|\n|t:|1783546849\n|switch|p1a: Mudsdale|Mudsdale, L83, M|100/100\n|move|p2a: Enamorus|Moonblast|p1a: Mudsdale\n|-damage|p1a: Mudsdale|56/100\n|-ability|p1a: Mudsdale|Stamina|boost\n|-boost|p1a: Mudsdale|def|1\n|\n|-heal|p1a: Mudsdale|62/100|[from] item: Leftovers\n|upkeep\n|turn|3\n|inactive|Time left: 300 sec this turn | 300 sec total\n|\n|t:|1783546850\n|move|p2a: Enamorus|Moonblast|p1a: Mudsdale\n|-damage|p1a: Mudsdale|14/100\n|-ability|p1a: Mudsdale|Stamina|boost\n|-boost|p1a: Mudsdale|def|1\n|move|p1a: Mudsdale|Heavy Slam|p2a: Enamorus\n|-supereffective|p2a: Enamorus\n|-crit|p2a: Enamorus\n|-damage|p2a: Enamorus|0 fnt\n|faint|p2a: Enamorus\n|\n|-heal|p1a: Mudsdale|20/100|[from] item: Leftovers\n|upkeep\n|inactive|Time left: 300 sec this turn | 300 sec total | 5 sec grace\n|\n|t:|1783546851\n|switch|p2a: Toxtricity|Toxtricity, L82, M|257/257\n|turn|4\n|inactive|Time left: 300 sec this turn | 300 sec total\n|\n|t:|1783546853\n|move|p2a: Toxtricity|Boomburst|p1a: Mudsdale\n|-damage|p1a: Mudsdale|0 fnt\n|faint|p1a: Mudsdale\n|-enditem|p2a: Toxtricity|Throat Spray\n|-boost|p2a: Toxtricity|spa|1|[from] item: Throat Spray\n|\n|upkeep\n|\n|t:|1783546854\n|switch|p1a: Krookodile|Krookodile, L79, M|100/100\n|-ability|p1a: Krookodile|Intimidate|boost\n|-unboost|p2a: Toxtricity|atk|1\n|turn|5\n|inactive|Time left: 300 sec this turn | 300 sec total\n|\n|t:|1783546855\n|-terastallize|p2a: Toxtricity|Normal\n|move|p1a: Krookodile|Earthquake|p2a: Toxtricity\n|-damage|p2a: Toxtricity|137/257\n|move|p2a: Toxtricity|Boomburst|p1a: Krookodile\n|-damage|p1a: Krookodile|0 fnt\n|faint|p1a: Krookodile\n|\n|upkeep\n|\n|t:|1783546856\n|switch|p1a: Inteleon|Inteleon, L81, M|100/100\n|turn|6\n|inactive|Time left: 300 sec this turn | 300 sec total\n|\n|t:|1783546857\n|move|p1a: Inteleon|Scald|p2a: Toxtricity\n|-damage|p2a: Toxtricity|0 fnt\n|faint|p2a: Toxtricity\n|\n|upkeep\n|inactive|Time left: 300 sec this turn | 300 sec total | 5 sec grace\n|\n|t:|1783546858\n|switch|p2a: Bronzong|Bronzong, L88|261/261\n|turn|7\n|inactive|Time left: 300 sec this turn | 300 sec total\n|\n|t:|1783546859\n|move|p1a: Inteleon|Scald|p2a: Bronzong\n|-damage|p2a: Bronzong|152/261\n|move|p2a: Bronzong|Psychic Noise|p1a: Inteleon\n|-damage|p1a: Inteleon|60/100\n|-start|p1a: Inteleon|move: Heal Block\n|\n|upkeep\n|turn|8\n|inactive|Time left: 300 sec this turn | 300 sec total\n|\n|t:|1783546860\n|move|p1a: Inteleon|Scald|p2a: Bronzong\n|-damage|p2a: Bronzong|43/261\n|-status|p2a: Bronzong|brn\n|move|p2a: Bronzong|Rest|p2a: Bronzong\n|-status|p2a: Bronzong|slp|[from] move: Rest\n|-heal|p2a: Bronzong|261/261 slp|[silent]\n|-enditem|p2a: Bronzong|Chesto Berry|[eat]\n|-curestatus|p2a: Bronzong|slp|[msg]\n|\n|-end|p1a: Inteleon|move: Heal Block\n|upkeep\n|turn|9\n|inactive|Time left: 300 sec this turn | 300 sec total\n|\n|t:|1783546861\n|move|p1a: Inteleon|Scald|p2a: Bronzong\n|-damage|p2a: Bronzong|144/261\n|move|p2a: Bronzong|Iron Defense|p2a: Bronzong\n|-boost|p2a: Bronzong|def|2\n|\n|upkeep\n|turn|10\n|inactive|Time left: 300 sec this turn | 300 sec total\n|\n|t:|1783546862\n|-terastallize|p1a: Inteleon|Water\n|move|p1a: Inteleon|Scald|p2a: Bronzong\n|-crit|p2a: Bronzong\n|-damage|p2a: Bronzong|0 fnt\n|faint|p2a: Bronzong\n|\n|upkeep\n|inactive|Time left: 300 sec this turn | 300 sec total | 5 sec grace\n|\n|t:|1783546863\n|switch|p2a: Scizor|Scizor, L79, M|240/240\n|turn|11\n|inactive|Time left: 300 sec this turn | 300 sec total\n|\n|t:|1783546864\n|move|p1a: Inteleon|Scald|p2a: Scizor\n|-damage|p2a: Scizor|14/240\n|move|p2a: Scizor|U-turn|p1a: Inteleon\n|-damage|p1a: Inteleon|0 fnt\n|faint|p1a: Inteleon\n|inactive|Time left: 300 sec this turn | 300 sec total | 5 sec grace\n|\n|t:|1783546865\n|switch|p2a: Emboar|Emboar, L84, M|322/322|[from] U-turn\n|\n|upkeep\n|\n|t:|1783546865\n|switch|p1a: Avalugg|Avalugg, L88, F|100/100\n|turn|12\n|inactive|Time left: 300 sec this turn | 300 sec total\n|\n|t:|1783546866\n|move|p2a: Emboar|Flare Blitz|p1a: Avalugg\n|-supereffective|p1a: Avalugg\n|-damage|p1a: Avalugg|36/100\n|-damage|p2a: Emboar|256/322|[from] Recoil\n|move|p1a: Avalugg|Recover|p1a: Avalugg\n|-heal|p1a: Avalugg|86/100\n|\n|-heal|p2a: Emboar|276/322|[from] item: Leftovers\n|upkeep\n|turn|13\n|inactive|Time left: 300 sec this turn | 300 sec total\n|\n|t:|1783546868\n|move|p2a: Emboar|Bulk Up|p2a: Emboar\n|-boost|p2a: Emboar|atk|1\n|-boost|p2a: Emboar|def|1\n|move|p1a: Avalugg|Recover|p1a: Avalugg\n|-heal|p1a: Avalugg|100/100\n|\n|-heal|p2a: Emboar|296/322|[from] item: Leftovers\n|upkeep\n|turn|14\n|inactive|Time left: 300 sec this turn | 300 sec total\n|\n|t:|1783546869\n|move|p2a: Emboar|Flare Blitz|p1a: Avalugg\n|-supereffective|p1a: Avalugg\n|-damage|p1a: Avalugg|11/100\n|-status|p1a: Avalugg|brn\n|-damage|p2a: Emboar|205/322|[from] Recoil\n|move|p1a: Avalugg|Recover|p1a: Avalugg\n|-heal|p1a: Avalugg|61/100 brn\n|\n|-heal|p2a: Emboar|225/322|[from] item: Leftovers\n|-damage|p1a: Avalugg|55/100 brn|[from] brn\n|upkeep\n|turn|15\n|inactive|Time left: 300 sec this turn | 300 sec total\n|\n|t:|1783546870\n|move|p2a: Emboar|Drain Punch|p1a: Avalugg\n|-supereffective|p1a: Avalugg\n|-damage|p1a: Avalugg|7/100 brn\n|-heal|p2a: Emboar|300/322|[from] drain|[of] p1a: Avalugg\n|move|p1a: Avalugg|Recover|p1a: Avalugg\n|-heal|p1a: Avalugg|57/100 brn\n|\n|-heal|p2a: Emboar|320/322|[from] item: Leftovers\n|-damage|p1a: Avalugg|51/100 brn|[from] brn\n|upkeep\n|turn|16\n|inactive|Time left: 300 sec this turn | 300 sec total\n|\n|t:|1783546871\n|move|p2a: Emboar|Bulk Up|p2a: Emboar\n|-boost|p2a: Emboar|atk|1\n|-boost|p2a: Emboar|def|1\n|move|p1a: Avalugg|Recover|p1a: Avalugg\n|-heal|p1a: Avalugg|100/100 brn\n|\n|-heal|p2a: Emboar|322/322|[from] item: Leftovers\n|-damage|p1a: Avalugg|94/100 brn|[from] brn\n|upkeep\n|turn|17\n|inactive|Time left: 300 sec this turn | 300 sec total\n|\n|t:|1783546872\n|move|p2a: Emboar|Trailblaze|p1a: Avalugg\n|-damage|p1a: Avalugg|79/100 brn\n|-boost|p2a: Emboar|spe|1\n|move|p1a: Avalugg|Avalanche|p2a: Emboar\n|-resisted|p2a: Emboar\n|-damage|p2a: Emboar|299/322\n|\n|-heal|p2a: Emboar|319/322|[from] item: Leftovers\n|-damage|p1a: Avalugg|73/100 brn|[from] brn\n|upkeep\n|turn|18\n|inactive|Time left: 300 sec this turn | 300 sec total\n|\n|t:|1783546874\n|move|p2a: Emboar|Flare Blitz|p1a: Avalugg\n|-supereffective|p1a: Avalugg\n|-damage|p1a: Avalugg|0 fnt\n|faint|p1a: Avalugg\n|-damage|p2a: Emboar|245/322|[from] Recoil\n|\n|-heal|p2a: Emboar|265/322|[from] item: Leftovers\n|upkeep\n|\n|t:|1783546875\n|switch|p1a: Coalossal|Coalossal, L89, F|100/100\n|turn|19\n|inactive|Time left: 300 sec this turn | 300 sec total\n|\n|t:|1783546876\n|switch|p1a: Vileplume|Vileplume, L85, M|100/100\n|move|p2a: Emboar|Drain Punch|p1a: Vileplume\n|-resisted|p1a: Vileplume\n|-damage|p1a: Vileplume|62/100\n|-heal|p2a: Emboar|317/322|[from] drain|[of] p1a: Vileplume\n|\n|-heal|p2a: Emboar|322/322|[from] item: Leftovers\n|-heal|p1a: Vileplume|68/100|[from] item: Leftovers\n|upkeep\n|turn|20\n|inactive|Time left: 300 sec this turn | 300 sec total\n|\n|t:|1783546877\n|switch|p1a: Coalossal|Coalossal, L89, F|100/100\n|move|p2a: Emboar|Flare Blitz|p1a: Coalossal\n|-resisted|p1a: Coalossal\n|-damage|p1a: Coalossal|80/100\n|-damage|p2a: Emboar|299/322|[from] Recoil\n|\n|-heal|p2a: Emboar|319/322|[from] item: Leftovers\n|upkeep\n|turn|21\n|inactive|Time left: 300 sec this turn | 300 sec total\n|\n|t:|1783546878\n|switch|p1a: Vileplume|Vileplume, L85, M|68/100\n|move|p2a: Emboar|Drain Punch|p1a: Vileplume\n|-resisted|p1a: Vileplume\n|-damage|p1a: Vileplume|29/100\n|-heal|p2a: Emboar|322/322|[from] drain|[of] p1a: Vileplume\n|\n|-heal|p1a: Vileplume|35/100|[from] item: Leftovers\n|upkeep\n|turn|22\n|inactive|Time left: 300 sec this turn | 300 sec total\n|\n|t:|1783546879\n|switch|p1a: Coalossal|Coalossal, L89, F|80/100\n|move|p2a: Emboar|Flare Blitz|p1a: Coalossal\n|-resisted|p1a: Coalossal\n|-damage|p1a: Coalossal|61/100\n|-damage|p2a: Emboar|301/322|[from] Recoil\n|\n|-heal|p2a: Emboar|321/322|[from] item: Leftovers\n|upkeep\n|turn|23\n|inactive|Time left: 300 sec this turn | 300 sec total\n|\n|t:|1783546880\n|switch|p1a: Vileplume|Vileplume, L85, M|35/100\n|move|p2a: Emboar|Drain Punch|p1a: Vileplume\n|-resisted|p1a: Vileplume\n|-damage|p1a: Vileplume|0 fnt\n|-heal|p2a: Emboar|322/322|[from] drain|[of] p1a: Vileplume\n|-status|p2a: Emboar|psn|[from] ability: Effect Spore|[of] p1a: Vileplume\n|faint|p1a: Vileplume\n|\n|-damage|p2a: Emboar|282/322 psn|[from] psn\n|upkeep\n|\n|t:|1783546881\n|switch|p1a: Coalossal|Coalossal, L89, F|61/100\n|turn|24\n|inactive|Time left: 300 sec this turn | 300 sec total\n|\n|t:|1783546882\n|move|p2a: Emboar|Drain Punch|p1a: Coalossal\n|-supereffective|p1a: Coalossal\n|-damage|p1a: Coalossal|0 fnt\n|-heal|p2a: Emboar|322/322 psn|[from] drain|[of] p1a: Coalossal\n|faint|p1a: Coalossal\n|\n|win|p0y6052371", "uploadtime": 1783546882, "views": 0, "rating": 0, "private": 0, "password": null, "_winner": "p0y6052371", "_our_name": "p0y6052371"}