{"id": "battle-gen9randombattle-1314", "formatid": "gen9randombattle", "format": "[Gen 9] Random Battle", "players": ["p0x1314f2fb", "p0y1314a151"], "log": "|init|battle\n|title|p0x1314f2fb vs. p0y1314a151\n|j|\u2606p0x1314f2fb\n|j|\u2606p0y1314a151\n|t:|1783554388\n|gametype|singles\n|player|p1|p0x1314f2fb|101|\n|player|p2|p0y1314a151|102|\n|gen|9\n|tier|[Gen 9] Random Battle\n|rule|Species Clause: Limit one of each Pok\u00e9mon\n|rule|HP Percentage Mod: HP is shown in percentages\n|rule|Sleep Clause Mod: Limit one foe put to sleep\n|rule|Illusion Level Mod: Illusion disguises the Pok\u00e9mon's true level\n|\n|t:|1783554388\n|teamsize|p1|6\n|teamsize|p2|6\n|start\n|switch|p1a: Minun|Minun, L95, M|100/100\n|switch|p2a: Dondozo|Dondozo, L78, M|362/362\n|turn|1\n|inactive|Battle timer is ON: inactive players will automatically lose when time's up. (requested by p0y1314a151)\n|inactive|p0x1314f2fb also wants the timer to be on.\n|\n|t:|1783554390\n|switch|p2a: Exeggutor|Exeggutor, L89, M|314/314\n|move|p1a: Minun|Thunderbolt|p2a: Exeggutor\n|-resisted|p2a: Exeggutor\n|-damage|p2a: Exeggutor|240/314\n|-damage|p1a: Minun|91/100|[from] item: Life Orb\n|\n|upkeep\n|turn|2\n|inactive|Time left: 300 sec this turn | 300 sec total\n|\n|t:|1783554391\n|move|p1a: Minun|Nasty Plot|p1a: Minun\n|-boost|p1a: Minun|spa|2\n|move|p2a: Exeggutor|Giga Drain|p1a: Minun\n|-damage|p1a: Minun|52/100\n|-heal|p2a: Exeggutor|293/314|[from] drain|[of] p1a: Minun\n|\n|upkeep\n|turn|3\n|inactive|Time left: 300 sec this turn | 300 sec total\n|\n|t:|1783554391\n|switch|p1a: Vikavolt|Vikavolt, L83, M|100/100\n|move|p2a: Exeggutor|Psychic|p1a: Vikavolt\n|-crit|p1a: Vikavolt\n|-damage|p1a: Vikavolt|20/100\n|\n|upkeep\n|turn|4\n|inactive|Time left: 300 sec this turn | 300 sec total\n|\n|t:|1783554392\n|switch|p1a: Hoopa|Hoopa, L85|100/100\n|move|p2a: Exeggutor|Giga Drain|p1a: Hoopa\n|-damage|p1a: Hoopa|72/100\n|-heal|p2a: Exeggutor|314/314|[from] drain|[of] p1a: Hoopa\n|\n|upkeep\n|turn|5\n|inactive|Time left: 300 sec this turn | 300 sec total\n|\n|t:|1783554393\n|switch|p2a: Bisharp|Bisharp, L79, M|232/232\n|move|p1a: Hoopa|Shadow Ball|p2a: Bisharp\n|-resisted|p2a: Bisharp\n|-damage|p2a: Bisharp|168/232\n|-damage|p1a: Hoopa|62/100|[from] item: Life Orb\n|\n|upkeep\n|turn|6\n|inactive|Time left: 300 sec this turn | 300 sec total\n|\n|t:|1783554394\n|switch|p1a: Emboar|Emboar, L84, M|100/100\n|move|p2a: Bisharp|Sucker Punch||[still]\n|-fail|p2a: Bisharp\n|\n|upkeep\n|turn|7\n|inactive|Time left: 300 sec this turn | 300 sec total\n|\n|t:|1783554395\n|switch|p2a: Giratina|Giratina-Origin, L72|335/335\n|move|p1a: Emboar|Flare Blitz|p2a: Giratina\n|-resisted|p2a: Giratina\n|-damage|p2a: Giratina|233/335\n|-damage|p1a: Emboar|90/100|[from] Recoil\n|\n|-heal|p1a: Emboar|96/100|[from] item: Leftovers\n|upkeep\n|turn|8\n|inactive|Time left: 300 sec this turn | 300 sec total\n|\n|t:|1783554396\n|move|p2a: Giratina|Poltergeist|p1a: Emboar\n|-activate|p1a: Emboar|move: Poltergeist|Leftovers\n|-damage|p1a: Emboar|51/100\n|move|p1a: Emboar|Flare Blitz|p2a: Giratina\n|-resisted|p2a: Giratina\n|-crit|p2a: Giratina\n|-damage|p2a: Giratina|100/335\n|-damage|p1a: Emboar|37/100|[from] Recoil\n|\n|-heal|p1a: Emboar|44/100|[from] item: Leftovers\n|upkeep\n|turn|9\n|inactive|Time left: 300 sec this turn | 300 sec total\n|\n|t:|1783554397\n|switch|p1a: Persian|Persian, L92, M|100/100\n|move|p2a: Giratina|Poltergeist|p1a: Persian\n|-immune|p1a: Persian\n|\n|upkeep\n|turn|10\n|inactive|Time left: 300 sec this turn | 300 sec total\n|\n|t:|1783554398\n|move|p1a: Persian|Knock Off|p2a: Giratina\n|-supereffective|p2a: Giratina\n|-damage|p2a: Giratina|8/335\n|move|p2a: Giratina|Dragon Tail|p1a: Persian\n|-damage|p1a: Persian|69/100\n|drag|p1a: Vikavolt|Vikavolt, L83, M|20/100\n|\n|upkeep\n|turn|11\n|inactive|Time left: 300 sec this turn | 300 sec total\n|\n|t:|1783554399\n|switch|p1a: Persian|Persian, L92, M|69/100\n|move|p2a: Giratina|Poltergeist|p1a: Persian\n|-immune|p1a: Persian\n|\n|upkeep\n|turn|12\n|inactive|Time left: 300 sec this turn | 300 sec total\n|\n|t:|1783554400\n|move|p1a: Persian|U-turn|p2a: Giratina\n|-resisted|p2a: Giratina\n|-damage|p2a: Giratina|0 fnt\n|faint|p2a: Giratina\n|\n|t:|1783554401\n|switch|p1a: Emboar|Emboar, L84, M|44/100|[from] U-turn\n|\n|-heal|p1a: Emboar|50/100|[from] item: Leftovers\n|upkeep\n|inactive|Time left: 300 sec this turn | 300 sec total | 10 sec grace\n|\n|t:|1783554402\n|switch|p2a: Barraskewda|Barraskewda, L81, F|231/231\n|turn|13\n|inactive|Time left: 300 sec this turn | 300 sec total\n|\n|t:|1783554403\n|-terastallize|p1a: Emboar|Grass\n|move|p2a: Barraskewda|Waterfall|p1a: Emboar\n|-resisted|p1a: Emboar\n|-damage|p1a: Emboar|23/100\n|move|p1a: Emboar|Drain Punch|p2a: Barraskewda\n|-damage|p2a: Barraskewda|99/231\n|-heal|p1a: Emboar|43/100|[from] drain|[of] p2a: Barraskewda\n|\n|-heal|p1a: Emboar|50/100|[from] item: Leftovers\n|upkeep\n|turn|14\n|inactive|Time left: 300 sec this turn | 300 sec total\n|\n|t:|1783554404\n|move|p2a: Barraskewda|Waterfall|p1a: Emboar\n|-resisted|p1a: Emboar\n|-damage|p1a: Emboar|23/100\n|cant|p1a: Emboar|flinch\n|\n|-heal|p1a: Emboar|29/100|[from] item: Leftovers\n|upkeep\n|turn|15\n|inactive|Time left: 300 sec this turn | 300 sec total\n|\n|t:|1783554405\n|-terastallize|p2a: Barraskewda|Water\n|move|p2a: Barraskewda|Waterfall|p1a: Emboar\n|-resisted|p1a: Emboar\n|-damage|p1a: Emboar|0 fnt\n|faint|p1a: Emboar\n|\n|upkeep\n|\n|t:|1783554406\n|switch|p1a: Persian|Persian, L92, M|69/100\n|turn|16\n|inactive|Time left: 300 sec this turn | 300 sec total\n|\n|t:|1783554407\n|move|p1a: Persian|Fake Out|p2a: Barraskewda\n|-damage|p2a: Barraskewda|3/231\n|cant|p2a: Barraskewda|flinch\n|\n|upkeep\n|turn|17\n|inactive|Time left: 300 sec this turn | 300 sec total\n|\n|t:|1783554408\n|switch|p1a: Vikavolt|Vikavolt, L83, M|20/100\n|move|p2a: Barraskewda|Waterfall|p1a: Vikavolt\n|-damage|p1a: Vikavolt|0 fnt\n|faint|p1a: Vikavolt\n|\n|upkeep\n|\n|t:|1783554409\n|switch|p1a: Donphan|Donphan, L84, F|100/100\n|turn|18\n|inactive|Time left: 300 sec this turn | 300 sec total\n|\n|t:|1783554410\n|move|p1a: Donphan|Ice Shard|p2a: Barraskewda\n|-resisted|p2a: Barraskewda\n|-damage|p2a: Barraskewda|0 fnt\n|faint|p2a: Barraskewda\n|\n|upkeep\n|inactive|Time left: 300 sec this turn | 300 sec total | 5 sec grace\n|\n|t:|1783554411\n|switch|p2a: Exeggutor|Exeggutor, L89, M|314/314\n|turn|19\n|inactive|Time left: 300 sec this turn | 300 sec total\n|\n|t:|1783554412\n|switch|p1a: Hoopa|Hoopa, L85|62/100\n|move|p2a: Exeggutor|Calm Mind|p2a: Exeggutor\n|-boost|p2a: Exeggutor|spa|1\n|-boost|p2a: Exeggutor|spd|1\n|\n|upkeep\n|turn|20\n|inactive|Time left: 300 sec this turn | 300 sec total\n|\n|t:|1783554413\n|move|p1a: Hoopa|Nasty Plot|p1a: Hoopa\n|-boost|p1a: Hoopa|spa|2\n|move|p2a: Exeggutor|Giga Drain|p1a: Hoopa\n|-damage|p1a: Hoopa|18/100\n|\n|upkeep\n|turn|21\n|inactive|Time left: 300 sec this turn | 300 sec total\n|\n|t:|1783554414\n|switch|p2a: Bisharp|Bisharp, L79, M|168/232\n|move|p1a: Hoopa|Shadow Ball|p2a: Bisharp\n|-resisted|p2a: Bisharp\n|-crit|p2a: Bisharp\n|-damage|p2a: Bisharp|0 fnt\n|faint|p2a: Bisharp\n|-damage|p1a: Hoopa|8/100|[from] item: Life Orb\n|\n|upkeep\n|inactive|Time left: 300 sec this turn | 300 sec total | 5 sec grace\n|\n|t:|1783554415\n|switch|p2a: Dondozo|Dondozo, L78, M|362/362\n|turn|22\n|inactive|Time left: 300 sec this turn | 300 sec total\n|\n|t:|1783554416\n|move|p1a: Hoopa|Shadow Ball|p2a: Dondozo\n|-damage|p2a: Dondozo|154/362\n|-damage|p1a: Hoopa|0 fnt|[from] item: Life Orb\n|faint|p1a: Hoopa\n|move|p2a: Dondozo|Wave Crash|p1: Hoopa|[notarget]\n|-fail|p2a: Dondozo\n|\n|-heal|p2a: Dondozo|176/362|[from] item: Leftovers\n|upkeep\n|\n|t:|1783554417\n|switch|p1a: Minun|Minun, L95, M|52/100\n|turn|23\n|inactive|Time left: 300 sec this turn | 300 sec total\n|\n|t:|1783554418\n|switch|p2a: Exeggutor|Exeggutor, L89, M|314/314\n|move|p1a: Minun|Thunderbolt|p2a: Exeggutor\n|-resisted|p2a: Exeggutor\n|-damage|p2a: Exeggutor|249/314\n|-damage|p1a: Minun|42/100|[from] item: Life Orb\n|\n|upkeep\n|turn|24\n|inactive|Time left: 300 sec this turn | 300 sec total\n|\n|t:|1783554419\n|move|p1a: Minun|Thunderbolt|p2a: Exeggutor\n|-resisted|p2a: Exeggutor\n|-damage|p2a: Exeggutor|184/314\n|-damage|p1a: Minun|32/100|[from] item: Life Orb\n|move|p2a: Exeggutor|Giga Drain|p1a: Minun\n|-damage|p1a: Minun|0 fnt\n|-heal|p2a: Exeggutor|227/314|[from] drain|[of] p1a: Minun\n|faint|p1a: Minun\n|\n|upkeep\n|\n|t:|1783554420\n|switch|p1a: Persian|Persian, L92, M|69/100\n|turn|25\n|inactive|Time left: 300 sec this turn | 300 sec total\n|\n|t:|1783554421\n|move|p1a: Persian|Fake Out|p2a: Exeggutor\n|-damage|p2a: Exeggutor|160/314\n|cant|p2a: Exeggutor|flinch\n|\n|upkeep\n|turn|26\n|inactive|Time left: 300 sec this turn | 300 sec total\n|\n|t:|1783554423\n|switch|p2a: Dondozo|Dondozo, L78, M|176/362\n|move|p1a: Persian|U-turn|p2a: Dondozo\n|-damage|p2a: Dondozo|136/362\n|\n|t:|1783554424\n|switch|p1a: Donphan|Donphan, L84, F|100/100|[from] U-turn\n|\n|-heal|p2a: Dondozo|158/362|[from] item: Leftovers\n|upkeep\n|turn|27\n|inactive|Time left: 300 sec this turn | 300 sec total\n|\n|t:|1783554425\n|move|p1a: Donphan|Rapid Spin|p2a: Dondozo\n|-damage|p2a: Dondozo|120/362\n|-boost|p1a: Donphan|spe|1\n|move|p2a: Dondozo|Wave Crash|p1a: Donphan\n|-supereffective|p1a: Donphan\n|-damage|p1a: Donphan|40/100\n|-damage|p2a: Dondozo|63/362|[from] Recoil\n|\n|-heal|p2a: Dondozo|85/362|[from] item: Leftovers\n|upkeep\n|turn|28\n|inactive|Time left: 300 sec this turn | 300 sec total\n|\n|t:|1783554426\n|move|p1a: Donphan|Earthquake|p2a: Dondozo\n|-damage|p2a: Dondozo|0 fnt\n|faint|p2a: Dondozo\n|\n|upkeep\n|inactive|Time left: 300 sec this turn | 300 sec total | 5 sec grace\n|\n|t:|1783554427\n|switch|p2a: Exeggutor|Exeggutor, L89, M|160/314\n|turn|29\n|inactive|Time left: 300 sec this turn | 300 sec total\n|\n|t:|1783554428\n|move|p1a: Donphan|Ice Spinner|p2a: Exeggutor\n|-supereffective|p2a: Exeggutor\n|-damage|p2a: Exeggutor|32/314\n|-enditem|p2a: Exeggutor|Sitrus Berry|[eat]\n|-heal|p2a: Exeggutor|110/314|[from] item: Sitrus Berry\n|move|p2a: Exeggutor|Giga Drain|p1a: Donphan\n|-supereffective|p1a: Donphan\n|-damage|p1a: Donphan|0 fnt\n|-heal|p2a: Exeggutor|167/314|[from] drain|[of] p1a: Donphan\n|faint|p1a: Donphan\n|\n|-item|p2a: Exeggutor|Sitrus Berry|[from] ability: Harvest\n|upkeep\n|\n|t:|1783554429\n|switch|p1a: Persian|Persian, L92, M|69/100\n|turn|30\n|inactive|Time left: 300 sec this turn | 300 sec total\n|\n|t:|1783554430\n|switch|p2a: Copperajah|Copperajah, L86, F|350/350\n|move|p1a: Persian|U-turn|p2a: Copperajah\n|-resisted|p2a: Copperajah\n|-damage|p2a: Copperajah|324/350\n|\n|upkeep\n|turn|31\n|inactive|Time left: 300 sec this turn | 300 sec total\n|\n|t:|1783554431\n|move|p1a: Persian|Fake Out||[still]\n|-hint|Fake Out only works on your first turn out.\n|-fail|p1a: Persian\n|move|p2a: Copperajah|Superpower|p1a: Persian\n|-supereffective|p1a: Persian\n|-damage|p1a: Persian|0 fnt\n|-unboost|p2a: Copperajah|atk|1\n|-unboost|p2a: Copperajah|def|1\n|faint|p1a: Persian\n|-damage|p2a: Copperajah|289/350|[from] item: Life Orb\n|\n|win|p0y1314a151", "uploadtime": 1783554431, "views": 0, "rating": 0, "private": 0, "password": null, "_winner": "p0y1314a151", "_our_name": "p0y1314a151"}