{"id": "battle-gen9randombattle-2782", "formatid": "gen9randombattle", "format": "[Gen 9] Random Battle", "players": ["p0x27824abf", "p0y27820f9c"], "log": "|init|battle\n|title|p0x27824abf vs. p0y27820f9c\n|j|\u2606p0x27824abf\n|j|\u2606p0y27820f9c\n|t:|1783571048\n|gametype|singles\n|player|p1|p0x27824abf|169|\n|player|p2|p0y27820f9c|101|\n|gen|9\n|tier|[Gen 9] Random Battle\n|rule|Species Clause: Limit one of each Pok\u00e9mon\n|rule|HP Percentage Mod: HP is shown in percentages\n|rule|Sleep Clause Mod: Limit one foe put to sleep\n|rule|Illusion Level Mod: Illusion disguises the Pok\u00e9mon's true level\n|\n|t:|1783571048\n|teamsize|p1|6\n|teamsize|p2|6\n|start\n|switch|p1a: Corviknight|Corviknight, L80, M|288/288\n|switch|p2a: Clodsire|Clodsire, L81, F|100/100\n|turn|1\n|inactive|Battle timer is ON: inactive players will automatically lose when time's up. (requested by p0x27824abf)\n|inactive|p0y27820f9c also wants the timer to be on.\n|\n|t:|1783571050\n|move|p1a: Corviknight|Brave Bird|p2a: Clodsire\n|-damage|p2a: Clodsire|56/100\n|-damage|p1a: Corviknight|238/288|[from] Recoil\n|move|p2a: Clodsire|Curse|p2a: Clodsire\n|-unboost|p2a: Clodsire|spe|1\n|-boost|p2a: Clodsire|atk|1\n|-boost|p2a: Clodsire|def|1\n|\n|-heal|p1a: Corviknight|256/288|[from] item: Leftovers\n|-heal|p2a: Clodsire|63/100|[from] item: Leftovers\n|upkeep\n|turn|2\n|inactive|Time left: 300 sec this turn | 300 sec total\n|\n|t:|1783571051\n|move|p1a: Corviknight|Brave Bird|p2a: Clodsire\n|-damage|p2a: Clodsire|33/100\n|-damage|p1a: Corviknight|223/288|[from] Recoil\n|move|p2a: Clodsire|Recover|p2a: Clodsire\n|-heal|p2a: Clodsire|84/100\n|\n|-heal|p1a: Corviknight|241/288|[from] item: Leftovers\n|-heal|p2a: Clodsire|90/100|[from] item: Leftovers\n|upkeep\n|turn|3\n|inactive|Time left: 300 sec this turn | 300 sec total\n|\n|t:|1783571052\n|move|p1a: Corviknight|Body Press|p2a: Clodsire\n|-resisted|p2a: Clodsire\n|-damage|p2a: Clodsire|82/100\n|move|p2a: Clodsire|Earthquake|p1a: Corviknight\n|-immune|p1a: Corviknight\n|\n|-heal|p1a: Corviknight|259/288|[from] item: Leftovers\n|-heal|p2a: Clodsire|89/100|[from] item: Leftovers\n|upkeep\n|turn|4\n|inactive|Time left: 300 sec this turn | 300 sec total\n|\n|t:|1783571052\n|move|p1a: Corviknight|Brave Bird|p2a: Clodsire\n|-damage|p2a: Clodsire|58/100\n|-damage|p1a: Corviknight|224/288|[from] Recoil\n|move|p2a: Clodsire|Earthquake|p1a: Corviknight\n|-immune|p1a: Corviknight\n|\n|-heal|p1a: Corviknight|242/288|[from] item: Leftovers\n|-heal|p2a: Clodsire|64/100|[from] item: Leftovers\n|upkeep\n|turn|5\n|inactive|Time left: 300 sec this turn | 300 sec total\n|\n|t:|1783571053\n|move|p1a: Corviknight|Brave Bird|p2a: Clodsire\n|-damage|p2a: Clodsire|35/100\n|-damage|p1a: Corviknight|209/288|[from] Recoil\n|move|p2a: Clodsire|Recover|p2a: Clodsire\n|-heal|p2a: Clodsire|85/100\n|\n|-heal|p1a: Corviknight|227/288|[from] item: Leftovers\n|-heal|p2a: Clodsire|91/100|[from] item: Leftovers\n|upkeep\n|turn|6\n|inactive|Time left: 300 sec this turn | 300 sec total\n|\n|t:|1783571054\n|move|p1a: Corviknight|Brave Bird|p2a: Clodsire\n|-damage|p2a: Clodsire|62/100\n|-damage|p1a: Corviknight|194/288|[from] Recoil\n|move|p2a: Clodsire|Curse|p2a: Clodsire\n|-unboost|p2a: Clodsire|spe|1\n|-boost|p2a: Clodsire|atk|1\n|-boost|p2a: Clodsire|def|1\n|\n|-heal|p1a: Corviknight|212/288|[from] item: Leftovers\n|-heal|p2a: Clodsire|68/100|[from] item: Leftovers\n|upkeep\n|turn|7\n|inactive|Time left: 300 sec this turn | 300 sec total\n|\n|t:|1783571055\n|move|p1a: Corviknight|Body Press|p2a: Clodsire\n|-resisted|p2a: Clodsire\n|-damage|p2a: Clodsire|62/100\n|move|p2a: Clodsire|Recover|p2a: Clodsire\n|-heal|p2a: Clodsire|100/100\n|\n|-heal|p1a: Corviknight|230/288|[from] item: Leftovers\n|upkeep\n|turn|8\n|inactive|Time left: 300 sec this turn | 300 sec total\n|\n|t:|1783571056\n|move|p1a: Corviknight|Brave Bird|p2a: Clodsire\n|-damage|p2a: Clodsire|78/100\n|-damage|p1a: Corviknight|205/288|[from] Recoil\n|move|p2a: Clodsire|Earthquake|p1a: Corviknight\n|-immune|p1a: Corviknight\n|\n|-heal|p1a: Corviknight|223/288|[from] item: Leftovers\n|-heal|p2a: Clodsire|84/100|[from] item: Leftovers\n|upkeep\n|turn|9\n|inactive|Time left: 300 sec this turn | 300 sec total\n|\n|t:|1783571057\n|move|p1a: Corviknight|Brave Bird|p2a: Clodsire\n|-crit|p2a: Clodsire\n|-damage|p2a: Clodsire|19/100\n|-damage|p1a: Corviknight|148/288|[from] Recoil\n|move|p2a: Clodsire|Earthquake|p1a: Corviknight\n|-immune|p1a: Corviknight\n|\n|-heal|p1a: Corviknight|166/288|[from] item: Leftovers\n|-heal|p2a: Clodsire|25/100|[from] item: Leftovers\n|upkeep\n|turn|10\n|inactive|Time left: 300 sec this turn | 300 sec total\n|\n|t:|1783571058\n|move|p1a: Corviknight|Brave Bird|p2a: Clodsire\n|-damage|p2a: Clodsire|5/100\n|-damage|p1a: Corviknight|144/288|[from] Recoil\n|move|p2a: Clodsire|Recover|p2a: Clodsire\n|-heal|p2a: Clodsire|55/100\n|\n|-heal|p1a: Corviknight|162/288|[from] item: Leftovers\n|-heal|p2a: Clodsire|61/100|[from] item: Leftovers\n|upkeep\n|turn|11\n|inactive|Time left: 300 sec this turn | 300 sec total\n|\n|t:|1783571060\n|move|p1a: Corviknight|Brave Bird|p2a: Clodsire\n|-damage|p2a: Clodsire|42/100\n|-damage|p1a: Corviknight|140/288|[from] Recoil\n|move|p2a: Clodsire|Earthquake|p1a: Corviknight\n|-immune|p1a: Corviknight\n|\n|-heal|p1a: Corviknight|158/288|[from] item: Leftovers\n|-heal|p2a: Clodsire|48/100|[from] item: Leftovers\n|upkeep\n|turn|12\n|inactive|Time left: 300 sec this turn | 300 sec total\n|\n|t:|1783571061\n|move|p1a: Corviknight|Brave Bird|p2a: Clodsire\n|-damage|p2a: Clodsire|25/100\n|-damage|p1a: Corviknight|132/288|[from] Recoil\n|move|p2a: Clodsire|Recover|p2a: Clodsire\n|-heal|p2a: Clodsire|75/100\n|\n|-heal|p1a: Corviknight|150/288|[from] item: Leftovers\n|-heal|p2a: Clodsire|82/100|[from] item: Leftovers\n|upkeep\n|turn|13\n|inactive|Time left: 300 sec this turn | 300 sec total\n|\n|t:|1783571062\n|move|p1a: Corviknight|Brave Bird|p2a: Clodsire\n|-damage|p2a: Clodsire|62/100\n|-damage|p1a: Corviknight|128/288|[from] Recoil\n|move|p2a: Clodsire|Earthquake|p1a: Corviknight\n|-immune|p1a: Corviknight\n|\n|-heal|p1a: Corviknight|146/288|[from] item: Leftovers\n|-heal|p2a: Clodsire|68/100|[from] item: Leftovers\n|upkeep\n|turn|14\n|inactive|Time left: 300 sec this turn | 300 sec total\n|\n|t:|1783571063\n|move|p1a: Corviknight|Brave Bird|p2a: Clodsire\n|-damage|p2a: Clodsire|49/100\n|-damage|p1a: Corviknight|124/288|[from] Recoil\n|move|p2a: Clodsire|Earthquake|p1a: Corviknight\n|-immune|p1a: Corviknight\n|\n|-heal|p1a: Corviknight|142/288|[from] item: Leftovers\n|-heal|p2a: Clodsire|55/100|[from] item: Leftovers\n|upkeep\n|turn|15\n|inactive|Time left: 300 sec this turn | 300 sec total\n|\n|t:|1783571064\n|move|p1a: Corviknight|Brave Bird|p2a: Clodsire\n|-damage|p2a: Clodsire|33/100\n|-damage|p1a: Corviknight|118/288|[from] Recoil\n|move|p2a: Clodsire|Earthquake|p1a: Corviknight\n|-immune|p1a: Corviknight\n|\n|-heal|p1a: Corviknight|136/288|[from] item: Leftovers\n|-heal|p2a: Clodsire|40/100|[from] item: Leftovers\n|upkeep\n|turn|16\n|inactive|Time left: 300 sec this turn | 300 sec total\n|\n|t:|1783571065\n|move|p1a: Corviknight|Brave Bird|p2a: Clodsire\n|-damage|p2a: Clodsire|19/100\n|-damage|p1a: Corviknight|113/288|[from] Recoil\n|move|p2a: Clodsire|Recover|p2a: Clodsire\n|-heal|p2a: Clodsire|70/100\n|\n|-heal|p1a: Corviknight|131/288|[from] item: Leftovers\n|-heal|p2a: Clodsire|76/100|[from] item: Leftovers\n|upkeep\n|turn|17\n|inactive|Time left: 300 sec this turn | 300 sec total\n|\n|t:|1783571066\n|move|p1a: Corviknight|Brave Bird|p2a: Clodsire\n|-crit|p2a: Clodsire\n|-damage|p2a: Clodsire|7/100\n|-damage|p1a: Corviknight|53/288|[from] Recoil\n|move|p2a: Clodsire|Earthquake|p1a: Corviknight\n|-immune|p1a: Corviknight\n|\n|-heal|p1a: Corviknight|71/288|[from] item: Leftovers\n|-heal|p2a: Clodsire|13/100|[from] item: Leftovers\n|upkeep\n|turn|18\n|inactive|Time left: 300 sec this turn | 300 sec total\n|\n|t:|1783571067\n|move|p1a: Corviknight|Brave Bird|p2a: Clodsire\n|-damage|p2a: Clodsire|0 fnt\n|faint|p2a: Clodsire\n|-damage|p1a: Corviknight|56/288|[from] Recoil\n|\n|-heal|p1a: Corviknight|74/288|[from] item: Leftovers\n|upkeep\n|\n|t:|1783571068\n|switch|p2a: Chandelure|Chandelure, L83, M|100/100\n|turn|19\n|inactive|Time left: 300 sec this turn | 300 sec total\n|\n|t:|1783571069\n|move|p2a: Chandelure|Shadow Ball|p1a: Corviknight\n|-damage|p1a: Corviknight|0 fnt\n|faint|p1a: Corviknight\n|\n|upkeep\n|inactive|Time left: 300 sec this turn | 300 sec total | 5 sec grace\n|\n|t:|1783571071\n|switch|p1a: Raikou|Raikou, L81|278/278\n|-ability|p1a: Raikou|Pressure\n|turn|20\n|inactive|Time left: 300 sec this turn | 300 sec total\n|\n|t:|1783571072\n|move|p2a: Chandelure|Shadow Ball|p1a: Raikou\n|-damage|p1a: Raikou|178/278\n|move|p1a: Raikou|Thunderbolt|p2a: Chandelure\n|-damage|p2a: Chandelure|41/100\n|\n|upkeep\n|turn|21\n|inactive|Time left: 300 sec this turn | 300 sec total\n|\n|t:|1783571073\n|switch|p2a: Roaring Moon|Roaring Moon, L72|100/100\n|-enditem|p2a: Roaring Moon|Booster Energy\n|-activate|p2a: Roaring Moon|ability: Protosynthesis|[fromitem]\n|-start|p2a: Roaring Moon|protosynthesisatk\n|move|p1a: Raikou|Thunderbolt|p2a: Roaring Moon\n|-resisted|p2a: Roaring Moon\n|-damage|p2a: Roaring Moon|73/100\n|-status|p2a: Roaring Moon|par\n|\n|upkeep\n|turn|22\n|inactive|Time left: 300 sec this turn | 300 sec total\n|\n|t:|1783571074\n|move|p1a: Raikou|Thunderbolt|p2a: Roaring Moon\n|-resisted|p2a: Roaring Moon\n|-damage|p2a: Roaring Moon|45/100 par\n|move|p2a: Roaring Moon|Outrage|p1a: Raikou\n|-damage|p1a: Raikou|0 fnt\n|faint|p1a: Raikou\n|\n|upkeep\n|inactive|Time left: 300 sec this turn | 300 sec total | 5 sec grace\n|\n|t:|1783571076\n|switch|p1a: Kricketune|Kricketune, L99, F|312/312\n|turn|23\n|inactive|Time left: 300 sec this turn | 300 sec total\n|\n|t:|1783571077\n|move|p1a: Kricketune|Sticky Web|p2a: Roaring Moon\n|-sidestart|p2: p0y27820f9c|move: Sticky Web\n|move|p2a: Roaring Moon|Outrage|p1a: Kricketune|[from] lockedmove\n|-damage|p1a: Kricketune|98/312\n|-start|p2a: Roaring Moon|confusion|[fatigue]\n|\n|upkeep\n|turn|24\n|inactive|Time left: 300 sec this turn | 300 sec total\n|\n|t:|1783571078\n|move|p1a: Kricketune|Pounce|p2a: Roaring Moon\n|-supereffective|p2a: Roaring Moon\n|-damage|p2a: Roaring Moon|0 fnt\n|faint|p2a: Roaring Moon\n|-end|p2a: Roaring Moon|Protosynthesis|[silent]\n|\n|upkeep\n|\n|t:|1783571079\n|switch|p2a: Drifblim|Drifblim, L86, M|100/100\n|turn|25\n|inactive|Time left: 300 sec this turn | 300 sec total\n|\n|t:|1783571080\n|switch|p1a: Lapras|Lapras, L87, M|368/368\n|move|p2a: Drifblim|Air Slash|p1a: Lapras\n|-damage|p1a: Lapras|290/368\n|\n|upkeep\n|turn|26\n|inactive|Time left: 300 sec this turn | 300 sec total\n|\n|t:|1783571081\n|move|p2a: Drifblim|Air Slash|p1a: Lapras\n|-damage|p1a: Lapras|218/368\n|move|p1a: Lapras|Freeze-Dry|p2a: Drifblim\n|-supereffective|p2a: Drifblim\n|-damage|p2a: Drifblim|52/100\n|\n|upkeep\n|turn|27\n|inactive|Time left: 300 sec this turn | 300 sec total\n|\n|t:|1783571082\n|move|p2a: Drifblim|Strength Sap|p1a: Lapras\n|-unboost|p1a: Lapras|atk|1\n|-heal|p2a: Drifblim|90/100\n|move|p1a: Lapras|Freeze-Dry|p2a: Drifblim\n|-supereffective|p2a: Drifblim\n|-damage|p2a: Drifblim|37/100\n|\n|upkeep\n|turn|28\n|inactive|Time left: 300 sec this turn | 300 sec total\n|\n|t:|1783571083\n|move|p2a: Drifblim|Defog|p1a: Lapras\n|-unboost|p1a: Lapras|evasion|1\n|-sideend|p2: p0y27820f9c|Sticky Web|[from] move: Defog|[of] p2a: Drifblim\n|move|p1a: Lapras|Freeze-Dry|p2a: Drifblim\n|-supereffective|p2a: Drifblim\n|-damage|p2a: Drifblim|0 fnt\n|faint|p2a: Drifblim\n|\n|upkeep\n|\n|t:|1783571084\n|switch|p2a: Chandelure|Chandelure, L83, M|41/100\n|turn|29\n|inactive|Time left: 300 sec this turn | 300 sec total\n|\n|t:|1783571085\n|move|p2a: Chandelure|Fire Blast|p1a: Lapras\n|-damage|p1a: Lapras|61/368\n|move|p1a: Lapras|Sparkling Aria|p2a: Chandelure\n|-supereffective|p2a: Chandelure\n|-damage|p2a: Chandelure|0 fnt\n|faint|p2a: Chandelure\n|\n|upkeep\n|\n|t:|1783571086\n|switch|p2a: Volbeat|Volbeat, L90, M|100/100\n|turn|30\n|inactive|Time left: 300 sec this turn | 300 sec total\n|\n|t:|1783571087\n|move|p2a: Volbeat|U-turn|p1a: Lapras\n|-damage|p1a: Lapras|0 fnt\n|faint|p1a: Lapras\n|\n|t:|1783571088\n|switch|p2a: Empoleon|Empoleon, L84, M|100/100|[from] U-turn\n|\n|upkeep\n|inactive|Time left: 300 sec this turn | 300 sec total | 10 sec grace\n|\n|t:|1783571089\n|switch|p1a: Medicham|Medicham, L86, F|243/243\n|turn|31\n|inactive|Time left: 300 sec this turn | 300 sec total\n|\n|t:|1783571090\n|switch|p2a: Volbeat|Volbeat, L90, M|100/100\n|move|p1a: Medicham|Close Combat|p2a: Volbeat\n|-resisted|p2a: Volbeat\n|-damage|p2a: Volbeat|65/100\n|-unboost|p1a: Medicham|def|1\n|-unboost|p1a: Medicham|spd|1\n|\n|upkeep\n|turn|32\n|inactive|Time left: 300 sec this turn | 300 sec total\n|\n|t:|1783571091\n|move|p2a: Volbeat|Roost|p2a: Volbeat\n|-heal|p2a: Volbeat|100/100\n|-singleturn|p2a: Volbeat|move: Roost\n|move|p1a: Medicham|Close Combat|p2a: Volbeat\n|-resisted|p2a: Volbeat\n|-damage|p2a: Volbeat|64/100\n|-unboost|p1a: Medicham|def|1\n|-unboost|p1a: Medicham|spd|1\n|\n|upkeep\n|turn|33\n|inactive|Time left: 300 sec this turn | 300 sec total\n|\n|t:|1783571092\n|move|p2a: Volbeat|Thunder Wave|p1a: Medicham\n|-status|p1a: Medicham|par\n|cant|p1a: Medicham|par\n|\n|upkeep\n|turn|34\n|inactive|Time left: 300 sec this turn | 300 sec total\n|\n|t:|1783571093\n|move|p2a: Volbeat|Roost|p2a: Volbeat\n|-heal|p2a: Volbeat|100/100\n|-singleturn|p2a: Volbeat|move: Roost\n|move|p1a: Medicham|Close Combat|p2a: Volbeat\n|-resisted|p2a: Volbeat\n|-damage|p2a: Volbeat|64/100\n|-unboost|p1a: Medicham|def|1\n|-unboost|p1a: Medicham|spd|1\n|\n|upkeep\n|turn|35\n|inactive|Time left: 300 sec this turn | 300 sec total\n|\n|t:|1783571094\n|move|p2a: Volbeat|Roost|p2a: Volbeat\n|-heal|p2a: Volbeat|100/100\n|-singleturn|p2a: Volbeat|move: Roost\n|move|p1a: Medicham|Close Combat|p2a: Volbeat\n|-resisted|p2a: Volbeat\n|-damage|p2a: Volbeat|64/100\n|-unboost|p1a: Medicham|def|1\n|-unboost|p1a: Medicham|spd|1\n|\n|upkeep\n|turn|36\n|inactive|Time left: 300 sec this turn | 300 sec total\n|\n|t:|1783571095\n|move|p2a: Volbeat|Roost|p2a: Volbeat\n|-heal|p2a: Volbeat|100/100\n|-singleturn|p2a: Volbeat|move: Roost\n|move|p1a: Medicham|Close Combat|p2a: Volbeat\n|-resisted|p2a: Volbeat\n|-damage|p2a: Volbeat|61/100\n|-unboost|p1a: Medicham|def|1\n|-unboost|p1a: Medicham|spd|1\n|\n|upkeep\n|turn|37\n|inactive|Time left: 300 sec this turn | 300 sec total\n|\n|t:|1783571096\n|switch|p1a: Volbeat|Volbeat, L90, M|263/263\n|move|p2a: Volbeat|Roost|p2a: Volbeat\n|-heal|p2a: Volbeat|100/100\n|-singleturn|p2a: Volbeat|move: Roost\n|\n|upkeep\n|turn|38\n|inactive|Time left: 300 sec this turn | 300 sec total\n|\n|t:|1783571097\n|move|p1a: Volbeat|Thunder Wave|p2a: Volbeat|[miss]\n|-miss|p1a: Volbeat|p2a: Volbeat\n|move|p2a: Volbeat|U-turn|p1a: Volbeat\n|-damage|p1a: Volbeat|188/263\n|\n|t:|1783571097\n|switch|p2a: Empoleon|Empoleon, L84, M|100/100|[from] U-turn\n|\n|upkeep\n|turn|39\n|inactive|Time left: 300 sec this turn | 300 sec total\n|\n|t:|1783571098\n|move|p1a: Volbeat|Thunder Wave|p2a: Empoleon\n|-status|p2a: Empoleon|par\n|move|p2a: Empoleon|Surf|p1a: Volbeat\n|-damage|p1a: Volbeat|86/263\n|\n|upkeep\n|turn|40\n|inactive|Time left: 300 sec this turn | 300 sec total\n|\n|t:|1783571099\n|move|p1a: Volbeat|Roost|p1a: Volbeat\n|-heal|p1a: Volbeat|218/263\n|-singleturn|p1a: Volbeat|move: Roost\n|move|p2a: Empoleon|Surf|p1a: Volbeat\n|-damage|p1a: Volbeat|119/263\n|\n|upkeep\n|turn|41\n|inactive|Time left: 300 sec this turn | 300 sec total\n|\n|t:|1783571100\n|move|p1a: Volbeat|Roost|p1a: Volbeat\n|-heal|p1a: Volbeat|251/263\n|-singleturn|p1a: Volbeat|move: Roost\n|move|p2a: Empoleon|Surf|p1a: Volbeat\n|-damage|p1a: Volbeat|152/263\n|\n|upkeep\n|turn|42\n|inactive|Time left: 300 sec this turn | 300 sec total\n|\n|t:|1783571101\n|move|p1a: Volbeat|Roost|p1a: Volbeat\n|-heal|p1a: Volbeat|263/263\n|-singleturn|p1a: Volbeat|move: Roost\n|move|p2a: Empoleon|Surf|p1a: Volbeat\n|-damage|p1a: Volbeat|158/263\n|\n|upkeep\n|turn|43\n|inactive|Time left: 300 sec this turn | 300 sec total\n|\n|t:|1783571102\n|move|p1a: Volbeat|Roost|p1a: Volbeat\n|-heal|p1a: Volbeat|263/263\n|-singleturn|p1a: Volbeat|move: Roost\n|move|p2a: Empoleon|Surf|p1a: Volbeat\n|-damage|p1a: Volbeat|161/263\n|\n|upkeep\n|turn|44\n|inactive|Time left: 300 sec this turn | 300 sec total\n|\n|t:|1783571103\n|move|p1a: Volbeat|Roost|p1a: Volbeat\n|-heal|p1a: Volbeat|263/263\n|-singleturn|p1a: Volbeat|move: Roost\n|move|p2a: Empoleon|Knock Off|p1a: Volbeat\n|-damage|p1a: Volbeat|197/263\n|-enditem|p1a: Volbeat|Heavy-Duty Boots|[from] move: Knock Off|[of] p2a: Empoleon\n|\n|upkeep\n|turn|45\n|inactive|Time left: 300 sec this turn | 300 sec total\n|\n|t:|1783571104\n|move|p1a: Volbeat|Roost|p1a: Volbeat\n|-heal|p1a: Volbeat|263/263\n|-singleturn|p1a: Volbeat|move: Roost\n|move|p2a: Empoleon|Surf|p1a: Volbeat\n|-damage|p1a: Volbeat|164/263\n|\n|upkeep\n|turn|46\n|inactive|Time left: 300 sec this turn | 300 sec total\n|\n|t:|1783571105\n|move|p1a: Volbeat|Roost|p1a: Volbeat\n|-heal|p1a: Volbeat|263/263\n|-singleturn|p1a: Volbeat|move: Roost\n|move|p2a: Empoleon|Surf|p1a: Volbeat\n|-damage|p1a: Volbeat|167/263\n|\n|upkeep\n|turn|47\n|inactive|Time left: 300 sec this turn | 300 sec total\n|\n|t:|1783571106\n|move|p1a: Volbeat|Roost|p1a: Volbeat\n|-heal|p1a: Volbeat|263/263\n|-singleturn|p1a: Volbeat|move: Roost\n|move|p2a: Empoleon|Surf|p1a: Volbeat\n|-damage|p1a: Volbeat|170/263\n|\n|upkeep\n|turn|48\n|inactive|Time left: 300 sec this turn | 300 sec total\n|\n|t:|1783571107\n|switch|p1a: Medicham|Medicham, L86, F|243/243 par\n|move|p2a: Empoleon|Surf|p1a: Medicham\n|-damage|p1a: Medicham|134/243 par\n|\n|upkeep\n|turn|49\n|inactive|Time left: 300 sec this turn | 300 sec total\n|\n|t:|1783571108\n|switch|p2a: Volbeat|Volbeat, L90, M|100/100\n|cant|p1a: Medicham|par\n|\n|upkeep\n|turn|50\n|inactive|Time left: 300 sec this turn | 300 sec total\n|\n|t:|1783571109\n|move|p2a: Volbeat|U-turn|p1a: Medicham\n|-damage|p1a: Medicham|52/243 par\n|\n|t:|1783571110\n|switch|p2a: Empoleon|Empoleon, L84, M|100/100 par|[from] U-turn\n|cant|p1a: Medicham|par\n|\n|upkeep\n|turn|51\n|inactive|Time left: 300 sec this turn | 300 sec total\n|\n|t:|1783571111\n|move|p1a: Medicham|Close Combat|p2a: Empoleon\n|-supereffective|p2a: Empoleon\n|-damage|p2a: Empoleon|0 fnt\n|-unboost|p1a: Medicham|def|1\n|-unboost|p1a: Medicham|spd|1\n|faint|p2a: Empoleon\n|\n|upkeep\n|\n|t:|1783571112\n|switch|p2a: Volbeat|Volbeat, L90, M|100/100\n|turn|52\n|inactive|Time left: 300 sec this turn | 300 sec total\n|\n|t:|1783571112\n|move|p2a: Volbeat|U-turn|p1a: Medicham\n|-damage|p1a: Medicham|0 fnt\n|faint|p1a: Medicham\n|\n|upkeep\n|inactive|Time left: 300 sec this turn | 300 sec total | 5 sec grace\n|\n|t:|1783571113\n|switch|p1a: Kricketune|Kricketune, L99, F|98/312\n|turn|53\n|inactive|Time left: 300 sec this turn | 300 sec total\n|\n|t:|1783571114\n|move|p2a: Volbeat|U-turn|p1a: Kricketune\n|-damage|p1a: Kricketune|10/312\n|move|p1a: Kricketune|Pounce|p2a: Volbeat\n|-damage|p2a: Volbeat|61/100\n|-unboost|p2a: Volbeat|spe|1\n|\n|upkeep\n|turn|54\n|inactive|Time left: 300 sec this turn | 300 sec total\n|\n|t:|1783571115\n|-terastallize|p2a: Volbeat|Steel\n|move|p1a: Kricketune|Pounce|p2a: Volbeat\n|-resisted|p2a: Volbeat\n|-damage|p2a: Volbeat|43/100\n|-unboost|p2a: Volbeat|spe|1\n|move|p2a: Volbeat|U-turn|p1a: Kricketune\n|-damage|p1a: Kricketune|0 fnt\n|faint|p1a: Kricketune\n|\n|upkeep\n|inactive|Time left: 300 sec this turn | 300 sec total | 5 sec grace\n|\n|t:|1783571116\n|switch|p1a: Volbeat|Volbeat, L90, M|170/263\n|turn|55\n|inactive|Time left: 300 sec this turn | 300 sec total\n|\n|t:|1783571117\n|move|p1a: Volbeat|Thunder Wave|p2a: Volbeat|[miss]\n|-miss|p1a: Volbeat|p2a: Volbeat\n|move|p2a: Volbeat|Roost|p2a: Volbeat\n|-heal|p2a: Volbeat|93/100\n|\n|upkeep\n|turn|56\n|inactive|Time left: 300 sec this turn | 300 sec total\n|\n|t:|1783571118\n|move|p1a: Volbeat|Encore|p2a: Volbeat\n|-start|p2a: Volbeat|Encore\n|move|p2a: Volbeat|Roost|p2a: Volbeat\n|-heal|p2a: Volbeat|100/100\n|\n|upkeep\n|turn|57\n|inactive|Time left: 300 sec this turn | 300 sec total\n|\n|t:|1783571119\n|-terastallize|p1a: Volbeat|Water\n|move|p2a: Volbeat|Roost||[still]\n|-fail|p2a: Volbeat|heal\n|move|p1a: Volbeat|U-turn|p2a: Volbeat\n|-resisted|p2a: Volbeat\n|-damage|p2a: Volbeat|87/100\n|\n|-end|p2a: Volbeat|Encore\n|upkeep\n|turn|58\n|inactive|Time left: 300 sec this turn | 300 sec total\n|\n|t:|1783571121\n|move|p1a: Volbeat|Encore||[still]\n|-fail|p1a: Volbeat\n|move|p2a: Volbeat|Encore||[still]\n|-fail|p2a: Volbeat\n|\n|upkeep\n|turn|59\n|inactive|Time left: 300 sec this turn | 300 sec total\n|\n|t:|1783571121\n|move|p1a: Volbeat|Thunder Wave|p2a: Volbeat\n|-status|p2a: Volbeat|par\n|move|p2a: Volbeat|U-turn|p1a: Volbeat\n|-damage|p1a: Volbeat|95/263\n|\n|upkeep\n|turn|60\n|inactive|Time left: 300 sec this turn | 300 sec total\n|\n|t:|1783571122\n|move|p1a: Volbeat|Thunder Wave|p2a: Volbeat\n|-fail|p2a: Volbeat|par\n|move|p2a: Volbeat|U-turn|p1a: Volbeat\n|-damage|p1a: Volbeat|19/263\n|\n|upkeep\n|turn|61\n|inactive|Time left: 300 sec this turn | 300 sec total\n|\n|t:|1783571123\n|move|p1a: Volbeat|U-turn|p2a: Volbeat\n|-resisted|p2a: Volbeat\n|-damage|p2a: Volbeat|73/100 par\n|move|p2a: Volbeat|U-turn|p1a: Volbeat\n|-crit|p1a: Volbeat\n|-damage|p1a: Volbeat|0 fnt\n|faint|p1a: Volbeat\n|\n|win|p0y27820f9c", "uploadtime": 1783571123, "views": 0, "rating": 0, "private": 0, "password": null, "_winner": "p0y27820f9c", "_our_name": "p0x27824abf"}