{"id": "battle-gen9randombattle-1279", "formatid": "gen9randombattle", "format": "[Gen 9] Random Battle", "players": ["p0x1279071b", "p0y127974bc"], "log": "|init|battle\n|title|p0x1279071b vs. p0y127974bc\n|j|\u2606p0x1279071b\n|j|\u2606p0y127974bc\n|t:|1783553968\n|gametype|singles\n|player|p1|p0x1279071b|1|\n|player|p2|p0y127974bc|102|\n|gen|9\n|tier|[Gen 9] Random Battle\n|rule|Species Clause: Limit one of each Pok\u00e9mon\n|rule|HP Percentage Mod: HP is shown in percentages\n|rule|Sleep Clause Mod: Limit one foe put to sleep\n|rule|Illusion Level Mod: Illusion disguises the Pok\u00e9mon's true level\n|\n|t:|1783553968\n|teamsize|p1|6\n|teamsize|p2|6\n|start\n|switch|p1a: Bastiodon|Bastiodon, L89, F|100/100\n|switch|p2a: Excadrill|Excadrill, L79, F|303/303\n|-ability|p2a: Excadrill|Mold Breaker\n|turn|1\n|inactive|Battle timer is ON: inactive players will automatically lose when time's up. (requested by p0y127974bc)\n|inactive|p0x1279071b also wants the timer to be on.\n|\n|t:|1783553970\n|-terastallize|p1a: Bastiodon|Fighting\n|move|p2a: Excadrill|Earthquake|p1a: Bastiodon\n|-crit|p1a: Bastiodon\n|-damage|p1a: Bastiodon|58/100\n|move|p1a: Bastiodon|Body Press|p2a: Excadrill\n|-supereffective|p2a: Excadrill\n|-damage|p2a: Excadrill|0 fnt\n|faint|p2a: Excadrill\n|\n|upkeep\n|inactive|Time left: 300 sec this turn | 300 sec total | 65 sec grace\n|\n|t:|1783553971\n|switch|p2a: Salamence|Salamence, L77, F|273/273\n|turn|2\n|inactive|Time left: 300 sec this turn | 300 sec total\n|\n|t:|1783553971\n|move|p2a: Salamence|Dragon Dance|p2a: Salamence\n|-boost|p2a: Salamence|atk|1\n|-boost|p2a: Salamence|spe|1\n|move|p1a: Bastiodon|Rest|p1a: Bastiodon\n|-status|p1a: Bastiodon|slp|[from] move: Rest\n|-heal|p1a: Bastiodon|100/100 slp|[silent]\n|-enditem|p1a: Bastiodon|Chesto Berry|[eat]\n|-curestatus|p1a: Bastiodon|slp|[msg]\n|\n|upkeep\n|turn|3\n|inactive|Time left: 300 sec this turn | 300 sec total\n|\n|t:|1783553972\n|move|p2a: Salamence|Dual Wingbeat|p1a: Bastiodon\n|-supereffective|p1a: Bastiodon\n|-damage|p1a: Bastiodon|70/100\n|-supereffective|p1a: Bastiodon\n|-damage|p1a: Bastiodon|36/100\n|-hitcount|p1a: Bastiodon|2\n|move|p1a: Bastiodon|Iron Defense|p1a: Bastiodon\n|-boost|p1a: Bastiodon|def|2\n|\n|upkeep\n|turn|4\n|inactive|Time left: 300 sec this turn | 300 sec total\n|\n|t:|1783553973\n|move|p2a: Salamence|Dragon Dance|p2a: Salamence\n|-boost|p2a: Salamence|atk|1\n|-boost|p2a: Salamence|spe|1\n|move|p1a: Bastiodon|Rest|p1a: Bastiodon\n|-status|p1a: Bastiodon|slp|[from] move: Rest\n|-heal|p1a: Bastiodon|100/100 slp|[silent]\n|\n|upkeep\n|turn|5\n|inactive|Time left: 300 sec this turn | 300 sec total\n|\n|t:|1783553974\n|move|p2a: Salamence|Dual Wingbeat|p1a: Bastiodon\n|-supereffective|p1a: Bastiodon\n|-damage|p1a: Bastiodon|78/100 slp\n|-supereffective|p1a: Bastiodon\n|-damage|p1a: Bastiodon|58/100 slp\n|-hitcount|p1a: Bastiodon|2\n|cant|p1a: Bastiodon|slp\n|\n|upkeep\n|turn|6\n|inactive|Time left: 300 sec this turn | 300 sec total\n|\n|t:|1783553975\n|move|p2a: Salamence|Outrage|p1a: Bastiodon\n|-damage|p1a: Bastiodon|27/100 slp\n|cant|p1a: Bastiodon|slp\n|\n|upkeep\n|turn|7\n|inactive|Time left: 300 sec this turn | 300 sec total\n|\n|t:|1783553976\n|switch|p1a: Swampert|Swampert, L83, F|100/100\n|move|p2a: Salamence|Outrage|p1a: Swampert|[from] lockedmove\n|-damage|p1a: Swampert|7/100\n|\n|-heal|p1a: Swampert|13/100|[from] item: Leftovers\n|upkeep\n|turn|8\n|inactive|Time left: 300 sec this turn | 300 sec total\n|\n|t:|1783553977\n|switch|p1a: Bastiodon|Bastiodon, L89, F, tera:Fighting|27/100 slp\n|move|p2a: Salamence|Outrage|p1a: Bastiodon|[from] lockedmove\n|-damage|p1a: Bastiodon|0 fnt\n|faint|p1a: Bastiodon\n|-ability|p2a: Salamence|Moxie|boost\n|-boost|p2a: Salamence|atk|1\n|-start|p2a: Salamence|confusion|[fatigue]\n|\n|upkeep\n|\n|t:|1783553978\n|switch|p1a: Swampert|Swampert, L83, F|13/100\n|turn|9\n|inactive|Time left: 300 sec this turn | 300 sec total\n|\n|t:|1783553979\n|-activate|p2a: Salamence|confusion\n|move|p2a: Salamence|Outrage|p1a: Swampert\n|-damage|p1a: Swampert|0 fnt\n|faint|p1a: Swampert\n|-ability|p2a: Salamence|Moxie|boost\n|-boost|p2a: Salamence|atk|1\n|\n|upkeep\n|\n|t:|1783553980\n|switch|p1a: Electivire|Electivire, L84, M|100/100\n|turn|10\n|inactive|Time left: 300 sec this turn | 300 sec total\n|\n|t:|1783553981\n|-activate|p2a: Salamence|confusion\n|move|p2a: Salamence|Outrage|p1a: Electivire|[from] lockedmove\n|-damage|p1a: Electivire|0 fnt\n|faint|p1a: Electivire\n|-ability|p2a: Salamence|Moxie|boost\n|-boost|p2a: Salamence|atk|1\n|\n|upkeep\n|\n|t:|1783553982\n|switch|p1a: Hydreigon|Hydreigon, L79, M|100/100\n|turn|11\n|inactive|Time left: 300 sec this turn | 300 sec total\n|\n|t:|1783553983\n|-activate|p2a: Salamence|confusion\n|-damage|p2a: Salamence|150/273|[from] confusion\n|move|p1a: Hydreigon|Draco Meteor|p2a: Salamence\n|-supereffective|p2a: Salamence\n|-damage|p2a: Salamence|0 fnt\n|-unboost|p1a: Hydreigon|spa|2\n|faint|p2a: Salamence\n|\n|upkeep\n|inactive|Time left: 300 sec this turn | 300 sec total | 5 sec grace\n|\n|t:|1783553984\n|switch|p2a: Amoonguss|Amoonguss, L82, M|321/321\n|turn|12\n|inactive|Time left: 300 sec this turn | 300 sec total\n|\n|t:|1783553986\n|switch|p1a: Eelektross|Eelektross, L87, F|100/100\n|move|p2a: Amoonguss|Sludge Bomb|p1a: Eelektross\n|-damage|p1a: Eelektross|73/100\n|-status|p1a: Eelektross|psn\n|\n|-heal|p1a: Eelektross|79/100 psn|[from] item: Leftovers\n|-damage|p1a: Eelektross|67/100 psn|[from] psn\n|upkeep\n|turn|13\n|inactive|Time left: 300 sec this turn | 300 sec total\n|\n|t:|1783553987\n|move|p1a: Eelektross|Knock Off|p2a: Amoonguss\n|-damage|p2a: Amoonguss|220/321\n|-damage|p1a: Eelektross|50/100 psn|[from] item: Rocky Helmet|[of] p2a: Amoonguss\n|-enditem|p2a: Amoonguss|Rocky Helmet|[from] move: Knock Off|[of] p1a: Eelektross\n|move|p2a: Amoonguss|Sludge Bomb|p1a: Eelektross\n|-damage|p1a: Eelektross|24/100 psn\n|\n|-heal|p1a: Eelektross|30/100 psn|[from] item: Leftovers\n|-damage|p1a: Eelektross|17/100 psn|[from] psn\n|upkeep\n|turn|14\n|inactive|Time left: 300 sec this turn | 300 sec total\n|\n|t:|1783553988\n|switch|p2a: Eternatus|Eternatus, L69|308/308\n|-ability|p2a: Eternatus|Pressure\n|move|p1a: Eelektross|Supercell Slam|p2a: Eternatus\n|-resisted|p2a: Eternatus\n|-damage|p2a: Eternatus|237/308\n|\n|-heal|p2a: Eternatus|256/308|[from] item: Leftovers\n|-heal|p1a: Eelektross|24/100 psn|[from] item: Leftovers\n|-damage|p1a: Eelektross|11/100 psn|[from] psn\n|upkeep\n|turn|15\n|inactive|Time left: 300 sec this turn | 300 sec total\n|\n|t:|1783553989\n|move|p2a: Eternatus|Dynamax Cannon|p1a: Eelektross\n|-damage|p1a: Eelektross|0 fnt\n|faint|p1a: Eelektross\n|\n|-heal|p2a: Eternatus|275/308|[from] item: Leftovers\n|upkeep\n|\n|t:|1783553991\n|switch|p1a: Arceus|Arceus, L68|100/100\n|turn|16\n|inactive|Time left: 300 sec this turn | 300 sec total\n|\n|t:|1783553992\n|move|p2a: Eternatus|Flamethrower|p1a: Arceus\n|-damage|p1a: Arceus|78/100\n|move|p1a: Arceus|Swords Dance|p1a: Arceus\n|-boost|p1a: Arceus|atk|2\n|\n|-heal|p2a: Eternatus|294/308|[from] item: Leftovers\n|upkeep\n|turn|17\n|inactive|Time left: 300 sec this turn | 300 sec total\n|\n|t:|1783553993\n|move|p2a: Eternatus|Dynamax Cannon|p1a: Arceus\n|-damage|p1a: Arceus|41/100\n|move|p1a: Arceus|Earthquake|p2a: Eternatus\n|-supereffective|p2a: Eternatus\n|-damage|p2a: Eternatus|0 fnt\n|faint|p2a: Eternatus\n|-damage|p1a: Arceus|32/100|[from] item: Life Orb\n|\n|upkeep\n|inactive|Time left: 300 sec this turn | 300 sec total | 5 sec grace\n|\n|t:|1783553994\n|switch|p2a: Amoonguss|Amoonguss, L82, M|321/321\n|turn|18\n|inactive|Time left: 300 sec this turn | 300 sec total\n|\n|t:|1783553994\n|move|p1a: Arceus|Earthquake|p2a: Amoonguss\n|-damage|p2a: Amoonguss|136/321\n|-damage|p1a: Arceus|22/100|[from] item: Life Orb\n|move|p2a: Amoonguss|Spore|p1a: Arceus\n|-status|p1a: Arceus|slp|[from] move: Spore\n|\n|upkeep\n|turn|19\n|inactive|Time left: 300 sec this turn | 300 sec total\n|\n|t:|1783553996\n|cant|p1a: Arceus|slp\n|move|p2a: Amoonguss|Stomping Tantrum|p1a: Arceus\n|-damage|p1a: Arceus|5/100 slp\n|\n|upkeep\n|turn|20\n|inactive|Time left: 300 sec this turn | 300 sec total\n|\n|t:|1783553996\n|switch|p2a: Ogerpon|Ogerpon-Wellspring, L76, F|247/247\n|cant|p1a: Arceus|slp\n|\n|upkeep\n|turn|21\n|inactive|Time left: 300 sec this turn | 300 sec total\n|\n|t:|1783553997\n|-curestatus|p1a: Arceus|slp|[msg]\n|move|p1a: Arceus|Extreme Speed|p2a: Ogerpon\n|-damage|p2a: Ogerpon|55/247\n|-damage|p1a: Arceus|0 fnt|[from] item: Life Orb\n|faint|p1a: Arceus\n|move|p2a: Ogerpon|Wood Hammer|p1: Arceus|[notarget]\n|-fail|p2a: Ogerpon\n|\n|upkeep\n|\n|t:|1783553998\n|switch|p1a: Hydreigon|Hydreigon, L79, M|100/100\n|turn|22\n|inactive|Time left: 300 sec this turn | 300 sec total\n|\n|t:|1783553999\n|move|p2a: Ogerpon|Ivy Cudgel|p1a: Hydreigon|[anim] Ivy Cudgel Water\n|-resisted|p1a: Hydreigon\n|-damage|p1a: Hydreigon|75/100\n|move|p1a: Hydreigon|Dark Pulse|p2a: Ogerpon\n|-damage|p2a: Ogerpon|0 fnt\n|faint|p2a: Ogerpon\n|\n|upkeep\n|inactive|Time left: 300 sec this turn | 300 sec total | 5 sec grace\n|\n|t:|1783554000\n|switch|p2a: Amoonguss|Amoonguss, L82, M|243/321\n|turn|23\n|inactive|Time left: 300 sec this turn | 300 sec total\n|\n|t:|1783554001\n|-terastallize|p2a: Amoonguss|Steel\n|move|p1a: Hydreigon|Dark Pulse|p2a: Amoonguss\n|-crit|p2a: Amoonguss\n|-damage|p2a: Amoonguss|12/321\n|move|p2a: Amoonguss|Sludge Bomb|p1a: Hydreigon\n|-damage|p1a: Hydreigon|42/100\n|\n|upkeep\n|turn|24\n|inactive|Time left: 300 sec this turn | 300 sec total\n|\n|t:|1783554002\n|switch|p2a: Sableye|Sableye, L88, F|231/231\n|move|p1a: Hydreigon|Dark Pulse|p2a: Sableye\n|-damage|p2a: Sableye|72/231\n|\n|-heal|p2a: Sableye|86/231|[from] item: Leftovers\n|upkeep\n|turn|25\n|inactive|Time left: 300 sec this turn | 300 sec total\n|\n|t:|1783554003\n|move|p2a: Sableye|Will-O-Wisp|p1a: Hydreigon\n|-hint|Since gen 7, Dark is immune to Prankster moves.\n|-immune|p1a: Hydreigon\n|move|p1a: Hydreigon|Dark Pulse|p2a: Sableye\n|-damage|p2a: Sableye|0 fnt\n|faint|p2a: Sableye\n|\n|upkeep\n|inactive|Time left: 300 sec this turn | 300 sec total | 5 sec grace\n|\n|t:|1783554004\n|switch|p2a: Amoonguss|Amoonguss, L82, M, tera:Steel|119/321\n|turn|26\n|inactive|Time left: 300 sec this turn | 300 sec total\n|\n|t:|1783554004\n|move|p1a: Hydreigon|Dark Pulse|p2a: Amoonguss\n|-crit|p2a: Amoonguss\n|-damage|p2a: Amoonguss|0 fnt\n|faint|p2a: Amoonguss\n|\n|win|p0x1279071b", "uploadtime": 1783554004, "views": 0, "rating": 0, "private": 0, "password": null, "_winner": "p0x1279071b", "_our_name": "p0y127974bc"}