{"id": "battle-gen9randombattle-185", "formatid": "gen9randombattle", "format": "[Gen 9] Random Battle", "players": ["p0x18538f5", "p0y1852f24"], "log": "|init|battle\n|title|p0x18538f5 vs. p0y1852f24\n|j|\u2606p0x18538f5\n|j|\u2606p0y1852f24\n|t:|1783541720\n|gametype|singles\n|player|p1|p0x18538f5|101|\n|player|p2|p0y1852f24|101|\n|gen|9\n|tier|[Gen 9] Random Battle\n|rule|Species Clause: Limit one of each Pok\u00e9mon\n|rule|HP Percentage Mod: HP is shown in percentages\n|rule|Sleep Clause Mod: Limit one foe put to sleep\n|rule|Illusion Level Mod: Illusion disguises the Pok\u00e9mon's true level\n|\n|t:|1783541720\n|teamsize|p1|6\n|teamsize|p2|6\n|start\n|switch|p1a: Arboliva|Arboliva, L91, F|100/100\n|switch|p2a: Magnezone|Magnezone, L85|258/258\n|turn|1\n|inactive|Battle timer is ON: inactive players will automatically lose when time's up. (requested by p0y1852f24)\n|inactive|p0x18538f5 also wants the timer to be on.\n|\n|t:|1783541722\n|switch|p2a: Flareon|Flareon, L90, F|263/263\n|move|p1a: Arboliva|Earth Power|p2a: Flareon\n|-supereffective|p2a: Flareon\n|-damage|p2a: Flareon|129/263\n|\n|-status|p2a: Flareon|tox|[from] item: Toxic Orb\n|upkeep\n|turn|2\n|inactive|Time left: 300 sec this turn | 300 sec total\n|\n|t:|1783541723\n|switch|p1a: Typhlosion|Typhlosion-Hisui, L83, F|100/100\n|move|p2a: Flareon|Flare Blitz|p1a: Typhlosion\n|-resisted|p1a: Typhlosion\n|-damage|p1a: Typhlosion|44/100\n|-damage|p2a: Flareon|81/263 tox|[from] Recoil\n|\n|-damage|p2a: Flareon|65/263 tox|[from] psn\n|upkeep\n|turn|3\n|inactive|Time left: 300 sec this turn | 300 sec total\n|\n|t:|1783541724\n|move|p1a: Typhlosion|Fire Blast|p2a: Flareon\n|-resisted|p2a: Flareon\n|-damage|p2a: Flareon|13/263 tox\n|move|p2a: Flareon|Flare Blitz|p1a: Typhlosion\n|-resisted|p1a: Typhlosion\n|-damage|p1a: Typhlosion|0 fnt\n|faint|p1a: Typhlosion\n|-damage|p2a: Flareon|0 fnt|[from] Recoil\n|faint|p2a: Flareon\n|\n|upkeep\n|inactive|Time left: 300 sec this turn | 300 sec total | 5 sec grace\n|\n|t:|1783541725\n|switch|p1a: Arboliva|Arboliva, L91, F|100/100\n|switch|p2a: Avalugg|Avalugg, L88, M|310/310\n|turn|4\n|inactive|Time left: 300 sec this turn | 300 sec total\n|\n|t:|1783541726\n|move|p1a: Arboliva|Hyper Voice|p2a: Avalugg\n|-damage|p2a: Avalugg|106/310\n|move|p2a: Avalugg|Avalanche|p1a: Arboliva\n|-supereffective|p1a: Arboliva\n|-damage|p1a: Arboliva|0 fnt\n|-fieldstart|move: Grassy Terrain|[from] ability: Seed Sower|[of] p1a: Arboliva\n|faint|p1a: Arboliva\n|\n|-heal|p2a: Avalugg|125/310|[from] Grassy Terrain\n|upkeep\n|\n|t:|1783541727\n|switch|p1a: Lilligant|Lilligant, L86, F|100/100\n|turn|5\n|inactive|Time left: 300 sec this turn | 300 sec total\n|\n|t:|1783541728\n|switch|p2a: Illumise|Illumise, L91, F|266/266\n|move|p1a: Lilligant|Quiver Dance|p1a: Lilligant\n|-boost|p1a: Lilligant|spa|1\n|-boost|p1a: Lilligant|spd|1\n|-boost|p1a: Lilligant|spe|1\n|\n|upkeep\n|turn|6\n|inactive|Time left: 300 sec this turn | 300 sec total\n|\n|t:|1783541729\n|move|p2a: Illumise|Encore|p1a: Lilligant\n|-start|p1a: Lilligant|Encore\n|move|p1a: Lilligant|Quiver Dance|p1a: Lilligant\n|-boost|p1a: Lilligant|spa|1\n|-boost|p1a: Lilligant|spd|1\n|-boost|p1a: Lilligant|spe|1\n|\n|upkeep\n|turn|7\n|inactive|Time left: 300 sec this turn | 300 sec total\n|\n|t:|1783541730\n|switch|p2a: Quaquaval|Quaquaval, L79, M|264/264\n|move|p1a: Lilligant|Quiver Dance|p1a: Lilligant\n|-boost|p1a: Lilligant|spa|1\n|-boost|p1a: Lilligant|spd|1\n|-boost|p1a: Lilligant|spe|1\n|\n|upkeep\n|turn|8\n|inactive|Time left: 300 sec this turn | 300 sec total\n|\n|t:|1783541731\n|move|p1a: Lilligant|Quiver Dance|p1a: Lilligant\n|-boost|p1a: Lilligant|spa|1\n|-boost|p1a: Lilligant|spd|1\n|-boost|p1a: Lilligant|spe|1\n|move|p2a: Quaquaval|Triple Axel|p1a: Lilligant\n|-supereffective|p1a: Lilligant\n|-damage|p1a: Lilligant|81/100\n|-supereffective|p1a: Lilligant\n|-damage|p1a: Lilligant|45/100\n|-supereffective|p1a: Lilligant\n|-damage|p1a: Lilligant|0 fnt\n|faint|p1a: Lilligant\n|-ability|p2a: Quaquaval|Moxie|boost\n|-boost|p2a: Quaquaval|atk|1\n|-hitcount|p1: Lilligant|3\n|\n|-fieldend|move: Grassy Terrain\n|upkeep\n|\n|t:|1783541733\n|switch|p1a: Flamigo|Flamigo, L82, M|100/100\n|turn|9\n|inactive|Time left: 300 sec this turn | 300 sec total\n|\n|t:|1783541734\n|move|p1a: Flamigo|Brave Bird|p2a: Quaquaval\n|-supereffective|p2a: Quaquaval\n|-damage|p2a: Quaquaval|0 fnt\n|faint|p2a: Quaquaval\n|-damage|p1a: Flamigo|68/100|[from] Recoil\n|-damage|p1a: Flamigo|58/100|[from] item: Life Orb\n|\n|upkeep\n|inactive|Time left: 300 sec this turn | 300 sec total | 5 sec grace\n|\n|t:|1783541734\n|switch|p2a: Magnezone|Magnezone, L85|258/258\n|turn|10\n|inactive|Time left: 300 sec this turn | 300 sec total\n|\n|t:|1783541736\n|switch|p1a: Dudunsparce|Dudunsparce, L83, M|100/100\n|move|p2a: Magnezone|Thunderbolt|p1a: Dudunsparce\n|-damage|p1a: Dudunsparce|49/100\n|\n|-heal|p1a: Dudunsparce|55/100|[from] item: Leftovers\n|upkeep\n|turn|11\n|inactive|Time left: 300 sec this turn | 300 sec total\n|\n|t:|1783541737\n|-terastallize|p2a: Magnezone|Electric\n|move|p2a: Magnezone|Thunderbolt|p1a: Dudunsparce\n|-damage|p1a: Dudunsparce|0 fnt\n|faint|p1a: Dudunsparce\n|\n|upkeep\n|\n|t:|1783541738\n|switch|p1a: Chien-Pao|Chien-Pao, L72|100/100\n|-ability|p1a: Chien-Pao|Sword of Ruin\n|turn|12\n|inactive|Time left: 300 sec this turn | 300 sec total\n|\n|t:|1783541739\n|-terastallize|p1a: Chien-Pao|Ice\n|move|p1a: Chien-Pao|Icicle Crash|p2a: Magnezone\n|-damage|p2a: Magnezone|96/258\n|move|p2a: Magnezone|Thunderbolt|p1a: Chien-Pao\n|-crit|p1a: Chien-Pao\n|-damage|p1a: Chien-Pao|0 fnt\n|faint|p1a: Chien-Pao\n|\n|upkeep\n|\n|t:|1783541739\n|switch|p1a: Flamigo|Flamigo, L82, M|58/100\n|turn|13\n|inactive|Time left: 300 sec this turn | 300 sec total\n|\n|t:|1783541740\n|move|p2a: Magnezone|Thunderbolt|p1a: Flamigo\n|-supereffective|p1a: Flamigo\n|-damage|p1a: Flamigo|0 fnt\n|faint|p1a: Flamigo\n|\n|win|p0y1852f24", "uploadtime": 1783541740, "views": 0, "rating": 0, "private": 0, "password": null, "_winner": "p0y1852f24", "_our_name": "p0y1852f24"}