{"id": "battle-gen9randombattle-2605", "formatid": "gen9randombattle", "format": "[Gen 9] Random Battle", "players": ["p0x260509d1", "p0y2605771e"], "log": "|init|battle\n|title|p0x260509d1 vs. p0y2605771e\n|j|\u2606p0x260509d1\n|j|\u2606p0y2605771e\n|t:|1783570101\n|gametype|singles\n|player|p1|p0x260509d1|2|\n|player|p2|p0y2605771e|1|\n|gen|9\n|tier|[Gen 9] Random Battle\n|rule|Species Clause: Limit one of each Pok\u00e9mon\n|rule|HP Percentage Mod: HP is shown in percentages\n|rule|Sleep Clause Mod: Limit one foe put to sleep\n|rule|Illusion Level Mod: Illusion disguises the Pok\u00e9mon's true level\n|\n|t:|1783570101\n|teamsize|p1|6\n|teamsize|p2|6\n|start\n|switch|p1a: Dragapult|Dragapult, L77, F|262/262\n|switch|p2a: Darkrai|Darkrai, L77|100/100\n|turn|1\n|inactive|Battle timer is ON: inactive players will automatically lose when time's up. (requested by p0y2605771e)\n|inactive|Time left: 300 sec this turn | 300 sec total | 60 sec grace\n|inactive|p0x260509d1 also wants the timer to be on.\n|\n|t:|1783570102\n|move|p1a: Dragapult|Dragon Darts|p2a: Darkrai\n|-damage|p2a: Darkrai|71/100\n|-anim|p1a: Dragapult|Dragon Darts|p2a: Darkrai\n|-damage|p2a: Darkrai|40/100\n|-damage|p1a: Dragapult|236/262|[from] item: Life Orb\n|move|p2a: Darkrai|Dark Pulse|p1a: Dragapult\n|-supereffective|p1a: Dragapult\n|-damage|p1a: Dragapult|0 fnt\n|faint|p1a: Dragapult\n|-damage|p2a: Darkrai|30/100|[from] item: Life Orb\n|\n|upkeep\n|inactive|Time left: 300 sec this turn | 300 sec total | 65 sec grace\n|\n|t:|1783570103\n|switch|p1a: Rotom|Rotom-Fan, L86|226/226\n|turn|2\n|inactive|Time left: 300 sec this turn | 300 sec total\n|\n|t:|1783570103\n|move|p2a: Darkrai|Hypnosis|p1a: Rotom|[miss]\n|-miss|p2a: Darkrai|p1a: Rotom\n|move|p1a: Rotom|Thunderbolt|p2a: Darkrai\n|-damage|p2a: Darkrai|0 fnt\n|faint|p2a: Darkrai\n|\n|upkeep\n|\n|t:|1783570104\n|switch|p2a: Miraidon|Miraidon, L65|100/100\n|-fieldstart|move: Electric Terrain|[from] ability: Hadron Engine|[of] p2a: Miraidon\n|turn|3\n|inactive|Time left: 300 sec this turn | 300 sec total\n|\n|t:|1783570105\n|switch|p1a: Dedenne|Dedenne, L88, M|261/261\n|move|p2a: Miraidon|Calm Mind|p2a: Miraidon\n|-boost|p2a: Miraidon|spa|1\n|-boost|p2a: Miraidon|spd|1\n|\n|upkeep\n|turn|4\n|inactive|Time left: 300 sec this turn | 300 sec total\n|\n|t:|1783570105\n|-terastallize|p2a: Miraidon|Electric\n|move|p1a: Dedenne|Dazzling Gleam|p2a: Miraidon\n|-damage|p2a: Miraidon|74/100\n|move|p2a: Miraidon|Electro Drift|p1a: Dedenne\n|-resisted|p1a: Dedenne\n|-damage|p1a: Dedenne|21/261\n|-enditem|p1a: Dedenne|Sitrus Berry|[eat]\n|-heal|p1a: Dedenne|86/261|[from] item: Sitrus Berry\n|-heal|p1a: Dedenne|173/261|[from] ability: Cheek Pouch\n|-damage|p2a: Miraidon|64/100|[from] item: Life Orb\n|\n|upkeep\n|turn|5\n|inactive|Time left: 300 sec this turn | 300 sec total\n|\n|t:|1783570106\n|move|p1a: Dedenne|U-turn|p2a: Miraidon\n|-damage|p2a: Miraidon|45/100\n|inactive|Time left: 300 sec this turn | 300 sec total | 5 sec grace\n|\n|t:|1783570107\n|switch|p1a: Bronzong|Bronzong, L88|261/261|[from] U-turn\n|move|p2a: Miraidon|Electro Drift|p1a: Bronzong\n|-crit|p1a: Bronzong\n|-damage|p1a: Bronzong|0 fnt\n|faint|p1a: Bronzong\n|-damage|p2a: Miraidon|35/100|[from] item: Life Orb\n|\n|upkeep\n|inactive|Time left: 300 sec this turn | 300 sec total | 10 sec grace\n|\n|t:|1783570107\n|switch|p1a: Flapple|Flapple, L88, F|266/266\n|turn|6\n|inactive|Time left: 300 sec this turn | 300 sec total\n|\n|t:|1783570108\n|move|p1a: Flapple|Sucker Punch|p2a: Miraidon\n|-damage|p2a: Miraidon|0 fnt\n|faint|p2a: Miraidon\n|\n|upkeep\n|\n|t:|1783570109\n|switch|p2a: Rotom|Rotom-Frost, L87|100/100\n|turn|7\n|inactive|Time left: 300 sec this turn | 300 sec total\n|\n|t:|1783570110\n|move|p2a: Rotom|Blizzard|p1a: Flapple\n|-supereffective|p1a: Flapple\n|-damage|p1a: Flapple|0 fnt\n|faint|p1a: Flapple\n|\n|-fieldend|move: Electric Terrain\n|upkeep\n|inactive|Time left: 300 sec this turn | 300 sec total | 5 sec grace\n|\n|t:|1783570112\n|switch|p1a: Rotom|Rotom-Fan, L86|226/226\n|turn|8\n|inactive|Time left: 300 sec this turn | 300 sec total\n|\n|t:|1783570113\n|-terastallize|p1a: Rotom|Electric\n|move|p2a: Rotom|Blizzard|p1a: Rotom\n|-damage|p1a: Rotom|111/226\n|move|p1a: Rotom|Nasty Plot|p1a: Rotom\n|-boost|p1a: Rotom|spa|2\n|\n|upkeep\n|turn|9\n|inactive|Time left: 300 sec this turn | 300 sec total\n|\n|t:|1783570114\n|move|p2a: Rotom|Blizzard|p1a: Rotom\n|-damage|p1a: Rotom|0 fnt\n|faint|p1a: Rotom\n|\n|upkeep\n|inactive|Time left: 300 sec this turn | 300 sec total | 5 sec grace\n|\n|t:|1783570115\n|switch|p1a: Dedenne|Dedenne, L88, M|173/261\n|turn|10\n|inactive|Time left: 300 sec this turn | 300 sec total\n|\n|t:|1783570115\n|move|p1a: Dedenne|Dazzling Gleam|p2a: Rotom\n|-damage|p2a: Rotom|73/100\n|move|p2a: Rotom|Blizzard|p1a: Dedenne\n|-damage|p1a: Dedenne|20/261\n|\n|upkeep\n|turn|11\n|inactive|Time left: 300 sec this turn | 300 sec total\n|\n|t:|1783570116\n|move|p1a: Dedenne|Dazzling Gleam|p2a: Rotom\n|-damage|p2a: Rotom|42/100\n|move|p2a: Rotom|Volt Switch|p1a: Dedenne\n|-resisted|p1a: Dedenne\n|-damage|p1a: Dedenne|0 fnt\n|faint|p1a: Dedenne\n|\n|t:|1783570117\n|switch|p2a: Barraskewda|Barraskewda, L81, F|100/100|[from] Volt Switch\n|\n|upkeep\n|inactive|Time left: 300 sec this turn | 300 sec total | 10 sec grace\n|\n|t:|1783570118\n|switch|p1a: Forretress|Forretress, L84, M|263/263\n|turn|12\n|inactive|Time left: 300 sec this turn | 300 sec total\n|\n|t:|1783570119\n|move|p2a: Barraskewda|Waterfall|p1a: Forretress\n|-damage|p1a: Forretress|169/263\n|move|p1a: Forretress|Thunder Wave|p2a: Barraskewda|[miss]\n|-miss|p1a: Forretress|p2a: Barraskewda\n|\n|-heal|p1a: Forretress|185/263|[from] item: Leftovers\n|upkeep\n|turn|13\n|inactive|Time left: 300 sec this turn | 300 sec total\n|\n|t:|1783570120\n|move|p2a: Barraskewda|Waterfall|p1a: Forretress\n|-damage|p1a: Forretress|89/263\n|move|p1a: Forretress|Thunder Wave|p2a: Barraskewda|[miss]\n|-miss|p1a: Forretress|p2a: Barraskewda\n|\n|-heal|p1a: Forretress|105/263|[from] item: Leftovers\n|upkeep\n|turn|14\n|inactive|Time left: 300 sec this turn | 300 sec total\n|\n|t:|1783570121\n|move|p2a: Barraskewda|Waterfall|p1a: Forretress\n|-damage|p1a: Forretress|9/263\n|move|p1a: Forretress|Thunder Wave|p2a: Barraskewda\n|-status|p2a: Barraskewda|par\n|\n|-heal|p1a: Forretress|25/263|[from] item: Leftovers\n|upkeep\n|turn|15\n|inactive|Time left: 300 sec this turn | 300 sec total\n|\n|t:|1783570122\n|move|p2a: Barraskewda|Waterfall|p1a: Forretress\n|-damage|p1a: Forretress|0 fnt\n|faint|p1a: Forretress\n|\n|win|p0y2605771e", "uploadtime": 1783570122, "views": 0, "rating": 0, "private": 0, "password": null, "_winner": "p0y2605771e", "_our_name": "p0x260509d1"}