{"id": "battle-gen9randombattle-1819", "formatid": "gen9randombattle", "format": "[Gen 9] Random Battle", "players": ["p0x18195c31", "p0y1819c211"], "log": "|init|battle\n|title|p0x18195c31 vs. p0y1819c211\n|j|\u2606p0x18195c31\n|j|\u2606p0y1819c211\n|t:|1783561083\n|gametype|singles\n|player|p1|p0x18195c31|101|\n|player|p2|p0y1819c211|169|\n|gen|9\n|tier|[Gen 9] Random Battle\n|rule|Species Clause: Limit one of each Pok\u00e9mon\n|rule|HP Percentage Mod: HP is shown in percentages\n|rule|Sleep Clause Mod: Limit one foe put to sleep\n|rule|Illusion Level Mod: Illusion disguises the Pok\u00e9mon's true level\n|\n|t:|1783561083\n|teamsize|p1|6\n|teamsize|p2|6\n|start\n|switch|p1a: Blaziken|Blaziken, L76, F|247/247\n|switch|p2a: Gliscor|Gliscor, L76, F|100/100\n|turn|1\n|inactive|Battle timer is ON: inactive players will automatically lose when time's up. (requested by p0y1819c211)\n|inactive|Time left: 300 sec this turn | 300 sec total | 60 sec grace\n|inactive|p0x18195c31 also wants the timer to be on.\n|\n|t:|1783561085\n|-terastallize|p1a: Blaziken|Fighting\n|move|p2a: Gliscor|Earthquake|p1a: Blaziken\n|-damage|p1a: Blaziken|127/247\n|move|p1a: Blaziken|Swords Dance|p1a: Blaziken\n|-boost|p1a: Blaziken|atk|2\n|\n|-status|p2a: Gliscor|tox|[from] item: Toxic Orb\n|-ability|p1a: Blaziken|Speed Boost|boost\n|-boost|p1a: Blaziken|spe|1\n|upkeep\n|turn|2\n|inactive|Time left: 300 sec this turn | 300 sec total\n|\n|t:|1783561086\n|move|p1a: Blaziken|Flare Blitz|p2a: Gliscor\n|-damage|p2a: Gliscor|0 fnt\n|faint|p2a: Gliscor\n|-damage|p1a: Blaziken|48/247|[from] Recoil\n|-damage|p1a: Blaziken|24/247|[from] item: Life Orb\n|\n|-ability|p1a: Blaziken|Speed Boost|boost\n|-boost|p1a: Blaziken|spe|1\n|upkeep\n|\n|t:|1783561086\n|switch|p2a: Armarouge|Armarouge, L80, M|100/100\n|turn|3\n|inactive|Time left: 300 sec this turn | 300 sec total\n|\n|t:|1783561087\n|move|p1a: Blaziken|Close Combat|p2a: Armarouge\n|-resisted|p2a: Armarouge\n|-damage|p2a: Armarouge|21/100\n|-unboost|p1a: Blaziken|def|1\n|-unboost|p1a: Blaziken|spd|1\n|-ability|p2a: Armarouge|Weak Armor|boost\n|-unboost|p2a: Armarouge|def|1\n|-boost|p2a: Armarouge|spe|2\n|-damage|p1a: Blaziken|0 fnt|[from] item: Life Orb\n|faint|p1a: Blaziken\n|move|p2a: Armarouge|Meteor Beam||[still]\n|-prepare|p2a: Armarouge|Meteor Beam\n|-boost|p2a: Armarouge|spa|1\n|-enditem|p2a: Armarouge|Power Herb\n|-anim|p2a: Armarouge|Meteor Beam|p1: Blaziken|[notarget]\n|-fail|p2a: Armarouge\n|\n|upkeep\n|inactive|Time left: 300 sec this turn | 300 sec total | 5 sec grace\n|\n|t:|1783561088\n|switch|p1a: Dodrio|Dodrio, L85, F|241/241\n|turn|4\n|inactive|Time left: 300 sec this turn | 300 sec total\n|\n|t:|1783561089\n|move|p1a: Dodrio|Quick Attack|p2a: Armarouge\n|-damage|p2a: Armarouge|0 fnt\n|faint|p2a: Armarouge\n|\n|upkeep\n|\n|t:|1783561090\n|switch|p2a: Leafeon|Leafeon, L88, M|100/100\n|turn|5\n|inactive|Time left: 300 sec this turn | 300 sec total\n|\n|t:|1783561091\n|move|p1a: Dodrio|Quick Attack|p2a: Leafeon\n|-damage|p2a: Leafeon|81/100\n|move|p2a: Leafeon|Swords Dance|p2a: Leafeon\n|-boost|p2a: Leafeon|atk|2\n|\n|-heal|p2a: Leafeon|87/100|[from] item: Leftovers\n|upkeep\n|turn|6\n|inactive|Time left: 300 sec this turn | 300 sec total\n|\n|t:|1783561091\n|-terastallize|p2a: Leafeon|Dark\n|move|p1a: Dodrio|Quick Attack|p2a: Leafeon\n|-damage|p2a: Leafeon|66/100\n|move|p2a: Leafeon|Knock Off|p1a: Dodrio\n|-damage|p1a: Dodrio|0 fnt\n|-enditem|p1a: Dodrio|Choice Band|[from] move: Knock Off|[of] p2a: Leafeon\n|faint|p1a: Dodrio\n|\n|-heal|p2a: Leafeon|72/100|[from] item: Leftovers\n|upkeep\n|inactive|Time left: 300 sec this turn | 300 sec total | 5 sec grace\n|\n|t:|1783561092\n|switch|p1a: Samurott|Samurott, L88, M|310/310\n|turn|7\n|inactive|Time left: 300 sec this turn | 300 sec total\n|\n|t:|1783561093\n|move|p2a: Leafeon|Leaf Blade|p1a: Samurott\n|-supereffective|p1a: Samurott\n|-crit|p1a: Samurott\n|-damage|p1a: Samurott|0 fnt\n|faint|p1a: Samurott\n|\n|-heal|p2a: Leafeon|78/100|[from] item: Leftovers\n|upkeep\n|inactive|Time left: 300 sec this turn | 300 sec total | 5 sec grace\n|\n|t:|1783561093\n|switch|p1a: Sableye|Sableye, L88, M|231/231\n|turn|8\n|inactive|Time left: 300 sec this turn | 300 sec total\n|\n|t:|1783561094\n|switch|p1a: Rhyperior|Rhyperior, L82, F|323/323\n|move|p2a: Leafeon|Leaf Blade|p1a: Rhyperior\n|-supereffective|p1a: Rhyperior\n|-damage|p1a: Rhyperior|0 fnt\n|faint|p1a: Rhyperior\n|\n|-heal|p2a: Leafeon|84/100|[from] item: Leftovers\n|upkeep\n|inactive|Time left: 300 sec this turn | 300 sec total | 5 sec grace\n|\n|t:|1783561095\n|switch|p1a: Sableye|Sableye, L88, M|231/231\n|turn|9\n|inactive|Time left: 300 sec this turn | 300 sec total\n|\n|t:|1783561096\n|switch|p1a: Sudowoodo|Sudowoodo, L94, M|284/284\n|move|p2a: Leafeon|Knock Off|p1a: Sudowoodo\n|-damage|p1a: Sudowoodo|109/284\n|-enditem|p1a: Sudowoodo|Leftovers|[from] move: Knock Off|[of] p2a: Leafeon\n|\n|-heal|p2a: Leafeon|90/100|[from] item: Leftovers\n|upkeep\n|turn|10\n|inactive|Time left: 300 sec this turn | 300 sec total\n|\n|t:|1783561097\n|move|p2a: Leafeon|Knock Off|p1a: Sudowoodo\n|-damage|p1a: Sudowoodo|0 fnt\n|faint|p1a: Sudowoodo\n|\n|-heal|p2a: Leafeon|97/100|[from] item: Leftovers\n|upkeep\n|inactive|Time left: 300 sec this turn | 300 sec total | 5 sec grace\n|\n|t:|1783561097\n|switch|p1a: Sableye|Sableye, L88, M|231/231\n|turn|11\n|inactive|Time left: 300 sec this turn | 300 sec total\n|\n|t:|1783561098\n|move|p1a: Sableye|Recover||[still]\n|-fail|p1a: Sableye|heal\n|move|p2a: Leafeon|Knock Off|p1a: Sableye\n|-damage|p1a: Sableye|0 fnt\n|-enditem|p1a: Sableye|Leftovers|[from] move: Knock Off|[of] p2a: Leafeon\n|faint|p1a: Sableye\n|\n|win|p0y1819c211", "uploadtime": 1783561098, "views": 0, "rating": 0, "private": 0, "password": null, "_winner": "p0y1819c211", "_our_name": "p0x18195c31"}