{"id": "battle-gen9randombattle-1727", "formatid": "gen9randombattle", "format": "[Gen 9] Random Battle", "players": ["p0x17274320", "p0y17270975"], "log": "|init|battle\n|title|p0x17274320 vs. p0y17270975\n|j|\u2606p0x17274320\n|j|\u2606p0y17270975\n|t:|1783559980\n|gametype|singles\n|player|p1|p0x17274320|1|\n|player|p2|p0y17270975|1|\n|gen|9\n|tier|[Gen 9] Random Battle\n|rule|Species Clause: Limit one of each Pok\u00e9mon\n|rule|HP Percentage Mod: HP is shown in percentages\n|rule|Sleep Clause Mod: Limit one foe put to sleep\n|rule|Illusion Level Mod: Illusion disguises the Pok\u00e9mon's true level\n|\n|t:|1783559980\n|teamsize|p1|6\n|teamsize|p2|6\n|start\n|switch|p1a: Galvantula|Galvantula, L82, F|100/100\n|switch|p2a: Dodrio|Dodrio, L85, F|241/241\n|turn|1\n|inactive|Battle timer is ON: inactive players will automatically lose when time's up. (requested by p0x17274320)\n|inactive|Time left: 300 sec this turn | 300 sec total | 60 sec grace\n|\n|t:|1783559982\n|move|p2a: Dodrio|Double-Edge|p1a: Galvantula\n|-damage|p1a: Galvantula|22/100\n|-damage|p2a: Dodrio|176/241|[from] Recoil\n|move|p1a: Galvantula|Sticky Web|p2a: Dodrio\n|-sidestart|p2: p0y17270975|move: Sticky Web\n|\n|upkeep\n|turn|2\n|inactive|Time left: 300 sec this turn | 300 sec total\n|inactive|p0y17270975 also wants the timer to be on.\n|\n|t:|1783559983\n|switch|p1a: Hariyama|Hariyama, L87, M|100/100\n|move|p2a: Dodrio|Double-Edge|p1a: Hariyama\n|-damage|p1a: Hariyama|57/100\n|-damage|p2a: Dodrio|120/241|[from] Recoil\n|\n|-status|p1a: Hariyama|brn|[from] item: Flame Orb\n|upkeep\n|turn|3\n|inactive|Time left: 300 sec this turn | 300 sec total\n|\n|t:|1783559984\n|switch|p1a: Archaludon|Archaludon, L78, M|100/100\n|move|p2a: Dodrio|Brave Bird|p1a: Archaludon\n|-resisted|p1a: Archaludon\n|-damage|p1a: Archaludon|80/100\n|-ability|p1a: Archaludon|Stamina|boost\n|-boost|p1a: Archaludon|def|1\n|-damage|p2a: Dodrio|102/241|[from] Recoil\n|\n|upkeep\n|turn|4\n|inactive|Time left: 300 sec this turn | 300 sec total\n|\n|t:|1783559985\n|switch|p2a: Clawitzer|Clawitzer, L87, M|265/265\n|-activate|p2a: Clawitzer|move: Sticky Web\n|-unboost|p2a: Clawitzer|spe|1\n|move|p1a: Archaludon|Body Press|p2a: Clawitzer\n|-damage|p2a: Clawitzer|171/265\n|\n|upkeep\n|turn|5\n|inactive|Time left: 300 sec this turn | 300 sec total\n|\n|t:|1783559986\n|move|p1a: Archaludon|Thunderbolt|p2a: Clawitzer\n|-supereffective|p2a: Clawitzer\n|-damage|p2a: Clawitzer|45/265\n|move|p2a: Clawitzer|Aura Sphere|p1a: Archaludon\n|-supereffective|p1a: Archaludon\n|-damage|p1a: Archaludon|0 fnt\n|faint|p1a: Archaludon\n|\n|upkeep\n|\n|t:|1783559988\n|switch|p1a: Toxtricity|Toxtricity, L82, F|100/100\n|turn|6\n|inactive|Time left: 300 sec this turn | 300 sec total\n|\n|t:|1783559988\n|switch|p2a: Bronzong|Bronzong, L88|261/261\n|move|p1a: Toxtricity|Shift Gear|p1a: Toxtricity\n|-boost|p1a: Toxtricity|spe|2\n|-boost|p1a: Toxtricity|atk|1\n|\n|upkeep\n|turn|7\n|inactive|Time left: 300 sec this turn | 300 sec total\n|\n|t:|1783559990\n|move|p1a: Toxtricity|Boomburst|p2a: Bronzong\n|-resisted|p2a: Bronzong\n|-damage|p2a: Bronzong|212/261\n|-enditem|p1a: Toxtricity|Throat Spray\n|-boost|p1a: Toxtricity|spa|1|[from] item: Throat Spray\n|move|p2a: Bronzong|Earthquake|p1a: Toxtricity\n|-supereffective|p1a: Toxtricity\n|-crit|p1a: Toxtricity\n|-damage|p1a: Toxtricity|0 fnt\n|faint|p1a: Toxtricity\n|\n|-heal|p2a: Bronzong|228/261|[from] item: Leftovers\n|upkeep\n|\n|t:|1783559991\n|switch|p1a: Hariyama|Hariyama, L87, M|57/100 brn\n|turn|8\n|inactive|Time left: 300 sec this turn | 300 sec total\n|\n|t:|1783559992\n|move|p1a: Hariyama|Knock Off|p2a: Bronzong\n|-supereffective|p2a: Bronzong\n|-damage|p2a: Bronzong|44/261\n|-enditem|p2a: Bronzong|Leftovers|[from] move: Knock Off|[of] p1a: Hariyama\n|move|p2a: Bronzong|Psychic Noise|p1a: Hariyama\n|-supereffective|p1a: Hariyama\n|-damage|p1a: Hariyama|5/100 brn\n|-start|p1a: Hariyama|move: Heal Block\n|\n|-damage|p1a: Hariyama|0 fnt|[from] brn\n|faint|p1a: Hariyama\n|upkeep\n|\n|t:|1783559993\n|switch|p1a: Hitmonlee|Hitmonlee, L85, M|100/100\n|turn|9\n|inactive|Time left: 300 sec this turn | 300 sec total\n|\n|t:|1783559994\n|move|p1a: Hitmonlee|Knock Off|p2a: Bronzong\n|-supereffective|p2a: Bronzong\n|-damage|p2a: Bronzong|0 fnt\n|faint|p2a: Bronzong\n|\n|upkeep\n|inactive|Time left: 300 sec this turn | 300 sec total | 5 sec grace\n|\n|t:|1783559995\n|switch|p2a: Dodrio|Dodrio, L85, F|102/241\n|turn|10\n|inactive|Time left: 300 sec this turn | 300 sec total\n|\n|t:|1783559996\n|switch|p1a: Jirachi|Jirachi, L80|100/100\n|move|p2a: Dodrio|Brave Bird|p1a: Jirachi\n|-resisted|p1a: Jirachi\n|-damage|p1a: Jirachi|76/100\n|-damage|p2a: Dodrio|79/241|[from] Recoil\n|\n|-heal|p1a: Jirachi|82/100|[from] item: Leftovers\n|upkeep\n|turn|11\n|inactive|Time left: 300 sec this turn | 300 sec total\n|\n|t:|1783559996\n|switch|p2a: Groudon|Groudon, L72|263/263\n|-activate|p2a: Groudon|move: Sticky Web\n|-unboost|p2a: Groudon|spe|1\n|-weather|SunnyDay|[from] ability: Drought|[of] p2a: Groudon\n|move|p1a: Jirachi|Iron Head|p2a: Groudon\n|-damage|p2a: Groudon|196/263\n|\n|-weather|SunnyDay|[upkeep]\n|-heal|p1a: Jirachi|88/100|[from] item: Leftovers\n|-heal|p2a: Groudon|212/263|[from] item: Leftovers\n|upkeep\n|turn|12\n|inactive|Time left: 300 sec this turn | 300 sec total\n|\n|t:|1783559997\n|move|p1a: Jirachi|Iron Head|p2a: Groudon\n|-crit|p2a: Groudon\n|-damage|p2a: Groudon|122/263\n|cant|p2a: Groudon|flinch\n|\n|-weather|SunnyDay|[upkeep]\n|-heal|p1a: Jirachi|95/100|[from] item: Leftovers\n|-heal|p2a: Groudon|138/263|[from] item: Leftovers\n|upkeep\n|turn|13\n|inactive|Time left: 300 sec this turn | 300 sec total\n|\n|t:|1783559998\n|move|p1a: Jirachi|Iron Head|p2a: Groudon\n|-damage|p2a: Groudon|71/263\n|move|p2a: Groudon|Heat Crash|p1a: Jirachi\n|-supereffective|p1a: Jirachi\n|-damage|p1a: Jirachi|7/100\n|\n|-weather|SunnyDay|[upkeep]\n|-heal|p1a: Jirachi|13/100|[from] item: Leftovers\n|-heal|p2a: Groudon|87/263|[from] item: Leftovers\n|upkeep\n|turn|14\n|inactive|Time left: 300 sec this turn | 300 sec total\n|\n|t:|1783559999\n|move|p1a: Jirachi|Iron Head|p2a: Groudon\n|-damage|p2a: Groudon|21/263\n|move|p2a: Groudon|Heat Crash|p1a: Jirachi\n|-supereffective|p1a: Jirachi\n|-damage|p1a: Jirachi|0 fnt\n|faint|p1a: Jirachi\n|\n|-weather|SunnyDay|[upkeep]\n|-heal|p2a: Groudon|37/263|[from] item: Leftovers\n|upkeep\n|\n|t:|1783560000\n|switch|p1a: Hitmonlee|Hitmonlee, L85, M|100/100\n|turn|15\n|inactive|Time left: 300 sec this turn | 300 sec total\n|\n|t:|1783560001\n|move|p1a: Hitmonlee|Knock Off|p2a: Groudon\n|-damage|p2a: Groudon|0 fnt\n|-enditem|p2a: Groudon|Leftovers|[from] move: Knock Off|[of] p1a: Hitmonlee\n|faint|p2a: Groudon\n|\n|-weather|none\n|upkeep\n|inactive|Time left: 300 sec this turn | 300 sec total | 5 sec grace\n|\n|t:|1783560002\n|switch|p2a: Dodrio|Dodrio, L85, F|79/241\n|turn|16\n|inactive|Time left: 300 sec this turn | 300 sec total\n|\n|t:|1783560003\n|switch|p1a: Galvantula|Galvantula, L82, F|22/100\n|-terastallize|p2a: Dodrio|Flying\n|move|p2a: Dodrio|Brave Bird|p1a: Galvantula\n|-damage|p1a: Galvantula|0 fnt\n|faint|p1a: Galvantula\n|-damage|p2a: Dodrio|62/241|[from] Recoil\n|\n|upkeep\n|\n|t:|1783560003\n|switch|p1a: Hitmonlee|Hitmonlee, L85, M|100/100\n|turn|17\n|inactive|Time left: 300 sec this turn | 300 sec total\n|\n|t:|1783560004\n|-terastallize|p1a: Hitmonlee|Poison\n|move|p2a: Dodrio|Brave Bird|p1a: Hitmonlee\n|-damage|p1a: Hitmonlee|0 fnt\n|faint|p1a: Hitmonlee\n|-damage|p2a: Dodrio|0 fnt|[from] Recoil\n|faint|p2a: Dodrio\n|\n|win|p0y17270975", "uploadtime": 1783560004, "views": 0, "rating": 0, "private": 0, "password": null, "_winner": "p0y17270975", "_our_name": "p0y17270975"}