{"id": "battle-gen9randombattle-2683", "formatid": "gen9randombattle", "format": "[Gen 9] Random Battle", "players": ["p0x26837ad8", "p0y26834e87"], "log": "|init|battle\n|title|p0x26837ad8 vs. p0y26834e87\n|j|\u2606p0x26837ad8\n|j|\u2606p0y26834e87\n|t:|1783570949\n|gametype|singles\n|player|p1|p0x26837ad8|2|\n|player|p2|p0y26834e87|101|\n|gen|9\n|tier|[Gen 9] Random Battle\n|rule|Species Clause: Limit one of each Pok\u00e9mon\n|rule|HP Percentage Mod: HP is shown in percentages\n|rule|Sleep Clause Mod: Limit one foe put to sleep\n|rule|Illusion Level Mod: Illusion disguises the Pok\u00e9mon's true level\n|\n|t:|1783570949\n|teamsize|p1|6\n|teamsize|p2|6\n|start\n|switch|p1a: Tentacruel|Tentacruel, L84, F|272/272\n|switch|p2a: Lurantis|Lurantis, L87, F|100/100\n|turn|1\n|inactive|Battle timer is ON: inactive players will automatically lose when time's up. (requested by p0y26834e87)\n|inactive|Time left: 300 sec this turn | 300 sec total | 60 sec grace\n|inactive|p0x26837ad8 also wants the timer to be on.\n|\n|t:|1783570951\n|move|p1a: Tentacruel|Sludge Bomb|p2a: Lurantis\n|-supereffective|p2a: Lurantis\n|-damage|p2a: Lurantis|38/100\n|-status|p2a: Lurantis|psn\n|move|p2a: Lurantis|Superpower|p1a: Tentacruel\n|-resisted|p1a: Tentacruel\n|-damage|p1a: Tentacruel|215/272\n|-boost|p2a: Lurantis|atk|1\n|-boost|p2a: Lurantis|def|1\n|\n|-heal|p2a: Lurantis|44/100 psn|[from] item: Leftovers\n|-damage|p2a: Lurantis|32/100 psn|[from] psn\n|upkeep\n|turn|2\n|inactive|Time left: 300 sec this turn | 300 sec total\n|\n|t:|1783570953\n|move|p1a: Tentacruel|Sludge Bomb|p2a: Lurantis\n|-supereffective|p2a: Lurantis\n|-damage|p2a: Lurantis|0 fnt\n|faint|p2a: Lurantis\n|\n|upkeep\n|\n|t:|1783570954\n|switch|p2a: Reuniclus|Reuniclus, L88, M|100/100\n|turn|3\n|inactive|Time left: 300 sec this turn | 300 sec total\n|\n|t:|1783570955\n|switch|p1a: Espathra|Espathra, L80, F|283/283\n|move|p2a: Reuniclus|Psychic|p1a: Espathra\n|-resisted|p1a: Espathra\n|-damage|p1a: Espathra|171/283\n|\n|upkeep\n|turn|4\n|inactive|Time left: 300 sec this turn | 300 sec total\n|\n|t:|1783570956\n|move|p1a: Espathra|Lumina Crash|p2a: Reuniclus\n|-resisted|p2a: Reuniclus\n|-damage|p2a: Reuniclus|82/100\n|-unboost|p2a: Reuniclus|spd|2\n|move|p2a: Reuniclus|Psychic|p1a: Espathra\n|-resisted|p1a: Espathra\n|-damage|p1a: Espathra|55/283\n|\n|-ability|p1a: Espathra|Speed Boost|boost\n|-boost|p1a: Espathra|spe|1\n|upkeep\n|turn|5\n|inactive|Time left: 300 sec this turn | 300 sec total\n|\n|t:|1783570958\n|move|p1a: Espathra|Lumina Crash|p2a: Reuniclus\n|-resisted|p2a: Reuniclus\n|-damage|p2a: Reuniclus|46/100\n|-unboost|p2a: Reuniclus|spd|2\n|move|p2a: Reuniclus|Psychic|p1a: Espathra\n|-resisted|p1a: Espathra\n|-damage|p1a: Espathra|0 fnt\n|faint|p1a: Espathra\n|\n|upkeep\n|inactive|Time left: 300 sec this turn | 300 sec total | 5 sec grace\n|\n|t:|1783570959\n|switch|p1a: Zarude|Zarude, L77|288/288\n|turn|6\n|inactive|Time left: 300 sec this turn | 300 sec total\n|\n|t:|1783570960\n|move|p1a: Zarude|Knock Off|p2a: Reuniclus\n|-supereffective|p2a: Reuniclus\n|-damage|p2a: Reuniclus|0 fnt\n|-enditem|p2a: Reuniclus|Life Orb|[from] move: Knock Off|[of] p1a: Zarude\n|faint|p2a: Reuniclus\n|\n|upkeep\n|\n|t:|1783570961\n|switch|p2a: Pelipper|Pelipper, L86, M|100/100\n|-weather|RainDance|[from] ability: Drizzle|[of] p2a: Pelipper\n|turn|7\n|inactive|Time left: 300 sec this turn | 300 sec total\n|\n|t:|1783570962\n|move|p1a: Zarude|Knock Off|p2a: Pelipper\n|-damage|p2a: Pelipper|45/100\n|-enditem|p2a: Pelipper|Heavy-Duty Boots|[from] move: Knock Off|[of] p1a: Zarude\n|move|p2a: Pelipper|Hurricane|p1a: Zarude\n|-supereffective|p1a: Zarude\n|-damage|p1a: Zarude|46/288\n|\n|-weather|RainDance|[upkeep]\n|upkeep\n|turn|8\n|inactive|Time left: 300 sec this turn | 300 sec total\n|\n|t:|1783570963\n|move|p1a: Zarude|Knock Off|p2a: Pelipper\n|-damage|p2a: Pelipper|9/100\n|move|p2a: Pelipper|Roost|p2a: Pelipper\n|-heal|p2a: Pelipper|59/100\n|-singleturn|p2a: Pelipper|move: Roost\n|\n|-weather|RainDance|[upkeep]\n|upkeep\n|turn|9\n|inactive|Time left: 300 sec this turn | 300 sec total\n|\n|t:|1783570964\n|move|p1a: Zarude|Knock Off|p2a: Pelipper\n|-damage|p2a: Pelipper|19/100\n|move|p2a: Pelipper|Roost|p2a: Pelipper\n|-heal|p2a: Pelipper|70/100\n|-singleturn|p2a: Pelipper|move: Roost\n|\n|-weather|RainDance|[upkeep]\n|upkeep\n|turn|10\n|inactive|Time left: 300 sec this turn | 300 sec total\n|\n|t:|1783570965\n|move|p1a: Zarude|Knock Off|p2a: Pelipper\n|-damage|p2a: Pelipper|33/100\n|move|p2a: Pelipper|Hurricane|p1a: Zarude\n|-supereffective|p1a: Zarude\n|-crit|p1a: Zarude\n|-damage|p1a: Zarude|0 fnt\n|faint|p1a: Zarude\n|\n|-weather|RainDance|[upkeep]\n|upkeep\n|inactive|Time left: 300 sec this turn | 300 sec total | 5 sec grace\n|\n|t:|1783570966\n|switch|p1a: Lunala|Lunala, L70|308/308\n|turn|11\n|inactive|Time left: 300 sec this turn | 300 sec total\n|\n|t:|1783570966\n|switch|p2a: Jolteon|Jolteon, L84, F|100/100\n|move|p1a: Lunala|Moongeist Beam|p2a: Jolteon\n|-damage|p2a: Jolteon|61/100\n|\n|-weather|none\n|upkeep\n|turn|12\n|inactive|Time left: 300 sec this turn | 300 sec total\n|\n|t:|1783570967\n|move|p2a: Jolteon|Calm Mind|p2a: Jolteon\n|-boost|p2a: Jolteon|spa|1\n|-boost|p2a: Jolteon|spd|1\n|move|p1a: Lunala|Calm Mind|p1a: Lunala\n|-boost|p1a: Lunala|spa|1\n|-boost|p1a: Lunala|spd|1\n|\n|upkeep\n|turn|13\n|inactive|Time left: 300 sec this turn | 300 sec total\n|\n|t:|1783570968\n|move|p2a: Jolteon|Calm Mind|p2a: Jolteon\n|-boost|p2a: Jolteon|spa|1\n|-boost|p2a: Jolteon|spd|1\n|move|p1a: Lunala|Moongeist Beam|p2a: Jolteon\n|-damage|p2a: Jolteon|32/100\n|\n|upkeep\n|turn|14\n|inactive|Time left: 300 sec this turn | 300 sec total\n|\n|t:|1783570969\n|move|p2a: Jolteon|Thunderbolt|p1a: Lunala\n|-damage|p1a: Lunala|234/308\n|move|p1a: Lunala|Moongeist Beam|p2a: Jolteon\n|-damage|p2a: Jolteon|2/100\n|\n|-heal|p1a: Lunala|253/308|[from] item: Leftovers\n|upkeep\n|turn|15\n|inactive|Time left: 300 sec this turn | 300 sec total\n|\n|t:|1783570970\n|move|p2a: Jolteon|Thunderbolt|p1a: Lunala\n|-crit|p1a: Lunala\n|-damage|p1a: Lunala|0 fnt\n|faint|p1a: Lunala\n|\n|upkeep\n|inactive|Time left: 300 sec this turn | 300 sec total | 5 sec grace\n|\n|t:|1783570971\n|switch|p1a: Magnezone|Magnezone, L85|258/258\n|turn|16\n|inactive|Time left: 300 sec this turn | 300 sec total\n|\n|t:|1783570973\n|move|p2a: Jolteon|Thunderbolt|p1a: Magnezone\n|-resisted|p1a: Magnezone\n|-damage|p1a: Magnezone|186/258\n|move|p1a: Magnezone|Flash Cannon|p2a: Jolteon\n|-resisted|p2a: Jolteon\n|-damage|p2a: Jolteon|0 fnt\n|faint|p2a: Jolteon\n|\n|upkeep\n|\n|t:|1783570974\n|switch|p2a: Metagross|Metagross, L79|100/100\n|turn|17\n|inactive|Time left: 300 sec this turn | 300 sec total\n|\n|t:|1783570975\n|move|p2a: Metagross|Earthquake|p1a: Magnezone\n|-supereffective|p1a: Magnezone\n|-damage|p1a: Magnezone|0 fnt\n|faint|p1a: Magnezone\n|\n|upkeep\n|inactive|Time left: 300 sec this turn | 300 sec total | 5 sec grace\n|\n|t:|1783570976\n|switch|p1a: Garganacl|Garganacl, L80, M|291/291\n|turn|18\n|inactive|Time left: 300 sec this turn | 300 sec total\n|\n|t:|1783570977\n|move|p2a: Metagross|Agility|p2a: Metagross\n|-boost|p2a: Metagross|spe|2\n|move|p1a: Garganacl|Salt Cure|p2a: Metagross\n|-resisted|p2a: Metagross\n|-damage|p2a: Metagross|95/100\n|-start|p2a: Metagross|Salt Cure\n|\n|-damage|p2a: Metagross|70/100|[from] Salt Cure\n|upkeep\n|turn|19\n|inactive|Time left: 300 sec this turn | 300 sec total\n|\n|t:|1783570977\n|-terastallize|p2a: Metagross|Ground\n|move|p2a: Metagross|Earthquake|p1a: Garganacl\n|-supereffective|p1a: Garganacl\n|-crit|p1a: Garganacl\n|-damage|p1a: Garganacl|13/291\n|move|p1a: Garganacl|Body Press|p2a: Metagross\n|-damage|p2a: Metagross|49/100\n|\n|-heal|p1a: Garganacl|31/291|[from] item: Leftovers\n|-damage|p2a: Metagross|37/100|[from] Salt Cure\n|upkeep\n|turn|20\n|inactive|Time left: 300 sec this turn | 300 sec total\n|\n|t:|1783570979\n|move|p2a: Metagross|Earthquake|p1a: Garganacl\n|-supereffective|p1a: Garganacl\n|-damage|p1a: Garganacl|0 fnt\n|faint|p1a: Garganacl\n|\n|-damage|p2a: Metagross|24/100|[from] Salt Cure\n|upkeep\n|inactive|Time left: 300 sec this turn | 300 sec total | 5 sec grace\n|\n|t:|1783570980\n|switch|p1a: Tentacruel|Tentacruel, L84, F|215/272\n|turn|21\n|inactive|Time left: 300 sec this turn | 300 sec total\n|\n|t:|1783570980\n|-terastallize|p1a: Tentacruel|Grass\n|move|p2a: Metagross|Earthquake|p1a: Tentacruel\n|-resisted|p1a: Tentacruel\n|-crit|p1a: Tentacruel\n|-damage|p1a: Tentacruel|101/272\n|move|p1a: Tentacruel|Rapid Spin|p2a: Metagross\n|-damage|p2a: Metagross|16/100\n|-boost|p1a: Tentacruel|spe|1\n|\n|-damage|p2a: Metagross|4/100|[from] Salt Cure\n|upkeep\n|turn|22\n|inactive|Time left: 300 sec this turn | 300 sec total\n|\n|t:|1783570982\n|switch|p2a: Milotic|Milotic, L83, M|100/100\n|move|p1a: Tentacruel|Rapid Spin|p2a: Milotic\n|-damage|p2a: Milotic|91/100\n|-boost|p1a: Tentacruel|spe|1\n|\n|-heal|p2a: Milotic|97/100|[from] item: Leftovers\n|upkeep\n|turn|23\n|inactive|Time left: 300 sec this turn | 300 sec total\n|\n|t:|1783570983\n|move|p1a: Tentacruel|Sludge Bomb|p2a: Milotic\n|-damage|p2a: Milotic|74/100\n|move|p2a: Milotic|Ice Beam|p1a: Tentacruel\n|-supereffective|p1a: Tentacruel\n|-damage|p1a: Tentacruel|33/272\n|\n|-heal|p2a: Milotic|80/100|[from] item: Leftovers\n|upkeep\n|turn|24\n|inactive|Time left: 300 sec this turn | 300 sec total\n|\n|t:|1783570984\n|move|p1a: Tentacruel|Sludge Bomb|p2a: Milotic\n|-damage|p2a: Milotic|58/100\n|-status|p2a: Milotic|psn\n|move|p2a: Milotic|Ice Beam|p1a: Tentacruel\n|-supereffective|p1a: Tentacruel\n|-damage|p1a: Tentacruel|0 fnt\n|faint|p1a: Tentacruel\n|\n|win|p0y26834e87", "uploadtime": 1783570984, "views": 0, "rating": 0, "private": 0, "password": null, "_winner": "p0y26834e87", "_our_name": "p0x26837ad8"}