{"id": "battle-gen9randombattle-2548", "formatid": "gen9randombattle", "format": "[Gen 9] Random Battle", "players": ["p0x25486561", "p0y25481e60"], "log": "|init|battle\n|title|p0x25486561 vs. p0y25481e60\n|j|\u2606p0x25486561\n|j|\u2606p0y25481e60\n|t:|1783569465\n|gametype|singles\n|player|p1|p0x25486561|169|\n|player|p2|p0y25481e60|102|\n|gen|9\n|tier|[Gen 9] Random Battle\n|rule|Species Clause: Limit one of each Pok\u00e9mon\n|rule|HP Percentage Mod: HP is shown in percentages\n|rule|Sleep Clause Mod: Limit one foe put to sleep\n|rule|Illusion Level Mod: Illusion disguises the Pok\u00e9mon's true level\n|\n|t:|1783569465\n|teamsize|p1|6\n|teamsize|p2|6\n|start\n|switch|p1a: Reshiram|Reshiram, L76|277/277\n|switch|p2a: Dewgong|Dewgong, L94, M|100/100\n|-ability|p1a: Reshiram|Turboblaze\n|turn|1\n|inactive|Battle timer is ON: inactive players will automatically lose when time's up. (requested by p0y25481e60)\n|inactive|Time left: 300 sec this turn | 300 sec total | 60 sec grace\n|inactive|p0x25486561 also wants the timer to be on.\n|\n|t:|1783569467\n|move|p2a: Dewgong|Triple Axel|p1a: Reshiram\n|-damage|p1a: Reshiram|255/277\n|-damage|p1a: Reshiram|215/277\n|-damage|p1a: Reshiram|148/277\n|-hitcount|p1a: Reshiram|3\n|move|p1a: Reshiram|Blue Flare|p2a: Dewgong\n|-damage|p2a: Dewgong|73/100\n|-status|p2a: Dewgong|brn\n|\n|-damage|p2a: Dewgong|67/100 brn|[from] brn\n|upkeep\n|turn|2\n|inactive|Time left: 300 sec this turn | 300 sec total\n|\n|t:|1783569468\n|move|p2a: Dewgong|Surf|p1a: Reshiram\n|-damage|p1a: Reshiram|64/277\n|move|p1a: Reshiram|Blue Flare|p2a: Dewgong\n|-damage|p2a: Dewgong|38/100 brn\n|\n|-damage|p2a: Dewgong|32/100 brn|[from] brn\n|upkeep\n|turn|3\n|inactive|Time left: 300 sec this turn | 300 sec total\n|\n|t:|1783569469\n|switch|p1a: Golduck|Golduck, L90, F|290/290\n|move|p2a: Dewgong|Surf|p1a: Golduck\n|-resisted|p1a: Golduck\n|-damage|p1a: Golduck|242/290\n|\n|-damage|p2a: Dewgong|26/100 brn|[from] brn\n|upkeep\n|turn|4\n|inactive|Time left: 300 sec this turn | 300 sec total\n|\n|t:|1783569470\n|move|p1a: Golduck|Nasty Plot|p1a: Golduck\n|-boost|p1a: Golduck|spa|2\n|move|p2a: Dewgong|Flip Turn|p1a: Golduck\n|-resisted|p1a: Golduck\n|-damage|p1a: Golduck|226/290\n|\n|t:|1783569471\n|switch|p2a: Lurantis|Lurantis, L87, F|100/100|[from] Flip Turn\n|\n|upkeep\n|turn|5\n|inactive|Time left: 300 sec this turn | 300 sec total\n|\n|t:|1783569473\n|switch|p2a: Dewgong|Dewgong, L94, M|26/100 brn\n|move|p1a: Golduck|Ice Beam|p2a: Dewgong\n|-resisted|p2a: Dewgong\n|-crit|p2a: Dewgong\n|-damage|p2a: Dewgong|19/100 brn\n|-damage|p1a: Golduck|197/290|[from] item: Life Orb\n|\n|-damage|p2a: Dewgong|13/100 brn|[from] brn\n|upkeep\n|turn|6\n|inactive|Time left: 300 sec this turn | 300 sec total\n|\n|t:|1783569474\n|move|p1a: Golduck|Grass Knot|p2a: Dewgong\n|-supereffective|p2a: Dewgong\n|-damage|p2a: Dewgong|0 fnt\n|faint|p2a: Dewgong\n|-damage|p1a: Golduck|168/290|[from] item: Life Orb\n|\n|upkeep\n|\n|t:|1783569475\n|switch|p2a: Lurantis|Lurantis, L87, F|100/100\n|turn|7\n|inactive|Time left: 300 sec this turn | 300 sec total\n|\n|t:|1783569475\n|-terastallize|p2a: Lurantis|Fighting\n|move|p1a: Golduck|Ice Beam|p2a: Lurantis\n|-damage|p2a: Lurantis|36/100\n|-damage|p1a: Golduck|139/290|[from] item: Life Orb\n|move|p2a: Lurantis|Leaf Storm|p1a: Golduck\n|-supereffective|p1a: Golduck\n|-damage|p1a: Golduck|0 fnt\n|-boost|p2a: Lurantis|spa|2\n|faint|p1a: Golduck\n|\n|-heal|p2a: Lurantis|42/100|[from] item: Leftovers\n|upkeep\n|inactive|Time left: 300 sec this turn | 300 sec total | 5 sec grace\n|\n|t:|1783569476\n|switch|p1a: Pelipper|Pelipper, L86, F|243/243\n|-weather|RainDance|[from] ability: Drizzle|[of] p1a: Pelipper\n|turn|8\n|inactive|Time left: 300 sec this turn | 300 sec total\n|\n|t:|1783569477\n|move|p1a: Pelipper|Hurricane|p2a: Lurantis\n|-supereffective|p2a: Lurantis\n|-damage|p2a: Lurantis|0 fnt\n|faint|p2a: Lurantis\n|\n|-weather|RainDance|[upkeep]\n|upkeep\n|\n|t:|1783569478\n|switch|p2a: Perrserker|Perrserker, L89, M|100/100\n|turn|9\n|inactive|Time left: 300 sec this turn | 300 sec total\n|\n|t:|1783569480\n|move|p1a: Pelipper|Hurricane|p2a: Perrserker\n|-resisted|p2a: Perrserker\n|-damage|p2a: Perrserker|57/100\n|move|p2a: Perrserker|Knock Off|p1a: Pelipper\n|-damage|p1a: Pelipper|91/243\n|-enditem|p1a: Pelipper|Choice Specs|[from] move: Knock Off|[of] p2a: Perrserker\n|\n|-weather|RainDance|[upkeep]\n|upkeep\n|turn|10\n|inactive|Time left: 300 sec this turn | 300 sec total\n|\n|t:|1783569481\n|move|p1a: Pelipper|Weather Ball|p2a: Perrserker\n|-damage|p2a: Perrserker|0 fnt\n|faint|p2a: Perrserker\n|\n|-weather|RainDance|[upkeep]\n|upkeep\n|\n|t:|1783569481\n|switch|p2a: Spectrier|Spectrier, L75|100/100\n|turn|11\n|inactive|Time left: 300 sec this turn | 300 sec total\n|\n|t:|1783569482\n|switch|p1a: Appletun|Appletun, L92, M|352/352\n|move|p2a: Spectrier|Shadow Ball|p1a: Appletun\n|-damage|p1a: Appletun|230/352\n|-damage|p2a: Spectrier|91/100|[from] item: Life Orb\n|\n|-weather|RainDance|[upkeep]\n|-heal|p1a: Appletun|252/352|[from] item: Leftovers\n|upkeep\n|turn|12\n|inactive|Time left: 300 sec this turn | 300 sec total\n|\n|t:|1783569483\n|switch|p2a: Heracross|Heracross, L80, F|100/100\n|move|p1a: Appletun|Dragon Pulse|p2a: Heracross\n|-damage|p2a: Heracross|60/100\n|\n|-weather|none\n|-heal|p1a: Appletun|274/352|[from] item: Leftovers\n|upkeep\n|turn|13\n|inactive|Time left: 300 sec this turn | 300 sec total\n|\n|t:|1783569484\n|switch|p1a: Moltres|Moltres, L81|278/278\n|move|p2a: Heracross|Megahorn|p1a: Moltres\n|-resisted|p1a: Moltres\n|-damage|p1a: Moltres|221/278\n|\n|upkeep\n|turn|14\n|inactive|Time left: 300 sec this turn | 300 sec total\n|\n|t:|1783569485\n|switch|p2a: Mudsdale|Mudsdale, L83, M|100/100\n|move|p1a: Moltres|Fire Blast|p2a: Mudsdale\n|-damage|p2a: Mudsdale|56/100\n|-ability|p2a: Mudsdale|Stamina|boost\n|-boost|p2a: Mudsdale|def|1\n|\n|-heal|p2a: Mudsdale|62/100|[from] item: Leftovers\n|upkeep\n|turn|15\n|inactive|Time left: 300 sec this turn | 300 sec total\n|\n|t:|1783569486\n|switch|p1a: Appletun|Appletun, L92, M|274/352\n|move|p2a: Mudsdale|Stone Edge|p1a: Appletun\n|-damage|p1a: Appletun|194/352\n|\n|-heal|p1a: Appletun|216/352|[from] item: Leftovers\n|-heal|p2a: Mudsdale|68/100|[from] item: Leftovers\n|upkeep\n|turn|16\n|inactive|Time left: 300 sec this turn | 300 sec total\n|\n|t:|1783569487\n|switch|p2a: Heracross|Heracross, L80, F|60/100\n|move|p1a: Appletun|Apple Acid|p2a: Heracross\n|-resisted|p2a: Heracross\n|-damage|p2a: Heracross|40/100\n|-unboost|p2a: Heracross|spd|1\n|\n|-heal|p1a: Appletun|238/352|[from] item: Leftovers\n|upkeep\n|turn|17\n|inactive|Time left: 300 sec this turn | 300 sec total\n|\n|t:|1783569488\n|switch|p1a: Moltres|Moltres, L81|221/278\n|move|p2a: Heracross|Close Combat|p1a: Moltres\n|-resisted|p1a: Moltres\n|-damage|p1a: Moltres|120/278\n|-unboost|p2a: Heracross|def|1\n|-unboost|p2a: Heracross|spd|1\n|-status|p2a: Heracross|brn|[from] ability: Flame Body|[of] p1a: Moltres\n|\n|-damage|p2a: Heracross|34/100 brn|[from] brn\n|upkeep\n|turn|18\n|inactive|Time left: 300 sec this turn | 300 sec total\n|\n|t:|1783569489\n|move|p1a: Moltres|Roost|p1a: Moltres\n|-heal|p1a: Moltres|259/278\n|-singleturn|p1a: Moltres|move: Roost\n|move|p2a: Heracross|Close Combat|p1a: Moltres\n|-damage|p1a: Moltres|145/278\n|-unboost|p2a: Heracross|def|1\n|-unboost|p2a: Heracross|spd|1\n|\n|-damage|p2a: Heracross|28/100 brn|[from] brn\n|upkeep\n|turn|19\n|inactive|Time left: 300 sec this turn | 300 sec total\n|\n|t:|1783569490\n|move|p1a: Moltres|Fire Blast|p2a: Heracross\n|-supereffective|p2a: Heracross\n|-damage|p2a: Heracross|0 fnt\n|faint|p2a: Heracross\n|\n|upkeep\n|\n|t:|1783569491\n|switch|p2a: Spectrier|Spectrier, L75|91/100\n|turn|20\n|inactive|Time left: 300 sec this turn | 300 sec total\n|\n|t:|1783569492\n|move|p2a: Spectrier|Nasty Plot|p2a: Spectrier\n|-boost|p2a: Spectrier|spa|2\n|move|p1a: Moltres|Roost|p1a: Moltres\n|-heal|p1a: Moltres|278/278\n|-singleturn|p1a: Moltres|move: Roost\n|\n|upkeep\n|turn|21\n|inactive|Time left: 300 sec this turn | 300 sec total\n|\n|t:|1783569493\n|move|p2a: Spectrier|Shadow Ball|p1a: Moltres\n|-damage|p1a: Moltres|8/278\n|-damage|p2a: Spectrier|81/100|[from] item: Life Orb\n|move|p1a: Moltres|Fire Blast|p2a: Spectrier\n|-damage|p2a: Spectrier|18/100\n|\n|upkeep\n|turn|22\n|inactive|Time left: 300 sec this turn | 300 sec total\n|\n|t:|1783569494\n|move|p2a: Spectrier|Shadow Ball|p1a: Moltres\n|-damage|p1a: Moltres|0 fnt\n|faint|p1a: Moltres\n|-ability|p2a: Spectrier|Grim Neigh|boost\n|-boost|p2a: Spectrier|spa|1\n|-damage|p2a: Spectrier|8/100|[from] item: Life Orb\n|\n|upkeep\n|inactive|Time left: 300 sec this turn | 300 sec total | 5 sec grace\n|\n|t:|1783569494\n|switch|p1a: Appletun|Appletun, L92, M|238/352\n|turn|23\n|inactive|Time left: 300 sec this turn | 300 sec total\n|\n|t:|1783569495\n|move|p2a: Spectrier|Will-O-Wisp|p1a: Appletun\n|-status|p1a: Appletun|brn\n|move|p1a: Appletun|Apple Acid|p2a: Spectrier\n|-damage|p2a: Spectrier|0 fnt\n|faint|p2a: Spectrier\n|\n|-heal|p1a: Appletun|260/352 brn|[from] item: Leftovers\n|-damage|p1a: Appletun|238/352 brn|[from] brn\n|upkeep\n|\n|t:|1783569496\n|switch|p2a: Mudsdale|Mudsdale, L83, M|68/100\n|turn|24\n|inactive|Time left: 300 sec this turn | 300 sec total\n|\n|t:|1783569497\n|move|p1a: Appletun|Apple Acid|p2a: Mudsdale\n|-supereffective|p2a: Mudsdale\n|-damage|p2a: Mudsdale|4/100\n|-unboost|p2a: Mudsdale|spd|1\n|-ability|p2a: Mudsdale|Stamina|boost\n|-boost|p2a: Mudsdale|def|1\n|move|p2a: Mudsdale|Stealth Rock|p1a: Appletun\n|-sidestart|p1: p0x25486561|move: Stealth Rock\n|\n|-heal|p1a: Appletun|260/352 brn|[from] item: Leftovers\n|-heal|p2a: Mudsdale|10/100|[from] item: Leftovers\n|-damage|p1a: Appletun|238/352 brn|[from] brn\n|upkeep\n|turn|25\n|inactive|Time left: 300 sec this turn | 300 sec total\n|\n|t:|1783569497\n|move|p1a: Appletun|Dragon Pulse|p2a: Mudsdale\n|-damage|p2a: Mudsdale|0 fnt\n|faint|p2a: Mudsdale\n|\n|win|p0x25486561", "uploadtime": 1783569498, "views": 0, "rating": 0, "private": 0, "password": null, "_winner": "p0x25486561", "_our_name": "p0x25486561"}