{"id": "battle-gen9randombattle-1304", "formatid": "gen9randombattle", "format": "[Gen 9] Random Battle", "players": ["p0x13048a4a", "p0y1304a8a0"], "log": "|init|battle\n|title|p0x13048a4a vs. p0y1304a8a0\n|j|\u2606p0x13048a4a\n|j|\u2606p0y1304a8a0\n|t:|1783555131\n|gametype|singles\n|player|p1|p0x13048a4a|2|\n|player|p2|p0y1304a8a0|102|\n|gen|9\n|tier|[Gen 9] Random Battle\n|rule|Species Clause: Limit one of each Pok\u00e9mon\n|rule|HP Percentage Mod: HP is shown in percentages\n|rule|Sleep Clause Mod: Limit one foe put to sleep\n|rule|Illusion Level Mod: Illusion disguises the Pok\u00e9mon's true level\n|\n|t:|1783555131\n|teamsize|p1|6\n|teamsize|p2|6\n|start\n|switch|p1a: Dunsparce|Dunsparce, L86, F|312/312\n|switch|p2a: Rayquaza|Rayquaza, L72|100/100\n|-ability|p2a: Rayquaza|Air Lock\n|turn|1\n|inactive|Battle timer is ON: inactive players will automatically lose when time's up. (requested by p0x13048a4a)\n|inactive|p0y1304a8a0 also wants the timer to be on.\n|\n|t:|1783555133\n|move|p2a: Rayquaza|Dragon Ascent|p1a: Dunsparce\n|-damage|p1a: Dunsparce|161/312\n|-unboost|p2a: Rayquaza|def|1\n|-unboost|p2a: Rayquaza|spd|1\n|move|p1a: Dunsparce|Body Slam|p2a: Rayquaza\n|-damage|p2a: Rayquaza|53/100\n|\n|upkeep\n|turn|2\n|inactive|Time left: 300 sec this turn | 300 sec total\n|\n|t:|1783555134\n|move|p2a: Rayquaza|Dragon Ascent|p1a: Dunsparce\n|-damage|p1a: Dunsparce|13/312\n|-unboost|p2a: Rayquaza|def|1\n|-unboost|p2a: Rayquaza|spd|1\n|move|p1a: Dunsparce|Body Slam|p2a: Rayquaza\n|-damage|p2a: Rayquaza|0 fnt\n|faint|p2a: Rayquaza\n|\n|upkeep\n|\n|t:|1783555135\n|switch|p2a: Kyurem|Kyurem, L77|100/100\n|-ability|p2a: Kyurem|Pressure\n|turn|3\n|inactive|Time left: 300 sec this turn | 300 sec total\n|\n|t:|1783555137\n|move|p2a: Kyurem|Outrage|p1a: Dunsparce\n|-crit|p1a: Dunsparce\n|-damage|p1a: Dunsparce|0 fnt\n|faint|p1a: Dunsparce\n|\n|upkeep\n|inactive|Time left: 300 sec this turn | 300 sec total | 5 sec grace\n|\n|t:|1783555138\n|switch|p1a: Hydrapple|Hydrapple, L83, M|312/312\n|turn|4\n|inactive|Time left: 300 sec this turn | 300 sec total\n|\n|t:|1783555139\n|move|p2a: Kyurem|Outrage|p1a: Hydrapple|[from] lockedmove\n|-supereffective|p1a: Hydrapple\n|-damage|p1a: Hydrapple|82/312\n|-start|p2a: Kyurem|confusion|[fatigue]\n|move|p1a: Hydrapple|Fickle Beam|p2a: Kyurem\n|-supereffective|p2a: Kyurem\n|-damage|p2a: Kyurem|0 fnt\n|faint|p2a: Kyurem\n|\n|upkeep\n|\n|t:|1783555140\n|switch|p2a: Revavroom|Revavroom, L79, M|100/100\n|turn|5\n|inactive|Time left: 300 sec this turn | 300 sec total\n|\n|t:|1783555141\n|switch|p1a: Palossand|Palossand, L89, M|296/296\n|move|p2a: Revavroom|Iron Head|p1a: Palossand\n|-damage|p1a: Palossand|206/296\n|-damage|p2a: Revavroom|91/100|[from] item: Life Orb\n|\n|-heal|p1a: Palossand|224/296|[from] item: Leftovers\n|upkeep\n|turn|6\n|inactive|Time left: 300 sec this turn | 300 sec total\n|\n|t:|1783555143\n|switch|p2a: Fezandipiti|Fezandipiti, L82, M|100/100\n|move|p1a: Palossand|Earth Power|p2a: Fezandipiti\n|-supereffective|p2a: Fezandipiti\n|-damage|p2a: Fezandipiti|44/100\n|\n|-heal|p2a: Fezandipiti|50/100|[from] item: Leftovers\n|-heal|p1a: Palossand|242/296|[from] item: Leftovers\n|upkeep\n|turn|7\n|inactive|Time left: 300 sec this turn | 300 sec total\n|\n|t:|1783555144\n|move|p2a: Fezandipiti|Roost|p2a: Fezandipiti\n|-heal|p2a: Fezandipiti|99/100\n|-singleturn|p2a: Fezandipiti|move: Roost\n|move|p1a: Palossand|Earth Power|p2a: Fezandipiti\n|-supereffective|p2a: Fezandipiti\n|-damage|p2a: Fezandipiti|39/100\n|\n|-heal|p2a: Fezandipiti|45/100|[from] item: Leftovers\n|-heal|p1a: Palossand|260/296|[from] item: Leftovers\n|upkeep\n|turn|8\n|inactive|Time left: 300 sec this turn | 300 sec total\n|\n|t:|1783555145\n|move|p2a: Fezandipiti|Moonblast|p1a: Palossand\n|-damage|p1a: Palossand|181/296\n|-unboost|p1a: Palossand|spa|1\n|move|p1a: Palossand|Earth Power|p2a: Fezandipiti\n|-supereffective|p2a: Fezandipiti\n|-damage|p2a: Fezandipiti|6/100\n|\n|-heal|p2a: Fezandipiti|12/100|[from] item: Leftovers\n|-heal|p1a: Palossand|199/296|[from] item: Leftovers\n|upkeep\n|turn|9\n|inactive|Time left: 300 sec this turn | 300 sec total\n|\n|t:|1783555146\n|move|p2a: Fezandipiti|Roost|p2a: Fezandipiti\n|-heal|p2a: Fezandipiti|62/100\n|-singleturn|p2a: Fezandipiti|move: Roost\n|move|p1a: Palossand|Earth Power|p2a: Fezandipiti\n|-supereffective|p2a: Fezandipiti\n|-damage|p2a: Fezandipiti|21/100\n|\n|-heal|p2a: Fezandipiti|27/100|[from] item: Leftovers\n|-heal|p1a: Palossand|217/296|[from] item: Leftovers\n|upkeep\n|turn|10\n|inactive|Time left: 300 sec this turn | 300 sec total\n|\n|t:|1783555147\n|move|p2a: Fezandipiti|Roost|p2a: Fezandipiti\n|-heal|p2a: Fezandipiti|77/100\n|-singleturn|p2a: Fezandipiti|move: Roost\n|move|p1a: Palossand|Earth Power|p2a: Fezandipiti\n|-supereffective|p2a: Fezandipiti\n|-damage|p2a: Fezandipiti|38/100\n|\n|-heal|p2a: Fezandipiti|44/100|[from] item: Leftovers\n|-heal|p1a: Palossand|235/296|[from] item: Leftovers\n|upkeep\n|turn|11\n|inactive|Time left: 300 sec this turn | 300 sec total\n|\n|t:|1783555148\n|move|p2a: Fezandipiti|Roost|p2a: Fezandipiti\n|-heal|p2a: Fezandipiti|94/100\n|-singleturn|p2a: Fezandipiti|move: Roost\n|move|p1a: Palossand|Earth Power|p2a: Fezandipiti\n|-supereffective|p2a: Fezandipiti\n|-damage|p2a: Fezandipiti|53/100\n|\n|-heal|p2a: Fezandipiti|59/100|[from] item: Leftovers\n|-heal|p1a: Palossand|253/296|[from] item: Leftovers\n|upkeep\n|turn|12\n|inactive|Time left: 300 sec this turn | 300 sec total\n|\n|t:|1783555149\n|move|p2a: Fezandipiti|Moonblast|p1a: Palossand\n|-damage|p1a: Palossand|166/296\n|-unboost|p1a: Palossand|spa|1\n|move|p1a: Palossand|Earth Power|p2a: Fezandipiti\n|-supereffective|p2a: Fezandipiti\n|-damage|p2a: Fezandipiti|28/100\n|\n|-heal|p2a: Fezandipiti|34/100|[from] item: Leftovers\n|-heal|p1a: Palossand|184/296|[from] item: Leftovers\n|upkeep\n|turn|13\n|inactive|Time left: 300 sec this turn | 300 sec total\n|\n|t:|1783555150\n|switch|p1a: Bronzong|Bronzong, L88|261/261\n|move|p2a: Fezandipiti|Roost|p2a: Fezandipiti\n|-heal|p2a: Fezandipiti|84/100\n|-singleturn|p2a: Fezandipiti|move: Roost\n|\n|-heal|p2a: Fezandipiti|90/100|[from] item: Leftovers\n|upkeep\n|turn|14\n|inactive|Time left: 300 sec this turn | 300 sec total\n|\n|t:|1783555151\n|move|p2a: Fezandipiti|Moonblast|p1a: Bronzong\n|-resisted|p1a: Bronzong\n|-damage|p1a: Bronzong|232/261\n|move|p1a: Bronzong|Iron Head|p2a: Fezandipiti\n|-supereffective|p2a: Fezandipiti\n|-damage|p2a: Fezandipiti|18/100\n|\n|-heal|p2a: Fezandipiti|24/100|[from] item: Leftovers\n|-heal|p1a: Bronzong|248/261|[from] item: Leftovers\n|upkeep\n|turn|15\n|inactive|Time left: 300 sec this turn | 300 sec total\n|\n|t:|1783555152\n|move|p2a: Fezandipiti|Roost|p2a: Fezandipiti\n|-heal|p2a: Fezandipiti|74/100\n|-singleturn|p2a: Fezandipiti|move: Roost\n|move|p1a: Bronzong|Earthquake|p2a: Fezandipiti\n|-supereffective|p2a: Fezandipiti\n|-damage|p2a: Fezandipiti|15/100\n|\n|-heal|p2a: Fezandipiti|21/100|[from] item: Leftovers\n|-heal|p1a: Bronzong|261/261|[from] item: Leftovers\n|upkeep\n|turn|16\n|inactive|Time left: 300 sec this turn | 300 sec total\n|\n|t:|1783555153\n|move|p2a: Fezandipiti|Roost|p2a: Fezandipiti\n|-heal|p2a: Fezandipiti|71/100\n|-singleturn|p2a: Fezandipiti|move: Roost\n|move|p1a: Bronzong|Earthquake|p2a: Fezandipiti\n|-supereffective|p2a: Fezandipiti\n|-damage|p2a: Fezandipiti|17/100\n|\n|-heal|p2a: Fezandipiti|24/100|[from] item: Leftovers\n|upkeep\n|turn|17\n|inactive|Time left: 300 sec this turn | 300 sec total\n|\n|t:|1783555154\n|move|p2a: Fezandipiti|Roost|p2a: Fezandipiti\n|-heal|p2a: Fezandipiti|74/100\n|-singleturn|p2a: Fezandipiti|move: Roost\n|move|p1a: Bronzong|Iron Head|p2a: Fezandipiti\n|-supereffective|p2a: Fezandipiti\n|-damage|p2a: Fezandipiti|9/100\n|\n|-heal|p2a: Fezandipiti|15/100|[from] item: Leftovers\n|upkeep\n|turn|18\n|inactive|Time left: 300 sec this turn | 300 sec total\n|\n|t:|1783555155\n|move|p2a: Fezandipiti|Moonblast|p1a: Bronzong\n|-resisted|p1a: Bronzong\n|-damage|p1a: Bronzong|231/261\n|move|p1a: Bronzong|Earthquake|p2a: Fezandipiti\n|-supereffective|p2a: Fezandipiti\n|-damage|p2a: Fezandipiti|0 fnt\n|faint|p2a: Fezandipiti\n|\n|-heal|p1a: Bronzong|247/261|[from] item: Leftovers\n|upkeep\n|\n|t:|1783555156\n|switch|p2a: Lilligant|Lilligant-Hisui, L79, F|100/100\n|turn|19\n|inactive|Time left: 300 sec this turn | 300 sec total\n|\n|t:|1783555157\n|move|p2a: Lilligant|Victory Dance|p2a: Lilligant\n|-boost|p2a: Lilligant|atk|1\n|-boost|p2a: Lilligant|def|1\n|-boost|p2a: Lilligant|spe|1\n|move|p1a: Bronzong|Psychic|p2a: Lilligant\n|-supereffective|p2a: Lilligant\n|-damage|p2a: Lilligant|12/100\n|\n|-heal|p1a: Bronzong|261/261|[from] item: Leftovers\n|upkeep\n|turn|20\n|inactive|Time left: 300 sec this turn | 300 sec total\n|\n|t:|1783555159\n|move|p2a: Lilligant|Sleep Powder|p1a: Bronzong\n|-status|p1a: Bronzong|slp|[from] move: Sleep Powder\n|cant|p1a: Bronzong|slp\n|\n|upkeep\n|turn|21\n|inactive|Time left: 300 sec this turn | 300 sec total\n|\n|t:|1783555160\n|move|p2a: Lilligant|Victory Dance|p2a: Lilligant\n|-boost|p2a: Lilligant|atk|1\n|-boost|p2a: Lilligant|def|1\n|-boost|p2a: Lilligant|spe|1\n|cant|p1a: Bronzong|slp\n|\n|upkeep\n|turn|22\n|inactive|Time left: 300 sec this turn | 300 sec total\n|\n|t:|1783555160\n|move|p2a: Lilligant|Close Combat|p1a: Bronzong\n|-damage|p1a: Bronzong|8/261 slp\n|-unboost|p2a: Lilligant|def|1\n|-unboost|p2a: Lilligant|spd|1\n|cant|p1a: Bronzong|slp\n|\n|-heal|p1a: Bronzong|24/261 slp|[from] item: Leftovers\n|upkeep\n|turn|23\n|inactive|Time left: 300 sec this turn | 300 sec total\n|\n|t:|1783555161\n|move|p2a: Lilligant|Leaf Blade|p1a: Bronzong\n|-resisted|p1a: Bronzong\n|-damage|p1a: Bronzong|0 fnt\n|faint|p1a: Bronzong\n|\n|upkeep\n|inactive|Time left: 300 sec this turn | 300 sec total | 5 sec grace\n|\n|t:|1783555162\n|switch|p1a: Hydrapple|Hydrapple, L83, M|186/312\n|turn|24\n|inactive|Time left: 300 sec this turn | 300 sec total\n|\n|t:|1783555163\n|switch|p1a: Palossand|Palossand, L89, M|184/296\n|move|p2a: Lilligant|Close Combat|p1a: Palossand\n|-immune|p1a: Palossand\n|\n|-heal|p1a: Palossand|202/296|[from] item: Leftovers\n|upkeep\n|turn|25\n|inactive|Time left: 300 sec this turn | 300 sec total\n|\n|t:|1783555164\n|switch|p1a: Hydrapple|Hydrapple, L83, M|290/312\n|move|p2a: Lilligant|Leaf Blade|p1a: Hydrapple\n|-resisted|p1a: Hydrapple\n|-damage|p1a: Hydrapple|238/312\n|\n|upkeep\n|turn|26\n|inactive|Time left: 300 sec this turn | 300 sec total\n|\n|t:|1783555165\n|switch|p1a: Palossand|Palossand, L89, M|202/296\n|move|p2a: Lilligant|Close Combat|p1a: Palossand\n|-immune|p1a: Palossand\n|\n|-heal|p1a: Palossand|220/296|[from] item: Leftovers\n|upkeep\n|turn|27\n|inactive|Time left: 300 sec this turn | 300 sec total\n|\n|t:|1783555166\n|move|p2a: Lilligant|Leaf Blade|p1a: Palossand\n|-supereffective|p1a: Palossand\n|-damage|p1a: Palossand|0 fnt\n|faint|p1a: Palossand\n|\n|upkeep\n|inactive|Time left: 300 sec this turn | 300 sec total | 5 sec grace\n|\n|t:|1783555167\n|switch|p1a: Hydrapple|Hydrapple, L83, M|312/312\n|turn|28\n|inactive|Time left: 300 sec this turn | 300 sec total\n|\n|t:|1783555168\n|-terastallize|p2a: Lilligant|Fighting\n|move|p2a: Lilligant|Close Combat|p1a: Hydrapple\n|-damage|p1a: Hydrapple|0 fnt\n|-unboost|p2a: Lilligant|def|1\n|-unboost|p2a: Lilligant|spd|1\n|faint|p1a: Hydrapple\n|\n|upkeep\n|inactive|Time left: 300 sec this turn | 300 sec total | 5 sec grace\n|\n|t:|1783555168\n|switch|p1a: Meganium|Meganium, L90, M|290/290\n|turn|29\n|inactive|Time left: 300 sec this turn | 300 sec total\n|\n|t:|1783555169\n|move|p2a: Lilligant|Close Combat|p1a: Meganium\n|-damage|p1a: Meganium|0 fnt\n|-unboost|p2a: Lilligant|def|1\n|-unboost|p2a: Lilligant|spd|1\n|faint|p1a: Meganium\n|\n|upkeep\n|inactive|Time left: 300 sec this turn | 300 sec total | 5 sec grace\n|\n|t:|1783555170\n|switch|p1a: Beartic|Beartic, L91, M|321/321\n|turn|30\n|inactive|Time left: 300 sec this turn | 300 sec total\n|\n|t:|1783555171\n|move|p2a: Lilligant|Close Combat|p1a: Beartic\n|-supereffective|p1a: Beartic\n|-damage|p1a: Beartic|0 fnt\n|-unboost|p2a: Lilligant|def|1\n|-unboost|p2a: Lilligant|spd|1\n|faint|p1a: Beartic\n|\n|win|p0y1304a8a0", "uploadtime": 1783555171, "views": 0, "rating": 0, "private": 0, "password": null, "_winner": "p0y1304a8a0", "_our_name": "p0x13048a4a"}