{"id": "battle-gen9randombattle-1031", "formatid": "gen9randombattle", "format": "[Gen 9] Random Battle", "players": ["p0x1031270c", "p0y103199a9"], "log": "|init|battle\n|title|p0x1031270c vs. p0y103199a9\n|j|\u2606p0x1031270c\n|j|\u2606p0y103199a9\n|t:|1783551872\n|gametype|singles\n|player|p1|p0x1031270c|2|\n|player|p2|p0y103199a9|266|\n|gen|9\n|tier|[Gen 9] Random Battle\n|rule|Species Clause: Limit one of each Pok\u00e9mon\n|rule|HP Percentage Mod: HP is shown in percentages\n|rule|Sleep Clause Mod: Limit one foe put to sleep\n|rule|Illusion Level Mod: Illusion disguises the Pok\u00e9mon's true level\n|\n|t:|1783551872\n|teamsize|p1|6\n|teamsize|p2|6\n|start\n|switch|p1a: Cloyster|Cloyster, L80, M|211/211\n|switch|p2a: Quaquaval|Quaquaval, L79, F|100/100\n|turn|1\n|inactive|Battle timer is ON: inactive players will automatically lose when time's up. (requested by p0y103199a9)\n|inactive|Time left: 300 sec this turn | 300 sec total | 60 sec grace\n|inactive|p0x1031270c also wants the timer to be on.\n|\n|t:|1783551874\n|move|p2a: Quaquaval|Close Combat|p1a: Cloyster\n|-supereffective|p1a: Cloyster\n|-crit|p1a: Cloyster\n|-damage|p1a: Cloyster|0 fnt\n|-unboost|p2a: Quaquaval|def|1\n|-unboost|p2a: Quaquaval|spd|1\n|faint|p1a: Cloyster\n|-ability|p2a: Quaquaval|Moxie|boost\n|-boost|p2a: Quaquaval|atk|1\n|\n|upkeep\n|inactive|Time left: 300 sec this turn | 300 sec total | 65 sec grace\n|\n|t:|1783551875\n|switch|p1a: Medicham|Medicham, L86, M|243/243\n|turn|2\n|inactive|Time left: 300 sec this turn | 300 sec total\n|\n|t:|1783551877\n|switch|p2a: Banette|Banette, L93, F|100/100\n|move|p1a: Medicham|Close Combat|p2a: Banette\n|-immune|p2a: Banette\n|\n|upkeep\n|turn|3\n|inactive|Time left: 300 sec this turn | 300 sec total\n|\n|t:|1783551878\n|switch|p1a: Mudsdale|Mudsdale, L83, F|302/302\n|move|p2a: Banette|Poltergeist|p1a: Mudsdale\n|-activate|p1a: Mudsdale|move: Poltergeist|Leftovers\n|-damage|p1a: Mudsdale|94/302\n|-ability|p1a: Mudsdale|Stamina|boost\n|-boost|p1a: Mudsdale|def|1\n|-damage|p2a: Banette|90/100|[from] item: Life Orb\n|\n|-heal|p1a: Mudsdale|112/302|[from] item: Leftovers\n|upkeep\n|turn|4\n|inactive|Time left: 300 sec this turn | 300 sec total\n|\n|t:|1783551878\n|move|p2a: Banette|Poltergeist|p1a: Mudsdale\n|-activate|p1a: Mudsdale|move: Poltergeist|Leftovers\n|-damage|p1a: Mudsdale|0 fnt\n|faint|p1a: Mudsdale\n|-damage|p2a: Banette|80/100|[from] item: Life Orb\n|\n|upkeep\n|inactive|Time left: 300 sec this turn | 300 sec total | 5 sec grace\n|\n|t:|1783551879\n|switch|p1a: Medicham|Medicham, L86, M|243/243\n|turn|5\n|inactive|Time left: 300 sec this turn | 300 sec total\n|\n|t:|1783551880\n|move|p1a: Medicham|Zen Headbutt|p2a: Banette\n|-damage|p2a: Banette|5/100\n|move|p2a: Banette|Poltergeist|p1a: Medicham\n|-activate|p1a: Medicham|move: Poltergeist|Choice Band\n|-supereffective|p1a: Medicham\n|-damage|p1a: Medicham|0 fnt\n|faint|p1a: Medicham\n|-damage|p2a: Banette|0 fnt|[from] item: Life Orb\n|faint|p2a: Banette\n|\n|upkeep\n|inactive|Time left: 300 sec this turn | 300 sec total | 5 sec grace\n|\n|t:|1783551881\n|switch|p1a: Iron Valiant|Iron Valiant, L78|244/244\n|switch|p2a: Revavroom|Revavroom, L79, M|100/100\n|turn|6\n|inactive|Time left: 300 sec this turn | 300 sec total\n|\n|t:|1783551882\n|-terastallize|p1a: Iron Valiant|Dark\n|move|p1a: Iron Valiant|Swords Dance|p1a: Iron Valiant\n|-boost|p1a: Iron Valiant|atk|2\n|move|p2a: Revavroom|Gunk Shot|p1a: Iron Valiant\n|-damage|p1a: Iron Valiant|71/244\n|-status|p1a: Iron Valiant|psn\n|-damage|p2a: Revavroom|91/100|[from] item: Life Orb\n|\n|-damage|p1a: Iron Valiant|41/244 psn|[from] psn\n|upkeep\n|turn|7\n|inactive|Time left: 300 sec this turn | 300 sec total\n|\n|t:|1783551883\n|switch|p2a: Azelf|Azelf, L82|100/100\n|move|p1a: Iron Valiant|Knock Off|p2a: Azelf\n|-supereffective|p2a: Azelf\n|-damage|p2a: Azelf|0 fnt\n|-enditem|p2a: Azelf|Life Orb|[from] move: Knock Off|[of] p1a: Iron Valiant\n|faint|p2a: Azelf\n|-damage|p1a: Iron Valiant|17/244 psn|[from] item: Life Orb\n|\n|-damage|p1a: Iron Valiant|0 fnt|[from] psn\n|faint|p1a: Iron Valiant\n|-end|p1a: Iron Valiant|Quark Drive|[silent]\n|upkeep\n|inactive|Time left: 300 sec this turn | 300 sec total | 5 sec grace\n|\n|t:|1783551884\n|switch|p2a: Wo-Chien|Wo-Chien, L83|100/100\n|switch|p1a: Victreebel|Victreebel, L90, F|290/290\n|-ability|p2a: Wo-Chien|Tablets of Ruin\n|turn|8\n|inactive|Time left: 300 sec this turn | 300 sec total\n|\n|t:|1783551885\n|switch|p2a: Revavroom|Revavroom, L79, M|91/100\n|move|p1a: Victreebel|Sludge Wave|p2a: Revavroom\n|-immune|p2a: Revavroom\n|\n|upkeep\n|turn|9\n|inactive|Time left: 300 sec this turn | 300 sec total\n|\n|t:|1783551886\n|move|p2a: Revavroom|Shift Gear|p2a: Revavroom\n|-boost|p2a: Revavroom|spe|2\n|-boost|p2a: Revavroom|atk|1\n|move|p1a: Victreebel|Sleep Powder|p2a: Revavroom|[miss]\n|-miss|p1a: Victreebel|p2a: Revavroom\n|\n|upkeep\n|turn|10\n|inactive|Time left: 300 sec this turn | 300 sec total\n|\n|t:|1783551887\n|move|p2a: Revavroom|Gunk Shot|p1a: Victreebel\n|-damage|p1a: Victreebel|1/290\n|-damage|p2a: Revavroom|81/100|[from] item: Life Orb\n|move|p1a: Victreebel|Sleep Powder|p2a: Revavroom\n|-status|p2a: Revavroom|slp|[from] move: Sleep Powder\n|\n|upkeep\n|turn|11\n|inactive|Time left: 300 sec this turn | 300 sec total\n|\n|t:|1783551888\n|move|p1a: Victreebel|Sucker Punch||[still]\n|-fail|p1a: Victreebel\n|cant|p2a: Revavroom|slp\n|\n|upkeep\n|turn|12\n|inactive|Time left: 300 sec this turn | 300 sec total\n|\n|t:|1783551889\n|move|p1a: Victreebel|Sucker Punch||[still]\n|-fail|p1a: Victreebel\n|-curestatus|p2a: Revavroom|slp|[msg]\n|move|p2a: Revavroom|Shift Gear|p2a: Revavroom\n|-boost|p2a: Revavroom|spe|2\n|-boost|p2a: Revavroom|atk|1\n|\n|upkeep\n|turn|13\n|inactive|Time left: 300 sec this turn | 300 sec total\n|\n|t:|1783551890\n|move|p1a: Victreebel|Sucker Punch|p2a: Revavroom\n|-damage|p2a: Revavroom|49/100\n|-damage|p1a: Victreebel|0 fnt|[from] item: Life Orb\n|faint|p1a: Victreebel\n|move|p2a: Revavroom|High Horsepower|p1: Victreebel|[notarget]\n|-fail|p2a: Revavroom\n|\n|upkeep\n|inactive|Time left: 300 sec this turn | 300 sec total | 5 sec grace\n|\n|t:|1783551891\n|switch|p1a: Tornadus|Tornadus, L82, M|264/264\n|turn|14\n|inactive|Time left: 300 sec this turn | 300 sec total\n|\n|t:|1783551892\n|-terastallize|p2a: Revavroom|Ground\n|move|p2a: Revavroom|Iron Head|p1a: Tornadus\n|-damage|p1a: Tornadus|0 fnt\n|faint|p1a: Tornadus\n|-damage|p2a: Revavroom|40/100|[from] item: Life Orb\n|\n|win|p0y103199a9", "uploadtime": 1783551892, "views": 0, "rating": 0, "private": 0, "password": null, "_winner": "p0y103199a9", "_our_name": "p0x1031270c"}