{"id": "battle-gen9randombattle-252", "formatid": "gen9randombattle", "format": "[Gen 9] Random Battle", "players": ["p0x2521215", "p0y252802b"], "log": "|init|battle\n|title|p0x2521215 vs. p0y252802b\n|j|\u2606p0x2521215\n|j|\u2606p0y252802b\n|t:|1783542500\n|gametype|singles\n|player|p1|p0x2521215|102|\n|player|p2|p0y252802b|2|\n|gen|9\n|tier|[Gen 9] Random Battle\n|rule|Species Clause: Limit one of each Pok\u00e9mon\n|rule|HP Percentage Mod: HP is shown in percentages\n|rule|Sleep Clause Mod: Limit one foe put to sleep\n|rule|Illusion Level Mod: Illusion disguises the Pok\u00e9mon's true level\n|\n|t:|1783542500\n|teamsize|p1|6\n|teamsize|p2|6\n|start\n|switch|p1a: Kricketune|Kricketune, L99, M|100/100\n|switch|p2a: Duraludon|Duraludon, L82, M|249/249\n|turn|1\n|inactive|Battle timer is ON: inactive players will automatically lose when time's up. (requested by p0y252802b)\n|\n|t:|1783542502\n|move|p2a: Duraludon|Flash Cannon|p1a: Kricketune\n|-damage|p1a: Kricketune|63/100\n|move|p1a: Kricketune|Sticky Web|p2a: Duraludon\n|-sidestart|p2: p0y252802b|move: Sticky Web\n|\n|upkeep\n|turn|2\n|inactive|Time left: 300 sec this turn | 300 sec total\n|inactive|p0x2521215 also wants the timer to be on.\n|\n|t:|1783542503\n|move|p2a: Duraludon|Flash Cannon|p1a: Kricketune\n|-damage|p1a: Kricketune|24/100\n|move|p1a: Kricketune|Pounce|p2a: Duraludon\n|-resisted|p2a: Duraludon\n|-damage|p2a: Duraludon|220/249\n|-unboost|p2a: Duraludon|spe|1\n|\n|upkeep\n|turn|3\n|inactive|Time left: 300 sec this turn | 300 sec total\n|\n|t:|1783542504\n|move|p1a: Kricketune|Knock Off|p2a: Duraludon\n|-damage|p2a: Duraludon|174/249\n|-enditem|p2a: Duraludon|Eviolite|[from] move: Knock Off|[of] p1a: Kricketune\n|move|p2a: Duraludon|Flash Cannon|p1a: Kricketune\n|-damage|p1a: Kricketune|0 fnt\n|faint|p1a: Kricketune\n|\n|upkeep\n|\n|t:|1783542505\n|switch|p1a: Oranguru|Oranguru, L92, F|100/100\n|turn|4\n|inactive|Time left: 300 sec this turn | 300 sec total\n|\n|t:|1783542506\n|switch|p2a: Spidops|Spidops, L96, F|271/271\n|move|p1a: Oranguru|Hyper Voice|p2a: Spidops\n|-damage|p2a: Spidops|121/271\n|\n|upkeep\n|turn|5\n|inactive|Time left: 300 sec this turn | 300 sec total\n|\n|t:|1783542508\n|-terastallize|p2a: Spidops|Ghost\n|move|p1a: Oranguru|Hyper Voice|p2a: Spidops\n|-immune|p2a: Spidops\n|move|p2a: Spidops|Sticky Web|p1a: Oranguru\n|-sidestart|p1: p0x2521215|move: Sticky Web\n|\n|upkeep\n|turn|6\n|inactive|Time left: 300 sec this turn | 300 sec total\n|\n|t:|1783542509\n|switch|p1a: Florges|Florges-Blue, L85, F|100/100\n|-activate|p1a: Florges|move: Sticky Web\n|-unboost|p1a: Florges|spe|1\n|move|p2a: Spidops|Knock Off|p1a: Florges\n|-resisted|p1a: Florges\n|-damage|p1a: Florges|66/100\n|-enditem|p1a: Florges|Leftovers|[from] move: Knock Off|[of] p2a: Spidops\n|\n|upkeep\n|turn|7\n|inactive|Time left: 300 sec this turn | 300 sec total\n|\n|t:|1783542510\n|move|p2a: Spidops|Spikes|p1a: Florges\n|-sidestart|p1: p0x2521215|Spikes\n|move|p1a: Florges|Moonblast|p2a: Spidops\n|-damage|p2a: Spidops|18/271\n|\n|upkeep\n|turn|8\n|inactive|Time left: 300 sec this turn | 300 sec total\n|\n|t:|1783542511\n|move|p2a: Spidops|Spikes|p1a: Florges\n|-sidestart|p1: p0x2521215|Spikes\n|move|p1a: Florges|Moonblast|p2a: Spidops\n|-damage|p2a: Spidops|0 fnt\n|faint|p2a: Spidops\n|\n|upkeep\n|inactive|Time left: 300 sec this turn | 300 sec total | 5 sec grace\n|\n|t:|1783542512\n|switch|p2a: Avalugg|Avalugg, L88, F|310/310\n|turn|9\n|inactive|Time left: 300 sec this turn | 300 sec total\n|\n|t:|1783542513\n|move|p1a: Florges|Moonblast|p2a: Avalugg\n|-damage|p2a: Avalugg|138/310\n|-unboost|p2a: Avalugg|spa|1\n|move|p2a: Avalugg|Rapid Spin|p1a: Florges\n|-damage|p1a: Florges|45/100\n|-boost|p2a: Avalugg|spe|1\n|-sideend|p2: p0y252802b|Sticky Web|[from] move: Rapid Spin|[of] p2a: Avalugg\n|\n|upkeep\n|turn|10\n|inactive|Time left: 300 sec this turn | 300 sec total\n|\n|t:|1783542514\n|move|p2a: Avalugg|Recover|p2a: Avalugg\n|-heal|p2a: Avalugg|293/310\n|move|p1a: Florges|Moonblast|p2a: Avalugg\n|-damage|p2a: Avalugg|104/310\n|-unboost|p2a: Avalugg|spa|1\n|\n|upkeep\n|turn|11\n|inactive|Time left: 300 sec this turn | 300 sec total\n|\n|t:|1783542515\n|move|p2a: Avalugg|Recover|p2a: Avalugg\n|-heal|p2a: Avalugg|259/310\n|move|p1a: Florges|Moonblast|p2a: Avalugg\n|-damage|p2a: Avalugg|88/310\n|\n|upkeep\n|turn|12\n|inactive|Time left: 300 sec this turn | 300 sec total\n|\n|t:|1783542516\n|move|p2a: Avalugg|Recover|p2a: Avalugg\n|-heal|p2a: Avalugg|243/310\n|move|p1a: Florges|Moonblast|p2a: Avalugg\n|-damage|p2a: Avalugg|72/310\n|-unboost|p2a: Avalugg|spa|1\n|\n|upkeep\n|turn|13\n|inactive|Time left: 300 sec this turn | 300 sec total\n|\n|t:|1783542518\n|move|p2a: Avalugg|Recover|p2a: Avalugg\n|-heal|p2a: Avalugg|227/310\n|move|p1a: Florges|Moonblast|p2a: Avalugg\n|-damage|p2a: Avalugg|52/310\n|\n|upkeep\n|turn|14\n|inactive|Time left: 300 sec this turn | 300 sec total\n|\n|t:|1783542519\n|move|p2a: Avalugg|Recover|p2a: Avalugg\n|-heal|p2a: Avalugg|207/310\n|move|p1a: Florges|Moonblast|p2a: Avalugg\n|-damage|p2a: Avalugg|32/310\n|\n|upkeep\n|turn|15\n|inactive|Time left: 300 sec this turn | 300 sec total\n|\n|t:|1783542520\n|move|p2a: Avalugg|Recover|p2a: Avalugg\n|-heal|p2a: Avalugg|187/310\n|move|p1a: Florges|Moonblast|p2a: Avalugg\n|-damage|p2a: Avalugg|27/310\n|-unboost|p2a: Avalugg|spa|1\n|\n|upkeep\n|turn|16\n|inactive|Time left: 300 sec this turn | 300 sec total\n|\n|t:|1783542521\n|move|p2a: Avalugg|Recover|p2a: Avalugg\n|-heal|p2a: Avalugg|182/310\n|move|p1a: Florges|Moonblast|p2a: Avalugg\n|-damage|p2a: Avalugg|4/310\n|\n|upkeep\n|turn|17\n|inactive|Time left: 300 sec this turn | 300 sec total\n|\n|t:|1783542522\n|switch|p2a: Reshiram|Reshiram, L76|277/277\n|-ability|p2a: Reshiram|Turboblaze\n|move|p1a: Florges|Moonblast|p2a: Reshiram\n|-damage|p2a: Reshiram|168/277\n|\n|upkeep\n|turn|18\n|inactive|Time left: 300 sec this turn | 300 sec total\n|\n|t:|1783542523\n|move|p2a: Reshiram|Flare Blitz|p1a: Florges\n|-damage|p1a: Florges|0 fnt\n|faint|p1a: Florges\n|-damage|p2a: Reshiram|128/277|[from] Recoil\n|\n|upkeep\n|\n|t:|1783542524\n|switch|p1a: Quagsire|Quagsire, L84, F|100/100\n|-activate|p1a: Quagsire|move: Sticky Web\n|-unboost|p1a: Quagsire|spe|1\n|-damage|p1a: Quagsire|84/100|[from] Spikes\n|turn|19\n|inactive|Time left: 300 sec this turn | 300 sec total\n|\n|t:|1783542524\n|switch|p2a: Wigglytuff|Wigglytuff, L96, F|424/424\n|move|p1a: Quagsire|Earthquake|p2a: Wigglytuff\n|-damage|p2a: Wigglytuff|298/424\n|\n|-heal|p2a: Wigglytuff|324/424|[from] item: Leftovers\n|-heal|p1a: Quagsire|90/100|[from] item: Leftovers\n|upkeep\n|turn|20\n|inactive|Time left: 300 sec this turn | 300 sec total\n|\n|t:|1783542525\n|move|p2a: Wigglytuff|Dazzling Gleam|p1a: Quagsire\n|-damage|p1a: Quagsire|50/100\n|move|p1a: Quagsire|Toxic|p2a: Wigglytuff\n|-status|p2a: Wigglytuff|tox\n|\n|-heal|p2a: Wigglytuff|350/424 tox|[from] item: Leftovers\n|-heal|p1a: Quagsire|56/100|[from] item: Leftovers\n|-damage|p2a: Wigglytuff|324/424 tox|[from] psn\n|upkeep\n|turn|21\n|inactive|Time left: 300 sec this turn | 300 sec total\n|\n|t:|1783542526\n|move|p2a: Wigglytuff|Dazzling Gleam|p1a: Quagsire\n|-damage|p1a: Quagsire|16/100\n|move|p1a: Quagsire|Recover|p1a: Quagsire\n|-heal|p1a: Quagsire|66/100\n|\n|-heal|p2a: Wigglytuff|350/424 tox|[from] item: Leftovers\n|-heal|p1a: Quagsire|73/100|[from] item: Leftovers\n|-damage|p2a: Wigglytuff|298/424 tox|[from] psn\n|upkeep\n|turn|22\n|inactive|Time left: 300 sec this turn | 300 sec total\n|\n|t:|1783542527\n|move|p2a: Wigglytuff|Dazzling Gleam|p1a: Quagsire\n|-damage|p1a: Quagsire|28/100\n|move|p1a: Quagsire|Earthquake|p2a: Wigglytuff\n|-damage|p2a: Wigglytuff|166/424 tox\n|\n|-heal|p2a: Wigglytuff|192/424 tox|[from] item: Leftovers\n|-heal|p1a: Quagsire|34/100|[from] item: Leftovers\n|-damage|p2a: Wigglytuff|114/424 tox|[from] psn\n|upkeep\n|turn|23\n|inactive|Time left: 300 sec this turn | 300 sec total\n|\n|t:|1783542528\n|move|p2a: Wigglytuff|Dazzling Gleam|p1a: Quagsire\n|-damage|p1a: Quagsire|0 fnt\n|faint|p1a: Quagsire\n|\n|-heal|p2a: Wigglytuff|140/424 tox|[from] item: Leftovers\n|-damage|p2a: Wigglytuff|36/424 tox|[from] psn\n|upkeep\n|\n|t:|1783542529\n|switch|p1a: Rillaboom|Rillaboom, L79, F|100/100\n|-activate|p1a: Rillaboom|move: Sticky Web\n|-unboost|p1a: Rillaboom|spe|1\n|-damage|p1a: Rillaboom|84/100|[from] Spikes\n|-fieldstart|move: Grassy Terrain|[from] ability: Grassy Surge|[of] p1a: Rillaboom\n|turn|24\n|inactive|Time left: 300 sec this turn | 300 sec total\n|\n|t:|1783542530\n|move|p2a: Wigglytuff|Wish|p2a: Wigglytuff\n|move|p1a: Rillaboom|Swords Dance|p1a: Rillaboom\n|-boost|p1a: Rillaboom|atk|2\n|\n|-heal|p2a: Wigglytuff|62/424 tox|[from] Grassy Terrain\n|-heal|p2a: Wigglytuff|88/424 tox|[from] item: Leftovers\n|-heal|p1a: Rillaboom|90/100|[from] Grassy Terrain\n|-damage|p2a: Wigglytuff|0 fnt|[from] psn\n|faint|p2a: Wigglytuff\n|upkeep\n|inactive|Time left: 300 sec this turn | 300 sec total | 5 sec grace\n|\n|t:|1783542530\n|switch|p2a: Reshiram|Reshiram, L76|128/277\n|-ability|p2a: Reshiram|Turboblaze\n|turn|25\n|inactive|Time left: 300 sec this turn | 300 sec total\n|\n|t:|1783542531\n|move|p2a: Reshiram|Flare Blitz|p1a: Rillaboom\n|-supereffective|p1a: Rillaboom\n|-damage|p1a: Rillaboom|3/100\n|-damage|p2a: Reshiram|45/277|[from] Recoil\n|move|p1a: Rillaboom|Knock Off|p2a: Reshiram\n|-damage|p2a: Reshiram|0 fnt\n|-enditem|p2a: Reshiram|Heavy-Duty Boots|[from] move: Knock Off|[of] p1a: Rillaboom\n|faint|p2a: Reshiram\n|-damage|p1a: Rillaboom|0 fnt|[from] item: Life Orb\n|faint|p1a: Rillaboom\n|\n|upkeep\n|inactive|Time left: 300 sec this turn | 300 sec total | 5 sec grace\n|\n|t:|1783542533\n|switch|p2a: Dedenne|Dedenne, L88, F|261/261\n|switch|p1a: Decidueye|Decidueye-Hisui, L87, F|100/100\n|-activate|p1a: Decidueye|move: Sticky Web\n|-unboost|p1a: Decidueye|spe|1\n|-damage|p1a: Decidueye|84/100|[from] Spikes\n|turn|26\n|inactive|Time left: 300 sec this turn | 300 sec total\n|\n|t:|1783542534\n|move|p2a: Dedenne|Nuzzle|p1a: Decidueye\n|-resisted|p1a: Decidueye\n|-damage|p1a: Decidueye|81/100\n|-status|p1a: Decidueye|par\n|move|p1a: Decidueye|Leaf Blade|p2a: Dedenne\n|-crit|p2a: Dedenne\n|-damage|p2a: Dedenne|0 fnt\n|faint|p2a: Dedenne\n|\n|-heal|p1a: Decidueye|87/100 par|[from] Grassy Terrain\n|-heal|p1a: Decidueye|93/100 par|[from] item: Leftovers\n|upkeep\n|inactive|Time left: 300 sec this turn | 300 sec total | 5 sec grace\n|\n|t:|1783542535\n|switch|p2a: Avalugg|Avalugg, L88, F|4/310\n|turn|27\n|inactive|Time left: 300 sec this turn | 300 sec total\n|\n|t:|1783542536\n|move|p2a: Avalugg|Recover|p2a: Avalugg\n|-heal|p2a: Avalugg|159/310\n|cant|p1a: Decidueye|par\n|\n|-heal|p2a: Avalugg|178/310|[from] Grassy Terrain\n|-heal|p1a: Decidueye|99/100 par|[from] Grassy Terrain\n|-heal|p1a: Decidueye|100/100 par|[from] item: Leftovers\n|upkeep\n|turn|28\n|inactive|Time left: 300 sec this turn | 300 sec total\n|\n|t:|1783542537\n|switch|p1a: Oranguru|Oranguru, L92, F|100/100\n|-activate|p1a: Oranguru|move: Sticky Web\n|-unboost|p1a: Oranguru|spe|1\n|-damage|p1a: Oranguru|84/100|[from] Spikes\n|move|p2a: Avalugg|Body Press|p1a: Oranguru\n|-damage|p1a: Oranguru|50/100\n|\n|-heal|p1a: Oranguru|56/100|[from] Grassy Terrain\n|-heal|p2a: Avalugg|197/310|[from] Grassy Terrain\n|-fieldend|move: Grassy Terrain\n|upkeep\n|turn|29\n|inactive|Time left: 300 sec this turn | 300 sec total\n|\n|t:|1783542538\n|move|p1a: Oranguru|Hyper Voice|p2a: Avalugg\n|-damage|p2a: Avalugg|0 fnt\n|faint|p2a: Avalugg\n|\n|upkeep\n|inactive|Time left: 300 sec this turn | 300 sec total | 5 sec grace\n|\n|t:|1783542539\n|switch|p2a: Duraludon|Duraludon, L82, M|174/249\n|turn|30\n|inactive|Time left: 300 sec this turn | 300 sec total\n|\n|t:|1783542540\n|-terastallize|p1a: Oranguru|Fighting\n|move|p2a: Duraludon|Draco Meteor|p1a: Oranguru\n|-damage|p1a: Oranguru|17/100\n|-unboost|p2a: Duraludon|spa|2\n|move|p1a: Oranguru|Hyper Voice|p2a: Duraludon\n|-resisted|p2a: Duraludon\n|-damage|p2a: Duraludon|46/249\n|\n|upkeep\n|turn|31\n|inactive|Time left: 300 sec this turn | 300 sec total\n|\n|t:|1783542541\n|move|p2a: Duraludon|Body Press|p1a: Oranguru\n|-damage|p1a: Oranguru|0 fnt\n|faint|p1a: Oranguru\n|\n|upkeep\n|\n|t:|1783542542\n|switch|p1a: Decidueye|Decidueye-Hisui, L87, F|100/100 par\n|-activate|p1a: Decidueye|move: Sticky Web\n|-unboost|p1a: Decidueye|spe|1\n|-damage|p1a: Decidueye|84/100 par|[from] Spikes\n|turn|32\n|inactive|Time left: 300 sec this turn | 300 sec total\n|\n|t:|1783542543\n|move|p2a: Duraludon|Iron Defense|p2a: Duraludon\n|-boost|p2a: Duraludon|def|2\n|move|p1a: Decidueye|Triple Arrows|p2a: Duraludon\n|-supereffective|p2a: Duraludon\n|-damage|p2a: Duraludon|0 fnt\n|faint|p2a: Duraludon\n|\n|win|p0x2521215", "uploadtime": 1783542543, "views": 0, "rating": 0, "private": 0, "password": null, "_winner": "p0x2521215", "_our_name": "p0y252802b"}