{"id": "battle-gen9randombattle-647", "formatid": "gen9randombattle", "format": "[Gen 9] Random Battle", "players": ["p0x6474afd", "p0y647a5ea"], "log": "|init|battle\n|title|p0x6474afd vs. p0y647a5ea\n|j|\u2606p0x6474afd\n|j|\u2606p0y647a5ea\n|t:|1783547332\n|gametype|singles\n|player|p1|p0x6474afd|169|\n|player|p2|p0y647a5ea|170|\n|gen|9\n|tier|[Gen 9] Random Battle\n|rule|Species Clause: Limit one of each Pok\u00e9mon\n|rule|HP Percentage Mod: HP is shown in percentages\n|rule|Sleep Clause Mod: Limit one foe put to sleep\n|rule|Illusion Level Mod: Illusion disguises the Pok\u00e9mon's true level\n|\n|t:|1783547332\n|teamsize|p1|6\n|teamsize|p2|6\n|start\n|switch|p1a: Rhydon|Rhydon, L85, F|317/317\n|switch|p2a: Calyrex|Calyrex-Ice, L72|100/100\n|-ability|p2a: Calyrex|As One\n|-ability|p2a: Calyrex|Unnerve\n|turn|1\n|inactive|Battle timer is ON: inactive players will automatically lose when time's up. (requested by p0y647a5ea)\n|inactive|Time left: 300 sec this turn | 300 sec total | 60 sec grace\n|inactive|p0x6474afd also wants the timer to be on.\n|\n|t:|1783547333\n|move|p1a: Rhydon|Swords Dance|p1a: Rhydon\n|-boost|p1a: Rhydon|atk|2\n|move|p2a: Calyrex|Glacial Lance|p1a: Rhydon\n|-supereffective|p1a: Rhydon\n|-damage|p1a: Rhydon|179/317\n|\n|upkeep\n|turn|2\n|inactive|Time left: 300 sec this turn | 300 sec total\n|\n|t:|1783547334\n|switch|p2a: Clefable|Clefable, L83, M|100/100\n|move|p1a: Rhydon|Stone Edge|p2a: Clefable\n|-damage|p2a: Clefable|44/100\n|\n|-heal|p2a: Clefable|50/100|[from] item: Leftovers\n|upkeep\n|turn|3\n|inactive|Time left: 300 sec this turn | 300 sec total\n|\n|t:|1783547336\n|move|p2a: Clefable|Moonlight|p2a: Clefable\n|-heal|p2a: Clefable|99/100\n|move|p1a: Rhydon|Earthquake|p2a: Clefable\n|-damage|p2a: Clefable|45/100\n|\n|-heal|p2a: Clefable|51/100|[from] item: Leftovers\n|upkeep\n|turn|4\n|inactive|Time left: 300 sec this turn | 300 sec total\n|\n|t:|1783547337\n|move|p2a: Clefable|Moonlight|p2a: Clefable\n|-heal|p2a: Clefable|100/100\n|move|p1a: Rhydon|Earthquake|p2a: Clefable\n|-damage|p2a: Clefable|43/100\n|\n|-heal|p2a: Clefable|49/100|[from] item: Leftovers\n|upkeep\n|turn|5\n|inactive|Time left: 300 sec this turn | 300 sec total\n|\n|t:|1783547338\n|move|p2a: Clefable|Moonlight|p2a: Clefable\n|-heal|p2a: Clefable|99/100\n|move|p1a: Rhydon|Earthquake|p2a: Clefable\n|-damage|p2a: Clefable|45/100\n|\n|-heal|p2a: Clefable|51/100|[from] item: Leftovers\n|upkeep\n|turn|6\n|inactive|Time left: 300 sec this turn | 300 sec total\n|\n|t:|1783547339\n|move|p2a: Clefable|Moonlight|p2a: Clefable\n|-heal|p2a: Clefable|100/100\n|move|p1a: Rhydon|Earthquake|p2a: Clefable\n|-damage|p2a: Clefable|43/100\n|\n|-heal|p2a: Clefable|49/100|[from] item: Leftovers\n|upkeep\n|turn|7\n|inactive|Time left: 300 sec this turn | 300 sec total\n|\n|t:|1783547340\n|move|p2a: Clefable|Moonlight|p2a: Clefable\n|-heal|p2a: Clefable|99/100\n|move|p1a: Rhydon|Earthquake|p2a: Clefable\n|-damage|p2a: Clefable|43/100\n|\n|-heal|p2a: Clefable|49/100|[from] item: Leftovers\n|upkeep\n|turn|8\n|inactive|Time left: 300 sec this turn | 300 sec total\n|\n|t:|1783547341\n|move|p2a: Clefable|Moonlight|p2a: Clefable\n|-heal|p2a: Clefable|99/100\n|move|p1a: Rhydon|Earthquake|p2a: Clefable\n|-damage|p2a: Clefable|47/100\n|\n|-heal|p2a: Clefable|53/100|[from] item: Leftovers\n|upkeep\n|turn|9\n|inactive|Time left: 300 sec this turn | 300 sec total\n|\n|t:|1783547342\n|move|p2a: Clefable|Moonlight|p2a: Clefable\n|-heal|p2a: Clefable|100/100\n|move|p1a: Rhydon|Earthquake|p2a: Clefable\n|-damage|p2a: Clefable|44/100\n|\n|-heal|p2a: Clefable|50/100|[from] item: Leftovers\n|upkeep\n|turn|10\n|inactive|Time left: 300 sec this turn | 300 sec total\n|\n|t:|1783547343\n|move|p2a: Clefable|Moonlight|p2a: Clefable\n|-heal|p2a: Clefable|99/100\n|move|p1a: Rhydon|Earthquake|p2a: Clefable\n|-damage|p2a: Clefable|48/100\n|\n|-heal|p2a: Clefable|54/100|[from] item: Leftovers\n|upkeep\n|turn|11\n|inactive|Time left: 300 sec this turn | 300 sec total\n|\n|t:|1783547344\n|move|p2a: Clefable|Moonblast|p1a: Rhydon\n|-damage|p1a: Rhydon|86/317\n|move|p1a: Rhydon|Earthquake|p2a: Clefable\n|-damage|p2a: Clefable|3/100\n|\n|-heal|p2a: Clefable|9/100|[from] item: Leftovers\n|upkeep\n|turn|12\n|inactive|Time left: 300 sec this turn | 300 sec total\n|\n|t:|1783547346\n|switch|p1a: Regice|Regice, L88|284/284\n|move|p2a: Clefable|Moonblast|p1a: Regice\n|-damage|p1a: Regice|238/284\n|\n|-heal|p2a: Clefable|16/100|[from] item: Leftovers\n|upkeep\n|turn|13\n|inactive|Time left: 300 sec this turn | 300 sec total\n|\n|t:|1783547347\n|move|p2a: Clefable|Stealth Rock|p1a: Regice\n|-sidestart|p1: p0x6474afd|move: Stealth Rock\n|move|p1a: Regice|Thunderbolt|p2a: Clefable\n|-damage|p2a: Clefable|0 fnt\n|faint|p2a: Clefable\n|\n|upkeep\n|\n|t:|1783547347\n|switch|p2a: Ogerpon|Ogerpon-Cornerstone, L76, F|100/100\n|turn|14\n|inactive|Time left: 300 sec this turn | 300 sec total\n|\n|t:|1783547348\n|switch|p1a: Conkeldurr|Conkeldurr, L80, F|299/299\n|-damage|p1a: Conkeldurr|281/299|[from] Stealth Rock\n|move|p2a: Ogerpon|Swords Dance|p2a: Ogerpon\n|-boost|p2a: Ogerpon|atk|2\n|\n|-status|p1a: Conkeldurr|brn|[from] item: Flame Orb\n|upkeep\n|turn|15\n|inactive|Time left: 300 sec this turn | 300 sec total\n|\n|t:|1783547350\n|move|p2a: Ogerpon|Power Whip|p1a: Conkeldurr\n|-damage|p1a: Conkeldurr|5/299 brn\n|move|p1a: Conkeldurr|Close Combat|p2a: Ogerpon\n|-supereffective|p2a: Ogerpon\n|-ability|p2a: Ogerpon|Sturdy\n|-damage|p2a: Ogerpon|1/100\n|-unboost|p1a: Conkeldurr|def|1\n|-unboost|p1a: Conkeldurr|spd|1\n|\n|-damage|p1a: Conkeldurr|0 fnt|[from] brn\n|faint|p1a: Conkeldurr\n|upkeep\n|inactive|Time left: 300 sec this turn | 300 sec total | 5 sec grace\n|\n|t:|1783547350\n|switch|p1a: Talonflame|Talonflame, L83, F|265/265\n|turn|16\n|inactive|Time left: 300 sec this turn | 300 sec total\n|\n|t:|1783547351\n|move|p1a: Talonflame|Flare Blitz|p2a: Ogerpon\n|-damage|p2a: Ogerpon|0 fnt\n|faint|p2a: Ogerpon\n|-damage|p1a: Talonflame|264/265|[from] Recoil\n|\n|upkeep\n|\n|t:|1783547352\n|switch|p2a: Ting-Lu|Ting-Lu, L78|100/100\n|-ability|p2a: Ting-Lu|Vessel of Ruin\n|turn|17\n|inactive|Time left: 300 sec this turn | 300 sec total\n|\n|t:|1783547353\n|move|p1a: Talonflame|Swords Dance|p1a: Talonflame\n|-boost|p1a: Talonflame|atk|2\n|move|p2a: Ting-Lu|Throat Chop|p1a: Talonflame\n|-damage|p1a: Talonflame|170/265\n|-start|p1a: Talonflame|Throat Chop|[silent]\n|\n|upkeep\n|turn|18\n|inactive|Time left: 300 sec this turn | 300 sec total\n|\n|t:|1783547355\n|move|p1a: Talonflame|Flare Blitz|p2a: Ting-Lu\n|-damage|p2a: Ting-Lu|50/100\n|-damage|p1a: Talonflame|108/265|[from] Recoil\n|move|p2a: Ting-Lu|Throat Chop|p1a: Talonflame\n|-damage|p1a: Talonflame|9/265\n|\n|-heal|p2a: Ting-Lu|56/100|[from] item: Leftovers\n|-end|p1a: Talonflame|Throat Chop|[silent]\n|upkeep\n|turn|19\n|inactive|Time left: 300 sec this turn | 300 sec total\n|\n|t:|1783547356\n|move|p1a: Talonflame|Flare Blitz|p2a: Ting-Lu\n|-damage|p2a: Ting-Lu|7/100\n|-damage|p1a: Talonflame|0 fnt|[from] Recoil\n|faint|p1a: Talonflame\n|move|p2a: Ting-Lu|Spikes|p1: Talonflame\n|-sidestart|p1: p0x6474afd|Spikes\n|\n|-heal|p2a: Ting-Lu|13/100|[from] item: Leftovers\n|upkeep\n|inactive|Time left: 300 sec this turn | 300 sec total | 5 sec grace\n|\n|t:|1783547357\n|switch|p1a: Honchkrow|Honchkrow, L86, F|312/312\n|turn|20\n|inactive|Time left: 300 sec this turn | 300 sec total\n|\n|t:|1783547358\n|switch|p2a: Houndoom|Houndoom, L87, M|100/100\n|move|p1a: Honchkrow|Brave Bird|p2a: Houndoom\n|-damage|p2a: Houndoom|9/100\n|-damage|p1a: Honchkrow|230/312|[from] Recoil\n|\n|upkeep\n|turn|21\n|inactive|Time left: 300 sec this turn | 300 sec total\n|\n|t:|1783547359\n|move|p2a: Houndoom|Fire Blast|p1a: Honchkrow\n|-damage|p1a: Honchkrow|35/312\n|move|p1a: Honchkrow|Brave Bird|p2a: Houndoom\n|-damage|p2a: Houndoom|0 fnt\n|faint|p2a: Houndoom\n|-ability|p1a: Honchkrow|Moxie|boost\n|-boost|p1a: Honchkrow|atk|1\n|-damage|p1a: Honchkrow|27/312|[from] Recoil\n|\n|upkeep\n|\n|t:|1783547361\n|switch|p2a: Scizor|Scizor, L79, M|100/100\n|turn|22\n|inactive|Time left: 300 sec this turn | 300 sec total\n|\n|t:|1783547362\n|move|p1a: Honchkrow|Sucker Punch|p2a: Scizor\n|-damage|p2a: Scizor|46/100\n|move|p2a: Scizor|Bullet Punch|p1a: Honchkrow\n|-damage|p1a: Honchkrow|0 fnt\n|faint|p1a: Honchkrow\n|-damage|p2a: Scizor|36/100|[from] item: Life Orb\n|\n|upkeep\n|inactive|Time left: 300 sec this turn | 300 sec total | 5 sec grace\n|\n|t:|1783547363\n|switch|p1a: Regice|Regice, L88|238/284\n|turn|23\n|inactive|Time left: 300 sec this turn | 300 sec total\n|\n|t:|1783547364\n|move|p2a: Scizor|Swords Dance|p2a: Scizor\n|-boost|p2a: Scizor|atk|2\n|move|p1a: Regice|Thunderbolt|p2a: Scizor\n|-damage|p2a: Scizor|0 fnt\n|faint|p2a: Scizor\n|\n|upkeep\n|\n|t:|1783547365\n|switch|p2a: Calyrex|Calyrex-Ice, L72|100/100\n|-ability|p2a: Calyrex|As One\n|-ability|p2a: Calyrex|Unnerve\n|turn|24\n|inactive|Time left: 300 sec this turn | 300 sec total\n|\n|t:|1783547366\n|-terastallize|p2a: Calyrex|Fighting\n|move|p1a: Regice|Ice Beam|p2a: Calyrex\n|-damage|p2a: Calyrex|66/100\n|move|p2a: Calyrex|Close Combat|p1a: Regice\n|-supereffective|p1a: Regice\n|-damage|p1a: Regice|0 fnt\n|-unboost|p2a: Calyrex|def|1\n|-unboost|p2a: Calyrex|spd|1\n|faint|p1a: Regice\n|-ability|p2a: Calyrex|Chilling Neigh|boost\n|-boost|p2a: Calyrex|atk|1\n|\n|upkeep\n|inactive|Time left: 300 sec this turn | 300 sec total | 5 sec grace\n|\n|t:|1783547367\n|switch|p1a: Bellossom|Bellossom, L84, F|263/263\n|-damage|p1a: Bellossom|231/263|[from] Stealth Rock\n|-damage|p1a: Bellossom|199/263|[from] Spikes\n|turn|25\n|inactive|Time left: 300 sec this turn | 300 sec total\n|\n|t:|1783547368\n|-terastallize|p1a: Bellossom|Poison\n|move|p1a: Bellossom|Giga Drain|p2a: Calyrex\n|-damage|p2a: Calyrex|31/100\n|-heal|p1a: Bellossom|246/263|[from] drain|[of] p2a: Calyrex\n|move|p2a: Calyrex|Trick Room|p2a: Calyrex\n|-fieldstart|move: Trick Room|[of] p2a: Calyrex\n|\n|-heal|p1a: Bellossom|262/263|[from] item: Leftovers\n|upkeep\n|turn|26\n|inactive|Time left: 300 sec this turn | 300 sec total\n|\n|t:|1783547369\n|move|p2a: Calyrex|High Horsepower|p1a: Bellossom\n|-supereffective|p1a: Bellossom\n|-damage|p1a: Bellossom|32/263\n|move|p1a: Bellossom|Strength Sap|p2a: Calyrex\n|-unboost|p2a: Calyrex|atk|1\n|-heal|p1a: Bellossom|263/263\n|\n|upkeep\n|turn|27\n|inactive|Time left: 300 sec this turn | 300 sec total\n|\n|t:|1783547370\n|switch|p2a: Ting-Lu|Ting-Lu, L78|13/100\n|-ability|p2a: Ting-Lu|Vessel of Ruin\n|move|p1a: Bellossom|Strength Sap|p2a: Ting-Lu\n|-unboost|p2a: Ting-Lu|atk|1\n|\n|-heal|p2a: Ting-Lu|20/100|[from] item: Leftovers\n|upkeep\n|turn|28\n|inactive|Time left: 300 sec this turn | 300 sec total\n|\n|t:|1783547371\n|switch|p2a: Calyrex|Calyrex-Ice, L72, tera:Fighting|31/100\n|-ability|p2a: Calyrex|As One\n|-ability|p2a: Calyrex|Unnerve\n|move|p1a: Bellossom|Giga Drain|p2a: Calyrex\n|-damage|p2a: Calyrex|8/100\n|\n|upkeep\n|turn|29\n|inactive|Time left: 300 sec this turn | 300 sec total\n|\n|t:|1783547372\n|move|p2a: Calyrex|High Horsepower|p1a: Bellossom\n|-supereffective|p1a: Bellossom\n|-damage|p1a: Bellossom|107/263\n|move|p1a: Bellossom|Giga Drain|p2a: Calyrex\n|-damage|p2a: Calyrex|0 fnt\n|-heal|p1a: Bellossom|117/263|[from] drain|[of] p2a: Calyrex\n|faint|p2a: Calyrex\n|\n|-heal|p1a: Bellossom|133/263|[from] item: Leftovers\n|-fieldend|move: Trick Room\n|upkeep\n|\n|t:|1783547373\n|switch|p2a: Ting-Lu|Ting-Lu, L78|20/100\n|-ability|p2a: Ting-Lu|Vessel of Ruin\n|turn|30\n|inactive|Time left: 300 sec this turn | 300 sec total\n|\n|t:|1783547374\n|move|p1a: Bellossom|Giga Drain|p2a: Ting-Lu\n|-supereffective|p2a: Ting-Lu\n|-damage|p2a: Ting-Lu|0 fnt\n|-heal|p1a: Bellossom|169/263|[from] drain|[of] p2a: Ting-Lu\n|faint|p2a: Ting-Lu\n|\n|win|p0x6474afd", "uploadtime": 1783547374, "views": 0, "rating": 0, "private": 0, "password": null, "_winner": "p0x6474afd", "_our_name": "p0x6474afd"}