{"id": "battle-gen9randombattle-2992", "formatid": "gen9randombattle", "format": "[Gen 9] Random Battle", "players": ["p0x29927032", "p0y29921934"], "log": "|init|battle\n|title|p0x29927032 vs. p0y29921934\n|j|\u2606p0x29927032\n|j|\u2606p0y29921934\n|t:|1783574438\n|gametype|singles\n|player|p1|p0x29927032|102|\n|player|p2|p0y29921934|265|\n|gen|9\n|tier|[Gen 9] Random Battle\n|rule|Species Clause: Limit one of each Pok\u00e9mon\n|rule|HP Percentage Mod: HP is shown in percentages\n|rule|Sleep Clause Mod: Limit one foe put to sleep\n|rule|Illusion Level Mod: Illusion disguises the Pok\u00e9mon's true level\n|\n|t:|1783574438\n|teamsize|p1|6\n|teamsize|p2|6\n|start\n|switch|p1a: Thundurus|Thundurus, L80, M|258/258\n|switch|p2a: Toxapex|Toxapex, L82, F|100/100\n|turn|1\n|inactive|Battle timer is ON: inactive players will automatically lose when time's up. (requested by p0y29921934)\n|inactive|Time left: 300 sec this turn | 300 sec total | 60 sec grace\n|inactive|p0x29927032 also wants the timer to be on.\n|\n|t:|1783574439\n|switch|p2a: Donphan|Donphan, L84, F|100/100\n|move|p1a: Thundurus|Thunderbolt|p2a: Donphan\n|-immune|p2a: Donphan\n|\n|upkeep\n|turn|2\n|inactive|Time left: 300 sec this turn | 300 sec total\n|\n|t:|1783574440\n|move|p1a: Thundurus|Nasty Plot|p1a: Thundurus\n|-boost|p1a: Thundurus|spa|2\n|move|p2a: Donphan|Rapid Spin|p1a: Thundurus\n|-damage|p1a: Thundurus|202/258\n|-boost|p2a: Donphan|spe|1\n|\n|upkeep\n|turn|3\n|inactive|Time left: 300 sec this turn | 300 sec total\n|\n|t:|1783574442\n|move|p1a: Thundurus|Focus Blast|p2a: Donphan\n|-damage|p2a: Donphan|47/100\n|move|p2a: Donphan|Knock Off|p1a: Thundurus\n|-damage|p1a: Thundurus|101/258\n|-enditem|p1a: Thundurus|Heavy-Duty Boots|[from] move: Knock Off|[of] p2a: Donphan\n|\n|upkeep\n|turn|4\n|inactive|Time left: 300 sec this turn | 300 sec total\n|\n|t:|1783574444\n|move|p2a: Donphan|Ice Shard|p1a: Thundurus\n|-supereffective|p1a: Thundurus\n|-damage|p1a: Thundurus|11/258\n|move|p1a: Thundurus|Focus Blast|p2a: Donphan|[miss]\n|-miss|p1a: Thundurus|p2a: Donphan\n|\n|upkeep\n|turn|5\n|inactive|Time left: 300 sec this turn | 300 sec total\n|\n|t:|1783574445\n|move|p2a: Donphan|Ice Shard|p1a: Thundurus\n|-supereffective|p1a: Thundurus\n|-damage|p1a: Thundurus|0 fnt\n|faint|p1a: Thundurus\n|\n|upkeep\n|inactive|Time left: 300 sec this turn | 300 sec total | 5 sec grace\n|\n|t:|1783574446\n|switch|p1a: Blastoise|Blastoise, L80, M|258/258\n|turn|6\n|inactive|Time left: 300 sec this turn | 300 sec total\n|\n|t:|1783574447\n|move|p2a: Donphan|Earthquake|p1a: Blastoise\n|-damage|p1a: Blastoise|141/258\n|move|p1a: Blastoise|Shell Smash|p1a: Blastoise\n|-unboost|p1a: Blastoise|def|1\n|-unboost|p1a: Blastoise|spd|1\n|-boost|p1a: Blastoise|atk|2\n|-boost|p1a: Blastoise|spa|2\n|-boost|p1a: Blastoise|spe|2\n|-enditem|p1a: Blastoise|White Herb\n|-clearnegativeboost|p1a: Blastoise|[silent]\n|\n|upkeep\n|turn|7\n|inactive|Time left: 300 sec this turn | 300 sec total\n|\n|t:|1783574448\n|-terastallize|p2a: Donphan|Water\n|move|p1a: Blastoise|Earthquake|p2a: Donphan\n|-damage|p2a: Donphan|16/100\n|move|p2a: Donphan|Earthquake|p1a: Blastoise\n|-damage|p1a: Blastoise|23/258\n|\n|upkeep\n|turn|8\n|inactive|Time left: 300 sec this turn | 300 sec total\n|\n|t:|1783574449\n|move|p1a: Blastoise|Hydro Pump|p2a: Donphan|[miss]\n|-miss|p1a: Blastoise|p2a: Donphan\n|move|p2a: Donphan|Earthquake|p1a: Blastoise\n|-damage|p1a: Blastoise|0 fnt\n|faint|p1a: Blastoise\n|\n|upkeep\n|inactive|Time left: 300 sec this turn | 300 sec total | 5 sec grace\n|\n|t:|1783574450\n|switch|p1a: Lycanroc|Lycanroc, L86, F|269/269\n|turn|9\n|inactive|Time left: 300 sec this turn | 300 sec total\n|\n|t:|1783574451\n|move|p1a: Lycanroc|Stone Edge|p2a: Donphan|[miss]\n|-miss|p1a: Lycanroc|p2a: Donphan\n|move|p2a: Donphan|Earthquake|p1a: Lycanroc\n|-supereffective|p1a: Lycanroc\n|-damage|p1a: Lycanroc|0 fnt\n|faint|p1a: Lycanroc\n|\n|upkeep\n|inactive|Time left: 300 sec this turn | 300 sec total | 5 sec grace\n|\n|t:|1783574452\n|switch|p1a: Dunsparce|Dunsparce, L86, M|312/312\n|turn|10\n|inactive|Time left: 300 sec this turn | 300 sec total\n|\n|t:|1783574453\n|move|p2a: Donphan|Earthquake|p1a: Dunsparce\n|-damage|p1a: Dunsparce|224/312\n|move|p1a: Dunsparce|Coil|p1a: Dunsparce\n|-boost|p1a: Dunsparce|atk|1\n|-boost|p1a: Dunsparce|def|1\n|-boost|p1a: Dunsparce|accuracy|1\n|\n|upkeep\n|turn|11\n|inactive|Time left: 300 sec this turn | 300 sec total\n|\n|t:|1783574454\n|switch|p2a: Hitmontop|Hitmontop, L88, M|100/100\n|-ability|p2a: Hitmontop|Intimidate|boost\n|-unboost|p1a: Dunsparce|atk|1\n|move|p1a: Dunsparce|Earthquake|p2a: Hitmontop\n|-damage|p2a: Hitmontop|79/100\n|\n|upkeep\n|turn|12\n|inactive|Time left: 300 sec this turn | 300 sec total\n|\n|t:|1783574456\n|move|p2a: Hitmontop|Close Combat|p1a: Dunsparce\n|-supereffective|p1a: Dunsparce\n|-damage|p1a: Dunsparce|20/312\n|-unboost|p2a: Hitmontop|def|1\n|-unboost|p2a: Hitmontop|spd|1\n|move|p1a: Dunsparce|Coil|p1a: Dunsparce\n|-boost|p1a: Dunsparce|atk|1\n|-boost|p1a: Dunsparce|def|1\n|-boost|p1a: Dunsparce|accuracy|1\n|\n|upkeep\n|turn|13\n|inactive|Time left: 300 sec this turn | 300 sec total\n|\n|t:|1783574457\n|-terastallize|p1a: Dunsparce|Ghost\n|move|p2a: Hitmontop|Close Combat|p1a: Dunsparce\n|-immune|p1a: Dunsparce\n|move|p1a: Dunsparce|Roost|p1a: Dunsparce\n|-heal|p1a: Dunsparce|176/312\n|\n|upkeep\n|turn|14\n|inactive|Time left: 300 sec this turn | 300 sec total\n|\n|t:|1783574458\n|switch|p2a: Leavanny|Leavanny, L86, M|100/100\n|move|p1a: Dunsparce|Roost|p1a: Dunsparce\n|-heal|p1a: Dunsparce|312/312\n|\n|upkeep\n|turn|15\n|inactive|Time left: 300 sec this turn | 300 sec total\n|\n|t:|1783574459\n|move|p2a: Leavanny|Sticky Web|p1a: Dunsparce\n|-sidestart|p1: p0x29927032|move: Sticky Web\n|move|p1a: Dunsparce|Body Slam|p2a: Leavanny\n|-damage|p2a: Leavanny|55/100\n|-status|p2a: Leavanny|par\n|\n|upkeep\n|turn|16\n|inactive|Time left: 300 sec this turn | 300 sec total\n|\n|t:|1783574460\n|move|p1a: Dunsparce|Body Slam|p2a: Leavanny\n|-crit|p2a: Leavanny\n|-damage|p2a: Leavanny|0 fnt\n|faint|p2a: Leavanny\n|\n|upkeep\n|\n|t:|1783574461\n|switch|p2a: Toxapex|Toxapex, L82, F|100/100\n|turn|17\n|inactive|Time left: 300 sec this turn | 300 sec total\n|\n|t:|1783574462\n|move|p1a: Dunsparce|Body Slam|p2a: Toxapex\n|-damage|p2a: Toxapex|67/100\n|-status|p2a: Toxapex|par\n|move|p2a: Toxapex|Haze|p2a: Toxapex\n|-clearallboost\n|\n|-heal|p2a: Toxapex|73/100 par|[from] item: Leftovers\n|upkeep\n|turn|18\n|inactive|Time left: 300 sec this turn | 300 sec total\n|\n|t:|1783574464\n|switch|p2a: Hitmontop|Hitmontop, L88, M|79/100\n|-ability|p2a: Hitmontop|Intimidate|boost\n|-unboost|p1a: Dunsparce|atk|1\n|move|p1a: Dunsparce|Coil|p1a: Dunsparce\n|-boost|p1a: Dunsparce|atk|1\n|-boost|p1a: Dunsparce|def|1\n|-boost|p1a: Dunsparce|accuracy|1\n|\n|upkeep\n|turn|19\n|inactive|Time left: 300 sec this turn | 300 sec total\n|\n|t:|1783574465\n|switch|p2a: Toxapex|Toxapex, L82, F|100/100 par\n|move|p1a: Dunsparce|Coil|p1a: Dunsparce\n|-boost|p1a: Dunsparce|atk|1\n|-boost|p1a: Dunsparce|def|1\n|-boost|p1a: Dunsparce|accuracy|1\n|\n|upkeep\n|turn|20\n|inactive|Time left: 300 sec this turn | 300 sec total\n|\n|t:|1783574466\n|move|p1a: Dunsparce|Earthquake|p2a: Toxapex\n|-supereffective|p2a: Toxapex\n|-damage|p2a: Toxapex|43/100 par\n|move|p2a: Toxapex|Haze|p2a: Toxapex\n|-clearallboost\n|\n|-heal|p2a: Toxapex|49/100 par|[from] item: Leftovers\n|upkeep\n|turn|21\n|inactive|Time left: 300 sec this turn | 300 sec total\n|\n|t:|1783574467\n|move|p1a: Dunsparce|Coil|p1a: Dunsparce\n|-boost|p1a: Dunsparce|atk|1\n|-boost|p1a: Dunsparce|def|1\n|-boost|p1a: Dunsparce|accuracy|1\n|move|p2a: Toxapex|Recover|p2a: Toxapex\n|-heal|p2a: Toxapex|99/100 par\n|\n|-heal|p2a: Toxapex|100/100 par|[from] item: Leftovers\n|upkeep\n|turn|22\n|inactive|Time left: 300 sec this turn | 300 sec total\n|\n|t:|1783574468\n|move|p1a: Dunsparce|Coil|p1a: Dunsparce\n|-boost|p1a: Dunsparce|atk|1\n|-boost|p1a: Dunsparce|def|1\n|-boost|p1a: Dunsparce|accuracy|1\n|move|p2a: Toxapex|Haze|p2a: Toxapex\n|-clearallboost\n|\n|upkeep\n|turn|23\n|inactive|Time left: 300 sec this turn | 300 sec total\n|\n|t:|1783574469\n|move|p1a: Dunsparce|Coil|p1a: Dunsparce\n|-boost|p1a: Dunsparce|atk|1\n|-boost|p1a: Dunsparce|def|1\n|-boost|p1a: Dunsparce|accuracy|1\n|cant|p2a: Toxapex|par\n|\n|upkeep\n|turn|24\n|inactive|Time left: 300 sec this turn | 300 sec total\n|\n|t:|1783574470\n|move|p1a: Dunsparce|Coil|p1a: Dunsparce\n|-boost|p1a: Dunsparce|atk|1\n|-boost|p1a: Dunsparce|def|1\n|-boost|p1a: Dunsparce|accuracy|1\n|move|p2a: Toxapex|Haze|p2a: Toxapex\n|-clearallboost\n|\n|upkeep\n|turn|25\n|inactive|Time left: 300 sec this turn | 300 sec total\n|\n|t:|1783574471\n|switch|p2a: Hitmontop|Hitmontop, L88, M|79/100\n|-ability|p2a: Hitmontop|Intimidate|boost\n|-unboost|p1a: Dunsparce|atk|1\n|move|p1a: Dunsparce|Coil|p1a: Dunsparce\n|-boost|p1a: Dunsparce|atk|1\n|-boost|p1a: Dunsparce|def|1\n|-boost|p1a: Dunsparce|accuracy|1\n|\n|upkeep\n|turn|26\n|inactive|Time left: 300 sec this turn | 300 sec total\n|\n|t:|1783574472\n|switch|p2a: Toxapex|Toxapex, L82, F|100/100 par\n|move|p1a: Dunsparce|Coil|p1a: Dunsparce\n|-boost|p1a: Dunsparce|atk|1\n|-boost|p1a: Dunsparce|def|1\n|-boost|p1a: Dunsparce|accuracy|1\n|\n|upkeep\n|turn|27\n|inactive|Time left: 300 sec this turn | 300 sec total\n|\n|t:|1783574473\n|move|p1a: Dunsparce|Earthquake|p2a: Toxapex\n|-supereffective|p2a: Toxapex\n|-damage|p2a: Toxapex|43/100 par\n|move|p2a: Toxapex|Haze|p2a: Toxapex\n|-clearallboost\n|\n|-heal|p2a: Toxapex|49/100 par|[from] item: Leftovers\n|upkeep\n|turn|28\n|inactive|Time left: 300 sec this turn | 300 sec total\n|\n|t:|1783574474\n|move|p1a: Dunsparce|Coil|p1a: Dunsparce\n|-boost|p1a: Dunsparce|atk|1\n|-boost|p1a: Dunsparce|def|1\n|-boost|p1a: Dunsparce|accuracy|1\n|move|p2a: Toxapex|Haze|p2a: Toxapex\n|-clearallboost\n|\n|-heal|p2a: Toxapex|55/100 par|[from] item: Leftovers\n|upkeep\n|turn|29\n|inactive|Time left: 300 sec this turn | 300 sec total\n|\n|t:|1783574475\n|switch|p2a: Hitmontop|Hitmontop, L88, M|79/100\n|-ability|p2a: Hitmontop|Intimidate|boost\n|-unboost|p1a: Dunsparce|atk|1\n|move|p1a: Dunsparce|Coil|p1a: Dunsparce\n|-boost|p1a: Dunsparce|atk|1\n|-boost|p1a: Dunsparce|def|1\n|-boost|p1a: Dunsparce|accuracy|1\n|\n|upkeep\n|turn|30\n|inactive|Time left: 300 sec this turn | 300 sec total\n|\n|t:|1783574476\n|switch|p2a: Toxapex|Toxapex, L82, F|88/100 par\n|move|p1a: Dunsparce|Coil|p1a: Dunsparce\n|-boost|p1a: Dunsparce|atk|1\n|-boost|p1a: Dunsparce|def|1\n|-boost|p1a: Dunsparce|accuracy|1\n|\n|-heal|p2a: Toxapex|94/100 par|[from] item: Leftovers\n|upkeep\n|turn|31\n|inactive|Time left: 300 sec this turn | 300 sec total\n|\n|t:|1783574477\n|move|p1a: Dunsparce|Earthquake|p2a: Toxapex\n|-supereffective|p2a: Toxapex\n|-damage|p2a: Toxapex|42/100 par\n|move|p2a: Toxapex|Haze|p2a: Toxapex\n|-clearallboost\n|\n|-heal|p2a: Toxapex|48/100 par|[from] item: Leftovers\n|upkeep\n|turn|32\n|inactive|Time left: 300 sec this turn | 300 sec total\n|\n|t:|1783574477\n|switch|p2a: Hitmontop|Hitmontop, L88, M|79/100\n|-ability|p2a: Hitmontop|Intimidate|boost\n|-unboost|p1a: Dunsparce|atk|1\n|move|p1a: Dunsparce|Coil|p1a: Dunsparce\n|-boost|p1a: Dunsparce|atk|1\n|-boost|p1a: Dunsparce|def|1\n|-boost|p1a: Dunsparce|accuracy|1\n|\n|upkeep\n|turn|33\n|inactive|Time left: 300 sec this turn | 300 sec total\n|\n|t:|1783574478\n|switch|p2a: Toxapex|Toxapex, L82, F|81/100 par\n|move|p1a: Dunsparce|Coil|p1a: Dunsparce\n|-boost|p1a: Dunsparce|atk|1\n|-boost|p1a: Dunsparce|def|1\n|-boost|p1a: Dunsparce|accuracy|1\n|\n|-heal|p2a: Toxapex|87/100 par|[from] item: Leftovers\n|upkeep\n|turn|34\n|inactive|Time left: 300 sec this turn | 300 sec total\n|\n|t:|1783574479\n|move|p1a: Dunsparce|Earthquake|p2a: Toxapex\n|-supereffective|p2a: Toxapex\n|-damage|p2a: Toxapex|34/100 par\n|move|p2a: Toxapex|Haze|p2a: Toxapex\n|-clearallboost\n|\n|-heal|p2a: Toxapex|40/100 par|[from] item: Leftovers\n|upkeep\n|turn|35\n|inactive|Time left: 300 sec this turn | 300 sec total\n|\n|t:|1783574480\n|switch|p2a: Hitmontop|Hitmontop, L88, M|79/100\n|-ability|p2a: Hitmontop|Intimidate|boost\n|-unboost|p1a: Dunsparce|atk|1\n|move|p1a: Dunsparce|Coil|p1a: Dunsparce\n|-boost|p1a: Dunsparce|atk|1\n|-boost|p1a: Dunsparce|def|1\n|-boost|p1a: Dunsparce|accuracy|1\n|\n|upkeep\n|turn|36\n|inactive|Time left: 300 sec this turn | 300 sec total\n|\n|t:|1783574481\n|switch|p2a: Toxapex|Toxapex, L82, F|74/100 par\n|move|p1a: Dunsparce|Coil|p1a: Dunsparce\n|-boost|p1a: Dunsparce|atk|1\n|-boost|p1a: Dunsparce|def|1\n|-boost|p1a: Dunsparce|accuracy|1\n|\n|-heal|p2a: Toxapex|80/100 par|[from] item: Leftovers\n|upkeep\n|turn|37\n|inactive|Time left: 300 sec this turn | 300 sec total\n|\n|t:|1783574482\n|move|p1a: Dunsparce|Earthquake|p2a: Toxapex\n|-supereffective|p2a: Toxapex\n|-damage|p2a: Toxapex|22/100 par\n|move|p2a: Toxapex|Haze|p2a: Toxapex\n|-clearallboost\n|\n|-heal|p2a: Toxapex|28/100 par|[from] item: Leftovers\n|upkeep\n|turn|38\n|inactive|Time left: 300 sec this turn | 300 sec total\n|\n|t:|1783574483\n|switch|p2a: Hitmontop|Hitmontop, L88, M|79/100\n|-ability|p2a: Hitmontop|Intimidate|boost\n|-unboost|p1a: Dunsparce|atk|1\n|move|p1a: Dunsparce|Earthquake|p2a: Hitmontop\n|-damage|p2a: Hitmontop|64/100\n|\n|upkeep\n|turn|39\n|inactive|Time left: 300 sec this turn | 300 sec total\n|\n|t:|1783574483\n|switch|p2a: Toxapex|Toxapex, L82, F|62/100 par\n|move|p1a: Dunsparce|Coil|p1a: Dunsparce\n|-boost|p1a: Dunsparce|atk|1\n|-boost|p1a: Dunsparce|def|1\n|-boost|p1a: Dunsparce|accuracy|1\n|\n|-heal|p2a: Toxapex|68/100 par|[from] item: Leftovers\n|upkeep\n|turn|40\n|inactive|Time left: 300 sec this turn | 300 sec total\n|\n|t:|1783574484\n|switch|p2a: Hitmontop|Hitmontop, L88, M|64/100\n|-ability|p2a: Hitmontop|Intimidate|boost\n|-unboost|p1a: Dunsparce|atk|1\n|move|p1a: Dunsparce|Coil|p1a: Dunsparce\n|-boost|p1a: Dunsparce|atk|1\n|-boost|p1a: Dunsparce|def|1\n|-boost|p1a: Dunsparce|accuracy|1\n|\n|upkeep\n|turn|41\n|inactive|Time left: 300 sec this turn | 300 sec total\n|\n|t:|1783574485\n|switch|p2a: Toxapex|Toxapex, L82, F|100/100 par\n|move|p1a: Dunsparce|Coil|p1a: Dunsparce\n|-boost|p1a: Dunsparce|atk|1\n|-boost|p1a: Dunsparce|def|1\n|-boost|p1a: Dunsparce|accuracy|1\n|\n|upkeep\n|turn|42\n|inactive|Time left: 300 sec this turn | 300 sec total\n|\n|t:|1783574486\n|move|p1a: Dunsparce|Earthquake|p2a: Toxapex\n|-supereffective|p2a: Toxapex\n|-damage|p2a: Toxapex|50/100 par\n|move|p2a: Toxapex|Haze|p2a: Toxapex\n|-clearallboost\n|\n|-heal|p2a: Toxapex|57/100 par|[from] item: Leftovers\n|upkeep\n|turn|43\n|inactive|Time left: 300 sec this turn | 300 sec total\n|\n|t:|1783574487\n|switch|p2a: Hitmontop|Hitmontop, L88, M|64/100\n|-ability|p2a: Hitmontop|Intimidate|boost\n|-unboost|p1a: Dunsparce|atk|1\n|move|p1a: Dunsparce|Coil|p1a: Dunsparce\n|-boost|p1a: Dunsparce|atk|1\n|-boost|p1a: Dunsparce|def|1\n|-boost|p1a: Dunsparce|accuracy|1\n|\n|upkeep\n|turn|44\n|inactive|Time left: 300 sec this turn | 300 sec total\n|\n|t:|1783574488\n|switch|p2a: Toxapex|Toxapex, L82, F|90/100 par\n|move|p1a: Dunsparce|Coil|p1a: Dunsparce\n|-boost|p1a: Dunsparce|atk|1\n|-boost|p1a: Dunsparce|def|1\n|-boost|p1a: Dunsparce|accuracy|1\n|\n|-heal|p2a: Toxapex|96/100 par|[from] item: Leftovers\n|upkeep\n|turn|45\n|inactive|Time left: 300 sec this turn | 300 sec total\n|\n|t:|1783574489\n|move|p1a: Dunsparce|Earthquake|p2a: Toxapex\n|-supereffective|p2a: Toxapex\n|-damage|p2a: Toxapex|46/100 par\n|move|p2a: Toxapex|Haze|p2a: Toxapex\n|-clearallboost\n|\n|-heal|p2a: Toxapex|52/100 par|[from] item: Leftovers\n|upkeep\n|turn|46\n|inactive|Time left: 300 sec this turn | 300 sec total\n|\n|t:|1783574490\n|switch|p2a: Hitmontop|Hitmontop, L88, M|64/100\n|-ability|p2a: Hitmontop|Intimidate|boost\n|-unboost|p1a: Dunsparce|atk|1\n|move|p1a: Dunsparce|Coil|p1a: Dunsparce\n|-boost|p1a: Dunsparce|atk|1\n|-boost|p1a: Dunsparce|def|1\n|-boost|p1a: Dunsparce|accuracy|1\n|\n|upkeep\n|turn|47\n|inactive|Time left: 300 sec this turn | 300 sec total\n|\n|t:|1783574491\n|switch|p2a: Toxapex|Toxapex, L82, F|85/100 par\n|move|p1a: Dunsparce|Coil|p1a: Dunsparce\n|-boost|p1a: Dunsparce|atk|1\n|-boost|p1a: Dunsparce|def|1\n|-boost|p1a: Dunsparce|accuracy|1\n|\n|-heal|p2a: Toxapex|91/100 par|[from] item: Leftovers\n|upkeep\n|turn|48\n|inactive|Time left: 300 sec this turn | 300 sec total\n|\n|t:|1783574492\n|move|p1a: Dunsparce|Earthquake|p2a: Toxapex\n|-supereffective|p2a: Toxapex\n|-damage|p2a: Toxapex|33/100 par\n|cant|p2a: Toxapex|par\n|\n|-heal|p2a: Toxapex|39/100 par|[from] item: Leftovers\n|upkeep\n|turn|49\n|inactive|Time left: 300 sec this turn | 300 sec total\n|\n|t:|1783574493\n|switch|p2a: Hitmontop|Hitmontop, L88, M|64/100\n|-ability|p2a: Hitmontop|Intimidate|boost\n|-unboost|p1a: Dunsparce|atk|1\n|move|p1a: Dunsparce|Earthquake|p2a: Hitmontop\n|-damage|p2a: Hitmontop|42/100\n|\n|upkeep\n|turn|50\n|inactive|Time left: 300 sec this turn | 300 sec total\n|\n|t:|1783574494\n|switch|p2a: Toxapex|Toxapex, L82, F|72/100 par\n|move|p1a: Dunsparce|Coil|p1a: Dunsparce\n|-boost|p1a: Dunsparce|atk|1\n|-boost|p1a: Dunsparce|def|1\n|-boost|p1a: Dunsparce|accuracy|1\n|\n|-heal|p2a: Toxapex|78/100 par|[from] item: Leftovers\n|upkeep\n|turn|51\n|inactive|Time left: 300 sec this turn | 300 sec total\n|\n|t:|1783574495\n|move|p1a: Dunsparce|Earthquake|p2a: Toxapex\n|-supereffective|p2a: Toxapex\n|-damage|p2a: Toxapex|23/100 par\n|move|p2a: Toxapex|Haze|p2a: Toxapex\n|-clearallboost\n|\n|-heal|p2a: Toxapex|29/100 par|[from] item: Leftovers\n|upkeep\n|turn|52\n|inactive|Time left: 300 sec this turn | 300 sec total\n|\n|t:|1783574496\n|switch|p2a: Hitmontop|Hitmontop, L88, M|42/100\n|-ability|p2a: Hitmontop|Intimidate|boost\n|-unboost|p1a: Dunsparce|atk|1\n|move|p1a: Dunsparce|Coil|p1a: Dunsparce\n|-boost|p1a: Dunsparce|atk|1\n|-boost|p1a: Dunsparce|def|1\n|-boost|p1a: Dunsparce|accuracy|1\n|\n|upkeep\n|turn|53\n|inactive|Time left: 300 sec this turn | 300 sec total\n|\n|t:|1783574497\n|switch|p2a: Toxapex|Toxapex, L82, F|62/100 par\n|move|p1a: Dunsparce|Coil|p1a: Dunsparce\n|-boost|p1a: Dunsparce|atk|1\n|-boost|p1a: Dunsparce|def|1\n|-boost|p1a: Dunsparce|accuracy|1\n|\n|-heal|p2a: Toxapex|68/100 par|[from] item: Leftovers\n|upkeep\n|turn|54\n|inactive|Time left: 300 sec this turn | 300 sec total\n|\n|t:|1783574498\n|move|p1a: Dunsparce|Earthquake|p2a: Toxapex\n|-supereffective|p2a: Toxapex\n|-damage|p2a: Toxapex|11/100 par\n|move|p2a: Toxapex|Haze|p2a: Toxapex\n|-clearallboost\n|\n|-heal|p2a: Toxapex|17/100 par|[from] item: Leftovers\n|upkeep\n|turn|55\n|inactive|Time left: 300 sec this turn | 300 sec total\n|\n|t:|1783574499\n|switch|p2a: Hitmontop|Hitmontop, L88, M|42/100\n|-ability|p2a: Hitmontop|Intimidate|boost\n|-unboost|p1a: Dunsparce|atk|1\n|move|p1a: Dunsparce|Body Slam|p2a: Hitmontop\n|-damage|p2a: Hitmontop|24/100\n|-status|p2a: Hitmontop|par\n|\n|upkeep\n|turn|56\n|inactive|Time left: 300 sec this turn | 300 sec total\n|\n|t:|1783574500\n|switch|p2a: Toxapex|Toxapex, L82, F|50/100 par\n|move|p1a: Dunsparce|Coil|p1a: Dunsparce\n|-boost|p1a: Dunsparce|atk|1\n|-boost|p1a: Dunsparce|def|1\n|-boost|p1a: Dunsparce|accuracy|1\n|\n|-heal|p2a: Toxapex|56/100 par|[from] item: Leftovers\n|upkeep\n|turn|57\n|inactive|Time left: 300 sec this turn | 300 sec total\n|\n|t:|1783574501\n|switch|p2a: Hitmontop|Hitmontop, L88, M|24/100 par\n|-ability|p2a: Hitmontop|Intimidate|boost\n|-unboost|p1a: Dunsparce|atk|1\n|move|p1a: Dunsparce|Coil|p1a: Dunsparce\n|-boost|p1a: Dunsparce|atk|1\n|-boost|p1a: Dunsparce|def|1\n|-boost|p1a: Dunsparce|accuracy|1\n|\n|upkeep\n|turn|58\n|inactive|Time left: 300 sec this turn | 300 sec total\n|\n|t:|1783574502\n|switch|p2a: Toxapex|Toxapex, L82, F|89/100 par\n|move|p1a: Dunsparce|Coil|p1a: Dunsparce\n|-boost|p1a: Dunsparce|atk|1\n|-boost|p1a: Dunsparce|def|1\n|-boost|p1a: Dunsparce|accuracy|1\n|\n|-heal|p2a: Toxapex|95/100 par|[from] item: Leftovers\n|upkeep\n|turn|59\n|inactive|Time left: 300 sec this turn | 300 sec total\n|\n|t:|1783574504\n|move|p1a: Dunsparce|Earthquake|p2a: Toxapex\n|-supereffective|p2a: Toxapex\n|-crit|p2a: Toxapex\n|-damage|p2a: Toxapex|10/100 par\n|move|p2a: Toxapex|Haze|p2a: Toxapex\n|-clearallboost\n|\n|-heal|p2a: Toxapex|16/100 par|[from] item: Leftovers\n|upkeep\n|turn|60\n|inactive|Time left: 300 sec this turn | 300 sec total\n|\n|t:|1783574505\n|switch|p2a: Hitmontop|Hitmontop, L88, M|24/100 par\n|-ability|p2a: Hitmontop|Intimidate|boost\n|-unboost|p1a: Dunsparce|atk|1\n|move|p1a: Dunsparce|Coil|p1a: Dunsparce\n|-boost|p1a: Dunsparce|atk|1\n|-boost|p1a: Dunsparce|def|1\n|-boost|p1a: Dunsparce|accuracy|1\n|\n|upkeep\n|turn|61\n|inactive|Time left: 300 sec this turn | 300 sec total\n|\n|t:|1783574506\n|switch|p2a: Toxapex|Toxapex, L82, F|50/100 par\n|move|p1a: Dunsparce|Coil|p1a: Dunsparce\n|-boost|p1a: Dunsparce|atk|1\n|-boost|p1a: Dunsparce|def|1\n|-boost|p1a: Dunsparce|accuracy|1\n|\n|-heal|p2a: Toxapex|56/100 par|[from] item: Leftovers\n|upkeep\n|turn|62\n|inactive|Time left: 300 sec this turn | 300 sec total\n|\n|t:|1783574507\n|switch|p2a: Hitmontop|Hitmontop, L88, M|24/100 par\n|-ability|p2a: Hitmontop|Intimidate|boost\n|-unboost|p1a: Dunsparce|atk|1\n|move|p1a: Dunsparce|Body Slam|p2a: Hitmontop\n|-damage|p2a: Hitmontop|0 fnt\n|faint|p2a: Hitmontop\n|\n|upkeep\n|\n|t:|1783574507\n|switch|p2a: Toxapex|Toxapex, L82, F|89/100 par\n|turn|63\n|inactive|Time left: 300 sec this turn | 300 sec total\n|\n|t:|1783574508\n|move|p1a: Dunsparce|Body Slam|p2a: Toxapex\n|-damage|p2a: Toxapex|64/100 par\n|move|p2a: Toxapex|Haze|p2a: Toxapex\n|-clearallboost\n|\n|-heal|p2a: Toxapex|70/100 par|[from] item: Leftovers\n|upkeep\n|turn|64\n|inactive|Time left: 300 sec this turn | 300 sec total\n|\n|t:|1783574510\n|move|p1a: Dunsparce|Body Slam|p2a: Toxapex\n|-damage|p2a: Toxapex|47/100 par\n|move|p2a: Toxapex|Recover|p2a: Toxapex\n|-heal|p2a: Toxapex|97/100 par\n|\n|-heal|p2a: Toxapex|100/100 par|[from] item: Leftovers\n|upkeep\n|turn|65\n|inactive|Time left: 300 sec this turn | 300 sec total\n|\n|t:|1783574511\n|move|p1a: Dunsparce|Body Slam|p2a: Toxapex\n|-damage|p2a: Toxapex|75/100 par\n|move|p2a: Toxapex|Toxic Spikes|p1a: Dunsparce\n|-sidestart|p1: p0x29927032|move: Toxic Spikes\n|\n|-heal|p2a: Toxapex|81/100 par|[from] item: Leftovers\n|upkeep\n|turn|66\n|inactive|Time left: 300 sec this turn | 300 sec total\n|\n|t:|1783574512\n|move|p1a: Dunsparce|Earthquake|p2a: Toxapex\n|-supereffective|p2a: Toxapex\n|-damage|p2a: Toxapex|47/100 par\n|move|p2a: Toxapex|Recover|p2a: Toxapex\n|-heal|p2a: Toxapex|97/100 par\n|\n|-heal|p2a: Toxapex|100/100 par|[from] item: Leftovers\n|upkeep\n|turn|67\n|inactive|Time left: 300 sec this turn | 300 sec total\n|\n|t:|1783574513\n|move|p1a: Dunsparce|Body Slam|p2a: Toxapex\n|-damage|p2a: Toxapex|78/100 par\n|cant|p2a: Toxapex|par\n|\n|-heal|p2a: Toxapex|84/100 par|[from] item: Leftovers\n|upkeep\n|turn|68\n|inactive|Time left: 300 sec this turn | 300 sec total\n|\n|t:|1783574513\n|move|p1a: Dunsparce|Body Slam|p2a: Toxapex\n|-damage|p2a: Toxapex|60/100 par\n|cant|p2a: Toxapex|par\n|\n|-heal|p2a: Toxapex|66/100 par|[from] item: Leftovers\n|upkeep\n|turn|69\n|inactive|Time left: 300 sec this turn | 300 sec total\n|\n|t:|1783574514\n|switch|p2a: Copperajah|Copperajah, L86, F|100/100\n|move|p1a: Dunsparce|Body Slam|p2a: Copperajah\n|-resisted|p2a: Copperajah\n|-damage|p2a: Copperajah|88/100\n|\n|upkeep\n|turn|70\n|inactive|Time left: 300 sec this turn | 300 sec total\n|\n|t:|1783574515\n|move|p1a: Dunsparce|Earthquake|p2a: Copperajah\n|-supereffective|p2a: Copperajah\n|-damage|p2a: Copperajah|48/100\n|move|p2a: Copperajah|Heavy Slam|p1a: Dunsparce\n|-damage|p1a: Dunsparce|117/312\n|\n|upkeep\n|turn|71\n|inactive|Time left: 300 sec this turn | 300 sec total\n|\n|t:|1783574517\n|move|p1a: Dunsparce|Body Slam|p2a: Copperajah\n|-resisted|p2a: Copperajah\n|-damage|p2a: Copperajah|34/100\n|-status|p2a: Copperajah|par\n|move|p2a: Copperajah|Heavy Slam|p1a: Dunsparce\n|-damage|p1a: Dunsparce|0 fnt\n|faint|p1a: Dunsparce\n|\n|upkeep\n|inactive|Time left: 300 sec this turn | 300 sec total | 5 sec grace\n|\n|t:|1783574518\n|switch|p1a: Altaria|Altaria, L89, F|278/278\n|turn|72\n|inactive|Time left: 300 sec this turn | 300 sec total\n|\n|t:|1783574519\n|move|p1a: Altaria|Earthquake|p2a: Copperajah\n|-supereffective|p2a: Copperajah\n|-damage|p2a: Copperajah|0 fnt\n|faint|p2a: Copperajah\n|\n|upkeep\n|\n|t:|1783574520\n|switch|p2a: Talonflame|Talonflame, L83, M|100/100\n|turn|73\n|inactive|Time left: 300 sec this turn | 300 sec total\n|\n|t:|1783574521\n|move|p2a: Talonflame|Brave Bird|p1a: Altaria\n|-damage|p1a: Altaria|176/278\n|-damage|p2a: Talonflame|88/100|[from] Recoil\n|move|p1a: Altaria|Defog|p2a: Talonflame\n|-unboost|p2a: Talonflame|evasion|1\n|-sideend|p1: p0x29927032|Toxic Spikes|[from] move: Defog|[of] p1a: Altaria\n|-sideend|p1: p0x29927032|Sticky Web|[from] move: Defog|[of] p1a: Altaria\n|\n|upkeep\n|turn|74\n|inactive|Time left: 300 sec this turn | 300 sec total\n|\n|t:|1783574522\n|switch|p1a: Jolteon|Jolteon, L84, M|246/246\n|move|p2a: Talonflame|Brave Bird|p1a: Jolteon\n|-resisted|p1a: Jolteon\n|-damage|p1a: Jolteon|180/246\n|-damage|p2a: Talonflame|79/100|[from] Recoil\n|\n|upkeep\n|turn|75\n|inactive|Time left: 300 sec this turn | 300 sec total\n|\n|t:|1783574523\n|switch|p2a: Donphan|Donphan, L84, F, tera:Water|16/100\n|move|p1a: Jolteon|Thunderbolt|p2a: Donphan\n|-supereffective|p2a: Donphan\n|-damage|p2a: Donphan|0 fnt\n|faint|p2a: Donphan\n|-damage|p1a: Jolteon|156/246|[from] item: Life Orb\n|\n|upkeep\n|\n|t:|1783574524\n|switch|p2a: Toxapex|Toxapex, L82, F|99/100 par\n|turn|76\n|inactive|Time left: 300 sec this turn | 300 sec total\n|\n|t:|1783574525\n|move|p1a: Jolteon|Thunderbolt|p2a: Toxapex\n|-supereffective|p2a: Toxapex\n|-damage|p2a: Toxapex|19/100 par\n|-damage|p1a: Jolteon|132/246|[from] item: Life Orb\n|move|p2a: Toxapex|Liquidation|p1a: Jolteon\n|-crit|p1a: Jolteon\n|-damage|p1a: Jolteon|0 fnt\n|faint|p1a: Jolteon\n|\n|-heal|p2a: Toxapex|25/100 par|[from] item: Leftovers\n|upkeep\n|inactive|Time left: 300 sec this turn | 300 sec total | 5 sec grace\n|\n|t:|1783574526\n|switch|p1a: Altaria|Altaria, L89, F|176/278\n|turn|77\n|inactive|Time left: 300 sec this turn | 300 sec total\n|\n|t:|1783574527\n|switch|p2a: Talonflame|Talonflame, L83, M|79/100\n|move|p1a: Altaria|Roost|p1a: Altaria\n|-heal|p1a: Altaria|278/278\n|-singleturn|p1a: Altaria|move: Roost\n|\n|upkeep\n|turn|78\n|inactive|Time left: 300 sec this turn | 300 sec total\n|\n|t:|1783574528\n|move|p2a: Talonflame|Brave Bird|p1a: Altaria\n|-damage|p1a: Altaria|175/278\n|-damage|p2a: Talonflame|67/100|[from] Recoil\n|move|p1a: Altaria|Brave Bird|p2a: Talonflame\n|-damage|p2a: Talonflame|20/100\n|-damage|p1a: Altaria|134/278|[from] Recoil\n|\n|upkeep\n|turn|79\n|inactive|Time left: 300 sec this turn | 300 sec total\n|\n|t:|1783574529\n|move|p2a: Talonflame|Roost|p2a: Talonflame\n|-heal|p2a: Talonflame|70/100\n|-singleturn|p2a: Talonflame|move: Roost\n|move|p1a: Altaria|Roost|p1a: Altaria\n|-heal|p1a: Altaria|273/278\n|-singleturn|p1a: Altaria|move: Roost\n|\n|upkeep\n|turn|80\n|inactive|Time left: 300 sec this turn | 300 sec total\n|\n|t:|1783574529\n|move|p2a: Talonflame|Brave Bird|p1a: Altaria\n|-damage|p1a: Altaria|174/278\n|-damage|p2a: Talonflame|57/100|[from] Recoil\n|move|p1a: Altaria|Earthquake|p2a: Talonflame\n|-immune|p2a: Talonflame\n|\n|upkeep\n|turn|81\n|inactive|Time left: 300 sec this turn | 300 sec total\n|\n|t:|1783574530\n|move|p2a: Talonflame|Roost|p2a: Talonflame\n|-heal|p2a: Talonflame|100/100\n|-singleturn|p2a: Talonflame|move: Roost\n|move|p1a: Altaria|Roost|p1a: Altaria\n|-heal|p1a: Altaria|278/278\n|-singleturn|p1a: Altaria|move: Roost\n|\n|upkeep\n|turn|82\n|inactive|Time left: 300 sec this turn | 300 sec total\n|\n|t:|1783574531\n|move|p2a: Talonflame|Brave Bird|p1a: Altaria\n|-damage|p1a: Altaria|176/278\n|-damage|p2a: Talonflame|88/100|[from] Recoil\n|move|p1a: Altaria|Roost|p1a: Altaria\n|-heal|p1a: Altaria|278/278\n|-singleturn|p1a: Altaria|move: Roost\n|\n|upkeep\n|turn|83\n|inactive|Time left: 300 sec this turn | 300 sec total\n|\n|t:|1783574532\n|move|p2a: Talonflame|Brave Bird|p1a: Altaria\n|-damage|p1a: Altaria|176/278\n|-damage|p2a: Talonflame|75/100|[from] Recoil\n|move|p1a: Altaria|Earthquake|p2a: Talonflame\n|-immune|p2a: Talonflame\n|\n|upkeep\n|turn|84\n|inactive|Time left: 300 sec this turn | 300 sec total\n|\n|t:|1783574533\n|move|p2a: Talonflame|Roost|p2a: Talonflame\n|-heal|p2a: Talonflame|100/100\n|-singleturn|p2a: Talonflame|move: Roost\n|move|p1a: Altaria|Roost|p1a: Altaria\n|-heal|p1a: Altaria|278/278\n|-singleturn|p1a: Altaria|move: Roost\n|\n|upkeep\n|turn|85\n|inactive|Time left: 300 sec this turn | 300 sec total\n|\n|t:|1783574534\n|move|p2a: Talonflame|Brave Bird|p1a: Altaria\n|-damage|p1a: Altaria|169/278\n|-damage|p2a: Talonflame|87/100|[from] Recoil\n|move|p1a: Altaria|Brave Bird|p2a: Talonflame\n|-damage|p2a: Talonflame|38/100\n|-damage|p1a: Altaria|126/278|[from] Recoil\n|\n|upkeep\n|turn|86\n|inactive|Time left: 300 sec this turn | 300 sec total\n|\n|t:|1783574535\n|move|p2a: Talonflame|Roost|p2a: Talonflame\n|-heal|p2a: Talonflame|88/100\n|-singleturn|p2a: Talonflame|move: Roost\n|move|p1a: Altaria|Roost|p1a: Altaria\n|-heal|p1a: Altaria|265/278\n|-singleturn|p1a: Altaria|move: Roost\n|\n|upkeep\n|turn|87\n|inactive|Time left: 300 sec this turn | 300 sec total\n|\n|t:|1783574536\n|move|p2a: Talonflame|Brave Bird|p1a: Altaria\n|-crit|p1a: Altaria\n|-damage|p1a: Altaria|111/278\n|-damage|p2a: Talonflame|69/100|[from] Recoil\n|move|p1a: Altaria|Roost|p1a: Altaria\n|-heal|p1a: Altaria|250/278\n|-singleturn|p1a: Altaria|move: Roost\n|\n|upkeep\n|turn|88\n|inactive|Time left: 300 sec this turn | 300 sec total\n|\n|t:|1783574538\n|move|p2a: Talonflame|Brave Bird|p1a: Altaria\n|-damage|p1a: Altaria|148/278\n|-damage|p2a: Talonflame|56/100|[from] Recoil\n|move|p1a: Altaria|Roost|p1a: Altaria\n|-heal|p1a: Altaria|278/278\n|-singleturn|p1a: Altaria|move: Roost\n|\n|upkeep\n|turn|89\n|inactive|Time left: 300 sec this turn | 300 sec total\n|\n|t:|1783574539\n|move|p2a: Talonflame|Roost|p2a: Talonflame\n|-heal|p2a: Talonflame|100/100\n|-singleturn|p2a: Talonflame|move: Roost\n|move|p1a: Altaria|Earthquake|p2a: Talonflame\n|-supereffective|p2a: Talonflame\n|-damage|p2a: Talonflame|45/100\n|\n|upkeep\n|turn|90\n|inactive|Time left: 300 sec this turn | 300 sec total\n|\n|t:|1783574540\n|move|p2a: Talonflame|Roost|p2a: Talonflame\n|-heal|p2a: Talonflame|96/100\n|-singleturn|p2a: Talonflame|move: Roost\n|move|p1a: Altaria|Earthquake|p2a: Talonflame\n|-supereffective|p2a: Talonflame\n|-damage|p2a: Talonflame|44/100\n|\n|upkeep\n|turn|91\n|inactive|Time left: 300 sec this turn | 300 sec total\n|\n|t:|1783574541\n|move|p2a: Talonflame|Roost|p2a: Talonflame\n|-heal|p2a: Talonflame|94/100\n|-singleturn|p2a: Talonflame|move: Roost\n|move|p1a: Altaria|Brave Bird|p2a: Talonflame\n|-damage|p2a: Talonflame|42/100\n|-damage|p1a: Altaria|232/278|[from] Recoil\n|\n|upkeep\n|turn|92\n|inactive|Time left: 300 sec this turn | 300 sec total\n|\n|t:|1783574542\n|move|p2a: Talonflame|Brave Bird|p1a: Altaria\n|-damage|p1a: Altaria|129/278\n|-damage|p2a: Talonflame|29/100|[from] Recoil\n|move|p1a: Altaria|Brave Bird|p2a: Talonflame\n|-damage|p2a: Talonflame|0 fnt\n|faint|p2a: Talonflame\n|-damage|p1a: Altaria|104/278|[from] Recoil\n|\n|upkeep\n|\n|t:|1783574543\n|switch|p2a: Toxapex|Toxapex, L82, F|58/100 par\n|turn|93\n|inactive|Time left: 300 sec this turn | 300 sec total\n|\n|t:|1783574544\n|move|p1a: Altaria|Earthquake|p2a: Toxapex\n|-supereffective|p2a: Toxapex\n|-damage|p2a: Toxapex|18/100 par\n|cant|p2a: Toxapex|par\n|\n|-heal|p2a: Toxapex|24/100 par|[from] item: Leftovers\n|upkeep\n|turn|94\n|inactive|Time left: 300 sec this turn | 300 sec total\n|\n|t:|1783574545\n|move|p1a: Altaria|Earthquake|p2a: Toxapex\n|-supereffective|p2a: Toxapex\n|-damage|p2a: Toxapex|0 fnt\n|faint|p2a: Toxapex\n|\n|win|p0x29927032", "uploadtime": 1783574545, "views": 0, "rating": 0, "private": 0, "password": null, "_winner": "p0x29927032", "_our_name": "p0x29927032"}