{"id": "battle-gen9randombattle-1854", "formatid": "gen9randombattle", "format": "[Gen 9] Random Battle", "players": ["p0x1854480e", "p0y1854e265"], "log": "|init|battle\n|title|p0x1854480e vs. p0y1854e265\n|j|\u2606p0x1854480e\n|j|\u2606p0y1854e265\n|t:|1783561489\n|gametype|singles\n|player|p1|p0x1854480e|170|\n|player|p2|p0y1854e265|101|\n|gen|9\n|tier|[Gen 9] Random Battle\n|rule|Species Clause: Limit one of each Pok\u00e9mon\n|rule|HP Percentage Mod: HP is shown in percentages\n|rule|Sleep Clause Mod: Limit one foe put to sleep\n|rule|Illusion Level Mod: Illusion disguises the Pok\u00e9mon's true level\n|\n|t:|1783561489\n|teamsize|p1|6\n|teamsize|p2|6\n|start\n|switch|p1a: Furret|Furret, L94, F|100/100\n|switch|p2a: Vespiquen|Vespiquen, L99, F|299/299\n|-item|p2a: Vespiquen|Heavy-Duty Boots|[from] ability: Frisk|[of] p1a: Furret\n|-ability|p2a: Vespiquen|Pressure\n|turn|1\n|inactive|Battle timer is ON: inactive players will automatically lose when time's up. (requested by p0x1854480e)\n|inactive|Time left: 300 sec this turn | 300 sec total | 60 sec grace\n|inactive|p0y1854e265 also wants the timer to be on.\n|\n|t:|1783561490\n|move|p1a: Furret|Double-Edge|p2a: Vespiquen\n|-damage|p2a: Vespiquen|151/299\n|-damage|p1a: Furret|85/100|[from] Recoil\n|move|p2a: Vespiquen|Air Slash|p1a: Furret\n|-damage|p1a: Furret|50/100\n|\n|upkeep\n|turn|2\n|inactive|Time left: 300 sec this turn | 300 sec total\n|\n|t:|1783561491\n|-terastallize|p2a: Vespiquen|Steel\n|move|p1a: Furret|Double-Edge|p2a: Vespiquen\n|-resisted|p2a: Vespiquen\n|-crit|p2a: Vespiquen\n|-damage|p2a: Vespiquen|37/299\n|-damage|p1a: Furret|38/100|[from] Recoil\n|move|p2a: Vespiquen|Roost|p2a: Vespiquen\n|-heal|p2a: Vespiquen|187/299\n|\n|upkeep\n|turn|3\n|inactive|Time left: 300 sec this turn | 300 sec total\n|\n|t:|1783561491\n|switch|p1a: Terrakion|Terrakion, L79|100/100\n|move|p2a: Vespiquen|Spikes|p1a: Terrakion\n|-sidestart|p1: p0x1854480e|Spikes\n|\n|upkeep\n|turn|4\n|inactive|Time left: 300 sec this turn | 300 sec total\n|\n|t:|1783561492\n|switch|p2a: Araquanid|Araquanid, L82, M|246/246\n|move|p1a: Terrakion|Swords Dance|p1a: Terrakion\n|-boost|p1a: Terrakion|atk|2\n|\n|upkeep\n|turn|5\n|inactive|Time left: 300 sec this turn | 300 sec total\n|\n|t:|1783561493\n|switch|p2a: Vespiquen|Vespiquen, L99, F, tera:Steel|187/299\n|-ability|p2a: Vespiquen|Pressure\n|move|p1a: Terrakion|Stone Edge|p2a: Vespiquen|[miss]\n|-miss|p1a: Terrakion|p2a: Vespiquen\n|\n|upkeep\n|turn|6\n|inactive|Time left: 300 sec this turn | 300 sec total\n|\n|t:|1783561493\n|switch|p2a: Meganium|Meganium, L90, F|290/290\n|move|p1a: Terrakion|Earthquake|p2a: Meganium\n|-resisted|p2a: Meganium\n|-damage|p2a: Meganium|208/290\n|-damage|p1a: Terrakion|91/100|[from] item: Life Orb\n|\n|-heal|p2a: Meganium|226/290|[from] item: Leftovers\n|upkeep\n|turn|7\n|inactive|Time left: 300 sec this turn | 300 sec total\n|\n|t:|1783561495\n|move|p1a: Terrakion|Stone Edge|p2a: Meganium|[miss]\n|-miss|p1a: Terrakion|p2a: Meganium\n|move|p2a: Meganium|Energy Ball|p1a: Terrakion\n|-supereffective|p1a: Terrakion\n|-damage|p1a: Terrakion|9/100\n|\n|-heal|p2a: Meganium|244/290|[from] item: Leftovers\n|upkeep\n|turn|8\n|inactive|Time left: 300 sec this turn | 300 sec total\n|\n|t:|1783561495\n|switch|p2a: Vespiquen|Vespiquen, L99, F, tera:Steel|187/299\n|-ability|p2a: Vespiquen|Pressure\n|move|p1a: Terrakion|Close Combat|p2a: Vespiquen\n|-supereffective|p2a: Vespiquen\n|-damage|p2a: Vespiquen|0 fnt\n|-unboost|p1a: Terrakion|def|1\n|-unboost|p1a: Terrakion|spd|1\n|faint|p2a: Vespiquen\n|-damage|p1a: Terrakion|0 fnt|[from] item: Life Orb\n|faint|p1a: Terrakion\n|\n|upkeep\n|inactive|Time left: 300 sec this turn | 300 sec total | 5 sec grace\n|\n|t:|1783561496\n|switch|p1a: Raging Bolt|Raging Bolt, L78|100/100\n|switch|p2a: Araquanid|Araquanid, L82, M|246/246\n|-damage|p1a: Raging Bolt|88/100|[from] Spikes\n|-enditem|p1a: Raging Bolt|Booster Energy\n|-activate|p1a: Raging Bolt|ability: Protosynthesis|[fromitem]\n|-start|p1a: Raging Bolt|protosynthesisspa\n|turn|9\n|inactive|Time left: 300 sec this turn | 300 sec total\n|\n|t:|1783561497\n|-terastallize|p1a: Raging Bolt|Electric\n|move|p1a: Raging Bolt|Thunderbolt|p2a: Araquanid\n|-supereffective|p2a: Araquanid\n|-damage|p2a: Araquanid|0 fnt\n|faint|p2a: Araquanid\n|\n|upkeep\n|inactive|Time left: 300 sec this turn | 300 sec total | 5 sec grace\n|\n|t:|1783561498\n|switch|p2a: Clodsire|Clodsire, L81, F|343/343\n|turn|10\n|inactive|Time left: 300 sec this turn | 300 sec total\n|\n|t:|1783561499\n|move|p1a: Raging Bolt|Calm Mind|p1a: Raging Bolt\n|-boost|p1a: Raging Bolt|spa|1\n|-boost|p1a: Raging Bolt|spd|1\n|move|p2a: Clodsire|Earthquake|p1a: Raging Bolt\n|-supereffective|p1a: Raging Bolt\n|-damage|p1a: Raging Bolt|36/100\n|\n|upkeep\n|turn|11\n|inactive|Time left: 300 sec this turn | 300 sec total\n|\n|t:|1783561500\n|move|p1a: Raging Bolt|Dragon Pulse|p2a: Clodsire\n|-damage|p2a: Clodsire|148/343\n|move|p2a: Clodsire|Earthquake|p1a: Raging Bolt\n|-supereffective|p1a: Raging Bolt\n|-damage|p1a: Raging Bolt|0 fnt\n|faint|p1a: Raging Bolt\n|-end|p1a: Raging Bolt|Protosynthesis|[silent]\n|\n|-heal|p2a: Clodsire|169/343|[from] item: Leftovers\n|upkeep\n|\n|t:|1783561501\n|switch|p1a: Indeedee|Indeedee, L84, M|100/100\n|-damage|p1a: Indeedee|88/100|[from] Spikes\n|-fieldstart|move: Psychic Terrain|[from] ability: Psychic Surge|[of] p1a: Indeedee\n|turn|12\n|inactive|Time left: 300 sec this turn | 300 sec total\n|\n|t:|1783561502\n|switch|p2a: Delphox|Delphox, L84, M|263/263\n|move|p1a: Indeedee|Expanding Force|p2a: Delphox\n|-resisted|p2a: Delphox\n|-damage|p2a: Delphox|187/263\n|\n|upkeep\n|turn|13\n|inactive|Time left: 300 sec this turn | 300 sec total\n|\n|t:|1783561503\n|switch|p1a: Muk|Muk-Alola, L82, F|100/100\n|-damage|p1a: Muk|88/100|[from] Spikes\n|move|p2a: Delphox|Nasty Plot|p2a: Delphox\n|-boost|p2a: Delphox|spa|2\n|\n|upkeep\n|turn|14\n|inactive|Time left: 300 sec this turn | 300 sec total\n|\n|t:|1783561504\n|move|p2a: Delphox|Fire Blast|p1a: Muk\n|-damage|p1a: Muk|38/100\n|move|p1a: Muk|Knock Off|p2a: Delphox\n|-supereffective|p2a: Delphox\n|-damage|p2a: Delphox|0 fnt\n|-enditem|p2a: Delphox|Heavy-Duty Boots|[from] move: Knock Off|[of] p1a: Muk\n|faint|p2a: Delphox\n|\n|upkeep\n|inactive|Time left: 300 sec this turn | 300 sec total | 5 sec grace\n|\n|t:|1783561505\n|switch|p2a: Clodsire|Clodsire, L81, F|169/343\n|turn|15\n|inactive|Time left: 300 sec this turn | 300 sec total\n|\n|t:|1783561506\n|move|p1a: Muk|Knock Off|p2a: Clodsire\n|-damage|p2a: Clodsire|22/343\n|-enditem|p2a: Clodsire|Leftovers|[from] move: Knock Off|[of] p1a: Muk\n|move|p2a: Clodsire|Recover|p2a: Clodsire\n|-heal|p2a: Clodsire|194/343\n|\n|upkeep\n|turn|16\n|inactive|Time left: 300 sec this turn | 300 sec total\n|\n|t:|1783561507\n|move|p1a: Muk|Ice Punch|p2a: Clodsire\n|-supereffective|p2a: Clodsire\n|-damage|p2a: Clodsire|60/343\n|move|p2a: Clodsire|Earthquake|p1a: Muk\n|-supereffective|p1a: Muk\n|-damage|p1a: Muk|0 fnt\n|faint|p1a: Muk\n|\n|-fieldend|move: Psychic Terrain\n|upkeep\n|\n|t:|1783561509\n|switch|p1a: Indeedee|Indeedee, L84, M|88/100\n|-damage|p1a: Indeedee|76/100|[from] Spikes\n|-fieldstart|move: Psychic Terrain|[from] ability: Psychic Surge|[of] p1a: Indeedee\n|turn|17\n|inactive|Time left: 300 sec this turn | 300 sec total\n|\n|t:|1783561510\n|move|p1a: Indeedee|Expanding Force|p2a: Clodsire\n|-supereffective|p2a: Clodsire\n|-damage|p2a: Clodsire|0 fnt\n|faint|p2a: Clodsire\n|\n|upkeep\n|inactive|Time left: 300 sec this turn | 300 sec total | 5 sec grace\n|\n|t:|1783561511\n|switch|p2a: Meganium|Meganium, L90, F|244/290\n|turn|18\n|inactive|Time left: 300 sec this turn | 300 sec total\n|\n|t:|1783561512\n|move|p1a: Indeedee|Expanding Force|p2a: Meganium\n|-damage|p2a: Meganium|105/290\n|move|p2a: Meganium|Synthesis|p2a: Meganium\n|-heal|p2a: Meganium|250/290\n|\n|-heal|p2a: Meganium|268/290|[from] item: Leftovers\n|upkeep\n|turn|19\n|inactive|Time left: 300 sec this turn | 300 sec total\n|\n|t:|1783561513\n|move|p1a: Indeedee|Expanding Force|p2a: Meganium\n|-damage|p2a: Meganium|121/290\n|move|p2a: Meganium|Synthesis|p2a: Meganium\n|-heal|p2a: Meganium|266/290\n|\n|-heal|p2a: Meganium|284/290|[from] item: Leftovers\n|upkeep\n|turn|20\n|inactive|Time left: 300 sec this turn | 300 sec total\n|\n|t:|1783561514\n|move|p1a: Indeedee|Expanding Force|p2a: Meganium\n|-damage|p2a: Meganium|145/290\n|move|p2a: Meganium|Synthesis|p2a: Meganium\n|-heal|p2a: Meganium|290/290\n|\n|upkeep\n|turn|21\n|inactive|Time left: 300 sec this turn | 300 sec total\n|\n|t:|1783561515\n|move|p1a: Indeedee|Expanding Force|p2a: Meganium\n|-damage|p2a: Meganium|152/290\n|move|p2a: Meganium|Energy Ball|p1a: Indeedee\n|-damage|p1a: Indeedee|37/100\n|\n|-heal|p2a: Meganium|170/290|[from] item: Leftovers\n|-fieldend|move: Psychic Terrain\n|upkeep\n|turn|22\n|inactive|Time left: 300 sec this turn | 300 sec total\n|\n|t:|1783561516\n|move|p1a: Indeedee|Expanding Force|p2a: Meganium\n|-damage|p2a: Meganium|92/290\n|move|p2a: Meganium|Synthesis|p2a: Meganium\n|-heal|p2a: Meganium|237/290\n|\n|-heal|p2a: Meganium|255/290|[from] item: Leftovers\n|upkeep\n|turn|23\n|inactive|Time left: 300 sec this turn | 300 sec total\n|\n|t:|1783561516\n|move|p1a: Indeedee|Expanding Force|p2a: Meganium\n|-damage|p2a: Meganium|177/290\n|move|p2a: Meganium|Knock Off|p1a: Indeedee\n|-supereffective|p1a: Indeedee\n|-damage|p1a: Indeedee|0 fnt\n|-enditem|p1a: Indeedee|Choice Scarf|[from] move: Knock Off|[of] p2a: Meganium\n|faint|p1a: Indeedee\n|\n|-heal|p2a: Meganium|195/290|[from] item: Leftovers\n|upkeep\n|\n|t:|1783561517\n|switch|p1a: Furret|Furret, L94, F|38/100\n|-damage|p1a: Furret|25/100|[from] Spikes\n|-item|p2a: Meganium|Leftovers|[from] ability: Frisk|[of] p1a: Furret\n|turn|24\n|inactive|Time left: 300 sec this turn | 300 sec total\n|\n|t:|1783561518\n|move|p1a: Furret|U-turn|p2a: Meganium\n|-supereffective|p2a: Meganium\n|-damage|p2a: Meganium|69/290\n|\n|t:|1783561519\n|switch|p1a: Basculegion|Basculegion-F, L83, F|100/100|[from] U-turn\n|-damage|p1a: Basculegion|88/100|[from] Spikes\n|move|p2a: Meganium|Synthesis|p2a: Meganium\n|-heal|p2a: Meganium|214/290\n|\n|-heal|p2a: Meganium|232/290|[from] item: Leftovers\n|upkeep\n|turn|25\n|inactive|Time left: 300 sec this turn | 300 sec total\n|\n|t:|1783561520\n|move|p2a: Meganium|Knock Off|p1a: Basculegion\n|-supereffective|p1a: Basculegion\n|-damage|p1a: Basculegion|32/100\n|-enditem|p1a: Basculegion|Assault Vest|[from] move: Knock Off|[of] p2a: Meganium\n|move|p1a: Basculegion|Shadow Ball|p2a: Meganium\n|-damage|p2a: Meganium|126/290\n|\n|-heal|p2a: Meganium|144/290|[from] item: Leftovers\n|upkeep\n|turn|26\n|inactive|Time left: 300 sec this turn | 300 sec total\n|\n|t:|1783561521\n|move|p2a: Meganium|Knock Off|p1a: Basculegion\n|-supereffective|p1a: Basculegion\n|-damage|p1a: Basculegion|0 fnt\n|faint|p1a: Basculegion\n|\n|-heal|p2a: Meganium|162/290|[from] item: Leftovers\n|upkeep\n|\n|t:|1783561522\n|switch|p1a: Furret|Furret, L94, F|25/100\n|-damage|p1a: Furret|13/100|[from] Spikes\n|-item|p2a: Meganium|Leftovers|[from] ability: Frisk|[of] p1a: Furret\n|turn|27\n|inactive|Time left: 300 sec this turn | 300 sec total\n|\n|t:|1783561523\n|move|p1a: Furret|Trick|p2a: Meganium\n|-activate|p1a: Furret|move: Trick|[of] p2a: Meganium\n|-item|p2a: Meganium|Choice Band|[from] move: Trick\n|-item|p1a: Furret|Leftovers|[from] move: Trick\n|move|p2a: Meganium|Energy Ball|p1a: Furret\n|-damage|p1a: Furret|0 fnt\n|faint|p1a: Furret\n|\n|win|p0y1854e265", "uploadtime": 1783561523, "views": 0, "rating": 0, "private": 0, "password": null, "_winner": "p0y1854e265", "_our_name": "p0y1854e265"}