{"id": "battle-gen9randombattle-2133", "formatid": "gen9randombattle", "format": "[Gen 9] Random Battle", "players": ["p0x213376e2", "p0y21333703"], "log": "|init|battle\n|title|p0x213376e2 vs. p0y21333703\n|j|\u2606p0x213376e2\n|j|\u2606p0y21333703\n|t:|1783563905\n|gametype|singles\n|player|p1|p0x213376e2|2|\n|player|p2|p0y21333703|266|\n|gen|9\n|tier|[Gen 9] Random Battle\n|rule|Species Clause: Limit one of each Pok\u00e9mon\n|rule|HP Percentage Mod: HP is shown in percentages\n|rule|Sleep Clause Mod: Limit one foe put to sleep\n|rule|Illusion Level Mod: Illusion disguises the Pok\u00e9mon's true level\n|\n|t:|1783563905\n|teamsize|p1|6\n|teamsize|p2|6\n|start\n|switch|p1a: Hoopa|Hoopa, L85|275/275\n|switch|p2a: Mienshao|Mienshao, L83, M|100/100\n|turn|1\n|inactive|Battle timer is ON: inactive players will automatically lose when time's up. (requested by p0x213376e2)\n|inactive|p0y21333703 also wants the timer to be on.\n|\n|t:|1783563907\n|switch|p1a: Magearna|Magearna, L77|250/250\n|move|p2a: Mienshao|Knock Off|p1a: Magearna\n|-resisted|p1a: Magearna\n|-damage|p1a: Magearna|215/250\n|-enditem|p1a: Magearna|Leftovers|[from] move: Knock Off|[of] p2a: Mienshao\n|\n|upkeep\n|turn|2\n|inactive|Time left: 300 sec this turn | 300 sec total\n|\n|t:|1783563908\n|switch|p2a: Incineroar|Incineroar, L82, M|100/100\n|-ability|p2a: Incineroar|Intimidate|boost\n|-unboost|p1a: Magearna|atk|1\n|move|p1a: Magearna|Shift Gear|p1a: Magearna\n|-boost|p1a: Magearna|spe|2\n|-boost|p1a: Magearna|atk|1\n|\n|upkeep\n|turn|3\n|inactive|Time left: 300 sec this turn | 300 sec total\n|\n|t:|1783563909\n|move|p1a: Magearna|Calm Mind|p1a: Magearna\n|-boost|p1a: Magearna|spa|1\n|-boost|p1a: Magearna|spd|1\n|move|p2a: Incineroar|Flare Blitz|p1a: Magearna\n|-supereffective|p1a: Magearna\n|-damage|p1a: Magearna|0 fnt\n|faint|p1a: Magearna\n|-damage|p2a: Incineroar|76/100|[from] Recoil\n|\n|upkeep\n|inactive|Time left: 300 sec this turn | 300 sec total | 5 sec grace\n|\n|t:|1783563910\n|switch|p1a: Dewgong|Dewgong, L94, M|322/322\n|turn|4\n|inactive|Time left: 300 sec this turn | 300 sec total\n|\n|t:|1783563911\n|move|p1a: Dewgong|Surf|p2a: Incineroar\n|-supereffective|p2a: Incineroar\n|-damage|p2a: Incineroar|9/100\n|move|p2a: Incineroar|Knock Off|p1a: Dewgong\n|-damage|p1a: Dewgong|213/322\n|-enditem|p1a: Dewgong|Heavy-Duty Boots|[from] move: Knock Off|[of] p2a: Incineroar\n|\n|upkeep\n|turn|5\n|inactive|Time left: 300 sec this turn | 300 sec total\n|\n|t:|1783563912\n|switch|p2a: Mienshao|Mienshao, L83, M|100/100\n|move|p1a: Dewgong|Flip Turn|p2a: Mienshao\n|-damage|p2a: Mienshao|66/100\n|inactive|Time left: 300 sec this turn | 300 sec total | 5 sec grace\n|\n|t:|1783563913\n|switch|p1a: Vespiquen|Vespiquen, L99, F|299/299|[from] Flip Turn\n|-ability|p1a: Vespiquen|Pressure\n|\n|upkeep\n|turn|6\n|inactive|Time left: 300 sec this turn | 300 sec total\n|\n|t:|1783563914\n|switch|p2a: Excadrill|Excadrill, L79, M|100/100\n|-ability|p2a: Excadrill|Mold Breaker\n|move|p1a: Vespiquen|Hurricane|p2a: Excadrill\n|-resisted|p2a: Excadrill\n|-damage|p2a: Excadrill|79/100\n|\n|upkeep\n|turn|7\n|inactive|Time left: 300 sec this turn | 300 sec total\n|\n|t:|1783563915\n|move|p2a: Excadrill|Rock Slide|p1a: Vespiquen|[miss]\n|-miss|p2a: Excadrill|p1a: Vespiquen\n|move|p1a: Vespiquen|Hurricane|p2a: Excadrill|[miss]\n|-miss|p1a: Vespiquen|p2a: Excadrill\n|\n|upkeep\n|turn|8\n|inactive|Time left: 300 sec this turn | 300 sec total\n|\n|t:|1783563916\n|move|p2a: Excadrill|Rock Slide|p1a: Vespiquen\n|-supereffective|p1a: Vespiquen\n|-damage|p1a: Vespiquen|127/299\n|cant|p1a: Vespiquen|flinch\n|\n|upkeep\n|turn|9\n|inactive|Time left: 300 sec this turn | 300 sec total\n|\n|t:|1783563917\n|move|p2a: Excadrill|Rock Slide|p1a: Vespiquen\n|-supereffective|p1a: Vespiquen\n|-damage|p1a: Vespiquen|0 fnt\n|faint|p1a: Vespiquen\n|\n|upkeep\n|inactive|Time left: 300 sec this turn | 300 sec total | 5 sec grace\n|\n|t:|1783563918\n|switch|p1a: Dewgong|Dewgong, L94, M|213/322\n|turn|10\n|inactive|Time left: 300 sec this turn | 300 sec total\n|\n|t:|1783563918\n|move|p1a: Dewgong|Triple Axel|p2a: Excadrill\n|-damage|p2a: Excadrill|70/100\n|-damage|p2a: Excadrill|52/100\n|-hitcount|p2a: Excadrill|2\n|move|p2a: Excadrill|Iron Head|p1a: Dewgong\n|-damage|p1a: Dewgong|126/322\n|\n|upkeep\n|turn|11\n|inactive|Time left: 300 sec this turn | 300 sec total\n|\n|t:|1783563919\n|switch|p2a: Corviknight|Corviknight, L80, M|100/100\n|-ability|p2a: Corviknight|Pressure\n|move|p1a: Dewgong|Triple Axel|p2a: Corviknight\n|-damage|p2a: Corviknight|94/100\n|-damage|p1a: Dewgong|73/322|[from] item: Rocky Helmet|[of] p2a: Corviknight\n|-damage|p2a: Corviknight|81/100\n|-damage|p1a: Dewgong|20/322|[from] item: Rocky Helmet|[of] p2a: Corviknight\n|-hitcount|p2a: Corviknight|2\n|\n|upkeep\n|turn|12\n|inactive|Time left: 300 sec this turn | 300 sec total\n|\n|t:|1783563920\n|move|p1a: Dewgong|Triple Axel|p2a: Corviknight\n|-damage|p2a: Corviknight|74/100\n|-damage|p1a: Dewgong|0 fnt|[from] item: Rocky Helmet|[of] p2a: Corviknight\n|faint|p1a: Dewgong\n|-hitcount|p2a: Corviknight|1\n|move|p2a: Corviknight|Roost|p2a: Corviknight\n|-heal|p2a: Corviknight|100/100\n|-singleturn|p2a: Corviknight|move: Roost\n|\n|upkeep\n|inactive|Time left: 300 sec this turn | 300 sec total | 5 sec grace\n|\n|t:|1783563921\n|switch|p1a: Hoopa|Hoopa, L85|275/275\n|turn|13\n|inactive|Time left: 300 sec this turn | 300 sec total\n|\n|t:|1783563921\n|move|p1a: Hoopa|Nasty Plot|p1a: Hoopa\n|-boost|p1a: Hoopa|spa|2\n|move|p2a: Corviknight|U-turn|p1a: Hoopa\n|-damage|p1a: Hoopa|224/275\n|\n|t:|1783563922\n|switch|p2a: Ambipom|Ambipom, L84, M|100/100|[from] U-turn\n|\n|upkeep\n|turn|14\n|inactive|Time left: 300 sec this turn | 300 sec total\n|\n|t:|1783563923\n|switch|p1a: Flareon|Flareon, L90, M|263/263\n|move|p2a: Ambipom|Triple Axel|p1a: Flareon\n|-resisted|p1a: Flareon\n|-damage|p1a: Flareon|243/263\n|-resisted|p1a: Flareon\n|-damage|p1a: Flareon|200/263\n|-resisted|p1a: Flareon\n|-damage|p1a: Flareon|135/263\n|-hitcount|p1a: Flareon|3\n|\n|-status|p1a: Flareon|tox|[from] item: Toxic Orb\n|upkeep\n|turn|15\n|inactive|Time left: 300 sec this turn | 300 sec total\n|\n|t:|1783563924\n|-terastallize|p2a: Ambipom|Ice\n|move|p2a: Ambipom|Triple Axel|p1a: Flareon\n|-resisted|p1a: Flareon\n|-damage|p1a: Flareon|108/263 tox\n|-resisted|p1a: Flareon\n|-damage|p1a: Flareon|48/263 tox\n|-resisted|p1a: Flareon\n|-crit|p1a: Flareon\n|-damage|p1a: Flareon|0 fnt\n|faint|p1a: Flareon\n|-hitcount|p1: Flareon|3\n|\n|upkeep\n|inactive|Time left: 300 sec this turn | 300 sec total | 5 sec grace\n|\n|t:|1783563925\n|switch|p1a: Ditto|Ditto, L87|225/225\n|-transform|p1a: Ditto|p2a: Ambipom|[from] ability: Imposter\n|-start|p1a: Ditto|typechange|Normal|[silent]\n|turn|16\n|inactive|Time left: 300 sec this turn | 300 sec total\n|\n|t:|1783563926\n|move|p1a: Ditto|Double-Edge|p2a: Ambipom\n|-damage|p2a: Ambipom|39/100\n|-damage|p1a: Ditto|171/225|[from] Recoil\n|move|p2a: Ambipom|Triple Axel|p1a: Ditto\n|-damage|p1a: Ditto|116/225\n|-damage|p1a: Ditto|0 fnt\n|faint|p1a: Ditto\n|-hitcount|p1: Ditto|2\n|\n|upkeep\n|inactive|Time left: 300 sec this turn | 300 sec total | 5 sec grace\n|\n|t:|1783563927\n|switch|p1a: Hoopa|Hoopa, L85|224/275\n|turn|17\n|inactive|Time left: 300 sec this turn | 300 sec total\n|\n|t:|1783563928\n|-terastallize|p1a: Hoopa|Psychic\n|move|p2a: Ambipom|Triple Axel|p1a: Hoopa\n|-damage|p1a: Hoopa|160/275\n|-damage|p1a: Hoopa|31/275\n|-damage|p1a: Hoopa|0 fnt\n|faint|p1a: Hoopa\n|-hitcount|p1: Hoopa|3\n|\n|win|p0y21333703", "uploadtime": 1783563928, "views": 0, "rating": 0, "private": 0, "password": null, "_winner": "p0y21333703", "_our_name": "p0x213376e2"}