{"id": "battle-gen9randombattle-2671", "formatid": "gen9randombattle", "format": "[Gen 9] Random Battle", "players": ["p0x26712cbf", "p0y2671d209"], "log": "|init|battle\n|title|p0x26712cbf vs. p0y2671d209\n|j|\u2606p0x26712cbf\n|j|\u2606p0y2671d209\n|t:|1783570829\n|gametype|singles\n|player|p1|p0x26712cbf|170|\n|player|p2|p0y2671d209|170|\n|gen|9\n|tier|[Gen 9] Random Battle\n|rule|Species Clause: Limit one of each Pok\u00e9mon\n|rule|HP Percentage Mod: HP is shown in percentages\n|rule|Sleep Clause Mod: Limit one foe put to sleep\n|rule|Illusion Level Mod: Illusion disguises the Pok\u00e9mon's true level\n|\n|t:|1783570829\n|teamsize|p1|6\n|teamsize|p2|6\n|start\n|switch|p1a: Mesprit|Mesprit, L85|100/100\n|switch|p2a: Latias|Latias, L79, F|256/256\n|turn|1\n|inactive|Battle timer is ON: inactive players will automatically lose when time's up. (requested by p0y2671d209)\n|inactive|p0x26712cbf also wants the timer to be on.\n|\n|t:|1783570830\n|switch|p2a: Yanmega|Yanmega, L82, M|275/275\n|move|p1a: Mesprit|Dazzling Gleam|p2a: Yanmega\n|-crit|p2a: Yanmega\n|-damage|p2a: Yanmega|133/275\n|\n|upkeep\n|turn|2\n|inactive|Time left: 300 sec this turn | 300 sec total\n|\n|t:|1783570832\n|move|p1a: Mesprit|Dazzling Gleam|p2a: Yanmega\n|-damage|p2a: Yanmega|50/275\n|move|p2a: Yanmega|Bug Buzz|p1a: Mesprit\n|-supereffective|p1a: Mesprit\n|-damage|p1a: Mesprit|36/100\n|\n|-ability|p2a: Yanmega|Speed Boost|boost\n|-boost|p2a: Yanmega|spe|1\n|upkeep\n|turn|3\n|inactive|Time left: 300 sec this turn | 300 sec total\n|\n|t:|1783570833\n|switch|p1a: Politoed|Politoed, L88, F|100/100\n|-weather|RainDance|[from] ability: Drizzle|[of] p1a: Politoed\n|move|p2a: Yanmega|Bug Buzz|p1a: Politoed\n|-damage|p1a: Politoed|71/100\n|\n|-weather|RainDance|[upkeep]\n|-ability|p2a: Yanmega|Speed Boost|boost\n|-boost|p2a: Yanmega|spe|1\n|upkeep\n|turn|4\n|inactive|Time left: 300 sec this turn | 300 sec total\n|\n|t:|1783570834\n|move|p2a: Yanmega|Air Slash|p1a: Politoed\n|-damage|p1a: Politoed|44/100\n|move|p1a: Politoed|Weather Ball|p2a: Yanmega\n|-damage|p2a: Yanmega|0 fnt\n|faint|p2a: Yanmega\n|\n|-weather|RainDance|[upkeep]\n|upkeep\n|inactive|Time left: 300 sec this turn | 300 sec total | 5 sec grace\n|\n|t:|1783570835\n|switch|p2a: Sunflora|Sunflora, M|312/312\n|turn|5\n|inactive|Time left: 300 sec this turn | 300 sec total\n|\n|t:|1783570837\n|move|p1a: Politoed|Weather Ball|p2a: Sunflora\n|-resisted|p2a: Sunflora\n|-damage|p2a: Sunflora|205/312\n|move|p2a: Sunflora|Sludge Bomb|p1a: Politoed\n|-damage|p1a: Politoed|0 fnt\n|faint|p1a: Politoed\n|\n|-weather|RainDance|[upkeep]\n|upkeep\n|\n|t:|1783570837\n|switch|p1a: Klawf|Klawf, L90, F|100/100\n|turn|6\n|inactive|Time left: 300 sec this turn | 300 sec total\n|\n|t:|1783570838\n|move|p1a: Klawf|Stone Edge|p2a: Sunflora\n|-damage|p2a: Sunflora|1/312\n|move|p2a: Sunflora|Sludge Bomb|p1a: Klawf\n|-resisted|p1a: Klawf\n|-damage|p1a: Klawf|63/100\n|\n|-weather|RainDance|[upkeep]\n|upkeep\n|turn|7\n|inactive|Time left: 300 sec this turn | 300 sec total\n|\n|t:|1783570840\n|move|p1a: Klawf|Stone Edge|p2a: Sunflora\n|-damage|p2a: Sunflora|0 fnt\n|faint|p2a: Sunflora\n|\n|-weather|none\n|upkeep\n|inactive|Time left: 300 sec this turn | 300 sec total | 5 sec grace\n|\n|t:|1783570841\n|switch|p2a: Passimian|Passimian, L83, F|302/302\n|turn|8\n|inactive|Time left: 300 sec this turn | 300 sec total\n|\n|t:|1783570842\n|switch|p1a: Tornadus|Tornadus, L82, M|100/100\n|move|p2a: Passimian|Bulk Up|p2a: Passimian\n|-boost|p2a: Passimian|atk|1\n|-boost|p2a: Passimian|def|1\n|\n|upkeep\n|turn|9\n|inactive|Time left: 300 sec this turn | 300 sec total\n|\n|t:|1783570843\n|-terastallize|p2a: Passimian|Dark\n|move|p1a: Tornadus|Bleakwind Storm|p2a: Passimian\n|-damage|p2a: Passimian|143/302\n|move|p2a: Passimian|Knock Off|p1a: Tornadus\n|-damage|p1a: Tornadus|13/100\n|-enditem|p1a: Tornadus|Heavy-Duty Boots|[from] move: Knock Off|[of] p2a: Passimian\n|\n|-heal|p2a: Passimian|161/302|[from] item: Leftovers\n|upkeep\n|turn|10\n|inactive|Time left: 300 sec this turn | 300 sec total\n|\n|t:|1783570844\n|move|p1a: Tornadus|Bleakwind Storm|p2a: Passimian\n|-damage|p2a: Passimian|0 fnt\n|faint|p2a: Passimian\n|\n|upkeep\n|inactive|Time left: 300 sec this turn | 300 sec total | 5 sec grace\n|\n|t:|1783570845\n|switch|p2a: Tentacruel|Tentacruel, L84, F|272/272\n|turn|11\n|inactive|Time left: 300 sec this turn | 300 sec total\n|\n|t:|1783570846\n|move|p1a: Tornadus|Bleakwind Storm|p2a: Tentacruel\n|-damage|p2a: Tentacruel|182/272\n|-unboost|p2a: Tentacruel|spe|1\n|move|p2a: Tentacruel|Rapid Spin|p1a: Tornadus\n|-damage|p1a: Tornadus|0 fnt\n|-boost|p2a: Tentacruel|spe|1\n|faint|p1a: Tornadus\n|\n|-heal|p2a: Tentacruel|199/272|[from] item: Leftovers\n|upkeep\n|\n|t:|1783570847\n|switch|p1a: Klawf|Klawf, L90, F|96/100\n|turn|12\n|inactive|Time left: 300 sec this turn | 300 sec total\n|\n|t:|1783570848\n|move|p2a: Tentacruel|Surf|p1a: Klawf\n|-supereffective|p1a: Klawf\n|-damage|p1a: Klawf|23/100\n|move|p1a: Klawf|Stone Edge|p2a: Tentacruel\n|-damage|p2a: Tentacruel|0 fnt\n|faint|p2a: Tentacruel\n|\n|upkeep\n|inactive|Time left: 300 sec this turn | 300 sec total | 5 sec grace\n|\n|t:|1783570849\n|switch|p2a: Skuntank|Skuntank, L84, F|310/310\n|turn|13\n|inactive|Time left: 300 sec this turn | 300 sec total\n|\n|t:|1783570850\n|switch|p1a: Porygon-Z|Porygon-Z, L83|100/100\n|move|p2a: Skuntank|Knock Off|p1a: Porygon-Z\n|-damage|p1a: Porygon-Z|47/100\n|-enditem|p1a: Porygon-Z|Life Orb|[from] move: Knock Off|[of] p2a: Skuntank\n|-damage|p2a: Skuntank|279/310|[from] item: Life Orb\n|\n|upkeep\n|turn|14\n|inactive|Time left: 300 sec this turn | 300 sec total\n|\n|t:|1783570851\n|move|p1a: Porygon-Z|Tri Attack|p2a: Skuntank\n|-damage|p2a: Skuntank|83/310\n|-status|p2a: Skuntank|brn\n|move|p2a: Skuntank|Gunk Shot|p1a: Porygon-Z\n|-damage|p1a: Porygon-Z|12/100\n|-damage|p2a: Skuntank|52/310 brn|[from] item: Life Orb\n|\n|-damage|p2a: Skuntank|33/310 brn|[from] brn\n|upkeep\n|turn|15\n|inactive|Time left: 300 sec this turn | 300 sec total\n|\n|t:|1783570852\n|move|p1a: Porygon-Z|Tri Attack|p2a: Skuntank\n|-damage|p2a: Skuntank|0 fnt\n|faint|p2a: Skuntank\n|\n|upkeep\n|inactive|Time left: 300 sec this turn | 300 sec total | 5 sec grace\n|\n|t:|1783570853\n|switch|p2a: Latias|Latias, L79, F|256/256\n|turn|16\n|inactive|Time left: 300 sec this turn | 300 sec total\n|\n|t:|1783570854\n|switch|p1a: Klawf|Klawf, L90, F|56/100\n|move|p2a: Latias|Calm Mind|p2a: Latias\n|-boost|p2a: Latias|spa|1\n|-boost|p2a: Latias|spd|1\n|\n|upkeep\n|turn|17\n|inactive|Time left: 300 sec this turn | 300 sec total\n|\n|t:|1783570855\n|move|p2a: Latias|Draco Meteor|p1a: Klawf\n|-damage|p1a: Klawf|0 fnt\n|-unboost|p2a: Latias|spa|2\n|faint|p1a: Klawf\n|\n|upkeep\n|\n|t:|1783570856\n|switch|p1a: Bellibolt|Bellibolt, L84, F|100/100\n|turn|18\n|inactive|Time left: 300 sec this turn | 300 sec total\n|\n|t:|1783570857\n|move|p2a: Latias|Calm Mind|p2a: Latias\n|-boost|p2a: Latias|spa|1\n|-boost|p2a: Latias|spd|1\n|move|p1a: Bellibolt|Toxic|p2a: Latias|[miss]\n|-miss|p1a: Bellibolt|p2a: Latias\n|\n|upkeep\n|turn|19\n|inactive|Time left: 300 sec this turn | 300 sec total\n|\n|t:|1783570858\n|move|p2a: Latias|Calm Mind|p2a: Latias\n|-boost|p2a: Latias|spa|1\n|-boost|p2a: Latias|spd|1\n|move|p1a: Bellibolt|Toxic|p2a: Latias\n|-status|p2a: Latias|tox\n|\n|-damage|p2a: Latias|240/256 tox|[from] psn\n|upkeep\n|turn|20\n|inactive|Time left: 300 sec this turn | 300 sec total\n|\n|t:|1783570859\n|switch|p1a: Mesprit|Mesprit, L85|36/100\n|move|p2a: Latias|Calm Mind|p2a: Latias\n|-boost|p2a: Latias|spa|1\n|-boost|p2a: Latias|spd|1\n|\n|-damage|p2a: Latias|208/256 tox|[from] psn\n|upkeep\n|turn|21\n|inactive|Time left: 300 sec this turn | 300 sec total\n|\n|t:|1783570860\n|move|p1a: Mesprit|Ice Beam|p2a: Latias\n|-supereffective|p2a: Latias\n|-damage|p2a: Latias|170/256 tox\n|move|p2a: Latias|Recover|p2a: Latias\n|-heal|p2a: Latias|256/256 tox\n|\n|-damage|p2a: Latias|208/256 tox|[from] psn\n|upkeep\n|turn|22\n|inactive|Time left: 300 sec this turn | 300 sec total\n|\n|t:|1783570860\n|move|p1a: Mesprit|Ice Beam|p2a: Latias\n|-supereffective|p2a: Latias\n|-crit|p2a: Latias\n|-damage|p2a: Latias|44/256 tox\n|move|p2a: Latias|Draco Meteor|p1a: Mesprit\n|-damage|p1a: Mesprit|0 fnt\n|-unboost|p2a: Latias|spa|2\n|faint|p1a: Mesprit\n|\n|-damage|p2a: Latias|0 fnt|[from] psn\n|faint|p2a: Latias\n|\n|win|p0x26712cbf", "uploadtime": 1783570860, "views": 0, "rating": 0, "private": 0, "password": null, "_winner": "p0x26712cbf", "_our_name": "p0y2671d209"}