{"id": "battle-gen9randombattle-2984", "formatid": "gen9randombattle", "format": "[Gen 9] Random Battle", "players": ["p0x298414b0", "p0y29844d77"], "log": "|init|battle\n|title|p0x298414b0 vs. p0y29844d77\n|j|\u2606p0x298414b0\n|j|\u2606p0y29844d77\n|t:|1783573353\n|gametype|singles\n|player|p1|p0x298414b0|102|\n|player|p2|p0y29844d77|265|\n|gen|9\n|tier|[Gen 9] Random Battle\n|rule|Species Clause: Limit one of each Pok\u00e9mon\n|rule|HP Percentage Mod: HP is shown in percentages\n|rule|Sleep Clause Mod: Limit one foe put to sleep\n|rule|Illusion Level Mod: Illusion disguises the Pok\u00e9mon's true level\n|\n|t:|1783573353\n|teamsize|p1|6\n|teamsize|p2|6\n|start\n|switch|p1a: Chien-Pao|Chien-Pao, L72|234/234\n|switch|p2a: Brambleghast|Brambleghast, L88, M|100/100\n|-ability|p1a: Chien-Pao|Sword of Ruin\n|turn|1\n|inactive|Battle timer is ON: inactive players will automatically lose when time's up. (requested by p0x298414b0)\n|inactive|p0y29844d77 also wants the timer to be on.\n|\n|t:|1783573354\n|switch|p2a: Coalossal|Coalossal, L89, F|100/100\n|move|p1a: Chien-Pao|Crunch|p2a: Coalossal\n|-damage|p2a: Coalossal|71/100\n|\n|upkeep\n|turn|2\n|inactive|Time left: 300 sec this turn | 300 sec total\n|\n|t:|1783573356\n|switch|p1a: Porygon2|Porygon2, L81|270/270\n|-ability|p1a: Porygon2|Download|boost\n|-boost|p1a: Porygon2|spa|1\n|move|p2a: Coalossal|Stone Edge|p1a: Porygon2|[miss]\n|-miss|p2a: Coalossal|p1a: Porygon2\n|\n|upkeep\n|turn|3\n|inactive|Time left: 300 sec this turn | 300 sec total\n|\n|t:|1783573357\n|move|p1a: Porygon2|Discharge|p2a: Coalossal\n|-damage|p2a: Coalossal|49/100\n|-status|p2a: Coalossal|par\n|move|p2a: Coalossal|Stone Edge|p1a: Porygon2\n|-damage|p1a: Porygon2|200/270\n|\n|upkeep\n|turn|4\n|inactive|Time left: 300 sec this turn | 300 sec total\n|\n|t:|1783573358\n|move|p1a: Porygon2|Tri Attack|p2a: Coalossal\n|-resisted|p2a: Coalossal\n|-damage|p2a: Coalossal|33/100 par\n|move|p2a: Coalossal|Rapid Spin|p1a: Porygon2\n|-damage|p1a: Porygon2|176/270\n|-boost|p2a: Coalossal|spe|1\n|\n|upkeep\n|turn|5\n|inactive|Time left: 300 sec this turn | 300 sec total\n|\n|t:|1783573359\n|move|p1a: Porygon2|Recover|p1a: Porygon2\n|-heal|p1a: Porygon2|270/270\n|cant|p2a: Coalossal|par\n|\n|upkeep\n|turn|6\n|inactive|Time left: 300 sec this turn | 300 sec total\n|\n|t:|1783573360\n|move|p1a: Porygon2|Discharge|p2a: Coalossal\n|-damage|p2a: Coalossal|11/100 par\n|cant|p2a: Coalossal|par\n|\n|upkeep\n|turn|7\n|inactive|Time left: 300 sec this turn | 300 sec total\n|\n|t:|1783573361\n|switch|p2a: Alcremie|Alcremie-Matcha-Cream, L90, F|100/100\n|move|p1a: Porygon2|Tri Attack|p2a: Alcremie\n|-damage|p2a: Alcremie|67/100\n|\n|-heal|p2a: Alcremie|73/100|[from] item: Leftovers\n|upkeep\n|turn|8\n|inactive|Time left: 300 sec this turn | 300 sec total\n|\n|t:|1783573362\n|move|p2a: Alcremie|Calm Mind|p2a: Alcremie\n|-boost|p2a: Alcremie|spa|1\n|-boost|p2a: Alcremie|spd|1\n|move|p1a: Porygon2|Discharge|p2a: Alcremie\n|-damage|p2a: Alcremie|59/100\n|-status|p2a: Alcremie|par\n|\n|-heal|p2a: Alcremie|65/100 par|[from] item: Leftovers\n|upkeep\n|turn|9\n|inactive|Time left: 300 sec this turn | 300 sec total\n|\n|t:|1783573363\n|move|p1a: Porygon2|Ice Beam|p2a: Alcremie\n|-damage|p2a: Alcremie|47/100 par\n|move|p2a: Alcremie|Alluring Voice|p1a: Porygon2\n|-damage|p1a: Porygon2|171/270\n|\n|-heal|p2a: Alcremie|53/100 par|[from] item: Leftovers\n|upkeep\n|turn|10\n|inactive|Time left: 300 sec this turn | 300 sec total\n|\n|t:|1783573364\n|move|p1a: Porygon2|Tri Attack|p2a: Alcremie\n|-damage|p2a: Alcremie|32/100 par\n|move|p2a: Alcremie|Recover|p2a: Alcremie\n|-heal|p2a: Alcremie|82/100 par\n|\n|-heal|p2a: Alcremie|88/100 par|[from] item: Leftovers\n|upkeep\n|turn|11\n|inactive|Time left: 300 sec this turn | 300 sec total\n|\n|t:|1783573365\n|move|p1a: Porygon2|Recover|p1a: Porygon2\n|-heal|p1a: Porygon2|270/270\n|cant|p2a: Alcremie|par\n|\n|-heal|p2a: Alcremie|94/100 par|[from] item: Leftovers\n|upkeep\n|turn|12\n|inactive|Time left: 300 sec this turn | 300 sec total\n|\n|t:|1783573366\n|move|p1a: Porygon2|Ice Beam|p2a: Alcremie\n|-damage|p2a: Alcremie|77/100 par\n|cant|p2a: Alcremie|par\n|\n|-heal|p2a: Alcremie|83/100 par|[from] item: Leftovers\n|upkeep\n|turn|13\n|inactive|Time left: 300 sec this turn | 300 sec total\n|\n|t:|1783573367\n|move|p1a: Porygon2|Ice Beam|p2a: Alcremie\n|-damage|p2a: Alcremie|66/100 par\n|move|p2a: Alcremie|Alluring Voice|p1a: Porygon2\n|-damage|p1a: Porygon2|155/270\n|\n|-heal|p2a: Alcremie|72/100 par|[from] item: Leftovers\n|upkeep\n|turn|14\n|inactive|Time left: 300 sec this turn | 300 sec total\n|\n|t:|1783573367\n|move|p1a: Porygon2|Recover|p1a: Porygon2\n|-heal|p1a: Porygon2|270/270\n|cant|p2a: Alcremie|par\n|\n|-heal|p2a: Alcremie|78/100 par|[from] item: Leftovers\n|upkeep\n|turn|15\n|inactive|Time left: 300 sec this turn | 300 sec total\n|\n|t:|1783573368\n|move|p1a: Porygon2|Ice Beam|p2a: Alcremie\n|-damage|p2a: Alcremie|60/100 par\n|move|p2a: Alcremie|Alluring Voice|p1a: Porygon2\n|-damage|p1a: Porygon2|156/270\n|\n|-heal|p2a: Alcremie|66/100 par|[from] item: Leftovers\n|upkeep\n|turn|16\n|inactive|Time left: 300 sec this turn | 300 sec total\n|\n|t:|1783573369\n|move|p1a: Porygon2|Recover|p1a: Porygon2\n|-heal|p1a: Porygon2|270/270\n|move|p2a: Alcremie|Alluring Voice|p1a: Porygon2\n|-damage|p1a: Porygon2|171/270\n|\n|-heal|p2a: Alcremie|72/100 par|[from] item: Leftovers\n|upkeep\n|turn|17\n|inactive|Time left: 300 sec this turn | 300 sec total\n|\n|t:|1783573370\n|move|p1a: Porygon2|Recover|p1a: Porygon2\n|-heal|p1a: Porygon2|270/270\n|move|p2a: Alcremie|Alluring Voice|p1a: Porygon2\n|-crit|p1a: Porygon2\n|-damage|p1a: Porygon2|98/270\n|\n|-heal|p2a: Alcremie|78/100 par|[from] item: Leftovers\n|upkeep\n|turn|18\n|inactive|Time left: 300 sec this turn | 300 sec total\n|\n|t:|1783573371\n|move|p1a: Porygon2|Recover|p1a: Porygon2\n|-heal|p1a: Porygon2|233/270\n|cant|p2a: Alcremie|par\n|\n|-heal|p2a: Alcremie|84/100 par|[from] item: Leftovers\n|upkeep\n|turn|19\n|inactive|Time left: 300 sec this turn | 300 sec total\n|\n|t:|1783573372\n|move|p1a: Porygon2|Tri Attack|p2a: Alcremie\n|-crit|p2a: Alcremie\n|-damage|p2a: Alcremie|36/100 par\n|move|p2a: Alcremie|Alluring Voice|p1a: Porygon2\n|-damage|p1a: Porygon2|124/270\n|\n|-heal|p2a: Alcremie|42/100 par|[from] item: Leftovers\n|upkeep\n|turn|20\n|inactive|Time left: 300 sec this turn | 300 sec total\n|\n|t:|1783573373\n|move|p1a: Porygon2|Recover|p1a: Porygon2\n|-heal|p1a: Porygon2|259/270\n|move|p2a: Alcremie|Alluring Voice|p1a: Porygon2\n|-damage|p1a: Porygon2|150/270\n|\n|-heal|p2a: Alcremie|48/100 par|[from] item: Leftovers\n|upkeep\n|turn|21\n|inactive|Time left: 300 sec this turn | 300 sec total\n|\n|t:|1783573374\n|move|p1a: Porygon2|Tri Attack|p2a: Alcremie\n|-damage|p2a: Alcremie|24/100 par\n|move|p2a: Alcremie|Alluring Voice|p1a: Porygon2\n|-damage|p1a: Porygon2|41/270\n|\n|-heal|p2a: Alcremie|30/100 par|[from] item: Leftovers\n|upkeep\n|turn|22\n|inactive|Time left: 300 sec this turn | 300 sec total\n|\n|t:|1783573375\n|move|p1a: Porygon2|Recover|p1a: Porygon2\n|-heal|p1a: Porygon2|176/270\n|move|p2a: Alcremie|Alluring Voice|p1a: Porygon2\n|-damage|p1a: Porygon2|74/270\n|\n|-heal|p2a: Alcremie|36/100 par|[from] item: Leftovers\n|upkeep\n|turn|23\n|inactive|Time left: 300 sec this turn | 300 sec total\n|\n|t:|1783573376\n|move|p1a: Porygon2|Tri Attack|p2a: Alcremie\n|-damage|p2a: Alcremie|11/100 par\n|move|p2a: Alcremie|Alluring Voice|p1a: Porygon2\n|-damage|p1a: Porygon2|0 fnt\n|faint|p1a: Porygon2\n|\n|-heal|p2a: Alcremie|17/100 par|[from] item: Leftovers\n|upkeep\n|inactive|Time left: 300 sec this turn | 300 sec total | 5 sec grace\n|\n|t:|1783573377\n|switch|p1a: Chien-Pao|Chien-Pao, L72|234/234\n|-ability|p1a: Chien-Pao|Sword of Ruin\n|turn|24\n|inactive|Time left: 300 sec this turn | 300 sec total\n|\n|t:|1783573378\n|move|p1a: Chien-Pao|Icicle Crash|p2a: Alcremie\n|-damage|p2a: Alcremie|0 fnt\n|faint|p2a: Alcremie\n|\n|upkeep\n|\n|t:|1783573379\n|switch|p2a: Comfey|Comfey, L85, M|100/100\n|turn|25\n|inactive|Time left: 300 sec this turn | 300 sec total\n|\n|t:|1783573380\n|move|p2a: Comfey|Draining Kiss|p1a: Chien-Pao\n|-supereffective|p1a: Chien-Pao\n|-damage|p1a: Chien-Pao|94/234\n|move|p1a: Chien-Pao|Icicle Crash|p2a: Comfey|[miss]\n|-miss|p1a: Chien-Pao|p2a: Comfey\n|\n|upkeep\n|turn|26\n|inactive|Time left: 300 sec this turn | 300 sec total\n|\n|t:|1783573381\n|switch|p1a: Primarina|Primarina, L83, M|268/268\n|move|p2a: Comfey|Draining Kiss|p1a: Primarina\n|-damage|p1a: Primarina|228/268\n|\n|-heal|p1a: Primarina|244/268|[from] item: Leftovers\n|upkeep\n|turn|27\n|inactive|Time left: 300 sec this turn | 300 sec total\n|\n|t:|1783573382\n|move|p2a: Comfey|Calm Mind|p2a: Comfey\n|-boost|p2a: Comfey|spa|1\n|-boost|p2a: Comfey|spd|1\n|move|p1a: Primarina|Moonblast|p2a: Comfey\n|-damage|p2a: Comfey|71/100\n|\n|-heal|p2a: Comfey|77/100|[from] item: Leftovers\n|-heal|p1a: Primarina|260/268|[from] item: Leftovers\n|upkeep\n|turn|28\n|inactive|Time left: 300 sec this turn | 300 sec total\n|\n|t:|1783573383\n|move|p2a: Comfey|Calm Mind|p2a: Comfey\n|-boost|p2a: Comfey|spa|1\n|-boost|p2a: Comfey|spd|1\n|move|p1a: Primarina|Calm Mind|p1a: Primarina\n|-boost|p1a: Primarina|spa|1\n|-boost|p1a: Primarina|spd|1\n|\n|-heal|p2a: Comfey|83/100|[from] item: Leftovers\n|-heal|p1a: Primarina|268/268|[from] item: Leftovers\n|upkeep\n|turn|29\n|inactive|Time left: 300 sec this turn | 300 sec total\n|\n|t:|1783573384\n|move|p2a: Comfey|Calm Mind|p2a: Comfey\n|-boost|p2a: Comfey|spa|1\n|-boost|p2a: Comfey|spd|1\n|move|p1a: Primarina|Calm Mind|p1a: Primarina\n|-boost|p1a: Primarina|spa|1\n|-boost|p1a: Primarina|spd|1\n|\n|-heal|p2a: Comfey|89/100|[from] item: Leftovers\n|upkeep\n|turn|30\n|inactive|Time left: 300 sec this turn | 300 sec total\n|\n|t:|1783573385\n|move|p2a: Comfey|Calm Mind|p2a: Comfey\n|-boost|p2a: Comfey|spa|1\n|-boost|p2a: Comfey|spd|1\n|move|p1a: Primarina|Psychic Noise|p2a: Comfey\n|-damage|p2a: Comfey|67/100\n|-start|p2a: Comfey|move: Heal Block\n|\n|upkeep\n|turn|31\n|inactive|Time left: 300 sec this turn | 300 sec total\n|\n|t:|1783573386\n|move|p2a: Comfey|Calm Mind|p2a: Comfey\n|-boost|p2a: Comfey|spa|1\n|-boost|p2a: Comfey|spd|1\n|move|p1a: Primarina|Moonblast|p2a: Comfey\n|-damage|p2a: Comfey|40/100\n|\n|-end|p2a: Comfey|move: Heal Block\n|upkeep\n|turn|32\n|inactive|Time left: 300 sec this turn | 300 sec total\n|\n|t:|1783573387\n|move|p2a: Comfey|Draining Kiss|p1a: Primarina\n|-damage|p1a: Primarina|204/268\n|-heal|p2a: Comfey|61/100|[from] drain|[of] p1a: Primarina\n|move|p1a: Primarina|Psychic Noise|p2a: Comfey\n|-damage|p2a: Comfey|40/100\n|-start|p2a: Comfey|move: Heal Block\n|\n|-heal|p1a: Primarina|220/268|[from] item: Leftovers\n|upkeep\n|turn|33\n|inactive|Time left: 300 sec this turn | 300 sec total\n|\n|t:|1783573388\n|switch|p1a: Chien-Pao|Chien-Pao, L72|94/234\n|-ability|p1a: Chien-Pao|Sword of Ruin\n|move|p2a: Comfey|Tera Blast|p1a: Chien-Pao\n|-damage|p1a: Chien-Pao|0 fnt\n|faint|p1a: Chien-Pao\n|\n|-end|p2a: Comfey|move: Heal Block\n|upkeep\n|inactive|Time left: 300 sec this turn | 300 sec total | 5 sec grace\n|\n|t:|1783573389\n|switch|p1a: Eternatus|Eternatus, L69|308/308\n|-ability|p1a: Eternatus|Pressure\n|turn|34\n|inactive|Time left: 300 sec this turn | 300 sec total\n|\n|t:|1783573390\n|move|p2a: Comfey|Draining Kiss|p1a: Eternatus\n|-damage|p1a: Eternatus|128/308\n|-heal|p2a: Comfey|99/100|[from] drain|[of] p1a: Eternatus\n|-damage|p2a: Comfey|84/100|[from] item: Rocky Helmet|[of] p1a: Eternatus\n|move|p1a: Eternatus|Sludge Bomb|p2a: Comfey\n|-supereffective|p2a: Comfey\n|-damage|p2a: Comfey|62/100\n|\n|-heal|p2a: Comfey|68/100|[from] item: Leftovers\n|upkeep\n|turn|35\n|inactive|Time left: 300 sec this turn | 300 sec total\n|\n|t:|1783573391\n|switch|p1a: Carbink|Carbink, L90|236/236\n|move|p2a: Comfey|Draining Kiss|p1a: Carbink\n|-crit|p1a: Carbink\n|-damage|p1a: Carbink|73/236\n|-heal|p2a: Comfey|100/100|[from] drain|[of] p1a: Carbink\n|\n|upkeep\n|turn|36\n|inactive|Time left: 300 sec this turn | 300 sec total\n|\n|t:|1783573392\n|move|p2a: Comfey|Draining Kiss|p1a: Carbink\n|-damage|p1a: Carbink|0 fnt\n|faint|p1a: Carbink\n|\n|upkeep\n|inactive|Time left: 300 sec this turn | 300 sec total | 5 sec grace\n|\n|t:|1783573393\n|switch|p1a: Eternatus|Eternatus, L69|128/308\n|-ability|p1a: Eternatus|Pressure\n|turn|37\n|inactive|Time left: 300 sec this turn | 300 sec total\n|\n|t:|1783573394\n|-terastallize|p1a: Eternatus|Fire\n|move|p2a: Comfey|Draining Kiss|p1a: Eternatus\n|-resisted|p1a: Eternatus\n|-damage|p1a: Eternatus|23/308\n|-damage|p2a: Comfey|84/100|[from] item: Rocky Helmet|[of] p1a: Eternatus\n|move|p1a: Eternatus|Recover|p1a: Eternatus\n|-heal|p1a: Eternatus|177/308\n|\n|-heal|p2a: Comfey|90/100|[from] item: Leftovers\n|upkeep\n|turn|38\n|inactive|Time left: 300 sec this turn | 300 sec total\n|\n|t:|1783573395\n|move|p1a: Eternatus|Recover|p1a: Eternatus\n|-heal|p1a: Eternatus|308/308\n|move|p2a: Comfey|Tera Blast|p1a: Eternatus\n|-damage|p1a: Eternatus|97/308\n|\n|-heal|p2a: Comfey|96/100|[from] item: Leftovers\n|upkeep\n|turn|39\n|inactive|Time left: 300 sec this turn | 300 sec total\n|\n|t:|1783573396\n|move|p1a: Eternatus|Recover|p1a: Eternatus\n|-heal|p1a: Eternatus|251/308\n|move|p2a: Comfey|Tera Blast|p1a: Eternatus\n|-crit|p1a: Eternatus\n|-damage|p1a: Eternatus|0 fnt\n|faint|p1a: Eternatus\n|\n|-heal|p2a: Comfey|100/100|[from] item: Leftovers\n|upkeep\n|inactive|Time left: 300 sec this turn | 300 sec total | 5 sec grace\n|\n|t:|1783573397\n|switch|p1a: Primarina|Primarina, L83, M|220/268\n|turn|40\n|inactive|Time left: 300 sec this turn | 300 sec total\n|\n|t:|1783573398\n|move|p2a: Comfey|Tera Blast|p1a: Primarina\n|-damage|p1a: Primarina|65/268\n|move|p1a: Primarina|Moonblast|p2a: Comfey\n|-damage|p2a: Comfey|88/100\n|\n|-heal|p2a: Comfey|95/100|[from] item: Leftovers\n|-heal|p1a: Primarina|81/268|[from] item: Leftovers\n|upkeep\n|turn|41\n|inactive|Time left: 300 sec this turn | 300 sec total\n|\n|t:|1783573399\n|move|p2a: Comfey|Draining Kiss|p1a: Primarina\n|-damage|p1a: Primarina|0 fnt\n|-heal|p2a: Comfey|100/100|[from] drain|[of] p1a: Primarina\n|faint|p1a: Primarina\n|\n|upkeep\n|inactive|Time left: 300 sec this turn | 300 sec total | 5 sec grace\n|\n|t:|1783573399\n|switch|p1a: Dialga|Dialga-Origin, L73|266/266\n|-ability|p1a: Dialga|Pressure\n|turn|42\n|inactive|Time left: 300 sec this turn | 300 sec total\n|\n|t:|1783573400\n|-terastallize|p2a: Comfey|Ground\n|move|p2a: Comfey|Tera Blast|p1a: Dialga|[anim] Tera Blast Ground\n|-supereffective|p1a: Dialga\n|-damage|p1a: Dialga|0 fnt\n|faint|p1a: Dialga\n|\n|win|p0y29844d77", "uploadtime": 1783573400, "views": 0, "rating": 0, "private": 0, "password": null, "_winner": "p0y29844d77", "_our_name": "p0x298414b0"}