{"id": "battle-gen9randombattle-1037", "formatid": "gen9randombattle", "format": "[Gen 9] Random Battle", "players": ["p0x1037da7a", "p0y10374792"], "log": "|init|battle\n|title|p0x1037da7a vs. p0y10374792\n|j|\u2606p0x1037da7a\n|j|\u2606p0y10374792\n|t:|1783551214\n|gametype|singles\n|player|p1|p0x1037da7a|265|\n|player|p2|p0y10374792|102|\n|gen|9\n|tier|[Gen 9] Random Battle\n|rule|Species Clause: Limit one of each Pok\u00e9mon\n|rule|HP Percentage Mod: HP is shown in percentages\n|rule|Sleep Clause Mod: Limit one foe put to sleep\n|rule|Illusion Level Mod: Illusion disguises the Pok\u00e9mon's true level\n|\n|t:|1783551214\n|teamsize|p1|6\n|teamsize|p2|6\n|start\n|switch|p1a: Rillaboom|Rillaboom, L79, M|288/288\n|switch|p2a: Gyarados|Gyarados, L79, F|100/100\n|-fieldstart|move: Grassy Terrain|[from] ability: Grassy Surge|[of] p1a: Rillaboom\n|-ability|p2a: Gyarados|Intimidate|boost\n|-unboost|p1a: Rillaboom|atk|1\n|turn|1\n|inactive|Battle timer is ON: inactive players will automatically lose when time's up. (requested by p0x1037da7a)\n|inactive|p0y10374792 also wants the timer to be on.\n|\n|t:|1783551215\n|switch|p1a: Heracross|Heracross, L80, F|259/259\n|move|p2a: Gyarados|Dragon Dance|p2a: Gyarados\n|-boost|p2a: Gyarados|atk|1\n|-boost|p2a: Gyarados|spe|1\n|\n|-status|p1a: Heracross|brn|[from] item: Flame Orb\n|upkeep\n|turn|2\n|inactive|Time left: 300 sec this turn | 300 sec total\n|\n|t:|1783551216\n|-terastallize|p1a: Heracross|Normal\n|move|p2a: Gyarados|Waterfall|p1a: Heracross\n|-damage|p1a: Heracross|102/259 brn\n|move|p1a: Heracross|Facade|p2a: Gyarados\n|-crit|p2a: Gyarados\n|-damage|p2a: Gyarados|0 fnt\n|faint|p2a: Gyarados\n|\n|-heal|p1a: Heracross|118/259 brn|[from] Grassy Terrain\n|-damage|p1a: Heracross|102/259 brn|[from] brn\n|upkeep\n|\n|t:|1783551217\n|switch|p2a: Lycanroc|Lycanroc-Dusk, L81, F|100/100\n|turn|3\n|inactive|Time left: 300 sec this turn | 300 sec total\n|\n|t:|1783551218\n|switch|p1a: Eternatus|Eternatus, L69|308/308\n|-ability|p1a: Eternatus|Pressure\n|move|p2a: Lycanroc|Stone Edge|p1a: Eternatus|[miss]\n|-miss|p2a: Lycanroc|p1a: Eternatus\n|\n|upkeep\n|turn|4\n|inactive|Time left: 300 sec this turn | 300 sec total\n|\n|t:|1783551219\n|move|p2a: Lycanroc|Stone Edge|p1a: Eternatus|[miss]\n|-miss|p2a: Lycanroc|p1a: Eternatus\n|move|p1a: Eternatus|Toxic Spikes|p2a: Lycanroc\n|-sidestart|p2: p0y10374792|move: Toxic Spikes\n|\n|upkeep\n|turn|5\n|inactive|Time left: 300 sec this turn | 300 sec total\n|\n|t:|1783551220\n|move|p2a: Lycanroc|Stone Edge|p1a: Eternatus\n|-damage|p1a: Eternatus|109/308\n|move|p1a: Eternatus|Recover|p1a: Eternatus\n|-heal|p1a: Eternatus|263/308\n|\n|-heal|p1a: Eternatus|282/308|[from] Grassy Terrain\n|-fieldend|move: Grassy Terrain\n|upkeep\n|turn|6\n|inactive|Time left: 300 sec this turn | 300 sec total\n|\n|t:|1783551221\n|move|p2a: Lycanroc|Stone Edge|p1a: Eternatus\n|-damage|p1a: Eternatus|89/308\n|move|p1a: Eternatus|Dynamax Cannon|p2a: Lycanroc\n|-crit|p2a: Lycanroc\n|-damage|p2a: Lycanroc|23/100\n|\n|upkeep\n|turn|7\n|inactive|Time left: 300 sec this turn | 300 sec total\n|\n|t:|1783551222\n|-activate|p2a: Lycanroc|move: Struggle\n|move|p2a: Lycanroc|Struggle|p1a: Eternatus\n|-damage|p1a: Eternatus|1/308\n|-damage|p2a: Lycanroc|6/100|[from] item: Rocky Helmet|[of] p1a: Eternatus\n|-damage|p2a: Lycanroc|0 fnt|[from] recoil\n|faint|p2a: Lycanroc\n|move|p1a: Eternatus|Recover|p1a: Eternatus\n|-heal|p1a: Eternatus|155/308\n|\n|upkeep\n|\n|t:|1783551223\n|switch|p2a: Charizard|Charizard, L85, M|100/100\n|turn|8\n|inactive|Time left: 300 sec this turn | 300 sec total\n|\n|t:|1783551224\n|move|p1a: Eternatus|Dynamax Cannon|p2a: Charizard\n|-crit|p2a: Charizard\n|-damage|p2a: Charizard|42/100\n|move|p2a: Charizard|Swords Dance|p2a: Charizard\n|-boost|p2a: Charizard|atk|2\n|\n|upkeep\n|turn|9\n|inactive|Time left: 300 sec this turn | 300 sec total\n|\n|t:|1783551225\n|move|p1a: Eternatus|Dynamax Cannon|p2a: Charizard\n|-damage|p2a: Charizard|2/100\n|move|p2a: Charizard|Earthquake|p1a: Eternatus\n|-supereffective|p1a: Eternatus\n|-damage|p1a: Eternatus|0 fnt\n|faint|p1a: Eternatus\n|\n|upkeep\n|inactive|Time left: 300 sec this turn | 300 sec total | 5 sec grace\n|\n|t:|1783551226\n|switch|p1a: Rillaboom|Rillaboom, L79, M|288/288\n|-fieldstart|move: Grassy Terrain|[from] ability: Grassy Surge|[of] p1a: Rillaboom\n|turn|10\n|inactive|Time left: 300 sec this turn | 300 sec total\n|\n|t:|1783551228\n|move|p1a: Rillaboom|Grassy Glide|p2a: Charizard\n|-resisted|p2a: Charizard\n|-damage|p2a: Charizard|0 fnt\n|faint|p2a: Charizard\n|-damage|p1a: Rillaboom|260/288|[from] item: Life Orb\n|\n|-heal|p1a: Rillaboom|278/288|[from] Grassy Terrain\n|upkeep\n|\n|t:|1783551228\n|switch|p2a: Sylveon|Sylveon, L85, F|100/100\n|-status|p2a: Sylveon|psn\n|turn|11\n|inactive|Time left: 300 sec this turn | 300 sec total\n|\n|t:|1783551229\n|move|p1a: Rillaboom|Swords Dance|p1a: Rillaboom\n|-boost|p1a: Rillaboom|atk|2\n|move|p2a: Sylveon|Hyper Voice|p1a: Rillaboom\n|-damage|p1a: Rillaboom|124/288\n|\n|-heal|p1a: Rillaboom|142/288|[from] Grassy Terrain\n|-damage|p2a: Sylveon|88/100 psn|[from] psn\n|upkeep\n|turn|12\n|inactive|Time left: 300 sec this turn | 300 sec total\n|\n|t:|1783551230\n|move|p1a: Rillaboom|Wood Hammer|p2a: Sylveon\n|-damage|p2a: Sylveon|0 fnt\n|faint|p2a: Sylveon\n|-damage|p1a: Rillaboom|55/288|[from] Recoil\n|-damage|p1a: Rillaboom|27/288|[from] item: Life Orb\n|\n|-heal|p1a: Rillaboom|45/288|[from] Grassy Terrain\n|upkeep\n|\n|t:|1783551231\n|switch|p2a: Toedscruel|Toedscruel, L87, M|100/100\n|-status|p2a: Toedscruel|psn\n|turn|13\n|inactive|Time left: 300 sec this turn | 300 sec total\n|\n|t:|1783551232\n|move|p1a: Rillaboom|Grassy Glide|p2a: Toedscruel\n|-damage|p2a: Toedscruel|7/100 psn\n|-damage|p1a: Rillaboom|17/288|[from] item: Life Orb\n|move|p2a: Toedscruel|Rapid Spin|p1a: Rillaboom\n|-damage|p1a: Rillaboom|0 fnt\n|-boost|p2a: Toedscruel|spe|1\n|-sideend|p2: p0y10374792|Toxic Spikes|[from] move: Rapid Spin|[of] p2a: Toedscruel\n|faint|p1a: Rillaboom\n|\n|-heal|p2a: Toedscruel|13/100 psn|[from] Grassy Terrain\n|-damage|p2a: Toedscruel|0 fnt|[from] psn\n|faint|p2a: Toedscruel\n|upkeep\n|inactive|Time left: 300 sec this turn | 300 sec total | 5 sec grace\n|\n|t:|1783551233\n|switch|p2a: Golurk|Golurk, L87|100/100\n|switch|p1a: Scizor|Scizor, L79, M|240/240\n|turn|14\n|inactive|Time left: 300 sec this turn | 300 sec total\n|\n|t:|1783551234\n|-terastallize|p2a: Golurk|Ghost\n|move|p1a: Scizor|Knock Off|p2a: Golurk\n|-supereffective|p2a: Golurk\n|-damage|p2a: Golurk|18/100\n|-enditem|p2a: Golurk|Life Orb|[from] move: Knock Off|[of] p1a: Scizor\n|move|p2a: Golurk|Poltergeist|p1a: Scizor\n|-activate|p1a: Scizor|move: Poltergeist|Choice Band\n|-damage|p1a: Scizor|30/240\n|\n|-heal|p1a: Scizor|45/240|[from] Grassy Terrain\n|-heal|p2a: Golurk|24/100|[from] Grassy Terrain\n|-fieldend|move: Grassy Terrain\n|upkeep\n|turn|15\n|inactive|Time left: 300 sec this turn | 300 sec total\n|\n|t:|1783551236\n|move|p1a: Scizor|Knock Off|p2a: Golurk\n|-supereffective|p2a: Golurk\n|-damage|p2a: Golurk|0 fnt\n|faint|p2a: Golurk\n|\n|win|p0x1037da7a", "uploadtime": 1783551236, "views": 0, "rating": 0, "private": 0, "password": null, "_winner": "p0x1037da7a", "_our_name": "p0x1037da7a"}