{"id": "battle-gen9randombattle-2544", "formatid": "gen9randombattle", "format": "[Gen 9] Random Battle", "players": ["p0x25442ef1", "p0y2544170f"], "log": "|init|battle\n|title|p0x25442ef1 vs. p0y2544170f\n|j|\u2606p0x25442ef1\n|j|\u2606p0y2544170f\n|t:|1783569423\n|gametype|singles\n|player|p1|p0x25442ef1|1|\n|player|p2|p0y2544170f|266|\n|gen|9\n|tier|[Gen 9] Random Battle\n|rule|Species Clause: Limit one of each Pok\u00e9mon\n|rule|HP Percentage Mod: HP is shown in percentages\n|rule|Sleep Clause Mod: Limit one foe put to sleep\n|rule|Illusion Level Mod: Illusion disguises the Pok\u00e9mon's true level\n|\n|t:|1783569423\n|teamsize|p1|6\n|teamsize|p2|6\n|start\n|switch|p1a: Volcanion|Volcanion, L79|100/100\n|switch|p2a: Perrserker|Perrserker, L89, M|269/269\n|turn|1\n|inactive|Battle timer is ON: inactive players will automatically lose when time's up. (requested by p0x25442ef1)\n|inactive|Time left: 300 sec this turn | 300 sec total | 60 sec grace\n|inactive|p0y2544170f also wants the timer to be on.\n|\n|t:|1783569425\n|switch|p2a: Incineroar|Incineroar, L82, F|290/290\n|-ability|p2a: Incineroar|Intimidate|boost\n|-unboost|p1a: Volcanion|atk|1\n|move|p1a: Volcanion|Steam Eruption|p2a: Incineroar\n|-supereffective|p2a: Incineroar\n|-damage|p2a: Incineroar|110/290\n|\n|upkeep\n|turn|2\n|inactive|Time left: 300 sec this turn | 300 sec total\n|\n|t:|1783569427\n|move|p1a: Volcanion|Steam Eruption|p2a: Incineroar\n|-supereffective|p2a: Incineroar\n|-damage|p2a: Incineroar|0 fnt\n|faint|p2a: Incineroar\n|\n|upkeep\n|inactive|Time left: 300 sec this turn | 300 sec total | 5 sec grace\n|\n|t:|1783569427\n|switch|p2a: Luxray|Luxray, L88, F|284/284\n|-ability|p2a: Luxray|Intimidate|boost\n|-unboost|p1a: Volcanion|atk|1\n|turn|3\n|inactive|Time left: 300 sec this turn | 300 sec total\n|\n|t:|1783569429\n|switch|p1a: Ting-Lu|Ting-Lu, L78|100/100\n|-ability|p1a: Ting-Lu|Vessel of Ruin\n|move|p2a: Luxray|Wild Charge|p1a: Ting-Lu\n|-immune|p1a: Ting-Lu\n|\n|upkeep\n|turn|4\n|inactive|Time left: 300 sec this turn | 300 sec total\n|\n|t:|1783569430\n|switch|p2a: Articuno|Articuno, L86|295/295\n|-ability|p2a: Articuno|Pressure\n|move|p1a: Ting-Lu|Earthquake|p2a: Articuno\n|-immune|p2a: Articuno\n|\n|upkeep\n|turn|5\n|inactive|Time left: 300 sec this turn | 300 sec total\n|\n|t:|1783569431\n|move|p2a: Articuno|Freeze-Dry|p1a: Ting-Lu\n|-supereffective|p1a: Ting-Lu\n|-damage|p1a: Ting-Lu|65/100\n|move|p1a: Ting-Lu|Ruination|p2a: Articuno\n|-damage|p2a: Articuno|148/295\n|\n|-heal|p1a: Ting-Lu|71/100|[from] item: Leftovers\n|upkeep\n|turn|6\n|inactive|Time left: 300 sec this turn | 300 sec total\n|\n|t:|1783569432\n|move|p2a: Articuno|Freeze-Dry|p1a: Ting-Lu\n|-supereffective|p1a: Ting-Lu\n|-damage|p1a: Ting-Lu|33/100\n|move|p1a: Ting-Lu|Ruination|p2a: Articuno|[miss]\n|-miss|p1a: Ting-Lu|p2a: Articuno\n|\n|-heal|p1a: Ting-Lu|39/100|[from] item: Leftovers\n|upkeep\n|turn|7\n|inactive|Time left: 300 sec this turn | 300 sec total\n|\n|t:|1783569433\n|move|p2a: Articuno|Freeze-Dry|p1a: Ting-Lu\n|-supereffective|p1a: Ting-Lu\n|-damage|p1a: Ting-Lu|0 fnt\n|faint|p1a: Ting-Lu\n|\n|upkeep\n|\n|t:|1783569433\n|switch|p1a: Volcanion|Volcanion, L79|100/100\n|turn|8\n|inactive|Time left: 300 sec this turn | 300 sec total\n|\n|t:|1783569434\n|move|p2a: Articuno|Roost|p2a: Articuno\n|-heal|p2a: Articuno|295/295\n|-singleturn|p2a: Articuno|move: Roost\n|move|p1a: Volcanion|Flamethrower|p2a: Articuno\n|-supereffective|p2a: Articuno\n|-damage|p2a: Articuno|149/295\n|-status|p2a: Articuno|brn\n|\n|-damage|p2a: Articuno|131/295 brn|[from] brn\n|upkeep\n|turn|9\n|inactive|Time left: 300 sec this turn | 300 sec total\n|\n|t:|1783569435\n|move|p2a: Articuno|Roost|p2a: Articuno\n|-heal|p2a: Articuno|279/295 brn\n|-singleturn|p2a: Articuno|move: Roost\n|move|p1a: Volcanion|Flamethrower|p2a: Articuno\n|-supereffective|p2a: Articuno\n|-damage|p2a: Articuno|111/295 brn\n|\n|-damage|p2a: Articuno|93/295 brn|[from] brn\n|upkeep\n|turn|10\n|inactive|Time left: 300 sec this turn | 300 sec total\n|\n|t:|1783569436\n|move|p2a: Articuno|Roost|p2a: Articuno\n|-heal|p2a: Articuno|241/295 brn\n|-singleturn|p2a: Articuno|move: Roost\n|move|p1a: Volcanion|Flamethrower|p2a: Articuno\n|-supereffective|p2a: Articuno\n|-damage|p2a: Articuno|85/295 brn\n|\n|-damage|p2a: Articuno|67/295 brn|[from] brn\n|upkeep\n|turn|11\n|inactive|Time left: 300 sec this turn | 300 sec total\n|\n|t:|1783569437\n|move|p2a: Articuno|Roost|p2a: Articuno\n|-heal|p2a: Articuno|215/295 brn\n|-singleturn|p2a: Articuno|move: Roost\n|move|p1a: Volcanion|Flamethrower|p2a: Articuno\n|-supereffective|p2a: Articuno\n|-damage|p2a: Articuno|59/295 brn\n|\n|-damage|p2a: Articuno|41/295 brn|[from] brn\n|upkeep\n|turn|12\n|inactive|Time left: 300 sec this turn | 300 sec total\n|\n|t:|1783569438\n|move|p2a: Articuno|Freeze-Dry|p1a: Volcanion\n|-damage|p1a: Volcanion|70/100\n|move|p1a: Volcanion|Flamethrower|p2a: Articuno\n|-supereffective|p2a: Articuno\n|-damage|p2a: Articuno|0 fnt\n|faint|p2a: Articuno\n|\n|upkeep\n|inactive|Time left: 300 sec this turn | 300 sec total | 5 sec grace\n|\n|t:|1783569439\n|switch|p2a: Luxray|Luxray, L88, F|284/284\n|-ability|p2a: Luxray|Intimidate|boost\n|-unboost|p1a: Volcanion|atk|1\n|turn|13\n|inactive|Time left: 300 sec this turn | 300 sec total\n|\n|t:|1783569440\n|switch|p1a: Mightyena|Mightyena, L96, M|100/100\n|-ability|p1a: Mightyena|Intimidate|boost\n|-unboost|p2a: Luxray|atk|1\n|move|p2a: Luxray|Wild Charge|p1a: Mightyena\n|-damage|p1a: Mightyena|69/100\n|-damage|p2a: Luxray|261/284|[from] Recoil\n|\n|upkeep\n|turn|14\n|inactive|Time left: 300 sec this turn | 300 sec total\n|\n|t:|1783569441\n|move|p1a: Mightyena|Super Fang|p2a: Luxray\n|-damage|p2a: Luxray|131/284\n|move|p2a: Luxray|Volt Switch|p1a: Mightyena\n|-damage|p1a: Mightyena|47/100\n|inactive|Time left: 300 sec this turn | 300 sec total | 5 sec grace\n|\n|t:|1783569442\n|switch|p2a: Wugtrio|Wugtrio, L91, M|212/212|[from] Volt Switch\n|\n|upkeep\n|turn|15\n|inactive|Time left: 300 sec this turn | 300 sec total\n|\n|t:|1783569443\n|switch|p1a: Volcanion|Volcanion, L79|70/100\n|move|p2a: Wugtrio|Liquidation|p1a: Volcanion\n|-heal|p1a: Volcanion|95/100|[from] ability: Water Absorb|[of] p2a: Wugtrio\n|\n|upkeep\n|turn|16\n|inactive|Time left: 300 sec this turn | 300 sec total\n|\n|t:|1783569444\n|switch|p2a: Luxray|Luxray, L88, F|131/284\n|-ability|p2a: Luxray|Intimidate|boost\n|-unboost|p1a: Volcanion|atk|1\n|move|p1a: Volcanion|Steam Eruption|p2a: Luxray\n|-damage|p2a: Luxray|38/284\n|-status|p2a: Luxray|brn\n|\n|-damage|p2a: Luxray|21/284 brn|[from] brn\n|upkeep\n|turn|17\n|inactive|Time left: 300 sec this turn | 300 sec total\n|\n|t:|1783569445\n|switch|p1a: Camerupt|Camerupt, L91, M|100/100\n|move|p2a: Luxray|Volt Switch|p1a: Camerupt\n|-immune|p1a: Camerupt\n|\n|-damage|p2a: Luxray|4/284 brn|[from] brn\n|upkeep\n|turn|18\n|inactive|Time left: 300 sec this turn | 300 sec total\n|\n|t:|1783569446\n|move|p2a: Luxray|Ice Fang|p1a: Camerupt\n|-damage|p1a: Camerupt|89/100\n|cant|p1a: Camerupt|flinch\n|\n|-heal|p1a: Camerupt|95/100|[from] item: Leftovers\n|-damage|p2a: Luxray|0 fnt|[from] brn\n|faint|p2a: Luxray\n|upkeep\n|inactive|Time left: 300 sec this turn | 300 sec total | 5 sec grace\n|\n|t:|1783569446\n|switch|p2a: Perrserker|Perrserker, L89, M|269/269\n|turn|19\n|inactive|Time left: 300 sec this turn | 300 sec total\n|\n|t:|1783569447\n|switch|p1a: Weezing|Weezing, L88, F|100/100\n|-terastallize|p2a: Perrserker|Fighting\n|move|p2a: Perrserker|Close Combat|p1a: Weezing\n|-resisted|p1a: Weezing\n|-damage|p1a: Weezing|64/100\n|-unboost|p2a: Perrserker|def|1\n|-unboost|p2a: Perrserker|spd|1\n|-damage|p2a: Perrserker|243/269|[from] item: Life Orb\n|\n|-heal|p1a: Weezing|70/100|[from] item: Leftovers\n|upkeep\n|turn|20\n|inactive|Time left: 300 sec this turn | 300 sec total\n|\n|t:|1783569448\n|move|p1a: Weezing|Sludge Bomb|p2a: Perrserker\n|-damage|p2a: Perrserker|75/269\n|-status|p2a: Perrserker|psn\n|move|p2a: Perrserker|Stealth Rock|p1a: Weezing\n|-sidestart|p1: p0x25442ef1|move: Stealth Rock\n|\n|-heal|p1a: Weezing|76/100|[from] item: Leftovers\n|-damage|p2a: Perrserker|42/269 psn|[from] psn\n|upkeep\n|turn|21\n|inactive|Time left: 300 sec this turn | 300 sec total\n|\n|t:|1783569449\n|move|p1a: Weezing|Sludge Bomb|p2a: Perrserker\n|-damage|p2a: Perrserker|0 fnt\n|faint|p2a: Perrserker\n|\n|-heal|p1a: Weezing|83/100|[from] item: Leftovers\n|upkeep\n|inactive|Time left: 300 sec this turn | 300 sec total | 5 sec grace\n|\n|t:|1783569449\n|switch|p2a: Wugtrio|Wugtrio, L91, M|212/212\n|turn|22\n|inactive|Time left: 300 sec this turn | 300 sec total\n|\n|t:|1783569450\n|move|p2a: Wugtrio|Liquidation|p1a: Weezing\n|-damage|p1a: Weezing|35/100\n|-unboost|p1a: Weezing|def|1\n|move|p1a: Weezing|Will-O-Wisp|p2a: Wugtrio\n|-status|p2a: Wugtrio|brn\n|\n|-heal|p1a: Weezing|41/100|[from] item: Leftovers\n|-damage|p2a: Wugtrio|199/212 brn|[from] brn\n|upkeep\n|turn|23\n|inactive|Time left: 300 sec this turn | 300 sec total\n|\n|t:|1783569451\n|switch|p1a: Volcanion|Volcanion, L79|95/100\n|move|p2a: Wugtrio|Liquidation|p1a: Volcanion\n|-heal|p1a: Volcanion|100/100|[from] ability: Water Absorb|[of] p2a: Wugtrio\n|\n|-damage|p2a: Wugtrio|186/212 brn|[from] brn\n|upkeep\n|turn|24\n|inactive|Time left: 300 sec this turn | 300 sec total\n|\n|t:|1783569452\n|move|p2a: Wugtrio|Liquidation|p1a: Volcanion\n|-immune|p1a: Volcanion|[from] ability: Water Absorb\n|move|p1a: Volcanion|Sludge Bomb|p2a: Wugtrio\n|-damage|p2a: Wugtrio|107/212 brn\n|\n|-damage|p2a: Wugtrio|94/212 brn|[from] brn\n|upkeep\n|turn|25\n|inactive|Time left: 300 sec this turn | 300 sec total\n|\n|t:|1783569453\n|move|p2a: Wugtrio|Liquidation|p1a: Volcanion\n|-immune|p1a: Volcanion|[from] ability: Water Absorb\n|move|p1a: Volcanion|Steam Eruption|p2a: Wugtrio\n|-resisted|p2a: Wugtrio\n|-damage|p2a: Wugtrio|19/212 brn\n|\n|-damage|p2a: Wugtrio|6/212 brn|[from] brn\n|upkeep\n|turn|26\n|inactive|Time left: 300 sec this turn | 300 sec total\n|\n|t:|1783569454\n|switch|p2a: Slither Wing|Slither Wing, L81|270/270\n|-terastallize|p1a: Volcanion|Fire\n|move|p1a: Volcanion|Flamethrower|p2a: Slither Wing\n|-supereffective|p2a: Slither Wing\n|-damage|p2a: Slither Wing|0 fnt\n|faint|p2a: Slither Wing\n|-end|p2a: Slither Wing|Protosynthesis|[silent]\n|\n|upkeep\n|inactive|Time left: 300 sec this turn | 300 sec total | 5 sec grace\n|\n|t:|1783569455\n|switch|p2a: Wugtrio|Wugtrio, L91, M|6/212 brn\n|turn|27\n|inactive|Time left: 300 sec this turn | 300 sec total\n|\n|t:|1783569456\n|move|p2a: Wugtrio|Aqua Jet|p1a: Volcanion\n|-immune|p1a: Volcanion|[from] ability: Water Absorb\n|move|p1a: Volcanion|Haze|p1a: Volcanion\n|-clearallboost\n|\n|-damage|p2a: Wugtrio|0 fnt|[from] brn\n|faint|p2a: Wugtrio\n|\n|win|p0x25442ef1", "uploadtime": 1783569456, "views": 0, "rating": 0, "private": 0, "password": null, "_winner": "p0x25442ef1", "_our_name": "p0y2544170f"}