{"id": "battle-gen9randombattle-1052", "formatid": "gen9randombattle", "format": "[Gen 9] Random Battle", "players": ["p0x10528e8f", "p0y105271ce"], "log": "|init|battle\n|title|p0x10528e8f vs. p0y105271ce\n|j|\u2606p0x10528e8f\n|j|\u2606p0y105271ce\n|t:|1783551378\n|gametype|singles\n|player|p1|p0x10528e8f|170|\n|player|p2|p0y105271ce|170|\n|gen|9\n|tier|[Gen 9] Random Battle\n|rule|Species Clause: Limit one of each Pok\u00e9mon\n|rule|HP Percentage Mod: HP is shown in percentages\n|rule|Sleep Clause Mod: Limit one foe put to sleep\n|rule|Illusion Level Mod: Illusion disguises the Pok\u00e9mon's true level\n|\n|t:|1783551378\n|teamsize|p1|6\n|teamsize|p2|6\n|start\n|switch|p1a: Sandaconda|Sandaconda, L84, F|100/100\n|switch|p2a: Zekrom|Zekrom, L71|259/259\n|-ability|p2a: Zekrom|Teravolt\n|turn|1\n|inactive|Battle timer is ON: inactive players will automatically lose when time's up. (requested by p0y105271ce)\n|inactive|p0x10528e8f also wants the timer to be on.\n|\n|t:|1783551379\n|move|p2a: Zekrom|Outrage|p1a: Sandaconda\n|-crit|p1a: Sandaconda\n|-damage|p1a: Sandaconda|44/100\n|move|p1a: Sandaconda|Earthquake|p2a: Zekrom\n|-supereffective|p2a: Zekrom\n|-damage|p2a: Zekrom|37/259\n|\n|-heal|p2a: Zekrom|53/259|[from] item: Leftovers\n|-heal|p1a: Sandaconda|50/100|[from] item: Leftovers\n|upkeep\n|turn|2\n|inactive|Time left: 300 sec this turn | 300 sec total\n|\n|t:|1783551381\n|switch|p1a: Lunala|Lunala, L70|100/100\n|move|p2a: Zekrom|Outrage|p1a: Lunala|[from] lockedmove\n|-damage|p1a: Lunala|77/100\n|-start|p2a: Zekrom|confusion|[fatigue]\n|\n|-heal|p1a: Lunala|83/100|[from] item: Leftovers\n|-heal|p2a: Zekrom|69/259|[from] item: Leftovers\n|upkeep\n|turn|3\n|inactive|Time left: 300 sec this turn | 300 sec total\n|\n|t:|1783551382\n|switch|p2a: Lokix|Lokix, L82, F|251/251\n|move|p1a: Lunala|Psyshock|p2a: Lokix\n|-immune|p2a: Lokix\n|\n|-heal|p1a: Lunala|89/100|[from] item: Leftovers\n|upkeep\n|turn|4\n|inactive|Time left: 300 sec this turn | 300 sec total\n|\n|t:|1783551383\n|switch|p1a: Lucario|Lucario, L84, M|100/100\n|move|p2a: Lokix|Knock Off|p1a: Lucario\n|-resisted|p1a: Lucario\n|-crit|p1a: Lucario\n|-damage|p1a: Lucario|12/100\n|-ability|p1a: Lucario|Justified|boost\n|-boost|p1a: Lucario|atk|1\n|-enditem|p1a: Lucario|Life Orb|[from] move: Knock Off|[of] p2a: Lokix\n|-damage|p2a: Lokix|226/251|[from] item: Life Orb\n|\n|upkeep\n|turn|5\n|inactive|Time left: 300 sec this turn | 300 sec total\n|\n|t:|1783551384\n|move|p2a: Lokix|Sucker Punch|p1a: Lucario\n|-resisted|p1a: Lucario\n|-damage|p1a: Lucario|0 fnt\n|faint|p1a: Lucario\n|-damage|p2a: Lokix|201/251|[from] item: Life Orb\n|\n|upkeep\n|\n|t:|1783551385\n|switch|p1a: Dachsbun|Dachsbun, L92, M|100/100\n|turn|6\n|inactive|Time left: 300 sec this turn | 300 sec total\n|\n|t:|1783551386\n|switch|p2a: Floatzel|Floatzel, L86, M|286/286\n|move|p1a: Dachsbun|Play Rough|p2a: Floatzel\n|-damage|p2a: Floatzel|142/286\n|\n|-heal|p2a: Floatzel|159/286|[from] item: Leftovers\n|upkeep\n|turn|7\n|inactive|Time left: 300 sec this turn | 300 sec total\n|\n|t:|1783551387\n|move|p2a: Floatzel|Bulk Up|p2a: Floatzel\n|-boost|p2a: Floatzel|atk|1\n|-boost|p2a: Floatzel|def|1\n|move|p1a: Dachsbun|Play Rough|p2a: Floatzel\n|-damage|p2a: Floatzel|63/286\n|\n|-heal|p2a: Floatzel|80/286|[from] item: Leftovers\n|upkeep\n|turn|8\n|inactive|Time left: 300 sec this turn | 300 sec total\n|\n|t:|1783551388\n|move|p2a: Floatzel|Bulk Up|p2a: Floatzel\n|-boost|p2a: Floatzel|atk|1\n|-boost|p2a: Floatzel|def|1\n|move|p1a: Dachsbun|Play Rough|p2a: Floatzel|[miss]\n|-miss|p1a: Dachsbun|p2a: Floatzel\n|\n|-heal|p2a: Floatzel|97/286|[from] item: Leftovers\n|upkeep\n|turn|9\n|inactive|Time left: 300 sec this turn | 300 sec total\n|\n|t:|1783551390\n|move|p2a: Floatzel|Ice Spinner|p1a: Dachsbun\n|-damage|p1a: Dachsbun|65/100\n|move|p1a: Dachsbun|Play Rough|p2a: Floatzel\n|-damage|p2a: Floatzel|31/286\n|-unboost|p2a: Floatzel|atk|1\n|\n|-heal|p2a: Floatzel|48/286|[from] item: Leftovers\n|-heal|p1a: Dachsbun|71/100|[from] item: Leftovers\n|upkeep\n|turn|10\n|inactive|Time left: 300 sec this turn | 300 sec total\n|\n|t:|1783551391\n|move|p2a: Floatzel|Bulk Up|p2a: Floatzel\n|-boost|p2a: Floatzel|atk|1\n|-boost|p2a: Floatzel|def|1\n|move|p1a: Dachsbun|Play Rough|p2a: Floatzel\n|-damage|p2a: Floatzel|0 fnt\n|faint|p2a: Floatzel\n|\n|-heal|p1a: Dachsbun|77/100|[from] item: Leftovers\n|upkeep\n|inactive|Time left: 300 sec this turn | 300 sec total | 5 sec grace\n|\n|t:|1783551392\n|switch|p2a: Lucario|Lucario, L84, F|255/255\n|turn|11\n|inactive|Time left: 300 sec this turn | 300 sec total\n|\n|t:|1783551393\n|move|p1a: Dachsbun|Body Press|p2a: Lucario\n|-supereffective|p2a: Lucario\n|-damage|p2a: Lucario|85/255\n|move|p2a: Lucario|Flash Cannon|p1a: Dachsbun\n|-supereffective|p1a: Dachsbun\n|-crit|p1a: Dachsbun\n|-damage|p1a: Dachsbun|0 fnt\n|faint|p1a: Dachsbun\n|-damage|p2a: Lucario|60/255|[from] item: Life Orb\n|\n|upkeep\n|\n|t:|1783551394\n|switch|p1a: Flareon|Flareon, L90, M|100/100\n|turn|12\n|inactive|Time left: 300 sec this turn | 300 sec total\n|\n|t:|1783551395\n|move|p2a: Lucario|Focus Blast|p1a: Flareon|[miss]\n|-miss|p2a: Lucario|p1a: Flareon\n|move|p1a: Flareon|Trailblaze|p2a: Lucario\n|-resisted|p2a: Lucario\n|-damage|p2a: Lucario|27/255\n|-boost|p1a: Flareon|spe|1\n|\n|-status|p1a: Flareon|tox|[from] item: Toxic Orb\n|upkeep\n|turn|13\n|inactive|Time left: 300 sec this turn | 300 sec total\n|\n|t:|1783551396\n|move|p2a: Lucario|Vacuum Wave|p1a: Flareon\n|-damage|p1a: Flareon|81/100 tox\n|-damage|p2a: Lucario|2/255|[from] item: Life Orb\n|move|p1a: Flareon|Facade|p2a: Lucario\n|-resisted|p2a: Lucario\n|-damage|p2a: Lucario|0 fnt\n|faint|p2a: Lucario\n|\n|-damage|p1a: Flareon|75/100 tox|[from] psn\n|upkeep\n|inactive|Time left: 300 sec this turn | 300 sec total | 5 sec grace\n|\n|t:|1783551397\n|switch|p2a: Lokix|Lokix, L82, F|201/251\n|turn|14\n|inactive|Time left: 300 sec this turn | 300 sec total\n|\n|t:|1783551398\n|-terastallize|p2a: Lokix|Bug\n|move|p2a: Lokix|First Impression|p1a: Flareon\n|-resisted|p1a: Flareon\n|-damage|p1a: Flareon|0 fnt\n|faint|p1a: Flareon\n|-damage|p2a: Lokix|176/251|[from] item: Life Orb\n|\n|upkeep\n|\n|t:|1783551399\n|switch|p1a: Gengar|Gengar, L81, M|100/100\n|turn|15\n|inactive|Time left: 300 sec this turn | 300 sec total\n|\n|t:|1783551400\n|move|p2a: Lokix|Sucker Punch||[still]\n|-fail|p2a: Lokix\n|move|p1a: Gengar|Encore|p2a: Lokix\n|-start|p2a: Lokix|Encore\n|\n|upkeep\n|turn|16\n|inactive|Time left: 300 sec this turn | 300 sec total\n|\n|t:|1783551401\n|switch|p1a: Lunala|Lunala, L70|89/100\n|switch|p2a: Regidrago|Regidrago, L77|435/435\n|\n|-heal|p1a: Lunala|96/100|[from] item: Leftovers\n|upkeep\n|turn|17\n|inactive|Time left: 300 sec this turn | 300 sec total\n|\n|t:|1783551402\n|-terastallize|p1a: Lunala|Fairy\n|move|p1a: Lunala|Calm Mind|p1a: Lunala\n|-boost|p1a: Lunala|spa|1\n|-boost|p1a: Lunala|spd|1\n|move|p2a: Regidrago|Outrage|p1a: Lunala\n|-immune|p1a: Lunala\n|\n|-heal|p1a: Lunala|100/100|[from] item: Leftovers\n|upkeep\n|turn|18\n|inactive|Time left: 300 sec this turn | 300 sec total\n|\n|t:|1783551403\n|move|p1a: Lunala|Moongeist Beam|p2a: Regidrago\n|-damage|p2a: Regidrago|192/435\n|move|p2a: Regidrago|Dragon Dance|p2a: Regidrago\n|-boost|p2a: Regidrago|atk|1\n|-boost|p2a: Regidrago|spe|1\n|\n|upkeep\n|turn|19\n|inactive|Time left: 300 sec this turn | 300 sec total\n|\n|t:|1783551404\n|move|p2a: Regidrago|Earthquake|p1a: Lunala\n|-damage|p1a: Lunala|83/100\n|move|p1a: Lunala|Moongeist Beam|p2a: Regidrago\n|-damage|p2a: Regidrago|0 fnt\n|faint|p2a: Regidrago\n|\n|-heal|p1a: Lunala|89/100|[from] item: Leftovers\n|upkeep\n|inactive|Time left: 300 sec this turn | 300 sec total | 5 sec grace\n|\n|t:|1783551405\n|switch|p2a: Excadrill|Excadrill, L79, M|303/303\n|-ability|p2a: Excadrill|Mold Breaker\n|turn|20\n|inactive|Time left: 300 sec this turn | 300 sec total\n|\n|t:|1783551406\n|move|p2a: Excadrill|Iron Head|p1a: Lunala\n|-supereffective|p1a: Lunala\n|-damage|p1a: Lunala|16/100\n|move|p1a: Lunala|Moongeist Beam|p2a: Excadrill\n|-damage|p2a: Excadrill|177/303\n|\n|-heal|p1a: Lunala|22/100|[from] item: Leftovers\n|upkeep\n|turn|21\n|inactive|Time left: 300 sec this turn | 300 sec total\n|\n|t:|1783551407\n|move|p2a: Excadrill|Earthquake|p1a: Lunala\n|-damage|p1a: Lunala|0 fnt\n|faint|p1a: Lunala\n|\n|upkeep\n|\n|t:|1783551408\n|switch|p1a: Gengar|Gengar, L81, M|100/100\n|turn|22\n|inactive|Time left: 300 sec this turn | 300 sec total\n|\n|t:|1783551409\n|move|p1a: Gengar|Focus Blast|p2a: Excadrill|[miss]\n|-miss|p1a: Gengar|p2a: Excadrill\n|move|p2a: Excadrill|Earthquake|p1a: Gengar\n|-supereffective|p1a: Gengar\n|-damage|p1a: Gengar|0 fnt\n|faint|p1a: Gengar\n|\n|upkeep\n|\n|t:|1783551410\n|switch|p1a: Sandaconda|Sandaconda, L84, F|50/100\n|turn|23\n|inactive|Time left: 300 sec this turn | 300 sec total\n|\n|t:|1783551411\n|move|p2a: Excadrill|Iron Head|p1a: Sandaconda\n|-damage|p1a: Sandaconda|20/100\n|move|p1a: Sandaconda|Glare|p2a: Excadrill\n|-status|p2a: Excadrill|par\n|\n|-heal|p1a: Sandaconda|26/100|[from] item: Leftovers\n|upkeep\n|turn|24\n|inactive|Time left: 300 sec this turn | 300 sec total\n|\n|t:|1783551412\n|switch|p2a: Zekrom|Zekrom, L71|69/259\n|-ability|p2a: Zekrom|Teravolt\n|move|p1a: Sandaconda|Stone Edge|p2a: Zekrom|[miss]\n|-miss|p1a: Sandaconda|p2a: Zekrom\n|\n|-heal|p2a: Zekrom|85/259|[from] item: Leftovers\n|-heal|p1a: Sandaconda|33/100|[from] item: Leftovers\n|upkeep\n|turn|25\n|inactive|Time left: 300 sec this turn | 300 sec total\n|\n|t:|1783551413\n|move|p2a: Zekrom|Outrage|p1a: Sandaconda\n|-damage|p1a: Sandaconda|0 fnt\n|faint|p1a: Sandaconda\n|\n|win|p0y105271ce", "uploadtime": 1783551413, "views": 0, "rating": 0, "private": 0, "password": null, "_winner": "p0y105271ce", "_our_name": "p0y105271ce"}