{"id": "battle-gen9randombattle-23", "formatid": "gen9randombattle", "format": "[Gen 9] Random Battle", "players": ["p0x023cab7", "p0y023acbc"], "log": "|init|battle\n|title|p0x023cab7 vs. p0y023acbc\n|j|\u2606p0x023cab7\n|j|\u2606p0y023acbc\n|t:|1783533527\n|gametype|singles\n|player|p1|p0x023cab7|170|\n|player|p2|p0y023acbc|102|\n|gen|9\n|tier|[Gen 9] Random Battle\n|rule|Species Clause: Limit one of each Pok\u00e9mon\n|rule|HP Percentage Mod: HP is shown in percentages\n|rule|Sleep Clause Mod: Limit one foe put to sleep\n|rule|Illusion Level Mod: Illusion disguises the Pok\u00e9mon's true level\n|\n|t:|1783533527\n|teamsize|p1|6\n|teamsize|p2|6\n|start\n|switch|p1a: Dragonite|Dragonite, L74, M|100/100\n|switch|p2a: Crawdaunt|Crawdaunt, L84, F|243/243\n|turn|1\n|inactive|Battle timer is ON: inactive players will automatically lose when time's up. (requested by p0x023cab7)\n|inactive|Time left: 300 sec this turn | 300 sec total | 60 sec grace\n|inactive|p0y023acbc also wants the timer to be on.\n|\n|t:|1783533528\n|switch|p2a: Golem|Golem-Alola, L93, M|300/300\n|move|p1a: Dragonite|Outrage|p2a: Golem\n|-damage|p2a: Golem|213/300\n|\n|upkeep\n|turn|2\n|inactive|Time left: 300 sec this turn | 300 sec total\n|\n|t:|1783533529\n|move|p1a: Dragonite|Outrage|p2a: Golem|[from] lockedmove\n|-damage|p2a: Golem|128/300\n|-start|p1a: Dragonite|confusion|[fatigue]\n|move|p2a: Golem|Stone Edge|p1a: Dragonite\n|-supereffective|p1a: Dragonite\n|-damage|p1a: Dragonite|0 fnt\n|faint|p1a: Dragonite\n|\n|upkeep\n|\n|t:|1783533530\n|switch|p1a: Pincurchin|Pincurchin, M|100/100\n|-fieldstart|move: Electric Terrain|[from] ability: Electric Surge|[of] p1a: Pincurchin\n|turn|3\n|inactive|Time left: 300 sec this turn | 300 sec total\n|\n|t:|1783533531\n|move|p2a: Golem|Stone Edge|p1a: Pincurchin\n|-damage|p1a: Pincurchin|24/100\n|move|p1a: Pincurchin|Scald|p2a: Golem\n|-supereffective|p2a: Golem\n|-damage|p2a: Golem|0 fnt\n|faint|p2a: Golem\n|\n|-heal|p1a: Pincurchin|30/100|[from] item: Leftovers\n|upkeep\n|inactive|Time left: 300 sec this turn | 300 sec total | 5 sec grace\n|\n|t:|1783533532\n|switch|p2a: Clawitzer|Clawitzer, L87, M|265/265\n|turn|4\n|inactive|Time left: 300 sec this turn | 300 sec total\n|\n|t:|1783533533\n|switch|p1a: Articuno|Articuno-Galar, L84|100/100\n|move|p2a: Clawitzer|Aura Sphere|p1a: Articuno\n|-resisted|p1a: Articuno\n|-damage|p1a: Articuno|87/100\n|\n|upkeep\n|turn|5\n|inactive|Time left: 300 sec this turn | 300 sec total\n|\n|t:|1783533534\n|move|p1a: Articuno|Hurricane|p2a: Clawitzer\n|-damage|p2a: Clawitzer|141/265\n|move|p2a: Clawitzer|Aura Sphere|p1a: Articuno\n|-resisted|p1a: Articuno\n|-damage|p1a: Articuno|76/100\n|\n|upkeep\n|turn|6\n|inactive|Time left: 300 sec this turn | 300 sec total\n|\n|t:|1783533535\n|move|p1a: Articuno|Calm Mind|p1a: Articuno\n|-boost|p1a: Articuno|spa|1\n|-boost|p1a: Articuno|spd|1\n|move|p2a: Clawitzer|Aura Sphere|p1a: Articuno\n|-resisted|p1a: Articuno\n|-damage|p1a: Articuno|67/100\n|\n|upkeep\n|turn|7\n|inactive|Time left: 300 sec this turn | 300 sec total\n|\n|t:|1783533536\n|switch|p2a: Skuntank|Skuntank, L84, M|310/310\n|move|p1a: Articuno|Hurricane|p2a: Skuntank\n|-damage|p2a: Skuntank|42/310\n|\n|-fieldend|move: Electric Terrain\n|upkeep\n|turn|8\n|inactive|Time left: 300 sec this turn | 300 sec total\n|\n|t:|1783533538\n|move|p1a: Articuno|Hurricane|p2a: Skuntank|[miss]\n|-miss|p1a: Articuno|p2a: Skuntank\n|move|p2a: Skuntank|Knock Off|p1a: Articuno\n|-supereffective|p1a: Articuno\n|-damage|p1a: Articuno|0 fnt\n|-enditem|p1a: Articuno|Heavy-Duty Boots|[from] move: Knock Off|[of] p2a: Skuntank\n|faint|p1a: Articuno\n|-damage|p2a: Skuntank|11/310|[from] item: Life Orb\n|\n|upkeep\n|\n|t:|1783533538\n|switch|p1a: Persian|Persian-Alola, L86, F|100/100\n|turn|9\n|inactive|Time left: 300 sec this turn | 300 sec total\n|\n|t:|1783533539\n|switch|p2a: Squawkabilly|Squawkabilly-Blue, L85, F|278/278\n|move|p1a: Persian|Nasty Plot|p1a: Persian\n|-boost|p1a: Persian|spa|2\n|\n|-status|p2a: Squawkabilly|brn|[from] item: Flame Orb\n|upkeep\n|turn|10\n|inactive|Time left: 300 sec this turn | 300 sec total\n|\n|t:|1783533540\n|switch|p2a: Skuntank|Skuntank, L84, M|11/310\n|move|p1a: Persian|Dark Pulse|p2a: Skuntank\n|-resisted|p2a: Skuntank\n|-damage|p2a: Skuntank|0 fnt\n|faint|p2a: Skuntank\n|-damage|p1a: Persian|91/100|[from] item: Life Orb\n|\n|upkeep\n|inactive|Time left: 300 sec this turn | 300 sec total | 5 sec grace\n|\n|t:|1783533541\n|switch|p2a: Clawitzer|Clawitzer, L87, M|141/265\n|turn|11\n|inactive|Time left: 300 sec this turn | 300 sec total\n|\n|t:|1783533542\n|-terastallize|p2a: Clawitzer|Fighting\n|move|p1a: Persian|Dark Pulse|p2a: Clawitzer\n|-resisted|p2a: Clawitzer\n|-crit|p2a: Clawitzer\n|-damage|p2a: Clawitzer|1/265\n|-damage|p1a: Persian|81/100|[from] item: Life Orb\n|move|p2a: Clawitzer|Water Pulse|p1a: Persian\n|-damage|p1a: Persian|0 fnt\n|faint|p1a: Persian\n|\n|upkeep\n|\n|t:|1783533543\n|switch|p1a: Dewgong|Dewgong, L94, M|100/100\n|turn|12\n|inactive|Time left: 300 sec this turn | 300 sec total\n|\n|t:|1783533544\n|switch|p2a: Crawdaunt|Crawdaunt, L84, F|243/243\n|move|p1a: Dewgong|Triple Axel|p2a: Crawdaunt|[miss]\n|-miss|p1a: Dewgong|p2a: Crawdaunt\n|\n|upkeep\n|turn|13\n|inactive|Time left: 300 sec this turn | 300 sec total\n|\n|t:|1783533545\n|move|p1a: Dewgong|Surf|p2a: Crawdaunt\n|-resisted|p2a: Crawdaunt\n|-damage|p2a: Crawdaunt|183/243\n|move|p2a: Crawdaunt|Knock Off|p1a: Dewgong\n|-damage|p1a: Dewgong|36/100\n|-enditem|p1a: Dewgong|Heavy-Duty Boots|[from] move: Knock Off|[of] p2a: Crawdaunt\n|-damage|p2a: Crawdaunt|159/243|[from] item: Life Orb\n|\n|upkeep\n|turn|14\n|inactive|Time left: 300 sec this turn | 300 sec total\n|\n|t:|1783533546\n|move|p1a: Dewgong|Triple Axel|p2a: Crawdaunt\n|-resisted|p2a: Crawdaunt\n|-damage|p2a: Crawdaunt|147/243\n|-resisted|p2a: Crawdaunt\n|-damage|p2a: Crawdaunt|126/243\n|-resisted|p2a: Crawdaunt\n|-damage|p2a: Crawdaunt|96/243\n|-hitcount|p2a: Crawdaunt|3\n|move|p2a: Crawdaunt|Dragon Dance|p2a: Crawdaunt\n|-boost|p2a: Crawdaunt|atk|1\n|-boost|p2a: Crawdaunt|spe|1\n|\n|upkeep\n|turn|15\n|inactive|Time left: 300 sec this turn | 300 sec total\n|\n|t:|1783533547\n|move|p2a: Crawdaunt|Knock Off|p1a: Dewgong\n|-damage|p1a: Dewgong|0 fnt\n|faint|p1a: Dewgong\n|-damage|p2a: Crawdaunt|72/243|[from] item: Life Orb\n|\n|upkeep\n|\n|t:|1783533548\n|switch|p1a: Bastiodon|Bastiodon, L89, M|100/100\n|turn|16\n|inactive|Time left: 300 sec this turn | 300 sec total\n|\n|t:|1783533549\n|-terastallize|p1a: Bastiodon|Fighting\n|move|p2a: Crawdaunt|Crabhammer|p1a: Bastiodon\n|-damage|p1a: Bastiodon|29/100\n|-damage|p2a: Crawdaunt|48/243|[from] item: Life Orb\n|move|p1a: Bastiodon|Rest|p1a: Bastiodon\n|-status|p1a: Bastiodon|slp|[from] move: Rest\n|-heal|p1a: Bastiodon|100/100 slp|[silent]\n|-enditem|p1a: Bastiodon|Chesto Berry|[eat]\n|-curestatus|p1a: Bastiodon|slp|[msg]\n|\n|upkeep\n|turn|17\n|inactive|Time left: 300 sec this turn | 300 sec total\n|\n|t:|1783533550\n|move|p2a: Crawdaunt|Crabhammer|p1a: Bastiodon\n|-damage|p1a: Bastiodon|31/100\n|-damage|p2a: Crawdaunt|24/243|[from] item: Life Orb\n|move|p1a: Bastiodon|Rest|p1a: Bastiodon\n|-status|p1a: Bastiodon|slp|[from] move: Rest\n|-heal|p1a: Bastiodon|100/100 slp|[silent]\n|\n|upkeep\n|turn|18\n|inactive|Time left: 300 sec this turn | 300 sec total\n|\n|t:|1783533551\n|move|p2a: Crawdaunt|Crabhammer|p1a: Bastiodon\n|-crit|p1a: Bastiodon\n|-damage|p1a: Bastiodon|0 fnt\n|faint|p1a: Bastiodon\n|-damage|p2a: Crawdaunt|0 fnt|[from] item: Life Orb\n|faint|p2a: Crawdaunt\n|\n|upkeep\n|inactive|Time left: 300 sec this turn | 300 sec total | 5 sec grace\n|\n|t:|1783533552\n|switch|p2a: Clawitzer|Clawitzer, L87, M, tera:Fighting|1/265\n|switch|p1a: Pincurchin|Pincurchin, M|30/100\n|-fieldstart|move: Electric Terrain|[from] ability: Electric Surge|[of] p1a: Pincurchin\n|turn|19\n|inactive|Time left: 300 sec this turn | 300 sec total\n|\n|t:|1783533553\n|move|p2a: Clawitzer|Dark Pulse|p1a: Pincurchin\n|-damage|p1a: Pincurchin|0 fnt\n|faint|p1a: Pincurchin\n|\n|win|p0y023acbc", "uploadtime": 1783533553, "views": 0, "rating": 0, "private": 0, "password": null, "_winner": "p0y023acbc", "_our_name": "p0y023acbc"}