{"id": "battle-gen9randombattle-2109", "formatid": "gen9randombattle", "format": "[Gen 9] Random Battle", "players": ["p0x210999c2", "p0y21096c1a"], "log": "|init|battle\n|title|p0x210999c2 vs. p0y21096c1a\n|j|\u2606p0x210999c2\n|j|\u2606p0y21096c1a\n|t:|1783564418\n|gametype|singles\n|player|p1|p0x210999c2|266|\n|player|p2|p0y21096c1a|2|\n|gen|9\n|tier|[Gen 9] Random Battle\n|rule|Species Clause: Limit one of each Pok\u00e9mon\n|rule|HP Percentage Mod: HP is shown in percentages\n|rule|Sleep Clause Mod: Limit one foe put to sleep\n|rule|Illusion Level Mod: Illusion disguises the Pok\u00e9mon's true level\n|\n|t:|1783564418\n|teamsize|p1|6\n|teamsize|p2|6\n|start\n|switch|p1a: Jolteon|Jolteon, L84, F|100/100\n|switch|p2a: Dedenne|Dedenne, L88, M|261/261\n|turn|1\n|inactive|Battle timer is ON: inactive players will automatically lose when time's up. (requested by p0y21096c1a)\n|inactive|p0x210999c2 also wants the timer to be on.\n|\n|t:|1783564420\n|move|p1a: Jolteon|Thunderbolt|p2a: Dedenne\n|-resisted|p2a: Dedenne\n|-damage|p2a: Dedenne|198/261\n|move|p2a: Dedenne|Super Fang|p1a: Jolteon\n|-damage|p1a: Jolteon|50/100\n|\n|upkeep\n|turn|2\n|inactive|Time left: 300 sec this turn | 300 sec total\n|\n|t:|1783564421\n|move|p1a: Jolteon|Calm Mind|p1a: Jolteon\n|-boost|p1a: Jolteon|spa|1\n|-boost|p1a: Jolteon|spd|1\n|move|p2a: Dedenne|Super Fang|p1a: Jolteon\n|-damage|p1a: Jolteon|26/100\n|\n|upkeep\n|turn|3\n|inactive|Time left: 300 sec this turn | 300 sec total\n|\n|t:|1783564422\n|move|p1a: Jolteon|Thunderbolt|p2a: Dedenne\n|-resisted|p2a: Dedenne\n|-damage|p2a: Dedenne|108/261\n|-enditem|p2a: Dedenne|Sitrus Berry|[eat]\n|-heal|p2a: Dedenne|173/261|[from] item: Sitrus Berry\n|-heal|p2a: Dedenne|260/261|[from] ability: Cheek Pouch\n|move|p2a: Dedenne|U-turn|p1a: Jolteon\n|-damage|p1a: Jolteon|6/100\n|inactive|Time left: 300 sec this turn | 300 sec total | 5 sec grace\n|\n|t:|1783564423\n|switch|p2a: Tsareena|Tsareena, L87, F|267/267|[from] U-turn\n|\n|upkeep\n|turn|4\n|inactive|Time left: 300 sec this turn | 300 sec total\n|\n|t:|1783564424\n|move|p1a: Jolteon|Alluring Voice|p2a: Tsareena\n|-crit|p2a: Tsareena\n|-damage|p2a: Tsareena|188/267\n|move|p2a: Tsareena|Triple Axel|p1a: Jolteon\n|-damage|p1a: Jolteon|0 fnt\n|faint|p1a: Jolteon\n|-hitcount|p1: Jolteon|1\n|\n|upkeep\n|\n|t:|1783564425\n|switch|p1a: Overqwil|Overqwil, L82, M|100/100\n|-ability|p1a: Overqwil|Intimidate|boost\n|-unboost|p2a: Tsareena|atk|1\n|turn|5\n|inactive|Time left: 300 sec this turn | 300 sec total\n|\n|t:|1783564426\n|switch|p2a: Magcargo|Magcargo, L95, M|268/268\n|move|p1a: Overqwil|Swords Dance|p1a: Overqwil\n|-boost|p1a: Overqwil|atk|2\n|\n|upkeep\n|turn|6\n|inactive|Time left: 300 sec this turn | 300 sec total\n|\n|t:|1783564427\n|move|p1a: Overqwil|Scale Shot|p2a: Magcargo\n|-damage|p2a: Magcargo|238/268\n|-ability|p2a: Magcargo|Weak Armor|boost\n|-unboost|p2a: Magcargo|def|1\n|-boost|p2a: Magcargo|spe|2\n|-damage|p2a: Magcargo|201/268\n|-ability|p2a: Magcargo|Weak Armor|boost\n|-unboost|p2a: Magcargo|def|1\n|-boost|p2a: Magcargo|spe|2\n|-crit|p2a: Magcargo\n|-damage|p2a: Magcargo|119/268\n|-ability|p2a: Magcargo|Weak Armor|boost\n|-unboost|p2a: Magcargo|def|1\n|-boost|p2a: Magcargo|spe|2\n|-damage|p2a: Magcargo|55/268\n|-ability|p2a: Magcargo|Weak Armor|boost\n|-unboost|p2a: Magcargo|def|1\n|-hitcount|p2a: Magcargo|4\n|-unboost|p1a: Overqwil|def|1\n|-boost|p1a: Overqwil|spe|1\n|move|p2a: Magcargo|Shell Smash|p2a: Magcargo\n|-unboost|p2a: Magcargo|def|1\n|-unboost|p2a: Magcargo|spd|1\n|-boost|p2a: Magcargo|atk|2\n|-boost|p2a: Magcargo|spa|2\n|-boost|p2a: Magcargo|spe|0\n|\n|upkeep\n|turn|7\n|inactive|Time left: 300 sec this turn | 300 sec total\n|\n|t:|1783564428\n|-terastallize|p1a: Overqwil|Dragon\n|move|p2a: Magcargo|Power Gem|p1a: Overqwil\n|-crit|p1a: Overqwil\n|-damage|p1a: Overqwil|0 fnt\n|faint|p1a: Overqwil\n|\n|upkeep\n|\n|t:|1783564428\n|switch|p1a: Breloom|Breloom, L83, M|100/100\n|turn|8\n|inactive|Time left: 300 sec this turn | 300 sec total\n|\n|t:|1783564430\n|move|p1a: Breloom|Mach Punch|p2a: Magcargo\n|-supereffective|p2a: Magcargo\n|-damage|p2a: Magcargo|0 fnt\n|faint|p2a: Magcargo\n|-damage|p1a: Breloom|91/100|[from] item: Life Orb\n|\n|upkeep\n|inactive|Time left: 300 sec this turn | 300 sec total | 5 sec grace\n|\n|t:|1783564430\n|switch|p2a: Tsareena|Tsareena, L87, F|188/267\n|turn|9\n|inactive|Time left: 300 sec this turn | 300 sec total\n|\n|t:|1783564431\n|switch|p1a: Skeledirge|Skeledirge, L79, F|100/100\n|move|p2a: Tsareena|Triple Axel|p1a: Skeledirge\n|-resisted|p1a: Skeledirge\n|-damage|p1a: Skeledirge|98/100\n|-resisted|p1a: Skeledirge\n|-damage|p1a: Skeledirge|92/100\n|-resisted|p1a: Skeledirge\n|-damage|p1a: Skeledirge|84/100\n|-hitcount|p1a: Skeledirge|3\n|\n|upkeep\n|turn|10\n|inactive|Time left: 300 sec this turn | 300 sec total\n|\n|t:|1783564432\n|switch|p2a: Clawitzer|Clawitzer, L87, M|265/265\n|move|p1a: Skeledirge|Torch Song|p2a: Clawitzer\n|-resisted|p2a: Clawitzer\n|-damage|p2a: Clawitzer|238/265\n|-boost|p1a: Skeledirge|spa|1\n|\n|upkeep\n|turn|11\n|inactive|Time left: 300 sec this turn | 300 sec total\n|\n|t:|1783564433\n|switch|p1a: Breloom|Breloom, L83, M|91/100\n|move|p2a: Clawitzer|Water Pulse|p1a: Breloom\n|-resisted|p1a: Breloom\n|-damage|p1a: Breloom|60/100\n|\n|upkeep\n|turn|12\n|inactive|Time left: 300 sec this turn | 300 sec total\n|\n|t:|1783564434\n|switch|p2a: Tsareena|Tsareena, L87, F|188/267\n|move|p1a: Breloom|Bullet Seed|p2a: Tsareena\n|-resisted|p2a: Tsareena\n|-damage|p2a: Tsareena|157/267\n|-resisted|p2a: Tsareena\n|-damage|p2a: Tsareena|131/267\n|-resisted|p2a: Tsareena\n|-damage|p2a: Tsareena|104/267\n|-hitcount|p2a: Tsareena|3\n|-damage|p1a: Breloom|50/100|[from] item: Life Orb\n|\n|upkeep\n|turn|13\n|inactive|Time left: 300 sec this turn | 300 sec total\n|\n|t:|1783564435\n|switch|p1a: Skeledirge|Skeledirge, L79, F|84/100\n|move|p2a: Tsareena|Triple Axel|p1a: Skeledirge\n|-resisted|p1a: Skeledirge\n|-damage|p1a: Skeledirge|81/100\n|-resisted|p1a: Skeledirge\n|-damage|p1a: Skeledirge|75/100\n|-resisted|p1a: Skeledirge\n|-damage|p1a: Skeledirge|66/100\n|-hitcount|p1a: Skeledirge|3\n|\n|upkeep\n|turn|14\n|inactive|Time left: 300 sec this turn | 300 sec total\n|\n|t:|1783564436\n|switch|p2a: Clawitzer|Clawitzer, L87, M|238/265\n|switch|p1a: Breloom|Breloom, L83, M|50/100\n|\n|upkeep\n|turn|15\n|inactive|Time left: 300 sec this turn | 300 sec total\n|\n|t:|1783564437\n|-terastallize|p2a: Clawitzer|Dragon\n|move|p1a: Breloom|Spore|p2a: Clawitzer\n|-status|p2a: Clawitzer|slp|[from] move: Spore\n|cant|p2a: Clawitzer|slp\n|\n|upkeep\n|turn|16\n|inactive|Time left: 300 sec this turn | 300 sec total\n|\n|t:|1783564439\n|move|p1a: Breloom|Rock Tomb|p2a: Clawitzer\n|-damage|p2a: Clawitzer|137/265 slp\n|-unboost|p2a: Clawitzer|spe|1\n|-damage|p1a: Breloom|40/100|[from] item: Life Orb\n|-curestatus|p2a: Clawitzer|slp|[msg]\n|move|p2a: Clawitzer|Dragon Pulse|p1a: Breloom\n|-damage|p1a: Breloom|0 fnt\n|faint|p1a: Breloom\n|\n|upkeep\n|\n|t:|1783564440\n|switch|p1a: Dugtrio|Dugtrio, L84, F|100/100\n|turn|17\n|inactive|Time left: 300 sec this turn | 300 sec total\n|\n|t:|1783564441\n|move|p1a: Dugtrio|Earthquake|p2a: Clawitzer\n|-crit|p2a: Clawitzer\n|-damage|p2a: Clawitzer|0 fnt\n|faint|p2a: Clawitzer\n|\n|upkeep\n|inactive|Time left: 300 sec this turn | 300 sec total | 5 sec grace\n|\n|t:|1783564442\n|switch|p2a: Mimikyu|Mimikyu, L79, M|216/216\n|turn|18\n|inactive|Time left: 300 sec this turn | 300 sec total\n|\n|t:|1783564443\n|move|p1a: Dugtrio|Earthquake|p2a: Mimikyu\n|-activate|p2a: Mimikyu|ability: Disguise\n|-damage|p2a: Mimikyu|216/216\n|detailschange|p2a: Mimikyu|Mimikyu-Busted, L79, M\n|-damage|p2a: Mimikyu|189/216|[from] pokemon: Mimikyu-Busted\n|move|p2a: Mimikyu|Play Rough|p1a: Dugtrio\n|-damage|p1a: Dugtrio|22/100\n|-damage|p2a: Mimikyu|168/216|[from] item: Life Orb\n|\n|upkeep\n|turn|19\n|inactive|Time left: 300 sec this turn | 300 sec total\n|\n|t:|1783564444\n|move|p2a: Mimikyu|Shadow Sneak|p1a: Dugtrio\n|-damage|p1a: Dugtrio|0 fnt\n|faint|p1a: Dugtrio\n|-damage|p2a: Mimikyu|147/216|[from] item: Life Orb\n|\n|upkeep\n|\n|t:|1783564444\n|switch|p1a: Skeledirge|Skeledirge, L79, F|66/100\n|turn|20\n|inactive|Time left: 300 sec this turn | 300 sec total\n|\n|t:|1783564445\n|move|p2a: Mimikyu|Shadow Claw|p1a: Skeledirge\n|-supereffective|p1a: Skeledirge\n|-damage|p1a: Skeledirge|15/100\n|-damage|p2a: Mimikyu|126/216|[from] item: Life Orb\n|move|p1a: Skeledirge|Slack Off|p1a: Skeledirge\n|-heal|p1a: Skeledirge|65/100\n|\n|upkeep\n|turn|21\n|inactive|Time left: 300 sec this turn | 300 sec total\n|\n|t:|1783564446\n|move|p2a: Mimikyu|Shadow Claw|p1a: Skeledirge\n|-supereffective|p1a: Skeledirge\n|-damage|p1a: Skeledirge|15/100\n|-damage|p2a: Mimikyu|105/216|[from] item: Life Orb\n|move|p1a: Skeledirge|Slack Off|p1a: Skeledirge\n|-heal|p1a: Skeledirge|65/100\n|\n|upkeep\n|turn|22\n|inactive|Time left: 300 sec this turn | 300 sec total\n|\n|t:|1783564447\n|move|p2a: Mimikyu|Shadow Claw|p1a: Skeledirge\n|-supereffective|p1a: Skeledirge\n|-damage|p1a: Skeledirge|11/100\n|-damage|p2a: Mimikyu|84/216|[from] item: Life Orb\n|move|p1a: Skeledirge|Slack Off|p1a: Skeledirge\n|-heal|p1a: Skeledirge|61/100\n|\n|upkeep\n|turn|23\n|inactive|Time left: 300 sec this turn | 300 sec total\n|\n|t:|1783564448\n|move|p2a: Mimikyu|Shadow Claw|p1a: Skeledirge\n|-supereffective|p1a: Skeledirge\n|-damage|p1a: Skeledirge|7/100\n|-damage|p2a: Mimikyu|63/216|[from] item: Life Orb\n|move|p1a: Skeledirge|Slack Off|p1a: Skeledirge\n|-heal|p1a: Skeledirge|57/100\n|\n|upkeep\n|turn|24\n|inactive|Time left: 300 sec this turn | 300 sec total\n|\n|t:|1783564449\n|move|p2a: Mimikyu|Shadow Claw|p1a: Skeledirge\n|-supereffective|p1a: Skeledirge\n|-damage|p1a: Skeledirge|3/100\n|-damage|p2a: Mimikyu|42/216|[from] item: Life Orb\n|move|p1a: Skeledirge|Slack Off|p1a: Skeledirge\n|-heal|p1a: Skeledirge|53/100\n|\n|upkeep\n|turn|25\n|inactive|Time left: 300 sec this turn | 300 sec total\n|\n|t:|1783564450\n|move|p2a: Mimikyu|Shadow Claw|p1a: Skeledirge\n|-supereffective|p1a: Skeledirge\n|-damage|p1a: Skeledirge|1/100\n|-damage|p2a: Mimikyu|21/216|[from] item: Life Orb\n|move|p1a: Skeledirge|Torch Song|p2a: Mimikyu\n|-damage|p2a: Mimikyu|0 fnt\n|-boost|p1a: Skeledirge|spa|1\n|faint|p2a: Mimikyu\n|\n|upkeep\n|inactive|Time left: 300 sec this turn | 300 sec total | 5 sec grace\n|\n|t:|1783564451\n|switch|p2a: Dedenne|Dedenne, L88, M|260/261\n|turn|26\n|inactive|Time left: 300 sec this turn | 300 sec total\n|\n|t:|1783564452\n|move|p2a: Dedenne|U-turn|p1a: Skeledirge\n|-resisted|p1a: Skeledirge\n|-damage|p1a: Skeledirge|0 fnt\n|faint|p1a: Skeledirge\n|inactive|Time left: 300 sec this turn | 300 sec total | 5 sec grace\n|\n|t:|1783564453\n|switch|p2a: Cobalion|Cobalion, L80|277/277|[from] U-turn\n|\n|upkeep\n|\n|t:|1783564454\n|switch|p1a: Oricorio|Oricorio-Pa'u, L87, M|100/100\n|turn|27\n|inactive|Time left: 300 sec this turn | 300 sec total\n|\n|t:|1783564455\n|move|p2a: Cobalion|Swords Dance|p2a: Cobalion\n|-boost|p2a: Cobalion|atk|2\n|-activate|p1a: Oricorio|ability: Dancer\n|move|p1a: Oricorio|Swords Dance|p1a: Oricorio|[from] ability: Dancer\n|-boost|p1a: Oricorio|atk|2\n|move|p1a: Oricorio|Quiver Dance|p1a: Oricorio\n|-boost|p1a: Oricorio|spa|1\n|-boost|p1a: Oricorio|spd|1\n|-boost|p1a: Oricorio|spe|1\n|\n|upkeep\n|turn|28\n|inactive|Time left: 300 sec this turn | 300 sec total\n|\n|t:|1783564455\n|move|p1a: Oricorio|Revelation Dance|p2a: Cobalion\n|-damage|p2a: Cobalion|102/277\n|move|p2a: Cobalion|Stone Edge|p1a: Oricorio\n|-supereffective|p1a: Oricorio\n|-damage|p1a: Oricorio|0 fnt\n|faint|p1a: Oricorio\n|-damage|p2a: Cobalion|75/277|[from] item: Life Orb\n|\n|win|p0y21096c1a", "uploadtime": 1783564455, "views": 0, "rating": 0, "private": 0, "password": null, "_winner": "p0y21096c1a", "_our_name": "p0y21096c1a"}