{"id": "battle-gen9randombattle-26", "formatid": "gen9randombattle", "format": "[Gen 9] Random Battle", "players": ["p0x0260eb0", "p0y026f3be"], "log": "|init|battle\n|title|p0x0260eb0 vs. p0y026f3be\n|j|\u2606p0x0260eb0\n|j|\u2606p0y026f3be\n|t:|1783533560\n|gametype|singles\n|player|p1|p0x0260eb0|170|\n|player|p2|p0y026f3be|1|\n|gen|9\n|tier|[Gen 9] Random Battle\n|rule|Species Clause: Limit one of each Pok\u00e9mon\n|rule|HP Percentage Mod: HP is shown in percentages\n|rule|Sleep Clause Mod: Limit one foe put to sleep\n|rule|Illusion Level Mod: Illusion disguises the Pok\u00e9mon's true level\n|\n|t:|1783533560\n|teamsize|p1|6\n|teamsize|p2|6\n|start\n|switch|p1a: Scyther|Scyther, L82, F|249/249\n|switch|p2a: Hydrapple|Hydrapple, L83, F|100/100\n|turn|1\n|inactive|Battle timer is ON: inactive players will automatically lose when time's up. (requested by p0x0260eb0)\n|inactive|p0y026f3be also wants the timer to be on.\n|\n|t:|1783533561\n|move|p1a: Scyther|Swords Dance|p1a: Scyther\n|-boost|p1a: Scyther|atk|2\n|move|p2a: Hydrapple|Fickle Beam|p1a: Scyther|[anim] Fickle Beam All Out\n|-activate|p2a: Hydrapple|move: Fickle Beam\n|-damage|p1a: Scyther|76/249\n|-damage|p2a: Hydrapple|91/100|[from] item: Life Orb\n|\n|upkeep\n|turn|2\n|inactive|Time left: 300 sec this turn | 300 sec total\n|\n|t:|1783533562\n|switch|p2a: Carbink|Carbink, L90|100/100\n|move|p1a: Scyther|Close Combat|p2a: Carbink\n|-damage|p2a: Carbink|56/100\n|-unboost|p1a: Scyther|def|1\n|-unboost|p1a: Scyther|spd|1\n|\n|-heal|p2a: Carbink|62/100|[from] item: Leftovers\n|upkeep\n|turn|3\n|inactive|Time left: 300 sec this turn | 300 sec total\n|\n|t:|1783533563\n|-terastallize|p1a: Scyther|Fighting\n|move|p1a: Scyther|Close Combat|p2a: Carbink\n|-damage|p2a: Carbink|0 fnt\n|-unboost|p1a: Scyther|def|1\n|-unboost|p1a: Scyther|spd|1\n|faint|p2a: Carbink\n|\n|upkeep\n|\n|t:|1783533564\n|switch|p2a: Kilowattrel|Kilowattrel, L83, M|100/100\n|turn|4\n|inactive|Time left: 300 sec this turn | 300 sec total\n|\n|t:|1783533565\n|move|p2a: Kilowattrel|Discharge|p1a: Scyther\n|-damage|p1a: Scyther|0 fnt\n|faint|p1a: Scyther\n|\n|upkeep\n|inactive|Time left: 300 sec this turn | 300 sec total | 5 sec grace\n|\n|t:|1783533566\n|switch|p1a: Grafaiai|Grafaiai, L86, M|249/249\n|turn|5\n|inactive|Time left: 300 sec this turn | 300 sec total\n|\n|t:|1783533567\n|move|p2a: Kilowattrel|U-turn|p1a: Grafaiai\n|-resisted|p1a: Grafaiai\n|-damage|p1a: Grafaiai|227/249\n|\n|t:|1783533568\n|switch|p2a: Forretress|Forretress, L84, F|100/100|[from] U-turn\n|move|p1a: Grafaiai|Super Fang|p2a: Forretress\n|-damage|p2a: Forretress|51/100\n|\n|-heal|p2a: Forretress|57/100|[from] item: Leftovers\n|upkeep\n|turn|6\n|inactive|Time left: 300 sec this turn | 300 sec total\n|\n|t:|1783533569\n|move|p1a: Grafaiai|Knock Off|p2a: Forretress\n|-damage|p2a: Forretress|39/100\n|-enditem|p2a: Forretress|Leftovers|[from] move: Knock Off|[of] p1a: Grafaiai\n|move|p2a: Forretress|Toxic Spikes|p1a: Grafaiai\n|-sidestart|p1: p0x0260eb0|move: Toxic Spikes\n|\n|upkeep\n|turn|7\n|inactive|Time left: 300 sec this turn | 300 sec total\n|\n|t:|1783533570\n|switch|p1a: Gengar|Gengar, L81, M|230/230\n|-sideend|p1: p0x0260eb0|move: Toxic Spikes|[of] p1a: Gengar\n|move|p2a: Forretress|Stealth Rock|p1a: Gengar\n|-sidestart|p1: p0x0260eb0|move: Stealth Rock\n|\n|upkeep\n|turn|8\n|inactive|Time left: 300 sec this turn | 300 sec total\n|\n|t:|1783533571\n|move|p1a: Gengar|Shadow Ball|p2a: Forretress\n|-damage|p2a: Forretress|0 fnt\n|faint|p2a: Forretress\n|\n|upkeep\n|\n|t:|1783533572\n|switch|p2a: Hydrapple|Hydrapple, L83, F|100/100\n|turn|9\n|inactive|Time left: 300 sec this turn | 300 sec total\n|\n|t:|1783533573\n|move|p1a: Gengar|Shadow Ball|p2a: Hydrapple\n|-damage|p2a: Hydrapple|49/100\n|move|p2a: Hydrapple|Earth Power|p1a: Gengar\n|-supereffective|p1a: Gengar\n|-damage|p1a: Gengar|17/230\n|-damage|p2a: Hydrapple|39/100|[from] item: Life Orb\n|\n|upkeep\n|turn|10\n|inactive|Time left: 300 sec this turn | 300 sec total\n|\n|t:|1783533575\n|switch|p2a: Articuno|Articuno, L86|100/100\n|-ability|p2a: Articuno|Pressure\n|move|p1a: Gengar|Shadow Ball|p2a: Articuno\n|-damage|p2a: Articuno|65/100\n|\n|upkeep\n|turn|11\n|inactive|Time left: 300 sec this turn | 300 sec total\n|\n|t:|1783533576\n|move|p1a: Gengar|Shadow Ball|p2a: Articuno\n|-damage|p2a: Articuno|25/100\n|-unboost|p2a: Articuno|spd|1\n|move|p2a: Articuno|Roost|p2a: Articuno\n|-heal|p2a: Articuno|75/100\n|-singleturn|p2a: Articuno|move: Roost\n|\n|upkeep\n|turn|12\n|inactive|Time left: 300 sec this turn | 300 sec total\n|\n|t:|1783533577\n|move|p1a: Gengar|Shadow Ball|p2a: Articuno\n|-damage|p2a: Articuno|13/100\n|move|p2a: Articuno|Brave Bird|p1a: Gengar\n|-damage|p1a: Gengar|0 fnt\n|faint|p1a: Gengar\n|-damage|p2a: Articuno|11/100|[from] Recoil\n|\n|upkeep\n|inactive|Time left: 300 sec this turn | 300 sec total | 5 sec grace\n|\n|t:|1783533578\n|switch|p1a: Enamorus|Enamorus, L79, F|247/247\n|turn|13\n|inactive|Time left: 300 sec this turn | 300 sec total\n|\n|t:|1783533579\n|move|p1a: Enamorus|Superpower|p2a: Articuno\n|-damage|p2a: Articuno|0 fnt\n|-boost|p1a: Enamorus|atk|1\n|-boost|p1a: Enamorus|def|1\n|faint|p2a: Articuno\n|\n|upkeep\n|\n|t:|1783533580\n|switch|p2a: Kilowattrel|Kilowattrel, L83, M|100/100\n|turn|14\n|inactive|Time left: 300 sec this turn | 300 sec total\n|\n|t:|1783533581\n|move|p2a: Kilowattrel|Discharge|p1a: Enamorus\n|-supereffective|p1a: Enamorus\n|-damage|p1a: Enamorus|61/247\n|-status|p1a: Enamorus|par\n|move|p1a: Enamorus|Play Rough|p2a: Kilowattrel\n|-crit|p2a: Kilowattrel\n|-damage|p2a: Kilowattrel|0 fnt\n|faint|p2a: Kilowattrel\n|\n|upkeep\n|\n|t:|1783533582\n|switch|p2a: Hydrapple|Hydrapple, L83, F|72/100\n|turn|15\n|inactive|Time left: 300 sec this turn | 300 sec total\n|\n|t:|1783533583\n|move|p2a: Hydrapple|Giga Drain|p1a: Enamorus\n|-resisted|p1a: Enamorus\n|-damage|p1a: Enamorus|0 fnt\n|-heal|p2a: Hydrapple|82/100|[from] drain|[of] p1a: Enamorus\n|faint|p1a: Enamorus\n|-damage|p2a: Hydrapple|72/100|[from] item: Life Orb\n|\n|upkeep\n|inactive|Time left: 300 sec this turn | 300 sec total | 5 sec grace\n|\n|t:|1783533584\n|switch|p1a: Grafaiai|Grafaiai, L86, M|227/249\n|-damage|p1a: Grafaiai|196/249|[from] Stealth Rock\n|turn|16\n|inactive|Time left: 300 sec this turn | 300 sec total\n|\n|t:|1783533585\n|-terastallize|p2a: Hydrapple|Steel\n|move|p1a: Grafaiai|Super Fang|p2a: Hydrapple\n|-damage|p2a: Hydrapple|36/100\n|move|p2a: Hydrapple|Nasty Plot|p2a: Hydrapple\n|-boost|p2a: Hydrapple|spa|2\n|\n|upkeep\n|turn|17\n|inactive|Time left: 300 sec this turn | 300 sec total\n|\n|t:|1783533586\n|move|p1a: Grafaiai|Super Fang|p2a: Hydrapple\n|-damage|p2a: Hydrapple|18/100\n|move|p2a: Hydrapple|Giga Drain|p1a: Grafaiai\n|-resisted|p1a: Grafaiai\n|-damage|p1a: Grafaiai|99/249\n|-heal|p2a: Hydrapple|34/100|[from] drain|[of] p1a: Grafaiai\n|-damage|p2a: Hydrapple|24/100|[from] item: Life Orb\n|\n|upkeep\n|turn|18\n|inactive|Time left: 300 sec this turn | 300 sec total\n|\n|t:|1783533588\n|move|p1a: Grafaiai|Super Fang|p2a: Hydrapple\n|-damage|p2a: Hydrapple|12/100\n|move|p2a: Hydrapple|Giga Drain|p1a: Grafaiai\n|-resisted|p1a: Grafaiai\n|-damage|p1a: Grafaiai|3/249\n|-heal|p2a: Hydrapple|28/100|[from] drain|[of] p1a: Grafaiai\n|-damage|p2a: Hydrapple|18/100|[from] item: Life Orb\n|\n|upkeep\n|turn|19\n|inactive|Time left: 300 sec this turn | 300 sec total\n|\n|t:|1783533589\n|switch|p2a: Reshiram|Reshiram, L76|100/100\n|-ability|p2a: Reshiram|Turboblaze\n|move|p1a: Grafaiai|Knock Off|p2a: Reshiram\n|-damage|p2a: Reshiram|75/100\n|-status|p2a: Reshiram|psn|[from] ability: Poison Touch|[of] p1a: Grafaiai\n|-enditem|p2a: Reshiram|Heavy-Duty Boots|[from] move: Knock Off|[of] p1a: Grafaiai\n|\n|-damage|p2a: Reshiram|62/100 psn|[from] psn\n|upkeep\n|turn|20\n|inactive|Time left: 300 sec this turn | 300 sec total\n|\n|t:|1783533590\n|switch|p2a: Hydrapple|Hydrapple, L83, F, tera:Steel|51/100\n|move|p1a: Grafaiai|Super Fang|p2a: Hydrapple\n|-damage|p2a: Hydrapple|26/100\n|\n|upkeep\n|turn|21\n|inactive|Time left: 300 sec this turn | 300 sec total\n|\n|t:|1783533591\n|switch|p2a: Reshiram|Reshiram, L76|62/100 psn\n|-ability|p2a: Reshiram|Turboblaze\n|move|p1a: Grafaiai|Super Fang|p2a: Reshiram\n|-damage|p2a: Reshiram|32/100 psn\n|\n|-damage|p2a: Reshiram|19/100 psn|[from] psn\n|upkeep\n|turn|22\n|inactive|Time left: 300 sec this turn | 300 sec total\n|\n|t:|1783533592\n|switch|p2a: Hydrapple|Hydrapple, L83, F, tera:Steel|59/100\n|move|p1a: Grafaiai|Super Fang|p2a: Hydrapple\n|-damage|p2a: Hydrapple|30/100\n|\n|upkeep\n|turn|23\n|inactive|Time left: 300 sec this turn | 300 sec total\n|\n|t:|1783533593\n|move|p1a: Grafaiai|Super Fang|p2a: Hydrapple\n|-damage|p2a: Hydrapple|15/100\n|move|p2a: Hydrapple|Nasty Plot|p2a: Hydrapple\n|-boost|p2a: Hydrapple|spa|2\n|\n|upkeep\n|turn|24\n|inactive|Time left: 300 sec this turn | 300 sec total\n|\n|t:|1783533594\n|switch|p2a: Reshiram|Reshiram, L76|19/100 psn\n|-ability|p2a: Reshiram|Turboblaze\n|move|p1a: Grafaiai|Knock Off|p2a: Reshiram\n|-damage|p2a: Reshiram|3/100 psn\n|\n|-damage|p2a: Reshiram|0 fnt|[from] psn\n|faint|p2a: Reshiram\n|upkeep\n|\n|t:|1783533595\n|switch|p2a: Hydrapple|Hydrapple, L83, F, tera:Steel|49/100\n|turn|25\n|inactive|Time left: 300 sec this turn | 300 sec total\n|\n|t:|1783533596\n|move|p1a: Grafaiai|Super Fang|p2a: Hydrapple\n|-damage|p2a: Hydrapple|25/100\n|move|p2a: Hydrapple|Nasty Plot|p2a: Hydrapple\n|-boost|p2a: Hydrapple|spa|2\n|\n|upkeep\n|turn|26\n|inactive|Time left: 300 sec this turn | 300 sec total\n|\n|t:|1783533597\n|move|p1a: Grafaiai|Knock Off|p2a: Hydrapple\n|-crit|p2a: Hydrapple\n|-damage|p2a: Hydrapple|0 fnt\n|-enditem|p2a: Hydrapple|Life Orb|[from] move: Knock Off|[of] p1a: Grafaiai\n|faint|p2a: Hydrapple\n|\n|win|p0x0260eb0", "uploadtime": 1783533597, "views": 0, "rating": 0, "private": 0, "password": null, "_winner": "p0x0260eb0", "_our_name": "p0x0260eb0"}