{"id": "battle-gen9randombattle-701", "formatid": "gen9randombattle", "format": "[Gen 9] Random Battle", "players": ["p0x701de5a", "p0y701ae3a"], "log": "|init|battle\n|title|p0x701de5a vs. p0y701ae3a\n|j|\u2606p0x701de5a\n|j|\u2606p0y701ae3a\n|t:|1783547275\n|gametype|singles\n|player|p1|p0x701de5a|102|\n|player|p2|p0y701ae3a|101|\n|gen|9\n|tier|[Gen 9] Random Battle\n|rule|Species Clause: Limit one of each Pok\u00e9mon\n|rule|HP Percentage Mod: HP is shown in percentages\n|rule|Sleep Clause Mod: Limit one foe put to sleep\n|rule|Illusion Level Mod: Illusion disguises the Pok\u00e9mon's true level\n|\n|t:|1783547275\n|teamsize|p1|6\n|teamsize|p2|6\n|start\n|switch|p1a: Pachirisu|Pachirisu, L96, M|271/271\n|switch|p2a: Houndoom|Houndoom, L87, M|100/100\n|turn|1\n|inactive|Battle timer is ON: inactive players will automatically lose when time's up. (requested by p0y701ae3a)\n|inactive|Time left: 300 sec this turn | 300 sec total | 60 sec grace\n|inactive|p0x701de5a also wants the timer to be on.\n|\n|t:|1783547276\n|move|p1a: Pachirisu|Super Fang|p2a: Houndoom\n|-damage|p2a: Houndoom|50/100\n|move|p2a: Houndoom|Fire Blast|p1a: Pachirisu\n|-damage|p1a: Pachirisu|184/271\n|-status|p1a: Pachirisu|brn\n|\n|-damage|p1a: Pachirisu|168/271 brn|[from] brn\n|upkeep\n|turn|2\n|inactive|Time left: 300 sec this turn | 300 sec total\n|\n|t:|1783547277\n|move|p1a: Pachirisu|Super Fang|p2a: Houndoom\n|-damage|p2a: Houndoom|25/100\n|move|p2a: Houndoom|Nasty Plot|p2a: Houndoom\n|-boost|p2a: Houndoom|spa|2\n|\n|-damage|p1a: Pachirisu|152/271 brn|[from] brn\n|upkeep\n|turn|3\n|inactive|Time left: 300 sec this turn | 300 sec total\n|\n|t:|1783547278\n|move|p1a: Pachirisu|Thunderbolt|p2a: Houndoom\n|-damage|p2a: Houndoom|0 fnt\n|faint|p2a: Houndoom\n|\n|-damage|p1a: Pachirisu|136/271 brn|[from] brn\n|upkeep\n|\n|t:|1783547279\n|switch|p2a: Smeargle|Smeargle, L95, F|100/100\n|turn|4\n|inactive|Time left: 300 sec this turn | 300 sec total\n|\n|t:|1783547280\n|move|p1a: Pachirisu|Thunderbolt|p2a: Smeargle\n|-damage|p2a: Smeargle|61/100\n|move|p2a: Smeargle|Sticky Web|p1a: Pachirisu\n|-sidestart|p1: p0x701de5a|move: Sticky Web\n|\n|-damage|p1a: Pachirisu|120/271 brn|[from] brn\n|upkeep\n|turn|5\n|inactive|Time left: 300 sec this turn | 300 sec total\n|\n|t:|1783547281\n|move|p1a: Pachirisu|Super Fang|p2a: Smeargle\n|-damage|p2a: Smeargle|31/100\n|move|p2a: Smeargle|Ceaseless Edge|p1a: Pachirisu\n|-crit|p1a: Pachirisu\n|-damage|p1a: Pachirisu|82/271 brn\n|-sidestart|p1: p0x701de5a|Spikes\n|\n|-damage|p1a: Pachirisu|66/271 brn|[from] brn\n|upkeep\n|turn|6\n|inactive|Time left: 300 sec this turn | 300 sec total\n|\n|t:|1783547282\n|switch|p2a: Forretress|Forretress, L84, M|100/100\n|move|p1a: Pachirisu|Thunderbolt|p2a: Forretress\n|-damage|p2a: Forretress|61/100\n|\n|-heal|p2a: Forretress|67/100|[from] item: Leftovers\n|-damage|p1a: Pachirisu|50/271 brn|[from] brn\n|upkeep\n|turn|7\n|inactive|Time left: 300 sec this turn | 300 sec total\n|\n|t:|1783547283\n|move|p1a: Pachirisu|Thunderbolt|p2a: Forretress\n|-damage|p2a: Forretress|33/100\n|move|p2a: Forretress|Stealth Rock|p1a: Pachirisu\n|-sidestart|p1: p0x701de5a|move: Stealth Rock\n|\n|-heal|p2a: Forretress|39/100|[from] item: Leftovers\n|-damage|p1a: Pachirisu|34/271 brn|[from] brn\n|upkeep\n|turn|8\n|inactive|Time left: 300 sec this turn | 300 sec total\n|\n|t:|1783547284\n|move|p1a: Pachirisu|Thunderbolt|p2a: Forretress\n|-damage|p2a: Forretress|0 fnt\n|faint|p2a: Forretress\n|\n|-damage|p1a: Pachirisu|18/271 brn|[from] brn\n|upkeep\n|\n|t:|1783547285\n|switch|p2a: Indeedee|Indeedee, L84, M|100/100\n|-fieldstart|move: Psychic Terrain|[from] ability: Psychic Surge|[of] p2a: Indeedee\n|turn|9\n|inactive|Time left: 300 sec this turn | 300 sec total\n|\n|t:|1783547286\n|move|p2a: Indeedee|Expanding Force|p1a: Pachirisu\n|-damage|p1a: Pachirisu|0 fnt\n|faint|p1a: Pachirisu\n|\n|upkeep\n|inactive|Time left: 300 sec this turn | 300 sec total | 5 sec grace\n|\n|t:|1783547287\n|switch|p1a: Dragonite|Dragonite, L74, F|257/257\n|turn|10\n|inactive|Time left: 300 sec this turn | 300 sec total\n|\n|t:|1783547288\n|-terastallize|p1a: Dragonite|Steel\n|move|p2a: Indeedee|Expanding Force|p1a: Dragonite\n|-resisted|p1a: Dragonite\n|-damage|p1a: Dragonite|211/257\n|move|p1a: Dragonite|Dragon Dance|p1a: Dragonite\n|-boost|p1a: Dragonite|atk|1\n|-boost|p1a: Dragonite|spe|1\n|\n|upkeep\n|turn|11\n|inactive|Time left: 300 sec this turn | 300 sec total\n|\n|t:|1783547289\n|switch|p2a: Cobalion|Cobalion, L80|100/100\n|move|p1a: Dragonite|Outrage|p2a: Cobalion\n|-resisted|p2a: Cobalion\n|-damage|p2a: Cobalion|72/100\n|\n|-heal|p2a: Cobalion|78/100|[from] item: Leftovers\n|upkeep\n|turn|12\n|inactive|Time left: 300 sec this turn | 300 sec total\n|\n|t:|1783547290\n|move|p1a: Dragonite|Outrage|p2a: Cobalion|[from] lockedmove\n|-resisted|p2a: Cobalion\n|-damage|p2a: Cobalion|51/100\n|-start|p1a: Dragonite|confusion|[fatigue]\n|move|p2a: Cobalion|Close Combat|p1a: Dragonite\n|-supereffective|p1a: Dragonite\n|-damage|p1a: Dragonite|0 fnt\n|-unboost|p2a: Cobalion|def|1\n|-unboost|p2a: Cobalion|spd|1\n|faint|p1a: Dragonite\n|\n|-heal|p2a: Cobalion|58/100|[from] item: Leftovers\n|upkeep\n|inactive|Time left: 300 sec this turn | 300 sec total | 5 sec grace\n|\n|t:|1783547291\n|switch|p1a: Keldeo|Keldeo-Resolute, L79|273/273\n|-activate|p1a: Keldeo|move: Sticky Web\n|-unboost|p1a: Keldeo|spe|1\n|-damage|p1a: Keldeo|239/273|[from] Spikes\n|-damage|p1a: Keldeo|222/273|[from] Stealth Rock\n|turn|13\n|inactive|Time left: 300 sec this turn | 300 sec total\n|\n|t:|1783547292\n|move|p2a: Cobalion|Close Combat|p1a: Keldeo\n|-damage|p1a: Keldeo|101/273\n|-unboost|p2a: Cobalion|def|1\n|-unboost|p2a: Cobalion|spd|1\n|move|p1a: Keldeo|Secret Sword|p2a: Cobalion\n|-supereffective|p2a: Cobalion\n|-damage|p2a: Cobalion|0 fnt\n|faint|p2a: Cobalion\n|\n|-fieldend|move: Psychic Terrain\n|upkeep\n|\n|t:|1783547293\n|switch|p2a: Indeedee|Indeedee, L84, M|100/100\n|-fieldstart|move: Psychic Terrain|[from] ability: Psychic Surge|[of] p2a: Indeedee\n|turn|14\n|inactive|Time left: 300 sec this turn | 300 sec total\n|\n|t:|1783547294\n|move|p2a: Indeedee|Expanding Force|p1a: Keldeo\n|-supereffective|p1a: Keldeo\n|-damage|p1a: Keldeo|0 fnt\n|faint|p1a: Keldeo\n|\n|upkeep\n|inactive|Time left: 300 sec this turn | 300 sec total | 5 sec grace\n|\n|t:|1783547294\n|switch|p1a: Ampharos|Ampharos, L88, M|302/302\n|-activate|p1a: Ampharos|move: Sticky Web\n|-unboost|p1a: Ampharos|spe|1\n|-damage|p1a: Ampharos|265/302|[from] Spikes\n|-damage|p1a: Ampharos|228/302|[from] Stealth Rock\n|turn|15\n|inactive|Time left: 300 sec this turn | 300 sec total\n|\n|t:|1783547295\n|move|p2a: Indeedee|Expanding Force|p1a: Ampharos\n|-damage|p1a: Ampharos|113/302\n|move|p1a: Ampharos|Thunderbolt|p2a: Indeedee\n|-damage|p2a: Indeedee|54/100\n|\n|upkeep\n|turn|16\n|inactive|Time left: 300 sec this turn | 300 sec total\n|\n|t:|1783547296\n|move|p2a: Indeedee|Expanding Force|p1a: Ampharos\n|-damage|p1a: Ampharos|0 fnt\n|faint|p1a: Ampharos\n|\n|upkeep\n|inactive|Time left: 300 sec this turn | 300 sec total | 5 sec grace\n|\n|t:|1783547298\n|switch|p1a: Espathra|Espathra, L80, M|283/283\n|-activate|p1a: Espathra|move: Sticky Web\n|-unboost|p1a: Espathra|spe|1\n|-damage|p1a: Espathra|248/283|[from] Spikes\n|-damage|p1a: Espathra|213/283|[from] Stealth Rock\n|turn|17\n|inactive|Time left: 300 sec this turn | 300 sec total\n|\n|t:|1783547299\n|-terastallize|p2a: Indeedee|Psychic\n|move|p2a: Indeedee|Expanding Force|p1a: Espathra\n|-resisted|p1a: Espathra\n|-damage|p1a: Espathra|51/283\n|move|p1a: Espathra|U-turn|p2a: Indeedee\n|-supereffective|p2a: Indeedee\n|-damage|p2a: Indeedee|18/100\n|inactive|Time left: 300 sec this turn | 300 sec total | 5 sec grace\n|\n|t:|1783547299\n|switch|p1a: Hitmonlee|Hitmonlee, L85, M|224/224|[from] U-turn\n|-activate|p1a: Hitmonlee|move: Sticky Web\n|-unboost|p1a: Hitmonlee|spe|1\n|-damage|p1a: Hitmonlee|196/224|[from] Spikes\n|-damage|p1a: Hitmonlee|182/224|[from] Stealth Rock\n|-enditem|p1a: Hitmonlee|White Herb\n|-clearnegativeboost|p1a: Hitmonlee|[silent]\n|\n|upkeep\n|turn|18\n|inactive|Time left: 300 sec this turn | 300 sec total\n|\n|t:|1783547300\n|move|p1a: Hitmonlee|Poison Jab|p2a: Indeedee\n|-damage|p2a: Indeedee|0 fnt\n|faint|p2a: Indeedee\n|\n|-fieldend|move: Psychic Terrain\n|upkeep\n|\n|t:|1783547301\n|switch|p2a: Palafin|Palafin, L77, F|100/100\n|turn|19\n|inactive|Time left: 300 sec this turn | 300 sec total\n|\n|t:|1783547302\n|move|p1a: Hitmonlee|Knock Off|p2a: Palafin\n|-damage|p2a: Palafin|60/100\n|-enditem|p2a: Palafin|Choice Band|[from] move: Knock Off|[of] p1a: Hitmonlee\n|move|p2a: Palafin|Wave Crash|p1a: Hitmonlee\n|-damage|p1a: Hitmonlee|73/224\n|-damage|p2a: Palafin|47/100|[from] Recoil\n|\n|upkeep\n|turn|20\n|inactive|Time left: 300 sec this turn | 300 sec total\n|\n|t:|1783547303\n|detailschange|p2a: Palafin|Palafin-Hero, L77, F\n|switch|p2a: Smeargle|Smeargle, L95, F|31/100\n|move|p1a: Hitmonlee|Swords Dance|p1a: Hitmonlee\n|-boost|p1a: Hitmonlee|atk|2\n|\n|upkeep\n|turn|21\n|inactive|Time left: 300 sec this turn | 300 sec total\n|\n|t:|1783547304\n|move|p1a: Hitmonlee|Swords Dance|p1a: Hitmonlee\n|-boost|p1a: Hitmonlee|atk|2\n|move|p2a: Smeargle|Whirlwind|p1a: Hitmonlee\n|drag|p1a: Espathra|Espathra, L80, M|51/283\n|-activate|p1a: Espathra|move: Sticky Web\n|-unboost|p1a: Espathra|spe|1\n|-damage|p1a: Espathra|16/283|[from] Spikes\n|-damage|p1a: Espathra|0 fnt|[from] Stealth Rock\n|faint|p1a: Espathra\n|\n|upkeep\n|inactive|Time left: 300 sec this turn | 300 sec total | 5 sec grace\n|\n|t:|1783547305\n|switch|p1a: Hitmonlee|Hitmonlee, L85, M|73/224\n|-activate|p1a: Hitmonlee|move: Sticky Web\n|-unboost|p1a: Hitmonlee|spe|1\n|-damage|p1a: Hitmonlee|45/224|[from] Spikes\n|-damage|p1a: Hitmonlee|31/224|[from] Stealth Rock\n|turn|22\n|inactive|Time left: 300 sec this turn | 300 sec total\n|\n|t:|1783547306\n|move|p2a: Smeargle|Ceaseless Edge|p1a: Hitmonlee\n|-resisted|p1a: Hitmonlee\n|-damage|p1a: Hitmonlee|14/224\n|-sidestart|p1: p0x701de5a|Spikes\n|move|p1a: Hitmonlee|Swords Dance|p1a: Hitmonlee\n|-boost|p1a: Hitmonlee|atk|2\n|\n|upkeep\n|turn|23\n|inactive|Time left: 300 sec this turn | 300 sec total\n|\n|t:|1783547307\n|move|p2a: Smeargle|Ceaseless Edge|p1a: Hitmonlee\n|-resisted|p1a: Hitmonlee\n|-damage|p1a: Hitmonlee|0 fnt\n|-sidestart|p1: p0x701de5a|Spikes\n|faint|p1a: Hitmonlee\n|\n|win|p0y701ae3a", "uploadtime": 1783547307, "views": 0, "rating": 0, "private": 0, "password": null, "_winner": "p0y701ae3a", "_our_name": "p0x701de5a"}