{"id": "battle-gen9randombattle-111", "formatid": "gen9randombattle", "format": "[Gen 9] Random Battle", "players": ["p0x11181b3", "p0y1117a9a"], "log": "|init|battle\n|title|p0x11181b3 vs. p0y1117a9a\n|j|\u2606p0x11181b3\n|j|\u2606p0y1117a9a\n|t:|1783535053\n|gametype|singles\n|player|p1|p0x11181b3|101|\n|player|p2|p0y1117a9a|170|\n|gen|9\n|tier|[Gen 9] Random Battle\n|rule|Species Clause: Limit one of each Pok\u00e9mon\n|rule|HP Percentage Mod: HP is shown in percentages\n|rule|Sleep Clause Mod: Limit one foe put to sleep\n|rule|Illusion Level Mod: Illusion disguises the Pok\u00e9mon's true level\n|\n|t:|1783535054\n|teamsize|p1|6\n|teamsize|p2|6\n|start\n|switch|p1a: Lurantis|Lurantis, L87, F|264/264\n|switch|p2a: Slowbro|Slowbro-Galar, L87, F|100/100\n|turn|1\n|inactive|Battle timer is ON: inactive players will automatically lose when time's up. (requested by p0x11181b3)\n|inactive|p0y1117a9a also wants the timer to be on.\n|\n|t:|1783535055\n|move|p1a: Lurantis|Leaf Storm|p2a: Slowbro\n|-resisted|p2a: Slowbro\n|-damage|p2a: Slowbro|78/100\n|-boost|p1a: Lurantis|spa|2\n|move|p2a: Slowbro|Shell Side Arm|p1a: Lurantis|[anim] Shell Side Arm Physical\n|-supereffective|p1a: Lurantis\n|-damage|p1a: Lurantis|0 fnt\n|-hint|Physical Shell Side Arm\n|faint|p1a: Lurantis\n|-damage|p2a: Slowbro|68/100|[from] item: Life Orb\n|\n|upkeep\n|inactive|Time left: 300 sec this turn | 300 sec total | 65 sec grace\n|\n|t:|1783535056\n|switch|p1a: Ambipom|Ambipom, L84, M|263/263\n|turn|2\n|inactive|Time left: 300 sec this turn | 300 sec total\n|\n|t:|1783535057\n|switch|p2a: Arbok|Arbok, L87, M|100/100\n|-ability|p2a: Arbok|Intimidate|boost\n|-unboost|p1a: Ambipom|atk|1\n|move|p1a: Ambipom|Triple Axel|p2a: Arbok|[miss]\n|-miss|p1a: Ambipom|p2a: Arbok\n|\n|upkeep\n|turn|3\n|inactive|Time left: 300 sec this turn | 300 sec total\n|\n|t:|1783535058\n|move|p1a: Ambipom|Triple Axel|p2a: Arbok|[miss]\n|-miss|p1a: Ambipom|p2a: Arbok\n|move|p2a: Arbok|Gunk Shot|p1a: Ambipom\n|-damage|p1a: Ambipom|86/263\n|-status|p1a: Ambipom|psn\n|\n|-damage|p1a: Ambipom|54/263 psn|[from] psn\n|upkeep\n|turn|4\n|inactive|Time left: 300 sec this turn | 300 sec total\n|\n|t:|1783535058\n|move|p1a: Ambipom|Triple Axel|p2a: Arbok\n|-damage|p2a: Arbok|91/100\n|-damage|p2a: Arbok|71/100\n|-damage|p2a: Arbok|43/100\n|-hitcount|p2a: Arbok|3\n|move|p2a: Arbok|Trailblaze|p1a: Ambipom\n|-damage|p1a: Ambipom|5/263 psn\n|-boost|p2a: Arbok|spe|1\n|\n|-heal|p2a: Arbok|49/100|[from] item: Leftovers\n|-damage|p1a: Ambipom|0 fnt|[from] psn\n|faint|p1a: Ambipom\n|upkeep\n|inactive|Time left: 300 sec this turn | 300 sec total | 5 sec grace\n|\n|t:|1783535059\n|switch|p1a: Glimmora|Glimmora, L75, M|248/248\n|-item|p1a: Glimmora|Air Balloon\n|turn|5\n|inactive|Time left: 300 sec this turn | 300 sec total\n|\n|t:|1783535060\n|switch|p2a: Lugia|Lugia, L73|100/100\n|move|p1a: Glimmora|Earth Power|p2a: Lugia\n|-immune|p2a: Lugia\n|\n|upkeep\n|turn|6\n|inactive|Time left: 300 sec this turn | 300 sec total\n|\n|t:|1783535060\n|move|p2a: Lugia|Psychic Noise|p1a: Glimmora\n|-supereffective|p1a: Glimmora\n|-damage|p1a: Glimmora|114/248\n|-start|p1a: Glimmora|move: Heal Block\n|-enditem|p1a: Glimmora|Air Balloon\n|move|p1a: Glimmora|Spikes|p2a: Lugia\n|-sidestart|p2: p0y1117a9a|Spikes\n|\n|upkeep\n|turn|7\n|inactive|Time left: 300 sec this turn | 300 sec total\n|\n|t:|1783535061\n|switch|p1a: Cobalion|Cobalion, L80|277/277\n|move|p2a: Lugia|Psychic Noise|p1a: Cobalion\n|-damage|p1a: Cobalion|211/277\n|-start|p1a: Cobalion|move: Heal Block\n|\n|upkeep\n|turn|8\n|inactive|Time left: 300 sec this turn | 300 sec total\n|\n|t:|1783535062\n|move|p1a: Cobalion|Thunder Wave|p2a: Lugia\n|-status|p2a: Lugia|par\n|move|p2a: Lugia|Calm Mind|p2a: Lugia\n|-boost|p2a: Lugia|spa|1\n|-boost|p2a: Lugia|spd|1\n|\n|-end|p1a: Cobalion|move: Heal Block\n|upkeep\n|turn|9\n|inactive|Time left: 300 sec this turn | 300 sec total\n|\n|t:|1783535062\n|move|p1a: Cobalion|Iron Head|p2a: Lugia\n|-damage|p2a: Lugia|90/100 par\n|cant|p2a: Lugia|flinch\n|\n|-heal|p1a: Cobalion|228/277|[from] item: Leftovers\n|upkeep\n|turn|10\n|inactive|Time left: 300 sec this turn | 300 sec total\n|\n|t:|1783535063\n|move|p1a: Cobalion|Iron Head|p2a: Lugia\n|-damage|p2a: Lugia|64/100 par\n|move|p2a: Lugia|Aeroblast|p1a: Cobalion\n|-damage|p1a: Cobalion|95/277\n|\n|-heal|p1a: Cobalion|112/277|[from] item: Leftovers\n|upkeep\n|turn|11\n|inactive|Time left: 300 sec this turn | 300 sec total\n|\n|t:|1783535064\n|move|p1a: Cobalion|Iron Head|p2a: Lugia\n|-damage|p2a: Lugia|40/100 par\n|cant|p2a: Lugia|flinch\n|\n|-heal|p1a: Cobalion|129/277|[from] item: Leftovers\n|upkeep\n|turn|12\n|inactive|Time left: 300 sec this turn | 300 sec total\n|\n|t:|1783535065\n|move|p1a: Cobalion|Iron Head|p2a: Lugia\n|-damage|p2a: Lugia|17/100 par\n|move|p2a: Lugia|Aeroblast|p1a: Cobalion\n|-damage|p1a: Cobalion|0 fnt\n|faint|p1a: Cobalion\n|\n|upkeep\n|inactive|Time left: 300 sec this turn | 300 sec total | 5 sec grace\n|\n|t:|1783535066\n|switch|p1a: Dodrio|Dodrio, L85, F|241/241\n|turn|13\n|inactive|Time left: 300 sec this turn | 300 sec total\n|\n|t:|1783535067\n|move|p1a: Dodrio|Brave Bird|p2a: Lugia\n|-damage|p2a: Lugia|0 fnt\n|faint|p2a: Lugia\n|-damage|p1a: Dodrio|226/241|[from] Recoil\n|\n|upkeep\n|\n|t:|1783535068\n|switch|p2a: Slowbro|Slowbro-Galar, L87, F|100/100\n|-damage|p2a: Slowbro|88/100|[from] Spikes\n|turn|14\n|inactive|Time left: 300 sec this turn | 300 sec total\n|\n|t:|1783535069\n|move|p1a: Dodrio|Swords Dance|p1a: Dodrio\n|-boost|p1a: Dodrio|atk|2\n|move|p2a: Slowbro|Psychic|p1a: Dodrio\n|-damage|p1a: Dodrio|53/241\n|-damage|p2a: Slowbro|78/100|[from] item: Life Orb\n|\n|upkeep\n|turn|15\n|inactive|Time left: 300 sec this turn | 300 sec total\n|\n|t:|1783535070\n|switch|p2a: Mightyena|Mightyena, L96, M|100/100\n|-damage|p2a: Mightyena|88/100|[from] Spikes\n|-ability|p2a: Mightyena|Intimidate|boost\n|-unboost|p1a: Dodrio|atk|1\n|move|p1a: Dodrio|Drill Run|p2a: Mightyena\n|-damage|p2a: Mightyena|52/100\n|\n|-heal|p2a: Mightyena|58/100|[from] item: Leftovers\n|upkeep\n|turn|16\n|inactive|Time left: 300 sec this turn | 300 sec total\n|\n|t:|1783535072\n|move|p2a: Mightyena|Sucker Punch|p1a: Dodrio\n|-damage|p1a: Dodrio|0 fnt\n|faint|p1a: Dodrio\n|\n|-heal|p2a: Mightyena|64/100|[from] item: Leftovers\n|upkeep\n|inactive|Time left: 300 sec this turn | 300 sec total | 5 sec grace\n|\n|t:|1783535073\n|switch|p1a: Iron Valiant|Iron Valiant, L78|244/244\n|turn|17\n|inactive|Time left: 300 sec this turn | 300 sec total\n|\n|t:|1783535074\n|-end|p1a: Iron Valiant|Quark Drive|[silent]\n|switch|p1a: Glimmora|Glimmora, L75, M|114/248\n|-terastallize|p2a: Mightyena|Fairy\n|move|p2a: Mightyena|Play Rough|p1a: Glimmora\n|-resisted|p1a: Glimmora\n|-damage|p1a: Glimmora|55/248\n|-activate|p1a: Glimmora|ability: Toxic Debris\n|-sidestart|p2: p0y1117a9a|move: Toxic Spikes\n|\n|-heal|p2a: Mightyena|70/100|[from] item: Leftovers\n|upkeep\n|turn|18\n|inactive|Time left: 300 sec this turn | 300 sec total\n|\n|t:|1783535075\n|move|p2a: Mightyena|Throat Chop|p1a: Glimmora\n|-damage|p1a: Glimmora|0 fnt\n|-activate|p1a: Glimmora|ability: Toxic Debris\n|-sidestart|p2: p0y1117a9a|move: Toxic Spikes\n|faint|p1a: Glimmora\n|\n|-heal|p2a: Mightyena|77/100|[from] item: Leftovers\n|upkeep\n|inactive|Time left: 300 sec this turn | 300 sec total | 5 sec grace\n|\n|t:|1783535076\n|switch|p1a: Iron Valiant|Iron Valiant, L78|244/244\n|turn|19\n|inactive|Time left: 300 sec this turn | 300 sec total\n|\n|t:|1783535076\n|-terastallize|p1a: Iron Valiant|Fighting\n|move|p1a: Iron Valiant|Swords Dance|p1a: Iron Valiant\n|-boost|p1a: Iron Valiant|atk|2\n|move|p2a: Mightyena|Play Rough|p1a: Iron Valiant|[miss]\n|-miss|p2a: Mightyena|p1a: Iron Valiant\n|\n|-heal|p2a: Mightyena|83/100|[from] item: Leftovers\n|upkeep\n|turn|20\n|inactive|Time left: 300 sec this turn | 300 sec total\n|\n|t:|1783535077\n|move|p1a: Iron Valiant|Close Combat|p2a: Mightyena\n|-resisted|p2a: Mightyena\n|-damage|p2a: Mightyena|0 fnt\n|-unboost|p1a: Iron Valiant|def|1\n|-unboost|p1a: Iron Valiant|spd|1\n|faint|p2a: Mightyena\n|-damage|p1a: Iron Valiant|220/244|[from] item: Life Orb\n|\n|upkeep\n|\n|t:|1783535078\n|switch|p2a: Arbok|Arbok, L87, M|49/100\n|-damage|p2a: Arbok|37/100|[from] Spikes\n|-sideend|p2: p0y1117a9a|move: Toxic Spikes|[of] p2a: Arbok\n|-ability|p2a: Arbok|Intimidate|boost\n|-unboost|p1a: Iron Valiant|atk|1\n|turn|21\n|inactive|Time left: 300 sec this turn | 300 sec total\n|\n|t:|1783535079\n|move|p1a: Iron Valiant|Knock Off|p2a: Arbok\n|-damage|p2a: Arbok|0 fnt\n|-enditem|p2a: Arbok|Leftovers|[from] move: Knock Off|[of] p1a: Iron Valiant\n|faint|p2a: Arbok\n|-damage|p1a: Iron Valiant|196/244|[from] item: Life Orb\n|\n|upkeep\n|\n|t:|1783535080\n|switch|p2a: Slowbro|Slowbro-Galar, L87, F|100/100\n|-damage|p2a: Slowbro|88/100|[from] Spikes\n|turn|22\n|inactive|Time left: 300 sec this turn | 300 sec total\n|\n|t:|1783535081\n|move|p1a: Iron Valiant|Knock Off|p2a: Slowbro\n|-supereffective|p2a: Slowbro\n|-damage|p2a: Slowbro|2/100\n|-enditem|p2a: Slowbro|Life Orb|[from] move: Knock Off|[of] p1a: Iron Valiant\n|-damage|p1a: Iron Valiant|172/244|[from] item: Life Orb\n|move|p2a: Slowbro|Psychic|p1a: Iron Valiant\n|-supereffective|p1a: Iron Valiant\n|-damage|p1a: Iron Valiant|0 fnt\n|faint|p1a: Iron Valiant\n|-end|p1a: Iron Valiant|Quark Drive|[silent]\n|\n|win|p0y1117a9a", "uploadtime": 1783535081, "views": 0, "rating": 0, "private": 0, "password": null, "_winner": "p0y1117a9a", "_our_name": "p0x11181b3"}