{"id": "battle-gen9randombattle-2641", "formatid": "gen9randombattle", "format": "[Gen 9] Random Battle", "players": ["p0x26410a6a", "p0y264142f5"], "log": "|init|battle\n|title|p0x26410a6a vs. p0y264142f5\n|j|\u2606p0x26410a6a\n|j|\u2606p0y264142f5\n|t:|1783569475\n|gametype|singles\n|player|p1|p0x26410a6a|170|\n|player|p2|p0y264142f5|266|\n|gen|9\n|tier|[Gen 9] Random Battle\n|rule|Species Clause: Limit one of each Pok\u00e9mon\n|rule|HP Percentage Mod: HP is shown in percentages\n|rule|Sleep Clause Mod: Limit one foe put to sleep\n|rule|Illusion Level Mod: Illusion disguises the Pok\u00e9mon's true level\n|\n|t:|1783569475\n|teamsize|p1|6\n|teamsize|p2|6\n|start\n|switch|p1a: Scyther|Scyther, L82, M|249/249\n|switch|p2a: Annihilape|Annihilape, L76, M|100/100\n|turn|1\n|inactive|Battle timer is ON: inactive players will automatically lose when time's up. (requested by p0y264142f5)\n|inactive|Time left: 300 sec this turn | 300 sec total | 60 sec grace\n|\n|t:|1783569477\n|switch|p2a: Zacian|Zacian, L69|100/100\n|-ability|p2a: Zacian|Intrepid Sword|boost\n|-boost|p2a: Zacian|atk|1\n|move|p1a: Scyther|Dual Wingbeat|p2a: Zacian\n|-damage|p2a: Zacian|75/100\n|-damage|p2a: Zacian|49/100\n|-hitcount|p2a: Zacian|2\n|\n|upkeep\n|turn|2\n|inactive|Time left: 300 sec this turn | 300 sec total\n|inactive|p0x26410a6a also wants the timer to be on.\n|\n|t:|1783569478\n|move|p2a: Zacian|Play Rough|p1a: Scyther\n|-damage|p1a: Scyther|76/249\n|-damage|p2a: Zacian|39/100|[from] item: Life Orb\n|move|p1a: Scyther|Dual Wingbeat|p2a: Zacian\n|-damage|p2a: Zacian|10/100\n|-damage|p2a: Zacian|0 fnt\n|faint|p2a: Zacian\n|-hitcount|p2: Zacian|2\n|\n|upkeep\n|\n|t:|1783569479\n|switch|p2a: Registeel|Registeel, L81|100/100\n|turn|3\n|inactive|Time left: 300 sec this turn | 300 sec total\n|\n|t:|1783569481\n|move|p1a: Scyther|U-turn|p2a: Registeel\n|-resisted|p2a: Registeel\n|-damage|p2a: Registeel|90/100\n|inactive|Time left: 300 sec this turn | 300 sec total | 5 sec grace\n|\n|t:|1783569482\n|switch|p1a: Magmortar|Magmortar, L88, F|275/275|[from] U-turn\n|move|p2a: Registeel|Iron Defense|p2a: Registeel\n|-boost|p2a: Registeel|def|2\n|\n|upkeep\n|turn|4\n|inactive|Time left: 300 sec this turn | 300 sec total\n|\n|t:|1783569483\n|-terastallize|p2a: Registeel|Fighting\n|move|p1a: Magmortar|Fire Blast|p2a: Registeel\n|-damage|p2a: Registeel|47/100\n|move|p2a: Registeel|Body Press|p1a: Magmortar\n|-damage|p1a: Magmortar|20/275\n|\n|upkeep\n|turn|5\n|inactive|Time left: 300 sec this turn | 300 sec total\n|\n|t:|1783569484\n|move|p1a: Magmortar|Taunt|p2a: Registeel\n|-start|p2a: Registeel|move: Taunt\n|cant|p2a: Registeel|move: Taunt|Rest\n|\n|upkeep\n|turn|6\n|inactive|Time left: 300 sec this turn | 300 sec total\n|\n|t:|1783569485\n|move|p1a: Magmortar|Fire Blast|p2a: Registeel\n|-damage|p2a: Registeel|8/100\n|move|p2a: Registeel|Body Press|p1a: Magmortar\n|-damage|p1a: Magmortar|0 fnt\n|-status|p2a: Registeel|brn|[from] ability: Flame Body|[of] p1a: Magmortar\n|faint|p1a: Magmortar\n|\n|-damage|p2a: Registeel|2/100 brn|[from] brn\n|upkeep\n|inactive|Time left: 300 sec this turn | 300 sec total | 5 sec grace\n|\n|t:|1783569486\n|switch|p1a: Gholdengo|Gholdengo, L77|261/261\n|turn|7\n|inactive|Time left: 300 sec this turn | 300 sec total\n|\n|t:|1783569487\n|switch|p2a: Kingambit|Kingambit, L74, F|100/100\n|-activate|p2a: Kingambit|ability: Supreme Overlord\n|-start|p2a: Kingambit|fallen1|[silent]\n|move|p1a: Gholdengo|Nasty Plot|p1a: Gholdengo\n|-boost|p1a: Gholdengo|spa|2\n|\n|upkeep\n|turn|8\n|inactive|Time left: 300 sec this turn | 300 sec total\n|\n|t:|1783569488\n|move|p1a: Gholdengo|Shadow Ball|p2a: Kingambit\n|-resisted|p2a: Kingambit\n|-damage|p2a: Kingambit|61/100\n|move|p2a: Kingambit|Kowtow Cleave|p1a: Gholdengo\n|-supereffective|p1a: Gholdengo\n|-damage|p1a: Gholdengo|39/261\n|\n|-heal|p1a: Gholdengo|55/261|[from] item: Leftovers\n|-heal|p2a: Kingambit|67/100|[from] item: Leftovers\n|upkeep\n|turn|9\n|inactive|Time left: 300 sec this turn | 300 sec total\n|\n|t:|1783569489\n|-terastallize|p1a: Gholdengo|Dark\n|move|p1a: Gholdengo|Recover|p1a: Gholdengo\n|-heal|p1a: Gholdengo|186/261\n|move|p2a: Kingambit|Kowtow Cleave|p1a: Gholdengo\n|-resisted|p1a: Gholdengo\n|-damage|p1a: Gholdengo|135/261\n|\n|-heal|p1a: Gholdengo|151/261|[from] item: Leftovers\n|-heal|p2a: Kingambit|73/100|[from] item: Leftovers\n|upkeep\n|turn|10\n|inactive|Time left: 300 sec this turn | 300 sec total\n|\n|t:|1783569490\n|move|p1a: Gholdengo|Make It Rain|p2a: Kingambit\n|-resisted|p2a: Kingambit\n|-damage|p2a: Kingambit|12/100\n|-unboost|p1a: Gholdengo|spa|1\n|move|p2a: Kingambit|Iron Head|p1a: Gholdengo\n|-damage|p1a: Gholdengo|51/261\n|\n|-heal|p1a: Gholdengo|67/261|[from] item: Leftovers\n|-heal|p2a: Kingambit|18/100|[from] item: Leftovers\n|upkeep\n|turn|11\n|inactive|Time left: 300 sec this turn | 300 sec total\n|\n|t:|1783569491\n|move|p1a: Gholdengo|Recover|p1a: Gholdengo\n|-heal|p1a: Gholdengo|198/261\n|move|p2a: Kingambit|Iron Head|p1a: Gholdengo\n|-damage|p1a: Gholdengo|104/261\n|\n|-heal|p1a: Gholdengo|120/261|[from] item: Leftovers\n|-heal|p2a: Kingambit|24/100|[from] item: Leftovers\n|upkeep\n|turn|12\n|inactive|Time left: 300 sec this turn | 300 sec total\n|\n|t:|1783569492\n|-end|p2a: Kingambit|fallen1|[silent]\n|switch|p2a: Registeel|Registeel, L81, tera:Fighting|2/100 brn\n|move|p1a: Gholdengo|Recover|p1a: Gholdengo\n|-heal|p1a: Gholdengo|251/261\n|\n|-heal|p1a: Gholdengo|261/261|[from] item: Leftovers\n|-damage|p2a: Registeel|0 fnt|[from] brn\n|faint|p2a: Registeel\n|upkeep\n|\n|t:|1783569493\n|switch|p2a: Rabsca|Rabsca, L91, F|100/100\n|turn|13\n|inactive|Time left: 300 sec this turn | 300 sec total\n|\n|t:|1783569494\n|switch|p1a: Trevenant|Trevenant, L89, M|296/296\n|move|p2a: Rabsca|Bug Buzz|p1a: Trevenant\n|-damage|p1a: Trevenant|175/296\n|\n|upkeep\n|turn|14\n|inactive|Time left: 300 sec this turn | 300 sec total\n|\n|t:|1783569495\n|switch|p2a: Kingambit|Kingambit, L74, F|24/100\n|-activate|p2a: Kingambit|ability: Supreme Overlord\n|-start|p2a: Kingambit|fallen2|[silent]\n|move|p1a: Trevenant|Poltergeist|p2a: Kingambit\n|-activate|p2a: Kingambit|move: Poltergeist|Leftovers\n|-resisted|p2a: Kingambit\n|-damage|p2a: Kingambit|0 fnt\n|faint|p2a: Kingambit\n|-end|p2a: Kingambit|fallen2|[silent]\n|\n|upkeep\n|\n|t:|1783569496\n|switch|p2a: Deoxys|Deoxys-Speed, L82|100/100\n|-ability|p2a: Deoxys|Pressure\n|turn|15\n|inactive|Time left: 300 sec this turn | 300 sec total\n|\n|t:|1783569497\n|move|p2a: Deoxys|Psycho Boost|p1a: Trevenant\n|-damage|p1a: Trevenant|0 fnt\n|-unboost|p2a: Deoxys|spa|2\n|faint|p1a: Trevenant\n|-damage|p2a: Deoxys|91/100|[from] item: Life Orb\n|\n|upkeep\n|inactive|Time left: 300 sec this turn | 300 sec total | 5 sec grace\n|\n|t:|1783569498\n|switch|p1a: Gholdengo|Gholdengo, L77, tera:Dark|261/261\n|turn|16\n|inactive|Time left: 300 sec this turn | 300 sec total\n|\n|t:|1783569499\n|move|p2a: Deoxys|Nasty Plot|p2a: Deoxys\n|-boost|p2a: Deoxys|spa|2\n|move|p1a: Gholdengo|Nasty Plot|p1a: Gholdengo\n|-boost|p1a: Gholdengo|spa|2\n|\n|upkeep\n|turn|17\n|inactive|Time left: 300 sec this turn | 300 sec total\n|\n|t:|1783569500\n|move|p2a: Deoxys|Focus Blast|p1a: Gholdengo\n|-supereffective|p1a: Gholdengo\n|-damage|p1a: Gholdengo|48/261\n|-damage|p2a: Deoxys|81/100|[from] item: Life Orb\n|move|p1a: Gholdengo|Shadow Ball|p2a: Deoxys\n|-supereffective|p2a: Deoxys\n|-damage|p2a: Deoxys|0 fnt\n|faint|p2a: Deoxys\n|\n|-heal|p1a: Gholdengo|64/261|[from] item: Leftovers\n|upkeep\n|\n|t:|1783569501\n|switch|p2a: Annihilape|Annihilape, L76, M|100/100\n|turn|18\n|inactive|Time left: 300 sec this turn | 300 sec total\n|\n|t:|1783569502\n|move|p2a: Annihilape|Gunk Shot|p1a: Gholdengo|[miss]\n|-miss|p2a: Annihilape|p1a: Gholdengo\n|move|p1a: Gholdengo|Shadow Ball|p2a: Annihilape\n|-supereffective|p2a: Annihilape\n|-damage|p2a: Annihilape|0 fnt\n|faint|p2a: Annihilape\n|\n|-heal|p1a: Gholdengo|80/261|[from] item: Leftovers\n|upkeep\n|\n|t:|1783569503\n|switch|p2a: Rabsca|Rabsca, L91, F|100/100\n|turn|19\n|inactive|Time left: 300 sec this turn | 300 sec total\n|\n|t:|1783569503\n|move|p1a: Gholdengo|Shadow Ball|p2a: Rabsca\n|-supereffective|p2a: Rabsca\n|-damage|p2a: Rabsca|0 fnt\n|faint|p2a: Rabsca\n|\n|win|p0x26410a6a", "uploadtime": 1783569503, "views": 0, "rating": 0, "private": 0, "password": null, "_winner": "p0x26410a6a", "_our_name": "p0x26410a6a"}