{"id": "battle-gen9randombattle-1599", "formatid": "gen9randombattle", "format": "[Gen 9] Random Battle", "players": ["p0x15993d9a", "p0y159970e0"], "log": "|init|battle\n|title|p0x15993d9a vs. p0y159970e0\n|j|\u2606p0x15993d9a\n|j|\u2606p0y159970e0\n|t:|1783557726\n|gametype|singles\n|player|p1|p0x15993d9a|101|\n|player|p2|p0y159970e0|169|\n|gen|9\n|tier|[Gen 9] Random Battle\n|rule|Species Clause: Limit one of each Pok\u00e9mon\n|rule|HP Percentage Mod: HP is shown in percentages\n|rule|Sleep Clause Mod: Limit one foe put to sleep\n|rule|Illusion Level Mod: Illusion disguises the Pok\u00e9mon's true level\n|\n|t:|1783557726\n|teamsize|p1|6\n|teamsize|p2|6\n|start\n|switch|p1a: Gumshoos|Gumshoos, L95, M|100/100\n|switch|p2a: Donphan|Donphan, L84, M|288/288\n|turn|1\n|inactive|Battle timer is ON: inactive players will automatically lose when time's up. (requested by p0y159970e0)\n|inactive|p0x15993d9a also wants the timer to be on.\n|\n|t:|1783557727\n|move|p1a: Gumshoos|Double-Edge|p2a: Donphan\n|-damage|p2a: Donphan|92/288\n|-damage|p1a: Gumshoos|80/100|[from] Recoil\n|move|p2a: Donphan|Stealth Rock|p1a: Gumshoos\n|-sidestart|p1: p0x15993d9a|move: Stealth Rock\n|\n|-heal|p2a: Donphan|110/288|[from] item: Leftovers\n|upkeep\n|turn|2\n|inactive|Time left: 300 sec this turn | 300 sec total\n|\n|t:|1783557729\n|switch|p2a: Trevenant|Trevenant, L89, F|296/296\n|move|p1a: Gumshoos|Double-Edge|p2a: Trevenant\n|-immune|p2a: Trevenant\n|\n|upkeep\n|turn|3\n|inactive|Time left: 300 sec this turn | 300 sec total\n|\n|t:|1783557730\n|move|p2a: Trevenant|Drain Punch|p1a: Gumshoos\n|-supereffective|p1a: Gumshoos\n|-damage|p1a: Gumshoos|35/100\n|move|p1a: Gumshoos|Double-Edge|p2a: Trevenant\n|-immune|p2a: Trevenant\n|\n|upkeep\n|turn|4\n|inactive|Time left: 300 sec this turn | 300 sec total\n|\n|t:|1783557731\n|move|p2a: Trevenant|Drain Punch|p1a: Gumshoos\n|-supereffective|p1a: Gumshoos\n|-damage|p1a: Gumshoos|0 fnt\n|faint|p1a: Gumshoos\n|\n|upkeep\n|\n|t:|1783557732\n|switch|p1a: Emboar|Emboar, L84, F|100/100\n|-damage|p1a: Emboar|88/100|[from] Stealth Rock\n|turn|5\n|inactive|Time left: 300 sec this turn | 300 sec total\n|\n|t:|1783557733\n|move|p2a: Trevenant|Protect|p2a: Trevenant\n|-singleturn|p2a: Trevenant|Protect\n|move|p1a: Emboar|Bulk Up|p1a: Emboar\n|-boost|p1a: Emboar|atk|1\n|-boost|p1a: Emboar|def|1\n|\n|-heal|p1a: Emboar|94/100|[from] item: Leftovers\n|upkeep\n|turn|6\n|inactive|Time left: 300 sec this turn | 300 sec total\n|\n|t:|1783557734\n|switch|p2a: Charizard|Charizard, L85, M|271/271\n|move|p1a: Emboar|Flare Blitz|p2a: Charizard\n|-resisted|p2a: Charizard\n|-damage|p2a: Charizard|121/271\n|-damage|p1a: Emboar|79/100|[from] Recoil\n|\n|-heal|p1a: Emboar|85/100|[from] item: Leftovers\n|upkeep\n|turn|7\n|inactive|Time left: 300 sec this turn | 300 sec total\n|\n|t:|1783557735\n|move|p2a: Charizard|Earthquake|p1a: Emboar\n|-supereffective|p1a: Emboar\n|-damage|p1a: Emboar|53/100\n|move|p1a: Emboar|Flare Blitz|p2a: Charizard\n|-resisted|p2a: Charizard\n|-damage|p2a: Charizard|0 fnt\n|faint|p2a: Charizard\n|-damage|p1a: Emboar|40/100|[from] Recoil\n|\n|-heal|p1a: Emboar|46/100|[from] item: Leftovers\n|upkeep\n|inactive|Time left: 300 sec this turn | 300 sec total | 5 sec grace\n|\n|t:|1783557736\n|switch|p2a: Flapple|Flapple, L88, F|266/266\n|turn|8\n|inactive|Time left: 300 sec this turn | 300 sec total\n|\n|t:|1783557737\n|move|p2a: Flapple|Outrage|p1a: Emboar\n|-damage|p1a: Emboar|0 fnt\n|faint|p1a: Emboar\n|\n|upkeep\n|\n|t:|1783557739\n|switch|p1a: Lapras|Lapras, L87, F|100/100\n|turn|9\n|inactive|Time left: 300 sec this turn | 300 sec total\n|\n|t:|1783557740\n|move|p2a: Flapple|Outrage|p1a: Lapras|[from] lockedmove\n|-damage|p1a: Lapras|0 fnt\n|faint|p1a: Lapras\n|-start|p2a: Flapple|confusion|[fatigue]\n|\n|upkeep\n|\n|t:|1783557741\n|switch|p1a: Regidrago|Regidrago, L77|100/100\n|-damage|p1a: Regidrago|88/100|[from] Stealth Rock\n|turn|10\n|inactive|Time left: 300 sec this turn | 300 sec total\n|\n|t:|1783557742\n|switch|p2a: Magearna|Magearna-Original, L77|250/250\n|move|p1a: Regidrago|Dragon Claw|p2a: Magearna\n|-immune|p2a: Magearna\n|\n|upkeep\n|turn|11\n|inactive|Time left: 300 sec this turn | 300 sec total\n|\n|t:|1783557743\n|-terastallize|p1a: Regidrago|Steel\n|move|p1a: Regidrago|Dragon Dance|p1a: Regidrago\n|-boost|p1a: Regidrago|atk|1\n|-boost|p1a: Regidrago|spe|1\n|move|p2a: Magearna|Shift Gear|p2a: Magearna\n|-boost|p2a: Magearna|spe|2\n|-boost|p2a: Magearna|atk|1\n|\n|upkeep\n|turn|12\n|inactive|Time left: 300 sec this turn | 300 sec total\n|\n|t:|1783557744\n|-terastallize|p2a: Magearna|Ground\n|move|p2a: Magearna|Tera Blast|p1a: Regidrago|[anim] Tera Blast Ground\n|-supereffective|p1a: Regidrago\n|-damage|p1a: Regidrago|15/100\n|move|p1a: Regidrago|Earthquake|p2a: Magearna\n|-damage|p2a: Magearna|146/250\n|-damage|p1a: Regidrago|5/100|[from] item: Life Orb\n|\n|upkeep\n|turn|13\n|inactive|Time left: 300 sec this turn | 300 sec total\n|\n|t:|1783557745\n|move|p2a: Magearna|Iron Head|p1a: Regidrago\n|-resisted|p1a: Regidrago\n|-damage|p1a: Regidrago|0 fnt\n|faint|p1a: Regidrago\n|-ability|p2a: Magearna|Soul-Heart|boost\n|-boost|p2a: Magearna|spa|1\n|\n|upkeep\n|\n|t:|1783557746\n|switch|p1a: Honchkrow|Honchkrow, L86, M|100/100\n|turn|14\n|inactive|Time left: 300 sec this turn | 300 sec total\n|\n|t:|1783557747\n|switch|p1a: Arceus|Arceus-Fire, L72|100/100\n|-damage|p1a: Arceus|76/100|[from] Stealth Rock\n|move|p2a: Magearna|Fleur Cannon|p1a: Arceus\n|-resisted|p1a: Arceus\n|-damage|p1a: Arceus|42/100\n|-unboost|p2a: Magearna|spa|2\n|\n|upkeep\n|turn|15\n|inactive|Time left: 300 sec this turn | 300 sec total\n|\n|t:|1783557749\n|switch|p1a: Honchkrow|Honchkrow, L86, M|100/100\n|move|p2a: Magearna|Tera Blast|p1a: Honchkrow|[anim] Tera Blast Ground\n|-immune|p1a: Honchkrow\n|\n|upkeep\n|turn|16\n|inactive|Time left: 300 sec this turn | 300 sec total\n|\n|t:|1783557750\n|move|p2a: Magearna|Fleur Cannon|p1a: Honchkrow|[miss]\n|-miss|p2a: Magearna|p1a: Honchkrow\n|move|p1a: Honchkrow|Lash Out|p2a: Magearna\n|-damage|p2a: Magearna|61/250\n|\n|upkeep\n|turn|17\n|inactive|Time left: 300 sec this turn | 300 sec total\n|\n|t:|1783557751\n|switch|p1a: Arceus|Arceus-Fire, L72|42/100\n|-damage|p1a: Arceus|17/100|[from] Stealth Rock\n|move|p2a: Magearna|Fleur Cannon|p1a: Arceus\n|-resisted|p1a: Arceus\n|-damage|p1a: Arceus|1/100\n|-unboost|p2a: Magearna|spa|2\n|\n|upkeep\n|turn|18\n|inactive|Time left: 300 sec this turn | 300 sec total\n|\n|t:|1783557752\n|switch|p2a: Flapple|Flapple, L88, F|266/266\n|move|p1a: Arceus|Swords Dance|p1a: Arceus\n|-boost|p1a: Arceus|atk|2\n|\n|upkeep\n|turn|19\n|inactive|Time left: 300 sec this turn | 300 sec total\n|\n|t:|1783557753\n|switch|p2a: Donphan|Donphan, L84, M|110/288\n|move|p1a: Arceus|Flare Blitz|p2a: Donphan\n|-damage|p2a: Donphan|0 fnt\n|faint|p2a: Donphan\n|-damage|p1a: Arceus|0 fnt|[from] Recoil\n|faint|p1a: Arceus\n|\n|upkeep\n|inactive|Time left: 300 sec this turn | 300 sec total | 5 sec grace\n|\n|t:|1783557755\n|switch|p1a: Honchkrow|Honchkrow, L86, M|100/100\n|switch|p2a: Flapple|Flapple, L88, F|266/266\n|turn|20\n|inactive|Time left: 300 sec this turn | 300 sec total\n|\n|t:|1783557756\n|move|p2a: Flapple|Outrage|p1a: Honchkrow\n|-damage|p1a: Honchkrow|0 fnt\n|faint|p1a: Honchkrow\n|\n|win|p0y159970e0", "uploadtime": 1783557756, "views": 0, "rating": 0, "private": 0, "password": null, "_winner": "p0y159970e0", "_our_name": "p0y159970e0"}