{"id": "battle-gen9randombattle-525", "formatid": "gen9randombattle", "format": "[Gen 9] Random Battle", "players": ["p0x525c232", "p0y525aa3d"], "log": "|init|battle\n|title|p0x525c232 vs. p0y525aa3d\n|j|\u2606p0x525c232\n|j|\u2606p0y525aa3d\n|t:|1783545890\n|gametype|singles\n|player|p1|p0x525c232|1|\n|player|p2|p0y525aa3d|101|\n|gen|9\n|tier|[Gen 9] Random Battle\n|rule|Species Clause: Limit one of each Pok\u00e9mon\n|rule|HP Percentage Mod: HP is shown in percentages\n|rule|Sleep Clause Mod: Limit one foe put to sleep\n|rule|Illusion Level Mod: Illusion disguises the Pok\u00e9mon's true level\n|\n|t:|1783545890\n|teamsize|p1|6\n|teamsize|p2|6\n|start\n|switch|p1a: Bisharp|Bisharp, L79, F|232/232\n|switch|p2a: Araquanid|Araquanid, L82, M|100/100\n|turn|1\n|inactive|Battle timer is ON: inactive players will automatically lose when time's up. (requested by p0x525c232)\n|inactive|p0y525aa3d also wants the timer to be on.\n|\n|t:|1783545892\n|move|p1a: Bisharp|Swords Dance|p1a: Bisharp\n|-boost|p1a: Bisharp|atk|2\n|move|p2a: Araquanid|Sticky Web|p1a: Bisharp\n|-sidestart|p1: p0x525c232|move: Sticky Web\n|\n|upkeep\n|turn|2\n|inactive|Time left: 300 sec this turn | 300 sec total\n|\n|t:|1783545893\n|switch|p2a: Infernape|Infernape, L82, F|100/100\n|move|p1a: Bisharp|Throat Chop|p2a: Infernape\n|-resisted|p2a: Infernape\n|-damage|p2a: Infernape|59/100\n|-start|p2a: Infernape|Throat Chop|[silent]\n|\n|upkeep\n|turn|3\n|inactive|Time left: 300 sec this turn | 300 sec total\n|\n|t:|1783545894\n|-terastallize|p1a: Bisharp|Ghost\n|move|p2a: Infernape|Overheat|p1a: Bisharp\n|-damage|p1a: Bisharp|83/232\n|-unboost|p2a: Infernape|spa|2\n|-damage|p2a: Infernape|50/100|[from] item: Life Orb\n|move|p1a: Bisharp|Iron Head|p2a: Infernape\n|-resisted|p2a: Infernape\n|-damage|p2a: Infernape|4/100\n|\n|-end|p2a: Infernape|Throat Chop|[silent]\n|upkeep\n|turn|4\n|inactive|Time left: 300 sec this turn | 300 sec total\n|\n|t:|1783545896\n|move|p1a: Bisharp|Sucker Punch|p2a: Infernape\n|-resisted|p2a: Infernape\n|-damage|p2a: Infernape|0 fnt\n|faint|p2a: Infernape\n|\n|upkeep\n|\n|t:|1783545897\n|switch|p2a: Morpeko|Morpeko, L88, F|100/100\n|turn|5\n|inactive|Time left: 300 sec this turn | 300 sec total\n|\n|t:|1783545898\n|move|p1a: Bisharp|Sucker Punch|p2a: Morpeko\n|-resisted|p2a: Morpeko\n|-damage|p2a: Morpeko|59/100\n|move|p2a: Morpeko|Knock Off|p1a: Bisharp\n|-supereffective|p1a: Bisharp\n|-damage|p1a: Bisharp|0 fnt\n|-enditem|p1a: Bisharp|Eviolite|[from] move: Knock Off|[of] p2a: Morpeko\n|faint|p1a: Bisharp\n|\n|-heal|p2a: Morpeko|65/100|[from] item: Leftovers\n|-formechange|p2a: Morpeko|Morpeko-Hangry||[from] ability: Hunger Switch\n|upkeep\n|inactive|Time left: 300 sec this turn | 300 sec total | 5 sec grace\n|\n|t:|1783545898\n|switch|p1a: Quagsire|Quagsire, L84, F|297/297\n|-activate|p1a: Quagsire|move: Sticky Web\n|-unboost|p1a: Quagsire|spe|1\n|turn|6\n|inactive|Time left: 300 sec this turn | 300 sec total\n|\n|t:|1783545899\n|switch|p2a: Oricorio|Oricorio-Pa'u, L87, M|100/100\n|move|p1a: Quagsire|Earthquake|p2a: Oricorio\n|-immune|p2a: Oricorio\n|\n|upkeep\n|turn|7\n|inactive|Time left: 300 sec this turn | 300 sec total\n|\n|t:|1783545900\n|move|p2a: Oricorio|Quiver Dance|p2a: Oricorio\n|-boost|p2a: Oricorio|spa|1\n|-boost|p2a: Oricorio|spd|1\n|-boost|p2a: Oricorio|spe|1\n|move|p1a: Quagsire|Toxic|p2a: Oricorio\n|-status|p2a: Oricorio|tox\n|\n|-damage|p2a: Oricorio|94/100 tox|[from] psn\n|upkeep\n|turn|8\n|inactive|Time left: 300 sec this turn | 300 sec total\n|\n|t:|1783545901\n|move|p2a: Oricorio|Quiver Dance|p2a: Oricorio\n|-boost|p2a: Oricorio|spa|1\n|-boost|p2a: Oricorio|spd|1\n|-boost|p2a: Oricorio|spe|1\n|move|p1a: Quagsire|Spikes|p2a: Oricorio\n|-sidestart|p2: p0y525aa3d|Spikes\n|\n|-damage|p2a: Oricorio|82/100 tox|[from] psn\n|upkeep\n|turn|9\n|inactive|Time left: 300 sec this turn | 300 sec total\n|\n|t:|1783545902\n|move|p2a: Oricorio|Quiver Dance|p2a: Oricorio\n|-boost|p2a: Oricorio|spa|1\n|-boost|p2a: Oricorio|spd|1\n|-boost|p2a: Oricorio|spe|1\n|move|p1a: Quagsire|Recover||[still]\n|-fail|p1a: Quagsire|heal\n|\n|-damage|p2a: Oricorio|63/100 tox|[from] psn\n|upkeep\n|turn|10\n|inactive|Time left: 300 sec this turn | 300 sec total\n|\n|t:|1783545903\n|move|p2a: Oricorio|Hurricane|p1a: Quagsire\n|-damage|p1a: Quagsire|143/297\n|-start|p1a: Quagsire|confusion\n|-activate|p1a: Quagsire|confusion\n|move|p1a: Quagsire|Earthquake|p2a: Oricorio\n|-immune|p2a: Oricorio\n|\n|-heal|p1a: Quagsire|161/297|[from] item: Leftovers\n|-damage|p2a: Oricorio|38/100 tox|[from] psn\n|upkeep\n|turn|11\n|inactive|Time left: 300 sec this turn | 300 sec total\n|\n|t:|1783545904\n|move|p2a: Oricorio|Roost|p2a: Oricorio\n|-heal|p2a: Oricorio|88/100 tox\n|-singleturn|p2a: Oricorio|move: Roost\n|-activate|p1a: Quagsire|confusion\n|move|p1a: Quagsire|Earthquake|p2a: Oricorio\n|-damage|p2a: Oricorio|46/100 tox\n|\n|-heal|p1a: Quagsire|179/297|[from] item: Leftovers\n|-damage|p2a: Oricorio|14/100 tox|[from] psn\n|upkeep\n|turn|12\n|inactive|Time left: 300 sec this turn | 300 sec total\n|\n|t:|1783545905\n|move|p2a: Oricorio|Revelation Dance|p1a: Quagsire\n|-damage|p1a: Quagsire|44/297\n|-activate|p1a: Quagsire|confusion\n|move|p1a: Quagsire|Spikes|p2a: Oricorio\n|-sidestart|p2: p0y525aa3d|Spikes\n|\n|-heal|p1a: Quagsire|62/297|[from] item: Leftovers\n|-damage|p2a: Oricorio|0 fnt|[from] psn\n|faint|p2a: Oricorio\n|upkeep\n|\n|t:|1783545906\n|switch|p2a: Glastrier|Glastrier, L86|100/100\n|turn|13\n|inactive|Time left: 300 sec this turn | 300 sec total\n|\n|t:|1783545907\n|move|p2a: Glastrier|High Horsepower|p1a: Quagsire\n|-damage|p1a: Quagsire|0 fnt\n|faint|p1a: Quagsire\n|-ability|p2a: Glastrier|Chilling Neigh|boost\n|-boost|p2a: Glastrier|atk|1\n|\n|upkeep\n|inactive|Time left: 300 sec this turn | 300 sec total | 5 sec grace\n|\n|t:|1783545907\n|switch|p1a: Gardevoir|Gardevoir, L83, F|249/249\n|-activate|p1a: Gardevoir|move: Sticky Web\n|-unboost|p1a: Gardevoir|spe|1\n|-ability|p1a: Gardevoir|Chilling Neigh|Trace|[from] ability: Trace|[of] p2a: Glastrier\n|turn|14\n|inactive|Time left: 300 sec this turn | 300 sec total\n|\n|t:|1783545909\n|move|p1a: Gardevoir|Mystical Fire|p2a: Glastrier\n|-supereffective|p2a: Glastrier\n|-damage|p2a: Glastrier|67/100\n|-unboost|p2a: Glastrier|spa|1\n|move|p2a: Glastrier|Icicle Crash|p1a: Gardevoir\n|-damage|p1a: Gardevoir|0 fnt\n|faint|p1a: Gardevoir\n|-ability|p2a: Glastrier|Chilling Neigh|boost\n|-boost|p2a: Glastrier|atk|1\n|\n|upkeep\n|inactive|Time left: 300 sec this turn | 300 sec total | 5 sec grace\n|\n|t:|1783545910\n|switch|p1a: Calyrex|Calyrex-Shadow, L64|235/235\n|-ability|p1a: Calyrex|As One\n|-ability|p1a: Calyrex|Unnerve\n|-activate|p1a: Calyrex|move: Sticky Web\n|-unboost|p1a: Calyrex|spe|1\n|turn|15\n|inactive|Time left: 300 sec this turn | 300 sec total\n|\n|t:|1783545911\n|move|p1a: Calyrex|Astral Barrage|p2a: Glastrier\n|-damage|p2a: Glastrier|22/100\n|move|p2a: Glastrier|High Horsepower|p1a: Calyrex\n|-crit|p1a: Calyrex\n|-damage|p1a: Calyrex|0 fnt\n|faint|p1a: Calyrex\n|-ability|p2a: Glastrier|Chilling Neigh|boost\n|-boost|p2a: Glastrier|atk|1\n|\n|upkeep\n|inactive|Time left: 300 sec this turn | 300 sec total | 5 sec grace\n|\n|t:|1783545912\n|switch|p1a: Tornadus|Tornadus-Therian, L79, M|254/254\n|turn|16\n|inactive|Time left: 300 sec this turn | 300 sec total\n|\n|t:|1783545913\n|move|p1a: Tornadus|Heat Wave|p2a: Glastrier\n|-supereffective|p2a: Glastrier\n|-damage|p2a: Glastrier|0 fnt\n|faint|p2a: Glastrier\n|\n|upkeep\n|\n|t:|1783545914\n|switch|p2a: Iron Thorns|Iron Thorns, L83|100/100\n|-damage|p2a: Iron Thorns|84/100|[from] Spikes\n|-enditem|p2a: Iron Thorns|Booster Energy\n|-activate|p2a: Iron Thorns|ability: Quark Drive|[fromitem]\n|-start|p2a: Iron Thorns|quarkdriveatk\n|turn|17\n|inactive|Time left: 300 sec this turn | 300 sec total\n|\n|t:|1783545915\n|switch|p1a: Golurk|Golurk, L87|297/297\n|-activate|p1a: Golurk|move: Sticky Web\n|-unboost|p1a: Golurk|spe|1\n|move|p2a: Iron Thorns|Wild Charge|p1a: Golurk\n|-immune|p1a: Golurk\n|\n|upkeep\n|turn|18\n|inactive|Time left: 300 sec this turn | 300 sec total\n|\n|t:|1783545916\n|-terastallize|p2a: Iron Thorns|Grass\n|move|p2a: Iron Thorns|Dragon Dance|p2a: Iron Thorns\n|-boost|p2a: Iron Thorns|atk|1\n|-boost|p2a: Iron Thorns|spe|1\n|move|p1a: Golurk|Dynamic Punch|p2a: Iron Thorns\n|-damage|p2a: Iron Thorns|48/100\n|-start|p2a: Iron Thorns|confusion\n|-damage|p1a: Golurk|268/297|[from] item: Life Orb\n|\n|upkeep\n|turn|19\n|inactive|Time left: 300 sec this turn | 300 sec total\n|\n|t:|1783545917\n|-activate|p2a: Iron Thorns|confusion\n|-damage|p2a: Iron Thorns|33/100|[from] confusion\n|move|p1a: Golurk|Dynamic Punch|p2a: Iron Thorns\n|-damage|p2a: Iron Thorns|0 fnt\n|faint|p2a: Iron Thorns\n|-end|p2a: Iron Thorns|Quark Drive|[silent]\n|-damage|p1a: Golurk|239/297|[from] item: Life Orb\n|\n|upkeep\n|\n|t:|1783545918\n|switch|p2a: Morpeko|Morpeko, L88, F|65/100\n|-damage|p2a: Morpeko|49/100|[from] Spikes\n|turn|20\n|inactive|Time left: 300 sec this turn | 300 sec total\n|\n|t:|1783545919\n|switch|p1a: Tornadus|Tornadus-Therian, L79, M|254/254\n|move|p2a: Morpeko|Protect||[still]\n|-fail|p2a: Morpeko\n|\n|-heal|p2a: Morpeko|55/100|[from] item: Leftovers\n|-formechange|p2a: Morpeko|Morpeko-Hangry||[from] ability: Hunger Switch\n|upkeep\n|turn|21\n|inactive|Time left: 300 sec this turn | 300 sec total\n|\n|t:|1783545920\n|move|p1a: Tornadus|Focus Blast|p2a: Morpeko|[miss]\n|-miss|p1a: Tornadus|p2a: Morpeko\n|move|p2a: Morpeko|Aura Wheel|p1a: Tornadus\n|-damage|p1a: Tornadus|118/254\n|-boost|p2a: Morpeko|spe|1\n|\n|-heal|p2a: Morpeko|61/100|[from] item: Leftovers\n|-formechange|p2a: Morpeko|Morpeko||[from] ability: Hunger Switch\n|upkeep\n|turn|22\n|inactive|Time left: 300 sec this turn | 300 sec total\n|\n|t:|1783545921\n|switch|p1a: Golurk|Golurk, L87|239/297\n|-activate|p1a: Golurk|move: Sticky Web\n|-unboost|p1a: Golurk|spe|1\n|move|p2a: Morpeko|Knock Off|p1a: Golurk\n|-supereffective|p1a: Golurk\n|-damage|p1a: Golurk|27/297\n|-enditem|p1a: Golurk|Life Orb|[from] move: Knock Off|[of] p2a: Morpeko\n|\n|-heal|p2a: Morpeko|67/100|[from] item: Leftovers\n|-formechange|p2a: Morpeko|Morpeko-Hangry||[from] ability: Hunger Switch\n|upkeep\n|turn|23\n|inactive|Time left: 300 sec this turn | 300 sec total\n|\n|t:|1783545921\n|switch|p1a: Tornadus|Tornadus-Therian, L79, M|202/254\n|move|p2a: Morpeko|Aura Wheel|p1a: Tornadus\n|-damage|p1a: Tornadus|55/254\n|-boost|p2a: Morpeko|spe|1\n|\n|-heal|p2a: Morpeko|73/100|[from] item: Leftovers\n|-formechange|p2a: Morpeko|Morpeko||[from] ability: Hunger Switch\n|upkeep\n|turn|24\n|inactive|Time left: 300 sec this turn | 300 sec total\n|\n|t:|1783545922\n|switch|p1a: Golurk|Golurk, L87|27/297\n|-activate|p1a: Golurk|move: Sticky Web\n|-unboost|p1a: Golurk|spe|1\n|move|p2a: Morpeko|Knock Off|p1a: Golurk\n|-supereffective|p1a: Golurk\n|-damage|p1a: Golurk|0 fnt\n|faint|p1a: Golurk\n|\n|-heal|p2a: Morpeko|79/100|[from] item: Leftovers\n|-formechange|p2a: Morpeko|Morpeko-Hangry||[from] ability: Hunger Switch\n|upkeep\n|inactive|Time left: 300 sec this turn | 300 sec total | 5 sec grace\n|\n|t:|1783545923\n|switch|p1a: Tornadus|Tornadus-Therian, L79, M|139/254\n|turn|25\n|inactive|Time left: 300 sec this turn | 300 sec total\n|\n|t:|1783545924\n|move|p2a: Morpeko|Aura Wheel|p1a: Tornadus\n|-damage|p1a: Tornadus|7/254\n|-boost|p2a: Morpeko|spe|1\n|move|p1a: Tornadus|Focus Blast|p2a: Morpeko|[miss]\n|-miss|p1a: Tornadus|p2a: Morpeko\n|\n|-heal|p2a: Morpeko|85/100|[from] item: Leftovers\n|-formechange|p2a: Morpeko|Morpeko||[from] ability: Hunger Switch\n|upkeep\n|turn|26\n|inactive|Time left: 300 sec this turn | 300 sec total\n|\n|t:|1783545925\n|move|p2a: Morpeko|Knock Off|p1a: Tornadus\n|-damage|p1a: Tornadus|0 fnt\n|-enditem|p1a: Tornadus|Choice Specs|[from] move: Knock Off|[of] p2a: Morpeko\n|faint|p1a: Tornadus\n|\n|win|p0y525aa3d", "uploadtime": 1783545925, "views": 0, "rating": 0, "private": 0, "password": null, "_winner": "p0y525aa3d", "_our_name": "p0x525c232"}