{"id": "battle-gen9randombattle-2091", "formatid": "gen9randombattle", "format": "[Gen 9] Random Battle", "players": ["p0x20915271", "p0y2091f442"], "log": "|init|battle\n|title|p0x20915271 vs. p0y2091f442\n|j|\u2606p0x20915271\n|j|\u2606p0y2091f442\n|t:|1783564223\n|gametype|singles\n|player|p1|p0x20915271|1|\n|player|p2|p0y2091f442|265|\n|gen|9\n|tier|[Gen 9] Random Battle\n|rule|Species Clause: Limit one of each Pok\u00e9mon\n|rule|HP Percentage Mod: HP is shown in percentages\n|rule|Sleep Clause Mod: Limit one foe put to sleep\n|rule|Illusion Level Mod: Illusion disguises the Pok\u00e9mon's true level\n|\n|t:|1783564223\n|teamsize|p1|6\n|teamsize|p2|6\n|start\n|switch|p1a: Ho-Oh|Ho-Oh, L71|268/268\n|switch|p2a: Indeedee|Indeedee-F, L90, F|100/100\n|-fieldstart|move: Psychic Terrain|[from] ability: Psychic Surge|[of] p2a: Indeedee\n|turn|1\n|inactive|Battle timer is ON: inactive players will automatically lose when time's up. (requested by p0x20915271)\n|inactive|p0y2091f442 also wants the timer to be on.\n|\n|t:|1783564224\n|switch|p2a: Magcargo|Magcargo, L95, M|100/100\n|move|p1a: Ho-Oh|Brave Bird|p2a: Magcargo\n|-resisted|p2a: Magcargo\n|-damage|p2a: Magcargo|84/100\n|-ability|p2a: Magcargo|Weak Armor|boost\n|-unboost|p2a: Magcargo|def|1\n|-boost|p2a: Magcargo|spe|2\n|-damage|p1a: Ho-Oh|253/268|[from] Recoil\n|\n|upkeep\n|turn|2\n|inactive|Time left: 300 sec this turn | 300 sec total\n|\n|t:|1783564225\n|-terastallize|p1a: Ho-Oh|Ground\n|move|p2a: Magcargo|Power Gem|p1a: Ho-Oh\n|-resisted|p1a: Ho-Oh\n|-damage|p1a: Ho-Oh|217/268\n|move|p1a: Ho-Oh|Earthquake|p2a: Magcargo\n|-supereffective|p2a: Magcargo\n|-damage|p2a: Magcargo|0 fnt\n|faint|p2a: Magcargo\n|\n|upkeep\n|\n|t:|1783564226\n|switch|p2a: Azumarill|Azumarill, L82, M|100/100\n|turn|3\n|inactive|Time left: 300 sec this turn | 300 sec total\n|\n|t:|1783564227\n|move|p1a: Ho-Oh|Sacred Fire|p2a: Azumarill\n|-resisted|p2a: Azumarill\n|-damage|p2a: Azumarill|81/100\n|-status|p2a: Azumarill|brn\n|move|p2a: Azumarill|Liquidation|p1a: Ho-Oh\n|-supereffective|p1a: Ho-Oh\n|-damage|p1a: Ho-Oh|25/268\n|\n|-damage|p2a: Azumarill|75/100 brn|[from] brn\n|upkeep\n|turn|4\n|inactive|Time left: 300 sec this turn | 300 sec total\n|\n|t:|1783564228\n|switch|p1a: Arceus|Arceus-Dragon, L71|288/288\n|move|p2a: Azumarill|Liquidation|p1a: Arceus\n|-resisted|p1a: Arceus\n|-damage|p1a: Arceus|250/288\n|-unboost|p1a: Arceus|def|1\n|\n|-damage|p2a: Azumarill|69/100 brn|[from] brn\n|upkeep\n|turn|5\n|inactive|Time left: 300 sec this turn | 300 sec total\n|\n|t:|1783564229\n|move|p1a: Arceus|Swords Dance|p1a: Arceus\n|-boost|p1a: Arceus|atk|2\n|move|p2a: Azumarill|Liquidation|p1a: Arceus\n|-resisted|p1a: Arceus\n|-damage|p1a: Arceus|195/288\n|\n|-damage|p2a: Azumarill|63/100 brn|[from] brn\n|-fieldend|move: Psychic Terrain\n|upkeep\n|turn|6\n|inactive|Time left: 300 sec this turn | 300 sec total\n|\n|t:|1783564230\n|move|p1a: Arceus|Extreme Speed|p2a: Azumarill\n|-crit|p2a: Azumarill\n|-damage|p2a: Azumarill|14/100 brn\n|move|p2a: Azumarill|Liquidation|p1a: Arceus\n|-resisted|p1a: Arceus\n|-damage|p1a: Arceus|136/288\n|-unboost|p1a: Arceus|def|1\n|\n|-damage|p2a: Azumarill|8/100 brn|[from] brn\n|upkeep\n|turn|7\n|inactive|Time left: 300 sec this turn | 300 sec total\n|\n|t:|1783564231\n|move|p1a: Arceus|Extreme Speed|p2a: Azumarill\n|-damage|p2a: Azumarill|0 fnt\n|faint|p2a: Azumarill\n|\n|upkeep\n|\n|t:|1783564232\n|switch|p2a: Ampharos|Ampharos, L88, F|100/100\n|turn|8\n|inactive|Time left: 300 sec this turn | 300 sec total\n|\n|t:|1783564233\n|move|p1a: Arceus|Outrage|p2a: Ampharos\n|-damage|p2a: Ampharos|14/100\n|move|p2a: Ampharos|Dragon Tail|p1a: Arceus\n|-supereffective|p1a: Arceus\n|-damage|p1a: Arceus|0 fnt\n|faint|p1a: Arceus\n|\n|upkeep\n|inactive|Time left: 300 sec this turn | 300 sec total | 5 sec grace\n|\n|t:|1783564234\n|switch|p1a: Ho-Oh|Ho-Oh, L71, tera:Ground|114/268\n|turn|9\n|inactive|Time left: 300 sec this turn | 300 sec total\n|\n|t:|1783564235\n|switch|p2a: Indeedee|Indeedee-F, L90, F|100/100\n|-fieldstart|move: Psychic Terrain|[from] ability: Psychic Surge|[of] p2a: Indeedee\n|move|p1a: Ho-Oh|Recover|p1a: Ho-Oh\n|-heal|p1a: Ho-Oh|248/268\n|\n|upkeep\n|turn|10\n|inactive|Time left: 300 sec this turn | 300 sec total\n|\n|t:|1783564235\n|move|p2a: Indeedee|Psychic|p1a: Ho-Oh\n|-damage|p1a: Ho-Oh|139/268\n|move|p1a: Ho-Oh|Sacred Fire|p2a: Indeedee\n|-damage|p2a: Indeedee|61/100\n|\n|upkeep\n|turn|11\n|inactive|Time left: 300 sec this turn | 300 sec total\n|\n|t:|1783564236\n|switch|p1a: Honchkrow|Honchkrow, L86, M|312/312\n|move|p2a: Indeedee|Psychic|p1a: Honchkrow\n|-immune|p1a: Honchkrow\n|\n|upkeep\n|turn|12\n|inactive|Time left: 300 sec this turn | 300 sec total\n|\n|t:|1783564237\n|switch|p2a: Ampharos|Ampharos, L88, F|14/100\n|move|p1a: Honchkrow|Brave Bird|p2a: Ampharos\n|-resisted|p2a: Ampharos\n|-damage|p2a: Ampharos|0 fnt\n|faint|p2a: Ampharos\n|-ability|p1a: Honchkrow|Moxie|boost\n|-boost|p1a: Honchkrow|atk|1\n|-damage|p1a: Honchkrow|299/312|[from] Recoil\n|\n|upkeep\n|\n|t:|1783564238\n|switch|p2a: Indeedee|Indeedee-F, L90, F|61/100\n|turn|13\n|inactive|Time left: 300 sec this turn | 300 sec total\n|\n|t:|1783564239\n|-terastallize|p2a: Indeedee|Fairy\n|move|p2a: Indeedee|Dazzling Gleam|p1a: Honchkrow\n|-supereffective|p1a: Honchkrow\n|-damage|p1a: Honchkrow|15/312\n|move|p1a: Honchkrow|Brave Bird|p2a: Indeedee\n|-damage|p2a: Indeedee|0 fnt\n|faint|p2a: Indeedee\n|-ability|p1a: Honchkrow|Moxie|boost\n|-boost|p1a: Honchkrow|atk|1\n|-damage|p1a: Honchkrow|0 fnt|[from] Recoil\n|faint|p1a: Honchkrow\n|\n|-fieldend|move: Psychic Terrain\n|upkeep\n|inactive|Time left: 300 sec this turn | 300 sec total | 5 sec grace\n|\n|t:|1783564240\n|switch|p2a: Amoonguss|Amoonguss, L82, F|100/100\n|switch|p1a: Malamar|Malamar, L82, M|275/275\n|turn|14\n|inactive|Time left: 300 sec this turn | 300 sec total\n|\n|t:|1783564241\n|move|p1a: Malamar|Superpower|p2a: Amoonguss\n|-resisted|p2a: Amoonguss\n|-damage|p2a: Amoonguss|87/100\n|-boost|p1a: Malamar|atk|1\n|-boost|p1a: Malamar|def|1\n|-damage|p1a: Malamar|230/275|[from] item: Rocky Helmet|[of] p2a: Amoonguss\n|move|p2a: Amoonguss|Sludge Bomb|p1a: Malamar\n|-damage|p1a: Malamar|137/275\n|\n|-heal|p1a: Malamar|154/275|[from] item: Leftovers\n|upkeep\n|turn|15\n|inactive|Time left: 300 sec this turn | 300 sec total\n|\n|t:|1783564242\n|move|p1a: Malamar|Knock Off|p2a: Amoonguss\n|-damage|p2a: Amoonguss|34/100\n|-damage|p1a: Malamar|109/275|[from] item: Rocky Helmet|[of] p2a: Amoonguss\n|-enditem|p2a: Amoonguss|Rocky Helmet|[from] move: Knock Off|[of] p1a: Malamar\n|move|p2a: Amoonguss|Giga Drain|p1a: Malamar\n|-damage|p1a: Malamar|25/275\n|-heal|p2a: Amoonguss|48/100|[from] drain|[of] p1a: Malamar\n|\n|-heal|p1a: Malamar|42/275|[from] item: Leftovers\n|upkeep\n|turn|16\n|inactive|Time left: 300 sec this turn | 300 sec total\n|\n|t:|1783564243\n|move|p1a: Malamar|Rest|p1a: Malamar\n|-status|p1a: Malamar|slp|[from] move: Rest\n|-heal|p1a: Malamar|275/275 slp|[silent]\n|move|p2a: Amoonguss|Giga Drain|p1a: Malamar\n|-crit|p1a: Malamar\n|-damage|p1a: Malamar|164/275 slp\n|-heal|p2a: Amoonguss|65/100|[from] drain|[of] p1a: Malamar\n|\n|-heal|p1a: Malamar|181/275 slp|[from] item: Leftovers\n|upkeep\n|turn|17\n|inactive|Time left: 300 sec this turn | 300 sec total\n|\n|t:|1783564244\n|cant|p1a: Malamar|slp\n|move|p1a: Malamar|Sleep Talk|p1a: Malamar\n|move|p1a: Malamar|Knock Off|p2a: Amoonguss|[from] move: Sleep Talk\n|-damage|p2a: Amoonguss|29/100\n|move|p2a: Amoonguss|Giga Drain|p1a: Malamar\n|-damage|p1a: Malamar|100/275 slp\n|-heal|p2a: Amoonguss|41/100|[from] drain|[of] p1a: Malamar\n|\n|-heal|p1a: Malamar|117/275 slp|[from] item: Leftovers\n|upkeep\n|turn|18\n|inactive|Time left: 300 sec this turn | 300 sec total\n|\n|t:|1783564245\n|cant|p1a: Malamar|slp\n|move|p1a: Malamar|Sleep Talk|p1a: Malamar\n|move|p1a: Malamar|Knock Off|p2a: Amoonguss|[from] move: Sleep Talk\n|-damage|p2a: Amoonguss|4/100\n|move|p2a: Amoonguss|Clear Smog|p1a: Malamar\n|-damage|p1a: Malamar|60/275 slp\n|-clearboost|p1a: Malamar\n|\n|-heal|p1a: Malamar|77/275 slp|[from] item: Leftovers\n|upkeep\n|turn|19\n|inactive|Time left: 300 sec this turn | 300 sec total\n|\n|t:|1783564246\n|switch|p2a: Terapagos|Terapagos, L77, M|100/100\n|-activate|p2a: Terapagos|ability: Tera Shift\n|detailschange|p2a: Terapagos|Terapagos-Terastal, L77, M\n|-heal|p2a: Terapagos|100/100|[silent]\n|-curestatus|p1a: Malamar|slp|[msg]\n|move|p1a: Malamar|Superpower|p2a: Terapagos\n|-activate|p2a: Terapagos|ability: Tera Shell\n|-resisted|p2a: Terapagos\n|-damage|p2a: Terapagos|88/100\n|-boost|p1a: Malamar|atk|1\n|-boost|p1a: Malamar|def|1\n|\n|-heal|p1a: Malamar|94/275|[from] item: Leftovers\n|upkeep\n|turn|20\n|inactive|Time left: 300 sec this turn | 300 sec total\n|\n|t:|1783564247\n|switch|p1a: Ho-Oh|Ho-Oh, L71, tera:Ground|228/268\n|move|p2a: Terapagos|Tera Starstorm|p1a: Ho-Oh\n|-damage|p1a: Ho-Oh|143/268\n|\n|upkeep\n|turn|21\n|inactive|Time left: 300 sec this turn | 300 sec total\n|\n|t:|1783564248\n|move|p2a: Terapagos|Calm Mind|p2a: Terapagos\n|-boost|p2a: Terapagos|spa|1\n|-boost|p2a: Terapagos|spd|1\n|move|p1a: Ho-Oh|Recover|p1a: Ho-Oh\n|-heal|p1a: Ho-Oh|268/268\n|\n|upkeep\n|turn|22\n|inactive|Time left: 300 sec this turn | 300 sec total\n|\n|t:|1783564249\n|move|p2a: Terapagos|Calm Mind|p2a: Terapagos\n|-boost|p2a: Terapagos|spa|1\n|-boost|p2a: Terapagos|spd|1\n|move|p1a: Ho-Oh|Sacred Fire|p2a: Terapagos\n|-damage|p2a: Terapagos|53/100\n|-status|p2a: Terapagos|brn\n|\n|-damage|p2a: Terapagos|46/100 brn|[from] brn\n|upkeep\n|turn|23\n|inactive|Time left: 300 sec this turn | 300 sec total\n|\n|t:|1783564250\n|move|p2a: Terapagos|Rest|p2a: Terapagos\n|-status|p2a: Terapagos|slp|[from] move: Rest\n|-heal|p2a: Terapagos|100/100 slp|[silent]\n|-enditem|p2a: Terapagos|Chesto Berry|[eat]\n|-curestatus|p2a: Terapagos|slp|[msg]\n|move|p1a: Ho-Oh|Brave Bird|p2a: Terapagos\n|-activate|p2a: Terapagos|ability: Tera Shell\n|-resisted|p2a: Terapagos\n|-damage|p2a: Terapagos|80/100\n|-damage|p1a: Ho-Oh|250/268|[from] Recoil\n|\n|upkeep\n|turn|24\n|inactive|Time left: 300 sec this turn | 300 sec total\n|\n|t:|1783564251\n|move|p2a: Terapagos|Tera Starstorm|p1a: Ho-Oh\n|-damage|p1a: Ho-Oh|93/268\n|move|p1a: Ho-Oh|Sacred Fire|p2a: Terapagos\n|-damage|p2a: Terapagos|50/100\n|\n|upkeep\n|turn|25\n|inactive|Time left: 300 sec this turn | 300 sec total\n|\n|t:|1783564252\n|switch|p1a: Malamar|Malamar, L82, M|94/275\n|move|p2a: Terapagos|Tera Starstorm|p1a: Malamar\n|-damage|p1a: Malamar|0 fnt\n|faint|p1a: Malamar\n|\n|upkeep\n|inactive|Time left: 300 sec this turn | 300 sec total | 5 sec grace\n|\n|t:|1783564253\n|switch|p1a: Delphox|Delphox, L84, F|263/263\n|turn|26\n|inactive|Time left: 300 sec this turn | 300 sec total\n|\n|t:|1783564254\n|move|p1a: Delphox|Nasty Plot|p1a: Delphox\n|-boost|p1a: Delphox|spa|2\n|move|p2a: Terapagos|Rest|p2a: Terapagos\n|-status|p2a: Terapagos|slp|[from] move: Rest\n|-heal|p2a: Terapagos|100/100 slp|[silent]\n|\n|upkeep\n|turn|27\n|inactive|Time left: 300 sec this turn | 300 sec total\n|\n|t:|1783564255\n|move|p1a: Delphox|Psyshock|p2a: Terapagos\n|-activate|p2a: Terapagos|ability: Tera Shell\n|-resisted|p2a: Terapagos\n|-damage|p2a: Terapagos|69/100 slp\n|cant|p2a: Terapagos|slp\n|\n|upkeep\n|turn|28\n|inactive|Time left: 300 sec this turn | 300 sec total\n|\n|t:|1783564256\n|move|p1a: Delphox|Psyshock|p2a: Terapagos\n|-damage|p2a: Terapagos|3/100 slp\n|cant|p2a: Terapagos|slp\n|\n|upkeep\n|turn|29\n|inactive|Time left: 300 sec this turn | 300 sec total\n|\n|t:|1783564257\n|move|p1a: Delphox|Grass Knot|p2a: Terapagos\n|-damage|p2a: Terapagos|0 fnt\n|faint|p2a: Terapagos\n|\n|upkeep\n|\n|t:|1783564257\n|switch|p2a: Amoonguss|Amoonguss, L82, F|37/100\n|turn|30\n|inactive|Time left: 300 sec this turn | 300 sec total\n|\n|t:|1783564258\n|move|p1a: Delphox|Psyshock|p2a: Amoonguss\n|-supereffective|p2a: Amoonguss\n|-damage|p2a: Amoonguss|0 fnt\n|faint|p2a: Amoonguss\n|\n|win|p0x20915271", "uploadtime": 1783564258, "views": 0, "rating": 0, "private": 0, "password": null, "_winner": "p0x20915271", "_our_name": "p0x20915271"}