{"id": "battle-gen9randombattle-32", "formatid": "gen9randombattle", "format": "[Gen 9] Random Battle", "players": ["p0x032ad2e", "p0y032a404"], "log": "|init|battle\n|title|p0x032ad2e vs. p0y032a404\n|j|\u2606p0x032ad2e\n|j|\u2606p0y032a404\n|t:|1783539807\n|gametype|singles\n|player|p1|p0x032ad2e|102|\n|player|p2|p0y032a404|170|\n|gen|9\n|tier|[Gen 9] Random Battle\n|rule|Species Clause: Limit one of each Pok\u00e9mon\n|rule|HP Percentage Mod: HP is shown in percentages\n|rule|Sleep Clause Mod: Limit one foe put to sleep\n|rule|Illusion Level Mod: Illusion disguises the Pok\u00e9mon's true level\n|\n|t:|1783539807\n|teamsize|p1|6\n|teamsize|p2|6\n|start\n|switch|p1a: Iron Boulder|Iron Boulder, L77|100/100\n|switch|p2a: Arbok|Arbok, L87, F|246/246\n|-ability|p2a: Arbok|Intimidate|boost\n|-unboost|p1a: Iron Boulder|atk|1\n|turn|1\n|inactive|Battle timer is ON: inactive players will automatically lose when time's up. (requested by p0x032ad2e)\n|inactive|Time left: 300 sec this turn | 300 sec total | 60 sec grace\n|inactive|p0y032a404 also wants the timer to be on.\n|\n|t:|1783539808\n|move|p1a: Iron Boulder|Swords Dance|p1a: Iron Boulder\n|-boost|p1a: Iron Boulder|atk|2\n|move|p2a: Arbok|Trailblaze|p1a: Iron Boulder\n|-supereffective|p1a: Iron Boulder\n|-damage|p1a: Iron Boulder|67/100\n|-boost|p2a: Arbok|spe|1\n|\n|upkeep\n|turn|2\n|inactive|Time left: 300 sec this turn | 300 sec total\n|\n|t:|1783539809\n|move|p2a: Arbok|Earthquake|p1a: Iron Boulder\n|-supereffective|p1a: Iron Boulder\n|-damage|p1a: Iron Boulder|1/100\n|move|p1a: Iron Boulder|Zen Headbutt|p2a: Arbok\n|-supereffective|p2a: Arbok\n|-damage|p2a: Arbok|0 fnt\n|faint|p2a: Arbok\n|-damage|p1a: Iron Boulder|0 fnt|[from] item: Life Orb\n|faint|p1a: Iron Boulder\n|-end|p1a: Iron Boulder|Quark Drive|[silent]\n|\n|upkeep\n|inactive|Time left: 300 sec this turn | 300 sec total | 5 sec grace\n|\n|t:|1783539810\n|switch|p1a: Zarude|Zarude, L77|100/100\n|switch|p2a: Cloyster|Cloyster, L80, M|211/211\n|turn|3\n|inactive|Time left: 300 sec this turn | 300 sec total\n|\n|t:|1783539811\n|move|p1a: Zarude|Power Whip|p2a: Cloyster\n|-supereffective|p2a: Cloyster\n|-damage|p2a: Cloyster|29/211\n|-damage|p1a: Zarude|91/100|[from] item: Life Orb\n|move|p2a: Cloyster|Shell Smash|p2a: Cloyster\n|-unboost|p2a: Cloyster|def|1\n|-unboost|p2a: Cloyster|spd|1\n|-boost|p2a: Cloyster|atk|2\n|-boost|p2a: Cloyster|spa|2\n|-boost|p2a: Cloyster|spe|2\n|-enditem|p2a: Cloyster|White Herb\n|-clearnegativeboost|p2a: Cloyster|[silent]\n|\n|upkeep\n|turn|4\n|inactive|Time left: 300 sec this turn | 300 sec total\n|\n|t:|1783539812\n|-terastallize|p1a: Zarude|Fighting\n|move|p2a: Cloyster|Icicle Spear|p1a: Zarude\n|-damage|p1a: Zarude|75/100\n|-damage|p1a: Zarude|59/100\n|-damage|p1a: Zarude|43/100\n|-damage|p1a: Zarude|28/100\n|-damage|p1a: Zarude|13/100\n|-hitcount|p1a: Zarude|5\n|move|p1a: Zarude|Knock Off|p2a: Cloyster\n|-damage|p2a: Cloyster|0 fnt\n|faint|p2a: Cloyster\n|-damage|p1a: Zarude|3/100|[from] item: Life Orb\n|\n|upkeep\n|inactive|Time left: 300 sec this turn | 300 sec total | 5 sec grace\n|\n|t:|1783539813\n|switch|p2a: Tauros|Tauros-Paldea-Combat, L82, M|257/257\n|-ability|p2a: Tauros|Intimidate|boost\n|-unboost|p1a: Zarude|atk|1\n|turn|5\n|inactive|Time left: 300 sec this turn | 300 sec total\n|\n|t:|1783539814\n|move|p2a: Tauros|Earthquake|p1a: Zarude\n|-damage|p1a: Zarude|0 fnt\n|faint|p1a: Zarude\n|\n|upkeep\n|\n|t:|1783539815\n|switch|p1a: Cloyster|Cloyster, L80, M|100/100\n|turn|6\n|inactive|Time left: 300 sec this turn | 300 sec total\n|\n|t:|1783539816\n|switch|p2a: Rabsca|Rabsca, L91, F|284/284\n|move|p1a: Cloyster|Shell Smash|p1a: Cloyster\n|-unboost|p1a: Cloyster|def|1\n|-unboost|p1a: Cloyster|spd|1\n|-boost|p1a: Cloyster|atk|2\n|-boost|p1a: Cloyster|spa|2\n|-boost|p1a: Cloyster|spe|2\n|-enditem|p1a: Cloyster|White Herb\n|-clearnegativeboost|p1a: Cloyster|[silent]\n|\n|upkeep\n|turn|7\n|inactive|Time left: 300 sec this turn | 300 sec total\n|\n|t:|1783539817\n|-terastallize|p2a: Rabsca|Steel\n|move|p1a: Cloyster|Hydro Pump|p2a: Rabsca\n|-damage|p2a: Rabsca|122/284\n|move|p2a: Rabsca|Bug Buzz|p1a: Cloyster\n|-damage|p1a: Cloyster|0 fnt\n|faint|p1a: Cloyster\n|\n|upkeep\n|\n|t:|1783539818\n|switch|p1a: Milotic|Milotic, L83, F|100/100\n|turn|8\n|inactive|Time left: 300 sec this turn | 300 sec total\n|\n|t:|1783539819\n|move|p1a: Milotic|Scald|p2a: Rabsca\n|-damage|p2a: Rabsca|49/284\n|move|p2a: Rabsca|Recover|p2a: Rabsca\n|-heal|p2a: Rabsca|191/284\n|\n|upkeep\n|turn|9\n|inactive|Time left: 300 sec this turn | 300 sec total\n|\n|t:|1783539820\n|move|p1a: Milotic|Scald|p2a: Rabsca\n|-damage|p2a: Rabsca|119/284\n|-status|p2a: Rabsca|brn\n|-activate|p2a: Rabsca|ability: Synchronize\n|-status|p1a: Milotic|brn\n|move|p2a: Rabsca|Recover|p2a: Rabsca\n|-heal|p2a: Rabsca|261/284 brn\n|\n|-damage|p1a: Milotic|94/100 brn|[from] brn\n|-damage|p2a: Rabsca|244/284 brn|[from] brn\n|upkeep\n|turn|10\n|inactive|Time left: 300 sec this turn | 300 sec total\n|\n|t:|1783539821\n|move|p1a: Milotic|Scald|p2a: Rabsca\n|-damage|p2a: Rabsca|168/284 brn\n|move|p2a: Rabsca|Bug Buzz|p1a: Milotic\n|-damage|p1a: Milotic|57/100 brn\n|\n|-heal|p1a: Milotic|64/100 brn|[from] item: Leftovers\n|-damage|p1a: Milotic|57/100 brn|[from] brn\n|-damage|p2a: Rabsca|151/284 brn|[from] brn\n|upkeep\n|turn|11\n|inactive|Time left: 300 sec this turn | 300 sec total\n|\n|t:|1783539822\n|move|p1a: Milotic|Recover|p1a: Milotic\n|-heal|p1a: Milotic|100/100 brn\n|move|p2a: Rabsca|Recover|p2a: Rabsca\n|-heal|p2a: Rabsca|284/284 brn\n|\n|-damage|p1a: Milotic|94/100 brn|[from] brn\n|-damage|p2a: Rabsca|267/284 brn|[from] brn\n|upkeep\n|turn|12\n|inactive|Time left: 300 sec this turn | 300 sec total\n|\n|t:|1783539823\n|move|p1a: Milotic|Scald|p2a: Rabsca\n|-damage|p2a: Rabsca|189/284 brn\n|move|p2a: Rabsca|Psychic|p1a: Milotic\n|-damage|p1a: Milotic|63/100 brn\n|\n|-heal|p1a: Milotic|69/100 brn|[from] item: Leftovers\n|-damage|p1a: Milotic|63/100 brn|[from] brn\n|-damage|p2a: Rabsca|172/284 brn|[from] brn\n|upkeep\n|turn|13\n|inactive|Time left: 300 sec this turn | 300 sec total\n|\n|t:|1783539824\n|move|p1a: Milotic|Recover|p1a: Milotic\n|-heal|p1a: Milotic|100/100 brn\n|move|p2a: Rabsca|Recover|p2a: Rabsca\n|-heal|p2a: Rabsca|284/284 brn\n|\n|-damage|p1a: Milotic|94/100 brn|[from] brn\n|-damage|p2a: Rabsca|267/284 brn|[from] brn\n|upkeep\n|turn|14\n|inactive|Time left: 300 sec this turn | 300 sec total\n|\n|t:|1783539826\n|move|p1a: Milotic|Scald|p2a: Rabsca\n|-damage|p2a: Rabsca|198/284 brn\n|move|p2a: Rabsca|Psychic|p1a: Milotic\n|-damage|p1a: Milotic|61/100 brn\n|\n|-heal|p1a: Milotic|67/100 brn|[from] item: Leftovers\n|-damage|p1a: Milotic|61/100 brn|[from] brn\n|-damage|p2a: Rabsca|181/284 brn|[from] brn\n|upkeep\n|turn|15\n|inactive|Time left: 300 sec this turn | 300 sec total\n|\n|t:|1783539827\n|move|p1a: Milotic|Recover|p1a: Milotic\n|-heal|p1a: Milotic|100/100 brn\n|move|p2a: Rabsca|Recover|p2a: Rabsca\n|-heal|p2a: Rabsca|284/284 brn\n|\n|-damage|p1a: Milotic|94/100 brn|[from] brn\n|-damage|p2a: Rabsca|267/284 brn|[from] brn\n|upkeep\n|turn|16\n|inactive|Time left: 300 sec this turn | 300 sec total\n|\n|t:|1783539828\n|move|p1a: Milotic|Scald|p2a: Rabsca\n|-damage|p2a: Rabsca|189/284 brn\n|move|p2a: Rabsca|Bug Buzz|p1a: Milotic\n|-damage|p1a: Milotic|58/100 brn\n|-unboost|p1a: Milotic|spd|1\n|-ability|p1a: Milotic|Competitive|boost\n|-boost|p1a: Milotic|spa|2\n|\n|-heal|p1a: Milotic|64/100 brn|[from] item: Leftovers\n|-damage|p1a: Milotic|58/100 brn|[from] brn\n|-damage|p2a: Rabsca|172/284 brn|[from] brn\n|upkeep\n|turn|17\n|inactive|Time left: 300 sec this turn | 300 sec total\n|\n|t:|1783539829\n|move|p1a: Milotic|Scald|p2a: Rabsca\n|-damage|p2a: Rabsca|40/284 brn\n|move|p2a: Rabsca|Bug Buzz|p1a: Milotic\n|-damage|p1a: Milotic|5/100 brn\n|\n|-heal|p1a: Milotic|11/100 brn|[from] item: Leftovers\n|-damage|p1a: Milotic|5/100 brn|[from] brn\n|-damage|p2a: Rabsca|23/284 brn|[from] brn\n|upkeep\n|turn|18\n|inactive|Time left: 300 sec this turn | 300 sec total\n|\n|t:|1783539830\n|move|p1a: Milotic|Recover|p1a: Milotic\n|-heal|p1a: Milotic|55/100 brn\n|move|p2a: Rabsca|Bug Buzz|p1a: Milotic\n|-damage|p1a: Milotic|5/100 brn\n|\n|-heal|p1a: Milotic|11/100 brn|[from] item: Leftovers\n|-damage|p1a: Milotic|5/100 brn|[from] brn\n|-damage|p2a: Rabsca|6/284 brn|[from] brn\n|upkeep\n|turn|19\n|inactive|Time left: 300 sec this turn | 300 sec total\n|\n|t:|1783539831\n|move|p1a: Milotic|Recover|p1a: Milotic\n|-heal|p1a: Milotic|55/100 brn\n|move|p2a: Rabsca|Psychic|p1a: Milotic\n|-damage|p1a: Milotic|3/100 brn\n|\n|-heal|p1a: Milotic|9/100 brn|[from] item: Leftovers\n|-damage|p1a: Milotic|3/100 brn|[from] brn\n|-damage|p2a: Rabsca|0 fnt|[from] brn\n|faint|p2a: Rabsca\n|upkeep\n|inactive|Time left: 300 sec this turn | 300 sec total | 5 sec grace\n|\n|t:|1783539832\n|switch|p2a: Bruxish|Bruxish, L85, F|254/254\n|turn|20\n|inactive|Time left: 300 sec this turn | 300 sec total\n|\n|t:|1783539833\n|move|p2a: Bruxish|Swords Dance|p2a: Bruxish\n|-boost|p2a: Bruxish|atk|2\n|move|p1a: Milotic|Scald|p2a: Bruxish\n|-resisted|p2a: Bruxish\n|-damage|p2a: Bruxish|158/254\n|-status|p2a: Bruxish|brn\n|\n|-heal|p1a: Milotic|9/100 brn|[from] item: Leftovers\n|-damage|p2a: Bruxish|143/254 brn|[from] brn\n|-damage|p1a: Milotic|3/100 brn|[from] brn\n|upkeep\n|turn|21\n|inactive|Time left: 300 sec this turn | 300 sec total\n|\n|t:|1783539834\n|move|p2a: Bruxish|Psychic Fangs|p1a: Milotic\n|-damage|p1a: Milotic|0 fnt\n|faint|p1a: Milotic\n|-damage|p2a: Bruxish|118/254 brn|[from] item: Life Orb\n|\n|-damage|p2a: Bruxish|103/254 brn|[from] brn\n|upkeep\n|\n|t:|1783539835\n|switch|p1a: Grimmsnarl|Grimmsnarl, L83, M|100/100\n|turn|22\n|inactive|Time left: 300 sec this turn | 300 sec total\n|\n|t:|1783539836\n|move|p1a: Grimmsnarl|Sucker Punch|p2a: Bruxish\n|-supereffective|p2a: Bruxish\n|-damage|p2a: Bruxish|0 fnt\n|faint|p2a: Bruxish\n|\n|upkeep\n|inactive|Time left: 300 sec this turn | 300 sec total | 5 sec grace\n|\n|t:|1783539837\n|switch|p2a: Tauros|Tauros-Paldea-Combat, L82, M|257/257\n|-ability|p2a: Tauros|Intimidate|boost\n|-unboost|p1a: Grimmsnarl|atk|1\n|turn|23\n|inactive|Time left: 300 sec this turn | 300 sec total\n|\n|t:|1783539838\n|move|p1a: Grimmsnarl|Thunder Wave|p2a: Tauros|[miss]\n|-miss|p1a: Grimmsnarl|p2a: Tauros\n|move|p2a: Tauros|Close Combat|p1a: Grimmsnarl\n|-damage|p1a: Grimmsnarl|13/100\n|-unboost|p2a: Tauros|def|1\n|-unboost|p2a: Tauros|spd|1\n|\n|-heal|p1a: Grimmsnarl|19/100|[from] item: Leftovers\n|upkeep\n|turn|24\n|inactive|Time left: 300 sec this turn | 300 sec total\n|\n|t:|1783539839\n|move|p1a: Grimmsnarl|Thunder Wave|p2a: Tauros\n|-status|p2a: Tauros|par\n|cant|p2a: Tauros|par\n|\n|-heal|p1a: Grimmsnarl|25/100|[from] item: Leftovers\n|upkeep\n|turn|25\n|inactive|Time left: 300 sec this turn | 300 sec total\n|\n|t:|1783539841\n|move|p1a: Grimmsnarl|Spirit Break|p2a: Tauros\n|-supereffective|p2a: Tauros\n|-damage|p2a: Tauros|87/257 par\n|-unboost|p2a: Tauros|spa|1\n|move|p2a: Tauros|Close Combat|p1a: Grimmsnarl\n|-damage|p1a: Grimmsnarl|0 fnt\n|-unboost|p2a: Tauros|def|1\n|-unboost|p2a: Tauros|spd|1\n|faint|p1a: Grimmsnarl\n|\n|upkeep\n|\n|t:|1783539842\n|switch|p1a: Glalie|Glalie, L96, F|100/100\n|turn|26\n|inactive|Time left: 300 sec this turn | 300 sec total\n|\n|t:|1783539843\n|switch|p2a: Dipplin|Dipplin, L88, F|284/284\n|move|p1a: Glalie|Freeze-Dry|p2a: Dipplin\n|-supereffective|p2a: Dipplin\n|-damage|p2a: Dipplin|68/284\n|\n|upkeep\n|turn|27\n|inactive|Time left: 300 sec this turn | 300 sec total\n|\n|t:|1783539844\n|switch|p2a: Tauros|Tauros-Paldea-Combat, L82, M|87/257 par\n|-ability|p2a: Tauros|Intimidate|boost\n|-fail|p1a: Glalie|unboost|Attack|[from] ability: Inner Focus|[of] p1a: Glalie\n|move|p1a: Glalie|Freeze-Dry|p2a: Tauros\n|-damage|p2a: Tauros|0 fnt\n|faint|p2a: Tauros\n|\n|upkeep\n|inactive|Time left: 300 sec this turn | 300 sec total | 5 sec grace\n|\n|t:|1783539844\n|switch|p2a: Dipplin|Dipplin, L88, F|68/284\n|turn|28\n|inactive|Time left: 300 sec this turn | 300 sec total\n|\n|t:|1783539845\n|move|p1a: Glalie|Freeze-Dry|p2a: Dipplin\n|-supereffective|p2a: Dipplin\n|-damage|p2a: Dipplin|0 fnt\n|faint|p2a: Dipplin\n|\n|win|p0x032ad2e", "uploadtime": 1783539845, "views": 0, "rating": 0, "private": 0, "password": null, "_winner": "p0x032ad2e", "_our_name": "p0y032a404"}