{"id": "battle-gen9randombattle-27", "formatid": "gen9randombattle", "format": "[Gen 9] Random Battle", "players": ["p0x027f6a6", "p0y02730e0"], "log": "|init|battle\n|title|p0x027f6a6 vs. p0y02730e0\n|j|\u2606p0x027f6a6\n|j|\u2606p0y02730e0\n|t:|1783539481\n|gametype|singles\n|player|p1|p0x027f6a6|2|\n|player|p2|p0y02730e0|1|\n|gen|9\n|tier|[Gen 9] Random Battle\n|rule|Species Clause: Limit one of each Pok\u00e9mon\n|rule|HP Percentage Mod: HP is shown in percentages\n|rule|Sleep Clause Mod: Limit one foe put to sleep\n|rule|Illusion Level Mod: Illusion disguises the Pok\u00e9mon's true level\n|\n|t:|1783539481\n|teamsize|p1|6\n|teamsize|p2|6\n|start\n|switch|p1a: Hypno|Hypno, L95, F|315/315\n|switch|p2a: Spectrier|Spectrier, L75|100/100\n|turn|1\n|inactive|Battle timer is ON: inactive players will automatically lose when time's up. (requested by p0y02730e0)\n|inactive|Time left: 300 sec this turn | 300 sec total | 60 sec grace\n|inactive|p0x027f6a6 also wants the timer to be on.\n|\n|t:|1783539482\n|move|p2a: Spectrier|Nasty Plot|p2a: Spectrier\n|-boost|p2a: Spectrier|spa|2\n|move|p1a: Hypno|Knock Off|p2a: Spectrier\n|-supereffective|p2a: Spectrier\n|-damage|p2a: Spectrier|22/100\n|-enditem|p2a: Spectrier|Life Orb|[from] move: Knock Off|[of] p1a: Hypno\n|\n|upkeep\n|turn|2\n|inactive|Time left: 300 sec this turn | 300 sec total\n|\n|t:|1783539483\n|move|p2a: Spectrier|Shadow Ball|p1a: Hypno\n|-supereffective|p1a: Hypno\n|-damage|p1a: Hypno|31/315\n|move|p1a: Hypno|Psychic Noise|p2a: Spectrier\n|-damage|p2a: Spectrier|0 fnt\n|faint|p2a: Spectrier\n|\n|-heal|p1a: Hypno|50/315|[from] item: Leftovers\n|upkeep\n|\n|t:|1783539484\n|switch|p2a: Bruxish|Bruxish, L85, M|100/100\n|turn|3\n|inactive|Time left: 300 sec this turn | 300 sec total\n|\n|t:|1783539486\n|switch|p1a: Pincurchin|Pincurchin, M|258/258\n|-fieldstart|move: Electric Terrain|[from] ability: Electric Surge|[of] p1a: Pincurchin\n|move|p2a: Bruxish|Psychic Fangs|p1a: Pincurchin\n|-crit|p1a: Pincurchin\n|-damage|p1a: Pincurchin|89/258\n|\n|-heal|p1a: Pincurchin|105/258|[from] item: Leftovers\n|upkeep\n|turn|4\n|inactive|Time left: 300 sec this turn | 300 sec total\n|\n|t:|1783539487\n|switch|p1a: Chimecho|Chimecho, L93, M|290/290\n|move|p2a: Bruxish|Psychic Fangs|p1a: Chimecho\n|-resisted|p1a: Chimecho\n|-damage|p1a: Chimecho|214/290\n|\n|-heal|p1a: Chimecho|232/290|[from] item: Leftovers\n|upkeep\n|turn|5\n|inactive|Time left: 300 sec this turn | 300 sec total\n|\n|t:|1783539488\n|move|p2a: Bruxish|Psychic Fangs|p1a: Chimecho\n|-resisted|p1a: Chimecho\n|-damage|p1a: Chimecho|163/290\n|move|p1a: Chimecho|Knock Off|p2a: Bruxish\n|-supereffective|p2a: Bruxish\n|-damage|p2a: Bruxish|49/100\n|-enditem|p2a: Bruxish|Choice Scarf|[from] move: Knock Off|[of] p1a: Chimecho\n|\n|-heal|p1a: Chimecho|181/290|[from] item: Leftovers\n|upkeep\n|turn|6\n|inactive|Time left: 300 sec this turn | 300 sec total\n|\n|t:|1783539489\n|move|p2a: Bruxish|Crunch|p1a: Chimecho\n|-supereffective|p1a: Chimecho\n|-damage|p1a: Chimecho|0 fnt\n|faint|p1a: Chimecho\n|\n|upkeep\n|inactive|Time left: 300 sec this turn | 300 sec total | 5 sec grace\n|\n|t:|1783539490\n|switch|p1a: Greedent|Greedent, L86, M|347/347\n|turn|7\n|inactive|Time left: 300 sec this turn | 300 sec total\n|\n|t:|1783539492\n|move|p2a: Bruxish|Crunch|p1a: Greedent\n|-damage|p1a: Greedent|256/347\n|move|p1a: Greedent|Swords Dance|p1a: Greedent\n|-boost|p1a: Greedent|atk|2\n|\n|-fieldend|move: Electric Terrain\n|upkeep\n|turn|8\n|inactive|Time left: 300 sec this turn | 300 sec total\n|\n|t:|1783539493\n|move|p2a: Bruxish|Flip Turn|p1a: Greedent\n|-damage|p1a: Greedent|186/347\n|\n|t:|1783539494\n|switch|p2a: Duraludon|Duraludon, L82, F|100/100|[from] Flip Turn\n|move|p1a: Greedent|Double-Edge|p2a: Duraludon\n|-resisted|p2a: Duraludon\n|-damage|p2a: Duraludon|69/100\n|-damage|p1a: Greedent|160/347|[from] Recoil\n|-enditem|p1a: Greedent|Sitrus Berry|[eat]\n|-heal|p1a: Greedent|246/347|[from] item: Sitrus Berry\n|-heal|p1a: Greedent|347/347|[from] ability: Cheek Pouch\n|\n|upkeep\n|turn|9\n|inactive|Time left: 300 sec this turn | 300 sec total\n|\n|t:|1783539495\n|move|p2a: Duraludon|Thunder Wave|p1a: Greedent|[miss]\n|-miss|p2a: Duraludon|p1a: Greedent\n|move|p1a: Greedent|Earthquake|p2a: Duraludon\n|-supereffective|p2a: Duraludon\n|-damage|p2a: Duraludon|5/100\n|\n|upkeep\n|turn|10\n|inactive|Time left: 300 sec this turn | 300 sec total\n|\n|t:|1783539496\n|move|p2a: Duraludon|Draco Meteor|p1a: Greedent\n|-damage|p1a: Greedent|170/347\n|-unboost|p2a: Duraludon|spa|2\n|move|p1a: Greedent|Earthquake|p2a: Duraludon\n|-supereffective|p2a: Duraludon\n|-damage|p2a: Duraludon|0 fnt\n|faint|p2a: Duraludon\n|\n|upkeep\n|\n|t:|1783539497\n|switch|p2a: Iron Jugulis|Iron Jugulis, L77|100/100\n|turn|11\n|inactive|Time left: 300 sec this turn | 300 sec total\n|\n|t:|1783539498\n|move|p2a: Iron Jugulis|Hurricane|p1a: Greedent\n|-damage|p1a: Greedent|0 fnt\n|faint|p1a: Greedent\n|\n|upkeep\n|inactive|Time left: 300 sec this turn | 300 sec total | 5 sec grace\n|\n|t:|1783539499\n|switch|p1a: Pincurchin|Pincurchin, M|105/258\n|-fieldstart|move: Electric Terrain|[from] ability: Electric Surge|[of] p1a: Pincurchin\n|-activate|p2a: Iron Jugulis|ability: Quark Drive\n|-start|p2a: Iron Jugulis|quarkdrivespa\n|turn|12\n|inactive|Time left: 300 sec this turn | 300 sec total\n|\n|t:|1783539500\n|-terastallize|p2a: Iron Jugulis|Flying\n|move|p2a: Iron Jugulis|Hurricane|p1a: Pincurchin\n|-resisted|p1a: Pincurchin\n|-damage|p1a: Pincurchin|0 fnt\n|faint|p1a: Pincurchin\n|\n|upkeep\n|inactive|Time left: 300 sec this turn | 300 sec total | 5 sec grace\n|\n|t:|1783539501\n|switch|p1a: Hypno|Hypno, L95, F|50/315\n|turn|13\n|inactive|Time left: 300 sec this turn | 300 sec total\n|\n|t:|1783539502\n|move|p2a: Iron Jugulis|Hurricane|p1a: Hypno|[miss]\n|-miss|p2a: Iron Jugulis|p1a: Hypno\n|move|p1a: Hypno|Psychic Noise|p2a: Iron Jugulis\n|-damage|p2a: Iron Jugulis|65/100\n|-start|p2a: Iron Jugulis|move: Heal Block\n|\n|-heal|p1a: Hypno|69/315|[from] item: Leftovers\n|upkeep\n|turn|14\n|inactive|Time left: 300 sec this turn | 300 sec total\n|\n|t:|1783539503\n|move|p2a: Iron Jugulis|Hurricane|p1a: Hypno\n|-damage|p1a: Hypno|0 fnt\n|faint|p1a: Hypno\n|\n|-end|p2a: Iron Jugulis|move: Heal Block\n|upkeep\n|inactive|Time left: 300 sec this turn | 300 sec total | 5 sec grace\n|\n|t:|1783539504\n|switch|p1a: Arbok|Arbok, L87, F|246/246\n|-ability|p1a: Arbok|Intimidate|boost\n|-unboost|p2a: Iron Jugulis|atk|1\n|turn|15\n|inactive|Time left: 300 sec this turn | 300 sec total\n|\n|t:|1783539505\n|move|p2a: Iron Jugulis|Hurricane|p1a: Arbok\n|-damage|p1a: Arbok|0 fnt\n|faint|p1a: Arbok\n|\n|upkeep\n|inactive|Time left: 300 sec this turn | 300 sec total | 5 sec grace\n|\n|t:|1783539506\n|switch|p1a: Quaquaval|Quaquaval, L79, F|264/264\n|turn|16\n|inactive|Time left: 300 sec this turn | 300 sec total\n|\n|t:|1783539507\n|-terastallize|p1a: Quaquaval|Water\n|move|p2a: Iron Jugulis|Hurricane|p1a: Quaquaval\n|-damage|p1a: Quaquaval|0 fnt\n|faint|p1a: Quaquaval\n|\n|win|p0y02730e0", "uploadtime": 1783539507, "views": 0, "rating": 0, "private": 0, "password": null, "_winner": "p0y02730e0", "_our_name": "p0x027f6a6"}