{"id": "battle-gen9randombattle-1755", "formatid": "gen9randombattle", "format": "[Gen 9] Random Battle", "players": ["p0x175502db", "p0y17558846"], "log": "|init|battle\n|title|p0x175502db vs. p0y17558846\n|j|\u2606p0x175502db\n|j|\u2606p0y17558846\n|t:|1783560267\n|gametype|singles\n|player|p1|p0x175502db|101|\n|player|p2|p0y17558846|170|\n|gen|9\n|tier|[Gen 9] Random Battle\n|rule|Species Clause: Limit one of each Pok\u00e9mon\n|rule|HP Percentage Mod: HP is shown in percentages\n|rule|Sleep Clause Mod: Limit one foe put to sleep\n|rule|Illusion Level Mod: Illusion disguises the Pok\u00e9mon's true level\n|\n|t:|1783560267\n|teamsize|p1|6\n|teamsize|p2|6\n|start\n|switch|p1a: Magmortar|Magmortar, L88, F|275/275\n|switch|p2a: Frosmoth|Frosmoth, L82, M|100/100\n|turn|1\n|inactive|Battle timer is ON: inactive players will automatically lose when time's up. (requested by p0y17558846)\n|inactive|Time left: 300 sec this turn | 300 sec total | 60 sec grace\n|inactive|p0x175502db also wants the timer to be on.\n|\n|t:|1783560268\n|switch|p2a: Ursaluna|Ursaluna, L79, M|100/100\n|move|p1a: Magmortar|Fire Blast|p2a: Ursaluna\n|-damage|p2a: Ursaluna|44/100\n|-status|p2a: Ursaluna|brn\n|\n|-damage|p2a: Ursaluna|38/100 brn|[from] brn\n|upkeep\n|turn|2\n|inactive|Time left: 300 sec this turn | 300 sec total\n|\n|t:|1783560270\n|switch|p2a: Blissey|Blissey, L85, F|100/100\n|move|p1a: Magmortar|Fire Blast|p2a: Blissey\n|-damage|p2a: Blissey|81/100\n|\n|-heal|p2a: Blissey|87/100|[from] item: Leftovers\n|upkeep\n|turn|3\n|inactive|Time left: 300 sec this turn | 300 sec total\n|\n|t:|1783560271\n|move|p1a: Magmortar|Knock Off|p2a: Blissey\n|-damage|p2a: Blissey|50/100\n|-enditem|p2a: Blissey|Leftovers|[from] move: Knock Off|[of] p1a: Magmortar\n|move|p2a: Blissey|Stealth Rock|p1a: Magmortar\n|-sidestart|p1: p0x175502db|move: Stealth Rock\n|\n|upkeep\n|turn|4\n|inactive|Time left: 300 sec this turn | 300 sec total\n|\n|t:|1783560272\n|switch|p1a: Kricketune|Kricketune, L99, M|312/312\n|move|p2a: Blissey|Soft-Boiled|p2a: Blissey\n|-heal|p2a: Blissey|99/100\n|\n|upkeep\n|turn|5\n|inactive|Time left: 300 sec this turn | 300 sec total\n|\n|t:|1783560273\n|switch|p2a: Suicune|Suicune, L82|100/100\n|-ability|p2a: Suicune|Pressure\n|move|p1a: Kricketune|Sticky Web|p2a: Suicune\n|-sidestart|p2: p0y17558846|move: Sticky Web\n|\n|upkeep\n|turn|6\n|inactive|Time left: 300 sec this turn | 300 sec total\n|\n|t:|1783560274\n|move|p2a: Suicune|Scald|p1a: Kricketune\n|-damage|p1a: Kricketune|215/312\n|move|p1a: Kricketune|Pounce|p2a: Suicune\n|-damage|p2a: Suicune|75/100\n|-unboost|p2a: Suicune|spe|1\n|\n|-heal|p2a: Suicune|81/100|[from] item: Leftovers\n|upkeep\n|turn|7\n|inactive|Time left: 300 sec this turn | 300 sec total\n|\n|t:|1783560275\n|move|p1a: Kricketune|Pounce|p2a: Suicune\n|-damage|p2a: Suicune|56/100\n|-unboost|p2a: Suicune|spe|1\n|move|p2a: Suicune|Scald|p1a: Kricketune\n|-damage|p1a: Kricketune|112/312\n|\n|-heal|p2a: Suicune|62/100|[from] item: Leftovers\n|upkeep\n|turn|8\n|inactive|Time left: 300 sec this turn | 300 sec total\n|\n|t:|1783560276\n|move|p1a: Kricketune|Pounce|p2a: Suicune\n|-damage|p2a: Suicune|33/100\n|-unboost|p2a: Suicune|spe|1\n|move|p2a: Suicune|Scald|p1a: Kricketune\n|-damage|p1a: Kricketune|19/312\n|-status|p1a: Kricketune|brn\n|\n|-heal|p2a: Suicune|39/100|[from] item: Leftovers\n|-damage|p1a: Kricketune|0 fnt|[from] brn\n|faint|p1a: Kricketune\n|upkeep\n|inactive|Time left: 300 sec this turn | 300 sec total | 5 sec grace\n|\n|t:|1783560277\n|switch|p1a: Lilligant|Lilligant, L86, F|261/261\n|-damage|p1a: Lilligant|229/261|[from] Stealth Rock\n|turn|9\n|inactive|Time left: 300 sec this turn | 300 sec total\n|\n|t:|1783560278\n|switch|p2a: Frosmoth|Frosmoth, L82, M|100/100\n|move|p1a: Lilligant|Quiver Dance|p1a: Lilligant\n|-boost|p1a: Lilligant|spa|1\n|-boost|p1a: Lilligant|spd|1\n|-boost|p1a: Lilligant|spe|1\n|\n|upkeep\n|turn|10\n|inactive|Time left: 300 sec this turn | 300 sec total\n|\n|t:|1783560279\n|move|p1a: Lilligant|Quiver Dance|p1a: Lilligant\n|-boost|p1a: Lilligant|spa|1\n|-boost|p1a: Lilligant|spd|1\n|-boost|p1a: Lilligant|spe|1\n|move|p2a: Frosmoth|Ice Beam|p1a: Lilligant\n|-supereffective|p1a: Lilligant\n|-damage|p1a: Lilligant|107/261\n|\n|upkeep\n|turn|11\n|inactive|Time left: 300 sec this turn | 300 sec total\n|\n|t:|1783560280\n|-terastallize|p1a: Lilligant|Fire\n|move|p1a: Lilligant|Tera Blast|p2a: Frosmoth|[anim] Tera Blast Fire\n|-supereffective|p2a: Frosmoth\n|-damage|p2a: Frosmoth|0 fnt\n|faint|p2a: Frosmoth\n|-damage|p1a: Lilligant|81/261|[from] item: Life Orb\n|\n|upkeep\n|\n|t:|1783560281\n|switch|p2a: Probopass|Probopass, L91, M|100/100\n|-activate|p2a: Probopass|move: Sticky Web\n|-unboost|p2a: Probopass|spe|1\n|turn|12\n|inactive|Time left: 300 sec this turn | 300 sec total\n|\n|t:|1783560282\n|-terastallize|p2a: Probopass|Fighting\n|move|p1a: Lilligant|Giga Drain|p2a: Probopass\n|-damage|p2a: Probopass|47/100\n|-heal|p1a: Lilligant|150/261|[from] drain|[of] p2a: Probopass\n|-damage|p1a: Lilligant|124/261|[from] item: Life Orb\n|move|p2a: Probopass|Body Press|p1a: Lilligant\n|-damage|p1a: Lilligant|0 fnt\n|faint|p1a: Lilligant\n|\n|-heal|p2a: Probopass|53/100|[from] item: Leftovers\n|upkeep\n|inactive|Time left: 300 sec this turn | 300 sec total | 5 sec grace\n|\n|t:|1783560283\n|switch|p1a: Mew|Mew, L82|298/298\n|-damage|p1a: Mew|261/298|[from] Stealth Rock\n|turn|13\n|inactive|Time left: 300 sec this turn | 300 sec total\n|\n|t:|1783560284\n|move|p1a: Mew|Stealth Rock|p2a: Probopass\n|-sidestart|p2: p0y17558846|move: Stealth Rock\n|move|p2a: Probopass|Thunder Wave|p1a: Mew\n|-status|p1a: Mew|par\n|-activate|p1a: Mew|ability: Synchronize\n|-status|p2a: Probopass|par\n|\n|-heal|p1a: Mew|279/298 par|[from] item: Leftovers\n|-heal|p2a: Probopass|59/100 par|[from] item: Leftovers\n|upkeep\n|turn|14\n|inactive|Time left: 300 sec this turn | 300 sec total\n|\n|t:|1783560285\n|move|p1a: Mew|Psychic|p2a: Probopass\n|-supereffective|p2a: Probopass\n|-damage|p2a: Probopass|14/100 par\n|-unboost|p2a: Probopass|spd|1\n|cant|p2a: Probopass|par\n|\n|-heal|p1a: Mew|297/298 par|[from] item: Leftovers\n|-heal|p2a: Probopass|20/100 par|[from] item: Leftovers\n|upkeep\n|turn|15\n|inactive|Time left: 300 sec this turn | 300 sec total\n|\n|t:|1783560286\n|move|p1a: Mew|Psychic|p2a: Probopass\n|-supereffective|p2a: Probopass\n|-damage|p2a: Probopass|0 fnt\n|faint|p2a: Probopass\n|\n|-heal|p1a: Mew|298/298 par|[from] item: Leftovers\n|upkeep\n|\n|t:|1783560287\n|switch|p2a: Suicune|Suicune, L82|39/100\n|-activate|p2a: Suicune|move: Sticky Web\n|-unboost|p2a: Suicune|spe|1\n|-damage|p2a: Suicune|27/100|[from] Stealth Rock\n|-ability|p2a: Suicune|Pressure\n|turn|16\n|inactive|Time left: 300 sec this turn | 300 sec total\n|\n|t:|1783560288\n|move|p2a: Suicune|Calm Mind|p2a: Suicune\n|-boost|p2a: Suicune|spa|1\n|-boost|p2a: Suicune|spd|1\n|move|p1a: Mew|Knock Off|p2a: Suicune\n|-damage|p2a: Suicune|7/100\n|-enditem|p2a: Suicune|Leftovers|[from] move: Knock Off|[of] p1a: Mew\n|\n|upkeep\n|turn|17\n|inactive|Time left: 300 sec this turn | 300 sec total\n|\n|t:|1783560290\n|switch|p1a: Skeledirge|Skeledirge, L79, M|294/294\n|move|p2a: Suicune|Rest|p2a: Suicune\n|-status|p2a: Suicune|slp|[from] move: Rest\n|-heal|p2a: Suicune|100/100 slp|[silent]\n|\n|upkeep\n|turn|18\n|inactive|Time left: 300 sec this turn | 300 sec total\n|\n|t:|1783560291\n|move|p1a: Skeledirge|Torch Song|p2a: Suicune\n|-resisted|p2a: Suicune\n|-damage|p2a: Suicune|89/100 slp\n|-boost|p1a: Skeledirge|spa|1\n|cant|p2a: Suicune|slp\n|move|p2a: Suicune|Sleep Talk|p2a: Suicune\n|move|p2a: Suicune|Scald|p1a: Skeledirge|[from] move: Sleep Talk\n|-supereffective|p1a: Skeledirge\n|-damage|p1a: Skeledirge|120/294\n|\n|upkeep\n|turn|19\n|inactive|Time left: 300 sec this turn | 300 sec total\n|\n|t:|1783560292\n|move|p1a: Skeledirge|Slack Off|p1a: Skeledirge\n|-heal|p1a: Skeledirge|267/294\n|cant|p2a: Suicune|slp\n|move|p2a: Suicune|Sleep Talk|p2a: Suicune\n|move|p2a: Suicune|Calm Mind|p2a: Suicune|[from] move: Sleep Talk\n|-boost|p2a: Suicune|spa|1\n|-boost|p2a: Suicune|spd|1\n|\n|upkeep\n|turn|20\n|inactive|Time left: 300 sec this turn | 300 sec total\n|\n|t:|1783560293\n|move|p1a: Skeledirge|Shadow Ball|p2a: Suicune\n|-damage|p2a: Suicune|54/100 slp\n|-curestatus|p2a: Suicune|slp|[msg]\n|move|p2a: Suicune|Scald|p1a: Skeledirge\n|-supereffective|p1a: Skeledirge\n|-damage|p1a: Skeledirge|93/294\n|\n|upkeep\n|turn|21\n|inactive|Time left: 300 sec this turn | 300 sec total\n|\n|t:|1783560294\n|move|p1a: Skeledirge|Shadow Ball|p2a: Suicune\n|-damage|p2a: Suicune|17/100\n|move|p2a: Suicune|Scald|p1a: Skeledirge\n|-supereffective|p1a: Skeledirge\n|-damage|p1a: Skeledirge|0 fnt\n|faint|p1a: Skeledirge\n|\n|upkeep\n|inactive|Time left: 300 sec this turn | 300 sec total | 5 sec grace\n|\n|t:|1783560295\n|switch|p1a: Electivire|Electivire, L84, F|263/263\n|-damage|p1a: Electivire|231/263|[from] Stealth Rock\n|turn|22\n|inactive|Time left: 300 sec this turn | 300 sec total\n|\n|t:|1783560295\n|move|p1a: Electivire|Earthquake|p2a: Suicune\n|-damage|p2a: Suicune|0 fnt\n|faint|p2a: Suicune\n|-damage|p1a: Electivire|205/263|[from] item: Life Orb\n|\n|upkeep\n|\n|t:|1783560296\n|switch|p2a: Ursaluna|Ursaluna, L79, M|38/100 brn\n|-activate|p2a: Ursaluna|move: Sticky Web\n|-unboost|p2a: Ursaluna|spe|1\n|-damage|p2a: Ursaluna|32/100 brn|[from] Stealth Rock\n|turn|23\n|inactive|Time left: 300 sec this turn | 300 sec total\n|\n|t:|1783560297\n|switch|p2a: Blissey|Blissey, L85, F|99/100\n|-activate|p2a: Blissey|move: Sticky Web\n|-unboost|p2a: Blissey|spe|1\n|-damage|p2a: Blissey|87/100|[from] Stealth Rock\n|move|p1a: Electivire|Ice Punch|p2a: Blissey\n|-damage|p2a: Blissey|43/100\n|-damage|p1a: Electivire|179/263|[from] item: Life Orb\n|\n|upkeep\n|turn|24\n|inactive|Time left: 300 sec this turn | 300 sec total\n|\n|t:|1783560298\n|move|p1a: Electivire|Bulk Up|p1a: Electivire\n|-boost|p1a: Electivire|atk|1\n|-boost|p1a: Electivire|def|1\n|move|p2a: Blissey|Thunder Wave|p1a: Electivire\n|-ability|p1a: Electivire|Motor Drive|boost\n|-boost|p1a: Electivire|spe|1\n|\n|upkeep\n|turn|25\n|inactive|Time left: 300 sec this turn | 300 sec total\n|\n|t:|1783560299\n|move|p1a: Electivire|Bulk Up|p1a: Electivire\n|-boost|p1a: Electivire|atk|1\n|-boost|p1a: Electivire|def|1\n|move|p2a: Blissey|Seismic Toss|p1a: Electivire\n|-damage|p1a: Electivire|94/263\n|\n|upkeep\n|turn|26\n|inactive|Time left: 300 sec this turn | 300 sec total\n|\n|t:|1783560300\n|move|p1a: Electivire|Ice Punch|p2a: Blissey\n|-damage|p2a: Blissey|0 fnt\n|faint|p2a: Blissey\n|-damage|p1a: Electivire|68/263|[from] item: Life Orb\n|\n|upkeep\n|\n|t:|1783560301\n|switch|p2a: Ursaluna|Ursaluna, L79, M|32/100 brn\n|-activate|p2a: Ursaluna|move: Sticky Web\n|-unboost|p2a: Ursaluna|spe|1\n|-damage|p2a: Ursaluna|26/100 brn|[from] Stealth Rock\n|turn|27\n|inactive|Time left: 300 sec this turn | 300 sec total\n|\n|t:|1783560302\n|move|p1a: Electivire|Earthquake|p2a: Ursaluna\n|-damage|p2a: Ursaluna|0 fnt\n|faint|p2a: Ursaluna\n|-damage|p1a: Electivire|42/263|[from] item: Life Orb\n|\n|upkeep\n|\n|t:|1783560303\n|switch|p2a: Jolteon|Jolteon, L84, F|100/100\n|-activate|p2a: Jolteon|move: Sticky Web\n|-unboost|p2a: Jolteon|spe|1\n|-damage|p2a: Jolteon|88/100|[from] Stealth Rock\n|turn|28\n|inactive|Time left: 300 sec this turn | 300 sec total\n|\n|t:|1783560303\n|move|p1a: Electivire|Earthquake|p2a: Jolteon\n|-supereffective|p2a: Jolteon\n|-damage|p2a: Jolteon|0 fnt\n|faint|p2a: Jolteon\n|-damage|p1a: Electivire|16/263|[from] item: Life Orb\n|\n|win|p0x175502db", "uploadtime": 1783560303, "views": 0, "rating": 0, "private": 0, "password": null, "_winner": "p0x175502db", "_our_name": "p0x175502db"}