{"id": "battle-gen9randombattle-2944", "formatid": "gen9randombattle", "format": "[Gen 9] Random Battle", "players": ["p0x2944bcc6", "p0y29448388"], "log": "|init|battle\n|title|p0x2944bcc6 vs. p0y29448388\n|j|\u2606p0x2944bcc6\n|j|\u2606p0y29448388\n|t:|1783572920\n|gametype|singles\n|player|p1|p0x2944bcc6|169|\n|player|p2|p0y29448388|169|\n|gen|9\n|tier|[Gen 9] Random Battle\n|rule|Species Clause: Limit one of each Pok\u00e9mon\n|rule|HP Percentage Mod: HP is shown in percentages\n|rule|Sleep Clause Mod: Limit one foe put to sleep\n|rule|Illusion Level Mod: Illusion disguises the Pok\u00e9mon's true level\n|\n|t:|1783572920\n|teamsize|p1|6\n|teamsize|p2|6\n|start\n|switch|p1a: Houndoom|Houndoom, L87, F|100/100\n|switch|p2a: Pincurchin|Pincurchin, F|258/258\n|-fieldstart|move: Electric Terrain|[from] ability: Electric Surge|[of] p2a: Pincurchin\n|turn|1\n|inactive|Battle timer is ON: inactive players will automatically lose when time's up. (requested by p0x2944bcc6)\n|inactive|Time left: 300 sec this turn | 300 sec total | 60 sec grace\n|\n|t:|1783572922\n|move|p1a: Houndoom|Fire Blast|p2a: Pincurchin\n|-damage|p2a: Pincurchin|138/258\n|move|p2a: Pincurchin|Liquidation|p1a: Houndoom\n|-supereffective|p1a: Houndoom\n|-damage|p1a: Houndoom|3/100\n|\n|-heal|p2a: Pincurchin|154/258|[from] item: Leftovers\n|upkeep\n|turn|2\n|inactive|Time left: 300 sec this turn | 300 sec total\n|inactive|p0y29448388 also wants the timer to be on.\n|\n|t:|1783572923\n|move|p1a: Houndoom|Fire Blast|p2a: Pincurchin\n|-damage|p2a: Pincurchin|37/258\n|move|p2a: Pincurchin|Zing Zap|p1a: Houndoom\n|-damage|p1a: Houndoom|0 fnt\n|faint|p1a: Houndoom\n|\n|-heal|p2a: Pincurchin|53/258|[from] item: Leftovers\n|upkeep\n|\n|t:|1783572924\n|switch|p1a: Inteleon|Inteleon, L81, M|100/100\n|turn|3\n|inactive|Time left: 300 sec this turn | 300 sec total\n|\n|t:|1783572926\n|switch|p2a: Keldeo|Keldeo-Resolute, L79|273/273\n|move|p1a: Inteleon|Scald|p2a: Keldeo\n|-resisted|p2a: Keldeo\n|-damage|p2a: Keldeo|203/273\n|-status|p2a: Keldeo|brn\n|\n|-damage|p2a: Keldeo|186/273 brn|[from] brn\n|upkeep\n|turn|4\n|inactive|Time left: 300 sec this turn | 300 sec total\n|\n|t:|1783572927\n|move|p1a: Inteleon|Scald|p2a: Keldeo\n|-resisted|p2a: Keldeo\n|-damage|p2a: Keldeo|106/273 brn\n|move|p2a: Keldeo|Secret Sword|p1a: Inteleon\n|-damage|p1a: Inteleon|32/100\n|-damage|p2a: Keldeo|79/273 brn|[from] item: Life Orb\n|\n|-damage|p2a: Keldeo|62/273 brn|[from] brn\n|upkeep\n|turn|5\n|inactive|Time left: 300 sec this turn | 300 sec total\n|\n|t:|1783572928\n|move|p2a: Keldeo|Vacuum Wave|p1a: Inteleon\n|-damage|p1a: Inteleon|0 fnt\n|faint|p1a: Inteleon\n|-damage|p2a: Keldeo|35/273 brn|[from] item: Life Orb\n|\n|-damage|p2a: Keldeo|18/273 brn|[from] brn\n|-fieldend|move: Electric Terrain\n|upkeep\n|\n|t:|1783572929\n|switch|p1a: Sneasler|Sneasler, L74, F|100/100\n|turn|6\n|inactive|Time left: 300 sec this turn | 300 sec total\n|\n|t:|1783572930\n|switch|p2a: Dragonite|Dragonite, L74, F|257/257\n|move|p1a: Sneasler|Close Combat|p2a: Dragonite\n|-resisted|p2a: Dragonite\n|-damage|p2a: Dragonite|222/257\n|-unboost|p1a: Sneasler|def|1\n|-unboost|p1a: Sneasler|spd|1\n|-enditem|p1a: Sneasler|White Herb\n|-clearnegativeboost|p1a: Sneasler|[silent]\n|\n|upkeep\n|turn|7\n|inactive|Time left: 300 sec this turn | 300 sec total\n|\n|t:|1783572931\n|move|p1a: Sneasler|Dire Claw|p2a: Dragonite\n|-damage|p2a: Dragonite|125/257\n|move|p2a: Dragonite|Outrage|p1a: Sneasler\n|-crit|p1a: Sneasler\n|-damage|p1a: Sneasler|0 fnt\n|faint|p1a: Sneasler\n|\n|upkeep\n|\n|t:|1783572932\n|switch|p1a: Meloetta|Meloetta, L82|100/100\n|turn|8\n|inactive|Time left: 300 sec this turn | 300 sec total\n|\n|t:|1783572933\n|move|p1a: Meloetta|Psyshock|p2a: Dragonite\n|-damage|p2a: Dragonite|0 fnt\n|faint|p2a: Dragonite\n|\n|upkeep\n|inactive|Time left: 300 sec this turn | 300 sec total | 5 sec grace\n|\n|t:|1783572934\n|switch|p2a: Tinkaton|Tinkaton, L82, F|274/274\n|-ability|p2a: Tinkaton|Mold Breaker\n|turn|9\n|inactive|Time left: 300 sec this turn | 300 sec total\n|\n|t:|1783572935\n|switch|p1a: Blaziken|Blaziken, L76, M|100/100\n|move|p2a: Tinkaton|Swords Dance|p2a: Tinkaton\n|-boost|p2a: Tinkaton|atk|2\n|\n|upkeep\n|turn|10\n|inactive|Time left: 300 sec this turn | 300 sec total\n|\n|t:|1783572936\n|move|p1a: Blaziken|Protect|p1a: Blaziken\n|-singleturn|p1a: Blaziken|Protect\n|move|p2a: Tinkaton|Play Rough|p1a: Blaziken\n|-activate|p1a: Blaziken|move: Protect\n|\n|-ability|p1a: Blaziken|Speed Boost|boost\n|-boost|p1a: Blaziken|spe|1\n|upkeep\n|turn|11\n|inactive|Time left: 300 sec this turn | 300 sec total\n|\n|t:|1783572937\n|move|p2a: Tinkaton|Protect|p2a: Tinkaton\n|-singleturn|p2a: Tinkaton|Protect\n|move|p1a: Blaziken|Flare Blitz|p2a: Tinkaton\n|-activate|p2a: Tinkaton|move: Protect\n|\n|-ability|p1a: Blaziken|Speed Boost|boost\n|-boost|p1a: Blaziken|spe|1\n|upkeep\n|turn|12\n|inactive|Time left: 300 sec this turn | 300 sec total\n|\n|t:|1783572938\n|move|p1a: Blaziken|Flare Blitz|p2a: Tinkaton\n|-supereffective|p2a: Tinkaton\n|-damage|p2a: Tinkaton|0 fnt\n|faint|p2a: Tinkaton\n|-damage|p1a: Blaziken|64/100|[from] Recoil\n|-damage|p1a: Blaziken|54/100|[from] item: Life Orb\n|\n|-ability|p1a: Blaziken|Speed Boost|boost\n|-boost|p1a: Blaziken|spe|1\n|upkeep\n|inactive|Time left: 300 sec this turn | 300 sec total | 5 sec grace\n|\n|t:|1783572939\n|switch|p2a: Crabominable|Crabominable, L90, F|321/321\n|turn|13\n|inactive|Time left: 300 sec this turn | 300 sec total\n|\n|t:|1783572940\n|-terastallize|p2a: Crabominable|Ground\n|move|p1a: Blaziken|Close Combat|p2a: Crabominable\n|-damage|p2a: Crabominable|157/321\n|-unboost|p1a: Blaziken|def|1\n|-unboost|p1a: Blaziken|spd|1\n|-damage|p1a: Blaziken|45/100|[from] item: Life Orb\n|move|p2a: Crabominable|Drain Punch|p1a: Blaziken\n|-damage|p1a: Blaziken|0 fnt\n|-heal|p2a: Crabominable|212/321|[from] drain|[of] p1a: Blaziken\n|faint|p1a: Blaziken\n|\n|upkeep\n|\n|t:|1783572941\n|switch|p1a: Meloetta|Meloetta, L82|100/100\n|turn|14\n|inactive|Time left: 300 sec this turn | 300 sec total\n|\n|t:|1783572942\n|move|p1a: Meloetta|Psyshock|p2a: Crabominable\n|-damage|p2a: Crabominable|62/321\n|move|p2a: Crabominable|Knock Off|p1a: Meloetta\n|-supereffective|p1a: Meloetta\n|-damage|p1a: Meloetta|27/100\n|-enditem|p1a: Meloetta|Choice Specs|[from] move: Knock Off|[of] p2a: Crabominable\n|\n|upkeep\n|turn|15\n|inactive|Time left: 300 sec this turn | 300 sec total\n|\n|t:|1783572942\n|switch|p2a: Kilowattrel|Kilowattrel, L83, F|252/252\n|move|p1a: Meloetta|Hyper Voice|p2a: Kilowattrel\n|-damage|p2a: Kilowattrel|98/252\n|\n|upkeep\n|turn|16\n|inactive|Time left: 300 sec this turn | 300 sec total\n|\n|t:|1783572943\n|switch|p1a: Chansey|Chansey, L85, F|100/100\n|move|p2a: Kilowattrel|U-turn|p1a: Chansey\n|-damage|p1a: Chansey|86/100\n|inactive|Time left: 300 sec this turn | 300 sec total | 5 sec grace\n|\n|t:|1783572944\n|switch|p2a: Keldeo|Keldeo-Resolute, L79|18/273 brn|[from] U-turn\n|\n|-damage|p2a: Keldeo|1/273 brn|[from] brn\n|upkeep\n|turn|17\n|inactive|Time left: 300 sec this turn | 300 sec total\n|\n|t:|1783572945\n|switch|p1a: Meloetta|Meloetta, L82|27/100\n|move|p2a: Keldeo|Secret Sword|p1a: Meloetta\n|-damage|p1a: Meloetta|0 fnt\n|faint|p1a: Meloetta\n|-damage|p2a: Keldeo|0 fnt|[from] item: Life Orb\n|faint|p2a: Keldeo\n|\n|upkeep\n|inactive|Time left: 300 sec this turn | 300 sec total | 5 sec grace\n|\n|t:|1783572946\n|switch|p2a: Kilowattrel|Kilowattrel, L83, F|98/252\n|switch|p1a: Chansey|Chansey, L85, F|86/100\n|turn|18\n|inactive|Time left: 300 sec this turn | 300 sec total\n|\n|t:|1783572947\n|move|p2a: Kilowattrel|Roost|p2a: Kilowattrel\n|-heal|p2a: Kilowattrel|224/252\n|-singleturn|p2a: Kilowattrel|move: Roost\n|move|p1a: Chansey|Seismic Toss|p2a: Kilowattrel\n|-damage|p2a: Kilowattrel|139/252\n|\n|upkeep\n|turn|19\n|inactive|Time left: 300 sec this turn | 300 sec total\n|\n|t:|1783572948\n|move|p2a: Kilowattrel|Roost|p2a: Kilowattrel\n|-heal|p2a: Kilowattrel|252/252\n|-singleturn|p2a: Kilowattrel|move: Roost\n|move|p1a: Chansey|Seismic Toss|p2a: Kilowattrel\n|-damage|p2a: Kilowattrel|167/252\n|\n|upkeep\n|turn|20\n|inactive|Time left: 300 sec this turn | 300 sec total\n|\n|t:|1783572949\n|move|p2a: Kilowattrel|Roost|p2a: Kilowattrel\n|-heal|p2a: Kilowattrel|252/252\n|-singleturn|p2a: Kilowattrel|move: Roost\n|move|p1a: Chansey|Seismic Toss|p2a: Kilowattrel\n|-damage|p2a: Kilowattrel|167/252\n|\n|upkeep\n|turn|21\n|inactive|Time left: 300 sec this turn | 300 sec total\n|\n|t:|1783572950\n|move|p2a: Kilowattrel|Roost|p2a: Kilowattrel\n|-heal|p2a: Kilowattrel|252/252\n|-singleturn|p2a: Kilowattrel|move: Roost\n|move|p1a: Chansey|Seismic Toss|p2a: Kilowattrel\n|-damage|p2a: Kilowattrel|167/252\n|\n|upkeep\n|turn|22\n|inactive|Time left: 300 sec this turn | 300 sec total\n|\n|t:|1783572950\n|move|p2a: Kilowattrel|Roost|p2a: Kilowattrel\n|-heal|p2a: Kilowattrel|252/252\n|-singleturn|p2a: Kilowattrel|move: Roost\n|move|p1a: Chansey|Seismic Toss|p2a: Kilowattrel\n|-damage|p2a: Kilowattrel|167/252\n|\n|upkeep\n|turn|23\n|inactive|Time left: 300 sec this turn | 300 sec total\n|\n|t:|1783572951\n|move|p2a: Kilowattrel|Roost|p2a: Kilowattrel\n|-heal|p2a: Kilowattrel|252/252\n|-singleturn|p2a: Kilowattrel|move: Roost\n|move|p1a: Chansey|Seismic Toss|p2a: Kilowattrel\n|-damage|p2a: Kilowattrel|167/252\n|\n|upkeep\n|turn|24\n|inactive|Time left: 300 sec this turn | 300 sec total\n|\n|t:|1783572952\n|move|p2a: Kilowattrel|Roost|p2a: Kilowattrel\n|-heal|p2a: Kilowattrel|252/252\n|-singleturn|p2a: Kilowattrel|move: Roost\n|move|p1a: Chansey|Seismic Toss|p2a: Kilowattrel\n|-damage|p2a: Kilowattrel|167/252\n|\n|upkeep\n|turn|25\n|inactive|Time left: 300 sec this turn | 300 sec total\n|\n|t:|1783572953\n|move|p2a: Kilowattrel|Roost|p2a: Kilowattrel\n|-heal|p2a: Kilowattrel|252/252\n|-singleturn|p2a: Kilowattrel|move: Roost\n|move|p1a: Chansey|Seismic Toss|p2a: Kilowattrel\n|-damage|p2a: Kilowattrel|167/252\n|\n|upkeep\n|turn|26\n|inactive|Time left: 300 sec this turn | 300 sec total\n|\n|t:|1783572954\n|move|p2a: Kilowattrel|Hurricane|p1a: Chansey\n|-damage|p1a: Chansey|74/100\n|move|p1a: Chansey|Seismic Toss|p2a: Kilowattrel\n|-damage|p2a: Kilowattrel|82/252\n|\n|upkeep\n|turn|27\n|inactive|Time left: 300 sec this turn | 300 sec total\n|\n|t:|1783572955\n|move|p2a: Kilowattrel|Hurricane|p1a: Chansey\n|-damage|p1a: Chansey|62/100\n|move|p1a: Chansey|Seismic Toss|p2a: Kilowattrel\n|-damage|p2a: Kilowattrel|0 fnt\n|faint|p2a: Kilowattrel\n|\n|upkeep\n|inactive|Time left: 300 sec this turn | 300 sec total | 5 sec grace\n|\n|t:|1783572955\n|switch|p2a: Pincurchin|Pincurchin, F|53/258\n|-fieldstart|move: Electric Terrain|[from] ability: Electric Surge|[of] p2a: Pincurchin\n|turn|28\n|inactive|Time left: 300 sec this turn | 300 sec total\n|\n|t:|1783572956\n|-terastallize|p1a: Chansey|Dark\n|move|p1a: Chansey|Seismic Toss|p2a: Pincurchin\n|-damage|p2a: Pincurchin|0 fnt\n|faint|p2a: Pincurchin\n|\n|upkeep\n|inactive|Time left: 300 sec this turn | 300 sec total | 5 sec grace\n|\n|t:|1783572957\n|switch|p2a: Crabominable|Crabominable, L90, F, tera:Ground|62/321\n|turn|29\n|inactive|Time left: 300 sec this turn | 300 sec total\n|\n|t:|1783572958\n|move|p1a: Chansey|Seismic Toss|p2a: Crabominable\n|-damage|p2a: Crabominable|0 fnt\n|faint|p2a: Crabominable\n|\n|win|p0x2944bcc6", "uploadtime": 1783572958, "views": 0, "rating": 0, "private": 0, "password": null, "_winner": "p0x2944bcc6", "_our_name": "p0y29448388"}