{"id": "battle-gen9randombattle-206", "formatid": "gen9randombattle", "format": "[Gen 9] Random Battle", "players": ["p0x2063853", "p0y20600a6"], "log": "|init|battle\n|title|p0x2063853 vs. p0y20600a6\n|j|\u2606p0x2063853\n|j|\u2606p0y20600a6\n|t:|1783541491\n|gametype|singles\n|player|p1|p0x2063853|170|\n|player|p2|p0y20600a6|102|\n|gen|9\n|tier|[Gen 9] Random Battle\n|rule|Species Clause: Limit one of each Pok\u00e9mon\n|rule|HP Percentage Mod: HP is shown in percentages\n|rule|Sleep Clause Mod: Limit one foe put to sleep\n|rule|Illusion Level Mod: Illusion disguises the Pok\u00e9mon's true level\n|\n|t:|1783541491\n|teamsize|p1|6\n|teamsize|p2|6\n|start\n|switch|p1a: Thundurus|Thundurus, L80, M|100/100\n|switch|p2a: Indeedee|Indeedee-F, L90, F|272/272\n|-fieldstart|move: Psychic Terrain|[from] ability: Psychic Surge|[of] p2a: Indeedee\n|turn|1\n|inactive|Battle timer is ON: inactive players will automatically lose when time's up. (requested by p0x2063853)\n|inactive|Time left: 300 sec this turn | 300 sec total | 60 sec grace\n|inactive|p0y20600a6 also wants the timer to be on.\n|\n|t:|1783541492\n|move|p1a: Thundurus|Thunderbolt|p2a: Indeedee\n|-damage|p2a: Indeedee|176/272\n|move|p2a: Indeedee|Psychic|p1a: Thundurus\n|-damage|p1a: Thundurus|14/100\n|-damage|p2a: Indeedee|149/272|[from] item: Life Orb\n|\n|upkeep\n|turn|2\n|inactive|Time left: 300 sec this turn | 300 sec total\n|\n|t:|1783541494\n|switch|p2a: Garchomp|Garchomp, L74, F|282/282\n|move|p1a: Thundurus|Thunderbolt|p2a: Garchomp\n|-immune|p2a: Garchomp\n|\n|upkeep\n|turn|3\n|inactive|Time left: 300 sec this turn | 300 sec total\n|\n|t:|1783541495\n|switch|p1a: Hariyama|Hariyama, L87, M|100/100\n|move|p2a: Garchomp|Outrage|p1a: Hariyama\n|-damage|p1a: Hariyama|61/100\n|\n|-status|p1a: Hariyama|brn|[from] item: Flame Orb\n|upkeep\n|turn|4\n|inactive|Time left: 300 sec this turn | 300 sec total\n|\n|t:|1783541497\n|switch|p1a: Coalossal|Coalossal, L89, F|100/100\n|move|p2a: Garchomp|Outrage|p1a: Coalossal|[from] lockedmove\n|-damage|p1a: Coalossal|73/100\n|-status|p2a: Garchomp|brn|[from] ability: Flame Body|[of] p1a: Coalossal\n|\n|-damage|p2a: Garchomp|265/282 brn|[from] brn\n|upkeep\n|turn|5\n|inactive|Time left: 300 sec this turn | 300 sec total\n|\n|t:|1783541498\n|move|p2a: Garchomp|Outrage|p1a: Coalossal|[from] lockedmove\n|-damage|p1a: Coalossal|60/100\n|-start|p2a: Garchomp|confusion|[fatigue]\n|move|p1a: Coalossal|Stealth Rock|p2a: Garchomp\n|-sidestart|p2: p0y20600a6|move: Stealth Rock\n|\n|-damage|p2a: Garchomp|248/282 brn|[from] brn\n|-fieldend|move: Psychic Terrain\n|upkeep\n|turn|6\n|inactive|Time left: 300 sec this turn | 300 sec total\n|\n|t:|1783541499\n|-activate|p2a: Garchomp|confusion\n|move|p2a: Garchomp|Stealth Rock|p1a: Coalossal\n|-sidestart|p1: p0x2063853|move: Stealth Rock\n|move|p1a: Coalossal|Stone Edge|p2a: Garchomp|[miss]\n|-miss|p1a: Coalossal|p2a: Garchomp\n|\n|-damage|p2a: Garchomp|231/282 brn|[from] brn\n|upkeep\n|turn|7\n|inactive|Time left: 300 sec this turn | 300 sec total\n|\n|t:|1783541500\n|-activate|p2a: Garchomp|confusion\n|-damage|p2a: Garchomp|199/282 brn|[from] confusion\n|move|p1a: Coalossal|Rapid Spin|p2a: Garchomp\n|-damage|p2a: Garchomp|164/282 brn\n|-boost|p1a: Coalossal|spe|1\n|-damage|p1a: Coalossal|47/100|[from] ability: Rough Skin|[of] p2a: Garchomp\n|-damage|p1a: Coalossal|31/100|[from] item: Rocky Helmet|[of] p2a: Garchomp\n|-sideend|p1: p0x2063853|Stealth Rock|[from] move: Rapid Spin|[of] p1a: Coalossal\n|\n|-damage|p2a: Garchomp|147/282 brn|[from] brn\n|upkeep\n|turn|8\n|inactive|Time left: 300 sec this turn | 300 sec total\n|\n|t:|1783541502\n|-activate|p2a: Garchomp|confusion\n|move|p2a: Garchomp|Stealth Rock|p1a: Coalossal\n|-sidestart|p1: p0x2063853|move: Stealth Rock\n|move|p1a: Coalossal|Stone Edge|p2a: Garchomp\n|-resisted|p2a: Garchomp\n|-damage|p2a: Garchomp|96/282 brn\n|\n|-damage|p2a: Garchomp|79/282 brn|[from] brn\n|upkeep\n|turn|9\n|inactive|Time left: 300 sec this turn | 300 sec total\n|\n|t:|1783541503\n|-end|p2a: Garchomp|confusion\n|move|p2a: Garchomp|Earthquake|p1a: Coalossal\n|-supereffective|p1a: Coalossal\n|-damage|p1a: Coalossal|0 fnt\n|faint|p1a: Coalossal\n|\n|-damage|p2a: Garchomp|62/282 brn|[from] brn\n|upkeep\n|\n|t:|1783541504\n|switch|p1a: Iron Jugulis|Iron Jugulis, L77|100/100\n|-damage|p1a: Iron Jugulis|76/100|[from] Stealth Rock\n|turn|10\n|inactive|Time left: 300 sec this turn | 300 sec total\n|\n|t:|1783541505\n|switch|p2a: Alcremie|Alcremie-Salted-Cream, L90, F|263/263\n|-damage|p2a: Alcremie|231/263|[from] Stealth Rock\n|move|p1a: Iron Jugulis|Meteor Beam||[still]\n|-prepare|p1a: Iron Jugulis|Meteor Beam\n|-boost|p1a: Iron Jugulis|spa|1\n|-enditem|p1a: Iron Jugulis|Power Herb\n|-anim|p1a: Iron Jugulis|Meteor Beam|p2a: Alcremie\n|-damage|p2a: Alcremie|141/263\n|\n|-heal|p2a: Alcremie|157/263|[from] item: Leftovers\n|upkeep\n|turn|11\n|inactive|Time left: 300 sec this turn | 300 sec total\n|\n|t:|1783541506\n|move|p1a: Iron Jugulis|Hurricane|p2a: Alcremie\n|-damage|p2a: Alcremie|24/263\n|move|p2a: Alcremie|Alluring Voice|p1a: Iron Jugulis\n|-supereffective|p1a: Iron Jugulis\n|-damage|p1a: Iron Jugulis|0 fnt\n|faint|p1a: Iron Jugulis\n|-end|p1a: Iron Jugulis|Quark Drive|[silent]\n|\n|-heal|p2a: Alcremie|40/263|[from] item: Leftovers\n|upkeep\n|\n|t:|1783541507\n|switch|p1a: Thundurus|Thundurus, L80, M|14/100\n|turn|12\n|inactive|Time left: 300 sec this turn | 300 sec total\n|\n|t:|1783541507\n|switch|p2a: Garchomp|Garchomp, L74, F|62/282 brn\n|-damage|p2a: Garchomp|45/282 brn|[from] Stealth Rock\n|move|p1a: Thundurus|Thunderbolt|p2a: Garchomp\n|-immune|p2a: Garchomp\n|\n|-damage|p2a: Garchomp|28/282 brn|[from] brn\n|upkeep\n|turn|13\n|inactive|Time left: 300 sec this turn | 300 sec total\n|\n|t:|1783541508\n|move|p1a: Thundurus|Tera Blast|p2a: Garchomp\n|-damage|p2a: Garchomp|0 fnt\n|faint|p2a: Garchomp\n|\n|upkeep\n|inactive|Time left: 300 sec this turn | 300 sec total | 5 sec grace\n|\n|t:|1783541510\n|switch|p2a: Gardevoir|Gardevoir, L83, M|249/249\n|-damage|p2a: Gardevoir|218/249|[from] Stealth Rock\n|-ability|p2a: Gardevoir|Defiant|Trace|[from] ability: Trace|[of] p1a: Thundurus\n|turn|14\n|inactive|Time left: 300 sec this turn | 300 sec total\n|\n|t:|1783541511\n|move|p1a: Thundurus|Thunderbolt|p2a: Gardevoir\n|-damage|p2a: Gardevoir|128/249\n|move|p2a: Gardevoir|Moonblast|p1a: Thundurus\n|-damage|p1a: Thundurus|0 fnt\n|faint|p1a: Thundurus\n|-damage|p2a: Gardevoir|104/249|[from] item: Life Orb\n|\n|upkeep\n|\n|t:|1783541512\n|switch|p1a: Qwilfish|Qwilfish, L86, M|100/100\n|-damage|p1a: Qwilfish|88/100|[from] Stealth Rock\n|-ability|p1a: Qwilfish|Intimidate|boost\n|-unboost|p2a: Gardevoir|atk|1\n|-ability|p2a: Gardevoir|Defiant|boost\n|-boost|p2a: Gardevoir|atk|2\n|turn|15\n|inactive|Time left: 300 sec this turn | 300 sec total\n|\n|t:|1783541513\n|move|p1a: Qwilfish|Waterfall|p2a: Gardevoir\n|-damage|p2a: Gardevoir|0 fnt\n|faint|p2a: Gardevoir\n|\n|-heal|p1a: Qwilfish|94/100|[from] item: Leftovers\n|upkeep\n|inactive|Time left: 300 sec this turn | 300 sec total | 5 sec grace\n|\n|t:|1783541514\n|switch|p2a: Indeedee|Indeedee-F, L90, F|149/272\n|-damage|p2a: Indeedee|115/272|[from] Stealth Rock\n|-fieldstart|move: Psychic Terrain|[from] ability: Psychic Surge|[of] p2a: Indeedee\n|turn|16\n|inactive|Time left: 300 sec this turn | 300 sec total\n|\n|t:|1783541515\n|-terastallize|p1a: Qwilfish|Dark\n|move|p2a: Indeedee|Psychic|p1a: Qwilfish\n|-immune|p1a: Qwilfish\n|move|p1a: Qwilfish|Gunk Shot|p2a: Indeedee\n|-damage|p2a: Indeedee|0 fnt\n|faint|p2a: Indeedee\n|\n|-heal|p1a: Qwilfish|99/100|[from] item: Leftovers\n|upkeep\n|inactive|Time left: 300 sec this turn | 300 sec total | 5 sec grace\n|\n|t:|1783541516\n|switch|p2a: Urshifu|Urshifu, L74, M|270/270\n|-damage|p2a: Urshifu|254/270|[from] Stealth Rock\n|turn|17\n|inactive|Time left: 300 sec this turn | 300 sec total\n|\n|t:|1783541517\n|switch|p1a: Gurdurr|Gurdurr, L85, F|100/100\n|-damage|p1a: Gurdurr|94/100|[from] Stealth Rock\n|move|p2a: Urshifu|Close Combat|p1a: Gurdurr\n|-damage|p1a: Gurdurr|49/100\n|-unboost|p2a: Urshifu|def|1\n|-unboost|p2a: Urshifu|spd|1\n|\n|upkeep\n|turn|18\n|inactive|Time left: 300 sec this turn | 300 sec total\n|\n|t:|1783541518\n|move|p2a: Urshifu|Close Combat|p1a: Gurdurr\n|-damage|p1a: Gurdurr|3/100\n|-unboost|p2a: Urshifu|def|1\n|-unboost|p2a: Urshifu|spd|1\n|move|p1a: Gurdurr|Drain Punch|p2a: Urshifu\n|-supereffective|p2a: Urshifu\n|-damage|p2a: Urshifu|0 fnt\n|-heal|p1a: Gurdurr|48/100|[from] drain|[of] p2a: Urshifu\n|faint|p2a: Urshifu\n|\n|upkeep\n|inactive|Time left: 300 sec this turn | 300 sec total | 5 sec grace\n|\n|t:|1783541519\n|switch|p2a: Alcremie|Alcremie-Salted-Cream, L90, F|40/263\n|-damage|p2a: Alcremie|8/263|[from] Stealth Rock\n|turn|19\n|inactive|Time left: 300 sec this turn | 300 sec total\n|\n|t:|1783541519\n|move|p2a: Alcremie|Alluring Voice|p1a: Gurdurr\n|-supereffective|p1a: Gurdurr\n|-damage|p1a: Gurdurr|0 fnt\n|faint|p1a: Gurdurr\n|\n|-heal|p2a: Alcremie|24/263|[from] item: Leftovers\n|upkeep\n|\n|t:|1783541520\n|switch|p1a: Qwilfish|Qwilfish, L86, M, tera:Dark|99/100\n|-damage|p1a: Qwilfish|88/100|[from] Stealth Rock\n|-ability|p1a: Qwilfish|Intimidate|boost\n|-unboost|p2a: Alcremie|atk|1\n|turn|20\n|inactive|Time left: 300 sec this turn | 300 sec total\n|\n|t:|1783541521\n|move|p1a: Qwilfish|Waterfall|p2a: Alcremie\n|-damage|p2a: Alcremie|0 fnt\n|faint|p2a: Alcremie\n|\n|-heal|p1a: Qwilfish|94/100|[from] item: Leftovers\n|-fieldend|move: Psychic Terrain\n|upkeep\n|inactive|Time left: 300 sec this turn | 300 sec total | 5 sec grace\n|\n|t:|1783541522\n|switch|p2a: Sudowoodo|Sudowoodo, L94, M|284/284\n|-damage|p2a: Sudowoodo|249/284|[from] Stealth Rock\n|turn|21\n|inactive|Time left: 300 sec this turn | 300 sec total\n|\n|t:|1783541523\n|move|p2a: Sudowoodo|Sucker Punch|p1a: Qwilfish\n|-resisted|p1a: Qwilfish\n|-damage|p1a: Qwilfish|76/100\n|move|p1a: Qwilfish|Waterfall|p2a: Sudowoodo\n|-supereffective|p2a: Sudowoodo\n|-damage|p2a: Sudowoodo|115/284\n|\n|-heal|p1a: Qwilfish|82/100|[from] item: Leftovers\n|upkeep\n|turn|22\n|inactive|Time left: 300 sec this turn | 300 sec total\n|\n|t:|1783541524\n|-terastallize|p2a: Sudowoodo|Rock\n|move|p2a: Sudowoodo|Sucker Punch|p1a: Qwilfish\n|-resisted|p1a: Qwilfish\n|-damage|p1a: Qwilfish|64/100\n|move|p1a: Qwilfish|Waterfall|p2a: Sudowoodo\n|-supereffective|p2a: Sudowoodo\n|-crit|p2a: Sudowoodo\n|-damage|p2a: Sudowoodo|0 fnt\n|faint|p2a: Sudowoodo\n|\n|win|p0x2063853", "uploadtime": 1783541524, "views": 0, "rating": 0, "private": 0, "password": null, "_winner": "p0x2063853", "_our_name": "p0y20600a6"}