{"id": "battle-gen9randombattle-169", "formatid": "gen9randombattle", "format": "[Gen 9] Random Battle", "players": ["p0x16978c6", "p0y1698e68"], "log": "|init|battle\n|title|p0x16978c6 vs. p0y1698e68\n|j|\u2606p0x16978c6\n|j|\u2606p0y1698e68\n|t:|1783535191\n|gametype|singles\n|player|p1|p0x16978c6|265|\n|player|p2|p0y1698e68|101|\n|gen|9\n|tier|[Gen 9] Random Battle\n|rule|Species Clause: Limit one of each Pok\u00e9mon\n|rule|HP Percentage Mod: HP is shown in percentages\n|rule|Sleep Clause Mod: Limit one foe put to sleep\n|rule|Illusion Level Mod: Illusion disguises the Pok\u00e9mon's true level\n|\n|t:|1783535191\n|teamsize|p1|6\n|teamsize|p2|6\n|start\n|switch|p1a: Palafin|Palafin, L77, M|100/100\n|switch|p2a: Houndstone|Houndstone, L86, M|264/264\n|turn|1\n|inactive|Battle timer is ON: inactive players will automatically lose when time's up. (requested by p0y1698e68)\n|inactive|p0x16978c6 also wants the timer to be on.\n|\n|t:|1783535192\n|move|p1a: Palafin|Bulk Up|p1a: Palafin\n|-boost|p1a: Palafin|atk|1\n|-boost|p1a: Palafin|def|1\n|move|p2a: Houndstone|Poltergeist|p1a: Palafin|[miss]\n|-miss|p2a: Houndstone|p1a: Palafin\n|\n|upkeep\n|turn|2\n|inactive|Time left: 300 sec this turn | 300 sec total\n|\n|t:|1783535193\n|move|p1a: Palafin|Bulk Up|p1a: Palafin\n|-boost|p1a: Palafin|atk|1\n|-boost|p1a: Palafin|def|1\n|move|p2a: Houndstone|Poltergeist|p1a: Palafin\n|-activate|p1a: Palafin|move: Poltergeist|Leftovers\n|-damage|p1a: Palafin|57/100\n|\n|-heal|p1a: Palafin|63/100|[from] item: Leftovers\n|upkeep\n|turn|3\n|inactive|Time left: 300 sec this turn | 300 sec total\n|\n|t:|1783535194\n|move|p1a: Palafin|Bulk Up|p1a: Palafin\n|-boost|p1a: Palafin|atk|1\n|-boost|p1a: Palafin|def|1\n|move|p2a: Houndstone|Poltergeist|p1a: Palafin\n|-activate|p1a: Palafin|move: Poltergeist|Leftovers\n|-damage|p1a: Palafin|29/100\n|\n|-heal|p1a: Palafin|35/100|[from] item: Leftovers\n|upkeep\n|turn|4\n|inactive|Time left: 300 sec this turn | 300 sec total\n|\n|t:|1783535196\n|move|p1a: Palafin|Bulk Up|p1a: Palafin\n|-boost|p1a: Palafin|atk|1\n|-boost|p1a: Palafin|def|1\n|move|p2a: Houndstone|Poltergeist|p1a: Palafin\n|-activate|p1a: Palafin|move: Poltergeist|Leftovers\n|-damage|p1a: Palafin|7/100\n|\n|-heal|p1a: Palafin|13/100|[from] item: Leftovers\n|upkeep\n|turn|5\n|inactive|Time left: 300 sec this turn | 300 sec total\n|\n|t:|1783535197\n|move|p1a: Palafin|Drain Punch|p2a: Houndstone\n|-immune|p2a: Houndstone\n|move|p2a: Houndstone|Poltergeist|p1a: Palafin\n|-activate|p1a: Palafin|move: Poltergeist|Leftovers\n|-damage|p1a: Palafin|0 fnt\n|faint|p1a: Palafin\n|\n|upkeep\n|\n|t:|1783535197\n|switch|p1a: Lapras|Lapras, L87, M|100/100\n|turn|6\n|inactive|Time left: 300 sec this turn | 300 sec total\n|\n|t:|1783535199\n|move|p2a: Houndstone|Poltergeist|p1a: Lapras\n|-activate|p1a: Lapras|move: Poltergeist|Choice Specs\n|-damage|p1a: Lapras|50/100\n|move|p1a: Lapras|Ice Beam|p2a: Houndstone\n|-damage|p2a: Houndstone|143/264\n|\n|upkeep\n|turn|7\n|inactive|Time left: 300 sec this turn | 300 sec total\n|\n|t:|1783535199\n|move|p2a: Houndstone|Poltergeist|p1a: Lapras\n|-activate|p1a: Lapras|move: Poltergeist|Choice Specs\n|-damage|p1a: Lapras|0 fnt\n|faint|p1a: Lapras\n|\n|upkeep\n|\n|t:|1783535200\n|switch|p1a: Sinistcha|Sinistcha, L83|100/100\n|turn|8\n|inactive|Time left: 300 sec this turn | 300 sec total\n|\n|t:|1783535201\n|switch|p1a: Jumpluff|Jumpluff, L87, M|100/100\n|move|p2a: Houndstone|Poltergeist||[still]\n|-fail|p2a: Houndstone\n|\n|upkeep\n|turn|9\n|inactive|Time left: 300 sec this turn | 300 sec total\n|\n|t:|1783535202\n|switch|p1a: Sinistcha|Sinistcha, L83|100/100\n|-activate|p2a: Houndstone|move: Struggle\n|move|p2a: Houndstone|Struggle|p1a: Sinistcha\n|-damage|p1a: Sinistcha|81/100\n|-damage|p2a: Houndstone|77/264|[from] recoil\n|\n|-heal|p1a: Sinistcha|87/100|[from] item: Leftovers\n|upkeep\n|turn|10\n|inactive|Time left: 300 sec this turn | 300 sec total\n|\n|t:|1783535203\n|switch|p2a: Zekrom|Zekrom, L71|259/259\n|-ability|p2a: Zekrom|Teravolt\n|move|p1a: Sinistcha|Calm Mind|p1a: Sinistcha\n|-boost|p1a: Sinistcha|spa|1\n|-boost|p1a: Sinistcha|spd|1\n|\n|-heal|p1a: Sinistcha|93/100|[from] item: Leftovers\n|upkeep\n|turn|11\n|inactive|Time left: 300 sec this turn | 300 sec total\n|\n|t:|1783535204\n|move|p2a: Zekrom|Dragon Dance|p2a: Zekrom\n|-boost|p2a: Zekrom|atk|1\n|-boost|p2a: Zekrom|spe|1\n|move|p1a: Sinistcha|Shadow Ball|p2a: Zekrom\n|-damage|p2a: Zekrom|109/259\n|\n|-heal|p2a: Zekrom|125/259|[from] item: Leftovers\n|-heal|p1a: Sinistcha|99/100|[from] item: Leftovers\n|upkeep\n|turn|12\n|inactive|Time left: 300 sec this turn | 300 sec total\n|\n|t:|1783535205\n|move|p2a: Zekrom|Outrage|p1a: Sinistcha\n|-damage|p1a: Sinistcha|30/100\n|move|p1a: Sinistcha|Shadow Ball|p2a: Zekrom\n|-damage|p2a: Zekrom|0 fnt\n|faint|p2a: Zekrom\n|\n|-heal|p1a: Sinistcha|36/100|[from] item: Leftovers\n|upkeep\n|inactive|Time left: 300 sec this turn | 300 sec total | 5 sec grace\n|\n|t:|1783535206\n|switch|p2a: Moltres|Moltres, L81|278/278\n|turn|13\n|inactive|Time left: 300 sec this turn | 300 sec total\n|\n|t:|1783535207\n|-terastallize|p1a: Sinistcha|Steel\n|move|p2a: Moltres|Fire Blast|p1a: Sinistcha\n|-supereffective|p1a: Sinistcha\n|-damage|p1a: Sinistcha|0 fnt\n|faint|p1a: Sinistcha\n|\n|upkeep\n|\n|t:|1783535208\n|switch|p1a: Plusle|Plusle, L95, M|100/100\n|turn|14\n|inactive|Time left: 300 sec this turn | 300 sec total\n|\n|t:|1783535209\n|switch|p2a: Sandslash|Sandslash, L89, M|278/278\n|move|p1a: Plusle|Thunderbolt|p2a: Sandslash\n|-immune|p2a: Sandslash\n|\n|upkeep\n|turn|15\n|inactive|Time left: 300 sec this turn | 300 sec total\n|\n|t:|1783535211\n|switch|p1a: Jumpluff|Jumpluff, L87, M|100/100\n|move|p2a: Sandslash|Earthquake|p1a: Jumpluff\n|-immune|p1a: Jumpluff\n|\n|upkeep\n|turn|16\n|inactive|Time left: 300 sec this turn | 300 sec total\n|\n|t:|1783535212\n|move|p1a: Jumpluff|Encore|p2a: Sandslash\n|-start|p2a: Sandslash|Encore\n|move|p2a: Sandslash|Earthquake|p1a: Jumpluff\n|-immune|p1a: Jumpluff\n|\n|upkeep\n|turn|17\n|inactive|Time left: 300 sec this turn | 300 sec total\n|\n|t:|1783535213\n|move|p1a: Jumpluff|Acrobatics|p2a: Sandslash\n|-damage|p2a: Sandslash|211/278\n|move|p2a: Sandslash|Earthquake|p1a: Jumpluff\n|-immune|p1a: Jumpluff\n|\n|upkeep\n|turn|18\n|inactive|Time left: 300 sec this turn | 300 sec total\n|\n|t:|1783535214\n|move|p1a: Jumpluff|Strength Sap|p2a: Sandslash\n|-unboost|p2a: Sandslash|atk|1\n|move|p2a: Sandslash|Earthquake|p1a: Jumpluff\n|-immune|p1a: Jumpluff\n|\n|-end|p2a: Sandslash|Encore\n|upkeep\n|turn|19\n|inactive|Time left: 300 sec this turn | 300 sec total\n|\n|t:|1783535215\n|switch|p2a: Moltres|Moltres, L81|278/278\n|move|p1a: Jumpluff|Strength Sap|p2a: Moltres\n|-unboost|p2a: Moltres|atk|1\n|\n|upkeep\n|turn|20\n|inactive|Time left: 300 sec this turn | 300 sec total\n|\n|t:|1783535216\n|switch|p1a: Clodsire|Clodsire, L81, M|100/100\n|move|p2a: Moltres|Fire Blast|p1a: Clodsire\n|-damage|p1a: Clodsire|66/100\n|\n|-heal|p1a: Clodsire|73/100|[from] item: Leftovers\n|upkeep\n|turn|21\n|inactive|Time left: 300 sec this turn | 300 sec total\n|\n|t:|1783535217\n|switch|p2a: Sandslash|Sandslash, L89, M|211/278\n|move|p1a: Clodsire|Recover|p1a: Clodsire\n|-heal|p1a: Clodsire|100/100\n|\n|upkeep\n|turn|22\n|inactive|Time left: 300 sec this turn | 300 sec total\n|\n|t:|1783535218\n|switch|p1a: Jumpluff|Jumpluff, L87, M|100/100\n|move|p2a: Sandslash|Earthquake|p1a: Jumpluff\n|-immune|p1a: Jumpluff\n|\n|upkeep\n|turn|23\n|inactive|Time left: 300 sec this turn | 300 sec total\n|\n|t:|1783535219\n|move|p1a: Jumpluff|Strength Sap|p2a: Sandslash\n|-unboost|p2a: Sandslash|atk|1\n|move|p2a: Sandslash|Rapid Spin|p1a: Jumpluff\n|-damage|p1a: Jumpluff|89/100\n|-boost|p2a: Sandslash|spe|1\n|\n|upkeep\n|turn|24\n|inactive|Time left: 300 sec this turn | 300 sec total\n|\n|t:|1783535221\n|move|p2a: Sandslash|Stone Edge|p1a: Jumpluff\n|-supereffective|p1a: Jumpluff\n|-damage|p1a: Jumpluff|45/100\n|move|p1a: Jumpluff|Strength Sap|p2a: Sandslash\n|-unboost|p2a: Sandslash|atk|1\n|-heal|p1a: Jumpluff|100/100\n|\n|upkeep\n|turn|25\n|inactive|Time left: 300 sec this turn | 300 sec total\n|\n|t:|1783535222\n|switch|p2a: Piloswine|Piloswine, L85, F|309/309\n|move|p1a: Jumpluff|Acrobatics|p2a: Piloswine\n|-damage|p2a: Piloswine|248/309\n|\n|upkeep\n|turn|26\n|inactive|Time left: 300 sec this turn | 300 sec total\n|\n|t:|1783535223\n|move|p1a: Jumpluff|Strength Sap|p2a: Piloswine\n|-unboost|p2a: Piloswine|atk|1\n|move|p2a: Piloswine|Icicle Crash|p1a: Jumpluff\n|-supereffective|p1a: Jumpluff\n|-damage|p1a: Jumpluff|0 fnt\n|faint|p1a: Jumpluff\n|\n|upkeep\n|\n|t:|1783535224\n|switch|p1a: Clodsire|Clodsire, L81, M|100/100\n|turn|27\n|inactive|Time left: 300 sec this turn | 300 sec total\n|\n|t:|1783535225\n|move|p2a: Piloswine|Earthquake|p1a: Clodsire\n|-supereffective|p1a: Clodsire\n|-damage|p1a: Clodsire|46/100\n|move|p1a: Clodsire|Spikes|p2a: Piloswine\n|-sidestart|p2: p0y1698e68|Spikes\n|\n|-heal|p1a: Clodsire|52/100|[from] item: Leftovers\n|upkeep\n|turn|28\n|inactive|Time left: 300 sec this turn | 300 sec total\n|\n|t:|1783535226\n|move|p2a: Piloswine|Earthquake|p1a: Clodsire\n|-supereffective|p1a: Clodsire\n|-damage|p1a: Clodsire|0 fnt\n|faint|p1a: Clodsire\n|\n|upkeep\n|\n|t:|1783535227\n|switch|p1a: Plusle|Plusle, L95, M|100/100\n|turn|29\n|inactive|Time left: 300 sec this turn | 300 sec total\n|\n|t:|1783535228\n|move|p1a: Plusle|Nasty Plot|p1a: Plusle\n|-boost|p1a: Plusle|spa|2\n|move|p2a: Piloswine|Earthquake|p1a: Plusle\n|-supereffective|p1a: Plusle\n|-damage|p1a: Plusle|17/100\n|\n|upkeep\n|turn|30\n|inactive|Time left: 300 sec this turn | 300 sec total\n|\n|t:|1783535229\n|-terastallize|p2a: Piloswine|Dragon\n|move|p2a: Piloswine|Ice Shard|p1a: Plusle\n|-damage|p1a: Plusle|0 fnt\n|faint|p1a: Plusle\n|\n|win|p0y1698e68", "uploadtime": 1783535229, "views": 0, "rating": 0, "private": 0, "password": null, "_winner": "p0y1698e68", "_our_name": "p0y1698e68"}