{"id": "battle-gen9randombattle-1042", "formatid": "gen9randombattle", "format": "[Gen 9] Random Battle", "players": ["p0x10420af5", "p0y1042613d"], "log": "|init|battle\n|title|p0x10420af5 vs. p0y1042613d\n|j|\u2606p0x10420af5\n|j|\u2606p0y1042613d\n|t:|1783551277\n|gametype|singles\n|player|p1|p0x10420af5|265|\n|player|p2|p0y1042613d|101|\n|gen|9\n|tier|[Gen 9] Random Battle\n|rule|Species Clause: Limit one of each Pok\u00e9mon\n|rule|HP Percentage Mod: HP is shown in percentages\n|rule|Sleep Clause Mod: Limit one foe put to sleep\n|rule|Illusion Level Mod: Illusion disguises the Pok\u00e9mon's true level\n|\n|t:|1783551277\n|teamsize|p1|6\n|teamsize|p2|6\n|start\n|switch|p1a: Zangoose|Zangoose, L85, F|100/100\n|switch|p2a: Lumineon|Lumineon, L93, M|279/279\n|turn|1\n|inactive|Battle timer is ON: inactive players will automatically lose when time's up. (requested by p0x10420af5)\n|inactive|Time left: 300 sec this turn | 300 sec total | 60 sec grace\n|inactive|p0y1042613d also wants the timer to be on.\n|\n|t:|1783551278\n|move|p2a: Lumineon|Hydro Pump|p1a: Zangoose\n|-damage|p1a: Zangoose|42/100\n|move|p1a: Zangoose|Swords Dance|p1a: Zangoose\n|-boost|p1a: Zangoose|atk|2\n|\n|-status|p1a: Zangoose|tox|[from] item: Toxic Orb\n|upkeep\n|turn|2\n|inactive|Time left: 300 sec this turn | 300 sec total\n|\n|t:|1783551280\n|move|p2a: Lumineon|Hydro Pump|p1a: Zangoose|[miss]\n|-miss|p2a: Lumineon|p1a: Zangoose\n|move|p1a: Zangoose|Facade|p2a: Lumineon\n|-damage|p2a: Lumineon|0 fnt\n|faint|p2a: Lumineon\n|\n|-damage|p1a: Zangoose|36/100 tox|[from] psn\n|upkeep\n|inactive|Time left: 300 sec this turn | 300 sec total | 5 sec grace\n|\n|t:|1783551280\n|switch|p2a: Hoopa|Hoopa-Unbound, L80|259/259\n|turn|3\n|inactive|Time left: 300 sec this turn | 300 sec total\n|\n|t:|1783551281\n|move|p2a: Hoopa|Hyperspace Fury|p1a: Zangoose\n|-damage|p1a: Zangoose|0 fnt\n|-unboost|p2a: Hoopa|def|1\n|faint|p1a: Zangoose\n|\n|upkeep\n|\n|t:|1783551282\n|switch|p1a: Lucario|Lucario, L84, F|100/100\n|turn|4\n|inactive|Time left: 300 sec this turn | 300 sec total\n|\n|t:|1783551283\n|move|p2a: Hoopa|Hyperspace Fury|p1a: Lucario\n|-resisted|p1a: Lucario\n|-damage|p1a: Lucario|68/100\n|-unboost|p2a: Hoopa|def|1\n|-ability|p1a: Lucario|Justified|boost\n|-boost|p1a: Lucario|atk|1\n|move|p1a: Lucario|Meteor Mash|p2a: Hoopa\n|-damage|p2a: Hoopa|0 fnt\n|faint|p2a: Hoopa\n|\n|upkeep\n|inactive|Time left: 300 sec this turn | 300 sec total | 5 sec grace\n|\n|t:|1783551284\n|switch|p2a: Dugtrio|Dugtrio-Alola, L84, M|196/196\n|turn|5\n|inactive|Time left: 300 sec this turn | 300 sec total\n|\n|t:|1783551285\n|move|p2a: Dugtrio|Earthquake|p1a: Lucario\n|-supereffective|p1a: Lucario\n|-damage|p1a: Lucario|0 fnt\n|faint|p1a: Lucario\n|-damage|p2a: Dugtrio|177/196|[from] item: Life Orb\n|\n|upkeep\n|\n|t:|1783551286\n|switch|p1a: Tauros|Tauros-Paldea-Aqua, L81, M|100/100\n|turn|6\n|inactive|Time left: 300 sec this turn | 300 sec total\n|\n|t:|1783551287\n|switch|p2a: Rayquaza|Rayquaza, L72|270/270\n|-ability|p2a: Rayquaza|Air Lock\n|move|p1a: Tauros|Bulk Up|p1a: Tauros\n|-boost|p1a: Tauros|atk|1\n|-boost|p1a: Tauros|def|1\n|\n|upkeep\n|turn|7\n|inactive|Time left: 300 sec this turn | 300 sec total\n|\n|t:|1783551288\n|move|p1a: Tauros|Bulk Up|p1a: Tauros\n|-boost|p1a: Tauros|atk|1\n|-boost|p1a: Tauros|def|1\n|move|p2a: Rayquaza|Dragon Ascent|p1a: Tauros\n|-supereffective|p1a: Tauros\n|-damage|p1a: Tauros|24/100\n|-unboost|p2a: Rayquaza|def|1\n|-unboost|p2a: Rayquaza|spd|1\n|-enditem|p1a: Tauros|Sitrus Berry|[eat]\n|-heal|p1a: Tauros|49/100|[from] item: Sitrus Berry\n|\n|upkeep\n|turn|8\n|inactive|Time left: 300 sec this turn | 300 sec total\n|\n|t:|1783551289\n|-terastallize|p1a: Tauros|Water\n|move|p1a: Tauros|Liquidation|p2a: Rayquaza\n|-resisted|p2a: Rayquaza\n|-damage|p2a: Rayquaza|63/270\n|move|p2a: Rayquaza|Dragon Ascent|p1a: Tauros\n|-damage|p1a: Tauros|11/100\n|-unboost|p2a: Rayquaza|def|1\n|-unboost|p2a: Rayquaza|spd|1\n|\n|-activate|p1a: Tauros|ability: Cud Chew\n|-enditem|p1a: Tauros|Sitrus Berry|[eat]\n|-heal|p1a: Tauros|36/100|[from] item: Sitrus Berry\n|upkeep\n|turn|9\n|inactive|Time left: 300 sec this turn | 300 sec total\n|\n|t:|1783551290\n|move|p1a: Tauros|Liquidation|p2a: Rayquaza\n|-resisted|p2a: Rayquaza\n|-crit|p2a: Rayquaza\n|-damage|p2a: Rayquaza|0 fnt\n|faint|p2a: Rayquaza\n|\n|upkeep\n|inactive|Time left: 300 sec this turn | 300 sec total | 5 sec grace\n|\n|t:|1783551291\n|switch|p2a: Comfey|Comfey, L85, F|225/225\n|turn|10\n|inactive|Time left: 300 sec this turn | 300 sec total\n|\n|t:|1783551292\n|switch|p1a: Lugia|Lugia, L73|100/100\n|move|p2a: Comfey|Giga Drain|p1a: Lugia\n|-resisted|p1a: Lugia\n|-damage|p1a: Lugia|98/100\n|\n|upkeep\n|turn|11\n|inactive|Time left: 300 sec this turn | 300 sec total\n|\n|t:|1783551293\n|move|p2a: Comfey|Calm Mind|p2a: Comfey\n|-boost|p2a: Comfey|spa|1\n|-boost|p2a: Comfey|spd|1\n|move|p1a: Lugia|Calm Mind|p1a: Lugia\n|-boost|p1a: Lugia|spa|1\n|-boost|p1a: Lugia|spd|1\n|\n|upkeep\n|turn|12\n|inactive|Time left: 300 sec this turn | 300 sec total\n|\n|t:|1783551293\n|move|p2a: Comfey|Calm Mind|p2a: Comfey\n|-boost|p2a: Comfey|spa|1\n|-boost|p2a: Comfey|spd|1\n|move|p1a: Lugia|Calm Mind|p1a: Lugia\n|-boost|p1a: Lugia|spa|1\n|-boost|p1a: Lugia|spd|1\n|\n|upkeep\n|turn|13\n|inactive|Time left: 300 sec this turn | 300 sec total\n|\n|t:|1783551294\n|move|p2a: Comfey|Calm Mind|p2a: Comfey\n|-boost|p2a: Comfey|spa|1\n|-boost|p2a: Comfey|spd|1\n|move|p1a: Lugia|Calm Mind|p1a: Lugia\n|-boost|p1a: Lugia|spa|1\n|-boost|p1a: Lugia|spd|1\n|\n|upkeep\n|turn|14\n|inactive|Time left: 300 sec this turn | 300 sec total\n|\n|t:|1783551295\n|move|p2a: Comfey|Calm Mind|p2a: Comfey\n|-boost|p2a: Comfey|spa|1\n|-boost|p2a: Comfey|spd|1\n|move|p1a: Lugia|Aeroblast|p2a: Comfey\n|-damage|p2a: Comfey|168/225\n|\n|-heal|p2a: Comfey|182/225|[from] item: Leftovers\n|upkeep\n|turn|15\n|inactive|Time left: 300 sec this turn | 300 sec total\n|\n|t:|1783551296\n|move|p2a: Comfey|Draining Kiss|p1a: Lugia\n|-damage|p1a: Lugia|80/100\n|-heal|p2a: Comfey|218/225|[from] drain|[of] p1a: Lugia\n|move|p1a: Lugia|Aeroblast|p2a: Comfey\n|-damage|p2a: Comfey|158/225\n|\n|-heal|p2a: Comfey|172/225|[from] item: Leftovers\n|upkeep\n|turn|16\n|inactive|Time left: 300 sec this turn | 300 sec total\n|\n|t:|1783551297\n|move|p2a: Comfey|Draining Kiss|p1a: Lugia\n|-damage|p1a: Lugia|64/100\n|-heal|p2a: Comfey|204/225|[from] drain|[of] p1a: Lugia\n|move|p1a: Lugia|Aeroblast|p2a: Comfey\n|-damage|p2a: Comfey|153/225\n|\n|-heal|p2a: Comfey|167/225|[from] item: Leftovers\n|upkeep\n|turn|17\n|inactive|Time left: 300 sec this turn | 300 sec total\n|\n|t:|1783551298\n|move|p2a: Comfey|Draining Kiss|p1a: Lugia\n|-crit|p1a: Lugia\n|-damage|p1a: Lugia|10/100\n|-heal|p2a: Comfey|225/225|[from] drain|[of] p1a: Lugia\n|move|p1a: Lugia|Recover|p1a: Lugia\n|-heal|p1a: Lugia|60/100\n|\n|upkeep\n|turn|18\n|inactive|Time left: 300 sec this turn | 300 sec total\n|\n|t:|1783551299\n|move|p2a: Comfey|Stored Power|p1a: Lugia\n|-resisted|p1a: Lugia\n|-crit|p1a: Lugia\n|-damage|p1a: Lugia|0 fnt\n|faint|p1a: Lugia\n|\n|upkeep\n|\n|t:|1783551300\n|switch|p1a: Scyther|Scyther, L82, F|100/100\n|turn|19\n|inactive|Time left: 300 sec this turn | 300 sec total\n|\n|t:|1783551301\n|move|p1a: Scyther|Dual Wingbeat|p2a: Comfey\n|-damage|p2a: Comfey|164/225\n|-damage|p2a: Comfey|95/225\n|-hitcount|p2a: Comfey|2\n|move|p2a: Comfey|Stored Power|p1a: Scyther\n|-damage|p1a: Scyther|0 fnt\n|faint|p1a: Scyther\n|\n|-heal|p2a: Comfey|109/225|[from] item: Leftovers\n|upkeep\n|\n|t:|1783551302\n|switch|p1a: Tauros|Tauros-Paldea-Aqua, L81, M, tera:Water|36/100\n|turn|20\n|inactive|Time left: 300 sec this turn | 300 sec total\n|\n|t:|1783551303\n|move|p2a: Comfey|Stored Power|p1a: Tauros\n|-damage|p1a: Tauros|0 fnt\n|faint|p1a: Tauros\n|\n|-heal|p2a: Comfey|123/225|[from] item: Leftovers\n|upkeep\n|\n|t:|1783551304\n|switch|p1a: Persian|Persian-Alola, L86, F|100/100\n|turn|21\n|inactive|Time left: 300 sec this turn | 300 sec total\n|\n|t:|1783551304\n|-terastallize|p2a: Comfey|Fairy\n|move|p2a: Comfey|Draining Kiss|p1a: Persian\n|-supereffective|p1a: Persian\n|-damage|p1a: Persian|0 fnt\n|-heal|p2a: Comfey|225/225|[from] drain|[of] p1a: Persian\n|faint|p1a: Persian\n|\n|win|p0y1042613d", "uploadtime": 1783551304, "views": 0, "rating": 0, "private": 0, "password": null, "_winner": "p0y1042613d", "_our_name": "p0y1042613d"}