{"id": "battle-gen9randombattle-2922", "formatid": "gen9randombattle", "format": "[Gen 9] Random Battle", "players": ["p0x29218e7b", "p0y2921783f"], "log": "|init|battle\n|title|p0x29218e7b vs. p0y2921783f\n|j|\u2606p0x29218e7b\n|j|\u2606p0y2921783f\n|t:|1783573642\n|gametype|singles\n|player|p1|p0x29218e7b|102|\n|player|p2|p0y2921783f|101|\n|gen|9\n|tier|[Gen 9] Random Battle\n|rule|Species Clause: Limit one of each Pok\u00e9mon\n|rule|HP Percentage Mod: HP is shown in percentages\n|rule|Sleep Clause Mod: Limit one foe put to sleep\n|rule|Illusion Level Mod: Illusion disguises the Pok\u00e9mon's true level\n|\n|t:|1783573642\n|teamsize|p1|6\n|teamsize|p2|6\n|start\n|switch|p1a: Crawdaunt|Crawdaunt, L84, M|243/243\n|switch|p2a: Vaporeon|Vaporeon, L86, M|100/100\n|turn|1\n|inactive|Battle timer is ON: inactive players will automatically lose when time's up. (requested by p0x29218e7b)\n|inactive|p0y2921783f also wants the timer to be on.\n|\n|t:|1783573644\n|move|p2a: Vaporeon|Scald|p1a: Crawdaunt\n|-resisted|p1a: Crawdaunt\n|-damage|p1a: Crawdaunt|169/243\n|move|p1a: Crawdaunt|Knock Off|p2a: Vaporeon\n|-damage|p2a: Vaporeon|28/100\n|-enditem|p2a: Vaporeon|Leftovers|[from] move: Knock Off|[of] p1a: Crawdaunt\n|-damage|p1a: Crawdaunt|145/243|[from] item: Life Orb\n|\n|upkeep\n|turn|2\n|inactive|Time left: 300 sec this turn | 300 sec total\n|\n|t:|1783573645\n|move|p2a: Vaporeon|Scald|p1a: Crawdaunt\n|-resisted|p1a: Crawdaunt\n|-damage|p1a: Crawdaunt|79/243\n|move|p1a: Crawdaunt|Knock Off|p2a: Vaporeon\n|-damage|p2a: Vaporeon|0 fnt\n|faint|p2a: Vaporeon\n|-damage|p1a: Crawdaunt|55/243|[from] item: Life Orb\n|\n|upkeep\n|\n|t:|1783573646\n|switch|p2a: Keldeo|Keldeo-Resolute, L79|100/100\n|turn|3\n|inactive|Time left: 300 sec this turn | 300 sec total\n|\n|t:|1783573647\n|switch|p1a: Venusaur|Venusaur, L84, M|272/272\n|move|p2a: Keldeo|Secret Sword|p1a: Venusaur\n|-resisted|p1a: Venusaur\n|-damage|p1a: Venusaur|222/272\n|\n|-heal|p1a: Venusaur|239/272|[from] item: Leftovers\n|upkeep\n|turn|4\n|inactive|Time left: 300 sec this turn | 300 sec total\n|\n|t:|1783573648\n|move|p2a: Keldeo|Calm Mind|p2a: Keldeo\n|-boost|p2a: Keldeo|spa|1\n|-boost|p2a: Keldeo|spd|1\n|move|p1a: Venusaur|Giga Drain|p2a: Keldeo\n|-supereffective|p2a: Keldeo\n|-damage|p2a: Keldeo|54/100\n|-heal|p1a: Venusaur|272/272|[from] drain|[of] p2a: Keldeo\n|\n|-heal|p2a: Keldeo|61/100|[from] item: Leftovers\n|upkeep\n|turn|5\n|inactive|Time left: 300 sec this turn | 300 sec total\n|\n|t:|1783573649\n|move|p2a: Keldeo|Calm Mind|p2a: Keldeo\n|-boost|p2a: Keldeo|spa|1\n|-boost|p2a: Keldeo|spd|1\n|move|p1a: Venusaur|Giga Drain|p2a: Keldeo\n|-supereffective|p2a: Keldeo\n|-damage|p2a: Keldeo|29/100\n|\n|-heal|p2a: Keldeo|35/100|[from] item: Leftovers\n|upkeep\n|turn|6\n|inactive|Time left: 300 sec this turn | 300 sec total\n|\n|t:|1783573650\n|move|p2a: Keldeo|Substitute|p2a: Keldeo\n|-start|p2a: Keldeo|Substitute\n|-damage|p2a: Keldeo|10/100\n|move|p1a: Venusaur|Giga Drain|p2a: Keldeo\n|-supereffective|p2a: Keldeo\n|-end|p2a: Keldeo|Substitute\n|\n|-heal|p2a: Keldeo|17/100|[from] item: Leftovers\n|upkeep\n|turn|7\n|inactive|Time left: 300 sec this turn | 300 sec total\n|\n|t:|1783573651\n|-terastallize|p2a: Keldeo|Steel\n|move|p2a: Keldeo|Secret Sword|p1a: Venusaur\n|-resisted|p1a: Venusaur\n|-damage|p1a: Venusaur|173/272\n|move|p1a: Venusaur|Leech Seed|p2a: Keldeo\n|-start|p2a: Keldeo|move: Leech Seed\n|\n|-heal|p2a: Keldeo|23/100|[from] item: Leftovers\n|-heal|p1a: Venusaur|190/272|[from] item: Leftovers\n|-damage|p2a: Keldeo|10/100|[from] Leech Seed|[of] p1a: Venusaur\n|-heal|p1a: Venusaur|224/272|[silent]\n|upkeep\n|turn|8\n|inactive|Time left: 300 sec this turn | 300 sec total\n|\n|t:|1783573652\n|move|p2a: Keldeo|Secret Sword|p1a: Venusaur\n|-resisted|p1a: Venusaur\n|-damage|p1a: Venusaur|122/272\n|move|p1a: Venusaur|Giga Drain|p2a: Keldeo\n|-resisted|p2a: Keldeo\n|-damage|p2a: Keldeo|2/100\n|-heal|p1a: Venusaur|133/272|[from] drain|[of] p2a: Keldeo\n|\n|-heal|p2a: Keldeo|9/100|[from] item: Leftovers\n|-heal|p1a: Venusaur|150/272|[from] item: Leftovers\n|-damage|p2a: Keldeo|0 fnt|[from] Leech Seed|[of] p1a: Venusaur\n|-heal|p1a: Venusaur|172/272|[silent]\n|faint|p2a: Keldeo\n|upkeep\n|\n|t:|1783573654\n|switch|p2a: Kricketune|Kricketune, L99, M|100/100\n|turn|9\n|inactive|Time left: 300 sec this turn | 300 sec total\n|\n|t:|1783573655\n|move|p2a: Kricketune|Sticky Web|p1a: Venusaur\n|-sidestart|p1: p0x29218e7b|move: Sticky Web\n|move|p1a: Venusaur|Sludge Bomb|p2a: Kricketune\n|-damage|p2a: Kricketune|58/100\n|-status|p2a: Kricketune|psn\n|\n|-heal|p1a: Venusaur|189/272|[from] item: Leftovers\n|-damage|p2a: Kricketune|46/100 psn|[from] psn\n|upkeep\n|turn|10\n|inactive|Time left: 300 sec this turn | 300 sec total\n|\n|t:|1783573656\n|move|p2a: Kricketune|Pounce|p1a: Venusaur\n|-damage|p1a: Venusaur|78/272\n|-unboost|p1a: Venusaur|spe|1\n|move|p1a: Venusaur|Sludge Bomb|p2a: Kricketune\n|-crit|p2a: Kricketune\n|-damage|p2a: Kricketune|0 fnt\n|faint|p2a: Kricketune\n|\n|-heal|p1a: Venusaur|95/272|[from] item: Leftovers\n|upkeep\n|\n|t:|1783573657\n|switch|p2a: Blaziken|Blaziken, L76, F|100/100\n|turn|11\n|inactive|Time left: 300 sec this turn | 300 sec total\n|\n|t:|1783573658\n|move|p2a: Blaziken|Swords Dance|p2a: Blaziken\n|-boost|p2a: Blaziken|atk|2\n|move|p1a: Venusaur|Sludge Bomb|p2a: Blaziken\n|-damage|p2a: Blaziken|49/100\n|\n|-heal|p1a: Venusaur|112/272|[from] item: Leftovers\n|-ability|p2a: Blaziken|Speed Boost|boost\n|-boost|p2a: Blaziken|spe|1\n|upkeep\n|turn|12\n|inactive|Time left: 300 sec this turn | 300 sec total\n|\n|t:|1783573659\n|move|p2a: Blaziken|Knock Off|p1a: Venusaur\n|-damage|p1a: Venusaur|0 fnt\n|-enditem|p1a: Venusaur|Leftovers|[from] move: Knock Off|[of] p2a: Blaziken\n|faint|p1a: Venusaur\n|-damage|p2a: Blaziken|40/100|[from] item: Life Orb\n|\n|-ability|p2a: Blaziken|Speed Boost|boost\n|-boost|p2a: Blaziken|spe|1\n|upkeep\n|inactive|Time left: 300 sec this turn | 300 sec total | 5 sec grace\n|\n|t:|1783573660\n|switch|p1a: Crawdaunt|Crawdaunt, L84, M|55/243\n|-activate|p1a: Crawdaunt|move: Sticky Web\n|-unboost|p1a: Crawdaunt|spe|1\n|turn|13\n|inactive|Time left: 300 sec this turn | 300 sec total\n|\n|t:|1783573661\n|move|p1a: Crawdaunt|Aqua Jet|p2a: Blaziken\n|-supereffective|p2a: Blaziken\n|-damage|p2a: Blaziken|0 fnt\n|faint|p2a: Blaziken\n|-damage|p1a: Crawdaunt|31/243|[from] item: Life Orb\n|\n|upkeep\n|\n|t:|1783573662\n|switch|p2a: Plusle|Plusle, L95, F|100/100\n|turn|14\n|inactive|Time left: 300 sec this turn | 300 sec total\n|\n|t:|1783573663\n|move|p1a: Crawdaunt|Aqua Jet|p2a: Plusle\n|-damage|p2a: Plusle|50/100\n|-damage|p1a: Crawdaunt|7/243|[from] item: Life Orb\n|move|p2a: Plusle|Alluring Voice|p1a: Crawdaunt\n|-supereffective|p1a: Crawdaunt\n|-damage|p1a: Crawdaunt|0 fnt\n|faint|p1a: Crawdaunt\n|-damage|p2a: Plusle|40/100|[from] item: Life Orb\n|\n|upkeep\n|inactive|Time left: 300 sec this turn | 300 sec total | 5 sec grace\n|\n|t:|1783573664\n|switch|p1a: Lapras|Lapras, L87, F|367/367\n|-activate|p1a: Lapras|move: Sticky Web\n|-unboost|p1a: Lapras|spe|1\n|turn|15\n|inactive|Time left: 300 sec this turn | 300 sec total\n|\n|t:|1783573665\n|-terastallize|p1a: Lapras|Ground\n|move|p2a: Plusle|Thunderbolt|p1a: Lapras\n|-immune|p1a: Lapras\n|move|p1a: Lapras|Icicle Spear|p2a: Plusle\n|-damage|p2a: Plusle|27/100\n|-damage|p2a: Plusle|12/100\n|-damage|p2a: Plusle|0 fnt\n|faint|p2a: Plusle\n|-hitcount|p2: Plusle|3\n|\n|upkeep\n|\n|t:|1783573666\n|switch|p2a: Cetitan|Cetitan, L82, F|100/100\n|turn|16\n|inactive|Time left: 300 sec this turn | 300 sec total\n|\n|t:|1783573667\n|move|p2a: Cetitan|Icicle Crash|p1a: Lapras\n|-supereffective|p1a: Lapras\n|-damage|p1a: Lapras|32/367\n|move|p1a: Lapras|Earthquake|p2a: Cetitan\n|-damage|p2a: Cetitan|71/100\n|\n|upkeep\n|turn|17\n|inactive|Time left: 300 sec this turn | 300 sec total\n|\n|t:|1783573668\n|move|p2a: Cetitan|Icicle Crash|p1a: Lapras\n|-supereffective|p1a: Lapras\n|-damage|p1a: Lapras|0 fnt\n|faint|p1a: Lapras\n|\n|upkeep\n|inactive|Time left: 300 sec this turn | 300 sec total | 5 sec grace\n|\n|t:|1783573669\n|switch|p1a: Cetitan|Cetitan, L82, M|413/413\n|-activate|p1a: Cetitan|move: Sticky Web\n|-unboost|p1a: Cetitan|spe|1\n|turn|18\n|inactive|Time left: 300 sec this turn | 300 sec total\n|\n|t:|1783573670\n|move|p2a: Cetitan|Liquidation|p1a: Cetitan\n|-damage|p1a: Cetitan|278/413\n|move|p1a: Cetitan|Liquidation|p2a: Cetitan\n|-damage|p2a: Cetitan|40/100\n|\n|upkeep\n|turn|19\n|inactive|Time left: 300 sec this turn | 300 sec total\n|\n|t:|1783573670\n|move|p2a: Cetitan|Superpower|p1a: Cetitan\n|-supereffective|p1a: Cetitan\n|-damage|p1a: Cetitan|0 fnt\n|-unboost|p2a: Cetitan|atk|1\n|-unboost|p2a: Cetitan|def|1\n|faint|p1a: Cetitan\n|-damage|p2a: Cetitan|30/100|[from] item: Life Orb\n|\n|upkeep\n|inactive|Time left: 300 sec this turn | 300 sec total | 5 sec grace\n|\n|t:|1783573671\n|switch|p1a: Landorus|Landorus-Therian, L76, M|260/260\n|-ability|p1a: Landorus|Intimidate|boost\n|-unboost|p2a: Cetitan|atk|1\n|turn|20\n|inactive|Time left: 300 sec this turn | 300 sec total\n|\n|t:|1783573672\n|move|p2a: Cetitan|Ice Shard|p1a: Landorus\n|-supereffective|p1a: Landorus\n|-damage|p1a: Landorus|135/260\n|-damage|p2a: Cetitan|20/100|[from] item: Life Orb\n|move|p1a: Landorus|U-turn|p2a: Cetitan\n|-damage|p2a: Cetitan|0 fnt\n|faint|p2a: Cetitan\n|\n|win|p0x29218e7b", "uploadtime": 1783573672, "views": 0, "rating": 0, "private": 0, "password": null, "_winner": "p0x29218e7b", "_our_name": "p0x29218e7b"}