{"id": "battle-gen9randombattle-1501", "formatid": "gen9randombattle", "format": "[Gen 9] Random Battle", "players": ["p0x15016f9e", "p0y150166d6"], "log": "|init|battle\n|title|p0x15016f9e vs. p0y150166d6\n|j|\u2606p0x15016f9e\n|j|\u2606p0y150166d6\n|t:|1783556547\n|gametype|singles\n|player|p1|p0x15016f9e|1|\n|player|p2|p0y150166d6|266|\n|gen|9\n|tier|[Gen 9] Random Battle\n|rule|Species Clause: Limit one of each Pok\u00e9mon\n|rule|HP Percentage Mod: HP is shown in percentages\n|rule|Sleep Clause Mod: Limit one foe put to sleep\n|rule|Illusion Level Mod: Illusion disguises the Pok\u00e9mon's true level\n|\n|t:|1783556547\n|teamsize|p1|6\n|teamsize|p2|6\n|start\n|switch|p1a: Ting-Lu|Ting-Lu, L78|370/370\n|switch|p2a: Cinccino|Cinccino, L83, M|100/100\n|-ability|p1a: Ting-Lu|Vessel of Ruin\n|turn|1\n|inactive|Battle timer is ON: inactive players will automatically lose when time's up. (requested by p0x15016f9e)\n|inactive|p0y150166d6 also wants the timer to be on.\n|\n|t:|1783556549\n|move|p2a: Cinccino|Bullet Seed|p1a: Ting-Lu\n|-supereffective|p1a: Ting-Lu\n|-damage|p1a: Ting-Lu|328/370\n|-supereffective|p1a: Ting-Lu\n|-damage|p1a: Ting-Lu|286/370\n|-supereffective|p1a: Ting-Lu\n|-damage|p1a: Ting-Lu|244/370\n|-supereffective|p1a: Ting-Lu\n|-damage|p1a: Ting-Lu|200/370\n|-hitcount|p1a: Ting-Lu|4\n|move|p1a: Ting-Lu|Earthquake|p2a: Cinccino\n|-damage|p2a: Cinccino|48/100\n|\n|-heal|p1a: Ting-Lu|223/370|[from] item: Leftovers\n|upkeep\n|turn|2\n|inactive|Time left: 300 sec this turn | 300 sec total\n|\n|t:|1783556550\n|move|p2a: Cinccino|Triple Axel|p1a: Ting-Lu\n|-supereffective|p1a: Ting-Lu\n|-damage|p1a: Ting-Lu|191/370\n|-supereffective|p1a: Ting-Lu\n|-damage|p1a: Ting-Lu|127/370\n|-supereffective|p1a: Ting-Lu\n|-damage|p1a: Ting-Lu|27/370\n|-hitcount|p1a: Ting-Lu|3\n|move|p1a: Ting-Lu|Earthquake|p2a: Cinccino\n|-damage|p2a: Cinccino|0 fnt\n|faint|p2a: Cinccino\n|\n|-heal|p1a: Ting-Lu|50/370|[from] item: Leftovers\n|upkeep\n|\n|t:|1783556551\n|switch|p2a: Crawdaunt|Crawdaunt, L84, M|100/100\n|turn|3\n|inactive|Time left: 300 sec this turn | 300 sec total\n|\n|t:|1783556552\n|move|p2a: Crawdaunt|Knock Off|p1a: Ting-Lu\n|-resisted|p1a: Ting-Lu\n|-damage|p1a: Ting-Lu|0 fnt\n|-enditem|p1a: Ting-Lu|Leftovers|[from] move: Knock Off|[of] p2a: Crawdaunt\n|faint|p1a: Ting-Lu\n|-damage|p2a: Crawdaunt|91/100|[from] item: Life Orb\n|\n|upkeep\n|inactive|Time left: 300 sec this turn | 300 sec total | 5 sec grace\n|\n|t:|1783556553\n|switch|p1a: Medicham|Medicham, L86, F|243/243\n|turn|4\n|inactive|Time left: 300 sec this turn | 300 sec total\n|\n|t:|1783556554\n|switch|p2a: Amoonguss|Amoonguss, L82, F|100/100\n|move|p1a: Medicham|Close Combat|p2a: Amoonguss\n|-resisted|p2a: Amoonguss\n|-damage|p2a: Amoonguss|50/100\n|-unboost|p1a: Medicham|def|1\n|-unboost|p1a: Medicham|spd|1\n|\n|-heal|p2a: Amoonguss|57/100|[from] item: Leftovers\n|upkeep\n|turn|5\n|inactive|Time left: 300 sec this turn | 300 sec total\n|\n|t:|1783556555\n|move|p1a: Medicham|Close Combat|p2a: Amoonguss\n|-resisted|p2a: Amoonguss\n|-damage|p2a: Amoonguss|0 fnt\n|-unboost|p1a: Medicham|def|1\n|-unboost|p1a: Medicham|spd|1\n|faint|p2a: Amoonguss\n|\n|upkeep\n|\n|t:|1783556557\n|switch|p2a: Victreebel|Victreebel, L90, F|100/100\n|turn|6\n|inactive|Time left: 300 sec this turn | 300 sec total\n|\n|t:|1783556558\n|switch|p1a: Revavroom|Revavroom, L79, M|256/256\n|move|p2a: Victreebel|Power Whip|p1a: Revavroom\n|-resisted|p1a: Revavroom\n|-damage|p1a: Revavroom|203/256\n|-damage|p2a: Victreebel|90/100|[from] item: Life Orb\n|\n|upkeep\n|turn|7\n|inactive|Time left: 300 sec this turn | 300 sec total\n|\n|t:|1783556559\n|switch|p2a: Whiscash|Whiscash, L88, M|100/100\n|move|p1a: Revavroom|Shift Gear|p1a: Revavroom\n|-boost|p1a: Revavroom|spe|2\n|-boost|p1a: Revavroom|atk|1\n|\n|upkeep\n|turn|8\n|inactive|Time left: 300 sec this turn | 300 sec total\n|\n|t:|1783556560\n|move|p1a: Revavroom|Iron Head|p2a: Whiscash\n|-resisted|p2a: Whiscash\n|-damage|p2a: Whiscash|72/100\n|-damage|p1a: Revavroom|178/256|[from] item: Life Orb\n|move|p2a: Whiscash|Earthquake|p1a: Revavroom\n|-supereffective|p1a: Revavroom\n|-damage|p1a: Revavroom|0 fnt\n|faint|p1a: Revavroom\n|\n|-heal|p2a: Whiscash|79/100|[from] item: Leftovers\n|upkeep\n|inactive|Time left: 300 sec this turn | 300 sec total | 5 sec grace\n|\n|t:|1783556561\n|switch|p1a: Medicham|Medicham, L86, F|243/243\n|turn|9\n|inactive|Time left: 300 sec this turn | 300 sec total\n|\n|t:|1783556562\n|move|p1a: Medicham|Close Combat|p2a: Whiscash\n|-damage|p2a: Whiscash|0 fnt\n|-unboost|p1a: Medicham|def|1\n|-unboost|p1a: Medicham|spd|1\n|faint|p2a: Whiscash\n|\n|upkeep\n|\n|t:|1783556563\n|switch|p2a: Victreebel|Victreebel, L90, F|90/100\n|turn|10\n|inactive|Time left: 300 sec this turn | 300 sec total\n|\n|t:|1783556564\n|switch|p1a: Braviary|Braviary, L85, M|309/309\n|move|p2a: Victreebel|Sludge Wave|p1a: Braviary\n|-damage|p1a: Braviary|136/309\n|-damage|p2a: Victreebel|80/100|[from] item: Life Orb\n|\n|upkeep\n|turn|11\n|inactive|Time left: 300 sec this turn | 300 sec total\n|\n|t:|1783556565\n|move|p1a: Braviary|Brave Bird|p2a: Victreebel\n|-supereffective|p2a: Victreebel\n|-damage|p2a: Victreebel|0 fnt\n|faint|p2a: Victreebel\n|-damage|p1a: Braviary|59/309|[from] Recoil\n|\n|upkeep\n|\n|t:|1783556566\n|switch|p2a: Crawdaunt|Crawdaunt, L84, M|91/100\n|turn|12\n|inactive|Time left: 300 sec this turn | 300 sec total\n|\n|t:|1783556567\n|-terastallize|p2a: Crawdaunt|Water\n|move|p1a: Braviary|Close Combat|p2a: Crawdaunt\n|-damage|p2a: Crawdaunt|45/100\n|-unboost|p1a: Braviary|def|1\n|-unboost|p1a: Braviary|spd|1\n|move|p2a: Crawdaunt|Dragon Dance|p2a: Crawdaunt\n|-boost|p2a: Crawdaunt|atk|1\n|-boost|p2a: Crawdaunt|spe|1\n|\n|upkeep\n|turn|13\n|inactive|Time left: 300 sec this turn | 300 sec total\n|\n|t:|1783556568\n|move|p2a: Crawdaunt|Knock Off|p1a: Braviary\n|-crit|p1a: Braviary\n|-damage|p1a: Braviary|0 fnt\n|-enditem|p1a: Braviary|Heavy-Duty Boots|[from] move: Knock Off|[of] p2a: Crawdaunt\n|faint|p1a: Braviary\n|-damage|p2a: Crawdaunt|35/100|[from] item: Life Orb\n|\n|upkeep\n|inactive|Time left: 300 sec this turn | 300 sec total | 5 sec grace\n|\n|t:|1783556569\n|switch|p1a: Shaymin|Shaymin, L82|298/298\n|turn|14\n|inactive|Time left: 300 sec this turn | 300 sec total\n|\n|t:|1783556570\n|move|p2a: Crawdaunt|Knock Off|p1a: Shaymin\n|-damage|p1a: Shaymin|95/298\n|-enditem|p1a: Shaymin|Leftovers|[from] move: Knock Off|[of] p2a: Crawdaunt\n|-damage|p2a: Crawdaunt|25/100|[from] item: Life Orb\n|move|p1a: Shaymin|Seed Flare|p2a: Crawdaunt\n|-supereffective|p2a: Crawdaunt\n|-crit|p2a: Crawdaunt\n|-damage|p2a: Crawdaunt|0 fnt\n|faint|p2a: Crawdaunt\n|\n|upkeep\n|\n|t:|1783556570\n|switch|p2a: Excadrill|Excadrill, L79, M|100/100\n|-ability|p2a: Excadrill|Mold Breaker\n|turn|15\n|inactive|Time left: 300 sec this turn | 300 sec total\n|\n|t:|1783556571\n|switch|p1a: Medicham|Medicham, L86, F|243/243\n|move|p2a: Excadrill|Rapid Spin|p1a: Medicham\n|-damage|p1a: Medicham|193/243\n|-boost|p2a: Excadrill|spe|1\n|\n|upkeep\n|turn|16\n|inactive|Time left: 300 sec this turn | 300 sec total\n|\n|t:|1783556572\n|move|p2a: Excadrill|Iron Head|p1a: Medicham\n|-damage|p1a: Medicham|93/243\n|move|p1a: Medicham|Close Combat|p2a: Excadrill\n|-supereffective|p2a: Excadrill\n|-crit|p2a: Excadrill\n|-damage|p2a: Excadrill|0 fnt\n|-unboost|p1a: Medicham|def|1\n|-unboost|p1a: Medicham|spd|1\n|faint|p2a: Excadrill\n|\n|win|p0x15016f9e", "uploadtime": 1783556572, "views": 0, "rating": 0, "private": 0, "password": null, "_winner": "p0x15016f9e", "_our_name": "p0x15016f9e"}