{"id": "battle-gen9randombattle-221", "formatid": "gen9randombattle", "format": "[Gen 9] Random Battle", "players": ["p0x221c70c", "p0y221385d"], "log": "|init|battle\n|title|p0x221c70c vs. p0y221385d\n|j|\u2606p0x221c70c\n|j|\u2606p0y221385d\n|t:|1783542130\n|gametype|singles\n|player|p1|p0x221c70c|1|\n|player|p2|p0y221385d|2|\n|gen|9\n|tier|[Gen 9] Random Battle\n|rule|Species Clause: Limit one of each Pok\u00e9mon\n|rule|HP Percentage Mod: HP is shown in percentages\n|rule|Sleep Clause Mod: Limit one foe put to sleep\n|rule|Illusion Level Mod: Illusion disguises the Pok\u00e9mon's true level\n|\n|t:|1783542130\n|teamsize|p1|6\n|teamsize|p2|6\n|start\n|switch|p1a: Galvantula|Galvantula, L82, F|100/100\n|switch|p2a: Magnezone|Magnezone, L85|258/258\n|turn|1\n|inactive|Battle timer is ON: inactive players will automatically lose when time's up. (requested by p0y221385d)\n|inactive|p0x221c70c also wants the timer to be on.\n|\n|t:|1783542132\n|move|p1a: Galvantula|Sticky Web|p2a: Magnezone\n|-sidestart|p2: p0y221385d|move: Sticky Web\n|move|p2a: Magnezone|Discharge|p1a: Galvantula\n|-resisted|p1a: Galvantula\n|-damage|p1a: Galvantula|71/100\n|\n|upkeep\n|turn|2\n|inactive|Time left: 300 sec this turn | 300 sec total\n|\n|t:|1783542133\n|switch|p1a: Ting-Lu|Ting-Lu, L78|100/100\n|-ability|p1a: Ting-Lu|Vessel of Ruin\n|move|p2a: Magnezone|Flash Cannon|p1a: Ting-Lu\n|-damage|p1a: Ting-Lu|76/100\n|\n|-heal|p1a: Ting-Lu|82/100|[from] item: Leftovers\n|upkeep\n|turn|3\n|inactive|Time left: 300 sec this turn | 300 sec total\n|\n|t:|1783542134\n|switch|p2a: Staraptor|Staraptor, L79, F|263/263\n|move|p1a: Ting-Lu|Earthquake|p2a: Staraptor\n|-immune|p2a: Staraptor\n|\n|-heal|p1a: Ting-Lu|89/100|[from] item: Leftovers\n|upkeep\n|turn|4\n|inactive|Time left: 300 sec this turn | 300 sec total\n|\n|t:|1783542135\n|move|p2a: Staraptor|Brave Bird|p1a: Ting-Lu\n|-crit|p1a: Ting-Lu\n|-damage|p1a: Ting-Lu|12/100\n|-damage|p2a: Staraptor|170/263|[from] Recoil\n|move|p1a: Ting-Lu|Spikes|p2a: Staraptor\n|-sidestart|p2: p0y221385d|Spikes\n|\n|-heal|p1a: Ting-Lu|18/100|[from] item: Leftovers\n|upkeep\n|turn|5\n|inactive|Time left: 300 sec this turn | 300 sec total\n|\n|t:|1783542136\n|switch|p1a: Eelektross|Eelektross, L87, M|100/100\n|move|p2a: Staraptor|Brave Bird|p1a: Eelektross\n|-resisted|p1a: Eelektross\n|-damage|p1a: Eelektross|56/100\n|-damage|p2a: Staraptor|128/263|[from] Recoil\n|\n|-heal|p1a: Eelektross|63/100|[from] item: Leftovers\n|upkeep\n|turn|6\n|inactive|Time left: 300 sec this turn | 300 sec total\n|\n|t:|1783542138\n|move|p2a: Staraptor|Brave Bird|p1a: Eelektross\n|-resisted|p1a: Eelektross\n|-damage|p1a: Eelektross|17/100\n|-damage|p2a: Staraptor|84/263|[from] Recoil\n|move|p1a: Eelektross|Knock Off|p2a: Staraptor\n|-damage|p2a: Staraptor|0 fnt\n|-enditem|p2a: Staraptor|Choice Band|[from] move: Knock Off|[of] p1a: Eelektross\n|faint|p2a: Staraptor\n|\n|-heal|p1a: Eelektross|23/100|[from] item: Leftovers\n|upkeep\n|inactive|Time left: 300 sec this turn | 300 sec total | 5 sec grace\n|\n|t:|1783542139\n|switch|p2a: Armarouge|Armarouge, L80, M|267/267\n|-activate|p2a: Armarouge|move: Sticky Web\n|-unboost|p2a: Armarouge|spe|1\n|-damage|p2a: Armarouge|234/267|[from] Spikes\n|turn|7\n|inactive|Time left: 300 sec this turn | 300 sec total\n|\n|t:|1783542140\n|move|p1a: Eelektross|Knock Off|p2a: Armarouge\n|-supereffective|p2a: Armarouge\n|-damage|p2a: Armarouge|72/267\n|-ability|p2a: Armarouge|Weak Armor|boost\n|-unboost|p2a: Armarouge|def|1\n|-boost|p2a: Armarouge|spe|2\n|-enditem|p2a: Armarouge|Choice Specs|[from] move: Knock Off|[of] p1a: Eelektross\n|move|p2a: Armarouge|Armor Cannon|p1a: Eelektross\n|-damage|p1a: Eelektross|0 fnt\n|-unboost|p2a: Armarouge|def|1\n|-unboost|p2a: Armarouge|spd|1\n|faint|p1a: Eelektross\n|\n|upkeep\n|\n|t:|1783542141\n|switch|p1a: Tsareena|Tsareena, L87, F|100/100\n|turn|8\n|inactive|Time left: 300 sec this turn | 300 sec total\n|\n|t:|1783542142\n|move|p1a: Tsareena|Triple Axel|p2a: Armarouge\n|-resisted|p2a: Armarouge\n|-damage|p2a: Armarouge|56/267\n|-ability|p2a: Armarouge|Weak Armor|boost\n|-unboost|p2a: Armarouge|def|1\n|-boost|p2a: Armarouge|spe|2\n|-resisted|p2a: Armarouge\n|-damage|p2a: Armarouge|16/267\n|-ability|p2a: Armarouge|Weak Armor|boost\n|-unboost|p2a: Armarouge|def|1\n|-boost|p2a: Armarouge|spe|2\n|-resisted|p2a: Armarouge\n|-damage|p2a: Armarouge|0 fnt\n|faint|p2a: Armarouge\n|-hitcount|p2: Armarouge|3\n|\n|upkeep\n|inactive|Time left: 300 sec this turn | 300 sec total | 5 sec grace\n|\n|t:|1783542143\n|switch|p2a: Volcanion|Volcanion, L79|255/255\n|-activate|p2a: Volcanion|move: Sticky Web\n|-unboost|p2a: Volcanion|spe|1\n|-damage|p2a: Volcanion|224/255|[from] Spikes\n|turn|9\n|inactive|Time left: 300 sec this turn | 300 sec total\n|\n|t:|1783542144\n|switch|p1a: Ting-Lu|Ting-Lu, L78|18/100\n|-ability|p1a: Ting-Lu|Vessel of Ruin\n|move|p2a: Volcanion|Flamethrower|p1a: Ting-Lu\n|-damage|p1a: Ting-Lu|0 fnt\n|faint|p1a: Ting-Lu\n|\n|upkeep\n|\n|t:|1783542145\n|switch|p1a: Bombirdier|Bombirdier, L85, F|100/100\n|turn|10\n|inactive|Time left: 300 sec this turn | 300 sec total\n|\n|t:|1783542145\n|move|p1a: Bombirdier|Knock Off|p2a: Volcanion\n|-damage|p2a: Volcanion|137/255\n|-enditem|p2a: Volcanion|Assault Vest|[from] move: Knock Off|[of] p1a: Bombirdier\n|move|p2a: Volcanion|Steam Eruption|p1a: Bombirdier\n|-damage|p1a: Bombirdier|49/100\n|-status|p1a: Bombirdier|brn\n|\n|-damage|p1a: Bombirdier|43/100 brn|[from] brn\n|upkeep\n|turn|11\n|inactive|Time left: 300 sec this turn | 300 sec total\n|\n|t:|1783542146\n|move|p1a: Bombirdier|Stealth Rock|p2a: Volcanion\n|-sidestart|p2: p0y221385d|move: Stealth Rock\n|move|p2a: Volcanion|Flame Charge|p1a: Bombirdier\n|-damage|p1a: Bombirdier|21/100 brn\n|-boost|p2a: Volcanion|spe|1\n|\n|-damage|p1a: Bombirdier|14/100 brn|[from] brn\n|upkeep\n|turn|12\n|inactive|Time left: 300 sec this turn | 300 sec total\n|\n|t:|1783542147\n|move|p1a: Bombirdier|Brave Bird|p2a: Volcanion\n|-damage|p2a: Volcanion|75/255\n|-damage|p1a: Bombirdier|7/100 brn|[from] Recoil\n|move|p2a: Volcanion|Flame Charge|p1a: Bombirdier\n|-damage|p1a: Bombirdier|0 fnt\n|-boost|p2a: Volcanion|spe|1\n|faint|p1a: Bombirdier\n|\n|upkeep\n|\n|t:|1783542148\n|switch|p1a: Tsareena|Tsareena, L87, F|100/100\n|turn|13\n|inactive|Time left: 300 sec this turn | 300 sec total\n|\n|t:|1783542149\n|move|p1a: Tsareena|High Jump Kick|p2a: Volcanion\n|-damage|p2a: Volcanion|0 fnt\n|faint|p2a: Volcanion\n|\n|upkeep\n|inactive|Time left: 300 sec this turn | 300 sec total | 5 sec grace\n|\n|t:|1783542150\n|switch|p2a: Grumpig|Grumpig, L92, M|297/297\n|-activate|p2a: Grumpig|move: Sticky Web\n|-unboost|p2a: Grumpig|spe|1\n|-damage|p2a: Grumpig|260/297|[from] Spikes\n|-damage|p2a: Grumpig|223/297|[from] Stealth Rock\n|turn|14\n|inactive|Time left: 300 sec this turn | 300 sec total\n|\n|t:|1783542151\n|move|p1a: Tsareena|High Jump Kick|p2a: Grumpig\n|-resisted|p2a: Grumpig\n|-damage|p2a: Grumpig|153/297\n|move|p2a: Grumpig|Nasty Plot|p2a: Grumpig\n|-boost|p2a: Grumpig|spa|2\n|\n|-heal|p2a: Grumpig|171/297|[from] item: Leftovers\n|upkeep\n|turn|15\n|inactive|Time left: 300 sec this turn | 300 sec total\n|\n|t:|1783542152\n|move|p1a: Tsareena|High Jump Kick|p2a: Grumpig\n|-resisted|p2a: Grumpig\n|-damage|p2a: Grumpig|107/297\n|move|p2a: Grumpig|Psyshock|p1a: Tsareena\n|-damage|p1a: Tsareena|41/100\n|\n|-heal|p2a: Grumpig|125/297|[from] item: Leftovers\n|upkeep\n|turn|16\n|inactive|Time left: 300 sec this turn | 300 sec total\n|\n|t:|1783542153\n|move|p1a: Tsareena|High Jump Kick|p2a: Grumpig\n|-resisted|p2a: Grumpig\n|-damage|p2a: Grumpig|62/297\n|move|p2a: Grumpig|Psyshock|p1a: Tsareena\n|-damage|p1a: Tsareena|0 fnt\n|faint|p1a: Tsareena\n|\n|-heal|p2a: Grumpig|80/297|[from] item: Leftovers\n|upkeep\n|\n|t:|1783542154\n|switch|p1a: Galvantula|Galvantula, L82, F|71/100\n|turn|17\n|inactive|Time left: 300 sec this turn | 300 sec total\n|\n|t:|1783542155\n|move|p1a: Galvantula|Thunder|p2a: Grumpig\n|-damage|p2a: Grumpig|1/297\n|-status|p2a: Grumpig|par\n|move|p2a: Grumpig|Psyshock|p1a: Galvantula\n|-crit|p1a: Galvantula\n|-damage|p1a: Galvantula|0 fnt\n|faint|p1a: Galvantula\n|\n|-heal|p2a: Grumpig|19/297 par|[from] item: Leftovers\n|upkeep\n|\n|t:|1783542156\n|switch|p1a: Avalugg|Avalugg, L88, F|100/100\n|turn|18\n|inactive|Time left: 300 sec this turn | 300 sec total\n|\n|t:|1783542157\n|move|p1a: Avalugg|Rapid Spin|p2a: Grumpig\n|-damage|p2a: Grumpig|0 fnt\n|-boost|p1a: Avalugg|spe|1\n|faint|p2a: Grumpig\n|\n|upkeep\n|inactive|Time left: 300 sec this turn | 300 sec total | 5 sec grace\n|\n|t:|1783542158\n|switch|p2a: Magnezone|Magnezone, L85|258/258\n|-activate|p2a: Magnezone|move: Sticky Web\n|-unboost|p2a: Magnezone|spe|1\n|-damage|p2a: Magnezone|226/258|[from] Spikes\n|-damage|p2a: Magnezone|210/258|[from] Stealth Rock\n|turn|19\n|inactive|Time left: 300 sec this turn | 300 sec total\n|\n|t:|1783542159\n|-terastallize|p1a: Avalugg|Fighting\n|move|p1a: Avalugg|Body Press|p2a: Magnezone\n|-supereffective|p2a: Magnezone\n|-damage|p2a: Magnezone|0 fnt\n|faint|p2a: Magnezone\n|\n|upkeep\n|inactive|Time left: 300 sec this turn | 300 sec total | 5 sec grace\n|\n|t:|1783542160\n|switch|p2a: Ursaring|Ursaring, L84, F|288/288\n|-activate|p2a: Ursaring|move: Sticky Web\n|-unboost|p2a: Ursaring|spe|1\n|-damage|p2a: Ursaring|252/288|[from] Spikes\n|-damage|p2a: Ursaring|216/288|[from] Stealth Rock\n|turn|20\n|inactive|Time left: 300 sec this turn | 300 sec total\n|\n|t:|1783542161\n|-terastallize|p2a: Ursaring|Ghost\n|move|p1a: Avalugg|Body Press|p2a: Ursaring\n|-immune|p2a: Ursaring\n|move|p2a: Ursaring|Body Slam|p1a: Avalugg\n|-damage|p1a: Avalugg|80/100\n|-status|p1a: Avalugg|par\n|\n|upkeep\n|turn|21\n|inactive|Time left: 300 sec this turn | 300 sec total\n|\n|t:|1783542162\n|move|p2a: Ursaring|Body Slam|p1a: Avalugg\n|-damage|p1a: Avalugg|60/100 par\n|move|p1a: Avalugg|Avalanche|p2a: Ursaring\n|-damage|p2a: Ursaring|90/288\n|\n|upkeep\n|turn|22\n|inactive|Time left: 300 sec this turn | 300 sec total\n|\n|t:|1783542163\n|move|p2a: Ursaring|Rest|p2a: Ursaring\n|-status|p2a: Ursaring|slp|[from] move: Rest\n|-heal|p2a: Ursaring|288/288 slp|[silent]\n|cant|p1a: Avalugg|par\n|\n|upkeep\n|turn|23\n|inactive|Time left: 300 sec this turn | 300 sec total\n|\n|t:|1783542163\n|cant|p2a: Ursaring|slp\n|move|p2a: Ursaring|Sleep Talk|p2a: Ursaring\n|move|p2a: Ursaring|Rest||[from] move: Sleep Talk|[still]\n|-fail|p2a: Ursaring\n|move|p1a: Avalugg|Recover|p1a: Avalugg\n|-heal|p1a: Avalugg|100/100 par\n|\n|upkeep\n|turn|24\n|inactive|Time left: 300 sec this turn | 300 sec total\n|\n|t:|1783542164\n|cant|p2a: Ursaring|slp\n|move|p2a: Ursaring|Sleep Talk|p2a: Ursaring\n|move|p2a: Ursaring|Earthquake|p1a: Avalugg|[from] move: Sleep Talk\n|-damage|p1a: Avalugg|79/100 par\n|move|p1a: Avalugg|Avalanche|p2a: Ursaring\n|-damage|p2a: Ursaring|176/288 slp\n|\n|upkeep\n|turn|25\n|inactive|Time left: 300 sec this turn | 300 sec total\n|\n|t:|1783542165\n|-curestatus|p2a: Ursaring|slp|[msg]\n|move|p2a: Ursaring|Rest|p2a: Ursaring\n|-status|p2a: Ursaring|slp|[from] move: Rest\n|-heal|p2a: Ursaring|288/288 slp|[silent]\n|move|p1a: Avalugg|Avalanche|p2a: Ursaring\n|-damage|p2a: Ursaring|221/288 slp\n|\n|upkeep\n|turn|26\n|inactive|Time left: 300 sec this turn | 300 sec total\n|\n|t:|1783542166\n|cant|p2a: Ursaring|slp\n|move|p2a: Ursaring|Sleep Talk|p2a: Ursaring\n|move|p2a: Ursaring|Rest||[from] move: Sleep Talk|[still]\n|-fail|p2a: Ursaring\n|move|p1a: Avalugg|Avalanche|p2a: Ursaring\n|-damage|p2a: Ursaring|161/288 slp\n|\n|upkeep\n|turn|27\n|inactive|Time left: 300 sec this turn | 300 sec total\n|\n|t:|1783542167\n|cant|p2a: Ursaring|slp\n|move|p2a: Ursaring|Sleep Talk|p2a: Ursaring\n|move|p2a: Ursaring|Rest||[from] move: Sleep Talk|[still]\n|-fail|p2a: Ursaring\n|move|p1a: Avalugg|Avalanche|p2a: Ursaring\n|-damage|p2a: Ursaring|101/288 slp\n|\n|upkeep\n|turn|28\n|inactive|Time left: 300 sec this turn | 300 sec total\n|\n|t:|1783542168\n|-curestatus|p2a: Ursaring|slp|[msg]\n|move|p2a: Ursaring|Rest|p2a: Ursaring\n|-status|p2a: Ursaring|slp|[from] move: Rest\n|-heal|p2a: Ursaring|288/288 slp|[silent]\n|move|p1a: Avalugg|Avalanche|p2a: Ursaring\n|-damage|p2a: Ursaring|224/288 slp\n|\n|upkeep\n|turn|29\n|inactive|Time left: 300 sec this turn | 300 sec total\n|\n|t:|1783542169\n|cant|p2a: Ursaring|slp\n|move|p2a: Ursaring|Sleep Talk|p2a: Ursaring\n|move|p2a: Ursaring|Earthquake|p1a: Avalugg|[from] move: Sleep Talk\n|-damage|p1a: Avalugg|57/100 par\n|move|p1a: Avalugg|Avalanche|p2a: Ursaring\n|-crit|p2a: Ursaring\n|-damage|p2a: Ursaring|49/288 slp\n|\n|upkeep\n|turn|30\n|inactive|Time left: 300 sec this turn | 300 sec total\n|\n|t:|1783542171\n|cant|p2a: Ursaring|slp\n|move|p2a: Ursaring|Sleep Talk|p2a: Ursaring\n|move|p2a: Ursaring|Earthquake|p1a: Avalugg|[from] move: Sleep Talk\n|-damage|p1a: Avalugg|33/100 par\n|move|p1a: Avalugg|Avalanche|p2a: Ursaring\n|-damage|p2a: Ursaring|0 fnt\n|faint|p2a: Ursaring\n|\n|win|p0x221c70c", "uploadtime": 1783542171, "views": 0, "rating": 0, "private": 0, "password": null, "_winner": "p0x221c70c", "_our_name": "p0y221385d"}