{"id": "battle-gen9randombattle-459", "formatid": "gen9randombattle", "format": "[Gen 9] Random Battle", "players": ["p0x4590ccf", "p0y459599f"], "log": "|init|battle\n|title|p0x4590ccf vs. p0y459599f\n|j|\u2606p0x4590ccf\n|j|\u2606p0y459599f\n|t:|1783545100\n|gametype|singles\n|player|p1|p0x4590ccf|169|\n|player|p2|p0y459599f|169|\n|gen|9\n|tier|[Gen 9] Random Battle\n|rule|Species Clause: Limit one of each Pok\u00e9mon\n|rule|HP Percentage Mod: HP is shown in percentages\n|rule|Sleep Clause Mod: Limit one foe put to sleep\n|rule|Illusion Level Mod: Illusion disguises the Pok\u00e9mon's true level\n|\n|t:|1783545100\n|teamsize|p1|6\n|teamsize|p2|6\n|start\n|switch|p1a: Hypno|Hypno, L95, M|100/100\n|switch|p2a: Mismagius|Mismagius, L86, M|243/243\n|turn|1\n|inactive|Battle timer is ON: inactive players will automatically lose when time's up. (requested by p0y459599f)\n|inactive|p0x4590ccf also wants the timer to be on.\n|\n|t:|1783545101\n|move|p2a: Mismagius|Shadow Ball|p1a: Hypno\n|-supereffective|p1a: Hypno\n|-damage|p1a: Hypno|30/100\n|move|p1a: Hypno|Toxic|p2a: Mismagius|[miss]\n|-miss|p1a: Hypno|p2a: Mismagius\n|\n|-heal|p1a: Hypno|36/100|[from] item: Leftovers\n|upkeep\n|turn|2\n|inactive|Time left: 300 sec this turn | 300 sec total\n|\n|t:|1783545103\n|switch|p1a: Indeedee|Indeedee-F, L90, F|100/100\n|-fieldstart|move: Psychic Terrain|[from] ability: Psychic Surge|[of] p1a: Indeedee\n|move|p2a: Mismagius|Shadow Ball|p1a: Indeedee\n|-immune|p1a: Indeedee\n|\n|upkeep\n|turn|3\n|inactive|Time left: 300 sec this turn | 300 sec total\n|\n|t:|1783545104\n|switch|p2a: Iron Boulder|Iron Boulder, L77|265/265\n|move|p1a: Indeedee|Psychic|p2a: Iron Boulder\n|-resisted|p2a: Iron Boulder\n|-damage|p2a: Iron Boulder|186/265\n|-damage|p1a: Indeedee|91/100|[from] item: Life Orb\n|\n|upkeep\n|turn|4\n|inactive|Time left: 300 sec this turn | 300 sec total\n|\n|t:|1783545105\n|move|p2a: Iron Boulder|Swords Dance|p2a: Iron Boulder\n|-boost|p2a: Iron Boulder|atk|2\n|move|p1a: Indeedee|Shadow Ball|p2a: Iron Boulder\n|-supereffective|p2a: Iron Boulder\n|-damage|p2a: Iron Boulder|33/265\n|-damage|p1a: Indeedee|81/100|[from] item: Life Orb\n|\n|upkeep\n|turn|5\n|inactive|Time left: 300 sec this turn | 300 sec total\n|\n|t:|1783545106\n|switch|p1a: Hypno|Hypno, L95, M|36/100\n|move|p2a: Iron Boulder|Mighty Cleave|p1a: Hypno\n|-crit|p1a: Hypno\n|-damage|p1a: Hypno|0 fnt\n|faint|p1a: Hypno\n|-damage|p2a: Iron Boulder|7/265|[from] item: Life Orb\n|\n|upkeep\n|\n|t:|1783545107\n|switch|p1a: Inteleon|Inteleon, L81, F|100/100\n|turn|6\n|inactive|Time left: 300 sec this turn | 300 sec total\n|\n|t:|1783545108\n|-end|p2a: Iron Boulder|Quark Drive|[silent]\n|switch|p2a: Porygon2|Porygon2, L81|270/270\n|-ability|p2a: Porygon2|Download|boost\n|-boost|p2a: Porygon2|spa|1\n|move|p1a: Inteleon|Scald|p2a: Porygon2\n|-damage|p2a: Porygon2|182/270\n|\n|-fieldend|move: Psychic Terrain\n|upkeep\n|turn|7\n|inactive|Time left: 300 sec this turn | 300 sec total\n|\n|t:|1783545109\n|move|p1a: Inteleon|Scald|p2a: Porygon2\n|-damage|p2a: Porygon2|92/270\n|-status|p2a: Porygon2|brn\n|move|p2a: Porygon2|Discharge|p1a: Inteleon\n|-supereffective|p1a: Inteleon\n|-damage|p1a: Inteleon|9/100\n|\n|-damage|p2a: Porygon2|76/270 brn|[from] brn\n|upkeep\n|turn|8\n|inactive|Time left: 300 sec this turn | 300 sec total\n|\n|t:|1783545110\n|switch|p2a: Dragalge|Dragalge, L88, M|258/258\n|move|p1a: Inteleon|Scald|p2a: Dragalge\n|-resisted|p2a: Dragalge\n|-damage|p2a: Dragalge|183/258\n|\n|upkeep\n|turn|9\n|inactive|Time left: 300 sec this turn | 300 sec total\n|\n|t:|1783545111\n|move|p1a: Inteleon|Scald|p2a: Dragalge\n|-resisted|p2a: Dragalge\n|-damage|p2a: Dragalge|106/258\n|move|p2a: Dragalge|Sludge Wave|p1a: Inteleon\n|-damage|p1a: Inteleon|0 fnt\n|faint|p1a: Inteleon\n|\n|upkeep\n|\n|t:|1783545112\n|switch|p1a: Salamence|Salamence, L77, M|100/100\n|turn|10\n|inactive|Time left: 300 sec this turn | 300 sec total\n|\n|t:|1783545113\n|switch|p2a: Misdreavus|Misdreavus, L90, F|254/254\n|move|p1a: Salamence|Outrage|p2a: Misdreavus\n|-damage|p2a: Misdreavus|149/254\n|\n|upkeep\n|turn|11\n|inactive|Time left: 300 sec this turn | 300 sec total\n|\n|t:|1783545114\n|-terastallize|p2a: Misdreavus|Fairy\n|move|p2a: Misdreavus|Draining Kiss|p1a: Salamence\n|-supereffective|p1a: Salamence\n|-damage|p1a: Salamence|45/100\n|-heal|p2a: Misdreavus|254/254|[from] drain|[of] p1a: Salamence\n|move|p1a: Salamence|Outrage|p2a: Misdreavus|[from] lockedmove\n|-immune|p2a: Misdreavus\n|-start|p1a: Salamence|confusion|[fatigue]\n|\n|upkeep\n|turn|12\n|inactive|Time left: 300 sec this turn | 300 sec total\n|\n|t:|1783545115\n|switch|p1a: Indeedee|Indeedee-F, L90, F|81/100\n|-fieldstart|move: Psychic Terrain|[from] ability: Psychic Surge|[of] p1a: Indeedee\n|move|p2a: Misdreavus|Calm Mind|p2a: Misdreavus\n|-boost|p2a: Misdreavus|spa|1\n|-boost|p2a: Misdreavus|spd|1\n|\n|upkeep\n|turn|13\n|inactive|Time left: 300 sec this turn | 300 sec total\n|\n|t:|1783545116\n|move|p1a: Indeedee|Calm Mind|p1a: Indeedee\n|-boost|p1a: Indeedee|spa|1\n|-boost|p1a: Indeedee|spd|1\n|move|p2a: Misdreavus|Draining Kiss|p1a: Indeedee\n|-damage|p1a: Indeedee|61/100\n|\n|upkeep\n|turn|14\n|inactive|Time left: 300 sec this turn | 300 sec total\n|\n|t:|1783545117\n|move|p1a: Indeedee|Calm Mind|p1a: Indeedee\n|-boost|p1a: Indeedee|spa|1\n|-boost|p1a: Indeedee|spd|1\n|move|p2a: Misdreavus|Calm Mind|p2a: Misdreavus\n|-boost|p2a: Misdreavus|spa|1\n|-boost|p2a: Misdreavus|spd|1\n|\n|upkeep\n|turn|15\n|inactive|Time left: 300 sec this turn | 300 sec total\n|\n|t:|1783545118\n|move|p2a: Misdreavus|Draining Kiss|p1a: Indeedee\n|-damage|p1a: Indeedee|41/100\n|move|p1a: Indeedee|Calm Mind|p1a: Indeedee\n|-boost|p1a: Indeedee|spa|1\n|-boost|p1a: Indeedee|spd|1\n|\n|upkeep\n|turn|16\n|inactive|Time left: 300 sec this turn | 300 sec total\n|\n|t:|1783545119\n|move|p2a: Misdreavus|Draining Kiss|p1a: Indeedee\n|-damage|p1a: Indeedee|24/100\n|move|p1a: Indeedee|Calm Mind|p1a: Indeedee\n|-boost|p1a: Indeedee|spa|1\n|-boost|p1a: Indeedee|spd|1\n|\n|-fieldend|move: Psychic Terrain\n|upkeep\n|turn|17\n|inactive|Time left: 300 sec this turn | 300 sec total\n|\n|t:|1783545120\n|move|p1a: Indeedee|Calm Mind|p1a: Indeedee\n|-boost|p1a: Indeedee|spa|1\n|-boost|p1a: Indeedee|spd|1\n|move|p2a: Misdreavus|Draining Kiss|p1a: Indeedee\n|-damage|p1a: Indeedee|12/100\n|\n|upkeep\n|turn|18\n|inactive|Time left: 300 sec this turn | 300 sec total\n|\n|t:|1783545121\n|move|p2a: Misdreavus|Draining Kiss|p1a: Indeedee\n|-damage|p1a: Indeedee|0 fnt\n|faint|p1a: Indeedee\n|\n|upkeep\n|\n|t:|1783545122\n|switch|p1a: Enamorus|Enamorus, L79, F|100/100\n|turn|19\n|inactive|Time left: 300 sec this turn | 300 sec total\n|\n|t:|1783545123\n|move|p1a: Enamorus|Calm Mind|p1a: Enamorus\n|-boost|p1a: Enamorus|spa|1\n|-boost|p1a: Enamorus|spd|1\n|move|p2a: Misdreavus|Shadow Ball|p1a: Enamorus\n|-damage|p1a: Enamorus|49/100\n|\n|upkeep\n|turn|20\n|inactive|Time left: 300 sec this turn | 300 sec total\n|\n|t:|1783545124\n|move|p1a: Enamorus|Mystical Fire|p2a: Misdreavus\n|-damage|p2a: Misdreavus|221/254\n|-unboost|p2a: Misdreavus|spa|1\n|move|p2a: Misdreavus|Shadow Ball|p1a: Enamorus\n|-damage|p1a: Enamorus|7/100\n|-unboost|p1a: Enamorus|spd|1\n|\n|upkeep\n|turn|21\n|inactive|Time left: 300 sec this turn | 300 sec total\n|\n|t:|1783545125\n|move|p1a: Enamorus|Mystical Fire|p2a: Misdreavus\n|-damage|p2a: Misdreavus|189/254\n|-unboost|p2a: Misdreavus|spa|1\n|move|p2a: Misdreavus|Draining Kiss|p1a: Enamorus\n|-damage|p1a: Enamorus|0 fnt\n|-heal|p2a: Misdreavus|200/254|[from] drain|[of] p1a: Enamorus\n|faint|p1a: Enamorus\n|\n|upkeep\n|\n|t:|1783545126\n|switch|p1a: Ceruledge|Ceruledge, L78, M|100/100\n|turn|22\n|inactive|Time left: 300 sec this turn | 300 sec total\n|\n|t:|1783545127\n|move|p2a: Misdreavus|Shadow Ball|p1a: Ceruledge\n|-supereffective|p1a: Ceruledge\n|-damage|p1a: Ceruledge|24/100\n|move|p1a: Ceruledge|Poltergeist|p2a: Misdreavus\n|-activate|p2a: Misdreavus|move: Poltergeist|Eviolite\n|-damage|p2a: Misdreavus|106/254\n|\n|upkeep\n|turn|23\n|inactive|Time left: 300 sec this turn | 300 sec total\n|\n|t:|1783545128\n|switch|p1a: Salamence|Salamence, L77, M|45/100\n|move|p2a: Misdreavus|Shadow Ball|p1a: Salamence\n|-crit|p1a: Salamence\n|-damage|p1a: Salamence|0 fnt\n|faint|p1a: Salamence\n|\n|upkeep\n|\n|t:|1783545129\n|switch|p1a: Ceruledge|Ceruledge, L78, M|24/100\n|turn|24\n|inactive|Time left: 300 sec this turn | 300 sec total\n|\n|t:|1783545129\n|move|p2a: Misdreavus|Shadow Ball|p1a: Ceruledge\n|-supereffective|p1a: Ceruledge\n|-damage|p1a: Ceruledge|0 fnt\n|faint|p1a: Ceruledge\n|\n|win|p0y459599f", "uploadtime": 1783545129, "views": 0, "rating": 0, "private": 0, "password": null, "_winner": "p0y459599f", "_our_name": "p0y459599f"}