{"id": "battle-gen9randombattle-2450", "formatid": "gen9randombattle", "format": "[Gen 9] Random Battle", "players": ["p0x24503ec9", "p0y24507490"], "log": "|init|battle\n|title|p0x24503ec9 vs. p0y24507490\n|j|\u2606p0x24503ec9\n|j|\u2606p0y24507490\n|t:|1783567418\n|gametype|singles\n|player|p1|p0x24503ec9|169|\n|player|p2|p0y24507490|101|\n|gen|9\n|tier|[Gen 9] Random Battle\n|rule|Species Clause: Limit one of each Pok\u00e9mon\n|rule|HP Percentage Mod: HP is shown in percentages\n|rule|Sleep Clause Mod: Limit one foe put to sleep\n|rule|Illusion Level Mod: Illusion disguises the Pok\u00e9mon's true level\n|\n|t:|1783567418\n|teamsize|p1|6\n|teamsize|p2|6\n|start\n|switch|p1a: Torterra|Torterra, L78, M|276/276\n|switch|p2a: Virizion|Virizion, L82|100/100\n|turn|1\n|inactive|Battle timer is ON: inactive players will automatically lose when time's up. (requested by p0y24507490)\n|inactive|Time left: 300 sec this turn | 300 sec total | 60 sec grace\n|inactive|p0x24503ec9 also wants the timer to be on.\n|\n|t:|1783567420\n|move|p2a: Virizion|Swords Dance|p2a: Virizion\n|-boost|p2a: Virizion|atk|2\n|move|p1a: Torterra|Shell Smash|p1a: Torterra\n|-unboost|p1a: Torterra|def|1\n|-unboost|p1a: Torterra|spd|1\n|-boost|p1a: Torterra|atk|2\n|-boost|p1a: Torterra|spa|2\n|-boost|p1a: Torterra|spe|2\n|\n|upkeep\n|turn|2\n|inactive|Time left: 300 sec this turn | 300 sec total\n|\n|t:|1783567421\n|switch|p1a: Skeledirge|Skeledirge, L79, F|294/294\n|move|p2a: Virizion|Close Combat|p1a: Skeledirge\n|-immune|p1a: Skeledirge\n|\n|upkeep\n|turn|3\n|inactive|Time left: 300 sec this turn | 300 sec total\n|\n|t:|1783567422\n|move|p2a: Virizion|Stone Edge|p1a: Skeledirge\n|-supereffective|p1a: Skeledirge\n|-damage|p1a: Skeledirge|138/294\n|-damage|p2a: Virizion|91/100|[from] item: Life Orb\n|move|p1a: Skeledirge|Torch Song|p2a: Virizion\n|-supereffective|p2a: Virizion\n|-damage|p2a: Virizion|50/100\n|-boost|p1a: Skeledirge|spa|1\n|\n|upkeep\n|turn|4\n|inactive|Time left: 300 sec this turn | 300 sec total\n|\n|t:|1783567423\n|move|p2a: Virizion|Stone Edge|p1a: Skeledirge\n|-supereffective|p1a: Skeledirge\n|-damage|p1a: Skeledirge|0 fnt\n|faint|p1a: Skeledirge\n|-damage|p2a: Virizion|40/100|[from] item: Life Orb\n|\n|upkeep\n|inactive|Time left: 300 sec this turn | 300 sec total | 5 sec grace\n|\n|t:|1783567424\n|switch|p1a: Espeon|Espeon, L84, F|246/246\n|turn|5\n|inactive|Time left: 300 sec this turn | 300 sec total\n|\n|t:|1783567425\n|move|p1a: Espeon|Psyshock|p2a: Virizion\n|-supereffective|p2a: Virizion\n|-damage|p2a: Virizion|0 fnt\n|faint|p2a: Virizion\n|-damage|p1a: Espeon|222/246|[from] item: Life Orb\n|\n|upkeep\n|\n|t:|1783567426\n|switch|p2a: Manaphy|Manaphy, L78|100/100\n|turn|6\n|inactive|Time left: 300 sec this turn | 300 sec total\n|\n|t:|1783567427\n|move|p1a: Espeon|Calm Mind|p1a: Espeon\n|-boost|p1a: Espeon|spa|1\n|-boost|p1a: Espeon|spd|1\n|move|p2a: Manaphy|Tail Glow|p2a: Manaphy\n|-boost|p2a: Manaphy|spa|3\n|\n|upkeep\n|turn|7\n|inactive|Time left: 300 sec this turn | 300 sec total\n|\n|t:|1783567428\n|move|p1a: Espeon|Psyshock|p2a: Manaphy\n|-damage|p2a: Manaphy|29/100\n|-damage|p1a: Espeon|198/246|[from] item: Life Orb\n|move|p2a: Manaphy|Surf|p1a: Espeon\n|-damage|p1a: Espeon|63/246\n|\n|-heal|p2a: Manaphy|35/100|[from] item: Leftovers\n|upkeep\n|turn|8\n|inactive|Time left: 300 sec this turn | 300 sec total\n|\n|t:|1783567429\n|move|p1a: Espeon|Psyshock|p2a: Manaphy\n|-damage|p2a: Manaphy|0 fnt\n|faint|p2a: Manaphy\n|-damage|p1a: Espeon|39/246|[from] item: Life Orb\n|\n|upkeep\n|\n|t:|1783567430\n|switch|p2a: Conkeldurr|Conkeldurr, L80, F|100/100\n|turn|9\n|inactive|Time left: 300 sec this turn | 300 sec total\n|\n|t:|1783567431\n|-terastallize|p2a: Conkeldurr|Normal\n|move|p1a: Espeon|Psyshock|p2a: Conkeldurr\n|-damage|p2a: Conkeldurr|34/100\n|-damage|p1a: Espeon|15/246|[from] item: Life Orb\n|move|p2a: Conkeldurr|Facade|p1a: Espeon\n|-damage|p1a: Espeon|0 fnt\n|faint|p1a: Espeon\n|\n|-status|p2a: Conkeldurr|brn|[from] item: Flame Orb\n|upkeep\n|inactive|Time left: 300 sec this turn | 300 sec total | 5 sec grace\n|\n|t:|1783567432\n|switch|p1a: Rillaboom|Rillaboom, L79, M|288/288\n|-fieldstart|move: Grassy Terrain|[from] ability: Grassy Surge|[of] p1a: Rillaboom\n|turn|10\n|inactive|Time left: 300 sec this turn | 300 sec total\n|\n|t:|1783567433\n|switch|p2a: Slowbro|Slowbro-Galar, L87, M|100/100\n|move|p1a: Rillaboom|Wood Hammer|p2a: Slowbro\n|-resisted|p2a: Slowbro\n|-damage|p2a: Slowbro|59/100\n|-damage|p1a: Rillaboom|240/288|[from] item: Rocky Helmet|[of] p2a: Slowbro\n|-damage|p1a: Rillaboom|198/288|[from] Recoil\n|\n|-heal|p1a: Rillaboom|216/288|[from] Grassy Terrain\n|-heal|p2a: Slowbro|65/100|[from] Grassy Terrain\n|upkeep\n|turn|11\n|inactive|Time left: 300 sec this turn | 300 sec total\n|\n|t:|1783567434\n|switch|p1a: Blastoise|Blastoise, L80, M|258/258\n|move|p2a: Slowbro|Shell Side Arm|p1a: Blastoise|[anim] Shell Side Arm Physical\n|-crit|p1a: Blastoise\n|-damage|p1a: Blastoise|116/258\n|-hint|Physical Shell Side Arm\n|\n|-heal|p1a: Blastoise|132/258|[from] Grassy Terrain\n|-heal|p2a: Slowbro|72/100|[from] Grassy Terrain\n|upkeep\n|turn|12\n|inactive|Time left: 300 sec this turn | 300 sec total\n|\n|t:|1783567435\n|move|p1a: Blastoise|Shell Smash|p1a: Blastoise\n|-unboost|p1a: Blastoise|def|1\n|-unboost|p1a: Blastoise|spd|1\n|-boost|p1a: Blastoise|atk|2\n|-boost|p1a: Blastoise|spa|2\n|-boost|p1a: Blastoise|spe|2\n|-enditem|p1a: Blastoise|White Herb\n|-clearnegativeboost|p1a: Blastoise|[silent]\n|move|p2a: Slowbro|Psychic|p1a: Blastoise\n|-damage|p1a: Blastoise|33/258\n|-unboost|p1a: Blastoise|spd|1\n|\n|-heal|p1a: Blastoise|49/258|[from] Grassy Terrain\n|-heal|p2a: Slowbro|78/100|[from] Grassy Terrain\n|upkeep\n|turn|13\n|inactive|Time left: 300 sec this turn | 300 sec total\n|\n|t:|1783567437\n|move|p1a: Blastoise|Hydro Pump|p2a: Slowbro\n|-damage|p2a: Slowbro|0 fnt\n|faint|p2a: Slowbro\n|\n|-heal|p1a: Blastoise|65/258|[from] Grassy Terrain\n|upkeep\n|\n|t:|1783567438\n|switch|p2a: Conkeldurr|Conkeldurr, L80, F, tera:Normal|34/100 brn\n|turn|14\n|inactive|Time left: 300 sec this turn | 300 sec total\n|\n|t:|1783567439\n|move|p2a: Conkeldurr|Mach Punch|p1a: Blastoise\n|-crit|p1a: Blastoise\n|-damage|p1a: Blastoise|0 fnt\n|faint|p1a: Blastoise\n|\n|-heal|p2a: Conkeldurr|40/100 brn|[from] Grassy Terrain\n|-damage|p2a: Conkeldurr|34/100 brn|[from] brn\n|-fieldend|move: Grassy Terrain\n|upkeep\n|inactive|Time left: 300 sec this turn | 300 sec total | 5 sec grace\n|\n|t:|1783567439\n|switch|p1a: Rillaboom|Rillaboom, L79, M|216/288\n|-fieldstart|move: Grassy Terrain|[from] ability: Grassy Surge|[of] p1a: Rillaboom\n|turn|15\n|inactive|Time left: 300 sec this turn | 300 sec total\n|\n|t:|1783567440\n|switch|p2a: Zapdos|Zapdos, L78|100/100\n|move|p1a: Rillaboom|Wood Hammer|p2a: Zapdos\n|-resisted|p2a: Zapdos\n|-damage|p2a: Zapdos|44/100\n|-damage|p1a: Rillaboom|166/288|[from] Recoil\n|\n|-heal|p1a: Rillaboom|184/288|[from] Grassy Terrain\n|upkeep\n|turn|16\n|inactive|Time left: 300 sec this turn | 300 sec total\n|\n|t:|1783567442\n|move|p2a: Zapdos|Hurricane|p1a: Rillaboom\n|-supereffective|p1a: Rillaboom\n|-damage|p1a: Rillaboom|0 fnt\n|faint|p1a: Rillaboom\n|\n|upkeep\n|inactive|Time left: 300 sec this turn | 300 sec total | 5 sec grace\n|\n|t:|1783567442\n|switch|p1a: Iron Jugulis|Iron Jugulis, L77|271/271\n|turn|17\n|inactive|Time left: 300 sec this turn | 300 sec total\n|\n|t:|1783567443\n|move|p1a: Iron Jugulis|Meteor Beam||[still]\n|-prepare|p1a: Iron Jugulis|Meteor Beam\n|-boost|p1a: Iron Jugulis|spa|1\n|-enditem|p1a: Iron Jugulis|Power Herb\n|-anim|p1a: Iron Jugulis|Meteor Beam|p2a: Zapdos\n|-supereffective|p2a: Zapdos\n|-damage|p2a: Zapdos|0 fnt\n|faint|p2a: Zapdos\n|\n|upkeep\n|\n|t:|1783567444\n|switch|p2a: Galvantula|Galvantula, L82, M|100/100\n|turn|18\n|inactive|Time left: 300 sec this turn | 300 sec total\n|\n|t:|1783567445\n|move|p2a: Galvantula|Thunder|p1a: Iron Jugulis\n|-supereffective|p1a: Iron Jugulis\n|-damage|p1a: Iron Jugulis|1/271\n|move|p1a: Iron Jugulis|Hurricane|p2a: Galvantula|[miss]\n|-miss|p1a: Iron Jugulis|p2a: Galvantula\n|\n|upkeep\n|turn|19\n|inactive|Time left: 300 sec this turn | 300 sec total\n|\n|t:|1783567446\n|move|p2a: Galvantula|Sticky Web|p1a: Iron Jugulis\n|-sidestart|p1: p0x24503ec9|move: Sticky Web\n|move|p1a: Iron Jugulis|Hurricane|p2a: Galvantula|[miss]\n|-miss|p1a: Iron Jugulis|p2a: Galvantula\n|\n|-fieldend|move: Grassy Terrain\n|upkeep\n|turn|20\n|inactive|Time left: 300 sec this turn | 300 sec total\n|\n|t:|1783567447\n|move|p2a: Galvantula|Bug Buzz|p1a: Iron Jugulis\n|-crit|p1a: Iron Jugulis\n|-damage|p1a: Iron Jugulis|0 fnt\n|faint|p1a: Iron Jugulis\n|-end|p1a: Iron Jugulis|Quark Drive|[silent]\n|\n|upkeep\n|inactive|Time left: 300 sec this turn | 300 sec total | 5 sec grace\n|\n|t:|1783567448\n|switch|p1a: Torterra|Torterra, L78, M|276/276\n|-activate|p1a: Torterra|move: Sticky Web\n|-unboost|p1a: Torterra|spe|1\n|turn|21\n|inactive|Time left: 300 sec this turn | 300 sec total\n|\n|t:|1783567449\n|-terastallize|p1a: Torterra|Water\n|move|p2a: Galvantula|Bug Buzz|p1a: Torterra\n|-damage|p1a: Torterra|176/276\n|move|p1a: Torterra|Rock Blast|p2a: Galvantula\n|-supereffective|p2a: Galvantula\n|-damage|p2a: Galvantula|83/100\n|-supereffective|p2a: Galvantula\n|-damage|p2a: Galvantula|65/100\n|-supereffective|p2a: Galvantula\n|-damage|p2a: Galvantula|46/100\n|-supereffective|p2a: Galvantula\n|-damage|p2a: Galvantula|28/100\n|-hitcount|p2a: Galvantula|4\n|\n|upkeep\n|turn|22\n|inactive|Time left: 300 sec this turn | 300 sec total\n|\n|t:|1783567450\n|move|p2a: Galvantula|Thunder|p1a: Torterra\n|-supereffective|p1a: Torterra\n|-damage|p1a: Torterra|0 fnt\n|faint|p1a: Torterra\n|\n|win|p0y24507490", "uploadtime": 1783567450, "views": 0, "rating": 0, "private": 0, "password": null, "_winner": "p0y24507490", "_our_name": "p0x24503ec9"}