{"id": "battle-gen9randombattle-104", "formatid": "gen9randombattle", "format": "[Gen 9] Random Battle", "players": ["p0x10471c2", "p0y1043200"], "log": "|init|battle\n|title|p0x10471c2 vs. p0y1043200\n|j|\u2606p0x10471c2\n|j|\u2606p0y1043200\n|t:|1783534988\n|gametype|singles\n|player|p1|p0x10471c2|2|\n|player|p2|p0y1043200|101|\n|gen|9\n|tier|[Gen 9] Random Battle\n|rule|Species Clause: Limit one of each Pok\u00e9mon\n|rule|HP Percentage Mod: HP is shown in percentages\n|rule|Sleep Clause Mod: Limit one foe put to sleep\n|rule|Illusion Level Mod: Illusion disguises the Pok\u00e9mon's true level\n|\n|t:|1783534988\n|teamsize|p1|6\n|teamsize|p2|6\n|start\n|switch|p1a: Spectrier|Spectrier, L75|100/100\n|switch|p2a: Cryogonal|Cryogonal, L89|287/287\n|turn|1\n|inactive|Battle timer is ON: inactive players will automatically lose when time's up. (requested by p0y1043200)\n|inactive|p0x10471c2 also wants the timer to be on.\n|\n|t:|1783534989\n|move|p1a: Spectrier|Nasty Plot|p1a: Spectrier\n|-boost|p1a: Spectrier|spa|2\n|move|p2a: Cryogonal|Ice Beam|p1a: Spectrier\n|-damage|p1a: Spectrier|58/100\n|\n|upkeep\n|turn|2\n|inactive|Time left: 300 sec this turn | 300 sec total\n|\n|t:|1783534990\n|move|p1a: Spectrier|Draining Kiss|p2a: Cryogonal\n|-damage|p2a: Cryogonal|212/287\n|-heal|p1a: Spectrier|78/100|[from] drain|[of] p2a: Cryogonal\n|-damage|p1a: Spectrier|68/100|[from] item: Life Orb\n|move|p2a: Cryogonal|Ice Beam|p1a: Spectrier\n|-damage|p1a: Spectrier|25/100\n|\n|upkeep\n|turn|3\n|inactive|Time left: 300 sec this turn | 300 sec total\n|\n|t:|1783534991\n|move|p1a: Spectrier|Shadow Ball|p2a: Cryogonal\n|-damage|p2a: Cryogonal|56/287\n|-damage|p1a: Spectrier|15/100|[from] item: Life Orb\n|move|p2a: Cryogonal|Ice Beam|p1a: Spectrier\n|-damage|p1a: Spectrier|0 fnt\n|faint|p1a: Spectrier\n|\n|upkeep\n|\n|t:|1783534992\n|switch|p1a: Armarouge|Armarouge, L80, M|100/100\n|turn|4\n|inactive|Time left: 300 sec this turn | 300 sec total\n|\n|t:|1783534993\n|move|p2a: Cryogonal|Ice Beam|p1a: Armarouge\n|-resisted|p1a: Armarouge\n|-damage|p1a: Armarouge|79/100\n|move|p1a: Armarouge|Meteor Beam||[still]\n|-prepare|p1a: Armarouge|Meteor Beam\n|-boost|p1a: Armarouge|spa|1\n|-enditem|p1a: Armarouge|Power Herb\n|-anim|p1a: Armarouge|Meteor Beam|p2a: Cryogonal\n|-supereffective|p2a: Cryogonal\n|-damage|p2a: Cryogonal|0 fnt\n|faint|p2a: Cryogonal\n|\n|upkeep\n|inactive|Time left: 300 sec this turn | 300 sec total | 5 sec grace\n|\n|t:|1783534994\n|switch|p2a: Arceus|Arceus-Dragon, L71|288/288\n|turn|5\n|inactive|Time left: 300 sec this turn | 300 sec total\n|\n|t:|1783534995\n|move|p2a: Arceus|Judgment|p1a: Armarouge\n|-damage|p1a: Armarouge|32/100\n|move|p1a: Armarouge|Psyshock|p2a: Arceus\n|-damage|p2a: Arceus|153/288\n|\n|upkeep\n|turn|6\n|inactive|Time left: 300 sec this turn | 300 sec total\n|\n|t:|1783534996\n|move|p2a: Arceus|Judgment|p1a: Armarouge\n|-damage|p1a: Armarouge|0 fnt\n|faint|p1a: Armarouge\n|\n|upkeep\n|\n|t:|1783534997\n|switch|p1a: Plusle|Plusle, L95, F|100/100\n|turn|7\n|inactive|Time left: 300 sec this turn | 300 sec total\n|\n|t:|1783534998\n|move|p1a: Plusle|Nasty Plot|p1a: Plusle\n|-boost|p1a: Plusle|spa|2\n|move|p2a: Arceus|Judgment|p1a: Plusle\n|-damage|p1a: Plusle|59/100\n|\n|upkeep\n|turn|8\n|inactive|Time left: 300 sec this turn | 300 sec total\n|\n|t:|1783534999\n|move|p1a: Plusle|Nasty Plot|p1a: Plusle\n|-boost|p1a: Plusle|spa|2\n|move|p2a: Arceus|Judgment|p1a: Plusle\n|-damage|p1a: Plusle|15/100\n|\n|upkeep\n|turn|9\n|inactive|Time left: 300 sec this turn | 300 sec total\n|\n|t:|1783535000\n|switch|p2a: Piloswine|Piloswine, L85, F|309/309\n|move|p1a: Plusle|Thunderbolt|p2a: Piloswine\n|-immune|p2a: Piloswine\n|\n|upkeep\n|turn|10\n|inactive|Time left: 300 sec this turn | 300 sec total\n|\n|t:|1783535001\n|move|p1a: Plusle|Grass Knot|p2a: Piloswine\n|-supereffective|p2a: Piloswine\n|-damage|p2a: Piloswine|0 fnt\n|faint|p2a: Piloswine\n|-damage|p1a: Plusle|5/100|[from] item: Life Orb\n|\n|upkeep\n|inactive|Time left: 300 sec this turn | 300 sec total | 5 sec grace\n|\n|t:|1783535002\n|switch|p2a: Arceus|Arceus-Dragon, L71|153/288\n|turn|11\n|inactive|Time left: 300 sec this turn | 300 sec total\n|\n|t:|1783535003\n|move|p1a: Plusle|Thunderbolt|p2a: Arceus\n|-resisted|p2a: Arceus\n|-damage|p2a: Arceus|0 fnt\n|faint|p2a: Arceus\n|-damage|p1a: Plusle|0 fnt|[from] item: Life Orb\n|faint|p1a: Plusle\n|\n|upkeep\n|inactive|Time left: 300 sec this turn | 300 sec total | 5 sec grace\n|\n|t:|1783535004\n|switch|p1a: Slither Wing|Slither Wing, L81|100/100\n|switch|p2a: Okidogi|Okidogi, L77, M|262/262\n|turn|12\n|inactive|Time left: 300 sec this turn | 300 sec total\n|\n|t:|1783535005\n|move|p1a: Slither Wing|Will-O-Wisp|p2a: Okidogi\n|-status|p2a: Okidogi|brn\n|move|p2a: Okidogi|Bulk Up|p2a: Okidogi\n|-boost|p2a: Okidogi|atk|1\n|-boost|p2a: Okidogi|def|1\n|\n|-damage|p2a: Okidogi|246/262 brn|[from] brn\n|upkeep\n|turn|13\n|inactive|Time left: 300 sec this turn | 300 sec total\n|\n|t:|1783535006\n|move|p1a: Slither Wing|U-turn|p2a: Okidogi\n|-resisted|p2a: Okidogi\n|-crit|p2a: Okidogi\n|-damage|p2a: Okidogi|219/262 brn\n|\n|t:|1783535007\n|-end|p1a: Slither Wing|Protosynthesis|[silent]\n|switch|p1a: Regieleki|Regieleki, L79|100/100|[from] U-turn\n|move|p2a: Okidogi|Bulk Up|p2a: Okidogi\n|-boost|p2a: Okidogi|atk|1\n|-boost|p2a: Okidogi|def|1\n|\n|-heal|p2a: Okidogi|235/262 brn|[from] item: Leftovers\n|-damage|p2a: Okidogi|219/262 brn|[from] brn\n|upkeep\n|turn|14\n|inactive|Time left: 300 sec this turn | 300 sec total\n|\n|t:|1783535008\n|move|p1a: Regieleki|Thunderbolt|p2a: Okidogi\n|-damage|p2a: Okidogi|72/262 brn\n|move|p2a: Okidogi|Gunk Shot|p1a: Regieleki|[miss]\n|-miss|p2a: Okidogi|p1a: Regieleki\n|\n|-heal|p2a: Okidogi|88/262 brn|[from] item: Leftovers\n|-damage|p2a: Okidogi|72/262 brn|[from] brn\n|upkeep\n|turn|15\n|inactive|Time left: 300 sec this turn | 300 sec total\n|\n|t:|1783535009\n|move|p1a: Regieleki|Thunderbolt|p2a: Okidogi\n|-damage|p2a: Okidogi|0 fnt\n|faint|p2a: Okidogi\n|\n|upkeep\n|inactive|Time left: 300 sec this turn | 300 sec total | 5 sec grace\n|\n|t:|1783535010\n|switch|p2a: Delphox|Delphox, L84, M|263/263\n|turn|16\n|inactive|Time left: 300 sec this turn | 300 sec total\n|\n|t:|1783535011\n|move|p1a: Regieleki|Thunderbolt|p2a: Delphox\n|-damage|p2a: Delphox|143/263\n|-status|p2a: Delphox|par\n|move|p2a: Delphox|Fire Blast|p1a: Regieleki|[miss]\n|-miss|p2a: Delphox|p1a: Regieleki\n|\n|upkeep\n|turn|17\n|inactive|Time left: 300 sec this turn | 300 sec total\n|\n|t:|1783535012\n|-terastallize|p1a: Regieleki|Electric\n|move|p1a: Regieleki|Thunderbolt|p2a: Delphox\n|-damage|p2a: Delphox|0 fnt\n|faint|p2a: Delphox\n|\n|upkeep\n|inactive|Time left: 300 sec this turn | 300 sec total | 5 sec grace\n|\n|t:|1783535013\n|switch|p2a: Registeel|Registeel, L81|262/262\n|turn|18\n|inactive|Time left: 300 sec this turn | 300 sec total\n|\n|t:|1783535014\n|move|p1a: Regieleki|Thunderbolt|p2a: Registeel\n|-damage|p2a: Registeel|128/262\n|-status|p2a: Registeel|par\n|move|p2a: Registeel|Iron Defense|p2a: Registeel\n|-boost|p2a: Registeel|def|2\n|\n|upkeep\n|turn|19\n|inactive|Time left: 300 sec this turn | 300 sec total\n|\n|t:|1783535015\n|move|p1a: Regieleki|Thunderbolt|p2a: Registeel\n|-damage|p2a: Registeel|0 fnt\n|faint|p2a: Registeel\n|\n|win|p0x10471c2", "uploadtime": 1783535015, "views": 0, "rating": 0, "private": 0, "password": null, "_winner": "p0x10471c2", "_our_name": "p0y1043200"}