{"id": "battle-gen9randombattle-2438", "formatid": "gen9randombattle", "format": "[Gen 9] Random Battle", "players": ["p0x2438d348", "p0y243801f0"], "log": "|init|battle\n|title|p0x2438d348 vs. p0y243801f0\n|j|\u2606p0x2438d348\n|j|\u2606p0y243801f0\n|t:|1783567289\n|gametype|singles\n|player|p1|p0x2438d348|169|\n|player|p2|p0y243801f0|170|\n|gen|9\n|tier|[Gen 9] Random Battle\n|rule|Species Clause: Limit one of each Pok\u00e9mon\n|rule|HP Percentage Mod: HP is shown in percentages\n|rule|Sleep Clause Mod: Limit one foe put to sleep\n|rule|Illusion Level Mod: Illusion disguises the Pok\u00e9mon's true level\n|\n|t:|1783567289\n|teamsize|p1|6\n|teamsize|p2|6\n|start\n|switch|p1a: Latios|Latios, L78, M|100/100\n|switch|p2a: Lokix|Lokix, L82, M|251/251\n|turn|1\n|inactive|Battle timer is ON: inactive players will automatically lose when time's up. (requested by p0y243801f0)\n|inactive|p0x2438d348 also wants the timer to be on.\n|\n|t:|1783567290\n|switch|p1a: Typhlosion|Typhlosion, L84, M|100/100\n|move|p2a: Lokix|First Impression|p1a: Typhlosion\n|-resisted|p1a: Typhlosion\n|-damage|p1a: Typhlosion|56/100\n|\n|upkeep\n|turn|2\n|inactive|Time left: 300 sec this turn | 300 sec total\n|\n|t:|1783567291\n|switch|p2a: Quagsire|Quagsire, L84, F|297/297\n|move|p1a: Typhlosion|Fire Blast|p2a: Quagsire\n|-resisted|p2a: Quagsire\n|-damage|p2a: Quagsire|172/297\n|\n|-heal|p2a: Quagsire|190/297|[from] item: Leftovers\n|upkeep\n|turn|3\n|inactive|Time left: 300 sec this turn | 300 sec total\n|\n|t:|1783567292\n|move|p1a: Typhlosion|Fire Blast|p2a: Quagsire\n|-resisted|p2a: Quagsire\n|-damage|p2a: Quagsire|64/297\n|move|p2a: Quagsire|Earthquake|p1a: Typhlosion\n|-supereffective|p1a: Typhlosion\n|-damage|p1a: Typhlosion|0 fnt\n|faint|p1a: Typhlosion\n|\n|-heal|p2a: Quagsire|82/297|[from] item: Leftovers\n|upkeep\n|\n|t:|1783567293\n|switch|p1a: Scyther|Scyther, L82, F|100/100\n|turn|4\n|inactive|Time left: 300 sec this turn | 300 sec total\n|\n|t:|1783567295\n|switch|p2a: Squawkabilly|Squawkabilly, L85, M|278/278\n|move|p1a: Scyther|Dual Wingbeat|p2a: Squawkabilly\n|-damage|p2a: Squawkabilly|185/278\n|-damage|p2a: Squawkabilly|88/278\n|-hitcount|p2a: Squawkabilly|2\n|\n|-status|p2a: Squawkabilly|brn|[from] item: Flame Orb\n|upkeep\n|turn|5\n|inactive|Time left: 300 sec this turn | 300 sec total\n|\n|t:|1783567296\n|switch|p2a: Pachirisu|Pachirisu, L96, F|271/271\n|move|p1a: Scyther|Dual Wingbeat|p2a: Pachirisu\n|-resisted|p2a: Pachirisu\n|-damage|p2a: Pachirisu|238/271\n|-resisted|p2a: Pachirisu\n|-damage|p2a: Pachirisu|205/271\n|-hitcount|p2a: Pachirisu|2\n|\n|upkeep\n|turn|6\n|inactive|Time left: 300 sec this turn | 300 sec total\n|\n|t:|1783567297\n|move|p2a: Pachirisu|Super Fang|p1a: Scyther\n|-damage|p1a: Scyther|51/100\n|move|p1a: Scyther|Dual Wingbeat|p2a: Pachirisu\n|-resisted|p2a: Pachirisu\n|-damage|p2a: Pachirisu|171/271\n|-resisted|p2a: Pachirisu\n|-damage|p2a: Pachirisu|137/271\n|-hitcount|p2a: Pachirisu|2\n|\n|upkeep\n|turn|7\n|inactive|Time left: 300 sec this turn | 300 sec total\n|\n|t:|1783567298\n|switch|p1a: Gogoat|Gogoat, L88, M|100/100\n|move|p2a: Pachirisu|Discharge|p1a: Gogoat\n|-resisted|p1a: Gogoat\n|-damage|p1a: Gogoat|92/100\n|\n|-heal|p1a: Gogoat|98/100|[from] item: Leftovers\n|upkeep\n|turn|8\n|inactive|Time left: 300 sec this turn | 300 sec total\n|\n|t:|1783567299\n|switch|p2a: Vikavolt|Vikavolt, L83, M|263/263\n|move|p1a: Gogoat|Bulk Up|p1a: Gogoat\n|-boost|p1a: Gogoat|atk|1\n|-boost|p1a: Gogoat|def|1\n|\n|-heal|p1a: Gogoat|100/100|[from] item: Leftovers\n|upkeep\n|turn|9\n|inactive|Time left: 300 sec this turn | 300 sec total\n|\n|t:|1783567300\n|move|p1a: Gogoat|Rock Slide|p2a: Vikavolt\n|-supereffective|p2a: Vikavolt\n|-damage|p2a: Vikavolt|85/263\n|cant|p2a: Vikavolt|flinch\n|\n|upkeep\n|turn|10\n|inactive|Time left: 300 sec this turn | 300 sec total\n|\n|t:|1783567301\n|switch|p2a: Quagsire|Quagsire, L84, F|82/297\n|move|p1a: Gogoat|Rock Slide|p2a: Quagsire\n|-resisted|p2a: Quagsire\n|-damage|p2a: Quagsire|49/297\n|\n|-heal|p2a: Quagsire|67/297|[from] item: Leftovers\n|upkeep\n|turn|11\n|inactive|Time left: 300 sec this turn | 300 sec total\n|\n|t:|1783567302\n|-terastallize|p2a: Quagsire|Steel\n|move|p1a: Gogoat|Horn Leech|p2a: Quagsire\n|-resisted|p2a: Quagsire\n|-damage|p2a: Quagsire|19/297\n|move|p2a: Quagsire|Recover|p2a: Quagsire\n|-heal|p2a: Quagsire|168/297\n|\n|-heal|p2a: Quagsire|186/297|[from] item: Leftovers\n|upkeep\n|turn|12\n|inactive|Time left: 300 sec this turn | 300 sec total\n|\n|t:|1783567302\n|move|p1a: Gogoat|Bulk Up|p1a: Gogoat\n|-boost|p1a: Gogoat|atk|1\n|-boost|p1a: Gogoat|def|1\n|move|p2a: Quagsire|Toxic|p1a: Gogoat\n|-status|p1a: Gogoat|tox\n|\n|-heal|p2a: Quagsire|204/297|[from] item: Leftovers\n|-damage|p1a: Gogoat|94/100 tox|[from] psn\n|upkeep\n|turn|13\n|inactive|Time left: 300 sec this turn | 300 sec total\n|\n|t:|1783567303\n|move|p1a: Gogoat|Bulk Up|p1a: Gogoat\n|-boost|p1a: Gogoat|atk|1\n|-boost|p1a: Gogoat|def|1\n|move|p2a: Quagsire|Recover|p2a: Quagsire\n|-heal|p2a: Quagsire|297/297\n|\n|-heal|p1a: Gogoat|100/100 tox|[from] item: Leftovers\n|-damage|p1a: Gogoat|88/100 tox|[from] psn\n|upkeep\n|turn|14\n|inactive|Time left: 300 sec this turn | 300 sec total\n|\n|t:|1783567304\n|move|p1a: Gogoat|Rock Slide|p2a: Quagsire\n|-resisted|p2a: Quagsire\n|-damage|p2a: Quagsire|268/297\n|cant|p2a: Quagsire|flinch\n|\n|-heal|p1a: Gogoat|94/100 tox|[from] item: Leftovers\n|-heal|p2a: Quagsire|286/297|[from] item: Leftovers\n|-damage|p1a: Gogoat|76/100 tox|[from] psn\n|upkeep\n|turn|15\n|inactive|Time left: 300 sec this turn | 300 sec total\n|\n|t:|1783567304\n|move|p1a: Gogoat|Milk Drink|p1a: Gogoat\n|-heal|p1a: Gogoat|100/100 tox\n|move|p2a: Quagsire|Ice Beam|p1a: Gogoat\n|-supereffective|p1a: Gogoat\n|-damage|p1a: Gogoat|73/100 tox\n|\n|-heal|p1a: Gogoat|79/100 tox|[from] item: Leftovers\n|-heal|p2a: Quagsire|297/297|[from] item: Leftovers\n|-damage|p1a: Gogoat|54/100 tox|[from] psn\n|upkeep\n|turn|16\n|inactive|Time left: 300 sec this turn | 300 sec total\n|\n|t:|1783567305\n|move|p1a: Gogoat|Milk Drink|p1a: Gogoat\n|-heal|p1a: Gogoat|100/100 tox\n|move|p2a: Quagsire|Ice Beam|p1a: Gogoat\n|-supereffective|p1a: Gogoat\n|-damage|p1a: Gogoat|73/100 tox\n|\n|-heal|p1a: Gogoat|79/100 tox|[from] item: Leftovers\n|-damage|p1a: Gogoat|48/100 tox|[from] psn\n|upkeep\n|turn|17\n|inactive|Time left: 300 sec this turn | 300 sec total\n|\n|t:|1783567306\n|move|p1a: Gogoat|Milk Drink|p1a: Gogoat\n|-heal|p1a: Gogoat|98/100 tox\n|move|p2a: Quagsire|Ice Beam|p1a: Gogoat\n|-supereffective|p1a: Gogoat\n|-damage|p1a: Gogoat|71/100 tox\n|\n|-heal|p1a: Gogoat|77/100 tox|[from] item: Leftovers\n|-damage|p1a: Gogoat|40/100 tox|[from] psn\n|upkeep\n|turn|18\n|inactive|Time left: 300 sec this turn | 300 sec total\n|\n|t:|1783567307\n|move|p1a: Gogoat|Milk Drink|p1a: Gogoat\n|-heal|p1a: Gogoat|90/100 tox\n|move|p2a: Quagsire|Ice Beam|p1a: Gogoat\n|-supereffective|p1a: Gogoat\n|-damage|p1a: Gogoat|63/100 tox\n|\n|-heal|p1a: Gogoat|69/100 tox|[from] item: Leftovers\n|-damage|p1a: Gogoat|26/100 tox|[from] psn\n|upkeep\n|turn|19\n|inactive|Time left: 300 sec this turn | 300 sec total\n|\n|t:|1783567308\n|move|p1a: Gogoat|Milk Drink|p1a: Gogoat\n|-heal|p1a: Gogoat|76/100 tox\n|move|p2a: Quagsire|Toxic|p1a: Gogoat\n|-fail|p1a: Gogoat|tox\n|\n|-heal|p1a: Gogoat|82/100 tox|[from] item: Leftovers\n|-damage|p1a: Gogoat|33/100 tox|[from] psn\n|upkeep\n|turn|20\n|inactive|Time left: 300 sec this turn | 300 sec total\n|\n|t:|1783567309\n|switch|p1a: Scyther|Scyther, L82, F|51/100\n|move|p2a: Quagsire|Toxic|p1a: Scyther\n|-status|p1a: Scyther|tox\n|\n|-damage|p1a: Scyther|45/100 tox|[from] psn\n|upkeep\n|turn|21\n|inactive|Time left: 300 sec this turn | 300 sec total\n|\n|t:|1783567310\n|move|p1a: Scyther|Close Combat|p2a: Quagsire\n|-supereffective|p2a: Quagsire\n|-damage|p2a: Quagsire|127/297\n|-unboost|p1a: Scyther|def|1\n|-unboost|p1a: Scyther|spd|1\n|move|p2a: Quagsire|Ice Beam|p1a: Scyther\n|-supereffective|p1a: Scyther\n|-damage|p1a: Scyther|0 fnt\n|faint|p1a: Scyther\n|\n|-heal|p2a: Quagsire|145/297|[from] item: Leftovers\n|upkeep\n|\n|t:|1783567311\n|switch|p1a: Latios|Latios, L78, M|100/100\n|turn|22\n|inactive|Time left: 300 sec this turn | 300 sec total\n|\n|t:|1783567312\n|move|p1a: Latios|Aura Sphere|p2a: Quagsire\n|-supereffective|p2a: Quagsire\n|-damage|p2a: Quagsire|0 fnt\n|faint|p2a: Quagsire\n|\n|upkeep\n|inactive|Time left: 300 sec this turn | 300 sec total | 5 sec grace\n|\n|t:|1783567313\n|switch|p2a: Lokix|Lokix, L82, M|251/251\n|turn|23\n|inactive|Time left: 300 sec this turn | 300 sec total\n|\n|t:|1783567314\n|-terastallize|p1a: Latios|Steel\n|move|p2a: Lokix|First Impression|p1a: Latios\n|-resisted|p1a: Latios\n|-damage|p1a: Latios|49/100\n|move|p1a: Latios|Draco Meteor|p2a: Lokix\n|-damage|p2a: Lokix|10/251\n|-unboost|p1a: Latios|spa|2\n|\n|upkeep\n|turn|24\n|inactive|Time left: 300 sec this turn | 300 sec total\n|\n|t:|1783567315\n|move|p1a: Latios|Recover|p1a: Latios\n|-heal|p1a: Latios|99/100\n|move|p2a: Lokix|U-turn|p1a: Latios\n|-resisted|p1a: Latios\n|-damage|p1a: Latios|61/100\n|inactive|Time left: 300 sec this turn | 300 sec total | 5 sec grace\n|\n|t:|1783567316\n|switch|p2a: Vikavolt|Vikavolt, L83, M|85/263|[from] U-turn\n|\n|upkeep\n|turn|25\n|inactive|Time left: 300 sec this turn | 300 sec total\n|\n|t:|1783567317\n|move|p1a: Latios|Draco Meteor|p2a: Vikavolt|[miss]\n|-miss|p1a: Latios|p2a: Vikavolt\n|move|p2a: Vikavolt|Sticky Web|p1a: Latios\n|-sidestart|p1: p0x2438d348|move: Sticky Web\n|\n|upkeep\n|turn|26\n|inactive|Time left: 300 sec this turn | 300 sec total\n|\n|t:|1783567319\n|move|p1a: Latios|Draco Meteor|p2a: Vikavolt\n|-damage|p2a: Vikavolt|0 fnt\n|-unboost|p1a: Latios|spa|2\n|faint|p2a: Vikavolt\n|\n|upkeep\n|inactive|Time left: 300 sec this turn | 300 sec total | 5 sec grace\n|\n|t:|1783567319\n|switch|p2a: Ludicolo|Ludicolo, L90, M|290/290\n|turn|27\n|inactive|Time left: 300 sec this turn | 300 sec total\n|\n|t:|1783567320\n|switch|p1a: Gogoat|Gogoat, L88, M|33/100 tox\n|-activate|p1a: Gogoat|move: Sticky Web\n|-unboost|p1a: Gogoat|spe|1\n|move|p2a: Ludicolo|Hydro Pump|p1a: Gogoat\n|-resisted|p1a: Gogoat\n|-damage|p1a: Gogoat|7/100 tox\n|\n|-heal|p1a: Gogoat|13/100 tox|[from] item: Leftovers\n|-damage|p1a: Gogoat|7/100 tox|[from] psn\n|upkeep\n|turn|28\n|inactive|Time left: 300 sec this turn | 300 sec total\n|\n|t:|1783567321\n|move|p2a: Ludicolo|Hydro Pump|p1a: Gogoat|[miss]\n|-miss|p2a: Ludicolo|p1a: Gogoat\n|move|p1a: Gogoat|Horn Leech|p2a: Ludicolo\n|-damage|p2a: Ludicolo|199/290\n|-heal|p1a: Gogoat|20/100 tox|[from] drain|[of] p2a: Ludicolo\n|\n|-heal|p1a: Gogoat|26/100 tox|[from] item: Leftovers\n|-damage|p1a: Gogoat|14/100 tox|[from] psn\n|upkeep\n|turn|29\n|inactive|Time left: 300 sec this turn | 300 sec total\n|\n|t:|1783567322\n|move|p2a: Ludicolo|Hydro Pump|p1a: Gogoat\n|-resisted|p1a: Gogoat\n|-damage|p1a: Gogoat|0 fnt\n|faint|p1a: Gogoat\n|\n|upkeep\n|\n|t:|1783567323\n|switch|p1a: Scream Tail|Scream Tail, L84|100/100\n|-activate|p1a: Scream Tail|move: Sticky Web\n|-unboost|p1a: Scream Tail|spe|1\n|turn|30\n|inactive|Time left: 300 sec this turn | 300 sec total\n|\n|t:|1783567324\n|move|p2a: Ludicolo|Hydro Pump|p1a: Scream Tail\n|-damage|p1a: Scream Tail|50/100\n|move|p1a: Scream Tail|Wish|p1a: Scream Tail\n|\n|-heal|p1a: Scream Tail|57/100|[from] item: Leftovers\n|upkeep\n|turn|31\n|inactive|Time left: 300 sec this turn | 300 sec total\n|\n|t:|1783567326\n|move|p2a: Ludicolo|Hydro Pump|p1a: Scream Tail\n|-damage|p1a: Scream Tail|11/100\n|move|p1a: Scream Tail|Dazzling Gleam|p2a: Ludicolo\n|-damage|p2a: Ludicolo|142/290\n|\n|-heal|p1a: Scream Tail|61/100|[from] move: Wish|[wisher] Scream Tail\n|-heal|p1a: Scream Tail|67/100|[from] item: Leftovers\n|upkeep\n|turn|32\n|inactive|Time left: 300 sec this turn | 300 sec total\n|\n|t:|1783567327\n|move|p2a: Ludicolo|Hydro Pump|p1a: Scream Tail\n|-damage|p1a: Scream Tail|19/100\n|move|p1a: Scream Tail|Wish|p1a: Scream Tail\n|\n|-heal|p1a: Scream Tail|25/100|[from] item: Leftovers\n|upkeep\n|turn|33\n|inactive|Time left: 300 sec this turn | 300 sec total\n|\n|t:|1783567328\n|move|p1a: Scream Tail|Protect|p1a: Scream Tail\n|-singleturn|p1a: Scream Tail|Protect\n|move|p2a: Ludicolo|Hydro Pump|p1a: Scream Tail\n|-activate|p1a: Scream Tail|move: Protect\n|\n|-heal|p1a: Scream Tail|75/100|[from] move: Wish|[wisher] Scream Tail\n|-heal|p1a: Scream Tail|81/100|[from] item: Leftovers\n|upkeep\n|turn|34\n|inactive|Time left: 300 sec this turn | 300 sec total\n|\n|t:|1783567329\n|move|p2a: Ludicolo|Hydro Pump|p1a: Scream Tail\n|-damage|p1a: Scream Tail|30/100\n|move|p1a: Scream Tail|Dazzling Gleam|p2a: Ludicolo\n|-damage|p2a: Ludicolo|91/290\n|\n|-heal|p1a: Scream Tail|36/100|[from] item: Leftovers\n|upkeep\n|turn|35\n|inactive|Time left: 300 sec this turn | 300 sec total\n|\n|t:|1783567330\n|switch|p2a: Lokix|Lokix, L82, M|10/251\n|move|p1a: Scream Tail|Dazzling Gleam|p2a: Lokix\n|-supereffective|p2a: Lokix\n|-damage|p2a: Lokix|0 fnt\n|faint|p2a: Lokix\n|\n|-heal|p1a: Scream Tail|42/100|[from] item: Leftovers\n|upkeep\n|inactive|Time left: 300 sec this turn | 300 sec total | 5 sec grace\n|\n|t:|1783567331\n|switch|p2a: Ludicolo|Ludicolo, L90, M|91/290\n|turn|36\n|inactive|Time left: 300 sec this turn | 300 sec total\n|\n|t:|1783567332\n|-end|p1a: Scream Tail|Protosynthesis|[silent]\n|switch|p1a: Latios|Latios, L78, M, tera:Steel|61/100\n|move|p2a: Ludicolo|Giga Drain|p1a: Latios\n|-resisted|p1a: Latios\n|-crit|p1a: Latios\n|-damage|p1a: Latios|29/100\n|-heal|p2a: Ludicolo|132/290|[from] drain|[of] p1a: Latios\n|\n|upkeep\n|turn|37\n|inactive|Time left: 300 sec this turn | 300 sec total\n|\n|t:|1783567333\n|move|p1a: Latios|Draco Meteor|p2a: Ludicolo\n|-damage|p2a: Ludicolo|0 fnt\n|-unboost|p1a: Latios|spa|2\n|faint|p2a: Ludicolo\n|\n|upkeep\n|inactive|Time left: 300 sec this turn | 300 sec total | 5 sec grace\n|\n|t:|1783567334\n|switch|p2a: Pachirisu|Pachirisu, L96, F|137/271\n|turn|38\n|inactive|Time left: 300 sec this turn | 300 sec total\n|\n|t:|1783567335\n|move|p2a: Pachirisu|Discharge|p1a: Latios\n|-damage|p1a: Latios|4/100\n|move|p1a: Latios|Recover|p1a: Latios\n|-heal|p1a: Latios|55/100\n|\n|upkeep\n|turn|39\n|inactive|Time left: 300 sec this turn | 300 sec total\n|\n|t:|1783567336\n|move|p2a: Pachirisu|Discharge|p1a: Latios\n|-damage|p1a: Latios|31/100\n|-status|p1a: Latios|par\n|move|p1a: Latios|Luster Purge|p2a: Pachirisu\n|-damage|p2a: Pachirisu|76/271\n|-unboost|p2a: Pachirisu|spd|1\n|\n|upkeep\n|turn|40\n|inactive|Time left: 300 sec this turn | 300 sec total\n|\n|t:|1783567337\n|move|p2a: Pachirisu|Discharge|p1a: Latios\n|-damage|p1a: Latios|8/100 par\n|move|p1a: Latios|Luster Purge|p2a: Pachirisu\n|-damage|p2a: Pachirisu|0 fnt\n|faint|p2a: Pachirisu\n|\n|upkeep\n|inactive|Time left: 300 sec this turn | 300 sec total | 5 sec grace\n|\n|t:|1783567338\n|switch|p2a: Squawkabilly|Squawkabilly, L85, M|88/278 brn\n|turn|41\n|inactive|Time left: 300 sec this turn | 300 sec total\n|\n|t:|1783567338\n|move|p2a: Squawkabilly|Facade|p1a: Latios\n|-resisted|p1a: Latios\n|-damage|p1a: Latios|0 fnt\n|faint|p1a: Latios\n|\n|-damage|p2a: Squawkabilly|71/278 brn|[from] brn\n|upkeep\n|\n|t:|1783567339\n|switch|p1a: Luvdisc|Luvdisc, M|100/100\n|turn|42\n|inactive|Time left: 300 sec this turn | 300 sec total\n|\n|t:|1783567340\n|move|p1a: Luvdisc|Flip Turn|p2a: Squawkabilly\n|-damage|p2a: Squawkabilly|14/278 brn\n|\n|t:|1783567341\n|switch|p1a: Scream Tail|Scream Tail, L84|42/100|[from] Flip Turn\n|-activate|p1a: Scream Tail|move: Sticky Web\n|-unboost|p1a: Scream Tail|spe|1\n|move|p2a: Squawkabilly|U-turn|p1a: Scream Tail\n|-damage|p1a: Scream Tail|22/100\n|\n|-heal|p1a: Scream Tail|28/100|[from] item: Leftovers\n|-damage|p2a: Squawkabilly|0 fnt|[from] brn\n|faint|p2a: Squawkabilly\n|\n|win|p0x2438d348", "uploadtime": 1783567341, "views": 0, "rating": 0, "private": 0, "password": null, "_winner": "p0x2438d348", "_our_name": "p0y243801f0"}