{"id": "battle-gen9randombattle-403", "formatid": "gen9randombattle", "format": "[Gen 9] Random Battle", "players": ["p0x4032fe8", "p0y403a57d"], "log": "|init|battle\n|title|p0x4032fe8 vs. p0y403a57d\n|j|\u2606p0x4032fe8\n|j|\u2606p0y403a57d\n|t:|1783544375\n|gametype|singles\n|player|p1|p0x4032fe8|169|\n|player|p2|p0y403a57d|265|\n|gen|9\n|tier|[Gen 9] Random Battle\n|rule|Species Clause: Limit one of each Pok\u00e9mon\n|rule|HP Percentage Mod: HP is shown in percentages\n|rule|Sleep Clause Mod: Limit one foe put to sleep\n|rule|Illusion Level Mod: Illusion disguises the Pok\u00e9mon's true level\n|\n|t:|1783544375\n|teamsize|p1|6\n|teamsize|p2|6\n|start\n|switch|p1a: Azelf|Azelf, L82|100/100\n|switch|p2a: Perrserker|Perrserker, L89, M|269/269\n|turn|1\n|inactive|Battle timer is ON: inactive players will automatically lose when time's up. (requested by p0y403a57d)\n|inactive|p0x4032fe8 also wants the timer to be on.\n|\n|t:|1783544376\n|move|p1a: Azelf|Fire Blast|p2a: Perrserker\n|-supereffective|p2a: Perrserker\n|-damage|p2a: Perrserker|0 fnt\n|faint|p2a: Perrserker\n|\n|upkeep\n|inactive|Time left: 300 sec this turn | 300 sec total | 65 sec grace\n|\n|t:|1783544377\n|switch|p2a: Toxtricity|Toxtricity, L82, M|257/257\n|turn|2\n|inactive|Time left: 300 sec this turn | 300 sec total\n|\n|t:|1783544378\n|move|p1a: Azelf|Fire Blast|p2a: Toxtricity\n|-damage|p2a: Toxtricity|90/257\n|move|p2a: Toxtricity|Boomburst|p1a: Azelf\n|-damage|p1a: Azelf|9/100\n|\n|upkeep\n|turn|3\n|inactive|Time left: 300 sec this turn | 300 sec total\n|\n|t:|1783544380\n|switch|p2a: Vaporeon|Vaporeon, L86, F|364/364\n|move|p1a: Azelf|Fire Blast|p2a: Vaporeon\n|-resisted|p2a: Vaporeon\n|-crit|p2a: Vaporeon\n|-damage|p2a: Vaporeon|271/364\n|\n|-heal|p2a: Vaporeon|293/364|[from] item: Leftovers\n|upkeep\n|turn|4\n|inactive|Time left: 300 sec this turn | 300 sec total\n|\n|t:|1783544381\n|move|p1a: Azelf|Fire Blast|p2a: Vaporeon\n|-resisted|p2a: Vaporeon\n|-damage|p2a: Vaporeon|233/364\n|move|p2a: Vaporeon|Scald|p1a: Azelf\n|-crit|p1a: Azelf\n|-damage|p1a: Azelf|0 fnt\n|faint|p1a: Azelf\n|\n|-heal|p2a: Vaporeon|255/364|[from] item: Leftovers\n|upkeep\n|\n|t:|1783544382\n|switch|p1a: Chien-Pao|Chien-Pao, L72|100/100\n|-ability|p1a: Chien-Pao|Sword of Ruin\n|turn|5\n|inactive|Time left: 300 sec this turn | 300 sec total\n|\n|t:|1783544383\n|move|p1a: Chien-Pao|Throat Chop|p2a: Vaporeon\n|-damage|p2a: Vaporeon|77/364\n|-start|p2a: Vaporeon|Throat Chop|[silent]\n|move|p2a: Vaporeon|Scald|p1a: Chien-Pao\n|-damage|p1a: Chien-Pao|40/100\n|\n|-heal|p2a: Vaporeon|99/364|[from] item: Leftovers\n|upkeep\n|turn|6\n|inactive|Time left: 300 sec this turn | 300 sec total\n|\n|t:|1783544384\n|switch|p2a: Hitmonlee|Hitmonlee, L85, M|223/223\n|move|p1a: Chien-Pao|Throat Chop|p2a: Hitmonlee\n|-resisted|p2a: Hitmonlee\n|-damage|p2a: Hitmonlee|118/223\n|-start|p2a: Hitmonlee|Throat Chop|[silent]\n|\n|upkeep\n|turn|7\n|inactive|Time left: 300 sec this turn | 300 sec total\n|\n|t:|1783544384\n|move|p2a: Hitmonlee|Mach Punch|p1a: Chien-Pao\n|-supereffective|p1a: Chien-Pao\n|-damage|p1a: Chien-Pao|0 fnt\n|faint|p1a: Chien-Pao\n|\n|-end|p2a: Hitmonlee|Throat Chop|[silent]\n|upkeep\n|\n|t:|1783544385\n|switch|p1a: Mesprit|Mesprit, L85|100/100\n|turn|8\n|inactive|Time left: 300 sec this turn | 300 sec total\n|\n|t:|1783544386\n|switch|p2a: Vaporeon|Vaporeon, L86, F|99/364\n|move|p1a: Mesprit|Psychic|p2a: Vaporeon\n|-damage|p2a: Vaporeon|0 fnt\n|faint|p2a: Vaporeon\n|\n|upkeep\n|inactive|Time left: 300 sec this turn | 300 sec total | 5 sec grace\n|\n|t:|1783544388\n|switch|p2a: Espeon|Espeon, L84, M|246/246\n|turn|9\n|inactive|Time left: 300 sec this turn | 300 sec total\n|\n|t:|1783544389\n|switch|p1a: Scizor|Scizor, L79, F, shiny|100/100\n|move|p2a: Espeon|Shadow Ball|p1a: Scizor\n|-damage|p1a: Scizor|58/100\n|-damage|p2a: Espeon|222/246|[from] item: Life Orb\n|\n|upkeep\n|turn|10\n|inactive|Time left: 300 sec this turn | 300 sec total\n|\n|t:|1783544390\n|switch|p2a: Toxtricity|Toxtricity, L82, M|90/257\n|move|p1a: Scizor|Knock Off|p2a: Toxtricity\n|-damage|p2a: Toxtricity|0 fnt\n|-enditem|p2a: Toxtricity|Choice Specs|[from] move: Knock Off|[of] p1a: Scizor\n|faint|p2a: Toxtricity\n|\n|upkeep\n|inactive|Time left: 300 sec this turn | 300 sec total | 5 sec grace\n|\n|t:|1783544391\n|switch|p2a: Hitmonlee|Hitmonlee, L85, M|118/223\n|turn|11\n|inactive|Time left: 300 sec this turn | 300 sec total\n|\n|t:|1783544392\n|move|p2a: Hitmonlee|Knock Off|p1a: Scizor\n|-damage|p1a: Scizor|5/100\n|-enditem|p1a: Scizor|Choice Band|[from] move: Knock Off|[of] p2a: Hitmonlee\n|move|p1a: Scizor|Knock Off|p2a: Hitmonlee\n|-resisted|p2a: Hitmonlee\n|-damage|p2a: Hitmonlee|65/223\n|-enditem|p2a: Hitmonlee|Choice Band|[from] move: Knock Off|[of] p1a: Scizor\n|\n|upkeep\n|turn|12\n|inactive|Time left: 300 sec this turn | 300 sec total\n|\n|t:|1783544393\n|move|p2a: Hitmonlee|Mach Punch|p1a: Scizor\n|-damage|p1a: Scizor|0 fnt\n|faint|p1a: Scizor\n|\n|upkeep\n|\n|t:|1783544394\n|switch|p1a: Mesprit|Mesprit, L85|100/100\n|turn|13\n|inactive|Time left: 300 sec this turn | 300 sec total\n|\n|t:|1783544395\n|move|p1a: Mesprit|Dazzling Gleam|p2a: Hitmonlee\n|-supereffective|p2a: Hitmonlee\n|-damage|p2a: Hitmonlee|0 fnt\n|faint|p2a: Hitmonlee\n|\n|upkeep\n|inactive|Time left: 300 sec this turn | 300 sec total | 5 sec grace\n|\n|t:|1783544396\n|switch|p2a: Espeon|Espeon, L84, M|222/246\n|turn|14\n|inactive|Time left: 300 sec this turn | 300 sec total\n|\n|t:|1783544397\n|move|p1a: Mesprit|Dazzling Gleam|p2a: Espeon\n|-damage|p2a: Espeon|158/246\n|move|p2a: Espeon|Shadow Ball|p1a: Mesprit\n|-supereffective|p1a: Mesprit\n|-damage|p1a: Mesprit|46/100\n|-damage|p2a: Espeon|134/246|[from] item: Life Orb\n|\n|upkeep\n|turn|15\n|inactive|Time left: 300 sec this turn | 300 sec total\n|\n|t:|1783544399\n|move|p1a: Mesprit|Dazzling Gleam|p2a: Espeon\n|-damage|p2a: Espeon|80/246\n|move|p2a: Espeon|Morning Sun|p2a: Espeon\n|-heal|p2a: Espeon|203/246\n|\n|upkeep\n|turn|16\n|inactive|Time left: 300 sec this turn | 300 sec total\n|\n|t:|1783544401\n|move|p1a: Mesprit|Dazzling Gleam|p2a: Espeon\n|-damage|p2a: Espeon|148/246\n|move|p2a: Espeon|Psychic|p1a: Mesprit\n|-resisted|p1a: Mesprit\n|-damage|p1a: Mesprit|23/100\n|-damage|p2a: Espeon|124/246|[from] item: Life Orb\n|\n|upkeep\n|turn|17\n|inactive|Time left: 300 sec this turn | 300 sec total\n|\n|t:|1783544403\n|move|p1a: Mesprit|Dazzling Gleam|p2a: Espeon\n|-damage|p2a: Espeon|61/246\n|move|p2a: Espeon|Morning Sun|p2a: Espeon\n|-heal|p2a: Espeon|184/246\n|\n|upkeep\n|turn|18\n|inactive|Time left: 300 sec this turn | 300 sec total\n|\n|t:|1783544404\n|move|p1a: Mesprit|Dazzling Gleam|p2a: Espeon\n|-damage|p2a: Espeon|129/246\n|move|p2a: Espeon|Psychic|p1a: Mesprit\n|-resisted|p1a: Mesprit\n|-damage|p1a: Mesprit|0 fnt\n|faint|p1a: Mesprit\n|-damage|p2a: Espeon|105/246|[from] item: Life Orb\n|\n|upkeep\n|\n|t:|1783544405\n|switch|p1a: Maushold|Maushold-Four, L76|100/100\n|turn|19\n|inactive|Time left: 300 sec this turn | 300 sec total\n|\n|t:|1783544406\n|switch|p1a: Duraludon|Duraludon, L82, M|100/100\n|-terastallize|p2a: Espeon|Fairy\n|move|p2a: Espeon|Psychic|p1a: Duraludon\n|-resisted|p1a: Duraludon\n|-crit|p1a: Duraludon\n|-damage|p1a: Duraludon|55/100\n|-damage|p2a: Espeon|81/246|[from] item: Life Orb\n|\n|upkeep\n|turn|20\n|inactive|Time left: 300 sec this turn | 300 sec total\n|\n|t:|1783544406\n|switch|p2a: Cramorant|Cramorant, L86, M|261/261\n|move|p1a: Duraludon|Flash Cannon|p2a: Cramorant\n|-resisted|p2a: Cramorant\n|-damage|p2a: Cramorant|219/261\n|\n|upkeep\n|turn|21\n|inactive|Time left: 300 sec this turn | 300 sec total\n|\n|t:|1783544408\n|switch|p1a: Maushold|Maushold-Four, L76|100/100\n|move|p2a: Cramorant|Surf|p1a: Maushold\n|-formechange|p2a: Cramorant|Cramorant-Gulping|\n|-damage|p1a: Maushold|54/100\n|\n|upkeep\n|turn|22\n|inactive|Time left: 300 sec this turn | 300 sec total\n|\n|t:|1783544408\n|move|p1a: Maushold|Population Bomb|p2a: Cramorant\n|-damage|p2a: Cramorant|188/261\n|-damage|p1a: Maushold|29/100|[from] ability: Gulp Missile|[of] p2a: Cramorant\n|-unboost|p1a: Maushold|def|1\n|-formechange|p2a: Cramorant|Cramorant|\n|-damage|p2a: Cramorant|155/261\n|-damage|p2a: Cramorant|125/261\n|-damage|p2a: Cramorant|97/261\n|-damage|p2a: Cramorant|64/261\n|-damage|p2a: Cramorant|31/261\n|-damage|p2a: Cramorant|0 fnt\n|faint|p2a: Cramorant\n|-hitcount|p2: Cramorant|7\n|\n|upkeep\n|inactive|Time left: 300 sec this turn | 300 sec total | 5 sec grace\n|\n|t:|1783544409\n|switch|p2a: Espeon|Espeon, L84, M, tera:Fairy|81/246\n|turn|23\n|inactive|Time left: 300 sec this turn | 300 sec total\n|\n|t:|1783544410\n|switch|p1a: Duraludon|Duraludon, L82, M|55/100\n|move|p2a: Espeon|Alluring Voice|p1a: Duraludon\n|-damage|p1a: Duraludon|0 fnt\n|faint|p1a: Duraludon\n|-damage|p2a: Espeon|57/246|[from] item: Life Orb\n|\n|upkeep\n|\n|t:|1783544411\n|switch|p1a: Maushold|Maushold-Four, L76|29/100\n|turn|24\n|inactive|Time left: 300 sec this turn | 300 sec total\n|\n|t:|1783544412\n|move|p2a: Espeon|Alluring Voice|p1a: Maushold\n|-damage|p1a: Maushold|0 fnt\n|faint|p1a: Maushold\n|-damage|p2a: Espeon|33/246|[from] item: Life Orb\n|\n|win|p0y403a57d", "uploadtime": 1783544412, "views": 0, "rating": 0, "private": 0, "password": null, "_winner": "p0y403a57d", "_our_name": "p0y403a57d"}