{"id": "battle-gen9randombattle-1209", "formatid": "gen9randombattle", "format": "[Gen 9] Random Battle", "players": ["p0x12097a5d", "p0y1209885c"], "log": "|init|battle\n|title|p0x12097a5d vs. p0y1209885c\n|j|\u2606p0x12097a5d\n|j|\u2606p0y1209885c\n|t:|1783553998\n|gametype|singles\n|player|p1|p0x12097a5d|265|\n|player|p2|p0y1209885c|101|\n|gen|9\n|tier|[Gen 9] Random Battle\n|rule|Species Clause: Limit one of each Pok\u00e9mon\n|rule|HP Percentage Mod: HP is shown in percentages\n|rule|Sleep Clause Mod: Limit one foe put to sleep\n|rule|Illusion Level Mod: Illusion disguises the Pok\u00e9mon's true level\n|\n|t:|1783553998\n|teamsize|p1|6\n|teamsize|p2|6\n|start\n|switch|p1a: Pincurchin|Pincurchin, F|258/258\n|switch|p2a: Victreebel|Victreebel, L90, F|100/100\n|-fieldstart|move: Electric Terrain|[from] ability: Electric Surge|[of] p1a: Pincurchin\n|turn|1\n|inactive|Battle timer is ON: inactive players will automatically lose when time's up. (requested by p0y1209885c)\n|inactive|Time left: 300 sec this turn | 300 sec total | 60 sec grace\n|inactive|p0x12097a5d also wants the timer to be on.\n|\n|t:|1783553999\n|move|p2a: Victreebel|Power Whip|p1a: Pincurchin\n|-damage|p1a: Pincurchin|106/258\n|-damage|p2a: Victreebel|90/100|[from] item: Life Orb\n|move|p1a: Pincurchin|Zing Zap|p2a: Victreebel\n|-resisted|p2a: Victreebel\n|-damage|p2a: Victreebel|58/100\n|\n|-heal|p1a: Pincurchin|122/258|[from] item: Leftovers\n|upkeep\n|turn|2\n|inactive|Time left: 300 sec this turn | 300 sec total\n|\n|t:|1783554000\n|switch|p1a: Forretress|Forretress, L84, M|263/263\n|move|p2a: Victreebel|Sludge Wave|p1a: Forretress\n|-immune|p1a: Forretress\n|\n|upkeep\n|turn|3\n|inactive|Time left: 300 sec this turn | 300 sec total\n|\n|t:|1783554002\n|switch|p2a: Tyranitar|Tyranitar, L78, M|100/100\n|-weather|Sandstorm|[from] ability: Sand Stream|[of] p2a: Tyranitar\n|move|p1a: Forretress|Iron Head|p2a: Tyranitar\n|-supereffective|p2a: Tyranitar\n|-damage|p2a: Tyranitar|52/100\n|-enditem|p2a: Tyranitar|Weakness Policy\n|-boost|p2a: Tyranitar|atk|2|[from] item: Weakness Policy\n|-boost|p2a: Tyranitar|spa|2|[from] item: Weakness Policy\n|\n|-weather|Sandstorm|[upkeep]\n|upkeep\n|turn|4\n|inactive|Time left: 300 sec this turn | 300 sec total\n|\n|t:|1783554003\n|-terastallize|p2a: Tyranitar|Ghost\n|move|p2a: Tyranitar|Knock Off|p1a: Forretress\n|-damage|p1a: Forretress|109/263\n|-enditem|p1a: Forretress|Leftovers|[from] move: Knock Off|[of] p2a: Tyranitar\n|move|p1a: Forretress|Iron Head|p2a: Tyranitar\n|-damage|p2a: Tyranitar|27/100\n|\n|-weather|Sandstorm|[upkeep]\n|-damage|p2a: Tyranitar|21/100|[from] Sandstorm\n|upkeep\n|turn|5\n|inactive|Time left: 300 sec this turn | 300 sec total\n|\n|t:|1783554004\n|move|p2a: Tyranitar|Stone Edge|p1a: Forretress|[miss]\n|-miss|p2a: Tyranitar|p1a: Forretress\n|move|p1a: Forretress|Iron Head|p2a: Tyranitar\n|-damage|p2a: Tyranitar|0 fnt\n|faint|p2a: Tyranitar\n|\n|-weather|Sandstorm|[upkeep]\n|-fieldend|move: Electric Terrain\n|upkeep\n|\n|t:|1783554005\n|switch|p2a: Hoopa|Hoopa, L85|100/100\n|turn|6\n|inactive|Time left: 300 sec this turn | 300 sec total\n|\n|t:|1783554006\n|switch|p1a: Misdreavus|Misdreavus, L90, F|254/254\n|move|p2a: Hoopa|Shadow Ball|p1a: Misdreavus\n|-supereffective|p1a: Misdreavus\n|-damage|p1a: Misdreavus|25/254\n|-unboost|p1a: Misdreavus|spd|1\n|-damage|p2a: Hoopa|91/100|[from] item: Life Orb\n|\n|-weather|Sandstorm|[upkeep]\n|-damage|p1a: Misdreavus|10/254|[from] Sandstorm\n|-damage|p2a: Hoopa|84/100|[from] Sandstorm\n|upkeep\n|turn|7\n|inactive|Time left: 300 sec this turn | 300 sec total\n|\n|t:|1783554007\n|switch|p2a: Beartic|Beartic, L91, F|100/100\n|move|p1a: Misdreavus|Shadow Ball|p2a: Beartic\n|-damage|p2a: Beartic|72/100\n|\n|-weather|none\n|upkeep\n|turn|8\n|inactive|Time left: 300 sec this turn | 300 sec total\n|\n|t:|1783554008\n|move|p2a: Beartic|Aqua Jet|p1a: Misdreavus\n|-damage|p1a: Misdreavus|0 fnt\n|faint|p1a: Misdreavus\n|\n|upkeep\n|inactive|Time left: 300 sec this turn | 300 sec total | 5 sec grace\n|\n|t:|1783554009\n|switch|p1a: Avalugg|Avalugg-Hisui, L90, F|317/317\n|turn|9\n|inactive|Time left: 300 sec this turn | 300 sec total\n|\n|t:|1783554010\n|switch|p2a: Dondozo|Dondozo, L78, F|100/100\n|move|p1a: Avalugg|Stone Edge|p2a: Dondozo\n|-damage|p2a: Dondozo|65/100\n|\n|-heal|p2a: Dondozo|71/100|[from] item: Leftovers\n|upkeep\n|turn|10\n|inactive|Time left: 300 sec this turn | 300 sec total\n|\n|t:|1783554011\n|move|p1a: Avalugg|Stone Edge|p2a: Dondozo\n|-damage|p2a: Dondozo|33/100\n|move|p2a: Dondozo|Curse|p2a: Dondozo\n|-unboost|p2a: Dondozo|spe|1\n|-boost|p2a: Dondozo|atk|1\n|-boost|p2a: Dondozo|def|1\n|\n|-heal|p2a: Dondozo|39/100|[from] item: Leftovers\n|upkeep\n|turn|11\n|inactive|Time left: 300 sec this turn | 300 sec total\n|\n|t:|1783554012\n|move|p1a: Avalugg|Stone Edge|p2a: Dondozo\n|-damage|p2a: Dondozo|12/100\n|move|p2a: Dondozo|Wave Crash|p1a: Avalugg\n|-supereffective|p1a: Avalugg\n|-damage|p1a: Avalugg|131/317\n|-damage|p2a: Dondozo|0 fnt|[from] Recoil\n|faint|p2a: Dondozo\n|\n|upkeep\n|\n|t:|1783554013\n|switch|p2a: Hoopa|Hoopa, L85|84/100\n|turn|12\n|inactive|Time left: 300 sec this turn | 300 sec total\n|\n|t:|1783554014\n|move|p2a: Hoopa|Shadow Ball|p1a: Avalugg\n|-damage|p1a: Avalugg|0 fnt\n|faint|p1a: Avalugg\n|-damage|p2a: Hoopa|75/100|[from] item: Life Orb\n|\n|upkeep\n|inactive|Time left: 300 sec this turn | 300 sec total | 5 sec grace\n|\n|t:|1783554015\n|switch|p1a: Thundurus|Thundurus, L80, M|258/258\n|turn|13\n|inactive|Time left: 300 sec this turn | 300 sec total\n|\n|t:|1783554016\n|move|p1a: Thundurus|Knock Off|p2a: Hoopa\n|-supereffective|p2a: Hoopa\n|-damage|p2a: Hoopa|0 fnt\n|-enditem|p2a: Hoopa|Life Orb|[from] move: Knock Off|[of] p1a: Thundurus\n|faint|p2a: Hoopa\n|\n|upkeep\n|\n|t:|1783554017\n|switch|p2a: Beartic|Beartic, L91, F|72/100\n|turn|14\n|inactive|Time left: 300 sec this turn | 300 sec total\n|\n|t:|1783554018\n|switch|p1a: Forretress|Forretress, L84, M|109/263\n|move|p2a: Beartic|Icicle Crash|p1a: Forretress\n|-resisted|p1a: Forretress\n|-damage|p1a: Forretress|44/263\n|\n|upkeep\n|turn|15\n|inactive|Time left: 300 sec this turn | 300 sec total\n|\n|t:|1783554019\n|move|p2a: Beartic|Icicle Crash|p1a: Forretress\n|-resisted|p1a: Forretress\n|-damage|p1a: Forretress|0 fnt\n|faint|p1a: Forretress\n|\n|upkeep\n|inactive|Time left: 300 sec this turn | 300 sec total | 5 sec grace\n|\n|t:|1783554020\n|switch|p1a: Clefable|Clefable, L83, M|293/293\n|turn|16\n|inactive|Time left: 300 sec this turn | 300 sec total\n|\n|t:|1783554022\n|move|p1a: Clefable|Fire Blast|p2a: Beartic\n|-supereffective|p2a: Beartic\n|-damage|p2a: Beartic|14/100\n|move|p2a: Beartic|Icicle Crash|p1a: Clefable\n|-damage|p1a: Clefable|61/293\n|\n|upkeep\n|turn|17\n|inactive|Time left: 300 sec this turn | 300 sec total\n|\n|t:|1783554023\n|move|p1a: Clefable|Moonblast|p2a: Beartic\n|-damage|p2a: Beartic|0 fnt\n|faint|p2a: Beartic\n|\n|upkeep\n|\n|t:|1783554024\n|switch|p2a: Victreebel|Victreebel, L90, F|58/100\n|turn|18\n|inactive|Time left: 300 sec this turn | 300 sec total\n|\n|t:|1783554025\n|move|p2a: Victreebel|Power Whip|p1a: Clefable\n|-damage|p1a: Clefable|0 fnt\n|faint|p1a: Clefable\n|-damage|p2a: Victreebel|48/100|[from] item: Life Orb\n|\n|upkeep\n|inactive|Time left: 300 sec this turn | 300 sec total | 5 sec grace\n|\n|t:|1783554026\n|switch|p1a: Thundurus|Thundurus, L80, M|258/258\n|turn|19\n|inactive|Time left: 300 sec this turn | 300 sec total\n|\n|t:|1783554027\n|move|p1a: Thundurus|Knock Off|p2a: Victreebel\n|-damage|p2a: Victreebel|16/100\n|-enditem|p2a: Victreebel|Life Orb|[from] move: Knock Off|[of] p1a: Thundurus\n|move|p2a: Victreebel|Sludge Wave|p1a: Thundurus\n|-damage|p1a: Thundurus|120/258\n|\n|upkeep\n|turn|20\n|inactive|Time left: 300 sec this turn | 300 sec total\n|\n|t:|1783554029\n|-terastallize|p1a: Thundurus|Electric\n|move|p2a: Victreebel|Sucker Punch|p1a: Thundurus\n|-damage|p1a: Thundurus|48/258\n|move|p1a: Thundurus|Thunderbolt|p2a: Victreebel\n|-resisted|p2a: Victreebel\n|-damage|p2a: Victreebel|0 fnt\n|faint|p2a: Victreebel\n|\n|upkeep\n|\n|t:|1783554031\n|switch|p2a: Sunflora|Sunflora, M|100/100\n|turn|21\n|inactive|Time left: 300 sec this turn | 300 sec total\n|\n|t:|1783554032\n|move|p1a: Thundurus|Knock Off|p2a: Sunflora\n|-damage|p2a: Sunflora|74/100\n|-enditem|p2a: Sunflora|Life Orb|[from] move: Knock Off|[of] p1a: Thundurus\n|move|p2a: Sunflora|Earth Power|p1a: Thundurus\n|-supereffective|p1a: Thundurus\n|-damage|p1a: Thundurus|0 fnt\n|faint|p1a: Thundurus\n|\n|upkeep\n|inactive|Time left: 300 sec this turn | 300 sec total | 5 sec grace\n|\n|t:|1783554032\n|switch|p1a: Pincurchin|Pincurchin, F|122/258\n|-fieldstart|move: Electric Terrain|[from] ability: Electric Surge|[of] p1a: Pincurchin\n|turn|22\n|inactive|Time left: 300 sec this turn | 300 sec total\n|\n|t:|1783554033\n|move|p2a: Sunflora|Earth Power|p1a: Pincurchin\n|-supereffective|p1a: Pincurchin\n|-damage|p1a: Pincurchin|0 fnt\n|faint|p1a: Pincurchin\n|\n|win|p0y1209885c", "uploadtime": 1783554033, "views": 0, "rating": 0, "private": 0, "password": null, "_winner": "p0y1209885c", "_our_name": "p0x12097a5d"}