{"id": "battle-gen9randombattle-1137", "formatid": "gen9randombattle", "format": "[Gen 9] Random Battle", "players": ["p0x113734aa", "p0y11375b33"], "log": "|init|battle\n|title|p0x113734aa vs. p0y11375b33\n|j|\u2606p0x113734aa\n|j|\u2606p0y11375b33\n|t:|1783553168\n|gametype|singles\n|player|p1|p0x113734aa|1|\n|player|p2|p0y11375b33|170|\n|gen|9\n|tier|[Gen 9] Random Battle\n|rule|Species Clause: Limit one of each Pok\u00e9mon\n|rule|HP Percentage Mod: HP is shown in percentages\n|rule|Sleep Clause Mod: Limit one foe put to sleep\n|rule|Illusion Level Mod: Illusion disguises the Pok\u00e9mon's true level\n|\n|t:|1783553168\n|teamsize|p1|6\n|teamsize|p2|6\n|start\n|switch|p1a: Sylveon|Sylveon, L85, F|100/100\n|switch|p2a: Iron Leaves|Iron Leaves, L80|275/275\n|turn|1\n|inactive|Battle timer is ON: inactive players will automatically lose when time's up. (requested by p0x113734aa)\n|inactive|Time left: 300 sec this turn | 300 sec total | 60 sec grace\n|\n|t:|1783553170\n|move|p2a: Iron Leaves|Leaf Blade|p1a: Sylveon\n|-damage|p1a: Sylveon|36/100\n|move|p1a: Sylveon|Hyper Voice|p2a: Iron Leaves\n|-damage|p2a: Iron Leaves|152/275\n|\n|-heal|p1a: Sylveon|42/100|[from] item: Leftovers\n|upkeep\n|turn|2\n|inactive|Time left: 300 sec this turn | 300 sec total\n|inactive|p0y11375b33 also wants the timer to be on.\n|\n|t:|1783553171\n|switch|p1a: Brute Bonnet|Brute Bonnet, L80|100/100\n|move|p2a: Iron Leaves|Leaf Blade|p1a: Brute Bonnet\n|-resisted|p1a: Brute Bonnet\n|-damage|p1a: Brute Bonnet|76/100\n|\n|-heal|p1a: Brute Bonnet|82/100|[from] item: Leftovers\n|upkeep\n|turn|3\n|inactive|Time left: 300 sec this turn | 300 sec total\n|\n|t:|1783553173\n|move|p2a: Iron Leaves|Leaf Blade|p1a: Brute Bonnet\n|-resisted|p1a: Brute Bonnet\n|-crit|p1a: Brute Bonnet\n|-damage|p1a: Brute Bonnet|45/100\n|move|p1a: Brute Bonnet|Crunch|p2a: Iron Leaves\n|-supereffective|p2a: Iron Leaves\n|-damage|p2a: Iron Leaves|0 fnt\n|faint|p2a: Iron Leaves\n|-end|p2a: Iron Leaves|Quark Drive|[silent]\n|\n|-heal|p1a: Brute Bonnet|51/100|[from] item: Leftovers\n|upkeep\n|inactive|Time left: 300 sec this turn | 300 sec total | 5 sec grace\n|\n|t:|1783553174\n|switch|p2a: Arceus|Arceus-Flying, L69|279/279\n|turn|4\n|inactive|Time left: 300 sec this turn | 300 sec total\n|\n|t:|1783553175\n|-end|p1a: Brute Bonnet|Protosynthesis|[silent]\n|switch|p1a: Drednaw|Drednaw, L81, F|100/100\n|move|p2a: Arceus|Judgment|p1a: Drednaw\n|-resisted|p1a: Drednaw\n|-damage|p1a: Drednaw|79/100\n|\n|upkeep\n|turn|5\n|inactive|Time left: 300 sec this turn | 300 sec total\n|\n|t:|1783553176\n|move|p2a: Arceus|Earth Power|p1a: Drednaw\n|-supereffective|p1a: Drednaw\n|-damage|p1a: Drednaw|30/100\n|move|p1a: Drednaw|Shell Smash|p1a: Drednaw\n|-unboost|p1a: Drednaw|def|1\n|-unboost|p1a: Drednaw|spd|1\n|-boost|p1a: Drednaw|atk|2\n|-boost|p1a: Drednaw|spa|2\n|-boost|p1a: Drednaw|spe|2\n|-enditem|p1a: Drednaw|White Herb\n|-clearnegativeboost|p1a: Drednaw|[silent]\n|\n|upkeep\n|turn|6\n|inactive|Time left: 300 sec this turn | 300 sec total\n|\n|t:|1783553177\n|-terastallize|p2a: Arceus|Steel\n|move|p1a: Drednaw|Stone Edge|p2a: Arceus\n|-resisted|p2a: Arceus\n|-damage|p2a: Arceus|174/279\n|move|p2a: Arceus|Earth Power|p1a: Drednaw\n|-supereffective|p1a: Drednaw\n|-damage|p1a: Drednaw|0 fnt\n|faint|p1a: Drednaw\n|\n|upkeep\n|\n|t:|1783553178\n|switch|p1a: Stantler|Stantler, L92, F|100/100\n|-ability|p1a: Stantler|Intimidate|boost\n|-unboost|p2a: Arceus|atk|1\n|turn|7\n|inactive|Time left: 300 sec this turn | 300 sec total\n|\n|t:|1783553179\n|move|p1a: Stantler|Calm Mind|p1a: Stantler\n|-boost|p1a: Stantler|spa|1\n|-boost|p1a: Stantler|spd|1\n|move|p2a: Arceus|Judgment|p1a: Stantler\n|-damage|p1a: Stantler|83/100\n|\n|upkeep\n|turn|8\n|inactive|Time left: 300 sec this turn | 300 sec total\n|\n|t:|1783553180\n|move|p1a: Stantler|Earth Power|p2a: Arceus\n|-supereffective|p2a: Arceus\n|-damage|p2a: Arceus|0 fnt\n|faint|p2a: Arceus\n|\n|upkeep\n|inactive|Time left: 300 sec this turn | 300 sec total | 5 sec grace\n|\n|t:|1783553181\n|switch|p2a: Primarina|Primarina, L83, F|268/268\n|turn|9\n|inactive|Time left: 300 sec this turn | 300 sec total\n|\n|t:|1783553183\n|move|p1a: Stantler|Tera Blast|p2a: Primarina\n|-damage|p2a: Primarina|159/268\n|move|p2a: Primarina|Calm Mind|p2a: Primarina\n|-boost|p2a: Primarina|spa|1\n|-boost|p2a: Primarina|spd|1\n|\n|-heal|p2a: Primarina|175/268|[from] item: Leftovers\n|upkeep\n|turn|10\n|inactive|Time left: 300 sec this turn | 300 sec total\n|\n|t:|1783553184\n|move|p1a: Stantler|Calm Mind|p1a: Stantler\n|-boost|p1a: Stantler|spa|1\n|-boost|p1a: Stantler|spd|1\n|move|p2a: Primarina|Sparkling Aria|p1a: Stantler\n|-damage|p1a: Stantler|59/100\n|\n|-heal|p2a: Primarina|191/268|[from] item: Leftovers\n|upkeep\n|turn|11\n|inactive|Time left: 300 sec this turn | 300 sec total\n|\n|t:|1783553185\n|move|p1a: Stantler|Tera Blast|p2a: Primarina\n|-damage|p2a: Primarina|98/268\n|move|p2a: Primarina|Sparkling Aria|p1a: Stantler\n|-damage|p1a: Stantler|37/100\n|\n|-heal|p2a: Primarina|114/268|[from] item: Leftovers\n|upkeep\n|turn|12\n|inactive|Time left: 300 sec this turn | 300 sec total\n|\n|t:|1783553186\n|move|p1a: Stantler|Tera Blast|p2a: Primarina\n|-damage|p2a: Primarina|11/268\n|move|p2a: Primarina|Sparkling Aria|p1a: Stantler\n|-damage|p1a: Stantler|3/100\n|\n|-heal|p2a: Primarina|27/268|[from] item: Leftovers\n|upkeep\n|turn|13\n|inactive|Time left: 300 sec this turn | 300 sec total\n|\n|t:|1783553187\n|move|p1a: Stantler|Shadow Ball|p2a: Primarina\n|-damage|p2a: Primarina|0 fnt\n|faint|p2a: Primarina\n|\n|upkeep\n|inactive|Time left: 300 sec this turn | 300 sec total | 5 sec grace\n|\n|t:|1783553189\n|switch|p2a: Greninja|Greninja, L80, M|246/246\n|turn|14\n|inactive|Time left: 300 sec this turn | 300 sec total\n|\n|t:|1783553190\n|move|p2a: Greninja|Gunk Shot|p1a: Stantler\n|-damage|p1a: Stantler|0 fnt\n|faint|p1a: Stantler\n|-ability|p2a: Greninja|Battle Bond|boost\n|-boost|p2a: Greninja|atk|1\n|-boost|p2a: Greninja|spa|1\n|-boost|p2a: Greninja|spe|1\n|-activate|p2a: Greninja|ability: Battle Bond\n|-damage|p2a: Greninja|222/246|[from] item: Life Orb\n|\n|upkeep\n|\n|t:|1783553191\n|switch|p1a: Grimmsnarl|Grimmsnarl, L83, M|100/100\n|turn|15\n|inactive|Time left: 300 sec this turn | 300 sec total\n|\n|t:|1783553192\n|-terastallize|p1a: Grimmsnarl|Poison\n|move|p2a: Greninja|Dark Pulse|p1a: Grimmsnarl\n|-crit|p1a: Grimmsnarl\n|-damage|p1a: Grimmsnarl|2/100\n|-damage|p2a: Greninja|198/246|[from] item: Life Orb\n|move|p1a: Grimmsnarl|Spirit Break|p2a: Greninja\n|-supereffective|p2a: Greninja\n|-damage|p2a: Greninja|0 fnt\n|faint|p2a: Greninja\n|\n|upkeep\n|inactive|Time left: 300 sec this turn | 300 sec total | 5 sec grace\n|\n|t:|1783553193\n|switch|p2a: Klefki|Klefki, L84, F|233/233\n|turn|16\n|inactive|Time left: 300 sec this turn | 300 sec total\n|\n|t:|1783553194\n|move|p2a: Klefki|Spikes|p1a: Grimmsnarl\n|-sidestart|p1: p0x113734aa|Spikes\n|move|p1a: Grimmsnarl|Reflect|p1a: Grimmsnarl\n|-sidestart|p1: p0x113734aa|Reflect\n|\n|upkeep\n|turn|17\n|inactive|Time left: 300 sec this turn | 300 sec total\n|\n|t:|1783553195\n|move|p2a: Klefki|Spikes|p1a: Grimmsnarl\n|-sidestart|p1: p0x113734aa|Spikes\n|move|p1a: Grimmsnarl|Light Screen|p1a: Grimmsnarl\n|-sidestart|p1: p0x113734aa|move: Light Screen\n|\n|upkeep\n|turn|18\n|inactive|Time left: 300 sec this turn | 300 sec total\n|\n|t:|1783553196\n|switch|p1a: Espathra|Espathra, L80, F|100/100\n|-damage|p1a: Espathra|84/100|[from] Spikes\n|move|p2a: Klefki|Spikes|p1a: Espathra\n|-sidestart|p1: p0x113734aa|Spikes\n|\n|-heal|p1a: Espathra|90/100|[from] item: Leftovers\n|upkeep\n|turn|19\n|inactive|Time left: 300 sec this turn | 300 sec total\n|\n|t:|1783553197\n|switch|p2a: Volbeat|Volbeat, L90, M|263/263\n|move|p1a: Espathra|Calm Mind|p1a: Espathra\n|-boost|p1a: Espathra|spa|1\n|-boost|p1a: Espathra|spd|1\n|\n|-heal|p1a: Espathra|96/100|[from] item: Leftovers\n|-ability|p1a: Espathra|Speed Boost|boost\n|-boost|p1a: Espathra|spe|1\n|upkeep\n|turn|20\n|inactive|Time left: 300 sec this turn | 300 sec total\n|\n|t:|1783553198\n|move|p2a: Volbeat|Encore|p1a: Espathra\n|-start|p1a: Espathra|Encore\n|move|p1a: Espathra|Calm Mind|p1a: Espathra\n|-boost|p1a: Espathra|spa|1\n|-boost|p1a: Espathra|spd|1\n|\n|-heal|p1a: Espathra|100/100|[from] item: Leftovers\n|-ability|p1a: Espathra|Speed Boost|boost\n|-boost|p1a: Espathra|spe|1\n|upkeep\n|turn|21\n|inactive|Time left: 300 sec this turn | 300 sec total\n|\n|t:|1783553199\n|move|p1a: Espathra|Calm Mind|p1a: Espathra\n|-boost|p1a: Espathra|spa|1\n|-boost|p1a: Espathra|spd|1\n|move|p2a: Volbeat|Lunge|p1a: Espathra\n|-supereffective|p1a: Espathra\n|-damage|p1a: Espathra|62/100\n|-unboost|p1a: Espathra|atk|1\n|\n|-heal|p1a: Espathra|68/100|[from] item: Leftovers\n|-ability|p1a: Espathra|Speed Boost|boost\n|-boost|p1a: Espathra|spe|1\n|upkeep\n|turn|22\n|inactive|Time left: 300 sec this turn | 300 sec total\n|\n|t:|1783553200\n|move|p1a: Espathra|Calm Mind|p1a: Espathra\n|-boost|p1a: Espathra|spa|1\n|-boost|p1a: Espathra|spd|1\n|move|p2a: Volbeat|Lunge|p1a: Espathra\n|-supereffective|p1a: Espathra\n|-damage|p1a: Espathra|27/100\n|-unboost|p1a: Espathra|atk|1\n|\n|-heal|p1a: Espathra|33/100|[from] item: Leftovers\n|-end|p1a: Espathra|Encore\n|-ability|p1a: Espathra|Speed Boost|boost\n|-boost|p1a: Espathra|spe|1\n|upkeep\n|turn|23\n|inactive|Time left: 300 sec this turn | 300 sec total\n|\n|t:|1783553200\n|move|p2a: Volbeat|Encore|p1a: Espathra\n|-start|p1a: Espathra|Encore\n|move|p1a: Espathra|Calm Mind|p1a: Espathra\n|-boost|p1a: Espathra|spa|1\n|-boost|p1a: Espathra|spd|1\n|\n|-heal|p1a: Espathra|39/100|[from] item: Leftovers\n|-sideend|p1: p0x113734aa|Reflect\n|-ability|p1a: Espathra|Speed Boost|boost\n|-boost|p1a: Espathra|spe|1\n|upkeep\n|turn|24\n|inactive|Time left: 300 sec this turn | 300 sec total\n|\n|t:|1783553201\n|move|p1a: Espathra|Calm Mind|p1a: Espathra\n|-boost|p1a: Espathra|spa|1\n|-boost|p1a: Espathra|spd|1\n|move|p2a: Volbeat|Lunge|p1a: Espathra\n|-supereffective|p1a: Espathra\n|-damage|p1a: Espathra|0 fnt\n|faint|p1a: Espathra\n|\n|-sideend|p1: p0x113734aa|move: Light Screen\n|upkeep\n|\n|t:|1783553202\n|switch|p1a: Grimmsnarl|Grimmsnarl, L83, M, tera:Poison|2/100\n|-damage|p1a: Grimmsnarl|0 fnt|[from] Spikes\n|faint|p1a: Grimmsnarl\n|\n|t:|1783553203\n|switch|p1a: Brute Bonnet|Brute Bonnet, L80|51/100\n|-damage|p1a: Brute Bonnet|26/100|[from] Spikes\n|turn|25\n|inactive|Time left: 300 sec this turn | 300 sec total\n|\n|t:|1783553205\n|move|p1a: Brute Bonnet|Sucker Punch|p2a: Volbeat\n|-damage|p2a: Volbeat|169/263\n|move|p2a: Volbeat|Lunge|p1a: Brute Bonnet\n|-supereffective|p1a: Brute Bonnet\n|-damage|p1a: Brute Bonnet|0 fnt\n|faint|p1a: Brute Bonnet\n|-end|p1a: Brute Bonnet|Protosynthesis|[silent]\n|\n|upkeep\n|\n|t:|1783553206\n|switch|p1a: Sylveon|Sylveon, L85, F|42/100\n|-damage|p1a: Sylveon|17/100|[from] Spikes\n|turn|26\n|inactive|Time left: 300 sec this turn | 300 sec total\n|\n|t:|1783553206\n|move|p1a: Sylveon|Protect|p1a: Sylveon\n|-singleturn|p1a: Sylveon|Protect\n|move|p2a: Volbeat|Lunge|p1a: Sylveon\n|-activate|p1a: Sylveon|move: Protect\n|\n|-heal|p1a: Sylveon|23/100|[from] item: Leftovers\n|upkeep\n|turn|27\n|inactive|Time left: 300 sec this turn | 300 sec total\n|\n|t:|1783553207\n|move|p2a: Volbeat|Lunge|p1a: Sylveon\n|-resisted|p1a: Sylveon\n|-damage|p1a: Sylveon|6/100\n|-unboost|p1a: Sylveon|atk|1\n|move|p1a: Sylveon|Wish|p1a: Sylveon\n|\n|-heal|p1a: Sylveon|12/100|[from] item: Leftovers\n|upkeep\n|turn|28\n|inactive|Time left: 300 sec this turn | 300 sec total\n|\n|t:|1783553208\n|move|p1a: Sylveon|Protect|p1a: Sylveon\n|-singleturn|p1a: Sylveon|Protect\n|move|p2a: Volbeat|Roost|p2a: Volbeat\n|-heal|p2a: Volbeat|263/263\n|-singleturn|p2a: Volbeat|move: Roost\n|\n|-heal|p1a: Sylveon|62/100|[from] move: Wish|[wisher] Sylveon\n|-heal|p1a: Sylveon|68/100|[from] item: Leftovers\n|upkeep\n|turn|29\n|inactive|Time left: 300 sec this turn | 300 sec total\n|\n|t:|1783553209\n|move|p2a: Volbeat|Encore|p1a: Sylveon\n|-start|p1a: Sylveon|Encore\n|move|p1a: Sylveon|Protect||[still]\n|-fail|p1a: Sylveon\n|\n|-heal|p1a: Sylveon|74/100|[from] item: Leftovers\n|upkeep\n|turn|30\n|inactive|Time left: 300 sec this turn | 300 sec total\n|\n|t:|1783553210\n|move|p1a: Sylveon|Protect|p1a: Sylveon\n|-singleturn|p1a: Sylveon|Protect\n|move|p2a: Volbeat|Roost||[still]\n|-fail|p2a: Volbeat|heal\n|\n|-heal|p1a: Sylveon|80/100|[from] item: Leftovers\n|upkeep\n|turn|31\n|inactive|Time left: 300 sec this turn | 300 sec total\n|\n|t:|1783553211\n|move|p1a: Sylveon|Protect|p1a: Sylveon\n|-singleturn|p1a: Sylveon|Protect\n|move|p2a: Volbeat|Lunge|p1a: Sylveon\n|-activate|p1a: Sylveon|move: Protect\n|\n|-heal|p1a: Sylveon|86/100|[from] item: Leftovers\n|-end|p1a: Sylveon|Encore\n|upkeep\n|turn|32\n|inactive|Time left: 300 sec this turn | 300 sec total\n|\n|t:|1783553212\n|move|p2a: Volbeat|Encore|p1a: Sylveon\n|-start|p1a: Sylveon|Encore\n|move|p1a: Sylveon|Protect||[still]\n|-fail|p1a: Sylveon\n|\n|-heal|p1a: Sylveon|92/100|[from] item: Leftovers\n|upkeep\n|turn|33\n|inactive|Time left: 300 sec this turn | 300 sec total\n|\n|t:|1783553213\n|move|p1a: Sylveon|Protect|p1a: Sylveon\n|-singleturn|p1a: Sylveon|Protect\n|move|p2a: Volbeat|Thunder Wave|p1a: Sylveon\n|-activate|p1a: Sylveon|move: Protect\n|\n|-heal|p1a: Sylveon|98/100|[from] item: Leftovers\n|upkeep\n|turn|34\n|inactive|Time left: 300 sec this turn | 300 sec total\n|\n|t:|1783553214\n|move|p1a: Sylveon|Protect|p1a: Sylveon\n|-singleturn|p1a: Sylveon|Protect\n|move|p2a: Volbeat|Thunder Wave|p1a: Sylveon\n|-activate|p1a: Sylveon|move: Protect\n|\n|-heal|p1a: Sylveon|100/100|[from] item: Leftovers\n|-end|p1a: Sylveon|Encore\n|upkeep\n|turn|35\n|inactive|Time left: 300 sec this turn | 300 sec total\n|\n|t:|1783553215\n|move|p2a: Volbeat|Encore|p1a: Sylveon\n|-start|p1a: Sylveon|Encore\n|move|p1a: Sylveon|Protect||[still]\n|-fail|p1a: Sylveon\n|\n|upkeep\n|turn|36\n|inactive|Time left: 300 sec this turn | 300 sec total\n|\n|t:|1783553216\n|move|p1a: Sylveon|Protect|p1a: Sylveon\n|-singleturn|p1a: Sylveon|Protect\n|move|p2a: Volbeat|Lunge|p1a: Sylveon\n|-activate|p1a: Sylveon|move: Protect\n|\n|upkeep\n|turn|37\n|inactive|Time left: 300 sec this turn | 300 sec total\n|\n|t:|1783553216\n|move|p1a: Sylveon|Protect||[still]\n|-fail|p1a: Sylveon\n|move|p2a: Volbeat|Lunge|p1a: Sylveon\n|-resisted|p1a: Sylveon\n|-damage|p1a: Sylveon|84/100\n|-unboost|p1a: Sylveon|atk|1\n|\n|-heal|p1a: Sylveon|90/100|[from] item: Leftovers\n|-end|p1a: Sylveon|Encore\n|upkeep\n|turn|38\n|inactive|Time left: 300 sec this turn | 300 sec total\n|\n|t:|1783553217\n|move|p2a: Volbeat|Encore|p1a: Sylveon\n|-start|p1a: Sylveon|Encore\n|move|p1a: Sylveon|Protect||[still]\n|-fail|p1a: Sylveon\n|\n|-heal|p1a: Sylveon|96/100|[from] item: Leftovers\n|upkeep\n|turn|39\n|inactive|Time left: 300 sec this turn | 300 sec total\n|\n|t:|1783553218\n|move|p1a: Sylveon|Protect|p1a: Sylveon\n|-singleturn|p1a: Sylveon|Protect\n|move|p2a: Volbeat|Thunder Wave|p1a: Sylveon\n|-activate|p1a: Sylveon|move: Protect\n|\n|-heal|p1a: Sylveon|100/100|[from] item: Leftovers\n|upkeep\n|turn|40\n|inactive|Time left: 300 sec this turn | 300 sec total\n|\n|t:|1783553219\n|move|p1a: Sylveon|Protect|p1a: Sylveon\n|-singleturn|p1a: Sylveon|Protect\n|move|p2a: Volbeat|Encore|p1a: Sylveon\n|-activate|p1a: Sylveon|move: Protect\n|\n|-end|p1a: Sylveon|Encore\n|upkeep\n|turn|41\n|inactive|Time left: 300 sec this turn | 300 sec total\n|\n|t:|1783553220\n|move|p2a: Volbeat|Encore|p1a: Sylveon\n|-start|p1a: Sylveon|Encore\n|move|p1a: Sylveon|Protect||[still]\n|-fail|p1a: Sylveon\n|\n|upkeep\n|turn|42\n|inactive|Time left: 300 sec this turn | 300 sec total\n|\n|t:|1783553221\n|move|p1a: Sylveon|Protect|p1a: Sylveon\n|-singleturn|p1a: Sylveon|Protect\n|move|p2a: Volbeat|Lunge|p1a: Sylveon\n|-activate|p1a: Sylveon|move: Protect\n|\n|-end|p1a: Sylveon|Encore\n|upkeep\n|turn|43\n|inactive|Time left: 300 sec this turn | 300 sec total\n|\n|t:|1783553223\n|move|p2a: Volbeat|Thunder Wave|p1a: Sylveon\n|-status|p1a: Sylveon|par\n|move|p1a: Sylveon|Calm Mind|p1a: Sylveon\n|-boost|p1a: Sylveon|spa|1\n|-boost|p1a: Sylveon|spd|1\n|\n|upkeep\n|turn|44\n|inactive|Time left: 300 sec this turn | 300 sec total\n|\n|t:|1783553224\n|move|p2a: Volbeat|Lunge|p1a: Sylveon\n|-resisted|p1a: Sylveon\n|-damage|p1a: Sylveon|84/100 par\n|-unboost|p1a: Sylveon|atk|1\n|move|p1a: Sylveon|Calm Mind|p1a: Sylveon\n|-boost|p1a: Sylveon|spa|1\n|-boost|p1a: Sylveon|spd|1\n|\n|-heal|p1a: Sylveon|90/100 par|[from] item: Leftovers\n|upkeep\n|turn|45\n|inactive|Time left: 300 sec this turn | 300 sec total\n|\n|t:|1783553225\n|move|p2a: Volbeat|Lunge|p1a: Sylveon\n|-resisted|p1a: Sylveon\n|-damage|p1a: Sylveon|72/100 par\n|-unboost|p1a: Sylveon|atk|1\n|cant|p1a: Sylveon|par\n|\n|-heal|p1a: Sylveon|78/100 par|[from] item: Leftovers\n|upkeep\n|turn|46\n|inactive|Time left: 300 sec this turn | 300 sec total\n|\n|t:|1783553226\n|move|p2a: Volbeat|Lunge|p1a: Sylveon\n|-resisted|p1a: Sylveon\n|-damage|p1a: Sylveon|62/100 par\n|-unboost|p1a: Sylveon|atk|1\n|move|p1a: Sylveon|Hyper Voice|p2a: Volbeat\n|-damage|p2a: Volbeat|31/263\n|\n|-heal|p1a: Sylveon|68/100 par|[from] item: Leftovers\n|upkeep\n|turn|47\n|inactive|Time left: 300 sec this turn | 300 sec total\n|\n|t:|1783553227\n|move|p2a: Volbeat|Lunge|p1a: Sylveon\n|-resisted|p1a: Sylveon\n|-damage|p1a: Sylveon|51/100 par\n|-unboost|p1a: Sylveon|atk|1\n|move|p1a: Sylveon|Hyper Voice|p2a: Volbeat\n|-crit|p2a: Volbeat\n|-damage|p2a: Volbeat|0 fnt\n|faint|p2a: Volbeat\n|\n|-heal|p1a: Sylveon|57/100 par|[from] item: Leftovers\n|upkeep\n|inactive|Time left: 300 sec this turn | 300 sec total | 5 sec grace\n|\n|t:|1783553228\n|switch|p2a: Klefki|Klefki, L84, F|233/233\n|turn|48\n|inactive|Time left: 300 sec this turn | 300 sec total\n|\n|t:|1783553229\n|move|p2a: Klefki|Dazzling Gleam|p1a: Sylveon\n|-damage|p1a: Sylveon|48/100 par\n|move|p1a: Sylveon|Hyper Voice|p2a: Klefki\n|-resisted|p2a: Klefki\n|-damage|p2a: Klefki|90/233\n|\n|-heal|p2a: Klefki|104/233|[from] item: Leftovers\n|-heal|p1a: Sylveon|54/100 par|[from] item: Leftovers\n|upkeep\n|turn|49\n|inactive|Time left: 300 sec this turn | 300 sec total\n|\n|t:|1783553230\n|move|p2a: Klefki|Dazzling Gleam|p1a: Sylveon\n|-damage|p1a: Sylveon|45/100 par\n|move|p1a: Sylveon|Hyper Voice|p2a: Klefki\n|-resisted|p2a: Klefki\n|-damage|p2a: Klefki|0 fnt\n|faint|p2a: Klefki\n|\n|win|p0x113734aa", "uploadtime": 1783553230, "views": 0, "rating": 0, "private": 0, "password": null, "_winner": "p0x113734aa", "_our_name": "p0y11375b33"}