{"id": "battle-gen9randombattle-309", "formatid": "gen9randombattle", "format": "[Gen 9] Random Battle", "players": ["p0x309ff61", "p0y3090615"], "log": "|init|battle\n|title|p0x309ff61 vs. p0y3090615\n|j|\u2606p0x309ff61\n|j|\u2606p0y3090615\n|t:|1783543202\n|gametype|singles\n|player|p1|p0x309ff61|1|\n|player|p2|p0y3090615|101|\n|gen|9\n|tier|[Gen 9] Random Battle\n|rule|Species Clause: Limit one of each Pok\u00e9mon\n|rule|HP Percentage Mod: HP is shown in percentages\n|rule|Sleep Clause Mod: Limit one foe put to sleep\n|rule|Illusion Level Mod: Illusion disguises the Pok\u00e9mon's true level\n|\n|t:|1783543202\n|teamsize|p1|6\n|teamsize|p2|6\n|start\n|switch|p1a: Bombirdier|Bombirdier, L85, M|100/100\n|switch|p2a: Stantler|Stantler, L92, F|284/284\n|-ability|p2a: Stantler|Intimidate|boost\n|-unboost|p1a: Bombirdier|atk|1\n|turn|1\n|inactive|Battle timer is ON: inactive players will automatically lose when time's up. (requested by p0x309ff61)\n|inactive|Time left: 300 sec this turn | 300 sec total | 60 sec grace\n|inactive|p0y3090615 also wants the timer to be on.\n|\n|t:|1783543203\n|move|p2a: Stantler|Body Slam|p1a: Bombirdier\n|-damage|p1a: Bombirdier|60/100\n|-status|p1a: Bombirdier|par\n|move|p1a: Bombirdier|Brave Bird|p2a: Stantler\n|-damage|p2a: Stantler|176/284\n|-damage|p1a: Bombirdier|46/100 par|[from] Recoil\n|\n|upkeep\n|turn|2\n|inactive|Time left: 300 sec this turn | 300 sec total\n|\n|t:|1783543204\n|move|p2a: Stantler|Body Slam|p1a: Bombirdier\n|-damage|p1a: Bombirdier|4/100 par\n|move|p1a: Bombirdier|Brave Bird|p2a: Stantler\n|-damage|p2a: Stantler|76/284\n|-damage|p1a: Bombirdier|0 fnt|[from] Recoil\n|faint|p1a: Bombirdier\n|\n|upkeep\n|\n|t:|1783543205\n|switch|p1a: Falinks|Falinks, L84|100/100\n|turn|3\n|inactive|Time left: 300 sec this turn | 300 sec total\n|\n|t:|1783543206\n|move|p2a: Stantler|Body Slam|p1a: Falinks\n|-damage|p1a: Falinks|64/100\n|move|p1a: Falinks|No Retreat|p1a: Falinks\n|-boost|p1a: Falinks|atk|1\n|-boost|p1a: Falinks|def|1\n|-boost|p1a: Falinks|spa|1\n|-boost|p1a: Falinks|spd|1\n|-boost|p1a: Falinks|spe|1\n|-start|p1a: Falinks|move: No Retreat\n|\n|upkeep\n|turn|4\n|inactive|Time left: 300 sec this turn | 300 sec total\n|\n|t:|1783543207\n|switch|p2a: Rotom|Rotom-Fan, L86|226/226\n|-terastallize|p1a: Falinks|Dark\n|move|p1a: Falinks|Knock Off|p2a: Rotom\n|-damage|p2a: Rotom|43/226\n|-enditem|p2a: Rotom|Heavy-Duty Boots|[from] move: Knock Off|[of] p1a: Falinks\n|-damage|p1a: Falinks|54/100|[from] item: Life Orb\n|\n|upkeep\n|turn|5\n|inactive|Time left: 300 sec this turn | 300 sec total\n|\n|t:|1783543208\n|move|p1a: Falinks|Knock Off|p2a: Rotom\n|-damage|p2a: Rotom|0 fnt\n|faint|p2a: Rotom\n|-damage|p1a: Falinks|44/100|[from] item: Life Orb\n|\n|upkeep\n|inactive|Time left: 300 sec this turn | 300 sec total | 5 sec grace\n|\n|t:|1783543209\n|switch|p2a: Lurantis|Lurantis, L87, F|264/264\n|turn|6\n|inactive|Time left: 300 sec this turn | 300 sec total\n|\n|t:|1783543210\n|move|p1a: Falinks|Close Combat|p2a: Lurantis\n|-damage|p2a: Lurantis|37/264\n|-unboost|p1a: Falinks|def|1\n|-unboost|p1a: Falinks|spd|1\n|-damage|p1a: Falinks|35/100|[from] item: Life Orb\n|move|p2a: Lurantis|Superpower|p1a: Falinks\n|-supereffective|p1a: Falinks\n|-damage|p1a: Falinks|0 fnt\n|-boost|p2a: Lurantis|atk|1\n|-boost|p2a: Lurantis|def|1\n|faint|p1a: Falinks\n|\n|-heal|p2a: Lurantis|53/264|[from] item: Leftovers\n|upkeep\n|\n|t:|1783543211\n|switch|p1a: Gouging Fire|Gouging Fire, L74|100/100\n|turn|7\n|inactive|Time left: 300 sec this turn | 300 sec total\n|\n|t:|1783543212\n|move|p1a: Gouging Fire|Outrage|p2a: Lurantis\n|-damage|p2a: Lurantis|0 fnt\n|faint|p2a: Lurantis\n|\n|upkeep\n|inactive|Time left: 300 sec this turn | 300 sec total | 5 sec grace\n|\n|t:|1783543213\n|switch|p2a: Drednaw|Drednaw, L81, F|278/278\n|turn|8\n|inactive|Time left: 300 sec this turn | 300 sec total\n|\n|t:|1783543214\n|move|p1a: Gouging Fire|Outrage|p2a: Drednaw|[from] lockedmove\n|-damage|p2a: Drednaw|155/278\n|move|p2a: Drednaw|Shell Smash|p2a: Drednaw\n|-unboost|p2a: Drednaw|def|1\n|-unboost|p2a: Drednaw|spd|1\n|-boost|p2a: Drednaw|atk|2\n|-boost|p2a: Drednaw|spa|2\n|-boost|p2a: Drednaw|spe|2\n|-enditem|p2a: Drednaw|White Herb\n|-clearnegativeboost|p2a: Drednaw|[silent]\n|\n|upkeep\n|turn|9\n|inactive|Time left: 300 sec this turn | 300 sec total\n|\n|t:|1783543215\n|move|p2a: Drednaw|Stone Edge|p1a: Gouging Fire\n|-supereffective|p1a: Gouging Fire\n|-damage|p1a: Gouging Fire|0 fnt\n|faint|p1a: Gouging Fire\n|-end|p1a: Gouging Fire|Protosynthesis|[silent]\n|\n|upkeep\n|\n|t:|1783543215\n|switch|p1a: Granbull|Granbull, L88, F|100/100\n|-ability|p1a: Granbull|Intimidate|boost\n|-unboost|p2a: Drednaw|atk|1\n|turn|10\n|inactive|Time left: 300 sec this turn | 300 sec total\n|\n|t:|1783543216\n|-terastallize|p2a: Drednaw|Dark\n|move|p2a: Drednaw|Stone Edge|p1a: Granbull|[miss]\n|-miss|p2a: Drednaw|p1a: Granbull\n|move|p1a: Granbull|Roar|p2a: Drednaw\n|drag|p2a: Stantler|Stantler, L92, F|76/284\n|-ability|p2a: Stantler|Intimidate|boost\n|-unboost|p1a: Granbull|atk|1\n|\n|upkeep\n|turn|11\n|inactive|Time left: 300 sec this turn | 300 sec total\n|\n|t:|1783543217\n|move|p2a: Stantler|Body Slam|p1a: Granbull\n|-damage|p1a: Granbull|64/100\n|move|p1a: Granbull|Play Rough|p2a: Stantler\n|-damage|p2a: Stantler|16/284\n|\n|-heal|p1a: Granbull|70/100|[from] item: Leftovers\n|upkeep\n|turn|12\n|inactive|Time left: 300 sec this turn | 300 sec total\n|\n|t:|1783543218\n|switch|p1a: Lucario|Lucario, L84, F|100/100\n|move|p2a: Stantler|Body Slam|p1a: Lucario\n|-resisted|p1a: Lucario\n|-damage|p1a: Lucario|77/100\n|\n|upkeep\n|turn|13\n|inactive|Time left: 300 sec this turn | 300 sec total\n|\n|t:|1783543220\n|move|p2a: Stantler|Earthquake|p1a: Lucario\n|-supereffective|p1a: Lucario\n|-damage|p1a: Lucario|2/100\n|move|p1a: Lucario|Swords Dance|p1a: Lucario\n|-boost|p1a: Lucario|atk|2\n|\n|upkeep\n|turn|14\n|inactive|Time left: 300 sec this turn | 300 sec total\n|\n|t:|1783543221\n|move|p1a: Lucario|Extreme Speed|p2a: Stantler\n|-damage|p2a: Stantler|0 fnt\n|faint|p2a: Stantler\n|-damage|p1a: Lucario|0 fnt|[from] item: Life Orb\n|faint|p1a: Lucario\n|\n|upkeep\n|inactive|Time left: 300 sec this turn | 300 sec total | 5 sec grace\n|\n|t:|1783543222\n|switch|p2a: Furret|Furret, L94, F|312/312\n|switch|p1a: Granbull|Granbull, L88, F|70/100\n|-item|p1a: Granbull|Leftovers|[from] ability: Frisk|[of] p2a: Furret\n|-ability|p1a: Granbull|Intimidate|boost\n|-unboost|p2a: Furret|atk|1\n|turn|15\n|inactive|Time left: 300 sec this turn | 300 sec total\n|\n|t:|1783543223\n|move|p2a: Furret|Double-Edge|p1a: Granbull\n|-damage|p1a: Granbull|25/100\n|-damage|p2a: Furret|267/312|[from] Recoil\n|move|p1a: Granbull|Play Rough|p2a: Furret\n|-damage|p2a: Furret|122/312\n|\n|-heal|p1a: Granbull|31/100|[from] item: Leftovers\n|upkeep\n|turn|16\n|inactive|Time left: 300 sec this turn | 300 sec total\n|\n|t:|1783543224\n|switch|p1a: Oinkologne|Oinkologne-F, L92, F|100/100\n|move|p2a: Furret|Double-Edge|p1a: Oinkologne\n|-damage|p1a: Oinkologne|61/100\n|-damage|p2a: Furret|75/312|[from] Recoil\n|\n|-heal|p1a: Oinkologne|67/100|[from] item: Leftovers\n|upkeep\n|turn|17\n|inactive|Time left: 300 sec this turn | 300 sec total\n|\n|t:|1783543225\n|move|p2a: Furret|Double-Edge|p1a: Oinkologne\n|-damage|p1a: Oinkologne|31/100\n|-damage|p2a: Furret|32/312|[from] Recoil\n|move|p1a: Oinkologne|Curse|p1a: Oinkologne\n|-unboost|p1a: Oinkologne|spe|1\n|-boost|p1a: Oinkologne|atk|1\n|-boost|p1a: Oinkologne|def|1\n|\n|-heal|p1a: Oinkologne|37/100|[from] item: Leftovers\n|upkeep\n|turn|18\n|inactive|Time left: 300 sec this turn | 300 sec total\n|\n|t:|1783543226\n|move|p2a: Furret|Double-Edge|p1a: Oinkologne\n|-damage|p1a: Oinkologne|12/100\n|-damage|p2a: Furret|2/312|[from] Recoil\n|move|p1a: Oinkologne|Rest|p1a: Oinkologne\n|-status|p1a: Oinkologne|slp|[from] move: Rest\n|-heal|p1a: Oinkologne|100/100 slp|[silent]\n|\n|upkeep\n|turn|19\n|inactive|Time left: 300 sec this turn | 300 sec total\n|\n|t:|1783543227\n|switch|p2a: Drednaw|Drednaw, L81, F, tera:Dark|155/278\n|cant|p1a: Oinkologne|slp\n|move|p1a: Oinkologne|Sleep Talk|p1a: Oinkologne\n|move|p1a: Oinkologne|Body Slam|p2a: Drednaw|[from] move: Sleep Talk\n|-damage|p2a: Drednaw|0 fnt\n|faint|p2a: Drednaw\n|\n|upkeep\n|inactive|Time left: 300 sec this turn | 300 sec total | 5 sec grace\n|\n|t:|1783543228\n|switch|p2a: Furret|Furret, L94, F|2/312\n|-item|p1a: Oinkologne|Leftovers|[from] ability: Frisk|[of] p2a: Furret\n|turn|20\n|inactive|Time left: 300 sec this turn | 300 sec total\n|\n|t:|1783543230\n|move|p2a: Furret|Knock Off|p1a: Oinkologne\n|-damage|p1a: Oinkologne|79/100 slp\n|-enditem|p1a: Oinkologne|Leftovers|[from] move: Knock Off|[of] p2a: Furret\n|cant|p1a: Oinkologne|slp\n|\n|upkeep\n|turn|21\n|inactive|Time left: 300 sec this turn | 300 sec total\n|\n|t:|1783543231\n|move|p2a: Furret|Knock Off|p1a: Oinkologne\n|-damage|p1a: Oinkologne|64/100 slp\n|-curestatus|p1a: Oinkologne|slp|[msg]\n|move|p1a: Oinkologne|Body Slam|p2a: Furret\n|-damage|p2a: Furret|0 fnt\n|faint|p2a: Furret\n|\n|upkeep\n|inactive|Time left: 300 sec this turn | 300 sec total | 5 sec grace\n|\n|t:|1783543231\n|switch|p2a: Araquanid|Araquanid, L82, F|246/246\n|turn|22\n|inactive|Time left: 300 sec this turn | 300 sec total\n|\n|t:|1783543232\n|move|p2a: Araquanid|Hydro Pump|p1a: Oinkologne\n|-damage|p1a: Oinkologne|27/100\n|move|p1a: Oinkologne|Body Slam|p2a: Araquanid\n|-damage|p2a: Araquanid|108/246\n|-status|p2a: Araquanid|par\n|\n|upkeep\n|turn|23\n|inactive|Time left: 300 sec this turn | 300 sec total\n|\n|t:|1783543233\n|move|p1a: Oinkologne|Body Slam|p2a: Araquanid\n|-damage|p2a: Araquanid|0 fnt\n|faint|p2a: Araquanid\n|\n|win|p0x309ff61", "uploadtime": 1783543233, "views": 0, "rating": 0, "private": 0, "password": null, "_winner": "p0x309ff61", "_our_name": "p0y3090615"}