{"id": "battle-gen9randombattle-214", "formatid": "gen9randombattle", "format": "[Gen 9] Random Battle", "players": ["p0x214b7eb", "p0y2140fc7"], "log": "|init|battle\n|title|p0x214b7eb vs. p0y2140fc7\n|j|\u2606p0x214b7eb\n|j|\u2606p0y2140fc7\n|t:|1783535738\n|gametype|singles\n|player|p1|p0x214b7eb|102|\n|player|p2|p0y2140fc7|1|\n|gen|9\n|tier|[Gen 9] Random Battle\n|rule|Species Clause: Limit one of each Pok\u00e9mon\n|rule|HP Percentage Mod: HP is shown in percentages\n|rule|Sleep Clause Mod: Limit one foe put to sleep\n|rule|Illusion Level Mod: Illusion disguises the Pok\u00e9mon's true level\n|\n|t:|1783535738\n|teamsize|p1|6\n|teamsize|p2|6\n|start\n|switch|p1a: Magmortar|Magmortar, L88, M|100/100\n|switch|p2a: Pachirisu|Pachirisu, L96, M|271/271\n|turn|1\n|inactive|Battle timer is ON: inactive players will automatically lose when time's up. (requested by p0y2140fc7)\n|inactive|p0x214b7eb also wants the timer to be on.\n|\n|t:|1783535739\n|move|p2a: Pachirisu|Super Fang|p1a: Magmortar\n|-damage|p1a: Magmortar|51/100\n|move|p1a: Magmortar|Earthquake|p2a: Pachirisu\n|-supereffective|p2a: Pachirisu\n|-damage|p2a: Pachirisu|123/271\n|\n|upkeep\n|turn|2\n|inactive|Time left: 300 sec this turn | 300 sec total\n|\n|t:|1783535741\n|move|p2a: Pachirisu|Nuzzle|p1a: Magmortar\n|-damage|p1a: Magmortar|43/100\n|-status|p1a: Magmortar|par\n|cant|p1a: Magmortar|par\n|\n|upkeep\n|turn|3\n|inactive|Time left: 300 sec this turn | 300 sec total\n|\n|t:|1783535742\n|move|p2a: Pachirisu|Super Fang|p1a: Magmortar\n|-damage|p1a: Magmortar|22/100 par\n|-status|p2a: Pachirisu|brn|[from] ability: Flame Body|[of] p1a: Magmortar\n|cant|p1a: Magmortar|par\n|\n|-damage|p2a: Pachirisu|107/271 brn|[from] brn\n|upkeep\n|turn|4\n|inactive|Time left: 300 sec this turn | 300 sec total\n|\n|t:|1783535743\n|move|p2a: Pachirisu|Thunderbolt|p1a: Magmortar\n|-damage|p1a: Magmortar|0 fnt\n|faint|p1a: Magmortar\n|\n|-damage|p2a: Pachirisu|91/271 brn|[from] brn\n|upkeep\n|\n|t:|1783535744\n|switch|p1a: Dragonite|Dragonite, L74, F|100/100\n|turn|5\n|inactive|Time left: 300 sec this turn | 300 sec total\n|\n|t:|1783535745\n|move|p2a: Pachirisu|Nuzzle|p1a: Dragonite\n|-damage|p1a: Dragonite|99/100\n|-status|p1a: Dragonite|par\n|move|p1a: Dragonite|Dragon Dance|p1a: Dragonite\n|-boost|p1a: Dragonite|atk|1\n|-boost|p1a: Dragonite|spe|1\n|\n|-damage|p2a: Pachirisu|75/271 brn|[from] brn\n|upkeep\n|turn|6\n|inactive|Time left: 300 sec this turn | 300 sec total\n|\n|t:|1783535747\n|move|p2a: Pachirisu|Super Fang|p1a: Dragonite\n|-damage|p1a: Dragonite|50/100 par\n|move|p1a: Dragonite|Dragon Dance|p1a: Dragonite\n|-boost|p1a: Dragonite|atk|1\n|-boost|p1a: Dragonite|spe|1\n|\n|-damage|p2a: Pachirisu|59/271 brn|[from] brn\n|upkeep\n|turn|7\n|inactive|Time left: 300 sec this turn | 300 sec total\n|\n|t:|1783535748\n|move|p2a: Pachirisu|Thunderbolt|p1a: Dragonite\n|-damage|p1a: Dragonite|20/100 par\n|move|p1a: Dragonite|Outrage|p2a: Pachirisu\n|-damage|p2a: Pachirisu|0 fnt\n|faint|p2a: Pachirisu\n|\n|upkeep\n|inactive|Time left: 300 sec this turn | 300 sec total | 5 sec grace\n|\n|t:|1783535749\n|switch|p2a: Veluza|Veluza, L85, M|292/292\n|turn|8\n|inactive|Time left: 300 sec this turn | 300 sec total\n|\n|t:|1783535750\n|move|p2a: Veluza|Night Slash|p1a: Dragonite\n|-damage|p1a: Dragonite|0 fnt\n|faint|p1a: Dragonite\n|\n|upkeep\n|\n|t:|1783535751\n|switch|p1a: Zarude|Zarude-Dada, L77|100/100\n|turn|9\n|inactive|Time left: 300 sec this turn | 300 sec total\n|\n|t:|1783535752\n|switch|p2a: Dudunsparce|Dudunsparce-Three-Segment, L83, F|343/343\n|move|p1a: Zarude|Knock Off|p2a: Dudunsparce\n|-crit|p2a: Dudunsparce\n|-damage|p2a: Dudunsparce|103/343\n|-ability|p2a: Dudunsparce|Rattled|boost\n|-boost|p2a: Dudunsparce|spe|1\n|-enditem|p2a: Dudunsparce|Leftovers|[from] move: Knock Off|[of] p1a: Zarude\n|\n|upkeep\n|turn|10\n|inactive|Time left: 300 sec this turn | 300 sec total\n|\n|t:|1783535753\n|move|p2a: Dudunsparce|Roost|p2a: Dudunsparce\n|-heal|p2a: Dudunsparce|275/343\n|-singleturn|p2a: Dudunsparce|move: Roost\n|move|p1a: Zarude|Knock Off|p2a: Dudunsparce\n|-damage|p2a: Dudunsparce|161/343\n|-ability|p2a: Dudunsparce|Rattled|boost\n|-boost|p2a: Dudunsparce|spe|1\n|\n|upkeep\n|turn|11\n|inactive|Time left: 300 sec this turn | 300 sec total\n|\n|t:|1783535754\n|move|p2a: Dudunsparce|Roost|p2a: Dudunsparce\n|-heal|p2a: Dudunsparce|333/343\n|-singleturn|p2a: Dudunsparce|move: Roost\n|move|p1a: Zarude|Knock Off|p2a: Dudunsparce\n|-damage|p2a: Dudunsparce|219/343\n|-ability|p2a: Dudunsparce|Rattled|boost\n|-boost|p2a: Dudunsparce|spe|1\n|\n|upkeep\n|turn|12\n|inactive|Time left: 300 sec this turn | 300 sec total\n|\n|t:|1783535755\n|move|p2a: Dudunsparce|Boomburst|p1a: Zarude\n|-damage|p1a: Zarude|57/100\n|move|p1a: Zarude|Knock Off|p2a: Dudunsparce\n|-damage|p2a: Dudunsparce|108/343\n|-ability|p2a: Dudunsparce|Rattled|boost\n|-boost|p2a: Dudunsparce|spe|1\n|\n|upkeep\n|turn|13\n|inactive|Time left: 300 sec this turn | 300 sec total\n|\n|t:|1783535756\n|-terastallize|p1a: Zarude|Dark\n|move|p2a: Dudunsparce|Roost|p2a: Dudunsparce\n|-heal|p2a: Dudunsparce|280/343\n|-singleturn|p2a: Dudunsparce|move: Roost\n|move|p1a: Zarude|Knock Off|p2a: Dudunsparce\n|-damage|p2a: Dudunsparce|122/343\n|-ability|p2a: Dudunsparce|Rattled|boost\n|-boost|p2a: Dudunsparce|spe|1\n|\n|upkeep\n|turn|14\n|inactive|Time left: 300 sec this turn | 300 sec total\n|\n|t:|1783535757\n|move|p2a: Dudunsparce|Roost|p2a: Dudunsparce\n|-heal|p2a: Dudunsparce|294/343\n|-singleturn|p2a: Dudunsparce|move: Roost\n|move|p1a: Zarude|Knock Off|p2a: Dudunsparce\n|-damage|p2a: Dudunsparce|136/343\n|-ability|p2a: Dudunsparce|Rattled|boost\n|-boost|p2a: Dudunsparce|spe|1\n|\n|upkeep\n|turn|15\n|inactive|Time left: 300 sec this turn | 300 sec total\n|\n|t:|1783535758\n|move|p2a: Dudunsparce|Roost|p2a: Dudunsparce\n|-heal|p2a: Dudunsparce|308/343\n|-singleturn|p2a: Dudunsparce|move: Roost\n|move|p1a: Zarude|Knock Off|p2a: Dudunsparce\n|-crit|p2a: Dudunsparce\n|-damage|p2a: Dudunsparce|88/343\n|\n|upkeep\n|turn|16\n|inactive|Time left: 300 sec this turn | 300 sec total\n|\n|t:|1783535758\n|move|p2a: Dudunsparce|Roost|p2a: Dudunsparce\n|-heal|p2a: Dudunsparce|260/343\n|-singleturn|p2a: Dudunsparce|move: Roost\n|move|p1a: Zarude|Knock Off|p2a: Dudunsparce\n|-damage|p2a: Dudunsparce|116/343\n|\n|upkeep\n|turn|17\n|inactive|Time left: 300 sec this turn | 300 sec total\n|\n|t:|1783535759\n|move|p2a: Dudunsparce|Roost|p2a: Dudunsparce\n|-heal|p2a: Dudunsparce|288/343\n|-singleturn|p2a: Dudunsparce|move: Roost\n|move|p1a: Zarude|Knock Off|p2a: Dudunsparce\n|-damage|p2a: Dudunsparce|136/343\n|\n|upkeep\n|turn|18\n|inactive|Time left: 300 sec this turn | 300 sec total\n|\n|t:|1783535760\n|move|p2a: Dudunsparce|Roost|p2a: Dudunsparce\n|-heal|p2a: Dudunsparce|308/343\n|-singleturn|p2a: Dudunsparce|move: Roost\n|move|p1a: Zarude|Knock Off|p2a: Dudunsparce\n|-damage|p2a: Dudunsparce|152/343\n|\n|upkeep\n|turn|19\n|inactive|Time left: 300 sec this turn | 300 sec total\n|\n|t:|1783535762\n|move|p2a: Dudunsparce|Boomburst|p1a: Zarude\n|-damage|p1a: Zarude|13/100\n|move|p1a: Zarude|Knock Off|p2a: Dudunsparce\n|-crit|p2a: Dudunsparce\n|-damage|p2a: Dudunsparce|0 fnt\n|faint|p2a: Dudunsparce\n|\n|upkeep\n|inactive|Time left: 300 sec this turn | 300 sec total | 5 sec grace\n|\n|t:|1783535763\n|switch|p2a: Kommo-o|Kommo-o, L77, M|242/242\n|turn|20\n|inactive|Time left: 300 sec this turn | 300 sec total\n|\n|t:|1783535764\n|move|p1a: Zarude|Knock Off|p2a: Kommo-o\n|-resisted|p2a: Kommo-o\n|-damage|p2a: Kommo-o|151/242\n|-enditem|p2a: Kommo-o|Loaded Dice|[from] move: Knock Off|[of] p1a: Zarude\n|move|p2a: Kommo-o|Swords Dance|p2a: Kommo-o\n|-boost|p2a: Kommo-o|atk|2\n|\n|upkeep\n|turn|21\n|inactive|Time left: 300 sec this turn | 300 sec total\n|\n|t:|1783535765\n|move|p1a: Zarude|Knock Off|p2a: Kommo-o\n|-resisted|p2a: Kommo-o\n|-damage|p2a: Kommo-o|95/242\n|move|p2a: Kommo-o|Scale Shot|p1a: Zarude\n|-damage|p1a: Zarude|0 fnt\n|faint|p1a: Zarude\n|-hitcount|p1: Zarude|1\n|-unboost|p2a: Kommo-o|def|1\n|-boost|p2a: Kommo-o|spe|1\n|\n|upkeep\n|\n|t:|1783535766\n|switch|p1a: Entei|Entei, L78|100/100\n|turn|22\n|inactive|Time left: 300 sec this turn | 300 sec total\n|\n|t:|1783535767\n|move|p2a: Kommo-o|Close Combat|p1a: Entei\n|-damage|p1a: Entei|12/100\n|-unboost|p2a: Kommo-o|def|1\n|-unboost|p2a: Kommo-o|spd|1\n|move|p1a: Entei|Sacred Fire|p2a: Kommo-o\n|-resisted|p2a: Kommo-o\n|-damage|p2a: Kommo-o|0 fnt\n|faint|p2a: Kommo-o\n|\n|upkeep\n|inactive|Time left: 300 sec this turn | 300 sec total | 5 sec grace\n|\n|t:|1783535768\n|switch|p2a: Glimmora|Glimmora, L75, M|248/248\n|turn|23\n|inactive|Time left: 300 sec this turn | 300 sec total\n|\n|t:|1783535769\n|move|p1a: Entei|Sacred Fire|p2a: Glimmora\n|-resisted|p2a: Glimmora\n|-damage|p2a: Glimmora|169/248\n|-status|p2a: Glimmora|brn\n|-activate|p2a: Glimmora|ability: Toxic Debris\n|-sidestart|p1: p0x214b7eb|move: Toxic Spikes\n|move|p2a: Glimmora|Meteor Beam||[still]\n|-prepare|p2a: Glimmora|Meteor Beam\n|-boost|p2a: Glimmora|spa|1\n|-enditem|p2a: Glimmora|Power Herb\n|-anim|p2a: Glimmora|Meteor Beam|p1a: Entei\n|-supereffective|p1a: Entei\n|-damage|p1a: Entei|0 fnt\n|faint|p1a: Entei\n|\n|-damage|p2a: Glimmora|154/248 brn|[from] brn\n|upkeep\n|\n|t:|1783535770\n|switch|p1a: Mienshao|Mienshao, L83, F|100/100\n|-status|p1a: Mienshao|psn\n|turn|24\n|inactive|Time left: 300 sec this turn | 300 sec total\n|\n|t:|1783535771\n|move|p1a: Mienshao|Close Combat|p2a: Glimmora\n|-damage|p2a: Glimmora|1/248 brn\n|-unboost|p1a: Mienshao|def|1\n|-unboost|p1a: Mienshao|spd|1\n|-activate|p2a: Glimmora|ability: Toxic Debris\n|-sidestart|p1: p0x214b7eb|move: Toxic Spikes\n|move|p2a: Glimmora|Sludge Wave|p1a: Mienshao\n|-damage|p1a: Mienshao|15/100 psn\n|\n|-damage|p1a: Mienshao|3/100 psn|[from] psn\n|-damage|p2a: Glimmora|0 fnt|[from] brn\n|faint|p2a: Glimmora\n|upkeep\n|inactive|Time left: 300 sec this turn | 300 sec total | 5 sec grace\n|\n|t:|1783535772\n|switch|p2a: Flapple|Flapple, L88, M|266/266\n|turn|25\n|inactive|Time left: 300 sec this turn | 300 sec total\n|\n|t:|1783535773\n|move|p1a: Mienshao|Close Combat|p2a: Flapple\n|-damage|p2a: Flapple|107/266\n|-unboost|p1a: Mienshao|def|1\n|-unboost|p1a: Mienshao|spd|1\n|move|p2a: Flapple|Dragon Dance|p2a: Flapple\n|-boost|p2a: Flapple|atk|1\n|-boost|p2a: Flapple|spe|1\n|\n|-damage|p1a: Mienshao|0 fnt|[from] psn\n|faint|p1a: Mienshao\n|upkeep\n|\n|t:|1783535773\n|switch|p1a: Zebstrika|Zebstrika, L87, M|100/100\n|-status|p1a: Zebstrika|tox\n|turn|26\n|inactive|Time left: 300 sec this turn | 300 sec total\n|\n|t:|1783535774\n|move|p2a: Flapple|Outrage|p1a: Zebstrika\n|-damage|p1a: Zebstrika|0 fnt\n|faint|p1a: Zebstrika\n|\n|win|p0y2140fc7", "uploadtime": 1783535774, "views": 0, "rating": 0, "private": 0, "password": null, "_winner": "p0y2140fc7", "_our_name": "p0y2140fc7"}