{"id": "battle-gen9randombattle-2173", "formatid": "gen9randombattle", "format": "[Gen 9] Random Battle", "players": ["p0x2173d883", "p0y217307f8"], "log": "|init|battle\n|title|p0x2173d883 vs. p0y217307f8\n|j|\u2606p0x2173d883\n|j|\u2606p0y217307f8\n|t:|1783564318\n|gametype|singles\n|player|p1|p0x2173d883|266|\n|player|p2|p0y217307f8|102|\n|gen|9\n|tier|[Gen 9] Random Battle\n|rule|Species Clause: Limit one of each Pok\u00e9mon\n|rule|HP Percentage Mod: HP is shown in percentages\n|rule|Sleep Clause Mod: Limit one foe put to sleep\n|rule|Illusion Level Mod: Illusion disguises the Pok\u00e9mon's true level\n|\n|t:|1783564318\n|teamsize|p1|6\n|teamsize|p2|6\n|start\n|switch|p1a: Rayquaza|Rayquaza, L72|100/100\n|switch|p2a: Shiftry|Shiftry, L89, M|305/305\n|-ability|p1a: Rayquaza|Air Lock\n|turn|1\n|inactive|Battle timer is ON: inactive players will automatically lose when time's up. (requested by p0y217307f8)\n|inactive|p0x2173d883 also wants the timer to be on.\n|\n|t:|1783564319\n|move|p2a: Shiftry|Knock Off|p1a: Rayquaza\n|-damage|p1a: Rayquaza|39/100\n|-enditem|p1a: Rayquaza|Loaded Dice|[from] move: Knock Off|[of] p2a: Shiftry\n|-damage|p2a: Shiftry|275/305|[from] item: Life Orb\n|move|p1a: Rayquaza|Dragon Ascent|p2a: Shiftry\n|-supereffective|p2a: Shiftry\n|-damage|p2a: Shiftry|0 fnt\n|-unboost|p1a: Rayquaza|def|1\n|-unboost|p1a: Rayquaza|spd|1\n|faint|p2a: Shiftry\n|\n|upkeep\n|inactive|Time left: 300 sec this turn | 300 sec total | 65 sec grace\n|\n|t:|1783564320\n|switch|p2a: Raichu|Raichu-Alola, L87, F|246/246\n|turn|2\n|inactive|Time left: 300 sec this turn | 300 sec total\n|\n|t:|1783564321\n|switch|p1a: Pincurchin|Pincurchin, F|100/100\n|-fieldstart|move: Electric Terrain|[from] ability: Electric Surge|[of] p1a: Pincurchin\n|move|p2a: Raichu|Thunderbolt|p1a: Pincurchin\n|-resisted|p1a: Pincurchin\n|-damage|p1a: Pincurchin|74/100\n|-damage|p2a: Raichu|222/246|[from] item: Life Orb\n|\n|-heal|p1a: Pincurchin|80/100|[from] item: Leftovers\n|upkeep\n|turn|3\n|inactive|Time left: 300 sec this turn | 300 sec total\n|\n|t:|1783564322\n|move|p2a: Raichu|Nasty Plot|p2a: Raichu\n|-boost|p2a: Raichu|spa|2\n|move|p1a: Pincurchin|Discharge|p2a: Raichu\n|-resisted|p2a: Raichu\n|-damage|p2a: Raichu|144/246\n|\n|-heal|p1a: Pincurchin|87/100|[from] item: Leftovers\n|upkeep\n|turn|4\n|inactive|Time left: 300 sec this turn | 300 sec total\n|\n|t:|1783564323\n|move|p2a: Raichu|Nasty Plot|p2a: Raichu\n|-boost|p2a: Raichu|spa|2\n|move|p1a: Pincurchin|Scald|p2a: Raichu\n|-damage|p2a: Raichu|61/246\n|\n|-heal|p1a: Pincurchin|93/100|[from] item: Leftovers\n|upkeep\n|turn|5\n|inactive|Time left: 300 sec this turn | 300 sec total\n|\n|t:|1783564324\n|switch|p1a: Rayquaza|Rayquaza, L72|39/100\n|-ability|p1a: Rayquaza|Air Lock\n|move|p2a: Raichu|Psyshock|p1a: Rayquaza\n|-damage|p1a: Rayquaza|0 fnt\n|faint|p1a: Rayquaza\n|-damage|p2a: Raichu|37/246|[from] item: Life Orb\n|\n|upkeep\n|\n|t:|1783564325\n|switch|p1a: Zangoose|Zangoose, L85, F|100/100\n|turn|6\n|inactive|Time left: 300 sec this turn | 300 sec total\n|\n|t:|1783564326\n|move|p1a: Zangoose|Quick Attack|p2a: Raichu\n|-damage|p2a: Raichu|0 fnt\n|faint|p2a: Raichu\n|\n|-fieldend|move: Electric Terrain\n|-status|p1a: Zangoose|tox|[from] item: Toxic Orb\n|upkeep\n|inactive|Time left: 300 sec this turn | 300 sec total | 5 sec grace\n|\n|t:|1783564327\n|switch|p2a: Rhyperior|Rhyperior, L82, M|323/323\n|turn|7\n|inactive|Time left: 300 sec this turn | 300 sec total\n|\n|t:|1783564328\n|move|p1a: Zangoose|Knock Off|p2a: Rhyperior\n|-damage|p2a: Rhyperior|232/323\n|-enditem|p2a: Rhyperior|Assault Vest|[from] move: Knock Off|[of] p1a: Zangoose\n|move|p2a: Rhyperior|Earthquake|p1a: Zangoose\n|-damage|p1a: Zangoose|39/100 tox\n|\n|-damage|p1a: Zangoose|32/100 tox|[from] psn\n|upkeep\n|turn|8\n|inactive|Time left: 300 sec this turn | 300 sec total\n|\n|t:|1783564329\n|switch|p1a: Clawitzer|Clawitzer, L87, F|100/100\n|move|p2a: Rhyperior|Stone Edge|p1a: Clawitzer\n|-damage|p1a: Clawitzer|50/100\n|\n|upkeep\n|turn|9\n|inactive|Time left: 300 sec this turn | 300 sec total\n|\n|t:|1783564330\n|switch|p2a: Gallade|Gallade, L80, M|240/240\n|move|p1a: Clawitzer|Water Pulse|p2a: Gallade\n|-damage|p2a: Gallade|138/240\n|\n|upkeep\n|turn|10\n|inactive|Time left: 300 sec this turn | 300 sec total\n|\n|t:|1783564330\n|move|p2a: Gallade|Sacred Sword|p1a: Clawitzer\n|-damage|p1a: Clawitzer|0 fnt\n|faint|p1a: Clawitzer\n|\n|upkeep\n|\n|t:|1783564331\n|switch|p1a: Victreebel|Victreebel, L90, F|100/100\n|turn|11\n|inactive|Time left: 300 sec this turn | 300 sec total\n|\n|t:|1783564332\n|move|p1a: Victreebel|Power Whip|p2a: Gallade\n|-damage|p2a: Gallade|0 fnt\n|faint|p2a: Gallade\n|-damage|p1a: Victreebel|90/100|[from] item: Life Orb\n|\n|upkeep\n|inactive|Time left: 300 sec this turn | 300 sec total | 5 sec grace\n|\n|t:|1783564333\n|switch|p2a: Kilowattrel|Kilowattrel, L83, F|252/252\n|turn|12\n|inactive|Time left: 300 sec this turn | 300 sec total\n|\n|t:|1783564334\n|switch|p1a: Pincurchin|Pincurchin, F|93/100\n|-fieldstart|move: Electric Terrain|[from] ability: Electric Surge|[of] p1a: Pincurchin\n|move|p2a: Kilowattrel|Hurricane|p1a: Pincurchin\n|-resisted|p1a: Pincurchin\n|-damage|p1a: Pincurchin|72/100\n|\n|-heal|p1a: Pincurchin|78/100|[from] item: Leftovers\n|upkeep\n|turn|13\n|inactive|Time left: 300 sec this turn | 300 sec total\n|\n|t:|1783564335\n|move|p2a: Kilowattrel|Hurricane|p1a: Pincurchin\n|-resisted|p1a: Pincurchin\n|-damage|p1a: Pincurchin|56/100\n|move|p1a: Pincurchin|Scald|p2a: Kilowattrel\n|-damage|p2a: Kilowattrel|155/252\n|\n|-heal|p1a: Pincurchin|63/100|[from] item: Leftovers\n|upkeep\n|turn|14\n|inactive|Time left: 300 sec this turn | 300 sec total\n|\n|t:|1783564336\n|move|p2a: Kilowattrel|Roost|p2a: Kilowattrel\n|-heal|p2a: Kilowattrel|252/252\n|-singleturn|p2a: Kilowattrel|move: Roost\n|move|p1a: Pincurchin|Scald|p2a: Kilowattrel\n|-damage|p2a: Kilowattrel|143/252\n|-status|p2a: Kilowattrel|brn\n|\n|-heal|p1a: Pincurchin|69/100|[from] item: Leftovers\n|-damage|p2a: Kilowattrel|128/252 brn|[from] brn\n|upkeep\n|turn|15\n|inactive|Time left: 300 sec this turn | 300 sec total\n|\n|t:|1783564337\n|move|p2a: Kilowattrel|Roost|p2a: Kilowattrel\n|-heal|p2a: Kilowattrel|252/252 brn\n|-singleturn|p2a: Kilowattrel|move: Roost\n|move|p1a: Pincurchin|Scald|p2a: Kilowattrel\n|-damage|p2a: Kilowattrel|153/252 brn\n|\n|-heal|p1a: Pincurchin|75/100|[from] item: Leftovers\n|-damage|p2a: Kilowattrel|138/252 brn|[from] brn\n|upkeep\n|turn|16\n|inactive|Time left: 300 sec this turn | 300 sec total\n|\n|t:|1783564338\n|move|p2a: Kilowattrel|Roost|p2a: Kilowattrel\n|-heal|p2a: Kilowattrel|252/252 brn\n|-singleturn|p2a: Kilowattrel|move: Roost\n|move|p1a: Pincurchin|Scald|p2a: Kilowattrel\n|-damage|p2a: Kilowattrel|141/252 brn\n|\n|-heal|p1a: Pincurchin|81/100|[from] item: Leftovers\n|-damage|p2a: Kilowattrel|126/252 brn|[from] brn\n|-fieldend|move: Electric Terrain\n|upkeep\n|turn|17\n|inactive|Time left: 300 sec this turn | 300 sec total\n|\n|t:|1783564339\n|move|p2a: Kilowattrel|Roost|p2a: Kilowattrel\n|-heal|p2a: Kilowattrel|252/252 brn\n|-singleturn|p2a: Kilowattrel|move: Roost\n|move|p1a: Pincurchin|Scald|p2a: Kilowattrel\n|-damage|p2a: Kilowattrel|158/252 brn\n|\n|-heal|p1a: Pincurchin|87/100|[from] item: Leftovers\n|-damage|p2a: Kilowattrel|143/252 brn|[from] brn\n|upkeep\n|turn|18\n|inactive|Time left: 300 sec this turn | 300 sec total\n|\n|t:|1783564340\n|move|p2a: Kilowattrel|Roost|p2a: Kilowattrel\n|-heal|p2a: Kilowattrel|252/252 brn\n|-singleturn|p2a: Kilowattrel|move: Roost\n|move|p1a: Pincurchin|Scald|p2a: Kilowattrel\n|-damage|p2a: Kilowattrel|149/252 brn\n|\n|-heal|p1a: Pincurchin|94/100|[from] item: Leftovers\n|-damage|p2a: Kilowattrel|134/252 brn|[from] brn\n|upkeep\n|turn|19\n|inactive|Time left: 300 sec this turn | 300 sec total\n|\n|t:|1783564342\n|move|p2a: Kilowattrel|Roost|p2a: Kilowattrel\n|-heal|p2a: Kilowattrel|252/252 brn\n|-singleturn|p2a: Kilowattrel|move: Roost\n|move|p1a: Pincurchin|Scald|p2a: Kilowattrel\n|-damage|p2a: Kilowattrel|158/252 brn\n|\n|-heal|p1a: Pincurchin|99/100|[from] item: Leftovers\n|-damage|p2a: Kilowattrel|143/252 brn|[from] brn\n|upkeep\n|turn|20\n|inactive|Time left: 300 sec this turn | 300 sec total\n|\n|t:|1783564343\n|move|p2a: Kilowattrel|Roost|p2a: Kilowattrel\n|-heal|p2a: Kilowattrel|252/252 brn\n|-singleturn|p2a: Kilowattrel|move: Roost\n|move|p1a: Pincurchin|Scald|p2a: Kilowattrel\n|-damage|p2a: Kilowattrel|147/252 brn\n|\n|-heal|p1a: Pincurchin|100/100|[from] item: Leftovers\n|-damage|p2a: Kilowattrel|132/252 brn|[from] brn\n|upkeep\n|turn|21\n|inactive|Time left: 300 sec this turn | 300 sec total\n|\n|t:|1783564344\n|move|p2a: Kilowattrel|Roost|p2a: Kilowattrel\n|-heal|p2a: Kilowattrel|252/252 brn\n|-singleturn|p2a: Kilowattrel|move: Roost\n|move|p1a: Pincurchin|Scald|p2a: Kilowattrel\n|-damage|p2a: Kilowattrel|155/252 brn\n|\n|-damage|p2a: Kilowattrel|140/252 brn|[from] brn\n|upkeep\n|turn|22\n|inactive|Time left: 300 sec this turn | 300 sec total\n|\n|t:|1783564345\n|move|p2a: Kilowattrel|Hurricane|p1a: Pincurchin|[miss]\n|-miss|p2a: Kilowattrel|p1a: Pincurchin\n|move|p1a: Pincurchin|Scald|p2a: Kilowattrel\n|-damage|p2a: Kilowattrel|43/252 brn\n|\n|-damage|p2a: Kilowattrel|28/252 brn|[from] brn\n|upkeep\n|turn|23\n|inactive|Time left: 300 sec this turn | 300 sec total\n|\n|t:|1783564346\n|move|p2a: Kilowattrel|Thunderbolt|p1a: Pincurchin\n|-resisted|p1a: Pincurchin\n|-damage|p1a: Pincurchin|84/100\n|move|p1a: Pincurchin|Scald|p2a: Kilowattrel\n|-damage|p2a: Kilowattrel|0 fnt\n|faint|p2a: Kilowattrel\n|\n|-heal|p1a: Pincurchin|90/100|[from] item: Leftovers\n|upkeep\n|inactive|Time left: 300 sec this turn | 300 sec total | 5 sec grace\n|\n|t:|1783564347\n|switch|p2a: Rhyperior|Rhyperior, L82, M|232/323\n|turn|24\n|inactive|Time left: 300 sec this turn | 300 sec total\n|\n|t:|1783564348\n|-terastallize|p2a: Rhyperior|Grass\n|-terastallize|p1a: Pincurchin|Water\n|move|p2a: Rhyperior|Earthquake|p1a: Pincurchin\n|-crit|p1a: Pincurchin\n|-damage|p1a: Pincurchin|28/100\n|move|p1a: Pincurchin|Scald|p2a: Rhyperior\n|-resisted|p2a: Rhyperior\n|-damage|p2a: Rhyperior|150/323\n|-status|p2a: Rhyperior|brn\n|\n|-heal|p1a: Pincurchin|35/100|[from] item: Leftovers\n|-damage|p2a: Rhyperior|130/323 brn|[from] brn\n|upkeep\n|turn|25\n|inactive|Time left: 300 sec this turn | 300 sec total\n|\n|t:|1783564349\n|move|p2a: Rhyperior|Stone Edge|p1a: Pincurchin\n|-damage|p1a: Pincurchin|15/100\n|move|p1a: Pincurchin|Recover|p1a: Pincurchin\n|-heal|p1a: Pincurchin|65/100\n|\n|-heal|p1a: Pincurchin|71/100|[from] item: Leftovers\n|-damage|p2a: Rhyperior|110/323 brn|[from] brn\n|upkeep\n|turn|26\n|inactive|Time left: 300 sec this turn | 300 sec total\n|\n|t:|1783564350\n|move|p2a: Rhyperior|Earthquake|p1a: Pincurchin\n|-damage|p1a: Pincurchin|49/100\n|move|p1a: Pincurchin|Recover|p1a: Pincurchin\n|-heal|p1a: Pincurchin|99/100\n|\n|-heal|p1a: Pincurchin|100/100|[from] item: Leftovers\n|-damage|p2a: Rhyperior|90/323 brn|[from] brn\n|upkeep\n|turn|27\n|inactive|Time left: 300 sec this turn | 300 sec total\n|\n|t:|1783564351\n|move|p2a: Rhyperior|Stone Edge|p1a: Pincurchin|[miss]\n|-miss|p2a: Rhyperior|p1a: Pincurchin\n|move|p1a: Pincurchin|Toxic Spikes|p2a: Rhyperior\n|-sidestart|p2: p0y217307f8|move: Toxic Spikes\n|\n|-damage|p2a: Rhyperior|70/323 brn|[from] brn\n|upkeep\n|turn|28\n|inactive|Time left: 300 sec this turn | 300 sec total\n|\n|t:|1783564352\n|move|p2a: Rhyperior|Stone Edge|p1a: Pincurchin\n|-crit|p1a: Pincurchin\n|-damage|p1a: Pincurchin|68/100\n|move|p1a: Pincurchin|Discharge|p2a: Rhyperior\n|-resisted|p2a: Rhyperior\n|-damage|p2a: Rhyperior|0 fnt\n|faint|p2a: Rhyperior\n|\n|-heal|p1a: Pincurchin|75/100|[from] item: Leftovers\n|upkeep\n|inactive|Time left: 300 sec this turn | 300 sec total | 5 sec grace\n|\n|t:|1783564353\n|switch|p2a: Urshifu|Urshifu, L74, M|270/270\n|-status|p2a: Urshifu|psn\n|turn|29\n|inactive|Time left: 300 sec this turn | 300 sec total\n|\n|t:|1783564354\n|move|p2a: Urshifu|Close Combat|p1a: Pincurchin\n|-damage|p1a: Pincurchin|20/100\n|-unboost|p2a: Urshifu|def|1\n|-unboost|p2a: Urshifu|spd|1\n|-damage|p2a: Urshifu|243/270 psn|[from] item: Life Orb\n|move|p1a: Pincurchin|Discharge|p2a: Urshifu\n|-damage|p2a: Urshifu|0 fnt\n|faint|p2a: Urshifu\n|\n|win|p0x2173d883", "uploadtime": 1783564354, "views": 0, "rating": 0, "private": 0, "password": null, "_winner": "p0x2173d883", "_our_name": "p0y217307f8"}