{"id": "battle-gen9randombattle-1213", "formatid": "gen9randombattle", "format": "[Gen 9] Random Battle", "players": ["p0x12130729", "p0y12138ec6"], "log": "|init|battle\n|title|p0x12130729 vs. p0y12138ec6\n|j|\u2606p0x12130729\n|j|\u2606p0y12138ec6\n|t:|1783553157\n|gametype|singles\n|player|p1|p0x12130729|101|\n|player|p2|p0y12138ec6|266|\n|gen|9\n|tier|[Gen 9] Random Battle\n|rule|Species Clause: Limit one of each Pok\u00e9mon\n|rule|HP Percentage Mod: HP is shown in percentages\n|rule|Sleep Clause Mod: Limit one foe put to sleep\n|rule|Illusion Level Mod: Illusion disguises the Pok\u00e9mon's true level\n|\n|t:|1783553157\n|teamsize|p1|6\n|teamsize|p2|6\n|start\n|switch|p1a: Iron Hands|Iron Hands, L79|373/373\n|switch|p2a: Kingdra|Kingdra, L84, M|100/100\n|turn|1\n|inactive|Battle timer is ON: inactive players will automatically lose when time's up. (requested by p0x12130729)\n|inactive|p0y12138ec6 also wants the timer to be on.\n|\n|t:|1783553159\n|switch|p2a: Kricketune|Kricketune, L99, M|100/100\n|move|p1a: Iron Hands|Swords Dance|p1a: Iron Hands\n|-boost|p1a: Iron Hands|atk|2\n|\n|upkeep\n|turn|2\n|inactive|Time left: 300 sec this turn | 300 sec total\n|\n|t:|1783553160\n|move|p2a: Kricketune|Sticky Web|p1a: Iron Hands\n|-sidestart|p1: p0x12130729|move: Sticky Web\n|move|p1a: Iron Hands|Thunder Punch|p2a: Kricketune\n|-damage|p2a: Kricketune|20/100\n|\n|upkeep\n|turn|3\n|inactive|Time left: 300 sec this turn | 300 sec total\n|\n|t:|1783553161\n|move|p2a: Kricketune|Knock Off|p1a: Iron Hands\n|-resisted|p1a: Iron Hands\n|-damage|p1a: Iron Hands|332/373\n|-enditem|p1a: Iron Hands|Leftovers|[from] move: Knock Off|[of] p2a: Kricketune\n|move|p1a: Iron Hands|Thunder Punch|p2a: Kricketune\n|-damage|p2a: Kricketune|0 fnt\n|faint|p2a: Kricketune\n|\n|upkeep\n|\n|t:|1783553163\n|switch|p2a: Mewtwo|Mewtwo, L72|100/100\n|-ability|p2a: Mewtwo|Unnerve\n|turn|4\n|inactive|Time left: 300 sec this turn | 300 sec total\n|\n|t:|1783553164\n|move|p2a: Mewtwo|Psystrike|p1a: Iron Hands\n|-supereffective|p1a: Iron Hands\n|-damage|p1a: Iron Hands|75/373\n|-damage|p2a: Mewtwo|91/100|[from] item: Life Orb\n|move|p1a: Iron Hands|Thunder Punch|p2a: Mewtwo\n|-damage|p2a: Mewtwo|17/100\n|\n|upkeep\n|turn|5\n|inactive|Time left: 300 sec this turn | 300 sec total\n|\n|t:|1783553166\n|move|p2a: Mewtwo|Psystrike|p1a: Iron Hands\n|-supereffective|p1a: Iron Hands\n|-damage|p1a: Iron Hands|0 fnt\n|faint|p1a: Iron Hands\n|-end|p1a: Iron Hands|Quark Drive|[silent]\n|-damage|p2a: Mewtwo|7/100|[from] item: Life Orb\n|\n|upkeep\n|inactive|Time left: 300 sec this turn | 300 sec total | 5 sec grace\n|\n|t:|1783553167\n|switch|p1a: Palossand|Palossand, L89, F|296/296\n|-activate|p1a: Palossand|move: Sticky Web\n|-unboost|p1a: Palossand|spe|1\n|turn|6\n|inactive|Time left: 300 sec this turn | 300 sec total\n|\n|t:|1783553168\n|switch|p2a: Flareon|Flareon, L90, F|100/100\n|move|p1a: Palossand|Shadow Ball|p2a: Flareon\n|-damage|p2a: Flareon|69/100\n|-unboost|p2a: Flareon|spd|1\n|\n|-status|p2a: Flareon|tox|[from] item: Toxic Orb\n|upkeep\n|turn|7\n|inactive|Time left: 300 sec this turn | 300 sec total\n|\n|t:|1783553169\n|switch|p2a: Zarude|Zarude-Dada, L77|100/100\n|move|p1a: Palossand|Earth Power|p2a: Zarude\n|-resisted|p2a: Zarude\n|-damage|p2a: Zarude|83/100\n|-unboost|p2a: Zarude|spd|1\n|\n|upkeep\n|turn|8\n|inactive|Time left: 300 sec this turn | 300 sec total\n|\n|t:|1783553170\n|move|p2a: Zarude|Swords Dance|p2a: Zarude\n|-boost|p2a: Zarude|atk|2\n|move|p1a: Palossand|Stealth Rock|p2a: Zarude\n|-sidestart|p2: p0y12138ec6|move: Stealth Rock\n|\n|upkeep\n|turn|9\n|inactive|Time left: 300 sec this turn | 300 sec total\n|\n|t:|1783553171\n|switch|p1a: Glalie|Glalie, L96, F|309/309\n|move|p2a: Zarude|Knock Off|p1a: Glalie\n|-damage|p1a: Glalie|79/309\n|-enditem|p1a: Glalie|Heavy-Duty Boots|[from] move: Knock Off|[of] p2a: Zarude\n|-damage|p2a: Zarude|73/100|[from] item: Life Orb\n|\n|upkeep\n|turn|10\n|inactive|Time left: 300 sec this turn | 300 sec total\n|\n|t:|1783553172\n|-terastallize|p2a: Zarude|Fighting\n|move|p1a: Glalie|Freeze-Dry|p2a: Zarude\n|-damage|p2a: Zarude|28/100\n|move|p2a: Zarude|Knock Off|p1a: Glalie\n|-crit|p1a: Glalie\n|-damage|p1a: Glalie|0 fnt\n|faint|p1a: Glalie\n|-damage|p2a: Zarude|19/100|[from] item: Life Orb\n|\n|upkeep\n|inactive|Time left: 300 sec this turn | 300 sec total | 5 sec grace\n|\n|t:|1783553173\n|switch|p1a: Weavile|Weavile, L79, F|239/239\n|-activate|p1a: Weavile|move: Sticky Web\n|-unboost|p1a: Weavile|spe|1\n|turn|11\n|inactive|Time left: 300 sec this turn | 300 sec total\n|\n|t:|1783553174\n|move|p1a: Weavile|Ice Shard|p2a: Zarude\n|-damage|p2a: Zarude|0 fnt\n|faint|p2a: Zarude\n|\n|upkeep\n|\n|t:|1783553175\n|switch|p2a: Eternatus|Eternatus, L69|100/100\n|-damage|p2a: Eternatus|88/100|[from] Stealth Rock\n|-ability|p2a: Eternatus|Pressure\n|turn|12\n|inactive|Time left: 300 sec this turn | 300 sec total\n|\n|t:|1783553176\n|move|p1a: Weavile|Ice Shard|p2a: Eternatus\n|-supereffective|p2a: Eternatus\n|-damage|p2a: Eternatus|41/100\n|move|p2a: Eternatus|Recover|p2a: Eternatus\n|-heal|p2a: Eternatus|91/100\n|\n|upkeep\n|turn|13\n|inactive|Time left: 300 sec this turn | 300 sec total\n|\n|t:|1783553177\n|move|p1a: Weavile|Ice Shard|p2a: Eternatus\n|-supereffective|p2a: Eternatus\n|-damage|p2a: Eternatus|43/100\n|move|p2a: Eternatus|Recover|p2a: Eternatus\n|-heal|p2a: Eternatus|93/100\n|\n|upkeep\n|turn|14\n|inactive|Time left: 300 sec this turn | 300 sec total\n|\n|t:|1783553178\n|move|p1a: Weavile|Ice Shard|p2a: Eternatus\n|-supereffective|p2a: Eternatus\n|-damage|p2a: Eternatus|45/100\n|move|p2a: Eternatus|Recover|p2a: Eternatus\n|-heal|p2a: Eternatus|95/100\n|\n|upkeep\n|turn|15\n|inactive|Time left: 300 sec this turn | 300 sec total\n|\n|t:|1783553179\n|move|p1a: Weavile|Ice Shard|p2a: Eternatus\n|-supereffective|p2a: Eternatus\n|-damage|p2a: Eternatus|46/100\n|move|p2a: Eternatus|Recover|p2a: Eternatus\n|-heal|p2a: Eternatus|96/100\n|\n|upkeep\n|turn|16\n|inactive|Time left: 300 sec this turn | 300 sec total\n|\n|t:|1783553180\n|move|p1a: Weavile|Ice Shard|p2a: Eternatus\n|-supereffective|p2a: Eternatus\n|-damage|p2a: Eternatus|49/100\n|move|p2a: Eternatus|Recover|p2a: Eternatus\n|-heal|p2a: Eternatus|99/100\n|\n|upkeep\n|turn|17\n|inactive|Time left: 300 sec this turn | 300 sec total\n|\n|t:|1783553181\n|move|p1a: Weavile|Ice Shard|p2a: Eternatus\n|-supereffective|p2a: Eternatus\n|-damage|p2a: Eternatus|46/100\n|move|p2a: Eternatus|Dynamax Cannon|p1a: Weavile\n|-damage|p1a: Weavile|128/239\n|\n|upkeep\n|turn|18\n|inactive|Time left: 300 sec this turn | 300 sec total\n|\n|t:|1783553182\n|switch|p2a: Kingdra|Kingdra, L84, M|100/100\n|-damage|p2a: Kingdra|88/100|[from] Stealth Rock\n|move|p1a: Weavile|Ice Shard|p2a: Kingdra\n|-damage|p2a: Kingdra|64/100\n|\n|upkeep\n|turn|19\n|inactive|Time left: 300 sec this turn | 300 sec total\n|\n|t:|1783553183\n|switch|p1a: Palossand|Palossand, L89, F|296/296\n|-activate|p1a: Palossand|move: Sticky Web\n|-unboost|p1a: Palossand|spe|1\n|move|p2a: Kingdra|Wave Crash|p1a: Palossand\n|-supereffective|p1a: Palossand\n|-damage|p1a: Palossand|36/296\n|-ability|p1a: Palossand|Water Compaction|boost\n|-boost|p1a: Palossand|def|2\n|-damage|p2a: Kingdra|32/100|[from] Recoil\n|-damage|p2a: Kingdra|22/100|[from] item: Life Orb\n|\n|-heal|p1a: Palossand|54/296|[from] item: Leftovers\n|upkeep\n|turn|20\n|inactive|Time left: 300 sec this turn | 300 sec total\n|\n|t:|1783553184\n|move|p2a: Kingdra|Draco Meteor|p1a: Palossand\n|-damage|p1a: Palossand|0 fnt\n|-unboost|p2a: Kingdra|spa|2\n|faint|p1a: Palossand\n|-damage|p2a: Kingdra|12/100|[from] item: Life Orb\n|\n|upkeep\n|inactive|Time left: 300 sec this turn | 300 sec total | 5 sec grace\n|\n|t:|1783553185\n|switch|p1a: Vigoroth|Vigoroth, L85, F|275/275\n|-activate|p1a: Vigoroth|move: Sticky Web\n|-unboost|p1a: Vigoroth|spe|1\n|turn|21\n|inactive|Time left: 300 sec this turn | 300 sec total\n|\n|t:|1783553186\n|move|p2a: Kingdra|Wave Crash|p1a: Vigoroth\n|-damage|p1a: Vigoroth|161/275\n|-damage|p2a: Kingdra|0 fnt|[from] Recoil\n|faint|p2a: Kingdra\n|move|p1a: Vigoroth|Bulk Up|p1a: Vigoroth\n|-boost|p1a: Vigoroth|atk|1\n|-boost|p1a: Vigoroth|def|1\n|\n|upkeep\n|\n|t:|1783553187\n|switch|p2a: Eternatus|Eternatus, L69|46/100\n|-damage|p2a: Eternatus|34/100|[from] Stealth Rock\n|-ability|p2a: Eternatus|Pressure\n|turn|22\n|inactive|Time left: 300 sec this turn | 300 sec total\n|\n|t:|1783553188\n|move|p2a: Eternatus|Dynamax Cannon|p1a: Vigoroth\n|-damage|p1a: Vigoroth|64/275\n|move|p1a: Vigoroth|Slack Off|p1a: Vigoroth\n|-heal|p1a: Vigoroth|202/275\n|\n|upkeep\n|turn|23\n|inactive|Time left: 300 sec this turn | 300 sec total\n|\n|t:|1783553189\n|move|p2a: Eternatus|Recover|p2a: Eternatus\n|-heal|p2a: Eternatus|84/100\n|move|p1a: Vigoroth|Body Slam|p2a: Eternatus\n|-damage|p2a: Eternatus|38/100\n|-damage|p1a: Vigoroth|157/275|[from] item: Rocky Helmet|[of] p2a: Eternatus\n|\n|upkeep\n|turn|24\n|inactive|Time left: 300 sec this turn | 300 sec total\n|\n|t:|1783553190\n|move|p2a: Eternatus|Dynamax Cannon|p1a: Vigoroth\n|-damage|p1a: Vigoroth|67/275\n|move|p1a: Vigoroth|Slack Off|p1a: Vigoroth\n|-heal|p1a: Vigoroth|205/275\n|\n|upkeep\n|turn|25\n|inactive|Time left: 300 sec this turn | 300 sec total\n|\n|t:|1783553191\n|move|p2a: Eternatus|Recover|p2a: Eternatus\n|-heal|p2a: Eternatus|88/100\n|move|p1a: Vigoroth|Body Slam|p2a: Eternatus\n|-damage|p2a: Eternatus|44/100\n|-status|p2a: Eternatus|par\n|-damage|p1a: Vigoroth|160/275|[from] item: Rocky Helmet|[of] p2a: Eternatus\n|\n|upkeep\n|turn|26\n|inactive|Time left: 300 sec this turn | 300 sec total\n|\n|t:|1783553192\n|switch|p2a: Mewtwo|Mewtwo, L72|7/100\n|-ability|p2a: Mewtwo|Unnerve\n|-damage|p2a: Mewtwo|0 fnt|[from] Stealth Rock\n|faint|p2a: Mewtwo\n|move|p1a: Vigoroth|Body Slam|p2: Mewtwo|[notarget]\n|-fail|p1a: Vigoroth\n|\n|upkeep\n|\n|t:|1783553193\n|switch|p2a: Eternatus|Eternatus, L69|44/100 par\n|-damage|p2a: Eternatus|31/100 par|[from] Stealth Rock\n|-ability|p2a: Eternatus|Pressure\n|turn|27\n|inactive|Time left: 300 sec this turn | 300 sec total\n|\n|t:|1783553194\n|move|p1a: Vigoroth|Body Slam|p2a: Eternatus\n|-damage|p2a: Eternatus|0 fnt\n|-damage|p1a: Vigoroth|115/275|[from] item: Rocky Helmet|[of] p2a: Eternatus\n|faint|p2a: Eternatus\n|\n|upkeep\n|\n|t:|1783553195\n|switch|p2a: Flareon|Flareon, L90, F|69/100 tox\n|-damage|p2a: Flareon|45/100 tox|[from] Stealth Rock\n|turn|28\n|inactive|Time left: 300 sec this turn | 300 sec total\n|\n|t:|1783553196\n|-terastallize|p1a: Vigoroth|Ghost\n|move|p2a: Flareon|Flare Blitz|p1a: Vigoroth\n|-damage|p1a: Vigoroth|0 fnt\n|faint|p1a: Vigoroth\n|-damage|p2a: Flareon|30/100 tox|[from] Recoil\n|\n|-damage|p2a: Flareon|24/100 tox|[from] psn\n|upkeep\n|inactive|Time left: 300 sec this turn | 300 sec total | 5 sec grace\n|\n|t:|1783553197\n|switch|p1a: Weavile|Weavile, L79, F|128/239\n|-activate|p1a: Weavile|move: Sticky Web\n|-unboost|p1a: Weavile|spe|1\n|turn|29\n|inactive|Time left: 300 sec this turn | 300 sec total\n|\n|t:|1783553197\n|move|p2a: Flareon|Quick Attack|p1a: Weavile\n|-damage|p1a: Weavile|48/239\n|move|p1a: Weavile|Ice Shard|p2a: Flareon\n|-resisted|p2a: Flareon\n|-damage|p2a: Flareon|8/100 tox\n|\n|-damage|p2a: Flareon|0 fnt|[from] psn\n|faint|p2a: Flareon\n|\n|win|p0x12130729", "uploadtime": 1783553197, "views": 0, "rating": 0, "private": 0, "password": null, "_winner": "p0x12130729", "_our_name": "p0x12130729"}