{"id": "battle-gen9randombattle-2201", "formatid": "gen9randombattle", "format": "[Gen 9] Random Battle", "players": ["p0x22011720", "p0y22011074"], "log": "|init|battle\n|title|p0x22011720 vs. p0y22011074\n|j|\u2606p0x22011720\n|j|\u2606p0y22011074\n|t:|1783564585\n|gametype|singles\n|player|p1|p0x22011720|101|\n|player|p2|p0y22011074|169|\n|gen|9\n|tier|[Gen 9] Random Battle\n|rule|Species Clause: Limit one of each Pok\u00e9mon\n|rule|HP Percentage Mod: HP is shown in percentages\n|rule|Sleep Clause Mod: Limit one foe put to sleep\n|rule|Illusion Level Mod: Illusion disguises the Pok\u00e9mon's true level\n|\n|t:|1783564585\n|teamsize|p1|6\n|teamsize|p2|6\n|start\n|switch|p1a: Rayquaza|Rayquaza, L72|270/270\n|switch|p2a: Necrozma|Necrozma-Dusk-Mane, L69|100/100\n|-ability|p1a: Rayquaza|Air Lock\n|turn|1\n|inactive|Battle timer is ON: inactive players will automatically lose when time's up. (requested by p0x22011720)\n|inactive|p0y22011074 also wants the timer to be on.\n|\n|t:|1783564586\n|move|p1a: Rayquaza|U-turn|p2a: Necrozma\n|-damage|p2a: Necrozma|72/100\n|inactive|Time left: 300 sec this turn | 300 sec total | 65 sec grace\n|\n|t:|1783564587\n|switch|p1a: Lilligant|Lilligant-Hisui, L79, F|240/240|[from] U-turn\n|move|p2a: Necrozma|Dragon Dance|p2a: Necrozma\n|-boost|p2a: Necrozma|atk|1\n|-boost|p2a: Necrozma|spe|1\n|\n|upkeep\n|turn|2\n|inactive|Time left: 300 sec this turn | 300 sec total\n|\n|t:|1783564589\n|move|p2a: Necrozma|Sunsteel Strike|p1a: Lilligant\n|-damage|p1a: Lilligant|47/240\n|move|p1a: Lilligant|Close Combat|p2a: Necrozma\n|-damage|p2a: Necrozma|0 fnt\n|-unboost|p1a: Lilligant|def|1\n|-unboost|p1a: Lilligant|spd|1\n|faint|p2a: Necrozma\n|-damage|p1a: Lilligant|23/240|[from] item: Life Orb\n|\n|upkeep\n|\n|t:|1783564589\n|switch|p2a: Eiscue|Eiscue, L88, M|100/100\n|turn|3\n|inactive|Time left: 300 sec this turn | 300 sec total\n|\n|t:|1783564591\n|move|p1a: Lilligant|Sleep Powder|p2a: Eiscue\n|-status|p2a: Eiscue|slp|[from] move: Sleep Powder\n|cant|p2a: Eiscue|slp\n|\n|upkeep\n|turn|4\n|inactive|Time left: 300 sec this turn | 300 sec total\n|\n|t:|1783564592\n|move|p1a: Lilligant|Victory Dance|p1a: Lilligant\n|-boost|p1a: Lilligant|atk|1\n|-boost|p1a: Lilligant|def|1\n|-boost|p1a: Lilligant|spe|1\n|cant|p2a: Eiscue|slp\n|\n|upkeep\n|turn|5\n|inactive|Time left: 300 sec this turn | 300 sec total\n|\n|t:|1783564593\n|move|p1a: Lilligant|Close Combat|p2a: Eiscue|[miss]\n|-miss|p1a: Lilligant|p2a: Eiscue\n|-curestatus|p2a: Eiscue|slp|[msg]\n|move|p2a: Eiscue|Liquidation|p1a: Lilligant\n|-resisted|p1a: Lilligant\n|-damage|p1a: Lilligant|0 fnt\n|faint|p1a: Lilligant\n|\n|upkeep\n|inactive|Time left: 300 sec this turn | 300 sec total | 5 sec grace\n|\n|t:|1783564594\n|switch|p1a: Wigglytuff|Wigglytuff, L96, F|424/424\n|turn|6\n|inactive|Time left: 300 sec this turn | 300 sec total\n|\n|t:|1783564595\n|move|p1a: Wigglytuff|Fire Blast|p2a: Eiscue\n|-supereffective|p2a: Eiscue\n|-damage|p2a: Eiscue|38/100\n|-enditem|p2a: Eiscue|Sitrus Berry|[eat]\n|-heal|p2a: Eiscue|63/100|[from] item: Sitrus Berry\n|move|p2a: Eiscue|Belly Drum|p2a: Eiscue\n|-damage|p2a: Eiscue|13/100\n|-setboost|p2a: Eiscue|atk|6|[from] move: Belly Drum\n|\n|upkeep\n|turn|7\n|inactive|Time left: 300 sec this turn | 300 sec total\n|\n|t:|1783564596\n|move|p1a: Wigglytuff|Alluring Voice|p2a: Eiscue\n|-damage|p2a: Eiscue|0 fnt\n|faint|p2a: Eiscue\n|\n|upkeep\n|\n|t:|1783564597\n|switch|p2a: Manaphy|Manaphy, L78|100/100\n|turn|8\n|inactive|Time left: 300 sec this turn | 300 sec total\n|\n|t:|1783564598\n|move|p2a: Manaphy|Tail Glow|p2a: Manaphy\n|-boost|p2a: Manaphy|spa|3\n|move|p1a: Wigglytuff|Alluring Voice|p2a: Manaphy\n|-damage|p2a: Manaphy|64/100\n|-start|p2a: Manaphy|confusion\n|\n|-heal|p2a: Manaphy|70/100|[from] item: Leftovers\n|upkeep\n|turn|9\n|inactive|Time left: 300 sec this turn | 300 sec total\n|\n|t:|1783564598\n|-activate|p2a: Manaphy|confusion\n|-damage|p2a: Manaphy|63/100|[from] confusion\n|move|p1a: Wigglytuff|Knock Off|p2a: Manaphy\n|-damage|p2a: Manaphy|37/100\n|-enditem|p2a: Manaphy|Leftovers|[from] move: Knock Off|[of] p1a: Wigglytuff\n|\n|upkeep\n|turn|10\n|inactive|Time left: 300 sec this turn | 300 sec total\n|\n|t:|1783564599\n|-activate|p2a: Manaphy|confusion\n|move|p2a: Manaphy|Hydro Pump|p1a: Wigglytuff\n|-damage|p1a: Wigglytuff|70/424\n|move|p1a: Wigglytuff|Alluring Voice|p2a: Manaphy\n|-damage|p2a: Manaphy|6/100\n|\n|-heal|p1a: Wigglytuff|96/424|[from] item: Leftovers\n|upkeep\n|turn|11\n|inactive|Time left: 300 sec this turn | 300 sec total\n|\n|t:|1783564600\n|-end|p2a: Manaphy|confusion\n|move|p2a: Manaphy|Ice Beam|p1a: Wigglytuff\n|-damage|p1a: Wigglytuff|0 fnt\n|faint|p1a: Wigglytuff\n|\n|upkeep\n|inactive|Time left: 300 sec this turn | 300 sec total | 5 sec grace\n|\n|t:|1783564601\n|switch|p1a: Wugtrio|Wugtrio, L91, M|212/212\n|turn|12\n|inactive|Time left: 300 sec this turn | 300 sec total\n|\n|t:|1783564601\n|switch|p2a: Phione|Phione, L91|100/100\n|move|p1a: Wugtrio|Liquidation|p2a: Phione\n|-resisted|p2a: Phione\n|-damage|p2a: Phione|73/100\n|\n|-heal|p2a: Phione|79/100|[from] item: Leftovers\n|upkeep\n|turn|13\n|inactive|Time left: 300 sec this turn | 300 sec total\n|\n|t:|1783564602\n|move|p1a: Wugtrio|Liquidation|p2a: Phione\n|-resisted|p2a: Phione\n|-damage|p2a: Phione|51/100\n|move|p2a: Phione|Scald|p1a: Wugtrio\n|-resisted|p1a: Wugtrio\n|-damage|p1a: Wugtrio|165/212\n|\n|-heal|p2a: Phione|57/100|[from] item: Leftovers\n|upkeep\n|turn|14\n|inactive|Time left: 300 sec this turn | 300 sec total\n|\n|t:|1783564603\n|move|p1a: Wugtrio|Liquidation|p2a: Phione\n|-resisted|p2a: Phione\n|-damage|p2a: Phione|30/100\n|move|p2a: Phione|Scald|p1a: Wugtrio\n|-resisted|p1a: Wugtrio\n|-damage|p1a: Wugtrio|118/212\n|\n|-heal|p2a: Phione|36/100|[from] item: Leftovers\n|upkeep\n|turn|15\n|inactive|Time left: 300 sec this turn | 300 sec total\n|\n|t:|1783564603\n|move|p1a: Wugtrio|Liquidation|p2a: Phione\n|-resisted|p2a: Phione\n|-damage|p2a: Phione|11/100\n|-unboost|p2a: Phione|def|1\n|move|p2a: Phione|Rest|p2a: Phione\n|-status|p2a: Phione|slp|[from] move: Rest\n|-heal|p2a: Phione|100/100 slp|[silent]\n|\n|upkeep\n|turn|16\n|inactive|Time left: 300 sec this turn | 300 sec total\n|\n|t:|1783564604\n|switch|p2a: Manaphy|Manaphy, L78|6/100\n|move|p1a: Wugtrio|Liquidation|p2a: Manaphy\n|-resisted|p2a: Manaphy\n|-damage|p2a: Manaphy|0 fnt\n|faint|p2a: Manaphy\n|\n|upkeep\n|\n|t:|1783564605\n|switch|p2a: Copperajah|Copperajah, L86, M|100/100\n|turn|17\n|inactive|Time left: 300 sec this turn | 300 sec total\n|\n|t:|1783564605\n|move|p1a: Wugtrio|Liquidation|p2a: Copperajah\n|-damage|p2a: Copperajah|48/100\n|move|p2a: Copperajah|Rock Slide|p1a: Wugtrio|[miss]\n|-miss|p2a: Copperajah|p1a: Wugtrio\n|\n|upkeep\n|turn|18\n|inactive|Time left: 300 sec this turn | 300 sec total\n|\n|t:|1783564606\n|switch|p2a: Phione|Phione, L91|100/100 slp\n|move|p1a: Wugtrio|Liquidation|p2a: Phione\n|-resisted|p2a: Phione\n|-damage|p2a: Phione|75/100 slp\n|\n|-heal|p2a: Phione|81/100 slp|[from] item: Leftovers\n|upkeep\n|turn|19\n|inactive|Time left: 300 sec this turn | 300 sec total\n|\n|t:|1783564607\n|move|p1a: Wugtrio|Liquidation|p2a: Phione\n|-resisted|p2a: Phione\n|-damage|p2a: Phione|52/100 slp\n|cant|p2a: Phione|slp\n|move|p2a: Phione|Sleep Talk|p2a: Phione\n|move|p2a: Phione|Scald|p1a: Wugtrio|[from] move: Sleep Talk\n|-resisted|p1a: Wugtrio\n|-damage|p1a: Wugtrio|76/212\n|\n|-heal|p2a: Phione|59/100 slp|[from] item: Leftovers\n|upkeep\n|turn|20\n|inactive|Time left: 300 sec this turn | 300 sec total\n|\n|t:|1783564608\n|move|p1a: Wugtrio|Liquidation|p2a: Phione\n|-resisted|p2a: Phione\n|-damage|p2a: Phione|31/100 slp\n|-unboost|p2a: Phione|def|1\n|cant|p2a: Phione|slp\n|move|p2a: Phione|Sleep Talk|p2a: Phione\n|move|p2a: Phione|Take Heart|p2a: Phione|[from] move: Sleep Talk\n|-boost|p2a: Phione|spa|1\n|-boost|p2a: Phione|spd|1\n|-curestatus|p2a: Phione|slp|[msg]\n|\n|-heal|p2a: Phione|37/100|[from] item: Leftovers\n|upkeep\n|turn|21\n|inactive|Time left: 300 sec this turn | 300 sec total\n|\n|t:|1783564609\n|move|p1a: Wugtrio|Liquidation|p2a: Phione\n|-resisted|p2a: Phione\n|-damage|p2a: Phione|0 fnt\n|faint|p2a: Phione\n|\n|upkeep\n|\n|t:|1783564610\n|switch|p2a: Deoxys|Deoxys-Attack, L72|100/100\n|-ability|p2a: Deoxys|Pressure\n|turn|22\n|inactive|Time left: 300 sec this turn | 300 sec total\n|\n|t:|1783564611\n|move|p2a: Deoxys|Extreme Speed|p1a: Wugtrio\n|-crit|p1a: Wugtrio\n|-damage|p1a: Wugtrio|0 fnt\n|-ability|p1a: Wugtrio|Gooey\n|-unboost|p2a: Deoxys|spe|1\n|faint|p1a: Wugtrio\n|-damage|p2a: Deoxys|91/100|[from] item: Life Orb\n|\n|upkeep\n|inactive|Time left: 300 sec this turn | 300 sec total | 5 sec grace\n|\n|t:|1783564612\n|switch|p1a: Rayquaza|Rayquaza, L72|270/270\n|-ability|p1a: Rayquaza|Air Lock\n|turn|23\n|inactive|Time left: 300 sec this turn | 300 sec total\n|\n|t:|1783564613\n|switch|p2a: Copperajah|Copperajah, L86, M|48/100\n|move|p1a: Rayquaza|Earthquake|p2a: Copperajah\n|-supereffective|p2a: Copperajah\n|-damage|p2a: Copperajah|0 fnt\n|faint|p2a: Copperajah\n|\n|upkeep\n|\n|t:|1783564614\n|switch|p2a: Deoxys|Deoxys-Attack, L72|91/100\n|-ability|p2a: Deoxys|Pressure\n|turn|24\n|inactive|Time left: 300 sec this turn | 300 sec total\n|\n|t:|1783564615\n|move|p2a: Deoxys|Psycho Boost|p1a: Rayquaza\n|-damage|p1a: Rayquaza|4/270\n|-unboost|p2a: Deoxys|spa|2\n|-damage|p2a: Deoxys|81/100|[from] item: Life Orb\n|move|p1a: Rayquaza|Earthquake|p2a: Deoxys\n|-damage|p2a: Deoxys|0 fnt\n|faint|p2a: Deoxys\n|\n|win|p0x22011720", "uploadtime": 1783564615, "views": 0, "rating": 0, "private": 0, "password": null, "_winner": "p0x22011720", "_our_name": "p0x22011720"}