{"id": "battle-gen9randombattle-1248", "formatid": "gen9randombattle", "format": "[Gen 9] Random Battle", "players": ["p0x124856b5", "p0y124877a8"], "log": "|init|battle\n|title|p0x124856b5 vs. p0y124877a8\n|j|\u2606p0x124856b5\n|j|\u2606p0y124877a8\n|t:|1783553595\n|gametype|singles\n|player|p1|p0x124856b5|2|\n|player|p2|p0y124877a8|101|\n|gen|9\n|tier|[Gen 9] Random Battle\n|rule|Species Clause: Limit one of each Pok\u00e9mon\n|rule|HP Percentage Mod: HP is shown in percentages\n|rule|Sleep Clause Mod: Limit one foe put to sleep\n|rule|Illusion Level Mod: Illusion disguises the Pok\u00e9mon's true level\n|\n|t:|1783553595\n|teamsize|p1|6\n|teamsize|p2|6\n|start\n|switch|p1a: Flygon|Flygon, L82, M|265/265\n|switch|p2a: Skuntank|Skuntank, L84, M|100/100\n|turn|1\n|inactive|Battle timer is ON: inactive players will automatically lose when time's up. (requested by p0y124877a8)\n|inactive|Time left: 300 sec this turn | 300 sec total | 60 sec grace\n|inactive|p0x124856b5 also wants the timer to be on.\n|\n|t:|1783553596\n|switch|p2a: Meganium|Meganium, L90, F|100/100\n|move|p1a: Flygon|Outrage|p2a: Meganium\n|-damage|p2a: Meganium|67/100\n|\n|-heal|p2a: Meganium|74/100|[from] item: Leftovers\n|upkeep\n|turn|2\n|inactive|Time left: 300 sec this turn | 300 sec total\n|\n|t:|1783553598\n|switch|p2a: Alcremie|Alcremie-Ruby-Cream, L90, F|100/100\n|move|p1a: Flygon|Outrage|p2a: Alcremie|[from] lockedmove\n|-immune|p2a: Alcremie\n|\n|upkeep\n|turn|3\n|inactive|Time left: 300 sec this turn | 300 sec total\n|\n|t:|1783553599\n|move|p1a: Flygon|Earthquake|p2a: Alcremie\n|-crit|p2a: Alcremie\n|-damage|p2a: Alcremie|39/100\n|move|p2a: Alcremie|Alluring Voice|p1a: Flygon\n|-supereffective|p1a: Flygon\n|-damage|p1a: Flygon|31/265\n|\n|-heal|p2a: Alcremie|45/100|[from] item: Leftovers\n|upkeep\n|turn|4\n|inactive|Time left: 300 sec this turn | 300 sec total\n|\n|t:|1783553600\n|switch|p2a: Meganium|Meganium, L90, F|74/100\n|move|p1a: Flygon|Earthquake|p2a: Meganium\n|-resisted|p2a: Meganium\n|-damage|p2a: Meganium|58/100\n|\n|-heal|p2a: Meganium|64/100|[from] item: Leftovers\n|upkeep\n|turn|5\n|inactive|Time left: 300 sec this turn | 300 sec total\n|\n|t:|1783553601\n|move|p1a: Flygon|Outrage|p2a: Meganium\n|-damage|p2a: Meganium|28/100\n|move|p2a: Meganium|Swords Dance|p2a: Meganium\n|-boost|p2a: Meganium|atk|2\n|\n|-heal|p2a: Meganium|35/100|[from] item: Leftovers\n|upkeep\n|turn|6\n|inactive|Time left: 300 sec this turn | 300 sec total\n|\n|t:|1783553602\n|switch|p2a: Alcremie|Alcremie-Ruby-Cream, L90, F|45/100\n|move|p1a: Flygon|Outrage|p2a: Alcremie|[from] lockedmove\n|-immune|p2a: Alcremie\n|-start|p1a: Flygon|confusion|[fatigue]\n|-enditem|p1a: Flygon|Lum Berry|[eat]\n|-end|p1a: Flygon|confusion\n|\n|-heal|p2a: Alcremie|51/100|[from] item: Leftovers\n|upkeep\n|turn|7\n|inactive|Time left: 300 sec this turn | 300 sec total\n|\n|t:|1783553603\n|move|p1a: Flygon|Earthquake|p2a: Alcremie\n|-damage|p2a: Alcremie|7/100\n|move|p2a: Alcremie|Recover|p2a: Alcremie\n|-heal|p2a: Alcremie|57/100\n|\n|-heal|p2a: Alcremie|63/100|[from] item: Leftovers\n|upkeep\n|turn|8\n|inactive|Time left: 300 sec this turn | 300 sec total\n|\n|t:|1783553604\n|move|p1a: Flygon|Earthquake|p2a: Alcremie\n|-damage|p2a: Alcremie|18/100\n|move|p2a: Alcremie|Recover|p2a: Alcremie\n|-heal|p2a: Alcremie|69/100\n|\n|-heal|p2a: Alcremie|75/100|[from] item: Leftovers\n|upkeep\n|turn|9\n|inactive|Time left: 300 sec this turn | 300 sec total\n|\n|t:|1783553606\n|move|p1a: Flygon|Earthquake|p2a: Alcremie\n|-damage|p2a: Alcremie|36/100\n|move|p2a: Alcremie|Alluring Voice|p1a: Flygon\n|-supereffective|p1a: Flygon\n|-damage|p1a: Flygon|0 fnt\n|faint|p1a: Flygon\n|\n|-heal|p2a: Alcremie|42/100|[from] item: Leftovers\n|upkeep\n|inactive|Time left: 300 sec this turn | 300 sec total | 5 sec grace\n|\n|t:|1783553607\n|switch|p1a: Toxtricity|Toxtricity, L82, M|257/257\n|turn|10\n|inactive|Time left: 300 sec this turn | 300 sec total\n|\n|t:|1783553608\n|switch|p2a: Glimmora|Glimmora, L75, M|100/100\n|-terastallize|p1a: Toxtricity|Normal\n|move|p1a: Toxtricity|Boomburst|p2a: Glimmora\n|-resisted|p2a: Glimmora\n|-damage|p2a: Glimmora|48/100\n|-enditem|p1a: Toxtricity|Throat Spray\n|-boost|p1a: Toxtricity|spa|1|[from] item: Throat Spray\n|\n|upkeep\n|turn|11\n|inactive|Time left: 300 sec this turn | 300 sec total\n|\n|t:|1783553609\n|move|p2a: Glimmora|Meteor Beam||[still]\n|-prepare|p2a: Glimmora|Meteor Beam\n|-boost|p2a: Glimmora|spa|1\n|-enditem|p2a: Glimmora|Power Herb\n|-anim|p2a: Glimmora|Meteor Beam|p1a: Toxtricity\n|-damage|p1a: Toxtricity|35/257\n|move|p1a: Toxtricity|Shift Gear|p1a: Toxtricity\n|-boost|p1a: Toxtricity|spe|2\n|-boost|p1a: Toxtricity|atk|1\n|\n|upkeep\n|turn|12\n|inactive|Time left: 300 sec this turn | 300 sec total\n|\n|t:|1783553610\n|switch|p2a: Meganium|Meganium, L90, F|35/100\n|move|p1a: Toxtricity|Boomburst|p2a: Meganium\n|-damage|p2a: Meganium|0 fnt\n|faint|p2a: Meganium\n|\n|upkeep\n|\n|t:|1783553611\n|switch|p2a: Skuntank|Skuntank, L84, M|100/100\n|turn|13\n|inactive|Time left: 300 sec this turn | 300 sec total\n|\n|t:|1783553612\n|move|p2a: Skuntank|Sucker Punch|p1a: Toxtricity\n|-damage|p1a: Toxtricity|0 fnt\n|faint|p1a: Toxtricity\n|\n|upkeep\n|inactive|Time left: 300 sec this turn | 300 sec total | 5 sec grace\n|\n|t:|1783553613\n|switch|p1a: Stantler|Stantler, L92, M|284/284\n|-ability|p1a: Stantler|Intimidate|boost\n|-unboost|p2a: Skuntank|atk|1\n|turn|14\n|inactive|Time left: 300 sec this turn | 300 sec total\n|\n|t:|1783553614\n|switch|p2a: Alcremie|Alcremie-Ruby-Cream, L90, F|42/100\n|move|p1a: Stantler|Body Slam|p2a: Alcremie\n|-damage|p2a: Alcremie|0 fnt\n|faint|p2a: Alcremie\n|\n|upkeep\n|\n|t:|1783553615\n|switch|p2a: Glimmora|Glimmora, L75, M|48/100\n|turn|15\n|inactive|Time left: 300 sec this turn | 300 sec total\n|\n|t:|1783553616\n|move|p1a: Stantler|Earthquake|p2a: Glimmora\n|-supereffective|p2a: Glimmora\n|-damage|p2a: Glimmora|0 fnt\n|-activate|p2a: Glimmora|ability: Toxic Debris\n|-sidestart|p1: p0x124856b5|move: Toxic Spikes\n|faint|p2a: Glimmora\n|\n|upkeep\n|\n|t:|1783553617\n|switch|p2a: Deoxys|Deoxys-Defense, L84|100/100\n|-ability|p2a: Deoxys|Pressure\n|turn|16\n|inactive|Time left: 300 sec this turn | 300 sec total\n|\n|t:|1783553619\n|move|p1a: Stantler|Body Slam|p2a: Deoxys\n|-damage|p2a: Deoxys|69/100\n|-status|p2a: Deoxys|par\n|move|p2a: Deoxys|Knock Off|p1a: Stantler\n|-damage|p1a: Stantler|243/284\n|-enditem|p1a: Stantler|Eviolite|[from] move: Knock Off|[of] p2a: Deoxys\n|\n|-heal|p2a: Deoxys|75/100 par|[from] item: Leftovers\n|upkeep\n|turn|17\n|inactive|Time left: 300 sec this turn | 300 sec total\n|\n|t:|1783553620\n|move|p1a: Stantler|Body Slam|p2a: Deoxys\n|-damage|p2a: Deoxys|43/100 par\n|cant|p2a: Deoxys|par\n|\n|-heal|p2a: Deoxys|48/100 par|[from] item: Leftovers\n|upkeep\n|turn|18\n|inactive|Time left: 300 sec this turn | 300 sec total\n|\n|t:|1783553621\n|move|p1a: Stantler|Body Slam|p2a: Deoxys\n|-damage|p2a: Deoxys|17/100 par\n|cant|p2a: Deoxys|par\n|\n|-heal|p2a: Deoxys|23/100 par|[from] item: Leftovers\n|upkeep\n|turn|19\n|inactive|Time left: 300 sec this turn | 300 sec total\n|\n|t:|1783553622\n|move|p1a: Stantler|Body Slam|p2a: Deoxys\n|-damage|p2a: Deoxys|0 fnt\n|faint|p2a: Deoxys\n|\n|upkeep\n|\n|t:|1783553623\n|switch|p2a: Raichu|Raichu, L88, M|100/100\n|turn|20\n|inactive|Time left: 300 sec this turn | 300 sec total\n|\n|t:|1783553624\n|-terastallize|p2a: Raichu|Water\n|move|p2a: Raichu|Nasty Plot|p2a: Raichu\n|-boost|p2a: Raichu|spa|2\n|move|p1a: Stantler|Body Slam|p2a: Raichu\n|-crit|p2a: Raichu\n|-damage|p2a: Raichu|12/100\n|-status|p2a: Raichu|par\n|\n|upkeep\n|turn|21\n|inactive|Time left: 300 sec this turn | 300 sec total\n|\n|t:|1783553626\n|move|p1a: Stantler|Earthquake|p2a: Raichu\n|-damage|p2a: Raichu|0 fnt\n|faint|p2a: Raichu\n|\n|upkeep\n|\n|t:|1783553627\n|switch|p2a: Skuntank|Skuntank, L84, M|100/100\n|turn|22\n|inactive|Time left: 300 sec this turn | 300 sec total\n|\n|t:|1783553628\n|move|p1a: Stantler|Earthquake|p2a: Skuntank\n|-supereffective|p2a: Skuntank\n|-damage|p2a: Skuntank|37/100\n|move|p2a: Skuntank|Gunk Shot|p1a: Stantler\n|-damage|p1a: Stantler|92/284\n|\n|upkeep\n|turn|23\n|inactive|Time left: 300 sec this turn | 300 sec total\n|\n|t:|1783553629\n|move|p2a: Skuntank|Sucker Punch|p1a: Stantler\n|-damage|p1a: Stantler|11/284\n|move|p1a: Stantler|Earthquake|p2a: Skuntank\n|-supereffective|p2a: Skuntank\n|-crit|p2a: Skuntank\n|-damage|p2a: Skuntank|0 fnt\n|faint|p2a: Skuntank\n|\n|win|p0x124856b5", "uploadtime": 1783553629, "views": 0, "rating": 0, "private": 0, "password": null, "_winner": "p0x124856b5", "_our_name": "p0x124856b5"}