{"id": "battle-gen9randombattle-1392", "formatid": "gen9randombattle", "format": "[Gen 9] Random Battle", "players": ["p0x13926cd2", "p0y1392b2b7"], "log": "|init|battle\n|title|p0x13926cd2 vs. p0y1392b2b7\n|j|\u2606p0x13926cd2\n|j|\u2606p0y1392b2b7\n|t:|1783556164\n|gametype|singles\n|player|p1|p0x13926cd2|265|\n|player|p2|p0y1392b2b7|170|\n|gen|9\n|tier|[Gen 9] Random Battle\n|rule|Species Clause: Limit one of each Pok\u00e9mon\n|rule|HP Percentage Mod: HP is shown in percentages\n|rule|Sleep Clause Mod: Limit one foe put to sleep\n|rule|Illusion Level Mod: Illusion disguises the Pok\u00e9mon's true level\n|\n|t:|1783556164\n|teamsize|p1|6\n|teamsize|p2|6\n|start\n|switch|p1a: Metagross|Metagross, L79|256/256\n|switch|p2a: Zekrom|Zekrom, L71|100/100\n|-ability|p2a: Zekrom|Teravolt\n|turn|1\n|inactive|Battle timer is ON: inactive players will automatically lose when time's up. (requested by p0y1392b2b7)\n|inactive|Time left: 300 sec this turn | 300 sec total | 60 sec grace\n|inactive|p0x13926cd2 also wants the timer to be on.\n|\n|t:|1783556166\n|move|p2a: Zekrom|Bolt Strike|p1a: Metagross\n|-damage|p1a: Metagross|145/256\n|-status|p1a: Metagross|par\n|cant|p1a: Metagross|par\n|\n|-heal|p1a: Metagross|161/256 par|[from] item: Leftovers\n|upkeep\n|turn|2\n|inactive|Time left: 300 sec this turn | 300 sec total\n|\n|t:|1783556168\n|move|p2a: Zekrom|Bolt Strike|p1a: Metagross\n|-damage|p1a: Metagross|53/256 par\n|move|p1a: Metagross|Earthquake|p2a: Zekrom\n|-supereffective|p2a: Zekrom\n|-damage|p2a: Zekrom|46/100\n|\n|-heal|p2a: Zekrom|52/100|[from] item: Leftovers\n|-heal|p1a: Metagross|69/256 par|[from] item: Leftovers\n|upkeep\n|turn|3\n|inactive|Time left: 300 sec this turn | 300 sec total\n|\n|t:|1783556169\n|move|p2a: Zekrom|Bolt Strike|p1a: Metagross|[miss]\n|-miss|p2a: Zekrom|p1a: Metagross\n|cant|p1a: Metagross|par\n|\n|-heal|p2a: Zekrom|58/100|[from] item: Leftovers\n|-heal|p1a: Metagross|85/256 par|[from] item: Leftovers\n|upkeep\n|turn|4\n|inactive|Time left: 300 sec this turn | 300 sec total\n|\n|t:|1783556170\n|move|p2a: Zekrom|Bolt Strike|p1a: Metagross|[miss]\n|-miss|p2a: Zekrom|p1a: Metagross\n|cant|p1a: Metagross|par\n|\n|-heal|p2a: Zekrom|64/100|[from] item: Leftovers\n|-heal|p1a: Metagross|101/256 par|[from] item: Leftovers\n|upkeep\n|turn|5\n|inactive|Time left: 300 sec this turn | 300 sec total\n|\n|t:|1783556171\n|move|p2a: Zekrom|Bolt Strike|p1a: Metagross\n|-damage|p1a: Metagross|0 fnt\n|faint|p1a: Metagross\n|\n|-heal|p2a: Zekrom|70/100|[from] item: Leftovers\n|upkeep\n|inactive|Time left: 300 sec this turn | 300 sec total | 5 sec grace\n|\n|t:|1783556172\n|switch|p1a: Ribombee|Ribombee, L83, F|235/235\n|turn|6\n|inactive|Time left: 300 sec this turn | 300 sec total\n|\n|t:|1783556173\n|switch|p2a: Azumarill|Azumarill, L82, F|100/100\n|move|p1a: Ribombee|Moonblast|p2a: Azumarill\n|-damage|p2a: Azumarill|67/100\n|-unboost|p2a: Azumarill|spa|1\n|\n|upkeep\n|turn|7\n|inactive|Time left: 300 sec this turn | 300 sec total\n|\n|t:|1783556174\n|switch|p1a: Lunala|Lunala, L70|308/308\n|move|p2a: Azumarill|Liquidation|p1a: Lunala\n|-damage|p1a: Lunala|214/308\n|-unboost|p1a: Lunala|def|1\n|\n|-heal|p1a: Lunala|233/308|[from] item: Leftovers\n|upkeep\n|turn|8\n|inactive|Time left: 300 sec this turn | 300 sec total\n|\n|t:|1783556175\n|switch|p1a: Archaludon|Archaludon, L78, M|268/268\n|move|p2a: Azumarill|Liquidation|p1a: Archaludon\n|-resisted|p1a: Archaludon\n|-damage|p1a: Archaludon|199/268\n|-ability|p1a: Archaludon|Stamina|boost\n|-boost|p1a: Archaludon|def|1\n|\n|upkeep\n|turn|9\n|inactive|Time left: 300 sec this turn | 300 sec total\n|\n|t:|1783556177\n|switch|p2a: Landorus|Landorus, L75, M|100/100\n|move|p1a: Archaludon|Body Press|p2a: Landorus\n|-resisted|p2a: Landorus\n|-damage|p2a: Landorus|81/100\n|\n|upkeep\n|turn|10\n|inactive|Time left: 300 sec this turn | 300 sec total\n|\n|t:|1783556178\n|switch|p1a: Froslass|Froslass, L87, F|263/263\n|move|p2a: Landorus|Earth Power|p1a: Froslass\n|-damage|p1a: Froslass|99/263\n|\n|upkeep\n|turn|11\n|inactive|Time left: 300 sec this turn | 300 sec total\n|\n|t:|1783556179\n|switch|p2a: Azumarill|Azumarill, L82, F|67/100\n|move|p1a: Froslass|Triple Axel|p2a: Azumarill\n|-resisted|p2a: Azumarill\n|-damage|p2a: Azumarill|63/100\n|-resisted|p2a: Azumarill\n|-damage|p2a: Azumarill|56/100\n|-resisted|p2a: Azumarill\n|-damage|p2a: Azumarill|45/100\n|-hitcount|p2a: Azumarill|3\n|\n|upkeep\n|turn|12\n|inactive|Time left: 300 sec this turn | 300 sec total\n|\n|t:|1783556180\n|move|p1a: Froslass|Will-O-Wisp|p2a: Azumarill|[miss]\n|-miss|p1a: Froslass|p2a: Azumarill\n|move|p2a: Azumarill|Knock Off|p1a: Froslass\n|-supereffective|p1a: Froslass\n|-crit|p1a: Froslass\n|-damage|p1a: Froslass|0 fnt\n|-start|p2a: Azumarill|Disable|Knock Off|[from] ability: Cursed Body|[of] p1a: Froslass\n|-enditem|p1a: Froslass|Wide Lens|[from] move: Knock Off|[of] p2a: Azumarill\n|faint|p1a: Froslass\n|\n|upkeep\n|inactive|Time left: 300 sec this turn | 300 sec total | 5 sec grace\n|\n|t:|1783556181\n|switch|p1a: Rampardos|Rampardos, L90, M|321/321\n|turn|13\n|inactive|Time left: 300 sec this turn | 300 sec total\n|\n|t:|1783556183\n|switch|p2a: Hariyama|Hariyama, L87, M|100/100\n|move|p1a: Rampardos|Rock Slide|p2a: Hariyama\n|-resisted|p2a: Hariyama\n|-damage|p2a: Hariyama|62/100\n|\n|upkeep\n|turn|14\n|inactive|Time left: 300 sec this turn | 300 sec total\n|\n|t:|1783556184\n|move|p1a: Rampardos|Zen Headbutt|p2a: Hariyama\n|-supereffective|p2a: Hariyama\n|-damage|p2a: Hariyama|0 fnt\n|faint|p2a: Hariyama\n|\n|upkeep\n|\n|t:|1783556185\n|switch|p2a: Landorus|Landorus, L75, M|81/100\n|turn|15\n|inactive|Time left: 300 sec this turn | 300 sec total\n|\n|t:|1783556186\n|-terastallize|p1a: Rampardos|Psychic\n|move|p2a: Landorus|Earth Power|p1a: Rampardos\n|-damage|p1a: Rampardos|107/321\n|move|p1a: Rampardos|Zen Headbutt|p2a: Landorus\n|-damage|p2a: Landorus|0 fnt\n|faint|p2a: Landorus\n|\n|upkeep\n|\n|t:|1783556187\n|switch|p2a: Zekrom|Zekrom, L71|70/100\n|-ability|p2a: Zekrom|Teravolt\n|turn|16\n|inactive|Time left: 300 sec this turn | 300 sec total\n|\n|t:|1783556188\n|move|p2a: Zekrom|Bolt Strike|p1a: Rampardos|[miss]\n|-miss|p2a: Zekrom|p1a: Rampardos\n|move|p1a: Rampardos|Earthquake|p2a: Zekrom\n|-supereffective|p2a: Zekrom\n|-crit|p2a: Zekrom\n|-damage|p2a: Zekrom|0 fnt\n|faint|p2a: Zekrom\n|-damage|p1a: Rampardos|75/321|[from] item: Life Orb\n|\n|upkeep\n|\n|t:|1783556189\n|switch|p2a: Palkia|Palkia-Origin, L72|100/100\n|-ability|p2a: Palkia|Pressure\n|turn|17\n|inactive|Time left: 300 sec this turn | 300 sec total\n|\n|t:|1783556190\n|move|p2a: Palkia|Fire Blast|p1a: Rampardos\n|-damage|p1a: Rampardos|0 fnt\n|faint|p1a: Rampardos\n|\n|upkeep\n|inactive|Time left: 300 sec this turn | 300 sec total | 5 sec grace\n|\n|t:|1783556191\n|switch|p1a: Ribombee|Ribombee, L83, F|235/235\n|turn|18\n|inactive|Time left: 300 sec this turn | 300 sec total\n|\n|t:|1783556192\n|move|p1a: Ribombee|Quiver Dance|p1a: Ribombee\n|-boost|p1a: Ribombee|spa|1\n|-boost|p1a: Ribombee|spd|1\n|-boost|p1a: Ribombee|spe|1\n|move|p2a: Palkia|Fire Blast|p1a: Ribombee\n|-supereffective|p1a: Ribombee\n|-damage|p1a: Ribombee|113/235\n|\n|upkeep\n|turn|19\n|inactive|Time left: 300 sec this turn | 300 sec total\n|\n|t:|1783556193\n|switch|p2a: Raikou|Raikou, L81|100/100\n|-ability|p2a: Raikou|Pressure\n|move|p1a: Ribombee|Moonblast|p2a: Raikou\n|-damage|p2a: Raikou|53/100\n|-unboost|p2a: Raikou|spa|1\n|\n|-heal|p2a: Raikou|59/100|[from] item: Leftovers\n|upkeep\n|turn|20\n|inactive|Time left: 300 sec this turn | 300 sec total\n|\n|t:|1783556194\n|move|p1a: Ribombee|Moonblast|p2a: Raikou\n|-damage|p2a: Raikou|12/100\n|move|p2a: Raikou|Thunderbolt|p1a: Ribombee\n|-damage|p1a: Ribombee|59/235\n|\n|-heal|p2a: Raikou|18/100|[from] item: Leftovers\n|upkeep\n|turn|21\n|inactive|Time left: 300 sec this turn | 300 sec total\n|\n|t:|1783556195\n|switch|p2a: Azumarill|Azumarill, L82, F|45/100\n|move|p1a: Ribombee|Quiver Dance|p1a: Ribombee\n|-boost|p1a: Ribombee|spa|1\n|-boost|p1a: Ribombee|spd|1\n|-boost|p1a: Ribombee|spe|1\n|\n|upkeep\n|turn|22\n|inactive|Time left: 300 sec this turn | 300 sec total\n|\n|t:|1783556196\n|move|p2a: Azumarill|Aqua Jet|p1a: Ribombee\n|-damage|p1a: Ribombee|0 fnt\n|faint|p1a: Ribombee\n|\n|upkeep\n|inactive|Time left: 300 sec this turn | 300 sec total | 5 sec grace\n|\n|t:|1783556197\n|switch|p1a: Archaludon|Archaludon, L78, M|199/268\n|turn|23\n|inactive|Time left: 300 sec this turn | 300 sec total\n|\n|t:|1783556198\n|switch|p2a: Palkia|Palkia-Origin, L72|100/100\n|-ability|p2a: Palkia|Pressure\n|move|p1a: Archaludon|Body Press|p2a: Palkia\n|-damage|p2a: Palkia|72/100\n|\n|upkeep\n|turn|24\n|inactive|Time left: 300 sec this turn | 300 sec total\n|\n|t:|1783556199\n|move|p2a: Palkia|Spacial Rend|p1a: Archaludon\n|-damage|p1a: Archaludon|73/268\n|-ability|p1a: Archaludon|Stamina|boost\n|-boost|p1a: Archaludon|def|1\n|move|p1a: Archaludon|Draco Meteor|p2a: Palkia\n|-supereffective|p2a: Palkia\n|-damage|p2a: Palkia|0 fnt\n|-unboost|p1a: Archaludon|spa|2\n|faint|p2a: Palkia\n|\n|upkeep\n|\n|t:|1783556200\n|switch|p2a: Raikou|Raikou, L81|18/100\n|-ability|p2a: Raikou|Pressure\n|turn|25\n|inactive|Time left: 300 sec this turn | 300 sec total\n|\n|t:|1783556201\n|switch|p2a: Azumarill|Azumarill, L82, F|45/100\n|move|p1a: Archaludon|Body Press|p2a: Azumarill\n|-resisted|p2a: Azumarill\n|-damage|p2a: Azumarill|27/100\n|\n|upkeep\n|turn|26\n|inactive|Time left: 300 sec this turn | 300 sec total\n|\n|t:|1783556202\n|move|p1a: Archaludon|Body Press|p2a: Azumarill\n|-resisted|p2a: Azumarill\n|-damage|p2a: Azumarill|9/100\n|move|p2a: Azumarill|Knock Off|p1a: Archaludon\n|-damage|p1a: Archaludon|13/268\n|-ability|p1a: Archaludon|Stamina|boost\n|-boost|p1a: Archaludon|def|1\n|-enditem|p1a: Archaludon|Assault Vest|[from] move: Knock Off|[of] p2a: Azumarill\n|\n|upkeep\n|turn|27\n|inactive|Time left: 300 sec this turn | 300 sec total\n|\n|t:|1783556203\n|switch|p2a: Raikou|Raikou, L81|18/100\n|-ability|p2a: Raikou|Pressure\n|move|p1a: Archaludon|Draco Meteor|p2a: Raikou\n|-damage|p2a: Raikou|0 fnt\n|-unboost|p1a: Archaludon|spa|2\n|faint|p2a: Raikou\n|\n|upkeep\n|\n|t:|1783556204\n|switch|p2a: Azumarill|Azumarill, L82, F|9/100\n|turn|28\n|inactive|Time left: 300 sec this turn | 300 sec total\n|\n|t:|1783556205\n|-terastallize|p2a: Azumarill|Water\n|move|p2a: Azumarill|Aqua Jet|p1a: Archaludon\n|-resisted|p1a: Archaludon\n|-damage|p1a: Archaludon|0 fnt\n|faint|p1a: Archaludon\n|\n|upkeep\n|inactive|Time left: 300 sec this turn | 300 sec total | 5 sec grace\n|\n|t:|1783556206\n|switch|p1a: Lunala|Lunala, L70|233/308\n|turn|29\n|inactive|Time left: 300 sec this turn | 300 sec total\n|\n|t:|1783556207\n|move|p2a: Azumarill|Aqua Jet|p1a: Lunala\n|-damage|p1a: Lunala|105/308\n|move|p1a: Lunala|Moongeist Beam|p2a: Azumarill\n|-damage|p2a: Azumarill|0 fnt\n|faint|p2a: Azumarill\n|\n|win|p0x13926cd2", "uploadtime": 1783556207, "views": 0, "rating": 0, "private": 0, "password": null, "_winner": "p0x13926cd2", "_our_name": "p0x13926cd2"}