{"id": "battle-gen9randombattle-591", "formatid": "gen9randombattle", "format": "[Gen 9] Random Battle", "players": ["p0x591acd2", "p0y591e041"], "log": "|init|battle\n|title|p0x591acd2 vs. p0y591e041\n|j|\u2606p0x591acd2\n|j|\u2606p0y591e041\n|t:|1783546671\n|gametype|singles\n|player|p1|p0x591acd2|102|\n|player|p2|p0y591e041|101|\n|gen|9\n|tier|[Gen 9] Random Battle\n|rule|Species Clause: Limit one of each Pok\u00e9mon\n|rule|HP Percentage Mod: HP is shown in percentages\n|rule|Sleep Clause Mod: Limit one foe put to sleep\n|rule|Illusion Level Mod: Illusion disguises the Pok\u00e9mon's true level\n|\n|t:|1783546671\n|teamsize|p1|6\n|teamsize|p2|6\n|start\n|switch|p1a: Zapdos|Zapdos, L78|268/268\n|switch|p2a: Uxie|Uxie, L83|100/100\n|turn|1\n|inactive|Battle timer is ON: inactive players will automatically lose when time's up. (requested by p0y591e041)\n|inactive|Time left: 300 sec this turn | 300 sec total | 60 sec grace\n|inactive|p0x591acd2 also wants the timer to be on.\n|\n|t:|1783546673\n|move|p2a: Uxie|Knock Off|p1a: Zapdos\n|-damage|p1a: Zapdos|205/268\n|-enditem|p1a: Zapdos|Heavy-Duty Boots|[from] move: Knock Off|[of] p2a: Uxie\n|move|p1a: Zapdos|Thunderbolt|p2a: Uxie\n|-damage|p2a: Uxie|70/100\n|\n|-heal|p2a: Uxie|76/100|[from] item: Leftovers\n|upkeep\n|turn|2\n|inactive|Time left: 300 sec this turn | 300 sec total\n|\n|t:|1783546675\n|switch|p2a: Grimmsnarl|Grimmsnarl, L83, M|100/100\n|move|p1a: Zapdos|Thunderbolt|p2a: Grimmsnarl\n|-damage|p2a: Grimmsnarl|60/100\n|\n|upkeep\n|turn|3\n|inactive|Time left: 300 sec this turn | 300 sec total\n|\n|t:|1783546676\n|move|p2a: Grimmsnarl|Light Screen|p2a: Grimmsnarl\n|-sidestart|p2: p0y591e041|move: Light Screen\n|move|p1a: Zapdos|Thunderbolt|p2a: Grimmsnarl\n|-damage|p2a: Grimmsnarl|40/100\n|\n|upkeep\n|turn|4\n|inactive|Time left: 300 sec this turn | 300 sec total\n|\n|t:|1783546677\n|move|p2a: Grimmsnarl|Reflect|p2a: Grimmsnarl\n|-sidestart|p2: p0y591e041|Reflect\n|move|p1a: Zapdos|Roost|p1a: Zapdos\n|-heal|p1a: Zapdos|268/268\n|-singleturn|p1a: Zapdos|move: Roost\n|\n|upkeep\n|turn|5\n|inactive|Time left: 300 sec this turn | 300 sec total\n|\n|t:|1783546678\n|move|p1a: Zapdos|Thunderbolt|p2a: Grimmsnarl\n|-damage|p2a: Grimmsnarl|21/100\n|move|p2a: Grimmsnarl|Spirit Break|p1a: Zapdos\n|-damage|p1a: Zapdos|159/268\n|-unboost|p1a: Zapdos|spa|1\n|\n|upkeep\n|turn|6\n|inactive|Time left: 300 sec this turn | 300 sec total\n|\n|t:|1783546679\n|move|p2a: Grimmsnarl|Parting Shot|p1a: Zapdos\n|-unboost|p1a: Zapdos|atk|1\n|-unboost|p1a: Zapdos|spa|1\n|\n|t:|1783546680\n|switch|p2a: Galvantula|Galvantula, L82, F|100/100|[from] Parting Shot\n|move|p1a: Zapdos|Roost|p1a: Zapdos\n|-heal|p1a: Zapdos|268/268\n|-singleturn|p1a: Zapdos|move: Roost\n|\n|upkeep\n|turn|7\n|inactive|Time left: 300 sec this turn | 300 sec total\n|\n|t:|1783546682\n|switch|p1a: Hatterene|Hatterene, L85, F|236/236\n|move|p2a: Galvantula|Sticky Web|p1a: Hatterene\n|move|p1a: Hatterene|Sticky Web|p2a: Galvantula|[from] ability: Magic Bounce\n|-sidestart|p2: p0y591e041|move: Sticky Web\n|\n|upkeep\n|turn|8\n|inactive|Time left: 300 sec this turn | 300 sec total\n|\n|t:|1783546683\n|move|p2a: Galvantula|Bug Buzz|p1a: Hatterene\n|-damage|p1a: Hatterene|181/236\n|move|p1a: Hatterene|Mystical Fire|p2a: Galvantula\n|-supereffective|p2a: Galvantula\n|-damage|p2a: Galvantula|63/100\n|-unboost|p2a: Galvantula|spa|1\n|\n|upkeep\n|turn|9\n|inactive|Time left: 300 sec this turn | 300 sec total\n|\n|t:|1783546684\n|switch|p2a: Tentacruel|Tentacruel, L84, M|100/100\n|-activate|p2a: Tentacruel|move: Sticky Web\n|-unboost|p2a: Tentacruel|spe|1\n|move|p1a: Hatterene|Mystical Fire|p2a: Tentacruel\n|-resisted|p2a: Tentacruel\n|-damage|p2a: Tentacruel|96/100\n|-unboost|p2a: Tentacruel|spa|1\n|\n|-heal|p2a: Tentacruel|100/100|[from] item: Leftovers\n|upkeep\n|turn|10\n|inactive|Time left: 300 sec this turn | 300 sec total\n|\n|t:|1783546685\n|move|p2a: Tentacruel|Rapid Spin|p1a: Hatterene\n|-damage|p1a: Hatterene|153/236\n|-boost|p2a: Tentacruel|spe|1\n|-sideend|p2: p0y591e041|Sticky Web|[from] move: Rapid Spin|[of] p2a: Tentacruel\n|move|p1a: Hatterene|Nuzzle|p2a: Tentacruel\n|-supereffective|p2a: Tentacruel\n|-damage|p2a: Tentacruel|94/100\n|-status|p2a: Tentacruel|par\n|\n|-heal|p2a: Tentacruel|99/100 par|[from] item: Leftovers\n|-sideend|p2: p0y591e041|move: Light Screen\n|upkeep\n|turn|11\n|inactive|Time left: 300 sec this turn | 300 sec total\n|\n|t:|1783546687\n|move|p2a: Tentacruel|Sludge Bomb|p1a: Hatterene\n|-supereffective|p1a: Hatterene\n|-damage|p1a: Hatterene|85/236\n|move|p1a: Hatterene|Psychic Noise|p2a: Tentacruel\n|-supereffective|p2a: Tentacruel\n|-damage|p2a: Tentacruel|34/100 par\n|-start|p2a: Tentacruel|move: Heal Block\n|\n|-sideend|p2: p0y591e041|Reflect\n|upkeep\n|turn|12\n|inactive|Time left: 300 sec this turn | 300 sec total\n|\n|t:|1783546688\n|move|p2a: Tentacruel|Sludge Bomb|p1a: Hatterene\n|-supereffective|p1a: Hatterene\n|-damage|p1a: Hatterene|25/236\n|move|p1a: Hatterene|Psychic Noise|p2a: Tentacruel\n|-supereffective|p2a: Tentacruel\n|-damage|p2a: Tentacruel|0 fnt\n|faint|p2a: Tentacruel\n|\n|upkeep\n|\n|t:|1783546689\n|switch|p2a: Grimmsnarl|Grimmsnarl, L83, M|21/100\n|turn|13\n|inactive|Time left: 300 sec this turn | 300 sec total\n|\n|t:|1783546690\n|move|p2a: Grimmsnarl|Spirit Break|p1a: Hatterene\n|-damage|p1a: Hatterene|0 fnt\n|faint|p1a: Hatterene\n|\n|upkeep\n|inactive|Time left: 300 sec this turn | 300 sec total | 5 sec grace\n|\n|t:|1783546691\n|switch|p1a: Okidogi|Okidogi, L77, M|262/262\n|turn|14\n|inactive|Time left: 300 sec this turn | 300 sec total\n|\n|t:|1783546692\n|move|p2a: Grimmsnarl|Reflect|p2a: Grimmsnarl\n|-sidestart|p2: p0y591e041|Reflect\n|move|p1a: Okidogi|Gunk Shot|p2a: Grimmsnarl|[miss]\n|-miss|p1a: Okidogi|p2a: Grimmsnarl\n|\n|upkeep\n|turn|15\n|inactive|Time left: 300 sec this turn | 300 sec total\n|\n|t:|1783546693\n|move|p2a: Grimmsnarl|Light Screen|p2a: Grimmsnarl\n|-sidestart|p2: p0y591e041|move: Light Screen\n|move|p1a: Okidogi|Gunk Shot|p2a: Grimmsnarl\n|-supereffective|p2a: Grimmsnarl\n|-damage|p2a: Grimmsnarl|0 fnt\n|faint|p2a: Grimmsnarl\n|\n|upkeep\n|\n|t:|1783546694\n|switch|p2a: Galvantula|Galvantula, L82, F|63/100\n|turn|16\n|inactive|Time left: 300 sec this turn | 300 sec total\n|\n|t:|1783546694\n|move|p2a: Galvantula|Sticky Web|p1a: Okidogi\n|-sidestart|p1: p0x591acd2|move: Sticky Web\n|move|p1a: Okidogi|Knock Off|p2a: Galvantula\n|-damage|p2a: Galvantula|45/100\n|-enditem|p2a: Galvantula|Heavy-Duty Boots|[from] move: Knock Off|[of] p1a: Okidogi\n|\n|upkeep\n|turn|17\n|inactive|Time left: 300 sec this turn | 300 sec total\n|\n|t:|1783546695\n|move|p2a: Galvantula|Thunder|p1a: Okidogi\n|-damage|p1a: Okidogi|177/262\n|-status|p1a: Okidogi|par\n|move|p1a: Okidogi|Knock Off|p2a: Galvantula\n|-damage|p2a: Galvantula|33/100\n|-status|p2a: Galvantula|tox|[from] ability: Toxic Chain|[of] p1a: Okidogi\n|\n|-damage|p2a: Galvantula|27/100 tox|[from] psn\n|upkeep\n|turn|18\n|inactive|Time left: 300 sec this turn | 300 sec total\n|\n|t:|1783546696\n|move|p2a: Galvantula|Thunder|p1a: Okidogi|[miss]\n|-miss|p2a: Galvantula|p1a: Okidogi\n|move|p1a: Okidogi|Gunk Shot|p2a: Galvantula\n|-damage|p2a: Galvantula|0 fnt\n|faint|p2a: Galvantula\n|\n|upkeep\n|\n|t:|1783546697\n|switch|p2a: Uxie|Uxie, L83|76/100\n|turn|19\n|inactive|Time left: 300 sec this turn | 300 sec total\n|\n|t:|1783546698\n|switch|p1a: Zapdos|Zapdos, L78|268/268\n|move|p2a: Uxie|Psychic Noise|p1a: Zapdos\n|-damage|p1a: Zapdos|195/268\n|-start|p1a: Zapdos|move: Heal Block\n|\n|-heal|p2a: Uxie|82/100|[from] item: Leftovers\n|upkeep\n|turn|20\n|inactive|Time left: 300 sec this turn | 300 sec total\n|\n|t:|1783546699\n|move|p2a: Uxie|Psychic Noise|p1a: Zapdos\n|-damage|p1a: Zapdos|126/268\n|move|p1a: Zapdos|Heat Wave|p2a: Uxie\n|-damage|p2a: Uxie|73/100\n|\n|-heal|p2a: Uxie|79/100|[from] item: Leftovers\n|-end|p1a: Zapdos|move: Heal Block\n|upkeep\n|turn|21\n|inactive|Time left: 300 sec this turn | 300 sec total\n|\n|t:|1783546700\n|move|p2a: Uxie|Psychic Noise|p1a: Zapdos\n|-damage|p1a: Zapdos|60/268\n|-start|p1a: Zapdos|move: Heal Block\n|cant|p1a: Zapdos|move: Heal Block|Roost\n|\n|-heal|p2a: Uxie|85/100|[from] item: Leftovers\n|-sideend|p2: p0y591e041|Reflect\n|upkeep\n|turn|22\n|inactive|Time left: 300 sec this turn | 300 sec total\n|\n|t:|1783546702\n|move|p2a: Uxie|Psychic Noise|p1a: Zapdos\n|-damage|p1a: Zapdos|0 fnt\n|faint|p1a: Zapdos\n|\n|-heal|p2a: Uxie|91/100|[from] item: Leftovers\n|-sideend|p2: p0y591e041|move: Light Screen\n|upkeep\n|inactive|Time left: 300 sec this turn | 300 sec total | 5 sec grace\n|\n|t:|1783546703\n|switch|p1a: Victreebel|Victreebel, L90, M|290/290\n|-activate|p1a: Victreebel|move: Sticky Web\n|-unboost|p1a: Victreebel|spe|1\n|turn|23\n|inactive|Time left: 300 sec this turn | 300 sec total\n|\n|t:|1783546704\n|move|p2a: Uxie|Psychic Noise|p1a: Victreebel\n|-supereffective|p1a: Victreebel\n|-damage|p1a: Victreebel|152/290\n|-start|p1a: Victreebel|move: Heal Block\n|move|p1a: Victreebel|Sludge Wave|p2a: Uxie\n|-damage|p2a: Uxie|46/100\n|-damage|p1a: Victreebel|123/290|[from] item: Life Orb\n|\n|-heal|p2a: Uxie|52/100|[from] item: Leftovers\n|upkeep\n|turn|24\n|inactive|Time left: 300 sec this turn | 300 sec total\n|\n|t:|1783546705\n|-terastallize|p1a: Victreebel|Steel\n|move|p2a: Uxie|Psychic Noise|p1a: Victreebel\n|-resisted|p1a: Victreebel\n|-damage|p1a: Victreebel|87/290\n|move|p1a: Victreebel|Power Whip|p2a: Uxie\n|-damage|p2a: Uxie|0 fnt\n|faint|p2a: Uxie\n|-damage|p1a: Victreebel|58/290|[from] item: Life Orb\n|\n|-end|p1a: Victreebel|move: Heal Block\n|upkeep\n|\n|t:|1783546706\n|switch|p2a: Furret|Furret, L94, F|100/100\n|-item|p1a: Victreebel|Life Orb|[from] ability: Frisk|[of] p2a: Furret\n|turn|25\n|inactive|Time left: 300 sec this turn | 300 sec total\n|\n|t:|1783546708\n|move|p2a: Furret|Double-Edge|p1a: Victreebel\n|-resisted|p1a: Victreebel\n|-damage|p1a: Victreebel|0 fnt\n|faint|p1a: Victreebel\n|-damage|p2a: Furret|94/100|[from] Recoil\n|\n|upkeep\n|inactive|Time left: 300 sec this turn | 300 sec total | 5 sec grace\n|\n|t:|1783546709\n|switch|p1a: Iron Valiant|Iron Valiant, L78|244/244\n|-activate|p1a: Iron Valiant|move: Sticky Web\n|-unboost|p1a: Iron Valiant|spe|1\n|turn|26\n|inactive|Time left: 300 sec this turn | 300 sec total\n|\n|t:|1783546710\n|move|p2a: Furret|Double-Edge|p1a: Iron Valiant\n|-damage|p1a: Iron Valiant|42/244\n|-damage|p2a: Furret|73/100|[from] Recoil\n|move|p1a: Iron Valiant|Close Combat|p2a: Furret\n|-supereffective|p2a: Furret\n|-damage|p2a: Furret|0 fnt\n|-unboost|p1a: Iron Valiant|def|1\n|-unboost|p1a: Iron Valiant|spd|1\n|faint|p2a: Furret\n|-damage|p1a: Iron Valiant|18/244|[from] item: Life Orb\n|\n|upkeep\n|\n|t:|1783546711\n|switch|p2a: Sceptile|Sceptile, L87, F|100/100\n|turn|27\n|inactive|Time left: 300 sec this turn | 300 sec total\n|\n|t:|1783546712\n|move|p2a: Sceptile|Focus Blast|p1a: Iron Valiant\n|-resisted|p1a: Iron Valiant\n|-damage|p1a: Iron Valiant|0 fnt\n|faint|p1a: Iron Valiant\n|-end|p1a: Iron Valiant|Quark Drive|[silent]\n|-damage|p2a: Sceptile|91/100|[from] item: Life Orb\n|\n|upkeep\n|inactive|Time left: 300 sec this turn | 300 sec total | 5 sec grace\n|\n|t:|1783546713\n|switch|p1a: Deoxys|Deoxys-Attack, L72|191/191\n|-activate|p1a: Deoxys|move: Sticky Web\n|-unboost|p1a: Deoxys|spe|1\n|-ability|p1a: Deoxys|Pressure\n|turn|28\n|inactive|Time left: 300 sec this turn | 300 sec total\n|\n|t:|1783546714\n|move|p1a: Deoxys|Extreme Speed|p2a: Sceptile\n|-damage|p2a: Sceptile|51/100\n|-damage|p1a: Deoxys|172/191|[from] item: Life Orb\n|move|p2a: Sceptile|Rock Slide|p1a: Deoxys\n|-damage|p1a: Deoxys|0 fnt\n|faint|p1a: Deoxys\n|-damage|p2a: Sceptile|41/100|[from] item: Life Orb\n|\n|upkeep\n|inactive|Time left: 300 sec this turn | 300 sec total | 5 sec grace\n|\n|t:|1783546715\n|switch|p1a: Okidogi|Okidogi, L77, M|177/262 par\n|-activate|p1a: Okidogi|move: Sticky Web\n|-unboost|p1a: Okidogi|spe|1\n|turn|29\n|inactive|Time left: 300 sec this turn | 300 sec total\n|\n|t:|1783546716\n|-terastallize|p2a: Sceptile|Steel\n|move|p2a: Sceptile|Rock Slide|p1a: Okidogi\n|-resisted|p1a: Okidogi\n|-damage|p1a: Okidogi|147/262 par\n|-damage|p2a: Sceptile|31/100|[from] item: Life Orb\n|cant|p1a: Okidogi|flinch\n|\n|upkeep\n|turn|30\n|inactive|Time left: 300 sec this turn | 300 sec total\n|\n|t:|1783546717\n|move|p2a: Sceptile|Leaf Storm|p1a: Okidogi\n|-resisted|p1a: Okidogi\n|-damage|p1a: Okidogi|40/262 par\n|-unboost|p2a: Sceptile|spa|2\n|-damage|p2a: Sceptile|21/100|[from] item: Life Orb\n|move|p1a: Okidogi|Drain Punch|p2a: Sceptile\n|-supereffective|p2a: Sceptile\n|-damage|p2a: Sceptile|0 fnt\n|-heal|p1a: Okidogi|68/262 par|[from] drain|[of] p2a: Sceptile\n|faint|p2a: Sceptile\n|\n|win|p0x591acd2", "uploadtime": 1783546717, "views": 0, "rating": 0, "private": 0, "password": null, "_winner": "p0x591acd2", "_our_name": "p0x591acd2"}