{"id": "battle-gen9randombattle-2587", "formatid": "gen9randombattle", "format": "[Gen 9] Random Battle", "players": ["p0x2587f583", "p0y25877a8e"], "log": "|init|battle\n|title|p0x2587f583 vs. p0y25877a8e\n|j|\u2606p0x2587f583\n|j|\u2606p0y25877a8e\n|t:|1783568940\n|gametype|singles\n|player|p1|p0x2587f583|265|\n|player|p2|p0y25877a8e|265|\n|gen|9\n|tier|[Gen 9] Random Battle\n|rule|Species Clause: Limit one of each Pok\u00e9mon\n|rule|HP Percentage Mod: HP is shown in percentages\n|rule|Sleep Clause Mod: Limit one foe put to sleep\n|rule|Illusion Level Mod: Illusion disguises the Pok\u00e9mon's true level\n|\n|t:|1783568940\n|teamsize|p1|6\n|teamsize|p2|6\n|start\n|switch|p1a: Munkidori|Munkidori, L79, M|269/269\n|switch|p2a: Medicham|Medicham, L86, M|100/100\n|turn|1\n|inactive|Battle timer is ON: inactive players will automatically lose when time's up. (requested by p0x2587f583)\n|inactive|p0y25877a8e also wants the timer to be on.\n|\n|t:|1783568941\n|move|p2a: Medicham|Zen Headbutt|p1a: Munkidori\n|-damage|p1a: Munkidori|97/269\n|cant|p1a: Munkidori|flinch\n|\n|upkeep\n|turn|2\n|inactive|Time left: 300 sec this turn | 300 sec total\n|\n|t:|1783568943\n|move|p2a: Medicham|Zen Headbutt|p1a: Munkidori\n|-damage|p1a: Munkidori|0 fnt\n|faint|p1a: Munkidori\n|\n|upkeep\n|inactive|Time left: 300 sec this turn | 300 sec total | 5 sec grace\n|\n|t:|1783568944\n|switch|p1a: Diancie|Diancie, L82|216/216\n|turn|3\n|inactive|Time left: 300 sec this turn | 300 sec total\n|\n|t:|1783568945\n|move|p2a: Medicham|Zen Headbutt|p1a: Diancie\n|-damage|p1a: Diancie|137/216\n|move|p1a: Diancie|Moonblast|p2a: Medicham\n|-supereffective|p2a: Medicham\n|-damage|p2a: Medicham|8/100\n|\n|upkeep\n|turn|4\n|inactive|Time left: 300 sec this turn | 300 sec total\n|\n|t:|1783568946\n|move|p2a: Medicham|Zen Headbutt|p1a: Diancie\n|-damage|p1a: Diancie|47/216\n|move|p1a: Diancie|Diamond Storm|p2a: Medicham\n|-resisted|p2a: Medicham\n|-damage|p2a: Medicham|0 fnt\n|-boost|p1a: Diancie|def|2\n|faint|p2a: Medicham\n|\n|upkeep\n|\n|t:|1783568947\n|switch|p2a: Raichu|Raichu, L88, F|100/100\n|turn|5\n|inactive|Time left: 300 sec this turn | 300 sec total\n|\n|t:|1783568948\n|move|p2a: Raichu|Thunderbolt|p1a: Diancie\n|-damage|p1a: Diancie|0 fnt\n|faint|p1a: Diancie\n|\n|upkeep\n|inactive|Time left: 300 sec this turn | 300 sec total | 5 sec grace\n|\n|t:|1783568949\n|switch|p1a: Torterra|Torterra, L78, M|276/276\n|turn|6\n|inactive|Time left: 300 sec this turn | 300 sec total\n|\n|t:|1783568950\n|switch|p2a: Reshiram|Reshiram, L76|100/100\n|-ability|p2a: Reshiram|Turboblaze\n|move|p1a: Torterra|Shell Smash|p1a: Torterra\n|-unboost|p1a: Torterra|def|1\n|-unboost|p1a: Torterra|spd|1\n|-boost|p1a: Torterra|atk|2\n|-boost|p1a: Torterra|spa|2\n|-boost|p1a: Torterra|spe|2\n|\n|upkeep\n|turn|7\n|inactive|Time left: 300 sec this turn | 300 sec total\n|\n|t:|1783568951\n|-terastallize|p2a: Reshiram|Ground\n|move|p1a: Torterra|Rock Blast|p2a: Reshiram\n|-resisted|p2a: Reshiram\n|-damage|p2a: Reshiram|95/100\n|-resisted|p2a: Reshiram\n|-damage|p2a: Reshiram|88/100\n|-resisted|p2a: Reshiram\n|-damage|p2a: Reshiram|82/100\n|-resisted|p2a: Reshiram\n|-damage|p2a: Reshiram|75/100\n|-hitcount|p2a: Reshiram|4\n|move|p2a: Reshiram|Draco Meteor|p1a: Torterra\n|-damage|p1a: Torterra|2/276\n|-unboost|p2a: Reshiram|spa|2\n|\n|upkeep\n|turn|8\n|inactive|Time left: 300 sec this turn | 300 sec total\n|\n|t:|1783568952\n|switch|p2a: Emboar|Emboar, L84, F|100/100\n|move|p1a: Torterra|Bullet Seed|p2a: Emboar\n|-resisted|p2a: Emboar\n|-damage|p2a: Emboar|86/100\n|-resisted|p2a: Emboar\n|-damage|p2a: Emboar|73/100\n|-resisted|p2a: Emboar\n|-damage|p2a: Emboar|58/100\n|-resisted|p2a: Emboar\n|-damage|p2a: Emboar|44/100\n|-resisted|p2a: Emboar\n|-damage|p2a: Emboar|28/100\n|-hitcount|p2a: Emboar|5\n|\n|upkeep\n|turn|9\n|inactive|Time left: 300 sec this turn | 300 sec total\n|\n|t:|1783568953\n|move|p1a: Torterra|Bullet Seed|p2a: Emboar\n|-resisted|p2a: Emboar\n|-damage|p2a: Emboar|14/100\n|-resisted|p2a: Emboar\n|-damage|p2a: Emboar|0 fnt\n|faint|p2a: Emboar\n|-hitcount|p2: Emboar|2\n|\n|upkeep\n|\n|t:|1783568954\n|switch|p2a: Greninja|Greninja, L80, M|100/100\n|turn|10\n|inactive|Time left: 300 sec this turn | 300 sec total\n|\n|t:|1783568955\n|move|p1a: Torterra|Bullet Seed|p2a: Greninja\n|-supereffective|p2a: Greninja\n|-damage|p2a: Greninja|22/100\n|-supereffective|p2a: Greninja\n|-damage|p2a: Greninja|0 fnt\n|faint|p2a: Greninja\n|-hitcount|p2: Greninja|2\n|\n|upkeep\n|\n|t:|1783568955\n|switch|p2a: Raichu|Raichu, L88, F|100/100\n|turn|11\n|inactive|Time left: 300 sec this turn | 300 sec total\n|\n|t:|1783568956\n|move|p1a: Torterra|Bullet Seed|p2a: Raichu\n|-damage|p2a: Raichu|62/100\n|-damage|p2a: Raichu|19/100\n|-damage|p2a: Raichu|0 fnt\n|faint|p2a: Raichu\n|-hitcount|p2: Raichu|3\n|\n|upkeep\n|\n|t:|1783568957\n|switch|p2a: Polteageist|Polteageist-Antique, L78|100/100\n|turn|12\n|inactive|Time left: 300 sec this turn | 300 sec total\n|\n|t:|1783568958\n|move|p1a: Torterra|Headlong Rush|p2a: Polteageist\n|-damage|p2a: Polteageist|0 fnt\n|-unboost|p1a: Torterra|def|1\n|-unboost|p1a: Torterra|spd|1\n|-start|p1a: Torterra|Disable|Headlong Rush|[from] ability: Cursed Body|[of] p2a: Polteageist\n|faint|p2a: Polteageist\n|\n|upkeep\n|\n|t:|1783568959\n|switch|p2a: Reshiram|Reshiram, L76, tera:Ground|75/100\n|-ability|p2a: Reshiram|Turboblaze\n|turn|13\n|inactive|Time left: 300 sec this turn | 300 sec total\n|\n|t:|1783568959\n|-terastallize|p1a: Torterra|Rock\n|move|p1a: Torterra|Bullet Seed|p2a: Reshiram\n|-supereffective|p2a: Reshiram\n|-damage|p2a: Reshiram|23/100\n|-supereffective|p2a: Reshiram\n|-damage|p2a: Reshiram|0 fnt\n|faint|p2a: Reshiram\n|-hitcount|p2: Reshiram|2\n|\n|win|p0x2587f583", "uploadtime": 1783568959, "views": 0, "rating": 0, "private": 0, "password": null, "_winner": "p0x2587f583", "_our_name": "p0x2587f583"}