{"id": "battle-gen9randombattle-2297", "formatid": "gen9randombattle", "format": "[Gen 9] Random Battle", "players": ["p0x229743dc", "p0y2297840e"], "log": "|init|battle\n|title|p0x229743dc vs. p0y2297840e\n|j|\u2606p0x229743dc\n|j|\u2606p0y2297840e\n|t:|1783566633\n|gametype|singles\n|player|p1|p0x229743dc|265|\n|player|p2|p0y2297840e|1|\n|gen|9\n|tier|[Gen 9] Random Battle\n|rule|Species Clause: Limit one of each Pok\u00e9mon\n|rule|HP Percentage Mod: HP is shown in percentages\n|rule|Sleep Clause Mod: Limit one foe put to sleep\n|rule|Illusion Level Mod: Illusion disguises the Pok\u00e9mon's true level\n|\n|t:|1783566633\n|teamsize|p1|6\n|teamsize|p2|6\n|start\n|switch|p1a: Venusaur|Venusaur, L84, F|272/272\n|switch|p2a: Slither Wing|Slither Wing, L81|100/100\n|turn|1\n|inactive|Battle timer is ON: inactive players will automatically lose when time's up. (requested by p0y2297840e)\n|inactive|Time left: 300 sec this turn | 300 sec total | 60 sec grace\n|inactive|p0x229743dc also wants the timer to be on.\n|\n|t:|1783566635\n|move|p2a: Slither Wing|Flare Blitz|p1a: Venusaur\n|-supereffective|p1a: Venusaur\n|-damage|p1a: Venusaur|70/272\n|-damage|p2a: Slither Wing|76/100|[from] Recoil\n|move|p1a: Venusaur|Sludge Bomb|p2a: Slither Wing\n|-damage|p2a: Slither Wing|45/100\n|\n|-heal|p1a: Venusaur|87/272|[from] item: Leftovers\n|upkeep\n|turn|2\n|inactive|Time left: 300 sec this turn | 300 sec total\n|\n|t:|1783566637\n|switch|p1a: Clawitzer|Clawitzer, L87, F|265/265\n|move|p2a: Slither Wing|Flare Blitz|p1a: Clawitzer\n|-resisted|p1a: Clawitzer\n|-damage|p1a: Clawitzer|211/265\n|-damage|p2a: Slither Wing|39/100|[from] Recoil\n|\n|upkeep\n|turn|3\n|inactive|Time left: 300 sec this turn | 300 sec total\n|\n|t:|1783566638\n|-end|p2a: Slither Wing|Protosynthesis|[silent]\n|switch|p2a: Magearna|Magearna, L77|100/100\n|move|p1a: Clawitzer|Water Pulse|p2a: Magearna\n|-damage|p2a: Magearna|55/100\n|\n|-heal|p2a: Magearna|61/100|[from] item: Leftovers\n|upkeep\n|turn|4\n|inactive|Time left: 300 sec this turn | 300 sec total\n|\n|t:|1783566640\n|switch|p2a: Iron Leaves|Iron Leaves, L80|100/100\n|move|p1a: Clawitzer|Water Pulse|p2a: Iron Leaves\n|-resisted|p2a: Iron Leaves\n|-damage|p2a: Iron Leaves|82/100\n|\n|upkeep\n|turn|5\n|inactive|Time left: 300 sec this turn | 300 sec total\n|\n|t:|1783566641\n|-terastallize|p1a: Clawitzer|Dragon\n|move|p2a: Iron Leaves|Leaf Blade|p1a: Clawitzer\n|-resisted|p1a: Clawitzer\n|-damage|p1a: Clawitzer|140/265\n|-damage|p2a: Iron Leaves|72/100|[from] item: Life Orb\n|move|p1a: Clawitzer|Dragon Pulse|p2a: Iron Leaves\n|-damage|p2a: Iron Leaves|18/100\n|\n|upkeep\n|turn|6\n|inactive|Time left: 300 sec this turn | 300 sec total\n|\n|t:|1783566642\n|move|p2a: Iron Leaves|Psyblade|p1a: Clawitzer\n|-damage|p1a: Clawitzer|26/265\n|-damage|p2a: Iron Leaves|8/100|[from] item: Life Orb\n|move|p1a: Clawitzer|Water Pulse|p2a: Iron Leaves\n|-resisted|p2a: Iron Leaves\n|-damage|p2a: Iron Leaves|0 fnt\n|faint|p2a: Iron Leaves\n|-end|p2a: Iron Leaves|Quark Drive|[silent]\n|\n|upkeep\n|\n|t:|1783566643\n|switch|p2a: Slither Wing|Slither Wing, L81|39/100\n|turn|7\n|inactive|Time left: 300 sec this turn | 300 sec total\n|\n|t:|1783566644\n|switch|p1a: Greedent|Greedent, L86, F|347/347\n|move|p2a: Slither Wing|U-turn|p1a: Greedent\n|-damage|p1a: Greedent|259/347\n|\n|t:|1783566645\n|-end|p2a: Slither Wing|Protosynthesis|[silent]\n|switch|p2a: Magearna|Magearna, L77|61/100|[from] U-turn\n|\n|-heal|p2a: Magearna|67/100|[from] item: Leftovers\n|upkeep\n|turn|8\n|inactive|Time left: 300 sec this turn | 300 sec total\n|\n|t:|1783566647\n|move|p2a: Magearna|Shift Gear|p2a: Magearna\n|-boost|p2a: Magearna|spe|2\n|-boost|p2a: Magearna|atk|1\n|move|p1a: Greedent|Swords Dance|p1a: Greedent\n|-boost|p1a: Greedent|atk|2\n|\n|-heal|p2a: Magearna|73/100|[from] item: Leftovers\n|upkeep\n|turn|9\n|inactive|Time left: 300 sec this turn | 300 sec total\n|\n|t:|1783566648\n|move|p2a: Magearna|Calm Mind|p2a: Magearna\n|-boost|p2a: Magearna|spa|1\n|-boost|p2a: Magearna|spd|1\n|move|p1a: Greedent|Earthquake|p2a: Magearna\n|-supereffective|p2a: Magearna\n|-damage|p2a: Magearna|0 fnt\n|faint|p2a: Magearna\n|\n|upkeep\n|\n|t:|1783566649\n|switch|p2a: Slither Wing|Slither Wing, L81|39/100\n|turn|10\n|inactive|Time left: 300 sec this turn | 300 sec total\n|\n|t:|1783566649\n|switch|p1a: Clawitzer|Clawitzer, L87, F, tera:Dragon|26/265\n|move|p2a: Slither Wing|Close Combat|p1a: Clawitzer\n|-damage|p1a: Clawitzer|0 fnt\n|-unboost|p2a: Slither Wing|def|1\n|-unboost|p2a: Slither Wing|spd|1\n|faint|p1a: Clawitzer\n|\n|upkeep\n|inactive|Time left: 300 sec this turn | 300 sec total | 5 sec grace\n|\n|t:|1783566650\n|switch|p1a: Venusaur|Venusaur, L84, F|87/272\n|turn|11\n|inactive|Time left: 300 sec this turn | 300 sec total\n|\n|t:|1783566651\n|-terastallize|p2a: Slither Wing|Fighting\n|move|p2a: Slither Wing|Close Combat|p1a: Venusaur\n|-resisted|p1a: Venusaur\n|-damage|p1a: Venusaur|0 fnt\n|-unboost|p2a: Slither Wing|def|1\n|-unboost|p2a: Slither Wing|spd|1\n|faint|p1a: Venusaur\n|\n|upkeep\n|inactive|Time left: 300 sec this turn | 300 sec total | 5 sec grace\n|\n|t:|1783566652\n|switch|p1a: Mamoswine|Mamoswine, L81, F|311/311\n|turn|12\n|inactive|Time left: 300 sec this turn | 300 sec total\n|\n|t:|1783566653\n|-end|p2a: Slither Wing|Protosynthesis|[silent]\n|switch|p2a: Uxie|Uxie, L83|100/100\n|move|p1a: Mamoswine|Ice Shard|p2a: Uxie\n|-damage|p2a: Uxie|81/100\n|\n|-heal|p2a: Uxie|87/100|[from] item: Leftovers\n|upkeep\n|turn|13\n|inactive|Time left: 300 sec this turn | 300 sec total\n|\n|t:|1783566654\n|switch|p1a: Greedent|Greedent, L86, F|259/347\n|move|p2a: Uxie|Knock Off|p1a: Greedent\n|-damage|p1a: Greedent|207/347\n|-enditem|p1a: Greedent|Sitrus Berry|[from] move: Knock Off|[of] p2a: Uxie\n|\n|-heal|p2a: Uxie|93/100|[from] item: Leftovers\n|upkeep\n|turn|14\n|inactive|Time left: 300 sec this turn | 300 sec total\n|\n|t:|1783566655\n|switch|p2a: Great Tusk|Great Tusk, L77|100/100\n|move|p1a: Greedent|Knock Off|p2a: Great Tusk\n|-resisted|p2a: Great Tusk\n|-damage|p2a: Great Tusk|91/100\n|-enditem|p2a: Great Tusk|Leftovers|[from] move: Knock Off|[of] p1a: Greedent\n|\n|upkeep\n|turn|15\n|inactive|Time left: 300 sec this turn | 300 sec total\n|\n|t:|1783566657\n|move|p2a: Great Tusk|Bulk Up|p2a: Great Tusk\n|-boost|p2a: Great Tusk|atk|1\n|-boost|p2a: Great Tusk|def|1\n|move|p1a: Greedent|Swords Dance|p1a: Greedent\n|-boost|p1a: Greedent|atk|2\n|\n|upkeep\n|turn|16\n|inactive|Time left: 300 sec this turn | 300 sec total\n|\n|t:|1783566658\n|move|p2a: Great Tusk|Earthquake|p1a: Greedent\n|-damage|p1a: Greedent|62/347\n|move|p1a: Greedent|Double-Edge|p2a: Great Tusk\n|-damage|p2a: Great Tusk|50/100\n|-damage|p1a: Greedent|20/347|[from] Recoil\n|\n|upkeep\n|turn|17\n|inactive|Time left: 300 sec this turn | 300 sec total\n|\n|t:|1783566659\n|move|p2a: Great Tusk|Earthquake|p1a: Greedent\n|-damage|p1a: Greedent|0 fnt\n|faint|p1a: Greedent\n|\n|upkeep\n|inactive|Time left: 300 sec this turn | 300 sec total | 5 sec grace\n|\n|t:|1783566660\n|switch|p1a: Raikou|Raikou, L81|278/278\n|-ability|p1a: Raikou|Pressure\n|turn|18\n|inactive|Time left: 300 sec this turn | 300 sec total\n|\n|t:|1783566661\n|-end|p2a: Great Tusk|Protosynthesis|[silent]\n|switch|p2a: Slither Wing|Slither Wing, L81, tera:Fighting|39/100\n|move|p1a: Raikou|Scald|p2a: Slither Wing\n|-damage|p2a: Slither Wing|18/100\n|\n|upkeep\n|turn|19\n|inactive|Time left: 300 sec this turn | 300 sec total\n|\n|t:|1783566662\n|move|p2a: Slither Wing|Close Combat|p1a: Raikou\n|-damage|p1a: Raikou|58/278\n|-unboost|p2a: Slither Wing|def|1\n|-unboost|p2a: Slither Wing|spd|1\n|move|p1a: Raikou|Scald|p2a: Slither Wing\n|-damage|p2a: Slither Wing|0 fnt\n|faint|p2a: Slither Wing\n|-end|p2a: Slither Wing|Protosynthesis|[silent]\n|\n|upkeep\n|\n|t:|1783566663\n|switch|p2a: Uxie|Uxie, L83|93/100\n|turn|20\n|inactive|Time left: 300 sec this turn | 300 sec total\n|\n|t:|1783566664\n|move|p1a: Raikou|Scald|p2a: Uxie\n|-damage|p2a: Uxie|77/100\n|move|p2a: Uxie|Stealth Rock|p1a: Raikou\n|-sidestart|p1: p0x229743dc|move: Stealth Rock\n|\n|-heal|p2a: Uxie|83/100|[from] item: Leftovers\n|upkeep\n|turn|21\n|inactive|Time left: 300 sec this turn | 300 sec total\n|\n|t:|1783566665\n|move|p1a: Raikou|Volt Switch|p2a: Uxie\n|-damage|p2a: Uxie|61/100\n|inactive|Time left: 300 sec this turn | 300 sec total | 5 sec grace\n|\n|t:|1783566665\n|switch|p1a: Mamoswine|Mamoswine, L81, F|311/311|[from] Volt Switch\n|-damage|p1a: Mamoswine|273/311|[from] Stealth Rock\n|move|p2a: Uxie|Knock Off|p1a: Mamoswine\n|-damage|p1a: Mamoswine|211/311\n|-enditem|p1a: Mamoswine|Choice Band|[from] move: Knock Off|[of] p2a: Uxie\n|\n|-heal|p2a: Uxie|67/100|[from] item: Leftovers\n|upkeep\n|turn|22\n|inactive|Time left: 300 sec this turn | 300 sec total\n|\n|t:|1783566666\n|move|p2a: Uxie|Psychic Noise|p1a: Mamoswine\n|-damage|p1a: Mamoswine|129/311\n|-start|p1a: Mamoswine|move: Heal Block\n|move|p1a: Mamoswine|Icicle Crash|p2a: Uxie\n|-damage|p2a: Uxie|39/100\n|\n|-heal|p2a: Uxie|45/100|[from] item: Leftovers\n|upkeep\n|turn|23\n|inactive|Time left: 300 sec this turn | 300 sec total\n|\n|t:|1783566667\n|move|p2a: Uxie|Psychic Noise|p1a: Mamoswine\n|-damage|p1a: Mamoswine|42/311\n|move|p1a: Mamoswine|Knock Off|p2a: Uxie\n|-supereffective|p2a: Uxie\n|-damage|p2a: Uxie|0 fnt\n|-enditem|p2a: Uxie|Leftovers|[from] move: Knock Off|[of] p1a: Mamoswine\n|faint|p2a: Uxie\n|\n|-end|p1a: Mamoswine|move: Heal Block\n|upkeep\n|\n|t:|1783566668\n|switch|p2a: Great Tusk|Great Tusk, L77|50/100\n|turn|24\n|inactive|Time left: 300 sec this turn | 300 sec total\n|\n|t:|1783566669\n|move|p2a: Great Tusk|Earthquake|p1a: Mamoswine\n|-damage|p1a: Mamoswine|0 fnt\n|faint|p1a: Mamoswine\n|\n|upkeep\n|inactive|Time left: 300 sec this turn | 300 sec total | 5 sec grace\n|\n|t:|1783566670\n|switch|p1a: Raikou|Raikou, L81|58/278\n|-ability|p1a: Raikou|Pressure\n|turn|25\n|inactive|Time left: 300 sec this turn | 300 sec total\n|\n|t:|1783566671\n|-end|p2a: Great Tusk|Protosynthesis|[silent]\n|switch|p2a: Regidrago|Regidrago, L77|100/100\n|move|p1a: Raikou|Scald|p2a: Regidrago\n|-resisted|p2a: Regidrago\n|-damage|p2a: Regidrago|89/100\n|\n|upkeep\n|turn|26\n|inactive|Time left: 300 sec this turn | 300 sec total\n|\n|t:|1783566672\n|move|p1a: Raikou|Scald|p2a: Regidrago\n|-resisted|p2a: Regidrago\n|-damage|p2a: Regidrago|78/100\n|move|p2a: Regidrago|Dragon Dance|p2a: Regidrago\n|-boost|p2a: Regidrago|atk|1\n|-boost|p2a: Regidrago|spe|1\n|\n|upkeep\n|turn|27\n|inactive|Time left: 300 sec this turn | 300 sec total\n|\n|t:|1783566673\n|move|p2a: Regidrago|Dragon Claw|p1a: Raikou\n|-damage|p1a: Raikou|0 fnt\n|faint|p1a: Raikou\n|-damage|p2a: Regidrago|69/100|[from] item: Life Orb\n|\n|upkeep\n|inactive|Time left: 300 sec this turn | 300 sec total | 5 sec grace\n|\n|t:|1783566675\n|switch|p1a: Regigigas|Regigigas, L84|322/322\n|-damage|p1a: Regigigas|282/322|[from] Stealth Rock\n|-start|p1a: Regigigas|ability: Slow Start\n|turn|28\n|inactive|Time left: 300 sec this turn | 300 sec total\n|\n|t:|1783566676\n|move|p1a: Regigigas|Protect|p1a: Regigigas\n|-singleturn|p1a: Regigigas|Protect\n|move|p2a: Regidrago|Dragon Claw|p1a: Regigigas\n|-activate|p1a: Regigigas|move: Protect\n|\n|-heal|p1a: Regigigas|302/322|[from] item: Leftovers\n|upkeep\n|turn|29\n|inactive|Time left: 300 sec this turn | 300 sec total\n|\n|t:|1783566676\n|move|p2a: Regidrago|Dragon Claw|p1a: Regigigas\n|-damage|p1a: Regigigas|121/322\n|-damage|p2a: Regidrago|59/100|[from] item: Life Orb\n|move|p1a: Regigigas|Substitute|p1a: Regigigas\n|-start|p1a: Regigigas|Substitute\n|-damage|p1a: Regigigas|41/322\n|\n|-heal|p1a: Regigigas|61/322|[from] item: Leftovers\n|upkeep\n|turn|30\n|inactive|Time left: 300 sec this turn | 300 sec total\n|\n|t:|1783566678\n|move|p1a: Regigigas|Protect|p1a: Regigigas\n|-singleturn|p1a: Regigigas|Protect\n|move|p2a: Regidrago|Earthquake|p1a: Regigigas\n|-activate|p1a: Regigigas|move: Protect\n|\n|-heal|p1a: Regigigas|81/322|[from] item: Leftovers\n|upkeep\n|turn|31\n|inactive|Time left: 300 sec this turn | 300 sec total\n|\n|t:|1783566679\n|move|p2a: Regidrago|Earthquake|p1a: Regigigas\n|-end|p1a: Regigigas|Substitute\n|-damage|p2a: Regidrago|49/100|[from] item: Life Orb\n|move|p1a: Regigigas|Substitute|p1a: Regigigas\n|-start|p1a: Regigigas|Substitute\n|-damage|p1a: Regigigas|1/322\n|\n|-heal|p1a: Regigigas|21/322|[from] item: Leftovers\n|upkeep\n|turn|32\n|inactive|Time left: 300 sec this turn | 300 sec total\n|\n|t:|1783566680\n|move|p1a: Regigigas|Protect|p1a: Regigigas\n|-singleturn|p1a: Regigigas|Protect\n|move|p2a: Regidrago|Dragon Claw|p1a: Regigigas\n|-activate|p1a: Regigigas|move: Protect\n|\n|-heal|p1a: Regigigas|41/322|[from] item: Leftovers\n|-end|p1a: Regigigas|Slow Start\n|upkeep\n|turn|33\n|inactive|Time left: 300 sec this turn | 300 sec total\n|\n|t:|1783566681\n|move|p1a: Regigigas|Protect|p1a: Regigigas\n|-singleturn|p1a: Regigigas|Protect\n|move|p2a: Regidrago|Dragon Claw|p1a: Regigigas\n|-activate|p1a: Regigigas|move: Protect\n|\n|-heal|p1a: Regigigas|61/322|[from] item: Leftovers\n|upkeep\n|turn|34\n|inactive|Time left: 300 sec this turn | 300 sec total\n|\n|t:|1783566682\n|move|p2a: Regidrago|Earthquake|p1a: Regigigas\n|-end|p1a: Regigigas|Substitute\n|-damage|p2a: Regidrago|39/100|[from] item: Life Orb\n|move|p1a: Regigigas|Body Slam|p2a: Regidrago\n|-damage|p2a: Regidrago|0 fnt\n|faint|p2a: Regidrago\n|\n|-heal|p1a: Regigigas|81/322|[from] item: Leftovers\n|upkeep\n|\n|t:|1783566682\n|switch|p2a: Great Tusk|Great Tusk, L77|50/100\n|turn|35\n|inactive|Time left: 300 sec this turn | 300 sec total\n|\n|t:|1783566683\n|move|p1a: Regigigas|Protect|p1a: Regigigas\n|-singleturn|p1a: Regigigas|Protect\n|move|p2a: Great Tusk|Earthquake|p1a: Regigigas\n|-activate|p1a: Regigigas|move: Protect\n|\n|-heal|p1a: Regigigas|101/322|[from] item: Leftovers\n|upkeep\n|turn|36\n|inactive|Time left: 300 sec this turn | 300 sec total\n|\n|t:|1783566684\n|move|p1a: Regigigas|Substitute|p1a: Regigigas\n|-start|p1a: Regigigas|Substitute\n|-damage|p1a: Regigigas|21/322\n|move|p2a: Great Tusk|Earthquake|p1a: Regigigas\n|-end|p1a: Regigigas|Substitute\n|\n|-heal|p1a: Regigigas|41/322|[from] item: Leftovers\n|upkeep\n|turn|37\n|inactive|Time left: 300 sec this turn | 300 sec total\n|\n|t:|1783566685\n|move|p1a: Regigigas|Body Slam|p2a: Great Tusk\n|-damage|p2a: Great Tusk|13/100\n|-status|p2a: Great Tusk|par\n|move|p2a: Great Tusk|Close Combat|p1a: Regigigas\n|-supereffective|p1a: Regigigas\n|-damage|p1a: Regigigas|0 fnt\n|-unboost|p2a: Great Tusk|def|1\n|-unboost|p2a: Great Tusk|spd|1\n|faint|p1a: Regigigas\n|-end|p1a: Regigigas|Slow Start|[silent]\n|\n|win|p0y2297840e", "uploadtime": 1783566685, "views": 0, "rating": 0, "private": 0, "password": null, "_winner": "p0y2297840e", "_our_name": "p0x229743dc"}