{"id": "battle-gen9randombattle-410", "formatid": "gen9randombattle", "format": "[Gen 9] Random Battle", "players": ["p0x410665f", "p0y41009f3"], "log": "|init|battle\n|title|p0x410665f vs. p0y41009f3\n|j|\u2606p0x410665f\n|j|\u2606p0y41009f3\n|t:|1783543818\n|gametype|singles\n|player|p1|p0x410665f|266|\n|player|p2|p0y41009f3|265|\n|gen|9\n|tier|[Gen 9] Random Battle\n|rule|Species Clause: Limit one of each Pok\u00e9mon\n|rule|HP Percentage Mod: HP is shown in percentages\n|rule|Sleep Clause Mod: Limit one foe put to sleep\n|rule|Illusion Level Mod: Illusion disguises the Pok\u00e9mon's true level\n|\n|t:|1783543818\n|teamsize|p1|6\n|teamsize|p2|6\n|start\n|switch|p1a: Venomoth|Venomoth, L84, F|255/255\n|switch|p2a: Zekrom|Zekrom, L71|100/100\n|-ability|p2a: Zekrom|Teravolt\n|turn|1\n|inactive|Battle timer is ON: inactive players will automatically lose when time's up. (requested by p0y41009f3)\n|inactive|Time left: 300 sec this turn | 300 sec total | 60 sec grace\n|inactive|p0x410665f also wants the timer to be on.\n|\n|t:|1783543820\n|move|p1a: Venomoth|Sleep Powder|p2a: Zekrom|[miss]\n|-miss|p1a: Venomoth|p2a: Zekrom\n|move|p2a: Zekrom|Outrage|p1a: Venomoth\n|-damage|p1a: Venomoth|90/255\n|\n|upkeep\n|turn|2\n|inactive|Time left: 300 sec this turn | 300 sec total\n|\n|t:|1783543821\n|move|p1a: Venomoth|Sleep Powder|p2a: Zekrom\n|-status|p2a: Zekrom|slp|[from] move: Sleep Powder\n|cant|p2a: Zekrom|slp\n|\n|-start|p2a: Zekrom|confusion|[fatigue]\n|upkeep\n|turn|3\n|inactive|Time left: 300 sec this turn | 300 sec total\n|\n|t:|1783543822\n|switch|p2a: Baxcalibur|Baxcalibur, L75, M|100/100\n|move|p1a: Venomoth|Quiver Dance|p1a: Venomoth\n|-boost|p1a: Venomoth|spa|1\n|-boost|p1a: Venomoth|spd|1\n|-boost|p1a: Venomoth|spe|1\n|\n|upkeep\n|turn|4\n|inactive|Time left: 300 sec this turn | 300 sec total\n|\n|t:|1783543824\n|move|p1a: Venomoth|Bug Buzz|p2a: Baxcalibur\n|-crit|p2a: Baxcalibur\n|-damage|p2a: Baxcalibur|20/100\n|move|p2a: Baxcalibur|Earthquake|p1a: Venomoth\n|-damage|p1a: Venomoth|0 fnt\n|faint|p1a: Venomoth\n|\n|upkeep\n|inactive|Time left: 300 sec this turn | 300 sec total | 5 sec grace\n|\n|t:|1783543825\n|switch|p1a: Basculegion|Basculegion-F, L83, F|335/335\n|turn|5\n|inactive|Time left: 300 sec this turn | 300 sec total\n|\n|t:|1783543826\n|move|p1a: Basculegion|Shadow Ball|p2a: Baxcalibur\n|-damage|p2a: Baxcalibur|0 fnt\n|faint|p2a: Baxcalibur\n|\n|upkeep\n|\n|t:|1783543827\n|switch|p2a: Bellossom|Bellossom, L84, F|100/100\n|turn|6\n|inactive|Time left: 300 sec this turn | 300 sec total\n|\n|t:|1783543828\n|move|p1a: Basculegion|Shadow Ball|p2a: Bellossom\n|-damage|p2a: Bellossom|38/100\n|move|p2a: Bellossom|Quiver Dance|p2a: Bellossom\n|-boost|p2a: Bellossom|spa|1\n|-boost|p2a: Bellossom|spd|1\n|-boost|p2a: Bellossom|spe|1\n|\n|-heal|p2a: Bellossom|44/100|[from] item: Leftovers\n|upkeep\n|turn|7\n|inactive|Time left: 300 sec this turn | 300 sec total\n|\n|t:|1783543829\n|move|p2a: Bellossom|Strength Sap|p1a: Basculegion\n|-unboost|p1a: Basculegion|atk|1\n|-heal|p2a: Bellossom|100/100\n|move|p1a: Basculegion|Shadow Ball|p2a: Bellossom\n|-damage|p2a: Bellossom|62/100\n|\n|-heal|p2a: Bellossom|69/100|[from] item: Leftovers\n|upkeep\n|turn|8\n|inactive|Time left: 300 sec this turn | 300 sec total\n|\n|t:|1783543830\n|move|p2a: Bellossom|Quiver Dance|p2a: Bellossom\n|-boost|p2a: Bellossom|spa|1\n|-boost|p2a: Bellossom|spd|1\n|-boost|p2a: Bellossom|spe|1\n|move|p1a: Basculegion|Shadow Ball|p2a: Bellossom\n|-damage|p2a: Bellossom|41/100\n|\n|-heal|p2a: Bellossom|47/100|[from] item: Leftovers\n|upkeep\n|turn|9\n|inactive|Time left: 300 sec this turn | 300 sec total\n|\n|t:|1783543831\n|switch|p1a: Bellibolt|Bellibolt, L84, F|320/320\n|move|p2a: Bellossom|Giga Drain|p1a: Bellibolt\n|-damage|p1a: Bellibolt|163/320\n|-heal|p2a: Bellossom|77/100|[from] drain|[of] p1a: Bellibolt\n|-start|p1a: Bellibolt|Charge|Giga Drain|[from] ability: Electromorphosis\n|\n|-heal|p2a: Bellossom|83/100|[from] item: Leftovers\n|-heal|p1a: Bellibolt|183/320|[from] item: Leftovers\n|upkeep\n|turn|10\n|inactive|Time left: 300 sec this turn | 300 sec total\n|\n|t:|1783543832\n|move|p2a: Bellossom|Giga Drain|p1a: Bellibolt\n|-damage|p1a: Bellibolt|17/320\n|-heal|p2a: Bellossom|100/100|[from] drain|[of] p1a: Bellibolt\n|-start|p1a: Bellibolt|Charge|Giga Drain|[from] ability: Electromorphosis\n|move|p1a: Bellibolt|Slack Off|p1a: Bellibolt\n|-heal|p1a: Bellibolt|177/320\n|\n|-heal|p1a: Bellibolt|197/320|[from] item: Leftovers\n|upkeep\n|turn|11\n|inactive|Time left: 300 sec this turn | 300 sec total\n|\n|t:|1783543833\n|move|p2a: Bellossom|Quiver Dance|p2a: Bellossom\n|-boost|p2a: Bellossom|spa|1\n|-boost|p2a: Bellossom|spd|1\n|-boost|p2a: Bellossom|spe|1\n|move|p1a: Bellibolt|Slack Off|p1a: Bellibolt\n|-heal|p1a: Bellibolt|320/320\n|\n|upkeep\n|turn|12\n|inactive|Time left: 300 sec this turn | 300 sec total\n|\n|t:|1783543835\n|move|p2a: Bellossom|Giga Drain|p1a: Bellibolt\n|-damage|p1a: Bellibolt|121/320\n|-start|p1a: Bellibolt|Charge|Giga Drain|[from] ability: Electromorphosis\n|move|p1a: Bellibolt|Slack Off|p1a: Bellibolt\n|-heal|p1a: Bellibolt|281/320\n|\n|-heal|p1a: Bellibolt|301/320|[from] item: Leftovers\n|upkeep\n|turn|13\n|inactive|Time left: 300 sec this turn | 300 sec total\n|\n|t:|1783543836\n|move|p2a: Bellossom|Giga Drain|p1a: Bellibolt\n|-damage|p1a: Bellibolt|123/320\n|-start|p1a: Bellibolt|Charge|Giga Drain|[from] ability: Electromorphosis\n|move|p1a: Bellibolt|Slack Off|p1a: Bellibolt\n|-heal|p1a: Bellibolt|283/320\n|\n|-heal|p1a: Bellibolt|303/320|[from] item: Leftovers\n|upkeep\n|turn|14\n|inactive|Time left: 300 sec this turn | 300 sec total\n|\n|t:|1783543837\n|move|p2a: Bellossom|Giga Drain|p1a: Bellibolt\n|-damage|p1a: Bellibolt|114/320\n|-start|p1a: Bellibolt|Charge|Giga Drain|[from] ability: Electromorphosis\n|move|p1a: Bellibolt|Slack Off|p1a: Bellibolt\n|-heal|p1a: Bellibolt|274/320\n|\n|-heal|p1a: Bellibolt|294/320|[from] item: Leftovers\n|upkeep\n|turn|15\n|inactive|Time left: 300 sec this turn | 300 sec total\n|\n|t:|1783543838\n|move|p2a: Bellossom|Giga Drain|p1a: Bellibolt\n|-damage|p1a: Bellibolt|99/320\n|-start|p1a: Bellibolt|Charge|Giga Drain|[from] ability: Electromorphosis\n|move|p1a: Bellibolt|Slack Off|p1a: Bellibolt\n|-heal|p1a: Bellibolt|259/320\n|\n|-heal|p1a: Bellibolt|279/320|[from] item: Leftovers\n|upkeep\n|turn|16\n|inactive|Time left: 300 sec this turn | 300 sec total\n|\n|t:|1783543839\n|move|p2a: Bellossom|Giga Drain|p1a: Bellibolt\n|-damage|p1a: Bellibolt|77/320\n|-start|p1a: Bellibolt|Charge|Giga Drain|[from] ability: Electromorphosis\n|move|p1a: Bellibolt|Slack Off|p1a: Bellibolt\n|-heal|p1a: Bellibolt|237/320\n|\n|-heal|p1a: Bellibolt|257/320|[from] item: Leftovers\n|upkeep\n|turn|17\n|inactive|Time left: 300 sec this turn | 300 sec total\n|\n|t:|1783543840\n|move|p2a: Bellossom|Giga Drain|p1a: Bellibolt\n|-damage|p1a: Bellibolt|47/320\n|-start|p1a: Bellibolt|Charge|Giga Drain|[from] ability: Electromorphosis\n|move|p1a: Bellibolt|Slack Off|p1a: Bellibolt\n|-heal|p1a: Bellibolt|207/320\n|\n|-heal|p1a: Bellibolt|227/320|[from] item: Leftovers\n|upkeep\n|turn|18\n|inactive|Time left: 300 sec this turn | 300 sec total\n|\n|t:|1783543841\n|move|p2a: Bellossom|Giga Drain|p1a: Bellibolt\n|-damage|p1a: Bellibolt|37/320\n|-start|p1a: Bellibolt|Charge|Giga Drain|[from] ability: Electromorphosis\n|move|p1a: Bellibolt|Thunderbolt|p2a: Bellossom\n|-resisted|p2a: Bellossom\n|-damage|p2a: Bellossom|87/100\n|-end|p1a: Bellibolt|Charge|[silent]\n|\n|-heal|p2a: Bellossom|93/100|[from] item: Leftovers\n|-heal|p1a: Bellibolt|57/320|[from] item: Leftovers\n|upkeep\n|turn|19\n|inactive|Time left: 300 sec this turn | 300 sec total\n|\n|t:|1783543841\n|move|p2a: Bellossom|Moonblast|p1a: Bellibolt\n|-damage|p1a: Bellibolt|0 fnt\n|faint|p1a: Bellibolt\n|\n|-heal|p2a: Bellossom|99/100|[from] item: Leftovers\n|upkeep\n|inactive|Time left: 300 sec this turn | 300 sec total | 5 sec grace\n|\n|t:|1783543842\n|switch|p1a: Sableye|Sableye, L88, M|231/231\n|turn|20\n|inactive|Time left: 300 sec this turn | 300 sec total\n|\n|t:|1783543843\n|-terastallize|p1a: Sableye|Poison\n|move|p1a: Sableye|Encore|p2a: Bellossom\n|-start|p2a: Bellossom|Encore\n|move|p2a: Bellossom|Moonblast|p1a: Sableye\n|-resisted|p1a: Sableye\n|-damage|p1a: Sableye|130/231\n|\n|-heal|p2a: Bellossom|100/100|[from] item: Leftovers\n|-heal|p1a: Sableye|144/231|[from] item: Leftovers\n|upkeep\n|turn|21\n|inactive|Time left: 300 sec this turn | 300 sec total\n|\n|t:|1783543844\n|move|p2a: Bellossom|Moonblast|p1a: Sableye\n|-resisted|p1a: Sableye\n|-damage|p1a: Sableye|51/231\n|-unboost|p1a: Sableye|spa|1\n|move|p1a: Sableye|Knock Off|p2a: Bellossom\n|-damage|p2a: Bellossom|64/100\n|-enditem|p2a: Bellossom|Leftovers|[from] move: Knock Off|[of] p1a: Sableye\n|\n|-heal|p1a: Sableye|65/231|[from] item: Leftovers\n|upkeep\n|turn|22\n|inactive|Time left: 300 sec this turn | 300 sec total\n|\n|t:|1783543845\n|move|p1a: Sableye|Recover|p1a: Sableye\n|-heal|p1a: Sableye|181/231\n|move|p2a: Bellossom|Moonblast|p1a: Sableye\n|-resisted|p1a: Sableye\n|-damage|p1a: Sableye|88/231\n|-unboost|p1a: Sableye|spa|1\n|\n|-heal|p1a: Sableye|102/231|[from] item: Leftovers\n|-end|p2a: Bellossom|Encore\n|upkeep\n|turn|23\n|inactive|Time left: 300 sec this turn | 300 sec total\n|\n|t:|1783543846\n|move|p1a: Sableye|Encore|p2a: Bellossom\n|-start|p2a: Bellossom|Encore\n|move|p2a: Bellossom|Moonblast|p1a: Sableye\n|-resisted|p1a: Sableye\n|-damage|p1a: Sableye|9/231\n|-unboost|p1a: Sableye|spa|1\n|\n|-heal|p1a: Sableye|23/231|[from] item: Leftovers\n|upkeep\n|turn|24\n|inactive|Time left: 300 sec this turn | 300 sec total\n|\n|t:|1783543847\n|move|p1a: Sableye|Recover|p1a: Sableye\n|-heal|p1a: Sableye|139/231\n|move|p2a: Bellossom|Moonblast|p1a: Sableye\n|-resisted|p1a: Sableye\n|-damage|p1a: Sableye|42/231\n|\n|-heal|p1a: Sableye|56/231|[from] item: Leftovers\n|upkeep\n|turn|25\n|inactive|Time left: 300 sec this turn | 300 sec total\n|\n|t:|1783543848\n|move|p1a: Sableye|Recover|p1a: Sableye\n|-heal|p1a: Sableye|172/231\n|move|p2a: Bellossom|Moonblast|p1a: Sableye\n|-resisted|p1a: Sableye\n|-damage|p1a: Sableye|75/231\n|-unboost|p1a: Sableye|spa|1\n|\n|-heal|p1a: Sableye|89/231|[from] item: Leftovers\n|-end|p2a: Bellossom|Encore\n|upkeep\n|turn|26\n|inactive|Time left: 300 sec this turn | 300 sec total\n|\n|t:|1783543849\n|move|p1a: Sableye|Encore|p2a: Bellossom\n|-start|p2a: Bellossom|Encore\n|move|p2a: Bellossom|Moonblast|p1a: Sableye\n|-resisted|p1a: Sableye\n|-damage|p1a: Sableye|0 fnt\n|faint|p1a: Sableye\n|\n|upkeep\n|inactive|Time left: 300 sec this turn | 300 sec total | 5 sec grace\n|\n|t:|1783543849\n|switch|p1a: Alomomola|Alomomola, L87, M|429/429\n|turn|27\n|inactive|Time left: 300 sec this turn | 300 sec total\n|\n|t:|1783543850\n|move|p2a: Bellossom|Moonblast|p1a: Alomomola\n|-crit|p1a: Alomomola\n|-damage|p1a: Alomomola|59/429\n|move|p1a: Alomomola|Flip Turn|p2a: Bellossom\n|-resisted|p2a: Bellossom\n|-damage|p2a: Bellossom|54/100\n|inactive|Time left: 300 sec this turn | 300 sec total | 5 sec grace\n|\n|t:|1783543851\n|switch|p1a: Basculegion|Basculegion-F, L83, F|335/335|[from] Flip Turn\n|\n|upkeep\n|turn|28\n|inactive|Time left: 300 sec this turn | 300 sec total\n|\n|t:|1783543852\n|move|p2a: Bellossom|Moonblast|p1a: Basculegion\n|-damage|p1a: Basculegion|169/335\n|move|p1a: Basculegion|Ice Beam|p2a: Bellossom\n|-supereffective|p2a: Bellossom\n|-damage|p2a: Bellossom|26/100\n|\n|-end|p2a: Bellossom|Encore\n|upkeep\n|turn|29\n|inactive|Time left: 300 sec this turn | 300 sec total\n|\n|t:|1783543853\n|move|p2a: Bellossom|Giga Drain|p1a: Basculegion\n|-supereffective|p1a: Basculegion\n|-damage|p1a: Basculegion|0 fnt\n|-heal|p2a: Bellossom|58/100|[from] drain|[of] p1a: Basculegion\n|faint|p1a: Basculegion\n|\n|upkeep\n|inactive|Time left: 300 sec this turn | 300 sec total | 5 sec grace\n|\n|t:|1783543854\n|switch|p1a: Alomomola|Alomomola, L87, M|202/429\n|turn|30\n|inactive|Time left: 300 sec this turn | 300 sec total\n|\n|t:|1783543855\n|move|p1a: Alomomola|Protect|p1a: Alomomola\n|-singleturn|p1a: Alomomola|Protect\n|move|p2a: Bellossom|Giga Drain|p1a: Alomomola\n|-activate|p1a: Alomomola|move: Protect\n|\n|upkeep\n|turn|31\n|inactive|Time left: 300 sec this turn | 300 sec total\n|\n|t:|1783543856\n|switch|p1a: Ampharos|Ampharos, L88, F|302/302\n|move|p2a: Bellossom|Moonblast|p1a: Ampharos\n|-damage|p1a: Ampharos|149/302\n|-unboost|p1a: Ampharos|spa|1\n|\n|upkeep\n|turn|32\n|inactive|Time left: 300 sec this turn | 300 sec total\n|\n|t:|1783543857\n|move|p2a: Bellossom|Giga Drain|p1a: Ampharos\n|-damage|p1a: Ampharos|0 fnt\n|-heal|p2a: Bellossom|86/100|[from] drain|[of] p1a: Ampharos\n|faint|p1a: Ampharos\n|\n|upkeep\n|inactive|Time left: 300 sec this turn | 300 sec total | 5 sec grace\n|\n|t:|1783543858\n|switch|p1a: Alomomola|Alomomola, L87, M|345/429\n|turn|33\n|inactive|Time left: 300 sec this turn | 300 sec total\n|\n|t:|1783543859\n|-terastallize|p2a: Bellossom|Fairy\n|move|p1a: Alomomola|Protect|p1a: Alomomola\n|-singleturn|p1a: Alomomola|Protect\n|move|p2a: Bellossom|Giga Drain|p1a: Alomomola\n|-activate|p1a: Alomomola|move: Protect\n|\n|upkeep\n|turn|34\n|inactive|Time left: 300 sec this turn | 300 sec total\n|\n|t:|1783543860\n|move|p1a: Alomomola|Protect||[still]\n|-fail|p1a: Alomomola\n|move|p2a: Bellossom|Giga Drain|p1a: Alomomola\n|-supereffective|p1a: Alomomola\n|-damage|p1a: Alomomola|0 fnt\n|-heal|p2a: Bellossom|100/100|[from] drain|[of] p1a: Alomomola\n|faint|p1a: Alomomola\n|\n|win|p0y41009f3", "uploadtime": 1783543860, "views": 0, "rating": 0, "private": 0, "password": null, "_winner": "p0y41009f3", "_our_name": "p0x410665f"}