{"id": "battle-gen9randombattle-1601", "formatid": "gen9randombattle", "format": "[Gen 9] Random Battle", "players": ["p0x160126ae", "p0y160166c1"], "log": "|init|battle\n|title|p0x160126ae vs. p0y160166c1\n|j|\u2606p0x160126ae\n|j|\u2606p0y160166c1\n|t:|1783558538\n|gametype|singles\n|player|p1|p0x160126ae|1|\n|player|p2|p0y160166c1|266|\n|gen|9\n|tier|[Gen 9] Random Battle\n|rule|Species Clause: Limit one of each Pok\u00e9mon\n|rule|HP Percentage Mod: HP is shown in percentages\n|rule|Sleep Clause Mod: Limit one foe put to sleep\n|rule|Illusion Level Mod: Illusion disguises the Pok\u00e9mon's true level\n|\n|t:|1783558538\n|teamsize|p1|6\n|teamsize|p2|6\n|start\n|switch|p1a: Gastrodon|Gastrodon-East, L86, F|100/100\n|switch|p2a: Darkrai|Darkrai, L77|234/234\n|turn|1\n|inactive|Battle timer is ON: inactive players will automatically lose when time's up. (requested by p0x160126ae)\n|inactive|Time left: 300 sec this turn | 300 sec total | 60 sec grace\n|inactive|p0y160166c1 also wants the timer to be on.\n|\n|t:|1783558540\n|move|p2a: Darkrai|Nasty Plot|p2a: Darkrai\n|-boost|p2a: Darkrai|spa|2\n|move|p1a: Gastrodon|Earthquake|p2a: Darkrai\n|-damage|p2a: Darkrai|137/234\n|\n|upkeep\n|turn|2\n|inactive|Time left: 300 sec this turn | 300 sec total\n|\n|t:|1783558541\n|move|p2a: Darkrai|Dark Pulse|p1a: Gastrodon\n|-damage|p1a: Gastrodon|26/100\n|-damage|p2a: Darkrai|114/234|[from] item: Life Orb\n|move|p1a: Gastrodon|Earthquake|p2a: Darkrai\n|-damage|p2a: Darkrai|17/234\n|\n|-heal|p1a: Gastrodon|32/100|[from] item: Leftovers\n|upkeep\n|turn|3\n|inactive|Time left: 300 sec this turn | 300 sec total\n|\n|t:|1783558542\n|move|p2a: Darkrai|Dark Pulse|p1a: Gastrodon\n|-damage|p1a: Gastrodon|0 fnt\n|faint|p1a: Gastrodon\n|-damage|p2a: Darkrai|0 fnt|[from] item: Life Orb\n|faint|p2a: Darkrai\n|\n|upkeep\n|inactive|Time left: 300 sec this turn | 300 sec total | 5 sec grace\n|\n|t:|1783558542\n|switch|p2a: Mabosstiff|Mabosstiff, L86, F|278/278\n|switch|p1a: Volcarona|Volcarona, L77, M|100/100\n|turn|4\n|inactive|Time left: 300 sec this turn | 300 sec total\n|\n|t:|1783558543\n|-terastallize|p2a: Mabosstiff|Dark\n|move|p1a: Volcarona|Bug Buzz|p2a: Mabosstiff\n|-supereffective|p2a: Mabosstiff\n|-damage|p2a: Mabosstiff|50/278\n|move|p2a: Mabosstiff|Crunch|p1a: Volcarona\n|-damage|p1a: Volcarona|0 fnt\n|faint|p1a: Volcarona\n|\n|upkeep\n|\n|t:|1783558544\n|switch|p1a: Iron Hands|Iron Hands, L79|100/100\n|turn|5\n|inactive|Time left: 300 sec this turn | 300 sec total\n|\n|t:|1783558545\n|move|p2a: Mabosstiff|Crunch|p1a: Iron Hands\n|-resisted|p1a: Iron Hands\n|-damage|p1a: Iron Hands|73/100\n|move|p1a: Iron Hands|Heavy Slam|p2a: Mabosstiff\n|-damage|p2a: Mabosstiff|0 fnt\n|faint|p2a: Mabosstiff\n|\n|upkeep\n|inactive|Time left: 300 sec this turn | 300 sec total | 5 sec grace\n|\n|t:|1783558545\n|switch|p2a: Iron Crown|Iron Crown, L78|268/268\n|turn|6\n|inactive|Time left: 300 sec this turn | 300 sec total\n|\n|t:|1783558546\n|move|p2a: Iron Crown|Psyshock|p1a: Iron Hands\n|-supereffective|p1a: Iron Hands\n|-damage|p1a: Iron Hands|6/100\n|move|p1a: Iron Hands|Drain Punch|p2a: Iron Crown\n|-damage|p2a: Iron Crown|172/268\n|-heal|p1a: Iron Hands|18/100|[from] drain|[of] p2a: Iron Crown\n|\n|upkeep\n|turn|7\n|inactive|Time left: 300 sec this turn | 300 sec total\n|\n|t:|1783558547\n|-end|p1a: Iron Hands|Quark Drive|[silent]\n|switch|p1a: Bombirdier|Bombirdier, L85, F|100/100\n|move|p2a: Iron Crown|Psyshock|p1a: Bombirdier\n|-immune|p1a: Bombirdier\n|\n|upkeep\n|turn|8\n|inactive|Time left: 300 sec this turn | 300 sec total\n|\n|t:|1783558547\n|-end|p2a: Iron Crown|Quark Drive|[silent]\n|switch|p2a: Cetitan|Cetitan, L82, F|412/412\n|move|p1a: Bombirdier|Knock Off|p2a: Cetitan\n|-damage|p2a: Cetitan|274/412\n|-enditem|p2a: Cetitan|Sitrus Berry|[from] move: Knock Off|[of] p1a: Bombirdier\n|\n|upkeep\n|turn|9\n|inactive|Time left: 300 sec this turn | 300 sec total\n|\n|t:|1783558548\n|switch|p1a: Hypno|Hypno, L95, F|100/100\n|move|p2a: Cetitan|Ice Spinner|p1a: Hypno\n|-damage|p1a: Hypno|71/100\n|\n|-heal|p1a: Hypno|77/100|[from] item: Leftovers\n|upkeep\n|turn|10\n|inactive|Time left: 300 sec this turn | 300 sec total\n|\n|t:|1783558549\n|move|p1a: Hypno|Focus Blast|p2a: Cetitan\n|-supereffective|p2a: Cetitan\n|-damage|p2a: Cetitan|34/412\n|move|p2a: Cetitan|Ice Spinner|p1a: Hypno\n|-damage|p1a: Hypno|48/100\n|\n|-heal|p1a: Hypno|54/100|[from] item: Leftovers\n|upkeep\n|turn|11\n|inactive|Time left: 300 sec this turn | 300 sec total\n|\n|t:|1783558550\n|move|p2a: Cetitan|Ice Shard|p1a: Hypno\n|-damage|p1a: Hypno|39/100\n|move|p1a: Hypno|Psychic Noise|p2a: Cetitan\n|-damage|p2a: Cetitan|0 fnt\n|faint|p2a: Cetitan\n|\n|-heal|p1a: Hypno|45/100|[from] item: Leftovers\n|upkeep\n|inactive|Time left: 300 sec this turn | 300 sec total | 5 sec grace\n|\n|t:|1783558550\n|switch|p2a: Charizard|Charizard, L85, F|271/271\n|turn|12\n|inactive|Time left: 300 sec this turn | 300 sec total\n|\n|t:|1783558551\n|move|p2a: Charizard|Dragon Dance|p2a: Charizard\n|-boost|p2a: Charizard|atk|1\n|-boost|p2a: Charizard|spe|1\n|move|p1a: Hypno|Toxic|p2a: Charizard\n|-status|p2a: Charizard|tox\n|\n|-heal|p1a: Hypno|51/100|[from] item: Leftovers\n|-damage|p2a: Charizard|255/271 tox|[from] psn\n|upkeep\n|turn|13\n|inactive|Time left: 300 sec this turn | 300 sec total\n|\n|t:|1783558552\n|move|p1a: Hypno|Protect|p1a: Hypno\n|-singleturn|p1a: Hypno|Protect\n|move|p2a: Charizard|Flare Blitz|p1a: Hypno\n|-activate|p1a: Hypno|move: Protect\n|\n|-heal|p1a: Hypno|57/100|[from] item: Leftovers\n|-damage|p2a: Charizard|223/271 tox|[from] psn\n|upkeep\n|turn|14\n|inactive|Time left: 300 sec this turn | 300 sec total\n|\n|t:|1783558553\n|move|p2a: Charizard|Flare Blitz|p1a: Hypno\n|-damage|p1a: Hypno|1/100\n|-damage|p2a: Charizard|165/271 tox|[from] Recoil\n|move|p1a: Hypno|Psychic Noise|p2a: Charizard\n|-damage|p2a: Charizard|80/271 tox\n|-start|p2a: Charizard|move: Heal Block\n|\n|-heal|p1a: Hypno|7/100|[from] item: Leftovers\n|-damage|p2a: Charizard|32/271 tox|[from] psn\n|upkeep\n|turn|15\n|inactive|Time left: 300 sec this turn | 300 sec total\n|\n|t:|1783558554\n|move|p1a: Hypno|Protect|p1a: Hypno\n|-singleturn|p1a: Hypno|Protect\n|move|p2a: Charizard|Flare Blitz|p1a: Hypno\n|-activate|p1a: Hypno|move: Protect\n|\n|-heal|p1a: Hypno|14/100|[from] item: Leftovers\n|-damage|p2a: Charizard|0 fnt|[from] psn\n|faint|p2a: Charizard\n|upkeep\n|inactive|Time left: 300 sec this turn | 300 sec total | 5 sec grace\n|\n|t:|1783558555\n|switch|p2a: Iron Crown|Iron Crown, L78|172/268\n|turn|16\n|inactive|Time left: 300 sec this turn | 300 sec total\n|\n|t:|1783558556\n|move|p2a: Iron Crown|Tachyon Cutter|p1a: Hypno\n|-damage|p1a: Hypno|0 fnt\n|faint|p1a: Hypno\n|-hitcount|p1: Hypno|1\n|\n|upkeep\n|\n|t:|1783558557\n|switch|p1a: Bombirdier|Bombirdier, L85, F|100/100\n|turn|17\n|inactive|Time left: 300 sec this turn | 300 sec total\n|\n|t:|1783558558\n|-end|p2a: Iron Crown|Quark Drive|[silent]\n|switch|p2a: Politoed|Politoed, L88, M|302/302\n|-weather|RainDance|[from] ability: Drizzle|[of] p2a: Politoed\n|-terastallize|p1a: Bombirdier|Dark\n|move|p1a: Bombirdier|Knock Off|p2a: Politoed\n|-damage|p2a: Politoed|156/302\n|-enditem|p2a: Politoed|Chesto Berry|[from] move: Knock Off|[of] p1a: Bombirdier\n|\n|-weather|RainDance|[upkeep]\n|upkeep\n|turn|18\n|inactive|Time left: 300 sec this turn | 300 sec total\n|\n|t:|1783558559\n|move|p1a: Bombirdier|Knock Off|p2a: Politoed\n|-damage|p2a: Politoed|50/302\n|move|p2a: Politoed|Surf|p1a: Bombirdier\n|-damage|p1a: Bombirdier|46/100\n|\n|-weather|RainDance|[upkeep]\n|upkeep\n|turn|19\n|inactive|Time left: 300 sec this turn | 300 sec total\n|\n|t:|1783558560\n|move|p1a: Bombirdier|Knock Off|p2a: Politoed\n|-damage|p2a: Politoed|0 fnt\n|faint|p2a: Politoed\n|\n|-weather|RainDance|[upkeep]\n|upkeep\n|inactive|Time left: 300 sec this turn | 300 sec total | 5 sec grace\n|\n|t:|1783558561\n|switch|p2a: Iron Crown|Iron Crown, L78|172/268\n|turn|20\n|inactive|Time left: 300 sec this turn | 300 sec total\n|\n|t:|1783558562\n|move|p1a: Bombirdier|Sucker Punch|p2a: Iron Crown\n|-supereffective|p2a: Iron Crown\n|-damage|p2a: Iron Crown|0 fnt\n|faint|p2a: Iron Crown\n|-end|p2a: Iron Crown|Quark Drive|[silent]\n|\n|win|p0x160126ae", "uploadtime": 1783558562, "views": 0, "rating": 0, "private": 0, "password": null, "_winner": "p0x160126ae", "_our_name": "p0y160166c1"}