{"id": "battle-gen9randombattle-66", "formatid": "gen9randombattle", "format": "[Gen 9] Random Battle", "players": ["p0x066e21f", "p0y066ad13"], "log": "|init|battle\n|title|p0x066e21f vs. p0y066ad13\n|j|\u2606p0x066e21f\n|j|\u2606p0y066ad13\n|t:|1783539957\n|gametype|singles\n|player|p1|p0x066e21f|265|\n|player|p2|p0y066ad13|266|\n|gen|9\n|tier|[Gen 9] Random Battle\n|rule|Species Clause: Limit one of each Pok\u00e9mon\n|rule|HP Percentage Mod: HP is shown in percentages\n|rule|Sleep Clause Mod: Limit one foe put to sleep\n|rule|Illusion Level Mod: Illusion disguises the Pok\u00e9mon's true level\n|\n|t:|1783539957\n|teamsize|p1|6\n|teamsize|p2|6\n|start\n|switch|p1a: Rayquaza|Rayquaza, L72|100/100\n|switch|p2a: Umbreon|Umbreon, L84, F|297/297\n|-ability|p1a: Rayquaza|Air Lock\n|turn|1\n|inactive|Battle timer is ON: inactive players will automatically lose when time's up. (requested by p0y066ad13)\n|inactive|p0x066e21f also wants the timer to be on.\n|\n|t:|1783539959\n|switch|p1a: Noctowl|Noctowl, L95, F|100/100\n|move|p2a: Umbreon|Foul Play|p1a: Noctowl\n|-damage|p1a: Noctowl|83/100\n|\n|upkeep\n|turn|2\n|inactive|Time left: 300 sec this turn | 300 sec total\n|\n|t:|1783539960\n|move|p1a: Noctowl|Calm Mind|p1a: Noctowl\n|-boost|p1a: Noctowl|spa|1\n|-boost|p1a: Noctowl|spd|1\n|move|p2a: Umbreon|Toxic|p1a: Noctowl\n|-status|p1a: Noctowl|tox\n|\n|-damage|p1a: Noctowl|77/100 tox|[from] psn\n|upkeep\n|turn|3\n|inactive|Time left: 300 sec this turn | 300 sec total\n|\n|t:|1783539961\n|move|p1a: Noctowl|Hurricane|p2a: Umbreon\n|-damage|p2a: Umbreon|156/297\n|-start|p2a: Umbreon|confusion\n|-activate|p2a: Umbreon|confusion\n|move|p2a: Umbreon|Foul Play|p1a: Noctowl\n|-damage|p1a: Noctowl|60/100 tox\n|\n|-heal|p2a: Umbreon|174/297|[from] item: Leftovers\n|-damage|p1a: Noctowl|48/100 tox|[from] psn\n|upkeep\n|turn|4\n|inactive|Time left: 300 sec this turn | 300 sec total\n|\n|t:|1783539962\n|switch|p2a: Typhlosion|Typhlosion-Hisui, L83, M|257/257\n|move|p1a: Noctowl|Roost|p1a: Noctowl\n|-heal|p1a: Noctowl|98/100 tox\n|-singleturn|p1a: Noctowl|move: Roost\n|\n|-damage|p1a: Noctowl|79/100 tox|[from] psn\n|upkeep\n|turn|5\n|inactive|Time left: 300 sec this turn | 300 sec total\n|\n|t:|1783539963\n|move|p2a: Typhlosion|Eruption|p1a: Noctowl\n|-damage|p1a: Noctowl|50/100 tox\n|move|p1a: Noctowl|Hurricane|p2a: Typhlosion\n|-damage|p2a: Typhlosion|61/257\n|\n|-damage|p1a: Noctowl|25/100 tox|[from] psn\n|upkeep\n|turn|6\n|inactive|Time left: 300 sec this turn | 300 sec total\n|\n|t:|1783539964\n|move|p2a: Typhlosion|Eruption|p1a: Noctowl\n|-damage|p1a: Noctowl|14/100 tox\n|move|p1a: Noctowl|Roost|p1a: Noctowl\n|-heal|p1a: Noctowl|64/100 tox\n|-singleturn|p1a: Noctowl|move: Roost\n|\n|-damage|p1a: Noctowl|34/100 tox|[from] psn\n|upkeep\n|turn|7\n|inactive|Time left: 300 sec this turn | 300 sec total\n|\n|t:|1783539965\n|move|p2a: Typhlosion|Eruption|p1a: Noctowl\n|-damage|p1a: Noctowl|24/100 tox\n|move|p1a: Noctowl|Hurricane|p2a: Typhlosion\n|-damage|p2a: Typhlosion|0 fnt\n|faint|p2a: Typhlosion\n|\n|-damage|p1a: Noctowl|0 fnt|[from] psn\n|faint|p1a: Noctowl\n|upkeep\n|inactive|Time left: 300 sec this turn | 300 sec total | 5 sec grace\n|\n|t:|1783539966\n|switch|p2a: Umbreon|Umbreon, L84, F|174/297\n|switch|p1a: Entei|Entei, L78|100/100\n|turn|8\n|inactive|Time left: 300 sec this turn | 300 sec total\n|\n|t:|1783539967\n|move|p1a: Entei|Sacred Fire|p2a: Umbreon\n|-damage|p2a: Umbreon|36/297\n|-status|p2a: Umbreon|brn\n|-activate|p2a: Umbreon|ability: Synchronize\n|-immune|p1a: Entei\n|move|p2a: Umbreon|Foul Play|p1a: Entei\n|-damage|p1a: Entei|81/100\n|\n|-heal|p2a: Umbreon|54/297 brn|[from] item: Leftovers\n|-damage|p2a: Umbreon|36/297 brn|[from] brn\n|upkeep\n|turn|9\n|inactive|Time left: 300 sec this turn | 300 sec total\n|\n|t:|1783539968\n|move|p1a: Entei|Sacred Fire|p2a: Umbreon\n|-damage|p2a: Umbreon|0 fnt\n|faint|p2a: Umbreon\n|\n|upkeep\n|inactive|Time left: 300 sec this turn | 300 sec total | 5 sec grace\n|\n|t:|1783539969\n|switch|p2a: Charizard|Charizard, L85, M|271/271\n|turn|10\n|inactive|Time left: 300 sec this turn | 300 sec total\n|\n|t:|1783539970\n|move|p2a: Charizard|Dragon Dance|p2a: Charizard\n|-boost|p2a: Charizard|atk|1\n|-boost|p2a: Charizard|spe|1\n|move|p1a: Entei|Sacred Fire|p2a: Charizard\n|-resisted|p2a: Charizard\n|-damage|p2a: Charizard|182/271\n|\n|upkeep\n|turn|11\n|inactive|Time left: 300 sec this turn | 300 sec total\n|\n|t:|1783539971\n|move|p2a: Charizard|Earthquake|p1a: Entei\n|-supereffective|p1a: Entei\n|-damage|p1a: Entei|15/100\n|move|p1a: Entei|Sacred Fire|p2a: Charizard\n|-resisted|p2a: Charizard\n|-damage|p2a: Charizard|104/271\n|\n|upkeep\n|turn|12\n|inactive|Time left: 300 sec this turn | 300 sec total\n|\n|t:|1783539972\n|move|p2a: Charizard|Flare Blitz|p1a: Entei\n|-resisted|p1a: Entei\n|-damage|p1a: Entei|0 fnt\n|faint|p1a: Entei\n|-damage|p2a: Charizard|89/271|[from] Recoil\n|\n|upkeep\n|\n|t:|1783539973\n|switch|p1a: Deoxys|Deoxys-Speed, L82|100/100\n|-ability|p1a: Deoxys|Pressure\n|turn|13\n|inactive|Time left: 300 sec this turn | 300 sec total\n|\n|t:|1783539974\n|move|p1a: Deoxys|Psycho Boost|p2a: Charizard\n|-damage|p2a: Charizard|0 fnt\n|-unboost|p1a: Deoxys|spa|2\n|faint|p2a: Charizard\n|-damage|p1a: Deoxys|91/100|[from] item: Life Orb\n|\n|upkeep\n|inactive|Time left: 300 sec this turn | 300 sec total | 5 sec grace\n|\n|t:|1783539974\n|switch|p2a: Barraskewda|Barraskewda, L81, F|231/231\n|turn|14\n|inactive|Time left: 300 sec this turn | 300 sec total\n|\n|t:|1783539975\n|switch|p1a: Kingdra|Kingdra, L84, M|100/100\n|move|p2a: Barraskewda|Waterfall|p1a: Kingdra\n|-resisted|p1a: Kingdra\n|-damage|p1a: Kingdra|88/100\n|\n|upkeep\n|turn|15\n|inactive|Time left: 300 sec this turn | 300 sec total\n|\n|t:|1783539976\n|move|p2a: Barraskewda|Waterfall|p1a: Kingdra\n|-resisted|p1a: Kingdra\n|-damage|p1a: Kingdra|76/100\n|move|p1a: Kingdra|Dragon Dance|p1a: Kingdra\n|-boost|p1a: Kingdra|atk|1\n|-boost|p1a: Kingdra|spe|1\n|\n|upkeep\n|turn|16\n|inactive|Time left: 300 sec this turn | 300 sec total\n|\n|t:|1783539977\n|switch|p2a: Mesprit|Mesprit, L85|275/275\n|move|p1a: Kingdra|Outrage|p2a: Mesprit\n|-damage|p2a: Mesprit|125/275\n|\n|-heal|p2a: Mesprit|142/275|[from] item: Leftovers\n|upkeep\n|turn|17\n|inactive|Time left: 300 sec this turn | 300 sec total\n|\n|t:|1783539978\n|move|p1a: Kingdra|Outrage|p2a: Mesprit|[from] lockedmove\n|-damage|p2a: Mesprit|0 fnt\n|faint|p2a: Mesprit\n|-start|p1a: Kingdra|confusion|[fatigue]\n|-enditem|p1a: Kingdra|Lum Berry|[eat]\n|-end|p1a: Kingdra|confusion\n|\n|upkeep\n|inactive|Time left: 300 sec this turn | 300 sec total | 5 sec grace\n|\n|t:|1783539979\n|switch|p2a: Electivire|Electivire, L84, F|263/263\n|turn|18\n|inactive|Time left: 300 sec this turn | 300 sec total\n|\n|t:|1783539980\n|move|p1a: Kingdra|Outrage|p2a: Electivire\n|-damage|p2a: Electivire|43/263\n|move|p2a: Electivire|Flamethrower|p1a: Kingdra\n|-resisted|p1a: Kingdra\n|-damage|p1a: Kingdra|68/100\n|-status|p1a: Kingdra|brn\n|-damage|p2a: Electivire|17/263|[from] item: Life Orb\n|\n|-damage|p1a: Kingdra|62/100 brn|[from] brn\n|upkeep\n|turn|19\n|inactive|Time left: 300 sec this turn | 300 sec total\n|\n|t:|1783539981\n|move|p1a: Kingdra|Outrage|p2a: Electivire|[from] lockedmove\n|-damage|p2a: Electivire|0 fnt\n|faint|p2a: Electivire\n|\n|-damage|p1a: Kingdra|56/100 brn|[from] brn\n|upkeep\n|inactive|Time left: 300 sec this turn | 300 sec total | 5 sec grace\n|\n|t:|1783539982\n|switch|p2a: Barraskewda|Barraskewda, L81, F|231/231\n|turn|20\n|inactive|Time left: 300 sec this turn | 300 sec total\n|\n|t:|1783539983\n|-terastallize|p2a: Barraskewda|Water\n|move|p1a: Kingdra|Outrage|p2a: Barraskewda|[from] lockedmove\n|-damage|p2a: Barraskewda|102/231\n|-start|p1a: Kingdra|confusion|[fatigue]\n|move|p2a: Barraskewda|Waterfall|p1a: Kingdra\n|-resisted|p1a: Kingdra\n|-damage|p1a: Kingdra|39/100 brn\n|\n|-damage|p1a: Kingdra|33/100 brn|[from] brn\n|upkeep\n|turn|21\n|inactive|Time left: 300 sec this turn | 300 sec total\n|\n|t:|1783539984\n|-terastallize|p1a: Kingdra|Water\n|-activate|p1a: Kingdra|confusion\n|move|p1a: Kingdra|Outrage|p2a: Barraskewda\n|-damage|p2a: Barraskewda|0 fnt\n|faint|p2a: Barraskewda\n|\n|win|p0x066e21f", "uploadtime": 1783539984, "views": 0, "rating": 0, "private": 0, "password": null, "_winner": "p0x066e21f", "_our_name": "p0y066ad13"}