{"id": "battle-gen9randombattle-748", "formatid": "gen9randombattle", "format": "[Gen 9] Random Battle", "players": ["p0x748f2fa", "p0y748a951"], "log": "|init|battle\n|title|p0x748f2fa vs. p0y748a951\n|j|\u2606p0x748f2fa\n|j|\u2606p0y748a951\n|t:|1783547806\n|gametype|singles\n|player|p1|p0x748f2fa|266|\n|player|p2|p0y748a951|170|\n|gen|9\n|tier|[Gen 9] Random Battle\n|rule|Species Clause: Limit one of each Pok\u00e9mon\n|rule|HP Percentage Mod: HP is shown in percentages\n|rule|Sleep Clause Mod: Limit one foe put to sleep\n|rule|Illusion Level Mod: Illusion disguises the Pok\u00e9mon's true level\n|\n|t:|1783547806\n|teamsize|p1|6\n|teamsize|p2|6\n|start\n|switch|p1a: Torkoal|Torkoal, L88, M|100/100\n|switch|p2a: Whimsicott|Whimsicott, L84, M|238/238\n|-weather|SunnyDay|[from] ability: Drought|[of] p1a: Torkoal\n|turn|1\n|inactive|Battle timer is ON: inactive players will automatically lose when time's up. (requested by p0x748f2fa)\n|inactive|Time left: 300 sec this turn | 300 sec total | 60 sec grace\n|inactive|p0y748a951 also wants the timer to be on.\n|\n|t:|1783547808\n|switch|p2a: Flareon|Flareon, L90, M|263/263\n|move|p1a: Torkoal|Fire Blast|p2a: Flareon\n|-resisted|p2a: Flareon\n|-damage|p2a: Flareon|193/263\n|\n|-weather|SunnyDay|[upkeep]\n|-status|p2a: Flareon|tox|[from] item: Toxic Orb\n|upkeep\n|turn|2\n|inactive|Time left: 300 sec this turn | 300 sec total\n|\n|t:|1783547810\n|move|p2a: Flareon|Facade|p1a: Torkoal\n|-damage|p1a: Torkoal|46/100\n|move|p1a: Torkoal|Earthquake|p2a: Flareon\n|-supereffective|p2a: Flareon\n|-damage|p2a: Flareon|25/263 tox\n|\n|-weather|SunnyDay|[upkeep]\n|-damage|p2a: Flareon|9/263 tox|[from] psn\n|upkeep\n|turn|3\n|inactive|Time left: 300 sec this turn | 300 sec total\n|\n|t:|1783547810\n|switch|p1a: Dachsbun|Dachsbun, L92, M|100/100\n|move|p2a: Flareon|Flare Blitz|p1a: Dachsbun\n|-ability|p1a: Dachsbun|Well-Baked Body|boost\n|-boost|p1a: Dachsbun|def|2\n|\n|-weather|SunnyDay|[upkeep]\n|-damage|p2a: Flareon|0 fnt|[from] psn\n|faint|p2a: Flareon\n|upkeep\n|inactive|Time left: 300 sec this turn | 300 sec total | 5 sec grace\n|\n|t:|1783547812\n|switch|p2a: Ursaluna|Ursaluna-Bloodmoon, L79, M|308/308\n|turn|4\n|inactive|Time left: 300 sec this turn | 300 sec total\n|\n|t:|1783547813\n|move|p1a: Dachsbun|Body Press|p2a: Ursaluna\n|-supereffective|p2a: Ursaluna\n|-crit|p2a: Ursaluna\n|-damage|p2a: Ursaluna|0 fnt\n|faint|p2a: Ursaluna\n|\n|-weather|SunnyDay|[upkeep]\n|upkeep\n|inactive|Time left: 300 sec this turn | 300 sec total | 5 sec grace\n|\n|t:|1783547814\n|switch|p2a: Tornadus|Tornadus, L82, M|263/263\n|turn|5\n|inactive|Time left: 300 sec this turn | 300 sec total\n|\n|t:|1783547815\n|move|p2a: Tornadus|Bleakwind Storm|p1a: Dachsbun\n|-damage|p1a: Dachsbun|34/100\n|-unboost|p1a: Dachsbun|spe|1\n|move|p1a: Dachsbun|Body Press|p2a: Tornadus\n|-resisted|p2a: Tornadus\n|-damage|p2a: Tornadus|173/263\n|\n|-weather|none\n|-heal|p1a: Dachsbun|40/100|[from] item: Leftovers\n|upkeep\n|turn|6\n|inactive|Time left: 300 sec this turn | 300 sec total\n|\n|t:|1783547816\n|move|p1a: Dachsbun|Protect|p1a: Dachsbun\n|-singleturn|p1a: Dachsbun|Protect\n|move|p2a: Tornadus|Bleakwind Storm|p1a: Dachsbun\n|-activate|p1a: Dachsbun|move: Protect\n|\n|-heal|p1a: Dachsbun|46/100|[from] item: Leftovers\n|upkeep\n|turn|7\n|inactive|Time left: 300 sec this turn | 300 sec total\n|\n|t:|1783547817\n|move|p2a: Tornadus|Bleakwind Storm|p1a: Dachsbun\n|-damage|p1a: Dachsbun|0 fnt\n|faint|p1a: Dachsbun\n|\n|upkeep\n|\n|t:|1783547818\n|switch|p1a: Floatzel|Floatzel, L86, F|100/100\n|turn|8\n|inactive|Time left: 300 sec this turn | 300 sec total\n|\n|t:|1783547819\n|move|p1a: Floatzel|Wave Crash|p2a: Tornadus\n|-damage|p2a: Tornadus|0 fnt\n|faint|p2a: Tornadus\n|-damage|p1a: Floatzel|81/100|[from] Recoil\n|\n|upkeep\n|inactive|Time left: 300 sec this turn | 300 sec total | 5 sec grace\n|\n|t:|1783547820\n|switch|p2a: Walking Wake|Walking Wake, L79|286/286\n|turn|9\n|inactive|Time left: 300 sec this turn | 300 sec total\n|\n|t:|1783547821\n|move|p1a: Floatzel|Wave Crash|p2a: Walking Wake\n|-resisted|p2a: Walking Wake\n|-damage|p2a: Walking Wake|233/286\n|-damage|p1a: Floatzel|75/100|[from] Recoil\n|move|p2a: Walking Wake|Hydro Steam|p1a: Floatzel\n|-resisted|p1a: Floatzel\n|-damage|p1a: Floatzel|46/100\n|-damage|p2a: Walking Wake|205/286|[from] item: Life Orb\n|\n|upkeep\n|turn|10\n|inactive|Time left: 300 sec this turn | 300 sec total\n|\n|t:|1783547822\n|switch|p1a: Politoed|Politoed, L88, F|100/100\n|-weather|RainDance|[from] ability: Drizzle|[of] p1a: Politoed\n|move|p2a: Walking Wake|Hydro Steam|p1a: Politoed\n|-resisted|p1a: Politoed\n|-damage|p1a: Politoed|73/100\n|-damage|p2a: Walking Wake|177/286|[from] item: Life Orb\n|\n|-weather|RainDance|[upkeep]\n|-heal|p1a: Politoed|79/100|[from] item: Leftovers\n|upkeep\n|turn|11\n|inactive|Time left: 300 sec this turn | 300 sec total\n|\n|t:|1783547823\n|move|p2a: Walking Wake|Hydro Steam|p1a: Politoed\n|-resisted|p1a: Politoed\n|-damage|p1a: Politoed|52/100\n|-damage|p2a: Walking Wake|149/286|[from] item: Life Orb\n|move|p1a: Politoed|Surf|p2a: Walking Wake\n|-resisted|p2a: Walking Wake\n|-damage|p2a: Walking Wake|111/286\n|\n|-weather|RainDance|[upkeep]\n|-heal|p1a: Politoed|58/100|[from] item: Leftovers\n|upkeep\n|turn|12\n|inactive|Time left: 300 sec this turn | 300 sec total\n|\n|t:|1783547824\n|move|p2a: Walking Wake|Draco Meteor|p1a: Politoed\n|-damage|p1a: Politoed|3/100\n|-unboost|p2a: Walking Wake|spa|2\n|-damage|p2a: Walking Wake|83/286|[from] item: Life Orb\n|move|p1a: Politoed|Ice Beam|p2a: Walking Wake\n|-damage|p2a: Walking Wake|14/286\n|\n|-weather|RainDance|[upkeep]\n|-heal|p1a: Politoed|9/100|[from] item: Leftovers\n|upkeep\n|turn|13\n|inactive|Time left: 300 sec this turn | 300 sec total\n|\n|t:|1783547825\n|move|p2a: Walking Wake|Hydro Steam|p1a: Politoed\n|-resisted|p1a: Politoed\n|-damage|p1a: Politoed|0 fnt\n|faint|p1a: Politoed\n|-damage|p2a: Walking Wake|0 fnt|[from] item: Life Orb\n|faint|p2a: Walking Wake\n|-end|p2a: Walking Wake|Protosynthesis|[silent]\n|\n|-weather|RainDance|[upkeep]\n|upkeep\n|inactive|Time left: 300 sec this turn | 300 sec total | 5 sec grace\n|\n|t:|1783547826\n|switch|p2a: Whimsicott|Whimsicott, L84, M|238/238\n|switch|p1a: Floatzel|Floatzel, L86, F|46/100\n|turn|14\n|inactive|Time left: 300 sec this turn | 300 sec total\n|\n|t:|1783547827\n|move|p1a: Floatzel|Ice Spinner|p2a: Whimsicott\n|-supereffective|p2a: Whimsicott\n|-damage|p2a: Whimsicott|48/238\n|move|p2a: Whimsicott|Moonblast|p1a: Floatzel\n|-damage|p1a: Floatzel|1/100\n|\n|-weather|none\n|-heal|p2a: Whimsicott|62/238|[from] item: Leftovers\n|upkeep\n|turn|15\n|inactive|Time left: 300 sec this turn | 300 sec total\n|\n|t:|1783547828\n|switch|p2a: Snorlax|Snorlax, L82, M|397/397\n|move|p1a: Floatzel|Ice Spinner|p2a: Snorlax\n|-damage|p2a: Snorlax|333/397\n|\n|-heal|p2a: Snorlax|357/397|[from] item: Leftovers\n|upkeep\n|turn|16\n|inactive|Time left: 300 sec this turn | 300 sec total\n|\n|t:|1783547829\n|move|p1a: Floatzel|Ice Spinner|p2a: Snorlax\n|-damage|p2a: Snorlax|295/397\n|move|p2a: Snorlax|Body Slam|p1a: Floatzel\n|-damage|p1a: Floatzel|0 fnt\n|faint|p1a: Floatzel\n|\n|-heal|p2a: Snorlax|319/397|[from] item: Leftovers\n|upkeep\n|\n|t:|1783547830\n|switch|p1a: Tauros|Tauros, L82, M|100/100\n|turn|17\n|inactive|Time left: 300 sec this turn | 300 sec total\n|\n|t:|1783547831\n|move|p1a: Tauros|Body Slam|p2a: Snorlax\n|-damage|p2a: Snorlax|119/397\n|move|p2a: Snorlax|Body Slam|p1a: Tauros\n|-damage|p1a: Tauros|62/100\n|-status|p1a: Tauros|par\n|\n|-heal|p2a: Snorlax|143/397|[from] item: Leftovers\n|upkeep\n|turn|18\n|inactive|Time left: 300 sec this turn | 300 sec total\n|\n|t:|1783547832\n|move|p1a: Tauros|Body Slam|p2a: Snorlax\n|-damage|p2a: Snorlax|0 fnt\n|faint|p2a: Snorlax\n|\n|upkeep\n|inactive|Time left: 300 sec this turn | 300 sec total | 5 sec grace\n|\n|t:|1783547833\n|switch|p2a: Whimsicott|Whimsicott, L84, M|62/238\n|turn|19\n|inactive|Time left: 300 sec this turn | 300 sec total\n|\n|t:|1783547834\n|move|p2a: Whimsicott|Substitute|p2a: Whimsicott\n|-start|p2a: Whimsicott|Substitute\n|-damage|p2a: Whimsicott|3/238\n|move|p1a: Tauros|Body Slam|p2a: Whimsicott\n|-end|p2a: Whimsicott|Substitute\n|\n|-heal|p2a: Whimsicott|17/238|[from] item: Leftovers\n|upkeep\n|turn|20\n|inactive|Time left: 300 sec this turn | 300 sec total\n|\n|t:|1783547835\n|move|p2a: Whimsicott|Leech Seed|p1a: Tauros\n|-start|p1a: Tauros|move: Leech Seed\n|move|p1a: Tauros|Earthquake|p2a: Whimsicott\n|-resisted|p2a: Whimsicott\n|-damage|p2a: Whimsicott|0 fnt\n|faint|p2a: Whimsicott\n|-damage|p1a: Tauros|52/100 par|[from] item: Life Orb\n|\n|win|p0x748f2fa", "uploadtime": 1783547835, "views": 0, "rating": 0, "private": 0, "password": null, "_winner": "p0x748f2fa", "_our_name": "p0y748a951"}