{"id": "battle-gen9randombattle-1269", "formatid": "gen9randombattle", "format": "[Gen 9] Random Battle", "players": ["p0x1269a914", "p0y1269f3cb"], "log": "|init|battle\n|title|p0x1269a914 vs. p0y1269f3cb\n|j|\u2606p0x1269a914\n|j|\u2606p0y1269f3cb\n|t:|1783554756\n|gametype|singles\n|player|p1|p0x1269a914|265|\n|player|p2|p0y1269f3cb|2|\n|gen|9\n|tier|[Gen 9] Random Battle\n|rule|Species Clause: Limit one of each Pok\u00e9mon\n|rule|HP Percentage Mod: HP is shown in percentages\n|rule|Sleep Clause Mod: Limit one foe put to sleep\n|rule|Illusion Level Mod: Illusion disguises the Pok\u00e9mon's true level\n|\n|t:|1783554756\n|teamsize|p1|6\n|teamsize|p2|6\n|start\n|switch|p1a: Lunala|Lunala, L70|308/308\n|switch|p2a: Hitmonchan|Hitmonchan, L87, M|100/100\n|turn|1\n|inactive|Battle timer is ON: inactive players will automatically lose when time's up. (requested by p0y1269f3cb)\n|inactive|Time left: 300 sec this turn | 300 sec total | 60 sec grace\n|inactive|p0x1269a914 also wants the timer to be on.\n|\n|t:|1783554757\n|move|p2a: Hitmonchan|Knock Off|p1a: Lunala\n|-supereffective|p1a: Lunala\n|-damage|p1a: Lunala|79/308\n|-enditem|p1a: Lunala|Leftovers|[from] move: Knock Off|[of] p2a: Hitmonchan\n|-damage|p2a: Hitmonchan|91/100|[from] item: Life Orb\n|move|p1a: Lunala|Psyshock|p2a: Hitmonchan\n|-supereffective|p2a: Hitmonchan\n|-damage|p2a: Hitmonchan|22/100\n|\n|upkeep\n|turn|2\n|inactive|Time left: 300 sec this turn | 300 sec total\n|\n|t:|1783554757\n|move|p2a: Hitmonchan|Ice Punch|p1a: Lunala\n|-damage|p1a: Lunala|0 fnt\n|faint|p1a: Lunala\n|-damage|p2a: Hitmonchan|12/100|[from] item: Life Orb\n|\n|upkeep\n|inactive|Time left: 300 sec this turn | 300 sec total | 5 sec grace\n|\n|t:|1783554758\n|switch|p1a: Cobalion|Cobalion, L80|277/277\n|turn|3\n|inactive|Time left: 300 sec this turn | 300 sec total\n|\n|t:|1783554759\n|switch|p2a: Gholdengo|Gholdengo, L77|100/100\n|move|p1a: Cobalion|Body Press|p2a: Gholdengo\n|-immune|p2a: Gholdengo\n|\n|upkeep\n|turn|4\n|inactive|Time left: 300 sec this turn | 300 sec total\n|\n|t:|1783554760\n|move|p1a: Cobalion|Iron Defense|p1a: Cobalion\n|-boost|p1a: Cobalion|def|2\n|move|p2a: Gholdengo|Shadow Ball|p1a: Cobalion\n|-damage|p1a: Cobalion|160/277\n|-unboost|p1a: Cobalion|spd|1\n|\n|-heal|p1a: Cobalion|177/277|[from] item: Leftovers\n|upkeep\n|turn|5\n|inactive|Time left: 300 sec this turn | 300 sec total\n|\n|t:|1783554761\n|switch|p1a: Empoleon|Empoleon, L84, M|278/278\n|move|p2a: Gholdengo|Shadow Ball|p1a: Empoleon\n|-damage|p1a: Empoleon|188/278\n|\n|-heal|p1a: Empoleon|205/278|[from] item: Leftovers\n|upkeep\n|turn|6\n|inactive|Time left: 300 sec this turn | 300 sec total\n|\n|t:|1783554762\n|move|p2a: Gholdengo|Shadow Ball|p1a: Empoleon\n|-damage|p1a: Empoleon|126/278\n|-unboost|p1a: Empoleon|spd|1\n|-ability|p1a: Empoleon|Competitive|boost\n|-boost|p1a: Empoleon|spa|2\n|move|p1a: Empoleon|Knock Off|p2a: Gholdengo\n|-supereffective|p2a: Gholdengo\n|-damage|p2a: Gholdengo|49/100\n|-enditem|p2a: Gholdengo|Leftovers|[from] move: Knock Off|[of] p1a: Empoleon\n|\n|-heal|p1a: Empoleon|143/278|[from] item: Leftovers\n|upkeep\n|turn|7\n|inactive|Time left: 300 sec this turn | 300 sec total\n|\n|t:|1783554764\n|move|p2a: Gholdengo|Shadow Ball|p1a: Empoleon\n|-damage|p1a: Empoleon|11/278\n|move|p1a: Empoleon|Surf|p2a: Gholdengo\n|-damage|p2a: Gholdengo|0 fnt\n|faint|p2a: Gholdengo\n|\n|-heal|p1a: Empoleon|28/278|[from] item: Leftovers\n|upkeep\n|\n|t:|1783554765\n|switch|p2a: Miraidon|Miraidon, L65|100/100\n|-fieldstart|move: Electric Terrain|[from] ability: Hadron Engine|[of] p2a: Miraidon\n|turn|8\n|inactive|Time left: 300 sec this turn | 300 sec total\n|\n|t:|1783554766\n|switch|p1a: Baxcalibur|Baxcalibur, L75, F|295/295\n|move|p2a: Miraidon|Electro Drift|p1a: Baxcalibur\n|-resisted|p1a: Baxcalibur\n|-damage|p1a: Baxcalibur|191/295\n|-damage|p2a: Miraidon|91/100|[from] item: Life Orb\n|\n|upkeep\n|turn|9\n|inactive|Time left: 300 sec this turn | 300 sec total\n|\n|t:|1783554767\n|move|p1a: Baxcalibur|Ice Shard|p2a: Miraidon\n|-supereffective|p2a: Miraidon\n|-damage|p2a: Miraidon|20/100\n|move|p2a: Miraidon|Dragon Pulse|p1a: Baxcalibur\n|-supereffective|p1a: Baxcalibur\n|-damage|p1a: Baxcalibur|0 fnt\n|faint|p1a: Baxcalibur\n|-damage|p2a: Miraidon|11/100|[from] item: Life Orb\n|\n|upkeep\n|inactive|Time left: 300 sec this turn | 300 sec total | 5 sec grace\n|\n|t:|1783554768\n|switch|p1a: Cobalion|Cobalion, L80|177/277\n|turn|10\n|inactive|Time left: 300 sec this turn | 300 sec total\n|\n|t:|1783554769\n|switch|p2a: Wyrdeer|Wyrdeer, L87, M|100/100\n|-ability|p2a: Wyrdeer|Intimidate|boost\n|-unboost|p1a: Cobalion|atk|1\n|move|p1a: Cobalion|Body Press|p2a: Wyrdeer\n|-damage|p2a: Wyrdeer|67/100\n|\n|-heal|p1a: Cobalion|194/277|[from] item: Leftovers\n|-heal|p2a: Wyrdeer|73/100|[from] item: Leftovers\n|upkeep\n|turn|11\n|inactive|Time left: 300 sec this turn | 300 sec total\n|\n|t:|1783554770\n|move|p1a: Cobalion|Body Press|p2a: Wyrdeer\n|-damage|p2a: Wyrdeer|38/100\n|move|p2a: Wyrdeer|Earthquake|p1a: Cobalion\n|-supereffective|p1a: Cobalion\n|-damage|p1a: Cobalion|76/277\n|\n|-heal|p1a: Cobalion|93/277|[from] item: Leftovers\n|-heal|p2a: Wyrdeer|44/100|[from] item: Leftovers\n|upkeep\n|turn|12\n|inactive|Time left: 300 sec this turn | 300 sec total\n|\n|t:|1783554771\n|switch|p1a: Uxie|Uxie, L83|260/260\n|move|p2a: Wyrdeer|Psychic Noise|p1a: Uxie\n|-resisted|p1a: Uxie\n|-damage|p1a: Uxie|224/260\n|-start|p1a: Uxie|move: Heal Block\n|\n|-heal|p2a: Wyrdeer|50/100|[from] item: Leftovers\n|-fieldend|move: Electric Terrain\n|upkeep\n|turn|13\n|inactive|Time left: 300 sec this turn | 300 sec total\n|\n|t:|1783554773\n|move|p1a: Uxie|Knock Off|p2a: Wyrdeer\n|-supereffective|p2a: Wyrdeer\n|-damage|p2a: Wyrdeer|10/100\n|-enditem|p2a: Wyrdeer|Leftovers|[from] move: Knock Off|[of] p1a: Uxie\n|move|p2a: Wyrdeer|Megahorn|p1a: Uxie\n|-supereffective|p1a: Uxie\n|-damage|p1a: Uxie|74/260\n|\n|-end|p1a: Uxie|move: Heal Block\n|upkeep\n|turn|14\n|inactive|Time left: 300 sec this turn | 300 sec total\n|\n|t:|1783554774\n|switch|p2a: Lokix|Lokix, L82, F|100/100\n|move|p1a: Uxie|Knock Off|p2a: Lokix\n|-resisted|p2a: Lokix\n|-damage|p2a: Lokix|87/100\n|-enditem|p2a: Lokix|Life Orb|[from] move: Knock Off|[of] p1a: Uxie\n|\n|-heal|p1a: Uxie|90/260|[from] item: Leftovers\n|upkeep\n|turn|15\n|inactive|Time left: 300 sec this turn | 300 sec total\n|\n|t:|1783554775\n|switch|p1a: Cobalion|Cobalion, L80|93/277\n|move|p2a: Lokix|Swords Dance|p2a: Lokix\n|-boost|p2a: Lokix|atk|2\n|\n|-heal|p1a: Cobalion|110/277|[from] item: Leftovers\n|upkeep\n|turn|16\n|inactive|Time left: 300 sec this turn | 300 sec total\n|\n|t:|1783554776\n|move|p1a: Cobalion|Iron Defense|p1a: Cobalion\n|-boost|p1a: Cobalion|def|2\n|move|p2a: Lokix|Knock Off|p1a: Cobalion\n|-resisted|p1a: Cobalion\n|-damage|p1a: Cobalion|30/277\n|-ability|p1a: Cobalion|Justified|boost\n|-boost|p1a: Cobalion|atk|1\n|-enditem|p1a: Cobalion|Leftovers|[from] move: Knock Off|[of] p2a: Lokix\n|\n|upkeep\n|turn|17\n|inactive|Time left: 300 sec this turn | 300 sec total\n|\n|t:|1783554777\n|move|p2a: Lokix|Sucker Punch|p1a: Cobalion\n|-resisted|p1a: Cobalion\n|-damage|p1a: Cobalion|0 fnt\n|faint|p1a: Cobalion\n|\n|upkeep\n|inactive|Time left: 300 sec this turn | 300 sec total | 5 sec grace\n|\n|t:|1783554778\n|switch|p1a: Arceus|Arceus-Fighting, L70|284/284\n|turn|18\n|inactive|Time left: 300 sec this turn | 300 sec total\n|\n|t:|1783554779\n|move|p1a: Arceus|Iron Defense|p1a: Arceus\n|-boost|p1a: Arceus|def|2\n|move|p2a: Lokix|Leech Life|p1a: Arceus\n|-resisted|p1a: Arceus\n|-damage|p1a: Arceus|200/284\n|-heal|p2a: Lokix|100/100|[from] drain|[of] p1a: Arceus\n|\n|upkeep\n|turn|19\n|inactive|Time left: 300 sec this turn | 300 sec total\n|\n|t:|1783554780\n|move|p1a: Arceus|Body Press|p2a: Lokix\n|-damage|p2a: Lokix|29/100\n|move|p2a: Lokix|Leech Life|p1a: Arceus\n|-resisted|p1a: Arceus\n|-damage|p1a: Arceus|122/284\n|-heal|p2a: Lokix|44/100|[from] drain|[of] p1a: Arceus\n|\n|upkeep\n|turn|20\n|inactive|Time left: 300 sec this turn | 300 sec total\n|\n|t:|1783554781\n|move|p1a: Arceus|Body Press|p2a: Lokix\n|-damage|p2a: Lokix|0 fnt\n|faint|p2a: Lokix\n|\n|upkeep\n|\n|t:|1783554782\n|switch|p2a: Miraidon|Miraidon, L65|11/100\n|-fieldstart|move: Electric Terrain|[from] ability: Hadron Engine|[of] p2a: Miraidon\n|turn|21\n|inactive|Time left: 300 sec this turn | 300 sec total\n|\n|t:|1783554783\n|switch|p1a: Empoleon|Empoleon, L84, M|28/278\n|move|p2a: Miraidon|Electro Drift|p1a: Empoleon\n|-supereffective|p1a: Empoleon\n|-damage|p1a: Empoleon|0 fnt\n|faint|p1a: Empoleon\n|-damage|p2a: Miraidon|1/100|[from] item: Life Orb\n|\n|upkeep\n|inactive|Time left: 300 sec this turn | 300 sec total | 5 sec grace\n|\n|t:|1783554784\n|switch|p1a: Uxie|Uxie, L83|90/260\n|turn|22\n|inactive|Time left: 300 sec this turn | 300 sec total\n|\n|t:|1783554785\n|move|p2a: Miraidon|Electro Drift|p1a: Uxie\n|-damage|p1a: Uxie|0 fnt\n|faint|p1a: Uxie\n|-damage|p2a: Miraidon|0 fnt|[from] item: Life Orb\n|faint|p2a: Miraidon\n|\n|upkeep\n|inactive|Time left: 300 sec this turn | 300 sec total | 5 sec grace\n|\n|t:|1783554786\n|switch|p2a: Feraligatr|Feraligatr, L79, M|100/100\n|switch|p1a: Arceus|Arceus-Fighting, L70|122/284\n|turn|23\n|inactive|Time left: 300 sec this turn | 300 sec total\n|\n|t:|1783554787\n|move|p1a: Arceus|Iron Defense|p1a: Arceus\n|-boost|p1a: Arceus|def|2\n|move|p2a: Feraligatr|Dragon Dance|p2a: Feraligatr\n|-boost|p2a: Feraligatr|atk|1\n|-boost|p2a: Feraligatr|spe|1\n|\n|upkeep\n|turn|24\n|inactive|Time left: 300 sec this turn | 300 sec total\n|\n|t:|1783554788\n|move|p2a: Feraligatr|Liquidation|p1a: Arceus\n|-damage|p1a: Arceus|23/284\n|move|p1a: Arceus|Recover|p1a: Arceus\n|-heal|p1a: Arceus|165/284\n|\n|upkeep\n|turn|25\n|inactive|Time left: 300 sec this turn | 300 sec total\n|\n|t:|1783554789\n|move|p2a: Feraligatr|Liquidation|p1a: Arceus\n|-damage|p1a: Arceus|60/284\n|move|p1a: Arceus|Recover|p1a: Arceus\n|-heal|p1a: Arceus|202/284\n|\n|-fieldend|move: Electric Terrain\n|upkeep\n|turn|26\n|inactive|Time left: 300 sec this turn | 300 sec total\n|\n|t:|1783554790\n|move|p2a: Feraligatr|Liquidation|p1a: Arceus\n|-damage|p1a: Arceus|97/284\n|move|p1a: Arceus|Iron Defense|p1a: Arceus\n|-boost|p1a: Arceus|def|2\n|\n|upkeep\n|turn|27\n|inactive|Time left: 300 sec this turn | 300 sec total\n|\n|t:|1783554791\n|move|p2a: Feraligatr|Liquidation|p1a: Arceus\n|-damage|p1a: Arceus|26/284\n|move|p1a: Arceus|Recover|p1a: Arceus\n|-heal|p1a: Arceus|168/284\n|\n|upkeep\n|turn|28\n|inactive|Time left: 300 sec this turn | 300 sec total\n|\n|t:|1783554792\n|switch|p2a: Hitmonchan|Hitmonchan, L87, M|12/100\n|move|p1a: Arceus|Body Press|p2a: Hitmonchan\n|-damage|p2a: Hitmonchan|0 fnt\n|faint|p2a: Hitmonchan\n|\n|upkeep\n|\n|t:|1783554793\n|switch|p2a: Wyrdeer|Wyrdeer, L87, M|10/100\n|-ability|p2a: Wyrdeer|Intimidate|boost\n|-unboost|p1a: Arceus|atk|1\n|turn|29\n|inactive|Time left: 300 sec this turn | 300 sec total\n|\n|t:|1783554794\n|switch|p2a: Feraligatr|Feraligatr, L79, M|100/100\n|-terastallize|p1a: Arceus|Steel\n|move|p1a: Arceus|Body Press|p2a: Feraligatr\n|-damage|p2a: Feraligatr|0 fnt\n|faint|p2a: Feraligatr\n|\n|upkeep\n|\n|t:|1783554794\n|switch|p2a: Wyrdeer|Wyrdeer, L87, M|10/100\n|-ability|p2a: Wyrdeer|Intimidate|boost\n|-unboost|p1a: Arceus|atk|1\n|turn|30\n|inactive|Time left: 300 sec this turn | 300 sec total\n|\n|t:|1783554795\n|move|p1a: Arceus|Body Press|p2a: Wyrdeer\n|-damage|p2a: Wyrdeer|0 fnt\n|faint|p2a: Wyrdeer\n|\n|win|p0x1269a914", "uploadtime": 1783554795, "views": 0, "rating": 0, "private": 0, "password": null, "_winner": "p0x1269a914", "_our_name": "p0x1269a914"}