{"id": "battle-gen9randombattle-1019", "formatid": "gen9randombattle", "format": "[Gen 9] Random Battle", "players": ["p0x10197017", "p0y1019f422"], "log": "|init|battle\n|title|p0x10197017 vs. p0y1019f422\n|j|\u2606p0x10197017\n|j|\u2606p0y1019f422\n|t:|1783551720\n|gametype|singles\n|player|p1|p0x10197017|1|\n|player|p2|p0y1019f422|101|\n|gen|9\n|tier|[Gen 9] Random Battle\n|rule|Species Clause: Limit one of each Pok\u00e9mon\n|rule|HP Percentage Mod: HP is shown in percentages\n|rule|Sleep Clause Mod: Limit one foe put to sleep\n|rule|Illusion Level Mod: Illusion disguises the Pok\u00e9mon's true level\n|\n|t:|1783551720\n|teamsize|p1|6\n|teamsize|p2|6\n|start\n|switch|p1a: Ampharos|Ampharos, L88, M|100/100\n|switch|p2a: Breloom|Breloom, L83, M|235/235\n|turn|1\n|inactive|Battle timer is ON: inactive players will automatically lose when time's up. (requested by p0x10197017)\n|inactive|Time left: 300 sec this turn | 300 sec total | 60 sec grace\n|inactive|p0y1019f422 also wants the timer to be on.\n|\n|t:|1783551721\n|move|p2a: Breloom|Bullet Seed|p1a: Ampharos\n|-damage|p1a: Ampharos|79/100\n|-damage|p1a: Ampharos|59/100\n|-damage|p1a: Ampharos|38/100\n|-crit|p1a: Ampharos\n|-damage|p1a: Ampharos|6/100\n|-damage|p1a: Ampharos|0 fnt\n|faint|p1a: Ampharos\n|-hitcount|p1: Ampharos|5\n|-damage|p2a: Breloom|212/235|[from] item: Life Orb\n|\n|upkeep\n|\n|t:|1783551722\n|switch|p1a: Girafarig|Girafarig, L89, M|100/100\n|turn|2\n|inactive|Time left: 300 sec this turn | 300 sec total\n|\n|t:|1783551723\n|switch|p2a: Kingambit|Kingambit, L74, M|270/270\n|move|p1a: Girafarig|Nasty Plot|p1a: Girafarig\n|-boost|p1a: Girafarig|spa|2\n|\n|upkeep\n|turn|3\n|inactive|Time left: 300 sec this turn | 300 sec total\n|\n|t:|1783551724\n|move|p1a: Girafarig|Thunderbolt|p2a: Kingambit\n|-damage|p2a: Kingambit|128/270\n|-status|p2a: Kingambit|par\n|move|p2a: Kingambit|Kowtow Cleave|p1a: Girafarig\n|-supereffective|p1a: Girafarig\n|-damage|p1a: Girafarig|44/100\n|\n|-heal|p2a: Kingambit|144/270 par|[from] item: Leftovers\n|upkeep\n|turn|4\n|inactive|Time left: 300 sec this turn | 300 sec total\n|\n|t:|1783551725\n|move|p2a: Kingambit|Sucker Punch|p1a: Girafarig\n|-supereffective|p1a: Girafarig\n|-damage|p1a: Girafarig|3/100\n|move|p1a: Girafarig|Thunderbolt|p2a: Kingambit\n|-damage|p2a: Kingambit|0 fnt\n|faint|p2a: Kingambit\n|-end|p2a: Kingambit|fallenundefined|[silent]\n|\n|upkeep\n|inactive|Time left: 300 sec this turn | 300 sec total | 5 sec grace\n|\n|t:|1783551726\n|switch|p2a: Grumpig|Grumpig, L92, M|297/297\n|turn|5\n|inactive|Time left: 300 sec this turn | 300 sec total\n|\n|t:|1783551726\n|move|p2a: Grumpig|Psychic|p1a: Girafarig\n|-resisted|p1a: Girafarig\n|-damage|p1a: Girafarig|0 fnt\n|faint|p1a: Girafarig\n|\n|upkeep\n|\n|t:|1783551727\n|switch|p1a: Mimikyu|Mimikyu, L79, F|100/100\n|turn|6\n|inactive|Time left: 300 sec this turn | 300 sec total\n|\n|t:|1783551729\n|move|p2a: Grumpig|Psychic|p1a: Mimikyu\n|-activate|p1a: Mimikyu|ability: Disguise\n|-damage|p1a: Mimikyu|100/100\n|detailschange|p1a: Mimikyu|Mimikyu-Busted, L79, F\n|-damage|p1a: Mimikyu|88/100|[from] pokemon: Mimikyu-Busted\n|move|p1a: Mimikyu|Swords Dance|p1a: Mimikyu\n|-boost|p1a: Mimikyu|atk|2\n|\n|upkeep\n|turn|7\n|inactive|Time left: 300 sec this turn | 300 sec total\n|\n|t:|1783551730\n|move|p2a: Grumpig|Psychic|p1a: Mimikyu\n|-damage|p1a: Mimikyu|42/100\n|move|p1a: Mimikyu|Play Rough|p2a: Grumpig\n|-damage|p2a: Grumpig|71/297\n|-damage|p1a: Mimikyu|32/100|[from] item: Life Orb\n|\n|upkeep\n|turn|8\n|inactive|Time left: 300 sec this turn | 300 sec total\n|\n|t:|1783551731\n|move|p1a: Mimikyu|Shadow Sneak|p2a: Grumpig\n|-supereffective|p2a: Grumpig\n|-damage|p2a: Grumpig|0 fnt\n|faint|p2a: Grumpig\n|-damage|p1a: Mimikyu|23/100|[from] item: Life Orb\n|\n|upkeep\n|inactive|Time left: 300 sec this turn | 300 sec total | 5 sec grace\n|\n|t:|1783551732\n|switch|p2a: Bellossom|Bellossom, L84, F|263/263\n|turn|9\n|inactive|Time left: 300 sec this turn | 300 sec total\n|\n|t:|1783551733\n|move|p1a: Mimikyu|Play Rough|p2a: Bellossom\n|-crit|p2a: Bellossom\n|-damage|p2a: Bellossom|0 fnt\n|faint|p2a: Bellossom\n|-damage|p1a: Mimikyu|13/100|[from] item: Life Orb\n|\n|upkeep\n|inactive|Time left: 300 sec this turn | 300 sec total | 5 sec grace\n|\n|t:|1783551734\n|switch|p2a: Pecharunt|Pecharunt, L77|262/262\n|turn|10\n|inactive|Time left: 300 sec this turn | 300 sec total\n|\n|t:|1783551735\n|-terastallize|p1a: Mimikyu|Ghost\n|move|p1a: Mimikyu|Shadow Claw|p2a: Pecharunt\n|-supereffective|p2a: Pecharunt\n|-damage|p2a: Pecharunt|0 fnt\n|faint|p2a: Pecharunt\n|-damage|p1a: Mimikyu|3/100|[from] item: Life Orb\n|\n|upkeep\n|inactive|Time left: 300 sec this turn | 300 sec total | 5 sec grace\n|\n|t:|1783551736\n|switch|p2a: Camerupt|Camerupt, L91, F|275/275\n|turn|11\n|inactive|Time left: 300 sec this turn | 300 sec total\n|\n|t:|1783551737\n|move|p1a: Mimikyu|Shadow Claw|p2a: Camerupt\n|-damage|p2a: Camerupt|18/275\n|-damage|p1a: Mimikyu|0 fnt|[from] item: Life Orb\n|faint|p1a: Mimikyu\n|move|p2a: Camerupt|Stealth Rock|p1: Mimikyu\n|-sidestart|p1: p0x10197017|move: Stealth Rock\n|\n|-heal|p2a: Camerupt|35/275|[from] item: Leftovers\n|upkeep\n|\n|t:|1783551738\n|switch|p1a: Rayquaza|Rayquaza, L72|100/100\n|-damage|p1a: Rayquaza|76/100|[from] Stealth Rock\n|-ability|p1a: Rayquaza|Air Lock\n|turn|12\n|inactive|Time left: 300 sec this turn | 300 sec total\n|\n|t:|1783551739\n|-terastallize|p2a: Camerupt|Water\n|move|p1a: Rayquaza|Dragon Ascent|p2a: Camerupt\n|-damage|p2a: Camerupt|0 fnt\n|-unboost|p1a: Rayquaza|def|1\n|-unboost|p1a: Rayquaza|spd|1\n|faint|p2a: Camerupt\n|\n|upkeep\n|inactive|Time left: 300 sec this turn | 300 sec total | 5 sec grace\n|\n|t:|1783551740\n|switch|p2a: Breloom|Breloom, L83, M|212/235\n|turn|13\n|inactive|Time left: 300 sec this turn | 300 sec total\n|\n|t:|1783551740\n|move|p1a: Rayquaza|Dragon Ascent|p2a: Breloom\n|-supereffective|p2a: Breloom\n|-damage|p2a: Breloom|0 fnt\n|-unboost|p1a: Rayquaza|def|1\n|-unboost|p1a: Rayquaza|spd|1\n|faint|p2a: Breloom\n|\n|win|p0x10197017", "uploadtime": 1783551740, "views": 0, "rating": 0, "private": 0, "password": null, "_winner": "p0x10197017", "_our_name": "p0y1019f422"}