{"id": "battle-gen9randombattle-632", "formatid": "gen9randombattle", "format": "[Gen 9] Random Battle", "players": ["p0x6324536", "p0y6320b35"], "log": "|init|battle\n|title|p0x6324536 vs. p0y6320b35\n|j|\u2606p0x6324536\n|j|\u2606p0y6320b35\n|t:|1783546454\n|gametype|singles\n|player|p1|p0x6324536|265|\n|player|p2|p0y6320b35|1|\n|gen|9\n|tier|[Gen 9] Random Battle\n|rule|Species Clause: Limit one of each Pok\u00e9mon\n|rule|HP Percentage Mod: HP is shown in percentages\n|rule|Sleep Clause Mod: Limit one foe put to sleep\n|rule|Illusion Level Mod: Illusion disguises the Pok\u00e9mon's true level\n|\n|t:|1783546454\n|teamsize|p1|6\n|teamsize|p2|6\n|start\n|switch|p1a: Regirock|Regirock, L83|268/268\n|switch|p2a: Azumarill|Azumarill, L82, M|100/100\n|turn|1\n|inactive|Battle timer is ON: inactive players will automatically lose when time's up. (requested by p0x6324536)\n|inactive|p0y6320b35 also wants the timer to be on.\n|\n|t:|1783546456\n|move|p1a: Regirock|Iron Defense|p1a: Regirock\n|-boost|p1a: Regirock|def|2\n|move|p2a: Azumarill|Liquidation|p1a: Regirock\n|-supereffective|p1a: Regirock\n|-damage|p1a: Regirock|190/268\n|\n|upkeep\n|turn|2\n|inactive|Time left: 300 sec this turn | 300 sec total\n|\n|t:|1783546457\n|-terastallize|p1a: Regirock|Fighting\n|move|p1a: Regirock|Body Press|p2a: Azumarill\n|-resisted|p2a: Azumarill\n|-damage|p2a: Azumarill|46/100\n|move|p2a: Azumarill|Liquidation|p1a: Regirock\n|-damage|p1a: Regirock|145/268\n|\n|upkeep\n|turn|3\n|inactive|Time left: 300 sec this turn | 300 sec total\n|\n|t:|1783546458\n|switch|p2a: Gothitelle|Gothitelle, L90, F|100/100\n|move|p1a: Regirock|Body Press|p2a: Gothitelle\n|-resisted|p2a: Gothitelle\n|-damage|p2a: Gothitelle|53/100\n|\n|-heal|p2a: Gothitelle|60/100|[from] item: Leftovers\n|upkeep\n|turn|4\n|inactive|Time left: 300 sec this turn | 300 sec total\n|\n|t:|1783546459\n|move|p2a: Gothitelle|Psychic Noise|p1a: Regirock\n|-supereffective|p1a: Regirock\n|-crit|p1a: Regirock\n|-damage|p1a: Regirock|0 fnt\n|faint|p1a: Regirock\n|\n|-heal|p2a: Gothitelle|66/100|[from] item: Leftovers\n|upkeep\n|inactive|Time left: 300 sec this turn | 300 sec total | 5 sec grace\n|\n|t:|1783546460\n|switch|p1a: Ursaring|Ursaring, L84, M|288/288\n|turn|5\n|inactive|Time left: 300 sec this turn | 300 sec total\n|\n|t:|1783546461\n|move|p2a: Gothitelle|Focus Blast|p1a: Ursaring\n|-supereffective|p1a: Ursaring\n|-damage|p1a: Ursaring|52/288\n|-unboost|p1a: Ursaring|spd|1\n|move|p1a: Ursaring|Swords Dance|p1a: Ursaring\n|-boost|p1a: Ursaring|atk|2\n|\n|-heal|p2a: Gothitelle|72/100|[from] item: Leftovers\n|-status|p1a: Ursaring|tox|[from] item: Toxic Orb\n|upkeep\n|turn|6\n|inactive|Time left: 300 sec this turn | 300 sec total\n|\n|t:|1783546462\n|switch|p2a: Bastiodon|Bastiodon, L89, F|100/100\n|move|p1a: Ursaring|Facade|p2a: Bastiodon\n|-resisted|p2a: Bastiodon\n|-damage|p2a: Bastiodon|80/100\n|\n|-damage|p1a: Ursaring|34/288 tox|[from] psn\n|upkeep\n|turn|7\n|inactive|Time left: 300 sec this turn | 300 sec total\n|\n|t:|1783546463\n|switch|p2a: Trevenant|Trevenant, L89, F|100/100\n|move|p1a: Ursaring|Close Combat|p2a: Trevenant\n|-immune|p2a: Trevenant\n|\n|-damage|p1a: Ursaring|0 fnt|[from] psn\n|faint|p1a: Ursaring\n|upkeep\n|inactive|Time left: 300 sec this turn | 300 sec total | 5 sec grace\n|\n|t:|1783546464\n|switch|p1a: Brute Bonnet|Brute Bonnet, L80|309/309\n|turn|8\n|inactive|Time left: 300 sec this turn | 300 sec total\n|\n|t:|1783546464\n|switch|p2a: Bastiodon|Bastiodon, L89, F|80/100\n|move|p1a: Brute Bonnet|Crunch|p2a: Bastiodon\n|-damage|p2a: Bastiodon|60/100\n|\n|upkeep\n|turn|9\n|inactive|Time left: 300 sec this turn | 300 sec total\n|\n|t:|1783546465\n|move|p1a: Brute Bonnet|Close Combat|p2a: Bastiodon\n|-supereffective|p2a: Bastiodon\n|-damage|p2a: Bastiodon|0 fnt\n|-unboost|p1a: Brute Bonnet|def|1\n|-unboost|p1a: Brute Bonnet|spd|1\n|faint|p2a: Bastiodon\n|\n|upkeep\n|\n|t:|1783546466\n|switch|p2a: Tsareena|Tsareena, L87, F|100/100\n|turn|10\n|inactive|Time left: 300 sec this turn | 300 sec total\n|\n|t:|1783546467\n|move|p2a: Tsareena|High Jump Kick|p1a: Brute Bonnet\n|-supereffective|p1a: Brute Bonnet\n|-damage|p1a: Brute Bonnet|0 fnt\n|faint|p1a: Brute Bonnet\n|-end|p1a: Brute Bonnet|Protosynthesis|[silent]\n|\n|upkeep\n|inactive|Time left: 300 sec this turn | 300 sec total | 5 sec grace\n|\n|t:|1783546468\n|switch|p1a: Gallade|Gallade, L80, M|240/240\n|turn|11\n|inactive|Time left: 300 sec this turn | 300 sec total\n|\n|t:|1783546469\n|move|p2a: Tsareena|Power Whip|p1a: Gallade\n|-damage|p1a: Gallade|35/240\n|move|p1a: Gallade|Sacred Sword|p2a: Tsareena\n|-crit|p2a: Tsareena\n|-damage|p2a: Tsareena|0 fnt\n|faint|p2a: Tsareena\n|-damage|p1a: Gallade|11/240|[from] item: Life Orb\n|\n|upkeep\n|\n|t:|1783546470\n|switch|p2a: Azumarill|Azumarill, L82, M|46/100\n|turn|12\n|inactive|Time left: 300 sec this turn | 300 sec total\n|\n|t:|1783546471\n|move|p2a: Azumarill|Aqua Jet|p1a: Gallade\n|-damage|p1a: Gallade|0 fnt\n|faint|p1a: Gallade\n|\n|upkeep\n|inactive|Time left: 300 sec this turn | 300 sec total | 5 sec grace\n|\n|t:|1783546471\n|switch|p1a: Inteleon|Inteleon, L81, M|246/246\n|turn|13\n|inactive|Time left: 300 sec this turn | 300 sec total\n|\n|t:|1783546472\n|move|p2a: Azumarill|Aqua Jet|p1a: Inteleon\n|-resisted|p1a: Inteleon\n|-damage|p1a: Inteleon|197/246\n|move|p1a: Inteleon|Scald|p2a: Azumarill\n|-resisted|p2a: Azumarill\n|-damage|p2a: Azumarill|20/100\n|-status|p2a: Azumarill|brn\n|\n|-damage|p2a: Azumarill|14/100 brn|[from] brn\n|upkeep\n|turn|14\n|inactive|Time left: 300 sec this turn | 300 sec total\n|\n|t:|1783546473\n|move|p2a: Azumarill|Aqua Jet|p1a: Inteleon\n|-resisted|p1a: Inteleon\n|-damage|p1a: Inteleon|171/246\n|move|p1a: Inteleon|Scald|p2a: Azumarill\n|-resisted|p2a: Azumarill\n|-damage|p2a: Azumarill|0 fnt\n|faint|p2a: Azumarill\n|\n|upkeep\n|\n|t:|1783546474\n|switch|p2a: Trevenant|Trevenant, L89, F|100/100\n|turn|15\n|inactive|Time left: 300 sec this turn | 300 sec total\n|\n|t:|1783546475\n|move|p1a: Inteleon|Scald|p2a: Trevenant\n|-resisted|p2a: Trevenant\n|-damage|p2a: Trevenant|77/100\n|-status|p2a: Trevenant|brn\n|move|p2a: Trevenant|Wood Hammer|p1a: Inteleon\n|-supereffective|p1a: Inteleon\n|-damage|p1a: Inteleon|0 fnt\n|faint|p1a: Inteleon\n|-damage|p2a: Trevenant|58/100 brn|[from] Recoil\n|-damage|p2a: Trevenant|48/100 brn|[from] item: Life Orb\n|\n|-damage|p2a: Trevenant|42/100 brn|[from] brn\n|upkeep\n|inactive|Time left: 300 sec this turn | 300 sec total | 5 sec grace\n|\n|t:|1783546476\n|switch|p1a: Vaporeon|Vaporeon, L86, M|364/364\n|turn|16\n|inactive|Time left: 300 sec this turn | 300 sec total\n|\n|t:|1783546477\n|move|p1a: Vaporeon|Protect|p1a: Vaporeon\n|-singleturn|p1a: Vaporeon|Protect\n|move|p2a: Trevenant|Rest|p2a: Trevenant\n|-status|p2a: Trevenant|slp|[from] move: Rest\n|-heal|p2a: Trevenant|100/100 slp|[silent]\n|\n|upkeep\n|turn|17\n|inactive|Time left: 300 sec this turn | 300 sec total\n|\n|t:|1783546478\n|move|p1a: Vaporeon|Scald|p2a: Trevenant\n|-resisted|p2a: Trevenant\n|-damage|p2a: Trevenant|85/100 slp\n|cant|p2a: Trevenant|slp\n|\n|upkeep\n|turn|18\n|inactive|Time left: 300 sec this turn | 300 sec total\n|\n|t:|1783546479\n|-terastallize|p2a: Trevenant|Fighting\n|move|p1a: Vaporeon|Scald|p2a: Trevenant\n|-damage|p2a: Trevenant|51/100 slp\n|cant|p2a: Trevenant|slp\n|\n|upkeep\n|turn|19\n|inactive|Time left: 300 sec this turn | 300 sec total\n|\n|t:|1783546481\n|move|p1a: Vaporeon|Protect|p1a: Vaporeon\n|-singleturn|p1a: Vaporeon|Protect\n|-curestatus|p2a: Trevenant|slp|[msg]\n|move|p2a: Trevenant|Wood Hammer|p1a: Vaporeon\n|-activate|p1a: Vaporeon|move: Protect\n|\n|upkeep\n|turn|20\n|inactive|Time left: 300 sec this turn | 300 sec total\n|\n|t:|1783546482\n|move|p1a: Vaporeon|Scald|p2a: Trevenant\n|-damage|p2a: Trevenant|19/100\n|move|p2a: Trevenant|Wood Hammer|p1a: Vaporeon\n|-supereffective|p1a: Vaporeon\n|-damage|p1a: Vaporeon|0 fnt\n|faint|p1a: Vaporeon\n|-damage|p2a: Trevenant|0 fnt|[from] Recoil\n|faint|p2a: Trevenant\n|\n|win|p0y6320b35", "uploadtime": 1783546482, "views": 0, "rating": 0, "private": 0, "password": null, "_winner": "p0y6320b35", "_our_name": "p0x6324536"}