{"id": "battle-gen9randombattle-2378", "formatid": "gen9randombattle", "format": "[Gen 9] Random Battle", "players": ["p0x2378b50a", "p0y237830ed"], "log": "|init|battle\n|title|p0x2378b50a vs. p0y237830ed\n|j|\u2606p0x2378b50a\n|j|\u2606p0y237830ed\n|t:|1783567624\n|gametype|singles\n|player|p1|p0x2378b50a|1|\n|player|p2|p0y237830ed|2|\n|gen|9\n|tier|[Gen 9] Random Battle\n|rule|Species Clause: Limit one of each Pok\u00e9mon\n|rule|HP Percentage Mod: HP is shown in percentages\n|rule|Sleep Clause Mod: Limit one foe put to sleep\n|rule|Illusion Level Mod: Illusion disguises the Pok\u00e9mon's true level\n|\n|t:|1783567624\n|teamsize|p1|6\n|teamsize|p2|6\n|start\n|switch|p1a: Ditto|Ditto, L87|100/100\n|switch|p2a: Mienshao|Mienshao, L83, M|244/244\n|-transform|p1a: Ditto|p2a: Mienshao|[from] ability: Imposter\n|turn|1\n|inactive|Battle timer is ON: inactive players will automatically lose when time's up. (requested by p0y237830ed)\n|inactive|p0x2378b50a also wants the timer to be on.\n|\n|t:|1783567625\n|switch|p1a: Vileplume|Vileplume, L85, F|100/100\n|move|p2a: Mienshao|Close Combat|p1a: Vileplume\n|-resisted|p1a: Vileplume\n|-damage|p1a: Vileplume|61/100\n|-unboost|p2a: Mienshao|def|1\n|-unboost|p2a: Mienshao|spd|1\n|-damage|p2a: Mienshao|220/244|[from] item: Life Orb\n|\n|-heal|p1a: Vileplume|67/100|[from] item: Leftovers\n|upkeep\n|turn|2\n|inactive|Time left: 300 sec this turn | 300 sec total\n|\n|t:|1783567627\n|switch|p2a: Regirock|Regirock, L83|268/268\n|move|p1a: Vileplume|Giga Drain|p2a: Regirock\n|-supereffective|p2a: Regirock\n|-damage|p2a: Regirock|88/268\n|-heal|p1a: Vileplume|100/100|[from] drain|[of] p2a: Regirock\n|\n|upkeep\n|turn|3\n|inactive|Time left: 300 sec this turn | 300 sec total\n|\n|t:|1783567628\n|move|p1a: Vileplume|Giga Drain|p2a: Regirock\n|-supereffective|p2a: Regirock\n|-damage|p2a: Regirock|0 fnt\n|faint|p2a: Regirock\n|\n|upkeep\n|inactive|Time left: 300 sec this turn | 300 sec total | 5 sec grace\n|\n|t:|1783567629\n|switch|p2a: Vivillon|Vivillon-Garden, L83, M|268/268\n|turn|4\n|inactive|Time left: 300 sec this turn | 300 sec total\n|\n|t:|1783567630\n|move|p2a: Vivillon|Quiver Dance|p2a: Vivillon\n|-boost|p2a: Vivillon|spa|1\n|-boost|p2a: Vivillon|spd|1\n|-boost|p2a: Vivillon|spe|1\n|move|p1a: Vileplume|Sludge Bomb|p2a: Vivillon\n|-damage|p2a: Vivillon|160/268\n|\n|upkeep\n|turn|5\n|inactive|Time left: 300 sec this turn | 300 sec total\n|\n|t:|1783567631\n|switch|p1a: Dialga|Dialga, L73|100/100\n|-ability|p1a: Dialga|Pressure\n|move|p2a: Vivillon|Hurricane|p1a: Dialga\n|-resisted|p1a: Dialga\n|-crit|p1a: Dialga\n|-damage|p1a: Dialga|67/100\n|\n|upkeep\n|turn|6\n|inactive|Time left: 300 sec this turn | 300 sec total\n|\n|t:|1783567632\n|move|p2a: Vivillon|Sleep Powder|p1a: Dialga\n|-status|p1a: Dialga|slp|[from] move: Sleep Powder\n|cant|p1a: Dialga|slp\n|\n|upkeep\n|turn|7\n|inactive|Time left: 300 sec this turn | 300 sec total\n|\n|t:|1783567633\n|move|p2a: Vivillon|Quiver Dance|p2a: Vivillon\n|-boost|p2a: Vivillon|spa|1\n|-boost|p2a: Vivillon|spd|1\n|-boost|p2a: Vivillon|spe|1\n|cant|p1a: Dialga|slp\n|\n|upkeep\n|turn|8\n|inactive|Time left: 300 sec this turn | 300 sec total\n|\n|t:|1783567635\n|move|p2a: Vivillon|Hurricane|p1a: Dialga\n|-resisted|p1a: Dialga\n|-damage|p1a: Dialga|41/100 slp\n|-start|p1a: Dialga|confusion\n|-curestatus|p1a: Dialga|slp|[msg]\n|-activate|p1a: Dialga|confusion\n|move|p1a: Dialga|Heavy Slam|p2a: Vivillon\n|-damage|p2a: Vivillon|0 fnt\n|faint|p2a: Vivillon\n|\n|upkeep\n|inactive|Time left: 300 sec this turn | 300 sec total | 5 sec grace\n|\n|t:|1783567636\n|switch|p2a: Suicune|Suicune, L82|298/298\n|-ability|p2a: Suicune|Pressure\n|turn|9\n|inactive|Time left: 300 sec this turn | 300 sec total\n|\n|t:|1783567637\n|switch|p1a: Lugia|Lugia, L73|100/100\n|move|p2a: Suicune|Calm Mind|p2a: Suicune\n|-boost|p2a: Suicune|spa|1\n|-boost|p2a: Suicune|spd|1\n|\n|upkeep\n|turn|10\n|inactive|Time left: 300 sec this turn | 300 sec total\n|\n|t:|1783567638\n|move|p1a: Lugia|Calm Mind|p1a: Lugia\n|-boost|p1a: Lugia|spa|1\n|-boost|p1a: Lugia|spd|1\n|move|p2a: Suicune|Calm Mind|p2a: Suicune\n|-boost|p2a: Suicune|spa|1\n|-boost|p2a: Suicune|spd|1\n|\n|upkeep\n|turn|11\n|inactive|Time left: 300 sec this turn | 300 sec total\n|\n|t:|1783567639\n|move|p1a: Lugia|Calm Mind|p1a: Lugia\n|-boost|p1a: Lugia|spa|1\n|-boost|p1a: Lugia|spd|1\n|move|p2a: Suicune|Calm Mind|p2a: Suicune\n|-boost|p2a: Suicune|spa|1\n|-boost|p2a: Suicune|spd|1\n|\n|upkeep\n|turn|12\n|inactive|Time left: 300 sec this turn | 300 sec total\n|\n|t:|1783567640\n|move|p1a: Lugia|Calm Mind|p1a: Lugia\n|-boost|p1a: Lugia|spa|1\n|-boost|p1a: Lugia|spd|1\n|move|p2a: Suicune|Calm Mind|p2a: Suicune\n|-boost|p2a: Suicune|spa|1\n|-boost|p2a: Suicune|spd|1\n|\n|upkeep\n|turn|13\n|inactive|Time left: 300 sec this turn | 300 sec total\n|\n|t:|1783567640\n|move|p1a: Lugia|Calm Mind|p1a: Lugia\n|-boost|p1a: Lugia|spa|1\n|-boost|p1a: Lugia|spd|1\n|move|p2a: Suicune|Ice Beam|p1a: Lugia\n|-supereffective|p1a: Lugia\n|-damage|p1a: Lugia|85/100\n|\n|upkeep\n|turn|14\n|inactive|Time left: 300 sec this turn | 300 sec total\n|\n|t:|1783567641\n|move|p1a: Lugia|Aeroblast|p2a: Suicune\n|-damage|p2a: Suicune|238/298\n|move|p2a: Suicune|Scald|p1a: Lugia\n|-damage|p1a: Lugia|64/100\n|\n|-heal|p2a: Suicune|256/298|[from] item: Leftovers\n|upkeep\n|turn|15\n|inactive|Time left: 300 sec this turn | 300 sec total\n|\n|t:|1783567642\n|move|p1a: Lugia|Aeroblast|p2a: Suicune\n|-crit|p2a: Suicune\n|-damage|p2a: Suicune|0 fnt\n|faint|p2a: Suicune\n|\n|upkeep\n|inactive|Time left: 300 sec this turn | 300 sec total | 5 sec grace\n|\n|t:|1783567643\n|switch|p2a: Mienshao|Mienshao, L83, M|244/244\n|turn|16\n|inactive|Time left: 300 sec this turn | 300 sec total\n|\n|t:|1783567643\n|-terastallize|p2a: Mienshao|Dark\n|-terastallize|p1a: Lugia|Steel\n|move|p2a: Mienshao|Knock Off|p1a: Lugia\n|-damage|p1a: Lugia|15/100\n|-enditem|p1a: Lugia|Heavy-Duty Boots|[from] move: Knock Off|[of] p2a: Mienshao\n|-damage|p2a: Mienshao|220/244|[from] item: Life Orb\n|move|p1a: Lugia|Aeroblast|p2a: Mienshao\n|-damage|p2a: Mienshao|0 fnt\n|faint|p2a: Mienshao\n|\n|upkeep\n|inactive|Time left: 300 sec this turn | 300 sec total | 5 sec grace\n|\n|t:|1783567644\n|switch|p2a: Sunflora|Sunflora, M|312/312\n|turn|17\n|inactive|Time left: 300 sec this turn | 300 sec total\n|\n|t:|1783567645\n|move|p1a: Lugia|Aeroblast|p2a: Sunflora\n|-supereffective|p2a: Sunflora\n|-damage|p2a: Sunflora|0 fnt\n|faint|p2a: Sunflora\n|\n|upkeep\n|inactive|Time left: 300 sec this turn | 300 sec total | 5 sec grace\n|\n|t:|1783567646\n|switch|p2a: Golduck|Golduck, L90, F|290/290\n|-ability|p2a: Golduck|Cloud Nine\n|turn|18\n|inactive|Time left: 300 sec this turn | 300 sec total\n|\n|t:|1783567646\n|move|p2a: Golduck|Hydro Pump|p1a: Lugia|[miss]\n|-miss|p2a: Golduck|p1a: Lugia\n|move|p1a: Lugia|Aeroblast|p2a: Golduck\n|-damage|p2a: Golduck|46/290\n|\n|-heal|p2a: Golduck|64/290|[from] item: Leftovers\n|upkeep\n|turn|19\n|inactive|Time left: 300 sec this turn | 300 sec total\n|\n|t:|1783567647\n|move|p2a: Golduck|Ice Beam|p1a: Lugia\n|-resisted|p1a: Lugia\n|-damage|p1a: Lugia|12/100\n|move|p1a: Lugia|Psychic Noise|p2a: Golduck\n|-crit|p2a: Golduck\n|-damage|p2a: Golduck|0 fnt\n|faint|p2a: Golduck\n|\n|win|p0x2378b50a", "uploadtime": 1783567647, "views": 0, "rating": 0, "private": 0, "password": null, "_winner": "p0x2378b50a", "_our_name": "p0y237830ed"}