{"id": "battle-gen9randombattle-165", "formatid": "gen9randombattle", "format": "[Gen 9] Random Battle", "players": ["p0x1650e4c", "p0y1659a9c"], "log": "|init|battle\n|title|p0x1650e4c vs. p0y1659a9c\n|j|\u2606p0x1650e4c\n|j|\u2606p0y1659a9c\n|t:|1783541036\n|gametype|singles\n|player|p1|p0x1650e4c|1|\n|player|p2|p0y1659a9c|169|\n|gen|9\n|tier|[Gen 9] Random Battle\n|rule|Species Clause: Limit one of each Pok\u00e9mon\n|rule|HP Percentage Mod: HP is shown in percentages\n|rule|Sleep Clause Mod: Limit one foe put to sleep\n|rule|Illusion Level Mod: Illusion disguises the Pok\u00e9mon's true level\n|\n|t:|1783541036\n|teamsize|p1|6\n|teamsize|p2|6\n|start\n|switch|p1a: Noctowl|Noctowl, L95, M|100/100\n|switch|p2a: Leavanny|Leavanny, L86, F|269/269\n|turn|1\n|inactive|Battle timer is ON: inactive players will automatically lose when time's up. (requested by p0x1650e4c)\n|inactive|Time left: 300 sec this turn | 300 sec total | 60 sec grace\n|inactive|p0y1659a9c also wants the timer to be on.\n|\n|t:|1783541037\n|move|p2a: Leavanny|Sticky Web|p1a: Noctowl\n|-sidestart|p1: p0x1650e4c|move: Sticky Web\n|move|p1a: Noctowl|Hurricane|p2a: Leavanny\n|-supereffective|p2a: Leavanny\n|-damage|p2a: Leavanny|0 fnt\n|faint|p2a: Leavanny\n|\n|upkeep\n|inactive|Time left: 300 sec this turn | 300 sec total | 65 sec grace\n|\n|t:|1783541038\n|switch|p2a: Hitmonlee|Hitmonlee, L85, M|223/223\n|turn|2\n|inactive|Time left: 300 sec this turn | 300 sec total\n|\n|t:|1783541040\n|move|p2a: Hitmonlee|High Jump Kick|p1a: Noctowl\n|-damage|p1a: Noctowl|0 fnt\n|faint|p1a: Noctowl\n|\n|upkeep\n|\n|t:|1783541041\n|switch|p1a: Scream Tail|Scream Tail, L84|100/100\n|-activate|p1a: Scream Tail|move: Sticky Web\n|-unboost|p1a: Scream Tail|spe|1\n|turn|3\n|inactive|Time left: 300 sec this turn | 300 sec total\n|\n|t:|1783541042\n|move|p2a: Hitmonlee|High Jump Kick|p1a: Scream Tail\n|-resisted|p1a: Scream Tail\n|-damage|p1a: Scream Tail|79/100\n|move|p1a: Scream Tail|Play Rough|p2a: Hitmonlee\n|-supereffective|p2a: Hitmonlee\n|-damage|p2a: Hitmonlee|5/223\n|\n|-heal|p1a: Scream Tail|85/100|[from] item: Leftovers\n|upkeep\n|turn|4\n|inactive|Time left: 300 sec this turn | 300 sec total\n|\n|t:|1783541043\n|move|p2a: Hitmonlee|High Jump Kick|p1a: Scream Tail\n|-resisted|p1a: Scream Tail\n|-damage|p1a: Scream Tail|66/100\n|move|p1a: Scream Tail|Play Rough|p2a: Hitmonlee\n|-supereffective|p2a: Hitmonlee\n|-damage|p2a: Hitmonlee|0 fnt\n|faint|p2a: Hitmonlee\n|\n|-heal|p1a: Scream Tail|72/100|[from] item: Leftovers\n|upkeep\n|inactive|Time left: 300 sec this turn | 300 sec total | 5 sec grace\n|\n|t:|1783541044\n|switch|p2a: Falinks|Falinks, L84|246/246\n|turn|5\n|inactive|Time left: 300 sec this turn | 300 sec total\n|\n|t:|1783541045\n|move|p2a: Falinks|No Retreat|p2a: Falinks\n|-boost|p2a: Falinks|atk|1\n|-boost|p2a: Falinks|def|1\n|-boost|p2a: Falinks|spa|1\n|-boost|p2a: Falinks|spd|1\n|-boost|p2a: Falinks|spe|1\n|-start|p2a: Falinks|move: No Retreat\n|move|p1a: Scream Tail|Play Rough|p2a: Falinks\n|-supereffective|p2a: Falinks\n|-damage|p2a: Falinks|160/246\n|\n|-heal|p1a: Scream Tail|78/100|[from] item: Leftovers\n|upkeep\n|turn|6\n|inactive|Time left: 300 sec this turn | 300 sec total\n|\n|t:|1783541046\n|move|p2a: Falinks|Iron Head|p1a: Scream Tail\n|-supereffective|p1a: Scream Tail\n|-damage|p1a: Scream Tail|18/100\n|-damage|p2a: Falinks|136/246|[from] item: Life Orb\n|cant|p1a: Scream Tail|flinch\n|\n|-heal|p1a: Scream Tail|24/100|[from] item: Leftovers\n|upkeep\n|turn|7\n|inactive|Time left: 300 sec this turn | 300 sec total\n|\n|t:|1783541047\n|move|p2a: Falinks|Knock Off|p1a: Scream Tail\n|-damage|p1a: Scream Tail|0 fnt\n|-enditem|p1a: Scream Tail|Leftovers|[from] move: Knock Off|[of] p2a: Falinks\n|faint|p1a: Scream Tail\n|-end|p1a: Scream Tail|Protosynthesis|[silent]\n|-damage|p2a: Falinks|112/246|[from] item: Life Orb\n|\n|upkeep\n|\n|t:|1783541049\n|switch|p1a: Arboliva|Arboliva, L91, F|100/100\n|-activate|p1a: Arboliva|move: Sticky Web\n|-unboost|p1a: Arboliva|spe|1\n|turn|8\n|inactive|Time left: 300 sec this turn | 300 sec total\n|\n|t:|1783541050\n|-terastallize|p1a: Arboliva|Ground\n|move|p2a: Falinks|Close Combat|p1a: Arboliva\n|-damage|p1a: Arboliva|22/100\n|-unboost|p2a: Falinks|def|1\n|-unboost|p2a: Falinks|spd|1\n|-fieldstart|move: Grassy Terrain|[from] ability: Seed Sower|[of] p1a: Arboliva\n|-damage|p2a: Falinks|88/246|[from] item: Life Orb\n|move|p1a: Arboliva|Earth Power|p2a: Falinks\n|-damage|p2a: Falinks|0 fnt\n|faint|p2a: Falinks\n|\n|-heal|p1a: Arboliva|28/100|[from] Grassy Terrain\n|-heal|p1a: Arboliva|35/100|[from] item: Leftovers\n|upkeep\n|inactive|Time left: 300 sec this turn | 300 sec total | 5 sec grace\n|\n|t:|1783541051\n|switch|p2a: Iron Boulder|Iron Boulder, L77|265/265\n|turn|9\n|inactive|Time left: 300 sec this turn | 300 sec total\n|\n|t:|1783541052\n|-terastallize|p2a: Iron Boulder|Fighting\n|move|p2a: Iron Boulder|Close Combat|p1a: Arboliva\n|-damage|p1a: Arboliva|0 fnt\n|-unboost|p2a: Iron Boulder|def|1\n|-unboost|p2a: Iron Boulder|spd|1\n|faint|p1a: Arboliva\n|-damage|p2a: Iron Boulder|239/265|[from] item: Life Orb\n|\n|-heal|p2a: Iron Boulder|255/265|[from] Grassy Terrain\n|upkeep\n|\n|t:|1783541053\n|switch|p1a: Cloyster|Cloyster, L80, F|100/100\n|-activate|p1a: Cloyster|move: Sticky Web\n|-unboost|p1a: Cloyster|spe|1\n|-enditem|p1a: Cloyster|White Herb\n|-clearnegativeboost|p1a: Cloyster|[silent]\n|turn|10\n|inactive|Time left: 300 sec this turn | 300 sec total\n|\n|t:|1783541054\n|move|p2a: Iron Boulder|Close Combat|p1a: Cloyster\n|-supereffective|p1a: Cloyster\n|-crit|p1a: Cloyster\n|-damage|p1a: Cloyster|0 fnt\n|-unboost|p2a: Iron Boulder|def|1\n|-unboost|p2a: Iron Boulder|spd|1\n|faint|p1a: Cloyster\n|-damage|p2a: Iron Boulder|229/265|[from] item: Life Orb\n|\n|-heal|p2a: Iron Boulder|245/265|[from] Grassy Terrain\n|upkeep\n|\n|t:|1783541055\n|switch|p1a: Krookodile|Krookodile, L79, F|100/100\n|-activate|p1a: Krookodile|move: Sticky Web\n|-unboost|p1a: Krookodile|spe|1\n|-ability|p1a: Krookodile|Intimidate|boost\n|-unboost|p2a: Iron Boulder|atk|1\n|turn|11\n|inactive|Time left: 300 sec this turn | 300 sec total\n|\n|t:|1783541056\n|move|p2a: Iron Boulder|Swords Dance|p2a: Iron Boulder\n|-boost|p2a: Iron Boulder|atk|2\n|move|p1a: Krookodile|Knock Off|p2a: Iron Boulder\n|-resisted|p2a: Iron Boulder\n|-damage|p2a: Iron Boulder|74/265\n|-enditem|p2a: Iron Boulder|Life Orb|[from] move: Knock Off|[of] p1a: Krookodile\n|\n|-heal|p2a: Iron Boulder|90/265|[from] Grassy Terrain\n|upkeep\n|turn|12\n|inactive|Time left: 300 sec this turn | 300 sec total\n|\n|t:|1783541057\n|switch|p1a: Camerupt|Camerupt, L91, M|100/100\n|-activate|p1a: Camerupt|move: Sticky Web\n|-unboost|p1a: Camerupt|spe|1\n|move|p2a: Iron Boulder|Close Combat|p1a: Camerupt\n|-crit|p1a: Camerupt\n|-damage|p1a: Camerupt|0 fnt\n|-unboost|p2a: Iron Boulder|def|1\n|-unboost|p2a: Iron Boulder|spd|1\n|faint|p1a: Camerupt\n|\n|-heal|p2a: Iron Boulder|106/265|[from] Grassy Terrain\n|-fieldend|move: Grassy Terrain\n|upkeep\n|\n|t:|1783541058\n|switch|p1a: Krookodile|Krookodile, L79, F|100/100\n|-activate|p1a: Krookodile|move: Sticky Web\n|-unboost|p1a: Krookodile|spe|1\n|-ability|p1a: Krookodile|Intimidate|boost\n|-unboost|p2a: Iron Boulder|atk|1\n|turn|13\n|inactive|Time left: 300 sec this turn | 300 sec total\n|\n|t:|1783541058\n|move|p2a: Iron Boulder|Close Combat|p1a: Krookodile\n|-supereffective|p1a: Krookodile\n|-damage|p1a: Krookodile|0 fnt\n|-unboost|p2a: Iron Boulder|def|1\n|-unboost|p2a: Iron Boulder|spd|1\n|faint|p1a: Krookodile\n|\n|win|p0y1659a9c", "uploadtime": 1783541058, "views": 0, "rating": 0, "private": 0, "password": null, "_winner": "p0y1659a9c", "_our_name": "p0y1659a9c"}