{"id": "battle-gen9randombattle-606", "formatid": "gen9randombattle", "format": "[Gen 9] Random Battle", "players": ["p0x606547d", "p0y606b1cf"], "log": "|init|battle\n|title|p0x606547d vs. p0y606b1cf\n|j|\u2606p0x606547d\n|j|\u2606p0y606b1cf\n|t:|1783546130\n|gametype|singles\n|player|p1|p0x606547d|2|\n|player|p2|p0y606b1cf|265|\n|gen|9\n|tier|[Gen 9] Random Battle\n|rule|Species Clause: Limit one of each Pok\u00e9mon\n|rule|HP Percentage Mod: HP is shown in percentages\n|rule|Sleep Clause Mod: Limit one foe put to sleep\n|rule|Illusion Level Mod: Illusion disguises the Pok\u00e9mon's true level\n|\n|t:|1783546130\n|teamsize|p1|6\n|teamsize|p2|6\n|start\n|switch|p1a: Scrafty|Scrafty, L83, F|100/100\n|switch|p2a: Skeledirge|Skeledirge, L79, M|294/294\n|turn|1\n|inactive|Battle timer is ON: inactive players will automatically lose when time's up. (requested by p0x606547d)\n|inactive|Time left: 300 sec this turn | 300 sec total | 60 sec grace\n|\n|t:|1783546131\n|move|p2a: Skeledirge|Torch Song|p1a: Scrafty\n|-damage|p1a: Scrafty|73/100\n|-boost|p2a: Skeledirge|spa|1\n|move|p1a: Scrafty|Knock Off|p2a: Skeledirge\n|-supereffective|p2a: Skeledirge\n|-damage|p2a: Skeledirge|126/294\n|-enditem|p2a: Skeledirge|Heavy-Duty Boots|[from] move: Knock Off|[of] p1a: Scrafty\n|\n|-heal|p1a: Scrafty|80/100|[from] item: Leftovers\n|upkeep\n|turn|2\n|inactive|Time left: 300 sec this turn | 300 sec total\n|inactive|p0y606b1cf also wants the timer to be on.\n|\n|t:|1783546132\n|move|p2a: Skeledirge|Torch Song|p1a: Scrafty\n|-damage|p1a: Scrafty|39/100\n|-boost|p2a: Skeledirge|spa|1\n|move|p1a: Scrafty|Knock Off|p2a: Skeledirge\n|-supereffective|p2a: Skeledirge\n|-damage|p2a: Skeledirge|0 fnt\n|faint|p2a: Skeledirge\n|\n|-heal|p1a: Scrafty|45/100|[from] item: Leftovers\n|upkeep\n|inactive|Time left: 300 sec this turn | 300 sec total | 5 sec grace\n|\n|t:|1783546133\n|switch|p2a: Moltres|Moltres-Galar, L79|271/271\n|turn|3\n|inactive|Time left: 300 sec this turn | 300 sec total\n|\n|t:|1783546135\n|move|p2a: Moltres|Hurricane|p1a: Scrafty\n|-supereffective|p1a: Scrafty\n|-damage|p1a: Scrafty|0 fnt\n|faint|p1a: Scrafty\n|\n|upkeep\n|\n|t:|1783546135\n|switch|p1a: Tauros|Tauros-Paldea-Combat, L82, M|100/100\n|-ability|p1a: Tauros|Intimidate|boost\n|-unboost|p2a: Moltres|atk|1\n|turn|4\n|inactive|Time left: 300 sec this turn | 300 sec total\n|\n|t:|1783546137\n|move|p1a: Tauros|Close Combat|p2a: Moltres\n|-damage|p2a: Moltres|67/271\n|-unboost|p1a: Tauros|def|1\n|-unboost|p1a: Tauros|spd|1\n|-ability|p2a: Moltres|Berserk|boost\n|-boost|p2a: Moltres|spa|1\n|move|p2a: Moltres|Hurricane|p1a: Tauros\n|-supereffective|p1a: Tauros\n|-damage|p1a: Tauros|0 fnt\n|faint|p1a: Tauros\n|\n|upkeep\n|\n|t:|1783546138\n|switch|p1a: Volcarona|Volcarona, L77, M|100/100\n|turn|5\n|inactive|Time left: 300 sec this turn | 300 sec total\n|\n|t:|1783546139\n|switch|p2a: Terrakion|Terrakion, L79|273/273\n|move|p1a: Volcarona|Fiery Dance|p2a: Terrakion\n|-resisted|p2a: Terrakion\n|-damage|p2a: Terrakion|226/273\n|-boost|p1a: Volcarona|spa|1\n|\n|upkeep\n|turn|6\n|inactive|Time left: 300 sec this turn | 300 sec total\n|\n|t:|1783546140\n|-terastallize|p1a: Volcarona|Water\n|move|p2a: Terrakion|Stone Edge|p1a: Volcarona\n|-damage|p1a: Volcarona|3/100\n|move|p1a: Volcarona|Tera Blast|p2a: Terrakion|[anim] Tera Blast Water\n|-supereffective|p2a: Terrakion\n|-damage|p2a: Terrakion|0 fnt\n|faint|p2a: Terrakion\n|\n|upkeep\n|inactive|Time left: 300 sec this turn | 300 sec total | 5 sec grace\n|\n|t:|1783546141\n|switch|p2a: Oranguru|Oranguru, L92, M|315/315\n|turn|7\n|inactive|Time left: 300 sec this turn | 300 sec total\n|\n|t:|1783546142\n|move|p1a: Volcarona|Bug Buzz|p2a: Oranguru\n|-supereffective|p2a: Oranguru\n|-damage|p2a: Oranguru|0 fnt\n|faint|p2a: Oranguru\n|\n|upkeep\n|inactive|Time left: 300 sec this turn | 300 sec total | 5 sec grace\n|\n|t:|1783546143\n|switch|p2a: Dialga|Dialga-Origin, L73|266/266\n|-ability|p2a: Dialga|Pressure\n|turn|8\n|inactive|Time left: 300 sec this turn | 300 sec total\n|\n|t:|1783546144\n|move|p1a: Volcarona|Fiery Dance|p2a: Dialga\n|-damage|p2a: Dialga|145/266\n|move|p2a: Dialga|Flash Cannon|p1a: Volcarona\n|-resisted|p1a: Volcarona\n|-damage|p1a: Volcarona|0 fnt\n|faint|p1a: Volcarona\n|\n|upkeep\n|\n|t:|1783546145\n|switch|p1a: Porygon2|Porygon2, L81|100/100\n|-ability|p1a: Porygon2|Download|boost\n|-boost|p1a: Porygon2|spa|1\n|turn|9\n|inactive|Time left: 300 sec this turn | 300 sec total\n|\n|t:|1783546146\n|move|p2a: Dialga|Thunder Wave|p1a: Porygon2|[miss]\n|-miss|p2a: Dialga|p1a: Porygon2\n|move|p1a: Porygon2|Ice Beam|p2a: Dialga\n|-damage|p2a: Dialga|59/266\n|\n|upkeep\n|turn|10\n|inactive|Time left: 300 sec this turn | 300 sec total\n|\n|t:|1783546147\n|move|p2a: Dialga|Thunder Wave|p1a: Porygon2\n|-status|p1a: Porygon2|par\n|move|p1a: Porygon2|Ice Beam|p2a: Dialga\n|-damage|p2a: Dialga|0 fnt\n|faint|p2a: Dialga\n|\n|upkeep\n|inactive|Time left: 300 sec this turn | 300 sec total | 5 sec grace\n|\n|t:|1783546148\n|switch|p2a: Chesnaught|Chesnaught, L84, F|285/285\n|turn|11\n|inactive|Time left: 300 sec this turn | 300 sec total\n|\n|t:|1783546150\n|move|p2a: Chesnaught|Iron Defense|p2a: Chesnaught\n|-boost|p2a: Chesnaught|def|2\n|move|p1a: Porygon2|Ice Beam|p2a: Chesnaught\n|-supereffective|p2a: Chesnaught\n|-damage|p2a: Chesnaught|67/285\n|\n|-heal|p2a: Chesnaught|84/285|[from] item: Leftovers\n|upkeep\n|turn|12\n|inactive|Time left: 300 sec this turn | 300 sec total\n|\n|t:|1783546151\n|move|p2a: Chesnaught|Body Press|p1a: Porygon2\n|-supereffective|p1a: Porygon2\n|-damage|p1a: Porygon2|0 fnt\n|faint|p1a: Porygon2\n|\n|-heal|p2a: Chesnaught|101/285|[from] item: Leftovers\n|upkeep\n|\n|t:|1783546152\n|switch|p1a: Latias|Latias, L79, F|100/100\n|turn|13\n|inactive|Time left: 300 sec this turn | 300 sec total\n|\n|t:|1783546153\n|move|p1a: Latias|Calm Mind|p1a: Latias\n|-boost|p1a: Latias|spa|1\n|-boost|p1a: Latias|spd|1\n|move|p2a: Chesnaught|Synthesis|p2a: Chesnaught\n|-heal|p2a: Chesnaught|243/285\n|\n|-heal|p2a: Chesnaught|260/285|[from] item: Leftovers\n|upkeep\n|turn|14\n|inactive|Time left: 300 sec this turn | 300 sec total\n|\n|t:|1783546154\n|-terastallize|p2a: Chesnaught|Steel\n|move|p1a: Latias|Calm Mind|p1a: Latias\n|-boost|p1a: Latias|spa|1\n|-boost|p1a: Latias|spd|1\n|move|p2a: Chesnaught|Iron Defense|p2a: Chesnaught\n|-boost|p2a: Chesnaught|def|2\n|\n|-heal|p2a: Chesnaught|277/285|[from] item: Leftovers\n|upkeep\n|turn|15\n|inactive|Time left: 300 sec this turn | 300 sec total\n|\n|t:|1783546155\n|move|p1a: Latias|Calm Mind|p1a: Latias\n|-boost|p1a: Latias|spa|1\n|-boost|p1a: Latias|spd|1\n|move|p2a: Chesnaught|Body Press|p1a: Latias\n|-resisted|p1a: Latias\n|-damage|p1a: Latias|44/100\n|\n|-heal|p2a: Chesnaught|285/285|[from] item: Leftovers\n|upkeep\n|turn|16\n|inactive|Time left: 300 sec this turn | 300 sec total\n|\n|t:|1783546156\n|move|p1a: Latias|Recover|p1a: Latias\n|-heal|p1a: Latias|94/100\n|move|p2a: Chesnaught|Body Press|p1a: Latias\n|-resisted|p1a: Latias\n|-damage|p1a: Latias|38/100\n|\n|upkeep\n|turn|17\n|inactive|Time left: 300 sec this turn | 300 sec total\n|\n|t:|1783546157\n|move|p1a: Latias|Recover|p1a: Latias\n|-heal|p1a: Latias|88/100\n|move|p2a: Chesnaught|Body Press|p1a: Latias\n|-resisted|p1a: Latias\n|-damage|p1a: Latias|26/100\n|\n|upkeep\n|turn|18\n|inactive|Time left: 300 sec this turn | 300 sec total\n|\n|t:|1783546158\n|move|p1a: Latias|Draco Meteor|p2a: Chesnaught\n|-resisted|p2a: Chesnaught\n|-crit|p2a: Chesnaught\n|-damage|p2a: Chesnaught|0 fnt\n|-unboost|p1a: Latias|spa|2\n|faint|p2a: Chesnaught\n|\n|upkeep\n|inactive|Time left: 300 sec this turn | 300 sec total | 5 sec grace\n|\n|t:|1783546159\n|switch|p2a: Moltres|Moltres-Galar, L79|67/271\n|turn|19\n|inactive|Time left: 300 sec this turn | 300 sec total\n|\n|t:|1783546160\n|move|p1a: Latias|Draco Meteor|p2a: Moltres\n|-damage|p2a: Moltres|0 fnt\n|-unboost|p1a: Latias|spa|2\n|faint|p2a: Moltres\n|\n|win|p0x606547d", "uploadtime": 1783546160, "views": 0, "rating": 0, "private": 0, "password": null, "_winner": "p0x606547d", "_our_name": "p0y606b1cf"}