{"id": "battle-gen9randombattle-2822", "formatid": "gen9randombattle", "format": "[Gen 9] Random Battle", "players": ["p0x28229e32", "p0y28227bda"], "log": "|init|battle\n|title|p0x28229e32 vs. p0y28227bda\n|j|\u2606p0x28229e32\n|j|\u2606p0y28227bda\n|t:|1783571529\n|gametype|singles\n|player|p1|p0x28229e32|266|\n|player|p2|p0y28227bda|1|\n|gen|9\n|tier|[Gen 9] Random Battle\n|rule|Species Clause: Limit one of each Pok\u00e9mon\n|rule|HP Percentage Mod: HP is shown in percentages\n|rule|Sleep Clause Mod: Limit one foe put to sleep\n|rule|Illusion Level Mod: Illusion disguises the Pok\u00e9mon's true level\n|\n|t:|1783571529\n|teamsize|p1|6\n|teamsize|p2|6\n|start\n|switch|p1a: Wyrdeer|Wyrdeer, L87, M|100/100\n|switch|p2a: Hoopa|Hoopa-Unbound, L80|259/259\n|-ability|p1a: Wyrdeer|Intimidate|boost\n|-unboost|p2a: Hoopa|atk|1\n|turn|1\n|inactive|Battle timer is ON: inactive players will automatically lose when time's up. (requested by p0x28229e32)\n|inactive|Time left: 300 sec this turn | 300 sec total | 60 sec grace\n|inactive|p0y28227bda also wants the timer to be on.\n|\n|t:|1783571531\n|switch|p2a: Sandaconda|Sandaconda, L84, M|258/258\n|move|p1a: Wyrdeer|Body Slam|p2a: Sandaconda\n|-damage|p2a: Sandaconda|185/258\n|\n|-heal|p2a: Sandaconda|201/258|[from] item: Leftovers\n|upkeep\n|turn|2\n|inactive|Time left: 300 sec this turn | 300 sec total\n|\n|t:|1783571532\n|switch|p1a: Heracross|Heracross, L80, F|100/100\n|move|p2a: Sandaconda|Coil|p2a: Sandaconda\n|-boost|p2a: Sandaconda|atk|1\n|-boost|p2a: Sandaconda|def|1\n|-boost|p2a: Sandaconda|accuracy|1\n|\n|-heal|p2a: Sandaconda|217/258|[from] item: Leftovers\n|-status|p1a: Heracross|brn|[from] item: Flame Orb\n|upkeep\n|turn|3\n|inactive|Time left: 300 sec this turn | 300 sec total\n|\n|t:|1783571533\n|move|p1a: Heracross|Facade|p2a: Sandaconda\n|-damage|p2a: Sandaconda|135/258\n|move|p2a: Sandaconda|Earthquake|p1a: Heracross\n|-resisted|p1a: Heracross\n|-damage|p1a: Heracross|59/100 brn\n|\n|-heal|p2a: Sandaconda|151/258|[from] item: Leftovers\n|-damage|p1a: Heracross|53/100 brn|[from] brn\n|upkeep\n|turn|4\n|inactive|Time left: 300 sec this turn | 300 sec total\n|\n|t:|1783571534\n|move|p1a: Heracross|Facade|p2a: Sandaconda\n|-damage|p2a: Sandaconda|61/258\n|move|p2a: Sandaconda|Stone Edge|p1a: Heracross\n|-damage|p1a: Heracross|0 fnt\n|faint|p1a: Heracross\n|\n|-heal|p2a: Sandaconda|77/258|[from] item: Leftovers\n|upkeep\n|\n|t:|1783571535\n|switch|p1a: Mamoswine|Mamoswine, L81, F|100/100\n|turn|5\n|inactive|Time left: 300 sec this turn | 300 sec total\n|\n|t:|1783571536\n|switch|p2a: Orthworm|Orthworm, L88, F|266/266\n|move|p1a: Mamoswine|Earthquake|p2a: Orthworm\n|-immune|p2a: Orthworm|[from] ability: Earth Eater\n|\n|upkeep\n|turn|6\n|inactive|Time left: 300 sec this turn | 300 sec total\n|\n|t:|1783571537\n|move|p1a: Mamoswine|Earthquake|p2a: Orthworm\n|-immune|p2a: Orthworm|[from] ability: Earth Eater\n|move|p2a: Orthworm|Coil|p2a: Orthworm\n|-boost|p2a: Orthworm|atk|1\n|-boost|p2a: Orthworm|def|1\n|-boost|p2a: Orthworm|accuracy|1\n|\n|upkeep\n|turn|7\n|inactive|Time left: 300 sec this turn | 300 sec total\n|\n|t:|1783571538\n|switch|p1a: Wyrdeer|Wyrdeer, L87, M|100/100\n|-ability|p1a: Wyrdeer|Intimidate|boost\n|-unboost|p2a: Orthworm|atk|1\n|move|p2a: Orthworm|Coil|p2a: Orthworm\n|-boost|p2a: Orthworm|atk|1\n|-boost|p2a: Orthworm|def|1\n|-boost|p2a: Orthworm|accuracy|1\n|\n|upkeep\n|turn|8\n|inactive|Time left: 300 sec this turn | 300 sec total\n|\n|t:|1783571539\n|switch|p1a: Swalot|Swalot, L90, F|100/100\n|move|p2a: Orthworm|Body Press|p1a: Swalot\n|-resisted|p1a: Swalot\n|-damage|p1a: Swalot|77/100\n|\n|-heal|p1a: Swalot|83/100|[from] item: Leftovers\n|upkeep\n|turn|9\n|inactive|Time left: 300 sec this turn | 300 sec total\n|\n|t:|1783571540\n|move|p2a: Orthworm|Coil|p2a: Orthworm\n|-boost|p2a: Orthworm|atk|1\n|-boost|p2a: Orthworm|def|1\n|-boost|p2a: Orthworm|accuracy|1\n|move|p1a: Swalot|Sludge Bomb|p2a: Orthworm\n|-immune|p2a: Orthworm\n|\n|-heal|p1a: Swalot|89/100|[from] item: Leftovers\n|upkeep\n|turn|10\n|inactive|Time left: 300 sec this turn | 300 sec total\n|\n|t:|1783571541\n|move|p1a: Swalot|Protect|p1a: Swalot\n|-singleturn|p1a: Swalot|Protect\n|move|p2a: Orthworm|Iron Tail|p1a: Swalot\n|-activate|p1a: Swalot|move: Protect\n|\n|-heal|p1a: Swalot|95/100|[from] item: Leftovers\n|upkeep\n|turn|11\n|inactive|Time left: 300 sec this turn | 300 sec total\n|\n|t:|1783571542\n|move|p2a: Orthworm|Body Press|p1a: Swalot\n|-resisted|p1a: Swalot\n|-damage|p1a: Swalot|66/100\n|move|p1a: Swalot|Toxic|p2a: Orthworm\n|-immune|p2a: Orthworm\n|\n|-heal|p1a: Swalot|72/100|[from] item: Leftovers\n|upkeep\n|turn|12\n|inactive|Time left: 300 sec this turn | 300 sec total\n|\n|t:|1783571543\n|move|p2a: Orthworm|Iron Tail|p1a: Swalot\n|-damage|p1a: Swalot|6/100\n|move|p1a: Swalot|Sludge Bomb|p2a: Orthworm\n|-immune|p2a: Orthworm\n|\n|-heal|p1a: Swalot|12/100|[from] item: Leftovers\n|upkeep\n|turn|13\n|inactive|Time left: 300 sec this turn | 300 sec total\n|\n|t:|1783571544\n|move|p1a: Swalot|Protect|p1a: Swalot\n|-singleturn|p1a: Swalot|Protect\n|move|p2a: Orthworm|Body Press|p1a: Swalot\n|-activate|p1a: Swalot|move: Protect\n|\n|-heal|p1a: Swalot|18/100|[from] item: Leftovers\n|upkeep\n|turn|14\n|inactive|Time left: 300 sec this turn | 300 sec total\n|\n|t:|1783571545\n|move|p1a: Swalot|Protect||[still]\n|-fail|p1a: Swalot\n|move|p2a: Orthworm|Body Press|p1a: Swalot\n|-resisted|p1a: Swalot\n|-damage|p1a: Swalot|0 fnt\n|faint|p1a: Swalot\n|\n|upkeep\n|\n|t:|1783571546\n|switch|p1a: Gothitelle|Gothitelle, L90, F|100/100\n|turn|15\n|inactive|Time left: 300 sec this turn | 300 sec total\n|\n|t:|1783571548\n|move|p1a: Gothitelle|Focus Blast|p2a: Orthworm|[miss]\n|-miss|p1a: Gothitelle|p2a: Orthworm\n|move|p2a: Orthworm|Iron Tail|p1a: Gothitelle\n|-damage|p1a: Gothitelle|26/100\n|-unboost|p1a: Gothitelle|def|1\n|\n|upkeep\n|turn|16\n|inactive|Time left: 300 sec this turn | 300 sec total\n|\n|t:|1783571549\n|-terastallize|p2a: Orthworm|Electric\n|move|p1a: Gothitelle|Focus Blast|p2a: Orthworm\n|-damage|p2a: Orthworm|127/266\n|move|p2a: Orthworm|Body Press|p1a: Gothitelle\n|-resisted|p1a: Gothitelle\n|-damage|p1a: Gothitelle|0 fnt\n|faint|p1a: Gothitelle\n|\n|upkeep\n|\n|t:|1783571550\n|switch|p1a: Wyrdeer|Wyrdeer, L87, M|100/100\n|-ability|p1a: Wyrdeer|Intimidate|boost\n|-unboost|p2a: Orthworm|atk|1\n|turn|17\n|inactive|Time left: 300 sec this turn | 300 sec total\n|\n|t:|1783571551\n|move|p2a: Orthworm|Rest|p2a: Orthworm\n|-status|p2a: Orthworm|slp|[from] move: Rest\n|-heal|p2a: Orthworm|266/266 slp|[silent]\n|-enditem|p2a: Orthworm|Chesto Berry|[eat]\n|-curestatus|p2a: Orthworm|slp|[msg]\n|move|p1a: Wyrdeer|Psychic Noise|p2a: Orthworm\n|-damage|p2a: Orthworm|149/266\n|-start|p2a: Orthworm|move: Heal Block\n|\n|upkeep\n|turn|18\n|inactive|Time left: 300 sec this turn | 300 sec total\n|\n|t:|1783571552\n|move|p2a: Orthworm|Body Press|p1a: Wyrdeer\n|-damage|p1a: Wyrdeer|32/100\n|move|p1a: Wyrdeer|Psychic Noise|p2a: Orthworm\n|-damage|p2a: Orthworm|38/266\n|\n|-heal|p1a: Wyrdeer|38/100|[from] item: Leftovers\n|-end|p2a: Orthworm|move: Heal Block\n|upkeep\n|turn|19\n|inactive|Time left: 300 sec this turn | 300 sec total\n|\n|t:|1783571552\n|move|p2a: Orthworm|Body Press|p1a: Wyrdeer\n|-damage|p1a: Wyrdeer|0 fnt\n|faint|p1a: Wyrdeer\n|\n|upkeep\n|\n|t:|1783571553\n|switch|p1a: Mamoswine|Mamoswine, L81, F|100/100\n|turn|20\n|inactive|Time left: 300 sec this turn | 300 sec total\n|\n|t:|1783571554\n|move|p1a: Mamoswine|Icicle Crash|p2a: Orthworm\n|-damage|p2a: Orthworm|0 fnt\n|faint|p2a: Orthworm\n|\n|upkeep\n|inactive|Time left: 300 sec this turn | 300 sec total | 5 sec grace\n|\n|t:|1783571555\n|switch|p2a: Passimian|Passimian, L83, M|302/302\n|turn|21\n|inactive|Time left: 300 sec this turn | 300 sec total\n|\n|t:|1783571556\n|switch|p1a: Great Tusk|Great Tusk, L77|100/100\n|move|p2a: Passimian|Close Combat|p1a: Great Tusk\n|-damage|p1a: Great Tusk|46/100\n|-unboost|p2a: Passimian|def|1\n|-unboost|p2a: Passimian|spd|1\n|\n|upkeep\n|turn|22\n|inactive|Time left: 300 sec this turn | 300 sec total\n|\n|t:|1783571557\n|move|p2a: Passimian|Close Combat|p1a: Great Tusk\n|-damage|p1a: Great Tusk|0 fnt\n|-unboost|p2a: Passimian|def|1\n|-unboost|p2a: Passimian|spd|1\n|faint|p1a: Great Tusk\n|-end|p1a: Great Tusk|Protosynthesis|[silent]\n|\n|upkeep\n|\n|t:|1783571558\n|switch|p1a: Mamoswine|Mamoswine, L81, F|100/100\n|turn|23\n|inactive|Time left: 300 sec this turn | 300 sec total\n|\n|t:|1783571559\n|-terastallize|p1a: Mamoswine|Ground\n|move|p1a: Mamoswine|Ice Shard|p2a: Passimian\n|-damage|p2a: Passimian|143/302\n|move|p2a: Passimian|Close Combat|p1a: Mamoswine\n|-damage|p1a: Mamoswine|18/100\n|-unboost|p2a: Passimian|def|1\n|-unboost|p2a: Passimian|spd|1\n|\n|upkeep\n|turn|24\n|inactive|Time left: 300 sec this turn | 300 sec total\n|\n|t:|1783571560\n|move|p1a: Mamoswine|Ice Shard|p2a: Passimian\n|-damage|p2a: Passimian|0 fnt\n|faint|p2a: Passimian\n|\n|upkeep\n|inactive|Time left: 300 sec this turn | 300 sec total | 5 sec grace\n|\n|t:|1783571561\n|switch|p2a: Hoopa|Hoopa-Unbound, L80|259/259\n|turn|25\n|inactive|Time left: 300 sec this turn | 300 sec total\n|\n|t:|1783571562\n|move|p1a: Mamoswine|Ice Shard|p2a: Hoopa\n|-damage|p2a: Hoopa|150/259\n|move|p2a: Hoopa|Hyperspace Fury|p1a: Mamoswine\n|-damage|p1a: Mamoswine|0 fnt\n|-unboost|p2a: Hoopa|def|1\n|faint|p1a: Mamoswine\n|\n|win|p0y28227bda", "uploadtime": 1783571562, "views": 0, "rating": 0, "private": 0, "password": null, "_winner": "p0y28227bda", "_our_name": "p0y28227bda"}