{"id": "battle-gen9randombattle-4", "formatid": "gen9randombattle", "format": "[Gen 9] Random Battle", "players": ["p0x003c52c", "p0y0031a82"], "log": "|init|battle\n|title|p0x003c52c vs. p0y0031a82\n|j|\u2606p0x003c52c\n|j|\u2606p0y0031a82\n|t:|1783533862\n|gametype|singles\n|player|p1|p0x003c52c|101|\n|player|p2|p0y0031a82|1|\n|gen|9\n|tier|[Gen 9] Random Battle\n|rule|Species Clause: Limit one of each Pok\u00e9mon\n|rule|HP Percentage Mod: HP is shown in percentages\n|rule|Sleep Clause Mod: Limit one foe put to sleep\n|rule|Illusion Level Mod: Illusion disguises the Pok\u00e9mon's true level\n|\n|t:|1783533862\n|teamsize|p1|6\n|teamsize|p2|6\n|start\n|switch|p1a: Dragalge|Dragalge, L88, F|100/100\n|switch|p2a: Kingdra|Kingdra, L84, M|263/263\n|turn|1\n|inactive|Battle timer is ON: inactive players will automatically lose when time's up. (requested by p0y0031a82)\n|inactive|p0x003c52c also wants the timer to be on.\n|\n|t:|1783533864\n|move|p2a: Kingdra|Outrage|p1a: Dragalge\n|-supereffective|p1a: Dragalge\n|-damage|p1a: Dragalge|17/100\n|move|p1a: Dragalge|Draco Meteor|p2a: Kingdra\n|-supereffective|p2a: Kingdra\n|-damage|p2a: Kingdra|0 fnt\n|-unboost|p1a: Dragalge|spa|2\n|faint|p2a: Kingdra\n|\n|upkeep\n|inactive|Time left: 300 sec this turn | 300 sec total | 65 sec grace\n|\n|t:|1783533865\n|switch|p2a: Falinks|Falinks, L84|246/246\n|turn|2\n|inactive|Time left: 300 sec this turn | 300 sec total\n|\n|t:|1783533866\n|move|p2a: Falinks|No Retreat|p2a: Falinks\n|-boost|p2a: Falinks|atk|1\n|-boost|p2a: Falinks|def|1\n|-boost|p2a: Falinks|spa|1\n|-boost|p2a: Falinks|spd|1\n|-boost|p2a: Falinks|spe|1\n|-start|p2a: Falinks|move: No Retreat\n|move|p1a: Dragalge|Dragon Tail|p2a: Falinks\n|-damage|p2a: Falinks|196/246\n|drag|p2a: Ditto|Ditto, L87|225/225\n|-transform|p2a: Ditto|p1a: Dragalge|[from] ability: Imposter\n|\n|upkeep\n|turn|3\n|inactive|Time left: 300 sec this turn | 300 sec total\n|\n|t:|1783533867\n|switch|p2a: Falinks|Falinks, L84|196/246\n|move|p1a: Dragalge|Draco Meteor|p2a: Falinks|[miss]\n|-miss|p1a: Dragalge|p2a: Falinks\n|\n|upkeep\n|turn|4\n|inactive|Time left: 300 sec this turn | 300 sec total\n|\n|t:|1783533868\n|move|p2a: Falinks|No Retreat|p2a: Falinks\n|-boost|p2a: Falinks|atk|1\n|-boost|p2a: Falinks|def|1\n|-boost|p2a: Falinks|spa|1\n|-boost|p2a: Falinks|spd|1\n|-boost|p2a: Falinks|spe|1\n|-start|p2a: Falinks|move: No Retreat\n|move|p1a: Dragalge|Dragon Tail|p2a: Falinks\n|-damage|p2a: Falinks|152/246\n|drag|p2a: Rhyperior|Rhyperior, L82, F|323/323\n|\n|upkeep\n|turn|5\n|inactive|Time left: 300 sec this turn | 300 sec total\n|\n|t:|1783533869\n|move|p1a: Dragalge|Draco Meteor|p2a: Rhyperior\n|-damage|p2a: Rhyperior|171/323\n|-unboost|p1a: Dragalge|spa|2\n|move|p2a: Rhyperior|Earthquake|p1a: Dragalge\n|-supereffective|p1a: Dragalge\n|-damage|p1a: Dragalge|0 fnt\n|faint|p1a: Dragalge\n|\n|upkeep\n|\n|t:|1783533870\n|switch|p1a: Regice|Regice, L88|100/100\n|turn|6\n|inactive|Time left: 300 sec this turn | 300 sec total\n|\n|t:|1783533871\n|switch|p2a: Keldeo|Keldeo-Resolute, L79|273/273\n|move|p1a: Regice|Ice Beam|p2a: Keldeo\n|-resisted|p2a: Keldeo\n|-damage|p2a: Keldeo|216/273\n|\n|-heal|p2a: Keldeo|233/273|[from] item: Leftovers\n|upkeep\n|turn|7\n|inactive|Time left: 300 sec this turn | 300 sec total\n|\n|t:|1783533872\n|move|p2a: Keldeo|Calm Mind|p2a: Keldeo\n|-boost|p2a: Keldeo|spa|1\n|-boost|p2a: Keldeo|spd|1\n|move|p1a: Regice|Thunderbolt|p2a: Keldeo\n|-supereffective|p2a: Keldeo\n|-damage|p2a: Keldeo|139/273\n|\n|-heal|p2a: Keldeo|156/273|[from] item: Leftovers\n|upkeep\n|turn|8\n|inactive|Time left: 300 sec this turn | 300 sec total\n|\n|t:|1783533873\n|-terastallize|p1a: Regice|Electric\n|move|p2a: Keldeo|Secret Sword|p1a: Regice\n|-damage|p1a: Regice|58/100\n|move|p1a: Regice|Thunderbolt|p2a: Keldeo\n|-supereffective|p2a: Keldeo\n|-damage|p2a: Keldeo|0 fnt\n|faint|p2a: Keldeo\n|\n|upkeep\n|inactive|Time left: 300 sec this turn | 300 sec total | 5 sec grace\n|\n|t:|1783533874\n|switch|p2a: Falinks|Falinks, L84|152/246\n|turn|9\n|inactive|Time left: 300 sec this turn | 300 sec total\n|\n|t:|1783533875\n|move|p2a: Falinks|No Retreat|p2a: Falinks\n|-boost|p2a: Falinks|atk|1\n|-boost|p2a: Falinks|def|1\n|-boost|p2a: Falinks|spa|1\n|-boost|p2a: Falinks|spd|1\n|-boost|p2a: Falinks|spe|1\n|-start|p2a: Falinks|move: No Retreat\n|move|p1a: Regice|Thunderbolt|p2a: Falinks\n|-damage|p2a: Falinks|64/246\n|\n|upkeep\n|turn|10\n|inactive|Time left: 300 sec this turn | 300 sec total\n|\n|t:|1783533876\n|move|p2a: Falinks|Close Combat|p1a: Regice\n|-damage|p1a: Regice|0 fnt\n|-unboost|p2a: Falinks|def|1\n|-unboost|p2a: Falinks|spd|1\n|faint|p1a: Regice\n|-damage|p2a: Falinks|40/246|[from] item: Life Orb\n|\n|upkeep\n|\n|t:|1783533877\n|switch|p1a: Jumpluff|Jumpluff, L87, F|100/100\n|turn|11\n|inactive|Time left: 300 sec this turn | 300 sec total\n|\n|t:|1783533878\n|move|p2a: Falinks|Knock Off|p1a: Jumpluff\n|-damage|p1a: Jumpluff|59/100\n|-damage|p2a: Falinks|16/246|[from] item: Life Orb\n|move|p1a: Jumpluff|Acrobatics|p2a: Falinks\n|-supereffective|p2a: Falinks\n|-damage|p2a: Falinks|0 fnt\n|faint|p2a: Falinks\n|\n|upkeep\n|inactive|Time left: 300 sec this turn | 300 sec total | 5 sec grace\n|\n|t:|1783533879\n|switch|p2a: Rhyperior|Rhyperior, L82, F|171/323\n|turn|12\n|inactive|Time left: 300 sec this turn | 300 sec total\n|\n|t:|1783533880\n|move|p1a: Jumpluff|Strength Sap|p2a: Rhyperior\n|-unboost|p2a: Rhyperior|atk|1\n|-heal|p1a: Jumpluff|100/100\n|move|p2a: Rhyperior|Stone Edge|p1a: Jumpluff\n|-supereffective|p1a: Jumpluff\n|-damage|p1a: Jumpluff|0 fnt\n|faint|p1a: Jumpluff\n|\n|upkeep\n|\n|t:|1783533882\n|switch|p1a: Wyrdeer|Wyrdeer, L87, F|100/100\n|-ability|p1a: Wyrdeer|Intimidate|boost\n|-unboost|p2a: Rhyperior|atk|1\n|turn|13\n|inactive|Time left: 300 sec this turn | 300 sec total\n|\n|t:|1783533883\n|move|p1a: Wyrdeer|Psychic Noise|p2a: Rhyperior\n|-damage|p2a: Rhyperior|35/323\n|-start|p2a: Rhyperior|move: Heal Block\n|move|p2a: Rhyperior|Stone Edge|p1a: Wyrdeer\n|-damage|p1a: Wyrdeer|66/100\n|\n|-heal|p1a: Wyrdeer|72/100|[from] item: Leftovers\n|upkeep\n|turn|14\n|inactive|Time left: 300 sec this turn | 300 sec total\n|\n|t:|1783533884\n|move|p1a: Wyrdeer|Psychic Noise|p2a: Rhyperior\n|-damage|p2a: Rhyperior|0 fnt\n|faint|p2a: Rhyperior\n|\n|-heal|p1a: Wyrdeer|78/100|[from] item: Leftovers\n|upkeep\n|inactive|Time left: 300 sec this turn | 300 sec total | 5 sec grace\n|\n|t:|1783533885\n|switch|p2a: Sandaconda|Sandaconda, L84, F|258/258\n|turn|15\n|inactive|Time left: 300 sec this turn | 300 sec total\n|\n|t:|1783533886\n|move|p2a: Sandaconda|Coil|p2a: Sandaconda\n|-boost|p2a: Sandaconda|atk|1\n|-boost|p2a: Sandaconda|def|1\n|-boost|p2a: Sandaconda|accuracy|1\n|move|p1a: Wyrdeer|Psychic Noise|p2a: Sandaconda\n|-damage|p2a: Sandaconda|143/258\n|-start|p2a: Sandaconda|move: Heal Block\n|\n|-heal|p1a: Wyrdeer|85/100|[from] item: Leftovers\n|upkeep\n|turn|16\n|inactive|Time left: 300 sec this turn | 300 sec total\n|\n|t:|1783533886\n|move|p2a: Sandaconda|Earthquake|p1a: Wyrdeer\n|-damage|p1a: Wyrdeer|20/100\n|move|p1a: Wyrdeer|Psychic Noise|p2a: Sandaconda\n|-damage|p2a: Sandaconda|35/258\n|\n|-heal|p1a: Wyrdeer|26/100|[from] item: Leftovers\n|-end|p2a: Sandaconda|move: Heal Block\n|upkeep\n|turn|17\n|inactive|Time left: 300 sec this turn | 300 sec total\n|\n|t:|1783533887\n|move|p2a: Sandaconda|Scale Shot|p1a: Wyrdeer\n|-damage|p1a: Wyrdeer|16/100\n|-damage|p1a: Wyrdeer|6/100\n|-crit|p1a: Wyrdeer\n|-damage|p1a: Wyrdeer|0 fnt\n|faint|p1a: Wyrdeer\n|-hitcount|p1: Wyrdeer|3\n|-unboost|p2a: Sandaconda|def|1\n|-boost|p2a: Sandaconda|spe|1\n|\n|upkeep\n|\n|t:|1783533888\n|switch|p1a: Magmortar|Magmortar, L88, F|100/100\n|turn|18\n|inactive|Time left: 300 sec this turn | 300 sec total\n|\n|t:|1783533888\n|switch|p1a: Iron Thorns|Iron Thorns, L83|100/100\n|-terastallize|p2a: Sandaconda|Dragon\n|move|p2a: Sandaconda|Earthquake|p1a: Iron Thorns\n|-supereffective|p1a: Iron Thorns\n|-damage|p1a: Iron Thorns|0 fnt\n|faint|p1a: Iron Thorns\n|-end|p1a: Iron Thorns|Quark Drive|[silent]\n|\n|upkeep\n|\n|t:|1783533889\n|switch|p1a: Magmortar|Magmortar, L88, F|100/100\n|turn|19\n|inactive|Time left: 300 sec this turn | 300 sec total\n|\n|t:|1783533890\n|move|p2a: Sandaconda|Earthquake|p1a: Magmortar\n|-supereffective|p1a: Magmortar\n|-damage|p1a: Magmortar|0 fnt\n|faint|p1a: Magmortar\n|\n|win|p0y0031a82", "uploadtime": 1783533890, "views": 0, "rating": 0, "private": 0, "password": null, "_winner": "p0y0031a82", "_our_name": "p0y0031a82"}