{"id": "battle-gen9randombattle-2798", "formatid": "gen9randombattle", "format": "[Gen 9] Random Battle", "players": ["p0x2798351c", "p0y279800d7"], "log": "|init|battle\n|title|p0x2798351c vs. p0y279800d7\n|j|\u2606p0x2798351c\n|j|\u2606p0y279800d7\n|t:|1783571236\n|gametype|singles\n|player|p1|p0x2798351c|101|\n|player|p2|p0y279800d7|266|\n|gen|9\n|tier|[Gen 9] Random Battle\n|rule|Species Clause: Limit one of each Pok\u00e9mon\n|rule|HP Percentage Mod: HP is shown in percentages\n|rule|Sleep Clause Mod: Limit one foe put to sleep\n|rule|Illusion Level Mod: Illusion disguises the Pok\u00e9mon's true level\n|\n|t:|1783571236\n|teamsize|p1|6\n|teamsize|p2|6\n|start\n|switch|p1a: Mew|Mew, L82|100/100\n|switch|p2a: Floatzel|Floatzel, L86, M|286/286\n|turn|1\n|inactive|Battle timer is ON: inactive players will automatically lose when time's up. (requested by p0y279800d7)\n|\n|t:|1783571237\n|move|p2a: Floatzel|Wave Crash|p1a: Mew\n|-damage|p1a: Mew|35/100\n|-damage|p2a: Floatzel|222/286|[from] Recoil\n|move|p1a: Mew|Psychic|p2a: Floatzel\n|-damage|p2a: Floatzel|58/286\n|-damage|p1a: Mew|25/100|[from] item: Life Orb\n|\n|upkeep\n|turn|2\n|inactive|Time left: 300 sec this turn | 300 sec total\n|inactive|p0x2798351c also wants the timer to be on.\n|\n|t:|1783571240\n|switch|p1a: Crawdaunt|Crawdaunt, L84, F|100/100\n|move|p2a: Floatzel|Wave Crash|p1a: Crawdaunt\n|-resisted|p1a: Crawdaunt\n|-damage|p1a: Crawdaunt|58/100\n|-damage|p2a: Floatzel|24/286|[from] Recoil\n|\n|upkeep\n|turn|3\n|inactive|Time left: 300 sec this turn | 300 sec total\n|\n|t:|1783571241\n|move|p1a: Crawdaunt|Aqua Jet|p2a: Floatzel\n|-resisted|p2a: Floatzel\n|-damage|p2a: Floatzel|0 fnt\n|faint|p2a: Floatzel\n|-damage|p1a: Crawdaunt|48/100|[from] item: Life Orb\n|\n|upkeep\n|inactive|Time left: 300 sec this turn | 300 sec total | 5 sec grace\n|\n|t:|1783571242\n|switch|p2a: Zekrom|Zekrom, L71|259/259\n|-ability|p2a: Zekrom|Teravolt\n|turn|4\n|inactive|Time left: 300 sec this turn | 300 sec total\n|\n|t:|1783571243\n|switch|p1a: Golem|Golem-Alola, L93, M|100/100\n|move|p2a: Zekrom|Outrage|p1a: Golem\n|-damage|p1a: Golem|69/100\n|\n|upkeep\n|turn|5\n|inactive|Time left: 300 sec this turn | 300 sec total\n|\n|t:|1783571244\n|move|p2a: Zekrom|Outrage|p1a: Golem|[from] lockedmove\n|-damage|p1a: Golem|40/100\n|-start|p2a: Zekrom|confusion|[fatigue]\n|move|p1a: Golem|Earthquake|p2a: Zekrom\n|-supereffective|p2a: Zekrom\n|-crit|p2a: Zekrom\n|-damage|p2a: Zekrom|0 fnt\n|faint|p2a: Zekrom\n|-damage|p1a: Golem|30/100|[from] item: Life Orb\n|\n|upkeep\n|inactive|Time left: 300 sec this turn | 300 sec total | 5 sec grace\n|\n|t:|1783571245\n|switch|p2a: Florges|Florges-Blue, L85, F|271/271\n|turn|6\n|inactive|Time left: 300 sec this turn | 300 sec total\n|\n|t:|1783571246\n|switch|p1a: Grumpig|Grumpig, L92, M|100/100\n|move|p2a: Florges|Moonblast|p1a: Grumpig\n|-damage|p1a: Grumpig|69/100\n|\n|-heal|p1a: Grumpig|75/100|[from] item: Leftovers\n|upkeep\n|turn|7\n|inactive|Time left: 300 sec this turn | 300 sec total\n|\n|t:|1783571247\n|move|p1a: Grumpig|Nasty Plot|p1a: Grumpig\n|-boost|p1a: Grumpig|spa|2\n|move|p2a: Florges|Calm Mind|p2a: Florges\n|-boost|p2a: Florges|spa|1\n|-boost|p2a: Florges|spd|1\n|\n|-heal|p1a: Grumpig|81/100|[from] item: Leftovers\n|upkeep\n|turn|8\n|inactive|Time left: 300 sec this turn | 300 sec total\n|\n|t:|1783571248\n|move|p1a: Grumpig|Psyshock|p2a: Florges\n|-damage|p2a: Florges|45/271\n|move|p2a: Florges|Moonblast|p1a: Grumpig\n|-damage|p1a: Grumpig|33/100\n|-unboost|p1a: Grumpig|spa|1\n|\n|-heal|p1a: Grumpig|39/100|[from] item: Leftovers\n|-heal|p2a: Florges|61/271|[from] item: Leftovers\n|upkeep\n|turn|9\n|inactive|Time left: 300 sec this turn | 300 sec total\n|\n|t:|1783571249\n|move|p1a: Grumpig|Psyshock|p2a: Florges\n|-damage|p2a: Florges|0 fnt\n|faint|p2a: Florges\n|\n|-heal|p1a: Grumpig|45/100|[from] item: Leftovers\n|upkeep\n|inactive|Time left: 300 sec this turn | 300 sec total | 5 sec grace\n|\n|t:|1783571250\n|switch|p2a: Komala|Komala, L87, M|255/255\n|-ability|p2a: Komala|Comatose\n|turn|10\n|inactive|Time left: 300 sec this turn | 300 sec total\n|\n|t:|1783571251\n|move|p1a: Grumpig|Psyshock|p2a: Komala\n|-damage|p2a: Komala|71/255\n|move|p2a: Komala|Rapid Spin|p1a: Grumpig\n|-damage|p1a: Grumpig|20/100\n|-boost|p2a: Komala|spe|1\n|\n|-heal|p1a: Grumpig|26/100|[from] item: Leftovers\n|upkeep\n|turn|11\n|inactive|Time left: 300 sec this turn | 300 sec total\n|\n|t:|1783571252\n|switch|p1a: Golem|Golem-Alola, L93, M|30/100\n|move|p2a: Komala|Earthquake|p1a: Golem\n|-supereffective|p1a: Golem\n|-damage|p1a: Golem|0 fnt\n|faint|p1a: Golem\n|\n|upkeep\n|\n|t:|1783571253\n|switch|p1a: Crawdaunt|Crawdaunt, L84, F|48/100\n|turn|12\n|inactive|Time left: 300 sec this turn | 300 sec total\n|\n|t:|1783571254\n|move|p1a: Crawdaunt|Aqua Jet|p2a: Komala\n|-damage|p2a: Komala|0 fnt\n|faint|p2a: Komala\n|-damage|p1a: Crawdaunt|38/100|[from] item: Life Orb\n|\n|upkeep\n|inactive|Time left: 300 sec this turn | 300 sec total | 5 sec grace\n|\n|t:|1783571254\n|switch|p2a: Suicune|Suicune, L82|298/298\n|-ability|p2a: Suicune|Pressure\n|turn|13\n|inactive|Time left: 300 sec this turn | 300 sec total\n|\n|t:|1783571255\n|move|p2a: Suicune|Calm Mind|p2a: Suicune\n|-boost|p2a: Suicune|spa|1\n|-boost|p2a: Suicune|spd|1\n|move|p1a: Crawdaunt|Knock Off|p2a: Suicune\n|-damage|p2a: Suicune|137/298\n|-enditem|p2a: Suicune|Leftovers|[from] move: Knock Off|[of] p1a: Crawdaunt\n|-damage|p1a: Crawdaunt|28/100|[from] item: Life Orb\n|\n|upkeep\n|turn|14\n|inactive|Time left: 300 sec this turn | 300 sec total\n|\n|t:|1783571256\n|switch|p1a: Thundurus|Thundurus-Therian, L80, M|100/100\n|move|p2a: Suicune|Scald|p1a: Thundurus\n|-damage|p1a: Thundurus|47/100\n|-status|p1a: Thundurus|brn\n|\n|-damage|p1a: Thundurus|41/100 brn|[from] brn\n|upkeep\n|turn|15\n|inactive|Time left: 300 sec this turn | 300 sec total\n|\n|t:|1783571257\n|-terastallize|p2a: Suicune|Steel\n|move|p1a: Thundurus|Thunderbolt|p2a: Suicune\n|-damage|p2a: Suicune|40/298\n|move|p2a: Suicune|Scald|p1a: Thundurus\n|-damage|p1a: Thundurus|0 fnt\n|faint|p1a: Thundurus\n|\n|upkeep\n|\n|t:|1783571258\n|switch|p1a: Mew|Mew, L82|25/100\n|turn|16\n|inactive|Time left: 300 sec this turn | 300 sec total\n|\n|t:|1783571259\n|-terastallize|p1a: Mew|Dark\n|move|p1a: Mew|Dark Pulse|p2a: Suicune\n|-damage|p2a: Suicune|0 fnt\n|faint|p2a: Suicune\n|-damage|p1a: Mew|16/100|[from] item: Life Orb\n|\n|upkeep\n|inactive|Time left: 300 sec this turn | 300 sec total | 5 sec grace\n|\n|t:|1783571260\n|switch|p2a: Ursaluna|Ursaluna-Bloodmoon, L79, M|308/308\n|turn|17\n|inactive|Time left: 300 sec this turn | 300 sec total\n|\n|t:|1783571261\n|move|p1a: Mew|Nasty Plot|p1a: Mew\n|-boost|p1a: Mew|spa|2\n|move|p2a: Ursaluna|Calm Mind|p2a: Ursaluna\n|-boost|p2a: Ursaluna|spa|1\n|-boost|p2a: Ursaluna|spd|1\n|\n|upkeep\n|turn|18\n|inactive|Time left: 300 sec this turn | 300 sec total\n|\n|t:|1783571262\n|move|p2a: Ursaluna|Vacuum Wave|p1a: Mew\n|-supereffective|p1a: Mew\n|-damage|p1a: Mew|0 fnt\n|faint|p1a: Mew\n|\n|upkeep\n|\n|t:|1783571263\n|switch|p1a: Crawdaunt|Crawdaunt, L84, F|28/100\n|turn|19\n|inactive|Time left: 300 sec this turn | 300 sec total\n|\n|t:|1783571264\n|switch|p1a: Grumpig|Grumpig, L92, M|26/100\n|move|p2a: Ursaluna|Vacuum Wave|p1a: Grumpig\n|-resisted|p1a: Grumpig\n|-damage|p1a: Grumpig|20/100\n|\n|-heal|p1a: Grumpig|26/100|[from] item: Leftovers\n|upkeep\n|turn|20\n|inactive|Time left: 300 sec this turn | 300 sec total\n|\n|t:|1783571265\n|switch|p1a: Crawdaunt|Crawdaunt, L84, F|28/100\n|move|p2a: Ursaluna|Calm Mind|p2a: Ursaluna\n|-boost|p2a: Ursaluna|spa|1\n|-boost|p2a: Ursaluna|spd|1\n|\n|upkeep\n|turn|21\n|inactive|Time left: 300 sec this turn | 300 sec total\n|\n|t:|1783571266\n|switch|p1a: Grumpig|Grumpig, L92, M|26/100\n|move|p2a: Ursaluna|Vacuum Wave|p1a: Grumpig\n|-resisted|p1a: Grumpig\n|-damage|p1a: Grumpig|18/100\n|\n|-heal|p1a: Grumpig|24/100|[from] item: Leftovers\n|upkeep\n|turn|22\n|inactive|Time left: 300 sec this turn | 300 sec total\n|\n|t:|1783571268\n|move|p1a: Grumpig|Psyshock|p2a: Ursaluna\n|-damage|p2a: Ursaluna|232/308\n|move|p2a: Ursaluna|Calm Mind|p2a: Ursaluna\n|-boost|p2a: Ursaluna|spa|1\n|-boost|p2a: Ursaluna|spd|1\n|\n|-heal|p1a: Grumpig|30/100|[from] item: Leftovers\n|-heal|p2a: Ursaluna|251/308|[from] item: Leftovers\n|upkeep\n|turn|23\n|inactive|Time left: 300 sec this turn | 300 sec total\n|\n|t:|1783571269\n|switch|p1a: Crawdaunt|Crawdaunt, L84, F|28/100\n|move|p2a: Ursaluna|Blood Moon|p1a: Crawdaunt\n|-damage|p1a: Crawdaunt|0 fnt\n|faint|p1a: Crawdaunt\n|\n|-heal|p2a: Ursaluna|270/308|[from] item: Leftovers\n|upkeep\n|\n|t:|1783571270\n|switch|p1a: Torkoal|Torkoal, L88, F|100/100\n|-weather|SunnyDay|[from] ability: Drought|[of] p1a: Torkoal\n|turn|24\n|inactive|Time left: 300 sec this turn | 300 sec total\n|\n|t:|1783571271\n|move|p2a: Ursaluna|Calm Mind|p2a: Ursaluna\n|-boost|p2a: Ursaluna|spa|1\n|-boost|p2a: Ursaluna|spd|1\n|move|p1a: Torkoal|Yawn|p2a: Ursaluna\n|-start|p2a: Ursaluna|move: Yawn|[of] p1a: Torkoal\n|\n|-weather|SunnyDay|[upkeep]\n|-heal|p2a: Ursaluna|289/308|[from] item: Leftovers\n|upkeep\n|turn|25\n|inactive|Time left: 300 sec this turn | 300 sec total\n|\n|t:|1783571272\n|switch|p1a: Grumpig|Grumpig, L92, M|30/100\n|move|p2a: Ursaluna|Blood Moon|p1a: Grumpig\n|-damage|p1a: Grumpig|0 fnt\n|faint|p1a: Grumpig\n|\n|-weather|SunnyDay|[upkeep]\n|-heal|p2a: Ursaluna|308/308|[from] item: Leftovers\n|-end|p2a: Ursaluna|move: Yawn|[silent]\n|-status|p2a: Ursaluna|slp\n|upkeep\n|\n|t:|1783571273\n|switch|p1a: Torkoal|Torkoal, L88, F|100/100\n|turn|26\n|inactive|Time left: 300 sec this turn | 300 sec total\n|\n|t:|1783571274\n|cant|p2a: Ursaluna|slp\n|move|p1a: Torkoal|Rapid Spin|p2a: Ursaluna\n|-damage|p2a: Ursaluna|277/308 slp\n|-boost|p1a: Torkoal|spe|1\n|\n|-weather|SunnyDay|[upkeep]\n|-heal|p2a: Ursaluna|296/308 slp|[from] item: Leftovers\n|upkeep\n|turn|27\n|inactive|Time left: 300 sec this turn | 300 sec total\n|\n|t:|1783571275\n|cant|p2a: Ursaluna|slp\n|move|p1a: Torkoal|Rapid Spin|p2a: Ursaluna\n|-crit|p2a: Ursaluna\n|-damage|p2a: Ursaluna|251/308 slp\n|-boost|p1a: Torkoal|spe|1\n|\n|-weather|SunnyDay|[upkeep]\n|-heal|p2a: Ursaluna|270/308 slp|[from] item: Leftovers\n|upkeep\n|turn|28\n|inactive|Time left: 300 sec this turn | 300 sec total\n|\n|t:|1783571276\n|move|p1a: Torkoal|Lava Plume|p2a: Ursaluna\n|-crit|p2a: Ursaluna\n|-damage|p2a: Ursaluna|26/308 slp\n|-curestatus|p2a: Ursaluna|slp|[msg]\n|move|p2a: Ursaluna|Moonlight|p2a: Ursaluna\n|-heal|p2a: Ursaluna|231/308\n|\n|-weather|none\n|-heal|p2a: Ursaluna|250/308|[from] item: Leftovers\n|upkeep\n|turn|29\n|inactive|Time left: 300 sec this turn | 300 sec total\n|\n|t:|1783571277\n|move|p1a: Torkoal|Rapid Spin|p2a: Ursaluna\n|-damage|p2a: Ursaluna|219/308\n|-boost|p1a: Torkoal|spe|1\n|move|p2a: Ursaluna|Blood Moon|p1a: Torkoal\n|-damage|p1a: Torkoal|0 fnt\n|faint|p1a: Torkoal\n|\n|win|p0y279800d7", "uploadtime": 1783571277, "views": 0, "rating": 0, "private": 0, "password": null, "_winner": "p0y279800d7", "_our_name": "p0y279800d7"}