{"id": "battle-gen9randombattle-1677", "formatid": "gen9randombattle", "format": "[Gen 9] Random Battle", "players": ["p0x1677dada", "p0y16772ca0"], "log": "|init|battle\n|title|p0x1677dada vs. p0y16772ca0\n|j|\u2606p0x1677dada\n|j|\u2606p0y16772ca0\n|t:|1783558678\n|gametype|singles\n|player|p1|p0x1677dada|266|\n|player|p2|p0y16772ca0|101|\n|gen|9\n|tier|[Gen 9] Random Battle\n|rule|Species Clause: Limit one of each Pok\u00e9mon\n|rule|HP Percentage Mod: HP is shown in percentages\n|rule|Sleep Clause Mod: Limit one foe put to sleep\n|rule|Illusion Level Mod: Illusion disguises the Pok\u00e9mon's true level\n|\n|t:|1783558678\n|teamsize|p1|6\n|teamsize|p2|6\n|start\n|switch|p1a: Volbeat|Volbeat, L90, M|263/263\n|switch|p2a: Weezing|Weezing, L88, M|100/100\n|turn|1\n|inactive|Battle timer is ON: inactive players will automatically lose when time's up. (requested by p0x1677dada)\n|inactive|p0y16772ca0 also wants the timer to be on.\n|\n|t:|1783558679\n|move|p1a: Volbeat|U-turn|p2a: Weezing\n|-resisted|p2a: Weezing\n|-damage|p2a: Weezing|90/100\n|inactive|Time left: 300 sec this turn | 300 sec total | 65 sec grace\n|\n|t:|1783558681\n|switch|p1a: Meloetta|Meloetta, L82|298/298|[from] U-turn\n|move|p2a: Weezing|Sludge Bomb|p1a: Meloetta\n|-damage|p1a: Meloetta|226/298\n|\n|-heal|p2a: Weezing|96/100|[from] item: Leftovers\n|upkeep\n|turn|2\n|inactive|Time left: 300 sec this turn | 300 sec total\n|\n|t:|1783558682\n|move|p1a: Meloetta|Hyper Voice|p2a: Weezing\n|-damage|p2a: Weezing|17/100\n|move|p2a: Weezing|Fire Blast|p1a: Meloetta\n|-damage|p1a: Meloetta|170/298\n|\n|-heal|p2a: Weezing|23/100|[from] item: Leftovers\n|upkeep\n|turn|3\n|inactive|Time left: 300 sec this turn | 300 sec total\n|\n|t:|1783558683\n|switch|p2a: Arceus|Arceus-Ghost, L69|100/100\n|move|p1a: Meloetta|Hyper Voice|p2a: Arceus\n|-immune|p2a: Arceus\n|\n|upkeep\n|turn|4\n|inactive|Time left: 300 sec this turn | 300 sec total\n|\n|t:|1783558684\n|move|p2a: Arceus|Calm Mind|p2a: Arceus\n|-boost|p2a: Arceus|spa|1\n|-boost|p2a: Arceus|spd|1\n|move|p1a: Meloetta|Hyper Voice|p2a: Arceus\n|-immune|p2a: Arceus\n|\n|upkeep\n|turn|5\n|inactive|Time left: 300 sec this turn | 300 sec total\n|\n|t:|1783558685\n|move|p2a: Arceus|Calm Mind|p2a: Arceus\n|-boost|p2a: Arceus|spa|1\n|-boost|p2a: Arceus|spd|1\n|move|p1a: Meloetta|Hyper Voice|p2a: Arceus\n|-immune|p2a: Arceus\n|\n|upkeep\n|turn|6\n|inactive|Time left: 300 sec this turn | 300 sec total\n|\n|t:|1783558685\n|move|p2a: Arceus|Judgment|p1a: Meloetta\n|-immune|p1a: Meloetta\n|move|p1a: Meloetta|Hyper Voice|p2a: Arceus\n|-immune|p2a: Arceus\n|\n|upkeep\n|turn|7\n|inactive|Time left: 300 sec this turn | 300 sec total\n|\n|t:|1783558686\n|move|p2a: Arceus|Focus Blast|p1a: Meloetta|[miss]\n|-miss|p2a: Arceus|p1a: Meloetta\n|move|p1a: Meloetta|Hyper Voice|p2a: Arceus\n|-immune|p2a: Arceus\n|\n|upkeep\n|turn|8\n|inactive|Time left: 300 sec this turn | 300 sec total\n|\n|t:|1783558687\n|move|p2a: Arceus|Calm Mind|p2a: Arceus\n|-boost|p2a: Arceus|spa|1\n|-boost|p2a: Arceus|spd|1\n|move|p1a: Meloetta|Hyper Voice|p2a: Arceus\n|-immune|p2a: Arceus\n|\n|upkeep\n|turn|9\n|inactive|Time left: 300 sec this turn | 300 sec total\n|\n|t:|1783558688\n|move|p2a: Arceus|Focus Blast|p1a: Meloetta\n|-damage|p1a: Meloetta|46/298\n|move|p1a: Meloetta|Hyper Voice|p2a: Arceus\n|-immune|p2a: Arceus\n|\n|upkeep\n|turn|10\n|inactive|Time left: 300 sec this turn | 300 sec total\n|\n|t:|1783558688\n|move|p2a: Arceus|Focus Blast|p1a: Meloetta\n|-damage|p1a: Meloetta|0 fnt\n|faint|p1a: Meloetta\n|\n|upkeep\n|inactive|Time left: 300 sec this turn | 300 sec total | 5 sec grace\n|\n|t:|1783558689\n|switch|p1a: Eelektross|Eelektross, L87, M|290/290\n|turn|11\n|inactive|Time left: 300 sec this turn | 300 sec total\n|\n|t:|1783558690\n|move|p2a: Arceus|Judgment|p1a: Eelektross\n|-damage|p1a: Eelektross|103/290\n|move|p1a: Eelektross|Dragon Tail|p2a: Arceus\n|-damage|p2a: Arceus|82/100\n|drag|p2a: Excadrill|Excadrill, L79, F|100/100\n|-ability|p2a: Excadrill|Mold Breaker\n|\n|upkeep\n|turn|12\n|inactive|Time left: 300 sec this turn | 300 sec total\n|\n|t:|1783558691\n|switch|p1a: Iron Jugulis|Iron Jugulis, L77|271/271\n|move|p2a: Excadrill|Earthquake|p1a: Iron Jugulis\n|-immune|p1a: Iron Jugulis\n|\n|upkeep\n|turn|13\n|inactive|Time left: 300 sec this turn | 300 sec total\n|\n|t:|1783558691\n|move|p1a: Iron Jugulis|Dark Pulse|p2a: Excadrill\n|-damage|p2a: Excadrill|60/100\n|move|p2a: Excadrill|Iron Head|p1a: Iron Jugulis\n|-damage|p1a: Iron Jugulis|166/271\n|\n|upkeep\n|turn|14\n|inactive|Time left: 300 sec this turn | 300 sec total\n|\n|t:|1783558692\n|move|p1a: Iron Jugulis|Dark Pulse|p2a: Excadrill\n|-damage|p2a: Excadrill|25/100\n|move|p2a: Excadrill|Rapid Spin|p1a: Iron Jugulis\n|-damage|p1a: Iron Jugulis|119/271\n|-boost|p2a: Excadrill|spe|1\n|\n|upkeep\n|turn|15\n|inactive|Time left: 300 sec this turn | 300 sec total\n|\n|t:|1783558693\n|move|p2a: Excadrill|Rock Slide|p1a: Iron Jugulis\n|-supereffective|p1a: Iron Jugulis\n|-damage|p1a: Iron Jugulis|0 fnt\n|faint|p1a: Iron Jugulis\n|-end|p1a: Iron Jugulis|Quark Drive|[silent]\n|\n|upkeep\n|inactive|Time left: 300 sec this turn | 300 sec total | 5 sec grace\n|\n|t:|1783558694\n|switch|p1a: Bombirdier|Bombirdier, L85, M|258/258\n|turn|16\n|inactive|Time left: 300 sec this turn | 300 sec total\n|\n|t:|1783558695\n|move|p2a: Excadrill|Iron Head|p1a: Bombirdier\n|-damage|p1a: Bombirdier|162/258\n|move|p1a: Bombirdier|Knock Off|p2a: Excadrill\n|-damage|p2a: Excadrill|0 fnt\n|-enditem|p2a: Excadrill|Assault Vest|[from] move: Knock Off|[of] p1a: Bombirdier\n|faint|p2a: Excadrill\n|\n|upkeep\n|\n|t:|1783558696\n|switch|p2a: Grimmsnarl|Grimmsnarl, L83, M|100/100\n|turn|17\n|inactive|Time left: 300 sec this turn | 300 sec total\n|\n|t:|1783558697\n|move|p1a: Bombirdier|Roost|p1a: Bombirdier\n|-heal|p1a: Bombirdier|258/258\n|-singleturn|p1a: Bombirdier|move: Roost\n|move|p2a: Grimmsnarl|Spirit Break|p1a: Bombirdier\n|-supereffective|p1a: Bombirdier\n|-damage|p1a: Bombirdier|84/258\n|-unboost|p1a: Bombirdier|spa|1\n|\n|upkeep\n|turn|18\n|inactive|Time left: 300 sec this turn | 300 sec total\n|\n|t:|1783558698\n|move|p1a: Bombirdier|Brave Bird|p2a: Grimmsnarl\n|-damage|p2a: Grimmsnarl|46/100\n|-damage|p1a: Bombirdier|31/258|[from] Recoil\n|move|p2a: Grimmsnarl|Spirit Break|p1a: Bombirdier\n|-supereffective|p1a: Bombirdier\n|-damage|p1a: Bombirdier|0 fnt\n|faint|p1a: Bombirdier\n|\n|-heal|p2a: Grimmsnarl|52/100|[from] item: Leftovers\n|upkeep\n|inactive|Time left: 300 sec this turn | 300 sec total | 5 sec grace\n|\n|t:|1783558699\n|switch|p1a: Ambipom|Ambipom, L84, M|263/263\n|turn|19\n|inactive|Time left: 300 sec this turn | 300 sec total\n|\n|t:|1783558700\n|move|p1a: Ambipom|Fake Out|p2a: Grimmsnarl\n|-damage|p2a: Grimmsnarl|21/100\n|cant|p2a: Grimmsnarl|flinch\n|\n|-heal|p2a: Grimmsnarl|27/100|[from] item: Leftovers\n|upkeep\n|turn|20\n|inactive|Time left: 300 sec this turn | 300 sec total\n|\n|t:|1783558701\n|move|p2a: Grimmsnarl|Parting Shot|p1a: Ambipom\n|-unboost|p1a: Ambipom|atk|1\n|-unboost|p1a: Ambipom|spa|1\n|\n|t:|1783558702\n|switch|p2a: Yanmega|Yanmega, L82, M|100/100|[from] Parting Shot\n|move|p1a: Ambipom|Double-Edge|p2a: Yanmega\n|-damage|p2a: Yanmega|62/100\n|-damage|p1a: Ambipom|228/263|[from] Recoil\n|\n|upkeep\n|turn|21\n|inactive|Time left: 300 sec this turn | 300 sec total\n|\n|t:|1783558703\n|switch|p1a: Eelektross|Eelektross, L87, M|103/290\n|move|p2a: Yanmega|Bug Buzz|p1a: Eelektross\n|-damage|p1a: Eelektross|27/290\n|\n|-ability|p2a: Yanmega|Speed Boost|boost\n|-boost|p2a: Yanmega|spe|1\n|upkeep\n|turn|22\n|inactive|Time left: 300 sec this turn | 300 sec total\n|\n|t:|1783558704\n|move|p2a: Yanmega|Bug Buzz|p1a: Eelektross\n|-damage|p1a: Eelektross|0 fnt\n|faint|p1a: Eelektross\n|\n|-ability|p2a: Yanmega|Speed Boost|boost\n|-boost|p2a: Yanmega|spe|1\n|upkeep\n|inactive|Time left: 300 sec this turn | 300 sec total | 5 sec grace\n|\n|t:|1783558705\n|switch|p1a: Ambipom|Ambipom, L84, M|228/263\n|turn|23\n|inactive|Time left: 300 sec this turn | 300 sec total\n|\n|t:|1783558706\n|move|p2a: Yanmega|Protect|p2a: Yanmega\n|-singleturn|p2a: Yanmega|Protect\n|move|p1a: Ambipom|Fake Out|p2a: Yanmega\n|-activate|p2a: Yanmega|move: Protect\n|\n|-ability|p2a: Yanmega|Speed Boost|boost\n|-boost|p2a: Yanmega|spe|1\n|upkeep\n|turn|24\n|inactive|Time left: 300 sec this turn | 300 sec total\n|\n|t:|1783558707\n|-terastallize|p1a: Ambipom|Normal\n|move|p2a: Yanmega|Air Slash|p1a: Ambipom\n|-damage|p1a: Ambipom|125/263\n|cant|p1a: Ambipom|flinch\n|\n|-ability|p2a: Yanmega|Speed Boost|boost\n|-boost|p2a: Yanmega|spe|1\n|upkeep\n|turn|25\n|inactive|Time left: 300 sec this turn | 300 sec total\n|\n|t:|1783558708\n|move|p2a: Yanmega|Bug Buzz|p1a: Ambipom\n|-damage|p1a: Ambipom|1/263\n|move|p1a: Ambipom|Double-Edge|p2a: Yanmega\n|-damage|p2a: Yanmega|0 fnt\n|faint|p2a: Yanmega\n|-damage|p1a: Ambipom|0 fnt|[from] Recoil\n|faint|p1a: Ambipom\n|\n|upkeep\n|inactive|Time left: 300 sec this turn | 300 sec total | 5 sec grace\n|\n|t:|1783558709\n|switch|p1a: Volbeat|Volbeat, L90, M|263/263\n|switch|p2a: Weezing|Weezing, L88, M|23/100\n|turn|26\n|inactive|Time left: 300 sec this turn | 300 sec total\n|\n|t:|1783558711\n|move|p1a: Volbeat|Thunder Wave|p2a: Weezing\n|-status|p2a: Weezing|par\n|move|p2a: Weezing|Pain Split|p1a: Volbeat\n|-sethp|p1a: Volbeat|161/263|[from] move: Pain Split|[silent]\n|-sethp|p2a: Weezing|63/100 par|[from] move: Pain Split\n|\n|-heal|p2a: Weezing|69/100 par|[from] item: Leftovers\n|upkeep\n|turn|27\n|inactive|Time left: 300 sec this turn | 300 sec total\n|\n|t:|1783558712\n|switch|p2a: Krookodile|Krookodile, L79, F|100/100\n|-ability|p2a: Krookodile|Intimidate|boost\n|-unboost|p1a: Volbeat|atk|1\n|move|p1a: Volbeat|Encore|p2a: Krookodile\n|-hint|Since gen 7, Dark is immune to Prankster moves.\n|-immune|p2a: Krookodile\n|\n|upkeep\n|turn|28\n|inactive|Time left: 300 sec this turn | 300 sec total\n|\n|t:|1783558713\n|move|p1a: Volbeat|Roost|p1a: Volbeat\n|-heal|p1a: Volbeat|263/263\n|-singleturn|p1a: Volbeat|move: Roost\n|move|p2a: Krookodile|Stone Edge|p1a: Volbeat\n|-supereffective|p1a: Volbeat\n|-damage|p1a: Volbeat|47/263\n|-damage|p2a: Krookodile|90/100|[from] item: Life Orb\n|\n|upkeep\n|turn|29\n|inactive|Time left: 300 sec this turn | 300 sec total\n|\n|t:|1783558714\n|move|p1a: Volbeat|Roost|p1a: Volbeat\n|-heal|p1a: Volbeat|179/263\n|-singleturn|p1a: Volbeat|move: Roost\n|move|p2a: Krookodile|Earthquake|p1a: Volbeat\n|-resisted|p1a: Volbeat\n|-damage|p1a: Volbeat|102/263\n|-damage|p2a: Krookodile|80/100|[from] item: Life Orb\n|\n|upkeep\n|turn|30\n|inactive|Time left: 300 sec this turn | 300 sec total\n|\n|t:|1783558715\n|move|p1a: Volbeat|U-turn|p2a: Krookodile\n|-supereffective|p2a: Krookodile\n|-damage|p2a: Krookodile|41/100\n|move|p2a: Krookodile|Knock Off|p1a: Volbeat\n|-damage|p1a: Volbeat|0 fnt\n|-enditem|p1a: Volbeat|Heavy-Duty Boots|[from] move: Knock Off|[of] p2a: Krookodile\n|faint|p1a: Volbeat\n|-damage|p2a: Krookodile|31/100|[from] item: Life Orb\n|\n|win|p0y16772ca0", "uploadtime": 1783558715, "views": 0, "rating": 0, "private": 0, "password": null, "_winner": "p0y16772ca0", "_our_name": "p0x1677dada"}