{"id": "battle-gen9randombattle-471", "formatid": "gen9randombattle", "format": "[Gen 9] Random Battle", "players": ["p0x471142d", "p0y471e704"], "log": "|init|battle\n|title|p0x471142d vs. p0y471e704\n|j|\u2606p0x471142d\n|j|\u2606p0y471e704\n|t:|1783545236\n|gametype|singles\n|player|p1|p0x471142d|2|\n|player|p2|p0y471e704|169|\n|gen|9\n|tier|[Gen 9] Random Battle\n|rule|Species Clause: Limit one of each Pok\u00e9mon\n|rule|HP Percentage Mod: HP is shown in percentages\n|rule|Sleep Clause Mod: Limit one foe put to sleep\n|rule|Illusion Level Mod: Illusion disguises the Pok\u00e9mon's true level\n|\n|t:|1783545236\n|teamsize|p1|6\n|teamsize|p2|6\n|start\n|switch|p1a: Virizion|Virizion, L82|100/100\n|switch|p2a: Regigigas|Regigigas, L84|322/322\n|-start|p2a: Regigigas|ability: Slow Start\n|turn|1\n|inactive|Battle timer is ON: inactive players will automatically lose when time's up. (requested by p0x471142d)\n|inactive|Time left: 300 sec this turn | 300 sec total | 60 sec grace\n|inactive|p0y471e704 also wants the timer to be on.\n|\n|t:|1783545238\n|move|p1a: Virizion|Swords Dance|p1a: Virizion\n|-boost|p1a: Virizion|atk|2\n|move|p2a: Regigigas|Body Slam|p1a: Virizion\n|-damage|p1a: Virizion|75/100\n|\n|upkeep\n|turn|2\n|inactive|Time left: 300 sec this turn | 300 sec total\n|\n|t:|1783545239\n|move|p2a: Regigigas|Protect|p2a: Regigigas\n|-singleturn|p2a: Regigigas|Protect\n|move|p1a: Virizion|Close Combat|p2a: Regigigas\n|-activate|p2a: Regigigas|move: Protect\n|\n|upkeep\n|turn|3\n|inactive|Time left: 300 sec this turn | 300 sec total\n|\n|t:|1783545240\n|-terastallize|p2a: Regigigas|Poison\n|move|p1a: Virizion|Close Combat|p2a: Regigigas\n|-resisted|p2a: Regigigas\n|-damage|p2a: Regigigas|188/322\n|-unboost|p1a: Virizion|def|1\n|-unboost|p1a: Virizion|spd|1\n|-damage|p1a: Virizion|65/100|[from] item: Life Orb\n|move|p2a: Regigigas|Body Slam|p1a: Virizion\n|-damage|p1a: Virizion|23/100\n|-status|p1a: Virizion|par\n|\n|-heal|p2a: Regigigas|208/322|[from] item: Leftovers\n|upkeep\n|turn|4\n|inactive|Time left: 300 sec this turn | 300 sec total\n|\n|t:|1783545241\n|move|p1a: Virizion|Stone Edge|p2a: Regigigas\n|-damage|p2a: Regigigas|70/322\n|-damage|p1a: Virizion|14/100 par|[from] item: Life Orb\n|move|p2a: Regigigas|Body Slam|p1a: Virizion\n|-damage|p1a: Virizion|0 fnt\n|faint|p1a: Virizion\n|\n|-heal|p2a: Regigigas|90/322|[from] item: Leftovers\n|upkeep\n|\n|t:|1783545242\n|switch|p1a: Chimecho|Chimecho, L93, F|100/100\n|turn|5\n|inactive|Time left: 300 sec this turn | 300 sec total\n|\n|t:|1783545243\n|move|p1a: Chimecho|Psyshock|p2a: Regigigas\n|-supereffective|p2a: Regigigas\n|-damage|p2a: Regigigas|0 fnt\n|faint|p2a: Regigigas\n|-end|p2a: Regigigas|Slow Start|[silent]\n|\n|upkeep\n|inactive|Time left: 300 sec this turn | 300 sec total | 5 sec grace\n|\n|t:|1783545244\n|switch|p2a: Toucannon|Toucannon, L88, F|284/284\n|turn|6\n|inactive|Time left: 300 sec this turn | 300 sec total\n|\n|t:|1783545246\n|-singleturn|p2a: Toucannon|move: Beak Blast\n|move|p1a: Chimecho|Calm Mind|p1a: Chimecho\n|-boost|p1a: Chimecho|spa|1\n|-boost|p1a: Chimecho|spd|1\n|move|p2a: Toucannon|Beak Blast|p1a: Chimecho\n|-damage|p1a: Chimecho|53/100\n|\n|-heal|p1a: Chimecho|59/100|[from] item: Leftovers\n|upkeep\n|turn|7\n|inactive|Time left: 300 sec this turn | 300 sec total\n|\n|t:|1783545247\n|-singleturn|p2a: Toucannon|move: Beak Blast\n|move|p1a: Chimecho|Psyshock|p2a: Toucannon\n|-damage|p2a: Toucannon|104/284\n|move|p2a: Toucannon|Beak Blast|p1a: Chimecho\n|-damage|p1a: Chimecho|9/100\n|\n|-heal|p1a: Chimecho|15/100|[from] item: Leftovers\n|upkeep\n|turn|8\n|inactive|Time left: 300 sec this turn | 300 sec total\n|\n|t:|1783545248\n|move|p1a: Chimecho|Psyshock|p2a: Toucannon\n|-damage|p2a: Toucannon|0 fnt\n|faint|p2a: Toucannon\n|\n|-heal|p1a: Chimecho|22/100|[from] item: Leftovers\n|upkeep\n|inactive|Time left: 300 sec this turn | 300 sec total | 5 sec grace\n|\n|t:|1783545249\n|switch|p2a: Kyurem|Kyurem, L77|319/319\n|-ability|p2a: Kyurem|Pressure\n|turn|9\n|inactive|Time left: 300 sec this turn | 300 sec total\n|\n|t:|1783545250\n|move|p2a: Kyurem|Freeze-Dry|p1a: Chimecho\n|-damage|p1a: Chimecho|0 fnt\n|faint|p1a: Chimecho\n|\n|upkeep\n|\n|t:|1783545251\n|switch|p1a: Keldeo|Keldeo-Resolute, L79|100/100\n|turn|10\n|inactive|Time left: 300 sec this turn | 300 sec total\n|\n|t:|1783545252\n|move|p1a: Keldeo|Calm Mind|p1a: Keldeo\n|-boost|p1a: Keldeo|spa|1\n|-boost|p1a: Keldeo|spd|1\n|move|p2a: Kyurem|Freeze-Dry|p1a: Keldeo\n|-supereffective|p1a: Keldeo\n|-damage|p1a: Keldeo|37/100\n|-status|p1a: Keldeo|frz\n|\n|-heal|p1a: Keldeo|43/100 frz|[from] item: Leftovers\n|upkeep\n|turn|11\n|inactive|Time left: 300 sec this turn | 300 sec total\n|\n|t:|1783545253\n|cant|p1a: Keldeo|frz\n|move|p2a: Kyurem|Freeze-Dry|p1a: Keldeo\n|-supereffective|p1a: Keldeo\n|-damage|p1a: Keldeo|0 fnt\n|faint|p1a: Keldeo\n|\n|upkeep\n|\n|t:|1783545254\n|switch|p1a: Trevenant|Trevenant, L89, F|100/100\n|turn|12\n|inactive|Time left: 300 sec this turn | 300 sec total\n|\n|t:|1783545256\n|-terastallize|p1a: Trevenant|Fighting\n|move|p2a: Kyurem|Freeze-Dry|p1a: Trevenant\n|-damage|p1a: Trevenant|58/100\n|move|p1a: Trevenant|Drain Punch|p2a: Kyurem\n|-supereffective|p2a: Kyurem\n|-damage|p2a: Kyurem|103/319\n|-heal|p1a: Trevenant|94/100|[from] drain|[of] p2a: Kyurem\n|\n|upkeep\n|turn|13\n|inactive|Time left: 300 sec this turn | 300 sec total\n|\n|t:|1783545257\n|switch|p2a: Alcremie|Alcremie-Mint-Cream, L90, F|263/263\n|move|p1a: Trevenant|Drain Punch|p2a: Alcremie\n|-resisted|p2a: Alcremie\n|-damage|p2a: Alcremie|215/263\n|-heal|p1a: Trevenant|100/100|[from] drain|[of] p2a: Alcremie\n|\n|-heal|p2a: Alcremie|231/263|[from] item: Leftovers\n|upkeep\n|turn|14\n|inactive|Time left: 300 sec this turn | 300 sec total\n|\n|t:|1783545258\n|move|p2a: Alcremie|Calm Mind|p2a: Alcremie\n|-boost|p2a: Alcremie|spa|1\n|-boost|p2a: Alcremie|spd|1\n|move|p1a: Trevenant|Poltergeist|p2a: Alcremie\n|-activate|p2a: Alcremie|move: Poltergeist|Leftovers\n|-damage|p2a: Alcremie|66/263\n|\n|-heal|p2a: Alcremie|82/263|[from] item: Leftovers\n|upkeep\n|turn|15\n|inactive|Time left: 300 sec this turn | 300 sec total\n|\n|t:|1783545259\n|switch|p1a: Coalossal|Coalossal, L89, M|100/100\n|move|p2a: Alcremie|Alluring Voice|p1a: Coalossal\n|-resisted|p1a: Coalossal\n|-damage|p1a: Coalossal|79/100\n|\n|-heal|p2a: Alcremie|98/263|[from] item: Leftovers\n|upkeep\n|turn|16\n|inactive|Time left: 300 sec this turn | 300 sec total\n|\n|t:|1783545260\n|move|p2a: Alcremie|Recover|p2a: Alcremie\n|-heal|p2a: Alcremie|230/263\n|move|p1a: Coalossal|Stone Edge|p2a: Alcremie\n|-damage|p2a: Alcremie|124/263\n|\n|-heal|p2a: Alcremie|140/263|[from] item: Leftovers\n|upkeep\n|turn|17\n|inactive|Time left: 300 sec this turn | 300 sec total\n|\n|t:|1783545261\n|move|p2a: Alcremie|Recover|p2a: Alcremie\n|-heal|p2a: Alcremie|263/263\n|move|p1a: Coalossal|Stone Edge|p2a: Alcremie\n|-damage|p2a: Alcremie|158/263\n|\n|-heal|p2a: Alcremie|174/263|[from] item: Leftovers\n|upkeep\n|turn|18\n|inactive|Time left: 300 sec this turn | 300 sec total\n|\n|t:|1783545262\n|move|p2a: Alcremie|Calm Mind|p2a: Alcremie\n|-boost|p2a: Alcremie|spa|1\n|-boost|p2a: Alcremie|spd|1\n|move|p1a: Coalossal|Stone Edge|p2a: Alcremie|[miss]\n|-miss|p1a: Coalossal|p2a: Alcremie\n|\n|-heal|p2a: Alcremie|190/263|[from] item: Leftovers\n|upkeep\n|turn|19\n|inactive|Time left: 300 sec this turn | 300 sec total\n|\n|t:|1783545263\n|move|p2a: Alcremie|Alluring Voice|p1a: Coalossal\n|-resisted|p1a: Coalossal\n|-damage|p1a: Coalossal|48/100\n|move|p1a: Coalossal|Stone Edge|p2a: Alcremie\n|-damage|p2a: Alcremie|73/263\n|\n|-heal|p2a: Alcremie|89/263|[from] item: Leftovers\n|upkeep\n|turn|20\n|inactive|Time left: 300 sec this turn | 300 sec total\n|\n|t:|1783545265\n|move|p2a: Alcremie|Recover|p2a: Alcremie\n|-heal|p2a: Alcremie|221/263\n|move|p1a: Coalossal|Stone Edge|p2a: Alcremie\n|-damage|p2a: Alcremie|122/263\n|\n|-heal|p2a: Alcremie|138/263|[from] item: Leftovers\n|upkeep\n|turn|21\n|inactive|Time left: 300 sec this turn | 300 sec total\n|\n|t:|1783545266\n|move|p2a: Alcremie|Alluring Voice|p1a: Coalossal\n|-resisted|p1a: Coalossal\n|-damage|p1a: Coalossal|19/100\n|move|p1a: Coalossal|Stone Edge|p2a: Alcremie\n|-damage|p2a: Alcremie|24/263\n|\n|-heal|p2a: Alcremie|40/263|[from] item: Leftovers\n|upkeep\n|turn|22\n|inactive|Time left: 300 sec this turn | 300 sec total\n|\n|t:|1783545267\n|move|p2a: Alcremie|Recover|p2a: Alcremie\n|-heal|p2a: Alcremie|172/263\n|move|p1a: Coalossal|Stone Edge|p2a: Alcremie|[miss]\n|-miss|p1a: Coalossal|p2a: Alcremie\n|\n|-heal|p2a: Alcremie|188/263|[from] item: Leftovers\n|upkeep\n|turn|23\n|inactive|Time left: 300 sec this turn | 300 sec total\n|\n|t:|1783545268\n|move|p2a: Alcremie|Alluring Voice|p1a: Coalossal\n|-resisted|p1a: Coalossal\n|-damage|p1a: Coalossal|0 fnt\n|faint|p1a: Coalossal\n|\n|-heal|p2a: Alcremie|204/263|[from] item: Leftovers\n|upkeep\n|\n|t:|1783545269\n|switch|p1a: Cramorant|Cramorant, L86, F|100/100\n|turn|24\n|inactive|Time left: 300 sec this turn | 300 sec total\n|\n|t:|1783545270\n|move|p1a: Cramorant|Surf|p2a: Alcremie\n|-formechange|p1a: Cramorant|Cramorant-Gulping|\n|-damage|p2a: Alcremie|171/263\n|move|p2a: Alcremie|Recover|p2a: Alcremie\n|-heal|p2a: Alcremie|263/263\n|\n|upkeep\n|turn|25\n|inactive|Time left: 300 sec this turn | 300 sec total\n|\n|t:|1783545271\n|move|p1a: Cramorant|Brave Bird|p2a: Alcremie\n|-damage|p2a: Alcremie|143/263\n|-damage|p1a: Cramorant|85/100|[from] Recoil\n|move|p2a: Alcremie|Recover|p2a: Alcremie\n|-heal|p2a: Alcremie|263/263\n|\n|upkeep\n|turn|26\n|inactive|Time left: 300 sec this turn | 300 sec total\n|\n|t:|1783545273\n|move|p1a: Cramorant|Surf|p2a: Alcremie\n|-damage|p2a: Alcremie|227/263\n|move|p2a: Alcremie|Alluring Voice|p1a: Cramorant\n|-damage|p1a: Cramorant|9/100\n|-damage|p2a: Alcremie|162/263|[from] ability: Gulp Missile|[of] p1a: Cramorant\n|-unboost|p2a: Alcremie|def|1\n|-formechange|p1a: Cramorant|Cramorant|\n|\n|-heal|p2a: Alcremie|178/263|[from] item: Leftovers\n|upkeep\n|turn|27\n|inactive|Time left: 300 sec this turn | 300 sec total\n|\n|t:|1783545274\n|move|p1a: Cramorant|Brave Bird|p2a: Alcremie\n|-damage|p2a: Alcremie|0 fnt\n|faint|p2a: Alcremie\n|-damage|p1a: Cramorant|0 fnt|[from] Recoil\n|faint|p1a: Cramorant\n|\n|upkeep\n|inactive|Time left: 300 sec this turn | 300 sec total | 5 sec grace\n|\n|t:|1783545275\n|switch|p1a: Trevenant|Trevenant, L89, F, tera:Fighting|100/100\n|switch|p2a: Ampharos|Ampharos, L88, M|302/302\n|turn|28\n|inactive|Time left: 300 sec this turn | 300 sec total\n|\n|t:|1783545276\n|move|p1a: Trevenant|Poltergeist|p2a: Ampharos\n|-activate|p2a: Ampharos|move: Poltergeist|Choice Specs\n|-damage|p2a: Ampharos|167/302\n|move|p2a: Ampharos|Dazzling Gleam|p1a: Trevenant\n|-supereffective|p1a: Trevenant\n|-damage|p1a: Trevenant|27/100\n|-enditem|p1a: Trevenant|Sitrus Berry|[eat]\n|-heal|p1a: Trevenant|52/100|[from] item: Sitrus Berry\n|\n|upkeep\n|turn|29\n|inactive|Time left: 300 sec this turn | 300 sec total\n|\n|t:|1783545277\n|move|p1a: Trevenant|Drain Punch|p2a: Ampharos\n|-damage|p2a: Ampharos|62/302\n|-heal|p1a: Trevenant|70/100|[from] drain|[of] p2a: Ampharos\n|move|p2a: Ampharos|Dazzling Gleam|p1a: Trevenant\n|-supereffective|p1a: Trevenant\n|-damage|p1a: Trevenant|4/100\n|\n|upkeep\n|turn|30\n|inactive|Time left: 300 sec this turn | 300 sec total\n|\n|t:|1783545278\n|move|p1a: Trevenant|Protect|p1a: Trevenant\n|-singleturn|p1a: Trevenant|Protect\n|move|p2a: Ampharos|Dazzling Gleam|p1a: Trevenant\n|-activate|p1a: Trevenant|move: Protect\n|\n|upkeep\n|turn|31\n|inactive|Time left: 300 sec this turn | 300 sec total\n|\n|t:|1783545279\n|move|p1a: Trevenant|Poltergeist|p2a: Ampharos\n|-activate|p2a: Ampharos|move: Poltergeist|Choice Specs\n|-damage|p2a: Ampharos|0 fnt\n|faint|p2a: Ampharos\n|\n|-item|p1a: Trevenant|Sitrus Berry|[from] ability: Harvest\n|upkeep\n|-enditem|p1a: Trevenant|Sitrus Berry|[eat]\n|-heal|p1a: Trevenant|29/100|[from] item: Sitrus Berry\n|inactive|Time left: 300 sec this turn | 300 sec total | 5 sec grace\n|\n|t:|1783545280\n|switch|p2a: Kyurem|Kyurem, L77|103/319\n|-ability|p2a: Kyurem|Pressure\n|turn|32\n|inactive|Time left: 300 sec this turn | 300 sec total\n|\n|t:|1783545281\n|move|p1a: Trevenant|Protect|p1a: Trevenant\n|-singleturn|p1a: Trevenant|Protect\n|move|p2a: Kyurem|Earth Power|p1a: Trevenant\n|-activate|p1a: Trevenant|move: Protect\n|\n|upkeep\n|turn|33\n|inactive|Time left: 300 sec this turn | 300 sec total\n|\n|t:|1783545282\n|move|p2a: Kyurem|Earth Power|p1a: Trevenant\n|-damage|p1a: Trevenant|0 fnt\n|faint|p1a: Trevenant\n|\n|win|p0y471e704", "uploadtime": 1783545282, "views": 0, "rating": 0, "private": 0, "password": null, "_winner": "p0y471e704", "_our_name": "p0y471e704"}