{"id": "battle-gen9randombattle-1389", "formatid": "gen9randombattle", "format": "[Gen 9] Random Battle", "players": ["p0x1389c08c", "p0y1389e96c"], "log": "|init|battle\n|title|p0x1389c08c vs. p0y1389e96c\n|j|\u2606p0x1389c08c\n|j|\u2606p0y1389e96c\n|t:|1783556154\n|gametype|singles\n|player|p1|p0x1389c08c|265|\n|player|p2|p0y1389e96c|170|\n|gen|9\n|tier|[Gen 9] Random Battle\n|rule|Species Clause: Limit one of each Pok\u00e9mon\n|rule|HP Percentage Mod: HP is shown in percentages\n|rule|Sleep Clause Mod: Limit one foe put to sleep\n|rule|Illusion Level Mod: Illusion disguises the Pok\u00e9mon's true level\n|\n|t:|1783556154\n|teamsize|p1|6\n|teamsize|p2|6\n|start\n|switch|p1a: Muk|Muk-Alola, L82, F|100/100\n|switch|p2a: Comfey|Comfey, L85, F|225/225\n|turn|1\n|inactive|Battle timer is ON: inactive players will automatically lose when time's up. (requested by p0x1389c08c)\n|inactive|Time left: 300 sec this turn | 300 sec total | 60 sec grace\n|inactive|p0y1389e96c also wants the timer to be on.\n|\n|t:|1783556155\n|switch|p2a: Magmortar|Magmortar, L88, M|275/275\n|move|p1a: Muk|Knock Off|p2a: Magmortar\n|-damage|p2a: Magmortar|148/275\n|-status|p1a: Muk|brn|[from] ability: Flame Body|[of] p2a: Magmortar\n|-enditem|p2a: Magmortar|Heavy-Duty Boots|[from] move: Knock Off|[of] p1a: Muk\n|\n|-damage|p1a: Muk|94/100 brn|[from] brn\n|upkeep\n|turn|2\n|inactive|Time left: 300 sec this turn | 300 sec total\n|\n|t:|1783556156\n|move|p2a: Magmortar|Earthquake|p1a: Muk\n|-supereffective|p1a: Muk\n|-damage|p1a: Muk|39/100 brn\n|move|p1a: Muk|Poison Jab|p2a: Magmortar\n|-damage|p2a: Magmortar|103/275\n|\n|-damage|p1a: Muk|33/100 brn|[from] brn\n|upkeep\n|turn|3\n|inactive|Time left: 300 sec this turn | 300 sec total\n|\n|t:|1783556157\n|move|p2a: Magmortar|Earthquake|p1a: Muk\n|-supereffective|p1a: Muk\n|-crit|p1a: Muk\n|-damage|p1a: Muk|0 fnt\n|faint|p1a: Muk\n|\n|upkeep\n|\n|t:|1783556158\n|switch|p1a: Latios|Latios, L78, M|100/100\n|turn|4\n|inactive|Time left: 300 sec this turn | 300 sec total\n|\n|t:|1783556158\n|switch|p2a: Wigglytuff|Wigglytuff, L96, M|424/424\n|move|p1a: Latios|Luster Purge|p2a: Wigglytuff\n|-damage|p2a: Wigglytuff|256/424\n|\n|-heal|p2a: Wigglytuff|282/424|[from] item: Leftovers\n|upkeep\n|turn|5\n|inactive|Time left: 300 sec this turn | 300 sec total\n|\n|t:|1783556159\n|switch|p1a: Empoleon|Empoleon, L84, M|100/100\n|move|p2a: Wigglytuff|Dazzling Gleam|p1a: Empoleon\n|-resisted|p1a: Empoleon\n|-damage|p1a: Empoleon|84/100\n|\n|-heal|p1a: Empoleon|90/100|[from] item: Leftovers\n|-heal|p2a: Wigglytuff|308/424|[from] item: Leftovers\n|upkeep\n|turn|6\n|inactive|Time left: 300 sec this turn | 300 sec total\n|\n|t:|1783556160\n|move|p1a: Empoleon|Surf|p2a: Wigglytuff\n|-damage|p2a: Wigglytuff|181/424\n|move|p2a: Wigglytuff|Knock Off|p1a: Empoleon\n|-damage|p1a: Empoleon|64/100\n|-enditem|p1a: Empoleon|Leftovers|[from] move: Knock Off|[of] p2a: Wigglytuff\n|\n|-heal|p2a: Wigglytuff|207/424|[from] item: Leftovers\n|upkeep\n|turn|7\n|inactive|Time left: 300 sec this turn | 300 sec total\n|\n|t:|1783556161\n|move|p1a: Empoleon|Surf|p2a: Wigglytuff\n|-damage|p2a: Wigglytuff|71/424\n|move|p2a: Wigglytuff|Thunder Wave|p1a: Empoleon\n|-status|p1a: Empoleon|par\n|\n|-heal|p2a: Wigglytuff|97/424|[from] item: Leftovers\n|upkeep\n|turn|8\n|inactive|Time left: 300 sec this turn | 300 sec total\n|\n|t:|1783556161\n|move|p2a: Wigglytuff|Dazzling Gleam|p1a: Empoleon\n|-resisted|p1a: Empoleon\n|-damage|p1a: Empoleon|49/100 par\n|cant|p1a: Empoleon|par\n|\n|-heal|p2a: Wigglytuff|123/424|[from] item: Leftovers\n|upkeep\n|turn|9\n|inactive|Time left: 300 sec this turn | 300 sec total\n|\n|t:|1783556162\n|move|p2a: Wigglytuff|Fire Blast|p1a: Empoleon\n|-damage|p1a: Empoleon|16/100 par\n|cant|p1a: Empoleon|par\n|\n|-heal|p2a: Wigglytuff|149/424|[from] item: Leftovers\n|upkeep\n|turn|10\n|inactive|Time left: 300 sec this turn | 300 sec total\n|\n|t:|1783556163\n|move|p2a: Wigglytuff|Dazzling Gleam|p1a: Empoleon\n|-resisted|p1a: Empoleon\n|-damage|p1a: Empoleon|1/100 par\n|move|p1a: Empoleon|Ice Beam|p2a: Wigglytuff\n|-damage|p2a: Wigglytuff|64/424\n|\n|-heal|p2a: Wigglytuff|90/424|[from] item: Leftovers\n|upkeep\n|turn|11\n|inactive|Time left: 300 sec this turn | 300 sec total\n|\n|t:|1783556164\n|move|p2a: Wigglytuff|Dazzling Gleam|p1a: Empoleon\n|-resisted|p1a: Empoleon\n|-damage|p1a: Empoleon|0 fnt\n|faint|p1a: Empoleon\n|\n|-heal|p2a: Wigglytuff|116/424|[from] item: Leftovers\n|upkeep\n|\n|t:|1783556165\n|switch|p1a: Iron Leaves|Iron Leaves, L80|100/100\n|turn|12\n|inactive|Time left: 300 sec this turn | 300 sec total\n|\n|t:|1783556166\n|switch|p2a: Magmortar|Magmortar, L88, M|103/275\n|move|p1a: Iron Leaves|Swords Dance|p1a: Iron Leaves\n|-boost|p1a: Iron Leaves|atk|2\n|\n|upkeep\n|turn|13\n|inactive|Time left: 300 sec this turn | 300 sec total\n|\n|t:|1783556167\n|move|p1a: Iron Leaves|Leaf Blade|p2a: Magmortar\n|-resisted|p2a: Magmortar\n|-damage|p2a: Magmortar|0 fnt\n|faint|p2a: Magmortar\n|-damage|p1a: Iron Leaves|91/100|[from] item: Life Orb\n|\n|upkeep\n|inactive|Time left: 300 sec this turn | 300 sec total | 5 sec grace\n|\n|t:|1783556168\n|switch|p2a: Staraptor|Staraptor, L79, F|263/263\n|turn|14\n|inactive|Time left: 300 sec this turn | 300 sec total\n|\n|t:|1783556169\n|move|p2a: Staraptor|Brave Bird|p1a: Iron Leaves\n|-supereffective|p1a: Iron Leaves\n|-damage|p1a: Iron Leaves|0 fnt\n|faint|p1a: Iron Leaves\n|-end|p1a: Iron Leaves|Quark Drive|[silent]\n|-damage|p2a: Staraptor|181/263|[from] Recoil\n|\n|upkeep\n|\n|t:|1783556170\n|switch|p1a: Cryogonal|Cryogonal, L89|100/100\n|turn|15\n|inactive|Time left: 300 sec this turn | 300 sec total\n|\n|t:|1783556171\n|-terastallize|p2a: Staraptor|Flying\n|move|p2a: Staraptor|Brave Bird|p1a: Cryogonal\n|-damage|p1a: Cryogonal|0 fnt\n|faint|p1a: Cryogonal\n|-damage|p2a: Staraptor|86/263|[from] Recoil\n|\n|upkeep\n|\n|t:|1783556172\n|switch|p1a: Ambipom|Ambipom, L84, M|100/100\n|turn|16\n|inactive|Time left: 300 sec this turn | 300 sec total\n|\n|t:|1783556173\n|move|p1a: Ambipom|Fake Out|p2a: Staraptor\n|-damage|p2a: Staraptor|0 fnt\n|faint|p2a: Staraptor\n|\n|upkeep\n|inactive|Time left: 300 sec this turn | 300 sec total | 5 sec grace\n|\n|t:|1783556174\n|switch|p2a: Raging Bolt|Raging Bolt, L78|323/323\n|-enditem|p2a: Raging Bolt|Booster Energy\n|-activate|p2a: Raging Bolt|ability: Protosynthesis|[fromitem]\n|-start|p2a: Raging Bolt|protosynthesisspa\n|turn|17\n|inactive|Time left: 300 sec this turn | 300 sec total\n|\n|t:|1783556175\n|move|p1a: Ambipom|Double-Edge|p2a: Raging Bolt\n|-damage|p2a: Raging Bolt|169/323\n|-damage|p1a: Ambipom|81/100|[from] Recoil\n|move|p2a: Raging Bolt|Dragon Pulse|p1a: Ambipom\n|-damage|p1a: Ambipom|14/100\n|\n|upkeep\n|turn|18\n|inactive|Time left: 300 sec this turn | 300 sec total\n|\n|t:|1783556176\n|move|p2a: Raging Bolt|Thunderclap|p1a: Ambipom\n|-damage|p1a: Ambipom|0 fnt\n|faint|p1a: Ambipom\n|\n|upkeep\n|\n|t:|1783556177\n|switch|p1a: Latios|Latios, L78, M|100/100\n|turn|19\n|inactive|Time left: 300 sec this turn | 300 sec total\n|\n|t:|1783556178\n|-terastallize|p1a: Latios|Fighting\n|move|p1a: Latios|Luster Purge|p2a: Raging Bolt\n|-damage|p2a: Raging Bolt|18/323\n|move|p2a: Raging Bolt|Dragon Pulse|p1a: Latios\n|-damage|p1a: Latios|56/100\n|\n|upkeep\n|turn|20\n|inactive|Time left: 300 sec this turn | 300 sec total\n|\n|t:|1783556179\n|move|p1a: Latios|Recover|p1a: Latios\n|-heal|p1a: Latios|100/100\n|move|p2a: Raging Bolt|Thunderbolt|p1a: Latios\n|-damage|p1a: Latios|48/100\n|\n|upkeep\n|turn|21\n|inactive|Time left: 300 sec this turn | 300 sec total\n|\n|t:|1783556180\n|-end|p2a: Raging Bolt|Protosynthesis|[silent]\n|switch|p2a: Trevenant|Trevenant, L89, M|296/296\n|move|p1a: Latios|Recover|p1a: Latios\n|-heal|p1a: Latios|99/100\n|\n|upkeep\n|turn|22\n|inactive|Time left: 300 sec this turn | 300 sec total\n|\n|t:|1783556181\n|move|p1a: Latios|Luster Purge|p2a: Trevenant\n|-damage|p2a: Trevenant|158/296\n|-unboost|p2a: Trevenant|spd|1\n|move|p2a: Trevenant|Wood Hammer|p1a: Latios\n|-damage|p1a: Latios|13/100\n|-damage|p2a: Trevenant|87/296|[from] Recoil\n|-damage|p2a: Trevenant|58/296|[from] item: Life Orb\n|\n|upkeep\n|turn|23\n|inactive|Time left: 300 sec this turn | 300 sec total\n|\n|t:|1783556182\n|move|p1a: Latios|Luster Purge|p2a: Trevenant\n|-damage|p2a: Trevenant|0 fnt\n|faint|p2a: Trevenant\n|\n|upkeep\n|inactive|Time left: 300 sec this turn | 300 sec total | 5 sec grace\n|\n|t:|1783556183\n|switch|p2a: Comfey|Comfey, L85, F|225/225\n|turn|24\n|inactive|Time left: 300 sec this turn | 300 sec total\n|\n|t:|1783556184\n|move|p2a: Comfey|Draining Kiss|p1a: Latios\n|-supereffective|p1a: Latios\n|-damage|p1a: Latios|0 fnt\n|faint|p1a: Latios\n|\n|win|p0y1389e96c", "uploadtime": 1783556184, "views": 0, "rating": 0, "private": 0, "password": null, "_winner": "p0y1389e96c", "_our_name": "p0y1389e96c"}