{"id": "battle-gen9randombattle-737", "formatid": "gen9randombattle", "format": "[Gen 9] Random Battle", "players": ["p0x7377b7f", "p0y737df03"], "log": "|init|battle\n|title|p0x7377b7f vs. p0y737df03\n|j|\u2606p0x7377b7f\n|j|\u2606p0y737df03\n|t:|1783547677\n|gametype|singles\n|player|p1|p0x7377b7f|1|\n|player|p2|p0y737df03|170|\n|gen|9\n|tier|[Gen 9] Random Battle\n|rule|Species Clause: Limit one of each Pok\u00e9mon\n|rule|HP Percentage Mod: HP is shown in percentages\n|rule|Sleep Clause Mod: Limit one foe put to sleep\n|rule|Illusion Level Mod: Illusion disguises the Pok\u00e9mon's true level\n|\n|t:|1783547677\n|teamsize|p1|6\n|teamsize|p2|6\n|start\n|switch|p1a: Gouging Fire|Gouging Fire, L74|277/277\n|switch|p2a: Latios|Latios, L78, M|100/100\n|turn|1\n|inactive|Battle timer is ON: inactive players will automatically lose when time's up. (requested by p0x7377b7f)\n|inactive|p0y737df03 also wants the timer to be on.\n|\n|t:|1783547678\n|-end|p1a: Gouging Fire|Protosynthesis|[silent]\n|switch|p1a: Tyranitar|Tyranitar, L78, M|284/284\n|-weather|Sandstorm|[from] ability: Sand Stream|[of] p1a: Tyranitar\n|move|p2a: Latios|Draco Meteor|p1a: Tyranitar\n|-damage|p1a: Tyranitar|163/284\n|-unboost|p2a: Latios|spa|2\n|\n|-weather|Sandstorm|[upkeep]\n|-damage|p2a: Latios|95/100|[from] Sandstorm\n|-heal|p1a: Tyranitar|180/284|[from] item: Leftovers\n|upkeep\n|turn|2\n|inactive|Time left: 300 sec this turn | 300 sec total\n|\n|t:|1783547680\n|switch|p2a: Overqwil|Overqwil, L82, F|100/100\n|-ability|p2a: Overqwil|Intimidate|boost\n|-unboost|p1a: Tyranitar|atk|1\n|move|p1a: Tyranitar|Knock Off|p2a: Overqwil\n|-resisted|p2a: Overqwil\n|-damage|p2a: Overqwil|87/100\n|-enditem|p2a: Overqwil|Life Orb|[from] move: Knock Off|[of] p1a: Tyranitar\n|\n|-weather|Sandstorm|[upkeep]\n|-damage|p2a: Overqwil|81/100|[from] Sandstorm\n|-heal|p1a: Tyranitar|197/284|[from] item: Leftovers\n|upkeep\n|turn|3\n|inactive|Time left: 300 sec this turn | 300 sec total\n|\n|t:|1783547681\n|move|p2a: Overqwil|Swords Dance|p2a: Overqwil\n|-boost|p2a: Overqwil|atk|2\n|move|p1a: Tyranitar|Stealth Rock|p2a: Overqwil\n|-sidestart|p2: p0y737df03|move: Stealth Rock\n|\n|-weather|Sandstorm|[upkeep]\n|-damage|p2a: Overqwil|75/100|[from] Sandstorm\n|-heal|p1a: Tyranitar|214/284|[from] item: Leftovers\n|upkeep\n|turn|4\n|inactive|Time left: 300 sec this turn | 300 sec total\n|\n|t:|1783547682\n|move|p2a: Overqwil|Liquidation|p1a: Tyranitar\n|-supereffective|p1a: Tyranitar\n|-crit|p1a: Tyranitar\n|-damage|p1a: Tyranitar|0 fnt\n|faint|p1a: Tyranitar\n|\n|-weather|Sandstorm|[upkeep]\n|-damage|p2a: Overqwil|68/100|[from] Sandstorm\n|upkeep\n|inactive|Time left: 300 sec this turn | 300 sec total | 5 sec grace\n|\n|t:|1783547683\n|switch|p1a: Vivillon|Vivillon-Ocean, L83, F|268/268\n|turn|5\n|inactive|Time left: 300 sec this turn | 300 sec total\n|\n|t:|1783547684\n|move|p1a: Vivillon|Sleep Powder|p2a: Overqwil\n|-status|p2a: Overqwil|slp|[from] move: Sleep Powder\n|cant|p2a: Overqwil|slp\n|\n|-weather|none\n|upkeep\n|turn|6\n|inactive|Time left: 300 sec this turn | 300 sec total\n|\n|t:|1783547685\n|move|p1a: Vivillon|Hurricane|p2a: Overqwil\n|-damage|p2a: Overqwil|19/100 slp\n|cant|p2a: Overqwil|slp\n|\n|upkeep\n|turn|7\n|inactive|Time left: 300 sec this turn | 300 sec total\n|\n|t:|1783547686\n|move|p1a: Vivillon|Bug Buzz|p2a: Overqwil\n|-damage|p2a: Overqwil|0 fnt\n|faint|p2a: Overqwil\n|\n|upkeep\n|\n|t:|1783547687\n|switch|p2a: Dedenne|Dedenne, L88, M|100/100\n|-damage|p2a: Dedenne|88/100|[from] Stealth Rock\n|turn|8\n|inactive|Time left: 300 sec this turn | 300 sec total\n|\n|t:|1783547688\n|switch|p1a: Espeon|Espeon, L84, F|246/246\n|move|p2a: Dedenne|Thunderbolt|p1a: Espeon\n|-damage|p1a: Espeon|158/246\n|\n|upkeep\n|turn|9\n|inactive|Time left: 300 sec this turn | 300 sec total\n|\n|t:|1783547689\n|-terastallize|p1a: Espeon|Psychic\n|move|p1a: Espeon|Psyshock|p2a: Dedenne\n|-damage|p2a: Dedenne|0 fnt\n|faint|p2a: Dedenne\n|\n|upkeep\n|\n|t:|1783547690\n|switch|p2a: Torterra|Torterra, L78, F|100/100\n|-damage|p2a: Torterra|94/100|[from] Stealth Rock\n|turn|10\n|inactive|Time left: 300 sec this turn | 300 sec total\n|\n|t:|1783547691\n|move|p1a: Espeon|Psyshock|p2a: Torterra\n|-damage|p2a: Torterra|27/100\n|move|p2a: Torterra|Shell Smash|p2a: Torterra\n|-unboost|p2a: Torterra|def|1\n|-unboost|p2a: Torterra|spd|1\n|-boost|p2a: Torterra|atk|2\n|-boost|p2a: Torterra|spa|2\n|-boost|p2a: Torterra|spe|2\n|\n|upkeep\n|turn|11\n|inactive|Time left: 300 sec this turn | 300 sec total\n|\n|t:|1783547692\n|move|p2a: Torterra|Rock Blast|p1a: Espeon\n|-damage|p1a: Espeon|116/246\n|-damage|p1a: Espeon|73/246\n|-damage|p1a: Espeon|29/246\n|-damage|p1a: Espeon|0 fnt\n|faint|p1a: Espeon\n|-hitcount|p1: Espeon|4\n|\n|upkeep\n|inactive|Time left: 300 sec this turn | 300 sec total | 5 sec grace\n|\n|t:|1783547693\n|switch|p1a: Terapagos|Terapagos, L77, M|265/265\n|-activate|p1a: Terapagos|ability: Tera Shift\n|detailschange|p1a: Terapagos|Terapagos-Terastal, L77, M\n|-heal|p1a: Terapagos|273/273|[silent]\n|turn|12\n|inactive|Time left: 300 sec this turn | 300 sec total\n|\n|t:|1783547694\n|switch|p1a: Rayquaza|Rayquaza, L72|270/270\n|-ability|p1a: Rayquaza|Air Lock\n|move|p2a: Torterra|Bullet Seed|p1a: Rayquaza\n|-resisted|p1a: Rayquaza\n|-damage|p1a: Rayquaza|247/270\n|-resisted|p1a: Rayquaza\n|-damage|p1a: Rayquaza|225/270\n|-resisted|p1a: Rayquaza\n|-damage|p1a: Rayquaza|203/270\n|-resisted|p1a: Rayquaza\n|-damage|p1a: Rayquaza|183/270\n|-resisted|p1a: Rayquaza\n|-damage|p1a: Rayquaza|160/270\n|-hitcount|p1a: Rayquaza|5\n|\n|upkeep\n|turn|13\n|inactive|Time left: 300 sec this turn | 300 sec total\n|\n|t:|1783547695\n|move|p2a: Torterra|Rock Blast|p1a: Rayquaza|[miss]\n|-miss|p2a: Torterra|p1a: Rayquaza\n|move|p1a: Rayquaza|Dragon Ascent|p2a: Torterra\n|-supereffective|p2a: Torterra\n|-damage|p2a: Torterra|0 fnt\n|-unboost|p1a: Rayquaza|def|1\n|-unboost|p1a: Rayquaza|spd|1\n|faint|p2a: Torterra\n|\n|upkeep\n|\n|t:|1783547696\n|switch|p2a: Latios|Latios, L78, M|95/100\n|-damage|p2a: Latios|82/100|[from] Stealth Rock\n|turn|14\n|inactive|Time left: 300 sec this turn | 300 sec total\n|\n|t:|1783547697\n|move|p2a: Latios|Luster Purge|p1a: Rayquaza\n|-damage|p1a: Rayquaza|0 fnt\n|faint|p1a: Rayquaza\n|\n|upkeep\n|inactive|Time left: 300 sec this turn | 300 sec total | 5 sec grace\n|\n|t:|1783547698\n|switch|p1a: Gouging Fire|Gouging Fire, L74|277/277\n|turn|15\n|inactive|Time left: 300 sec this turn | 300 sec total\n|\n|t:|1783547699\n|move|p2a: Latios|Draco Meteor|p1a: Gouging Fire\n|-supereffective|p1a: Gouging Fire\n|-damage|p1a: Gouging Fire|0 fnt\n|-unboost|p2a: Latios|spa|2\n|faint|p1a: Gouging Fire\n|-end|p1a: Gouging Fire|Protosynthesis|[silent]\n|\n|upkeep\n|inactive|Time left: 300 sec this turn | 300 sec total | 5 sec grace\n|\n|t:|1783547700\n|switch|p1a: Vivillon|Vivillon-Ocean, L83, F|268/268\n|turn|16\n|inactive|Time left: 300 sec this turn | 300 sec total\n|\n|t:|1783547701\n|move|p2a: Latios|Luster Purge|p1a: Vivillon\n|-damage|p1a: Vivillon|162/268\n|move|p1a: Vivillon|Quiver Dance|p1a: Vivillon\n|-boost|p1a: Vivillon|spa|1\n|-boost|p1a: Vivillon|spd|1\n|-boost|p1a: Vivillon|spe|1\n|\n|upkeep\n|turn|17\n|inactive|Time left: 300 sec this turn | 300 sec total\n|\n|t:|1783547702\n|switch|p2a: Bronzong|Bronzong, L88|100/100\n|-damage|p2a: Bronzong|94/100|[from] Stealth Rock\n|move|p1a: Vivillon|Quiver Dance|p1a: Vivillon\n|-boost|p1a: Vivillon|spa|1\n|-boost|p1a: Vivillon|spd|1\n|-boost|p1a: Vivillon|spe|1\n|\n|-heal|p2a: Bronzong|100/100|[from] item: Leftovers\n|upkeep\n|turn|18\n|inactive|Time left: 300 sec this turn | 300 sec total\n|\n|t:|1783547703\n|move|p1a: Vivillon|Sleep Powder|p2a: Bronzong\n|-status|p2a: Bronzong|slp|[from] move: Sleep Powder\n|cant|p2a: Bronzong|slp\n|\n|upkeep\n|turn|19\n|inactive|Time left: 300 sec this turn | 300 sec total\n|\n|t:|1783547704\n|move|p1a: Vivillon|Bug Buzz|p2a: Bronzong\n|-damage|p2a: Bronzong|52/100 slp\n|cant|p2a: Bronzong|slp\n|\n|-heal|p2a: Bronzong|58/100 slp|[from] item: Leftovers\n|upkeep\n|turn|20\n|inactive|Time left: 300 sec this turn | 300 sec total\n|\n|t:|1783547705\n|move|p1a: Vivillon|Bug Buzz|p2a: Bronzong\n|-damage|p2a: Bronzong|5/100 slp\n|cant|p2a: Bronzong|slp\n|\n|-heal|p2a: Bronzong|11/100 slp|[from] item: Leftovers\n|upkeep\n|turn|21\n|inactive|Time left: 300 sec this turn | 300 sec total\n|\n|t:|1783547706\n|move|p1a: Vivillon|Bug Buzz|p2a: Bronzong\n|-damage|p2a: Bronzong|0 fnt\n|faint|p2a: Bronzong\n|\n|upkeep\n|\n|t:|1783547707\n|switch|p2a: Vileplume|Vileplume, L85, F|100/100\n|-damage|p2a: Vileplume|88/100|[from] Stealth Rock\n|turn|22\n|inactive|Time left: 300 sec this turn | 300 sec total\n|\n|t:|1783547708\n|-terastallize|p2a: Vileplume|Steel\n|move|p1a: Vivillon|Hurricane|p2a: Vileplume\n|-resisted|p2a: Vileplume\n|-damage|p2a: Vileplume|49/100\n|move|p2a: Vileplume|Sludge Bomb|p1a: Vivillon\n|-damage|p1a: Vivillon|84/268\n|\n|-heal|p2a: Vileplume|55/100|[from] item: Leftovers\n|upkeep\n|turn|23\n|inactive|Time left: 300 sec this turn | 300 sec total\n|\n|t:|1783547709\n|move|p1a: Vivillon|Sleep Powder|p2a: Vileplume\n|-status|p2a: Vileplume|slp|[from] move: Sleep Powder\n|cant|p2a: Vileplume|slp\n|\n|-heal|p2a: Vileplume|61/100 slp|[from] item: Leftovers\n|upkeep\n|turn|24\n|inactive|Time left: 300 sec this turn | 300 sec total\n|\n|t:|1783547710\n|move|p1a: Vivillon|Hurricane|p2a: Vileplume\n|-resisted|p2a: Vileplume\n|-damage|p2a: Vileplume|25/100 slp\n|-curestatus|p2a: Vileplume|slp|[msg]\n|move|p2a: Vileplume|Sludge Bomb|p1a: Vivillon\n|-damage|p1a: Vivillon|8/268\n|-status|p1a: Vivillon|psn\n|\n|-heal|p2a: Vileplume|31/100|[from] item: Leftovers\n|-damage|p1a: Vivillon|0 fnt|[from] psn\n|faint|p1a: Vivillon\n|upkeep\n|inactive|Time left: 300 sec this turn | 300 sec total | 5 sec grace\n|\n|t:|1783547711\n|switch|p1a: Terapagos|Terapagos-Terastal, L77, M|273/273\n|turn|25\n|inactive|Time left: 300 sec this turn | 300 sec total\n|\n|t:|1783547711\n|move|p1a: Terapagos|Calm Mind|p1a: Terapagos\n|-boost|p1a: Terapagos|spa|1\n|-boost|p1a: Terapagos|spd|1\n|move|p2a: Vileplume|Strength Sap|p1a: Terapagos\n|-unboost|p1a: Terapagos|atk|1\n|-heal|p2a: Vileplume|100/100\n|\n|upkeep\n|turn|26\n|inactive|Time left: 300 sec this turn | 300 sec total\n|\n|t:|1783547712\n|move|p1a: Terapagos|Calm Mind|p1a: Terapagos\n|-boost|p1a: Terapagos|spa|1\n|-boost|p1a: Terapagos|spd|1\n|move|p2a: Vileplume|Sludge Bomb|p1a: Terapagos\n|-activate|p1a: Terapagos|ability: Tera Shell\n|-resisted|p1a: Terapagos\n|-damage|p1a: Terapagos|247/273\n|\n|upkeep\n|turn|27\n|inactive|Time left: 300 sec this turn | 300 sec total\n|\n|t:|1783547713\n|move|p1a: Terapagos|Calm Mind|p1a: Terapagos\n|-boost|p1a: Terapagos|spa|1\n|-boost|p1a: Terapagos|spd|1\n|move|p2a: Vileplume|Strength Sap|p1a: Terapagos\n|-unboost|p1a: Terapagos|atk|1\n|\n|upkeep\n|turn|28\n|inactive|Time left: 300 sec this turn | 300 sec total\n|\n|t:|1783547714\n|switch|p2a: Latios|Latios, L78, M|82/100\n|-damage|p2a: Latios|70/100|[from] Stealth Rock\n|move|p1a: Terapagos|Dark Pulse|p2a: Latios\n|-supereffective|p2a: Latios\n|-damage|p2a: Latios|0 fnt\n|faint|p2a: Latios\n|\n|upkeep\n|\n|t:|1783547715\n|switch|p2a: Vileplume|Vileplume, L85, F, tera:Steel|100/100\n|-damage|p2a: Vileplume|94/100|[from] Stealth Rock\n|turn|29\n|inactive|Time left: 300 sec this turn | 300 sec total\n|\n|t:|1783547716\n|move|p1a: Terapagos|Tera Starstorm|p2a: Vileplume\n|-resisted|p2a: Vileplume\n|-crit|p2a: Vileplume\n|-damage|p2a: Vileplume|23/100\n|move|p2a: Vileplume|Sleep Powder|p1a: Terapagos|[miss]\n|-miss|p2a: Vileplume|p1a: Terapagos\n|\n|-heal|p2a: Vileplume|29/100|[from] item: Leftovers\n|upkeep\n|turn|30\n|inactive|Time left: 300 sec this turn | 300 sec total\n|\n|t:|1783547717\n|move|p1a: Terapagos|Tera Starstorm|p2a: Vileplume\n|-resisted|p2a: Vileplume\n|-damage|p2a: Vileplume|0 fnt\n|faint|p2a: Vileplume\n|\n|win|p0x7377b7f", "uploadtime": 1783547717, "views": 0, "rating": 0, "private": 0, "password": null, "_winner": "p0x7377b7f", "_our_name": "p0x7377b7f"}