{"id": "battle-gen9randombattle-1903", "formatid": "gen9randombattle", "format": "[Gen 9] Random Battle", "players": ["p0x19034a77", "p0y1903b84a"], "log": "|init|battle\n|title|p0x19034a77 vs. p0y1903b84a\n|j|\u2606p0x19034a77\n|j|\u2606p0y1903b84a\n|t:|1783562019\n|gametype|singles\n|player|p1|p0x19034a77|265|\n|player|p2|p0y1903b84a|2|\n|gen|9\n|tier|[Gen 9] Random Battle\n|rule|Species Clause: Limit one of each Pok\u00e9mon\n|rule|HP Percentage Mod: HP is shown in percentages\n|rule|Sleep Clause Mod: Limit one foe put to sleep\n|rule|Illusion Level Mod: Illusion disguises the Pok\u00e9mon's true level\n|\n|t:|1783562019\n|teamsize|p1|6\n|teamsize|p2|6\n|start\n|switch|p1a: Noivern|Noivern, L82, M|274/274\n|switch|p2a: Mandibuzz|Mandibuzz, L85, F|100/100\n|turn|1\n|inactive|Battle timer is ON: inactive players will automatically lose when time's up. (requested by p0x19034a77)\n|\n|t:|1783562020\n|move|p1a: Noivern|Boomburst|p2a: Mandibuzz\n|-damage|p2a: Mandibuzz|60/100\n|move|p2a: Mandibuzz|Toxic|p1a: Noivern\n|-status|p1a: Noivern|tox\n|\n|-damage|p1a: Noivern|257/274 tox|[from] psn\n|upkeep\n|turn|2\n|inactive|Time left: 300 sec this turn | 300 sec total\n|inactive|p0y1903b84a also wants the timer to be on.\n|\n|t:|1783562021\n|move|p1a: Noivern|Boomburst|p2a: Mandibuzz\n|-damage|p2a: Mandibuzz|20/100\n|move|p2a: Mandibuzz|Roost|p2a: Mandibuzz\n|-heal|p2a: Mandibuzz|70/100\n|-singleturn|p2a: Mandibuzz|move: Roost\n|\n|-damage|p1a: Noivern|223/274 tox|[from] psn\n|upkeep\n|turn|3\n|inactive|Time left: 300 sec this turn | 300 sec total\n|\n|t:|1783562021\n|move|p1a: Noivern|Boomburst|p2a: Mandibuzz\n|-damage|p2a: Mandibuzz|30/100\n|move|p2a: Mandibuzz|Foul Play|p1a: Noivern\n|-damage|p1a: Noivern|154/274 tox\n|\n|-damage|p1a: Noivern|103/274 tox|[from] psn\n|upkeep\n|turn|4\n|inactive|Time left: 300 sec this turn | 300 sec total\n|\n|t:|1783562022\n|switch|p2a: Palossand|Palossand, L89, F|100/100\n|move|p1a: Noivern|Boomburst|p2a: Palossand\n|-immune|p2a: Palossand\n|\n|-damage|p1a: Noivern|35/274 tox|[from] psn\n|upkeep\n|turn|5\n|inactive|Time left: 300 sec this turn | 300 sec total\n|\n|t:|1783562023\n|switch|p1a: Lilligant|Lilligant, L86, F|261/261\n|move|p2a: Palossand|Shadow Ball|p1a: Lilligant\n|-crit|p1a: Lilligant\n|-damage|p1a: Lilligant|105/261\n|-unboost|p1a: Lilligant|spd|1\n|\n|upkeep\n|turn|6\n|inactive|Time left: 300 sec this turn | 300 sec total\n|\n|t:|1783562024\n|-terastallize|p2a: Palossand|Poison\n|move|p1a: Lilligant|Giga Drain|p2a: Palossand\n|-resisted|p2a: Palossand\n|-damage|p2a: Palossand|80/100\n|-heal|p1a: Lilligant|136/261|[from] drain|[of] p2a: Palossand\n|-damage|p1a: Lilligant|110/261|[from] item: Life Orb\n|move|p2a: Palossand|Shadow Ball|p1a: Lilligant\n|-damage|p1a: Lilligant|0 fnt\n|faint|p1a: Lilligant\n|\n|-heal|p2a: Palossand|86/100|[from] item: Leftovers\n|upkeep\n|inactive|Time left: 300 sec this turn | 300 sec total | 5 sec grace\n|\n|t:|1783562025\n|switch|p1a: Noivern|Noivern, L82, M|35/274 tox\n|turn|7\n|inactive|Time left: 300 sec this turn | 300 sec total\n|\n|t:|1783562026\n|move|p1a: Noivern|Hurricane|p2a: Palossand\n|-damage|p2a: Palossand|28/100\n|move|p2a: Palossand|Shore Up|p2a: Palossand\n|-heal|p2a: Palossand|78/100\n|\n|-heal|p2a: Palossand|84/100|[from] item: Leftovers\n|-damage|p1a: Noivern|18/274 tox|[from] psn\n|upkeep\n|turn|8\n|inactive|Time left: 300 sec this turn | 300 sec total\n|\n|t:|1783562027\n|move|p1a: Noivern|Hurricane|p2a: Palossand|[miss]\n|-miss|p1a: Noivern|p2a: Palossand\n|move|p2a: Palossand|Shore Up|p2a: Palossand\n|-heal|p2a: Palossand|100/100\n|\n|-damage|p1a: Noivern|0 fnt|[from] psn\n|faint|p1a: Noivern\n|upkeep\n|inactive|Time left: 300 sec this turn | 300 sec total | 5 sec grace\n|\n|t:|1783562028\n|switch|p1a: Piloswine|Piloswine, L85, F|309/309\n|turn|9\n|inactive|Time left: 300 sec this turn | 300 sec total\n|\n|t:|1783562029\n|move|p1a: Piloswine|Earthquake|p2a: Palossand\n|-supereffective|p2a: Palossand\n|-damage|p2a: Palossand|45/100\n|move|p2a: Palossand|Earth Power|p1a: Piloswine\n|-damage|p1a: Piloswine|216/309\n|\n|-heal|p2a: Palossand|51/100|[from] item: Leftovers\n|upkeep\n|turn|10\n|inactive|Time left: 300 sec this turn | 300 sec total\n|\n|t:|1783562030\n|switch|p2a: Quaquaval|Quaquaval, L79, M|100/100\n|move|p1a: Piloswine|Earthquake|p2a: Quaquaval\n|-damage|p2a: Quaquaval|54/100\n|\n|upkeep\n|turn|11\n|inactive|Time left: 300 sec this turn | 300 sec total\n|\n|t:|1783562031\n|move|p2a: Quaquaval|Close Combat|p1a: Piloswine\n|-supereffective|p1a: Piloswine\n|-damage|p1a: Piloswine|0 fnt\n|-unboost|p2a: Quaquaval|def|1\n|-unboost|p2a: Quaquaval|spd|1\n|faint|p1a: Piloswine\n|-ability|p2a: Quaquaval|Moxie|boost\n|-boost|p2a: Quaquaval|atk|1\n|-damage|p2a: Quaquaval|44/100|[from] item: Life Orb\n|\n|upkeep\n|inactive|Time left: 300 sec this turn | 300 sec total | 5 sec grace\n|\n|t:|1783562032\n|switch|p1a: Arbok|Arbok, L87, F|246/246\n|-ability|p1a: Arbok|Intimidate|boost\n|-unboost|p2a: Quaquaval|atk|1\n|turn|12\n|inactive|Time left: 300 sec this turn | 300 sec total\n|\n|t:|1783562033\n|switch|p2a: Palossand|Palossand, L89, F, tera:Poison|51/100\n|move|p1a: Arbok|Coil|p1a: Arbok\n|-boost|p1a: Arbok|atk|1\n|-boost|p1a: Arbok|def|1\n|-boost|p1a: Arbok|accuracy|1\n|\n|-heal|p2a: Palossand|57/100|[from] item: Leftovers\n|upkeep\n|turn|13\n|inactive|Time left: 300 sec this turn | 300 sec total\n|\n|t:|1783562034\n|switch|p2a: Mandibuzz|Mandibuzz, L85, F|30/100\n|move|p1a: Arbok|Earthquake|p2a: Mandibuzz\n|-immune|p2a: Mandibuzz\n|\n|upkeep\n|turn|14\n|inactive|Time left: 300 sec this turn | 300 sec total\n|\n|t:|1783562035\n|switch|p2a: Palossand|Palossand, L89, F, tera:Poison|57/100\n|move|p1a: Arbok|Gunk Shot|p2a: Palossand\n|-resisted|p2a: Palossand\n|-damage|p2a: Palossand|30/100\n|\n|-heal|p2a: Palossand|36/100|[from] item: Leftovers\n|upkeep\n|turn|15\n|inactive|Time left: 300 sec this turn | 300 sec total\n|\n|t:|1783562036\n|switch|p2a: Mandibuzz|Mandibuzz, L85, F|30/100\n|move|p1a: Arbok|Earthquake|p2a: Mandibuzz\n|-immune|p2a: Mandibuzz\n|\n|upkeep\n|turn|16\n|inactive|Time left: 300 sec this turn | 300 sec total\n|\n|t:|1783562037\n|move|p1a: Arbok|Gunk Shot|p2a: Mandibuzz\n|-damage|p2a: Mandibuzz|0 fnt\n|faint|p2a: Mandibuzz\n|\n|upkeep\n|\n|t:|1783562038\n|switch|p2a: Kilowattrel|Kilowattrel, L83, M|100/100\n|turn|17\n|inactive|Time left: 300 sec this turn | 300 sec total\n|\n|t:|1783562039\n|move|p2a: Kilowattrel|Hurricane|p1a: Arbok\n|-damage|p1a: Arbok|110/246\n|move|p1a: Arbok|Gunk Shot|p2a: Kilowattrel\n|-damage|p2a: Kilowattrel|0 fnt\n|faint|p2a: Kilowattrel\n|\n|-heal|p1a: Arbok|125/246|[from] item: Leftovers\n|upkeep\n|\n|t:|1783562040\n|switch|p2a: Emboar|Emboar, L84, M|100/100\n|turn|18\n|inactive|Time left: 300 sec this turn | 300 sec total\n|\n|t:|1783562041\n|move|p1a: Arbok|Coil|p1a: Arbok\n|-boost|p1a: Arbok|atk|1\n|-boost|p1a: Arbok|def|1\n|-boost|p1a: Arbok|accuracy|1\n|move|p2a: Emboar|Flare Blitz|p1a: Arbok\n|-crit|p1a: Arbok\n|-damage|p1a: Arbok|0 fnt\n|faint|p1a: Arbok\n|-damage|p2a: Emboar|88/100|[from] Recoil\n|\n|-heal|p2a: Emboar|94/100|[from] item: Leftovers\n|upkeep\n|inactive|Time left: 300 sec this turn | 300 sec total | 5 sec grace\n|\n|t:|1783562042\n|switch|p1a: Chimecho|Chimecho, L93, F|290/290\n|turn|19\n|inactive|Time left: 300 sec this turn | 300 sec total\n|\n|t:|1783562043\n|move|p1a: Chimecho|Cosmic Power|p1a: Chimecho\n|-boost|p1a: Chimecho|def|1\n|-boost|p1a: Chimecho|spd|1\n|move|p2a: Emboar|Flare Blitz|p1a: Chimecho\n|-damage|p1a: Chimecho|170/290\n|-damage|p2a: Emboar|82/100|[from] Recoil\n|\n|-heal|p1a: Chimecho|188/290|[from] item: Leftovers\n|-heal|p2a: Emboar|88/100|[from] item: Leftovers\n|upkeep\n|turn|20\n|inactive|Time left: 300 sec this turn | 300 sec total\n|\n|t:|1783562044\n|move|p1a: Chimecho|Stored Power|p2a: Emboar\n|-supereffective|p2a: Emboar\n|-damage|p2a: Emboar|32/100\n|move|p2a: Emboar|Flare Blitz|p1a: Chimecho\n|-damage|p1a: Chimecho|68/290\n|-status|p1a: Chimecho|brn\n|-damage|p2a: Emboar|19/100|[from] Recoil\n|\n|-heal|p1a: Chimecho|86/290 brn|[from] item: Leftovers\n|-heal|p2a: Emboar|26/100|[from] item: Leftovers\n|-damage|p1a: Chimecho|68/290 brn|[from] brn\n|upkeep\n|turn|21\n|inactive|Time left: 300 sec this turn | 300 sec total\n|\n|t:|1783562045\n|move|p1a: Chimecho|Recover|p1a: Chimecho\n|-heal|p1a: Chimecho|213/290 brn\n|move|p2a: Emboar|Flare Blitz|p1a: Chimecho\n|-damage|p1a: Chimecho|102/290 brn\n|-damage|p2a: Emboar|14/100|[from] Recoil\n|\n|-heal|p1a: Chimecho|120/290 brn|[from] item: Leftovers\n|-heal|p2a: Emboar|20/100|[from] item: Leftovers\n|-damage|p1a: Chimecho|102/290 brn|[from] brn\n|upkeep\n|turn|22\n|inactive|Time left: 300 sec this turn | 300 sec total\n|\n|t:|1783562047\n|switch|p2a: Arcanine|Arcanine-Hisui, L79, M|100/100\n|move|p1a: Chimecho|Recover|p1a: Chimecho\n|-heal|p1a: Chimecho|247/290 brn\n|\n|-heal|p1a: Chimecho|265/290 brn|[from] item: Leftovers\n|-damage|p1a: Chimecho|247/290 brn|[from] brn\n|upkeep\n|turn|23\n|inactive|Time left: 300 sec this turn | 300 sec total\n|\n|t:|1783562047\n|move|p2a: Arcanine|Head Smash|p1a: Chimecho\n|-damage|p1a: Chimecho|133/290 brn\n|move|p1a: Chimecho|Recover|p1a: Chimecho\n|-heal|p1a: Chimecho|278/290 brn\n|\n|-heal|p1a: Chimecho|290/290 brn|[from] item: Leftovers\n|-damage|p1a: Chimecho|272/290 brn|[from] brn\n|upkeep\n|turn|24\n|inactive|Time left: 300 sec this turn | 300 sec total\n|\n|t:|1783562049\n|move|p2a: Arcanine|Flare Blitz|p1a: Chimecho\n|-damage|p1a: Chimecho|188/290 brn\n|move|p1a: Chimecho|Stored Power|p2a: Arcanine\n|-damage|p2a: Arcanine|67/100\n|\n|-heal|p1a: Chimecho|206/290 brn|[from] item: Leftovers\n|-damage|p1a: Chimecho|188/290 brn|[from] brn\n|upkeep\n|turn|25\n|inactive|Time left: 300 sec this turn | 300 sec total\n|\n|t:|1783562050\n|move|p2a: Arcanine|Flare Blitz|p1a: Chimecho\n|-damage|p1a: Chimecho|110/290 brn\n|move|p1a: Chimecho|Recover|p1a: Chimecho\n|-heal|p1a: Chimecho|255/290 brn\n|\n|-heal|p1a: Chimecho|273/290 brn|[from] item: Leftovers\n|-damage|p1a: Chimecho|255/290 brn|[from] brn\n|upkeep\n|turn|26\n|inactive|Time left: 300 sec this turn | 300 sec total\n|\n|t:|1783562051\n|move|p2a: Arcanine|Flare Blitz|p1a: Chimecho\n|-crit|p1a: Chimecho\n|-damage|p1a: Chimecho|54/290 brn\n|move|p1a: Chimecho|Cosmic Power|p1a: Chimecho\n|-boost|p1a: Chimecho|def|1\n|-boost|p1a: Chimecho|spd|1\n|\n|-heal|p1a: Chimecho|72/290 brn|[from] item: Leftovers\n|-damage|p1a: Chimecho|54/290 brn|[from] brn\n|upkeep\n|turn|27\n|inactive|Time left: 300 sec this turn | 300 sec total\n|\n|t:|1783562053\n|move|p2a: Arcanine|Flare Blitz|p1a: Chimecho\n|-damage|p1a: Chimecho|0 fnt\n|faint|p1a: Chimecho\n|\n|upkeep\n|inactive|Time left: 300 sec this turn | 300 sec total | 5 sec grace\n|\n|t:|1783562054\n|switch|p1a: Dialga|Dialga-Origin, L73|266/266\n|-ability|p1a: Dialga|Pressure\n|turn|28\n|inactive|Time left: 300 sec this turn | 300 sec total\n|\n|t:|1783562055\n|move|p2a: Arcanine|Flare Blitz|p1a: Dialga\n|-damage|p1a: Dialga|149/266\n|-status|p1a: Dialga|brn\n|move|p1a: Dialga|Thunder Wave|p2a: Arcanine\n|-status|p2a: Arcanine|par\n|\n|-damage|p1a: Dialga|133/266 brn|[from] brn\n|upkeep\n|turn|29\n|inactive|Time left: 300 sec this turn | 300 sec total\n|\n|t:|1783562056\n|move|p1a: Dialga|Draco Meteor|p2a: Arcanine|[miss]\n|-miss|p1a: Dialga|p2a: Arcanine\n|move|p2a: Arcanine|Flare Blitz|p1a: Dialga\n|-damage|p1a: Dialga|27/266 brn\n|\n|-damage|p1a: Dialga|11/266 brn|[from] brn\n|upkeep\n|turn|30\n|inactive|Time left: 300 sec this turn | 300 sec total\n|\n|t:|1783562056\n|-terastallize|p1a: Dialga|Steel\n|move|p2a: Arcanine|Extreme Speed|p1a: Dialga\n|-resisted|p1a: Dialga\n|-damage|p1a: Dialga|0 fnt\n|faint|p1a: Dialga\n|\n|win|p0y1903b84a", "uploadtime": 1783562056, "views": 0, "rating": 0, "private": 0, "password": null, "_winner": "p0y1903b84a", "_our_name": "p0x19034a77"}