{"id": "battle-gen9randombattle-2392", "formatid": "gen9randombattle", "format": "[Gen 9] Random Battle", "players": ["p0x23922dde", "p0y23924a5e"], "log": "|init|battle\n|title|p0x23922dde vs. p0y23924a5e\n|j|\u2606p0x23922dde\n|j|\u2606p0y23924a5e\n|t:|1783566763\n|gametype|singles\n|player|p1|p0x23922dde|266|\n|player|p2|p0y23924a5e|102|\n|gen|9\n|tier|[Gen 9] Random Battle\n|rule|Species Clause: Limit one of each Pok\u00e9mon\n|rule|HP Percentage Mod: HP is shown in percentages\n|rule|Sleep Clause Mod: Limit one foe put to sleep\n|rule|Illusion Level Mod: Illusion disguises the Pok\u00e9mon's true level\n|\n|t:|1783566763\n|teamsize|p1|6\n|teamsize|p2|6\n|start\n|switch|p1a: Hippowdon|Hippowdon, L82, F|311/311\n|switch|p2a: Indeedee|Indeedee, L84, M|100/100\n|-fieldstart|move: Psychic Terrain|[from] ability: Psychic Surge|[of] p2a: Indeedee\n|-weather|Sandstorm|[from] ability: Sand Stream|[of] p1a: Hippowdon\n|turn|1\n|inactive|Battle timer is ON: inactive players will automatically lose when time's up. (requested by p0y23924a5e)\n|inactive|Time left: 300 sec this turn | 300 sec total | 60 sec grace\n|inactive|p0x23922dde also wants the timer to be on.\n|\n|t:|1783566764\n|-terastallize|p2a: Indeedee|Psychic\n|move|p2a: Indeedee|Expanding Force|p1a: Hippowdon\n|-damage|p1a: Hippowdon|0 fnt\n|faint|p1a: Hippowdon\n|-damage|p2a: Indeedee|91/100|[from] item: Life Orb\n|\n|-weather|Sandstorm|[upkeep]\n|-damage|p2a: Indeedee|85/100|[from] Sandstorm\n|upkeep\n|inactive|Time left: 300 sec this turn | 300 sec total | 65 sec grace\n|\n|t:|1783566765\n|switch|p1a: Roaring Moon|Roaring Moon, L72|270/270\n|-enditem|p1a: Roaring Moon|Booster Energy\n|-activate|p1a: Roaring Moon|ability: Protosynthesis|[fromitem]\n|-start|p1a: Roaring Moon|protosynthesisatk\n|turn|2\n|inactive|Time left: 300 sec this turn | 300 sec total\n|\n|t:|1783566766\n|switch|p2a: Arceus|Arceus-Fairy, L69|100/100\n|move|p1a: Roaring Moon|Outrage|p2a: Arceus\n|-immune|p2a: Arceus\n|\n|-weather|Sandstorm|[upkeep]\n|-damage|p1a: Roaring Moon|254/270|[from] Sandstorm\n|-damage|p2a: Arceus|94/100|[from] Sandstorm\n|upkeep\n|turn|3\n|inactive|Time left: 300 sec this turn | 300 sec total\n|\n|t:|1783566767\n|-terastallize|p1a: Roaring Moon|Steel\n|move|p1a: Roaring Moon|Dragon Dance|p1a: Roaring Moon\n|-boost|p1a: Roaring Moon|atk|1\n|-boost|p1a: Roaring Moon|spe|1\n|move|p2a: Arceus|Calm Mind|p2a: Arceus\n|-boost|p2a: Arceus|spa|1\n|-boost|p2a: Arceus|spd|1\n|\n|-weather|Sandstorm|[upkeep]\n|-damage|p2a: Arceus|88/100|[from] Sandstorm\n|upkeep\n|turn|4\n|inactive|Time left: 300 sec this turn | 300 sec total\n|\n|t:|1783566768\n|move|p1a: Roaring Moon|Iron Head|p2a: Arceus\n|-supereffective|p2a: Arceus\n|-damage|p2a: Arceus|0 fnt\n|faint|p2a: Arceus\n|\n|-weather|Sandstorm|[upkeep]\n|upkeep\n|\n|t:|1783566769\n|switch|p2a: Haxorus|Haxorus, L77, F|100/100\n|-ability|p2a: Haxorus|Mold Breaker\n|turn|5\n|inactive|Time left: 300 sec this turn | 300 sec total\n|\n|t:|1783566770\n|move|p1a: Roaring Moon|Outrage|p2a: Haxorus\n|-supereffective|p2a: Haxorus\n|-damage|p2a: Haxorus|0 fnt\n|faint|p2a: Haxorus\n|\n|-weather|none\n|-fieldend|move: Psychic Terrain\n|upkeep\n|\n|t:|1783566771\n|switch|p2a: Greedent|Greedent, L86, M|100/100\n|turn|6\n|inactive|Time left: 300 sec this turn | 300 sec total\n|\n|t:|1783566771\n|move|p1a: Roaring Moon|Outrage|p2a: Greedent|[from] lockedmove\n|-damage|p2a: Greedent|35/100\n|-enditem|p2a: Greedent|Sitrus Berry|[eat]\n|-heal|p2a: Greedent|60/100|[from] item: Sitrus Berry\n|-heal|p2a: Greedent|93/100|[from] ability: Cheek Pouch\n|-start|p1a: Roaring Moon|confusion|[fatigue]\n|move|p2a: Greedent|Earthquake|p1a: Roaring Moon\n|-supereffective|p1a: Roaring Moon\n|-damage|p1a: Roaring Moon|56/270\n|\n|upkeep\n|turn|7\n|inactive|Time left: 300 sec this turn | 300 sec total\n|\n|t:|1783566772\n|-activate|p1a: Roaring Moon|confusion\n|-damage|p1a: Roaring Moon|0 fnt|[from] confusion\n|faint|p1a: Roaring Moon\n|-end|p1a: Roaring Moon|Protosynthesis|[silent]\n|move|p2a: Greedent|Earthquake|p1: Roaring Moon|[notarget]\n|-fail|p2a: Greedent\n|\n|upkeep\n|inactive|Time left: 300 sec this turn | 300 sec total | 5 sec grace\n|\n|t:|1783566773\n|switch|p1a: Kyurem|Kyurem-White, L73|303/303\n|-ability|p1a: Kyurem|Turboblaze\n|turn|8\n|inactive|Time left: 300 sec this turn | 300 sec total\n|\n|t:|1783566774\n|move|p1a: Kyurem|Ice Beam|p2a: Greedent\n|-damage|p2a: Greedent|34/100\n|move|p2a: Greedent|Swords Dance|p2a: Greedent\n|-boost|p2a: Greedent|atk|2\n|\n|upkeep\n|turn|9\n|inactive|Time left: 300 sec this turn | 300 sec total\n|\n|t:|1783566775\n|move|p1a: Kyurem|Ice Beam|p2a: Greedent\n|-damage|p2a: Greedent|0 fnt\n|faint|p2a: Greedent\n|\n|upkeep\n|\n|t:|1783566776\n|switch|p2a: Indeedee|Indeedee, L84, M, tera:Psychic|85/100\n|-fieldstart|move: Psychic Terrain|[from] ability: Psychic Surge|[of] p2a: Indeedee\n|turn|10\n|inactive|Time left: 300 sec this turn | 300 sec total\n|\n|t:|1783566777\n|switch|p1a: Brute Bonnet|Brute Bonnet, L80|309/309\n|move|p2a: Indeedee|Expanding Force|p1a: Brute Bonnet\n|-immune|p1a: Brute Bonnet\n|\n|upkeep\n|turn|11\n|inactive|Time left: 300 sec this turn | 300 sec total\n|\n|t:|1783566779\n|move|p2a: Indeedee|Hyper Voice|p1a: Brute Bonnet\n|-damage|p1a: Brute Bonnet|180/309\n|-damage|p2a: Indeedee|75/100|[from] item: Life Orb\n|move|p1a: Brute Bonnet|Crunch|p2a: Indeedee\n|-supereffective|p2a: Indeedee\n|-damage|p2a: Indeedee|0 fnt\n|faint|p2a: Indeedee\n|\n|-heal|p1a: Brute Bonnet|199/309|[from] item: Leftovers\n|upkeep\n|\n|t:|1783566780\n|switch|p2a: Weavile|Weavile, L79, F|100/100\n|turn|12\n|inactive|Time left: 300 sec this turn | 300 sec total\n|\n|t:|1783566781\n|move|p2a: Weavile|Triple Axel|p1a: Brute Bonnet\n|-supereffective|p1a: Brute Bonnet\n|-damage|p1a: Brute Bonnet|137/309\n|-supereffective|p1a: Brute Bonnet\n|-damage|p1a: Brute Bonnet|11/309\n|-supereffective|p1a: Brute Bonnet\n|-damage|p1a: Brute Bonnet|0 fnt\n|faint|p1a: Brute Bonnet\n|-end|p1a: Brute Bonnet|Protosynthesis|[silent]\n|-hitcount|p1: Brute Bonnet|3\n|\n|upkeep\n|inactive|Time left: 300 sec this turn | 300 sec total | 5 sec grace\n|\n|t:|1783566781\n|switch|p1a: Ninetales|Ninetales, L85, M|263/263\n|-weather|SunnyDay|[from] ability: Drought|[of] p1a: Ninetales\n|turn|13\n|inactive|Time left: 300 sec this turn | 300 sec total\n|\n|t:|1783566783\n|move|p2a: Weavile|Triple Axel|p1a: Ninetales|[miss]\n|-miss|p2a: Weavile|p1a: Ninetales\n|move|p1a: Ninetales|Fire Blast|p2a: Weavile|[miss]\n|-miss|p1a: Ninetales|p2a: Weavile\n|\n|-weather|SunnyDay|[upkeep]\n|upkeep\n|turn|14\n|inactive|Time left: 300 sec this turn | 300 sec total\n|\n|t:|1783566784\n|move|p2a: Weavile|Triple Axel|p1a: Ninetales\n|-resisted|p1a: Ninetales\n|-damage|p1a: Ninetales|246/263\n|-resisted|p1a: Ninetales\n|-damage|p1a: Ninetales|209/263\n|-resisted|p1a: Ninetales\n|-damage|p1a: Ninetales|151/263\n|-hitcount|p1a: Ninetales|3\n|move|p1a: Ninetales|Fire Blast|p2a: Weavile|[miss]\n|-miss|p1a: Ninetales|p2a: Weavile\n|\n|-weather|SunnyDay|[upkeep]\n|-fieldend|move: Psychic Terrain\n|upkeep\n|turn|15\n|inactive|Time left: 300 sec this turn | 300 sec total\n|\n|t:|1783566785\n|switch|p2a: Klawf|Klawf, L90, M|100/100\n|move|p1a: Ninetales|Fire Blast|p2a: Klawf\n|-resisted|p2a: Klawf\n|-damage|p2a: Klawf|62/100\n|\n|-weather|SunnyDay|[upkeep]\n|upkeep\n|turn|16\n|inactive|Time left: 300 sec this turn | 300 sec total\n|\n|t:|1783566786\n|move|p1a: Ninetales|Solar Beam||[still]\n|-prepare|p1a: Ninetales|Solar Beam\n|-anim|p1a: Ninetales|Solar Beam|p2a: Klawf\n|-supereffective|p2a: Klawf\n|-damage|p2a: Klawf|0 fnt\n|faint|p2a: Klawf\n|\n|-weather|SunnyDay|[upkeep]\n|upkeep\n|\n|t:|1783566787\n|switch|p2a: Weavile|Weavile, L79, F|100/100\n|turn|17\n|inactive|Time left: 300 sec this turn | 300 sec total\n|\n|t:|1783566788\n|move|p2a: Weavile|Knock Off|p1a: Ninetales\n|-damage|p1a: Ninetales|0 fnt\n|-enditem|p1a: Ninetales|Heavy-Duty Boots|[from] move: Knock Off|[of] p2a: Weavile\n|faint|p1a: Ninetales\n|\n|-weather|none\n|upkeep\n|inactive|Time left: 300 sec this turn | 300 sec total | 5 sec grace\n|\n|t:|1783566789\n|switch|p1a: Houndstone|Houndstone, L86, F|264/264\n|turn|18\n|inactive|Time left: 300 sec this turn | 300 sec total\n|\n|t:|1783566790\n|move|p2a: Weavile|Knock Off|p1a: Houndstone\n|-supereffective|p1a: Houndstone\n|-damage|p1a: Houndstone|120/264\n|-enditem|p1a: Houndstone|Leftovers|[from] move: Knock Off|[of] p2a: Weavile\n|move|p1a: Houndstone|Body Press|p2a: Weavile\n|-supereffective|p2a: Weavile\n|-damage|p2a: Weavile|0 fnt\n|faint|p2a: Weavile\n|\n|win|p0x23922dde", "uploadtime": 1783566790, "views": 0, "rating": 0, "private": 0, "password": null, "_winner": "p0x23922dde", "_our_name": "p0x23922dde"}