{"id": "battle-gen9randombattle-1731", "formatid": "gen9randombattle", "format": "[Gen 9] Random Battle", "players": ["p0x1731a5f5", "p0y17311b35"], "log": "|init|battle\n|title|p0x1731a5f5 vs. p0y17311b35\n|j|\u2606p0x1731a5f5\n|j|\u2606p0y17311b35\n|t:|1783560017\n|gametype|singles\n|player|p1|p0x1731a5f5|102|\n|player|p2|p0y17311b35|2|\n|gen|9\n|tier|[Gen 9] Random Battle\n|rule|Species Clause: Limit one of each Pok\u00e9mon\n|rule|HP Percentage Mod: HP is shown in percentages\n|rule|Sleep Clause Mod: Limit one foe put to sleep\n|rule|Illusion Level Mod: Illusion disguises the Pok\u00e9mon's true level\n|\n|t:|1783560017\n|teamsize|p1|6\n|teamsize|p2|6\n|start\n|switch|p1a: Farigiraf|Farigiraf, L90, F|362/362\n|switch|p2a: Torterra|Torterra, L78, M|100/100\n|turn|1\n|inactive|Battle timer is ON: inactive players will automatically lose when time's up. (requested by p0x1731a5f5)\n|inactive|p0y17311b35 also wants the timer to be on.\n|\n|t:|1783560018\n|move|p1a: Farigiraf|Body Slam|p2a: Torterra\n|-damage|p2a: Torterra|66/100\n|move|p2a: Torterra|Shell Smash|p2a: Torterra\n|-unboost|p2a: Torterra|def|1\n|-unboost|p2a: Torterra|spd|1\n|-boost|p2a: Torterra|atk|2\n|-boost|p2a: Torterra|spa|2\n|-boost|p2a: Torterra|spe|2\n|\n|upkeep\n|turn|2\n|inactive|Time left: 300 sec this turn | 300 sec total\n|\n|t:|1783560020\n|move|p2a: Torterra|Rock Blast|p1a: Farigiraf\n|-damage|p1a: Farigiraf|325/362\n|-damage|p1a: Farigiraf|289/362\n|-damage|p1a: Farigiraf|248/362\n|-damage|p1a: Farigiraf|209/362\n|-hitcount|p1a: Farigiraf|4\n|move|p1a: Farigiraf|Body Slam|p2a: Torterra\n|-damage|p2a: Torterra|13/100\n|\n|-heal|p1a: Farigiraf|231/362|[from] item: Leftovers\n|upkeep\n|turn|3\n|inactive|Time left: 300 sec this turn | 300 sec total\n|\n|t:|1783560021\n|move|p1a: Farigiraf|Protect|p1a: Farigiraf\n|-singleturn|p1a: Farigiraf|Protect\n|move|p2a: Torterra|Headlong Rush|p1a: Farigiraf\n|-activate|p1a: Farigiraf|move: Protect\n|\n|-heal|p1a: Farigiraf|253/362|[from] item: Leftovers\n|upkeep\n|turn|4\n|inactive|Time left: 300 sec this turn | 300 sec total\n|\n|t:|1783560022\n|move|p1a: Farigiraf|Protect|p1a: Farigiraf\n|-singleturn|p1a: Farigiraf|Protect\n|move|p2a: Torterra|Headlong Rush|p1a: Farigiraf\n|-activate|p1a: Farigiraf|move: Protect\n|\n|-heal|p1a: Farigiraf|275/362|[from] item: Leftovers\n|upkeep\n|turn|5\n|inactive|Time left: 300 sec this turn | 300 sec total\n|\n|t:|1783560023\n|-terastallize|p2a: Torterra|Ground\n|move|p2a: Torterra|Headlong Rush|p1a: Farigiraf\n|-damage|p1a: Farigiraf|0 fnt\n|-unboost|p2a: Torterra|def|1\n|-unboost|p2a: Torterra|spd|1\n|faint|p1a: Farigiraf\n|\n|upkeep\n|inactive|Time left: 300 sec this turn | 300 sec total | 5 sec grace\n|\n|t:|1783560024\n|switch|p1a: Dunsparce|Dunsparce, L86, F|312/312\n|turn|6\n|inactive|Time left: 300 sec this turn | 300 sec total\n|\n|t:|1783560025\n|move|p2a: Torterra|Headlong Rush|p1a: Dunsparce\n|-damage|p1a: Dunsparce|78/312\n|-unboost|p2a: Torterra|def|1\n|-unboost|p2a: Torterra|spd|1\n|move|p1a: Dunsparce|Body Slam|p2a: Torterra\n|-damage|p2a: Torterra|0 fnt\n|faint|p2a: Torterra\n|\n|upkeep\n|\n|t:|1783560026\n|switch|p2a: Whiscash|Whiscash, L88, M|100/100\n|turn|7\n|inactive|Time left: 300 sec this turn | 300 sec total\n|\n|t:|1783560027\n|switch|p1a: Glalie|Glalie, L96, F|309/309\n|move|p2a: Whiscash|Liquidation|p1a: Glalie\n|-damage|p1a: Glalie|206/309\n|-damage|p2a: Whiscash|91/100|[from] item: Life Orb\n|\n|upkeep\n|turn|8\n|inactive|Time left: 300 sec this turn | 300 sec total\n|\n|t:|1783560028\n|switch|p2a: Glaceon|Glaceon, L94, F|100/100\n|move|p1a: Glalie|Freeze-Dry|p2a: Glaceon\n|-resisted|p2a: Glaceon\n|-damage|p2a: Glaceon|87/100\n|\n|upkeep\n|turn|9\n|inactive|Time left: 300 sec this turn | 300 sec total\n|\n|t:|1783560030\n|move|p1a: Glalie|Freeze-Dry|p2a: Glaceon\n|-resisted|p2a: Glaceon\n|-crit|p2a: Glaceon\n|-damage|p2a: Glaceon|67/100\n|move|p2a: Glaceon|Freeze-Dry|p1a: Glalie\n|-resisted|p1a: Glalie\n|-damage|p1a: Glalie|152/309\n|\n|upkeep\n|turn|10\n|inactive|Time left: 300 sec this turn | 300 sec total\n|\n|t:|1783560031\n|move|p1a: Glalie|Earthquake|p2a: Glaceon\n|-crit|p2a: Glaceon\n|-damage|p2a: Glaceon|31/100\n|move|p2a: Glaceon|Freeze-Dry|p1a: Glalie\n|-resisted|p1a: Glalie\n|-damage|p1a: Glalie|95/309\n|\n|upkeep\n|turn|11\n|inactive|Time left: 300 sec this turn | 300 sec total\n|\n|t:|1783560032\n|move|p1a: Glalie|Earthquake|p2a: Glaceon\n|-damage|p2a: Glaceon|9/100\n|move|p2a: Glaceon|Wish|p2a: Glaceon\n|\n|upkeep\n|turn|12\n|inactive|Time left: 300 sec this turn | 300 sec total\n|\n|t:|1783560033\n|move|p2a: Glaceon|Protect|p2a: Glaceon\n|-singleturn|p2a: Glaceon|Protect\n|move|p1a: Glalie|Freeze-Dry|p2a: Glaceon\n|-activate|p2a: Glaceon|move: Protect\n|\n|-heal|p2a: Glaceon|59/100|[from] move: Wish|[wisher] Glaceon\n|upkeep\n|turn|13\n|inactive|Time left: 300 sec this turn | 300 sec total\n|\n|t:|1783560033\n|move|p1a: Glalie|Earthquake|p2a: Glaceon\n|-damage|p2a: Glaceon|35/100\n|move|p2a: Glaceon|Freeze-Dry|p1a: Glalie\n|-resisted|p1a: Glalie\n|-damage|p1a: Glalie|36/309\n|\n|upkeep\n|turn|14\n|inactive|Time left: 300 sec this turn | 300 sec total\n|\n|t:|1783560035\n|move|p1a: Glalie|Spikes|p2a: Glaceon\n|-sidestart|p2: p0y17311b35|Spikes\n|move|p2a: Glaceon|Freeze-Dry|p1a: Glalie\n|-resisted|p1a: Glalie\n|-damage|p1a: Glalie|0 fnt\n|faint|p1a: Glalie\n|\n|upkeep\n|inactive|Time left: 300 sec this turn | 300 sec total | 5 sec grace\n|\n|t:|1783560035\n|switch|p1a: Excadrill|Excadrill, L79, M|303/303\n|-ability|p1a: Excadrill|Mold Breaker\n|turn|15\n|inactive|Time left: 300 sec this turn | 300 sec total\n|\n|t:|1783560036\n|move|p1a: Excadrill|Iron Head|p2a: Glaceon\n|-supereffective|p2a: Glaceon\n|-damage|p2a: Glaceon|0 fnt\n|faint|p2a: Glaceon\n|\n|upkeep\n|\n|t:|1783560037\n|switch|p2a: Whiscash|Whiscash, L88, M|91/100\n|-damage|p2a: Whiscash|78/100|[from] Spikes\n|turn|16\n|inactive|Time left: 300 sec this turn | 300 sec total\n|\n|t:|1783560038\n|-terastallize|p1a: Excadrill|Water\n|move|p1a: Excadrill|Swords Dance|p1a: Excadrill\n|-boost|p1a: Excadrill|atk|2\n|move|p2a: Whiscash|Dragon Dance|p2a: Whiscash\n|-boost|p2a: Whiscash|atk|1\n|-boost|p2a: Whiscash|spe|1\n|\n|upkeep\n|turn|17\n|inactive|Time left: 300 sec this turn | 300 sec total\n|\n|t:|1783560039\n|move|p2a: Whiscash|Earthquake|p1a: Excadrill\n|-damage|p1a: Excadrill|29/303\n|-damage|p2a: Whiscash|68/100|[from] item: Life Orb\n|move|p1a: Excadrill|Earthquake|p2a: Whiscash\n|-damage|p2a: Whiscash|0 fnt\n|faint|p2a: Whiscash\n|\n|-heal|p1a: Excadrill|47/303|[from] item: Leftovers\n|upkeep\n|\n|t:|1783560040\n|switch|p2a: Calyrex|Calyrex-Shadow, L64|100/100\n|-ability|p2a: Calyrex|As One\n|-ability|p2a: Calyrex|Unnerve\n|-damage|p2a: Calyrex|88/100|[from] Spikes\n|turn|18\n|inactive|Time left: 300 sec this turn | 300 sec total\n|\n|t:|1783560040\n|switch|p1a: Raikou|Raikou, L81|278/278\n|-ability|p1a: Raikou|Pressure\n|move|p2a: Calyrex|Psyshock|p1a: Raikou\n|-damage|p1a: Raikou|151/278\n|\n|upkeep\n|turn|19\n|inactive|Time left: 300 sec this turn | 300 sec total\n|\n|t:|1783560041\n|move|p1a: Raikou|Thunderbolt|p2a: Calyrex\n|-damage|p2a: Calyrex|37/100\n|move|p2a: Calyrex|Psyshock|p1a: Raikou\n|-damage|p1a: Raikou|6/278\n|\n|upkeep\n|turn|20\n|inactive|Time left: 300 sec this turn | 300 sec total\n|\n|t:|1783560042\n|move|p1a: Raikou|Thunderbolt|p2a: Calyrex\n|-crit|p2a: Calyrex\n|-damage|p2a: Calyrex|0 fnt\n|faint|p2a: Calyrex\n|\n|upkeep\n|\n|t:|1783560043\n|switch|p2a: Palafin|Palafin, L77, M|100/100\n|-damage|p2a: Palafin|88/100|[from] Spikes\n|turn|21\n|inactive|Time left: 300 sec this turn | 300 sec total\n|\n|t:|1783560044\n|move|p2a: Palafin|Jet Punch|p1a: Raikou\n|-crit|p1a: Raikou\n|-damage|p1a: Raikou|0 fnt\n|faint|p1a: Raikou\n|\n|-heal|p2a: Palafin|94/100|[from] item: Leftovers\n|upkeep\n|inactive|Time left: 300 sec this turn | 300 sec total | 5 sec grace\n|\n|t:|1783560045\n|switch|p1a: Dunsparce|Dunsparce, L86, F|78/312\n|turn|22\n|inactive|Time left: 300 sec this turn | 300 sec total\n|\n|t:|1783560045\n|move|p2a: Palafin|Bulk Up|p2a: Palafin\n|-boost|p2a: Palafin|atk|1\n|-boost|p2a: Palafin|def|1\n|move|p1a: Dunsparce|Roost|p1a: Dunsparce\n|-heal|p1a: Dunsparce|234/312\n|-singleturn|p1a: Dunsparce|move: Roost\n|\n|-heal|p2a: Palafin|99/100|[from] item: Leftovers\n|upkeep\n|turn|23\n|inactive|Time left: 300 sec this turn | 300 sec total\n|\n|t:|1783560046\n|move|p2a: Palafin|Bulk Up|p2a: Palafin\n|-boost|p2a: Palafin|atk|1\n|-boost|p2a: Palafin|def|1\n|move|p1a: Dunsparce|Coil|p1a: Dunsparce\n|-boost|p1a: Dunsparce|atk|1\n|-boost|p1a: Dunsparce|def|1\n|-boost|p1a: Dunsparce|accuracy|1\n|\n|-heal|p2a: Palafin|100/100|[from] item: Leftovers\n|upkeep\n|turn|24\n|inactive|Time left: 300 sec this turn | 300 sec total\n|\n|t:|1783560047\n|move|p2a: Palafin|Bulk Up|p2a: Palafin\n|-boost|p2a: Palafin|atk|1\n|-boost|p2a: Palafin|def|1\n|move|p1a: Dunsparce|Coil|p1a: Dunsparce\n|-boost|p1a: Dunsparce|atk|1\n|-boost|p1a: Dunsparce|def|1\n|-boost|p1a: Dunsparce|accuracy|1\n|\n|upkeep\n|turn|25\n|inactive|Time left: 300 sec this turn | 300 sec total\n|\n|t:|1783560048\n|move|p2a: Palafin|Bulk Up|p2a: Palafin\n|-boost|p2a: Palafin|atk|1\n|-boost|p2a: Palafin|def|1\n|move|p1a: Dunsparce|Coil|p1a: Dunsparce\n|-boost|p1a: Dunsparce|atk|1\n|-boost|p1a: Dunsparce|def|1\n|-boost|p1a: Dunsparce|accuracy|1\n|\n|upkeep\n|turn|26\n|inactive|Time left: 300 sec this turn | 300 sec total\n|\n|t:|1783560049\n|move|p2a: Palafin|Bulk Up|p2a: Palafin\n|-boost|p2a: Palafin|atk|1\n|-boost|p2a: Palafin|def|1\n|move|p1a: Dunsparce|Coil|p1a: Dunsparce\n|-boost|p1a: Dunsparce|atk|1\n|-boost|p1a: Dunsparce|def|1\n|-boost|p1a: Dunsparce|accuracy|1\n|\n|upkeep\n|turn|27\n|inactive|Time left: 300 sec this turn | 300 sec total\n|\n|t:|1783560050\n|move|p2a: Palafin|Wave Crash|p1a: Dunsparce\n|-damage|p1a: Dunsparce|164/312\n|-damage|p2a: Palafin|92/100|[from] Recoil\n|move|p1a: Dunsparce|Body Slam|p2a: Palafin\n|-damage|p2a: Palafin|62/100\n|\n|-heal|p2a: Palafin|68/100|[from] item: Leftovers\n|upkeep\n|turn|28\n|inactive|Time left: 300 sec this turn | 300 sec total\n|\n|t:|1783560051\n|move|p2a: Palafin|Drain Punch|p1a: Dunsparce\n|-supereffective|p1a: Dunsparce\n|-damage|p1a: Dunsparce|98/312\n|-heal|p2a: Palafin|80/100|[from] drain|[of] p1a: Dunsparce\n|move|p1a: Dunsparce|Roost|p1a: Dunsparce\n|-heal|p1a: Dunsparce|254/312\n|-singleturn|p1a: Dunsparce|move: Roost\n|\n|-heal|p2a: Palafin|86/100|[from] item: Leftovers\n|upkeep\n|turn|29\n|inactive|Time left: 300 sec this turn | 300 sec total\n|\n|t:|1783560052\n|move|p2a: Palafin|Drain Punch|p1a: Dunsparce\n|-supereffective|p1a: Dunsparce\n|-damage|p1a: Dunsparce|194/312\n|-heal|p2a: Palafin|97/100|[from] drain|[of] p1a: Dunsparce\n|move|p1a: Dunsparce|Body Slam|p2a: Palafin\n|-damage|p2a: Palafin|67/100\n|-status|p2a: Palafin|par\n|\n|-heal|p2a: Palafin|73/100 par|[from] item: Leftovers\n|upkeep\n|turn|30\n|inactive|Time left: 300 sec this turn | 300 sec total\n|\n|t:|1783560053\n|move|p1a: Dunsparce|Body Slam|p2a: Palafin\n|-damage|p2a: Palafin|43/100 par\n|move|p2a: Palafin|Drain Punch|p1a: Dunsparce\n|-supereffective|p1a: Dunsparce\n|-damage|p1a: Dunsparce|128/312\n|-heal|p2a: Palafin|55/100 par|[from] drain|[of] p1a: Dunsparce\n|\n|-heal|p2a: Palafin|61/100 par|[from] item: Leftovers\n|upkeep\n|turn|31\n|inactive|Time left: 300 sec this turn | 300 sec total\n|\n|t:|1783560054\n|move|p1a: Dunsparce|Roost|p1a: Dunsparce\n|-heal|p1a: Dunsparce|284/312\n|-singleturn|p1a: Dunsparce|move: Roost\n|move|p2a: Palafin|Drain Punch|p1a: Dunsparce\n|-supereffective|p1a: Dunsparce\n|-damage|p1a: Dunsparce|218/312\n|-heal|p2a: Palafin|72/100 par|[from] drain|[of] p1a: Dunsparce\n|\n|-heal|p2a: Palafin|78/100 par|[from] item: Leftovers\n|upkeep\n|turn|32\n|inactive|Time left: 300 sec this turn | 300 sec total\n|\n|t:|1783560055\n|move|p1a: Dunsparce|Body Slam|p2a: Palafin\n|-damage|p2a: Palafin|47/100 par\n|move|p2a: Palafin|Drain Punch|p1a: Dunsparce\n|-supereffective|p1a: Dunsparce\n|-damage|p1a: Dunsparce|158/312\n|-heal|p2a: Palafin|58/100 par|[from] drain|[of] p1a: Dunsparce\n|\n|-heal|p2a: Palafin|64/100 par|[from] item: Leftovers\n|upkeep\n|turn|33\n|inactive|Time left: 300 sec this turn | 300 sec total\n|\n|t:|1783560056\n|move|p1a: Dunsparce|Body Slam|p2a: Palafin\n|-damage|p2a: Palafin|38/100 par\n|cant|p2a: Palafin|par\n|\n|-heal|p2a: Palafin|44/100 par|[from] item: Leftovers\n|upkeep\n|turn|34\n|inactive|Time left: 300 sec this turn | 300 sec total\n|\n|t:|1783560058\n|move|p1a: Dunsparce|Body Slam|p2a: Palafin\n|-damage|p2a: Palafin|17/100 par\n|move|p2a: Palafin|Drain Punch|p1a: Dunsparce\n|-supereffective|p1a: Dunsparce\n|-damage|p1a: Dunsparce|90/312\n|-heal|p2a: Palafin|29/100 par|[from] drain|[of] p1a: Dunsparce\n|\n|-heal|p2a: Palafin|35/100 par|[from] item: Leftovers\n|upkeep\n|turn|35\n|inactive|Time left: 300 sec this turn | 300 sec total\n|\n|t:|1783560059\n|move|p1a: Dunsparce|Roost|p1a: Dunsparce\n|-heal|p1a: Dunsparce|246/312\n|-singleturn|p1a: Dunsparce|move: Roost\n|move|p2a: Palafin|Drain Punch|p1a: Dunsparce\n|-supereffective|p1a: Dunsparce\n|-damage|p1a: Dunsparce|176/312\n|-heal|p2a: Palafin|47/100 par|[from] drain|[of] p1a: Dunsparce\n|\n|-heal|p2a: Palafin|53/100 par|[from] item: Leftovers\n|upkeep\n|turn|36\n|inactive|Time left: 300 sec this turn | 300 sec total\n|\n|t:|1783560060\n|move|p1a: Dunsparce|Body Slam|p2a: Palafin\n|-damage|p2a: Palafin|26/100 par\n|cant|p2a: Palafin|par\n|\n|-heal|p2a: Palafin|33/100 par|[from] item: Leftovers\n|upkeep\n|turn|37\n|inactive|Time left: 300 sec this turn | 300 sec total\n|\n|t:|1783560060\n|move|p1a: Dunsparce|Body Slam|p2a: Palafin\n|-damage|p2a: Palafin|4/100 par\n|cant|p2a: Palafin|par\n|\n|-heal|p2a: Palafin|10/100 par|[from] item: Leftovers\n|upkeep\n|turn|38\n|inactive|Time left: 300 sec this turn | 300 sec total\n|\n|t:|1783560061\n|move|p2a: Palafin|Jet Punch|p1a: Dunsparce\n|-damage|p1a: Dunsparce|137/312\n|move|p1a: Dunsparce|Earthquake|p2a: Palafin\n|-damage|p2a: Palafin|0 fnt\n|faint|p2a: Palafin\n|\n|upkeep\n|\n|t:|1783560062\n|switch|p2a: Arbok|Arbok, L87, F|100/100\n|-damage|p2a: Arbok|88/100|[from] Spikes\n|-ability|p2a: Arbok|Intimidate|boost\n|-unboost|p1a: Dunsparce|atk|1\n|turn|39\n|inactive|Time left: 300 sec this turn | 300 sec total\n|\n|t:|1783560063\n|move|p2a: Arbok|Glare|p1a: Dunsparce\n|-status|p1a: Dunsparce|par\n|move|p1a: Dunsparce|Earthquake|p2a: Arbok\n|-supereffective|p2a: Arbok\n|-damage|p2a: Arbok|0 fnt\n|faint|p2a: Arbok\n|\n|win|p0x1731a5f5", "uploadtime": 1783560063, "views": 0, "rating": 0, "private": 0, "password": null, "_winner": "p0x1731a5f5", "_our_name": "p0x1731a5f5"}