{"id": "battle-gen9randombattle-1169", "formatid": "gen9randombattle", "format": "[Gen 9] Random Battle", "players": ["p0x11693d46", "p0y1169f825"], "log": "|init|battle\n|title|p0x11693d46 vs. p0y1169f825\n|j|\u2606p0x11693d46\n|j|\u2606p0y1169f825\n|t:|1783553544\n|gametype|singles\n|player|p1|p0x11693d46|265|\n|player|p2|p0y1169f825|266|\n|gen|9\n|tier|[Gen 9] Random Battle\n|rule|Species Clause: Limit one of each Pok\u00e9mon\n|rule|HP Percentage Mod: HP is shown in percentages\n|rule|Sleep Clause Mod: Limit one foe put to sleep\n|rule|Illusion Level Mod: Illusion disguises the Pok\u00e9mon's true level\n|\n|t:|1783553544\n|teamsize|p1|6\n|teamsize|p2|6\n|start\n|switch|p1a: Espathra|Espathra, L80, M|283/283\n|switch|p2a: Cloyster|Cloyster, L80, M|100/100\n|turn|1\n|inactive|Battle timer is ON: inactive players will automatically lose when time's up. (requested by p0x11693d46)\n|inactive|p0y1169f825 also wants the timer to be on.\n|\n|t:|1783553546\n|move|p1a: Espathra|Dazzling Gleam|p2a: Cloyster\n|-damage|p2a: Cloyster|58/100\n|move|p2a: Cloyster|Shell Smash|p2a: Cloyster\n|-unboost|p2a: Cloyster|def|1\n|-unboost|p2a: Cloyster|spd|1\n|-boost|p2a: Cloyster|atk|2\n|-boost|p2a: Cloyster|spa|2\n|-boost|p2a: Cloyster|spe|2\n|-enditem|p2a: Cloyster|White Herb\n|-clearnegativeboost|p2a: Cloyster|[silent]\n|\n|-ability|p1a: Espathra|Speed Boost|boost\n|-boost|p1a: Espathra|spe|1\n|upkeep\n|turn|2\n|inactive|Time left: 300 sec this turn | 300 sec total\n|\n|t:|1783553547\n|switch|p2a: Polteageist|Polteageist-Antique, L78|100/100\n|-terastallize|p1a: Espathra|Fairy\n|move|p1a: Espathra|Dazzling Gleam|p2a: Polteageist\n|-damage|p2a: Polteageist|69/100\n|-start|p1a: Espathra|Disable|Dazzling Gleam|[from] ability: Cursed Body|[of] p2a: Polteageist\n|\n|-ability|p1a: Espathra|Speed Boost|boost\n|-boost|p1a: Espathra|spe|1\n|upkeep\n|turn|3\n|inactive|Time left: 300 sec this turn | 300 sec total\n|\n|t:|1783553548\n|move|p1a: Espathra|Calm Mind|p1a: Espathra\n|-boost|p1a: Espathra|spa|1\n|-boost|p1a: Espathra|spd|1\n|move|p2a: Polteageist|Strength Sap|p1a: Espathra\n|-unboost|p1a: Espathra|atk|1\n|-heal|p2a: Polteageist|100/100\n|\n|-ability|p1a: Espathra|Speed Boost|boost\n|-boost|p1a: Espathra|spe|1\n|upkeep\n|turn|4\n|inactive|Time left: 300 sec this turn | 300 sec total\n|\n|t:|1783553549\n|switch|p2a: Lapras|Lapras, L87, M|100/100\n|move|p1a: Espathra|Stored Power|p2a: Lapras\n|-damage|p2a: Lapras|58/100\n|\n|-ability|p1a: Espathra|Speed Boost|boost\n|-boost|p1a: Espathra|spe|1\n|upkeep\n|turn|5\n|inactive|Time left: 300 sec this turn | 300 sec total\n|\n|t:|1783553550\n|move|p1a: Espathra|Stored Power|p2a: Lapras\n|-damage|p2a: Lapras|3/100\n|move|p2a: Lapras|Icicle Spear|p1a: Espathra\n|-damage|p1a: Espathra|249/283\n|-damage|p1a: Espathra|215/283\n|-damage|p1a: Espathra|179/283\n|-damage|p1a: Espathra|142/283\n|-damage|p1a: Espathra|106/283\n|-hitcount|p1a: Espathra|5\n|\n|-heal|p1a: Espathra|123/283|[from] item: Leftovers\n|-end|p1a: Espathra|Disable\n|-ability|p1a: Espathra|Speed Boost|boost\n|-boost|p1a: Espathra|spe|1\n|upkeep\n|turn|6\n|inactive|Time left: 300 sec this turn | 300 sec total\n|\n|t:|1783553551\n|move|p1a: Espathra|Stored Power|p2a: Lapras\n|-damage|p2a: Lapras|0 fnt\n|faint|p2a: Lapras\n|\n|-heal|p1a: Espathra|140/283|[from] item: Leftovers\n|-ability|p1a: Espathra|Speed Boost|boost\n|-boost|p1a: Espathra|spe|1\n|upkeep\n|\n|t:|1783553552\n|switch|p2a: Latios|Latios, L78, M|100/100\n|turn|7\n|inactive|Time left: 300 sec this turn | 300 sec total\n|\n|t:|1783553553\n|move|p1a: Espathra|Calm Mind|p1a: Espathra\n|-boost|p1a: Espathra|spa|1\n|-boost|p1a: Espathra|spd|1\n|move|p2a: Latios|Luster Purge|p1a: Espathra\n|-damage|p1a: Espathra|31/283\n|\n|-heal|p1a: Espathra|48/283|[from] item: Leftovers\n|upkeep\n|turn|8\n|inactive|Time left: 300 sec this turn | 300 sec total\n|\n|t:|1783553554\n|-terastallize|p2a: Latios|Psychic\n|move|p1a: Espathra|Dazzling Gleam|p2a: Latios\n|-damage|p2a: Latios|41/100\n|move|p2a: Latios|Luster Purge|p1a: Espathra\n|-damage|p1a: Espathra|0 fnt\n|faint|p1a: Espathra\n|\n|upkeep\n|inactive|Time left: 300 sec this turn | 300 sec total | 5 sec grace\n|\n|t:|1783553555\n|switch|p1a: Archaludon|Archaludon, L78, F|268/268\n|turn|9\n|inactive|Time left: 300 sec this turn | 300 sec total\n|\n|t:|1783553556\n|move|p2a: Latios|Luster Purge|p1a: Archaludon\n|-resisted|p1a: Archaludon\n|-damage|p1a: Archaludon|120/268\n|-ability|p1a: Archaludon|Stamina|boost\n|-boost|p1a: Archaludon|def|1\n|move|p1a: Archaludon|Outrage|p2a: Latios\n|-damage|p2a: Latios|0 fnt\n|faint|p2a: Latios\n|\n|upkeep\n|\n|t:|1783553557\n|switch|p2a: Polteageist|Polteageist-Antique, L78|100/100\n|turn|10\n|inactive|Time left: 300 sec this turn | 300 sec total\n|\n|t:|1783553558\n|move|p1a: Archaludon|Outrage|p2a: Polteageist|[from] lockedmove\n|-damage|p2a: Polteageist|30/100\n|-start|p1a: Archaludon|confusion|[fatigue]\n|-enditem|p1a: Archaludon|Lum Berry|[eat]\n|-end|p1a: Archaludon|confusion\n|move|p2a: Polteageist|Shell Smash|p2a: Polteageist\n|-unboost|p2a: Polteageist|def|1\n|-unboost|p2a: Polteageist|spd|1\n|-boost|p2a: Polteageist|atk|2\n|-boost|p2a: Polteageist|spa|2\n|-boost|p2a: Polteageist|spe|2\n|-enditem|p2a: Polteageist|White Herb\n|-clearnegativeboost|p2a: Polteageist|[silent]\n|\n|upkeep\n|turn|11\n|inactive|Time left: 300 sec this turn | 300 sec total\n|\n|t:|1783553559\n|move|p2a: Polteageist|Shadow Ball|p1a: Archaludon\n|-damage|p1a: Archaludon|0 fnt\n|faint|p1a: Archaludon\n|\n|upkeep\n|inactive|Time left: 300 sec this turn | 300 sec total | 5 sec grace\n|\n|t:|1783553560\n|switch|p1a: Basculegion|Basculegion, L80, M|323/323\n|turn|12\n|inactive|Time left: 300 sec this turn | 300 sec total\n|\n|t:|1783553562\n|move|p1a: Basculegion|Aqua Jet|p2a: Polteageist\n|-damage|p2a: Polteageist|0 fnt\n|faint|p2a: Polteageist\n|\n|upkeep\n|\n|t:|1783553563\n|switch|p2a: Ogerpon|Ogerpon-Cornerstone, L76, F|100/100\n|turn|13\n|inactive|Time left: 300 sec this turn | 300 sec total\n|\n|t:|1783553564\n|move|p2a: Ogerpon|Power Whip|p1a: Basculegion\n|-supereffective|p1a: Basculegion\n|-damage|p1a: Basculegion|0 fnt\n|faint|p1a: Basculegion\n|\n|upkeep\n|inactive|Time left: 300 sec this turn | 300 sec total | 5 sec grace\n|\n|t:|1783553565\n|switch|p1a: Ursaring|Ursaring, L84, F|288/288\n|turn|14\n|inactive|Time left: 300 sec this turn | 300 sec total\n|\n|t:|1783553566\n|move|p2a: Ogerpon|Ivy Cudgel|p1a: Ursaring|[anim] Ivy Cudgel Rock\n|-damage|p1a: Ursaring|156/288\n|move|p1a: Ursaring|Close Combat|p2a: Ogerpon\n|-supereffective|p2a: Ogerpon\n|-damage|p2a: Ogerpon|3/100\n|-unboost|p1a: Ursaring|def|1\n|-unboost|p1a: Ursaring|spd|1\n|\n|-status|p1a: Ursaring|tox|[from] item: Toxic Orb\n|upkeep\n|turn|15\n|inactive|Time left: 300 sec this turn | 300 sec total\n|\n|t:|1783553567\n|move|p2a: Ogerpon|Ivy Cudgel|p1a: Ursaring|[anim] Ivy Cudgel Rock\n|-damage|p1a: Ursaring|0 fnt\n|faint|p1a: Ursaring\n|\n|upkeep\n|inactive|Time left: 300 sec this turn | 300 sec total | 5 sec grace\n|\n|t:|1783553568\n|switch|p1a: Skarmory|Skarmory, L80, F|235/235\n|turn|16\n|inactive|Time left: 300 sec this turn | 300 sec total\n|\n|t:|1783553569\n|move|p2a: Ogerpon|Ivy Cudgel|p1a: Skarmory|[anim] Ivy Cudgel Rock\n|-damage|p1a: Skarmory|150/235\n|move|p1a: Skarmory|Stealth Rock|p2a: Ogerpon\n|-sidestart|p2: p0y1169f825|move: Stealth Rock\n|\n|upkeep\n|turn|17\n|inactive|Time left: 300 sec this turn | 300 sec total\n|\n|t:|1783553571\n|move|p2a: Ogerpon|Encore|p1a: Skarmory\n|-start|p1a: Skarmory|Encore\n|move|p1a: Skarmory|Stealth Rock||[still]\n|-fail|p1a: Skarmory\n|\n|upkeep\n|turn|18\n|inactive|Time left: 300 sec this turn | 300 sec total\n|\n|t:|1783553572\n|move|p2a: Ogerpon|Ivy Cudgel|p1a: Skarmory|[anim] Ivy Cudgel Rock\n|-damage|p1a: Skarmory|62/235\n|move|p1a: Skarmory|Stealth Rock||[still]\n|-fail|p1a: Skarmory\n|\n|upkeep\n|turn|19\n|inactive|Time left: 300 sec this turn | 300 sec total\n|\n|t:|1783553573\n|move|p2a: Ogerpon|Ivy Cudgel|p1a: Skarmory|[anim] Ivy Cudgel Rock\n|-damage|p1a: Skarmory|0 fnt\n|faint|p1a: Skarmory\n|\n|upkeep\n|inactive|Time left: 300 sec this turn | 300 sec total | 5 sec grace\n|\n|t:|1783553573\n|switch|p1a: Swanna|Swanna, L89, M|278/278\n|turn|20\n|inactive|Time left: 300 sec this turn | 300 sec total\n|\n|t:|1783553574\n|move|p1a: Swanna|Brave Bird|p2a: Ogerpon\n|-damage|p2a: Ogerpon|0 fnt\n|faint|p2a: Ogerpon\n|-damage|p1a: Swanna|276/278|[from] Recoil\n|\n|upkeep\n|\n|t:|1783553575\n|switch|p2a: Sceptile|Sceptile, L87, M|100/100\n|-damage|p2a: Sceptile|88/100|[from] Stealth Rock\n|turn|21\n|inactive|Time left: 300 sec this turn | 300 sec total\n|\n|t:|1783553576\n|move|p2a: Sceptile|Leaf Storm|p1a: Swanna\n|-damage|p1a: Swanna|23/278\n|-unboost|p2a: Sceptile|spa|2\n|-damage|p2a: Sceptile|78/100|[from] item: Life Orb\n|move|p1a: Swanna|Brave Bird|p2a: Sceptile\n|-supereffective|p2a: Sceptile\n|-damage|p2a: Sceptile|0 fnt\n|faint|p2a: Sceptile\n|-damage|p1a: Swanna|0 fnt|[from] Recoil\n|faint|p1a: Swanna\n|\n|win|p0y1169f825", "uploadtime": 1783553576, "views": 0, "rating": 0, "private": 0, "password": null, "_winner": "p0y1169f825", "_our_name": "p0x11693d46"}