{"id": "battle-gen9randombattle-388", "formatid": "gen9randombattle", "format": "[Gen 9] Random Battle", "players": ["p0x3888c6d", "p0y388554e"], "log": "|init|battle\n|title|p0x3888c6d vs. p0y388554e\n|j|\u2606p0x3888c6d\n|j|\u2606p0y388554e\n|t:|1783543588\n|gametype|singles\n|player|p1|p0x3888c6d|265|\n|player|p2|p0y388554e|169|\n|gen|9\n|tier|[Gen 9] Random Battle\n|rule|Species Clause: Limit one of each Pok\u00e9mon\n|rule|HP Percentage Mod: HP is shown in percentages\n|rule|Sleep Clause Mod: Limit one foe put to sleep\n|rule|Illusion Level Mod: Illusion disguises the Pok\u00e9mon's true level\n|\n|t:|1783543588\n|teamsize|p1|6\n|teamsize|p2|6\n|start\n|switch|p1a: Pecharunt|Pecharunt, L77|262/262\n|switch|p2a: Dunsparce|Dunsparce, L86, F|100/100\n|turn|1\n|inactive|Battle timer is ON: inactive players will automatically lose when time's up. (requested by p0x3888c6d)\n|inactive|p0y388554e also wants the timer to be on.\n|\n|t:|1783543590\n|move|p1a: Pecharunt|Nasty Plot|p1a: Pecharunt\n|-boost|p1a: Pecharunt|spa|2\n|move|p2a: Dunsparce|Coil|p2a: Dunsparce\n|-boost|p2a: Dunsparce|atk|1\n|-boost|p2a: Dunsparce|def|1\n|-boost|p2a: Dunsparce|accuracy|1\n|\n|upkeep\n|turn|2\n|inactive|Time left: 300 sec this turn | 300 sec total\n|\n|t:|1783543591\n|move|p1a: Pecharunt|Malignant Chain|p2a: Dunsparce\n|-damage|p2a: Dunsparce|60/100\n|-status|p2a: Dunsparce|tox\n|-start|p2a: Dunsparce|confusion|[from] ability: Poison Puppeteer|[of] p1a: Pecharunt\n|-activate|p2a: Dunsparce|confusion\n|-damage|p2a: Dunsparce|51/100 tox|[from] confusion\n|\n|-damage|p2a: Dunsparce|45/100 tox|[from] psn\n|upkeep\n|turn|3\n|inactive|Time left: 300 sec this turn | 300 sec total\n|\n|t:|1783543592\n|move|p1a: Pecharunt|Malignant Chain|p2a: Dunsparce\n|-damage|p2a: Dunsparce|5/100 tox\n|-end|p2a: Dunsparce|confusion\n|move|p2a: Dunsparce|Earthquake|p1a: Pecharunt\n|-supereffective|p1a: Pecharunt\n|-damage|p1a: Pecharunt|148/262\n|\n|-heal|p1a: Pecharunt|164/262|[from] item: Leftovers\n|-damage|p2a: Dunsparce|0 fnt|[from] psn\n|faint|p2a: Dunsparce\n|upkeep\n|\n|t:|1783543593\n|switch|p2a: Flygon|Flygon, L82, M|100/100\n|turn|4\n|inactive|Time left: 300 sec this turn | 300 sec total\n|\n|t:|1783543594\n|move|p2a: Flygon|Earthquake|p1a: Pecharunt\n|-supereffective|p1a: Pecharunt\n|-crit|p1a: Pecharunt\n|-damage|p1a: Pecharunt|0 fnt\n|faint|p1a: Pecharunt\n|\n|upkeep\n|inactive|Time left: 300 sec this turn | 300 sec total | 5 sec grace\n|\n|t:|1783543595\n|switch|p1a: Flutter Mane|Flutter Mane, L74|203/203\n|turn|5\n|inactive|Time left: 300 sec this turn | 300 sec total\n|\n|t:|1783543596\n|-terastallize|p2a: Flygon|Rock\n|move|p1a: Flutter Mane|Moonblast|p2a: Flygon\n|-damage|p2a: Flygon|39/100\n|move|p2a: Flygon|Dragon Dance|p2a: Flygon\n|-boost|p2a: Flygon|atk|1\n|-boost|p2a: Flygon|spe|1\n|\n|upkeep\n|turn|6\n|inactive|Time left: 300 sec this turn | 300 sec total\n|\n|t:|1783543597\n|move|p2a: Flygon|Earthquake|p1a: Flutter Mane\n|-damage|p1a: Flutter Mane|0 fnt\n|faint|p1a: Flutter Mane\n|-end|p1a: Flutter Mane|Protosynthesis|[silent]\n|\n|upkeep\n|inactive|Time left: 300 sec this turn | 300 sec total | 5 sec grace\n|\n|t:|1783543598\n|switch|p1a: Regieleki|Regieleki, L79|256/256\n|turn|7\n|inactive|Time left: 300 sec this turn | 300 sec total\n|\n|t:|1783543599\n|switch|p2a: Kommo-o|Kommo-o, L77, F|100/100\n|move|p1a: Regieleki|Volt Switch|p2a: Kommo-o\n|-resisted|p2a: Kommo-o\n|-damage|p2a: Kommo-o|80/100\n|inactive|Time left: 300 sec this turn | 300 sec total | 5 sec grace\n|\n|t:|1783543600\n|switch|p1a: Chansey|Chansey, L85, F|564/564|[from] Volt Switch\n|\n|upkeep\n|turn|8\n|inactive|Time left: 300 sec this turn | 300 sec total\n|\n|t:|1783543601\n|move|p2a: Kommo-o|Swords Dance|p2a: Kommo-o\n|-boost|p2a: Kommo-o|atk|2\n|move|p1a: Chansey|Seismic Toss|p2a: Kommo-o\n|-damage|p2a: Kommo-o|45/100\n|\n|upkeep\n|turn|9\n|inactive|Time left: 300 sec this turn | 300 sec total\n|\n|t:|1783543602\n|-terastallize|p1a: Chansey|Ghost\n|move|p2a: Kommo-o|Scale Shot|p1a: Chansey\n|-crit|p1a: Chansey\n|-damage|p1a: Chansey|384/564\n|-damage|p1a: Chansey|275/564\n|-damage|p1a: Chansey|170/564\n|-damage|p1a: Chansey|62/564\n|-hitcount|p1a: Chansey|4\n|-unboost|p2a: Kommo-o|def|1\n|-boost|p2a: Kommo-o|spe|1\n|move|p1a: Chansey|Seismic Toss|p2a: Kommo-o\n|-damage|p2a: Kommo-o|10/100\n|\n|upkeep\n|turn|10\n|inactive|Time left: 300 sec this turn | 300 sec total\n|\n|t:|1783543603\n|move|p2a: Kommo-o|Scale Shot|p1a: Chansey\n|-damage|p1a: Chansey|0 fnt\n|faint|p1a: Chansey\n|-hitcount|p1: Chansey|1\n|-unboost|p2a: Kommo-o|def|1\n|-boost|p2a: Kommo-o|spe|1\n|\n|upkeep\n|inactive|Time left: 300 sec this turn | 300 sec total | 5 sec grace\n|\n|t:|1783543604\n|switch|p1a: Regieleki|Regieleki, L79|256/256\n|turn|11\n|inactive|Time left: 300 sec this turn | 300 sec total\n|\n|t:|1783543605\n|move|p1a: Regieleki|Volt Switch|p2a: Kommo-o\n|-resisted|p2a: Kommo-o\n|-crit|p2a: Kommo-o\n|-damage|p2a: Kommo-o|0 fnt\n|faint|p2a: Kommo-o\n|inactive|Time left: 300 sec this turn | 300 sec total | 5 sec grace\n|\n|t:|1783543606\n|switch|p1a: Lucario|Lucario, L84, M|255/255|[from] Volt Switch\n|\n|upkeep\n|\n|t:|1783543607\n|switch|p2a: Flygon|Flygon, L82, M, tera:Rock|39/100\n|turn|12\n|inactive|Time left: 300 sec this turn | 300 sec total\n|\n|t:|1783543608\n|move|p2a: Flygon|Earthquake|p1a: Lucario\n|-supereffective|p1a: Lucario\n|-damage|p1a: Lucario|0 fnt\n|faint|p1a: Lucario\n|\n|upkeep\n|inactive|Time left: 300 sec this turn | 300 sec total | 5 sec grace\n|\n|t:|1783543609\n|switch|p1a: Regieleki|Regieleki, L79|256/256\n|turn|13\n|inactive|Time left: 300 sec this turn | 300 sec total\n|\n|t:|1783543610\n|switch|p2a: Meowscarada|Meowscarada, L78, M|100/100\n|move|p1a: Regieleki|Thunderbolt|p2a: Meowscarada\n|-resisted|p2a: Meowscarada\n|-damage|p2a: Meowscarada|64/100\n|\n|upkeep\n|turn|14\n|inactive|Time left: 300 sec this turn | 300 sec total\n|\n|t:|1783543611\n|move|p1a: Regieleki|Thunderbolt|p2a: Meowscarada\n|-resisted|p2a: Meowscarada\n|-damage|p2a: Meowscarada|29/100\n|move|p2a: Meowscarada|Knock Off|p1a: Regieleki\n|-start|p2a: Meowscarada|typechange|Dark|[from] ability: Protean\n|-damage|p1a: Regieleki|99/256\n|-enditem|p1a: Regieleki|Magnet|[from] move: Knock Off|[of] p2a: Meowscarada\n|\n|upkeep\n|turn|15\n|inactive|Time left: 300 sec this turn | 300 sec total\n|\n|t:|1783543612\n|move|p1a: Regieleki|Thunderbolt|p2a: Meowscarada\n|-damage|p2a: Meowscarada|0 fnt\n|faint|p2a: Meowscarada\n|\n|upkeep\n|\n|t:|1783543613\n|switch|p2a: Kleavor|Kleavor, L78, F|100/100\n|turn|16\n|inactive|Time left: 300 sec this turn | 300 sec total\n|\n|t:|1783543614\n|move|p1a: Regieleki|Thunderbolt|p2a: Kleavor\n|-damage|p2a: Kleavor|37/100\n|move|p2a: Kleavor|Stone Axe|p1a: Regieleki\n|-damage|p1a: Regieleki|0 fnt\n|-sidestart|p1: p0x3888c6d|move: Stealth Rock\n|faint|p1a: Regieleki\n|\n|upkeep\n|inactive|Time left: 300 sec this turn | 300 sec total | 5 sec grace\n|\n|t:|1783543615\n|switch|p1a: Terapagos|Terapagos, L77, F|265/265\n|-activate|p1a: Terapagos|ability: Tera Shift\n|detailschange|p1a: Terapagos|Terapagos-Terastal, L77, F\n|-heal|p1a: Terapagos|273/273|[silent]\n|-damage|p1a: Terapagos|239/273|[from] Stealth Rock\n|turn|17\n|inactive|Time left: 300 sec this turn | 300 sec total\n|\n|t:|1783543616\n|move|p2a: Kleavor|X-Scissor|p1a: Terapagos\n|-damage|p1a: Terapagos|112/273\n|move|p1a: Terapagos|Rest|p1a: Terapagos\n|-status|p1a: Terapagos|slp|[from] move: Rest\n|-heal|p1a: Terapagos|273/273 slp|[silent]\n|-enditem|p1a: Terapagos|Chesto Berry|[eat]\n|-curestatus|p1a: Terapagos|slp|[msg]\n|\n|upkeep\n|turn|18\n|inactive|Time left: 300 sec this turn | 300 sec total\n|\n|t:|1783543617\n|move|p2a: Kleavor|Close Combat|p1a: Terapagos\n|-activate|p1a: Terapagos|ability: Tera Shell\n|-resisted|p1a: Terapagos\n|-damage|p1a: Terapagos|229/273\n|-unboost|p2a: Kleavor|def|1\n|-unboost|p2a: Kleavor|spd|1\n|move|p1a: Terapagos|Tera Starstorm|p2a: Kleavor\n|-resisted|p2a: Kleavor\n|-damage|p2a: Kleavor|0 fnt\n|faint|p2a: Kleavor\n|\n|upkeep\n|\n|t:|1783543618\n|switch|p2a: Flygon|Flygon, L82, M, tera:Rock|39/100\n|turn|19\n|inactive|Time left: 300 sec this turn | 300 sec total\n|\n|t:|1783543619\n|move|p2a: Flygon|Outrage|p1a: Terapagos\n|-damage|p1a: Terapagos|126/273\n|move|p1a: Terapagos|Rest|p1a: Terapagos\n|-status|p1a: Terapagos|slp|[from] move: Rest\n|-heal|p1a: Terapagos|273/273 slp|[silent]\n|\n|upkeep\n|turn|20\n|inactive|Time left: 300 sec this turn | 300 sec total\n|\n|t:|1783543620\n|move|p2a: Flygon|Outrage|p1a: Terapagos|[from] lockedmove\n|-activate|p1a: Terapagos|ability: Tera Shell\n|-resisted|p1a: Terapagos\n|-damage|p1a: Terapagos|219/273 slp\n|cant|p1a: Terapagos|slp\n|\n|upkeep\n|turn|21\n|inactive|Time left: 300 sec this turn | 300 sec total\n|\n|t:|1783543621\n|move|p2a: Flygon|Outrage|p1a: Terapagos|[from] lockedmove\n|-damage|p1a: Terapagos|110/273 slp\n|-start|p2a: Flygon|confusion|[fatigue]\n|-enditem|p2a: Flygon|Lum Berry|[eat]\n|-end|p2a: Flygon|confusion\n|cant|p1a: Terapagos|slp\n|\n|upkeep\n|turn|22\n|inactive|Time left: 300 sec this turn | 300 sec total\n|\n|t:|1783543622\n|move|p2a: Flygon|Earthquake|p1a: Terapagos\n|-damage|p1a: Terapagos|13/273 slp\n|-curestatus|p1a: Terapagos|slp|[msg]\n|move|p1a: Terapagos|Rest|p1a: Terapagos\n|-status|p1a: Terapagos|slp|[from] move: Rest\n|-heal|p1a: Terapagos|273/273 slp|[silent]\n|\n|upkeep\n|turn|23\n|inactive|Time left: 300 sec this turn | 300 sec total\n|\n|t:|1783543623\n|move|p2a: Flygon|Outrage|p1a: Terapagos\n|-activate|p1a: Terapagos|ability: Tera Shell\n|-resisted|p1a: Terapagos\n|-damage|p1a: Terapagos|216/273 slp\n|cant|p1a: Terapagos|slp\n|\n|upkeep\n|turn|24\n|inactive|Time left: 300 sec this turn | 300 sec total\n|\n|t:|1783543624\n|move|p2a: Flygon|Outrage|p1a: Terapagos|[from] lockedmove\n|-damage|p1a: Terapagos|93/273 slp\n|cant|p1a: Terapagos|slp\n|\n|upkeep\n|turn|25\n|inactive|Time left: 300 sec this turn | 300 sec total\n|\n|t:|1783543625\n|move|p2a: Flygon|Outrage|p1a: Terapagos|[from] lockedmove\n|-damage|p1a: Terapagos|0 fnt\n|faint|p1a: Terapagos\n|-start|p2a: Flygon|confusion|[fatigue]\n|\n|win|p0y388554e", "uploadtime": 1783543625, "views": 0, "rating": 0, "private": 0, "password": null, "_winner": "p0y388554e", "_our_name": "p0x3888c6d"}