{"id": "battle-gen9randombattle-584", "formatid": "gen9randombattle", "format": "[Gen 9] Random Battle", "players": ["p0x584a4cd", "p0y584bbea"], "log": "|init|battle\n|title|p0x584a4cd vs. p0y584bbea\n|j|\u2606p0x584a4cd\n|j|\u2606p0y584bbea\n|t:|1783545834\n|gametype|singles\n|player|p1|p0x584a4cd|266|\n|player|p2|p0y584bbea|266|\n|gen|9\n|tier|[Gen 9] Random Battle\n|rule|Species Clause: Limit one of each Pok\u00e9mon\n|rule|HP Percentage Mod: HP is shown in percentages\n|rule|Sleep Clause Mod: Limit one foe put to sleep\n|rule|Illusion Level Mod: Illusion disguises the Pok\u00e9mon's true level\n|\n|t:|1783545834\n|teamsize|p1|6\n|teamsize|p2|6\n|start\n|switch|p1a: Swampert|Swampert, L83, F|302/302\n|switch|p2a: Floatzel|Floatzel, L86, F|100/100\n|turn|1\n|inactive|Battle timer is ON: inactive players will automatically lose when time's up. (requested by p0x584a4cd)\n|inactive|p0y584bbea also wants the timer to be on.\n|\n|t:|1783545836\n|move|p2a: Floatzel|Wave Crash|p1a: Swampert\n|-damage|p1a: Swampert|94/302\n|-damage|p2a: Floatzel|76/100|[from] Recoil\n|move|p1a: Swampert|Stealth Rock|p2a: Floatzel\n|-sidestart|p2: p0y584bbea|move: Stealth Rock\n|\n|-heal|p1a: Swampert|112/302|[from] item: Leftovers\n|upkeep\n|turn|2\n|inactive|Time left: 300 sec this turn | 300 sec total\n|\n|t:|1783545837\n|switch|p1a: Toxicroak|Toxicroak, L84, M|277/277\n|move|p2a: Floatzel|Wave Crash|p1a: Toxicroak\n|-immune|p1a: Toxicroak|[from] ability: Dry Skin\n|\n|upkeep\n|turn|3\n|inactive|Time left: 300 sec this turn | 300 sec total\n|\n|t:|1783545839\n|switch|p2a: Polteageist|Polteageist, L78|100/100\n|-damage|p2a: Polteageist|88/100|[from] Stealth Rock\n|move|p1a: Toxicroak|Gunk Shot|p2a: Polteageist\n|-resisted|p2a: Polteageist\n|-damage|p2a: Polteageist|39/100\n|-damage|p1a: Toxicroak|250/277|[from] item: Life Orb\n|\n|upkeep\n|turn|4\n|inactive|Time left: 300 sec this turn | 300 sec total\n|\n|t:|1783545840\n|move|p1a: Toxicroak|Gunk Shot|p2a: Polteageist\n|-resisted|p2a: Polteageist\n|-damage|p2a: Polteageist|0 fnt\n|faint|p2a: Polteageist\n|-damage|p1a: Toxicroak|223/277|[from] item: Life Orb\n|\n|upkeep\n|\n|t:|1783545841\n|switch|p2a: Tornadus|Tornadus, L82, M|100/100\n|turn|5\n|inactive|Time left: 300 sec this turn | 300 sec total\n|\n|t:|1783545842\n|switch|p1a: Chansey|Chansey, L85, F|564/564\n|move|p2a: Tornadus|Bleakwind Storm|p1a: Chansey|[miss]\n|-miss|p2a: Tornadus|p1a: Chansey\n|\n|upkeep\n|turn|6\n|inactive|Time left: 300 sec this turn | 300 sec total\n|\n|t:|1783545843\n|move|p2a: Tornadus|Nasty Plot|p2a: Tornadus\n|-boost|p2a: Tornadus|spa|2\n|move|p1a: Chansey|Thunder Wave|p2a: Tornadus\n|-status|p2a: Tornadus|par\n|\n|upkeep\n|turn|7\n|inactive|Time left: 300 sec this turn | 300 sec total\n|\n|t:|1783545844\n|move|p1a: Chansey|Seismic Toss|p2a: Tornadus\n|-damage|p2a: Tornadus|68/100 par\n|move|p2a: Tornadus|Bleakwind Storm|p1a: Chansey\n|-damage|p1a: Chansey|435/564\n|\n|upkeep\n|turn|8\n|inactive|Time left: 300 sec this turn | 300 sec total\n|\n|t:|1783545845\n|move|p1a: Chansey|Seismic Toss|p2a: Tornadus\n|-damage|p2a: Tornadus|36/100 par\n|move|p2a: Tornadus|Bleakwind Storm|p1a: Chansey\n|-damage|p1a: Chansey|296/564\n|\n|upkeep\n|turn|9\n|inactive|Time left: 300 sec this turn | 300 sec total\n|\n|t:|1783545847\n|move|p1a: Chansey|Soft-Boiled|p1a: Chansey\n|-heal|p1a: Chansey|564/564\n|move|p2a: Tornadus|Bleakwind Storm|p1a: Chansey\n|-damage|p1a: Chansey|428/564\n|-unboost|p1a: Chansey|spe|1\n|\n|upkeep\n|turn|10\n|inactive|Time left: 300 sec this turn | 300 sec total\n|\n|t:|1783545848\n|switch|p1a: Gumshoos|Gumshoos, L95, M|321/321\n|cant|p2a: Tornadus|par\n|\n|upkeep\n|turn|11\n|inactive|Time left: 300 sec this turn | 300 sec total\n|\n|t:|1783545849\n|move|p1a: Gumshoos|Double-Edge|p2a: Tornadus\n|-damage|p2a: Tornadus|0 fnt\n|faint|p2a: Tornadus\n|-damage|p1a: Gumshoos|290/321|[from] Recoil\n|\n|upkeep\n|\n|t:|1783545850\n|switch|p2a: Drednaw|Drednaw, L81, M|100/100\n|-damage|p2a: Drednaw|88/100|[from] Stealth Rock\n|turn|12\n|inactive|Time left: 300 sec this turn | 300 sec total\n|\n|t:|1783545851\n|switch|p1a: Meganium|Meganium, L90, F|290/290\n|move|p2a: Drednaw|Shell Smash|p2a: Drednaw\n|-unboost|p2a: Drednaw|def|1\n|-unboost|p2a: Drednaw|spd|1\n|-boost|p2a: Drednaw|atk|2\n|-boost|p2a: Drednaw|spa|2\n|-boost|p2a: Drednaw|spe|2\n|-enditem|p2a: Drednaw|White Herb\n|-clearnegativeboost|p2a: Drednaw|[silent]\n|\n|upkeep\n|turn|13\n|inactive|Time left: 300 sec this turn | 300 sec total\n|\n|t:|1783545852\n|-terastallize|p2a: Drednaw|Dark\n|move|p2a: Drednaw|Crunch|p1a: Meganium\n|-damage|p1a: Meganium|62/290\n|move|p1a: Meganium|Energy Ball|p2a: Drednaw\n|-damage|p2a: Drednaw|23/100\n|\n|-heal|p1a: Meganium|80/290|[from] item: Leftovers\n|upkeep\n|turn|14\n|inactive|Time left: 300 sec this turn | 300 sec total\n|\n|t:|1783545853\n|move|p2a: Drednaw|Crunch|p1a: Meganium\n|-damage|p1a: Meganium|0 fnt\n|faint|p1a: Meganium\n|\n|upkeep\n|inactive|Time left: 300 sec this turn | 300 sec total | 5 sec grace\n|\n|t:|1783545854\n|switch|p1a: Toxicroak|Toxicroak, L84, M|223/277\n|turn|15\n|inactive|Time left: 300 sec this turn | 300 sec total\n|\n|t:|1783545854\n|move|p2a: Drednaw|Crunch|p1a: Toxicroak\n|-resisted|p1a: Toxicroak\n|-damage|p1a: Toxicroak|57/277\n|-unboost|p1a: Toxicroak|def|1\n|move|p1a: Toxicroak|Earthquake|p2a: Drednaw\n|-damage|p2a: Drednaw|0 fnt\n|faint|p2a: Drednaw\n|-damage|p1a: Toxicroak|30/277|[from] item: Life Orb\n|\n|upkeep\n|\n|t:|1783545856\n|switch|p2a: Zangoose|Zangoose, L85, F|100/100\n|-damage|p2a: Zangoose|88/100|[from] Stealth Rock\n|turn|16\n|inactive|Time left: 300 sec this turn | 300 sec total\n|\n|t:|1783545856\n|switch|p1a: Shaymin|Shaymin, L82|298/298\n|move|p2a: Zangoose|Knock Off|p1a: Shaymin\n|-damage|p1a: Shaymin|227/298\n|-enditem|p1a: Shaymin|Leftovers|[from] move: Knock Off|[of] p2a: Zangoose\n|\n|-status|p2a: Zangoose|tox|[from] item: Toxic Orb\n|upkeep\n|turn|17\n|inactive|Time left: 300 sec this turn | 300 sec total\n|\n|t:|1783545857\n|move|p1a: Shaymin|Seed Flare|p2a: Zangoose\n|-damage|p2a: Zangoose|26/100 tox\n|move|p2a: Zangoose|Facade|p1a: Shaymin\n|-damage|p1a: Shaymin|0 fnt\n|faint|p1a: Shaymin\n|\n|-damage|p2a: Zangoose|20/100 tox|[from] psn\n|upkeep\n|inactive|Time left: 300 sec this turn | 300 sec total | 5 sec grace\n|\n|t:|1783545858\n|switch|p1a: Toxicroak|Toxicroak, L84, M|30/277\n|turn|18\n|inactive|Time left: 300 sec this turn | 300 sec total\n|\n|t:|1783545859\n|move|p2a: Zangoose|Close Combat|p1a: Toxicroak\n|-resisted|p1a: Toxicroak\n|-damage|p1a: Toxicroak|0 fnt\n|-unboost|p2a: Zangoose|def|1\n|-unboost|p2a: Zangoose|spd|1\n|faint|p1a: Toxicroak\n|\n|-damage|p2a: Zangoose|7/100 tox|[from] psn\n|upkeep\n|inactive|Time left: 300 sec this turn | 300 sec total | 5 sec grace\n|\n|t:|1783545860\n|switch|p1a: Swampert|Swampert, L83, F|112/302\n|turn|19\n|inactive|Time left: 300 sec this turn | 300 sec total\n|\n|t:|1783545861\n|move|p2a: Zangoose|Close Combat|p1a: Swampert\n|-damage|p1a: Swampert|0 fnt\n|-unboost|p2a: Zangoose|def|1\n|-unboost|p2a: Zangoose|spd|1\n|faint|p1a: Swampert\n|\n|-damage|p2a: Zangoose|0 fnt|[from] psn\n|faint|p2a: Zangoose\n|upkeep\n|inactive|Time left: 300 sec this turn | 300 sec total | 5 sec grace\n|\n|t:|1783545862\n|switch|p2a: Floatzel|Floatzel, L86, F|76/100\n|switch|p1a: Gumshoos|Gumshoos, L95, M|290/321\n|-damage|p2a: Floatzel|64/100|[from] Stealth Rock\n|turn|20\n|inactive|Time left: 300 sec this turn | 300 sec total\n|\n|t:|1783545863\n|move|p2a: Floatzel|Wave Crash|p1a: Gumshoos\n|-damage|p1a: Gumshoos|58/321\n|-damage|p2a: Floatzel|37/100|[from] Recoil\n|move|p1a: Gumshoos|U-turn|p2a: Floatzel\n|-damage|p2a: Floatzel|0 fnt\n|faint|p2a: Floatzel\n|inactive|Time left: 300 sec this turn | 300 sec total | 5 sec grace\n|\n|t:|1783545864\n|switch|p1a: Chansey|Chansey, L85, F|428/564|[from] U-turn\n|\n|upkeep\n|\n|t:|1783545865\n|switch|p2a: Mightyena|Mightyena, L96, F|100/100\n|-damage|p2a: Mightyena|88/100|[from] Stealth Rock\n|-ability|p2a: Mightyena|Intimidate|boost\n|-unboost|p1a: Chansey|atk|1\n|turn|21\n|inactive|Time left: 300 sec this turn | 300 sec total\n|\n|t:|1783545866\n|move|p2a: Mightyena|Throat Chop|p1a: Chansey\n|-damage|p1a: Chansey|205/564\n|-start|p1a: Chansey|Throat Chop|[silent]\n|move|p1a: Chansey|Thunder Wave|p2a: Mightyena|[miss]\n|-miss|p1a: Chansey|p2a: Mightyena\n|\n|-heal|p2a: Mightyena|94/100|[from] item: Leftovers\n|upkeep\n|turn|22\n|inactive|Time left: 300 sec this turn | 300 sec total\n|\n|t:|1783545867\n|switch|p1a: Gumshoos|Gumshoos, L95, M|58/321\n|move|p2a: Mightyena|Throat Chop|p1a: Gumshoos\n|-damage|p1a: Gumshoos|0 fnt\n|faint|p1a: Gumshoos\n|\n|-heal|p2a: Mightyena|100/100|[from] item: Leftovers\n|upkeep\n|inactive|Time left: 300 sec this turn | 300 sec total | 5 sec grace\n|\n|t:|1783545868\n|switch|p1a: Chansey|Chansey, L85, F|205/564\n|turn|23\n|inactive|Time left: 300 sec this turn | 300 sec total\n|\n|t:|1783545869\n|-terastallize|p1a: Chansey|Poison\n|move|p2a: Mightyena|Taunt|p1a: Chansey\n|-start|p1a: Chansey|move: Taunt\n|cant|p1a: Chansey|move: Taunt|Soft-Boiled\n|\n|upkeep\n|turn|24\n|inactive|Time left: 300 sec this turn | 300 sec total\n|\n|t:|1783545870\n|move|p2a: Mightyena|Sucker Punch|p1a: Chansey\n|-damage|p1a: Chansey|0 fnt\n|faint|p1a: Chansey\n|\n|win|p0y584bbea", "uploadtime": 1783545870, "views": 0, "rating": 0, "private": 0, "password": null, "_winner": "p0y584bbea", "_our_name": "p0x584a4cd"}