{"id": "battle-gen9randombattle-1695", "formatid": "gen9randombattle", "format": "[Gen 9] Random Battle", "players": ["p0x1695c05a", "p0y1695fe89"], "log": "|init|battle\n|title|p0x1695c05a vs. p0y1695fe89\n|j|\u2606p0x1695c05a\n|j|\u2606p0y1695fe89\n|t:|1783558858\n|gametype|singles\n|player|p1|p0x1695c05a|102|\n|player|p2|p0y1695fe89|169|\n|gen|9\n|tier|[Gen 9] Random Battle\n|rule|Species Clause: Limit one of each Pok\u00e9mon\n|rule|HP Percentage Mod: HP is shown in percentages\n|rule|Sleep Clause Mod: Limit one foe put to sleep\n|rule|Illusion Level Mod: Illusion disguises the Pok\u00e9mon's true level\n|\n|t:|1783558858\n|teamsize|p1|6\n|teamsize|p2|6\n|start\n|switch|p1a: Kingdra|Kingdra, L84, F|263/263\n|switch|p2a: Vigoroth|Vigoroth, L85, F|100/100\n|turn|1\n|inactive|Battle timer is ON: inactive players will automatically lose when time's up. (requested by p0x1695c05a)\n|inactive|p0y1695fe89 also wants the timer to be on.\n|\n|t:|1783558859\n|switch|p1a: Espathra|Espathra, L80, M|283/283\n|move|p2a: Vigoroth|Bulk Up|p2a: Vigoroth\n|-boost|p2a: Vigoroth|atk|1\n|-boost|p2a: Vigoroth|def|1\n|\n|upkeep\n|turn|2\n|inactive|Time left: 300 sec this turn | 300 sec total\n|\n|t:|1783558860\n|move|p1a: Espathra|Protect|p1a: Espathra\n|-singleturn|p1a: Espathra|Protect\n|move|p2a: Vigoroth|Knock Off|p1a: Espathra\n|-activate|p1a: Espathra|move: Protect\n|\n|-ability|p1a: Espathra|Speed Boost|boost\n|-boost|p1a: Espathra|spe|1\n|upkeep\n|turn|3\n|inactive|Time left: 300 sec this turn | 300 sec total\n|\n|t:|1783558861\n|move|p1a: Espathra|Calm Mind|p1a: Espathra\n|-boost|p1a: Espathra|spa|1\n|-boost|p1a: Espathra|spd|1\n|move|p2a: Vigoroth|Knock Off|p1a: Espathra\n|-supereffective|p1a: Espathra\n|-damage|p1a: Espathra|27/283\n|-enditem|p1a: Espathra|Leftovers|[from] move: Knock Off|[of] p2a: Vigoroth\n|\n|-ability|p1a: Espathra|Speed Boost|boost\n|-boost|p1a: Espathra|spe|1\n|upkeep\n|turn|4\n|inactive|Time left: 300 sec this turn | 300 sec total\n|\n|t:|1783558862\n|move|p1a: Espathra|Stored Power|p2a: Vigoroth\n|-damage|p2a: Vigoroth|47/100\n|move|p2a: Vigoroth|Knock Off|p1a: Espathra\n|-supereffective|p1a: Espathra\n|-damage|p1a: Espathra|0 fnt\n|faint|p1a: Espathra\n|\n|upkeep\n|inactive|Time left: 300 sec this turn | 300 sec total | 5 sec grace\n|\n|t:|1783558863\n|switch|p1a: Miraidon|Miraidon, L65|238/238\n|-fieldstart|move: Electric Terrain|[from] ability: Hadron Engine|[of] p1a: Miraidon\n|turn|5\n|inactive|Time left: 300 sec this turn | 300 sec total\n|\n|t:|1783558864\n|move|p1a: Miraidon|Electro Drift|p2a: Vigoroth\n|-damage|p2a: Vigoroth|0 fnt\n|faint|p2a: Vigoroth\n|\n|upkeep\n|\n|t:|1783558865\n|switch|p2a: Dragonite|Dragonite, L74, M|100/100\n|turn|6\n|inactive|Time left: 300 sec this turn | 300 sec total\n|\n|t:|1783558866\n|-terastallize|p1a: Miraidon|Electric\n|move|p1a: Miraidon|Electro Drift|p2a: Dragonite\n|-damage|p2a: Dragonite|45/100\n|move|p2a: Dragonite|Dragon Dance|p2a: Dragonite\n|-boost|p2a: Dragonite|atk|1\n|-boost|p2a: Dragonite|spe|1\n|\n|upkeep\n|turn|7\n|inactive|Time left: 300 sec this turn | 300 sec total\n|\n|t:|1783558867\n|move|p2a: Dragonite|Earthquake|p1a: Miraidon\n|-supereffective|p1a: Miraidon\n|-damage|p1a: Miraidon|0 fnt\n|faint|p1a: Miraidon\n|\n|upkeep\n|inactive|Time left: 300 sec this turn | 300 sec total | 5 sec grace\n|\n|t:|1783558868\n|switch|p1a: Meloetta|Meloetta, L82|298/298\n|turn|8\n|inactive|Time left: 300 sec this turn | 300 sec total\n|\n|t:|1783558869\n|-terastallize|p2a: Dragonite|Steel\n|move|p2a: Dragonite|Outrage|p1a: Meloetta\n|-damage|p1a: Meloetta|85/298\n|move|p1a: Meloetta|Hyper Voice|p2a: Dragonite\n|-resisted|p2a: Dragonite\n|-damage|p2a: Dragonite|24/100\n|\n|-heal|p1a: Meloetta|103/298|[from] item: Leftovers\n|upkeep\n|turn|9\n|inactive|Time left: 300 sec this turn | 300 sec total\n|\n|t:|1783558870\n|move|p2a: Dragonite|Outrage|p1a: Meloetta|[from] lockedmove\n|-damage|p1a: Meloetta|0 fnt\n|faint|p1a: Meloetta\n|\n|-fieldend|move: Electric Terrain\n|upkeep\n|inactive|Time left: 300 sec this turn | 300 sec total | 5 sec grace\n|\n|t:|1783558871\n|switch|p1a: Pikachu|Pikachu, L93, M|216/216\n|turn|10\n|inactive|Time left: 300 sec this turn | 300 sec total\n|\n|t:|1783558872\n|move|p1a: Pikachu|Fake Out|p2a: Dragonite\n|-resisted|p2a: Dragonite\n|-damage|p2a: Dragonite|15/100\n|cant|p2a: Dragonite|flinch\n|\n|-start|p2a: Dragonite|confusion|[fatigue]\n|upkeep\n|turn|11\n|inactive|Time left: 300 sec this turn | 300 sec total\n|\n|t:|1783558873\n|switch|p1a: Vivillon|Vivillon-Continental, L83, F|268/268\n|-activate|p2a: Dragonite|confusion\n|move|p2a: Dragonite|Outrage|p1a: Vivillon\n|-damage|p1a: Vivillon|6/268\n|\n|upkeep\n|turn|12\n|inactive|Time left: 300 sec this turn | 300 sec total\n|\n|t:|1783558874\n|-activate|p2a: Dragonite|confusion\n|move|p2a: Dragonite|Outrage|p1a: Vivillon|[from] lockedmove\n|-damage|p1a: Vivillon|0 fnt\n|faint|p1a: Vivillon\n|\n|upkeep\n|inactive|Time left: 300 sec this turn | 300 sec total | 5 sec grace\n|\n|t:|1783558874\n|switch|p1a: Pikachu|Pikachu, L93, M|216/216\n|turn|13\n|inactive|Time left: 300 sec this turn | 300 sec total\n|\n|t:|1783558875\n|move|p1a: Pikachu|Fake Out|p2a: Dragonite\n|-resisted|p2a: Dragonite\n|-damage|p2a: Dragonite|5/100\n|cant|p2a: Dragonite|flinch\n|\n|upkeep\n|turn|14\n|inactive|Time left: 300 sec this turn | 300 sec total\n|\n|t:|1783558876\n|switch|p1a: Kingdra|Kingdra, L84, F|263/263\n|-end|p2a: Dragonite|confusion\n|move|p2a: Dragonite|Outrage|p1a: Kingdra\n|-supereffective|p1a: Kingdra\n|-damage|p1a: Kingdra|0 fnt\n|faint|p1a: Kingdra\n|\n|upkeep\n|inactive|Time left: 300 sec this turn | 300 sec total | 5 sec grace\n|\n|t:|1783558877\n|switch|p1a: Pikachu|Pikachu, L93, M|216/216\n|turn|15\n|inactive|Time left: 300 sec this turn | 300 sec total\n|\n|t:|1783558878\n|move|p1a: Pikachu|Fake Out|p2a: Dragonite\n|-resisted|p2a: Dragonite\n|-damage|p2a: Dragonite|0 fnt\n|faint|p2a: Dragonite\n|\n|upkeep\n|\n|t:|1783558879\n|switch|p2a: Skuntank|Skuntank, L84, M|100/100\n|turn|16\n|inactive|Time left: 300 sec this turn | 300 sec total\n|\n|t:|1783558880\n|move|p1a: Pikachu|Surf|p2a: Skuntank\n|-damage|p2a: Skuntank|62/100\n|move|p2a: Skuntank|Knock Off|p1a: Pikachu\n|-damage|p1a: Pikachu|12/216\n|-enditem|p1a: Pikachu|Light Ball|[from] move: Knock Off|[of] p2a: Skuntank\n|-damage|p2a: Skuntank|52/100|[from] item: Life Orb\n|\n|upkeep\n|turn|17\n|inactive|Time left: 300 sec this turn | 300 sec total\n|\n|t:|1783558882\n|move|p1a: Pikachu|Surf|p2a: Skuntank\n|-damage|p2a: Skuntank|30/100\n|move|p2a: Skuntank|Knock Off|p1a: Pikachu\n|-damage|p1a: Pikachu|0 fnt\n|faint|p1a: Pikachu\n|-damage|p2a: Skuntank|20/100|[from] item: Life Orb\n|\n|win|p0y1695fe89", "uploadtime": 1783558882, "views": 0, "rating": 0, "private": 0, "password": null, "_winner": "p0y1695fe89", "_our_name": "p0x1695c05a"}