{"id": "battle-gen9randombattle-2551", "formatid": "gen9randombattle", "format": "[Gen 9] Random Battle", "players": ["p0x25511b18", "p0y255193e7"], "log": "|init|battle\n|title|p0x25511b18 vs. p0y255193e7\n|j|\u2606p0x25511b18\n|j|\u2606p0y255193e7\n|t:|1783569497\n|gametype|singles\n|player|p1|p0x25511b18|265|\n|player|p2|p0y255193e7|1|\n|gen|9\n|tier|[Gen 9] Random Battle\n|rule|Species Clause: Limit one of each Pok\u00e9mon\n|rule|HP Percentage Mod: HP is shown in percentages\n|rule|Sleep Clause Mod: Limit one foe put to sleep\n|rule|Illusion Level Mod: Illusion disguises the Pok\u00e9mon's true level\n|\n|t:|1783569497\n|teamsize|p1|6\n|teamsize|p2|6\n|start\n|switch|p1a: Overqwil|Overqwil, L82, M|274/274\n|switch|p2a: Dipplin|Dipplin, L88, F|100/100\n|-ability|p1a: Overqwil|Intimidate|boost\n|-unboost|p2a: Dipplin|atk|1\n|turn|1\n|inactive|Battle timer is ON: inactive players will automatically lose when time's up. (requested by p0y255193e7)\n|inactive|Time left: 300 sec this turn | 300 sec total | 60 sec grace\n|\n|t:|1783569499\n|switch|p2a: Golem|Golem-Alola, L93, F|100/100\n|move|p1a: Overqwil|Swords Dance|p1a: Overqwil\n|-boost|p1a: Overqwil|atk|2\n|\n|upkeep\n|turn|2\n|inactive|Time left: 300 sec this turn | 300 sec total\n|inactive|p0x25511b18 also wants the timer to be on.\n|\n|t:|1783569500\n|-terastallize|p1a: Overqwil|Dragon\n|move|p1a: Overqwil|Crunch|p2a: Golem\n|-damage|p2a: Golem|58/100\n|move|p2a: Golem|Earthquake|p1a: Overqwil\n|-damage|p1a: Overqwil|122/274\n|\n|upkeep\n|turn|3\n|inactive|Time left: 300 sec this turn | 300 sec total\n|\n|t:|1783569501\n|move|p1a: Overqwil|Scale Shot|p2a: Golem\n|-damage|p2a: Golem|46/100\n|-damage|p2a: Golem|32/100\n|-damage|p2a: Golem|19/100\n|-damage|p2a: Golem|6/100\n|-damage|p2a: Golem|0 fnt\n|faint|p2a: Golem\n|-hitcount|p2: Golem|5\n|-unboost|p1a: Overqwil|def|1\n|-boost|p1a: Overqwil|spe|1\n|\n|upkeep\n|\n|t:|1783569502\n|switch|p2a: Donphan|Donphan, L84, M|100/100\n|turn|4\n|inactive|Time left: 300 sec this turn | 300 sec total\n|\n|t:|1783569503\n|switch|p1a: Ninetales|Ninetales-Alola, L78, M|242/242\n|-weather|Snowscape|[from] ability: Snow Warning|[of] p1a: Ninetales\n|move|p2a: Donphan|Ice Spinner|p1a: Ninetales\n|-resisted|p1a: Ninetales\n|-damage|p1a: Ninetales|213/242\n|\n|-weather|Snowscape|[upkeep]\n|upkeep\n|turn|5\n|inactive|Time left: 300 sec this turn | 300 sec total\n|\n|t:|1783569504\n|move|p1a: Ninetales|Aurora Veil|p1a: Ninetales\n|-sidestart|p1: p0x25511b18|move: Aurora Veil\n|move|p2a: Donphan|Earthquake|p1a: Ninetales\n|-damage|p1a: Ninetales|161/242\n|\n|-weather|Snowscape|[upkeep]\n|upkeep\n|turn|6\n|inactive|Time left: 300 sec this turn | 300 sec total\n|\n|t:|1783569505\n|switch|p2a: Iron Crown|Iron Crown, L78|100/100\n|move|p1a: Ninetales|Freeze-Dry|p2a: Iron Crown\n|-resisted|p2a: Iron Crown\n|-damage|p2a: Iron Crown|90/100\n|\n|-weather|Snowscape|[upkeep]\n|upkeep\n|turn|7\n|inactive|Time left: 300 sec this turn | 300 sec total\n|\n|t:|1783569506\n|switch|p1a: Chandelure|Chandelure, L83, M|235/235\n|move|p2a: Iron Crown|Tachyon Cutter|p1a: Chandelure\n|-resisted|p1a: Chandelure\n|-damage|p1a: Chandelure|215/235\n|-resisted|p1a: Chandelure\n|-damage|p1a: Chandelure|194/235\n|-hitcount|p1a: Chandelure|2\n|\n|-weather|Snowscape|[upkeep]\n|upkeep\n|turn|8\n|inactive|Time left: 300 sec this turn | 300 sec total\n|\n|t:|1783569507\n|-end|p2a: Iron Crown|Quark Drive|[silent]\n|switch|p2a: Dipplin|Dipplin, L88, F|100/100\n|move|p1a: Chandelure|Fire Blast|p2a: Dipplin\n|-damage|p2a: Dipplin|64/100\n|\n|-weather|none\n|upkeep\n|turn|9\n|inactive|Time left: 300 sec this turn | 300 sec total\n|\n|t:|1783569508\n|move|p1a: Chandelure|Fire Blast|p2a: Dipplin\n|-damage|p2a: Dipplin|24/100\n|move|p2a: Dipplin|Recover|p2a: Dipplin\n|-heal|p2a: Dipplin|74/100\n|\n|upkeep\n|turn|10\n|inactive|Time left: 300 sec this turn | 300 sec total\n|\n|t:|1783569509\n|move|p1a: Chandelure|Fire Blast|p2a: Dipplin\n|-damage|p2a: Dipplin|35/100\n|move|p2a: Dipplin|Recover|p2a: Dipplin\n|-heal|p2a: Dipplin|85/100\n|\n|upkeep\n|turn|11\n|inactive|Time left: 300 sec this turn | 300 sec total\n|\n|t:|1783569510\n|move|p1a: Chandelure|Fire Blast|p2a: Dipplin\n|-damage|p2a: Dipplin|48/100\n|move|p2a: Dipplin|Giga Drain|p1a: Chandelure\n|-resisted|p1a: Chandelure\n|-crit|p1a: Chandelure\n|-damage|p1a: Chandelure|124/235\n|-heal|p2a: Dipplin|61/100|[from] drain|[of] p1a: Chandelure\n|\n|upkeep\n|turn|12\n|inactive|Time left: 300 sec this turn | 300 sec total\n|\n|t:|1783569511\n|switch|p1a: Ninetales|Ninetales-Alola, L78, M|161/242\n|-weather|Snowscape|[from] ability: Snow Warning|[of] p1a: Ninetales\n|move|p2a: Dipplin|Recover|p2a: Dipplin\n|-heal|p2a: Dipplin|100/100\n|\n|-weather|Snowscape|[upkeep]\n|-sideend|p1: p0x25511b18|move: Aurora Veil\n|upkeep\n|turn|13\n|inactive|Time left: 300 sec this turn | 300 sec total\n|\n|t:|1783569512\n|switch|p2a: Veluza|Veluza, L85, M|100/100\n|move|p1a: Ninetales|Aurora Veil|p1a: Ninetales\n|-sidestart|p1: p0x25511b18|move: Aurora Veil\n|\n|-weather|Snowscape|[upkeep]\n|upkeep\n|turn|14\n|inactive|Time left: 300 sec this turn | 300 sec total\n|\n|t:|1783569513\n|move|p1a: Ninetales|Freeze-Dry|p2a: Veluza\n|-supereffective|p2a: Veluza\n|-damage|p2a: Veluza|55/100\n|move|p2a: Veluza|Aqua Cutter|p1a: Ninetales\n|-damage|p1a: Ninetales|116/242\n|\n|-weather|Snowscape|[upkeep]\n|upkeep\n|turn|15\n|inactive|Time left: 300 sec this turn | 300 sec total\n|\n|t:|1783569514\n|move|p1a: Ninetales|Freeze-Dry|p2a: Veluza\n|-supereffective|p2a: Veluza\n|-damage|p2a: Veluza|3/100\n|-enditem|p2a: Veluza|Sitrus Berry|[eat]\n|-heal|p2a: Veluza|28/100|[from] item: Sitrus Berry\n|move|p2a: Veluza|Psycho Cut|p1a: Ninetales\n|-damage|p1a: Ninetales|68/242\n|\n|-weather|Snowscape|[upkeep]\n|upkeep\n|turn|16\n|inactive|Time left: 300 sec this turn | 300 sec total\n|\n|t:|1783569515\n|switch|p2a: Iron Crown|Iron Crown, L78|90/100\n|move|p1a: Ninetales|Freeze-Dry|p2a: Iron Crown\n|-resisted|p2a: Iron Crown\n|-damage|p2a: Iron Crown|80/100\n|\n|-weather|none\n|upkeep\n|turn|17\n|inactive|Time left: 300 sec this turn | 300 sec total\n|\n|t:|1783569516\n|switch|p1a: Chandelure|Chandelure, L83, M|124/235\n|move|p2a: Iron Crown|Psyshock|p1a: Chandelure\n|-damage|p1a: Chandelure|58/235\n|\n|upkeep\n|turn|18\n|inactive|Time left: 300 sec this turn | 300 sec total\n|\n|t:|1783569517\n|-end|p2a: Iron Crown|Quark Drive|[silent]\n|switch|p2a: Dipplin|Dipplin, L88, F|100/100\n|move|p1a: Chandelure|Fire Blast|p2a: Dipplin\n|-damage|p2a: Dipplin|61/100\n|\n|upkeep\n|turn|19\n|inactive|Time left: 300 sec this turn | 300 sec total\n|\n|t:|1783569519\n|move|p1a: Chandelure|Fire Blast|p2a: Dipplin\n|-damage|p2a: Dipplin|24/100\n|move|p2a: Dipplin|Recover|p2a: Dipplin\n|-heal|p2a: Dipplin|74/100\n|\n|upkeep\n|turn|20\n|inactive|Time left: 300 sec this turn | 300 sec total\n|\n|t:|1783569520\n|switch|p1a: Ninetales|Ninetales-Alola, L78, M|68/242\n|-weather|Snowscape|[from] ability: Snow Warning|[of] p1a: Ninetales\n|move|p2a: Dipplin|Recover|p2a: Dipplin\n|-heal|p2a: Dipplin|100/100\n|\n|-weather|Snowscape|[upkeep]\n|-sideend|p1: p0x25511b18|move: Aurora Veil\n|upkeep\n|turn|21\n|inactive|Time left: 300 sec this turn | 300 sec total\n|\n|t:|1783569521\n|move|p1a: Ninetales|Aurora Veil|p1a: Ninetales\n|-sidestart|p1: p0x25511b18|move: Aurora Veil\n|move|p2a: Dipplin|Giga Drain|p1a: Ninetales\n|-damage|p1a: Ninetales|24/242\n|\n|-weather|Snowscape|[upkeep]\n|upkeep\n|turn|22\n|inactive|Time left: 300 sec this turn | 300 sec total\n|\n|t:|1783569522\n|move|p1a: Ninetales|Blizzard|p2a: Dipplin\n|-supereffective|p2a: Dipplin\n|-damage|p2a: Dipplin|6/100\n|-status|p2a: Dipplin|frz\n|-curestatus|p2a: Dipplin|frz|[msg]\n|move|p2a: Dipplin|Giga Drain|p1a: Ninetales\n|-damage|p1a: Ninetales|0 fnt\n|-heal|p2a: Dipplin|10/100|[from] drain|[of] p1a: Ninetales\n|faint|p1a: Ninetales\n|\n|-weather|Snowscape|[upkeep]\n|upkeep\n|inactive|Time left: 300 sec this turn | 300 sec total | 5 sec grace\n|\n|t:|1783569522\n|switch|p1a: Venomoth|Venomoth, L84, M|255/255\n|turn|23\n|inactive|Time left: 300 sec this turn | 300 sec total\n|\n|t:|1783569523\n|switch|p2a: Iron Crown|Iron Crown, L78|80/100\n|move|p1a: Venomoth|Quiver Dance|p1a: Venomoth\n|-boost|p1a: Venomoth|spa|1\n|-boost|p1a: Venomoth|spd|1\n|-boost|p1a: Venomoth|spe|1\n|\n|-weather|Snowscape|[upkeep]\n|upkeep\n|turn|24\n|inactive|Time left: 300 sec this turn | 300 sec total\n|\n|t:|1783569524\n|move|p1a: Venomoth|Bug Buzz|p2a: Iron Crown\n|-crit|p2a: Iron Crown\n|-damage|p2a: Iron Crown|14/100\n|-unboost|p2a: Iron Crown|spd|1\n|move|p2a: Iron Crown|Psyshock|p1a: Venomoth\n|-supereffective|p1a: Venomoth\n|-damage|p1a: Venomoth|93/255\n|\n|-weather|none\n|upkeep\n|turn|25\n|inactive|Time left: 300 sec this turn | 300 sec total\n|\n|t:|1783569525\n|move|p1a: Venomoth|Bug Buzz|p2a: Iron Crown\n|-damage|p2a: Iron Crown|0 fnt\n|faint|p2a: Iron Crown\n|-end|p2a: Iron Crown|Quark Drive|[silent]\n|\n|upkeep\n|\n|t:|1783569526\n|switch|p2a: Donphan|Donphan, L84, M|100/100\n|turn|26\n|inactive|Time left: 300 sec this turn | 300 sec total\n|\n|t:|1783569527\n|move|p1a: Venomoth|Sleep Powder|p2a: Donphan|[miss]\n|-miss|p1a: Venomoth|p2a: Donphan\n|move|p2a: Donphan|Earthquake|p1a: Venomoth\n|-damage|p1a: Venomoth|15/255\n|\n|upkeep\n|turn|27\n|inactive|Time left: 300 sec this turn | 300 sec total\n|\n|t:|1783569528\n|move|p2a: Donphan|Ice Shard|p1a: Venomoth\n|-damage|p1a: Venomoth|0 fnt\n|faint|p1a: Venomoth\n|\n|upkeep\n|inactive|Time left: 300 sec this turn | 300 sec total | 5 sec grace\n|\n|t:|1783569529\n|switch|p1a: Overqwil|Overqwil, L82, M, tera:Dragon|122/274\n|-ability|p1a: Overqwil|Intimidate|boost\n|-unboost|p2a: Donphan|atk|1\n|turn|28\n|inactive|Time left: 300 sec this turn | 300 sec total\n|\n|t:|1783569530\n|move|p1a: Overqwil|Swords Dance|p1a: Overqwil\n|-boost|p1a: Overqwil|atk|2\n|move|p2a: Donphan|Rapid Spin|p1a: Overqwil\n|-damage|p1a: Overqwil|109/274\n|-boost|p2a: Donphan|spe|1\n|\n|-sideend|p1: p0x25511b18|move: Aurora Veil\n|upkeep\n|turn|29\n|inactive|Time left: 300 sec this turn | 300 sec total\n|\n|t:|1783569531\n|move|p2a: Donphan|Earthquake|p1a: Overqwil\n|-damage|p1a: Overqwil|28/274\n|move|p1a: Overqwil|Scale Shot|p2a: Donphan\n|-damage|p2a: Donphan|85/100\n|-damage|p2a: Donphan|68/100\n|-damage|p2a: Donphan|54/100\n|-damage|p2a: Donphan|38/100\n|-hitcount|p2a: Donphan|4\n|-unboost|p1a: Overqwil|def|1\n|-boost|p1a: Overqwil|spe|1\n|\n|upkeep\n|turn|30\n|inactive|Time left: 300 sec this turn | 300 sec total\n|\n|t:|1783569533\n|move|p2a: Donphan|Ice Shard|p1a: Overqwil\n|-supereffective|p1a: Overqwil\n|-damage|p1a: Overqwil|0 fnt\n|faint|p1a: Overqwil\n|\n|upkeep\n|inactive|Time left: 300 sec this turn | 300 sec total | 5 sec grace\n|\n|t:|1783569533\n|switch|p1a: Mewtwo|Mewtwo, L72|272/272\n|-ability|p1a: Mewtwo|Unnerve\n|turn|31\n|inactive|Time left: 300 sec this turn | 300 sec total\n|\n|t:|1783569534\n|switch|p2a: Dipplin|Dipplin, L88, F|10/100\n|move|p1a: Mewtwo|Nasty Plot|p1a: Mewtwo\n|-boost|p1a: Mewtwo|spa|2\n|\n|upkeep\n|turn|32\n|inactive|Time left: 300 sec this turn | 300 sec total\n|\n|t:|1783569535\n|move|p1a: Mewtwo|Psystrike|p2a: Dipplin\n|-damage|p2a: Dipplin|0 fnt\n|faint|p2a: Dipplin\n|-damage|p1a: Mewtwo|245/272|[from] item: Life Orb\n|\n|upkeep\n|\n|t:|1783569536\n|switch|p2a: Slither Wing|Slither Wing, L81|100/100\n|turn|33\n|inactive|Time left: 300 sec this turn | 300 sec total\n|\n|t:|1783569537\n|move|p2a: Slither Wing|First Impression|p1a: Mewtwo\n|-supereffective|p1a: Mewtwo\n|-damage|p1a: Mewtwo|0 fnt\n|faint|p1a: Mewtwo\n|-damage|p2a: Slither Wing|90/100|[from] item: Life Orb\n|\n|upkeep\n|inactive|Time left: 300 sec this turn | 300 sec total | 5 sec grace\n|\n|t:|1783569538\n|switch|p1a: Chandelure|Chandelure, L83, M|58/235\n|turn|34\n|inactive|Time left: 300 sec this turn | 300 sec total\n|\n|t:|1783569539\n|-end|p2a: Slither Wing|Protosynthesis|[silent]\n|switch|p2a: Veluza|Veluza, L85, M|28/100\n|move|p1a: Chandelure|Fire Blast|p2a: Veluza|[miss]\n|-miss|p1a: Chandelure|p2a: Veluza\n|\n|upkeep\n|turn|35\n|inactive|Time left: 300 sec this turn | 300 sec total\n|\n|t:|1783569540\n|-terastallize|p2a: Veluza|Dark\n|move|p1a: Chandelure|Fire Blast|p2a: Veluza\n|-crit|p2a: Veluza\n|-damage|p2a: Veluza|0 fnt\n|faint|p2a: Veluza\n|\n|upkeep\n|\n|t:|1783569541\n|switch|p2a: Slither Wing|Slither Wing, L81|90/100\n|turn|36\n|inactive|Time left: 300 sec this turn | 300 sec total\n|\n|t:|1783569542\n|move|p2a: Slither Wing|First Impression|p1a: Chandelure\n|-resisted|p1a: Chandelure\n|-damage|p1a: Chandelure|23/235\n|-damage|p2a: Slither Wing|80/100|[from] item: Life Orb\n|-activate|p1a: Chandelure|move: Struggle\n|move|p1a: Chandelure|Struggle|p2a: Slither Wing\n|-crit|p2a: Slither Wing\n|-damage|p2a: Slither Wing|69/100\n|-damage|p1a: Chandelure|0 fnt|[from] recoil\n|faint|p1a: Chandelure\n|\n|upkeep\n|inactive|Time left: 300 sec this turn | 300 sec total | 5 sec grace\n|\n|t:|1783569543\n|switch|p1a: Dondozo|Dondozo, L78, M|362/362\n|turn|37\n|inactive|Time left: 300 sec this turn | 300 sec total\n|\n|t:|1783569544\n|move|p2a: Slither Wing|Close Combat|p1a: Dondozo\n|-damage|p1a: Dondozo|190/362\n|-unboost|p2a: Slither Wing|def|1\n|-unboost|p2a: Slither Wing|spd|1\n|-damage|p2a: Slither Wing|59/100|[from] item: Life Orb\n|move|p1a: Dondozo|Curse|p1a: Dondozo\n|-unboost|p1a: Dondozo|spe|1\n|-boost|p1a: Dondozo|atk|1\n|-boost|p1a: Dondozo|def|1\n|\n|-heal|p1a: Dondozo|212/362|[from] item: Leftovers\n|upkeep\n|turn|38\n|inactive|Time left: 300 sec this turn | 300 sec total\n|\n|t:|1783569545\n|move|p2a: Slither Wing|Close Combat|p1a: Dondozo\n|-damage|p1a: Dondozo|83/362\n|-unboost|p2a: Slither Wing|def|1\n|-unboost|p2a: Slither Wing|spd|1\n|-damage|p2a: Slither Wing|49/100|[from] item: Life Orb\n|move|p1a: Dondozo|Curse|p1a: Dondozo\n|-unboost|p1a: Dondozo|spe|1\n|-boost|p1a: Dondozo|atk|1\n|-boost|p1a: Dondozo|def|1\n|\n|-heal|p1a: Dondozo|105/362|[from] item: Leftovers\n|upkeep\n|turn|39\n|inactive|Time left: 300 sec this turn | 300 sec total\n|\n|t:|1783569545\n|-end|p2a: Slither Wing|Protosynthesis|[silent]\n|switch|p2a: Donphan|Donphan, L84, M|38/100\n|move|p1a: Dondozo|Rest|p1a: Dondozo\n|-status|p1a: Dondozo|slp|[from] move: Rest\n|-heal|p1a: Dondozo|362/362 slp|[silent]\n|\n|upkeep\n|turn|40\n|inactive|Time left: 300 sec this turn | 300 sec total\n|\n|t:|1783569546\n|move|p2a: Donphan|Rapid Spin|p1a: Dondozo\n|-damage|p1a: Dondozo|343/362 slp\n|-boost|p2a: Donphan|spe|1\n|cant|p1a: Dondozo|slp\n|move|p1a: Dondozo|Sleep Talk|p1a: Dondozo\n|move|p1a: Dondozo|Curse|p1a: Dondozo|[from] move: Sleep Talk\n|-unboost|p1a: Dondozo|spe|1\n|-boost|p1a: Dondozo|atk|1\n|-boost|p1a: Dondozo|def|1\n|\n|-heal|p1a: Dondozo|362/362 slp|[from] item: Leftovers\n|upkeep\n|turn|41\n|inactive|Time left: 300 sec this turn | 300 sec total\n|\n|t:|1783569547\n|switch|p2a: Slither Wing|Slither Wing, L81|49/100\n|cant|p1a: Dondozo|slp\n|move|p1a: Dondozo|Sleep Talk|p1a: Dondozo\n|move|p1a: Dondozo|Wave Crash|p2a: Slither Wing|[from] move: Sleep Talk\n|-damage|p2a: Slither Wing|0 fnt\n|faint|p2a: Slither Wing\n|-end|p2a: Slither Wing|Protosynthesis|[silent]\n|-damage|p1a: Dondozo|318/362 slp|[from] Recoil\n|\n|-heal|p1a: Dondozo|340/362 slp|[from] item: Leftovers\n|upkeep\n|\n|t:|1783569548\n|switch|p2a: Donphan|Donphan, L84, M|38/100\n|turn|42\n|inactive|Time left: 300 sec this turn | 300 sec total\n|\n|t:|1783569549\n|move|p2a: Donphan|Ice Spinner|p1a: Dondozo\n|-resisted|p1a: Dondozo\n|-damage|p1a: Dondozo|328/362 slp\n|-curestatus|p1a: Dondozo|slp|[msg]\n|move|p1a: Dondozo|Wave Crash|p2a: Donphan\n|-supereffective|p2a: Donphan\n|-damage|p2a: Donphan|0 fnt\n|faint|p2a: Donphan\n|-damage|p1a: Dondozo|293/362|[from] Recoil\n|\n|win|p0x25511b18", "uploadtime": 1783569549, "views": 0, "rating": 0, "private": 0, "password": null, "_winner": "p0x25511b18", "_our_name": "p0x25511b18"}