{"id": "battle-gen9randombattle-891", "formatid": "gen9randombattle", "format": "[Gen 9] Random Battle", "players": ["p0x8919f61", "p0y891e62b"], "log": "|init|battle\n|title|p0x8919f61 vs. p0y891e62b\n|j|\u2606p0x8919f61\n|j|\u2606p0y891e62b\n|t:|1783550229\n|gametype|singles\n|player|p1|p0x8919f61|2|\n|player|p2|p0y891e62b|102|\n|gen|9\n|tier|[Gen 9] Random Battle\n|rule|Species Clause: Limit one of each Pok\u00e9mon\n|rule|HP Percentage Mod: HP is shown in percentages\n|rule|Sleep Clause Mod: Limit one foe put to sleep\n|rule|Illusion Level Mod: Illusion disguises the Pok\u00e9mon's true level\n|\n|t:|1783550229\n|teamsize|p1|6\n|teamsize|p2|6\n|start\n|switch|p1a: Morpeko|Morpeko, L88, M|100/100\n|switch|p2a: Blissey|Blissey, L85, F|572/572\n|turn|1\n|inactive|Battle timer is ON: inactive players will automatically lose when time's up. (requested by p0y891e62b)\n|inactive|p0x8919f61 also wants the timer to be on.\n|\n|t:|1783550230\n|switch|p2a: Ursaluna|Ursaluna, L79, F|335/335\n|move|p1a: Morpeko|Aura Wheel|p2a: Ursaluna\n|-immune|p2a: Ursaluna\n|\n|-status|p2a: Ursaluna|brn|[from] item: Flame Orb\n|-formechange|p1a: Morpeko|Morpeko-Hangry||[from] ability: Hunger Switch\n|upkeep\n|turn|2\n|inactive|Time left: 300 sec this turn | 300 sec total\n|\n|t:|1783550232\n|move|p1a: Morpeko|Protect|p1a: Morpeko\n|-singleturn|p1a: Morpeko|Protect\n|move|p2a: Ursaluna|Facade|p1a: Morpeko\n|-activate|p1a: Morpeko|move: Protect\n|\n|-damage|p2a: Ursaluna|315/335 brn|[from] brn\n|-formechange|p1a: Morpeko|Morpeko||[from] ability: Hunger Switch\n|upkeep\n|turn|3\n|inactive|Time left: 300 sec this turn | 300 sec total\n|\n|t:|1783550233\n|switch|p1a: Bellossom|Bellossom, L84, M|100/100\n|move|p2a: Ursaluna|Facade|p1a: Bellossom\n|-damage|p1a: Bellossom|9/100\n|\n|-heal|p1a: Bellossom|15/100|[from] item: Leftovers\n|-damage|p2a: Ursaluna|295/335 brn|[from] brn\n|upkeep\n|turn|4\n|inactive|Time left: 300 sec this turn | 300 sec total\n|\n|t:|1783550234\n|move|p1a: Bellossom|Strength Sap|p2a: Ursaluna\n|-unboost|p2a: Ursaluna|atk|1\n|-heal|p1a: Bellossom|100/100\n|move|p2a: Ursaluna|Facade|p1a: Bellossom\n|-damage|p1a: Bellossom|41/100\n|\n|-heal|p1a: Bellossom|47/100|[from] item: Leftovers\n|-damage|p2a: Ursaluna|275/335 brn|[from] brn\n|upkeep\n|turn|5\n|inactive|Time left: 300 sec this turn | 300 sec total\n|\n|t:|1783550235\n|switch|p2a: Kricketune|Kricketune, L99, F|312/312\n|move|p1a: Bellossom|Strength Sap|p2a: Kricketune\n|-unboost|p2a: Kricketune|atk|1\n|-heal|p1a: Bellossom|100/100\n|\n|upkeep\n|turn|6\n|inactive|Time left: 300 sec this turn | 300 sec total\n|\n|t:|1783550236\n|move|p2a: Kricketune|Sticky Web|p1a: Bellossom\n|-sidestart|p1: p0x8919f61|move: Sticky Web\n|move|p1a: Bellossom|Quiver Dance|p1a: Bellossom\n|-boost|p1a: Bellossom|spa|1\n|-boost|p1a: Bellossom|spd|1\n|-boost|p1a: Bellossom|spe|1\n|\n|upkeep\n|turn|7\n|inactive|Time left: 300 sec this turn | 300 sec total\n|\n|t:|1783550237\n|switch|p2a: Poliwrath|Poliwrath, L88, F|302/302\n|move|p1a: Bellossom|Quiver Dance|p1a: Bellossom\n|-boost|p1a: Bellossom|spa|1\n|-boost|p1a: Bellossom|spd|1\n|-boost|p1a: Bellossom|spe|1\n|\n|upkeep\n|turn|8\n|inactive|Time left: 300 sec this turn | 300 sec total\n|\n|t:|1783550238\n|move|p1a: Bellossom|Giga Drain|p2a: Poliwrath\n|-supereffective|p2a: Poliwrath\n|-damage|p2a: Poliwrath|126/302\n|move|p2a: Poliwrath|Circle Throw|p1a: Bellossom\n|-damage|p1a: Bellossom|76/100\n|drag|p1a: Kyurem|Kyurem, L77|100/100\n|-activate|p1a: Kyurem|move: Sticky Web\n|-unboost|p1a: Kyurem|spe|1\n|-ability|p1a: Kyurem|Pressure\n|\n|upkeep\n|turn|9\n|inactive|Time left: 300 sec this turn | 300 sec total\n|\n|t:|1783550240\n|move|p2a: Poliwrath|Knock Off|p1a: Kyurem\n|-damage|p1a: Kyurem|76/100\n|-enditem|p1a: Kyurem|Loaded Dice|[from] move: Knock Off|[of] p2a: Poliwrath\n|move|p1a: Kyurem|Scale Shot|p2a: Poliwrath\n|-damage|p2a: Poliwrath|99/302\n|-damage|p2a: Poliwrath|72/302\n|-crit|p2a: Poliwrath\n|-damage|p2a: Poliwrath|32/302\n|-hitcount|p2a: Poliwrath|3\n|-unboost|p1a: Kyurem|def|1\n|-boost|p1a: Kyurem|spe|1\n|\n|upkeep\n|turn|10\n|inactive|Time left: 300 sec this turn | 300 sec total\n|\n|t:|1783550241\n|switch|p2a: Magnezone|Magnezone, L85|258/258\n|move|p1a: Kyurem|Scale Shot|p2a: Magnezone\n|-resisted|p2a: Magnezone\n|-damage|p2a: Magnezone|246/258\n|-resisted|p2a: Magnezone\n|-damage|p2a: Magnezone|234/258\n|-hitcount|p2a: Magnezone|2\n|-unboost|p1a: Kyurem|def|1\n|-boost|p1a: Kyurem|spe|1\n|\n|-heal|p2a: Magnezone|250/258|[from] item: Leftovers\n|upkeep\n|turn|11\n|inactive|Time left: 300 sec this turn | 300 sec total\n|\n|t:|1783550242\n|-terastallize|p1a: Kyurem|Ground\n|-terastallize|p2a: Magnezone|Fighting\n|move|p1a: Kyurem|Tera Blast|p2a: Magnezone|[anim] Tera Blast Ground\n|-damage|p2a: Magnezone|166/258\n|move|p2a: Magnezone|Body Press|p1a: Kyurem\n|-damage|p1a: Kyurem|0 fnt\n|faint|p1a: Kyurem\n|\n|-heal|p2a: Magnezone|182/258|[from] item: Leftovers\n|upkeep\n|\n|t:|1783550243\n|switch|p1a: Staraptor|Staraptor, L79, F|100/100\n|turn|12\n|inactive|Time left: 300 sec this turn | 300 sec total\n|\n|t:|1783550244\n|switch|p2a: Klefki|Klefki, L84, F|233/233\n|move|p1a: Staraptor|Brave Bird|p2a: Klefki\n|-resisted|p2a: Klefki\n|-damage|p2a: Klefki|113/233\n|-damage|p1a: Staraptor|85/100|[from] Recoil\n|\n|-heal|p2a: Klefki|127/233|[from] item: Leftovers\n|upkeep\n|turn|13\n|inactive|Time left: 300 sec this turn | 300 sec total\n|\n|t:|1783550245\n|move|p1a: Staraptor|Brave Bird|p2a: Klefki\n|-resisted|p2a: Klefki\n|-damage|p2a: Klefki|10/233\n|-damage|p1a: Staraptor|70/100|[from] Recoil\n|move|p2a: Klefki|Play Rough|p1a: Staraptor\n|-damage|p1a: Staraptor|32/100\n|\n|-heal|p2a: Klefki|24/233|[from] item: Leftovers\n|upkeep\n|turn|14\n|inactive|Time left: 300 sec this turn | 300 sec total\n|\n|t:|1783550246\n|move|p2a: Klefki|Thunder Wave|p1a: Staraptor|[miss]\n|-miss|p2a: Klefki|p1a: Staraptor\n|move|p1a: Staraptor|Brave Bird|p2a: Klefki\n|-resisted|p2a: Klefki\n|-crit|p2a: Klefki\n|-damage|p2a: Klefki|0 fnt\n|faint|p2a: Klefki\n|-damage|p1a: Staraptor|29/100|[from] Recoil\n|\n|upkeep\n|inactive|Time left: 300 sec this turn | 300 sec total | 5 sec grace\n|\n|t:|1783550248\n|switch|p2a: Ursaluna|Ursaluna, L79, F|275/335 brn\n|turn|15\n|inactive|Time left: 300 sec this turn | 300 sec total\n|\n|t:|1783550249\n|move|p1a: Staraptor|Brave Bird|p2a: Ursaluna\n|-damage|p2a: Ursaluna|46/335 brn\n|-damage|p1a: Staraptor|0 fnt|[from] Recoil\n|faint|p1a: Staraptor\n|move|p2a: Ursaluna|Trailblaze|p1: Staraptor|[notarget]\n|-fail|p2a: Ursaluna\n|\n|-damage|p2a: Ursaluna|26/335 brn|[from] brn\n|upkeep\n|\n|t:|1783550250\n|switch|p1a: Morpeko|Morpeko, L88, M|100/100\n|-activate|p1a: Morpeko|move: Sticky Web\n|-unboost|p1a: Morpeko|spe|1\n|turn|16\n|inactive|Time left: 300 sec this turn | 300 sec total\n|\n|t:|1783550251\n|switch|p2a: Magnezone|Magnezone, L85, tera:Fighting|182/258\n|move|p1a: Morpeko|Rapid Spin|p2a: Magnezone\n|-damage|p2a: Magnezone|149/258\n|-boost|p1a: Morpeko|spe|1\n|-sideend|p1: p0x8919f61|Sticky Web|[from] move: Rapid Spin|[of] p1a: Morpeko\n|\n|-heal|p2a: Magnezone|165/258|[from] item: Leftovers\n|-formechange|p1a: Morpeko|Morpeko-Hangry||[from] ability: Hunger Switch\n|upkeep\n|turn|17\n|inactive|Time left: 300 sec this turn | 300 sec total\n|\n|t:|1783550252\n|switch|p1a: Bellossom|Bellossom, L84, M|76/100\n|move|p2a: Magnezone|Body Press|p1a: Bellossom\n|-crit|p1a: Bellossom\n|-damage|p1a: Bellossom|5/100\n|\n|-heal|p2a: Magnezone|181/258|[from] item: Leftovers\n|-heal|p1a: Bellossom|11/100|[from] item: Leftovers\n|upkeep\n|turn|18\n|inactive|Time left: 300 sec this turn | 300 sec total\n|\n|t:|1783550253\n|switch|p1a: Luxray|Luxray, L88, M|100/100\n|-ability|p1a: Luxray|Intimidate|boost\n|-unboost|p2a: Magnezone|atk|1\n|move|p2a: Magnezone|Body Press|p1a: Luxray\n|-damage|p1a: Luxray|55/100\n|\n|-heal|p2a: Magnezone|197/258|[from] item: Leftovers\n|upkeep\n|turn|19\n|inactive|Time left: 300 sec this turn | 300 sec total\n|\n|t:|1783550255\n|move|p1a: Luxray|Play Rough|p2a: Magnezone\n|-supereffective|p2a: Magnezone\n|-damage|p2a: Magnezone|55/258\n|move|p2a: Magnezone|Body Press|p1a: Luxray\n|-damage|p1a: Luxray|8/100\n|\n|-heal|p2a: Magnezone|71/258|[from] item: Leftovers\n|upkeep\n|turn|20\n|inactive|Time left: 300 sec this turn | 300 sec total\n|\n|t:|1783550256\n|switch|p2a: Kricketune|Kricketune, L99, F|312/312\n|move|p1a: Luxray|Wild Charge|p2a: Kricketune\n|-damage|p2a: Kricketune|168/312\n|-damage|p1a: Luxray|0 fnt|[from] Recoil\n|faint|p1a: Luxray\n|\n|upkeep\n|\n|t:|1783550257\n|switch|p1a: Morpeko|Morpeko, L88, M|100/100\n|turn|21\n|inactive|Time left: 300 sec this turn | 300 sec total\n|\n|t:|1783550258\n|move|p1a: Morpeko|Aura Wheel|p2a: Kricketune\n|-damage|p2a: Kricketune|17/312\n|-boost|p1a: Morpeko|spe|1\n|move|p2a: Kricketune|Pounce|p1a: Morpeko\n|-supereffective|p1a: Morpeko\n|-damage|p1a: Morpeko|3/100\n|-unboost|p1a: Morpeko|spe|1\n|\n|-heal|p1a: Morpeko|9/100|[from] item: Leftovers\n|-formechange|p1a: Morpeko|Morpeko-Hangry||[from] ability: Hunger Switch\n|upkeep\n|turn|22\n|inactive|Time left: 300 sec this turn | 300 sec total\n|\n|t:|1783550259\n|move|p1a: Morpeko|Aura Wheel|p2a: Kricketune\n|-damage|p2a: Kricketune|0 fnt\n|-boost|p1a: Morpeko|spe|1\n|faint|p2a: Kricketune\n|\n|-heal|p1a: Morpeko|15/100|[from] item: Leftovers\n|-formechange|p1a: Morpeko|Morpeko||[from] ability: Hunger Switch\n|upkeep\n|inactive|Time left: 300 sec this turn | 300 sec total | 5 sec grace\n|\n|t:|1783550260\n|switch|p2a: Blissey|Blissey, L85, F|572/572\n|turn|23\n|inactive|Time left: 300 sec this turn | 300 sec total\n|\n|t:|1783550261\n|move|p1a: Morpeko|Knock Off|p2a: Blissey\n|-damage|p2a: Blissey|248/572\n|-enditem|p2a: Blissey|Leftovers|[from] move: Knock Off|[of] p1a: Morpeko\n|move|p2a: Blissey|Seismic Toss|p1a: Morpeko\n|-damage|p1a: Morpeko|0 fnt\n|faint|p1a: Morpeko\n|\n|upkeep\n|\n|t:|1783550262\n|switch|p1a: Luvdisc|Luvdisc, M|100/100\n|turn|24\n|inactive|Time left: 300 sec this turn | 300 sec total\n|\n|t:|1783550263\n|switch|p1a: Bellossom|Bellossom, L84, M|11/100\n|switch|p2a: Poliwrath|Poliwrath, L88, F|32/302\n|\n|-heal|p1a: Bellossom|17/100|[from] item: Leftovers\n|upkeep\n|turn|25\n|inactive|Time left: 300 sec this turn | 300 sec total\n|\n|t:|1783550265\n|switch|p1a: Luvdisc|Luvdisc, M|100/100\n|move|p2a: Poliwrath|Knock Off|p1a: Luvdisc\n|-damage|p1a: Luvdisc|63/100\n|-enditem|p1a: Luvdisc|Heavy-Duty Boots|[from] move: Knock Off|[of] p2a: Poliwrath\n|\n|upkeep\n|turn|26\n|inactive|Time left: 300 sec this turn | 300 sec total\n|\n|t:|1783550266\n|move|p1a: Luvdisc|Substitute|p1a: Luvdisc\n|-start|p1a: Luvdisc|Substitute\n|-damage|p1a: Luvdisc|38/100\n|move|p2a: Poliwrath|Close Combat|p1a: Luvdisc\n|-end|p1a: Luvdisc|Substitute\n|-unboost|p2a: Poliwrath|def|1\n|-unboost|p2a: Poliwrath|spd|1\n|\n|upkeep\n|turn|27\n|inactive|Time left: 300 sec this turn | 300 sec total\n|\n|t:|1783550267\n|move|p1a: Luvdisc|Substitute|p1a: Luvdisc\n|-start|p1a: Luvdisc|Substitute\n|-damage|p1a: Luvdisc|13/100\n|move|p2a: Poliwrath|Close Combat|p1a: Luvdisc\n|-end|p1a: Luvdisc|Substitute\n|-unboost|p2a: Poliwrath|def|1\n|-unboost|p2a: Poliwrath|spd|1\n|\n|upkeep\n|turn|28\n|inactive|Time left: 300 sec this turn | 300 sec total\n|\n|t:|1783550268\n|move|p1a: Luvdisc|Endeavor|p2a: Poliwrath\n|-immune|p2a: Poliwrath\n|move|p2a: Poliwrath|Knock Off|p1a: Luvdisc\n|-damage|p1a: Luvdisc|0 fnt\n|faint|p1a: Luvdisc\n|\n|upkeep\n|\n|t:|1783550269\n|switch|p1a: Bellossom|Bellossom, L84, M|17/100\n|turn|29\n|inactive|Time left: 300 sec this turn | 300 sec total\n|\n|t:|1783550270\n|move|p2a: Poliwrath|Knock Off|p1a: Bellossom\n|-damage|p1a: Bellossom|0 fnt\n|-enditem|p1a: Bellossom|Leftovers|[from] move: Knock Off|[of] p2a: Poliwrath\n|faint|p1a: Bellossom\n|\n|win|p0y891e62b", "uploadtime": 1783550270, "views": 0, "rating": 0, "private": 0, "password": null, "_winner": "p0y891e62b", "_our_name": "p0y891e62b"}