{"id": "battle-gen9randombattle-1119", "formatid": "gen9randombattle", "format": "[Gen 9] Random Battle", "players": ["p0x1119537e", "p0y11196c44"], "log": "|init|battle\n|title|p0x1119537e vs. p0y11196c44\n|j|\u2606p0x1119537e\n|j|\u2606p0y11196c44\n|t:|1783552937\n|gametype|singles\n|player|p1|p0x1119537e|2|\n|player|p2|p0y11196c44|265|\n|gen|9\n|tier|[Gen 9] Random Battle\n|rule|Species Clause: Limit one of each Pok\u00e9mon\n|rule|HP Percentage Mod: HP is shown in percentages\n|rule|Sleep Clause Mod: Limit one foe put to sleep\n|rule|Illusion Level Mod: Illusion disguises the Pok\u00e9mon's true level\n|\n|t:|1783552937\n|teamsize|p1|6\n|teamsize|p2|6\n|start\n|switch|p1a: Ribombee|Ribombee, L83, M|100/100\n|switch|p2a: Mandibuzz|Mandibuzz, L85, F|326/326\n|turn|1\n|inactive|Battle timer is ON: inactive players will automatically lose when time's up. (requested by p0y11196c44)\n|inactive|p0x1119537e also wants the timer to be on.\n|\n|t:|1783552938\n|move|p1a: Ribombee|Quiver Dance|p1a: Ribombee\n|-boost|p1a: Ribombee|spa|1\n|-boost|p1a: Ribombee|spd|1\n|-boost|p1a: Ribombee|spe|1\n|move|p2a: Mandibuzz|Brave Bird|p1a: Ribombee\n|-supereffective|p1a: Ribombee\n|-damage|p1a: Ribombee|0 fnt\n|faint|p1a: Ribombee\n|-damage|p2a: Mandibuzz|248/326|[from] Recoil\n|\n|upkeep\n|\n|t:|1783552939\n|switch|p1a: Zamazenta|Zamazenta, L71|100/100\n|-ability|p1a: Zamazenta|Dauntless Shield|boost\n|-boost|p1a: Zamazenta|def|1\n|turn|2\n|inactive|Time left: 300 sec this turn | 300 sec total\n|\n|t:|1783552941\n|move|p1a: Zamazenta|Close Combat|p2a: Mandibuzz\n|-damage|p2a: Mandibuzz|109/326\n|-unboost|p1a: Zamazenta|def|1\n|-unboost|p1a: Zamazenta|spd|1\n|move|p2a: Mandibuzz|Brave Bird|p1a: Zamazenta\n|-supereffective|p1a: Zamazenta\n|-damage|p1a: Zamazenta|21/100\n|-damage|p2a: Mandibuzz|44/326|[from] Recoil\n|\n|upkeep\n|turn|3\n|inactive|Time left: 300 sec this turn | 300 sec total\n|\n|t:|1783552942\n|switch|p2a: Torkoal|Torkoal, L88, M|266/266\n|-weather|SunnyDay|[from] ability: Drought|[of] p2a: Torkoal\n|move|p1a: Zamazenta|Close Combat|p2a: Torkoal\n|-damage|p2a: Torkoal|166/266\n|-unboost|p1a: Zamazenta|def|1\n|-unboost|p1a: Zamazenta|spd|1\n|\n|-weather|SunnyDay|[upkeep]\n|upkeep\n|turn|4\n|inactive|Time left: 300 sec this turn | 300 sec total\n|\n|t:|1783552944\n|move|p1a: Zamazenta|Close Combat|p2a: Torkoal\n|-crit|p2a: Torkoal\n|-damage|p2a: Torkoal|0 fnt\n|-unboost|p1a: Zamazenta|def|1\n|-unboost|p1a: Zamazenta|spd|1\n|faint|p2a: Torkoal\n|\n|-weather|SunnyDay|[upkeep]\n|upkeep\n|inactive|Time left: 300 sec this turn | 300 sec total | 5 sec grace\n|\n|t:|1783552945\n|switch|p2a: Iron Boulder|Iron Boulder, L77|265/265\n|-enditem|p2a: Iron Boulder|Booster Energy\n|-activate|p2a: Iron Boulder|ability: Quark Drive|[fromitem]\n|-start|p2a: Iron Boulder|quarkdrivespe\n|turn|5\n|inactive|Time left: 300 sec this turn | 300 sec total\n|\n|t:|1783552946\n|switch|p1a: Cresselia|Cresselia, L80, F|100/100\n|move|p2a: Iron Boulder|Mighty Cleave|p1a: Cresselia\n|-damage|p1a: Cresselia|71/100\n|\n|-weather|SunnyDay|[upkeep]\n|-heal|p1a: Cresselia|77/100|[from] item: Leftovers\n|upkeep\n|turn|6\n|inactive|Time left: 300 sec this turn | 300 sec total\n|\n|t:|1783552947\n|move|p2a: Iron Boulder|Swords Dance|p2a: Iron Boulder\n|-boost|p2a: Iron Boulder|atk|2\n|move|p1a: Cresselia|Calm Mind|p1a: Cresselia\n|-boost|p1a: Cresselia|spa|1\n|-boost|p1a: Cresselia|spd|1\n|\n|-weather|SunnyDay|[upkeep]\n|-heal|p1a: Cresselia|83/100|[from] item: Leftovers\n|upkeep\n|turn|7\n|inactive|Time left: 300 sec this turn | 300 sec total\n|\n|t:|1783552948\n|move|p2a: Iron Boulder|Swords Dance|p2a: Iron Boulder\n|-boost|p2a: Iron Boulder|atk|2\n|move|p1a: Cresselia|Moonlight|p1a: Cresselia\n|-heal|p1a: Cresselia|100/100\n|\n|-weather|none\n|upkeep\n|turn|8\n|inactive|Time left: 300 sec this turn | 300 sec total\n|\n|t:|1783552949\n|move|p2a: Iron Boulder|Mighty Cleave|p1a: Cresselia\n|-damage|p1a: Cresselia|26/100\n|move|p1a: Cresselia|Moonlight|p1a: Cresselia\n|-heal|p1a: Cresselia|76/100\n|\n|-heal|p1a: Cresselia|82/100|[from] item: Leftovers\n|upkeep\n|turn|9\n|inactive|Time left: 300 sec this turn | 300 sec total\n|\n|t:|1783552950\n|switch|p1a: Excadrill|Excadrill, L79, F|100/100\n|-ability|p1a: Excadrill|Mold Breaker\n|move|p2a: Iron Boulder|Mighty Cleave|p1a: Excadrill\n|-resisted|p1a: Excadrill\n|-damage|p1a: Excadrill|69/100\n|\n|upkeep\n|turn|10\n|inactive|Time left: 300 sec this turn | 300 sec total\n|\n|t:|1783552951\n|switch|p1a: Talonflame|Talonflame, L83, F|100/100\n|move|p2a: Iron Boulder|Close Combat|p1a: Talonflame\n|-resisted|p1a: Talonflame\n|-damage|p1a: Talonflame|40/100\n|-unboost|p2a: Iron Boulder|def|1\n|-unboost|p2a: Iron Boulder|spd|1\n|-status|p2a: Iron Boulder|brn|[from] ability: Flame Body|[of] p1a: Talonflame\n|\n|-damage|p2a: Iron Boulder|249/265 brn|[from] brn\n|upkeep\n|turn|11\n|inactive|Time left: 300 sec this turn | 300 sec total\n|\n|t:|1783552952\n|switch|p1a: Cresselia|Cresselia, L80, F|82/100\n|move|p2a: Iron Boulder|Mighty Cleave|p1a: Cresselia\n|-damage|p1a: Cresselia|42/100\n|\n|-heal|p1a: Cresselia|48/100|[from] item: Leftovers\n|-damage|p2a: Iron Boulder|233/265 brn|[from] brn\n|upkeep\n|turn|12\n|inactive|Time left: 300 sec this turn | 300 sec total\n|\n|t:|1783552953\n|move|p2a: Iron Boulder|Mighty Cleave|p1a: Cresselia\n|-damage|p1a: Cresselia|10/100\n|move|p1a: Cresselia|Moonlight|p1a: Cresselia\n|-heal|p1a: Cresselia|60/100\n|\n|-heal|p1a: Cresselia|66/100|[from] item: Leftovers\n|-damage|p2a: Iron Boulder|217/265 brn|[from] brn\n|upkeep\n|turn|13\n|inactive|Time left: 300 sec this turn | 300 sec total\n|\n|t:|1783552953\n|move|p2a: Iron Boulder|Mighty Cleave|p1a: Cresselia\n|-damage|p1a: Cresselia|25/100\n|move|p1a: Cresselia|Moonlight|p1a: Cresselia\n|-heal|p1a: Cresselia|75/100\n|\n|-heal|p1a: Cresselia|81/100|[from] item: Leftovers\n|-damage|p2a: Iron Boulder|201/265 brn|[from] brn\n|upkeep\n|turn|14\n|inactive|Time left: 300 sec this turn | 300 sec total\n|\n|t:|1783552954\n|move|p2a: Iron Boulder|Mighty Cleave|p1a: Cresselia\n|-damage|p1a: Cresselia|43/100\n|move|p1a: Cresselia|Moonlight|p1a: Cresselia\n|-heal|p1a: Cresselia|93/100\n|\n|-heal|p1a: Cresselia|99/100|[from] item: Leftovers\n|-damage|p2a: Iron Boulder|185/265 brn|[from] brn\n|upkeep\n|turn|15\n|inactive|Time left: 300 sec this turn | 300 sec total\n|\n|t:|1783552955\n|move|p2a: Iron Boulder|Mighty Cleave|p1a: Cresselia\n|-crit|p1a: Cresselia\n|-damage|p1a: Cresselia|37/100\n|move|p1a: Cresselia|Calm Mind|p1a: Cresselia\n|-boost|p1a: Cresselia|spa|1\n|-boost|p1a: Cresselia|spd|1\n|\n|-heal|p1a: Cresselia|43/100|[from] item: Leftovers\n|-damage|p2a: Iron Boulder|169/265 brn|[from] brn\n|upkeep\n|turn|16\n|inactive|Time left: 300 sec this turn | 300 sec total\n|\n|t:|1783552956\n|move|p2a: Iron Boulder|Zen Headbutt|p1a: Cresselia\n|-resisted|p1a: Cresselia\n|-damage|p1a: Cresselia|26/100\n|move|p1a: Cresselia|Moonlight|p1a: Cresselia\n|-heal|p1a: Cresselia|76/100\n|\n|-heal|p1a: Cresselia|82/100|[from] item: Leftovers\n|-damage|p2a: Iron Boulder|153/265 brn|[from] brn\n|upkeep\n|turn|17\n|inactive|Time left: 300 sec this turn | 300 sec total\n|\n|t:|1783552957\n|move|p2a: Iron Boulder|Zen Headbutt|p1a: Cresselia\n|-resisted|p1a: Cresselia\n|-damage|p1a: Cresselia|64/100\n|move|p1a: Cresselia|Calm Mind|p1a: Cresselia\n|-boost|p1a: Cresselia|spa|1\n|-boost|p1a: Cresselia|spd|1\n|\n|-heal|p1a: Cresselia|70/100|[from] item: Leftovers\n|-damage|p2a: Iron Boulder|137/265 brn|[from] brn\n|upkeep\n|turn|18\n|inactive|Time left: 300 sec this turn | 300 sec total\n|\n|t:|1783552958\n|-end|p2a: Iron Boulder|Quark Drive|[silent]\n|switch|p2a: Gumshoos|Gumshoos, L95, M|321/321\n|move|p1a: Cresselia|Thunderbolt|p2a: Gumshoos\n|-damage|p2a: Gumshoos|209/321\n|\n|-heal|p1a: Cresselia|76/100|[from] item: Leftovers\n|upkeep\n|turn|19\n|inactive|Time left: 300 sec this turn | 300 sec total\n|\n|t:|1783552959\n|-terastallize|p1a: Cresselia|Electric\n|move|p1a: Cresselia|Thunderbolt|p2a: Gumshoos\n|-damage|p2a: Gumshoos|55/321\n|move|p2a: Gumshoos|Double-Edge|p1a: Cresselia\n|-damage|p1a: Cresselia|0 fnt\n|faint|p1a: Cresselia\n|-damage|p2a: Gumshoos|0 fnt|[from] Recoil\n|faint|p2a: Gumshoos\n|\n|upkeep\n|inactive|Time left: 300 sec this turn | 300 sec total | 5 sec grace\n|\n|t:|1783552960\n|switch|p1a: Zamazenta|Zamazenta, L71|21/100\n|switch|p2a: Iron Boulder|Iron Boulder, L77|137/265 brn\n|turn|20\n|inactive|Time left: 300 sec this turn | 300 sec total\n|\n|t:|1783552961\n|move|p1a: Zamazenta|Close Combat|p2a: Iron Boulder\n|-damage|p2a: Iron Boulder|0 fnt\n|-unboost|p1a: Zamazenta|def|1\n|-unboost|p1a: Zamazenta|spd|1\n|faint|p2a: Iron Boulder\n|-end|p2a: Iron Boulder|Quark Drive|[silent]\n|\n|upkeep\n|inactive|Time left: 300 sec this turn | 300 sec total | 5 sec grace\n|\n|t:|1783552962\n|switch|p2a: Shaymin|Shaymin, L82|298/298\n|turn|21\n|inactive|Time left: 300 sec this turn | 300 sec total\n|\n|t:|1783552963\n|move|p1a: Zamazenta|Close Combat|p2a: Shaymin\n|-damage|p2a: Shaymin|159/298\n|-unboost|p1a: Zamazenta|def|1\n|-unboost|p1a: Zamazenta|spd|1\n|move|p2a: Shaymin|Air Slash|p1a: Zamazenta\n|-supereffective|p1a: Zamazenta\n|-damage|p1a: Zamazenta|0 fnt\n|faint|p1a: Zamazenta\n|\n|-heal|p2a: Shaymin|177/298|[from] item: Leftovers\n|upkeep\n|\n|t:|1783552964\n|switch|p1a: Talonflame|Talonflame, L83, F|40/100\n|turn|22\n|inactive|Time left: 300 sec this turn | 300 sec total\n|\n|t:|1783552965\n|switch|p2a: Mandibuzz|Mandibuzz, L85, F|44/326\n|move|p1a: Talonflame|Overheat|p2a: Mandibuzz\n|-damage|p2a: Mandibuzz|0 fnt\n|-unboost|p1a: Talonflame|spa|2\n|faint|p2a: Mandibuzz\n|\n|upkeep\n|inactive|Time left: 300 sec this turn | 300 sec total | 5 sec grace\n|\n|t:|1783552966\n|switch|p2a: Ogerpon|Ogerpon-Wellspring, L76, F|247/247\n|turn|23\n|inactive|Time left: 300 sec this turn | 300 sec total\n|\n|t:|1783552967\n|-terastallize|p2a: Ogerpon|Water\n|detailschange|p2a: Ogerpon|Ogerpon-Wellspring-Tera, L76, F, tera:Water\n|-ability|p2a: Ogerpon|Embody Aspect (Wellspring)|boost\n|-boost|p2a: Ogerpon|spd|1\n|move|p1a: Talonflame|Brave Bird|p2a: Ogerpon\n|-damage|p2a: Ogerpon|129/247\n|-damage|p1a: Talonflame|26/100|[from] Recoil\n|move|p2a: Ogerpon|Ivy Cudgel|p1a: Talonflame|[anim] Ivy Cudgel Water\n|-supereffective|p1a: Talonflame\n|-crit|p1a: Talonflame\n|-damage|p1a: Talonflame|0 fnt\n|faint|p1a: Talonflame\n|\n|upkeep\n|\n|t:|1783552968\n|switch|p1a: Cryogonal|Cryogonal, L89|100/100\n|turn|24\n|inactive|Time left: 300 sec this turn | 300 sec total\n|\n|t:|1783552970\n|move|p1a: Cryogonal|Freeze-Dry|p2a: Ogerpon\n|-supereffective|p2a: Ogerpon\n|-damage|p2a: Ogerpon|19/247\n|move|p2a: Ogerpon|Swords Dance|p2a: Ogerpon\n|-boost|p2a: Ogerpon|atk|2\n|\n|upkeep\n|turn|25\n|inactive|Time left: 300 sec this turn | 300 sec total\n|\n|t:|1783552971\n|switch|p2a: Shaymin|Shaymin, L82|177/298\n|move|p1a: Cryogonal|Freeze-Dry|p2a: Shaymin\n|-supereffective|p2a: Shaymin\n|-damage|p2a: Shaymin|15/298\n|-status|p2a: Shaymin|frz\n|\n|-heal|p2a: Shaymin|33/298 frz|[from] item: Leftovers\n|upkeep\n|turn|26\n|inactive|Time left: 300 sec this turn | 300 sec total\n|\n|t:|1783552971\n|-curestatus|p2a: Shaymin|frz|[from] ability: Natural Cure|[silent]\n|switch|p2a: Ogerpon|Ogerpon-Wellspring-Tera, L76, F, tera:Water|19/247\n|-ability|p2a: Ogerpon|Embody Aspect (Wellspring)|boost\n|-boost|p2a: Ogerpon|spd|1\n|move|p1a: Cryogonal|Freeze-Dry|p2a: Ogerpon\n|-supereffective|p2a: Ogerpon\n|-damage|p2a: Ogerpon|0 fnt\n|faint|p2a: Ogerpon\n|detailschange|p2: Ogerpon|Ogerpon-Wellspring, L76, F|[silent]\n|\n|upkeep\n|inactive|Time left: 300 sec this turn | 300 sec total | 5 sec grace\n|\n|t:|1783552972\n|switch|p2a: Shaymin|Shaymin, L82|33/298\n|turn|27\n|inactive|Time left: 300 sec this turn | 300 sec total\n|\n|t:|1783552973\n|move|p1a: Cryogonal|Freeze-Dry|p2a: Shaymin\n|-supereffective|p2a: Shaymin\n|-damage|p2a: Shaymin|0 fnt\n|faint|p2a: Shaymin\n|\n|win|p0x1119537e", "uploadtime": 1783552973, "views": 0, "rating": 0, "private": 0, "password": null, "_winner": "p0x1119537e", "_our_name": "p0y11196c44"}