{"id": "battle-gen9randombattle-163", "formatid": "gen9randombattle", "format": "[Gen 9] Random Battle", "players": ["p0x1634bc3", "p0y16338a7"], "log": "|init|battle\n|title|p0x1634bc3 vs. p0y16338a7\n|j|\u2606p0x1634bc3\n|j|\u2606p0y16338a7\n|t:|1783535135\n|gametype|singles\n|player|p1|p0x1634bc3|1|\n|player|p2|p0y16338a7|266|\n|gen|9\n|tier|[Gen 9] Random Battle\n|rule|Species Clause: Limit one of each Pok\u00e9mon\n|rule|HP Percentage Mod: HP is shown in percentages\n|rule|Sleep Clause Mod: Limit one foe put to sleep\n|rule|Illusion Level Mod: Illusion disguises the Pok\u00e9mon's true level\n|\n|t:|1783535135\n|teamsize|p1|6\n|teamsize|p2|6\n|start\n|switch|p1a: Pelipper|Pelipper, L86, M|100/100\n|switch|p2a: Floatzel|Floatzel, L86, M|286/286\n|-weather|RainDance|[from] ability: Drizzle|[of] p1a: Pelipper\n|turn|1\n|inactive|Battle timer is ON: inactive players will automatically lose when time's up. (requested by p0y16338a7)\n|inactive|p0x1634bc3 also wants the timer to be on.\n|\n|t:|1783535136\n|move|p2a: Floatzel|Wave Crash|p1a: Pelipper\n|-resisted|p1a: Pelipper\n|-damage|p1a: Pelipper|38/100\n|-damage|p2a: Floatzel|236/286|[from] Recoil\n|move|p1a: Pelipper|Hurricane|p2a: Floatzel\n|-damage|p2a: Floatzel|52/286\n|-start|p2a: Floatzel|confusion\n|\n|-weather|RainDance|[upkeep]\n|upkeep\n|turn|2\n|inactive|Time left: 300 sec this turn | 300 sec total\n|\n|t:|1783535138\n|-activate|p2a: Floatzel|confusion\n|move|p2a: Floatzel|Wave Crash|p1a: Pelipper\n|-resisted|p1a: Pelipper\n|-damage|p1a: Pelipper|0 fnt\n|faint|p1a: Pelipper\n|-damage|p2a: Floatzel|22/286|[from] Recoil\n|\n|-weather|RainDance|[upkeep]\n|upkeep\n|\n|t:|1783535139\n|switch|p1a: Latias|Latias, L79, F|100/100\n|turn|3\n|inactive|Time left: 300 sec this turn | 300 sec total\n|\n|t:|1783535140\n|-activate|p2a: Floatzel|confusion\n|-damage|p2a: Floatzel|0 fnt|[from] confusion\n|faint|p2a: Floatzel\n|move|p1a: Latias|Calm Mind|p1a: Latias\n|-boost|p1a: Latias|spa|1\n|-boost|p1a: Latias|spd|1\n|\n|-weather|RainDance|[upkeep]\n|upkeep\n|inactive|Time left: 300 sec this turn | 300 sec total | 5 sec grace\n|\n|t:|1783535141\n|switch|p2a: Scizor|Scizor, L79, F|240/240\n|turn|4\n|inactive|Time left: 300 sec this turn | 300 sec total\n|\n|t:|1783535142\n|move|p1a: Latias|Psyshock|p2a: Scizor\n|-resisted|p2a: Scizor\n|-damage|p2a: Scizor|165/240\n|move|p2a: Scizor|Knock Off|p1a: Latias\n|-supereffective|p1a: Latias\n|-damage|p1a: Latias|19/100\n|-enditem|p1a: Latias|Soul Dew|[from] move: Knock Off|[of] p2a: Scizor\n|-damage|p2a: Scizor|141/240|[from] item: Life Orb\n|\n|-weather|RainDance|[upkeep]\n|upkeep\n|turn|5\n|inactive|Time left: 300 sec this turn | 300 sec total\n|\n|t:|1783535143\n|move|p1a: Latias|Draco Meteor|p2a: Scizor|[miss]\n|-miss|p1a: Latias|p2a: Scizor\n|move|p2a: Scizor|Swords Dance|p2a: Scizor\n|-boost|p2a: Scizor|atk|2\n|\n|-weather|none\n|upkeep\n|turn|6\n|inactive|Time left: 300 sec this turn | 300 sec total\n|\n|t:|1783535144\n|move|p2a: Scizor|Bullet Punch|p1a: Latias\n|-damage|p1a: Latias|0 fnt\n|faint|p1a: Latias\n|-damage|p2a: Scizor|117/240|[from] item: Life Orb\n|\n|upkeep\n|\n|t:|1783535145\n|switch|p1a: Houndoom|Houndoom, L87, F|100/100\n|turn|7\n|inactive|Time left: 300 sec this turn | 300 sec total\n|\n|t:|1783535146\n|move|p2a: Scizor|Bullet Punch|p1a: Houndoom\n|-resisted|p1a: Houndoom\n|-damage|p1a: Houndoom|52/100\n|-damage|p2a: Scizor|93/240|[from] item: Life Orb\n|move|p1a: Houndoom|Fire Blast|p2a: Scizor|[miss]\n|-miss|p1a: Houndoom|p2a: Scizor\n|\n|upkeep\n|turn|8\n|inactive|Time left: 300 sec this turn | 300 sec total\n|\n|t:|1783535147\n|-terastallize|p2a: Scizor|Steel\n|move|p1a: Houndoom|Sucker Punch|p2a: Scizor\n|-damage|p2a: Scizor|20/240\n|move|p2a: Scizor|Bullet Punch|p1a: Houndoom\n|-resisted|p1a: Houndoom\n|-damage|p1a: Houndoom|0 fnt\n|faint|p1a: Houndoom\n|-damage|p2a: Scizor|0 fnt|[from] item: Life Orb\n|faint|p2a: Scizor\n|\n|upkeep\n|inactive|Time left: 300 sec this turn | 300 sec total | 5 sec grace\n|\n|t:|1783535148\n|switch|p1a: Mesprit|Mesprit, L85|100/100\n|switch|p2a: Hitmontop|Hitmontop, L88, M|231/231\n|turn|9\n|inactive|Time left: 300 sec this turn | 300 sec total\n|\n|t:|1783535149\n|switch|p2a: Espathra|Espathra, L80, M|283/283\n|move|p1a: Mesprit|Psychic Noise|p2a: Espathra\n|-resisted|p2a: Espathra\n|-damage|p2a: Espathra|223/283\n|-start|p2a: Espathra|move: Heal Block\n|\n|upkeep\n|turn|10\n|inactive|Time left: 300 sec this turn | 300 sec total\n|\n|t:|1783535150\n|move|p2a: Espathra|Substitute|p2a: Espathra\n|-start|p2a: Espathra|Substitute\n|-damage|p2a: Espathra|153/283\n|move|p1a: Mesprit|Ice Beam|p2a: Espathra\n|-end|p2a: Espathra|Substitute\n|\n|-end|p2a: Espathra|move: Heal Block\n|-ability|p2a: Espathra|Speed Boost|boost\n|-boost|p2a: Espathra|spe|1\n|upkeep\n|turn|11\n|inactive|Time left: 300 sec this turn | 300 sec total\n|\n|t:|1783535151\n|move|p2a: Espathra|Calm Mind|p2a: Espathra\n|-boost|p2a: Espathra|spa|1\n|-boost|p2a: Espathra|spd|1\n|move|p1a: Mesprit|Thunderbolt|p2a: Espathra\n|-damage|p2a: Espathra|91/283\n|\n|-heal|p2a: Espathra|108/283|[from] item: Leftovers\n|-ability|p2a: Espathra|Speed Boost|boost\n|-boost|p2a: Espathra|spe|1\n|upkeep\n|turn|12\n|inactive|Time left: 300 sec this turn | 300 sec total\n|\n|t:|1783535151\n|move|p2a: Espathra|Calm Mind|p2a: Espathra\n|-boost|p2a: Espathra|spa|1\n|-boost|p2a: Espathra|spd|1\n|move|p1a: Mesprit|Ice Beam|p2a: Espathra\n|-damage|p2a: Espathra|61/283\n|\n|-heal|p2a: Espathra|78/283|[from] item: Leftovers\n|-ability|p2a: Espathra|Speed Boost|boost\n|-boost|p2a: Espathra|spe|1\n|upkeep\n|turn|13\n|inactive|Time left: 300 sec this turn | 300 sec total\n|\n|t:|1783535152\n|move|p2a: Espathra|Calm Mind|p2a: Espathra\n|-boost|p2a: Espathra|spa|1\n|-boost|p2a: Espathra|spd|1\n|move|p1a: Mesprit|Thunderbolt|p2a: Espathra\n|-damage|p2a: Espathra|36/283\n|\n|-heal|p2a: Espathra|53/283|[from] item: Leftovers\n|-ability|p2a: Espathra|Speed Boost|boost\n|-boost|p2a: Espathra|spe|1\n|upkeep\n|turn|14\n|inactive|Time left: 300 sec this turn | 300 sec total\n|\n|t:|1783535153\n|move|p2a: Espathra|Stored Power|p1a: Mesprit\n|-resisted|p1a: Mesprit\n|-damage|p1a: Mesprit|41/100\n|move|p1a: Mesprit|Ice Beam|p2a: Espathra\n|-damage|p2a: Espathra|11/283\n|\n|-heal|p2a: Espathra|28/283|[from] item: Leftovers\n|-ability|p2a: Espathra|Speed Boost|boost\n|-boost|p2a: Espathra|spe|1\n|upkeep\n|turn|15\n|inactive|Time left: 300 sec this turn | 300 sec total\n|\n|t:|1783535154\n|move|p2a: Espathra|Stored Power|p1a: Mesprit\n|-resisted|p1a: Mesprit\n|-damage|p1a: Mesprit|0 fnt\n|faint|p1a: Mesprit\n|\n|-heal|p2a: Espathra|45/283|[from] item: Leftovers\n|-ability|p2a: Espathra|Speed Boost|boost\n|-boost|p2a: Espathra|spe|1\n|upkeep\n|\n|t:|1783535155\n|switch|p1a: Dedenne|Dedenne, L88, F|100/100\n|turn|16\n|inactive|Time left: 300 sec this turn | 300 sec total\n|\n|t:|1783535156\n|move|p2a: Espathra|Stored Power|p1a: Dedenne\n|-damage|p1a: Dedenne|0 fnt\n|faint|p1a: Dedenne\n|\n|-heal|p2a: Espathra|62/283|[from] item: Leftovers\n|upkeep\n|\n|t:|1783535157\n|switch|p1a: Zoroark|Zoroark-Hisui, L80, M|100/100\n|turn|17\n|inactive|Time left: 300 sec this turn | 300 sec total\n|\n|t:|1783535158\n|-terastallize|p1a: Zoroark|Fighting\n|move|p2a: Espathra|Stored Power|p1a: Zoroark\n|-supereffective|p1a: Zoroark\n|-damage|p1a: Zoroark|0 fnt\n|faint|p1a: Zoroark\n|\n|win|p0y16338a7", "uploadtime": 1783535158, "views": 0, "rating": 0, "private": 0, "password": null, "_winner": "p0y16338a7", "_our_name": "p0y16338a7"}