{"id": "battle-gen9randombattle-1006", "formatid": "gen9randombattle", "format": "[Gen 9] Random Battle", "players": ["p0x100625a3", "p0y10067f1a"], "log": "|init|battle\n|title|p0x100625a3 vs. p0y10067f1a\n|j|\u2606p0x100625a3\n|j|\u2606p0y10067f1a\n|t:|1783551566\n|gametype|singles\n|player|p1|p0x100625a3|170|\n|player|p2|p0y10067f1a|2|\n|gen|9\n|tier|[Gen 9] Random Battle\n|rule|Species Clause: Limit one of each Pok\u00e9mon\n|rule|HP Percentage Mod: HP is shown in percentages\n|rule|Sleep Clause Mod: Limit one foe put to sleep\n|rule|Illusion Level Mod: Illusion disguises the Pok\u00e9mon's true level\n|\n|t:|1783551566\n|teamsize|p1|6\n|teamsize|p2|6\n|start\n|switch|p1a: Jirachi|Jirachi, L80|100/100\n|switch|p2a: Scizor|Scizor, L79, F|240/240\n|turn|1\n|inactive|Battle timer is ON: inactive players will automatically lose when time's up. (requested by p0x100625a3)\n|inactive|Time left: 300 sec this turn | 300 sec total | 60 sec grace\n|inactive|p0y10067f1a also wants the timer to be on.\n|\n|t:|1783551567\n|move|p1a: Jirachi|Psychic|p2a: Scizor\n|-resisted|p2a: Scizor\n|-damage|p2a: Scizor|191/240\n|move|p2a: Scizor|Swords Dance|p2a: Scizor\n|-boost|p2a: Scizor|atk|2\n|\n|upkeep\n|turn|2\n|inactive|Time left: 300 sec this turn | 300 sec total\n|\n|t:|1783551569\n|switch|p1a: Vespiquen|Vespiquen, L99, F|100/100\n|-ability|p1a: Vespiquen|Pressure\n|move|p2a: Scizor|Knock Off|p1a: Vespiquen\n|-damage|p1a: Vespiquen|50/100\n|-enditem|p1a: Vespiquen|Heavy-Duty Boots|[from] move: Knock Off|[of] p2a: Scizor\n|-damage|p2a: Scizor|167/240|[from] item: Life Orb\n|\n|upkeep\n|turn|3\n|inactive|Time left: 300 sec this turn | 300 sec total\n|\n|t:|1783551570\n|move|p2a: Scizor|Knock Off|p1a: Vespiquen\n|-damage|p1a: Vespiquen|14/100\n|-damage|p2a: Scizor|143/240|[from] item: Life Orb\n|move|p1a: Vespiquen|Hurricane|p2a: Scizor\n|-damage|p2a: Scizor|0 fnt\n|faint|p2a: Scizor\n|\n|upkeep\n|inactive|Time left: 300 sec this turn | 300 sec total | 5 sec grace\n|\n|t:|1783551571\n|switch|p2a: Eelektross|Eelektross, L87, F|290/290\n|turn|4\n|inactive|Time left: 300 sec this turn | 300 sec total\n|\n|t:|1783551573\n|move|p2a: Eelektross|Supercell Slam|p1a: Vespiquen\n|-supereffective|p1a: Vespiquen\n|-damage|p1a: Vespiquen|0 fnt\n|faint|p1a: Vespiquen\n|\n|upkeep\n|\n|t:|1783551574\n|switch|p1a: Misdreavus|Misdreavus, L90, F|100/100\n|turn|5\n|inactive|Time left: 300 sec this turn | 300 sec total\n|\n|t:|1783551575\n|move|p1a: Misdreavus|Will-O-Wisp|p2a: Eelektross\n|-status|p2a: Eelektross|brn\n|move|p2a: Eelektross|Knock Off|p1a: Misdreavus\n|-supereffective|p1a: Misdreavus\n|-damage|p1a: Misdreavus|73/100\n|-enditem|p1a: Misdreavus|Eviolite|[from] move: Knock Off|[of] p2a: Eelektross\n|\n|-damage|p2a: Eelektross|272/290 brn|[from] brn\n|upkeep\n|turn|6\n|inactive|Time left: 300 sec this turn | 300 sec total\n|\n|t:|1783551576\n|move|p1a: Misdreavus|Calm Mind|p1a: Misdreavus\n|-boost|p1a: Misdreavus|spa|1\n|-boost|p1a: Misdreavus|spd|1\n|move|p2a: Eelektross|Coil|p2a: Eelektross\n|-boost|p2a: Eelektross|atk|1\n|-boost|p2a: Eelektross|def|1\n|-boost|p2a: Eelektross|accuracy|1\n|\n|-heal|p2a: Eelektross|290/290 brn|[from] item: Leftovers\n|-damage|p2a: Eelektross|272/290 brn|[from] brn\n|upkeep\n|turn|7\n|inactive|Time left: 300 sec this turn | 300 sec total\n|\n|t:|1783551577\n|move|p1a: Misdreavus|Shadow Ball|p2a: Eelektross\n|-damage|p2a: Eelektross|137/290 brn\n|-unboost|p2a: Eelektross|spd|1\n|move|p2a: Eelektross|Supercell Slam|p1a: Misdreavus\n|-damage|p1a: Misdreavus|30/100\n|\n|-heal|p2a: Eelektross|155/290 brn|[from] item: Leftovers\n|-damage|p2a: Eelektross|137/290 brn|[from] brn\n|upkeep\n|turn|8\n|inactive|Time left: 300 sec this turn | 300 sec total\n|\n|t:|1783551578\n|move|p1a: Misdreavus|Shadow Ball|p2a: Eelektross\n|-damage|p2a: Eelektross|0 fnt\n|faint|p2a: Eelektross\n|\n|upkeep\n|inactive|Time left: 300 sec this turn | 300 sec total | 5 sec grace\n|\n|t:|1783551579\n|switch|p2a: Cresselia|Cresselia, L80, F|323/323\n|turn|9\n|inactive|Time left: 300 sec this turn | 300 sec total\n|\n|t:|1783551581\n|move|p1a: Misdreavus|Shadow Ball|p2a: Cresselia\n|-supereffective|p2a: Cresselia\n|-damage|p2a: Cresselia|113/323\n|move|p2a: Cresselia|Psyshock|p1a: Misdreavus\n|-damage|p1a: Misdreavus|0 fnt\n|faint|p1a: Misdreavus\n|\n|-heal|p2a: Cresselia|133/323|[from] item: Leftovers\n|upkeep\n|\n|t:|1783551582\n|switch|p1a: Veluza|Veluza, L85, M|100/100\n|turn|10\n|inactive|Time left: 300 sec this turn | 300 sec total\n|\n|t:|1783551583\n|move|p2a: Cresselia|Moonlight|p2a: Cresselia\n|-heal|p2a: Cresselia|294/323\n|move|p1a: Veluza|Fillet Away|p1a: Veluza\n|-boost|p1a: Veluza|atk|2\n|-boost|p1a: Veluza|spa|2\n|-boost|p1a: Veluza|spe|2\n|-damage|p1a: Veluza|50/100\n|-enditem|p1a: Veluza|Sitrus Berry|[eat]\n|-heal|p1a: Veluza|75/100|[from] item: Sitrus Berry\n|\n|-heal|p2a: Cresselia|314/323|[from] item: Leftovers\n|upkeep\n|turn|11\n|inactive|Time left: 300 sec this turn | 300 sec total\n|\n|t:|1783551584\n|move|p1a: Veluza|Aqua Cutter|p2a: Cresselia\n|-damage|p2a: Cresselia|104/323\n|move|p2a: Cresselia|Thunderbolt|p1a: Veluza\n|-supereffective|p1a: Veluza\n|-damage|p1a: Veluza|36/100\n|\n|-heal|p2a: Cresselia|124/323|[from] item: Leftovers\n|upkeep\n|turn|12\n|inactive|Time left: 300 sec this turn | 300 sec total\n|\n|t:|1783551585\n|move|p1a: Veluza|Aqua Cutter|p2a: Cresselia\n|-damage|p2a: Cresselia|0 fnt\n|faint|p2a: Cresselia\n|\n|upkeep\n|inactive|Time left: 300 sec this turn | 300 sec total | 5 sec grace\n|\n|t:|1783551586\n|switch|p2a: Palossand|Palossand, L89, M|296/296\n|turn|13\n|inactive|Time left: 300 sec this turn | 300 sec total\n|\n|t:|1783551587\n|-terastallize|p2a: Palossand|Water\n|move|p1a: Veluza|Aqua Cutter|p2a: Palossand\n|-resisted|p2a: Palossand\n|-damage|p2a: Palossand|199/296\n|-ability|p2a: Palossand|Water Compaction|boost\n|-boost|p2a: Palossand|def|2\n|move|p2a: Palossand|Earth Power|p1a: Veluza\n|-damage|p1a: Veluza|0 fnt\n|faint|p1a: Veluza\n|\n|-heal|p2a: Palossand|217/296|[from] item: Leftovers\n|upkeep\n|\n|t:|1783551588\n|switch|p1a: Wo-Chien|Wo-Chien, L83|100/100\n|-ability|p1a: Wo-Chien|Tablets of Ruin\n|turn|14\n|inactive|Time left: 300 sec this turn | 300 sec total\n|\n|t:|1783551589\n|move|p1a: Wo-Chien|Leech Seed|p2a: Palossand\n|-start|p2a: Palossand|move: Leech Seed\n|move|p2a: Palossand|Shore Up|p2a: Palossand\n|-heal|p2a: Palossand|296/296\n|\n|-damage|p2a: Palossand|259/296|[from] Leech Seed|[of] p1a: Wo-Chien\n|upkeep\n|turn|15\n|inactive|Time left: 300 sec this turn | 300 sec total\n|\n|t:|1783551589\n|move|p1a: Wo-Chien|Knock Off|p2a: Palossand\n|-damage|p2a: Palossand|220/296\n|-enditem|p2a: Palossand|Leftovers|[from] move: Knock Off|[of] p1a: Wo-Chien\n|move|p2a: Palossand|Stealth Rock|p1a: Wo-Chien\n|-sidestart|p1: p0x100625a3|move: Stealth Rock\n|\n|-damage|p2a: Palossand|183/296|[from] Leech Seed|[of] p1a: Wo-Chien\n|upkeep\n|turn|16\n|inactive|Time left: 300 sec this turn | 300 sec total\n|\n|t:|1783551590\n|move|p1a: Wo-Chien|Ruination|p2a: Palossand\n|-damage|p2a: Palossand|92/296\n|move|p2a: Palossand|Shore Up|p2a: Palossand\n|-heal|p2a: Palossand|240/296\n|\n|-damage|p2a: Palossand|203/296|[from] Leech Seed|[of] p1a: Wo-Chien\n|upkeep\n|turn|17\n|inactive|Time left: 300 sec this turn | 300 sec total\n|\n|t:|1783551591\n|move|p1a: Wo-Chien|Ruination|p2a: Palossand|[miss]\n|-miss|p1a: Wo-Chien|p2a: Palossand\n|move|p2a: Palossand|Shore Up|p2a: Palossand\n|-heal|p2a: Palossand|296/296\n|\n|-damage|p2a: Palossand|259/296|[from] Leech Seed|[of] p1a: Wo-Chien\n|upkeep\n|turn|18\n|inactive|Time left: 300 sec this turn | 300 sec total\n|\n|t:|1783551592\n|switch|p2a: Flapple|Flapple, L88, M|266/266\n|move|p1a: Wo-Chien|Ruination|p2a: Flapple\n|-damage|p2a: Flapple|133/266\n|\n|upkeep\n|turn|19\n|inactive|Time left: 300 sec this turn | 300 sec total\n|\n|t:|1783551593\n|move|p2a: Flapple|Outrage|p1a: Wo-Chien\n|-damage|p1a: Wo-Chien|43/100\n|move|p1a: Wo-Chien|Knock Off|p2a: Flapple\n|-damage|p2a: Flapple|43/266\n|-enditem|p2a: Flapple|Wide Lens|[from] move: Knock Off|[of] p1a: Wo-Chien\n|\n|-heal|p1a: Wo-Chien|49/100|[from] item: Leftovers\n|upkeep\n|turn|20\n|inactive|Time left: 300 sec this turn | 300 sec total\n|\n|t:|1783551594\n|switch|p1a: Jirachi|Jirachi, L80|100/100\n|-damage|p1a: Jirachi|94/100|[from] Stealth Rock\n|move|p2a: Flapple|Outrage|p1a: Jirachi|[from] lockedmove|[miss]\n|-miss|p2a: Flapple|p1a: Jirachi\n|\n|-heal|p1a: Jirachi|100/100|[from] item: Leftovers\n|upkeep\n|turn|21\n|inactive|Time left: 300 sec this turn | 300 sec total\n|\n|t:|1783551594\n|move|p2a: Flapple|Sucker Punch|p1a: Jirachi|[miss]\n|-miss|p2a: Flapple|p1a: Jirachi\n|move|p1a: Jirachi|Psychic|p2a: Flapple\n|-damage|p2a: Flapple|0 fnt\n|faint|p2a: Flapple\n|\n|upkeep\n|inactive|Time left: 300 sec this turn | 300 sec total | 5 sec grace\n|\n|t:|1783551595\n|switch|p2a: Rhyperior|Rhyperior, L82, M|323/323\n|turn|22\n|inactive|Time left: 300 sec this turn | 300 sec total\n|\n|t:|1783551596\n|move|p1a: Jirachi|Psychic|p2a: Rhyperior\n|-damage|p2a: Rhyperior|182/323\n|move|p2a: Rhyperior|Earthquake|p1a: Jirachi\n|-supereffective|p1a: Jirachi\n|-damage|p1a: Jirachi|0 fnt\n|faint|p1a: Jirachi\n|\n|upkeep\n|\n|t:|1783551597\n|switch|p1a: Bastiodon|Bastiodon, L89, F|100/100\n|-damage|p1a: Bastiodon|95/100|[from] Stealth Rock\n|turn|23\n|inactive|Time left: 300 sec this turn | 300 sec total\n|\n|t:|1783551598\n|-terastallize|p1a: Bastiodon|Fighting\n|move|p2a: Rhyperior|Earthquake|p1a: Bastiodon\n|-damage|p1a: Bastiodon|47/100\n|move|p1a: Bastiodon|Iron Defense|p1a: Bastiodon\n|-boost|p1a: Bastiodon|def|2\n|\n|upkeep\n|turn|24\n|inactive|Time left: 300 sec this turn | 300 sec total\n|\n|t:|1783551599\n|switch|p2a: Palossand|Palossand, L89, M, tera:Water|259/296\n|move|p1a: Bastiodon|Body Press|p2a: Palossand\n|-damage|p2a: Palossand|19/296\n|\n|upkeep\n|turn|25\n|inactive|Time left: 300 sec this turn | 300 sec total\n|\n|t:|1783551600\n|move|p2a: Palossand|Earth Power|p1a: Bastiodon\n|-damage|p1a: Bastiodon|20/100\n|move|p1a: Bastiodon|Body Press|p2a: Palossand\n|-damage|p2a: Palossand|0 fnt\n|faint|p2a: Palossand\n|\n|upkeep\n|inactive|Time left: 300 sec this turn | 300 sec total | 5 sec grace\n|\n|t:|1783551601\n|switch|p2a: Rhyperior|Rhyperior, L82, M|182/323\n|turn|26\n|inactive|Time left: 300 sec this turn | 300 sec total\n|\n|t:|1783551601\n|move|p2a: Rhyperior|Ice Punch|p1a: Bastiodon\n|-damage|p1a: Bastiodon|8/100\n|move|p1a: Bastiodon|Body Press|p2a: Rhyperior\n|-supereffective|p2a: Rhyperior\n|-damage|p2a: Rhyperior|0 fnt\n|faint|p2a: Rhyperior\n|\n|win|p0x100625a3", "uploadtime": 1783551601, "views": 0, "rating": 0, "private": 0, "password": null, "_winner": "p0x100625a3", "_our_name": "p0y10067f1a"}