{"id": "battle-gen9randombattle-54", "formatid": "gen9randombattle", "format": "[Gen 9] Random Battle", "players": ["p0x0540d38", "p0y054b554"], "log": "|init|battle\n|title|p0x0540d38 vs. p0y054b554\n|j|\u2606p0x0540d38\n|j|\u2606p0y054b554\n|t:|1783540076\n|gametype|singles\n|player|p1|p0x0540d38|2|\n|player|p2|p0y054b554|169|\n|gen|9\n|tier|[Gen 9] Random Battle\n|rule|Species Clause: Limit one of each Pok\u00e9mon\n|rule|HP Percentage Mod: HP is shown in percentages\n|rule|Sleep Clause Mod: Limit one foe put to sleep\n|rule|Illusion Level Mod: Illusion disguises the Pok\u00e9mon's true level\n|\n|t:|1783540076\n|teamsize|p1|6\n|teamsize|p2|6\n|start\n|switch|p1a: Houndoom|Houndoom, L87, F|100/100\n|switch|p2a: Pincurchin|Pincurchin, M|258/258\n|-fieldstart|move: Electric Terrain|[from] ability: Electric Surge|[of] p2a: Pincurchin\n|turn|1\n|inactive|Battle timer is ON: inactive players will automatically lose when time's up. (requested by p0y054b554)\n|inactive|p0x0540d38 also wants the timer to be on.\n|\n|t:|1783540077\n|move|p1a: Houndoom|Dark Pulse|p2a: Pincurchin\n|-crit|p2a: Pincurchin\n|-damage|p2a: Pincurchin|123/258\n|move|p2a: Pincurchin|Discharge|p1a: Houndoom\n|-damage|p1a: Houndoom|41/100\n|\n|-heal|p2a: Pincurchin|139/258|[from] item: Leftovers\n|upkeep\n|turn|2\n|inactive|Time left: 300 sec this turn | 300 sec total\n|\n|t:|1783540078\n|move|p1a: Houndoom|Fire Blast|p2a: Pincurchin\n|-damage|p2a: Pincurchin|13/258\n|move|p2a: Pincurchin|Discharge|p1a: Houndoom\n|-damage|p1a: Houndoom|0 fnt\n|faint|p1a: Houndoom\n|\n|-heal|p2a: Pincurchin|29/258|[from] item: Leftovers\n|upkeep\n|\n|t:|1783540079\n|switch|p1a: Morpeko|Morpeko, L88, M|100/100\n|turn|3\n|inactive|Time left: 300 sec this turn | 300 sec total\n|\n|t:|1783540081\n|switch|p2a: Qwilfish|Qwilfish-Hisui, L83, M|244/244\n|-ability|p2a: Qwilfish|Intimidate|boost\n|-unboost|p1a: Morpeko|atk|1\n|move|p1a: Morpeko|Aura Wheel|p2a: Qwilfish\n|-damage|p2a: Qwilfish|175/244\n|-boost|p1a: Morpeko|spe|1\n|\n|-formechange|p1a: Morpeko|Morpeko-Hangry||[from] ability: Hunger Switch\n|upkeep\n|turn|4\n|inactive|Time left: 300 sec this turn | 300 sec total\n|\n|t:|1783540082\n|move|p1a: Morpeko|Aura Wheel|p2a: Qwilfish\n|-resisted|p2a: Qwilfish\n|-damage|p2a: Qwilfish|145/244\n|-boost|p1a: Morpeko|spe|1\n|move|p2a: Qwilfish|Gunk Shot|p1a: Morpeko\n|-damage|p1a: Morpeko|36/100\n|\n|-formechange|p1a: Morpeko|Morpeko||[from] ability: Hunger Switch\n|upkeep\n|turn|5\n|inactive|Time left: 300 sec this turn | 300 sec total\n|\n|t:|1783540083\n|move|p1a: Morpeko|Aura Wheel|p2a: Qwilfish\n|-damage|p2a: Qwilfish|70/244\n|-boost|p1a: Morpeko|spe|1\n|move|p2a: Qwilfish|Gunk Shot|p1a: Morpeko\n|-damage|p1a: Morpeko|0 fnt\n|faint|p1a: Morpeko\n|\n|-fieldend|move: Electric Terrain\n|upkeep\n|\n|t:|1783540084\n|switch|p1a: Kleavor|Kleavor, L78, M|100/100\n|turn|6\n|inactive|Time left: 300 sec this turn | 300 sec total\n|\n|t:|1783540085\n|move|p2a: Qwilfish|Gunk Shot|p1a: Kleavor\n|-resisted|p1a: Kleavor\n|-damage|p1a: Kleavor|74/100\n|move|p1a: Kleavor|Stone Axe|p2a: Qwilfish\n|-crit|p2a: Qwilfish\n|-damage|p2a: Qwilfish|0 fnt\n|-sidestart|p2: p0y054b554|move: Stealth Rock\n|faint|p2a: Qwilfish\n|\n|upkeep\n|inactive|Time left: 300 sec this turn | 300 sec total | 5 sec grace\n|\n|t:|1783540086\n|switch|p2a: Milotic|Milotic, L83, F|293/293\n|-damage|p2a: Milotic|257/293|[from] Stealth Rock\n|turn|7\n|inactive|Time left: 300 sec this turn | 300 sec total\n|\n|t:|1783540087\n|switch|p1a: Feraligatr|Feraligatr, L79, F|100/100\n|move|p2a: Milotic|Scald|p1a: Feraligatr\n|-resisted|p1a: Feraligatr\n|-damage|p1a: Feraligatr|83/100\n|\n|-heal|p2a: Milotic|275/293|[from] item: Leftovers\n|upkeep\n|turn|8\n|inactive|Time left: 300 sec this turn | 300 sec total\n|\n|t:|1783540088\n|move|p2a: Milotic|Scald|p1a: Feraligatr\n|-resisted|p1a: Feraligatr\n|-damage|p1a: Feraligatr|64/100\n|move|p1a: Feraligatr|Dragon Dance|p1a: Feraligatr\n|-boost|p1a: Feraligatr|atk|1\n|-boost|p1a: Feraligatr|spe|1\n|\n|-heal|p2a: Milotic|293/293|[from] item: Leftovers\n|upkeep\n|turn|9\n|inactive|Time left: 300 sec this turn | 300 sec total\n|\n|t:|1783540089\n|-terastallize|p1a: Feraligatr|Grass\n|move|p1a: Feraligatr|Trailblaze|p2a: Milotic\n|-supereffective|p2a: Milotic\n|-damage|p2a: Milotic|0 fnt\n|faint|p2a: Milotic\n|\n|upkeep\n|inactive|Time left: 300 sec this turn | 300 sec total | 5 sec grace\n|\n|t:|1783540090\n|switch|p2a: Torkoal|Torkoal, L88, F|266/266\n|-weather|SunnyDay|[from] ability: Drought|[of] p2a: Torkoal\n|turn|10\n|inactive|Time left: 300 sec this turn | 300 sec total\n|\n|t:|1783540091\n|switch|p1a: Armarouge|Armarouge, L80, F|100/100\n|move|p2a: Torkoal|Lava Plume|p1a: Armarouge\n|-resisted|p1a: Armarouge\n|-damage|p1a: Armarouge|76/100\n|\n|-weather|SunnyDay|[upkeep]\n|upkeep\n|turn|11\n|inactive|Time left: 300 sec this turn | 300 sec total\n|\n|t:|1783540093\n|switch|p2a: Pincurchin|Pincurchin, M|29/258\n|-damage|p2a: Pincurchin|0 fnt|[from] Stealth Rock\n|faint|p2a: Pincurchin\n|move|p1a: Armarouge|Meteor Beam||[still]\n|-prepare|p1a: Armarouge|Meteor Beam\n|-boost|p1a: Armarouge|spa|1\n|-enditem|p1a: Armarouge|Power Herb\n|-anim|p1a: Armarouge|Meteor Beam|p2: Pincurchin|[notarget]\n|-fail|p1a: Armarouge\n|\n|-weather|SunnyDay|[upkeep]\n|upkeep\n|inactive|Time left: 300 sec this turn | 300 sec total | 5 sec grace\n|\n|t:|1783540094\n|switch|p2a: Regidrago|Regidrago, L77|435/435\n|-damage|p2a: Regidrago|381/435|[from] Stealth Rock\n|turn|12\n|inactive|Time left: 300 sec this turn | 300 sec total\n|\n|t:|1783540095\n|move|p2a: Regidrago|Dragon Dance|p2a: Regidrago\n|-boost|p2a: Regidrago|atk|1\n|-boost|p2a: Regidrago|spe|1\n|move|p1a: Armarouge|Armor Cannon|p2a: Regidrago\n|-resisted|p2a: Regidrago\n|-damage|p2a: Regidrago|133/435\n|-unboost|p1a: Armarouge|def|1\n|-unboost|p1a: Armarouge|spd|1\n|\n|-weather|SunnyDay|[upkeep]\n|upkeep\n|turn|13\n|inactive|Time left: 300 sec this turn | 300 sec total\n|\n|t:|1783540096\n|move|p2a: Regidrago|Dragon Claw|p1a: Armarouge\n|-damage|p1a: Armarouge|0 fnt\n|faint|p1a: Armarouge\n|-damage|p2a: Regidrago|90/435|[from] item: Life Orb\n|\n|-weather|SunnyDay|[upkeep]\n|upkeep\n|\n|t:|1783540097\n|switch|p1a: Feraligatr|Feraligatr, L79, F, tera:Grass|64/100\n|turn|14\n|inactive|Time left: 300 sec this turn | 300 sec total\n|\n|t:|1783540098\n|move|p2a: Regidrago|Dragon Claw|p1a: Feraligatr\n|-damage|p1a: Feraligatr|0 fnt\n|faint|p1a: Feraligatr\n|-damage|p2a: Regidrago|47/435|[from] item: Life Orb\n|\n|-weather|none\n|upkeep\n|\n|t:|1783540099\n|switch|p1a: Hawlucha|Hawlucha, L80, F|100/100\n|turn|15\n|inactive|Time left: 300 sec this turn | 300 sec total\n|\n|t:|1783540100\n|move|p2a: Regidrago|Dragon Claw|p1a: Hawlucha\n|-damage|p1a: Hawlucha|2/100\n|-damage|p2a: Regidrago|4/435|[from] item: Life Orb\n|move|p1a: Hawlucha|Swords Dance|p1a: Hawlucha\n|-boost|p1a: Hawlucha|atk|2\n|\n|upkeep\n|turn|16\n|inactive|Time left: 300 sec this turn | 300 sec total\n|\n|t:|1783540101\n|move|p2a: Regidrago|Dragon Claw|p1a: Hawlucha\n|-damage|p1a: Hawlucha|0 fnt\n|faint|p1a: Hawlucha\n|-damage|p2a: Regidrago|0 fnt|[from] item: Life Orb\n|faint|p2a: Regidrago\n|\n|upkeep\n|inactive|Time left: 300 sec this turn | 300 sec total | 5 sec grace\n|\n|t:|1783540102\n|switch|p1a: Kleavor|Kleavor, L78, M|74/100\n|switch|p2a: Galvantula|Galvantula, L82, M|249/249\n|turn|17\n|inactive|Time left: 300 sec this turn | 300 sec total\n|\n|t:|1783540103\n|-terastallize|p2a: Galvantula|Electric\n|move|p2a: Galvantula|Thunder|p1a: Kleavor\n|-damage|p1a: Kleavor|0 fnt\n|faint|p1a: Kleavor\n|\n|win|p0y054b554", "uploadtime": 1783540103, "views": 0, "rating": 0, "private": 0, "password": null, "_winner": "p0y054b554", "_our_name": "p0y054b554"}