{"id": "battle-gen9randombattle-1770", "formatid": "gen9randombattle", "format": "[Gen 9] Random Battle", "players": ["p0x1770062d", "p0y177094d4"], "log": "|init|battle\n|title|p0x1770062d vs. p0y177094d4\n|j|\u2606p0x1770062d\n|j|\u2606p0y177094d4\n|t:|1783560493\n|gametype|singles\n|player|p1|p0x1770062d|102|\n|player|p2|p0y177094d4|170|\n|gen|9\n|tier|[Gen 9] Random Battle\n|rule|Species Clause: Limit one of each Pok\u00e9mon\n|rule|HP Percentage Mod: HP is shown in percentages\n|rule|Sleep Clause Mod: Limit one foe put to sleep\n|rule|Illusion Level Mod: Illusion disguises the Pok\u00e9mon's true level\n|\n|t:|1783560493\n|teamsize|p1|6\n|teamsize|p2|6\n|start\n|switch|p1a: Chansey|Chansey, L85, F|100/100\n|switch|p2a: Vespiquen|Vespiquen, L99, F|299/299\n|-ability|p2a: Vespiquen|Pressure\n|turn|1\n|inactive|Battle timer is ON: inactive players will automatically lose when time's up. (requested by p0y177094d4)\n|inactive|p0x1770062d also wants the timer to be on.\n|\n|t:|1783560494\n|move|p2a: Vespiquen|Spikes|p1a: Chansey\n|-sidestart|p1: p0x1770062d|Spikes\n|move|p1a: Chansey|Thunder Wave|p2a: Vespiquen\n|-status|p2a: Vespiquen|par\n|\n|upkeep\n|turn|2\n|inactive|Time left: 300 sec this turn | 300 sec total\n|\n|t:|1783560496\n|move|p1a: Chansey|Seismic Toss|p2a: Vespiquen\n|-damage|p2a: Vespiquen|214/299 par\n|move|p2a: Vespiquen|Spikes|p1a: Chansey\n|-sidestart|p1: p0x1770062d|Spikes\n|\n|upkeep\n|turn|3\n|inactive|Time left: 300 sec this turn | 300 sec total\n|\n|t:|1783560497\n|move|p1a: Chansey|Seismic Toss|p2a: Vespiquen\n|-damage|p2a: Vespiquen|129/299 par\n|move|p2a: Vespiquen|Spikes|p1a: Chansey\n|-sidestart|p1: p0x1770062d|Spikes\n|\n|upkeep\n|turn|4\n|inactive|Time left: 300 sec this turn | 300 sec total\n|\n|t:|1783560498\n|move|p1a: Chansey|Seismic Toss|p2a: Vespiquen\n|-damage|p2a: Vespiquen|44/299 par\n|move|p2a: Vespiquen|Roost|p2a: Vespiquen\n|-heal|p2a: Vespiquen|194/299 par\n|-singleturn|p2a: Vespiquen|move: Roost\n|\n|upkeep\n|turn|5\n|inactive|Time left: 300 sec this turn | 300 sec total\n|\n|t:|1783560499\n|move|p1a: Chansey|Seismic Toss|p2a: Vespiquen\n|-damage|p2a: Vespiquen|109/299 par\n|move|p2a: Vespiquen|Roost|p2a: Vespiquen\n|-heal|p2a: Vespiquen|259/299 par\n|-singleturn|p2a: Vespiquen|move: Roost\n|\n|upkeep\n|turn|6\n|inactive|Time left: 300 sec this turn | 300 sec total\n|\n|t:|1783560500\n|switch|p2a: Grimmsnarl|Grimmsnarl, L83, M|293/293\n|move|p1a: Chansey|Seismic Toss|p2a: Grimmsnarl\n|-damage|p2a: Grimmsnarl|208/293\n|\n|upkeep\n|turn|7\n|inactive|Time left: 300 sec this turn | 300 sec total\n|\n|t:|1783560501\n|move|p2a: Grimmsnarl|Spirit Break|p1a: Chansey\n|-damage|p1a: Chansey|60/100\n|-unboost|p1a: Chansey|spa|1\n|move|p1a: Chansey|Seismic Toss|p2a: Grimmsnarl\n|-damage|p2a: Grimmsnarl|123/293\n|\n|upkeep\n|turn|8\n|inactive|Time left: 300 sec this turn | 300 sec total\n|\n|t:|1783560502\n|move|p2a: Grimmsnarl|Spirit Break|p1a: Chansey\n|-damage|p1a: Chansey|20/100\n|-unboost|p1a: Chansey|spa|1\n|move|p1a: Chansey|Seismic Toss|p2a: Grimmsnarl\n|-damage|p2a: Grimmsnarl|38/293\n|\n|upkeep\n|turn|9\n|inactive|Time left: 300 sec this turn | 300 sec total\n|\n|t:|1783560503\n|move|p2a: Grimmsnarl|Spirit Break|p1a: Chansey\n|-damage|p1a: Chansey|0 fnt\n|faint|p1a: Chansey\n|\n|upkeep\n|\n|t:|1783560503\n|switch|p1a: Zapdos|Zapdos, L78|100/100\n|turn|10\n|inactive|Time left: 300 sec this turn | 300 sec total\n|\n|t:|1783560504\n|move|p2a: Grimmsnarl|Light Screen|p2a: Grimmsnarl\n|-sidestart|p2: p0y177094d4|move: Light Screen\n|move|p1a: Zapdos|Thunderbolt|p2a: Grimmsnarl\n|-damage|p2a: Grimmsnarl|0 fnt\n|faint|p2a: Grimmsnarl\n|\n|upkeep\n|inactive|Time left: 300 sec this turn | 300 sec total | 5 sec grace\n|\n|t:|1783560505\n|switch|p2a: Kyogre|Kyogre, L71|259/259\n|-weather|RainDance|[from] ability: Drizzle|[of] p2a: Kyogre\n|turn|11\n|inactive|Time left: 300 sec this turn | 300 sec total\n|\n|t:|1783560506\n|switch|p1a: Trevenant|Trevenant, L89, F|100/100\n|-damage|p1a: Trevenant|75/100|[from] Spikes\n|move|p2a: Kyogre|Water Spout|p1a: Trevenant\n|-resisted|p1a: Trevenant\n|-damage|p1a: Trevenant|37/100\n|-enditem|p1a: Trevenant|Sitrus Berry|[eat]\n|-heal|p1a: Trevenant|62/100|[from] item: Sitrus Berry\n|\n|-weather|RainDance|[upkeep]\n|-item|p1a: Trevenant|Sitrus Berry|[from] ability: Harvest\n|upkeep\n|turn|12\n|inactive|Time left: 300 sec this turn | 300 sec total\n|\n|t:|1783560507\n|move|p2a: Kyogre|Water Spout|p1a: Trevenant\n|-resisted|p1a: Trevenant\n|-damage|p1a: Trevenant|20/100\n|-enditem|p1a: Trevenant|Sitrus Berry|[eat]\n|-heal|p1a: Trevenant|45/100|[from] item: Sitrus Berry\n|move|p1a: Trevenant|Poltergeist|p2a: Kyogre\n|-activate|p2a: Kyogre|move: Poltergeist|Choice Scarf\n|-damage|p2a: Kyogre|96/259\n|\n|-weather|RainDance|[upkeep]\n|-item|p1a: Trevenant|Sitrus Berry|[from] ability: Harvest\n|upkeep\n|-enditem|p1a: Trevenant|Sitrus Berry|[eat]\n|-heal|p1a: Trevenant|70/100|[from] item: Sitrus Berry\n|turn|13\n|inactive|Time left: 300 sec this turn | 300 sec total\n|\n|t:|1783560508\n|switch|p2a: Venomoth|Venomoth, L84, F|255/255\n|move|p1a: Trevenant|Poltergeist|p2a: Venomoth\n|-activate|p2a: Venomoth|move: Poltergeist|Heavy-Duty Boots\n|-damage|p2a: Venomoth|68/255\n|\n|-weather|RainDance|[upkeep]\n|-item|p1a: Trevenant|Sitrus Berry|[from] ability: Harvest\n|upkeep\n|turn|14\n|inactive|Time left: 300 sec this turn | 300 sec total\n|\n|t:|1783560509\n|move|p2a: Venomoth|Quiver Dance|p2a: Venomoth\n|-boost|p2a: Venomoth|spa|1\n|-boost|p2a: Venomoth|spd|1\n|-boost|p2a: Venomoth|spe|1\n|move|p1a: Trevenant|Poltergeist|p2a: Venomoth\n|-activate|p2a: Venomoth|move: Poltergeist|Heavy-Duty Boots\n|-damage|p2a: Venomoth|0 fnt\n|faint|p2a: Venomoth\n|\n|-weather|RainDance|[upkeep]\n|upkeep\n|inactive|Time left: 300 sec this turn | 300 sec total | 5 sec grace\n|\n|t:|1783560509\n|switch|p2a: Leafeon|Leafeon, L88, F|258/258\n|turn|15\n|inactive|Time left: 300 sec this turn | 300 sec total\n|\n|t:|1783560510\n|move|p2a: Leafeon|Swords Dance|p2a: Leafeon\n|-boost|p2a: Leafeon|atk|2\n|move|p1a: Trevenant|Toxic|p2a: Leafeon\n|-status|p2a: Leafeon|tox\n|\n|-weather|none\n|-damage|p2a: Leafeon|242/258 tox|[from] psn\n|upkeep\n|turn|16\n|inactive|Time left: 300 sec this turn | 300 sec total\n|\n|t:|1783560511\n|move|p1a: Trevenant|Protect|p1a: Trevenant\n|-singleturn|p1a: Trevenant|Protect\n|move|p2a: Leafeon|Knock Off|p1a: Trevenant\n|-activate|p1a: Trevenant|move: Protect\n|\n|-damage|p2a: Leafeon|210/258 tox|[from] psn\n|upkeep\n|turn|17\n|inactive|Time left: 300 sec this turn | 300 sec total\n|\n|t:|1783560512\n|move|p2a: Leafeon|Knock Off|p1a: Trevenant\n|-supereffective|p1a: Trevenant\n|-damage|p1a: Trevenant|0 fnt\n|-enditem|p1a: Trevenant|Sitrus Berry|[from] move: Knock Off|[of] p2a: Leafeon\n|faint|p1a: Trevenant\n|-damage|p2a: Leafeon|185/258 tox|[from] item: Life Orb\n|\n|-damage|p2a: Leafeon|137/258 tox|[from] psn\n|-sideend|p2: p0y177094d4|move: Light Screen\n|upkeep\n|\n|t:|1783560513\n|switch|p1a: Mienshao|Mienshao, L83, M|100/100\n|-damage|p1a: Mienshao|75/100|[from] Spikes\n|turn|18\n|inactive|Time left: 300 sec this turn | 300 sec total\n|\n|t:|1783560514\n|move|p1a: Mienshao|Fake Out|p2a: Leafeon\n|-damage|p2a: Leafeon|115/258 tox\n|cant|p2a: Leafeon|flinch\n|\n|-damage|p2a: Leafeon|51/258 tox|[from] psn\n|upkeep\n|turn|19\n|inactive|Time left: 300 sec this turn | 300 sec total\n|\n|t:|1783560515\n|move|p1a: Mienshao|U-turn|p2a: Leafeon\n|-supereffective|p2a: Leafeon\n|-damage|p2a: Leafeon|0 fnt\n|faint|p2a: Leafeon\n|\n|t:|1783560516\n|switch|p1a: Zapdos|Zapdos, L78|100/100|[from] U-turn\n|\n|upkeep\n|inactive|Time left: 300 sec this turn | 300 sec total | 10 sec grace\n|\n|t:|1783560517\n|switch|p2a: Chansey|Chansey, L85, F|564/564\n|turn|20\n|inactive|Time left: 300 sec this turn | 300 sec total\n|\n|t:|1783560518\n|move|p1a: Zapdos|Thunderbolt|p2a: Chansey\n|-damage|p2a: Chansey|507/564\n|move|p2a: Chansey|Stealth Rock|p1a: Zapdos\n|-sidestart|p1: p0x1770062d|move: Stealth Rock\n|\n|upkeep\n|turn|21\n|inactive|Time left: 300 sec this turn | 300 sec total\n|\n|t:|1783560518\n|move|p1a: Zapdos|Hurricane|p2a: Chansey|[miss]\n|-miss|p1a: Zapdos|p2a: Chansey\n|move|p2a: Chansey|Seismic Toss|p1a: Zapdos\n|-damage|p1a: Zapdos|69/100\n|-status|p2a: Chansey|par|[from] ability: Static|[of] p1a: Zapdos\n|\n|upkeep\n|turn|22\n|inactive|Time left: 300 sec this turn | 300 sec total\n|\n|t:|1783560519\n|move|p1a: Zapdos|Hurricane|p2a: Chansey\n|-crit|p2a: Chansey\n|-damage|p2a: Chansey|398/564 par\n|-start|p2a: Chansey|confusion\n|-activate|p2a: Chansey|confusion\n|move|p2a: Chansey|Seismic Toss|p1a: Zapdos\n|-damage|p1a: Zapdos|37/100\n|\n|upkeep\n|turn|23\n|inactive|Time left: 300 sec this turn | 300 sec total\n|\n|t:|1783560520\n|move|p1a: Zapdos|Roost|p1a: Zapdos\n|-heal|p1a: Zapdos|87/100\n|-singleturn|p1a: Zapdos|move: Roost\n|-activate|p2a: Chansey|confusion\n|move|p2a: Chansey|Seismic Toss|p1a: Zapdos\n|-damage|p1a: Zapdos|55/100\n|\n|upkeep\n|turn|24\n|inactive|Time left: 300 sec this turn | 300 sec total\n|\n|t:|1783560521\n|move|p1a: Zapdos|Roost|p1a: Zapdos\n|-heal|p1a: Zapdos|100/100\n|-singleturn|p1a: Zapdos|move: Roost\n|-activate|p2a: Chansey|confusion\n|move|p2a: Chansey|Seismic Toss|p1a: Zapdos\n|-damage|p1a: Zapdos|69/100\n|\n|upkeep\n|turn|25\n|inactive|Time left: 300 sec this turn | 300 sec total\n|\n|t:|1783560523\n|move|p1a: Zapdos|Hurricane|p2a: Chansey|[miss]\n|-miss|p1a: Zapdos|p2a: Chansey\n|-activate|p2a: Chansey|confusion\n|-damage|p2a: Chansey|392/564 par|[from] confusion\n|\n|upkeep\n|turn|26\n|inactive|Time left: 300 sec this turn | 300 sec total\n|\n|t:|1783560523\n|move|p1a: Zapdos|Hurricane|p2a: Chansey\n|-damage|p2a: Chansey|314/564 par\n|-end|p2a: Chansey|confusion\n|move|p2a: Chansey|Seismic Toss|p1a: Zapdos\n|-damage|p1a: Zapdos|37/100\n|\n|upkeep\n|turn|27\n|inactive|Time left: 300 sec this turn | 300 sec total\n|\n|t:|1783560524\n|move|p1a: Zapdos|Roost|p1a: Zapdos\n|-heal|p1a: Zapdos|87/100\n|-singleturn|p1a: Zapdos|move: Roost\n|move|p2a: Chansey|Soft-Boiled|p2a: Chansey\n|-heal|p2a: Chansey|564/564 par\n|\n|upkeep\n|turn|28\n|inactive|Time left: 300 sec this turn | 300 sec total\n|\n|t:|1783560525\n|move|p1a: Zapdos|Hurricane|p2a: Chansey|[miss]\n|-miss|p1a: Zapdos|p2a: Chansey\n|cant|p2a: Chansey|par\n|\n|upkeep\n|turn|29\n|inactive|Time left: 300 sec this turn | 300 sec total\n|\n|t:|1783560526\n|move|p1a: Zapdos|Hurricane|p2a: Chansey\n|-crit|p2a: Chansey\n|-damage|p2a: Chansey|449/564 par\n|move|p2a: Chansey|Seismic Toss|p1a: Zapdos\n|-damage|p1a: Zapdos|55/100\n|\n|upkeep\n|turn|30\n|inactive|Time left: 300 sec this turn | 300 sec total\n|\n|t:|1783560527\n|move|p1a: Zapdos|Roost|p1a: Zapdos\n|-heal|p1a: Zapdos|100/100\n|-singleturn|p1a: Zapdos|move: Roost\n|move|p2a: Chansey|Seismic Toss|p1a: Zapdos\n|-damage|p1a: Zapdos|69/100\n|\n|upkeep\n|turn|31\n|inactive|Time left: 300 sec this turn | 300 sec total\n|\n|t:|1783560528\n|move|p1a: Zapdos|Roost|p1a: Zapdos\n|-heal|p1a: Zapdos|100/100\n|-singleturn|p1a: Zapdos|move: Roost\n|move|p2a: Chansey|Seismic Toss|p1a: Zapdos\n|-damage|p1a: Zapdos|69/100\n|\n|upkeep\n|turn|32\n|inactive|Time left: 300 sec this turn | 300 sec total\n|\n|t:|1783560528\n|move|p1a: Zapdos|Roost|p1a: Zapdos\n|-heal|p1a: Zapdos|100/100\n|-singleturn|p1a: Zapdos|move: Roost\n|cant|p2a: Chansey|par\n|\n|upkeep\n|turn|33\n|inactive|Time left: 300 sec this turn | 300 sec total\n|\n|t:|1783560529\n|move|p1a: Zapdos|Hurricane|p2a: Chansey\n|-damage|p2a: Chansey|376/564 par\n|-start|p2a: Chansey|confusion\n|-activate|p2a: Chansey|confusion\n|cant|p2a: Chansey|par\n|\n|upkeep\n|turn|34\n|inactive|Time left: 300 sec this turn | 300 sec total\n|\n|t:|1783560530\n|move|p1a: Zapdos|Hurricane|p2a: Chansey\n|-damage|p2a: Chansey|303/564 par\n|-activate|p2a: Chansey|confusion\n|move|p2a: Chansey|Soft-Boiled|p2a: Chansey\n|-heal|p2a: Chansey|564/564 par\n|\n|upkeep\n|turn|35\n|inactive|Time left: 300 sec this turn | 300 sec total\n|\n|t:|1783560531\n|move|p1a: Zapdos|Thunderbolt|p2a: Chansey\n|-crit|p2a: Chansey\n|-damage|p2a: Chansey|471/564 par\n|-activate|p2a: Chansey|confusion\n|move|p2a: Chansey|Seismic Toss|p1a: Zapdos\n|-damage|p1a: Zapdos|69/100\n|\n|upkeep\n|turn|36\n|inactive|Time left: 300 sec this turn | 300 sec total\n|\n|t:|1783560532\n|-curestatus|p2a: Chansey|par|[from] ability: Natural Cure|[silent]\n|switch|p2a: Vespiquen|Vespiquen, L99, F|259/299 par\n|-ability|p2a: Vespiquen|Pressure\n|move|p1a: Zapdos|Roost|p1a: Zapdos\n|-heal|p1a: Zapdos|100/100\n|-singleturn|p1a: Zapdos|move: Roost\n|\n|upkeep\n|turn|37\n|inactive|Time left: 300 sec this turn | 300 sec total\n|\n|t:|1783560533\n|switch|p2a: Chansey|Chansey, L85, F|471/564\n|move|p1a: Zapdos|Thunderbolt|p2a: Chansey\n|-damage|p2a: Chansey|413/564\n|\n|upkeep\n|turn|38\n|inactive|Time left: 300 sec this turn | 300 sec total\n|\n|t:|1783560534\n|move|p1a: Zapdos|Hurricane|p2a: Chansey\n|-damage|p2a: Chansey|344/564\n|move|p2a: Chansey|Seismic Toss|p1a: Zapdos\n|-damage|p1a: Zapdos|69/100\n|-status|p2a: Chansey|par|[from] ability: Static|[of] p1a: Zapdos\n|\n|upkeep\n|turn|39\n|inactive|Time left: 300 sec this turn | 300 sec total\n|\n|t:|1783560535\n|move|p1a: Zapdos|Roost|p1a: Zapdos\n|-heal|p1a: Zapdos|100/100\n|-singleturn|p1a: Zapdos|move: Roost\n|move|p2a: Chansey|Soft-Boiled|p2a: Chansey\n|-heal|p2a: Chansey|564/564 par\n|\n|upkeep\n|turn|40\n|inactive|Time left: 300 sec this turn | 300 sec total\n|\n|t:|1783560536\n|move|p1a: Zapdos|Hurricane|p2a: Chansey\n|-damage|p2a: Chansey|497/564 par\n|move|p2a: Chansey|Seismic Toss|p1a: Zapdos\n|-damage|p1a: Zapdos|69/100\n|\n|upkeep\n|turn|41\n|inactive|Time left: 300 sec this turn | 300 sec total\n|\n|t:|1783560537\n|move|p1a: Zapdos|Hurricane|p2a: Chansey\n|-damage|p2a: Chansey|428/564 par\n|-start|p2a: Chansey|confusion\n|-activate|p2a: Chansey|confusion\n|-damage|p2a: Chansey|422/564 par|[from] confusion\n|\n|upkeep\n|turn|42\n|inactive|Time left: 300 sec this turn | 300 sec total\n|\n|t:|1783560538\n|move|p1a: Zapdos|Hurricane|p2a: Chansey\n|-damage|p2a: Chansey|346/564 par\n|-activate|p2a: Chansey|confusion\n|move|p2a: Chansey|Seismic Toss|p1a: Zapdos\n|-damage|p1a: Zapdos|37/100\n|\n|upkeep\n|turn|43\n|inactive|Time left: 300 sec this turn | 300 sec total\n|\n|t:|1783560539\n|move|p1a: Zapdos|Thunderbolt|p2a: Chansey\n|-crit|p2a: Chansey\n|-damage|p2a: Chansey|252/564 par\n|-end|p2a: Chansey|confusion\n|move|p2a: Chansey|Seismic Toss|p1a: Zapdos\n|-damage|p1a: Zapdos|5/100\n|\n|upkeep\n|turn|44\n|inactive|Time left: 300 sec this turn | 300 sec total\n|\n|t:|1783560540\n|move|p1a: Zapdos|Hurricane|p2a: Chansey\n|-damage|p2a: Chansey|174/564 par\n|-start|p2a: Chansey|confusion\n|-activate|p2a: Chansey|confusion\n|move|p2a: Chansey|Seismic Toss|p1a: Zapdos\n|-damage|p1a: Zapdos|0 fnt\n|faint|p1a: Zapdos\n|\n|upkeep\n|\n|t:|1783560540\n|switch|p1a: Mienshao|Mienshao, L83, M|100/100\n|-damage|p1a: Mienshao|75/100|[from] Spikes\n|-damage|p1a: Mienshao|69/100|[from] Stealth Rock\n|turn|45\n|inactive|Time left: 300 sec this turn | 300 sec total\n|\n|t:|1783560541\n|-curestatus|p2a: Chansey|par|[from] ability: Natural Cure|[silent]\n|switch|p2a: Vespiquen|Vespiquen, L99, F|259/299 par\n|-ability|p2a: Vespiquen|Pressure\n|move|p1a: Mienshao|Knock Off|p2a: Vespiquen\n|-crit|p2a: Vespiquen\n|-damage|p2a: Vespiquen|169/299 par\n|-enditem|p2a: Vespiquen|Heavy-Duty Boots|[from] move: Knock Off|[of] p1a: Mienshao\n|\n|upkeep\n|turn|46\n|inactive|Time left: 300 sec this turn | 300 sec total\n|\n|t:|1783560542\n|move|p1a: Mienshao|U-turn|p2a: Vespiquen\n|-resisted|p2a: Vespiquen\n|-damage|p2a: Vespiquen|148/299 par\n|\n|t:|1783560543\n|switch|p1a: Granbull|Granbull, L88, F|100/100|[from] U-turn\n|-damage|p1a: Granbull|76/100|[from] Spikes\n|-damage|p1a: Granbull|63/100|[from] Stealth Rock\n|-ability|p1a: Granbull|Intimidate|boost\n|-unboost|p2a: Vespiquen|atk|1\n|cant|p2a: Vespiquen|par\n|\n|-heal|p1a: Granbull|69/100|[from] item: Leftovers\n|upkeep\n|turn|47\n|inactive|Time left: 300 sec this turn | 300 sec total\n|\n|t:|1783560544\n|move|p1a: Granbull|Play Rough|p2a: Vespiquen|[miss]\n|-miss|p1a: Granbull|p2a: Vespiquen\n|cant|p2a: Vespiquen|par\n|\n|-heal|p1a: Granbull|75/100|[from] item: Leftovers\n|upkeep\n|turn|48\n|inactive|Time left: 300 sec this turn | 300 sec total\n|\n|t:|1783560545\n|move|p1a: Granbull|Play Rough|p2a: Vespiquen\n|-damage|p2a: Vespiquen|58/299 par\n|move|p2a: Vespiquen|Hurricane|p1a: Granbull\n|-damage|p1a: Granbull|21/100\n|\n|-heal|p1a: Granbull|27/100|[from] item: Leftovers\n|upkeep\n|turn|49\n|inactive|Time left: 300 sec this turn | 300 sec total\n|\n|t:|1783560546\n|move|p1a: Granbull|Play Rough|p2a: Vespiquen\n|-damage|p2a: Vespiquen|0 fnt\n|faint|p2a: Vespiquen\n|\n|-heal|p1a: Granbull|33/100|[from] item: Leftovers\n|upkeep\n|inactive|Time left: 300 sec this turn | 300 sec total | 5 sec grace\n|\n|t:|1783560547\n|switch|p2a: Kyogre|Kyogre, L71|96/259\n|-weather|RainDance|[from] ability: Drizzle|[of] p2a: Kyogre\n|turn|50\n|inactive|Time left: 300 sec this turn | 300 sec total\n|\n|t:|1783560547\n|move|p2a: Kyogre|Origin Pulse|p1a: Granbull\n|-damage|p1a: Granbull|0 fnt\n|faint|p1a: Granbull\n|\n|-weather|RainDance|[upkeep]\n|upkeep\n|\n|t:|1783560548\n|switch|p1a: Grafaiai|Grafaiai, L86, M|100/100\n|-damage|p1a: Grafaiai|76/100|[from] Spikes\n|-damage|p1a: Grafaiai|63/100|[from] Stealth Rock\n|turn|51\n|inactive|Time left: 300 sec this turn | 300 sec total\n|\n|t:|1783560549\n|-terastallize|p2a: Kyogre|Water\n|-terastallize|p1a: Grafaiai|Dark\n|move|p2a: Kyogre|Origin Pulse|p1a: Grafaiai\n|-damage|p1a: Grafaiai|0 fnt\n|faint|p1a: Grafaiai\n|\n|-weather|RainDance|[upkeep]\n|upkeep\n|\n|t:|1783560550\n|switch|p1a: Mienshao|Mienshao, L83, M|100/100\n|-damage|p1a: Mienshao|75/100|[from] Spikes\n|-damage|p1a: Mienshao|69/100|[from] Stealth Rock\n|turn|52\n|inactive|Time left: 300 sec this turn | 300 sec total\n|\n|t:|1783560550\n|move|p2a: Kyogre|Origin Pulse|p1a: Mienshao\n|-damage|p1a: Mienshao|0 fnt\n|faint|p1a: Mienshao\n|\n|win|p0y177094d4", "uploadtime": 1783560550, "views": 0, "rating": 0, "private": 0, "password": null, "_winner": "p0y177094d4", "_our_name": "p0y177094d4"}