{"id": "battle-gen9randombattle-2878", "formatid": "gen9randombattle", "format": "[Gen 9] Random Battle", "players": ["p0x28783d2a", "p0y2878764d"], "log": "|init|battle\n|title|p0x28783d2a vs. p0y2878764d\n|j|\u2606p0x28783d2a\n|j|\u2606p0y2878764d\n|t:|1783572190\n|gametype|singles\n|player|p1|p0x28783d2a|1|\n|player|p2|p0y2878764d|169|\n|gen|9\n|tier|[Gen 9] Random Battle\n|rule|Species Clause: Limit one of each Pok\u00e9mon\n|rule|HP Percentage Mod: HP is shown in percentages\n|rule|Sleep Clause Mod: Limit one foe put to sleep\n|rule|Illusion Level Mod: Illusion disguises the Pok\u00e9mon's true level\n|\n|t:|1783572190\n|teamsize|p1|6\n|teamsize|p2|6\n|start\n|switch|p1a: Gliscor|Gliscor, L76, M|239/239\n|switch|p2a: Darkrai|Darkrai, L77|100/100\n|turn|1\n|inactive|Battle timer is ON: inactive players will automatically lose when time's up. (requested by p0y2878764d)\n|inactive|Time left: 300 sec this turn | 300 sec total | 60 sec grace\n|inactive|p0x28783d2a also wants the timer to be on.\n|\n|t:|1783572192\n|move|p2a: Darkrai|Nasty Plot|p2a: Darkrai\n|-boost|p2a: Darkrai|spa|2\n|move|p1a: Gliscor|Earthquake|p2a: Darkrai\n|-damage|p2a: Darkrai|63/100\n|\n|-status|p1a: Gliscor|tox|[from] item: Toxic Orb\n|upkeep\n|turn|2\n|inactive|Time left: 300 sec this turn | 300 sec total\n|\n|t:|1783572193\n|switch|p1a: Regice|Regice, L88|284/284\n|move|p2a: Darkrai|Dark Pulse|p1a: Regice\n|-damage|p1a: Regice|166/284\n|-damage|p2a: Darkrai|53/100|[from] item: Life Orb\n|\n|upkeep\n|turn|3\n|inactive|Time left: 300 sec this turn | 300 sec total\n|\n|t:|1783572194\n|move|p2a: Darkrai|Focus Blast|p1a: Regice\n|-supereffective|p1a: Regice\n|-damage|p1a: Regice|0 fnt\n|faint|p1a: Regice\n|-damage|p2a: Darkrai|44/100|[from] item: Life Orb\n|\n|upkeep\n|inactive|Time left: 300 sec this turn | 300 sec total | 5 sec grace\n|\n|t:|1783572195\n|switch|p1a: Arceus|Arceus-Fire, L72|291/291\n|turn|4\n|inactive|Time left: 300 sec this turn | 300 sec total\n|\n|t:|1783572196\n|move|p2a: Darkrai|Dark Pulse|p1a: Arceus\n|-damage|p1a: Arceus|79/291\n|-damage|p2a: Darkrai|34/100|[from] item: Life Orb\n|move|p1a: Arceus|Flare Blitz|p2a: Darkrai\n|-damage|p2a: Darkrai|0 fnt\n|faint|p2a: Darkrai\n|-damage|p1a: Arceus|53/291|[from] Recoil\n|\n|upkeep\n|\n|t:|1783572197\n|switch|p2a: Regirock|Regirock, L83|100/100\n|turn|5\n|inactive|Time left: 300 sec this turn | 300 sec total\n|\n|t:|1783572198\n|move|p1a: Arceus|Recover|p1a: Arceus\n|-heal|p1a: Arceus|199/291\n|move|p2a: Regirock|Body Press|p1a: Arceus\n|-damage|p1a: Arceus|102/291\n|\n|upkeep\n|turn|6\n|inactive|Time left: 300 sec this turn | 300 sec total\n|\n|t:|1783572199\n|move|p1a: Arceus|Recover|p1a: Arceus\n|-heal|p1a: Arceus|248/291\n|move|p2a: Regirock|Stone Edge|p1a: Arceus\n|-supereffective|p1a: Arceus\n|-damage|p1a: Arceus|42/291\n|\n|upkeep\n|turn|7\n|inactive|Time left: 300 sec this turn | 300 sec total\n|\n|t:|1783572200\n|move|p1a: Arceus|Recover|p1a: Arceus\n|-heal|p1a: Arceus|188/291\n|move|p2a: Regirock|Stone Edge|p1a: Arceus\n|-supereffective|p1a: Arceus\n|-damage|p1a: Arceus|0 fnt\n|faint|p1a: Arceus\n|\n|upkeep\n|inactive|Time left: 300 sec this turn | 300 sec total | 5 sec grace\n|\n|t:|1783572200\n|switch|p1a: Azelf|Azelf, L82|257/257\n|turn|8\n|inactive|Time left: 300 sec this turn | 300 sec total\n|\n|t:|1783572201\n|move|p1a: Azelf|Nasty Plot|p1a: Azelf\n|-boost|p1a: Azelf|spa|2\n|move|p2a: Regirock|Stone Edge|p1a: Azelf\n|-damage|p1a: Azelf|139/257\n|\n|upkeep\n|turn|9\n|inactive|Time left: 300 sec this turn | 300 sec total\n|\n|t:|1783572202\n|move|p1a: Azelf|Dazzling Gleam|p2a: Regirock\n|-damage|p2a: Regirock|45/100\n|-damage|p1a: Azelf|114/257|[from] item: Life Orb\n|move|p2a: Regirock|Stone Edge|p1a: Azelf\n|-damage|p1a: Azelf|0 fnt\n|faint|p1a: Azelf\n|\n|-heal|p2a: Regirock|51/100|[from] item: Leftovers\n|upkeep\n|inactive|Time left: 300 sec this turn | 300 sec total | 5 sec grace\n|\n|t:|1783572203\n|switch|p1a: Meowstic|Meowstic-F, L89, F|277/277\n|turn|10\n|inactive|Time left: 300 sec this turn | 300 sec total\n|\n|t:|1783572205\n|switch|p2a: Skuntank|Skuntank, L84, M|100/100\n|move|p1a: Meowstic|Nasty Plot|p1a: Meowstic\n|-boost|p1a: Meowstic|spa|2\n|\n|upkeep\n|turn|11\n|inactive|Time left: 300 sec this turn | 300 sec total\n|\n|t:|1783572206\n|-terastallize|p1a: Meowstic|Electric\n|move|p1a: Meowstic|Thunderbolt|p2a: Skuntank\n|-damage|p2a: Skuntank|26/100\n|-status|p2a: Skuntank|par\n|-damage|p1a: Meowstic|250/277|[from] item: Life Orb\n|move|p2a: Skuntank|Knock Off|p1a: Meowstic\n|-crit|p1a: Meowstic\n|-damage|p1a: Meowstic|85/277\n|-enditem|p1a: Meowstic|Life Orb|[from] move: Knock Off|[of] p2a: Skuntank\n|\n|upkeep\n|turn|12\n|inactive|Time left: 300 sec this turn | 300 sec total\n|\n|t:|1783572207\n|move|p2a: Skuntank|Sucker Punch|p1a: Meowstic\n|-damage|p1a: Meowstic|6/277\n|move|p1a: Meowstic|Thunderbolt|p2a: Skuntank\n|-damage|p2a: Skuntank|0 fnt\n|faint|p2a: Skuntank\n|\n|upkeep\n|\n|t:|1783572208\n|switch|p2a: Orthworm|Orthworm, L88, F|100/100\n|turn|13\n|inactive|Time left: 300 sec this turn | 300 sec total\n|\n|t:|1783572209\n|move|p1a: Meowstic|Thunderbolt|p2a: Orthworm\n|-damage|p2a: Orthworm|0 fnt\n|faint|p2a: Orthworm\n|\n|upkeep\n|\n|t:|1783572210\n|switch|p2a: Regirock|Regirock, L83|51/100\n|turn|14\n|inactive|Time left: 300 sec this turn | 300 sec total\n|\n|t:|1783572211\n|move|p1a: Meowstic|Thunderbolt|p2a: Regirock\n|-damage|p2a: Regirock|0 fnt\n|faint|p2a: Regirock\n|\n|upkeep\n|\n|t:|1783572212\n|switch|p2a: Yanmega|Yanmega, L82, M|100/100\n|turn|15\n|inactive|Time left: 300 sec this turn | 300 sec total\n|\n|t:|1783572213\n|-terastallize|p2a: Yanmega|Bug\n|move|p1a: Meowstic|Thunderbolt|p2a: Yanmega\n|-damage|p2a: Yanmega|0 fnt\n|faint|p2a: Yanmega\n|\n|upkeep\n|\n|t:|1783572214\n|switch|p2a: Iron Valiant|Iron Valiant, L78|100/100\n|turn|16\n|inactive|Time left: 300 sec this turn | 300 sec total\n|\n|t:|1783572215\n|move|p1a: Meowstic|Thunderbolt|p2a: Iron Valiant\n|-damage|p2a: Iron Valiant|0 fnt\n|faint|p2a: Iron Valiant\n|-end|p2a: Iron Valiant|Quark Drive|[silent]\n|\n|win|p0x28783d2a", "uploadtime": 1783572215, "views": 0, "rating": 0, "private": 0, "password": null, "_winner": "p0x28783d2a", "_our_name": "p0x28783d2a"}