{"id": "battle-gen9randombattle-1148", "formatid": "gen9randombattle", "format": "[Gen 9] Random Battle", "players": ["p0x11486ca2", "p0y11482842"], "log": "|init|battle\n|title|p0x11486ca2 vs. p0y11482842\n|j|\u2606p0x11486ca2\n|j|\u2606p0y11482842\n|t:|1783552466\n|gametype|singles\n|player|p1|p0x11486ca2|265|\n|player|p2|p0y11482842|1|\n|gen|9\n|tier|[Gen 9] Random Battle\n|rule|Species Clause: Limit one of each Pok\u00e9mon\n|rule|HP Percentage Mod: HP is shown in percentages\n|rule|Sleep Clause Mod: Limit one foe put to sleep\n|rule|Illusion Level Mod: Illusion disguises the Pok\u00e9mon's true level\n|\n|t:|1783552466\n|teamsize|p1|6\n|teamsize|p2|6\n|start\n|switch|p1a: Maushold|Maushold, L76|100/100\n|switch|p2a: Cresselia|Cresselia, L80, F|323/323\n|turn|1\n|inactive|Battle timer is ON: inactive players will automatically lose when time's up. (requested by p0x11486ca2)\n|inactive|Time left: 300 sec this turn | 300 sec total | 60 sec grace\n|inactive|p0y11482842 also wants the timer to be on.\n|\n|t:|1783552468\n|move|p1a: Maushold|Population Bomb|p2a: Cresselia\n|-damage|p2a: Cresselia|304/323\n|-damage|p2a: Cresselia|285/323\n|-damage|p2a: Cresselia|264/323\n|-damage|p2a: Cresselia|243/323\n|-damage|p2a: Cresselia|224/323\n|-damage|p2a: Cresselia|205/323\n|-damage|p2a: Cresselia|184/323\n|-damage|p2a: Cresselia|165/323\n|-damage|p2a: Cresselia|146/323\n|-damage|p2a: Cresselia|127/323\n|-hitcount|p2a: Cresselia|10\n|move|p2a: Cresselia|Psyshock|p1a: Maushold\n|-damage|p1a: Maushold|65/100\n|\n|-heal|p2a: Cresselia|147/323|[from] item: Leftovers\n|upkeep\n|turn|2\n|inactive|Time left: 300 sec this turn | 300 sec total\n|\n|t:|1783552469\n|switch|p2a: Regirock|Regirock, L83|268/268\n|move|p1a: Maushold|Population Bomb|p2a: Regirock\n|-resisted|p2a: Regirock\n|-damage|p2a: Regirock|262/268\n|-resisted|p2a: Regirock\n|-damage|p2a: Regirock|256/268\n|-resisted|p2a: Regirock\n|-damage|p2a: Regirock|251/268\n|-resisted|p2a: Regirock\n|-damage|p2a: Regirock|246/268\n|-resisted|p2a: Regirock\n|-damage|p2a: Regirock|240/268\n|-resisted|p2a: Regirock\n|-damage|p2a: Regirock|234/268\n|-resisted|p2a: Regirock\n|-damage|p2a: Regirock|228/268\n|-resisted|p2a: Regirock\n|-damage|p2a: Regirock|222/268\n|-resisted|p2a: Regirock\n|-damage|p2a: Regirock|216/268\n|-resisted|p2a: Regirock\n|-damage|p2a: Regirock|210/268\n|-hitcount|p2a: Regirock|10\n|\n|-heal|p2a: Regirock|226/268|[from] item: Leftovers\n|upkeep\n|turn|3\n|inactive|Time left: 300 sec this turn | 300 sec total\n|\n|t:|1783552470\n|switch|p1a: Sandaconda|Sandaconda, L84, F|100/100\n|move|p2a: Regirock|Body Press|p1a: Sandaconda\n|-damage|p1a: Sandaconda|69/100\n|\n|-heal|p1a: Sandaconda|76/100|[from] item: Leftovers\n|-heal|p2a: Regirock|242/268|[from] item: Leftovers\n|upkeep\n|turn|4\n|inactive|Time left: 300 sec this turn | 300 sec total\n|\n|t:|1783552470\n|move|p1a: Sandaconda|Coil|p1a: Sandaconda\n|-boost|p1a: Sandaconda|atk|1\n|-boost|p1a: Sandaconda|def|1\n|-boost|p1a: Sandaconda|accuracy|1\n|move|p2a: Regirock|Iron Defense|p2a: Regirock\n|-boost|p2a: Regirock|def|2\n|\n|-heal|p1a: Sandaconda|82/100|[from] item: Leftovers\n|-heal|p2a: Regirock|258/268|[from] item: Leftovers\n|upkeep\n|turn|5\n|inactive|Time left: 300 sec this turn | 300 sec total\n|\n|t:|1783552471\n|-terastallize|p2a: Regirock|Fighting\n|move|p1a: Sandaconda|Coil|p1a: Sandaconda\n|-boost|p1a: Sandaconda|atk|1\n|-boost|p1a: Sandaconda|def|1\n|-boost|p1a: Sandaconda|accuracy|1\n|move|p2a: Regirock|Body Press|p1a: Sandaconda\n|-damage|p1a: Sandaconda|35/100\n|\n|-heal|p1a: Sandaconda|42/100|[from] item: Leftovers\n|-heal|p2a: Regirock|268/268|[from] item: Leftovers\n|upkeep\n|turn|6\n|inactive|Time left: 300 sec this turn | 300 sec total\n|\n|t:|1783552472\n|move|p1a: Sandaconda|Rest|p1a: Sandaconda\n|-status|p1a: Sandaconda|slp|[from] move: Rest\n|-heal|p1a: Sandaconda|100/100 slp|[silent]\n|move|p2a: Regirock|Body Press|p1a: Sandaconda\n|-damage|p1a: Sandaconda|56/100 slp\n|\n|-activate|p1a: Sandaconda|ability: Shed Skin\n|-curestatus|p1a: Sandaconda|slp|[msg]\n|-heal|p1a: Sandaconda|62/100|[from] item: Leftovers\n|upkeep\n|turn|7\n|inactive|Time left: 300 sec this turn | 300 sec total\n|\n|t:|1783552473\n|move|p1a: Sandaconda|Coil|p1a: Sandaconda\n|-boost|p1a: Sandaconda|atk|1\n|-boost|p1a: Sandaconda|def|1\n|-boost|p1a: Sandaconda|accuracy|1\n|move|p2a: Regirock|Body Press|p1a: Sandaconda\n|-damage|p1a: Sandaconda|26/100\n|\n|-heal|p1a: Sandaconda|32/100|[from] item: Leftovers\n|upkeep\n|turn|8\n|inactive|Time left: 300 sec this turn | 300 sec total\n|\n|t:|1783552474\n|move|p1a: Sandaconda|Rest|p1a: Sandaconda\n|-status|p1a: Sandaconda|slp|[from] move: Rest\n|-heal|p1a: Sandaconda|100/100 slp|[silent]\n|move|p2a: Regirock|Body Press|p1a: Sandaconda\n|-damage|p1a: Sandaconda|65/100 slp\n|\n|-heal|p1a: Sandaconda|71/100 slp|[from] item: Leftovers\n|upkeep\n|turn|9\n|inactive|Time left: 300 sec this turn | 300 sec total\n|\n|t:|1783552475\n|cant|p1a: Sandaconda|slp\n|move|p2a: Regirock|Body Press|p1a: Sandaconda\n|-damage|p1a: Sandaconda|39/100 slp\n|\n|-heal|p1a: Sandaconda|45/100 slp|[from] item: Leftovers\n|upkeep\n|turn|10\n|inactive|Time left: 300 sec this turn | 300 sec total\n|\n|t:|1783552476\n|cant|p1a: Sandaconda|slp\n|move|p2a: Regirock|Body Press|p1a: Sandaconda\n|-damage|p1a: Sandaconda|7/100 slp\n|\n|-activate|p1a: Sandaconda|ability: Shed Skin\n|-curestatus|p1a: Sandaconda|slp|[msg]\n|-heal|p1a: Sandaconda|14/100|[from] item: Leftovers\n|upkeep\n|turn|11\n|inactive|Time left: 300 sec this turn | 300 sec total\n|\n|t:|1783552477\n|move|p1a: Sandaconda|Rest|p1a: Sandaconda\n|-status|p1a: Sandaconda|slp|[from] move: Rest\n|-heal|p1a: Sandaconda|100/100 slp|[silent]\n|move|p2a: Regirock|Body Press|p1a: Sandaconda\n|-damage|p1a: Sandaconda|64/100 slp\n|\n|-activate|p1a: Sandaconda|ability: Shed Skin\n|-curestatus|p1a: Sandaconda|slp|[msg]\n|-heal|p1a: Sandaconda|70/100|[from] item: Leftovers\n|upkeep\n|turn|12\n|inactive|Time left: 300 sec this turn | 300 sec total\n|\n|t:|1783552478\n|move|p1a: Sandaconda|Earthquake|p2a: Regirock\n|-damage|p2a: Regirock|192/268\n|move|p2a: Regirock|Body Press|p1a: Sandaconda\n|-damage|p1a: Sandaconda|38/100\n|\n|-heal|p1a: Sandaconda|44/100|[from] item: Leftovers\n|-heal|p2a: Regirock|208/268|[from] item: Leftovers\n|upkeep\n|turn|13\n|inactive|Time left: 300 sec this turn | 300 sec total\n|\n|t:|1783552479\n|move|p1a: Sandaconda|Rest|p1a: Sandaconda\n|-status|p1a: Sandaconda|slp|[from] move: Rest\n|-heal|p1a: Sandaconda|100/100 slp|[silent]\n|move|p2a: Regirock|Body Press|p1a: Sandaconda\n|-damage|p1a: Sandaconda|62/100 slp\n|\n|-activate|p1a: Sandaconda|ability: Shed Skin\n|-curestatus|p1a: Sandaconda|slp|[msg]\n|-heal|p1a: Sandaconda|68/100|[from] item: Leftovers\n|-heal|p2a: Regirock|224/268|[from] item: Leftovers\n|upkeep\n|turn|14\n|inactive|Time left: 300 sec this turn | 300 sec total\n|\n|t:|1783552480\n|move|p1a: Sandaconda|Coil|p1a: Sandaconda\n|-boost|p1a: Sandaconda|atk|1\n|-boost|p1a: Sandaconda|def|1\n|-boost|p1a: Sandaconda|accuracy|1\n|move|p2a: Regirock|Body Press|p1a: Sandaconda\n|-damage|p1a: Sandaconda|37/100\n|\n|-heal|p1a: Sandaconda|43/100|[from] item: Leftovers\n|-heal|p2a: Regirock|240/268|[from] item: Leftovers\n|upkeep\n|turn|15\n|inactive|Time left: 300 sec this turn | 300 sec total\n|\n|t:|1783552481\n|move|p1a: Sandaconda|Rest|p1a: Sandaconda\n|-status|p1a: Sandaconda|slp|[from] move: Rest\n|-heal|p1a: Sandaconda|100/100 slp|[silent]\n|move|p2a: Regirock|Body Press|p1a: Sandaconda\n|-damage|p1a: Sandaconda|71/100 slp\n|\n|-heal|p1a: Sandaconda|77/100 slp|[from] item: Leftovers\n|-heal|p2a: Regirock|256/268|[from] item: Leftovers\n|upkeep\n|turn|16\n|inactive|Time left: 300 sec this turn | 300 sec total\n|\n|t:|1783552482\n|cant|p1a: Sandaconda|slp\n|move|p2a: Regirock|Body Press|p1a: Sandaconda\n|-damage|p1a: Sandaconda|49/100 slp\n|\n|-heal|p1a: Sandaconda|56/100 slp|[from] item: Leftovers\n|-heal|p2a: Regirock|268/268|[from] item: Leftovers\n|upkeep\n|turn|17\n|inactive|Time left: 300 sec this turn | 300 sec total\n|\n|t:|1783552483\n|cant|p1a: Sandaconda|slp\n|move|p2a: Regirock|Body Press|p1a: Sandaconda\n|-damage|p1a: Sandaconda|28/100 slp\n|\n|-heal|p1a: Sandaconda|34/100 slp|[from] item: Leftovers\n|upkeep\n|turn|18\n|inactive|Time left: 300 sec this turn | 300 sec total\n|\n|t:|1783552484\n|-curestatus|p1a: Sandaconda|slp|[msg]\n|move|p1a: Sandaconda|Rest|p1a: Sandaconda\n|-status|p1a: Sandaconda|slp|[from] move: Rest\n|-heal|p1a: Sandaconda|100/100 slp|[silent]\n|move|p2a: Regirock|Body Press|p1a: Sandaconda\n|-damage|p1a: Sandaconda|71/100 slp\n|\n|-activate|p1a: Sandaconda|ability: Shed Skin\n|-curestatus|p1a: Sandaconda|slp|[msg]\n|-heal|p1a: Sandaconda|78/100|[from] item: Leftovers\n|upkeep\n|turn|19\n|inactive|Time left: 300 sec this turn | 300 sec total\n|\n|t:|1783552485\n|move|p1a: Sandaconda|Earthquake|p2a: Regirock\n|-damage|p2a: Regirock|174/268\n|move|p2a: Regirock|Iron Defense|p2a: Regirock\n|-boost|p2a: Regirock|def|2\n|\n|-heal|p1a: Sandaconda|84/100|[from] item: Leftovers\n|-heal|p2a: Regirock|190/268|[from] item: Leftovers\n|upkeep\n|turn|20\n|inactive|Time left: 300 sec this turn | 300 sec total\n|\n|t:|1783552487\n|move|p1a: Sandaconda|Earthquake|p2a: Regirock\n|-damage|p2a: Regirock|132/268\n|move|p2a: Regirock|Body Press|p1a: Sandaconda\n|-damage|p1a: Sandaconda|39/100\n|\n|-heal|p1a: Sandaconda|45/100|[from] item: Leftovers\n|-heal|p2a: Regirock|148/268|[from] item: Leftovers\n|upkeep\n|turn|21\n|inactive|Time left: 300 sec this turn | 300 sec total\n|\n|t:|1783552488\n|move|p1a: Sandaconda|Rest|p1a: Sandaconda\n|-status|p1a: Sandaconda|slp|[from] move: Rest\n|-heal|p1a: Sandaconda|100/100 slp|[silent]\n|move|p2a: Regirock|Iron Defense|p2a: Regirock\n|-boost|p2a: Regirock|def|2\n|\n|-activate|p1a: Sandaconda|ability: Shed Skin\n|-curestatus|p1a: Sandaconda|slp|[msg]\n|-heal|p2a: Regirock|164/268|[from] item: Leftovers\n|upkeep\n|turn|22\n|inactive|Time left: 300 sec this turn | 300 sec total\n|\n|t:|1783552489\n|move|p1a: Sandaconda|Stone Edge|p2a: Regirock\n|-resisted|p2a: Regirock\n|-damage|p2a: Regirock|150/268\n|move|p2a: Regirock|Thunder Wave|p1a: Sandaconda\n|-immune|p1a: Sandaconda\n|\n|-heal|p2a: Regirock|166/268|[from] item: Leftovers\n|upkeep\n|turn|23\n|inactive|Time left: 300 sec this turn | 300 sec total\n|\n|t:|1783552490\n|move|p1a: Sandaconda|Earthquake|p2a: Regirock\n|-damage|p2a: Regirock|121/268\n|move|p2a: Regirock|Thunder Wave|p1a: Sandaconda\n|-immune|p1a: Sandaconda\n|\n|-heal|p2a: Regirock|137/268|[from] item: Leftovers\n|upkeep\n|turn|24\n|inactive|Time left: 300 sec this turn | 300 sec total\n|\n|t:|1783552491\n|move|p1a: Sandaconda|Earthquake|p2a: Regirock\n|-damage|p2a: Regirock|94/268\n|move|p2a: Regirock|Thunder Wave|p1a: Sandaconda\n|-immune|p1a: Sandaconda\n|\n|-heal|p2a: Regirock|110/268|[from] item: Leftovers\n|upkeep\n|turn|25\n|inactive|Time left: 300 sec this turn | 300 sec total\n|\n|t:|1783552492\n|move|p1a: Sandaconda|Earthquake|p2a: Regirock\n|-damage|p2a: Regirock|61/268\n|move|p2a: Regirock|Iron Defense|p2a: Regirock\n|-boost|p2a: Regirock|def|0\n|\n|-heal|p2a: Regirock|77/268|[from] item: Leftovers\n|upkeep\n|turn|26\n|inactive|Time left: 300 sec this turn | 300 sec total\n|\n|t:|1783552493\n|move|p1a: Sandaconda|Stone Edge|p2a: Regirock\n|-resisted|p2a: Regirock\n|-crit|p2a: Regirock\n|-damage|p2a: Regirock|0 fnt\n|faint|p2a: Regirock\n|\n|upkeep\n|inactive|Time left: 300 sec this turn | 300 sec total | 5 sec grace\n|\n|t:|1783552494\n|switch|p2a: Cresselia|Cresselia, L80, F|147/323\n|turn|27\n|inactive|Time left: 300 sec this turn | 300 sec total\n|\n|t:|1783552496\n|move|p2a: Cresselia|Moonlight|p2a: Cresselia\n|-heal|p2a: Cresselia|308/323\n|move|p1a: Sandaconda|Stone Edge|p2a: Cresselia\n|-damage|p2a: Cresselia|120/323\n|\n|-heal|p2a: Cresselia|140/323|[from] item: Leftovers\n|upkeep\n|turn|28\n|inactive|Time left: 300 sec this turn | 300 sec total\n|\n|t:|1783552497\n|move|p2a: Cresselia|Moonlight|p2a: Cresselia\n|-heal|p2a: Cresselia|301/323\n|move|p1a: Sandaconda|Stone Edge|p2a: Cresselia\n|-damage|p2a: Cresselia|84/323\n|\n|-heal|p2a: Cresselia|104/323|[from] item: Leftovers\n|upkeep\n|turn|29\n|inactive|Time left: 300 sec this turn | 300 sec total\n|\n|t:|1783552498\n|move|p2a: Cresselia|Moonlight|p2a: Cresselia\n|-heal|p2a: Cresselia|265/323\n|move|p1a: Sandaconda|Stone Edge|p2a: Cresselia\n|-crit|p2a: Cresselia\n|-damage|p2a: Cresselia|0 fnt\n|faint|p2a: Cresselia\n|\n|upkeep\n|inactive|Time left: 300 sec this turn | 300 sec total | 5 sec grace\n|\n|t:|1783552499\n|switch|p2a: Plusle|Plusle, L95, F|268/268\n|turn|30\n|inactive|Time left: 300 sec this turn | 300 sec total\n|\n|t:|1783552500\n|move|p2a: Plusle|Encore|p1a: Sandaconda\n|-start|p1a: Sandaconda|Encore\n|move|p1a: Sandaconda|Stone Edge|p2a: Plusle\n|-damage|p2a: Plusle|0 fnt\n|faint|p2a: Plusle\n|\n|upkeep\n|inactive|Time left: 300 sec this turn | 300 sec total | 5 sec grace\n|\n|t:|1783552501\n|switch|p2a: Eternatus|Eternatus, L69|308/308\n|-ability|p2a: Eternatus|Pressure\n|turn|31\n|inactive|Time left: 300 sec this turn | 300 sec total\n|\n|t:|1783552502\n|move|p2a: Eternatus|Dynamax Cannon|p1a: Sandaconda\n|-damage|p1a: Sandaconda|55/100\n|move|p1a: Sandaconda|Stone Edge|p2a: Eternatus\n|-crit|p2a: Eternatus\n|-damage|p2a: Eternatus|0 fnt\n|faint|p2a: Eternatus\n|\n|-heal|p1a: Sandaconda|61/100|[from] item: Leftovers\n|-end|p1a: Sandaconda|Encore\n|upkeep\n|inactive|Time left: 300 sec this turn | 300 sec total | 5 sec grace\n|\n|t:|1783552503\n|switch|p2a: Annihilape|Annihilape, L76, M|292/292\n|turn|32\n|inactive|Time left: 300 sec this turn | 300 sec total\n|\n|t:|1783552504\n|move|p2a: Annihilape|Bulk Up|p2a: Annihilape\n|-boost|p2a: Annihilape|atk|1\n|-boost|p2a: Annihilape|def|1\n|move|p1a: Sandaconda|Earthquake|p2a: Annihilape\n|-damage|p2a: Annihilape|1/292\n|\n|-heal|p1a: Sandaconda|67/100|[from] item: Leftovers\n|upkeep\n|turn|33\n|inactive|Time left: 300 sec this turn | 300 sec total\n|\n|t:|1783552504\n|move|p2a: Annihilape|Rest|p2a: Annihilape\n|-status|p2a: Annihilape|slp|[from] move: Rest\n|-heal|p2a: Annihilape|292/292 slp|[silent]\n|-enditem|p2a: Annihilape|Chesto Berry|[eat]\n|-curestatus|p2a: Annihilape|slp|[msg]\n|move|p1a: Sandaconda|Earthquake|p2a: Annihilape\n|-damage|p2a: Annihilape|7/292\n|\n|-heal|p1a: Sandaconda|73/100|[from] item: Leftovers\n|upkeep\n|turn|34\n|inactive|Time left: 300 sec this turn | 300 sec total\n|\n|t:|1783552505\n|move|p2a: Annihilape|Rest|p2a: Annihilape\n|-status|p2a: Annihilape|slp|[from] move: Rest\n|-heal|p2a: Annihilape|292/292 slp|[silent]\n|move|p1a: Sandaconda|Earthquake|p2a: Annihilape\n|-damage|p2a: Annihilape|22/292 slp\n|\n|-heal|p1a: Sandaconda|80/100|[from] item: Leftovers\n|upkeep\n|turn|35\n|inactive|Time left: 300 sec this turn | 300 sec total\n|\n|t:|1783552506\n|cant|p2a: Annihilape|slp\n|move|p1a: Sandaconda|Earthquake|p2a: Annihilape\n|-damage|p2a: Annihilape|0 fnt\n|faint|p2a: Annihilape\n|\n|-heal|p1a: Sandaconda|86/100|[from] item: Leftovers\n|upkeep\n|inactive|Time left: 300 sec this turn | 300 sec total | 5 sec grace\n|\n|t:|1783552507\n|switch|p2a: Ogerpon|Ogerpon-Cornerstone, L76, F|247/247\n|turn|36\n|inactive|Time left: 300 sec this turn | 300 sec total\n|\n|t:|1783552507\n|move|p2a: Ogerpon|Power Whip|p1a: Sandaconda\n|-supereffective|p1a: Sandaconda\n|-crit|p1a: Sandaconda\n|-damage|p1a: Sandaconda|0 fnt\n|faint|p1a: Sandaconda\n|\n|upkeep\n|\n|t:|1783552508\n|switch|p1a: Zacian|Zacian, L69|100/100\n|-ability|p1a: Zacian|Intrepid Sword|boost\n|-boost|p1a: Zacian|atk|1\n|turn|37\n|inactive|Time left: 300 sec this turn | 300 sec total\n|\n|t:|1783552509\n|move|p1a: Zacian|Close Combat|p2a: Ogerpon\n|-supereffective|p2a: Ogerpon\n|-ability|p2a: Ogerpon|Sturdy\n|-damage|p2a: Ogerpon|1/247\n|-unboost|p1a: Zacian|def|1\n|-unboost|p1a: Zacian|spd|1\n|-damage|p1a: Zacian|91/100|[from] item: Life Orb\n|move|p2a: Ogerpon|Power Whip|p1a: Zacian\n|-damage|p1a: Zacian|0 fnt\n|faint|p1a: Zacian\n|\n|upkeep\n|\n|t:|1783552510\n|switch|p1a: Dragonite|Dragonite, L74, M|100/100\n|turn|38\n|inactive|Time left: 300 sec this turn | 300 sec total\n|\n|t:|1783552510\n|-terastallize|p1a: Dragonite|Flying\n|move|p2a: Ogerpon|Synthesis|p2a: Ogerpon\n|-heal|p2a: Ogerpon|124/247\n|move|p1a: Dragonite|Outrage|p2a: Ogerpon\n|-damage|p2a: Ogerpon|0 fnt\n|faint|p2a: Ogerpon\n|\n|win|p0x11486ca2", "uploadtime": 1783552510, "views": 0, "rating": 0, "private": 0, "password": null, "_winner": "p0x11486ca2", "_our_name": "p0y11482842"}