{"id": "battle-gen9randombattle-2069", "formatid": "gen9randombattle", "format": "[Gen 9] Random Battle", "players": ["p0x20699416", "p0y2069dbe2"], "log": "|init|battle\n|title|p0x20699416 vs. p0y2069dbe2\n|j|\u2606p0x20699416\n|j|\u2606p0y2069dbe2\n|t:|1783563978\n|gametype|singles\n|player|p1|p0x20699416|170|\n|player|p2|p0y2069dbe2|266|\n|gen|9\n|tier|[Gen 9] Random Battle\n|rule|Species Clause: Limit one of each Pok\u00e9mon\n|rule|HP Percentage Mod: HP is shown in percentages\n|rule|Sleep Clause Mod: Limit one foe put to sleep\n|rule|Illusion Level Mod: Illusion disguises the Pok\u00e9mon's true level\n|\n|t:|1783563978\n|teamsize|p1|6\n|teamsize|p2|6\n|start\n|switch|p1a: Venomoth|Venomoth, L84, M|100/100\n|switch|p2a: Braviary|Braviary-Hisui, L85, M|326/326\n|turn|1\n|inactive|Battle timer is ON: inactive players will automatically lose when time's up. (requested by p0x20699416)\n|inactive|Time left: 300 sec this turn | 300 sec total | 60 sec grace\n|inactive|p0y2069dbe2 also wants the timer to be on.\n|\n|t:|1783563980\n|move|p1a: Venomoth|Sleep Powder|p2a: Braviary|[miss]\n|-miss|p1a: Venomoth|p2a: Braviary\n|move|p2a: Braviary|Psychic|p1a: Venomoth\n|-supereffective|p1a: Venomoth\n|-damage|p1a: Venomoth|0 fnt\n|faint|p1a: Venomoth\n|\n|upkeep\n|\n|t:|1783563981\n|switch|p1a: Mightyena|Mightyena, L96, M|100/100\n|-ability|p1a: Mightyena|Intimidate|boost\n|-unboost|p2a: Braviary|atk|1\n|turn|2\n|inactive|Time left: 300 sec this turn | 300 sec total\n|\n|t:|1783563982\n|switch|p2a: Magcargo|Magcargo, L95, F|268/268\n|move|p1a: Mightyena|Throat Chop|p2a: Magcargo\n|-damage|p2a: Magcargo|163/268\n|-start|p2a: Magcargo|Throat Chop|[silent]\n|\n|upkeep\n|turn|3\n|inactive|Time left: 300 sec this turn | 300 sec total\n|\n|t:|1783563984\n|move|p1a: Mightyena|Throat Chop|p2a: Magcargo\n|-damage|p2a: Magcargo|63/268\n|move|p2a: Magcargo|Stealth Rock|p1a: Mightyena\n|-sidestart|p1: p0x20699416|move: Stealth Rock\n|\n|-end|p2a: Magcargo|Throat Chop|[silent]\n|upkeep\n|turn|4\n|inactive|Time left: 300 sec this turn | 300 sec total\n|\n|t:|1783563985\n|move|p1a: Mightyena|Throat Chop|p2a: Magcargo\n|-damage|p2a: Magcargo|0 fnt\n|-status|p1a: Mightyena|brn|[from] ability: Flame Body|[of] p2a: Magcargo\n|faint|p2a: Magcargo\n|\n|-damage|p1a: Mightyena|94/100 brn|[from] brn\n|upkeep\n|inactive|Time left: 300 sec this turn | 300 sec total | 5 sec grace\n|\n|t:|1783563986\n|switch|p2a: Minun|Minun, L95, F|268/268\n|turn|5\n|inactive|Time left: 300 sec this turn | 300 sec total\n|\n|t:|1783563987\n|move|p2a: Minun|Nasty Plot|p2a: Minun\n|-boost|p2a: Minun|spa|2\n|move|p1a: Mightyena|Throat Chop|p2a: Minun\n|-damage|p2a: Minun|170/268\n|-start|p2a: Minun|Throat Chop|[silent]\n|\n|-damage|p1a: Mightyena|88/100 brn|[from] brn\n|upkeep\n|turn|6\n|inactive|Time left: 300 sec this turn | 300 sec total\n|\n|t:|1783563988\n|move|p2a: Minun|Nasty Plot|p2a: Minun\n|-boost|p2a: Minun|spa|2\n|move|p1a: Mightyena|Throat Chop|p2a: Minun\n|-crit|p2a: Minun\n|-damage|p2a: Minun|8/268\n|\n|-damage|p1a: Mightyena|82/100 brn|[from] brn\n|-end|p2a: Minun|Throat Chop|[silent]\n|upkeep\n|turn|7\n|inactive|Time left: 300 sec this turn | 300 sec total\n|\n|t:|1783563989\n|move|p2a: Minun|Thunderbolt|p1a: Mightyena\n|-damage|p1a: Mightyena|0 fnt\n|faint|p1a: Mightyena\n|-damage|p2a: Minun|0 fnt|[from] item: Life Orb\n|faint|p2a: Minun\n|\n|upkeep\n|inactive|Time left: 300 sec this turn | 300 sec total | 5 sec grace\n|\n|t:|1783563990\n|switch|p2a: Braviary|Braviary-Hisui, L85, M|326/326\n|switch|p1a: Glaceon|Glaceon, L94, F|100/100\n|turn|8\n|inactive|Time left: 300 sec this turn | 300 sec total\n|\n|t:|1783563991\n|move|p1a: Glaceon|Freeze-Dry|p2a: Braviary\n|-supereffective|p2a: Braviary\n|-damage|p2a: Braviary|60/326\n|move|p2a: Braviary|Agility|p2a: Braviary\n|-boost|p2a: Braviary|spe|2\n|\n|upkeep\n|turn|9\n|inactive|Time left: 300 sec this turn | 300 sec total\n|\n|t:|1783563992\n|move|p2a: Braviary|Psychic|p1a: Glaceon\n|-damage|p1a: Glaceon|48/100\n|move|p1a: Glaceon|Freeze-Dry|p2a: Braviary\n|-supereffective|p2a: Braviary\n|-damage|p2a: Braviary|0 fnt\n|faint|p2a: Braviary\n|\n|upkeep\n|inactive|Time left: 300 sec this turn | 300 sec total | 5 sec grace\n|\n|t:|1783563993\n|switch|p2a: Dodrio|Dodrio, L85, F|241/241\n|turn|10\n|inactive|Time left: 300 sec this turn | 300 sec total\n|\n|t:|1783563994\n|move|p2a: Dodrio|Brave Bird|p1a: Glaceon\n|-damage|p1a: Glaceon|0 fnt\n|faint|p1a: Glaceon\n|-damage|p2a: Dodrio|198/241|[from] Recoil\n|\n|upkeep\n|\n|t:|1783563995\n|switch|p1a: Beartic|Beartic, L91, F|100/100\n|turn|11\n|inactive|Time left: 300 sec this turn | 300 sec total\n|\n|t:|1783563996\n|move|p2a: Dodrio|Brave Bird|p1a: Beartic\n|-damage|p1a: Beartic|27/100\n|-damage|p2a: Dodrio|120/241|[from] Recoil\n|move|p1a: Beartic|Icicle Crash|p2a: Dodrio\n|-supereffective|p2a: Dodrio\n|-damage|p2a: Dodrio|0 fnt\n|faint|p2a: Dodrio\n|\n|upkeep\n|inactive|Time left: 300 sec this turn | 300 sec total | 5 sec grace\n|\n|t:|1783563997\n|switch|p2a: Breloom|Breloom, L83, M|235/235\n|turn|12\n|inactive|Time left: 300 sec this turn | 300 sec total\n|\n|t:|1783563998\n|switch|p1a: Latias|Latias, L79, F|100/100\n|-damage|p1a: Latias|88/100|[from] Stealth Rock\n|move|p2a: Breloom|Bullet Seed|p1a: Latias\n|-resisted|p1a: Latias\n|-damage|p1a: Latias|76/100\n|-resisted|p1a: Latias\n|-damage|p1a: Latias|63/100\n|-resisted|p1a: Latias\n|-damage|p1a: Latias|51/100\n|-resisted|p1a: Latias\n|-damage|p1a: Latias|38/100\n|-resisted|p1a: Latias\n|-damage|p1a: Latias|26/100\n|-hitcount|p1a: Latias|5\n|-damage|p2a: Breloom|212/235|[from] item: Life Orb\n|\n|upkeep\n|turn|13\n|inactive|Time left: 300 sec this turn | 300 sec total\n|\n|t:|1783563999\n|switch|p2a: Dachsbun|Dachsbun, L92, M|254/254\n|move|p1a: Latias|Psyshock|p2a: Dachsbun\n|-damage|p2a: Dachsbun|182/254\n|\n|-heal|p2a: Dachsbun|197/254|[from] item: Leftovers\n|upkeep\n|turn|14\n|inactive|Time left: 300 sec this turn | 300 sec total\n|\n|t:|1783564000\n|move|p2a: Dachsbun|Play Rough|p1a: Latias\n|-supereffective|p1a: Latias\n|-damage|p1a: Latias|0 fnt\n|faint|p1a: Latias\n|\n|-heal|p2a: Dachsbun|212/254|[from] item: Leftovers\n|upkeep\n|\n|t:|1783564001\n|switch|p1a: Raikou|Raikou, L81|100/100\n|-damage|p1a: Raikou|88/100|[from] Stealth Rock\n|-ability|p1a: Raikou|Pressure\n|turn|15\n|inactive|Time left: 300 sec this turn | 300 sec total\n|\n|t:|1783564002\n|move|p1a: Raikou|Calm Mind|p1a: Raikou\n|-boost|p1a: Raikou|spa|1\n|-boost|p1a: Raikou|spd|1\n|move|p2a: Dachsbun|Body Press|p1a: Raikou\n|-damage|p1a: Raikou|54/100\n|\n|-heal|p1a: Raikou|60/100|[from] item: Leftovers\n|-heal|p2a: Dachsbun|227/254|[from] item: Leftovers\n|upkeep\n|turn|16\n|inactive|Time left: 300 sec this turn | 300 sec total\n|\n|t:|1783564003\n|move|p1a: Raikou|Scald|p2a: Dachsbun\n|-damage|p2a: Dachsbun|140/254\n|-status|p2a: Dachsbun|brn\n|move|p2a: Dachsbun|Play Rough|p1a: Raikou\n|-damage|p1a: Raikou|41/100\n|-unboost|p1a: Raikou|atk|1\n|\n|-heal|p1a: Raikou|47/100|[from] item: Leftovers\n|-heal|p2a: Dachsbun|155/254 brn|[from] item: Leftovers\n|-damage|p2a: Dachsbun|140/254 brn|[from] brn\n|upkeep\n|turn|17\n|inactive|Time left: 300 sec this turn | 300 sec total\n|\n|t:|1783564004\n|move|p1a: Raikou|Scald|p2a: Dachsbun\n|-damage|p2a: Dachsbun|50/254 brn\n|move|p2a: Dachsbun|Body Press|p1a: Raikou\n|-damage|p1a: Raikou|31/100\n|\n|-heal|p1a: Raikou|37/100|[from] item: Leftovers\n|-heal|p2a: Dachsbun|65/254 brn|[from] item: Leftovers\n|-damage|p2a: Dachsbun|50/254 brn|[from] brn\n|upkeep\n|turn|18\n|inactive|Time left: 300 sec this turn | 300 sec total\n|\n|t:|1783564005\n|switch|p2a: Breloom|Breloom, L83, M|212/235\n|move|p1a: Raikou|Calm Mind|p1a: Raikou\n|-boost|p1a: Raikou|spa|1\n|-boost|p1a: Raikou|spd|1\n|\n|-heal|p1a: Raikou|43/100|[from] item: Leftovers\n|upkeep\n|turn|19\n|inactive|Time left: 300 sec this turn | 300 sec total\n|\n|t:|1783564006\n|move|p1a: Raikou|Scald|p2a: Breloom\n|-resisted|p2a: Breloom\n|-damage|p2a: Breloom|131/235\n|move|p2a: Breloom|Bullet Seed|p1a: Raikou\n|-damage|p1a: Raikou|16/100\n|-damage|p1a: Raikou|0 fnt\n|faint|p1a: Raikou\n|-hitcount|p1: Raikou|2\n|-damage|p2a: Breloom|108/235|[from] item: Life Orb\n|\n|upkeep\n|\n|t:|1783564007\n|switch|p1a: Beartic|Beartic, L91, F|27/100\n|turn|20\n|inactive|Time left: 300 sec this turn | 300 sec total\n|\n|t:|1783564008\n|-terastallize|p2a: Breloom|Rock\n|-terastallize|p1a: Beartic|Ground\n|move|p2a: Breloom|Bullet Seed|p1a: Beartic\n|-supereffective|p1a: Beartic\n|-damage|p1a: Beartic|0 fnt\n|faint|p1a: Beartic\n|-hitcount|p1: Beartic|1\n|-damage|p2a: Breloom|85/235|[from] item: Life Orb\n|\n|win|p0y2069dbe2", "uploadtime": 1783564008, "views": 0, "rating": 0, "private": 0, "password": null, "_winner": "p0y2069dbe2", "_our_name": "p0y2069dbe2"}