{"id": "battle-gen9randombattle-2904", "formatid": "gen9randombattle", "format": "[Gen 9] Random Battle", "players": ["p0x29041b2a", "p0y2904cede"], "log": "|init|battle\n|title|p0x29041b2a vs. p0y2904cede\n|j|\u2606p0x29041b2a\n|j|\u2606p0y2904cede\n|t:|1783572468\n|gametype|singles\n|player|p1|p0x29041b2a|2|\n|player|p2|p0y2904cede|102|\n|gen|9\n|tier|[Gen 9] Random Battle\n|rule|Species Clause: Limit one of each Pok\u00e9mon\n|rule|HP Percentage Mod: HP is shown in percentages\n|rule|Sleep Clause Mod: Limit one foe put to sleep\n|rule|Illusion Level Mod: Illusion disguises the Pok\u00e9mon's true level\n|\n|t:|1783572468\n|teamsize|p1|6\n|teamsize|p2|6\n|start\n|switch|p1a: Lokix|Lokix, L82, M|251/251\n|switch|p2a: Latias|Latias, L79, F|100/100\n|turn|1\n|inactive|Battle timer is ON: inactive players will automatically lose when time's up. (requested by p0y2904cede)\n|inactive|Time left: 300 sec this turn | 300 sec total | 60 sec grace\n|inactive|p0x29041b2a also wants the timer to be on.\n|\n|t:|1783572469\n|switch|p2a: Masquerain|Masquerain, L87, F|100/100\n|-ability|p2a: Masquerain|Intimidate|boost\n|-unboost|p1a: Lokix|atk|1\n|move|p1a: Lokix|First Impression|p2a: Masquerain\n|-resisted|p2a: Masquerain\n|-damage|p2a: Masquerain|66/100\n|\n|upkeep\n|turn|2\n|inactive|Time left: 300 sec this turn | 300 sec total\n|\n|t:|1783572471\n|move|p1a: Lokix|U-turn|p2a: Masquerain\n|-resisted|p2a: Masquerain\n|-damage|p2a: Masquerain|41/100\n|inactive|Time left: 300 sec this turn | 300 sec total | 5 sec grace\n|\n|t:|1783572472\n|switch|p1a: Excadrill|Excadrill, L79, F|303/303|[from] U-turn\n|-ability|p1a: Excadrill|Mold Breaker\n|move|p2a: Masquerain|Sticky Web|p1a: Excadrill\n|-sidestart|p1: p0x29041b2a|move: Sticky Web\n|\n|upkeep\n|turn|3\n|inactive|Time left: 300 sec this turn | 300 sec total\n|\n|t:|1783572473\n|switch|p2a: Froslass|Froslass, L87, F|100/100\n|move|p1a: Excadrill|Rapid Spin|p2a: Froslass\n|-immune|p2a: Froslass\n|\n|upkeep\n|turn|4\n|inactive|Time left: 300 sec this turn | 300 sec total\n|\n|t:|1783572474\n|move|p2a: Froslass|Will-O-Wisp|p1a: Excadrill\n|-status|p1a: Excadrill|brn\n|move|p1a: Excadrill|Iron Head|p2a: Froslass\n|-supereffective|p2a: Froslass\n|-damage|p2a: Froslass|58/100\n|\n|-damage|p1a: Excadrill|285/303 brn|[from] brn\n|upkeep\n|turn|5\n|inactive|Time left: 300 sec this turn | 300 sec total\n|\n|t:|1783572475\n|move|p2a: Froslass|Spikes|p1a: Excadrill\n|-sidestart|p1: p0x29041b2a|Spikes\n|move|p1a: Excadrill|Iron Head|p2a: Froslass\n|-supereffective|p2a: Froslass\n|-damage|p2a: Froslass|16/100\n|-start|p1a: Excadrill|Disable|Iron Head|[from] ability: Cursed Body|[of] p2a: Froslass\n|\n|-heal|p1a: Excadrill|303/303 brn|[from] item: Leftovers\n|-damage|p1a: Excadrill|285/303 brn|[from] brn\n|upkeep\n|turn|6\n|inactive|Time left: 300 sec this turn | 300 sec total\n|\n|t:|1783572476\n|move|p2a: Froslass|Triple Axel|p1a: Excadrill\n|-damage|p1a: Excadrill|254/303 brn\n|-damage|p1a: Excadrill|200/303 brn\n|-damage|p1a: Excadrill|118/303 brn\n|-hitcount|p1a: Excadrill|3\n|move|p1a: Excadrill|Earthquake|p2a: Froslass\n|-damage|p2a: Froslass|0 fnt\n|faint|p2a: Froslass\n|\n|-heal|p1a: Excadrill|136/303 brn|[from] item: Leftovers\n|-damage|p1a: Excadrill|118/303 brn|[from] brn\n|upkeep\n|\n|t:|1783572477\n|switch|p2a: Eternatus|Eternatus, L69|100/100\n|-ability|p2a: Eternatus|Pressure\n|turn|7\n|inactive|Time left: 300 sec this turn | 300 sec total\n|\n|t:|1783572478\n|move|p2a: Eternatus|Flamethrower|p1a: Excadrill\n|-supereffective|p1a: Excadrill\n|-damage|p1a: Excadrill|0 fnt\n|faint|p1a: Excadrill\n|\n|upkeep\n|inactive|Time left: 300 sec this turn | 300 sec total | 5 sec grace\n|\n|t:|1783572479\n|switch|p1a: Clawitzer|Clawitzer, L87, F|265/265\n|-activate|p1a: Clawitzer|move: Sticky Web\n|-unboost|p1a: Clawitzer|spe|1\n|-damage|p1a: Clawitzer|232/265|[from] Spikes\n|turn|8\n|inactive|Time left: 300 sec this turn | 300 sec total\n|\n|t:|1783572480\n|move|p2a: Eternatus|Dynamax Cannon|p1a: Clawitzer\n|-damage|p1a: Clawitzer|139/265\n|move|p1a: Clawitzer|Dark Pulse|p2a: Eternatus\n|-damage|p2a: Eternatus|46/100\n|\n|-heal|p2a: Eternatus|52/100|[from] item: Leftovers\n|upkeep\n|turn|9\n|inactive|Time left: 300 sec this turn | 300 sec total\n|\n|t:|1783572481\n|move|p2a: Eternatus|Recover|p2a: Eternatus\n|-heal|p2a: Eternatus|100/100\n|move|p1a: Clawitzer|Dark Pulse|p2a: Eternatus\n|-damage|p2a: Eternatus|41/100\n|\n|-heal|p2a: Eternatus|47/100|[from] item: Leftovers\n|upkeep\n|turn|10\n|inactive|Time left: 300 sec this turn | 300 sec total\n|\n|t:|1783572482\n|move|p2a: Eternatus|Recover|p2a: Eternatus\n|-heal|p2a: Eternatus|97/100\n|move|p1a: Clawitzer|Dark Pulse|p2a: Eternatus\n|-damage|p2a: Eternatus|39/100\n|\n|-heal|p2a: Eternatus|45/100|[from] item: Leftovers\n|upkeep\n|turn|11\n|inactive|Time left: 300 sec this turn | 300 sec total\n|\n|t:|1783572483\n|move|p2a: Eternatus|Recover|p2a: Eternatus\n|-heal|p2a: Eternatus|95/100\n|move|p1a: Clawitzer|Dark Pulse|p2a: Eternatus\n|-damage|p2a: Eternatus|34/100\n|\n|-heal|p2a: Eternatus|40/100|[from] item: Leftovers\n|upkeep\n|turn|12\n|inactive|Time left: 300 sec this turn | 300 sec total\n|\n|t:|1783572484\n|move|p2a: Eternatus|Recover|p2a: Eternatus\n|-heal|p2a: Eternatus|90/100\n|move|p1a: Clawitzer|Dark Pulse|p2a: Eternatus\n|-crit|p2a: Eternatus\n|-damage|p2a: Eternatus|7/100\n|\n|-heal|p2a: Eternatus|13/100|[from] item: Leftovers\n|upkeep\n|turn|13\n|inactive|Time left: 300 sec this turn | 300 sec total\n|\n|t:|1783572485\n|move|p2a: Eternatus|Dynamax Cannon|p1a: Clawitzer\n|-damage|p1a: Clawitzer|49/265\n|move|p1a: Clawitzer|Dark Pulse|p2a: Eternatus\n|-damage|p2a: Eternatus|0 fnt\n|faint|p2a: Eternatus\n|\n|upkeep\n|\n|t:|1783572486\n|switch|p2a: Pikachu|Pikachu-Partner, L93, F|100/100\n|turn|14\n|inactive|Time left: 300 sec this turn | 300 sec total\n|\n|t:|1783572487\n|move|p2a: Pikachu|Play Rough|p1a: Clawitzer\n|-damage|p1a: Clawitzer|0 fnt\n|faint|p1a: Clawitzer\n|\n|upkeep\n|inactive|Time left: 300 sec this turn | 300 sec total | 5 sec grace\n|\n|t:|1783572488\n|switch|p1a: Ogerpon|Ogerpon-Hearthflame, L74, F|239/239\n|-activate|p1a: Ogerpon|move: Sticky Web\n|-unboost|p1a: Ogerpon|spe|1\n|-damage|p1a: Ogerpon|210/239|[from] Spikes\n|-ability|p1a: Ogerpon|Mold Breaker\n|turn|15\n|inactive|Time left: 300 sec this turn | 300 sec total\n|\n|t:|1783572489\n|move|p2a: Pikachu|Volt Switch|p1a: Ogerpon\n|-resisted|p1a: Ogerpon\n|-damage|p1a: Ogerpon|152/239\n|\n|t:|1783572489\n|switch|p2a: Latias|Latias, L79, F|100/100|[from] Volt Switch\n|move|p1a: Ogerpon|Ivy Cudgel|p2a: Latias|[anim] Ivy Cudgel Fire\n|-resisted|p2a: Latias\n|-damage|p2a: Latias|79/100\n|\n|upkeep\n|turn|16\n|inactive|Time left: 300 sec this turn | 300 sec total\n|\n|t:|1783572490\n|move|p2a: Latias|Draco Meteor|p1a: Ogerpon\n|-damage|p1a: Ogerpon|0 fnt\n|-unboost|p2a: Latias|spa|2\n|faint|p1a: Ogerpon\n|\n|upkeep\n|inactive|Time left: 300 sec this turn | 300 sec total | 5 sec grace\n|\n|t:|1783572491\n|switch|p1a: Miraidon|Miraidon, L65|238/238\n|-activate|p1a: Miraidon|move: Sticky Web\n|-unboost|p1a: Miraidon|spe|1\n|-damage|p1a: Miraidon|209/238|[from] Spikes\n|-fieldstart|move: Electric Terrain|[from] ability: Hadron Engine|[of] p1a: Miraidon\n|turn|17\n|inactive|Time left: 300 sec this turn | 300 sec total\n|\n|t:|1783572492\n|move|p2a: Latias|Draco Meteor|p1a: Miraidon\n|-supereffective|p1a: Miraidon\n|-damage|p1a: Miraidon|47/238\n|-unboost|p2a: Latias|spa|2\n|move|p1a: Miraidon|Dragon Pulse|p2a: Latias\n|-supereffective|p2a: Latias\n|-damage|p2a: Latias|6/100\n|-damage|p1a: Miraidon|24/238|[from] item: Life Orb\n|\n|upkeep\n|turn|18\n|inactive|Time left: 300 sec this turn | 300 sec total\n|\n|t:|1783572493\n|move|p2a: Latias|Psyshock|p1a: Miraidon\n|-damage|p1a: Miraidon|0 fnt\n|faint|p1a: Miraidon\n|\n|upkeep\n|inactive|Time left: 300 sec this turn | 300 sec total | 5 sec grace\n|\n|t:|1783572494\n|switch|p1a: Lokix|Lokix, L82, M|251/251\n|-activate|p1a: Lokix|move: Sticky Web\n|-unboost|p1a: Lokix|spe|1\n|-damage|p1a: Lokix|220/251|[from] Spikes\n|turn|19\n|inactive|Time left: 300 sec this turn | 300 sec total\n|\n|t:|1783572495\n|move|p1a: Lokix|First Impression|p2a: Latias\n|-supereffective|p2a: Latias\n|-damage|p2a: Latias|0 fnt\n|faint|p2a: Latias\n|\n|upkeep\n|\n|t:|1783572496\n|switch|p2a: Pikachu|Pikachu-Partner, L93, F|100/100\n|turn|20\n|inactive|Time left: 300 sec this turn | 300 sec total\n|\n|t:|1783572497\n|switch|p1a: Infernape|Infernape, L82, M|259/259\n|-activate|p1a: Infernape|move: Sticky Web\n|-unboost|p1a: Infernape|spe|1\n|-damage|p1a: Infernape|227/259|[from] Spikes\n|move|p2a: Pikachu|Volt Tackle|p1a: Infernape\n|-damage|p1a: Infernape|0 fnt\n|faint|p1a: Infernape\n|-damage|p2a: Pikachu|66/100|[from] Recoil\n|\n|upkeep\n|inactive|Time left: 300 sec this turn | 300 sec total | 5 sec grace\n|\n|t:|1783572498\n|switch|p1a: Lokix|Lokix, L82, M|220/251\n|-activate|p1a: Lokix|move: Sticky Web\n|-unboost|p1a: Lokix|spe|1\n|-damage|p1a: Lokix|189/251|[from] Spikes\n|turn|21\n|inactive|Time left: 300 sec this turn | 300 sec total\n|\n|t:|1783572499\n|-terastallize|p2a: Pikachu|Water\n|-terastallize|p1a: Lokix|Bug\n|move|p1a: Lokix|First Impression|p2a: Pikachu\n|-damage|p2a: Pikachu|0 fnt\n|faint|p2a: Pikachu\n|\n|-fieldend|move: Electric Terrain\n|upkeep\n|\n|t:|1783572500\n|switch|p2a: Pawmot|Pawmot, L80, M|100/100\n|turn|22\n|inactive|Time left: 300 sec this turn | 300 sec total\n|\n|t:|1783572501\n|move|p2a: Pawmot|Double Shock|p1a: Lokix\n|-damage|p1a: Lokix|0 fnt\n|-start|p2a: Pawmot|typechange|???/Fighting|[from] move: Double Shock\n|faint|p1a: Lokix\n|-damage|p2a: Pawmot|91/100|[from] item: Life Orb\n|\n|win|p0y2904cede", "uploadtime": 1783572501, "views": 0, "rating": 0, "private": 0, "password": null, "_winner": "p0y2904cede", "_our_name": "p0x29041b2a"}