{"id": "battle-gen9randombattle-332", "formatid": "gen9randombattle", "format": "[Gen 9] Random Battle", "players": ["p0x33237dc", "p0y3322203"], "log": "|init|battle\n|title|p0x33237dc vs. p0y3322203\n|j|\u2606p0x33237dc\n|j|\u2606p0y3322203\n|t:|1783543464\n|gametype|singles\n|player|p1|p0x33237dc|1|\n|player|p2|p0y3322203|265|\n|gen|9\n|tier|[Gen 9] Random Battle\n|rule|Species Clause: Limit one of each Pok\u00e9mon\n|rule|HP Percentage Mod: HP is shown in percentages\n|rule|Sleep Clause Mod: Limit one foe put to sleep\n|rule|Illusion Level Mod: Illusion disguises the Pok\u00e9mon's true level\n|\n|t:|1783543464\n|teamsize|p1|6\n|teamsize|p2|6\n|start\n|switch|p1a: Kricketune|Kricketune, L99, F|311/311\n|switch|p2a: Keldeo|Keldeo-Resolute, L79|100/100\n|turn|1\n|inactive|Battle timer is ON: inactive players will automatically lose when time's up. (requested by p0y3322203)\n|inactive|Time left: 300 sec this turn | 300 sec total | 60 sec grace\n|inactive|p0x33237dc also wants the timer to be on.\n|\n|t:|1783543466\n|move|p2a: Keldeo|Hydro Pump|p1a: Kricketune\n|-damage|p1a: Kricketune|161/311\n|move|p1a: Kricketune|Sticky Web|p2a: Keldeo\n|-sidestart|p2: p0y3322203|move: Sticky Web\n|\n|upkeep\n|turn|2\n|inactive|Time left: 300 sec this turn | 300 sec total\n|\n|t:|1783543467\n|switch|p1a: Veluza|Veluza, L85, M|292/292\n|move|p2a: Keldeo|Hydro Pump|p1a: Veluza\n|-resisted|p1a: Veluza\n|-damage|p1a: Veluza|211/292\n|\n|upkeep\n|turn|3\n|inactive|Time left: 300 sec this turn | 300 sec total\n|\n|t:|1783543468\n|move|p2a: Keldeo|Secret Sword|p1a: Veluza\n|-resisted|p1a: Veluza\n|-damage|p1a: Veluza|158/292\n|move|p1a: Veluza|Psycho Cut|p2a: Keldeo\n|-supereffective|p2a: Keldeo\n|-damage|p2a: Keldeo|6/100\n|\n|-heal|p2a: Keldeo|12/100|[from] item: Leftovers\n|upkeep\n|turn|4\n|inactive|Time left: 300 sec this turn | 300 sec total\n|\n|t:|1783543470\n|move|p2a: Keldeo|Secret Sword|p1a: Veluza\n|-resisted|p1a: Veluza\n|-damage|p1a: Veluza|101/292\n|-enditem|p1a: Veluza|Sitrus Berry|[eat]\n|-heal|p1a: Veluza|174/292|[from] item: Sitrus Berry\n|move|p1a: Veluza|Fillet Away|p1a: Veluza\n|-boost|p1a: Veluza|atk|2\n|-boost|p1a: Veluza|spa|2\n|-boost|p1a: Veluza|spe|2\n|-damage|p1a: Veluza|28/292\n|\n|-heal|p2a: Keldeo|18/100|[from] item: Leftovers\n|upkeep\n|turn|5\n|inactive|Time left: 300 sec this turn | 300 sec total\n|\n|t:|1783543471\n|move|p1a: Veluza|Night Slash|p2a: Keldeo\n|-resisted|p2a: Keldeo\n|-damage|p2a: Keldeo|0 fnt\n|faint|p2a: Keldeo\n|\n|upkeep\n|\n|t:|1783543472\n|switch|p2a: Kommo-o|Kommo-o, L77, M|100/100\n|-activate|p2a: Kommo-o|move: Sticky Web\n|-unboost|p2a: Kommo-o|spe|1\n|turn|6\n|inactive|Time left: 300 sec this turn | 300 sec total\n|\n|t:|1783543473\n|-terastallize|p2a: Kommo-o|Steel\n|move|p1a: Veluza|Psycho Cut|p2a: Kommo-o\n|-resisted|p2a: Kommo-o\n|-damage|p2a: Kommo-o|59/100\n|move|p2a: Kommo-o|Iron Head|p1a: Veluza\n|-resisted|p1a: Veluza\n|-damage|p1a: Veluza|0 fnt\n|faint|p1a: Veluza\n|\n|upkeep\n|inactive|Time left: 300 sec this turn | 300 sec total | 5 sec grace\n|\n|t:|1783543474\n|switch|p1a: Hippowdon|Hippowdon, L82, M|311/311\n|-weather|Sandstorm|[from] ability: Sand Stream|[of] p1a: Hippowdon\n|turn|7\n|inactive|Time left: 300 sec this turn | 300 sec total\n|\n|t:|1783543475\n|switch|p2a: Grumpig|Grumpig, L92, F|100/100\n|-activate|p2a: Grumpig|move: Sticky Web\n|-unboost|p2a: Grumpig|spe|1\n|move|p1a: Hippowdon|Earthquake|p2a: Grumpig\n|-damage|p2a: Grumpig|60/100\n|\n|-weather|Sandstorm|[upkeep]\n|-damage|p2a: Grumpig|54/100|[from] Sandstorm\n|-heal|p2a: Grumpig|60/100|[from] item: Leftovers\n|upkeep\n|turn|8\n|inactive|Time left: 300 sec this turn | 300 sec total\n|\n|t:|1783543477\n|move|p2a: Grumpig|Psychic|p1a: Hippowdon\n|-damage|p1a: Hippowdon|193/311\n|move|p1a: Hippowdon|Earthquake|p2a: Grumpig\n|-damage|p2a: Grumpig|15/100\n|\n|-weather|Sandstorm|[upkeep]\n|-damage|p2a: Grumpig|9/100|[from] Sandstorm\n|-heal|p2a: Grumpig|15/100|[from] item: Leftovers\n|-heal|p1a: Hippowdon|212/311|[from] item: Leftovers\n|upkeep\n|turn|9\n|inactive|Time left: 300 sec this turn | 300 sec total\n|\n|t:|1783543478\n|move|p2a: Grumpig|Psychic|p1a: Hippowdon\n|-damage|p1a: Hippowdon|94/311\n|move|p1a: Hippowdon|Slack Off|p1a: Hippowdon\n|-heal|p1a: Hippowdon|250/311\n|\n|-weather|Sandstorm|[upkeep]\n|-damage|p2a: Grumpig|9/100|[from] Sandstorm\n|-heal|p2a: Grumpig|15/100|[from] item: Leftovers\n|-heal|p1a: Hippowdon|269/311|[from] item: Leftovers\n|upkeep\n|turn|10\n|inactive|Time left: 300 sec this turn | 300 sec total\n|\n|t:|1783543480\n|move|p2a: Grumpig|Psychic|p1a: Hippowdon\n|-damage|p1a: Hippowdon|133/311\n|move|p1a: Hippowdon|Earthquake|p2a: Grumpig\n|-damage|p2a: Grumpig|0 fnt\n|faint|p2a: Grumpig\n|\n|-weather|Sandstorm|[upkeep]\n|-heal|p1a: Hippowdon|152/311|[from] item: Leftovers\n|upkeep\n|\n|t:|1783543481\n|switch|p2a: Farigiraf|Farigiraf, L90, F|100/100\n|-activate|p2a: Farigiraf|move: Sticky Web\n|-unboost|p2a: Farigiraf|spe|1\n|turn|11\n|inactive|Time left: 300 sec this turn | 300 sec total\n|\n|t:|1783543482\n|move|p1a: Hippowdon|Slack Off|p1a: Hippowdon\n|-heal|p1a: Hippowdon|308/311\n|move|p2a: Farigiraf|Psychic Noise|p1a: Hippowdon\n|-damage|p1a: Hippowdon|196/311\n|-start|p1a: Hippowdon|move: Heal Block\n|\n|-weather|none\n|upkeep\n|turn|12\n|inactive|Time left: 300 sec this turn | 300 sec total\n|\n|t:|1783543483\n|move|p1a: Hippowdon|Earthquake|p2a: Farigiraf\n|-damage|p2a: Farigiraf|67/100\n|move|p2a: Farigiraf|Psychic Noise|p1a: Hippowdon\n|-damage|p1a: Hippowdon|76/311\n|\n|-heal|p2a: Farigiraf|73/100|[from] item: Leftovers\n|-end|p1a: Hippowdon|move: Heal Block\n|upkeep\n|turn|13\n|inactive|Time left: 300 sec this turn | 300 sec total\n|\n|t:|1783543484\n|move|p1a: Hippowdon|Slack Off|p1a: Hippowdon\n|-heal|p1a: Hippowdon|232/311\n|move|p2a: Farigiraf|Psychic Noise|p1a: Hippowdon\n|-damage|p1a: Hippowdon|115/311\n|-start|p1a: Hippowdon|move: Heal Block\n|\n|-heal|p2a: Farigiraf|79/100|[from] item: Leftovers\n|upkeep\n|turn|14\n|inactive|Time left: 300 sec this turn | 300 sec total\n|\n|t:|1783543485\n|move|p1a: Hippowdon|Stone Edge|p2a: Farigiraf\n|-damage|p2a: Farigiraf|56/100\n|move|p2a: Farigiraf|Psychic Noise|p1a: Hippowdon\n|-damage|p1a: Hippowdon|0 fnt\n|faint|p1a: Hippowdon\n|\n|-heal|p2a: Farigiraf|62/100|[from] item: Leftovers\n|upkeep\n|inactive|Time left: 300 sec this turn | 300 sec total | 5 sec grace\n|\n|t:|1783543486\n|switch|p1a: Perrserker|Perrserker, L89, M|269/269\n|turn|15\n|inactive|Time left: 300 sec this turn | 300 sec total\n|\n|t:|1783543487\n|move|p2a: Farigiraf|Protect|p2a: Farigiraf\n|-singleturn|p2a: Farigiraf|Protect\n|move|p1a: Perrserker|Knock Off|p2a: Farigiraf\n|-activate|p2a: Farigiraf|move: Protect\n|\n|-heal|p2a: Farigiraf|68/100|[from] item: Leftovers\n|upkeep\n|turn|16\n|inactive|Time left: 300 sec this turn | 300 sec total\n|\n|t:|1783543488\n|switch|p2a: Bastiodon|Bastiodon, L89, M|100/100\n|-activate|p2a: Bastiodon|move: Sticky Web\n|-unboost|p2a: Bastiodon|spe|1\n|move|p1a: Perrserker|Knock Off|p2a: Bastiodon\n|-damage|p2a: Bastiodon|69/100\n|-enditem|p2a: Bastiodon|Chesto Berry|[from] move: Knock Off|[of] p1a: Perrserker\n|-damage|p1a: Perrserker|243/269|[from] item: Life Orb\n|\n|upkeep\n|turn|17\n|inactive|Time left: 300 sec this turn | 300 sec total\n|\n|t:|1783543489\n|move|p1a: Perrserker|Close Combat|p2a: Bastiodon\n|-supereffective|p2a: Bastiodon\n|-damage|p2a: Bastiodon|0 fnt\n|-unboost|p1a: Perrserker|def|1\n|-unboost|p1a: Perrserker|spd|1\n|faint|p2a: Bastiodon\n|-damage|p1a: Perrserker|217/269|[from] item: Life Orb\n|\n|upkeep\n|\n|t:|1783543490\n|switch|p2a: Volcarona|Volcarona, L77, M|100/100\n|turn|18\n|inactive|Time left: 300 sec this turn | 300 sec total\n|\n|t:|1783543491\n|switch|p1a: Oinkologne|Oinkologne-F, L92, F|361/361\n|move|p2a: Volcarona|Fiery Dance|p1a: Oinkologne\n|-damage|p1a: Oinkologne|318/361\n|-boost|p2a: Volcarona|spa|1\n|\n|-heal|p1a: Oinkologne|340/361|[from] item: Leftovers\n|upkeep\n|turn|19\n|inactive|Time left: 300 sec this turn | 300 sec total\n|\n|t:|1783543492\n|move|p2a: Volcarona|Quiver Dance|p2a: Volcarona\n|-boost|p2a: Volcarona|spa|1\n|-boost|p2a: Volcarona|spd|1\n|-boost|p2a: Volcarona|spe|1\n|move|p1a: Oinkologne|Curse|p1a: Oinkologne\n|-unboost|p1a: Oinkologne|spe|1\n|-boost|p1a: Oinkologne|atk|1\n|-boost|p1a: Oinkologne|def|1\n|\n|-heal|p1a: Oinkologne|361/361|[from] item: Leftovers\n|upkeep\n|turn|20\n|inactive|Time left: 300 sec this turn | 300 sec total\n|\n|t:|1783543493\n|move|p2a: Volcarona|Bug Buzz|p1a: Oinkologne\n|-damage|p1a: Oinkologne|172/361\n|move|p1a: Oinkologne|Double-Edge|p2a: Volcarona\n|-damage|p2a: Volcarona|0 fnt\n|-status|p1a: Oinkologne|brn|[from] ability: Flame Body|[of] p2a: Volcarona\n|faint|p2a: Volcarona\n|-damage|p1a: Oinkologne|87/361 brn|[from] Recoil\n|\n|-heal|p1a: Oinkologne|109/361 brn|[from] item: Leftovers\n|-damage|p1a: Oinkologne|87/361 brn|[from] brn\n|upkeep\n|\n|t:|1783543493\n|switch|p2a: Kommo-o|Kommo-o, L77, M, tera:Steel|59/100\n|-activate|p2a: Kommo-o|move: Sticky Web\n|-unboost|p2a: Kommo-o|spe|1\n|turn|21\n|inactive|Time left: 300 sec this turn | 300 sec total\n|\n|t:|1783543494\n|switch|p1a: Perrserker|Perrserker, L89, M|217/269\n|move|p2a: Kommo-o|Swords Dance|p2a: Kommo-o\n|-boost|p2a: Kommo-o|atk|2\n|\n|upkeep\n|turn|22\n|inactive|Time left: 300 sec this turn | 300 sec total\n|\n|t:|1783543495\n|-terastallize|p1a: Perrserker|Fighting\n|move|p1a: Perrserker|Close Combat|p2a: Kommo-o\n|-supereffective|p2a: Kommo-o\n|-damage|p2a: Kommo-o|0 fnt\n|-unboost|p1a: Perrserker|def|1\n|-unboost|p1a: Perrserker|spd|1\n|faint|p2a: Kommo-o\n|-damage|p1a: Perrserker|191/269|[from] item: Life Orb\n|\n|upkeep\n|\n|t:|1783543496\n|switch|p2a: Farigiraf|Farigiraf, L90, F|68/100\n|-activate|p2a: Farigiraf|move: Sticky Web\n|-unboost|p2a: Farigiraf|spe|1\n|turn|23\n|inactive|Time left: 300 sec this turn | 300 sec total\n|\n|t:|1783543497\n|move|p2a: Farigiraf|Protect|p2a: Farigiraf\n|-singleturn|p2a: Farigiraf|Protect\n|move|p1a: Perrserker|Knock Off|p2a: Farigiraf\n|-activate|p2a: Farigiraf|move: Protect\n|\n|-heal|p2a: Farigiraf|74/100|[from] item: Leftovers\n|upkeep\n|turn|24\n|inactive|Time left: 300 sec this turn | 300 sec total\n|\n|t:|1783543498\n|move|p2a: Farigiraf|Protect||[still]\n|-fail|p2a: Farigiraf\n|move|p1a: Perrserker|Knock Off|p2a: Farigiraf\n|-supereffective|p2a: Farigiraf\n|-damage|p2a: Farigiraf|0 fnt\n|-enditem|p2a: Farigiraf|Leftovers|[from] move: Knock Off|[of] p1a: Perrserker\n|faint|p2a: Farigiraf\n|-damage|p1a: Perrserker|165/269|[from] item: Life Orb\n|\n|win|p0x33237dc", "uploadtime": 1783543498, "views": 0, "rating": 0, "private": 0, "password": null, "_winner": "p0x33237dc", "_our_name": "p0x33237dc"}