{"id": "battle-gen9randombattle-1043", "formatid": "gen9randombattle", "format": "[Gen 9] Random Battle", "players": ["p0x10430454", "p0y1043e7b2"], "log": "|init|battle\n|title|p0x10430454 vs. p0y1043e7b2\n|j|\u2606p0x10430454\n|j|\u2606p0y1043e7b2\n|t:|1783551998\n|gametype|singles\n|player|p1|p0x10430454|266|\n|player|p2|p0y1043e7b2|102|\n|gen|9\n|tier|[Gen 9] Random Battle\n|rule|Species Clause: Limit one of each Pok\u00e9mon\n|rule|HP Percentage Mod: HP is shown in percentages\n|rule|Sleep Clause Mod: Limit one foe put to sleep\n|rule|Illusion Level Mod: Illusion disguises the Pok\u00e9mon's true level\n|\n|t:|1783551998\n|teamsize|p1|6\n|teamsize|p2|6\n|start\n|switch|p1a: Hippowdon|Hippowdon, L82, M|100/100\n|switch|p2a: Rayquaza|Rayquaza, L72|270/270\n|-ability|p2a: Rayquaza|Air Lock\n|-weather|Sandstorm|[from] ability: Sand Stream|[of] p1a: Hippowdon\n|turn|1\n|inactive|Battle timer is ON: inactive players will automatically lose when time's up. (requested by p0y1043e7b2)\n|inactive|p0x10430454 also wants the timer to be on.\n|\n|t:|1783551999\n|move|p2a: Rayquaza|Swords Dance|p2a: Rayquaza\n|-boost|p2a: Rayquaza|atk|2\n|move|p1a: Hippowdon|Stone Edge|p2a: Rayquaza\n|-supereffective|p2a: Rayquaza\n|-damage|p2a: Rayquaza|104/270\n|\n|-weather|Sandstorm|[upkeep]\n|upkeep\n|turn|2\n|inactive|Time left: 300 sec this turn | 300 sec total\n|\n|t:|1783552000\n|move|p2a: Rayquaza|Dragon Ascent|p1a: Hippowdon\n|-damage|p1a: Hippowdon|35/100\n|-unboost|p2a: Rayquaza|def|1\n|-unboost|p2a: Rayquaza|spd|1\n|move|p1a: Hippowdon|Stone Edge|p2a: Rayquaza\n|-supereffective|p2a: Rayquaza\n|-damage|p2a: Rayquaza|0 fnt\n|faint|p2a: Rayquaza\n|\n|-weather|Sandstorm|[upkeep]\n|-heal|p1a: Hippowdon|41/100|[from] item: Leftovers\n|upkeep\n|inactive|Time left: 300 sec this turn | 300 sec total | 5 sec grace\n|\n|t:|1783552001\n|switch|p2a: Yanmega|Yanmega, L82, M|275/275\n|turn|3\n|inactive|Time left: 300 sec this turn | 300 sec total\n|\n|t:|1783552002\n|move|p2a: Yanmega|Bug Buzz|p1a: Hippowdon\n|-damage|p1a: Hippowdon|0 fnt\n|faint|p1a: Hippowdon\n|\n|-weather|Sandstorm|[upkeep]\n|-damage|p2a: Yanmega|258/275|[from] Sandstorm\n|upkeep\n|\n|t:|1783552003\n|switch|p1a: Blaziken|Blaziken, L76, F|100/100\n|turn|4\n|inactive|Time left: 300 sec this turn | 300 sec total\n|\n|t:|1783552004\n|move|p2a: Yanmega|Bug Buzz|p1a: Blaziken\n|-resisted|p1a: Blaziken\n|-damage|p1a: Blaziken|59/100\n|move|p1a: Blaziken|Flare Blitz|p2a: Yanmega\n|-supereffective|p2a: Yanmega\n|-damage|p2a: Yanmega|0 fnt\n|faint|p2a: Yanmega\n|-damage|p1a: Blaziken|25/100|[from] Recoil\n|-damage|p1a: Blaziken|15/100|[from] item: Life Orb\n|\n|-weather|Sandstorm|[upkeep]\n|-damage|p1a: Blaziken|9/100|[from] Sandstorm\n|-ability|p1a: Blaziken|Speed Boost|boost\n|-boost|p1a: Blaziken|spe|1\n|upkeep\n|inactive|Time left: 300 sec this turn | 300 sec total | 5 sec grace\n|\n|t:|1783552005\n|switch|p2a: Bruxish|Bruxish, L85, F|254/254\n|turn|5\n|inactive|Time left: 300 sec this turn | 300 sec total\n|\n|t:|1783552007\n|move|p1a: Blaziken|Knock Off|p2a: Bruxish\n|-supereffective|p2a: Bruxish\n|-damage|p2a: Bruxish|49/254\n|-enditem|p2a: Bruxish|Life Orb|[from] move: Knock Off|[of] p1a: Blaziken\n|-damage|p1a: Blaziken|0 fnt|[from] item: Life Orb\n|faint|p1a: Blaziken\n|move|p2a: Bruxish|Swords Dance|p2a: Bruxish\n|-boost|p2a: Bruxish|atk|2\n|\n|-weather|none\n|upkeep\n|\n|t:|1783552008\n|switch|p1a: Klawf|Klawf, L90, F|100/100\n|turn|6\n|inactive|Time left: 300 sec this turn | 300 sec total\n|\n|t:|1783552009\n|move|p2a: Bruxish|Wave Crash|p1a: Klawf\n|-supereffective|p1a: Klawf\n|-damage|p1a: Klawf|0 fnt\n|faint|p1a: Klawf\n|-damage|p2a: Bruxish|0 fnt|[from] Recoil\n|faint|p2a: Bruxish\n|\n|upkeep\n|inactive|Time left: 300 sec this turn | 300 sec total | 5 sec grace\n|\n|t:|1783552010\n|switch|p2a: Dragalge|Dragalge, L88, M|258/258\n|switch|p1a: Suicune|Suicune, L82|100/100\n|-ability|p1a: Suicune|Pressure\n|turn|7\n|inactive|Time left: 300 sec this turn | 300 sec total\n|\n|t:|1783552012\n|move|p1a: Suicune|Calm Mind|p1a: Suicune\n|-boost|p1a: Suicune|spa|1\n|-boost|p1a: Suicune|spd|1\n|move|p2a: Dragalge|Sludge Wave|p1a: Suicune\n|-damage|p1a: Suicune|73/100\n|\n|-heal|p1a: Suicune|79/100|[from] item: Leftovers\n|upkeep\n|turn|8\n|inactive|Time left: 300 sec this turn | 300 sec total\n|\n|t:|1783552013\n|move|p1a: Suicune|Calm Mind|p1a: Suicune\n|-boost|p1a: Suicune|spa|1\n|-boost|p1a: Suicune|spd|1\n|move|p2a: Dragalge|Toxic|p1a: Suicune\n|-status|p1a: Suicune|tox\n|\n|-heal|p1a: Suicune|85/100 tox|[from] item: Leftovers\n|-damage|p1a: Suicune|79/100 tox|[from] psn\n|upkeep\n|turn|9\n|inactive|Time left: 300 sec this turn | 300 sec total\n|\n|t:|1783552014\n|move|p1a: Suicune|Ice Beam|p2a: Dragalge\n|-supereffective|p2a: Dragalge\n|-damage|p2a: Dragalge|78/258\n|move|p2a: Dragalge|Sludge Wave|p1a: Suicune\n|-damage|p1a: Suicune|58/100 tox\n|\n|-heal|p1a: Suicune|64/100 tox|[from] item: Leftovers\n|-heal|p2a: Dragalge|94/258|[from] item: Leftovers\n|-damage|p1a: Suicune|52/100 tox|[from] psn\n|upkeep\n|turn|10\n|inactive|Time left: 300 sec this turn | 300 sec total\n|\n|t:|1783552015\n|move|p1a: Suicune|Ice Beam|p2a: Dragalge\n|-supereffective|p2a: Dragalge\n|-damage|p2a: Dragalge|0 fnt\n|faint|p2a: Dragalge\n|\n|-heal|p1a: Suicune|58/100 tox|[from] item: Leftovers\n|-damage|p1a: Suicune|40/100 tox|[from] psn\n|upkeep\n|inactive|Time left: 300 sec this turn | 300 sec total | 5 sec grace\n|\n|t:|1783552016\n|switch|p2a: Annihilape|Annihilape, L76, F|292/292\n|turn|11\n|inactive|Time left: 300 sec this turn | 300 sec total\n|\n|t:|1783552017\n|move|p1a: Suicune|Scald|p2a: Annihilape\n|-damage|p2a: Annihilape|136/292\n|-status|p2a: Annihilape|brn\n|move|p2a: Annihilape|Rest|p2a: Annihilape\n|-status|p2a: Annihilape|slp|[from] move: Rest\n|-heal|p2a: Annihilape|292/292 slp|[silent]\n|-enditem|p2a: Annihilape|Chesto Berry|[eat]\n|-curestatus|p2a: Annihilape|slp|[msg]\n|\n|-heal|p1a: Suicune|46/100 tox|[from] item: Leftovers\n|-damage|p1a: Suicune|22/100 tox|[from] psn\n|upkeep\n|turn|12\n|inactive|Time left: 300 sec this turn | 300 sec total\n|\n|t:|1783552018\n|move|p1a: Suicune|Scald|p2a: Annihilape\n|-damage|p2a: Annihilape|130/292\n|-status|p2a: Annihilape|brn\n|move|p2a: Annihilape|Bulk Up|p2a: Annihilape\n|-boost|p2a: Annihilape|atk|1\n|-boost|p2a: Annihilape|def|1\n|\n|-heal|p1a: Suicune|28/100 tox|[from] item: Leftovers\n|-damage|p1a: Suicune|0 fnt|[from] psn\n|faint|p1a: Suicune\n|-damage|p2a: Annihilape|112/292 brn|[from] brn\n|upkeep\n|\n|t:|1783552019\n|switch|p1a: Garchomp|Garchomp, L74, M|100/100\n|turn|13\n|inactive|Time left: 300 sec this turn | 300 sec total\n|\n|t:|1783552020\n|move|p1a: Garchomp|Swords Dance|p1a: Garchomp\n|-boost|p1a: Garchomp|atk|2\n|move|p2a: Annihilape|Rest|p2a: Annihilape\n|-status|p2a: Annihilape|slp|[from] move: Rest\n|-heal|p2a: Annihilape|292/292 slp|[silent]\n|\n|upkeep\n|turn|14\n|inactive|Time left: 300 sec this turn | 300 sec total\n|\n|t:|1783552021\n|move|p1a: Garchomp|Earthquake|p2a: Annihilape\n|-damage|p2a: Annihilape|114/292 slp\n|cant|p2a: Annihilape|slp\n|\n|upkeep\n|turn|15\n|inactive|Time left: 300 sec this turn | 300 sec total\n|\n|t:|1783552022\n|move|p1a: Garchomp|Earthquake|p2a: Annihilape\n|-damage|p2a: Annihilape|0 fnt\n|faint|p2a: Annihilape\n|\n|upkeep\n|inactive|Time left: 300 sec this turn | 300 sec total | 5 sec grace\n|\n|t:|1783552023\n|switch|p2a: Cobalion|Cobalion, L80|277/277\n|turn|16\n|inactive|Time left: 300 sec this turn | 300 sec total\n|\n|t:|1783552024\n|-terastallize|p2a: Cobalion|Fighting\n|-terastallize|p1a: Garchomp|Fire\n|move|p2a: Cobalion|Swords Dance|p2a: Cobalion\n|-boost|p2a: Cobalion|atk|2\n|move|p1a: Garchomp|Earthquake|p2a: Cobalion\n|-damage|p2a: Cobalion|111/277\n|\n|-heal|p2a: Cobalion|128/277|[from] item: Leftovers\n|upkeep\n|turn|17\n|inactive|Time left: 300 sec this turn | 300 sec total\n|\n|t:|1783552025\n|move|p2a: Cobalion|Close Combat|p1a: Garchomp\n|-damage|p1a: Garchomp|0 fnt\n|-unboost|p2a: Cobalion|def|1\n|-unboost|p2a: Cobalion|spd|1\n|-damage|p2a: Cobalion|94/277|[from] ability: Rough Skin|[of] p1a: Garchomp\n|faint|p1a: Garchomp\n|\n|-heal|p2a: Cobalion|111/277|[from] item: Leftovers\n|upkeep\n|\n|t:|1783552026\n|switch|p1a: Gallade|Gallade, L80, M|100/100\n|turn|18\n|inactive|Time left: 300 sec this turn | 300 sec total\n|\n|t:|1783552027\n|move|p2a: Cobalion|Iron Head|p1a: Gallade\n|-damage|p1a: Gallade|20/100\n|move|p1a: Gallade|Agility|p1a: Gallade\n|-boost|p1a: Gallade|spe|2\n|\n|-heal|p2a: Cobalion|128/277|[from] item: Leftovers\n|upkeep\n|turn|19\n|inactive|Time left: 300 sec this turn | 300 sec total\n|\n|t:|1783552028\n|move|p1a: Gallade|Psycho Cut|p2a: Cobalion\n|-supereffective|p2a: Cobalion\n|-crit|p2a: Cobalion\n|-damage|p2a: Cobalion|0 fnt\n|faint|p2a: Cobalion\n|-damage|p1a: Gallade|10/100|[from] item: Life Orb\n|\n|win|p0x10430454", "uploadtime": 1783552028, "views": 0, "rating": 0, "private": 0, "password": null, "_winner": "p0x10430454", "_our_name": "p0y1043e7b2"}