{"id": "battle-gen9randombattle-1031", "formatid": "gen9randombattle", "format": "[Gen 9] Random Battle", "players": ["p0x1031e114", "p0y1031be24"], "log": "|init|battle\n|title|p0x1031e114 vs. p0y1031be24\n|j|\u2606p0x1031e114\n|j|\u2606p0y1031be24\n|t:|1783551138\n|gametype|singles\n|player|p1|p0x1031e114|170|\n|player|p2|p0y1031be24|102|\n|gen|9\n|tier|[Gen 9] Random Battle\n|rule|Species Clause: Limit one of each Pok\u00e9mon\n|rule|HP Percentage Mod: HP is shown in percentages\n|rule|Sleep Clause Mod: Limit one foe put to sleep\n|rule|Illusion Level Mod: Illusion disguises the Pok\u00e9mon's true level\n|\n|t:|1783551139\n|teamsize|p1|6\n|teamsize|p2|6\n|start\n|switch|p1a: Swalot|Swalot, L90, F|100/100\n|switch|p2a: Frosmoth|Frosmoth, L82, F|249/249\n|turn|1\n|inactive|Battle timer is ON: inactive players will automatically lose when time's up. (requested by p0x1031e114)\n|inactive|Time left: 300 sec this turn | 300 sec total | 60 sec grace\n|\n|t:|1783551140\n|move|p2a: Frosmoth|Quiver Dance|p2a: Frosmoth\n|-boost|p2a: Frosmoth|spa|1\n|-boost|p2a: Frosmoth|spd|1\n|-boost|p2a: Frosmoth|spe|1\n|move|p1a: Swalot|Toxic|p2a: Frosmoth\n|-status|p2a: Frosmoth|tox\n|\n|-damage|p2a: Frosmoth|234/249 tox|[from] psn\n|upkeep\n|turn|2\n|inactive|Time left: 300 sec this turn | 300 sec total\n|inactive|p0y1031be24 also wants the timer to be on.\n|\n|t:|1783551141\n|switch|p1a: Frosmoth|Frosmoth, L82, F|100/100\n|move|p2a: Frosmoth|Ice Beam|p1a: Frosmoth\n|-resisted|p1a: Frosmoth\n|-damage|p1a: Frosmoth|84/100\n|\n|-damage|p2a: Frosmoth|204/249 tox|[from] psn\n|upkeep\n|turn|3\n|inactive|Time left: 300 sec this turn | 300 sec total\n|\n|t:|1783551142\n|move|p2a: Frosmoth|Bug Buzz|p1a: Frosmoth\n|-damage|p1a: Frosmoth|48/100\n|move|p1a: Frosmoth|Quiver Dance|p1a: Frosmoth\n|-boost|p1a: Frosmoth|spa|1\n|-boost|p1a: Frosmoth|spd|1\n|-boost|p1a: Frosmoth|spe|1\n|\n|-damage|p2a: Frosmoth|159/249 tox|[from] psn\n|upkeep\n|turn|4\n|inactive|Time left: 300 sec this turn | 300 sec total\n|\n|t:|1783551144\n|switch|p2a: Tinkaton|Tinkaton, L82, F|274/274\n|-ability|p2a: Tinkaton|Mold Breaker\n|move|p1a: Frosmoth|Ice Beam|p2a: Tinkaton\n|-resisted|p2a: Tinkaton\n|-damage|p2a: Tinkaton|199/274\n|-status|p2a: Tinkaton|frz\n|\n|-heal|p2a: Tinkaton|216/274 frz|[from] item: Leftovers\n|upkeep\n|turn|5\n|inactive|Time left: 300 sec this turn | 300 sec total\n|\n|t:|1783551145\n|move|p1a: Frosmoth|Quiver Dance|p1a: Frosmoth\n|-boost|p1a: Frosmoth|spa|1\n|-boost|p1a: Frosmoth|spd|1\n|-boost|p1a: Frosmoth|spe|1\n|cant|p2a: Tinkaton|frz\n|\n|-heal|p2a: Tinkaton|233/274 frz|[from] item: Leftovers\n|upkeep\n|turn|6\n|inactive|Time left: 300 sec this turn | 300 sec total\n|\n|t:|1783551146\n|move|p1a: Frosmoth|Ice Beam|p2a: Tinkaton\n|-resisted|p2a: Tinkaton\n|-damage|p2a: Tinkaton|129/274 frz\n|cant|p2a: Tinkaton|frz\n|\n|-heal|p2a: Tinkaton|146/274 frz|[from] item: Leftovers\n|upkeep\n|turn|7\n|inactive|Time left: 300 sec this turn | 300 sec total\n|\n|t:|1783551147\n|move|p1a: Frosmoth|Bug Buzz|p2a: Tinkaton\n|-resisted|p2a: Tinkaton\n|-damage|p2a: Tinkaton|97/274 frz\n|-unboost|p2a: Tinkaton|spd|1\n|cant|p2a: Tinkaton|frz\n|\n|-heal|p2a: Tinkaton|114/274 frz|[from] item: Leftovers\n|upkeep\n|turn|8\n|inactive|Time left: 300 sec this turn | 300 sec total\n|\n|t:|1783551149\n|move|p1a: Frosmoth|Ice Beam|p2a: Tinkaton\n|-resisted|p2a: Tinkaton\n|-damage|p2a: Tinkaton|0 fnt\n|faint|p2a: Tinkaton\n|\n|upkeep\n|inactive|Time left: 300 sec this turn | 300 sec total | 5 sec grace\n|\n|t:|1783551150\n|switch|p2a: Koraidon|Koraidon, L64|235/235\n|-weather|SunnyDay|[from] ability: Orichalcum Pulse|[of] p2a: Koraidon\n|-activate|p2a: Koraidon|Orichalcum Pulse|[source]\n|turn|9\n|inactive|Time left: 300 sec this turn | 300 sec total\n|\n|t:|1783551151\n|-terastallize|p2a: Koraidon|Fire\n|move|p1a: Frosmoth|Ice Beam|p2a: Koraidon\n|-resisted|p2a: Koraidon\n|-damage|p2a: Koraidon|114/235\n|move|p2a: Koraidon|Outrage|p1a: Frosmoth\n|-damage|p1a: Frosmoth|0 fnt\n|faint|p1a: Frosmoth\n|\n|-weather|SunnyDay|[upkeep]\n|upkeep\n|\n|t:|1783551152\n|switch|p1a: Rhydon|Rhydon, L85, M|100/100\n|turn|10\n|inactive|Time left: 300 sec this turn | 300 sec total\n|\n|t:|1783551153\n|move|p2a: Koraidon|Outrage|p1a: Rhydon|[from] lockedmove\n|-crit|p1a: Rhydon\n|-damage|p1a: Rhydon|49/100\n|-start|p2a: Koraidon|confusion|[fatigue]\n|move|p1a: Rhydon|Earthquake|p2a: Koraidon\n|-supereffective|p2a: Koraidon\n|-damage|p2a: Koraidon|0 fnt\n|faint|p2a: Koraidon\n|\n|-weather|SunnyDay|[upkeep]\n|upkeep\n|inactive|Time left: 300 sec this turn | 300 sec total | 5 sec grace\n|\n|t:|1783551154\n|switch|p2a: Frosmoth|Frosmoth, L82, F|159/249 tox\n|turn|11\n|inactive|Time left: 300 sec this turn | 300 sec total\n|\n|t:|1783551155\n|switch|p1a: Swalot|Swalot, L90, F|100/100\n|move|p2a: Frosmoth|Ice Beam|p1a: Swalot\n|-damage|p1a: Swalot|67/100\n|\n|-weather|SunnyDay|[upkeep]\n|-heal|p1a: Swalot|73/100|[from] item: Leftovers\n|-damage|p2a: Frosmoth|144/249 tox|[from] psn\n|upkeep\n|turn|12\n|inactive|Time left: 300 sec this turn | 300 sec total\n|\n|t:|1783551157\n|move|p2a: Frosmoth|Quiver Dance|p2a: Frosmoth\n|-boost|p2a: Frosmoth|spa|1\n|-boost|p2a: Frosmoth|spd|1\n|-boost|p2a: Frosmoth|spe|1\n|move|p1a: Swalot|Sludge Bomb|p2a: Frosmoth\n|-damage|p2a: Frosmoth|111/249 tox\n|\n|-weather|SunnyDay|[upkeep]\n|-heal|p1a: Swalot|79/100|[from] item: Leftovers\n|-damage|p2a: Frosmoth|81/249 tox|[from] psn\n|upkeep\n|turn|13\n|inactive|Time left: 300 sec this turn | 300 sec total\n|\n|t:|1783551158\n|move|p1a: Swalot|Protect|p1a: Swalot\n|-singleturn|p1a: Swalot|Protect\n|move|p2a: Frosmoth|Ice Beam|p1a: Swalot\n|-activate|p1a: Swalot|move: Protect\n|\n|-weather|none\n|-heal|p1a: Swalot|85/100|[from] item: Leftovers\n|-damage|p2a: Frosmoth|36/249 tox|[from] psn\n|upkeep\n|turn|14\n|inactive|Time left: 300 sec this turn | 300 sec total\n|\n|t:|1783551159\n|move|p1a: Swalot|Protect|p1a: Swalot\n|-singleturn|p1a: Swalot|Protect\n|move|p2a: Frosmoth|Ice Beam|p1a: Swalot\n|-activate|p1a: Swalot|move: Protect\n|\n|-heal|p1a: Swalot|92/100|[from] item: Leftovers\n|-damage|p2a: Frosmoth|0 fnt|[from] psn\n|faint|p2a: Frosmoth\n|upkeep\n|inactive|Time left: 300 sec this turn | 300 sec total | 5 sec grace\n|\n|t:|1783551160\n|switch|p2a: Vigoroth|Vigoroth, L85, M|275/275\n|turn|15\n|inactive|Time left: 300 sec this turn | 300 sec total\n|\n|t:|1783551161\n|move|p2a: Vigoroth|Bulk Up|p2a: Vigoroth\n|-boost|p2a: Vigoroth|atk|1\n|-boost|p2a: Vigoroth|def|1\n|move|p1a: Swalot|Toxic|p2a: Vigoroth\n|-status|p2a: Vigoroth|tox\n|\n|-heal|p1a: Swalot|98/100|[from] item: Leftovers\n|-damage|p2a: Vigoroth|258/275 tox|[from] psn\n|upkeep\n|turn|16\n|inactive|Time left: 300 sec this turn | 300 sec total\n|\n|t:|1783551162\n|move|p2a: Vigoroth|Bulk Up|p2a: Vigoroth\n|-boost|p2a: Vigoroth|atk|1\n|-boost|p2a: Vigoroth|def|1\n|move|p1a: Swalot|Sludge Bomb|p2a: Vigoroth\n|-damage|p2a: Vigoroth|171/275 tox\n|\n|-heal|p1a: Swalot|100/100|[from] item: Leftovers\n|-damage|p2a: Vigoroth|137/275 tox|[from] psn\n|upkeep\n|turn|17\n|inactive|Time left: 300 sec this turn | 300 sec total\n|\n|t:|1783551163\n|move|p2a: Vigoroth|Slack Off|p2a: Vigoroth\n|-heal|p2a: Vigoroth|275/275 tox\n|move|p1a: Swalot|Sludge Bomb|p2a: Vigoroth\n|-damage|p2a: Vigoroth|187/275 tox\n|\n|-damage|p2a: Vigoroth|136/275 tox|[from] psn\n|upkeep\n|turn|18\n|inactive|Time left: 300 sec this turn | 300 sec total\n|\n|t:|1783551164\n|move|p2a: Vigoroth|Slack Off|p2a: Vigoroth\n|-heal|p2a: Vigoroth|274/275 tox\n|move|p1a: Swalot|Sludge Bomb|p2a: Vigoroth\n|-damage|p2a: Vigoroth|198/275 tox\n|\n|-damage|p2a: Vigoroth|130/275 tox|[from] psn\n|upkeep\n|turn|19\n|inactive|Time left: 300 sec this turn | 300 sec total\n|\n|t:|1783551165\n|move|p2a: Vigoroth|Slack Off|p2a: Vigoroth\n|-heal|p2a: Vigoroth|268/275 tox\n|move|p1a: Swalot|Sludge Bomb|p2a: Vigoroth\n|-damage|p2a: Vigoroth|183/275 tox\n|\n|-damage|p2a: Vigoroth|98/275 tox|[from] psn\n|upkeep\n|turn|20\n|inactive|Time left: 300 sec this turn | 300 sec total\n|\n|t:|1783551166\n|switch|p1a: Rhydon|Rhydon, L85, M|49/100\n|move|p2a: Vigoroth|Slack Off|p2a: Vigoroth\n|-heal|p2a: Vigoroth|236/275 tox\n|\n|-damage|p2a: Vigoroth|134/275 tox|[from] psn\n|upkeep\n|turn|21\n|inactive|Time left: 300 sec this turn | 300 sec total\n|\n|t:|1783551167\n|move|p2a: Vigoroth|Knock Off|p1a: Rhydon\n|-damage|p1a: Rhydon|31/100\n|-enditem|p1a: Rhydon|Eviolite|[from] move: Knock Off|[of] p2a: Vigoroth\n|move|p1a: Rhydon|Megahorn|p2a: Vigoroth\n|-crit|p2a: Vigoroth\n|-damage|p2a: Vigoroth|21/275 tox\n|\n|-damage|p2a: Vigoroth|0 fnt|[from] psn\n|faint|p2a: Vigoroth\n|upkeep\n|inactive|Time left: 300 sec this turn | 300 sec total | 5 sec grace\n|\n|t:|1783551168\n|switch|p2a: Hatterene|Hatterene, L85, F|236/236\n|turn|22\n|inactive|Time left: 300 sec this turn | 300 sec total\n|\n|t:|1783551169\n|move|p1a: Rhydon|Stone Edge|p2a: Hatterene\n|-damage|p2a: Hatterene|101/236\n|move|p2a: Hatterene|Draining Kiss|p1a: Rhydon\n|-damage|p1a: Rhydon|0 fnt\n|-heal|p2a: Hatterene|173/236|[from] drain|[of] p1a: Rhydon\n|faint|p1a: Rhydon\n|\n|-heal|p2a: Hatterene|187/236|[from] item: Leftovers\n|upkeep\n|\n|t:|1783551170\n|switch|p1a: Swalot|Swalot, L90, F|100/100\n|turn|23\n|inactive|Time left: 300 sec this turn | 300 sec total\n|\n|t:|1783551171\n|move|p1a: Swalot|Sludge Bomb|p2a: Hatterene\n|-supereffective|p2a: Hatterene\n|-damage|p2a: Hatterene|43/236\n|move|p2a: Hatterene|Psychic|p1a: Swalot\n|-supereffective|p1a: Swalot\n|-damage|p1a: Swalot|17/100\n|\n|-heal|p1a: Swalot|23/100|[from] item: Leftovers\n|-heal|p2a: Hatterene|57/236|[from] item: Leftovers\n|upkeep\n|turn|24\n|inactive|Time left: 300 sec this turn | 300 sec total\n|\n|t:|1783551172\n|move|p1a: Swalot|Sludge Bomb|p2a: Hatterene\n|-supereffective|p2a: Hatterene\n|-damage|p2a: Hatterene|0 fnt\n|faint|p2a: Hatterene\n|\n|-heal|p1a: Swalot|29/100|[from] item: Leftovers\n|upkeep\n|inactive|Time left: 300 sec this turn | 300 sec total | 5 sec grace\n|\n|t:|1783551173\n|switch|p2a: Pikachu|Pikachu-Sinnoh, L93, M|216/216\n|turn|25\n|inactive|Time left: 300 sec this turn | 300 sec total\n|\n|t:|1783551174\n|switch|p1a: Lilligant|Lilligant, L86, F|100/100\n|move|p2a: Pikachu|Play Rough|p1a: Lilligant\n|-damage|p1a: Lilligant|54/100\n|\n|upkeep\n|turn|26\n|inactive|Time left: 300 sec this turn | 300 sec total\n|\n|t:|1783551175\n|move|p2a: Pikachu|Volt Tackle|p1a: Lilligant\n|-resisted|p1a: Lilligant\n|-damage|p1a: Lilligant|7/100\n|-damage|p2a: Pikachu|176/216|[from] Recoil\n|move|p1a: Lilligant|Quiver Dance|p1a: Lilligant\n|-boost|p1a: Lilligant|spa|1\n|-boost|p1a: Lilligant|spd|1\n|-boost|p1a: Lilligant|spe|1\n|\n|upkeep\n|turn|27\n|inactive|Time left: 300 sec this turn | 300 sec total\n|\n|t:|1783551175\n|-terastallize|p1a: Lilligant|Fire\n|move|p1a: Lilligant|Giga Drain|p2a: Pikachu\n|-damage|p2a: Pikachu|0 fnt\n|-heal|p1a: Lilligant|41/100|[from] drain|[of] p2a: Pikachu\n|faint|p2a: Pikachu\n|-damage|p1a: Lilligant|31/100|[from] item: Life Orb\n|\n|win|p0x1031e114", "uploadtime": 1783551175, "views": 0, "rating": 0, "private": 0, "password": null, "_winner": "p0x1031e114", "_our_name": "p0y1031be24"}