{"id": "battle-gen9randombattle-1644", "formatid": "gen9randombattle", "format": "[Gen 9] Random Battle", "players": ["p0x1644c902", "p0y1644ff65"], "log": "|init|battle\n|title|p0x1644c902 vs. p0y1644ff65\n|j|\u2606p0x1644c902\n|j|\u2606p0y1644ff65\n|t:|1783558280\n|gametype|singles\n|player|p1|p0x1644c902|2|\n|player|p2|p0y1644ff65|102|\n|gen|9\n|tier|[Gen 9] Random Battle\n|rule|Species Clause: Limit one of each Pok\u00e9mon\n|rule|HP Percentage Mod: HP is shown in percentages\n|rule|Sleep Clause Mod: Limit one foe put to sleep\n|rule|Illusion Level Mod: Illusion disguises the Pok\u00e9mon's true level\n|\n|t:|1783558280\n|teamsize|p1|6\n|teamsize|p2|6\n|start\n|switch|p1a: Scream Tail|Scream Tail, L84|330/330\n|switch|p2a: Flutter Mane|Flutter Mane, L74|100/100\n|turn|1\n|inactive|Battle timer is ON: inactive players will automatically lose when time's up. (requested by p0x1644c902)\n|inactive|p0y1644ff65 also wants the timer to be on.\n|\n|t:|1783558282\n|move|p2a: Flutter Mane|Moonblast|p1a: Scream Tail\n|-damage|p1a: Scream Tail|212/330\n|-damage|p2a: Flutter Mane|91/100|[from] item: Life Orb\n|move|p1a: Scream Tail|Play Rough|p2a: Flutter Mane\n|-damage|p2a: Flutter Mane|33/100\n|\n|-heal|p1a: Scream Tail|232/330|[from] item: Leftovers\n|upkeep\n|turn|2\n|inactive|Time left: 300 sec this turn | 300 sec total\n|\n|t:|1783558283\n|move|p2a: Flutter Mane|Shadow Ball|p1a: Scream Tail\n|-supereffective|p1a: Scream Tail\n|-damage|p1a: Scream Tail|60/330\n|-damage|p2a: Flutter Mane|23/100|[from] item: Life Orb\n|move|p1a: Scream Tail|Play Rough|p2a: Flutter Mane\n|-damage|p2a: Flutter Mane|0 fnt\n|faint|p2a: Flutter Mane\n|-end|p2a: Flutter Mane|Protosynthesis|[silent]\n|\n|-heal|p1a: Scream Tail|80/330|[from] item: Leftovers\n|upkeep\n|\n|t:|1783558284\n|switch|p2a: Klawf|Klawf, L90, F|100/100\n|turn|3\n|inactive|Time left: 300 sec this turn | 300 sec total\n|\n|t:|1783558286\n|move|p1a: Scream Tail|Protect|p1a: Scream Tail\n|-singleturn|p1a: Scream Tail|Protect\n|move|p2a: Klawf|Swords Dance|p2a: Klawf\n|-boost|p2a: Klawf|atk|2\n|\n|-heal|p1a: Scream Tail|100/330|[from] item: Leftovers\n|upkeep\n|turn|4\n|inactive|Time left: 300 sec this turn | 300 sec total\n|\n|t:|1783558287\n|move|p1a: Scream Tail|Encore|p2a: Klawf\n|-start|p2a: Klawf|Encore\n|move|p2a: Klawf|Swords Dance|p2a: Klawf\n|-boost|p2a: Klawf|atk|2\n|\n|-heal|p1a: Scream Tail|120/330|[from] item: Leftovers\n|upkeep\n|turn|5\n|inactive|Time left: 300 sec this turn | 300 sec total\n|\n|t:|1783558288\n|move|p1a: Scream Tail|Play Rough|p2a: Klawf\n|-damage|p2a: Klawf|82/100\n|move|p2a: Klawf|Swords Dance|p2a: Klawf\n|-boost|p2a: Klawf|atk|2\n|\n|-heal|p1a: Scream Tail|140/330|[from] item: Leftovers\n|upkeep\n|turn|6\n|inactive|Time left: 300 sec this turn | 300 sec total\n|\n|t:|1783558289\n|switch|p2a: Lugia|Lugia, L73|100/100\n|move|p1a: Scream Tail|Wish|p1a: Scream Tail\n|\n|-heal|p1a: Scream Tail|160/330|[from] item: Leftovers\n|upkeep\n|turn|7\n|inactive|Time left: 300 sec this turn | 300 sec total\n|\n|t:|1783558290\n|move|p1a: Scream Tail|Play Rough|p2a: Lugia\n|-damage|p2a: Lugia|90/100\n|move|p2a: Lugia|Calm Mind|p2a: Lugia\n|-boost|p2a: Lugia|spa|1\n|-boost|p2a: Lugia|spd|1\n|\n|-heal|p1a: Scream Tail|325/330|[from] move: Wish|[wisher] Scream Tail\n|-heal|p1a: Scream Tail|330/330|[from] item: Leftovers\n|upkeep\n|turn|8\n|inactive|Time left: 300 sec this turn | 300 sec total\n|\n|t:|1783558291\n|-end|p1a: Scream Tail|Protosynthesis|[silent]\n|switch|p1a: Mightyena|Mightyena, L96, M|290/290\n|-ability|p1a: Mightyena|Intimidate|boost\n|-unboost|p2a: Lugia|atk|1\n|move|p2a: Lugia|Calm Mind|p2a: Lugia\n|-boost|p2a: Lugia|spa|1\n|-boost|p2a: Lugia|spd|1\n|\n|upkeep\n|turn|9\n|inactive|Time left: 300 sec this turn | 300 sec total\n|\n|t:|1783558293\n|move|p2a: Lugia|Aeroblast|p1a: Mightyena\n|-damage|p1a: Mightyena|169/290\n|move|p1a: Mightyena|Crunch|p2a: Lugia\n|-supereffective|p2a: Lugia\n|-damage|p2a: Lugia|20/100\n|\n|upkeep\n|turn|10\n|inactive|Time left: 300 sec this turn | 300 sec total\n|\n|t:|1783558294\n|move|p2a: Lugia|Aeroblast|p1a: Mightyena|[miss]\n|-miss|p2a: Lugia|p1a: Mightyena\n|move|p1a: Mightyena|Crunch|p2a: Lugia\n|-supereffective|p2a: Lugia\n|-damage|p2a: Lugia|0 fnt\n|faint|p2a: Lugia\n|\n|upkeep\n|\n|t:|1783558295\n|switch|p2a: Flamigo|Flamigo, L82, F|100/100\n|turn|11\n|inactive|Time left: 300 sec this turn | 300 sec total\n|\n|t:|1783558296\n|switch|p1a: Lugia|Lugia, L73|275/275\n|move|p2a: Flamigo|Swords Dance|p2a: Flamigo\n|-boost|p2a: Flamigo|atk|2\n|\n|upkeep\n|turn|12\n|inactive|Time left: 300 sec this turn | 300 sec total\n|\n|t:|1783558297\n|move|p1a: Lugia|Aeroblast|p2a: Flamigo\n|-supereffective|p2a: Flamigo\n|-crit|p2a: Flamigo\n|-damage|p2a: Flamigo|0 fnt\n|faint|p2a: Flamigo\n|\n|upkeep\n|\n|t:|1783558298\n|switch|p2a: Haxorus|Haxorus, L77, F|100/100\n|-ability|p2a: Haxorus|Mold Breaker\n|turn|13\n|inactive|Time left: 300 sec this turn | 300 sec total\n|\n|t:|1783558299\n|move|p1a: Lugia|Aeroblast|p2a: Haxorus\n|-damage|p2a: Haxorus|60/100\n|move|p2a: Haxorus|Swords Dance|p2a: Haxorus\n|-boost|p2a: Haxorus|atk|2\n|\n|upkeep\n|turn|14\n|inactive|Time left: 300 sec this turn | 300 sec total\n|\n|t:|1783558300\n|switch|p1a: Scream Tail|Scream Tail, L84|330/330\n|move|p2a: Haxorus|Scale Shot|p1a: Scream Tail\n|-immune|p1a: Scream Tail\n|\n|upkeep\n|turn|15\n|inactive|Time left: 300 sec this turn | 300 sec total\n|\n|t:|1783558301\n|-terastallize|p2a: Haxorus|Steel\n|move|p1a: Scream Tail|Play Rough|p2a: Haxorus\n|-resisted|p2a: Haxorus\n|-damage|p2a: Haxorus|45/100\n|move|p2a: Haxorus|Iron Head|p1a: Scream Tail\n|-supereffective|p1a: Scream Tail\n|-damage|p1a: Scream Tail|0 fnt\n|faint|p1a: Scream Tail\n|-end|p1a: Scream Tail|Protosynthesis|[silent]\n|\n|upkeep\n|inactive|Time left: 300 sec this turn | 300 sec total | 5 sec grace\n|\n|t:|1783558302\n|switch|p1a: Electivire|Electivire, L84, F|263/263\n|turn|16\n|inactive|Time left: 300 sec this turn | 300 sec total\n|\n|t:|1783558303\n|move|p1a: Electivire|Earthquake|p2a: Haxorus\n|-supereffective|p2a: Haxorus\n|-damage|p2a: Haxorus|0 fnt\n|faint|p2a: Haxorus\n|-damage|p1a: Electivire|237/263|[from] item: Life Orb\n|\n|upkeep\n|\n|t:|1783558304\n|switch|p2a: Klawf|Klawf, L90, F|82/100\n|turn|17\n|inactive|Time left: 300 sec this turn | 300 sec total\n|\n|t:|1783558305\n|-terastallize|p1a: Electivire|Ground\n|move|p1a: Electivire|Earthquake|p2a: Klawf\n|-supereffective|p2a: Klawf\n|-damage|p2a: Klawf|0 fnt\n|faint|p2a: Klawf\n|-damage|p1a: Electivire|211/263|[from] item: Life Orb\n|\n|upkeep\n|\n|t:|1783558306\n|switch|p2a: Minun|Minun, L95, F|100/100\n|turn|18\n|inactive|Time left: 300 sec this turn | 300 sec total\n|\n|t:|1783558307\n|move|p2a: Minun|Grass Knot|p1a: Electivire\n|-supereffective|p1a: Electivire\n|-damage|p1a: Electivire|6/263\n|-damage|p2a: Minun|91/100|[from] item: Life Orb\n|move|p1a: Electivire|Earthquake|p2a: Minun\n|-supereffective|p2a: Minun\n|-crit|p2a: Minun\n|-damage|p2a: Minun|0 fnt\n|faint|p2a: Minun\n|-damage|p1a: Electivire|0 fnt|[from] item: Life Orb\n|faint|p1a: Electivire\n|\n|win|p0x1644c902", "uploadtime": 1783558307, "views": 0, "rating": 0, "private": 0, "password": null, "_winner": "p0x1644c902", "_our_name": "p0x1644c902"}