{"id": "battle-gen9randombattle-365", "formatid": "gen9randombattle", "format": "[Gen 9] Random Battle", "players": ["p0x3657ec1", "p0y36560a6"], "log": "|init|battle\n|title|p0x3657ec1 vs. p0y36560a6\n|j|\u2606p0x3657ec1\n|j|\u2606p0y36560a6\n|t:|1783543355\n|gametype|singles\n|player|p1|p0x3657ec1|169|\n|player|p2|p0y36560a6|102|\n|gen|9\n|tier|[Gen 9] Random Battle\n|rule|Species Clause: Limit one of each Pok\u00e9mon\n|rule|HP Percentage Mod: HP is shown in percentages\n|rule|Sleep Clause Mod: Limit one foe put to sleep\n|rule|Illusion Level Mod: Illusion disguises the Pok\u00e9mon's true level\n|\n|t:|1783543355\n|teamsize|p1|6\n|teamsize|p2|6\n|start\n|switch|p1a: Ludicolo|Ludicolo, L90, F|290/290\n|switch|p2a: Slaking|Slaking, L84, M|100/100\n|turn|1\n|inactive|Battle timer is ON: inactive players will automatically lose when time's up. (requested by p0y36560a6)\n|inactive|Time left: 300 sec this turn | 300 sec total | 60 sec grace\n|inactive|p0x3657ec1 also wants the timer to be on.\n|\n|t:|1783543357\n|switch|p1a: Regirock|Regirock, L83|268/268\n|move|p2a: Slaking|Giga Impact|p1a: Regirock\n|-resisted|p1a: Regirock\n|-damage|p1a: Regirock|176/268\n|-mustrecharge|p2a: Slaking\n|\n|-heal|p1a: Regirock|192/268|[from] item: Leftovers\n|upkeep\n|turn|2\n|inactive|Time left: 300 sec this turn | 300 sec total\n|\n|t:|1783543358\n|cant|p2a: Slaking|recharge\n|move|p1a: Regirock|Body Press|p2a: Slaking\n|-supereffective|p2a: Slaking\n|-damage|p2a: Slaking|56/100\n|\n|-heal|p1a: Regirock|208/268|[from] item: Leftovers\n|upkeep\n|turn|3\n|inactive|Time left: 300 sec this turn | 300 sec total\n|\n|t:|1783543359\n|move|p2a: Slaking|Giga Impact|p1a: Regirock\n|-resisted|p1a: Regirock\n|-damage|p1a: Regirock|121/268\n|-mustrecharge|p2a: Slaking\n|move|p1a: Regirock|Stealth Rock|p2a: Slaking\n|-sidestart|p2: p0y36560a6|move: Stealth Rock\n|\n|-heal|p1a: Regirock|137/268|[from] item: Leftovers\n|upkeep\n|turn|4\n|inactive|Time left: 300 sec this turn | 300 sec total\n|\n|t:|1783543360\n|cant|p2a: Slaking|recharge\n|move|p1a: Regirock|Body Press|p2a: Slaking\n|-supereffective|p2a: Slaking\n|-damage|p2a: Slaking|4/100\n|\n|-heal|p1a: Regirock|153/268|[from] item: Leftovers\n|upkeep\n|turn|5\n|inactive|Time left: 300 sec this turn | 300 sec total\n|\n|t:|1783543361\n|move|p2a: Slaking|Giga Impact|p1a: Regirock\n|-resisted|p1a: Regirock\n|-damage|p1a: Regirock|58/268\n|-mustrecharge|p2a: Slaking\n|move|p1a: Regirock|Body Press|p2a: Slaking\n|-supereffective|p2a: Slaking\n|-damage|p2a: Slaking|0 fnt\n|faint|p2a: Slaking\n|\n|-heal|p1a: Regirock|74/268|[from] item: Leftovers\n|upkeep\n|\n|t:|1783543362\n|switch|p2a: Trevenant|Trevenant, L89, F|100/100\n|-damage|p2a: Trevenant|88/100|[from] Stealth Rock\n|turn|6\n|inactive|Time left: 300 sec this turn | 300 sec total\n|\n|t:|1783543364\n|switch|p1a: Iron Jugulis|Iron Jugulis, L77|271/271\n|move|p2a: Trevenant|Poltergeist|p1a: Iron Jugulis\n|-activate|p1a: Iron Jugulis|move: Poltergeist|Choice Specs\n|-resisted|p1a: Iron Jugulis\n|-damage|p1a: Iron Jugulis|166/271\n|-damage|p2a: Trevenant|78/100|[from] item: Life Orb\n|\n|upkeep\n|turn|7\n|inactive|Time left: 300 sec this turn | 300 sec total\n|\n|t:|1783543365\n|switch|p2a: Tentacruel|Tentacruel, L84, F|100/100\n|-damage|p2a: Tentacruel|88/100|[from] Stealth Rock\n|move|p1a: Iron Jugulis|Hurricane|p2a: Tentacruel\n|-damage|p2a: Tentacruel|54/100\n|\n|upkeep\n|turn|8\n|inactive|Time left: 300 sec this turn | 300 sec total\n|\n|t:|1783543366\n|move|p2a: Tentacruel|Sludge Bomb|p1a: Iron Jugulis\n|-damage|p1a: Iron Jugulis|70/271\n|-status|p1a: Iron Jugulis|psn\n|move|p1a: Iron Jugulis|Hurricane|p2a: Tentacruel|[miss]\n|-miss|p1a: Iron Jugulis|p2a: Tentacruel\n|\n|-damage|p1a: Iron Jugulis|37/271 psn|[from] psn\n|upkeep\n|turn|9\n|inactive|Time left: 300 sec this turn | 300 sec total\n|\n|t:|1783543367\n|-end|p1a: Iron Jugulis|Quark Drive|[silent]\n|switch|p1a: Keldeo|Keldeo-Resolute, L79|273/273\n|move|p2a: Tentacruel|Rapid Spin|p1a: Keldeo\n|-damage|p1a: Keldeo|246/273\n|-boost|p2a: Tentacruel|spe|1\n|-sideend|p2: p0y36560a6|Stealth Rock|[from] move: Rapid Spin|[of] p2a: Tentacruel\n|\n|upkeep\n|turn|10\n|inactive|Time left: 300 sec this turn | 300 sec total\n|\n|t:|1783543368\n|move|p2a: Tentacruel|Sludge Bomb|p1a: Keldeo\n|-damage|p1a: Keldeo|162/273\n|-status|p1a: Keldeo|psn\n|move|p1a: Keldeo|Secret Sword|p2a: Tentacruel\n|-resisted|p2a: Tentacruel\n|-damage|p2a: Tentacruel|17/100\n|\n|-damage|p1a: Keldeo|128/273 psn|[from] psn\n|upkeep\n|turn|11\n|inactive|Time left: 300 sec this turn | 300 sec total\n|\n|t:|1783543369\n|switch|p2a: Trevenant|Trevenant, L89, F|78/100\n|move|p1a: Keldeo|Secret Sword|p2a: Trevenant\n|-immune|p2a: Trevenant\n|\n|-damage|p1a: Keldeo|94/273 psn|[from] psn\n|upkeep\n|turn|12\n|inactive|Time left: 300 sec this turn | 300 sec total\n|\n|t:|1783543370\n|switch|p1a: Iron Jugulis|Iron Jugulis, L77|37/271 psn\n|move|p2a: Trevenant|Horn Leech|p1a: Iron Jugulis\n|-resisted|p1a: Iron Jugulis\n|-damage|p1a: Iron Jugulis|0 fnt\n|-heal|p2a: Trevenant|85/100|[from] drain|[of] p1a: Iron Jugulis\n|faint|p1a: Iron Jugulis\n|-end|p1a: Iron Jugulis|Quark Drive|[silent]\n|-damage|p2a: Trevenant|75/100|[from] item: Life Orb\n|\n|upkeep\n|inactive|Time left: 300 sec this turn | 300 sec total | 5 sec grace\n|\n|t:|1783543371\n|switch|p1a: Ludicolo|Ludicolo, L90, F|290/290\n|turn|13\n|inactive|Time left: 300 sec this turn | 300 sec total\n|\n|t:|1783543372\n|move|p1a: Ludicolo|Ice Beam|p2a: Trevenant\n|-supereffective|p2a: Trevenant\n|-damage|p2a: Trevenant|10/100\n|move|p2a: Trevenant|Horn Leech|p1a: Ludicolo\n|-damage|p1a: Ludicolo|157/290\n|-heal|p2a: Trevenant|33/100|[from] drain|[of] p1a: Ludicolo\n|-damage|p2a: Trevenant|23/100|[from] item: Life Orb\n|\n|upkeep\n|turn|14\n|inactive|Time left: 300 sec this turn | 300 sec total\n|\n|t:|1783543373\n|switch|p2a: Tentacruel|Tentacruel, L84, F|17/100\n|move|p1a: Ludicolo|Ice Beam|p2a: Tentacruel\n|-resisted|p2a: Tentacruel\n|-damage|p2a: Tentacruel|7/100\n|\n|upkeep\n|turn|15\n|inactive|Time left: 300 sec this turn | 300 sec total\n|\n|t:|1783543374\n|move|p2a: Tentacruel|Sludge Bomb|p1a: Ludicolo\n|-supereffective|p1a: Ludicolo\n|-damage|p1a: Ludicolo|25/290\n|move|p1a: Ludicolo|Ice Beam|p2a: Tentacruel\n|-resisted|p2a: Tentacruel\n|-damage|p2a: Tentacruel|0 fnt\n|faint|p2a: Tentacruel\n|\n|upkeep\n|\n|t:|1783543375\n|switch|p2a: Calyrex|Calyrex-Shadow, L64|100/100\n|-ability|p2a: Calyrex|As One\n|-ability|p2a: Calyrex|Unnerve\n|turn|16\n|inactive|Time left: 300 sec this turn | 300 sec total\n|\n|t:|1783543376\n|move|p2a: Calyrex|Astral Barrage|p1a: Ludicolo\n|-damage|p1a: Ludicolo|0 fnt\n|faint|p1a: Ludicolo\n|-ability|p2a: Calyrex|Grim Neigh|boost\n|-boost|p2a: Calyrex|spa|1\n|-damage|p2a: Calyrex|91/100|[from] item: Life Orb\n|\n|upkeep\n|inactive|Time left: 300 sec this turn | 300 sec total | 5 sec grace\n|\n|t:|1783543377\n|switch|p1a: Mewtwo|Mewtwo, L72|272/272\n|-ability|p1a: Mewtwo|Unnerve\n|turn|17\n|inactive|Time left: 300 sec this turn | 300 sec total\n|\n|t:|1783543378\n|-terastallize|p1a: Mewtwo|Dark\n|move|p2a: Calyrex|Astral Barrage|p1a: Mewtwo\n|-resisted|p1a: Mewtwo\n|-damage|p1a: Mewtwo|137/272\n|-damage|p2a: Calyrex|81/100|[from] item: Life Orb\n|move|p1a: Mewtwo|Dark Pulse|p2a: Calyrex\n|-supereffective|p2a: Calyrex\n|-damage|p2a: Calyrex|0 fnt\n|faint|p2a: Calyrex\n|-damage|p1a: Mewtwo|110/272|[from] item: Life Orb\n|\n|upkeep\n|\n|t:|1783543379\n|switch|p2a: Klawf|Klawf, L90, F|100/100\n|turn|18\n|inactive|Time left: 300 sec this turn | 300 sec total\n|\n|t:|1783543380\n|move|p1a: Mewtwo|Dark Pulse|p2a: Klawf\n|-damage|p2a: Klawf|41/100\n|-ability|p2a: Klawf|Anger Shell|boost\n|-boost|p2a: Klawf|atk|1\n|-boost|p2a: Klawf|spa|1\n|-boost|p2a: Klawf|spe|1\n|-unboost|p2a: Klawf|def|1\n|-unboost|p2a: Klawf|spd|1\n|-damage|p1a: Mewtwo|83/272|[from] item: Life Orb\n|move|p2a: Klawf|Stone Edge|p1a: Mewtwo|[miss]\n|-miss|p2a: Klawf|p1a: Mewtwo\n|\n|upkeep\n|turn|19\n|inactive|Time left: 300 sec this turn | 300 sec total\n|\n|t:|1783543381\n|move|p2a: Klawf|Stone Edge|p1a: Mewtwo\n|-damage|p1a: Mewtwo|0 fnt\n|faint|p1a: Mewtwo\n|\n|upkeep\n|inactive|Time left: 300 sec this turn | 300 sec total | 5 sec grace\n|\n|t:|1783543382\n|switch|p1a: Gothitelle|Gothitelle, L90, F|272/272\n|turn|20\n|inactive|Time left: 300 sec this turn | 300 sec total\n|\n|t:|1783543383\n|-terastallize|p2a: Klawf|Dark\n|move|p2a: Klawf|Knock Off|p1a: Gothitelle\n|-supereffective|p1a: Gothitelle\n|-damage|p1a: Gothitelle|0 fnt\n|-enditem|p1a: Gothitelle|Leftovers|[from] move: Knock Off|[of] p2a: Klawf\n|faint|p1a: Gothitelle\n|\n|upkeep\n|inactive|Time left: 300 sec this turn | 300 sec total | 5 sec grace\n|\n|t:|1783543384\n|switch|p1a: Keldeo|Keldeo-Resolute, L79|94/273 psn\n|turn|21\n|inactive|Time left: 300 sec this turn | 300 sec total\n|\n|t:|1783543385\n|move|p2a: Klawf|High Horsepower|p1a: Keldeo\n|-damage|p1a: Keldeo|0 fnt\n|faint|p1a: Keldeo\n|\n|upkeep\n|inactive|Time left: 300 sec this turn | 300 sec total | 5 sec grace\n|\n|t:|1783543386\n|switch|p1a: Regirock|Regirock, L83|74/268\n|turn|22\n|inactive|Time left: 300 sec this turn | 300 sec total\n|\n|t:|1783543387\n|move|p2a: Klawf|Knock Off|p1a: Regirock\n|-damage|p1a: Regirock|0 fnt\n|-enditem|p1a: Regirock|Leftovers|[from] move: Knock Off|[of] p2a: Klawf\n|faint|p1a: Regirock\n|\n|win|p0y36560a6", "uploadtime": 1783543387, "views": 0, "rating": 0, "private": 0, "password": null, "_winner": "p0y36560a6", "_our_name": "p0x3657ec1"}