{"id": "battle-gen9randombattle-262", "formatid": "gen9randombattle", "format": "[Gen 9] Random Battle", "players": ["p0x262c70f", "p0y262cbac"], "log": "|init|battle\n|title|p0x262c70f vs. p0y262cbac\n|j|\u2606p0x262c70f\n|j|\u2606p0y262cbac\n|t:|1783542125\n|gametype|singles\n|player|p1|p0x262c70f|169|\n|player|p2|p0y262cbac|101|\n|gen|9\n|tier|[Gen 9] Random Battle\n|rule|Species Clause: Limit one of each Pok\u00e9mon\n|rule|HP Percentage Mod: HP is shown in percentages\n|rule|Sleep Clause Mod: Limit one foe put to sleep\n|rule|Illusion Level Mod: Illusion disguises the Pok\u00e9mon's true level\n|\n|t:|1783542125\n|teamsize|p1|6\n|teamsize|p2|6\n|start\n|switch|p1a: Whimsicott|Whimsicott, L84, F|100/100\n|switch|p2a: Latias|Latias, L79, F|256/256\n|turn|1\n|inactive|Battle timer is ON: inactive players will automatically lose when time's up. (requested by p0x262c70f)\n|inactive|Time left: 300 sec this turn | 300 sec total | 60 sec grace\n|\n|t:|1783542127\n|move|p1a: Whimsicott|Moonblast|p2a: Latias\n|-supereffective|p2a: Latias\n|-damage|p2a: Latias|112/256\n|move|p2a: Latias|Calm Mind|p2a: Latias\n|-boost|p2a: Latias|spa|1\n|-boost|p2a: Latias|spd|1\n|\n|upkeep\n|turn|2\n|inactive|Time left: 300 sec this turn | 300 sec total\n|inactive|p0y262cbac also wants the timer to be on.\n|\n|t:|1783542128\n|move|p1a: Whimsicott|Moonblast|p2a: Latias\n|-supereffective|p2a: Latias\n|-damage|p2a: Latias|14/256\n|move|p2a: Latias|Psyshock|p1a: Whimsicott\n|-damage|p1a: Whimsicott|34/100\n|\n|-heal|p1a: Whimsicott|40/100|[from] item: Leftovers\n|upkeep\n|turn|3\n|inactive|Time left: 300 sec this turn | 300 sec total\n|\n|t:|1783542129\n|move|p1a: Whimsicott|Moonblast|p2a: Latias\n|-supereffective|p2a: Latias\n|-damage|p2a: Latias|0 fnt\n|faint|p2a: Latias\n|\n|-heal|p1a: Whimsicott|45/100|[from] item: Leftovers\n|upkeep\n|inactive|Time left: 300 sec this turn | 300 sec total | 5 sec grace\n|\n|t:|1783542130\n|switch|p2a: Klawf|Klawf, L90, F|272/272\n|turn|4\n|inactive|Time left: 300 sec this turn | 300 sec total\n|\n|t:|1783542131\n|move|p1a: Whimsicott|Leech Seed|p2a: Klawf\n|-start|p2a: Klawf|move: Leech Seed\n|move|p2a: Klawf|Stone Edge|p1a: Whimsicott\n|-crit|p1a: Whimsicott\n|-damage|p1a: Whimsicott|0 fnt\n|faint|p1a: Whimsicott\n|\n|upkeep\n|\n|t:|1783542132\n|switch|p1a: Munkidori|Munkidori, L79, M|100/100\n|turn|5\n|inactive|Time left: 300 sec this turn | 300 sec total\n|\n|t:|1783542134\n|move|p1a: Munkidori|Focus Blast|p2a: Klawf|[miss]\n|-miss|p1a: Munkidori|p2a: Klawf\n|move|p2a: Klawf|Stone Edge|p1a: Munkidori\n|-damage|p1a: Munkidori|4/100\n|\n|-damage|p2a: Klawf|238/272|[from] Leech Seed|[of] p1a: Munkidori\n|-heal|p1a: Munkidori|17/100|[silent]\n|upkeep\n|turn|6\n|inactive|Time left: 300 sec this turn | 300 sec total\n|\n|t:|1783542135\n|switch|p2a: Muk|Muk, L86, M|321/321\n|move|p1a: Munkidori|Focus Blast|p2a: Muk\n|-resisted|p2a: Muk\n|-damage|p2a: Muk|283/321\n|\n|upkeep\n|turn|7\n|inactive|Time left: 300 sec this turn | 300 sec total\n|\n|t:|1783542136\n|switch|p1a: Solgaleo|Solgaleo, L74|100/100\n|move|p2a: Muk|Knock Off|p1a: Solgaleo\n|-supereffective|p1a: Solgaleo\n|-damage|p1a: Solgaleo|52/100\n|-damage|p2a: Muk|230/321|[from] item: Rocky Helmet|[of] p1a: Solgaleo\n|-enditem|p1a: Solgaleo|Rocky Helmet|[from] move: Knock Off|[of] p2a: Muk\n|\n|upkeep\n|turn|8\n|inactive|Time left: 300 sec this turn | 300 sec total\n|\n|t:|1783542137\n|move|p1a: Solgaleo|Earthquake|p2a: Muk\n|-supereffective|p2a: Muk\n|-damage|p2a: Muk|70/321\n|move|p2a: Muk|Knock Off|p1a: Solgaleo\n|-supereffective|p1a: Solgaleo\n|-damage|p1a: Solgaleo|20/100\n|\n|upkeep\n|turn|9\n|inactive|Time left: 300 sec this turn | 300 sec total\n|\n|t:|1783542138\n|move|p2a: Muk|Shadow Sneak|p1a: Solgaleo\n|-supereffective|p1a: Solgaleo\n|-damage|p1a: Solgaleo|1/100\n|move|p1a: Solgaleo|Sunsteel Strike|p2a: Muk\n|-damage|p2a: Muk|0 fnt\n|faint|p2a: Muk\n|\n|upkeep\n|inactive|Time left: 300 sec this turn | 300 sec total | 5 sec grace\n|\n|t:|1783542138\n|switch|p2a: Electivire|Electivire, L84, M|263/263\n|turn|10\n|inactive|Time left: 300 sec this turn | 300 sec total\n|\n|t:|1783542139\n|move|p2a: Electivire|Flamethrower|p1a: Solgaleo\n|-supereffective|p1a: Solgaleo\n|-crit|p1a: Solgaleo\n|-damage|p1a: Solgaleo|0 fnt\n|faint|p1a: Solgaleo\n|-damage|p2a: Electivire|237/263|[from] item: Life Orb\n|\n|upkeep\n|\n|t:|1783542140\n|switch|p1a: Baxcalibur|Baxcalibur, L75, M|100/100\n|turn|11\n|inactive|Time left: 300 sec this turn | 300 sec total\n|\n|t:|1783542141\n|switch|p2a: Tauros|Tauros-Paldea-Combat, L82, M|257/257\n|-ability|p2a: Tauros|Intimidate|boost\n|-unboost|p1a: Baxcalibur|atk|1\n|move|p1a: Baxcalibur|Dragon Dance|p1a: Baxcalibur\n|-boost|p1a: Baxcalibur|atk|1\n|-boost|p1a: Baxcalibur|spe|1\n|\n|upkeep\n|turn|12\n|inactive|Time left: 300 sec this turn | 300 sec total\n|\n|t:|1783542142\n|-terastallize|p1a: Baxcalibur|Ground\n|move|p1a: Baxcalibur|Dragon Dance|p1a: Baxcalibur\n|-boost|p1a: Baxcalibur|atk|1\n|-boost|p1a: Baxcalibur|spe|1\n|move|p2a: Tauros|Close Combat|p1a: Baxcalibur\n|-damage|p1a: Baxcalibur|22/100\n|-unboost|p2a: Tauros|def|1\n|-unboost|p2a: Tauros|spd|1\n|\n|upkeep\n|turn|13\n|inactive|Time left: 300 sec this turn | 300 sec total\n|\n|t:|1783542143\n|switch|p2a: Klawf|Klawf, L90, F|272/272\n|move|p1a: Baxcalibur|Glaive Rush|p2a: Klawf\n|-damage|p2a: Klawf|110/272\n|-singlemove|p1a: Baxcalibur|Glaive Rush|[silent]\n|\n|upkeep\n|turn|14\n|inactive|Time left: 300 sec this turn | 300 sec total\n|\n|t:|1783542144\n|switch|p2a: Tauros|Tauros-Paldea-Combat, L82, M|257/257\n|-ability|p2a: Tauros|Intimidate|boost\n|-unboost|p1a: Baxcalibur|atk|1\n|move|p1a: Baxcalibur|Glaive Rush|p2a: Tauros\n|-damage|p2a: Tauros|125/257\n|-singlemove|p1a: Baxcalibur|Glaive Rush|[silent]\n|\n|upkeep\n|turn|15\n|inactive|Time left: 300 sec this turn | 300 sec total\n|\n|t:|1783542145\n|move|p1a: Baxcalibur|Glaive Rush|p2a: Tauros\n|-damage|p2a: Tauros|0 fnt\n|-singlemove|p1a: Baxcalibur|Glaive Rush|[silent]\n|faint|p2a: Tauros\n|\n|upkeep\n|inactive|Time left: 300 sec this turn | 300 sec total | 5 sec grace\n|\n|t:|1783542146\n|switch|p2a: Klawf|Klawf, L90, F|200/272\n|turn|16\n|inactive|Time left: 300 sec this turn | 300 sec total\n|\n|t:|1783542147\n|move|p1a: Baxcalibur|Earthquake|p2a: Klawf\n|-supereffective|p2a: Klawf\n|-damage|p2a: Klawf|32/272\n|move|p2a: Klawf|Knock Off|p1a: Baxcalibur\n|-damage|p1a: Baxcalibur|0 fnt\n|-enditem|p1a: Baxcalibur|Heavy-Duty Boots|[from] move: Knock Off|[of] p2a: Klawf\n|faint|p1a: Baxcalibur\n|\n|upkeep\n|\n|t:|1783542148\n|switch|p1a: Munkidori|Munkidori, L79, M|17/100\n|turn|17\n|inactive|Time left: 300 sec this turn | 300 sec total\n|\n|t:|1783542149\n|move|p1a: Munkidori|Sludge Wave|p2a: Klawf\n|-resisted|p2a: Klawf\n|-crit|p2a: Klawf\n|-damage|p2a: Klawf|0 fnt\n|faint|p2a: Klawf\n|\n|upkeep\n|inactive|Time left: 300 sec this turn | 300 sec total | 5 sec grace\n|\n|t:|1783542150\n|switch|p2a: Mienshao|Mienshao, L83, M|244/244\n|turn|18\n|inactive|Time left: 300 sec this turn | 300 sec total\n|\n|t:|1783542151\n|move|p2a: Mienshao|Knock Off|p1a: Munkidori\n|-supereffective|p1a: Munkidori\n|-damage|p1a: Munkidori|0 fnt\n|-enditem|p1a: Munkidori|Choice Specs|[from] move: Knock Off|[of] p2a: Mienshao\n|faint|p1a: Munkidori\n|-damage|p2a: Mienshao|220/244|[from] item: Life Orb\n|\n|upkeep\n|\n|t:|1783542152\n|switch|p1a: Milotic|Milotic, L83, M|100/100\n|turn|19\n|inactive|Time left: 300 sec this turn | 300 sec total\n|\n|t:|1783542153\n|move|p2a: Mienshao|Swords Dance|p2a: Mienshao\n|-boost|p2a: Mienshao|atk|2\n|move|p1a: Milotic|Scald|p2a: Mienshao\n|-damage|p2a: Mienshao|111/244\n|\n|upkeep\n|turn|20\n|inactive|Time left: 300 sec this turn | 300 sec total\n|\n|t:|1783542154\n|-terastallize|p2a: Mienshao|Dark\n|move|p2a: Mienshao|Close Combat|p1a: Milotic\n|-damage|p1a: Milotic|0 fnt\n|-unboost|p2a: Mienshao|def|1\n|-unboost|p2a: Mienshao|spd|1\n|faint|p1a: Milotic\n|-damage|p2a: Mienshao|87/244|[from] item: Life Orb\n|\n|upkeep\n|\n|t:|1783542155\n|switch|p1a: Flutter Mane|Flutter Mane, L74|100/100\n|turn|21\n|inactive|Time left: 300 sec this turn | 300 sec total\n|\n|t:|1783542156\n|move|p1a: Flutter Mane|Moonblast|p2a: Mienshao\n|-supereffective|p2a: Mienshao\n|-damage|p2a: Mienshao|0 fnt\n|faint|p2a: Mienshao\n|-damage|p1a: Flutter Mane|91/100|[from] item: Life Orb\n|\n|upkeep\n|inactive|Time left: 300 sec this turn | 300 sec total | 5 sec grace\n|\n|t:|1783542157\n|switch|p2a: Electivire|Electivire, L84, M|237/263\n|turn|22\n|inactive|Time left: 300 sec this turn | 300 sec total\n|\n|t:|1783542158\n|move|p1a: Flutter Mane|Moonblast|p2a: Electivire\n|-damage|p2a: Electivire|108/263\n|-damage|p1a: Flutter Mane|81/100|[from] item: Life Orb\n|move|p2a: Electivire|Supercell Slam|p1a: Flutter Mane\n|-damage|p1a: Flutter Mane|0 fnt\n|faint|p1a: Flutter Mane\n|-end|p1a: Flutter Mane|Protosynthesis|[silent]\n|-damage|p2a: Electivire|82/263|[from] item: Life Orb\n|\n|win|p0y262cbac", "uploadtime": 1783542158, "views": 0, "rating": 0, "private": 0, "password": null, "_winner": "p0y262cbac", "_our_name": "p0y262cbac"}