{"id": "battle-gen9randombattle-234", "formatid": "gen9randombattle", "format": "[Gen 9] Random Battle", "players": ["p0x2348807", "p0y23463c2"], "log": "|init|battle\n|title|p0x2348807 vs. p0y23463c2\n|j|\u2606p0x2348807\n|j|\u2606p0y23463c2\n|t:|1783535974\n|gametype|singles\n|player|p1|p0x2348807|170|\n|player|p2|p0y23463c2|1|\n|gen|9\n|tier|[Gen 9] Random Battle\n|rule|Species Clause: Limit one of each Pok\u00e9mon\n|rule|HP Percentage Mod: HP is shown in percentages\n|rule|Sleep Clause Mod: Limit one foe put to sleep\n|rule|Illusion Level Mod: Illusion disguises the Pok\u00e9mon's true level\n|\n|t:|1783535974\n|teamsize|p1|6\n|teamsize|p2|6\n|start\n|switch|p1a: Tropius|Tropius, L91, F|100/100\n|switch|p2a: Torterra|Torterra, L78, M|276/276\n|turn|1\n|inactive|Battle timer is ON: inactive players will automatically lose when time's up. (requested by p0y23463c2)\n|inactive|p0x2348807 also wants the timer to be on.\n|\n|t:|1783535976\n|move|p1a: Tropius|Dual Wingbeat|p2a: Torterra\n|-supereffective|p2a: Torterra\n|-damage|p2a: Torterra|210/276\n|-supereffective|p2a: Torterra\n|-damage|p2a: Torterra|130/276\n|-hitcount|p2a: Torterra|2\n|move|p2a: Torterra|Shell Smash|p2a: Torterra\n|-unboost|p2a: Torterra|def|1\n|-unboost|p2a: Torterra|spd|1\n|-boost|p2a: Torterra|atk|2\n|-boost|p2a: Torterra|spa|2\n|-boost|p2a: Torterra|spe|2\n|\n|upkeep\n|turn|2\n|inactive|Time left: 300 sec this turn | 300 sec total\n|\n|t:|1783535977\n|-terastallize|p2a: Torterra|Rock\n|move|p2a: Torterra|Rock Blast|p1a: Tropius\n|-supereffective|p1a: Tropius\n|-damage|p1a: Tropius|71/100\n|-supereffective|p1a: Tropius\n|-damage|p1a: Tropius|40/100\n|-enditem|p1a: Tropius|Sitrus Berry|[eat]\n|-heal|p1a: Tropius|65/100|[from] item: Sitrus Berry\n|-supereffective|p1a: Tropius\n|-damage|p1a: Tropius|35/100\n|-supereffective|p1a: Tropius\n|-damage|p1a: Tropius|5/100\n|-supereffective|p1a: Tropius\n|-damage|p1a: Tropius|0 fnt\n|faint|p1a: Tropius\n|-hitcount|p1: Tropius|5\n|\n|upkeep\n|\n|t:|1783535978\n|switch|p1a: Leafeon|Leafeon, L88, F|100/100\n|turn|3\n|inactive|Time left: 300 sec this turn | 300 sec total\n|\n|t:|1783535980\n|move|p2a: Torterra|Headlong Rush|p1a: Leafeon\n|-resisted|p1a: Leafeon\n|-damage|p1a: Leafeon|65/100\n|-unboost|p2a: Torterra|def|1\n|-unboost|p2a: Torterra|spd|1\n|move|p1a: Leafeon|Leaf Blade|p2a: Torterra\n|-supereffective|p2a: Torterra\n|-damage|p2a: Torterra|0 fnt\n|faint|p2a: Torterra\n|-damage|p1a: Leafeon|56/100|[from] item: Life Orb\n|\n|upkeep\n|inactive|Time left: 300 sec this turn | 300 sec total | 5 sec grace\n|\n|t:|1783535981\n|switch|p2a: Arceus|Arceus-Bug, L73|295/295\n|turn|4\n|inactive|Time left: 300 sec this turn | 300 sec total\n|\n|t:|1783535982\n|switch|p1a: Blaziken|Blaziken, L76, F|100/100\n|move|p2a: Arceus|Judgment|p1a: Blaziken\n|-resisted|p1a: Blaziken\n|-damage|p1a: Blaziken|86/100\n|\n|upkeep\n|turn|5\n|inactive|Time left: 300 sec this turn | 300 sec total\n|\n|t:|1783535983\n|switch|p2a: Clefable|Clefable, L83, F|293/293\n|move|p1a: Blaziken|Swords Dance|p1a: Blaziken\n|-boost|p1a: Blaziken|atk|2\n|\n|-ability|p1a: Blaziken|Speed Boost|boost\n|-boost|p1a: Blaziken|spe|1\n|upkeep\n|turn|6\n|inactive|Time left: 300 sec this turn | 300 sec total\n|\n|t:|1783535985\n|move|p1a: Blaziken|Protect|p1a: Blaziken\n|-singleturn|p1a: Blaziken|Protect\n|move|p2a: Clefable|Moonblast|p1a: Blaziken\n|-activate|p1a: Blaziken|move: Protect\n|\n|-ability|p1a: Blaziken|Speed Boost|boost\n|-boost|p1a: Blaziken|spe|1\n|upkeep\n|turn|7\n|inactive|Time left: 300 sec this turn | 300 sec total\n|\n|t:|1783535986\n|move|p1a: Blaziken|Flare Blitz|p2a: Clefable\n|-damage|p2a: Clefable|108/293\n|-damage|p1a: Blaziken|61/100|[from] Recoil\n|-damage|p1a: Blaziken|52/100|[from] item: Life Orb\n|move|p2a: Clefable|Moonblast|p1a: Blaziken\n|-damage|p1a: Blaziken|0 fnt\n|faint|p1a: Blaziken\n|\n|-heal|p2a: Clefable|126/293|[from] item: Leftovers\n|upkeep\n|\n|t:|1783535987\n|switch|p1a: Electivire|Electivire, L84, F|100/100\n|turn|8\n|inactive|Time left: 300 sec this turn | 300 sec total\n|\n|t:|1783535988\n|switch|p2a: Arceus|Arceus-Bug, L73|295/295\n|move|p1a: Electivire|Supercell Slam|p2a: Arceus\n|-damage|p2a: Arceus|157/295\n|-damage|p1a: Electivire|91/100|[from] item: Life Orb\n|\n|upkeep\n|turn|9\n|inactive|Time left: 300 sec this turn | 300 sec total\n|\n|t:|1783535989\n|move|p2a: Arceus|Recover|p2a: Arceus\n|-heal|p2a: Arceus|295/295\n|move|p1a: Electivire|Bulk Up|p1a: Electivire\n|-boost|p1a: Electivire|atk|1\n|-boost|p1a: Electivire|def|1\n|\n|upkeep\n|turn|10\n|inactive|Time left: 300 sec this turn | 300 sec total\n|\n|t:|1783535991\n|move|p2a: Arceus|Judgment|p1a: Electivire\n|-damage|p1a: Electivire|46/100\n|move|p1a: Electivire|Supercell Slam|p2a: Arceus\n|-damage|p2a: Arceus|53/295\n|-damage|p1a: Electivire|36/100|[from] item: Life Orb\n|\n|upkeep\n|turn|11\n|inactive|Time left: 300 sec this turn | 300 sec total\n|\n|t:|1783535992\n|switch|p1a: Corviknight|Corviknight, L80, M|100/100\n|move|p2a: Arceus|Judgment|p1a: Corviknight\n|-resisted|p1a: Corviknight\n|-damage|p1a: Corviknight|89/100\n|\n|-heal|p1a: Corviknight|95/100|[from] item: Leftovers\n|upkeep\n|turn|12\n|inactive|Time left: 300 sec this turn | 300 sec total\n|\n|t:|1783535993\n|move|p2a: Arceus|Recover|p2a: Arceus\n|-heal|p2a: Arceus|201/295\n|move|p1a: Corviknight|Brave Bird|p2a: Arceus\n|-supereffective|p2a: Arceus\n|-damage|p2a: Arceus|0 fnt\n|faint|p2a: Arceus\n|-damage|p1a: Corviknight|72/100|[from] Recoil\n|\n|-heal|p1a: Corviknight|79/100|[from] item: Leftovers\n|upkeep\n|inactive|Time left: 300 sec this turn | 300 sec total | 5 sec grace\n|\n|t:|1783535994\n|switch|p2a: Entei|Entei, L78|307/307\n|turn|13\n|inactive|Time left: 300 sec this turn | 300 sec total\n|\n|t:|1783535995\n|switch|p1a: Dragapult|Dragapult, L77, F|100/100\n|move|p2a: Entei|Sacred Fire|p1a: Dragapult\n|-resisted|p1a: Dragapult\n|-damage|p1a: Dragapult|64/100\n|-status|p1a: Dragapult|brn\n|\n|-damage|p1a: Dragapult|58/100 brn|[from] brn\n|upkeep\n|turn|14\n|inactive|Time left: 300 sec this turn | 300 sec total\n|\n|t:|1783535996\n|move|p1a: Dragapult|Shadow Ball|p2a: Entei\n|-damage|p2a: Entei|183/307\n|move|p2a: Entei|Sacred Fire|p1a: Dragapult\n|-resisted|p1a: Dragapult\n|-damage|p1a: Dragapult|21/100 brn\n|\n|-damage|p1a: Dragapult|15/100 brn|[from] brn\n|upkeep\n|turn|15\n|inactive|Time left: 300 sec this turn | 300 sec total\n|\n|t:|1783535997\n|move|p1a: Dragapult|Shadow Ball|p2a: Entei\n|-damage|p2a: Entei|53/307\n|move|p2a: Entei|Sacred Fire|p1a: Dragapult\n|-resisted|p1a: Dragapult\n|-damage|p1a: Dragapult|0 fnt\n|faint|p1a: Dragapult\n|\n|upkeep\n|\n|t:|1783535998\n|switch|p1a: Leafeon|Leafeon, L88, F|56/100\n|turn|16\n|inactive|Time left: 300 sec this turn | 300 sec total\n|\n|t:|1783535999\n|move|p1a: Leafeon|Leaf Blade|p2a: Entei\n|-resisted|p2a: Entei\n|-damage|p2a: Entei|0 fnt\n|faint|p2a: Entei\n|-damage|p1a: Leafeon|46/100|[from] item: Life Orb\n|\n|upkeep\n|inactive|Time left: 300 sec this turn | 300 sec total | 5 sec grace\n|\n|t:|1783536000\n|switch|p2a: Hypno|Hypno, L95, F|315/315\n|turn|17\n|inactive|Time left: 300 sec this turn | 300 sec total\n|\n|t:|1783536001\n|move|p1a: Leafeon|Synthesis|p1a: Leafeon\n|-heal|p1a: Leafeon|96/100\n|move|p2a: Hypno|Psychic Noise|p1a: Leafeon\n|-damage|p1a: Leafeon|60/100\n|-start|p1a: Leafeon|move: Heal Block\n|\n|upkeep\n|turn|18\n|inactive|Time left: 300 sec this turn | 300 sec total\n|\n|t:|1783536002\n|move|p1a: Leafeon|Swords Dance|p1a: Leafeon\n|-boost|p1a: Leafeon|atk|2\n|move|p2a: Hypno|Psychic Noise|p1a: Leafeon\n|-damage|p1a: Leafeon|24/100\n|\n|-end|p1a: Leafeon|move: Heal Block\n|upkeep\n|turn|19\n|inactive|Time left: 300 sec this turn | 300 sec total\n|\n|t:|1783536003\n|move|p1a: Leafeon|Leaf Blade|p2a: Hypno\n|-damage|p2a: Hypno|0 fnt\n|faint|p2a: Hypno\n|-damage|p1a: Leafeon|14/100|[from] item: Life Orb\n|\n|upkeep\n|inactive|Time left: 300 sec this turn | 300 sec total | 5 sec grace\n|\n|t:|1783536004\n|switch|p2a: Clefable|Clefable, L83, F|126/293\n|turn|20\n|inactive|Time left: 300 sec this turn | 300 sec total\n|\n|t:|1783536005\n|switch|p2a: Excadrill|Excadrill, L79, M|303/303\n|-ability|p2a: Excadrill|Mold Breaker\n|-terastallize|p1a: Leafeon|Normal\n|move|p1a: Leafeon|Leaf Blade|p2a: Excadrill\n|-damage|p2a: Excadrill|0 fnt\n|faint|p2a: Excadrill\n|-damage|p1a: Leafeon|4/100|[from] item: Life Orb\n|\n|upkeep\n|inactive|Time left: 300 sec this turn | 300 sec total | 5 sec grace\n|\n|t:|1783536006\n|switch|p2a: Clefable|Clefable, L83, F|126/293\n|turn|21\n|inactive|Time left: 300 sec this turn | 300 sec total\n|\n|t:|1783536007\n|move|p1a: Leafeon|Leaf Blade|p2a: Clefable\n|-damage|p2a: Clefable|0 fnt\n|faint|p2a: Clefable\n|-damage|p1a: Leafeon|0 fnt|[from] item: Life Orb\n|faint|p1a: Leafeon\n|\n|win|p0x2348807", "uploadtime": 1783536007, "views": 0, "rating": 0, "private": 0, "password": null, "_winner": "p0x2348807", "_our_name": "p0y23463c2"}