{"id": "battle-gen9randombattle-869", "formatid": "gen9randombattle", "format": "[Gen 9] Random Battle", "players": ["p0x869a7be", "p0y8694816"], "log": "|init|battle\n|title|p0x869a7be vs. p0y8694816\n|j|\u2606p0x869a7be\n|j|\u2606p0y8694816\n|t:|1783549199\n|gametype|singles\n|player|p1|p0x869a7be|169|\n|player|p2|p0y8694816|170|\n|gen|9\n|tier|[Gen 9] Random Battle\n|rule|Species Clause: Limit one of each Pok\u00e9mon\n|rule|HP Percentage Mod: HP is shown in percentages\n|rule|Sleep Clause Mod: Limit one foe put to sleep\n|rule|Illusion Level Mod: Illusion disguises the Pok\u00e9mon's true level\n|\n|t:|1783549199\n|teamsize|p1|6\n|teamsize|p2|6\n|start\n|switch|p1a: Victreebel|Victreebel, L90, M|100/100\n|switch|p2a: Gothitelle|Gothitelle, L90, M|272/272\n|turn|1\n|inactive|Battle timer is ON: inactive players will automatically lose when time's up. (requested by p0x869a7be)\n|inactive|Time left: 300 sec this turn | 300 sec total | 60 sec grace\n|inactive|p0y8694816 also wants the timer to be on.\n|\n|t:|1783549201\n|move|p2a: Gothitelle|Psychic|p1a: Victreebel\n|-supereffective|p1a: Victreebel\n|-damage|p1a: Victreebel|12/100\n|move|p1a: Victreebel|Power Whip|p2a: Gothitelle\n|-damage|p2a: Gothitelle|104/272\n|-damage|p1a: Victreebel|2/100|[from] item: Life Orb\n|\n|upkeep\n|turn|2\n|inactive|Time left: 300 sec this turn | 300 sec total\n|\n|t:|1783549203\n|move|p1a: Victreebel|Sucker Punch|p2a: Gothitelle\n|-supereffective|p2a: Gothitelle\n|-damage|p2a: Gothitelle|0 fnt\n|faint|p2a: Gothitelle\n|-damage|p1a: Victreebel|0 fnt|[from] item: Life Orb\n|faint|p1a: Victreebel\n|\n|upkeep\n|inactive|Time left: 300 sec this turn | 300 sec total | 5 sec grace\n|\n|t:|1783549203\n|switch|p1a: Reuniclus|Reuniclus, L88, F|100/100\n|switch|p2a: Oinkologne|Oinkologne, L92, M|352/352\n|turn|3\n|inactive|Time left: 300 sec this turn | 300 sec total\n|\n|t:|1783549205\n|move|p2a: Oinkologne|Body Slam|p1a: Reuniclus\n|-damage|p1a: Reuniclus|64/100\n|-status|p1a: Reuniclus|par\n|move|p1a: Reuniclus|Focus Blast|p2a: Oinkologne\n|-supereffective|p2a: Oinkologne\n|-damage|p2a: Oinkologne|43/352\n|\n|-heal|p2a: Oinkologne|65/352|[from] item: Leftovers\n|upkeep\n|turn|4\n|inactive|Time left: 300 sec this turn | 300 sec total\n|\n|t:|1783549206\n|move|p2a: Oinkologne|Body Slam|p1a: Reuniclus\n|-damage|p1a: Reuniclus|30/100 par\n|cant|p1a: Reuniclus|par\n|\n|-heal|p2a: Oinkologne|87/352|[from] item: Leftovers\n|upkeep\n|turn|5\n|inactive|Time left: 300 sec this turn | 300 sec total\n|\n|t:|1783549207\n|switch|p1a: Tauros|Tauros-Paldea-Combat, L82, M|100/100\n|-ability|p1a: Tauros|Intimidate|boost\n|-unboost|p2a: Oinkologne|atk|1\n|move|p2a: Oinkologne|Body Slam|p1a: Tauros\n|-crit|p1a: Tauros\n|-damage|p1a: Tauros|48/100\n|\n|-heal|p2a: Oinkologne|109/352|[from] item: Leftovers\n|upkeep\n|turn|6\n|inactive|Time left: 300 sec this turn | 300 sec total\n|\n|t:|1783549208\n|switch|p2a: Mesprit|Mesprit, L85|275/275\n|move|p1a: Tauros|Close Combat|p2a: Mesprit\n|-resisted|p2a: Mesprit\n|-damage|p2a: Mesprit|195/275\n|-unboost|p1a: Tauros|def|1\n|-unboost|p1a: Tauros|spd|1\n|\n|upkeep\n|turn|7\n|inactive|Time left: 300 sec this turn | 300 sec total\n|\n|t:|1783549210\n|move|p2a: Mesprit|Psychic|p1a: Tauros\n|-supereffective|p1a: Tauros\n|-damage|p1a: Tauros|0 fnt\n|faint|p1a: Tauros\n|\n|upkeep\n|\n|t:|1783549211\n|switch|p1a: Tropius|Tropius, L91, M|100/100\n|turn|8\n|inactive|Time left: 300 sec this turn | 300 sec total\n|\n|t:|1783549212\n|move|p2a: Mesprit|Psychic|p1a: Tropius\n|-damage|p1a: Tropius|69/100\n|move|p1a: Tropius|Dragon Dance|p1a: Tropius\n|-boost|p1a: Tropius|atk|1\n|-boost|p1a: Tropius|spe|1\n|\n|upkeep\n|turn|9\n|inactive|Time left: 300 sec this turn | 300 sec total\n|\n|t:|1783549213\n|switch|p2a: Skarmory|Skarmory, L80, M|235/235\n|move|p1a: Tropius|Dragon Dance|p1a: Tropius\n|-boost|p1a: Tropius|atk|1\n|-boost|p1a: Tropius|spe|1\n|\n|upkeep\n|turn|10\n|inactive|Time left: 300 sec this turn | 300 sec total\n|\n|t:|1783549214\n|move|p1a: Tropius|Synthesis|p1a: Tropius\n|-heal|p1a: Tropius|100/100\n|move|p2a: Skarmory|Whirlwind|p1a: Tropius\n|drag|p1a: Reuniclus|Reuniclus, L88, F|30/100 par\n|\n|upkeep\n|turn|11\n|inactive|Time left: 300 sec this turn | 300 sec total\n|\n|t:|1783549215\n|move|p2a: Skarmory|Brave Bird|p1a: Reuniclus\n|-damage|p1a: Reuniclus|0 fnt\n|faint|p1a: Reuniclus\n|-damage|p2a: Skarmory|202/235|[from] Recoil\n|\n|-heal|p2a: Skarmory|216/235|[from] item: Leftovers\n|upkeep\n|\n|t:|1783549216\n|switch|p1a: Tatsugiri|Tatsugiri, L87, F|100/100\n|turn|12\n|inactive|Time left: 300 sec this turn | 300 sec total\n|\n|t:|1783549217\n|move|p1a: Tatsugiri|Hydro Pump|p2a: Skarmory\n|-damage|p2a: Skarmory|20/235\n|move|p2a: Skarmory|Whirlwind|p1a: Tatsugiri\n|drag|p1a: Tropius|Tropius, L91, M|100/100\n|\n|-heal|p2a: Skarmory|34/235|[from] item: Leftovers\n|upkeep\n|turn|13\n|inactive|Time left: 300 sec this turn | 300 sec total\n|\n|t:|1783549218\n|move|p2a: Skarmory|Roost|p2a: Skarmory\n|-heal|p2a: Skarmory|152/235\n|-singleturn|p2a: Skarmory|move: Roost\n|move|p1a: Tropius|Dragon Dance|p1a: Tropius\n|-boost|p1a: Tropius|atk|1\n|-boost|p1a: Tropius|spe|1\n|\n|-heal|p2a: Skarmory|166/235|[from] item: Leftovers\n|upkeep\n|turn|14\n|inactive|Time left: 300 sec this turn | 300 sec total\n|\n|t:|1783549219\n|move|p1a: Tropius|Dual Wingbeat|p2a: Skarmory\n|-resisted|p2a: Skarmory\n|-damage|p2a: Skarmory|144/235\n|-resisted|p2a: Skarmory\n|-damage|p2a: Skarmory|124/235\n|-hitcount|p2a: Skarmory|2\n|move|p2a: Skarmory|Whirlwind|p1a: Tropius\n|drag|p1a: Tatsugiri|Tatsugiri, L87, F|100/100\n|\n|-heal|p2a: Skarmory|138/235|[from] item: Leftovers\n|upkeep\n|turn|15\n|inactive|Time left: 300 sec this turn | 300 sec total\n|\n|t:|1783549220\n|move|p1a: Tatsugiri|Hydro Pump|p2a: Skarmory\n|-damage|p2a: Skarmory|0 fnt\n|faint|p2a: Skarmory\n|\n|upkeep\n|inactive|Time left: 300 sec this turn | 300 sec total | 5 sec grace\n|\n|t:|1783549221\n|switch|p2a: Flamigo|Flamigo, L82, F|269/269\n|turn|16\n|inactive|Time left: 300 sec this turn | 300 sec total\n|\n|t:|1783549222\n|move|p2a: Flamigo|Brave Bird|p1a: Tatsugiri\n|-damage|p1a: Tatsugiri|31/100\n|-damage|p2a: Flamigo|209/269|[from] Recoil\n|move|p1a: Tatsugiri|Hydro Pump|p2a: Flamigo\n|-damage|p2a: Flamigo|20/269\n|\n|upkeep\n|turn|17\n|inactive|Time left: 300 sec this turn | 300 sec total\n|\n|t:|1783549223\n|switch|p1a: Ursaring|Ursaring, L84, M|100/100\n|move|p2a: Flamigo|Brave Bird|p1a: Ursaring\n|-damage|p1a: Ursaring|68/100\n|-damage|p2a: Flamigo|0 fnt|[from] Recoil\n|faint|p2a: Flamigo\n|\n|upkeep\n|inactive|Time left: 300 sec this turn | 300 sec total | 5 sec grace\n|\n|t:|1783549224\n|switch|p2a: Mesprit|Mesprit, L85|195/275\n|turn|18\n|inactive|Time left: 300 sec this turn | 300 sec total\n|\n|t:|1783549225\n|move|p2a: Mesprit|Psychic|p1a: Ursaring\n|-damage|p1a: Ursaring|39/100\n|move|p1a: Ursaring|Body Slam|p2a: Mesprit\n|-damage|p2a: Mesprit|96/275\n|\n|upkeep\n|turn|19\n|inactive|Time left: 300 sec this turn | 300 sec total\n|\n|t:|1783549226\n|move|p2a: Mesprit|Psychic|p1a: Ursaring\n|-damage|p1a: Ursaring|13/100\n|-unboost|p1a: Ursaring|spd|1\n|move|p1a: Ursaring|Body Slam|p2a: Mesprit\n|-damage|p2a: Mesprit|0 fnt\n|faint|p2a: Mesprit\n|\n|upkeep\n|inactive|Time left: 300 sec this turn | 300 sec total | 5 sec grace\n|\n|t:|1783549227\n|switch|p2a: Regieleki|Regieleki, L79|256/256\n|turn|20\n|inactive|Time left: 300 sec this turn | 300 sec total\n|\n|t:|1783549228\n|switch|p1a: Tropius|Tropius, L91, M|100/100\n|move|p2a: Regieleki|Thunderbolt|p1a: Tropius\n|-damage|p1a: Tropius|63/100\n|\n|upkeep\n|turn|21\n|inactive|Time left: 300 sec this turn | 300 sec total\n|\n|t:|1783549229\n|-terastallize|p2a: Regieleki|Ice\n|-terastallize|p1a: Tropius|Ground\n|move|p2a: Regieleki|Tera Blast|p1a: Tropius|[anim] Tera Blast Ice\n|-supereffective|p1a: Tropius\n|-damage|p1a: Tropius|19/100\n|-enditem|p1a: Tropius|Sitrus Berry|[eat]\n|-heal|p1a: Tropius|44/100|[from] item: Sitrus Berry\n|move|p1a: Tropius|Earthquake|p2a: Regieleki\n|-damage|p2a: Regieleki|99/256\n|\n|-item|p1a: Tropius|Sitrus Berry|[from] ability: Harvest\n|upkeep\n|-enditem|p1a: Tropius|Sitrus Berry|[eat]\n|-heal|p1a: Tropius|69/100|[from] item: Sitrus Berry\n|turn|22\n|inactive|Time left: 300 sec this turn | 300 sec total\n|\n|t:|1783549230\n|move|p2a: Regieleki|Tera Blast|p1a: Tropius|[anim] Tera Blast Ice\n|-supereffective|p1a: Tropius\n|-damage|p1a: Tropius|21/100\n|move|p1a: Tropius|Earthquake|p2a: Regieleki\n|-damage|p2a: Regieleki|0 fnt\n|faint|p2a: Regieleki\n|\n|upkeep\n|inactive|Time left: 300 sec this turn | 300 sec total | 5 sec grace\n|\n|t:|1783549231\n|switch|p2a: Oinkologne|Oinkologne, L92, M|109/352\n|turn|23\n|inactive|Time left: 300 sec this turn | 300 sec total\n|\n|t:|1783549232\n|move|p2a: Oinkologne|Body Slam|p1a: Tropius\n|-damage|p1a: Tropius|0 fnt\n|faint|p1a: Tropius\n|\n|-heal|p2a: Oinkologne|131/352|[from] item: Leftovers\n|upkeep\n|\n|t:|1783549233\n|switch|p1a: Tatsugiri|Tatsugiri, L87, F|31/100\n|turn|24\n|inactive|Time left: 300 sec this turn | 300 sec total\n|\n|t:|1783549234\n|move|p1a: Tatsugiri|Draco Meteor|p2a: Oinkologne\n|-damage|p2a: Oinkologne|0 fnt\n|-unboost|p1a: Tatsugiri|spa|2\n|faint|p2a: Oinkologne\n|\n|win|p0x869a7be", "uploadtime": 1783549234, "views": 0, "rating": 0, "private": 0, "password": null, "_winner": "p0x869a7be", "_our_name": "p0y8694816"}