{"id": "battle-gen9randombattle-245", "formatid": "gen9randombattle", "format": "[Gen 9] Random Battle", "players": ["p0x2455cee", "p0y2452ac4"], "log": "|init|battle\n|title|p0x2455cee vs. p0y2452ac4\n|j|\u2606p0x2455cee\n|j|\u2606p0y2452ac4\n|t:|1783541946\n|gametype|singles\n|player|p1|p0x2455cee|101|\n|player|p2|p0y2452ac4|170|\n|gen|9\n|tier|[Gen 9] Random Battle\n|rule|Species Clause: Limit one of each Pok\u00e9mon\n|rule|HP Percentage Mod: HP is shown in percentages\n|rule|Sleep Clause Mod: Limit one foe put to sleep\n|rule|Illusion Level Mod: Illusion disguises the Pok\u00e9mon's true level\n|\n|t:|1783541946\n|teamsize|p1|6\n|teamsize|p2|6\n|start\n|switch|p1a: Reshiram|Reshiram, L76|277/277\n|switch|p2a: Beartic|Beartic, L91, M|100/100\n|-ability|p1a: Reshiram|Turboblaze\n|turn|1\n|inactive|Battle timer is ON: inactive players will automatically lose when time's up. (requested by p0x2455cee)\n|inactive|p0y2452ac4 also wants the timer to be on.\n|\n|t:|1783541947\n|move|p1a: Reshiram|Outrage|p2a: Beartic\n|-damage|p2a: Beartic|62/100\n|move|p2a: Beartic|Icicle Crash|p1a: Reshiram\n|-damage|p1a: Reshiram|141/277\n|\n|upkeep\n|turn|2\n|inactive|Time left: 300 sec this turn | 300 sec total\n|\n|t:|1783541948\n|move|p1a: Reshiram|Outrage|p2a: Beartic|[from] lockedmove\n|-damage|p2a: Beartic|23/100\n|-start|p1a: Reshiram|confusion|[fatigue]\n|move|p2a: Beartic|Earthquake|p1a: Reshiram\n|-supereffective|p1a: Reshiram\n|-damage|p1a: Reshiram|0 fnt\n|faint|p1a: Reshiram\n|\n|upkeep\n|inactive|Time left: 300 sec this turn | 300 sec total | 5 sec grace\n|\n|t:|1783541949\n|switch|p1a: Drednaw|Drednaw, L81, M|278/278\n|turn|3\n|inactive|Time left: 300 sec this turn | 300 sec total\n|\n|t:|1783541950\n|switch|p2a: Breloom|Breloom, L83, F|100/100\n|move|p1a: Drednaw|Liquidation|p2a: Breloom\n|-resisted|p2a: Breloom\n|-damage|p2a: Breloom|76/100\n|\n|upkeep\n|turn|4\n|inactive|Time left: 300 sec this turn | 300 sec total\n|\n|t:|1783541951\n|-terastallize|p1a: Drednaw|Dark\n|move|p1a: Drednaw|Shell Smash|p1a: Drednaw\n|-unboost|p1a: Drednaw|def|1\n|-unboost|p1a: Drednaw|spd|1\n|-boost|p1a: Drednaw|atk|2\n|-boost|p1a: Drednaw|spa|2\n|-boost|p1a: Drednaw|spe|2\n|-enditem|p1a: Drednaw|White Herb\n|-clearnegativeboost|p1a: Drednaw|[silent]\n|move|p2a: Breloom|Bullet Seed|p1a: Drednaw\n|-damage|p1a: Drednaw|214/278\n|-damage|p1a: Drednaw|154/278\n|-damage|p1a: Drednaw|83/278\n|-hitcount|p1a: Drednaw|3\n|-damage|p2a: Breloom|66/100|[from] item: Life Orb\n|\n|upkeep\n|turn|5\n|inactive|Time left: 300 sec this turn | 300 sec total\n|\n|t:|1783541952\n|move|p2a: Breloom|Mach Punch|p1a: Drednaw\n|-supereffective|p1a: Drednaw\n|-damage|p1a: Drednaw|0 fnt\n|faint|p1a: Drednaw\n|-damage|p2a: Breloom|57/100|[from] item: Life Orb\n|\n|upkeep\n|inactive|Time left: 300 sec this turn | 300 sec total | 5 sec grace\n|\n|t:|1783541953\n|switch|p1a: Barraskewda|Barraskewda, L81, F|231/231\n|turn|6\n|inactive|Time left: 300 sec this turn | 300 sec total\n|\n|t:|1783541954\n|move|p2a: Breloom|Mach Punch|p1a: Barraskewda\n|-damage|p1a: Barraskewda|87/231\n|-damage|p2a: Breloom|47/100|[from] item: Life Orb\n|move|p1a: Barraskewda|Close Combat|p2a: Breloom\n|-damage|p2a: Breloom|0 fnt\n|-unboost|p1a: Barraskewda|def|1\n|-unboost|p1a: Barraskewda|spd|1\n|faint|p2a: Breloom\n|\n|upkeep\n|\n|t:|1783541955\n|switch|p2a: Araquanid|Araquanid, L82, F|100/100\n|turn|7\n|inactive|Time left: 300 sec this turn | 300 sec total\n|\n|t:|1783541956\n|switch|p1a: Regigigas|Regigigas, L84|322/322\n|-start|p1a: Regigigas|ability: Slow Start\n|move|p2a: Araquanid|Sticky Web|p1a: Regigigas\n|-sidestart|p1: p0x2455cee|move: Sticky Web\n|\n|upkeep\n|turn|8\n|inactive|Time left: 300 sec this turn | 300 sec total\n|\n|t:|1783541957\n|move|p2a: Araquanid|Liquidation|p1a: Regigigas\n|-damage|p1a: Regigigas|213/322\n|move|p1a: Regigigas|Body Slam|p2a: Araquanid\n|-damage|p2a: Araquanid|71/100\n|-status|p2a: Araquanid|par\n|\n|-heal|p1a: Regigigas|233/322|[from] item: Leftovers\n|upkeep\n|turn|9\n|inactive|Time left: 300 sec this turn | 300 sec total\n|\n|t:|1783541958\n|move|p1a: Regigigas|Knock Off|p2a: Araquanid\n|-crit|p2a: Araquanid\n|-damage|p2a: Araquanid|40/100 par\n|-enditem|p2a: Araquanid|Heavy-Duty Boots|[from] move: Knock Off|[of] p1a: Regigigas\n|cant|p2a: Araquanid|par\n|\n|-heal|p1a: Regigigas|253/322|[from] item: Leftovers\n|upkeep\n|turn|10\n|inactive|Time left: 300 sec this turn | 300 sec total\n|\n|t:|1783541959\n|move|p1a: Regigigas|Body Slam|p2a: Araquanid\n|-damage|p2a: Araquanid|11/100 par\n|move|p2a: Araquanid|Liquidation|p1a: Regigigas\n|-damage|p1a: Regigigas|130/322\n|\n|-heal|p1a: Regigigas|150/322|[from] item: Leftovers\n|upkeep\n|turn|11\n|inactive|Time left: 300 sec this turn | 300 sec total\n|\n|t:|1783541960\n|move|p1a: Regigigas|Body Slam|p2a: Araquanid\n|-damage|p2a: Araquanid|0 fnt\n|faint|p2a: Araquanid\n|\n|-heal|p1a: Regigigas|170/322|[from] item: Leftovers\n|upkeep\n|\n|t:|1783541961\n|switch|p2a: Roaring Moon|Roaring Moon, L72|100/100\n|-enditem|p2a: Roaring Moon|Booster Energy\n|-activate|p2a: Roaring Moon|ability: Protosynthesis|[fromitem]\n|-start|p2a: Roaring Moon|protosynthesisatk\n|turn|12\n|inactive|Time left: 300 sec this turn | 300 sec total\n|\n|t:|1783541962\n|move|p2a: Roaring Moon|Dragon Dance|p2a: Roaring Moon\n|-boost|p2a: Roaring Moon|atk|1\n|-boost|p2a: Roaring Moon|spe|1\n|move|p1a: Regigigas|Body Slam|p2a: Roaring Moon\n|-damage|p2a: Roaring Moon|67/100\n|\n|-heal|p1a: Regigigas|190/322|[from] item: Leftovers\n|-end|p1a: Regigigas|Slow Start\n|upkeep\n|turn|13\n|inactive|Time left: 300 sec this turn | 300 sec total\n|\n|t:|1783541963\n|move|p2a: Roaring Moon|Outrage|p1a: Regigigas\n|-damage|p1a: Regigigas|1/322\n|move|p1a: Regigigas|Body Slam|p2a: Roaring Moon\n|-damage|p2a: Roaring Moon|0 fnt\n|faint|p2a: Roaring Moon\n|-end|p2a: Roaring Moon|Protosynthesis|[silent]\n|\n|-heal|p1a: Regigigas|21/322|[from] item: Leftovers\n|upkeep\n|\n|t:|1783541964\n|switch|p2a: Greninja|Greninja, L80, M|100/100\n|turn|14\n|inactive|Time left: 300 sec this turn | 300 sec total\n|\n|t:|1783541965\n|move|p2a: Greninja|Dark Pulse|p1a: Regigigas\n|-damage|p1a: Regigigas|0 fnt\n|faint|p1a: Regigigas\n|-end|p1a: Regigigas|Slow Start|[silent]\n|-ability|p2a: Greninja|Battle Bond|boost\n|-boost|p2a: Greninja|atk|1\n|-boost|p2a: Greninja|spa|1\n|-boost|p2a: Greninja|spe|1\n|-activate|p2a: Greninja|ability: Battle Bond\n|-damage|p2a: Greninja|91/100|[from] item: Life Orb\n|\n|upkeep\n|inactive|Time left: 300 sec this turn | 300 sec total | 5 sec grace\n|\n|t:|1783541966\n|switch|p1a: Klefki|Klefki, L84, F|233/233\n|-activate|p1a: Klefki|move: Sticky Web\n|-unboost|p1a: Klefki|spe|1\n|turn|15\n|inactive|Time left: 300 sec this turn | 300 sec total\n|\n|t:|1783541967\n|-terastallize|p2a: Greninja|Water\n|move|p2a: Greninja|Hydro Pump|p1a: Klefki\n|-damage|p1a: Klefki|0 fnt\n|faint|p1a: Klefki\n|-damage|p2a: Greninja|81/100|[from] item: Life Orb\n|\n|upkeep\n|inactive|Time left: 300 sec this turn | 300 sec total | 5 sec grace\n|\n|t:|1783541968\n|switch|p1a: Barraskewda|Barraskewda, L81, F|87/231\n|-activate|p1a: Barraskewda|move: Sticky Web\n|-unboost|p1a: Barraskewda|spe|1\n|turn|16\n|inactive|Time left: 300 sec this turn | 300 sec total\n|\n|t:|1783541969\n|switch|p1a: Froslass|Froslass, L87, F|263/263\n|-activate|p1a: Froslass|move: Sticky Web\n|-unboost|p1a: Froslass|spe|1\n|move|p2a: Greninja|Dark Pulse|p1a: Froslass\n|-supereffective|p1a: Froslass\n|-damage|p1a: Froslass|0 fnt\n|-start|p2a: Greninja|Disable|Dark Pulse|[from] ability: Cursed Body|[of] p1a: Froslass\n|faint|p1a: Froslass\n|-damage|p2a: Greninja|71/100|[from] item: Life Orb\n|\n|upkeep\n|inactive|Time left: 300 sec this turn | 300 sec total | 5 sec grace\n|\n|t:|1783541970\n|switch|p1a: Barraskewda|Barraskewda, L81, F|87/231\n|-activate|p1a: Barraskewda|move: Sticky Web\n|-unboost|p1a: Barraskewda|spe|1\n|turn|17\n|inactive|Time left: 300 sec this turn | 300 sec total\n|\n|t:|1783541971\n|move|p2a: Greninja|Ice Beam|p1a: Barraskewda\n|-resisted|p1a: Barraskewda\n|-damage|p1a: Barraskewda|0 fnt\n|faint|p1a: Barraskewda\n|-damage|p2a: Greninja|61/100|[from] item: Life Orb\n|\n|win|p0y2452ac4", "uploadtime": 1783541971, "views": 0, "rating": 0, "private": 0, "password": null, "_winner": "p0y2452ac4", "_our_name": "p0x2455cee"}