{"id": "battle-gen9randombattle-296", "formatid": "gen9randombattle", "format": "[Gen 9] Random Battle", "players": ["p0x29678c3", "p0y296246f"], "log": "|init|battle\n|title|p0x29678c3 vs. p0y296246f\n|j|\u2606p0x29678c3\n|j|\u2606p0y296246f\n|t:|1783542504\n|gametype|singles\n|player|p1|p0x29678c3|265|\n|player|p2|p0y296246f|2|\n|gen|9\n|tier|[Gen 9] Random Battle\n|rule|Species Clause: Limit one of each Pok\u00e9mon\n|rule|HP Percentage Mod: HP is shown in percentages\n|rule|Sleep Clause Mod: Limit one foe put to sleep\n|rule|Illusion Level Mod: Illusion disguises the Pok\u00e9mon's true level\n|\n|t:|1783542504\n|teamsize|p1|6\n|teamsize|p2|6\n|start\n|switch|p1a: Lycanroc|Lycanroc-Midnight, L89, M|100/100\n|switch|p2a: Basculegion|Basculegion-F, L83, F|335/335\n|turn|1\n|inactive|Battle timer is ON: inactive players will automatically lose when time's up. (requested by p0y296246f)\n|inactive|p0x29678c3 also wants the timer to be on.\n|\n|t:|1783542506\n|move|p1a: Lycanroc|Knock Off|p2a: Basculegion\n|-supereffective|p2a: Basculegion\n|-damage|p2a: Basculegion|115/335\n|-enditem|p2a: Basculegion|Choice Specs|[from] move: Knock Off|[of] p1a: Lycanroc\n|move|p2a: Basculegion|Hydro Pump|p1a: Lycanroc\n|-supereffective|p1a: Lycanroc\n|-damage|p1a: Lycanroc|0 fnt\n|faint|p1a: Lycanroc\n|\n|upkeep\n|\n|t:|1783542507\n|switch|p1a: Ribombee|Ribombee, L83, M|100/100\n|turn|2\n|inactive|Time left: 300 sec this turn | 300 sec total\n|\n|t:|1783542509\n|switch|p2a: Espeon|Espeon, L84, M|246/246\n|move|p1a: Ribombee|Sticky Web|p2a: Espeon\n|move|p2a: Espeon|Sticky Web|p1a: Ribombee|[from] ability: Magic Bounce\n|-sidestart|p1: p0x29678c3|move: Sticky Web\n|\n|upkeep\n|turn|3\n|inactive|Time left: 300 sec this turn | 300 sec total\n|\n|t:|1783542510\n|move|p1a: Ribombee|Bug Buzz|p2a: Espeon\n|-supereffective|p2a: Espeon\n|-damage|p2a: Espeon|78/246\n|move|p2a: Espeon|Psychic|p1a: Ribombee\n|-damage|p1a: Ribombee|27/100\n|-damage|p2a: Espeon|54/246|[from] item: Life Orb\n|\n|upkeep\n|turn|4\n|inactive|Time left: 300 sec this turn | 300 sec total\n|\n|t:|1783542511\n|switch|p2a: Lunala|Lunala, L70|308/308\n|move|p1a: Ribombee|Moonblast|p2a: Lunala\n|-damage|p2a: Lunala|262/308\n|\n|-heal|p2a: Lunala|281/308|[from] item: Leftovers\n|upkeep\n|turn|5\n|inactive|Time left: 300 sec this turn | 300 sec total\n|\n|t:|1783542512\n|switch|p2a: Espeon|Espeon, L84, M|54/246\n|move|p1a: Ribombee|Sticky Web|p2a: Espeon\n|move|p2a: Espeon|Sticky Web||[from] ability: Magic Bounce|[still]\n|-fail|p2a: Espeon\n|\n|upkeep\n|turn|6\n|inactive|Time left: 300 sec this turn | 300 sec total\n|\n|t:|1783542513\n|switch|p2a: Lunala|Lunala, L70|281/308\n|move|p1a: Ribombee|Moonblast|p2a: Lunala\n|-damage|p2a: Lunala|173/308\n|\n|-heal|p2a: Lunala|192/308|[from] item: Leftovers\n|upkeep\n|turn|7\n|inactive|Time left: 300 sec this turn | 300 sec total\n|\n|t:|1783542515\n|move|p1a: Ribombee|Sticky Web|p2a: Lunala\n|-sidestart|p2: p0y296246f|move: Sticky Web\n|move|p2a: Lunala|Moongeist Beam|p1a: Ribombee\n|-damage|p1a: Ribombee|0 fnt\n|faint|p1a: Ribombee\n|\n|-heal|p2a: Lunala|211/308|[from] item: Leftovers\n|upkeep\n|\n|t:|1783542516\n|switch|p1a: Malamar|Malamar, L82, M|100/100\n|-activate|p1a: Malamar|move: Sticky Web\n|-boost|p1a: Malamar|spe|1\n|turn|8\n|inactive|Time left: 300 sec this turn | 300 sec total\n|\n|t:|1783542517\n|move|p1a: Malamar|Knock Off|p2a: Lunala\n|-supereffective|p2a: Lunala\n|-damage|p2a: Lunala|0 fnt\n|-enditem|p2a: Lunala|Leftovers|[from] move: Knock Off|[of] p1a: Malamar\n|faint|p2a: Lunala\n|\n|upkeep\n|inactive|Time left: 300 sec this turn | 300 sec total | 5 sec grace\n|\n|t:|1783542518\n|switch|p2a: Toedscruel|Toedscruel, L87, F|281/281\n|-activate|p2a: Toedscruel|move: Sticky Web\n|-unboost|p2a: Toedscruel|spe|1\n|turn|9\n|inactive|Time left: 300 sec this turn | 300 sec total\n|\n|t:|1783542519\n|move|p1a: Malamar|Superpower|p2a: Toedscruel\n|-damage|p2a: Toedscruel|187/281\n|-boost|p1a: Malamar|atk|1\n|-boost|p1a: Malamar|def|1\n|move|p2a: Toedscruel|Rapid Spin|p1a: Malamar\n|-damage|p1a: Malamar|92/100\n|-boost|p2a: Toedscruel|spe|1\n|-sideend|p2: p0y296246f|Sticky Web|[from] move: Rapid Spin|[of] p2a: Toedscruel\n|\n|-heal|p2a: Toedscruel|204/281|[from] item: Leftovers\n|upkeep\n|turn|10\n|inactive|Time left: 300 sec this turn | 300 sec total\n|\n|t:|1783542521\n|switch|p2a: Basculegion|Basculegion-F, L83, F|115/335\n|move|p1a: Malamar|Superpower|p2a: Basculegion\n|-immune|p2a: Basculegion\n|\n|upkeep\n|turn|11\n|inactive|Time left: 300 sec this turn | 300 sec total\n|\n|t:|1783542522\n|move|p1a: Malamar|Psycho Cut|p2a: Basculegion\n|-damage|p2a: Basculegion|0 fnt\n|faint|p2a: Basculegion\n|\n|upkeep\n|inactive|Time left: 300 sec this turn | 300 sec total | 5 sec grace\n|\n|t:|1783542523\n|switch|p2a: Toedscruel|Toedscruel, L87, F|204/281\n|turn|12\n|inactive|Time left: 300 sec this turn | 300 sec total\n|\n|t:|1783542524\n|move|p1a: Malamar|Superpower|p2a: Toedscruel\n|-damage|p2a: Toedscruel|59/281\n|-boost|p1a: Malamar|atk|1\n|-boost|p1a: Malamar|def|1\n|move|p2a: Toedscruel|Toxic|p1a: Malamar\n|-status|p1a: Malamar|tox\n|\n|-heal|p2a: Toedscruel|76/281|[from] item: Leftovers\n|-damage|p1a: Malamar|86/100 tox|[from] psn\n|upkeep\n|turn|13\n|inactive|Time left: 300 sec this turn | 300 sec total\n|\n|t:|1783542525\n|move|p1a: Malamar|Superpower|p2a: Toedscruel\n|-damage|p2a: Toedscruel|0 fnt\n|-boost|p1a: Malamar|atk|1\n|-boost|p1a: Malamar|def|1\n|faint|p2a: Toedscruel\n|\n|-damage|p1a: Malamar|74/100 tox|[from] psn\n|upkeep\n|inactive|Time left: 300 sec this turn | 300 sec total | 5 sec grace\n|\n|t:|1783542526\n|switch|p2a: Espeon|Espeon, L84, M|54/246\n|turn|14\n|inactive|Time left: 300 sec this turn | 300 sec total\n|\n|t:|1783542527\n|move|p1a: Malamar|Rest|p1a: Malamar\n|-status|p1a: Malamar|slp|[from] move: Rest\n|-heal|p1a: Malamar|100/100 slp|[silent]\n|-enditem|p1a: Malamar|Chesto Berry|[eat]\n|-curestatus|p1a: Malamar|slp|[msg]\n|move|p2a: Espeon|Calm Mind|p2a: Espeon\n|-boost|p2a: Espeon|spa|1\n|-boost|p2a: Espeon|spd|1\n|\n|upkeep\n|turn|15\n|inactive|Time left: 300 sec this turn | 300 sec total\n|\n|t:|1783542528\n|move|p1a: Malamar|Superpower|p2a: Espeon\n|-resisted|p2a: Espeon\n|-damage|p2a: Espeon|0 fnt\n|-boost|p1a: Malamar|atk|1\n|-boost|p1a: Malamar|def|1\n|faint|p2a: Espeon\n|\n|upkeep\n|inactive|Time left: 300 sec this turn | 300 sec total | 5 sec grace\n|\n|t:|1783542529\n|switch|p2a: Toxicroak|Toxicroak, L84, M|277/277\n|turn|16\n|inactive|Time left: 300 sec this turn | 300 sec total\n|\n|t:|1783542529\n|move|p1a: Malamar|Psycho Cut|p2a: Toxicroak\n|-supereffective|p2a: Toxicroak\n|-damage|p2a: Toxicroak|0 fnt\n|faint|p2a: Toxicroak\n|\n|upkeep\n|inactive|Time left: 300 sec this turn | 300 sec total | 5 sec grace\n|\n|t:|1783542530\n|switch|p2a: Furret|Furret, L94, M|312/312\n|turn|17\n|inactive|Time left: 300 sec this turn | 300 sec total\n|\n|t:|1783542531\n|move|p1a: Malamar|Knock Off|p2a: Furret\n|-damage|p2a: Furret|0 fnt\n|-enditem|p2a: Furret|Life Orb|[from] move: Knock Off|[of] p1a: Malamar\n|faint|p2a: Furret\n|\n|win|p0x29678c3", "uploadtime": 1783542531, "views": 0, "rating": 0, "private": 0, "password": null, "_winner": "p0x29678c3", "_our_name": "p0y296246f"}