{"id": "battle-gen9randombattle-729", "formatid": "gen9randombattle", "format": "[Gen 9] Random Battle", "players": ["p0x7290df2", "p0y729da36"], "log": "|init|battle\n|title|p0x7290df2 vs. p0y729da36\n|j|\u2606p0x7290df2\n|j|\u2606p0y729da36\n|t:|1783547572\n|gametype|singles\n|player|p1|p0x7290df2|101|\n|player|p2|p0y729da36|1|\n|gen|9\n|tier|[Gen 9] Random Battle\n|rule|Species Clause: Limit one of each Pok\u00e9mon\n|rule|HP Percentage Mod: HP is shown in percentages\n|rule|Sleep Clause Mod: Limit one foe put to sleep\n|rule|Illusion Level Mod: Illusion disguises the Pok\u00e9mon's true level\n|\n|t:|1783547572\n|teamsize|p1|6\n|teamsize|p2|6\n|start\n|switch|p1a: Shaymin|Shaymin, L82|100/100\n|switch|p2a: Tropius|Tropius, L91, M|328/328\n|turn|1\n|inactive|Battle timer is ON: inactive players will automatically lose when time's up. (requested by p0y729da36)\n|inactive|p0x7290df2 also wants the timer to be on.\n|\n|t:|1783547574\n|move|p1a: Shaymin|Leech Seed|p2a: Tropius\n|-immune|p2a: Tropius\n|move|p2a: Tropius|Dragon Dance|p2a: Tropius\n|-boost|p2a: Tropius|atk|1\n|-boost|p2a: Tropius|spe|1\n|\n|upkeep\n|turn|2\n|inactive|Time left: 300 sec this turn | 300 sec total\n|\n|t:|1783547575\n|move|p2a: Tropius|Dragon Dance|p2a: Tropius\n|-boost|p2a: Tropius|atk|1\n|-boost|p2a: Tropius|spe|1\n|move|p1a: Shaymin|Seed Flare|p2a: Tropius\n|-resisted|p2a: Tropius\n|-damage|p2a: Tropius|302/328\n|\n|upkeep\n|turn|3\n|inactive|Time left: 300 sec this turn | 300 sec total\n|\n|t:|1783547576\n|switch|p1a: Regirock|Regirock, L83|100/100\n|move|p2a: Tropius|Dual Wingbeat|p1a: Regirock\n|-resisted|p1a: Regirock\n|-damage|p1a: Regirock|93/100\n|-resisted|p1a: Regirock\n|-damage|p1a: Regirock|86/100\n|-hitcount|p1a: Regirock|2\n|\n|-heal|p1a: Regirock|92/100|[from] item: Leftovers\n|upkeep\n|turn|4\n|inactive|Time left: 300 sec this turn | 300 sec total\n|\n|t:|1783547578\n|move|p2a: Tropius|Leaf Blade|p1a: Regirock\n|-supereffective|p1a: Regirock\n|-crit|p1a: Regirock\n|-damage|p1a: Regirock|0 fnt\n|faint|p1a: Regirock\n|\n|upkeep\n|\n|t:|1783547579\n|switch|p1a: Granbull|Granbull, L88, M|100/100\n|-ability|p1a: Granbull|Intimidate|boost\n|-unboost|p2a: Tropius|atk|1\n|turn|5\n|inactive|Time left: 300 sec this turn | 300 sec total\n|\n|t:|1783547580\n|move|p2a: Tropius|Dual Wingbeat|p1a: Granbull\n|-damage|p1a: Granbull|81/100\n|-damage|p1a: Granbull|59/100\n|-hitcount|p1a: Granbull|2\n|move|p1a: Granbull|Encore|p2a: Tropius\n|-start|p2a: Tropius|Encore\n|\n|-heal|p1a: Granbull|65/100|[from] item: Leftovers\n|upkeep\n|turn|6\n|inactive|Time left: 300 sec this turn | 300 sec total\n|\n|t:|1783547581\n|move|p2a: Tropius|Dual Wingbeat|p1a: Granbull\n|-damage|p1a: Granbull|45/100\n|-crit|p1a: Granbull\n|-damage|p1a: Granbull|11/100\n|-hitcount|p1a: Granbull|2\n|move|p1a: Granbull|Play Rough|p2a: Tropius\n|-damage|p2a: Tropius|185/328\n|\n|-heal|p1a: Granbull|17/100|[from] item: Leftovers\n|upkeep\n|turn|7\n|inactive|Time left: 300 sec this turn | 300 sec total\n|\n|t:|1783547583\n|move|p2a: Tropius|Dual Wingbeat|p1a: Granbull\n|-damage|p1a: Granbull|0 fnt\n|faint|p1a: Granbull\n|-hitcount|p1: Granbull|1\n|\n|upkeep\n|\n|t:|1783547584\n|switch|p1a: Zamazenta|Zamazenta, L71|100/100\n|-ability|p1a: Zamazenta|Dauntless Shield|boost\n|-boost|p1a: Zamazenta|def|1\n|turn|8\n|inactive|Time left: 300 sec this turn | 300 sec total\n|\n|t:|1783547585\n|move|p2a: Tropius|Dual Wingbeat|p1a: Zamazenta\n|-supereffective|p1a: Zamazenta\n|-damage|p1a: Zamazenta|71/100\n|-supereffective|p1a: Zamazenta\n|-damage|p1a: Zamazenta|42/100\n|-hitcount|p1a: Zamazenta|2\n|move|p1a: Zamazenta|Stone Edge|p2a: Tropius\n|-supereffective|p2a: Tropius\n|-damage|p2a: Tropius|0 fnt\n|faint|p2a: Tropius\n|\n|upkeep\n|inactive|Time left: 300 sec this turn | 300 sec total | 5 sec grace\n|\n|t:|1783547586\n|switch|p2a: Slaking|Slaking, L84, F|389/389\n|turn|9\n|inactive|Time left: 300 sec this turn | 300 sec total\n|\n|t:|1783547587\n|move|p1a: Zamazenta|Stone Edge|p2a: Slaking\n|-damage|p2a: Slaking|312/389\n|move|p2a: Slaking|Giga Impact|p1a: Zamazenta\n|-damage|p1a: Zamazenta|0 fnt\n|-mustrecharge|p2a: Slaking\n|faint|p1a: Zamazenta\n|\n|upkeep\n|\n|t:|1783547588\n|switch|p1a: Trevenant|Trevenant, L89, M|100/100\n|turn|10\n|inactive|Time left: 300 sec this turn | 300 sec total\n|\n|t:|1783547590\n|cant|p2a: Slaking|recharge\n|move|p1a: Trevenant|Drain Punch|p2a: Slaking\n|-supereffective|p2a: Slaking\n|-damage|p2a: Slaking|194/389\n|\n|upkeep\n|turn|11\n|inactive|Time left: 300 sec this turn | 300 sec total\n|\n|t:|1783547591\n|move|p2a: Slaking|Giga Impact|p1a: Trevenant\n|-immune|p1a: Trevenant\n|move|p1a: Trevenant|Poltergeist|p2a: Slaking\n|-immune|p2a: Slaking\n|\n|upkeep\n|turn|12\n|inactive|Time left: 300 sec this turn | 300 sec total\n|\n|t:|1783547592\n|cant|p2a: Slaking|ability: Truant\n|move|p1a: Trevenant|Toxic|p2a: Slaking|[miss]\n|-miss|p1a: Trevenant|p2a: Slaking\n|\n|upkeep\n|turn|13\n|inactive|Time left: 300 sec this turn | 300 sec total\n|\n|t:|1783547593\n|move|p2a: Slaking|Giga Impact|p1a: Trevenant\n|-immune|p1a: Trevenant\n|move|p1a: Trevenant|Poltergeist|p2a: Slaking\n|-immune|p2a: Slaking\n|\n|upkeep\n|turn|14\n|inactive|Time left: 300 sec this turn | 300 sec total\n|\n|t:|1783547594\n|switch|p2a: Porygon2|Porygon2, L81|270/270\n|-ability|p2a: Porygon2|Download|boost\n|-boost|p2a: Porygon2|atk|1\n|move|p1a: Trevenant|Drain Punch|p2a: Porygon2\n|-supereffective|p2a: Porygon2\n|-damage|p2a: Porygon2|172/270\n|\n|upkeep\n|turn|15\n|inactive|Time left: 300 sec this turn | 300 sec total\n|\n|t:|1783547595\n|move|p1a: Trevenant|Toxic|p2a: Porygon2|[miss]\n|-miss|p1a: Trevenant|p2a: Porygon2\n|move|p2a: Porygon2|Recover|p2a: Porygon2\n|-heal|p2a: Porygon2|270/270\n|\n|upkeep\n|turn|16\n|inactive|Time left: 300 sec this turn | 300 sec total\n|\n|t:|1783547597\n|move|p1a: Trevenant|Toxic|p2a: Porygon2\n|-status|p2a: Porygon2|tox\n|move|p2a: Porygon2|Ice Beam|p1a: Trevenant\n|-supereffective|p1a: Trevenant\n|-damage|p1a: Trevenant|57/100\n|\n|-damage|p2a: Porygon2|254/270 tox|[from] psn\n|upkeep\n|turn|17\n|inactive|Time left: 300 sec this turn | 300 sec total\n|\n|t:|1783547598\n|move|p1a: Trevenant|Drain Punch|p2a: Porygon2\n|-supereffective|p2a: Porygon2\n|-damage|p2a: Porygon2|164/270 tox\n|-heal|p1a: Trevenant|72/100|[from] drain|[of] p2a: Porygon2\n|move|p2a: Porygon2|Ice Beam|p1a: Trevenant\n|-supereffective|p1a: Trevenant\n|-damage|p1a: Trevenant|27/100\n|-enditem|p1a: Trevenant|Sitrus Berry|[eat]\n|-heal|p1a: Trevenant|52/100|[from] item: Sitrus Berry\n|\n|-damage|p2a: Porygon2|132/270 tox|[from] psn\n|upkeep\n|turn|18\n|inactive|Time left: 300 sec this turn | 300 sec total\n|\n|t:|1783547599\n|move|p1a: Trevenant|Drain Punch|p2a: Porygon2\n|-supereffective|p2a: Porygon2\n|-damage|p2a: Porygon2|50/270 tox\n|-heal|p1a: Trevenant|66/100|[from] drain|[of] p2a: Porygon2\n|move|p2a: Porygon2|Recover|p2a: Porygon2\n|-heal|p2a: Porygon2|185/270 tox\n|\n|-damage|p2a: Porygon2|137/270 tox|[from] psn\n|-item|p1a: Trevenant|Sitrus Berry|[from] ability: Harvest\n|upkeep\n|turn|19\n|inactive|Time left: 300 sec this turn | 300 sec total\n|\n|t:|1783547600\n|move|p1a: Trevenant|Drain Punch|p2a: Porygon2\n|-supereffective|p2a: Porygon2\n|-crit|p2a: Porygon2\n|-damage|p2a: Porygon2|3/270 tox\n|-heal|p1a: Trevenant|89/100|[from] drain|[of] p2a: Porygon2\n|move|p2a: Porygon2|Recover|p2a: Porygon2\n|-heal|p2a: Porygon2|138/270 tox\n|\n|-damage|p2a: Porygon2|74/270 tox|[from] psn\n|upkeep\n|turn|20\n|inactive|Time left: 300 sec this turn | 300 sec total\n|\n|t:|1783547601\n|move|p1a: Trevenant|Drain Punch|p2a: Porygon2\n|-supereffective|p2a: Porygon2\n|-damage|p2a: Porygon2|0 fnt\n|-heal|p1a: Trevenant|100/100|[from] drain|[of] p2a: Porygon2\n|faint|p2a: Porygon2\n|\n|upkeep\n|inactive|Time left: 300 sec this turn | 300 sec total | 5 sec grace\n|\n|t:|1783547602\n|switch|p2a: Slaking|Slaking, L84, F|194/389\n|turn|21\n|inactive|Time left: 300 sec this turn | 300 sec total\n|\n|t:|1783547603\n|move|p1a: Trevenant|Protect|p1a: Trevenant\n|-singleturn|p1a: Trevenant|Protect\n|move|p2a: Slaking|Knock Off|p1a: Trevenant\n|-activate|p1a: Trevenant|move: Protect\n|\n|upkeep\n|turn|22\n|inactive|Time left: 300 sec this turn | 300 sec total\n|\n|t:|1783547604\n|cant|p2a: Slaking|ability: Truant\n|move|p1a: Trevenant|Toxic|p2a: Slaking\n|-status|p2a: Slaking|tox\n|\n|-damage|p2a: Slaking|170/389 tox|[from] psn\n|upkeep\n|turn|23\n|inactive|Time left: 300 sec this turn | 300 sec total\n|\n|t:|1783547605\n|move|p1a: Trevenant|Protect|p1a: Trevenant\n|-singleturn|p1a: Trevenant|Protect\n|move|p2a: Slaking|Knock Off|p1a: Trevenant\n|-activate|p1a: Trevenant|move: Protect\n|\n|-damage|p2a: Slaking|122/389 tox|[from] psn\n|upkeep\n|turn|24\n|inactive|Time left: 300 sec this turn | 300 sec total\n|\n|t:|1783547606\n|cant|p2a: Slaking|ability: Truant\n|move|p1a: Trevenant|Drain Punch|p2a: Slaking\n|-supereffective|p2a: Slaking\n|-damage|p2a: Slaking|10/389 tox\n|\n|-damage|p2a: Slaking|0 fnt|[from] psn\n|faint|p2a: Slaking\n|upkeep\n|inactive|Time left: 300 sec this turn | 300 sec total | 5 sec grace\n|\n|t:|1783547606\n|switch|p2a: Zapdos|Zapdos-Galar, L77|265/265\n|turn|25\n|inactive|Time left: 300 sec this turn | 300 sec total\n|\n|t:|1783547607\n|move|p2a: Zapdos|Bulk Up|p2a: Zapdos\n|-boost|p2a: Zapdos|atk|1\n|-boost|p2a: Zapdos|def|1\n|move|p1a: Trevenant|Poltergeist|p2a: Zapdos\n|-activate|p2a: Zapdos|move: Poltergeist|Life Orb\n|-damage|p2a: Zapdos|166/265\n|\n|upkeep\n|turn|26\n|inactive|Time left: 300 sec this turn | 300 sec total\n|\n|t:|1783547609\n|move|p1a: Trevenant|Protect|p1a: Trevenant\n|-singleturn|p1a: Trevenant|Protect\n|move|p2a: Zapdos|Knock Off|p1a: Trevenant\n|-activate|p1a: Trevenant|move: Protect\n|\n|upkeep\n|turn|27\n|inactive|Time left: 300 sec this turn | 300 sec total\n|\n|t:|1783547609\n|switch|p1a: Shaymin|Shaymin, L82|100/100\n|move|p2a: Zapdos|Knock Off|p1a: Shaymin\n|-damage|p1a: Shaymin|60/100\n|-enditem|p1a: Shaymin|Leftovers|[from] move: Knock Off|[of] p2a: Zapdos\n|-damage|p2a: Zapdos|140/265|[from] item: Life Orb\n|\n|upkeep\n|turn|28\n|inactive|Time left: 300 sec this turn | 300 sec total\n|\n|t:|1783547610\n|move|p1a: Shaymin|Air Slash|p2a: Zapdos\n|-supereffective|p2a: Zapdos\n|-damage|p2a: Zapdos|30/265\n|move|p2a: Zapdos|Close Combat|p1a: Shaymin\n|-damage|p1a: Shaymin|0 fnt\n|-unboost|p2a: Zapdos|def|1\n|-unboost|p2a: Zapdos|spd|1\n|faint|p1a: Shaymin\n|-damage|p2a: Zapdos|4/265|[from] item: Life Orb\n|\n|upkeep\n|\n|t:|1783547611\n|switch|p1a: Cyclizar|Cyclizar, L84, F|100/100\n|turn|29\n|inactive|Time left: 300 sec this turn | 300 sec total\n|\n|t:|1783547612\n|switch|p2a: Forretress|Forretress, L84, M|263/263\n|move|p1a: Cyclizar|Shed Tail|p1a: Cyclizar\n|-start|p1a: Cyclizar|Substitute|[from] move: Shed Tail\n|-damage|p1a: Cyclizar|50/100\n|\n|t:|1783547613\n|switch|p1a: Trevenant|Trevenant, L89, M|100/100|[from] Shed Tail\n|\n|upkeep\n|turn|30\n|inactive|Time left: 300 sec this turn | 300 sec total\n|\n|t:|1783547614\n|move|p1a: Trevenant|Poltergeist|p2a: Forretress\n|-activate|p2a: Forretress|move: Poltergeist|Leftovers\n|-damage|p2a: Forretress|158/263\n|move|p2a: Forretress|Iron Head|p1a: Trevenant\n|-end|p1a: Trevenant|Substitute\n|\n|-heal|p2a: Forretress|174/263|[from] item: Leftovers\n|upkeep\n|turn|31\n|inactive|Time left: 300 sec this turn | 300 sec total\n|\n|t:|1783547615\n|move|p1a: Trevenant|Poltergeist|p2a: Forretress\n|-activate|p2a: Forretress|move: Poltergeist|Leftovers\n|-damage|p2a: Forretress|78/263\n|move|p2a: Forretress|Thunder Wave|p1a: Trevenant\n|-status|p1a: Trevenant|par\n|\n|-heal|p2a: Forretress|94/263|[from] item: Leftovers\n|upkeep\n|turn|32\n|inactive|Time left: 300 sec this turn | 300 sec total\n|\n|t:|1783547616\n|move|p2a: Forretress|Iron Head|p1a: Trevenant\n|-damage|p1a: Trevenant|70/100 par\n|cant|p1a: Trevenant|par\n|\n|-heal|p2a: Forretress|110/263|[from] item: Leftovers\n|upkeep\n|turn|33\n|inactive|Time left: 300 sec this turn | 300 sec total\n|\n|t:|1783547617\n|move|p2a: Forretress|Iron Head|p1a: Trevenant\n|-damage|p1a: Trevenant|41/100 par\n|-enditem|p1a: Trevenant|Sitrus Berry|[eat]\n|-heal|p1a: Trevenant|66/100 par|[from] item: Sitrus Berry\n|cant|p1a: Trevenant|flinch\n|\n|-heal|p2a: Forretress|126/263|[from] item: Leftovers\n|upkeep\n|turn|34\n|inactive|Time left: 300 sec this turn | 300 sec total\n|\n|t:|1783547618\n|move|p2a: Forretress|Iron Head|p1a: Trevenant\n|-damage|p1a: Trevenant|37/100 par\n|cant|p1a: Trevenant|par\n|\n|-heal|p2a: Forretress|142/263|[from] item: Leftovers\n|upkeep\n|turn|35\n|inactive|Time left: 300 sec this turn | 300 sec total\n|\n|t:|1783547620\n|move|p2a: Forretress|Iron Head|p1a: Trevenant\n|-damage|p1a: Trevenant|8/100 par\n|cant|p1a: Trevenant|par\n|\n|-heal|p2a: Forretress|158/263|[from] item: Leftovers\n|upkeep\n|turn|36\n|inactive|Time left: 300 sec this turn | 300 sec total\n|\n|t:|1783547621\n|cant|p1a: Trevenant|par\n|move|p2a: Forretress|Iron Head|p1a: Trevenant\n|-crit|p1a: Trevenant\n|-damage|p1a: Trevenant|0 fnt\n|faint|p1a: Trevenant\n|\n|-heal|p2a: Forretress|174/263|[from] item: Leftovers\n|upkeep\n|\n|t:|1783547622\n|switch|p1a: Cyclizar|Cyclizar, L84, F|84/100\n|turn|37\n|inactive|Time left: 300 sec this turn | 300 sec total\n|\n|t:|1783547623\n|move|p1a: Cyclizar|Rapid Spin|p2a: Forretress\n|-resisted|p2a: Forretress\n|-damage|p2a: Forretress|155/263\n|-boost|p1a: Cyclizar|spe|1\n|move|p2a: Forretress|Iron Head|p1a: Cyclizar\n|-damage|p1a: Cyclizar|45/100\n|\n|-heal|p2a: Forretress|171/263|[from] item: Leftovers\n|upkeep\n|turn|38\n|inactive|Time left: 300 sec this turn | 300 sec total\n|\n|t:|1783547624\n|-terastallize|p1a: Cyclizar|Ghost\n|move|p1a: Cyclizar|Rapid Spin|p2a: Forretress\n|-resisted|p2a: Forretress\n|-damage|p2a: Forretress|154/263\n|-boost|p1a: Cyclizar|spe|1\n|move|p2a: Forretress|Iron Head|p1a: Cyclizar\n|-damage|p1a: Cyclizar|7/100\n|\n|-heal|p2a: Forretress|170/263|[from] item: Leftovers\n|upkeep\n|turn|39\n|inactive|Time left: 300 sec this turn | 300 sec total\n|\n|t:|1783547625\n|-terastallize|p2a: Forretress|Water\n|move|p1a: Cyclizar|Draco Meteor|p2a: Forretress\n|-damage|p2a: Forretress|19/263\n|-unboost|p1a: Cyclizar|spa|2\n|move|p2a: Forretress|Iron Head|p1a: Cyclizar\n|-damage|p1a: Cyclizar|0 fnt\n|faint|p1a: Cyclizar\n|\n|win|p0y729da36", "uploadtime": 1783547625, "views": 0, "rating": 0, "private": 0, "password": null, "_winner": "p0y729da36", "_our_name": "p0y729da36"}