{"id": "battle-gen9randombattle-2835", "formatid": "gen9randombattle", "format": "[Gen 9] Random Battle", "players": ["p0x2835b81b", "p0y2835769b"], "log": "|init|battle\n|title|p0x2835b81b vs. p0y2835769b\n|j|\u2606p0x2835b81b\n|j|\u2606p0y2835769b\n|t:|1783571695\n|gametype|singles\n|player|p1|p0x2835b81b|170|\n|player|p2|p0y2835769b|169|\n|gen|9\n|tier|[Gen 9] Random Battle\n|rule|Species Clause: Limit one of each Pok\u00e9mon\n|rule|HP Percentage Mod: HP is shown in percentages\n|rule|Sleep Clause Mod: Limit one foe put to sleep\n|rule|Illusion Level Mod: Illusion disguises the Pok\u00e9mon's true level\n|\n|t:|1783571695\n|teamsize|p1|6\n|teamsize|p2|6\n|start\n|switch|p1a: Feraligatr|Feraligatr, L79, F|100/100\n|switch|p2a: Reshiram|Reshiram, L76|277/277\n|-ability|p2a: Reshiram|Turboblaze\n|turn|1\n|inactive|Battle timer is ON: inactive players will automatically lose when time's up. (requested by p0y2835769b)\n|inactive|p0x2835b81b also wants the timer to be on.\n|\n|t:|1783571697\n|move|p2a: Reshiram|Blue Flare|p1a: Feraligatr|[miss]\n|-miss|p2a: Reshiram|p1a: Feraligatr\n|move|p1a: Feraligatr|Liquidation|p2a: Reshiram\n|-damage|p2a: Reshiram|137/277\n|\n|upkeep\n|turn|2\n|inactive|Time left: 300 sec this turn | 300 sec total\n|\n|t:|1783571698\n|move|p2a: Reshiram|Blue Flare|p1a: Feraligatr\n|-resisted|p1a: Feraligatr\n|-damage|p1a: Feraligatr|69/100\n|move|p1a: Feraligatr|Dragon Dance|p1a: Feraligatr\n|-boost|p1a: Feraligatr|atk|1\n|-boost|p1a: Feraligatr|spe|1\n|\n|upkeep\n|turn|3\n|inactive|Time left: 300 sec this turn | 300 sec total\n|\n|t:|1783571699\n|switch|p2a: Crawdaunt|Crawdaunt, L84, M|243/243\n|move|p1a: Feraligatr|Liquidation|p2a: Crawdaunt\n|-resisted|p2a: Crawdaunt\n|-damage|p2a: Crawdaunt|127/243\n|\n|upkeep\n|turn|4\n|inactive|Time left: 300 sec this turn | 300 sec total\n|\n|t:|1783571700\n|move|p1a: Feraligatr|Liquidation|p2a: Crawdaunt\n|-resisted|p2a: Crawdaunt\n|-damage|p2a: Crawdaunt|10/243\n|move|p2a: Crawdaunt|Knock Off|p1a: Feraligatr\n|-damage|p1a: Feraligatr|0 fnt\n|-enditem|p1a: Feraligatr|Life Orb|[from] move: Knock Off|[of] p2a: Crawdaunt\n|faint|p1a: Feraligatr\n|\n|upkeep\n|\n|t:|1783571701\n|switch|p1a: Staraptor|Staraptor, L79, F|100/100\n|turn|5\n|inactive|Time left: 300 sec this turn | 300 sec total\n|\n|t:|1783571702\n|move|p1a: Staraptor|Brave Bird|p2a: Crawdaunt\n|-damage|p2a: Crawdaunt|0 fnt\n|faint|p2a: Crawdaunt\n|-damage|p1a: Staraptor|99/100|[from] Recoil\n|\n|upkeep\n|inactive|Time left: 300 sec this turn | 300 sec total | 5 sec grace\n|\n|t:|1783571703\n|switch|p2a: Slowbro|Slowbro-Galar, L87, M|307/307\n|turn|6\n|inactive|Time left: 300 sec this turn | 300 sec total\n|\n|t:|1783571704\n|move|p1a: Staraptor|Brave Bird|p2a: Slowbro\n|-damage|p2a: Slowbro|82/307\n|-damage|p1a: Staraptor|71/100|[from] Recoil\n|move|p2a: Slowbro|Shell Side Arm|p1a: Staraptor|[anim] Shell Side Arm Special\n|-damage|p1a: Staraptor|16/100\n|-hint|Special Shell Side Arm\n|\n|upkeep\n|turn|7\n|inactive|Time left: 300 sec this turn | 300 sec total\n|\n|t:|1783571705\n|switch|p2a: Reshiram|Reshiram, L76|137/277\n|-ability|p2a: Reshiram|Turboblaze\n|move|p1a: Staraptor|Brave Bird|p2a: Reshiram\n|-damage|p2a: Reshiram|0 fnt\n|faint|p2a: Reshiram\n|-damage|p1a: Staraptor|0 fnt|[from] Recoil\n|faint|p1a: Staraptor\n|\n|upkeep\n|inactive|Time left: 300 sec this turn | 300 sec total | 5 sec grace\n|\n|t:|1783571706\n|switch|p1a: Rhydon|Rhydon, L85, F|100/100\n|switch|p2a: Slowbro|Slowbro-Galar, L87, M|184/307\n|turn|8\n|inactive|Time left: 300 sec this turn | 300 sec total\n|\n|t:|1783571707\n|switch|p2a: Mimikyu|Mimikyu, L79, M|216/216\n|move|p1a: Rhydon|Earthquake|p2a: Mimikyu\n|-activate|p2a: Mimikyu|ability: Disguise\n|-damage|p2a: Mimikyu|216/216\n|detailschange|p2a: Mimikyu|Mimikyu-Busted, L79, M\n|-damage|p2a: Mimikyu|189/216|[from] pokemon: Mimikyu-Busted\n|\n|upkeep\n|turn|9\n|inactive|Time left: 300 sec this turn | 300 sec total\n|\n|t:|1783571708\n|move|p2a: Mimikyu|Swords Dance|p2a: Mimikyu\n|-boost|p2a: Mimikyu|atk|2\n|move|p1a: Rhydon|Earthquake|p2a: Mimikyu\n|-damage|p2a: Mimikyu|42/216\n|\n|upkeep\n|turn|10\n|inactive|Time left: 300 sec this turn | 300 sec total\n|\n|t:|1783571709\n|move|p2a: Mimikyu|Play Rough|p1a: Rhydon\n|-damage|p1a: Rhydon|69/100\n|-damage|p2a: Mimikyu|21/216|[from] item: Life Orb\n|move|p1a: Rhydon|Earthquake|p2a: Mimikyu\n|-damage|p2a: Mimikyu|0 fnt\n|faint|p2a: Mimikyu\n|\n|upkeep\n|inactive|Time left: 300 sec this turn | 300 sec total | 5 sec grace\n|\n|t:|1783571710\n|switch|p2a: Ursaring|Ursaring, L84, F|288/288\n|turn|11\n|inactive|Time left: 300 sec this turn | 300 sec total\n|\n|t:|1783571711\n|move|p2a: Ursaring|Swords Dance|p2a: Ursaring\n|-boost|p2a: Ursaring|atk|2\n|move|p1a: Rhydon|Earthquake|p2a: Ursaring\n|-damage|p2a: Ursaring|143/288\n|\n|-status|p2a: Ursaring|tox|[from] item: Toxic Orb\n|upkeep\n|turn|12\n|inactive|Time left: 300 sec this turn | 300 sec total\n|\n|t:|1783571712\n|move|p2a: Ursaring|Close Combat|p1a: Rhydon\n|-supereffective|p1a: Rhydon\n|-damage|p1a: Rhydon|0 fnt\n|-unboost|p2a: Ursaring|def|1\n|-unboost|p2a: Ursaring|spd|1\n|faint|p1a: Rhydon\n|\n|-damage|p2a: Ursaring|125/288 tox|[from] psn\n|upkeep\n|\n|t:|1783571713\n|switch|p1a: Electrode|Electrode, L92|100/100\n|turn|13\n|inactive|Time left: 300 sec this turn | 300 sec total\n|\n|t:|1783571714\n|switch|p2a: Slowbro|Slowbro-Galar, L87, M|286/307\n|move|p1a: Electrode|Foul Play|p2a: Slowbro\n|-supereffective|p2a: Slowbro\n|-damage|p2a: Slowbro|152/307\n|\n|upkeep\n|turn|14\n|inactive|Time left: 300 sec this turn | 300 sec total\n|\n|t:|1783571715\n|-terastallize|p2a: Slowbro|Ground\n|move|p1a: Electrode|Volt Switch|p2a: Slowbro\n|-immune|p2a: Slowbro\n|move|p2a: Slowbro|Earthquake|p1a: Electrode\n|-supereffective|p1a: Electrode\n|-damage|p1a: Electrode|10/100\n|\n|upkeep\n|turn|15\n|inactive|Time left: 300 sec this turn | 300 sec total\n|\n|t:|1783571716\n|move|p1a: Electrode|Foul Play|p2a: Slowbro\n|-damage|p2a: Slowbro|85/307\n|move|p2a: Slowbro|Shell Side Arm|p1a: Electrode|[anim] Shell Side Arm Physical\n|-damage|p1a: Electrode|0 fnt\n|-hint|Physical Shell Side Arm\n|faint|p1a: Electrode\n|\n|upkeep\n|\n|t:|1783571717\n|switch|p1a: Overqwil|Overqwil, L82, M|100/100\n|-ability|p1a: Overqwil|Intimidate|boost\n|-unboost|p2a: Slowbro|atk|1\n|turn|16\n|inactive|Time left: 300 sec this turn | 300 sec total\n|\n|t:|1783571718\n|switch|p2a: Urshifu|Urshifu, L74, M|270/270\n|move|p1a: Overqwil|Swords Dance|p1a: Overqwil\n|-boost|p1a: Overqwil|atk|2\n|\n|upkeep\n|turn|17\n|inactive|Time left: 300 sec this turn | 300 sec total\n|\n|t:|1783571719\n|move|p2a: Urshifu|Close Combat|p1a: Overqwil\n|-damage|p1a: Overqwil|46/100\n|-unboost|p2a: Urshifu|def|1\n|-unboost|p2a: Urshifu|spd|1\n|-damage|p2a: Urshifu|243/270|[from] item: Life Orb\n|move|p1a: Overqwil|Gunk Shot|p2a: Urshifu\n|-damage|p2a: Urshifu|0 fnt\n|faint|p2a: Urshifu\n|-damage|p1a: Overqwil|36/100|[from] item: Life Orb\n|\n|upkeep\n|inactive|Time left: 300 sec this turn | 300 sec total | 5 sec grace\n|\n|t:|1783571720\n|switch|p2a: Ursaring|Ursaring, L84, F|125/288 tox\n|turn|18\n|inactive|Time left: 300 sec this turn | 300 sec total\n|\n|t:|1783571721\n|-terastallize|p1a: Overqwil|Water\n|move|p2a: Ursaring|Facade|p1a: Overqwil\n|-damage|p1a: Overqwil|0 fnt\n|faint|p1a: Overqwil\n|\n|-damage|p2a: Ursaring|107/288 tox|[from] psn\n|upkeep\n|\n|t:|1783571722\n|switch|p1a: Garchomp|Garchomp, L74, F|100/100\n|turn|19\n|inactive|Time left: 300 sec this turn | 300 sec total\n|\n|t:|1783571723\n|move|p2a: Ursaring|Facade|p1a: Garchomp\n|-damage|p1a: Garchomp|25/100\n|-damage|p2a: Ursaring|71/288 tox|[from] ability: Rough Skin|[of] p1a: Garchomp\n|move|p1a: Garchomp|Scale Shot|p2a: Ursaring\n|-damage|p2a: Ursaring|40/288 tox\n|-damage|p2a: Ursaring|10/288 tox\n|-damage|p2a: Ursaring|0 fnt\n|faint|p2a: Ursaring\n|-hitcount|p2: Ursaring|3\n|-unboost|p1a: Garchomp|def|1\n|-boost|p1a: Garchomp|spe|1\n|\n|upkeep\n|inactive|Time left: 300 sec this turn | 300 sec total | 5 sec grace\n|\n|t:|1783571724\n|switch|p2a: Slowbro|Slowbro-Galar, L87, M, tera:Ground|187/307\n|turn|20\n|inactive|Time left: 300 sec this turn | 300 sec total\n|\n|t:|1783571724\n|move|p1a: Garchomp|Fire Fang|p2a: Slowbro\n|-damage|p2a: Slowbro|141/307\n|move|p2a: Slowbro|Earthquake|p1a: Garchomp\n|-damage|p1a: Garchomp|0 fnt\n|faint|p1a: Garchomp\n|\n|win|p0y2835769b", "uploadtime": 1783571724, "views": 0, "rating": 0, "private": 0, "password": null, "_winner": "p0y2835769b", "_our_name": "p0y2835769b"}