{"id": "battle-gen9randombattle-419", "formatid": "gen9randombattle", "format": "[Gen 9] Random Battle", "players": ["p0x419fa2e", "p0y4194fc5"], "log": "|init|battle\n|title|p0x419fa2e vs. p0y4194fc5\n|j|\u2606p0x419fa2e\n|j|\u2606p0y4194fc5\n|t:|1783543902\n|gametype|singles\n|player|p1|p0x419fa2e|2|\n|player|p2|p0y4194fc5|1|\n|gen|9\n|tier|[Gen 9] Random Battle\n|rule|Species Clause: Limit one of each Pok\u00e9mon\n|rule|HP Percentage Mod: HP is shown in percentages\n|rule|Sleep Clause Mod: Limit one foe put to sleep\n|rule|Illusion Level Mod: Illusion disguises the Pok\u00e9mon's true level\n|\n|t:|1783543902\n|teamsize|p1|6\n|teamsize|p2|6\n|start\n|switch|p1a: Mandibuzz|Mandibuzz, L85, F|100/100\n|switch|p2a: Iron Treads|Iron Treads, L77|265/265\n|turn|1\n|inactive|Battle timer is ON: inactive players will automatically lose when time's up. (requested by p0y4194fc5)\n|inactive|p0x419fa2e also wants the timer to be on.\n|\n|t:|1783543903\n|-end|p2a: Iron Treads|Quark Drive|[silent]\n|switch|p2a: Conkeldurr|Conkeldurr, L80, F|299/299\n|move|p1a: Mandibuzz|Knock Off|p2a: Conkeldurr\n|-resisted|p2a: Conkeldurr\n|-damage|p2a: Conkeldurr|256/299\n|-enditem|p2a: Conkeldurr|Flame Orb|[from] move: Knock Off|[of] p1a: Mandibuzz\n|\n|upkeep\n|turn|2\n|inactive|Time left: 300 sec this turn | 300 sec total\n|\n|t:|1783543905\n|move|p1a: Mandibuzz|Brave Bird|p2a: Conkeldurr\n|-supereffective|p2a: Conkeldurr\n|-damage|p2a: Conkeldurr|68/299\n|-damage|p1a: Mandibuzz|81/100|[from] Recoil\n|move|p2a: Conkeldurr|Knock Off|p1a: Mandibuzz\n|-resisted|p1a: Mandibuzz\n|-damage|p1a: Mandibuzz|71/100\n|-enditem|p1a: Mandibuzz|Heavy-Duty Boots|[from] move: Knock Off|[of] p2a: Conkeldurr\n|\n|upkeep\n|turn|3\n|inactive|Time left: 300 sec this turn | 300 sec total\n|\n|t:|1783543906\n|move|p1a: Mandibuzz|Brave Bird|p2a: Conkeldurr\n|-supereffective|p2a: Conkeldurr\n|-damage|p2a: Conkeldurr|0 fnt\n|faint|p2a: Conkeldurr\n|-damage|p1a: Mandibuzz|64/100|[from] Recoil\n|\n|upkeep\n|inactive|Time left: 300 sec this turn | 300 sec total | 5 sec grace\n|\n|t:|1783543907\n|switch|p2a: Eternatus|Eternatus, L69|308/308\n|-ability|p2a: Eternatus|Pressure\n|turn|4\n|inactive|Time left: 300 sec this turn | 300 sec total\n|\n|t:|1783543908\n|move|p2a: Eternatus|Toxic Spikes|p1a: Mandibuzz\n|-sidestart|p1: p0x419fa2e|move: Toxic Spikes\n|move|p1a: Mandibuzz|Roost|p1a: Mandibuzz\n|-heal|p1a: Mandibuzz|100/100\n|-singleturn|p1a: Mandibuzz|move: Roost\n|\n|upkeep\n|turn|5\n|inactive|Time left: 300 sec this turn | 300 sec total\n|\n|t:|1783543909\n|move|p2a: Eternatus|Flamethrower|p1a: Mandibuzz\n|-damage|p1a: Mandibuzz|84/100\n|move|p1a: Mandibuzz|Knock Off|p2a: Eternatus\n|-damage|p2a: Eternatus|218/308\n|-damage|p1a: Mandibuzz|67/100|[from] item: Rocky Helmet|[of] p2a: Eternatus\n|-enditem|p2a: Eternatus|Rocky Helmet|[from] move: Knock Off|[of] p1a: Mandibuzz\n|\n|upkeep\n|turn|6\n|inactive|Time left: 300 sec this turn | 300 sec total\n|\n|t:|1783543910\n|move|p2a: Eternatus|Dynamax Cannon|p1a: Mandibuzz\n|-damage|p1a: Mandibuzz|40/100\n|move|p1a: Mandibuzz|Roost|p1a: Mandibuzz\n|-heal|p1a: Mandibuzz|90/100\n|-singleturn|p1a: Mandibuzz|move: Roost\n|\n|upkeep\n|turn|7\n|inactive|Time left: 300 sec this turn | 300 sec total\n|\n|t:|1783543911\n|move|p2a: Eternatus|Flamethrower|p1a: Mandibuzz\n|-damage|p1a: Mandibuzz|74/100\n|move|p1a: Mandibuzz|Knock Off|p2a: Eternatus\n|-damage|p2a: Eternatus|155/308\n|\n|upkeep\n|turn|8\n|inactive|Time left: 300 sec this turn | 300 sec total\n|\n|t:|1783543912\n|move|p2a: Eternatus|Recover|p2a: Eternatus\n|-heal|p2a: Eternatus|308/308\n|move|p1a: Mandibuzz|Roost|p1a: Mandibuzz\n|-heal|p1a: Mandibuzz|100/100\n|-singleturn|p1a: Mandibuzz|move: Roost\n|\n|upkeep\n|turn|9\n|inactive|Time left: 300 sec this turn | 300 sec total\n|\n|t:|1783543913\n|move|p2a: Eternatus|Flamethrower|p1a: Mandibuzz\n|-damage|p1a: Mandibuzz|85/100\n|move|p1a: Mandibuzz|Brave Bird|p2a: Eternatus\n|-damage|p2a: Eternatus|193/308\n|-damage|p1a: Mandibuzz|73/100|[from] Recoil\n|\n|upkeep\n|turn|10\n|inactive|Time left: 300 sec this turn | 300 sec total\n|\n|t:|1783543914\n|move|p2a: Eternatus|Recover|p2a: Eternatus\n|-heal|p2a: Eternatus|308/308\n|move|p1a: Mandibuzz|Roost|p1a: Mandibuzz\n|-heal|p1a: Mandibuzz|100/100\n|-singleturn|p1a: Mandibuzz|move: Roost\n|\n|upkeep\n|turn|11\n|inactive|Time left: 300 sec this turn | 300 sec total\n|\n|t:|1783543915\n|move|p2a: Eternatus|Dynamax Cannon|p1a: Mandibuzz\n|-damage|p1a: Mandibuzz|72/100\n|move|p1a: Mandibuzz|Defog|p2a: Eternatus\n|-unboost|p2a: Eternatus|evasion|1\n|-sideend|p1: p0x419fa2e|Toxic Spikes|[from] move: Defog|[of] p1a: Mandibuzz\n|\n|upkeep\n|turn|12\n|inactive|Time left: 300 sec this turn | 300 sec total\n|\n|t:|1783543916\n|move|p2a: Eternatus|Dynamax Cannon|p1a: Mandibuzz\n|-damage|p1a: Mandibuzz|43/100\n|move|p1a: Mandibuzz|Roost|p1a: Mandibuzz\n|-heal|p1a: Mandibuzz|93/100\n|-singleturn|p1a: Mandibuzz|move: Roost\n|\n|upkeep\n|turn|13\n|inactive|Time left: 300 sec this turn | 300 sec total\n|\n|t:|1783543917\n|move|p2a: Eternatus|Toxic Spikes|p1a: Mandibuzz\n|-sidestart|p1: p0x419fa2e|move: Toxic Spikes\n|move|p1a: Mandibuzz|Brave Bird|p2a: Eternatus\n|-damage|p2a: Eternatus|197/308\n|-damage|p1a: Mandibuzz|81/100|[from] Recoil\n|\n|upkeep\n|turn|14\n|inactive|Time left: 300 sec this turn | 300 sec total\n|\n|t:|1783543918\n|move|p2a: Eternatus|Dynamax Cannon|p1a: Mandibuzz\n|-damage|p1a: Mandibuzz|50/100\n|move|p1a: Mandibuzz|Defog|p2a: Eternatus\n|-unboost|p2a: Eternatus|evasion|1\n|-sideend|p1: p0x419fa2e|Toxic Spikes|[from] move: Defog|[of] p1a: Mandibuzz\n|\n|upkeep\n|turn|15\n|inactive|Time left: 300 sec this turn | 300 sec total\n|\n|t:|1783543919\n|move|p2a: Eternatus|Toxic Spikes|p1a: Mandibuzz\n|-sidestart|p1: p0x419fa2e|move: Toxic Spikes\n|move|p1a: Mandibuzz|Roost|p1a: Mandibuzz\n|-heal|p1a: Mandibuzz|99/100\n|-singleturn|p1a: Mandibuzz|move: Roost\n|\n|upkeep\n|turn|16\n|inactive|Time left: 300 sec this turn | 300 sec total\n|\n|t:|1783543920\n|move|p2a: Eternatus|Flamethrower|p1a: Mandibuzz\n|-damage|p1a: Mandibuzz|82/100\n|move|p1a: Mandibuzz|Defog|p2a: Eternatus\n|-unboost|p2a: Eternatus|evasion|1\n|-sideend|p1: p0x419fa2e|Toxic Spikes|[from] move: Defog|[of] p1a: Mandibuzz\n|\n|upkeep\n|turn|17\n|inactive|Time left: 300 sec this turn | 300 sec total\n|\n|t:|1783543922\n|move|p2a: Eternatus|Toxic Spikes|p1a: Mandibuzz\n|-sidestart|p1: p0x419fa2e|move: Toxic Spikes\n|move|p1a: Mandibuzz|Brave Bird|p2a: Eternatus\n|-damage|p2a: Eternatus|74/308\n|-damage|p1a: Mandibuzz|70/100|[from] Recoil\n|\n|upkeep\n|turn|18\n|inactive|Time left: 300 sec this turn | 300 sec total\n|\n|t:|1783543923\n|move|p2a: Eternatus|Recover|p2a: Eternatus\n|-heal|p2a: Eternatus|228/308\n|move|p1a: Mandibuzz|Brave Bird|p2a: Eternatus\n|-damage|p2a: Eternatus|108/308\n|-damage|p1a: Mandibuzz|57/100|[from] Recoil\n|\n|upkeep\n|turn|19\n|inactive|Time left: 300 sec this turn | 300 sec total\n|\n|t:|1783543924\n|move|p2a: Eternatus|Recover|p2a: Eternatus\n|-heal|p2a: Eternatus|262/308\n|move|p1a: Mandibuzz|Roost|p1a: Mandibuzz\n|-heal|p1a: Mandibuzz|100/100\n|-singleturn|p1a: Mandibuzz|move: Roost\n|\n|upkeep\n|turn|20\n|inactive|Time left: 300 sec this turn | 300 sec total\n|\n|t:|1783543925\n|move|p2a: Eternatus|Dynamax Cannon|p1a: Mandibuzz\n|-damage|p1a: Mandibuzz|74/100\n|move|p1a: Mandibuzz|Knock Off|p2a: Eternatus\n|-damage|p2a: Eternatus|196/308\n|\n|upkeep\n|turn|21\n|inactive|Time left: 300 sec this turn | 300 sec total\n|\n|t:|1783543926\n|move|p2a: Eternatus|Recover|p2a: Eternatus\n|-heal|p2a: Eternatus|308/308\n|move|p1a: Mandibuzz|Knock Off|p2a: Eternatus\n|-damage|p2a: Eternatus|241/308\n|\n|upkeep\n|turn|22\n|inactive|Time left: 300 sec this turn | 300 sec total\n|\n|t:|1783543927\n|move|p2a: Eternatus|Dynamax Cannon|p1a: Mandibuzz\n|-crit|p1a: Mandibuzz\n|-damage|p1a: Mandibuzz|30/100\n|move|p1a: Mandibuzz|Defog|p2a: Eternatus\n|-unboost|p2a: Eternatus|evasion|1\n|-sideend|p1: p0x419fa2e|Toxic Spikes|[from] move: Defog|[of] p1a: Mandibuzz\n|\n|upkeep\n|turn|23\n|inactive|Time left: 300 sec this turn | 300 sec total\n|\n|t:|1783543928\n|move|p2a: Eternatus|Toxic Spikes|p1a: Mandibuzz\n|-sidestart|p1: p0x419fa2e|move: Toxic Spikes\n|move|p1a: Mandibuzz|Roost|p1a: Mandibuzz\n|-heal|p1a: Mandibuzz|80/100\n|-singleturn|p1a: Mandibuzz|move: Roost\n|\n|upkeep\n|turn|24\n|inactive|Time left: 300 sec this turn | 300 sec total\n|\n|t:|1783543929\n|move|p2a: Eternatus|Dynamax Cannon|p1a: Mandibuzz\n|-damage|p1a: Mandibuzz|51/100\n|move|p1a: Mandibuzz|Defog|p2a: Eternatus\n|-unboost|p2a: Eternatus|evasion|1\n|-sideend|p1: p0x419fa2e|Toxic Spikes|[from] move: Defog|[of] p1a: Mandibuzz\n|\n|upkeep\n|turn|25\n|inactive|Time left: 300 sec this turn | 300 sec total\n|\n|t:|1783543930\n|switch|p1a: Ho-Oh|Ho-Oh, L71|100/100\n|move|p2a: Eternatus|Flamethrower|p1a: Ho-Oh\n|-resisted|p1a: Ho-Oh\n|-damage|p1a: Ho-Oh|92/100\n|\n|upkeep\n|turn|26\n|inactive|Time left: 300 sec this turn | 300 sec total\n|\n|t:|1783543931\n|move|p2a: Eternatus|Recover|p2a: Eternatus\n|-heal|p2a: Eternatus|308/308\n|move|p1a: Ho-Oh|Brave Bird|p2a: Eternatus\n|-damage|p2a: Eternatus|182/308\n|-damage|p1a: Ho-Oh|76/100|[from] Recoil\n|\n|upkeep\n|turn|27\n|inactive|Time left: 300 sec this turn | 300 sec total\n|\n|t:|1783543932\n|move|p2a: Eternatus|Recover|p2a: Eternatus\n|-heal|p2a: Eternatus|308/308\n|move|p1a: Ho-Oh|Earthquake|p2a: Eternatus\n|-supereffective|p2a: Eternatus\n|-damage|p2a: Eternatus|166/308\n|\n|upkeep\n|turn|28\n|inactive|Time left: 300 sec this turn | 300 sec total\n|\n|t:|1783543933\n|move|p2a: Eternatus|Recover|p2a: Eternatus\n|-heal|p2a: Eternatus|308/308\n|move|p1a: Ho-Oh|Brave Bird|p2a: Eternatus\n|-damage|p2a: Eternatus|173/308\n|-damage|p1a: Ho-Oh|59/100|[from] Recoil\n|\n|upkeep\n|turn|29\n|inactive|Time left: 300 sec this turn | 300 sec total\n|\n|t:|1783543934\n|move|p2a: Eternatus|Dynamax Cannon|p1a: Ho-Oh\n|-damage|p1a: Ho-Oh|29/100\n|move|p1a: Ho-Oh|Earthquake|p2a: Eternatus\n|-supereffective|p2a: Eternatus\n|-damage|p2a: Eternatus|21/308\n|\n|upkeep\n|turn|30\n|inactive|Time left: 300 sec this turn | 300 sec total\n|\n|t:|1783543935\n|move|p2a: Eternatus|Toxic Spikes|p1a: Ho-Oh\n|-sidestart|p1: p0x419fa2e|move: Toxic Spikes\n|move|p1a: Ho-Oh|Recover|p1a: Ho-Oh\n|-heal|p1a: Ho-Oh|79/100\n|\n|upkeep\n|turn|31\n|inactive|Time left: 300 sec this turn | 300 sec total\n|\n|t:|1783543937\n|move|p2a: Eternatus|Toxic Spikes|p1a: Ho-Oh\n|-sidestart|p1: p0x419fa2e|move: Toxic Spikes\n|move|p1a: Ho-Oh|Brave Bird|p2a: Eternatus\n|-damage|p2a: Eternatus|0 fnt\n|faint|p2a: Eternatus\n|-damage|p1a: Ho-Oh|77/100|[from] Recoil\n|\n|upkeep\n|inactive|Time left: 300 sec this turn | 300 sec total | 5 sec grace\n|\n|t:|1783543938\n|switch|p2a: Iron Treads|Iron Treads, L77|219/219\n|turn|32\n|inactive|Time left: 300 sec this turn | 300 sec total\n|\n|t:|1783543939\n|move|p2a: Iron Treads|Nasty Plot|p2a: Iron Treads\n|-boost|p2a: Iron Treads|spa|2\n|move|p1a: Ho-Oh|Sacred Fire|p2a: Iron Treads\n|-damage|p2a: Iron Treads|84/219\n|-status|p2a: Iron Treads|brn\n|replace|p2a: Zoroark|Zoroark-Hisui, L80, M\n|-end|p2a: Zoroark|Illusion\n|-hint|Illusion Level Mod is active, so this Pok\u00e9mon's true level was hidden.\n|\n|-damage|p2a: Zoroark|71/219 brn|[from] brn\n|upkeep\n|turn|33\n|inactive|Time left: 300 sec this turn | 300 sec total\n|\n|t:|1783543940\n|move|p2a: Zoroark|Hyper Voice|p1a: Ho-Oh\n|-damage|p1a: Ho-Oh|0 fnt\n|faint|p1a: Ho-Oh\n|-damage|p2a: Zoroark|50/219 brn|[from] item: Life Orb\n|\n|-damage|p2a: Zoroark|37/219 brn|[from] brn\n|upkeep\n|\n|t:|1783543941\n|switch|p1a: Grumpig|Grumpig, L92, F|100/100\n|-status|p1a: Grumpig|tox\n|turn|34\n|inactive|Time left: 300 sec this turn | 300 sec total\n|\n|t:|1783543942\n|move|p1a: Grumpig|Psychic|p2a: Zoroark\n|-damage|p2a: Zoroark|0 fnt\n|faint|p2a: Zoroark\n|\n|-damage|p1a: Grumpig|94/100 tox|[from] psn\n|upkeep\n|inactive|Time left: 300 sec this turn | 300 sec total | 5 sec grace\n|\n|t:|1783543944\n|switch|p2a: Iron Treads|Iron Treads, L77|265/265\n|turn|35\n|inactive|Time left: 300 sec this turn | 300 sec total\n|\n|t:|1783543945\n|switch|p1a: Mandibuzz|Mandibuzz, L85, F|51/100\n|move|p2a: Iron Treads|Rapid Spin|p1a: Mandibuzz\n|-damage|p1a: Mandibuzz|43/100\n|-boost|p2a: Iron Treads|spe|1\n|\n|upkeep\n|turn|36\n|inactive|Time left: 300 sec this turn | 300 sec total\n|\n|t:|1783543946\n|move|p2a: Iron Treads|Iron Head|p1a: Mandibuzz\n|-damage|p1a: Mandibuzz|22/100\n|cant|p1a: Mandibuzz|flinch\n|\n|upkeep\n|turn|37\n|inactive|Time left: 300 sec this turn | 300 sec total\n|\n|t:|1783543947\n|move|p2a: Iron Treads|Iron Head|p1a: Mandibuzz\n|-damage|p1a: Mandibuzz|2/100\n|move|p1a: Mandibuzz|Defog|p2a: Iron Treads\n|-unboost|p2a: Iron Treads|evasion|1\n|-sideend|p1: p0x419fa2e|Toxic Spikes|[from] move: Defog|[of] p1a: Mandibuzz\n|\n|upkeep\n|turn|38\n|inactive|Time left: 300 sec this turn | 300 sec total\n|\n|t:|1783543948\n|switch|p1a: Avalugg|Avalugg, L88, F|100/100\n|move|p2a: Iron Treads|Rapid Spin|p1a: Avalugg\n|-crit|p1a: Avalugg\n|-damage|p1a: Avalugg|91/100\n|-boost|p2a: Iron Treads|spe|1\n|\n|upkeep\n|turn|39\n|inactive|Time left: 300 sec this turn | 300 sec total\n|\n|t:|1783543949\n|move|p2a: Iron Treads|Iron Head|p1a: Avalugg\n|-supereffective|p1a: Avalugg\n|-damage|p1a: Avalugg|66/100\n|move|p1a: Avalugg|Avalanche|p2a: Iron Treads\n|-damage|p2a: Iron Treads|132/265\n|\n|upkeep\n|turn|40\n|inactive|Time left: 300 sec this turn | 300 sec total\n|\n|t:|1783543950\n|move|p2a: Iron Treads|Iron Head|p1a: Avalugg\n|-supereffective|p1a: Avalugg\n|-damage|p1a: Avalugg|37/100\n|move|p1a: Avalugg|Body Press|p2a: Iron Treads\n|-supereffective|p2a: Iron Treads\n|-damage|p2a: Iron Treads|0 fnt\n|faint|p2a: Iron Treads\n|-end|p2a: Iron Treads|Quark Drive|[silent]\n|\n|upkeep\n|inactive|Time left: 300 sec this turn | 300 sec total | 5 sec grace\n|\n|t:|1783543951\n|switch|p2a: Whimsicott|Whimsicott, L84, M|238/238\n|turn|41\n|inactive|Time left: 300 sec this turn | 300 sec total\n|\n|t:|1783543952\n|switch|p1a: Mandibuzz|Mandibuzz, L85, F|2/100\n|move|p2a: Whimsicott|Moonblast|p1a: Mandibuzz\n|-supereffective|p1a: Mandibuzz\n|-damage|p1a: Mandibuzz|0 fnt\n|faint|p1a: Mandibuzz\n|\n|upkeep\n|\n|t:|1783543953\n|switch|p1a: Stonjourner|Stonjourner, L91, M|100/100\n|turn|42\n|inactive|Time left: 300 sec this turn | 300 sec total\n|\n|t:|1783543954\n|move|p2a: Whimsicott|Moonblast|p1a: Stonjourner\n|-damage|p1a: Stonjourner|41/100\n|move|p1a: Stonjourner|Heat Crash|p2a: Whimsicott\n|-supereffective|p2a: Whimsicott\n|-damage|p2a: Whimsicott|0 fnt\n|faint|p2a: Whimsicott\n|-damage|p1a: Stonjourner|31/100|[from] item: Life Orb\n|\n|upkeep\n|inactive|Time left: 300 sec this turn | 300 sec total | 5 sec grace\n|\n|t:|1783543955\n|switch|p2a: Klefki|Klefki, L84, M|233/233\n|turn|43\n|inactive|Time left: 300 sec this turn | 300 sec total\n|\n|t:|1783543956\n|-terastallize|p1a: Stonjourner|Ground\n|-terastallize|p2a: Klefki|Flying\n|move|p2a: Klefki|Thunder Wave|p1a: Stonjourner\n|-immune|p1a: Stonjourner\n|move|p1a: Stonjourner|Heat Crash|p2a: Klefki\n|-damage|p2a: Klefki|82/233\n|-damage|p1a: Stonjourner|21/100|[from] item: Life Orb\n|\n|-heal|p2a: Klefki|96/233|[from] item: Leftovers\n|upkeep\n|turn|44\n|inactive|Time left: 300 sec this turn | 300 sec total\n|\n|t:|1783543957\n|move|p2a: Klefki|Thunder Wave|p1a: Stonjourner\n|-immune|p1a: Stonjourner\n|move|p1a: Stonjourner|Heat Crash|p2a: Klefki\n|-damage|p2a: Klefki|0 fnt\n|faint|p2a: Klefki\n|-damage|p1a: Stonjourner|11/100|[from] item: Life Orb\n|\n|win|p0x419fa2e", "uploadtime": 1783543957, "views": 0, "rating": 0, "private": 0, "password": null, "_winner": "p0x419fa2e", "_our_name": "p0y4194fc5"}