{"id": "battle-gen9randombattle-483", "formatid": "gen9randombattle", "format": "[Gen 9] Random Battle", "players": ["p0x4836d5f", "p0y4836d14"], "log": "|init|battle\n|title|p0x4836d5f vs. p0y4836d14\n|j|\u2606p0x4836d5f\n|j|\u2606p0y4836d14\n|t:|1783545385\n|gametype|singles\n|player|p1|p0x4836d5f|169|\n|player|p2|p0y4836d14|265|\n|gen|9\n|tier|[Gen 9] Random Battle\n|rule|Species Clause: Limit one of each Pok\u00e9mon\n|rule|HP Percentage Mod: HP is shown in percentages\n|rule|Sleep Clause Mod: Limit one foe put to sleep\n|rule|Illusion Level Mod: Illusion disguises the Pok\u00e9mon's true level\n|\n|t:|1783545385\n|teamsize|p1|6\n|teamsize|p2|6\n|start\n|switch|p1a: Raging Bolt|Raging Bolt, L78|100/100\n|switch|p2a: Arceus|Arceus-Grass, L73|296/296\n|turn|1\n|inactive|Battle timer is ON: inactive players will automatically lose when time's up. (requested by p0x4836d5f)\n|inactive|Time left: 300 sec this turn | 300 sec total | 60 sec grace\n|inactive|p0y4836d14 also wants the timer to be on.\n|\n|t:|1783545386\n|move|p2a: Arceus|Calm Mind|p2a: Arceus\n|-boost|p2a: Arceus|spa|1\n|-boost|p2a: Arceus|spd|1\n|move|p1a: Raging Bolt|Discharge|p2a: Arceus\n|-resisted|p2a: Arceus\n|-damage|p2a: Arceus|265/296\n|\n|upkeep\n|turn|2\n|inactive|Time left: 300 sec this turn | 300 sec total\n|\n|t:|1783545388\n|-end|p1a: Raging Bolt|Protosynthesis|[silent]\n|switch|p1a: Eelektross|Eelektross, L87, M|100/100\n|move|p2a: Arceus|Judgment|p1a: Eelektross\n|-damage|p1a: Eelektross|59/100\n|\n|upkeep\n|turn|3\n|inactive|Time left: 300 sec this turn | 300 sec total\n|\n|t:|1783545389\n|move|p2a: Arceus|Judgment|p1a: Eelektross\n|-damage|p1a: Eelektross|19/100\n|move|p1a: Eelektross|Dragon Tail|p2a: Arceus\n|-damage|p2a: Arceus|221/296\n|drag|p2a: Noctowl|Noctowl, L95, F|344/344\n|\n|upkeep\n|turn|4\n|inactive|Time left: 300 sec this turn | 300 sec total\n|\n|t:|1783545391\n|switch|p1a: Polteageist|Polteageist, L78|100/100\n|move|p2a: Noctowl|Hyper Voice|p1a: Polteageist\n|-immune|p1a: Polteageist\n|\n|upkeep\n|turn|5\n|inactive|Time left: 300 sec this turn | 300 sec total\n|\n|t:|1783545392\n|move|p2a: Noctowl|Hurricane|p1a: Polteageist\n|-damage|p1a: Polteageist|49/100\n|-start|p1a: Polteageist|confusion\n|-activate|p1a: Polteageist|confusion\n|-damage|p1a: Polteageist|41/100|[from] confusion\n|\n|upkeep\n|turn|6\n|inactive|Time left: 300 sec this turn | 300 sec total\n|\n|t:|1783545393\n|move|p2a: Noctowl|Hurricane|p1a: Polteageist\n|-damage|p1a: Polteageist|0 fnt\n|faint|p1a: Polteageist\n|\n|upkeep\n|\n|t:|1783545394\n|switch|p1a: Raging Bolt|Raging Bolt, L78|100/100\n|turn|7\n|inactive|Time left: 300 sec this turn | 300 sec total\n|\n|t:|1783545395\n|move|p2a: Noctowl|Hyper Voice|p1a: Raging Bolt\n|-damage|p1a: Raging Bolt|75/100\n|move|p1a: Raging Bolt|Discharge|p2a: Noctowl\n|-supereffective|p2a: Noctowl\n|-damage|p2a: Noctowl|174/344\n|-status|p2a: Noctowl|par\n|\n|upkeep\n|turn|8\n|inactive|Time left: 300 sec this turn | 300 sec total\n|\n|t:|1783545396\n|move|p1a: Raging Bolt|Volt Switch|p2a: Noctowl\n|-supereffective|p2a: Noctowl\n|-damage|p2a: Noctowl|22/344 par\n|\n|t:|1783545397\n|-end|p1a: Raging Bolt|Protosynthesis|[silent]\n|switch|p1a: Kingambit|Kingambit, L74, F|100/100|[from] Volt Switch\n|-activate|p1a: Kingambit|ability: Supreme Overlord\n|-start|p1a: Kingambit|fallen1|[silent]\n|move|p2a: Noctowl|Roost|p2a: Noctowl\n|-heal|p2a: Noctowl|194/344 par\n|-singleturn|p2a: Noctowl|move: Roost\n|\n|upkeep\n|turn|9\n|inactive|Time left: 300 sec this turn | 300 sec total\n|\n|t:|1783545398\n|move|p1a: Kingambit|Swords Dance|p1a: Kingambit\n|-boost|p1a: Kingambit|atk|2\n|move|p2a: Noctowl|Roost|p2a: Noctowl\n|-heal|p2a: Noctowl|344/344 par\n|-singleturn|p2a: Noctowl|move: Roost\n|\n|upkeep\n|turn|10\n|inactive|Time left: 300 sec this turn | 300 sec total\n|\n|t:|1783545399\n|move|p1a: Kingambit|Iron Head|p2a: Noctowl\n|-damage|p2a: Noctowl|79/344 par\n|cant|p2a: Noctowl|flinch\n|\n|upkeep\n|turn|11\n|inactive|Time left: 300 sec this turn | 300 sec total\n|\n|t:|1783545400\n|move|p1a: Kingambit|Kowtow Cleave|p2a: Noctowl\n|-damage|p2a: Noctowl|0 fnt\n|faint|p2a: Noctowl\n|\n|upkeep\n|inactive|Time left: 300 sec this turn | 300 sec total | 5 sec grace\n|\n|t:|1783545401\n|switch|p2a: Venusaur|Venusaur, L84, F|272/272\n|turn|12\n|inactive|Time left: 300 sec this turn | 300 sec total\n|\n|t:|1783545402\n|move|p2a: Venusaur|Sleep Powder|p1a: Kingambit\n|-status|p1a: Kingambit|slp|[from] move: Sleep Powder\n|cant|p1a: Kingambit|slp\n|\n|upkeep\n|turn|13\n|inactive|Time left: 300 sec this turn | 300 sec total\n|\n|t:|1783545403\n|move|p2a: Venusaur|Leech Seed|p1a: Kingambit\n|-start|p1a: Kingambit|move: Leech Seed\n|cant|p1a: Kingambit|slp\n|\n|-damage|p1a: Kingambit|88/100 slp|[from] Leech Seed|[of] p2a: Venusaur\n|upkeep\n|turn|14\n|inactive|Time left: 300 sec this turn | 300 sec total\n|\n|t:|1783545404\n|move|p2a: Venusaur|Substitute|p2a: Venusaur\n|-start|p2a: Venusaur|Substitute\n|-damage|p2a: Venusaur|204/272\n|cant|p1a: Kingambit|slp\n|\n|-heal|p2a: Venusaur|221/272|[from] item: Leftovers\n|-heal|p1a: Kingambit|94/100 slp|[from] item: Leftovers\n|-damage|p1a: Kingambit|82/100 slp|[from] Leech Seed|[of] p2a: Venusaur\n|-heal|p2a: Venusaur|254/272|[silent]\n|upkeep\n|turn|15\n|inactive|Time left: 300 sec this turn | 300 sec total\n|\n|t:|1783545405\n|move|p2a: Venusaur|Sleep Powder|p1a: Kingambit\n|-fail|p1a: Kingambit|slp\n|-curestatus|p1a: Kingambit|slp|[msg]\n|move|p1a: Kingambit|Kowtow Cleave|p2a: Venusaur\n|-end|p2a: Venusaur|Substitute\n|\n|-heal|p2a: Venusaur|271/272|[from] item: Leftovers\n|-heal|p1a: Kingambit|88/100|[from] item: Leftovers\n|-damage|p1a: Kingambit|76/100|[from] Leech Seed|[of] p2a: Venusaur\n|-heal|p2a: Venusaur|272/272|[silent]\n|upkeep\n|turn|16\n|inactive|Time left: 300 sec this turn | 300 sec total\n|\n|t:|1783545407\n|move|p2a: Venusaur|Sleep Powder|p1a: Kingambit\n|-status|p1a: Kingambit|slp|[from] move: Sleep Powder\n|cant|p1a: Kingambit|slp\n|\n|-heal|p1a: Kingambit|82/100 slp|[from] item: Leftovers\n|-damage|p1a: Kingambit|69/100 slp|[from] Leech Seed|[of] p2a: Venusaur\n|upkeep\n|turn|17\n|inactive|Time left: 300 sec this turn | 300 sec total\n|\n|t:|1783545408\n|switch|p2a: Manaphy|Manaphy, L78|284/284\n|cant|p1a: Kingambit|slp\n|\n|-heal|p1a: Kingambit|75/100 slp|[from] item: Leftovers\n|-damage|p1a: Kingambit|63/100 slp|[from] Leech Seed|[of] p2a: Manaphy\n|upkeep\n|turn|18\n|inactive|Time left: 300 sec this turn | 300 sec total\n|\n|t:|1783545409\n|move|p2a: Manaphy|Tail Glow|p2a: Manaphy\n|-boost|p2a: Manaphy|spa|3\n|-curestatus|p1a: Kingambit|slp|[msg]\n|move|p1a: Kingambit|Kowtow Cleave|p2a: Manaphy\n|-damage|p2a: Manaphy|94/284\n|\n|-heal|p2a: Manaphy|111/284|[from] item: Leftovers\n|-heal|p1a: Kingambit|69/100|[from] item: Leftovers\n|-damage|p1a: Kingambit|57/100|[from] Leech Seed|[of] p2a: Manaphy\n|-heal|p2a: Manaphy|144/284|[silent]\n|upkeep\n|turn|19\n|inactive|Time left: 300 sec this turn | 300 sec total\n|\n|t:|1783545410\n|move|p1a: Kingambit|Sucker Punch|p2a: Manaphy\n|-damage|p2a: Manaphy|0 fnt\n|faint|p2a: Manaphy\n|\n|-heal|p1a: Kingambit|63/100|[from] item: Leftovers\n|upkeep\n|inactive|Time left: 300 sec this turn | 300 sec total | 5 sec grace\n|\n|t:|1783545411\n|switch|p2a: Arceus|Arceus-Grass, L73|221/296\n|turn|20\n|inactive|Time left: 300 sec this turn | 300 sec total\n|\n|t:|1783545412\n|move|p2a: Arceus|Earth Power|p1a: Kingambit\n|-supereffective|p1a: Kingambit\n|-damage|p1a: Kingambit|14/100\n|move|p1a: Kingambit|Kowtow Cleave|p2a: Arceus\n|-damage|p2a: Arceus|28/296\n|\n|-heal|p1a: Kingambit|20/100|[from] item: Leftovers\n|-damage|p1a: Kingambit|8/100|[from] Leech Seed|[of] p2a: Arceus\n|-heal|p2a: Arceus|61/296|[silent]\n|upkeep\n|turn|21\n|inactive|Time left: 300 sec this turn | 300 sec total\n|\n|t:|1783545413\n|move|p1a: Kingambit|Sucker Punch|p2a: Arceus\n|-damage|p2a: Arceus|0 fnt\n|faint|p2a: Arceus\n|\n|-heal|p1a: Kingambit|13/100|[from] item: Leftovers\n|upkeep\n|inactive|Time left: 300 sec this turn | 300 sec total | 5 sec grace\n|\n|t:|1783545414\n|switch|p2a: Persian|Persian, L92, F|269/269\n|turn|22\n|inactive|Time left: 300 sec this turn | 300 sec total\n|\n|t:|1783545415\n|-end|p1a: Kingambit|fallen1|[silent]\n|switch|p1a: Forretress|Forretress, L84, M|100/100\n|move|p2a: Persian|Fake Out|p1a: Forretress\n|-resisted|p1a: Forretress\n|-damage|p1a: Forretress|91/100\n|\n|-heal|p1a: Forretress|97/100|[from] item: Leftovers\n|upkeep\n|turn|23\n|inactive|Time left: 300 sec this turn | 300 sec total\n|\n|t:|1783545416\n|switch|p2a: Espathra|Espathra, L80, M|283/283\n|move|p1a: Forretress|Rapid Spin|p2a: Espathra\n|-damage|p2a: Espathra|232/283\n|-boost|p1a: Forretress|spe|1\n|\n|-heal|p2a: Espathra|249/283|[from] item: Leftovers\n|-heal|p1a: Forretress|100/100|[from] item: Leftovers\n|upkeep\n|turn|24\n|inactive|Time left: 300 sec this turn | 300 sec total\n|\n|t:|1783545417\n|move|p2a: Espathra|Calm Mind|p2a: Espathra\n|-boost|p2a: Espathra|spa|1\n|-boost|p2a: Espathra|spd|1\n|move|p1a: Forretress|Iron Head|p2a: Espathra\n|-damage|p2a: Espathra|143/283\n|\n|-heal|p2a: Espathra|160/283|[from] item: Leftovers\n|-ability|p2a: Espathra|Speed Boost|boost\n|-boost|p2a: Espathra|spe|1\n|upkeep\n|turn|25\n|inactive|Time left: 300 sec this turn | 300 sec total\n|\n|t:|1783545418\n|move|p2a: Espathra|Roost|p2a: Espathra\n|-heal|p2a: Espathra|283/283\n|-singleturn|p2a: Espathra|move: Roost\n|move|p1a: Forretress|Iron Head|p2a: Espathra\n|-damage|p2a: Espathra|165/283\n|\n|-heal|p2a: Espathra|182/283|[from] item: Leftovers\n|-ability|p2a: Espathra|Speed Boost|boost\n|-boost|p2a: Espathra|spe|1\n|upkeep\n|turn|26\n|inactive|Time left: 300 sec this turn | 300 sec total\n|\n|t:|1783545419\n|move|p2a: Espathra|Roost|p2a: Espathra\n|-heal|p2a: Espathra|283/283\n|-singleturn|p2a: Espathra|move: Roost\n|move|p1a: Forretress|Iron Head|p2a: Espathra\n|-damage|p2a: Espathra|171/283\n|\n|-heal|p2a: Espathra|188/283|[from] item: Leftovers\n|-ability|p2a: Espathra|Speed Boost|boost\n|-boost|p2a: Espathra|spe|1\n|upkeep\n|turn|27\n|inactive|Time left: 300 sec this turn | 300 sec total\n|\n|t:|1783545420\n|move|p2a: Espathra|Roost|p2a: Espathra\n|-heal|p2a: Espathra|283/283\n|-singleturn|p2a: Espathra|move: Roost\n|move|p1a: Forretress|Iron Head|p2a: Espathra\n|-damage|p2a: Espathra|168/283\n|\n|-heal|p2a: Espathra|185/283|[from] item: Leftovers\n|-ability|p2a: Espathra|Speed Boost|boost\n|-boost|p2a: Espathra|spe|1\n|upkeep\n|turn|28\n|inactive|Time left: 300 sec this turn | 300 sec total\n|\n|t:|1783545421\n|move|p2a: Espathra|Stored Power|p1a: Forretress\n|-resisted|p1a: Forretress\n|-damage|p1a: Forretress|51/100\n|move|p1a: Forretress|Iron Head|p2a: Espathra\n|-damage|p2a: Espathra|67/283\n|\n|-heal|p2a: Espathra|84/283|[from] item: Leftovers\n|-heal|p1a: Forretress|57/100|[from] item: Leftovers\n|-ability|p2a: Espathra|Speed Boost|boost\n|-boost|p2a: Espathra|spe|1\n|upkeep\n|turn|29\n|inactive|Time left: 300 sec this turn | 300 sec total\n|\n|t:|1783545422\n|switch|p1a: Kingambit|Kingambit, L74, F|13/100\n|-activate|p1a: Kingambit|ability: Supreme Overlord\n|-start|p1a: Kingambit|fallen1|[silent]\n|move|p2a: Espathra|Roost|p2a: Espathra\n|-heal|p2a: Espathra|226/283\n|-singleturn|p2a: Espathra|move: Roost\n|\n|-heal|p2a: Espathra|243/283|[from] item: Leftovers\n|-heal|p1a: Kingambit|19/100|[from] item: Leftovers\n|-ability|p2a: Espathra|Speed Boost|boost\n|-boost|p2a: Espathra|spe|1\n|upkeep\n|turn|30\n|inactive|Time left: 300 sec this turn | 300 sec total\n|\n|t:|1783545423\n|-terastallize|p2a: Espathra|Fairy\n|move|p1a: Kingambit|Sucker Punch|p2a: Espathra\n|-resisted|p2a: Espathra\n|-damage|p2a: Espathra|186/283\n|move|p2a: Espathra|Dazzling Gleam|p1a: Kingambit\n|-damage|p1a: Kingambit|0 fnt\n|faint|p1a: Kingambit\n|-end|p1a: Kingambit|fallen1|[silent]\n|\n|-heal|p2a: Espathra|203/283|[from] item: Leftovers\n|upkeep\n|\n|t:|1783545424\n|switch|p1a: Raging Bolt|Raging Bolt, L78|75/100\n|turn|31\n|inactive|Time left: 300 sec this turn | 300 sec total\n|\n|t:|1783545425\n|-terastallize|p1a: Raging Bolt|Electric\n|move|p2a: Espathra|Stored Power|p1a: Raging Bolt\n|-damage|p1a: Raging Bolt|20/100\n|move|p1a: Raging Bolt|Discharge|p2a: Espathra\n|-damage|p2a: Espathra|87/283\n|-status|p2a: Espathra|par\n|\n|-heal|p2a: Espathra|104/283 par|[from] item: Leftovers\n|upkeep\n|turn|32\n|inactive|Time left: 300 sec this turn | 300 sec total\n|\n|t:|1783545426\n|cant|p2a: Espathra|par\n|move|p1a: Raging Bolt|Discharge|p2a: Espathra\n|-damage|p2a: Espathra|0 fnt\n|faint|p2a: Espathra\n|\n|upkeep\n|inactive|Time left: 300 sec this turn | 300 sec total | 5 sec grace\n|\n|t:|1783545427\n|switch|p2a: Venusaur|Venusaur, L84, F|272/272\n|turn|33\n|inactive|Time left: 300 sec this turn | 300 sec total\n|\n|t:|1783545428\n|-end|p1a: Raging Bolt|Protosynthesis|[silent]\n|switch|p1a: Forretress|Forretress, L84, M|57/100\n|move|p2a: Venusaur|Sludge Bomb|p1a: Forretress\n|-immune|p1a: Forretress\n|\n|-heal|p1a: Forretress|63/100|[from] item: Leftovers\n|upkeep\n|turn|34\n|inactive|Time left: 300 sec this turn | 300 sec total\n|\n|t:|1783545429\n|move|p2a: Venusaur|Leech Seed|p1a: Forretress\n|-start|p1a: Forretress|move: Leech Seed\n|move|p1a: Forretress|Spikes|p2a: Venusaur\n|-sidestart|p2: p0y4836d14|Spikes\n|\n|-heal|p1a: Forretress|69/100|[from] item: Leftovers\n|-damage|p1a: Forretress|57/100|[from] Leech Seed|[of] p2a: Venusaur\n|upkeep\n|turn|35\n|inactive|Time left: 300 sec this turn | 300 sec total\n|\n|t:|1783545430\n|move|p2a: Venusaur|Sleep Powder|p1a: Forretress\n|-status|p1a: Forretress|slp|[from] move: Sleep Powder\n|cant|p1a: Forretress|slp\n|\n|-heal|p1a: Forretress|63/100 slp|[from] item: Leftovers\n|-damage|p1a: Forretress|51/100 slp|[from] Leech Seed|[of] p2a: Venusaur\n|upkeep\n|turn|36\n|inactive|Time left: 300 sec this turn | 300 sec total\n|\n|t:|1783545431\n|move|p2a: Venusaur|Substitute|p2a: Venusaur\n|-start|p2a: Venusaur|Substitute\n|-damage|p2a: Venusaur|204/272\n|-curestatus|p1a: Forretress|slp|[msg]\n|move|p1a: Forretress|Stealth Rock|p2a: Venusaur\n|-sidestart|p2: p0y4836d14|move: Stealth Rock\n|\n|-heal|p2a: Venusaur|221/272|[from] item: Leftovers\n|-heal|p1a: Forretress|57/100|[from] item: Leftovers\n|-damage|p1a: Forretress|45/100|[from] Leech Seed|[of] p2a: Venusaur\n|-heal|p2a: Venusaur|253/272|[silent]\n|upkeep\n|turn|37\n|inactive|Time left: 300 sec this turn | 300 sec total\n|\n|t:|1783545432\n|move|p2a: Venusaur|Sleep Powder|p1a: Forretress\n|-status|p1a: Forretress|slp|[from] move: Sleep Powder\n|cant|p1a: Forretress|slp\n|\n|-heal|p2a: Venusaur|270/272|[from] item: Leftovers\n|-heal|p1a: Forretress|51/100 slp|[from] item: Leftovers\n|-damage|p1a: Forretress|39/100 slp|[from] Leech Seed|[of] p2a: Venusaur\n|-heal|p2a: Venusaur|272/272|[silent]\n|upkeep\n|turn|38\n|inactive|Time left: 300 sec this turn | 300 sec total\n|\n|t:|1783545434\n|move|p2a: Venusaur|Sludge Bomb|p1a: Forretress\n|-immune|p1a: Forretress\n|cant|p1a: Forretress|slp\n|\n|-heal|p1a: Forretress|45/100 slp|[from] item: Leftovers\n|-damage|p1a: Forretress|33/100 slp|[from] Leech Seed|[of] p2a: Venusaur\n|upkeep\n|turn|39\n|inactive|Time left: 300 sec this turn | 300 sec total\n|\n|t:|1783545435\n|move|p2a: Venusaur|Leech Seed||[still]\n|-fail|p2a: Venusaur\n|cant|p1a: Forretress|slp\n|\n|-heal|p1a: Forretress|39/100 slp|[from] item: Leftovers\n|-damage|p1a: Forretress|27/100 slp|[from] Leech Seed|[of] p2a: Venusaur\n|upkeep\n|turn|40\n|inactive|Time left: 300 sec this turn | 300 sec total\n|\n|t:|1783545436\n|move|p2a: Venusaur|Leech Seed|p1a: Forretress|[miss]\n|-miss|p2a: Venusaur|p1a: Forretress\n|-curestatus|p1a: Forretress|slp|[msg]\n|move|p1a: Forretress|Spikes|p2a: Venusaur\n|-sidestart|p2: p0y4836d14|Spikes\n|\n|-heal|p1a: Forretress|33/100|[from] item: Leftovers\n|-damage|p1a: Forretress|21/100|[from] Leech Seed|[of] p2a: Venusaur\n|upkeep\n|turn|41\n|inactive|Time left: 300 sec this turn | 300 sec total\n|\n|t:|1783545437\n|move|p2a: Venusaur|Sleep Powder|p1a: Forretress\n|-status|p1a: Forretress|slp|[from] move: Sleep Powder\n|cant|p1a: Forretress|slp\n|\n|-heal|p1a: Forretress|27/100 slp|[from] item: Leftovers\n|-damage|p1a: Forretress|15/100 slp|[from] Leech Seed|[of] p2a: Venusaur\n|upkeep\n|turn|42\n|inactive|Time left: 300 sec this turn | 300 sec total\n|\n|t:|1783545438\n|move|p2a: Venusaur|Sludge Bomb|p1a: Forretress\n|-immune|p1a: Forretress\n|-curestatus|p1a: Forretress|slp|[msg]\n|move|p1a: Forretress|Iron Head|p2a: Venusaur\n|-end|p2a: Venusaur|Substitute\n|\n|-heal|p1a: Forretress|21/100|[from] item: Leftovers\n|-damage|p1a: Forretress|8/100|[from] Leech Seed|[of] p2a: Venusaur\n|upkeep\n|turn|43\n|inactive|Time left: 300 sec this turn | 300 sec total\n|\n|t:|1783545439\n|move|p2a: Venusaur|Sludge Bomb|p1a: Forretress\n|-immune|p1a: Forretress\n|move|p1a: Forretress|Iron Head|p2a: Venusaur\n|-damage|p2a: Venusaur|184/272\n|\n|-heal|p2a: Venusaur|201/272|[from] item: Leftovers\n|-heal|p1a: Forretress|15/100|[from] item: Leftovers\n|-damage|p1a: Forretress|2/100|[from] Leech Seed|[of] p2a: Venusaur\n|-heal|p2a: Venusaur|233/272|[silent]\n|upkeep\n|turn|44\n|inactive|Time left: 300 sec this turn | 300 sec total\n|\n|t:|1783545441\n|switch|p1a: Eelektross|Eelektross, L87, M|19/100\n|move|p2a: Venusaur|Substitute|p2a: Venusaur\n|-start|p2a: Venusaur|Substitute\n|-damage|p2a: Venusaur|165/272\n|\n|-heal|p2a: Venusaur|182/272|[from] item: Leftovers\n|upkeep\n|turn|45\n|inactive|Time left: 300 sec this turn | 300 sec total\n|\n|t:|1783545442\n|switch|p1a: Forretress|Forretress, L84, M|2/100\n|move|p2a: Venusaur|Sludge Bomb|p1a: Forretress\n|-immune|p1a: Forretress\n|\n|-heal|p2a: Venusaur|199/272|[from] item: Leftovers\n|-heal|p1a: Forretress|8/100|[from] item: Leftovers\n|upkeep\n|turn|46\n|inactive|Time left: 300 sec this turn | 300 sec total\n|\n|t:|1783545443\n|move|p2a: Venusaur|Leech Seed|p1a: Forretress|[miss]\n|-miss|p2a: Venusaur|p1a: Forretress\n|move|p1a: Forretress|Iron Head|p2a: Venusaur\n|-end|p2a: Venusaur|Substitute\n|\n|-heal|p2a: Venusaur|216/272|[from] item: Leftovers\n|-heal|p1a: Forretress|15/100|[from] item: Leftovers\n|upkeep\n|turn|47\n|inactive|Time left: 300 sec this turn | 300 sec total\n|\n|t:|1783545444\n|move|p2a: Venusaur|Leech Seed|p1a: Forretress\n|-start|p1a: Forretress|move: Leech Seed\n|move|p1a: Forretress|Iron Head|p2a: Venusaur\n|-damage|p2a: Venusaur|128/272\n|\n|-heal|p2a: Venusaur|145/272|[from] item: Leftovers\n|-heal|p1a: Forretress|21/100|[from] item: Leftovers\n|-damage|p1a: Forretress|8/100|[from] Leech Seed|[of] p2a: Venusaur\n|-heal|p2a: Venusaur|177/272|[silent]\n|upkeep\n|turn|48\n|inactive|Time left: 300 sec this turn | 300 sec total\n|\n|t:|1783545445\n|move|p2a: Venusaur|Sludge Bomb|p1a: Forretress\n|-immune|p1a: Forretress\n|move|p1a: Forretress|Iron Head|p2a: Venusaur\n|-damage|p2a: Venusaur|93/272\n|\n|-heal|p2a: Venusaur|110/272|[from] item: Leftovers\n|-heal|p1a: Forretress|15/100|[from] item: Leftovers\n|-damage|p1a: Forretress|2/100|[from] Leech Seed|[of] p2a: Venusaur\n|-heal|p2a: Venusaur|142/272|[silent]\n|upkeep\n|turn|49\n|inactive|Time left: 300 sec this turn | 300 sec total\n|\n|t:|1783545446\n|move|p2a: Venusaur|Sleep Powder|p1a: Forretress\n|-status|p1a: Forretress|slp|[from] move: Sleep Powder\n|cant|p1a: Forretress|slp\n|\n|-heal|p2a: Venusaur|159/272|[from] item: Leftovers\n|-heal|p1a: Forretress|8/100 slp|[from] item: Leftovers\n|-damage|p1a: Forretress|0 fnt|[from] Leech Seed|[of] p2a: Venusaur\n|-heal|p2a: Venusaur|180/272|[silent]\n|faint|p1a: Forretress\n|upkeep\n|\n|t:|1783545447\n|switch|p1a: Iron Valiant|Iron Valiant, L78|100/100\n|turn|50\n|inactive|Time left: 300 sec this turn | 300 sec total\n|\n|t:|1783545448\n|move|p1a: Iron Valiant|Encore|p2a: Venusaur\n|-start|p2a: Venusaur|Encore\n|move|p2a: Venusaur|Sleep Powder|p1a: Iron Valiant\n|-status|p1a: Iron Valiant|slp|[from] move: Sleep Powder\n|\n|-heal|p2a: Venusaur|197/272|[from] item: Leftovers\n|upkeep\n|turn|51\n|inactive|Time left: 300 sec this turn | 300 sec total\n|\n|t:|1783545449\n|-end|p1a: Iron Valiant|Quark Drive|[silent]\n|switch|p1a: Eelektross|Eelektross, L87, M|19/100\n|switch|p2a: Persian|Persian, L92, F|269/269\n|-damage|p2a: Persian|225/269|[from] Spikes\n|-damage|p2a: Persian|192/269|[from] Stealth Rock\n|\n|upkeep\n|turn|52\n|inactive|Time left: 300 sec this turn | 300 sec total\n|\n|t:|1783545449\n|switch|p1a: Iron Valiant|Iron Valiant, L78|100/100 slp\n|move|p2a: Persian|Double-Edge|p1a: Iron Valiant\n|-damage|p1a: Iron Valiant|40/100 slp\n|-damage|p2a: Persian|143/269|[from] Recoil\n|\n|upkeep\n|turn|53\n|inactive|Time left: 300 sec this turn | 300 sec total\n|\n|t:|1783545450\n|move|p2a: Persian|Double-Edge|p1a: Iron Valiant\n|-damage|p1a: Iron Valiant|0 fnt\n|faint|p1a: Iron Valiant\n|-end|p1a: Iron Valiant|Quark Drive|[silent]\n|-damage|p2a: Persian|111/269|[from] Recoil\n|\n|upkeep\n|\n|t:|1783545451\n|switch|p1a: Eelektross|Eelektross, L87, M|19/100\n|turn|54\n|inactive|Time left: 300 sec this turn | 300 sec total\n|\n|t:|1783545451\n|move|p2a: Persian|Double-Edge|p1a: Eelektross\n|-damage|p1a: Eelektross|0 fnt\n|faint|p1a: Eelektross\n|-damage|p2a: Persian|93/269|[from] Recoil\n|\n|upkeep\n|\n|t:|1783545452\n|switch|p1a: Raging Bolt|Raging Bolt, L78, tera:Electric|20/100\n|turn|55\n|inactive|Time left: 300 sec this turn | 300 sec total\n|\n|t:|1783545453\n|move|p1a: Raging Bolt|Thunderclap|p2a: Persian\n|-damage|p2a: Persian|0 fnt\n|faint|p2a: Persian\n|\n|upkeep\n|inactive|Time left: 300 sec this turn | 300 sec total | 5 sec grace\n|\n|t:|1783545453\n|switch|p2a: Venusaur|Venusaur, L84, F|197/272\n|-damage|p2a: Venusaur|152/272|[from] Spikes\n|-damage|p2a: Venusaur|118/272|[from] Stealth Rock\n|turn|56\n|inactive|Time left: 300 sec this turn | 300 sec total\n|\n|t:|1783545454\n|move|p2a: Venusaur|Sludge Bomb|p1a: Raging Bolt\n|-damage|p1a: Raging Bolt|0 fnt\n|faint|p1a: Raging Bolt\n|-end|p1a: Raging Bolt|Protosynthesis|[silent]\n|\n|win|p0y4836d14", "uploadtime": 1783545454, "views": 0, "rating": 0, "private": 0, "password": null, "_winner": "p0y4836d14", "_our_name": "p0y4836d14"}