{"id": "battle-gen9randombattle-2635", "formatid": "gen9randombattle", "format": "[Gen 9] Random Battle", "players": ["p0x2635adab", "p0y26358699"], "log": "|init|battle\n|title|p0x2635adab vs. p0y26358699\n|j|\u2606p0x2635adab\n|j|\u2606p0y26358699\n|t:|1783570423\n|gametype|singles\n|player|p1|p0x2635adab|102|\n|player|p2|p0y26358699|102|\n|gen|9\n|tier|[Gen 9] Random Battle\n|rule|Species Clause: Limit one of each Pok\u00e9mon\n|rule|HP Percentage Mod: HP is shown in percentages\n|rule|Sleep Clause Mod: Limit one foe put to sleep\n|rule|Illusion Level Mod: Illusion disguises the Pok\u00e9mon's true level\n|\n|t:|1783570423\n|teamsize|p1|6\n|teamsize|p2|6\n|start\n|switch|p1a: Comfey|Comfey, L85, M|225/225\n|switch|p2a: Cresselia|Cresselia, L80, F|100/100\n|turn|1\n|inactive|Battle timer is ON: inactive players will automatically lose when time's up. (requested by p0y26358699)\n|inactive|Time left: 300 sec this turn | 300 sec total | 60 sec grace\n|\n|t:|1783570424\n|move|p1a: Comfey|Calm Mind|p1a: Comfey\n|-boost|p1a: Comfey|spa|1\n|-boost|p1a: Comfey|spd|1\n|move|p2a: Cresselia|Calm Mind|p2a: Cresselia\n|-boost|p2a: Cresselia|spa|1\n|-boost|p2a: Cresselia|spd|1\n|\n|upkeep\n|turn|2\n|inactive|Time left: 300 sec this turn | 300 sec total\n|inactive|p0x2635adab also wants the timer to be on.\n|\n|t:|1783570425\n|move|p1a: Comfey|Calm Mind|p1a: Comfey\n|-boost|p1a: Comfey|spa|1\n|-boost|p1a: Comfey|spd|1\n|move|p2a: Cresselia|Calm Mind|p2a: Cresselia\n|-boost|p2a: Cresselia|spa|1\n|-boost|p2a: Cresselia|spd|1\n|\n|upkeep\n|turn|3\n|inactive|Time left: 300 sec this turn | 300 sec total\n|\n|t:|1783570426\n|move|p1a: Comfey|Calm Mind|p1a: Comfey\n|-boost|p1a: Comfey|spa|1\n|-boost|p1a: Comfey|spd|1\n|move|p2a: Cresselia|Psyshock|p1a: Comfey\n|-damage|p1a: Comfey|93/225\n|\n|-heal|p1a: Comfey|107/225|[from] item: Leftovers\n|upkeep\n|turn|4\n|inactive|Time left: 300 sec this turn | 300 sec total\n|\n|t:|1783570427\n|move|p1a: Comfey|Draining Kiss|p2a: Cresselia\n|-damage|p2a: Cresselia|84/100\n|-heal|p1a: Comfey|148/225|[from] drain|[of] p2a: Cresselia\n|move|p2a: Cresselia|Psyshock|p1a: Comfey\n|-damage|p1a: Comfey|15/225\n|\n|-heal|p1a: Comfey|29/225|[from] item: Leftovers\n|-heal|p2a: Cresselia|90/100|[from] item: Leftovers\n|upkeep\n|turn|5\n|inactive|Time left: 300 sec this turn | 300 sec total\n|\n|t:|1783570428\n|move|p1a: Comfey|Draining Kiss|p2a: Cresselia\n|-damage|p2a: Cresselia|74/100\n|-heal|p1a: Comfey|67/225|[from] drain|[of] p2a: Cresselia\n|move|p2a: Cresselia|Psyshock|p1a: Comfey\n|-damage|p1a: Comfey|0 fnt\n|faint|p1a: Comfey\n|\n|-heal|p2a: Cresselia|80/100|[from] item: Leftovers\n|upkeep\n|inactive|Time left: 300 sec this turn | 300 sec total | 5 sec grace\n|\n|t:|1783570429\n|switch|p1a: Roaring Moon|Roaring Moon, L72|270/270\n|turn|6\n|inactive|Time left: 300 sec this turn | 300 sec total\n|\n|t:|1783570430\n|move|p1a: Roaring Moon|Knock Off|p2a: Cresselia\n|-supereffective|p2a: Cresselia\n|-damage|p2a: Cresselia|24/100\n|-enditem|p2a: Cresselia|Leftovers|[from] move: Knock Off|[of] p1a: Roaring Moon\n|move|p2a: Cresselia|Moonblast|p1a: Roaring Moon\n|-supereffective|p1a: Roaring Moon\n|-damage|p1a: Roaring Moon|0 fnt\n|faint|p1a: Roaring Moon\n|-end|p1a: Roaring Moon|Protosynthesis|[silent]\n|\n|upkeep\n|inactive|Time left: 300 sec this turn | 300 sec total | 5 sec grace\n|\n|t:|1783570431\n|switch|p1a: Lokix|Lokix, L82, F|251/251\n|turn|7\n|inactive|Time left: 300 sec this turn | 300 sec total\n|\n|t:|1783570432\n|switch|p2a: Gumshoos|Gumshoos, L95, M|100/100\n|move|p1a: Lokix|U-turn|p2a: Gumshoos\n|-damage|p2a: Gumshoos|71/100\n|inactive|Time left: 300 sec this turn | 300 sec total | 5 sec grace\n|\n|t:|1783570432\n|switch|p1a: Munkidori|Munkidori, L79, M|269/269|[from] U-turn\n|\n|upkeep\n|turn|8\n|inactive|Time left: 300 sec this turn | 300 sec total\n|\n|t:|1783570434\n|move|p1a: Munkidori|Fake Out|p2a: Gumshoos\n|-damage|p2a: Gumshoos|63/100\n|cant|p2a: Gumshoos|flinch\n|\n|upkeep\n|turn|9\n|inactive|Time left: 300 sec this turn | 300 sec total\n|\n|t:|1783570434\n|move|p1a: Munkidori|Sludge Wave|p2a: Gumshoos\n|-damage|p2a: Gumshoos|24/100\n|-status|p2a: Gumshoos|psn\n|move|p2a: Gumshoos|Knock Off|p1a: Munkidori\n|-supereffective|p1a: Munkidori\n|-damage|p1a: Munkidori|0 fnt\n|-enditem|p1a: Munkidori|Assault Vest|[from] move: Knock Off|[of] p2a: Gumshoos\n|faint|p1a: Munkidori\n|\n|-damage|p2a: Gumshoos|12/100 psn|[from] psn\n|upkeep\n|inactive|Time left: 300 sec this turn | 300 sec total | 5 sec grace\n|\n|t:|1783570435\n|switch|p1a: Revavroom|Revavroom, L79, M|256/256\n|turn|10\n|inactive|Time left: 300 sec this turn | 300 sec total\n|\n|t:|1783570436\n|move|p1a: Revavroom|Shift Gear|p1a: Revavroom\n|-boost|p1a: Revavroom|spe|2\n|-boost|p1a: Revavroom|atk|1\n|move|p2a: Gumshoos|Knock Off|p1a: Revavroom\n|-damage|p1a: Revavroom|97/256\n|-enditem|p1a: Revavroom|Life Orb|[from] move: Knock Off|[of] p2a: Gumshoos\n|\n|-damage|p2a: Gumshoos|0 fnt|[from] psn\n|faint|p2a: Gumshoos\n|upkeep\n|\n|t:|1783570437\n|switch|p2a: Ting-Lu|Ting-Lu, L78|100/100\n|-ability|p2a: Ting-Lu|Vessel of Ruin\n|turn|11\n|inactive|Time left: 300 sec this turn | 300 sec total\n|\n|t:|1783570438\n|move|p1a: Revavroom|Iron Head|p2a: Ting-Lu\n|-damage|p2a: Ting-Lu|70/100\n|cant|p2a: Ting-Lu|flinch\n|\n|-heal|p2a: Ting-Lu|76/100|[from] item: Leftovers\n|upkeep\n|turn|12\n|inactive|Time left: 300 sec this turn | 300 sec total\n|\n|t:|1783570440\n|move|p1a: Revavroom|Iron Head|p2a: Ting-Lu\n|-crit|p2a: Ting-Lu\n|-damage|p2a: Ting-Lu|34/100\n|move|p2a: Ting-Lu|Earthquake|p1a: Revavroom\n|-supereffective|p1a: Revavroom\n|-damage|p1a: Revavroom|0 fnt\n|faint|p1a: Revavroom\n|\n|-heal|p2a: Ting-Lu|40/100|[from] item: Leftovers\n|upkeep\n|inactive|Time left: 300 sec this turn | 300 sec total | 5 sec grace\n|\n|t:|1783570441\n|switch|p1a: Lokix|Lokix, L82, F|251/251\n|turn|13\n|inactive|Time left: 300 sec this turn | 300 sec total\n|\n|t:|1783570442\n|switch|p2a: Oricorio|Oricorio-Pom-Pom, L82, F|100/100\n|move|p1a: Lokix|First Impression|p2a: Oricorio\n|-resisted|p2a: Oricorio\n|-damage|p2a: Oricorio|50/100\n|\n|upkeep\n|turn|14\n|inactive|Time left: 300 sec this turn | 300 sec total\n|\n|t:|1783570443\n|switch|p1a: Registeel|Registeel, L81|262/262\n|move|p2a: Oricorio|Hurricane|p1a: Registeel|[miss]\n|-miss|p2a: Oricorio|p1a: Registeel\n|\n|upkeep\n|turn|15\n|inactive|Time left: 300 sec this turn | 300 sec total\n|\n|t:|1783570444\n|move|p2a: Oricorio|Quiver Dance|p2a: Oricorio\n|-boost|p2a: Oricorio|spa|1\n|-boost|p2a: Oricorio|spd|1\n|-boost|p2a: Oricorio|spe|1\n|move|p1a: Registeel|Iron Defense|p1a: Registeel\n|-boost|p1a: Registeel|def|2\n|\n|upkeep\n|turn|16\n|inactive|Time left: 300 sec this turn | 300 sec total\n|\n|t:|1783570445\n|move|p2a: Oricorio|Hurricane|p1a: Registeel\n|-resisted|p1a: Registeel\n|-damage|p1a: Registeel|205/262\n|-start|p1a: Registeel|confusion\n|-activate|p1a: Registeel|confusion\n|move|p1a: Registeel|Body Press|p2a: Oricorio\n|-resisted|p2a: Oricorio\n|-damage|p2a: Oricorio|16/100\n|\n|-heal|p1a: Registeel|221/262|[from] item: Leftovers\n|upkeep\n|turn|17\n|inactive|Time left: 300 sec this turn | 300 sec total\n|\n|t:|1783570446\n|move|p2a: Oricorio|Roost|p2a: Oricorio\n|-heal|p2a: Oricorio|67/100\n|-singleturn|p2a: Oricorio|move: Roost\n|-activate|p1a: Registeel|confusion\n|move|p1a: Registeel|Body Press|p2a: Oricorio\n|-damage|p2a: Oricorio|0 fnt\n|faint|p2a: Oricorio\n|\n|-heal|p1a: Registeel|237/262|[from] item: Leftovers\n|upkeep\n|\n|t:|1783570447\n|switch|p2a: Cresselia|Cresselia, L80, F|24/100\n|turn|18\n|inactive|Time left: 300 sec this turn | 300 sec total\n|\n|t:|1783570447\n|move|p2a: Cresselia|Moonlight|p2a: Cresselia\n|-heal|p2a: Cresselia|74/100\n|-end|p1a: Registeel|confusion\n|move|p1a: Registeel|Body Press|p2a: Cresselia\n|-resisted|p2a: Cresselia\n|-damage|p2a: Cresselia|54/100\n|\n|-heal|p1a: Registeel|253/262|[from] item: Leftovers\n|upkeep\n|turn|19\n|inactive|Time left: 300 sec this turn | 300 sec total\n|\n|t:|1783570448\n|move|p2a: Cresselia|Moonlight|p2a: Cresselia\n|-heal|p2a: Cresselia|100/100\n|move|p1a: Registeel|Body Press|p2a: Cresselia\n|-resisted|p2a: Cresselia\n|-damage|p2a: Cresselia|79/100\n|\n|-heal|p1a: Registeel|262/262|[from] item: Leftovers\n|upkeep\n|turn|20\n|inactive|Time left: 300 sec this turn | 300 sec total\n|\n|t:|1783570449\n|move|p2a: Cresselia|Calm Mind|p2a: Cresselia\n|-boost|p2a: Cresselia|spa|1\n|-boost|p2a: Cresselia|spd|1\n|move|p1a: Registeel|Body Press|p2a: Cresselia\n|-resisted|p2a: Cresselia\n|-damage|p2a: Cresselia|60/100\n|\n|upkeep\n|turn|21\n|inactive|Time left: 300 sec this turn | 300 sec total\n|\n|t:|1783570450\n|move|p2a: Cresselia|Moonlight|p2a: Cresselia\n|-heal|p2a: Cresselia|100/100\n|move|p1a: Registeel|Iron Defense|p1a: Registeel\n|-boost|p1a: Registeel|def|2\n|\n|upkeep\n|turn|22\n|inactive|Time left: 300 sec this turn | 300 sec total\n|\n|t:|1783570451\n|move|p2a: Cresselia|Calm Mind|p2a: Cresselia\n|-boost|p2a: Cresselia|spa|1\n|-boost|p2a: Cresselia|spd|1\n|move|p1a: Registeel|Body Press|p2a: Cresselia\n|-resisted|p2a: Cresselia\n|-damage|p2a: Cresselia|69/100\n|\n|upkeep\n|turn|23\n|inactive|Time left: 300 sec this turn | 300 sec total\n|\n|t:|1783570452\n|move|p2a: Cresselia|Moonlight|p2a: Cresselia\n|-heal|p2a: Cresselia|100/100\n|move|p1a: Registeel|Body Press|p2a: Cresselia\n|-resisted|p2a: Cresselia\n|-damage|p2a: Cresselia|71/100\n|\n|upkeep\n|turn|24\n|inactive|Time left: 300 sec this turn | 300 sec total\n|\n|t:|1783570453\n|move|p2a: Cresselia|Moonlight|p2a: Cresselia\n|-heal|p2a: Cresselia|100/100\n|move|p1a: Registeel|Body Press|p2a: Cresselia\n|-resisted|p2a: Cresselia\n|-crit|p2a: Cresselia\n|-damage|p2a: Cresselia|52/100\n|\n|upkeep\n|turn|25\n|inactive|Time left: 300 sec this turn | 300 sec total\n|\n|t:|1783570454\n|move|p2a: Cresselia|Moonlight|p2a: Cresselia\n|-heal|p2a: Cresselia|100/100\n|move|p1a: Registeel|Body Press|p2a: Cresselia\n|-resisted|p2a: Cresselia\n|-damage|p2a: Cresselia|68/100\n|\n|upkeep\n|turn|26\n|inactive|Time left: 300 sec this turn | 300 sec total\n|\n|t:|1783570455\n|move|p2a: Cresselia|Moonlight|p2a: Cresselia\n|-heal|p2a: Cresselia|100/100\n|move|p1a: Registeel|Body Press|p2a: Cresselia\n|-resisted|p2a: Cresselia\n|-damage|p2a: Cresselia|70/100\n|\n|upkeep\n|turn|27\n|inactive|Time left: 300 sec this turn | 300 sec total\n|\n|t:|1783570456\n|move|p2a: Cresselia|Moonblast|p1a: Registeel\n|-resisted|p1a: Registeel\n|-damage|p1a: Registeel|229/262\n|move|p1a: Registeel|Body Press|p2a: Cresselia\n|-resisted|p2a: Cresselia\n|-damage|p2a: Cresselia|38/100\n|\n|-heal|p1a: Registeel|245/262|[from] item: Leftovers\n|upkeep\n|turn|28\n|inactive|Time left: 300 sec this turn | 300 sec total\n|\n|t:|1783570457\n|-terastallize|p1a: Registeel|Fighting\n|move|p2a: Cresselia|Moonlight|p2a: Cresselia\n|-heal|p2a: Cresselia|88/100\n|move|p1a: Registeel|Body Press|p2a: Cresselia\n|-resisted|p2a: Cresselia\n|-damage|p2a: Cresselia|42/100\n|\n|-heal|p1a: Registeel|261/262|[from] item: Leftovers\n|upkeep\n|turn|29\n|inactive|Time left: 300 sec this turn | 300 sec total\n|\n|t:|1783570457\n|move|p2a: Cresselia|Psyshock|p1a: Registeel\n|-supereffective|p1a: Registeel\n|-damage|p1a: Registeel|207/262\n|move|p1a: Registeel|Body Press|p2a: Cresselia\n|-resisted|p2a: Cresselia\n|-damage|p2a: Cresselia|0 fnt\n|faint|p2a: Cresselia\n|\n|-heal|p1a: Registeel|223/262|[from] item: Leftovers\n|upkeep\n|\n|t:|1783570458\n|switch|p2a: Ting-Lu|Ting-Lu, L78|40/100\n|-ability|p2a: Ting-Lu|Vessel of Ruin\n|turn|30\n|inactive|Time left: 300 sec this turn | 300 sec total\n|\n|t:|1783570459\n|-terastallize|p2a: Ting-Lu|Poison\n|move|p1a: Registeel|Body Press|p2a: Ting-Lu\n|-resisted|p2a: Ting-Lu\n|-damage|p2a: Ting-Lu|5/100\n|move|p2a: Ting-Lu|Whirlwind|p1a: Registeel\n|drag|p1a: Lokix|Lokix, L82, F|251/251\n|\n|-heal|p2a: Ting-Lu|11/100|[from] item: Leftovers\n|upkeep\n|turn|31\n|inactive|Time left: 300 sec this turn | 300 sec total\n|\n|t:|1783570460\n|move|p1a: Lokix|U-turn|p2a: Ting-Lu\n|-resisted|p2a: Ting-Lu\n|-damage|p2a: Ting-Lu|0 fnt\n|faint|p2a: Ting-Lu\n|inactive|Time left: 300 sec this turn | 300 sec total | 5 sec grace\n|\n|t:|1783570461\n|switch|p1a: Registeel|Registeel, L81, tera:Fighting|223/262|[from] U-turn\n|\n|-heal|p1a: Registeel|239/262|[from] item: Leftovers\n|upkeep\n|\n|t:|1783570462\n|switch|p2a: Hydrapple|Hydrapple, L83, M|100/100\n|turn|32\n|inactive|Time left: 300 sec this turn | 300 sec total\n|\n|t:|1783570463\n|move|p1a: Registeel|Iron Defense|p1a: Registeel\n|-boost|p1a: Registeel|def|2\n|move|p2a: Hydrapple|Fickle Beam|p1a: Registeel\n|-damage|p1a: Registeel|169/262\n|\n|-heal|p1a: Registeel|185/262|[from] item: Leftovers\n|upkeep\n|turn|33\n|inactive|Time left: 300 sec this turn | 300 sec total\n|\n|t:|1783570464\n|move|p1a: Registeel|Body Press|p2a: Hydrapple\n|-damage|p2a: Hydrapple|40/100\n|move|p2a: Hydrapple|Dragon Tail|p1a: Registeel|[miss]\n|-miss|p2a: Hydrapple|p1a: Registeel\n|\n|-heal|p1a: Registeel|201/262|[from] item: Leftovers\n|upkeep\n|turn|34\n|inactive|Time left: 300 sec this turn | 300 sec total\n|\n|t:|1783570465\n|move|p1a: Registeel|Body Press|p2a: Hydrapple\n|-damage|p2a: Hydrapple|0 fnt\n|faint|p2a: Hydrapple\n|\n|-heal|p1a: Registeel|217/262|[from] item: Leftovers\n|upkeep\n|\n|t:|1783570466\n|switch|p2a: Hitmonchan|Hitmonchan, L87, M|100/100\n|turn|35\n|inactive|Time left: 300 sec this turn | 300 sec total\n|\n|t:|1783570467\n|move|p2a: Hitmonchan|Swords Dance|p2a: Hitmonchan\n|-boost|p2a: Hitmonchan|atk|2\n|move|p1a: Registeel|Iron Head|p2a: Hitmonchan\n|-damage|p2a: Hitmonchan|73/100\n|\n|-heal|p1a: Registeel|233/262|[from] item: Leftovers\n|upkeep\n|turn|36\n|inactive|Time left: 300 sec this turn | 300 sec total\n|\n|t:|1783570468\n|move|p2a: Hitmonchan|Drain Punch|p1a: Registeel\n|-damage|p1a: Registeel|136/262\n|-heal|p2a: Hitmonchan|94/100|[from] drain|[of] p1a: Registeel\n|-damage|p2a: Hitmonchan|84/100|[from] item: Life Orb\n|move|p1a: Registeel|Iron Head|p2a: Hitmonchan\n|-damage|p2a: Hitmonchan|53/100\n|\n|-heal|p1a: Registeel|152/262|[from] item: Leftovers\n|upkeep\n|turn|37\n|inactive|Time left: 300 sec this turn | 300 sec total\n|\n|t:|1783570469\n|move|p2a: Hitmonchan|Drain Punch|p1a: Registeel\n|-damage|p1a: Registeel|57/262\n|-heal|p2a: Hitmonchan|74/100|[from] drain|[of] p1a: Registeel\n|-damage|p2a: Hitmonchan|64/100|[from] item: Life Orb\n|move|p1a: Registeel|Iron Head|p2a: Hitmonchan\n|-damage|p2a: Hitmonchan|34/100\n|\n|-heal|p1a: Registeel|73/262|[from] item: Leftovers\n|upkeep\n|turn|38\n|inactive|Time left: 300 sec this turn | 300 sec total\n|\n|t:|1783570470\n|move|p2a: Hitmonchan|Ice Punch|p1a: Registeel\n|-damage|p1a: Registeel|15/262\n|-damage|p2a: Hitmonchan|24/100|[from] item: Life Orb\n|move|p1a: Registeel|Iron Head|p2a: Hitmonchan\n|-damage|p2a: Hitmonchan|0 fnt\n|faint|p2a: Hitmonchan\n|\n|win|p0x2635adab", "uploadtime": 1783570470, "views": 0, "rating": 0, "private": 0, "password": null, "_winner": "p0x2635adab", "_our_name": "p0x2635adab"}