{"id": "battle-gen9randombattle-1236", "formatid": "gen9randombattle", "format": "[Gen 9] Random Battle", "players": ["p0x12368ed2", "p0y12363c5f"], "log": "|init|battle\n|title|p0x12368ed2 vs. p0y12363c5f\n|j|\u2606p0x12368ed2\n|j|\u2606p0y12363c5f\n|t:|1783553457\n|gametype|singles\n|player|p1|p0x12368ed2|265|\n|player|p2|p0y12363c5f|102|\n|gen|9\n|tier|[Gen 9] Random Battle\n|rule|Species Clause: Limit one of each Pok\u00e9mon\n|rule|HP Percentage Mod: HP is shown in percentages\n|rule|Sleep Clause Mod: Limit one foe put to sleep\n|rule|Illusion Level Mod: Illusion disguises the Pok\u00e9mon's true level\n|\n|t:|1783553457\n|teamsize|p1|6\n|teamsize|p2|6\n|start\n|switch|p1a: Palossand|Palossand, L89, F|100/100\n|switch|p2a: Pikachu|Pikachu-Kalos, L93, F|216/216\n|turn|1\n|inactive|Battle timer is ON: inactive players will automatically lose when time's up. (requested by p0x12368ed2)\n|inactive|Time left: 300 sec this turn | 300 sec total | 60 sec grace\n|inactive|p0y12363c5f also wants the timer to be on.\n|\n|t:|1783553458\n|-terastallize|p2a: Pikachu|Water\n|move|p2a: Pikachu|Surf|p1a: Palossand\n|-supereffective|p1a: Palossand\n|-damage|p1a: Palossand|0 fnt\n|faint|p1a: Palossand\n|\n|upkeep\n|\n|t:|1783553459\n|switch|p1a: Greedent|Greedent, L86, M|100/100\n|turn|2\n|inactive|Time left: 300 sec this turn | 300 sec total\n|\n|t:|1783553460\n|move|p2a: Pikachu|Surf|p1a: Greedent\n|-crit|p1a: Greedent\n|-damage|p1a: Greedent|30/100\n|-enditem|p1a: Greedent|Sitrus Berry|[eat]\n|-heal|p1a: Greedent|55/100|[from] item: Sitrus Berry\n|-heal|p1a: Greedent|88/100|[from] ability: Cheek Pouch\n|move|p1a: Greedent|Double-Edge|p2a: Pikachu\n|-damage|p2a: Pikachu|6/216\n|-damage|p1a: Greedent|69/100|[from] Recoil\n|\n|upkeep\n|turn|3\n|inactive|Time left: 300 sec this turn | 300 sec total\n|\n|t:|1783553461\n|move|p2a: Pikachu|Surf|p1a: Greedent\n|-damage|p1a: Greedent|25/100\n|move|p1a: Greedent|Double-Edge|p2a: Pikachu\n|-damage|p2a: Pikachu|0 fnt\n|faint|p2a: Pikachu\n|-damage|p1a: Greedent|24/100|[from] Recoil\n|\n|upkeep\n|inactive|Time left: 300 sec this turn | 300 sec total | 5 sec grace\n|\n|t:|1783553462\n|switch|p2a: Honchkrow|Honchkrow, L86, M|312/312\n|turn|4\n|inactive|Time left: 300 sec this turn | 300 sec total\n|\n|t:|1783553464\n|move|p2a: Honchkrow|Lash Out|p1a: Greedent\n|-damage|p1a: Greedent|0 fnt\n|faint|p1a: Greedent\n|-ability|p2a: Honchkrow|Moxie|boost\n|-boost|p2a: Honchkrow|atk|1\n|\n|upkeep\n|\n|t:|1783553465\n|switch|p1a: Flamigo|Flamigo, L82, F|100/100\n|turn|5\n|inactive|Time left: 300 sec this turn | 300 sec total\n|\n|t:|1783553466\n|-terastallize|p1a: Flamigo|Fighting\n|move|p1a: Flamigo|Close Combat|p2a: Honchkrow\n|-damage|p2a: Honchkrow|3/312\n|-unboost|p1a: Flamigo|def|1\n|-unboost|p1a: Flamigo|spd|1\n|-damage|p1a: Flamigo|91/100|[from] item: Life Orb\n|move|p2a: Honchkrow|Brave Bird|p1a: Flamigo\n|-supereffective|p1a: Flamigo\n|-damage|p1a: Flamigo|0 fnt\n|faint|p1a: Flamigo\n|-ability|p2a: Honchkrow|Moxie|boost\n|-boost|p2a: Honchkrow|atk|1\n|-damage|p2a: Honchkrow|0 fnt|[from] Recoil\n|faint|p2a: Honchkrow\n|\n|upkeep\n|inactive|Time left: 300 sec this turn | 300 sec total | 5 sec grace\n|\n|t:|1783553467\n|switch|p1a: Blastoise|Blastoise, L80, M|100/100\n|switch|p2a: Zebstrika|Zebstrika, L87, M|272/272\n|turn|6\n|inactive|Time left: 300 sec this turn | 300 sec total\n|\n|t:|1783553468\n|switch|p1a: Blaziken|Blaziken, L76, F|100/100\n|move|p2a: Zebstrika|Supercell Slam|p1a: Blaziken\n|-damage|p1a: Blaziken|22/100\n|-damage|p2a: Zebstrika|245/272|[from] item: Life Orb\n|\n|upkeep\n|turn|7\n|inactive|Time left: 300 sec this turn | 300 sec total\n|\n|t:|1783553469\n|move|p2a: Zebstrika|Supercell Slam|p1a: Blaziken\n|-damage|p1a: Blaziken|0 fnt\n|faint|p1a: Blaziken\n|-damage|p2a: Zebstrika|218/272|[from] item: Life Orb\n|\n|upkeep\n|\n|t:|1783553470\n|switch|p1a: Vivillon|Vivillon-Polar, L83, M|100/100\n|turn|8\n|inactive|Time left: 300 sec this turn | 300 sec total\n|\n|t:|1783553471\n|move|p2a: Zebstrika|Supercell Slam|p1a: Vivillon\n|-supereffective|p1a: Vivillon\n|-damage|p1a: Vivillon|0 fnt\n|faint|p1a: Vivillon\n|-damage|p2a: Zebstrika|191/272|[from] item: Life Orb\n|\n|upkeep\n|\n|t:|1783553472\n|switch|p1a: Blastoise|Blastoise, L80, M|100/100\n|turn|9\n|inactive|Time left: 300 sec this turn | 300 sec total\n|\n|t:|1783553473\n|move|p2a: Zebstrika|Supercell Slam|p1a: Blastoise\n|-supereffective|p1a: Blastoise\n|-damage|p1a: Blastoise|0 fnt\n|faint|p1a: Blastoise\n|-damage|p2a: Zebstrika|164/272|[from] item: Life Orb\n|\n|win|p0y12363c5f", "uploadtime": 1783553473, "views": 0, "rating": 0, "private": 0, "password": null, "_winner": "p0y12363c5f", "_our_name": "p0y12363c5f"}