{"id": "battle-gen9randombattle-1706", "formatid": "gen9randombattle", "format": "[Gen 9] Random Battle", "players": ["p0x1706ce96", "p0y1706845b"], "log": "|init|battle\n|title|p0x1706ce96 vs. p0y1706845b\n|j|\u2606p0x1706ce96\n|j|\u2606p0y1706845b\n|t:|1783559761\n|gametype|singles\n|player|p1|p0x1706ce96|169|\n|player|p2|p0y1706845b|102|\n|gen|9\n|tier|[Gen 9] Random Battle\n|rule|Species Clause: Limit one of each Pok\u00e9mon\n|rule|HP Percentage Mod: HP is shown in percentages\n|rule|Sleep Clause Mod: Limit one foe put to sleep\n|rule|Illusion Level Mod: Illusion disguises the Pok\u00e9mon's true level\n|\n|t:|1783559761\n|teamsize|p1|6\n|teamsize|p2|6\n|start\n|switch|p1a: Krookodile|Krookodile, L79, F|280/280\n|switch|p2a: Clodsire|Clodsire, L81, F|100/100\n|-ability|p1a: Krookodile|Intimidate|boost\n|-unboost|p2a: Clodsire|atk|1\n|turn|1\n|inactive|Battle timer is ON: inactive players will automatically lose when time's up. (requested by p0x1706ce96)\n|inactive|p0y1706845b also wants the timer to be on.\n|\n|t:|1783559762\n|switch|p2a: Persian|Persian-Alola, L86, M|100/100\n|move|p1a: Krookodile|Earthquake|p2a: Persian\n|-damage|p2a: Persian|61/100\n|-damage|p1a: Krookodile|252/280|[from] item: Life Orb\n|\n|upkeep\n|turn|2\n|inactive|Time left: 300 sec this turn | 300 sec total\n|\n|t:|1783559764\n|move|p2a: Persian|Nasty Plot|p2a: Persian\n|-boost|p2a: Persian|spa|2\n|move|p1a: Krookodile|Stealth Rock|p2a: Persian\n|-sidestart|p2: p0y1706845b|move: Stealth Rock\n|\n|upkeep\n|turn|3\n|inactive|Time left: 300 sec this turn | 300 sec total\n|\n|t:|1783559765\n|move|p2a: Persian|Dark Pulse|p1a: Krookodile\n|-resisted|p1a: Krookodile\n|-damage|p1a: Krookodile|138/280\n|-damage|p2a: Persian|51/100|[from] item: Life Orb\n|move|p1a: Krookodile|Earthquake|p2a: Persian\n|-damage|p2a: Persian|17/100\n|-damage|p1a: Krookodile|110/280|[from] item: Life Orb\n|\n|upkeep\n|turn|4\n|inactive|Time left: 300 sec this turn | 300 sec total\n|\n|t:|1783559766\n|switch|p1a: Kingambit|Kingambit, L74, M|270/270\n|move|p2a: Persian|Dark Pulse|p1a: Kingambit\n|-resisted|p1a: Kingambit\n|-damage|p1a: Kingambit|163/270\n|-damage|p2a: Persian|7/100|[from] item: Life Orb\n|\n|-heal|p1a: Kingambit|179/270|[from] item: Leftovers\n|upkeep\n|turn|5\n|inactive|Time left: 300 sec this turn | 300 sec total\n|\n|t:|1783559767\n|move|p2a: Persian|Thunderbolt|p1a: Kingambit\n|-damage|p1a: Kingambit|17/270\n|-damage|p2a: Persian|0 fnt|[from] item: Life Orb\n|faint|p2a: Persian\n|move|p1a: Kingambit|Swords Dance|p1a: Kingambit\n|-boost|p1a: Kingambit|atk|2\n|\n|-heal|p1a: Kingambit|33/270|[from] item: Leftovers\n|upkeep\n|\n|t:|1783559768\n|switch|p2a: Kyurem|Kyurem, L77|100/100\n|-ability|p2a: Kyurem|Pressure\n|turn|6\n|inactive|Time left: 300 sec this turn | 300 sec total\n|\n|t:|1783559769\n|move|p1a: Kingambit|Sucker Punch|p2a: Kyurem\n|-damage|p2a: Kyurem|50/100\n|move|p2a: Kyurem|Freeze-Dry|p1a: Kingambit\n|-resisted|p1a: Kingambit\n|-damage|p1a: Kingambit|0 fnt\n|faint|p1a: Kingambit\n|-end|p1a: Kingambit|fallenundefined|[silent]\n|\n|upkeep\n|inactive|Time left: 300 sec this turn | 300 sec total | 5 sec grace\n|\n|t:|1783559770\n|switch|p1a: Politoed|Politoed, L88, M|302/302\n|-weather|RainDance|[from] ability: Drizzle|[of] p1a: Politoed\n|turn|7\n|inactive|Time left: 300 sec this turn | 300 sec total\n|\n|t:|1783559771\n|move|p2a: Kyurem|Freeze-Dry|p1a: Politoed\n|-supereffective|p1a: Politoed\n|-damage|p1a: Politoed|158/302\n|move|p1a: Politoed|Focus Blast|p2a: Kyurem\n|-supereffective|p2a: Kyurem\n|-damage|p2a: Kyurem|0 fnt\n|faint|p2a: Kyurem\n|\n|-weather|RainDance|[upkeep]\n|upkeep\n|\n|t:|1783559772\n|switch|p2a: Forretress|Forretress, L84, F|100/100\n|-damage|p2a: Forretress|88/100|[from] Stealth Rock\n|turn|8\n|inactive|Time left: 300 sec this turn | 300 sec total\n|\n|t:|1783559773\n|move|p1a: Politoed|Focus Blast|p2a: Forretress\n|-damage|p2a: Forretress|21/100\n|move|p2a: Forretress|Rapid Spin|p1a: Politoed\n|-damage|p1a: Politoed|120/302\n|-boost|p2a: Forretress|spe|1\n|-sideend|p2: p0y1706845b|Stealth Rock|[from] move: Rapid Spin|[of] p2a: Forretress\n|\n|-weather|RainDance|[upkeep]\n|-heal|p2a: Forretress|27/100|[from] item: Leftovers\n|upkeep\n|turn|9\n|inactive|Time left: 300 sec this turn | 300 sec total\n|\n|t:|1783559774\n|move|p1a: Politoed|Focus Blast|p2a: Forretress\n|-damage|p2a: Forretress|0 fnt\n|faint|p2a: Forretress\n|\n|-weather|RainDance|[upkeep]\n|upkeep\n|\n|t:|1783559775\n|switch|p2a: Darkrai|Darkrai, L77|100/100\n|turn|10\n|inactive|Time left: 300 sec this turn | 300 sec total\n|\n|t:|1783559776\n|-terastallize|p2a: Darkrai|Poison\n|move|p2a: Darkrai|Nasty Plot|p2a: Darkrai\n|-boost|p2a: Darkrai|spa|2\n|move|p1a: Politoed|Focus Blast|p2a: Darkrai\n|-resisted|p2a: Darkrai\n|-damage|p2a: Darkrai|70/100\n|\n|-weather|RainDance|[upkeep]\n|-heal|p2a: Darkrai|76/100|[from] item: Leftovers\n|upkeep\n|turn|11\n|inactive|Time left: 300 sec this turn | 300 sec total\n|\n|t:|1783559777\n|switch|p1a: Krookodile|Krookodile, L79, F|110/280\n|-ability|p1a: Krookodile|Intimidate|boost\n|-unboost|p2a: Darkrai|atk|1\n|move|p2a: Darkrai|Sludge Bomb|p1a: Krookodile\n|-resisted|p1a: Krookodile\n|-damage|p1a: Krookodile|0 fnt\n|faint|p1a: Krookodile\n|\n|-weather|none\n|-heal|p2a: Darkrai|82/100|[from] item: Leftovers\n|upkeep\n|inactive|Time left: 300 sec this turn | 300 sec total | 5 sec grace\n|\n|t:|1783559778\n|switch|p1a: Jolteon|Jolteon, L84, F|246/246\n|turn|12\n|inactive|Time left: 300 sec this turn | 300 sec total\n|\n|t:|1783559779\n|-terastallize|p1a: Jolteon|Electric\n|move|p1a: Jolteon|Thunderbolt|p2a: Darkrai\n|-damage|p2a: Darkrai|4/100\n|-damage|p1a: Jolteon|222/246|[from] item: Life Orb\n|move|p2a: Darkrai|Sludge Bomb|p1a: Jolteon\n|-damage|p1a: Jolteon|24/246\n|-status|p1a: Jolteon|psn\n|\n|-heal|p2a: Darkrai|10/100|[from] item: Leftovers\n|-damage|p1a: Jolteon|0 fnt|[from] psn\n|faint|p1a: Jolteon\n|upkeep\n|inactive|Time left: 300 sec this turn | 300 sec total | 5 sec grace\n|\n|t:|1783559780\n|switch|p1a: Tatsugiri|Tatsugiri, L87, M|260/260\n|turn|13\n|inactive|Time left: 300 sec this turn | 300 sec total\n|\n|t:|1783559781\n|move|p2a: Darkrai|Dark Pulse|p1a: Tatsugiri\n|-damage|p1a: Tatsugiri|83/260\n|cant|p1a: Tatsugiri|flinch\n|\n|-heal|p2a: Darkrai|16/100|[from] item: Leftovers\n|upkeep\n|turn|14\n|inactive|Time left: 300 sec this turn | 300 sec total\n|\n|t:|1783559782\n|move|p2a: Darkrai|Dark Pulse|p1a: Tatsugiri\n|-damage|p1a: Tatsugiri|0 fnt\n|faint|p1a: Tatsugiri\n|\n|-heal|p2a: Darkrai|22/100|[from] item: Leftovers\n|upkeep\n|inactive|Time left: 300 sec this turn | 300 sec total | 5 sec grace\n|\n|t:|1783559782\n|switch|p1a: Serperior|Serperior, L79, M|248/248\n|turn|15\n|inactive|Time left: 300 sec this turn | 300 sec total\n|\n|t:|1783559783\n|move|p2a: Darkrai|Sludge Bomb|p1a: Serperior\n|-supereffective|p1a: Serperior\n|-damage|p1a: Serperior|0 fnt\n|faint|p1a: Serperior\n|\n|-heal|p2a: Darkrai|28/100|[from] item: Leftovers\n|upkeep\n|inactive|Time left: 300 sec this turn | 300 sec total | 5 sec grace\n|\n|t:|1783559784\n|switch|p1a: Politoed|Politoed, L88, M|120/302\n|-weather|RainDance|[from] ability: Drizzle|[of] p1a: Politoed\n|turn|16\n|inactive|Time left: 300 sec this turn | 300 sec total\n|\n|t:|1783559785\n|move|p2a: Darkrai|Dark Pulse|p1a: Politoed\n|-damage|p1a: Politoed|0 fnt\n|faint|p1a: Politoed\n|\n|win|p0y1706845b", "uploadtime": 1783559785, "views": 0, "rating": 0, "private": 0, "password": null, "_winner": "p0y1706845b", "_our_name": "p0x1706ce96"}