{"id": "battle-gen9randombattle-219", "formatid": "gen9randombattle", "format": "[Gen 9] Random Battle", "players": ["p0x219af73", "p0y2198ead"], "log": "|init|battle\n|title|p0x219af73 vs. p0y2198ead\n|j|\u2606p0x219af73\n|j|\u2606p0y2198ead\n|t:|1783541632\n|gametype|singles\n|player|p1|p0x219af73|266|\n|player|p2|p0y2198ead|2|\n|gen|9\n|tier|[Gen 9] Random Battle\n|rule|Species Clause: Limit one of each Pok\u00e9mon\n|rule|HP Percentage Mod: HP is shown in percentages\n|rule|Sleep Clause Mod: Limit one foe put to sleep\n|rule|Illusion Level Mod: Illusion disguises the Pok\u00e9mon's true level\n|\n|t:|1783541632\n|teamsize|p1|6\n|teamsize|p2|6\n|start\n|switch|p1a: Grafaiai|Grafaiai, L86, F|249/249\n|switch|p2a: Magnezone|Magnezone, L85|100/100\n|turn|1\n|inactive|Battle timer is ON: inactive players will automatically lose when time's up. (requested by p0x219af73)\n|inactive|p0y2198ead also wants the timer to be on.\n|\n|t:|1783541633\n|move|p1a: Grafaiai|Parting Shot|p2a: Magnezone\n|-unboost|p2a: Magnezone|atk|1\n|-unboost|p2a: Magnezone|spa|1\n|inactive|Time left: 300 sec this turn | 300 sec total | 65 sec grace\n|\n|t:|1783541635\n|switch|p1a: Dipplin|Dipplin, L88, F|284/284|[from] Parting Shot\n|move|p2a: Magnezone|Flash Cannon|p1a: Dipplin\n|-damage|p1a: Dipplin|232/284\n|\n|upkeep\n|turn|2\n|inactive|Time left: 300 sec this turn | 300 sec total\n|\n|t:|1783541636\n|switch|p2a: Fezandipiti|Fezandipiti, L82, M|100/100\n|move|p1a: Dipplin|Giga Drain|p2a: Fezandipiti\n|-resisted|p2a: Fezandipiti\n|-damage|p2a: Fezandipiti|89/100\n|-heal|p1a: Dipplin|248/284|[from] drain|[of] p2a: Fezandipiti\n|\n|-heal|p2a: Fezandipiti|95/100|[from] item: Leftovers\n|upkeep\n|turn|3\n|inactive|Time left: 300 sec this turn | 300 sec total\n|\n|t:|1783541637\n|move|p2a: Fezandipiti|Moonblast|p1a: Dipplin\n|-supereffective|p1a: Dipplin\n|-damage|p1a: Dipplin|150/284\n|-status|p1a: Dipplin|tox|[from] ability: Toxic Chain|[of] p2a: Fezandipiti\n|move|p1a: Dipplin|Giga Drain|p2a: Fezandipiti\n|-resisted|p2a: Fezandipiti\n|-damage|p2a: Fezandipiti|84/100\n|-heal|p1a: Dipplin|166/284 tox|[from] drain|[of] p2a: Fezandipiti\n|\n|-heal|p2a: Fezandipiti|90/100|[from] item: Leftovers\n|-damage|p1a: Dipplin|149/284 tox|[from] psn\n|upkeep\n|turn|4\n|inactive|Time left: 300 sec this turn | 300 sec total\n|\n|t:|1783541638\n|move|p2a: Fezandipiti|Gunk Shot|p1a: Dipplin\n|-supereffective|p1a: Dipplin\n|-crit|p1a: Dipplin\n|-damage|p1a: Dipplin|0 fnt\n|faint|p1a: Dipplin\n|\n|-heal|p2a: Fezandipiti|96/100|[from] item: Leftovers\n|upkeep\n|inactive|Time left: 300 sec this turn | 300 sec total | 5 sec grace\n|\n|t:|1783541639\n|switch|p1a: Toucannon|Toucannon, L88, M|284/284\n|turn|5\n|inactive|Time left: 300 sec this turn | 300 sec total\n|\n|t:|1783541641\n|-singleturn|p1a: Toucannon|move: Beak Blast\n|move|p2a: Fezandipiti|Moonblast|p1a: Toucannon\n|-damage|p1a: Toucannon|196/284\n|move|p1a: Toucannon|Beak Blast|p2a: Fezandipiti\n|-damage|p2a: Fezandipiti|38/100\n|\n|-heal|p2a: Fezandipiti|44/100|[from] item: Leftovers\n|upkeep\n|turn|6\n|inactive|Time left: 300 sec this turn | 300 sec total\n|\n|t:|1783541642\n|-singleturn|p1a: Toucannon|move: Beak Blast\n|move|p2a: Fezandipiti|Roost|p2a: Fezandipiti\n|-heal|p2a: Fezandipiti|94/100\n|-singleturn|p2a: Fezandipiti|move: Roost\n|move|p1a: Toucannon|Beak Blast|p2a: Fezandipiti\n|-damage|p2a: Fezandipiti|39/100\n|\n|-heal|p2a: Fezandipiti|45/100|[from] item: Leftovers\n|upkeep\n|turn|7\n|inactive|Time left: 300 sec this turn | 300 sec total\n|\n|t:|1783541643\n|-singleturn|p1a: Toucannon|move: Beak Blast\n|move|p2a: Fezandipiti|Roost|p2a: Fezandipiti\n|-heal|p2a: Fezandipiti|95/100\n|-singleturn|p2a: Fezandipiti|move: Roost\n|move|p1a: Toucannon|Beak Blast|p2a: Fezandipiti\n|-damage|p2a: Fezandipiti|38/100\n|\n|-heal|p2a: Fezandipiti|44/100|[from] item: Leftovers\n|upkeep\n|turn|8\n|inactive|Time left: 300 sec this turn | 300 sec total\n|\n|t:|1783541644\n|-singleturn|p1a: Toucannon|move: Beak Blast\n|move|p2a: Fezandipiti|Roost|p2a: Fezandipiti\n|-heal|p2a: Fezandipiti|94/100\n|-singleturn|p2a: Fezandipiti|move: Roost\n|move|p1a: Toucannon|Beak Blast|p2a: Fezandipiti\n|-damage|p2a: Fezandipiti|36/100\n|\n|-heal|p2a: Fezandipiti|42/100|[from] item: Leftovers\n|upkeep\n|turn|9\n|inactive|Time left: 300 sec this turn | 300 sec total\n|\n|t:|1783541645\n|-singleturn|p1a: Toucannon|move: Beak Blast\n|move|p2a: Fezandipiti|Roost|p2a: Fezandipiti\n|-heal|p2a: Fezandipiti|92/100\n|-singleturn|p2a: Fezandipiti|move: Roost\n|move|p1a: Toucannon|Beak Blast|p2a: Fezandipiti\n|-damage|p2a: Fezandipiti|36/100\n|\n|-heal|p2a: Fezandipiti|43/100|[from] item: Leftovers\n|upkeep\n|turn|10\n|inactive|Time left: 300 sec this turn | 300 sec total\n|\n|t:|1783541646\n|-singleturn|p1a: Toucannon|move: Beak Blast\n|move|p2a: Fezandipiti|Roost|p2a: Fezandipiti\n|-heal|p2a: Fezandipiti|93/100\n|-singleturn|p2a: Fezandipiti|move: Roost\n|move|p1a: Toucannon|Beak Blast|p2a: Fezandipiti\n|-damage|p2a: Fezandipiti|36/100\n|\n|-heal|p2a: Fezandipiti|42/100|[from] item: Leftovers\n|upkeep\n|turn|11\n|inactive|Time left: 300 sec this turn | 300 sec total\n|\n|t:|1783541648\n|-singleturn|p1a: Toucannon|move: Beak Blast\n|move|p2a: Fezandipiti|Roost|p2a: Fezandipiti\n|-heal|p2a: Fezandipiti|92/100\n|-singleturn|p2a: Fezandipiti|move: Roost\n|move|p1a: Toucannon|Beak Blast|p2a: Fezandipiti\n|-damage|p2a: Fezandipiti|35/100\n|\n|-heal|p2a: Fezandipiti|41/100|[from] item: Leftovers\n|upkeep\n|turn|12\n|inactive|Time left: 300 sec this turn | 300 sec total\n|\n|t:|1783541649\n|-singleturn|p1a: Toucannon|move: Beak Blast\n|move|p2a: Fezandipiti|Roost|p2a: Fezandipiti\n|-heal|p2a: Fezandipiti|91/100\n|-singleturn|p2a: Fezandipiti|move: Roost\n|move|p1a: Toucannon|Beak Blast|p2a: Fezandipiti\n|-damage|p2a: Fezandipiti|42/100\n|\n|-heal|p2a: Fezandipiti|48/100|[from] item: Leftovers\n|upkeep\n|turn|13\n|inactive|Time left: 300 sec this turn | 300 sec total\n|\n|t:|1783541650\n|-singleturn|p1a: Toucannon|move: Beak Blast\n|move|p2a: Fezandipiti|Roost|p2a: Fezandipiti\n|-heal|p2a: Fezandipiti|98/100\n|-singleturn|p2a: Fezandipiti|move: Roost\n|move|p1a: Toucannon|Beak Blast|p2a: Fezandipiti\n|-damage|p2a: Fezandipiti|43/100\n|\n|-heal|p2a: Fezandipiti|49/100|[from] item: Leftovers\n|upkeep\n|turn|14\n|inactive|Time left: 300 sec this turn | 300 sec total\n|\n|t:|1783541651\n|-singleturn|p1a: Toucannon|move: Beak Blast\n|move|p2a: Fezandipiti|Moonblast|p1a: Toucannon\n|-damage|p1a: Toucannon|118/284\n|move|p1a: Toucannon|Beak Blast|p2a: Fezandipiti\n|-damage|p2a: Fezandipiti|0 fnt\n|faint|p2a: Fezandipiti\n|\n|upkeep\n|\n|t:|1783541651\n|switch|p2a: Cinderace|Cinderace, L77, M|100/100\n|turn|15\n|inactive|Time left: 300 sec this turn | 300 sec total\n|\n|t:|1783541652\n|switch|p1a: Chandelure|Chandelure, L83, F|235/235\n|move|p2a: Cinderace|Pyro Ball|p1a: Chandelure\n|-start|p1a: Chandelure|ability: Flash Fire\n|\n|upkeep\n|turn|16\n|inactive|Time left: 300 sec this turn | 300 sec total\n|\n|t:|1783541653\n|switch|p2a: Slowking|Slowking, L88, M|100/100\n|move|p1a: Chandelure|Fire Blast|p2a: Slowking|[miss]\n|-miss|p1a: Chandelure|p2a: Slowking\n|\n|upkeep\n|turn|17\n|inactive|Time left: 300 sec this turn | 300 sec total\n|\n|t:|1783541654\n|move|p1a: Chandelure|Calm Mind|p1a: Chandelure\n|-boost|p1a: Chandelure|spa|1\n|-boost|p1a: Chandelure|spd|1\n|move|p2a: Slowking|Scald|p1a: Chandelure\n|-supereffective|p1a: Chandelure\n|-damage|p1a: Chandelure|95/235\n|\n|upkeep\n|turn|18\n|inactive|Time left: 300 sec this turn | 300 sec total\n|\n|t:|1783541655\n|-terastallize|p1a: Chandelure|Ghost\n|move|p1a: Chandelure|Shadow Ball|p2a: Slowking\n|-supereffective|p2a: Slowking\n|-damage|p2a: Slowking|0 fnt\n|faint|p2a: Slowking\n|\n|upkeep\n|\n|t:|1783541656\n|switch|p2a: Zarude|Zarude, L77|100/100\n|turn|19\n|inactive|Time left: 300 sec this turn | 300 sec total\n|\n|t:|1783541657\n|-end|p1a: Chandelure|ability: Flash Fire|[silent]\n|switch|p1a: Muk|Muk-Alola, L82, M|306/306\n|move|p2a: Zarude|Knock Off|p1a: Muk\n|-resisted|p1a: Muk\n|-damage|p1a: Muk|227/306\n|-enditem|p1a: Muk|Assault Vest|[from] move: Knock Off|[of] p2a: Zarude\n|-damage|p2a: Zarude|91/100|[from] item: Life Orb\n|\n|upkeep\n|turn|20\n|inactive|Time left: 300 sec this turn | 300 sec total\n|\n|t:|1783541657\n|move|p2a: Zarude|Swords Dance|p2a: Zarude\n|-boost|p2a: Zarude|atk|2\n|move|p1a: Muk|Drain Punch|p2a: Zarude\n|-supereffective|p2a: Zarude\n|-damage|p2a: Zarude|54/100\n|-heal|p1a: Muk|280/306|[from] drain|[of] p2a: Zarude\n|-status|p2a: Zarude|psn|[from] ability: Poison Touch|[of] p1a: Muk\n|\n|-damage|p2a: Zarude|41/100 psn|[from] psn\n|upkeep\n|turn|21\n|inactive|Time left: 300 sec this turn | 300 sec total\n|\n|t:|1783541658\n|move|p2a: Zarude|Close Combat|p1a: Muk\n|-damage|p1a: Muk|40/306\n|-unboost|p2a: Zarude|def|1\n|-unboost|p2a: Zarude|spd|1\n|-damage|p2a: Zarude|32/100 psn|[from] item: Life Orb\n|move|p1a: Muk|Drain Punch|p2a: Zarude\n|-supereffective|p2a: Zarude\n|-damage|p2a: Zarude|0 fnt\n|-heal|p1a: Muk|85/306|[from] drain|[of] p2a: Zarude\n|faint|p2a: Zarude\n|\n|upkeep\n|\n|t:|1783541659\n|switch|p2a: Magnezone|Magnezone, L85|100/100\n|turn|22\n|inactive|Time left: 300 sec this turn | 300 sec total\n|\n|t:|1783541660\n|move|p2a: Magnezone|Thunderbolt|p1a: Muk\n|-damage|p1a: Muk|0 fnt\n|faint|p1a: Muk\n|\n|upkeep\n|inactive|Time left: 300 sec this turn | 300 sec total | 5 sec grace\n|\n|t:|1783541661\n|switch|p1a: Breloom|Breloom, L83, M|235/235\n|turn|23\n|inactive|Time left: 300 sec this turn | 300 sec total\n|\n|t:|1783541662\n|move|p1a: Breloom|Spore|p2a: Magnezone\n|-status|p2a: Magnezone|slp|[from] move: Spore\n|cant|p2a: Magnezone|slp\n|\n|upkeep\n|turn|24\n|inactive|Time left: 300 sec this turn | 300 sec total\n|\n|t:|1783541663\n|move|p1a: Breloom|Mach Punch|p2a: Magnezone\n|-supereffective|p2a: Magnezone\n|-damage|p2a: Magnezone|39/100 slp\n|-damage|p1a: Breloom|212/235|[from] item: Life Orb\n|cant|p2a: Magnezone|slp\n|\n|upkeep\n|turn|25\n|inactive|Time left: 300 sec this turn | 300 sec total\n|\n|t:|1783541664\n|move|p1a: Breloom|Mach Punch|p2a: Magnezone\n|-supereffective|p2a: Magnezone\n|-damage|p2a: Magnezone|0 fnt\n|faint|p2a: Magnezone\n|-damage|p1a: Breloom|189/235|[from] item: Life Orb\n|\n|upkeep\n|\n|t:|1783541665\n|switch|p2a: Cinderace|Cinderace, L77, M|100/100\n|turn|26\n|inactive|Time left: 300 sec this turn | 300 sec total\n|\n|t:|1783541666\n|switch|p1a: Chandelure|Chandelure, L83, F, tera:Ghost|95/235\n|move|p2a: Cinderace|Gunk Shot|p1a: Chandelure\n|-start|p2a: Cinderace|typechange|Poison|[from] ability: Libero\n|-resisted|p1a: Chandelure\n|-damage|p1a: Chandelure|7/235\n|-status|p1a: Chandelure|psn\n|\n|-damage|p1a: Chandelure|0 fnt|[from] psn\n|faint|p1a: Chandelure\n|upkeep\n|inactive|Time left: 300 sec this turn | 300 sec total | 5 sec grace\n|\n|t:|1783541667\n|switch|p1a: Grafaiai|Grafaiai, L86, F|249/249\n|turn|27\n|inactive|Time left: 300 sec this turn | 300 sec total\n|\n|t:|1783541668\n|move|p1a: Grafaiai|Knock Off|p2a: Cinderace\n|-damage|p2a: Cinderace|63/100\n|-enditem|p2a: Cinderace|Choice Band|[from] move: Knock Off|[of] p1a: Grafaiai\n|move|p2a: Cinderace|Gunk Shot|p1a: Grafaiai|[miss]\n|-miss|p2a: Cinderace|p1a: Grafaiai\n|\n|upkeep\n|turn|28\n|inactive|Time left: 300 sec this turn | 300 sec total\n|\n|t:|1783541669\n|move|p1a: Grafaiai|Gunk Shot|p2a: Cinderace\n|-resisted|p2a: Cinderace\n|-damage|p2a: Cinderace|33/100\n|move|p2a: Cinderace|Gunk Shot|p1a: Grafaiai\n|-resisted|p1a: Grafaiai\n|-damage|p1a: Grafaiai|171/249\n|\n|upkeep\n|turn|29\n|inactive|Time left: 300 sec this turn | 300 sec total\n|\n|t:|1783541670\n|move|p1a: Grafaiai|Gunk Shot|p2a: Cinderace\n|-resisted|p2a: Cinderace\n|-damage|p2a: Cinderace|0 fnt\n|faint|p2a: Cinderace\n|\n|upkeep\n|\n|t:|1783541671\n|switch|p2a: Greedent|Greedent, L86, F|100/100\n|turn|30\n|inactive|Time left: 300 sec this turn | 300 sec total\n|\n|t:|1783541672\n|move|p1a: Grafaiai|Parting Shot|p2a: Greedent\n|-unboost|p2a: Greedent|atk|1\n|-unboost|p2a: Greedent|spa|1\n|inactive|Time left: 300 sec this turn | 300 sec total | 5 sec grace\n|\n|t:|1783541673\n|switch|p1a: Breloom|Breloom, L83, M|189/235|[from] Parting Shot\n|move|p2a: Greedent|Swords Dance|p2a: Greedent\n|-boost|p2a: Greedent|atk|2\n|\n|upkeep\n|turn|31\n|inactive|Time left: 300 sec this turn | 300 sec total\n|\n|t:|1783541674\n|move|p1a: Breloom|Spore|p2a: Greedent\n|-status|p2a: Greedent|slp|[from] move: Spore\n|cant|p2a: Greedent|slp\n|\n|upkeep\n|turn|32\n|inactive|Time left: 300 sec this turn | 300 sec total\n|\n|t:|1783541675\n|move|p1a: Breloom|Bullet Seed|p2a: Greedent\n|-damage|p2a: Greedent|85/100 slp\n|-damage|p2a: Greedent|69/100 slp\n|-damage|p2a: Greedent|53/100 slp\n|-hitcount|p2a: Greedent|3\n|-damage|p1a: Breloom|166/235|[from] item: Life Orb\n|-curestatus|p2a: Greedent|slp|[msg]\n|move|p2a: Greedent|Body Slam|p1a: Breloom\n|-damage|p1a: Breloom|25/235\n|\n|upkeep\n|turn|33\n|inactive|Time left: 300 sec this turn | 300 sec total\n|\n|t:|1783541676\n|move|p1a: Breloom|Bullet Seed|p2a: Greedent\n|-damage|p2a: Greedent|37/100\n|-enditem|p2a: Greedent|Sitrus Berry|[eat]\n|-heal|p2a: Greedent|62/100|[from] item: Sitrus Berry\n|-heal|p2a: Greedent|95/100|[from] ability: Cheek Pouch\n|-damage|p2a: Greedent|79/100\n|-hitcount|p2a: Greedent|2\n|-damage|p1a: Breloom|2/235|[from] item: Life Orb\n|move|p2a: Greedent|Earthquake|p1a: Breloom\n|-resisted|p1a: Breloom\n|-damage|p1a: Breloom|0 fnt\n|faint|p1a: Breloom\n|\n|upkeep\n|inactive|Time left: 300 sec this turn | 300 sec total | 5 sec grace\n|\n|t:|1783541677\n|switch|p1a: Grafaiai|Grafaiai, L86, F|171/249\n|turn|34\n|inactive|Time left: 300 sec this turn | 300 sec total\n|\n|t:|1783541678\n|-terastallize|p2a: Greedent|Ground\n|move|p1a: Grafaiai|Encore|p2a: Greedent\n|-start|p2a: Greedent|Encore\n|move|p2a: Greedent|Earthquake|p1a: Grafaiai\n|-supereffective|p1a: Grafaiai\n|-damage|p1a: Grafaiai|0 fnt\n|faint|p1a: Grafaiai\n|\n|upkeep\n|inactive|Time left: 300 sec this turn | 300 sec total | 5 sec grace\n|\n|t:|1783541679\n|switch|p1a: Toucannon|Toucannon, L88, M|118/284\n|turn|35\n|inactive|Time left: 300 sec this turn | 300 sec total\n|\n|t:|1783541680\n|move|p1a: Toucannon|Boomburst|p2a: Greedent\n|-damage|p2a: Greedent|36/100\n|move|p2a: Greedent|Earthquake|p1a: Toucannon\n|-immune|p1a: Toucannon\n|\n|upkeep\n|turn|36\n|inactive|Time left: 300 sec this turn | 300 sec total\n|\n|t:|1783541681\n|move|p1a: Toucannon|Boomburst|p2a: Greedent\n|-damage|p2a: Greedent|0 fnt\n|faint|p2a: Greedent\n|\n|win|p0x219af73", "uploadtime": 1783541681, "views": 0, "rating": 0, "private": 0, "password": null, "_winner": "p0x219af73", "_our_name": "p0x219af73"}