{"id": "battle-gen9randombattle-2712", "formatid": "gen9randombattle", "format": "[Gen 9] Random Battle", "players": ["p0x27122009", "p0y27126c82"], "log": "|init|battle\n|title|p0x27122009 vs. p0y27126c82\n|j|\u2606p0x27122009\n|j|\u2606p0y27126c82\n|t:|1783570268\n|gametype|singles\n|player|p1|p0x27122009|170|\n|player|p2|p0y27126c82|2|\n|gen|9\n|tier|[Gen 9] Random Battle\n|rule|Species Clause: Limit one of each Pok\u00e9mon\n|rule|HP Percentage Mod: HP is shown in percentages\n|rule|Sleep Clause Mod: Limit one foe put to sleep\n|rule|Illusion Level Mod: Illusion disguises the Pok\u00e9mon's true level\n|\n|t:|1783570268\n|teamsize|p1|6\n|teamsize|p2|6\n|start\n|switch|p1a: Mamoswine|Mamoswine, L81, M|311/311\n|switch|p2a: Typhlosion|Typhlosion, L84, M|100/100\n|turn|1\n|inactive|Battle timer is ON: inactive players will automatically lose when time's up. (requested by p0y27126c82)\n|inactive|Time left: 300 sec this turn | 300 sec total | 60 sec grace\n|inactive|p0x27122009 also wants the timer to be on.\n|\n|t:|1783570269\n|switch|p1a: Volcanion|Volcanion, L79|255/255\n|-terastallize|p2a: Typhlosion|Fire\n|move|p2a: Typhlosion|Eruption|p1a: Volcanion\n|-resisted|p1a: Volcanion\n|-damage|p1a: Volcanion|197/255\n|\n|upkeep\n|turn|2\n|inactive|Time left: 300 sec this turn | 300 sec total\n|\n|t:|1783570270\n|switch|p2a: Moltres|Moltres-Galar, L79|100/100\n|move|p1a: Volcanion|Steam Eruption|p2a: Moltres\n|-damage|p2a: Moltres|61/100\n|-status|p2a: Moltres|brn\n|\n|-damage|p2a: Moltres|55/100 brn|[from] brn\n|upkeep\n|turn|3\n|inactive|Time left: 300 sec this turn | 300 sec total\n|\n|t:|1783570271\n|move|p1a: Volcanion|Steam Eruption|p2a: Moltres\n|-damage|p2a: Moltres|16/100 brn\n|-ability|p2a: Moltres|Berserk|boost\n|-boost|p2a: Moltres|spa|1\n|move|p2a: Moltres|Rest|p2a: Moltres\n|-status|p2a: Moltres|slp|[from] move: Rest\n|-heal|p2a: Moltres|100/100 slp|[silent]\n|-enditem|p2a: Moltres|Chesto Berry|[eat]\n|-curestatus|p2a: Moltres|slp|[msg]\n|\n|upkeep\n|turn|4\n|inactive|Time left: 300 sec this turn | 300 sec total\n|\n|t:|1783570272\n|move|p1a: Volcanion|Steam Eruption|p2a: Moltres\n|-damage|p2a: Moltres|61/100\n|move|p2a: Moltres|Fiery Wrath|p1a: Volcanion\n|-damage|p1a: Volcanion|52/255\n|\n|upkeep\n|turn|5\n|inactive|Time left: 300 sec this turn | 300 sec total\n|\n|t:|1783570273\n|move|p1a: Volcanion|Steam Eruption|p2a: Moltres\n|-damage|p2a: Moltres|22/100\n|-status|p2a: Moltres|brn\n|-ability|p2a: Moltres|Berserk|boost\n|-boost|p2a: Moltres|spa|1\n|move|p2a: Moltres|Fiery Wrath|p1a: Volcanion\n|-damage|p1a: Volcanion|0 fnt\n|faint|p1a: Volcanion\n|\n|-damage|p2a: Moltres|16/100 brn|[from] brn\n|upkeep\n|inactive|Time left: 300 sec this turn | 300 sec total | 5 sec grace\n|\n|t:|1783570274\n|switch|p1a: Arceus|Arceus-Grass, L73|296/296\n|turn|6\n|inactive|Time left: 300 sec this turn | 300 sec total\n|\n|t:|1783570275\n|move|p1a: Arceus|Judgment|p2a: Moltres\n|-resisted|p2a: Moltres\n|-damage|p2a: Moltres|0 fnt\n|faint|p2a: Moltres\n|\n|upkeep\n|\n|t:|1783570276\n|switch|p2a: Typhlosion|Typhlosion, L84, M, tera:Fire|100/100\n|turn|7\n|inactive|Time left: 300 sec this turn | 300 sec total\n|\n|t:|1783570277\n|switch|p1a: Suicune|Suicune, L82|298/298\n|-ability|p1a: Suicune|Pressure\n|move|p2a: Typhlosion|Eruption|p1a: Suicune\n|-resisted|p1a: Suicune\n|-damage|p1a: Suicune|206/298\n|\n|-heal|p1a: Suicune|224/298|[from] item: Leftovers\n|upkeep\n|turn|8\n|inactive|Time left: 300 sec this turn | 300 sec total\n|\n|t:|1783570278\n|move|p2a: Typhlosion|Eruption|p1a: Suicune\n|-resisted|p1a: Suicune\n|-damage|p1a: Suicune|122/298\n|move|p1a: Suicune|Scald|p2a: Typhlosion\n|-supereffective|p2a: Typhlosion\n|-crit|p2a: Typhlosion\n|-damage|p2a: Typhlosion|14/100\n|\n|-heal|p1a: Suicune|140/298|[from] item: Leftovers\n|upkeep\n|turn|9\n|inactive|Time left: 300 sec this turn | 300 sec total\n|\n|t:|1783570279\n|switch|p2a: Yanmega|Yanmega, L82, F|100/100\n|move|p1a: Suicune|Scald|p2a: Yanmega\n|-damage|p2a: Yanmega|61/100\n|\n|-heal|p1a: Suicune|158/298|[from] item: Leftovers\n|upkeep\n|turn|10\n|inactive|Time left: 300 sec this turn | 300 sec total\n|\n|t:|1783570280\n|move|p2a: Yanmega|Bug Buzz|p1a: Suicune\n|-damage|p1a: Suicune|40/298\n|move|p1a: Suicune|Calm Mind|p1a: Suicune\n|-boost|p1a: Suicune|spa|1\n|-boost|p1a: Suicune|spd|1\n|\n|-heal|p1a: Suicune|58/298|[from] item: Leftovers\n|upkeep\n|turn|11\n|inactive|Time left: 300 sec this turn | 300 sec total\n|\n|t:|1783570281\n|move|p2a: Yanmega|Bug Buzz|p1a: Suicune\n|-damage|p1a: Suicune|0 fnt\n|faint|p1a: Suicune\n|\n|upkeep\n|inactive|Time left: 300 sec this turn | 300 sec total | 5 sec grace\n|\n|t:|1783570282\n|switch|p1a: Eiscue|Eiscue, L88, F|274/274\n|turn|12\n|inactive|Time left: 300 sec this turn | 300 sec total\n|\n|t:|1783570283\n|move|p2a: Yanmega|Bug Buzz|p1a: Eiscue\n|-damage|p1a: Eiscue|135/274\n|-enditem|p1a: Eiscue|Sitrus Berry|[eat]\n|-heal|p1a: Eiscue|203/274|[from] item: Sitrus Berry\n|move|p1a: Eiscue|Ice Spinner|p2a: Yanmega\n|-supereffective|p2a: Yanmega\n|-damage|p2a: Yanmega|3/100\n|\n|upkeep\n|turn|13\n|inactive|Time left: 300 sec this turn | 300 sec total\n|\n|t:|1783570284\n|move|p2a: Yanmega|Bug Buzz|p1a: Eiscue\n|-damage|p1a: Eiscue|52/274\n|move|p1a: Eiscue|Ice Spinner|p2a: Yanmega\n|-supereffective|p2a: Yanmega\n|-damage|p2a: Yanmega|0 fnt\n|faint|p2a: Yanmega\n|\n|upkeep\n|\n|t:|1783570285\n|switch|p2a: Vigoroth|Vigoroth, L85, F|100/100\n|turn|14\n|inactive|Time left: 300 sec this turn | 300 sec total\n|\n|t:|1783570285\n|move|p2a: Vigoroth|Bulk Up|p2a: Vigoroth\n|-boost|p2a: Vigoroth|atk|1\n|-boost|p2a: Vigoroth|def|1\n|move|p1a: Eiscue|Ice Spinner|p2a: Vigoroth\n|-damage|p2a: Vigoroth|86/100\n|\n|upkeep\n|turn|15\n|inactive|Time left: 300 sec this turn | 300 sec total\n|\n|t:|1783570286\n|switch|p1a: Arceus|Arceus-Grass, L73|296/296\n|move|p2a: Vigoroth|Bulk Up|p2a: Vigoroth\n|-boost|p2a: Vigoroth|atk|1\n|-boost|p2a: Vigoroth|def|1\n|\n|upkeep\n|turn|16\n|inactive|Time left: 300 sec this turn | 300 sec total\n|\n|t:|1783570287\n|move|p1a: Arceus|Calm Mind|p1a: Arceus\n|-boost|p1a: Arceus|spa|1\n|-boost|p1a: Arceus|spd|1\n|move|p2a: Vigoroth|Body Slam|p1a: Arceus\n|-damage|p1a: Arceus|151/296\n|-status|p1a: Arceus|par\n|\n|upkeep\n|turn|17\n|inactive|Time left: 300 sec this turn | 300 sec total\n|\n|t:|1783570288\n|move|p2a: Vigoroth|Body Slam|p1a: Arceus\n|-damage|p1a: Arceus|0 fnt\n|faint|p1a: Arceus\n|\n|upkeep\n|inactive|Time left: 300 sec this turn | 300 sec total | 5 sec grace\n|\n|t:|1783570289\n|switch|p1a: Sableye|Sableye, L88, F|231/231\n|turn|18\n|inactive|Time left: 300 sec this turn | 300 sec total\n|\n|t:|1783570290\n|move|p1a: Sableye|Encore|p2a: Vigoroth\n|-start|p2a: Vigoroth|Encore\n|move|p2a: Vigoroth|Body Slam|p1a: Sableye\n|-immune|p1a: Sableye\n|\n|upkeep\n|turn|19\n|inactive|Time left: 300 sec this turn | 300 sec total\n|\n|t:|1783570290\n|move|p1a: Sableye|Will-O-Wisp|p2a: Vigoroth\n|-status|p2a: Vigoroth|brn\n|move|p2a: Vigoroth|Body Slam|p1a: Sableye\n|-immune|p1a: Sableye\n|\n|-damage|p2a: Vigoroth|80/100 brn|[from] brn\n|upkeep\n|turn|20\n|inactive|Time left: 300 sec this turn | 300 sec total\n|\n|t:|1783570291\n|move|p2a: Vigoroth|Body Slam|p1a: Sableye\n|-immune|p1a: Sableye\n|move|p1a: Sableye|Knock Off|p2a: Vigoroth\n|-damage|p2a: Vigoroth|68/100 brn\n|-enditem|p2a: Vigoroth|Eviolite|[from] move: Knock Off|[of] p1a: Sableye\n|\n|-damage|p2a: Vigoroth|62/100 brn|[from] brn\n|-end|p2a: Vigoroth|Encore\n|upkeep\n|turn|21\n|inactive|Time left: 300 sec this turn | 300 sec total\n|\n|t:|1783570292\n|move|p1a: Sableye|Encore|p2a: Vigoroth\n|-start|p2a: Vigoroth|Encore\n|move|p2a: Vigoroth|Body Slam|p1a: Sableye\n|-immune|p1a: Sableye\n|\n|-damage|p2a: Vigoroth|56/100 brn|[from] brn\n|upkeep\n|turn|22\n|inactive|Time left: 300 sec this turn | 300 sec total\n|\n|t:|1783570293\n|move|p2a: Vigoroth|Body Slam|p1a: Sableye\n|-immune|p1a: Sableye\n|move|p1a: Sableye|Knock Off|p2a: Vigoroth\n|-damage|p2a: Vigoroth|43/100 brn\n|\n|-damage|p2a: Vigoroth|37/100 brn|[from] brn\n|upkeep\n|turn|23\n|inactive|Time left: 300 sec this turn | 300 sec total\n|\n|t:|1783570294\n|move|p2a: Vigoroth|Body Slam|p1a: Sableye\n|-immune|p1a: Sableye\n|move|p1a: Sableye|Knock Off|p2a: Vigoroth\n|-crit|p2a: Vigoroth\n|-damage|p2a: Vigoroth|2/100 brn\n|\n|-damage|p2a: Vigoroth|0 fnt|[from] brn\n|faint|p2a: Vigoroth\n|upkeep\n|\n|t:|1783570295\n|switch|p2a: Typhlosion|Typhlosion, L84, M, tera:Fire|14/100\n|turn|24\n|inactive|Time left: 300 sec this turn | 300 sec total\n|\n|t:|1783570296\n|move|p2a: Typhlosion|Fire Blast|p1a: Sableye\n|-damage|p1a: Sableye|25/231\n|move|p1a: Sableye|Knock Off|p2a: Typhlosion\n|-damage|p2a: Typhlosion|0 fnt\n|-enditem|p2a: Typhlosion|Choice Scarf|[from] move: Knock Off|[of] p1a: Sableye\n|faint|p2a: Typhlosion\n|\n|-heal|p1a: Sableye|39/231|[from] item: Leftovers\n|upkeep\n|\n|t:|1783570297\n|switch|p2a: Basculegion|Basculegion, L80, M|100/100\n|turn|25\n|inactive|Time left: 300 sec this turn | 300 sec total\n|\n|t:|1783570298\n|switch|p1a: Eiscue|Eiscue, L88, F|52/274\n|move|p2a: Basculegion|Aqua Jet|p1a: Eiscue\n|-activate|p1a: Eiscue|ability: Ice Face\n|-damage|p1a: Eiscue|52/274\n|detailschange|p1a: Eiscue|Eiscue-Noice, L88, F\n|\n|upkeep\n|turn|26\n|inactive|Time left: 300 sec this turn | 300 sec total\n|\n|t:|1783570299\n|move|p2a: Basculegion|Aqua Jet|p1a: Eiscue\n|-damage|p1a: Eiscue|0 fnt\n|faint|p1a: Eiscue\n|\n|upkeep\n|inactive|Time left: 300 sec this turn | 300 sec total | 5 sec grace\n|\n|t:|1783570300\n|switch|p1a: Mamoswine|Mamoswine, L81, M|311/311\n|turn|27\n|inactive|Time left: 300 sec this turn | 300 sec total\n|\n|t:|1783570301\n|-terastallize|p1a: Mamoswine|Ice\n|move|p1a: Mamoswine|Earthquake|p2a: Basculegion\n|-damage|p2a: Basculegion|40/100\n|-damage|p1a: Mamoswine|280/311|[from] item: Life Orb\n|move|p2a: Basculegion|Wave Crash|p1a: Mamoswine\n|-damage|p1a: Mamoswine|72/311\n|-damage|p2a: Basculegion|19/100|[from] Recoil\n|\n|upkeep\n|turn|28\n|inactive|Time left: 300 sec this turn | 300 sec total\n|\n|t:|1783570302\n|move|p2a: Basculegion|Aqua Jet|p1a: Mamoswine\n|-damage|p1a: Mamoswine|6/311\n|move|p1a: Mamoswine|Icicle Crash|p2a: Basculegion|[miss]\n|-miss|p1a: Mamoswine|p2a: Basculegion\n|\n|upkeep\n|turn|29\n|inactive|Time left: 300 sec this turn | 300 sec total\n|\n|t:|1783570303\n|move|p1a: Mamoswine|Ice Shard|p2a: Basculegion\n|-resisted|p2a: Basculegion\n|-damage|p2a: Basculegion|1/100\n|-damage|p1a: Mamoswine|0 fnt|[from] item: Life Orb\n|faint|p1a: Mamoswine\n|move|p2a: Basculegion|Aqua Jet|p1: Mamoswine|[notarget]\n|-fail|p2a: Basculegion\n|\n|upkeep\n|inactive|Time left: 300 sec this turn | 300 sec total | 5 sec grace\n|\n|t:|1783570304\n|switch|p1a: Sableye|Sableye, L88, F|39/231\n|turn|30\n|inactive|Time left: 300 sec this turn | 300 sec total\n|\n|t:|1783570305\n|move|p1a: Sableye|Recover|p1a: Sableye\n|-heal|p1a: Sableye|155/231\n|move|p2a: Basculegion|Wave Crash|p1a: Sableye\n|-damage|p1a: Sableye|0 fnt\n|faint|p1a: Sableye\n|-damage|p2a: Basculegion|0 fnt|[from] Recoil\n|faint|p2a: Basculegion\n|\n|win|p0y27126c82", "uploadtime": 1783570305, "views": 0, "rating": 0, "private": 0, "password": null, "_winner": "p0y27126c82", "_our_name": "p0x27122009"}