{"id": "battle-gen9randombattle-102", "formatid": "gen9randombattle", "format": "[Gen 9] Random Battle", "players": ["p0x1020b33", "p0y102771e"], "log": "|init|battle\n|title|p0x1020b33 vs. p0y102771e\n|j|\u2606p0x1020b33\n|j|\u2606p0y102771e\n|t:|1783540360\n|gametype|singles\n|player|p1|p0x1020b33|170|\n|player|p2|p0y102771e|265|\n|gen|9\n|tier|[Gen 9] Random Battle\n|rule|Species Clause: Limit one of each Pok\u00e9mon\n|rule|HP Percentage Mod: HP is shown in percentages\n|rule|Sleep Clause Mod: Limit one foe put to sleep\n|rule|Illusion Level Mod: Illusion disguises the Pok\u00e9mon's true level\n|\n|t:|1783540360\n|teamsize|p1|6\n|teamsize|p2|6\n|start\n|switch|p1a: Feraligatr|Feraligatr, L79, F|100/100\n|switch|p2a: Ursaluna|Ursaluna, L79, M|335/335\n|turn|1\n|inactive|Battle timer is ON: inactive players will automatically lose when time's up. (requested by p0y102771e)\n|\n|t:|1783540361\n|-terastallize|p2a: Ursaluna|Normal\n|move|p1a: Feraligatr|Liquidation|p2a: Ursaluna\n|-damage|p2a: Ursaluna|189/335\n|move|p2a: Ursaluna|Swords Dance|p2a: Ursaluna\n|-boost|p2a: Ursaluna|atk|2\n|\n|-status|p2a: Ursaluna|brn|[from] item: Flame Orb\n|upkeep\n|turn|2\n|inactive|Time left: 300 sec this turn | 300 sec total\n|inactive|p0x1020b33 also wants the timer to be on.\n|\n|t:|1783540362\n|move|p1a: Feraligatr|Liquidation|p2a: Ursaluna\n|-damage|p2a: Ursaluna|53/335 brn\n|move|p2a: Ursaluna|Facade|p1a: Feraligatr\n|-damage|p1a: Feraligatr|0 fnt\n|faint|p1a: Feraligatr\n|\n|-damage|p2a: Ursaluna|33/335 brn|[from] brn\n|upkeep\n|\n|t:|1783540363\n|switch|p1a: Iron Leaves|Iron Leaves, L80|100/100\n|turn|3\n|inactive|Time left: 300 sec this turn | 300 sec total\n|\n|t:|1783540364\n|switch|p2a: Scream Tail|Scream Tail, L84|330/330\n|move|p1a: Iron Leaves|Psyblade|p2a: Scream Tail\n|-resisted|p2a: Scream Tail\n|-damage|p2a: Scream Tail|258/330\n|\n|-heal|p2a: Scream Tail|278/330|[from] item: Leftovers\n|upkeep\n|turn|4\n|inactive|Time left: 300 sec this turn | 300 sec total\n|\n|t:|1783540365\n|-end|p1a: Iron Leaves|Quark Drive|[silent]\n|switch|p1a: Galvantula|Galvantula, L82, F|100/100\n|move|p2a: Scream Tail|Dazzling Gleam|p1a: Galvantula\n|-damage|p1a: Galvantula|65/100\n|\n|-heal|p2a: Scream Tail|298/330|[from] item: Leftovers\n|upkeep\n|turn|5\n|inactive|Time left: 300 sec this turn | 300 sec total\n|\n|t:|1783540367\n|move|p2a: Scream Tail|Dazzling Gleam|p1a: Galvantula\n|-damage|p1a: Galvantula|31/100\n|move|p1a: Galvantula|Sticky Web|p2a: Scream Tail\n|-sidestart|p2: p0y102771e|move: Sticky Web\n|\n|-heal|p2a: Scream Tail|318/330|[from] item: Leftovers\n|upkeep\n|turn|6\n|inactive|Time left: 300 sec this turn | 300 sec total\n|\n|t:|1783540368\n|switch|p1a: Golurk|Golurk, L87|100/100\n|move|p2a: Scream Tail|Dazzling Gleam|p1a: Golurk\n|-damage|p1a: Golurk|79/100\n|\n|-heal|p2a: Scream Tail|330/330|[from] item: Leftovers\n|upkeep\n|turn|7\n|inactive|Time left: 300 sec this turn | 300 sec total\n|\n|t:|1783540369\n|move|p2a: Scream Tail|Protect|p2a: Scream Tail\n|-singleturn|p2a: Scream Tail|Protect\n|move|p1a: Golurk|Stealth Rock|p2a: Scream Tail\n|-sidestart|p2: p0y102771e|move: Stealth Rock\n|\n|upkeep\n|turn|8\n|inactive|Time left: 300 sec this turn | 300 sec total\n|\n|t:|1783540369\n|move|p2a: Scream Tail|Encore|p1a: Golurk\n|-start|p1a: Golurk|Encore\n|move|p1a: Golurk|Stealth Rock||[still]\n|-fail|p1a: Golurk\n|\n|upkeep\n|turn|9\n|inactive|Time left: 300 sec this turn | 300 sec total\n|\n|t:|1783540370\n|switch|p1a: Iron Leaves|Iron Leaves, L80|100/100\n|move|p2a: Scream Tail|Dazzling Gleam|p1a: Iron Leaves\n|-damage|p1a: Iron Leaves|79/100\n|\n|upkeep\n|turn|10\n|inactive|Time left: 300 sec this turn | 300 sec total\n|\n|t:|1783540372\n|move|p2a: Scream Tail|Dazzling Gleam|p1a: Iron Leaves\n|-damage|p1a: Iron Leaves|58/100\n|move|p1a: Iron Leaves|Leaf Blade|p2a: Scream Tail\n|-damage|p2a: Scream Tail|174/330\n|\n|-heal|p2a: Scream Tail|194/330|[from] item: Leftovers\n|upkeep\n|turn|11\n|inactive|Time left: 300 sec this turn | 300 sec total\n|\n|t:|1783540373\n|move|p2a: Scream Tail|Wish|p2a: Scream Tail\n|move|p1a: Iron Leaves|Leaf Blade|p2a: Scream Tail\n|-damage|p2a: Scream Tail|55/330\n|\n|-heal|p2a: Scream Tail|75/330|[from] item: Leftovers\n|upkeep\n|turn|12\n|inactive|Time left: 300 sec this turn | 300 sec total\n|\n|t:|1783540374\n|move|p2a: Scream Tail|Protect|p2a: Scream Tail\n|-singleturn|p2a: Scream Tail|Protect\n|move|p1a: Iron Leaves|Leaf Blade|p2a: Scream Tail\n|-activate|p2a: Scream Tail|move: Protect\n|\n|-heal|p2a: Scream Tail|240/330|[from] move: Wish|[wisher] Scream Tail\n|-heal|p2a: Scream Tail|260/330|[from] item: Leftovers\n|upkeep\n|turn|13\n|inactive|Time left: 300 sec this turn | 300 sec total\n|\n|t:|1783540375\n|move|p2a: Scream Tail|Dazzling Gleam|p1a: Iron Leaves\n|-damage|p1a: Iron Leaves|36/100\n|move|p1a: Iron Leaves|Leaf Blade|p2a: Scream Tail\n|-damage|p2a: Scream Tail|104/330\n|\n|-heal|p2a: Scream Tail|124/330|[from] item: Leftovers\n|upkeep\n|turn|14\n|inactive|Time left: 300 sec this turn | 300 sec total\n|\n|t:|1783540376\n|move|p2a: Scream Tail|Wish|p2a: Scream Tail\n|move|p1a: Iron Leaves|Leaf Blade|p2a: Scream Tail\n|-damage|p2a: Scream Tail|0 fnt\n|faint|p2a: Scream Tail\n|-end|p2a: Scream Tail|Protosynthesis|[silent]\n|\n|upkeep\n|inactive|Time left: 300 sec this turn | 300 sec total | 5 sec grace\n|\n|t:|1783540377\n|switch|p2a: Squawkabilly|Squawkabilly-Blue, L85, M|278/278\n|-damage|p2a: Squawkabilly|209/278|[from] Stealth Rock\n|turn|15\n|inactive|Time left: 300 sec this turn | 300 sec total\n|\n|t:|1783540378\n|-end|p1a: Iron Leaves|Quark Drive|[silent]\n|switch|p1a: Eiscue|Eiscue, L88, M|100/100\n|move|p2a: Squawkabilly|Brave Bird|p1a: Eiscue\n|-activate|p1a: Eiscue|ability: Ice Face\n|-damage|p1a: Eiscue|100/100\n|detailschange|p1a: Eiscue|Eiscue-Noice, L88, M\n|\n|-heal|p2a: Squawkabilly|278/278|[from] move: Wish|[wisher] Scream Tail\n|-status|p2a: Squawkabilly|brn|[from] item: Flame Orb\n|upkeep\n|turn|16\n|inactive|Time left: 300 sec this turn | 300 sec total\n|\n|t:|1783540379\n|move|p1a: Eiscue|Ice Spinner|p2a: Squawkabilly\n|-supereffective|p2a: Squawkabilly\n|-damage|p2a: Squawkabilly|42/278 brn\n|move|p2a: Squawkabilly|Facade|p1a: Eiscue\n|-damage|p1a: Eiscue|14/100\n|-enditem|p1a: Eiscue|Sitrus Berry|[eat]\n|-heal|p1a: Eiscue|39/100|[from] item: Sitrus Berry\n|\n|-damage|p2a: Squawkabilly|25/278 brn|[from] brn\n|upkeep\n|turn|17\n|inactive|Time left: 300 sec this turn | 300 sec total\n|\n|t:|1783540380\n|switch|p2a: Bisharp|Bisharp, L79, F|232/232\n|-activate|p2a: Bisharp|move: Sticky Web\n|-unboost|p2a: Bisharp|spe|1\n|-ability|p2a: Bisharp|Defiant|boost\n|-boost|p2a: Bisharp|atk|2\n|-damage|p2a: Bisharp|218/232|[from] Stealth Rock\n|move|p1a: Eiscue|Ice Spinner|p2a: Bisharp\n|-resisted|p2a: Bisharp\n|-damage|p2a: Bisharp|193/232\n|\n|upkeep\n|turn|18\n|inactive|Time left: 300 sec this turn | 300 sec total\n|\n|t:|1783540381\n|move|p1a: Eiscue|Ice Spinner|p2a: Bisharp\n|-resisted|p2a: Bisharp\n|-damage|p2a: Bisharp|169/232\n|move|p2a: Bisharp|Throat Chop|p1a: Eiscue\n|-damage|p1a: Eiscue|0 fnt\n|faint|p1a: Eiscue\n|\n|upkeep\n|\n|t:|1783540382\n|switch|p1a: Iron Leaves|Iron Leaves, L80|36/100\n|turn|19\n|inactive|Time left: 300 sec this turn | 300 sec total\n|\n|t:|1783540383\n|-terastallize|p1a: Iron Leaves|Fighting\n|move|p2a: Bisharp|Sucker Punch|p1a: Iron Leaves\n|-resisted|p1a: Iron Leaves\n|-damage|p1a: Iron Leaves|6/100\n|move|p1a: Iron Leaves|Close Combat|p2a: Bisharp\n|-supereffective|p2a: Bisharp\n|-damage|p2a: Bisharp|0 fnt\n|-unboost|p1a: Iron Leaves|def|1\n|-unboost|p1a: Iron Leaves|spd|1\n|faint|p2a: Bisharp\n|\n|upkeep\n|inactive|Time left: 300 sec this turn | 300 sec total | 5 sec grace\n|\n|t:|1783540384\n|switch|p2a: Dachsbun|Dachsbun, L92, F|254/254\n|-activate|p2a: Dachsbun|move: Sticky Web\n|-unboost|p2a: Dachsbun|spe|1\n|-damage|p2a: Dachsbun|223/254|[from] Stealth Rock\n|turn|20\n|inactive|Time left: 300 sec this turn | 300 sec total\n|\n|t:|1783540385\n|move|p1a: Iron Leaves|Close Combat|p2a: Dachsbun\n|-resisted|p2a: Dachsbun\n|-damage|p2a: Dachsbun|148/254\n|-unboost|p1a: Iron Leaves|def|1\n|-unboost|p1a: Iron Leaves|spd|1\n|move|p2a: Dachsbun|Play Rough|p1a: Iron Leaves\n|-supereffective|p1a: Iron Leaves\n|-damage|p1a: Iron Leaves|0 fnt\n|faint|p1a: Iron Leaves\n|-end|p1a: Iron Leaves|Quark Drive|[silent]\n|\n|-heal|p2a: Dachsbun|163/254|[from] item: Leftovers\n|upkeep\n|\n|t:|1783540386\n|switch|p1a: Golurk|Golurk, L87|79/100\n|turn|21\n|inactive|Time left: 300 sec this turn | 300 sec total\n|\n|t:|1783540387\n|move|p2a: Dachsbun|Play Rough|p1a: Golurk\n|-damage|p1a: Golurk|46/100\n|move|p1a: Golurk|Earthquake|p2a: Dachsbun\n|-damage|p2a: Dachsbun|38/254\n|-damage|p1a: Golurk|36/100|[from] item: Life Orb\n|\n|-heal|p2a: Dachsbun|53/254|[from] item: Leftovers\n|upkeep\n|turn|22\n|inactive|Time left: 300 sec this turn | 300 sec total\n|\n|t:|1783540388\n|move|p2a: Dachsbun|Play Rough|p1a: Golurk\n|-damage|p1a: Golurk|1/100\n|move|p1a: Golurk|Poltergeist|p2a: Dachsbun\n|-activate|p2a: Dachsbun|move: Poltergeist|Leftovers\n|-damage|p2a: Dachsbun|0 fnt\n|faint|p2a: Dachsbun\n|-damage|p1a: Golurk|0 fnt|[from] item: Life Orb\n|faint|p1a: Golurk\n|\n|upkeep\n|inactive|Time left: 300 sec this turn | 300 sec total | 5 sec grace\n|\n|t:|1783540389\n|switch|p2a: Moltres|Moltres-Galar, L79|271/271\n|switch|p1a: Floatzel|Floatzel, L86, M|100/100\n|-damage|p2a: Moltres|204/271|[from] Stealth Rock\n|turn|23\n|inactive|Time left: 300 sec this turn | 300 sec total\n|\n|t:|1783540390\n|move|p1a: Floatzel|Wave Crash|p2a: Moltres\n|-crit|p2a: Moltres\n|-damage|p2a: Moltres|0 fnt\n|faint|p2a: Moltres\n|-damage|p1a: Floatzel|77/100|[from] Recoil\n|\n|upkeep\n|inactive|Time left: 300 sec this turn | 300 sec total | 5 sec grace\n|\n|t:|1783540391\n|switch|p2a: Squawkabilly|Squawkabilly-Blue, L85, M|25/278 brn\n|-damage|p2a: Squawkabilly|0 fnt|[from] Stealth Rock\n|faint|p2a: Squawkabilly\n|inactive|Time left: 300 sec this turn | 300 sec total | 10 sec grace\n|\n|t:|1783540392\n|switch|p2a: Ursaluna|Ursaluna, L79, M, tera:Normal|33/335 brn\n|-activate|p2a: Ursaluna|move: Sticky Web\n|-unboost|p2a: Ursaluna|spe|1\n|-damage|p2a: Ursaluna|0 fnt|[from] Stealth Rock\n|faint|p2a: Ursaluna\n|\n|win|p0x1020b33", "uploadtime": 1783540392, "views": 0, "rating": 0, "private": 0, "password": null, "_winner": "p0x1020b33", "_our_name": "p0y102771e"}