{"id": "battle-gen9randombattle-1246", "formatid": "gen9randombattle", "format": "[Gen 9] Random Battle", "players": ["p0x1246a522", "p0y12460f18"], "log": "|init|battle\n|title|p0x1246a522 vs. p0y12460f18\n|j|\u2606p0x1246a522\n|j|\u2606p0y12460f18\n|t:|1783553562\n|gametype|singles\n|player|p1|p0x1246a522|102|\n|player|p2|p0y12460f18|102|\n|gen|9\n|tier|[Gen 9] Random Battle\n|rule|Species Clause: Limit one of each Pok\u00e9mon\n|rule|HP Percentage Mod: HP is shown in percentages\n|rule|Sleep Clause Mod: Limit one foe put to sleep\n|rule|Illusion Level Mod: Illusion disguises the Pok\u00e9mon's true level\n|\n|t:|1783553562\n|teamsize|p1|6\n|teamsize|p2|6\n|start\n|switch|p1a: Charizard|Charizard, L85, F|271/271\n|switch|p2a: Tauros|Tauros-Paldea-Combat, L82, M|100/100\n|-ability|p2a: Tauros|Intimidate|boost\n|-unboost|p1a: Charizard|atk|1\n|turn|1\n|inactive|Battle timer is ON: inactive players will automatically lose when time's up. (requested by p0x1246a522)\n|inactive|p0y12460f18 also wants the timer to be on.\n|\n|t:|1783553564\n|switch|p2a: Heracross|Heracross, L80, M|100/100\n|move|p1a: Charizard|Will-O-Wisp|p2a: Heracross\n|-status|p2a: Heracross|brn\n|\n|-damage|p2a: Heracross|94/100 brn|[from] brn\n|upkeep\n|turn|2\n|inactive|Time left: 300 sec this turn | 300 sec total\n|\n|t:|1783553565\n|-terastallize|p2a: Heracross|Normal\n|move|p1a: Charizard|Hurricane|p2a: Heracross\n|-damage|p2a: Heracross|46/100 brn\n|move|p2a: Heracross|Facade|p1a: Charizard\n|-damage|p1a: Charizard|0 fnt\n|faint|p1a: Charizard\n|\n|-damage|p2a: Heracross|40/100 brn|[from] brn\n|upkeep\n|inactive|Time left: 300 sec this turn | 300 sec total | 5 sec grace\n|\n|t:|1783553566\n|switch|p1a: Iron Leaves|Iron Leaves, L80|275/275\n|turn|3\n|inactive|Time left: 300 sec this turn | 300 sec total\n|\n|t:|1783553568\n|switch|p2a: Grumpig|Grumpig, L92, F|100/100\n|move|p1a: Iron Leaves|Psyblade|p2a: Grumpig\n|-resisted|p2a: Grumpig\n|-damage|p2a: Grumpig|76/100\n|-damage|p1a: Iron Leaves|248/275|[from] item: Life Orb\n|\n|-heal|p2a: Grumpig|82/100|[from] item: Leftovers\n|upkeep\n|turn|4\n|inactive|Time left: 300 sec this turn | 300 sec total\n|\n|t:|1783553569\n|move|p1a: Iron Leaves|Swords Dance|p1a: Iron Leaves\n|-boost|p1a: Iron Leaves|atk|2\n|move|p2a: Grumpig|Earth Power|p1a: Iron Leaves\n|-resisted|p1a: Iron Leaves\n|-damage|p1a: Iron Leaves|214/275\n|-unboost|p1a: Iron Leaves|spd|1\n|\n|-heal|p2a: Grumpig|88/100|[from] item: Leftovers\n|upkeep\n|turn|5\n|inactive|Time left: 300 sec this turn | 300 sec total\n|\n|t:|1783553570\n|switch|p2a: Tauros|Tauros-Paldea-Combat, L82, M|100/100\n|-ability|p2a: Tauros|Intimidate|boost\n|-unboost|p1a: Iron Leaves|atk|1\n|move|p1a: Iron Leaves|Leaf Blade|p2a: Tauros\n|-damage|p2a: Tauros|26/100\n|-damage|p1a: Iron Leaves|187/275|[from] item: Life Orb\n|\n|upkeep\n|turn|6\n|inactive|Time left: 300 sec this turn | 300 sec total\n|\n|t:|1783553572\n|move|p1a: Iron Leaves|Psyblade|p2a: Tauros\n|-supereffective|p2a: Tauros\n|-damage|p2a: Tauros|0 fnt\n|faint|p2a: Tauros\n|-damage|p1a: Iron Leaves|160/275|[from] item: Life Orb\n|\n|upkeep\n|\n|t:|1783553572\n|switch|p2a: Volcanion|Volcanion, L79|100/100\n|turn|7\n|inactive|Time left: 300 sec this turn | 300 sec total\n|\n|t:|1783553573\n|move|p1a: Iron Leaves|Leaf Blade|p2a: Volcanion\n|-damage|p2a: Volcanion|35/100\n|-damage|p1a: Iron Leaves|133/275|[from] item: Life Orb\n|move|p2a: Volcanion|Flamethrower|p1a: Iron Leaves\n|-supereffective|p1a: Iron Leaves\n|-crit|p1a: Iron Leaves\n|-damage|p1a: Iron Leaves|0 fnt\n|faint|p1a: Iron Leaves\n|-end|p1a: Iron Leaves|Quark Drive|[silent]\n|\n|upkeep\n|inactive|Time left: 300 sec this turn | 300 sec total | 5 sec grace\n|\n|t:|1783553574\n|switch|p1a: Garchomp|Garchomp, L74, M|282/282\n|turn|8\n|inactive|Time left: 300 sec this turn | 300 sec total\n|\n|t:|1783553576\n|switch|p2a: Grumpig|Grumpig, L92, F|88/100\n|move|p1a: Garchomp|Scale Shot|p2a: Grumpig\n|-damage|p2a: Grumpig|77/100\n|-damage|p2a: Grumpig|67/100\n|-damage|p2a: Grumpig|57/100\n|-crit|p2a: Grumpig\n|-damage|p2a: Grumpig|43/100\n|-damage|p2a: Grumpig|31/100\n|-hitcount|p2a: Grumpig|5\n|-unboost|p1a: Garchomp|def|1\n|-boost|p1a: Garchomp|spe|1\n|\n|-heal|p2a: Grumpig|38/100|[from] item: Leftovers\n|upkeep\n|turn|9\n|inactive|Time left: 300 sec this turn | 300 sec total\n|\n|t:|1783553577\n|move|p1a: Garchomp|Swords Dance|p1a: Garchomp\n|-boost|p1a: Garchomp|atk|2\n|move|p2a: Grumpig|Psyshock|p1a: Garchomp\n|-damage|p1a: Garchomp|134/282\n|\n|-heal|p2a: Grumpig|44/100|[from] item: Leftovers\n|upkeep\n|turn|10\n|inactive|Time left: 300 sec this turn | 300 sec total\n|\n|t:|1783553578\n|move|p1a: Garchomp|Earthquake|p2a: Grumpig\n|-damage|p2a: Grumpig|0 fnt\n|faint|p2a: Grumpig\n|\n|upkeep\n|\n|t:|1783553579\n|switch|p2a: Kyurem|Kyurem, L77|100/100\n|-ability|p2a: Kyurem|Pressure\n|turn|11\n|inactive|Time left: 300 sec this turn | 300 sec total\n|\n|t:|1783553580\n|switch|p2a: Volcanion|Volcanion, L79|35/100\n|move|p1a: Garchomp|Scale Shot|p2a: Volcanion\n|-damage|p2a: Volcanion|17/100\n|-damage|p2a: Volcanion|0 fnt\n|faint|p2a: Volcanion\n|-hitcount|p2: Volcanion|2\n|-unboost|p1a: Garchomp|def|1\n|-boost|p1a: Garchomp|spe|1\n|\n|upkeep\n|\n|t:|1783553581\n|switch|p2a: Kyurem|Kyurem, L77|100/100\n|-ability|p2a: Kyurem|Pressure\n|turn|12\n|inactive|Time left: 300 sec this turn | 300 sec total\n|\n|t:|1783553582\n|move|p1a: Garchomp|Scale Shot|p2a: Kyurem\n|-supereffective|p2a: Kyurem\n|-damage|p2a: Kyurem|64/100\n|-supereffective|p2a: Kyurem\n|-damage|p2a: Kyurem|27/100\n|-supereffective|p2a: Kyurem\n|-damage|p2a: Kyurem|0 fnt\n|faint|p2a: Kyurem\n|-hitcount|p2: Kyurem|3\n|-unboost|p1a: Garchomp|def|1\n|-boost|p1a: Garchomp|spe|1\n|\n|upkeep\n|\n|t:|1783553583\n|switch|p2a: Iron Thorns|Iron Thorns, L83|100/100\n|-enditem|p2a: Iron Thorns|Booster Energy\n|-activate|p2a: Iron Thorns|ability: Quark Drive|[fromitem]\n|-start|p2a: Iron Thorns|quarkdriveatk\n|turn|13\n|inactive|Time left: 300 sec this turn | 300 sec total\n|\n|t:|1783553584\n|move|p1a: Garchomp|Earthquake|p2a: Iron Thorns\n|-supereffective|p2a: Iron Thorns\n|-damage|p2a: Iron Thorns|0 fnt\n|faint|p2a: Iron Thorns\n|-end|p2a: Iron Thorns|Quark Drive|[silent]\n|\n|upkeep\n|\n|t:|1783553585\n|switch|p2a: Heracross|Heracross, L80, M, tera:Normal|40/100 brn\n|turn|14\n|inactive|Time left: 300 sec this turn | 300 sec total\n|\n|t:|1783553586\n|-terastallize|p1a: Garchomp|Steel\n|move|p1a: Garchomp|Iron Head|p2a: Heracross\n|-damage|p2a: Heracross|0 fnt\n|faint|p2a: Heracross\n|\n|win|p0x1246a522", "uploadtime": 1783553586, "views": 0, "rating": 0, "private": 0, "password": null, "_winner": "p0x1246a522", "_our_name": "p0x1246a522"}