{"id": "battle-gen9randombattle-2600", "formatid": "gen9randombattle", "format": "[Gen 9] Random Battle", "players": ["p0x2600fd0e", "p0y2600a1cd"], "log": "|init|battle\n|title|p0x2600fd0e vs. p0y2600a1cd\n|j|\u2606p0x2600fd0e\n|j|\u2606p0y2600a1cd\n|t:|1783569076\n|gametype|singles\n|player|p1|p0x2600fd0e|169|\n|player|p2|p0y2600a1cd|169|\n|gen|9\n|tier|[Gen 9] Random Battle\n|rule|Species Clause: Limit one of each Pok\u00e9mon\n|rule|HP Percentage Mod: HP is shown in percentages\n|rule|Sleep Clause Mod: Limit one foe put to sleep\n|rule|Illusion Level Mod: Illusion disguises the Pok\u00e9mon's true level\n|\n|t:|1783569076\n|teamsize|p1|6\n|teamsize|p2|6\n|start\n|switch|p1a: Espeon|Espeon, L84, M|100/100\n|switch|p2a: Mamoswine|Mamoswine, L81, F|311/311\n|turn|1\n|inactive|Battle timer is ON: inactive players will automatically lose when time's up. (requested by p0y2600a1cd)\n|inactive|p0x2600fd0e also wants the timer to be on.\n|\n|t:|1783569077\n|move|p1a: Espeon|Psyshock|p2a: Mamoswine\n|-damage|p2a: Mamoswine|140/311\n|move|p2a: Mamoswine|Earthquake|p1a: Espeon\n|-damage|p1a: Espeon|0 fnt\n|faint|p1a: Espeon\n|\n|upkeep\n|\n|t:|1783569077\n|switch|p1a: Rayquaza|Rayquaza, L72|100/100\n|-ability|p1a: Rayquaza|Air Lock\n|turn|2\n|inactive|Time left: 300 sec this turn | 300 sec total\n|\n|t:|1783569079\n|switch|p2a: Dachsbun|Dachsbun, L92, F|254/254\n|move|p1a: Rayquaza|Swords Dance|p1a: Rayquaza\n|-boost|p1a: Rayquaza|atk|2\n|\n|upkeep\n|turn|3\n|inactive|Time left: 300 sec this turn | 300 sec total\n|\n|t:|1783569080\n|move|p2a: Dachsbun|Play Rough|p1a: Rayquaza\n|-supereffective|p1a: Rayquaza\n|-damage|p1a: Rayquaza|20/100\n|-unboost|p1a: Rayquaza|atk|1\n|move|p1a: Rayquaza|Earthquake|p2a: Dachsbun\n|-damage|p2a: Dachsbun|166/254\n|\n|-heal|p2a: Dachsbun|181/254|[from] item: Leftovers\n|upkeep\n|turn|4\n|inactive|Time left: 300 sec this turn | 300 sec total\n|\n|t:|1783569080\n|move|p2a: Dachsbun|Play Rough|p1a: Rayquaza\n|-supereffective|p1a: Rayquaza\n|-damage|p1a: Rayquaza|0 fnt\n|faint|p1a: Rayquaza\n|\n|-heal|p2a: Dachsbun|196/254|[from] item: Leftovers\n|upkeep\n|\n|t:|1783569081\n|switch|p1a: Okidogi|Okidogi, L77, M|100/100\n|turn|5\n|inactive|Time left: 300 sec this turn | 300 sec total\n|\n|t:|1783569082\n|move|p2a: Dachsbun|Play Rough|p1a: Okidogi|[miss]\n|-miss|p2a: Dachsbun|p1a: Okidogi\n|move|p1a: Okidogi|Bulk Up|p1a: Okidogi\n|-boost|p1a: Okidogi|atk|1\n|-boost|p1a: Okidogi|def|1\n|\n|-heal|p2a: Dachsbun|211/254|[from] item: Leftovers\n|upkeep\n|turn|6\n|inactive|Time left: 300 sec this turn | 300 sec total\n|\n|t:|1783569083\n|move|p2a: Dachsbun|Protect|p2a: Dachsbun\n|-singleturn|p2a: Dachsbun|Protect\n|move|p1a: Okidogi|Bulk Up|p1a: Okidogi\n|-boost|p1a: Okidogi|atk|1\n|-boost|p1a: Okidogi|def|1\n|\n|-heal|p2a: Dachsbun|226/254|[from] item: Leftovers\n|upkeep\n|turn|7\n|inactive|Time left: 300 sec this turn | 300 sec total\n|\n|t:|1783569084\n|switch|p2a: Giratina|Giratina, L75|349/349\n|-ability|p2a: Giratina|Pressure\n|move|p1a: Okidogi|Gunk Shot|p2a: Giratina\n|-resisted|p2a: Giratina\n|-damage|p2a: Giratina|227/349\n|-status|p2a: Giratina|tox|[from] ability: Toxic Chain|[of] p1a: Okidogi\n|\n|-heal|p2a: Giratina|248/349 tox|[from] item: Leftovers\n|-damage|p2a: Giratina|227/349 tox|[from] psn\n|upkeep\n|turn|8\n|inactive|Time left: 300 sec this turn | 300 sec total\n|\n|t:|1783569085\n|move|p2a: Giratina|Will-O-Wisp|p1a: Okidogi\n|-status|p1a: Okidogi|brn\n|move|p1a: Okidogi|Knock Off|p2a: Giratina\n|-supereffective|p2a: Giratina\n|-damage|p2a: Giratina|96/349 tox\n|-enditem|p2a: Giratina|Leftovers|[from] move: Knock Off|[of] p1a: Okidogi\n|\n|-damage|p2a: Giratina|54/349 tox|[from] psn\n|-damage|p1a: Okidogi|94/100 brn|[from] brn\n|upkeep\n|turn|9\n|inactive|Time left: 300 sec this turn | 300 sec total\n|\n|t:|1783569086\n|move|p2a: Giratina|Rest|p2a: Giratina\n|-status|p2a: Giratina|slp|[from] move: Rest\n|-heal|p2a: Giratina|349/349 slp|[silent]\n|move|p1a: Okidogi|Knock Off|p2a: Giratina\n|-supereffective|p2a: Giratina\n|-damage|p2a: Giratina|270/349 slp\n|\n|-heal|p1a: Okidogi|100/100 brn|[from] item: Leftovers\n|-damage|p1a: Okidogi|94/100 brn|[from] brn\n|upkeep\n|turn|10\n|inactive|Time left: 300 sec this turn | 300 sec total\n|\n|t:|1783569087\n|cant|p2a: Giratina|slp\n|move|p2a: Giratina|Sleep Talk|p2a: Giratina\n|move|p2a: Giratina|Will-O-Wisp|p1a: Okidogi|[from] move: Sleep Talk\n|-fail|p1a: Okidogi|brn\n|move|p1a: Okidogi|Knock Off|p2a: Giratina\n|-supereffective|p2a: Giratina\n|-damage|p2a: Giratina|181/349 slp\n|\n|-heal|p1a: Okidogi|100/100 brn|[from] item: Leftovers\n|-damage|p1a: Okidogi|94/100 brn|[from] brn\n|upkeep\n|turn|11\n|inactive|Time left: 300 sec this turn | 300 sec total\n|\n|t:|1783569088\n|cant|p2a: Giratina|slp\n|move|p2a: Giratina|Sleep Talk|p2a: Giratina\n|move|p2a: Giratina|Rest||[from] move: Sleep Talk|[still]\n|-fail|p2a: Giratina\n|move|p1a: Okidogi|Knock Off|p2a: Giratina\n|-supereffective|p2a: Giratina\n|-damage|p2a: Giratina|98/349 slp\n|\n|-heal|p1a: Okidogi|100/100 brn|[from] item: Leftovers\n|-damage|p1a: Okidogi|94/100 brn|[from] brn\n|upkeep\n|turn|12\n|inactive|Time left: 300 sec this turn | 300 sec total\n|\n|t:|1783569089\n|-curestatus|p2a: Giratina|slp|[msg]\n|move|p2a: Giratina|Rest|p2a: Giratina\n|-status|p2a: Giratina|slp|[from] move: Rest\n|-heal|p2a: Giratina|349/349 slp|[silent]\n|move|p1a: Okidogi|Knock Off|p2a: Giratina\n|-supereffective|p2a: Giratina\n|-damage|p2a: Giratina|262/349 slp\n|\n|-heal|p1a: Okidogi|100/100 brn|[from] item: Leftovers\n|-damage|p1a: Okidogi|94/100 brn|[from] brn\n|upkeep\n|turn|13\n|inactive|Time left: 300 sec this turn | 300 sec total\n|\n|t:|1783569090\n|cant|p2a: Giratina|slp\n|move|p2a: Giratina|Sleep Talk|p2a: Giratina\n|move|p2a: Giratina|Shadow Ball|p1a: Okidogi|[from] move: Sleep Talk\n|-damage|p1a: Okidogi|63/100 brn\n|move|p1a: Okidogi|Bulk Up|p1a: Okidogi\n|-boost|p1a: Okidogi|atk|1\n|-boost|p1a: Okidogi|def|1\n|\n|-heal|p1a: Okidogi|69/100 brn|[from] item: Leftovers\n|-damage|p1a: Okidogi|63/100 brn|[from] brn\n|upkeep\n|turn|14\n|inactive|Time left: 300 sec this turn | 300 sec total\n|\n|t:|1783569091\n|cant|p2a: Giratina|slp\n|move|p2a: Giratina|Sleep Talk|p2a: Giratina\n|move|p2a: Giratina|Rest||[from] move: Sleep Talk|[still]\n|-fail|p2a: Giratina\n|move|p1a: Okidogi|Knock Off|p2a: Giratina\n|-supereffective|p2a: Giratina\n|-damage|p2a: Giratina|164/349 slp\n|\n|-heal|p1a: Okidogi|69/100 brn|[from] item: Leftovers\n|-damage|p1a: Okidogi|63/100 brn|[from] brn\n|upkeep\n|turn|15\n|inactive|Time left: 300 sec this turn | 300 sec total\n|\n|t:|1783569092\n|-curestatus|p2a: Giratina|slp|[msg]\n|move|p2a: Giratina|Shadow Ball|p1a: Okidogi\n|-damage|p1a: Okidogi|32/100 brn\n|-unboost|p1a: Okidogi|spd|1\n|move|p1a: Okidogi|Knock Off|p2a: Giratina\n|-supereffective|p2a: Giratina\n|-crit|p2a: Giratina\n|-damage|p2a: Giratina|0 fnt\n|faint|p2a: Giratina\n|\n|-heal|p1a: Okidogi|38/100 brn|[from] item: Leftovers\n|-damage|p1a: Okidogi|32/100 brn|[from] brn\n|upkeep\n|inactive|Time left: 300 sec this turn | 300 sec total | 5 sec grace\n|\n|t:|1783569093\n|switch|p2a: Moltres|Moltres, L81|278/278\n|turn|16\n|inactive|Time left: 300 sec this turn | 300 sec total\n|\n|t:|1783569094\n|move|p2a: Moltres|Scorching Sands|p1a: Okidogi\n|-supereffective|p1a: Okidogi\n|-damage|p1a: Okidogi|0 fnt\n|faint|p1a: Okidogi\n|\n|upkeep\n|\n|t:|1783569095\n|switch|p1a: Drifblim|Drifblim, L86, M|100/100\n|turn|17\n|inactive|Time left: 300 sec this turn | 300 sec total\n|\n|t:|1783569096\n|move|p2a: Moltres|Fire Blast|p1a: Drifblim\n|-damage|p1a: Drifblim|57/100\n|move|p1a: Drifblim|Calm Mind|p1a: Drifblim\n|-boost|p1a: Drifblim|spa|1\n|-boost|p1a: Drifblim|spd|1\n|\n|upkeep\n|turn|18\n|inactive|Time left: 300 sec this turn | 300 sec total\n|\n|t:|1783569097\n|switch|p2a: Weavile|Weavile, L79, F|239/239\n|move|p1a: Drifblim|Strength Sap|p2a: Weavile\n|-unboost|p2a: Weavile|atk|1\n|-heal|p1a: Drifblim|100/100\n|\n|upkeep\n|turn|19\n|inactive|Time left: 300 sec this turn | 300 sec total\n|\n|t:|1783569098\n|-terastallize|p1a: Drifblim|Steel\n|move|p2a: Weavile|Triple Axel|p1a: Drifblim\n|-resisted|p1a: Drifblim\n|-damage|p1a: Drifblim|96/100\n|-resisted|p1a: Drifblim\n|-damage|p1a: Drifblim|87/100\n|-resisted|p1a: Drifblim\n|-damage|p1a: Drifblim|73/100\n|-hitcount|p1a: Drifblim|3\n|move|p1a: Drifblim|Air Slash|p2a: Weavile\n|-damage|p2a: Weavile|115/239\n|\n|upkeep\n|turn|20\n|inactive|Time left: 300 sec this turn | 300 sec total\n|\n|t:|1783569099\n|move|p2a: Weavile|Triple Axel|p1a: Drifblim\n|-resisted|p1a: Drifblim\n|-damage|p1a: Drifblim|69/100\n|-resisted|p1a: Drifblim\n|-damage|p1a: Drifblim|60/100\n|-resisted|p1a: Drifblim\n|-damage|p1a: Drifblim|46/100\n|-enditem|p1a: Drifblim|Sitrus Berry|[eat]\n|-heal|p1a: Drifblim|71/100|[from] item: Sitrus Berry\n|-hitcount|p1a: Drifblim|3\n|move|p1a: Drifblim|Air Slash|p2a: Weavile\n|-damage|p2a: Weavile|0 fnt\n|faint|p2a: Weavile\n|\n|upkeep\n|inactive|Time left: 300 sec this turn | 300 sec total | 5 sec grace\n|\n|t:|1783569100\n|switch|p2a: Dachsbun|Dachsbun, L92, F|226/254\n|turn|21\n|inactive|Time left: 300 sec this turn | 300 sec total\n|\n|t:|1783569101\n|move|p1a: Drifblim|Shadow Ball|p2a: Dachsbun\n|-damage|p2a: Dachsbun|112/254\n|move|p2a: Dachsbun|Body Press|p1a: Drifblim\n|-supereffective|p1a: Drifblim\n|-damage|p1a: Drifblim|9/100\n|\n|-heal|p2a: Dachsbun|127/254|[from] item: Leftovers\n|upkeep\n|turn|22\n|inactive|Time left: 300 sec this turn | 300 sec total\n|\n|t:|1783569102\n|move|p1a: Drifblim|Shadow Ball|p2a: Dachsbun\n|-damage|p2a: Dachsbun|4/254\n|-unboost|p2a: Dachsbun|spd|1\n|move|p2a: Dachsbun|Body Press|p1a: Drifblim\n|-supereffective|p1a: Drifblim\n|-damage|p1a: Drifblim|0 fnt\n|faint|p1a: Drifblim\n|\n|-heal|p2a: Dachsbun|19/254|[from] item: Leftovers\n|upkeep\n|\n|t:|1783569103\n|switch|p1a: Torkoal|Torkoal, L88, M|100/100\n|-weather|SunnyDay|[from] ability: Drought|[of] p1a: Torkoal\n|turn|23\n|inactive|Time left: 300 sec this turn | 300 sec total\n|\n|t:|1783569104\n|move|p2a: Dachsbun|Body Press|p1a: Torkoal\n|-damage|p1a: Torkoal|82/100\n|move|p1a: Torkoal|Stealth Rock|p2a: Dachsbun\n|-sidestart|p2: p0y2600a1cd|move: Stealth Rock\n|\n|-weather|SunnyDay|[upkeep]\n|-heal|p2a: Dachsbun|34/254|[from] item: Leftovers\n|upkeep\n|turn|24\n|inactive|Time left: 300 sec this turn | 300 sec total\n|\n|t:|1783569106\n|switch|p2a: Moltres|Moltres, L81|278/278\n|move|p1a: Torkoal|Rapid Spin|p2a: Moltres\n|-crit|p2a: Moltres\n|-damage|p2a: Moltres|218/278\n|-boost|p1a: Torkoal|spe|1\n|\n|-weather|SunnyDay|[upkeep]\n|upkeep\n|turn|25\n|inactive|Time left: 300 sec this turn | 300 sec total\n|\n|t:|1783569107\n|move|p2a: Moltres|Scorching Sands|p1a: Torkoal\n|-supereffective|p1a: Torkoal\n|-damage|p1a: Torkoal|34/100\n|move|p1a: Torkoal|Rapid Spin|p2a: Moltres\n|-damage|p2a: Moltres|184/278\n|-boost|p1a: Torkoal|spe|1\n|\n|-weather|SunnyDay|[upkeep]\n|upkeep\n|turn|26\n|inactive|Time left: 300 sec this turn | 300 sec total\n|\n|t:|1783569108\n|move|p2a: Moltres|Scorching Sands|p1a: Torkoal\n|-supereffective|p1a: Torkoal\n|-damage|p1a: Torkoal|0 fnt\n|faint|p1a: Torkoal\n|\n|-weather|SunnyDay|[upkeep]\n|upkeep\n|\n|t:|1783569109\n|switch|p1a: Bastiodon|Bastiodon, L89, M|100/100\n|turn|27\n|inactive|Time left: 300 sec this turn | 300 sec total\n|\n|t:|1783569110\n|switch|p2a: Medicham|Medicham, L86, F|243/243\n|-damage|p2a: Medicham|228/243|[from] Stealth Rock\n|move|p1a: Bastiodon|Rest|p1a: Bastiodon\n|-fail|p1a: Bastiodon|heal\n|\n|-weather|none\n|upkeep\n|turn|28\n|inactive|Time left: 300 sec this turn | 300 sec total\n|\n|t:|1783569111\n|move|p2a: Medicham|Close Combat|p1a: Bastiodon\n|-supereffective|p1a: Bastiodon\n|-damage|p1a: Bastiodon|0 fnt\n|-unboost|p2a: Medicham|def|1\n|-unboost|p2a: Medicham|spd|1\n|faint|p1a: Bastiodon\n|\n|win|p0y2600a1cd", "uploadtime": 1783569111, "views": 0, "rating": 0, "private": 0, "password": null, "_winner": "p0y2600a1cd", "_our_name": "p0y2600a1cd"}