{"id": "battle-gen9randombattle-2198", "formatid": "gen9randombattle", "format": "[Gen 9] Random Battle", "players": ["p0x2198d69a", "p0y2198739a"], "log": "|init|battle\n|title|p0x2198d69a vs. p0y2198739a\n|j|\u2606p0x2198d69a\n|j|\u2606p0y2198739a\n|t:|1783565469\n|gametype|singles\n|player|p1|p0x2198d69a|265|\n|player|p2|p0y2198739a|101|\n|gen|9\n|tier|[Gen 9] Random Battle\n|rule|Species Clause: Limit one of each Pok\u00e9mon\n|rule|HP Percentage Mod: HP is shown in percentages\n|rule|Sleep Clause Mod: Limit one foe put to sleep\n|rule|Illusion Level Mod: Illusion disguises the Pok\u00e9mon's true level\n|\n|t:|1783565469\n|teamsize|p1|6\n|teamsize|p2|6\n|start\n|switch|p1a: Slither Wing|Slither Wing, L81|270/270\n|switch|p2a: Rampardos|Rampardos, L90, F|100/100\n|turn|1\n|inactive|Battle timer is ON: inactive players will automatically lose when time's up. (requested by p0y2198739a)\n|inactive|Time left: 300 sec this turn | 300 sec total | 60 sec grace\n|inactive|p0x2198d69a also wants the timer to be on.\n|\n|t:|1783565471\n|switch|p2a: Pelipper|Pelipper, L86, M|100/100\n|-weather|RainDance|[from] ability: Drizzle|[of] p2a: Pelipper\n|move|p1a: Slither Wing|Close Combat|p2a: Pelipper\n|-resisted|p2a: Pelipper\n|-damage|p2a: Pelipper|73/100\n|-unboost|p1a: Slither Wing|def|1\n|-unboost|p1a: Slither Wing|spd|1\n|\n|-weather|RainDance|[upkeep]\n|upkeep\n|turn|2\n|inactive|Time left: 300 sec this turn | 300 sec total\n|\n|t:|1783565472\n|-end|p1a: Slither Wing|Protosynthesis|[silent]\n|switch|p1a: Clawitzer|Clawitzer, L87, M|265/265\n|move|p2a: Pelipper|Weather Ball|p1a: Clawitzer\n|-resisted|p1a: Clawitzer\n|-damage|p1a: Clawitzer|144/265\n|\n|-weather|RainDance|[upkeep]\n|upkeep\n|turn|3\n|inactive|Time left: 300 sec this turn | 300 sec total\n|\n|t:|1783565473\n|move|p2a: Pelipper|Weather Ball|p1a: Clawitzer\n|-resisted|p1a: Clawitzer\n|-damage|p1a: Clawitzer|24/265\n|move|p1a: Clawitzer|Dark Pulse|p2a: Pelipper\n|-damage|p2a: Pelipper|0 fnt\n|faint|p2a: Pelipper\n|\n|-weather|RainDance|[upkeep]\n|upkeep\n|\n|t:|1783565474\n|switch|p2a: Volcanion|Volcanion, L79|100/100\n|turn|4\n|inactive|Time left: 300 sec this turn | 300 sec total\n|\n|t:|1783565475\n|switch|p1a: Sinistcha|Sinistcha, L83|254/254\n|move|p2a: Volcanion|Steam Eruption|p1a: Sinistcha\n|-resisted|p1a: Sinistcha\n|-damage|p1a: Sinistcha|155/254\n|\n|-weather|RainDance|[upkeep]\n|-heal|p1a: Sinistcha|170/254|[from] item: Leftovers\n|upkeep\n|turn|5\n|inactive|Time left: 300 sec this turn | 300 sec total\n|\n|t:|1783565476\n|move|p1a: Sinistcha|Matcha Gotcha|p2a: Volcanion\n|-damage|p2a: Volcanion|71/100\n|-heal|p1a: Sinistcha|208/254|[from] drain|[of] p2a: Volcanion\n|move|p2a: Volcanion|Steam Eruption|p1a: Sinistcha\n|-resisted|p1a: Sinistcha\n|-damage|p1a: Sinistcha|98/254\n|\n|-weather|none\n|-heal|p1a: Sinistcha|113/254|[from] item: Leftovers\n|upkeep\n|turn|6\n|inactive|Time left: 300 sec this turn | 300 sec total\n|\n|t:|1783565477\n|move|p1a: Sinistcha|Strength Sap|p2a: Volcanion\n|-unboost|p2a: Volcanion|atk|1\n|-heal|p1a: Sinistcha|254/254\n|move|p2a: Volcanion|Flamethrower|p1a: Sinistcha\n|-supereffective|p1a: Sinistcha\n|-damage|p1a: Sinistcha|134/254\n|\n|-heal|p1a: Sinistcha|149/254|[from] item: Leftovers\n|upkeep\n|turn|7\n|inactive|Time left: 300 sec this turn | 300 sec total\n|\n|t:|1783565479\n|move|p1a: Sinistcha|Calm Mind|p1a: Sinistcha\n|-boost|p1a: Sinistcha|spa|1\n|-boost|p1a: Sinistcha|spd|1\n|move|p2a: Volcanion|Flamethrower|p1a: Sinistcha\n|-supereffective|p1a: Sinistcha\n|-damage|p1a: Sinistcha|75/254\n|\n|-heal|p1a: Sinistcha|90/254|[from] item: Leftovers\n|upkeep\n|turn|8\n|inactive|Time left: 300 sec this turn | 300 sec total\n|\n|t:|1783565480\n|move|p1a: Sinistcha|Matcha Gotcha|p2a: Volcanion\n|-damage|p2a: Volcanion|31/100\n|-heal|p1a: Sinistcha|141/254|[from] drain|[of] p2a: Volcanion\n|move|p2a: Volcanion|Flame Charge|p1a: Sinistcha\n|-supereffective|p1a: Sinistcha\n|-damage|p1a: Sinistcha|111/254\n|-boost|p2a: Volcanion|spe|1\n|\n|-heal|p1a: Sinistcha|126/254|[from] item: Leftovers\n|upkeep\n|turn|9\n|inactive|Time left: 300 sec this turn | 300 sec total\n|\n|t:|1783565481\n|move|p2a: Volcanion|Flamethrower|p1a: Sinistcha\n|-supereffective|p1a: Sinistcha\n|-damage|p1a: Sinistcha|42/254\n|move|p1a: Sinistcha|Matcha Gotcha|p2a: Volcanion\n|-damage|p2a: Volcanion|0 fnt\n|-heal|p1a: Sinistcha|81/254|[from] drain|[of] p2a: Volcanion\n|faint|p2a: Volcanion\n|\n|-heal|p1a: Sinistcha|96/254|[from] item: Leftovers\n|upkeep\n|\n|t:|1783565482\n|switch|p2a: Rillaboom|Rillaboom, L79, F|100/100\n|-fieldstart|move: Grassy Terrain|[from] ability: Grassy Surge|[of] p2a: Rillaboom\n|turn|10\n|inactive|Time left: 300 sec this turn | 300 sec total\n|\n|t:|1783565482\n|move|p2a: Rillaboom|Wood Hammer|p1a: Sinistcha\n|-resisted|p1a: Sinistcha\n|-damage|p1a: Sinistcha|0 fnt\n|faint|p1a: Sinistcha\n|-damage|p2a: Rillaboom|89/100|[from] Recoil\n|\n|-heal|p2a: Rillaboom|96/100|[from] Grassy Terrain\n|upkeep\n|inactive|Time left: 300 sec this turn | 300 sec total | 5 sec grace\n|\n|t:|1783565483\n|switch|p1a: Slither Wing|Slither Wing, L81|270/270\n|turn|11\n|inactive|Time left: 300 sec this turn | 300 sec total\n|\n|t:|1783565484\n|move|p1a: Slither Wing|Flare Blitz|p2a: Rillaboom\n|-supereffective|p2a: Rillaboom\n|-damage|p2a: Rillaboom|21/100\n|-damage|p1a: Slither Wing|199/270|[from] Recoil\n|move|p2a: Rillaboom|Wood Hammer|p1a: Slither Wing\n|-resisted|p1a: Slither Wing\n|-damage|p1a: Slither Wing|37/270\n|-damage|p2a: Rillaboom|3/100|[from] Recoil\n|\n|-heal|p1a: Slither Wing|53/270|[from] Grassy Terrain\n|-heal|p2a: Rillaboom|9/100|[from] Grassy Terrain\n|upkeep\n|turn|12\n|inactive|Time left: 300 sec this turn | 300 sec total\n|\n|t:|1783565485\n|switch|p2a: Rampardos|Rampardos, L90, F|100/100\n|move|p1a: Slither Wing|Flare Blitz|p2a: Rampardos\n|-resisted|p2a: Rampardos\n|-damage|p2a: Rampardos|81/100\n|-damage|p1a: Slither Wing|32/270|[from] Recoil\n|\n|-heal|p1a: Slither Wing|48/270|[from] Grassy Terrain\n|-heal|p2a: Rampardos|87/100|[from] Grassy Terrain\n|upkeep\n|turn|13\n|inactive|Time left: 300 sec this turn | 300 sec total\n|\n|t:|1783565486\n|-end|p1a: Slither Wing|Protosynthesis|[silent]\n|switch|p1a: Hippowdon|Hippowdon, L82, F|311/311\n|-weather|Sandstorm|[from] ability: Sand Stream|[of] p1a: Hippowdon\n|move|p2a: Rampardos|Rock Slide|p1a: Hippowdon\n|-resisted|p1a: Hippowdon\n|-damage|p1a: Hippowdon|220/311\n|\n|-weather|Sandstorm|[upkeep]\n|-heal|p2a: Rampardos|93/100|[from] Grassy Terrain\n|-heal|p1a: Hippowdon|239/311|[from] Grassy Terrain\n|-heal|p1a: Hippowdon|258/311|[from] item: Leftovers\n|upkeep\n|turn|14\n|inactive|Time left: 300 sec this turn | 300 sec total\n|\n|t:|1783565487\n|move|p2a: Rampardos|Zen Headbutt|p1a: Hippowdon|[miss]\n|-miss|p2a: Rampardos|p1a: Hippowdon\n|move|p1a: Hippowdon|Curse|p1a: Hippowdon\n|-unboost|p1a: Hippowdon|spe|1\n|-boost|p1a: Hippowdon|atk|1\n|-boost|p1a: Hippowdon|def|1\n|\n|-weather|Sandstorm|[upkeep]\n|-heal|p2a: Rampardos|99/100|[from] Grassy Terrain\n|-heal|p1a: Hippowdon|277/311|[from] Grassy Terrain\n|-heal|p1a: Hippowdon|296/311|[from] item: Leftovers\n|-fieldend|move: Grassy Terrain\n|upkeep\n|turn|15\n|inactive|Time left: 300 sec this turn | 300 sec total\n|\n|t:|1783565488\n|switch|p2a: Trevenant|Trevenant, L89, M|100/100\n|move|p1a: Hippowdon|Earthquake|p2a: Trevenant\n|-resisted|p2a: Trevenant\n|-damage|p2a: Trevenant|73/100\n|\n|-weather|Sandstorm|[upkeep]\n|-damage|p2a: Trevenant|67/100|[from] Sandstorm\n|-heal|p1a: Hippowdon|311/311|[from] item: Leftovers\n|upkeep\n|turn|16\n|inactive|Time left: 300 sec this turn | 300 sec total\n|\n|t:|1783565489\n|move|p2a: Trevenant|Toxic|p1a: Hippowdon\n|-status|p1a: Hippowdon|tox\n|move|p1a: Hippowdon|Earthquake|p2a: Trevenant\n|-resisted|p2a: Trevenant\n|-damage|p2a: Trevenant|37/100\n|-enditem|p2a: Trevenant|Sitrus Berry|[eat]\n|-heal|p2a: Trevenant|62/100|[from] item: Sitrus Berry\n|\n|-weather|Sandstorm|[upkeep]\n|-damage|p2a: Trevenant|56/100|[from] Sandstorm\n|-damage|p1a: Hippowdon|292/311 tox|[from] psn\n|upkeep\n|turn|17\n|inactive|Time left: 300 sec this turn | 300 sec total\n|\n|t:|1783565490\n|move|p2a: Trevenant|Poltergeist|p1a: Hippowdon\n|-activate|p1a: Hippowdon|move: Poltergeist|Leftovers\n|-damage|p1a: Hippowdon|211/311 tox\n|move|p1a: Hippowdon|Earthquake|p2a: Trevenant\n|-resisted|p2a: Trevenant\n|-damage|p2a: Trevenant|25/100\n|\n|-weather|none\n|-heal|p1a: Hippowdon|230/311 tox|[from] item: Leftovers\n|-damage|p1a: Hippowdon|192/311 tox|[from] psn\n|upkeep\n|turn|18\n|inactive|Time left: 300 sec this turn | 300 sec total\n|\n|t:|1783565491\n|move|p2a: Trevenant|Poltergeist|p1a: Hippowdon\n|-activate|p1a: Hippowdon|move: Poltergeist|Leftovers\n|-damage|p1a: Hippowdon|110/311 tox\n|move|p1a: Hippowdon|Earthquake|p2a: Trevenant\n|-resisted|p2a: Trevenant\n|-damage|p2a: Trevenant|0 fnt\n|faint|p2a: Trevenant\n|\n|-heal|p1a: Hippowdon|129/311 tox|[from] item: Leftovers\n|-damage|p1a: Hippowdon|72/311 tox|[from] psn\n|upkeep\n|\n|t:|1783565492\n|switch|p2a: Rillaboom|Rillaboom, L79, F|9/100\n|-fieldstart|move: Grassy Terrain|[from] ability: Grassy Surge|[of] p2a: Rillaboom\n|turn|19\n|inactive|Time left: 300 sec this turn | 300 sec total\n|\n|t:|1783565493\n|move|p2a: Rillaboom|Grassy Glide|p1a: Hippowdon\n|-supereffective|p1a: Hippowdon\n|-damage|p1a: Hippowdon|0 fnt\n|faint|p1a: Hippowdon\n|\n|-heal|p2a: Rillaboom|15/100|[from] Grassy Terrain\n|upkeep\n|inactive|Time left: 300 sec this turn | 300 sec total | 5 sec grace\n|\n|t:|1783565494\n|switch|p1a: Bastiodon|Bastiodon, L89, M|252/252\n|turn|20\n|inactive|Time left: 300 sec this turn | 300 sec total\n|\n|t:|1783565495\n|move|p2a: Rillaboom|Grassy Glide|p1a: Bastiodon\n|-damage|p1a: Bastiodon|185/252\n|move|p1a: Bastiodon|Iron Defense|p1a: Bastiodon\n|-boost|p1a: Bastiodon|def|2\n|\n|-heal|p2a: Rillaboom|22/100|[from] Grassy Terrain\n|-heal|p1a: Bastiodon|200/252|[from] Grassy Terrain\n|upkeep\n|turn|21\n|inactive|Time left: 300 sec this turn | 300 sec total\n|\n|t:|1783565496\n|move|p2a: Rillaboom|Grassy Glide|p1a: Bastiodon\n|-damage|p1a: Bastiodon|167/252\n|move|p1a: Bastiodon|Body Press|p2a: Rillaboom\n|-damage|p2a: Rillaboom|0 fnt\n|faint|p2a: Rillaboom\n|\n|-heal|p1a: Bastiodon|182/252|[from] Grassy Terrain\n|upkeep\n|\n|t:|1783565497\n|switch|p2a: Probopass|Probopass, L91, M|100/100\n|turn|22\n|inactive|Time left: 300 sec this turn | 300 sec total\n|\n|t:|1783565498\n|-terastallize|p2a: Probopass|Fighting\n|-terastallize|p1a: Bastiodon|Fighting\n|move|p2a: Probopass|Iron Defense|p2a: Probopass\n|-boost|p2a: Probopass|def|2\n|move|p1a: Bastiodon|Body Press|p2a: Probopass\n|-damage|p2a: Probopass|64/100\n|\n|-heal|p2a: Probopass|71/100|[from] Grassy Terrain\n|-heal|p1a: Bastiodon|197/252|[from] Grassy Terrain\n|upkeep\n|turn|23\n|inactive|Time left: 300 sec this turn | 300 sec total\n|\n|t:|1783565499\n|move|p2a: Probopass|Iron Defense|p2a: Probopass\n|-boost|p2a: Probopass|def|2\n|move|p1a: Bastiodon|Iron Defense|p1a: Bastiodon\n|-boost|p1a: Bastiodon|def|2\n|\n|-heal|p2a: Probopass|77/100|[from] Grassy Terrain\n|-heal|p1a: Bastiodon|212/252|[from] Grassy Terrain\n|-fieldend|move: Grassy Terrain\n|upkeep\n|turn|24\n|inactive|Time left: 300 sec this turn | 300 sec total\n|\n|t:|1783565500\n|move|p2a: Probopass|Body Press|p1a: Bastiodon\n|-damage|p1a: Bastiodon|134/252\n|move|p1a: Bastiodon|Body Press|p2a: Probopass\n|-damage|p2a: Probopass|39/100\n|\n|upkeep\n|turn|25\n|inactive|Time left: 300 sec this turn | 300 sec total\n|\n|t:|1783565501\n|move|p2a: Probopass|Rest|p2a: Probopass\n|-status|p2a: Probopass|slp|[from] move: Rest\n|-heal|p2a: Probopass|100/100 slp|[silent]\n|-enditem|p2a: Probopass|Chesto Berry|[eat]\n|-curestatus|p2a: Probopass|slp|[msg]\n|move|p1a: Bastiodon|Rest|p1a: Bastiodon\n|-status|p1a: Bastiodon|slp|[from] move: Rest\n|-heal|p1a: Bastiodon|252/252 slp|[silent]\n|-enditem|p1a: Bastiodon|Chesto Berry|[eat]\n|-curestatus|p1a: Bastiodon|slp|[msg]\n|\n|upkeep\n|turn|26\n|inactive|Time left: 300 sec this turn | 300 sec total\n|\n|t:|1783565502\n|move|p2a: Probopass|Body Press|p1a: Bastiodon\n|-damage|p1a: Bastiodon|179/252\n|move|p1a: Bastiodon|Body Press|p2a: Probopass\n|-damage|p2a: Probopass|64/100\n|\n|upkeep\n|turn|27\n|inactive|Time left: 300 sec this turn | 300 sec total\n|\n|t:|1783565503\n|move|p2a: Probopass|Iron Defense|p2a: Probopass\n|-boost|p2a: Probopass|def|2\n|move|p1a: Bastiodon|Body Press|p2a: Probopass\n|-damage|p2a: Probopass|36/100\n|\n|upkeep\n|turn|28\n|inactive|Time left: 300 sec this turn | 300 sec total\n|\n|t:|1783565504\n|move|p2a: Probopass|Body Press|p1a: Bastiodon\n|-damage|p1a: Bastiodon|67/252\n|move|p1a: Bastiodon|Body Press|p2a: Probopass\n|-damage|p2a: Probopass|8/100\n|\n|upkeep\n|turn|29\n|inactive|Time left: 300 sec this turn | 300 sec total\n|\n|t:|1783565505\n|move|p2a: Probopass|Rest|p2a: Probopass\n|-status|p2a: Probopass|slp|[from] move: Rest\n|-heal|p2a: Probopass|100/100 slp|[silent]\n|move|p1a: Bastiodon|Body Press|p2a: Probopass\n|-damage|p2a: Probopass|75/100 slp\n|\n|upkeep\n|turn|30\n|inactive|Time left: 300 sec this turn | 300 sec total\n|\n|t:|1783565506\n|cant|p2a: Probopass|slp\n|move|p1a: Bastiodon|Rest|p1a: Bastiodon\n|-status|p1a: Bastiodon|slp|[from] move: Rest\n|-heal|p1a: Bastiodon|252/252 slp|[silent]\n|\n|upkeep\n|turn|31\n|inactive|Time left: 300 sec this turn | 300 sec total\n|\n|t:|1783565507\n|cant|p2a: Probopass|slp\n|cant|p1a: Bastiodon|slp\n|\n|upkeep\n|turn|32\n|inactive|Time left: 300 sec this turn | 300 sec total\n|\n|t:|1783565508\n|-curestatus|p2a: Probopass|slp|[msg]\n|move|p2a: Probopass|Body Press|p1a: Bastiodon\n|-crit|p1a: Bastiodon\n|-damage|p1a: Bastiodon|0 fnt\n|faint|p1a: Bastiodon\n|\n|upkeep\n|inactive|Time left: 300 sec this turn | 300 sec total | 5 sec grace\n|\n|t:|1783565509\n|switch|p1a: Clawitzer|Clawitzer, L87, M|24/265\n|turn|33\n|inactive|Time left: 300 sec this turn | 300 sec total\n|\n|t:|1783565510\n|move|p1a: Clawitzer|Water Pulse|p2a: Probopass\n|-damage|p2a: Probopass|31/100\n|move|p2a: Probopass|Body Press|p1a: Clawitzer\n|-damage|p1a: Clawitzer|0 fnt\n|faint|p1a: Clawitzer\n|\n|upkeep\n|inactive|Time left: 300 sec this turn | 300 sec total | 5 sec grace\n|\n|t:|1783565511\n|switch|p1a: Whimsicott|Whimsicott, L84, F|238/238\n|turn|34\n|inactive|Time left: 300 sec this turn | 300 sec total\n|\n|t:|1783565512\n|switch|p2a: Rampardos|Rampardos, L90, F|99/100\n|move|p1a: Whimsicott|Moonblast|p2a: Rampardos\n|-damage|p2a: Rampardos|61/100\n|\n|upkeep\n|turn|35\n|inactive|Time left: 300 sec this turn | 300 sec total\n|\n|t:|1783565513\n|move|p1a: Whimsicott|Moonblast|p2a: Rampardos\n|-damage|p2a: Rampardos|21/100\n|-unboost|p2a: Rampardos|spa|1\n|move|p2a: Rampardos|Zen Headbutt|p1a: Whimsicott\n|-damage|p1a: Whimsicott|63/238\n|\n|upkeep\n|turn|36\n|inactive|Time left: 300 sec this turn | 300 sec total\n|\n|t:|1783565514\n|move|p1a: Whimsicott|Moonblast|p2a: Rampardos\n|-damage|p2a: Rampardos|0 fnt\n|faint|p2a: Rampardos\n|\n|upkeep\n|\n|t:|1783565515\n|switch|p2a: Probopass|Probopass, L91, M, tera:Fighting|31/100\n|turn|37\n|inactive|Time left: 300 sec this turn | 300 sec total\n|\n|t:|1783565516\n|move|p1a: Whimsicott|Moonblast|p2a: Probopass\n|-supereffective|p2a: Probopass\n|-damage|p2a: Probopass|0 fnt\n|faint|p2a: Probopass\n|\n|win|p0x2198d69a", "uploadtime": 1783565516, "views": 0, "rating": 0, "private": 0, "password": null, "_winner": "p0x2198d69a", "_our_name": "p0x2198d69a"}