{"id": "battle-gen9randombattle-936", "formatid": "gen9randombattle", "format": "[Gen 9] Random Battle", "players": ["p0x936e7a5", "p0y93662b2"], "log": "|init|battle\n|title|p0x936e7a5 vs. p0y93662b2\n|j|\u2606p0x936e7a5\n|j|\u2606p0y93662b2\n|t:|1783550736\n|gametype|singles\n|player|p1|p0x936e7a5|102|\n|player|p2|p0y93662b2|2|\n|gen|9\n|tier|[Gen 9] Random Battle\n|rule|Species Clause: Limit one of each Pok\u00e9mon\n|rule|HP Percentage Mod: HP is shown in percentages\n|rule|Sleep Clause Mod: Limit one foe put to sleep\n|rule|Illusion Level Mod: Illusion disguises the Pok\u00e9mon's true level\n|\n|t:|1783550736\n|teamsize|p1|6\n|teamsize|p2|6\n|start\n|switch|p1a: Lapras|Lapras, L87, F|367/367\n|switch|p2a: Drifblim|Drifblim, L86, M|100/100\n|turn|1\n|inactive|Battle timer is ON: inactive players will automatically lose when time's up. (requested by p0y93662b2)\n|inactive|Time left: 300 sec this turn | 300 sec total | 60 sec grace\n|inactive|p0x936e7a5 also wants the timer to be on.\n|\n|t:|1783550737\n|move|p2a: Drifblim|Calm Mind|p2a: Drifblim\n|-boost|p2a: Drifblim|spa|1\n|-boost|p2a: Drifblim|spd|1\n|move|p1a: Lapras|Ice Beam|p2a: Drifblim\n|-supereffective|p2a: Drifblim\n|-damage|p2a: Drifblim|41/100\n|-enditem|p2a: Drifblim|Sitrus Berry|[eat]\n|-heal|p2a: Drifblim|66/100|[from] item: Sitrus Berry\n|\n|upkeep\n|turn|2\n|inactive|Time left: 300 sec this turn | 300 sec total\n|\n|t:|1783550738\n|move|p2a: Drifblim|Calm Mind|p2a: Drifblim\n|-boost|p2a: Drifblim|spa|1\n|-boost|p2a: Drifblim|spd|1\n|move|p1a: Lapras|Ice Beam|p2a: Drifblim\n|-supereffective|p2a: Drifblim\n|-damage|p2a: Drifblim|21/100\n|\n|upkeep\n|turn|3\n|inactive|Time left: 300 sec this turn | 300 sec total\n|\n|t:|1783550740\n|move|p2a: Drifblim|Strength Sap|p1a: Lapras\n|-unboost|p1a: Lapras|atk|1\n|-heal|p2a: Drifblim|59/100\n|move|p1a: Lapras|Ice Beam|p2a: Drifblim\n|-supereffective|p2a: Drifblim\n|-damage|p2a: Drifblim|9/100\n|\n|upkeep\n|turn|4\n|inactive|Time left: 300 sec this turn | 300 sec total\n|\n|t:|1783550741\n|move|p2a: Drifblim|Air Slash|p1a: Lapras\n|-damage|p1a: Lapras|219/367\n|move|p1a: Lapras|Ice Beam|p2a: Drifblim\n|-supereffective|p2a: Drifblim\n|-damage|p2a: Drifblim|0 fnt\n|faint|p2a: Drifblim\n|\n|upkeep\n|\n|t:|1783550742\n|switch|p2a: Miraidon|Miraidon, L65|100/100\n|-fieldstart|move: Electric Terrain|[from] ability: Hadron Engine|[of] p2a: Miraidon\n|turn|5\n|inactive|Time left: 300 sec this turn | 300 sec total\n|\n|t:|1783550743\n|move|p2a: Miraidon|Electro Drift|p1a: Lapras\n|-supereffective|p1a: Lapras\n|-damage|p1a: Lapras|0 fnt\n|faint|p1a: Lapras\n|\n|upkeep\n|inactive|Time left: 300 sec this turn | 300 sec total | 5 sec grace\n|\n|t:|1783550744\n|switch|p1a: Calyrex|Calyrex-Ice, L72|263/263\n|-ability|p1a: Calyrex|As One\n|-ability|p1a: Calyrex|Unnerve\n|turn|6\n|inactive|Time left: 300 sec this turn | 300 sec total\n|\n|t:|1783550745\n|-terastallize|p2a: Miraidon|Electric\n|move|p2a: Miraidon|Electro Drift|p1a: Calyrex\n|-damage|p1a: Calyrex|11/263\n|move|p1a: Calyrex|Glacial Lance|p2a: Miraidon\n|-damage|p2a: Miraidon|24/100\n|\n|upkeep\n|turn|7\n|inactive|Time left: 300 sec this turn | 300 sec total\n|\n|t:|1783550746\n|move|p2a: Miraidon|Electro Drift|p1a: Calyrex\n|-damage|p1a: Calyrex|0 fnt\n|faint|p1a: Calyrex\n|\n|upkeep\n|inactive|Time left: 300 sec this turn | 300 sec total | 5 sec grace\n|\n|t:|1783550747\n|switch|p1a: Meloetta|Meloetta, L82|298/298\n|turn|8\n|inactive|Time left: 300 sec this turn | 300 sec total\n|\n|t:|1783550748\n|move|p2a: Miraidon|Electro Drift|p1a: Meloetta\n|-damage|p1a: Meloetta|78/298\n|move|p1a: Meloetta|Psyshock|p2a: Miraidon\n|-damage|p2a: Miraidon|0 fnt\n|faint|p2a: Miraidon\n|\n|-heal|p1a: Meloetta|96/298|[from] item: Leftovers\n|upkeep\n|\n|t:|1783550749\n|switch|p2a: Wugtrio|Wugtrio, L91, F|100/100\n|turn|9\n|inactive|Time left: 300 sec this turn | 300 sec total\n|\n|t:|1783550750\n|move|p2a: Wugtrio|Liquidation|p1a: Meloetta\n|-damage|p1a: Meloetta|0 fnt\n|faint|p1a: Meloetta\n|\n|-fieldend|move: Electric Terrain\n|upkeep\n|inactive|Time left: 300 sec this turn | 300 sec total | 5 sec grace\n|\n|t:|1783550751\n|switch|p1a: Incineroar|Incineroar, L82, F|290/290\n|-ability|p1a: Incineroar|Intimidate|boost\n|-unboost|p2a: Wugtrio|atk|1\n|turn|10\n|inactive|Time left: 300 sec this turn | 300 sec total\n|\n|t:|1783550752\n|-terastallize|p1a: Incineroar|Grass\n|move|p2a: Wugtrio|Liquidation|p1a: Incineroar\n|-resisted|p1a: Incineroar\n|-damage|p1a: Incineroar|240/290\n|-unboost|p1a: Incineroar|def|1\n|move|p1a: Incineroar|Swords Dance|p1a: Incineroar\n|-boost|p1a: Incineroar|atk|2\n|\n|upkeep\n|turn|11\n|inactive|Time left: 300 sec this turn | 300 sec total\n|\n|t:|1783550753\n|switch|p2a: Skarmory|Skarmory, L80, M|100/100\n|move|p1a: Incineroar|Trailblaze|p2a: Skarmory\n|-resisted|p2a: Skarmory\n|-damage|p2a: Skarmory|90/100\n|-boost|p1a: Incineroar|spe|1\n|-damage|p1a: Incineroar|192/290|[from] item: Rocky Helmet|[of] p2a: Skarmory\n|\n|upkeep\n|turn|12\n|inactive|Time left: 300 sec this turn | 300 sec total\n|\n|t:|1783550755\n|move|p1a: Incineroar|Flare Blitz|p2a: Skarmory\n|-supereffective|p2a: Skarmory\n|-damage|p2a: Skarmory|0 fnt\n|-damage|p1a: Incineroar|144/290|[from] item: Rocky Helmet|[of] p2a: Skarmory\n|faint|p2a: Skarmory\n|-damage|p1a: Incineroar|75/290|[from] Recoil\n|\n|upkeep\n|\n|t:|1783550756\n|switch|p2a: Wugtrio|Wugtrio, L91, F|100/100\n|turn|13\n|inactive|Time left: 300 sec this turn | 300 sec total\n|\n|t:|1783550756\n|move|p2a: Wugtrio|Liquidation|p1a: Incineroar\n|-resisted|p1a: Incineroar\n|-damage|p1a: Incineroar|0 fnt\n|faint|p1a: Incineroar\n|\n|upkeep\n|inactive|Time left: 300 sec this turn | 300 sec total | 5 sec grace\n|\n|t:|1783550757\n|switch|p1a: Stonjourner|Stonjourner, L91, M|330/330\n|turn|14\n|inactive|Time left: 300 sec this turn | 300 sec total\n|\n|t:|1783550758\n|move|p2a: Wugtrio|Liquidation|p1a: Stonjourner\n|-supereffective|p1a: Stonjourner\n|-damage|p1a: Stonjourner|112/330\n|move|p1a: Stonjourner|Stone Edge|p2a: Wugtrio\n|-crit|p2a: Wugtrio\n|-damage|p2a: Wugtrio|0 fnt\n|faint|p2a: Wugtrio\n|-damage|p1a: Stonjourner|79/330|[from] item: Life Orb\n|\n|upkeep\n|\n|t:|1783550759\n|switch|p2a: Walking Wake|Walking Wake, L79|100/100\n|turn|15\n|inactive|Time left: 300 sec this turn | 300 sec total\n|\n|t:|1783550760\n|move|p2a: Walking Wake|Hydro Pump|p1a: Stonjourner|[miss]\n|-miss|p2a: Walking Wake|p1a: Stonjourner\n|move|p1a: Stonjourner|Stone Edge|p2a: Walking Wake\n|-damage|p2a: Walking Wake|26/100\n|-damage|p1a: Stonjourner|46/330|[from] item: Life Orb\n|\n|upkeep\n|turn|16\n|inactive|Time left: 300 sec this turn | 300 sec total\n|\n|t:|1783550761\n|move|p2a: Walking Wake|Hydro Pump|p1a: Stonjourner|[miss]\n|-miss|p2a: Walking Wake|p1a: Stonjourner\n|move|p1a: Stonjourner|Rock Polish|p1a: Stonjourner\n|-boost|p1a: Stonjourner|spe|2\n|\n|upkeep\n|turn|17\n|inactive|Time left: 300 sec this turn | 300 sec total\n|\n|t:|1783550761\n|-end|p2a: Walking Wake|Protosynthesis|[silent]\n|switch|p2a: Tinkaton|Tinkaton, L82, F|100/100\n|-ability|p2a: Tinkaton|Mold Breaker\n|move|p1a: Stonjourner|Earthquake|p2a: Tinkaton\n|-supereffective|p2a: Tinkaton\n|-damage|p2a: Tinkaton|1/100\n|-damage|p1a: Stonjourner|13/330|[from] item: Life Orb\n|\n|-heal|p2a: Tinkaton|7/100|[from] item: Leftovers\n|upkeep\n|turn|18\n|inactive|Time left: 300 sec this turn | 300 sec total\n|\n|t:|1783550762\n|switch|p1a: Scizor|Scizor, L79, M|240/240\n|move|p2a: Tinkaton|Play Rough|p1a: Scizor\n|-resisted|p1a: Scizor\n|-damage|p1a: Scizor|206/240\n|\n|-heal|p2a: Tinkaton|13/100|[from] item: Leftovers\n|-heal|p1a: Scizor|221/240|[from] item: Leftovers\n|upkeep\n|turn|19\n|inactive|Time left: 300 sec this turn | 300 sec total\n|\n|t:|1783550763\n|move|p2a: Tinkaton|Gigaton Hammer|p1a: Scizor\n|-resisted|p1a: Scizor\n|-damage|p1a: Scizor|157/240\n|move|p1a: Scizor|Defog|p2a: Tinkaton\n|-unboost|p2a: Tinkaton|evasion|1\n|\n|-heal|p2a: Tinkaton|19/100|[from] item: Leftovers\n|-heal|p1a: Scizor|172/240|[from] item: Leftovers\n|upkeep\n|turn|20\n|inactive|Time left: 300 sec this turn | 300 sec total\n|\n|t:|1783550764\n|switch|p1a: Stonjourner|Stonjourner, L91, M|13/330\n|move|p2a: Tinkaton|Encore||[still]\n|-fail|p2a: Tinkaton\n|\n|-heal|p2a: Tinkaton|26/100|[from] item: Leftovers\n|upkeep\n|turn|21\n|inactive|Time left: 300 sec this turn | 300 sec total\n|\n|t:|1783550765\n|switch|p1a: Scizor|Scizor, L79, M|172/240\n|move|p2a: Tinkaton|Thunder Wave|p1a: Scizor|[miss]\n|-miss|p2a: Tinkaton|p1a: Scizor\n|\n|-heal|p2a: Tinkaton|32/100|[from] item: Leftovers\n|-heal|p1a: Scizor|187/240|[from] item: Leftovers\n|upkeep\n|turn|22\n|inactive|Time left: 300 sec this turn | 300 sec total\n|\n|t:|1783550766\n|move|p2a: Tinkaton|Gigaton Hammer|p1a: Scizor\n|-resisted|p1a: Scizor\n|-damage|p1a: Scizor|127/240\n|move|p1a: Scizor|Knock Off|p2a: Tinkaton\n|-resisted|p2a: Tinkaton\n|-damage|p2a: Tinkaton|15/100\n|-enditem|p2a: Tinkaton|Leftovers|[from] move: Knock Off|[of] p1a: Scizor\n|\n|-heal|p1a: Scizor|142/240|[from] item: Leftovers\n|upkeep\n|turn|23\n|inactive|Time left: 300 sec this turn | 300 sec total\n|\n|t:|1783550767\n|move|p2a: Tinkaton|Encore|p1a: Scizor\n|-start|p1a: Scizor|Encore\n|move|p1a: Scizor|Knock Off|p2a: Tinkaton\n|-resisted|p2a: Tinkaton\n|-damage|p2a: Tinkaton|3/100\n|\n|-heal|p1a: Scizor|157/240|[from] item: Leftovers\n|upkeep\n|turn|24\n|inactive|Time left: 300 sec this turn | 300 sec total\n|\n|t:|1783550768\n|switch|p1a: Stonjourner|Stonjourner, L91, M|13/330\n|move|p2a: Tinkaton|Gigaton Hammer|p1a: Stonjourner\n|-supereffective|p1a: Stonjourner\n|-damage|p1a: Stonjourner|0 fnt\n|faint|p1a: Stonjourner\n|\n|upkeep\n|inactive|Time left: 300 sec this turn | 300 sec total | 5 sec grace\n|\n|t:|1783550769\n|switch|p1a: Scizor|Scizor, L79, M|157/240\n|turn|25\n|inactive|Time left: 300 sec this turn | 300 sec total\n|\n|t:|1783550770\n|move|p2a: Tinkaton|Encore||[still]\n|-fail|p2a: Tinkaton\n|move|p1a: Scizor|Defog|p2a: Tinkaton\n|-unboost|p2a: Tinkaton|evasion|1\n|\n|-heal|p1a: Scizor|172/240|[from] item: Leftovers\n|upkeep\n|turn|26\n|inactive|Time left: 300 sec this turn | 300 sec total\n|\n|t:|1783550771\n|move|p2a: Tinkaton|Gigaton Hammer|p1a: Scizor\n|-resisted|p1a: Scizor\n|-crit|p1a: Scizor\n|-damage|p1a: Scizor|70/240\n|move|p1a: Scizor|Defog|p2a: Tinkaton\n|-unboost|p2a: Tinkaton|evasion|1\n|\n|-heal|p1a: Scizor|85/240|[from] item: Leftovers\n|upkeep\n|turn|27\n|inactive|Time left: 300 sec this turn | 300 sec total\n|\n|t:|1783550772\n|move|p2a: Tinkaton|Play Rough|p1a: Scizor\n|-resisted|p1a: Scizor\n|-damage|p1a: Scizor|51/240\n|move|p1a: Scizor|Defog|p2a: Tinkaton\n|-unboost|p2a: Tinkaton|evasion|1\n|\n|-heal|p1a: Scizor|66/240|[from] item: Leftovers\n|upkeep\n|turn|28\n|inactive|Time left: 300 sec this turn | 300 sec total\n|\n|t:|1783550773\n|move|p2a: Tinkaton|Gigaton Hammer|p1a: Scizor\n|-resisted|p1a: Scizor\n|-damage|p1a: Scizor|1/240\n|move|p1a: Scizor|Defog|p2a: Tinkaton\n|-unboost|p2a: Tinkaton|evasion|1\n|\n|-heal|p1a: Scizor|16/240|[from] item: Leftovers\n|upkeep\n|turn|29\n|inactive|Time left: 300 sec this turn | 300 sec total\n|\n|t:|1783550774\n|move|p2a: Tinkaton|Play Rough|p1a: Scizor\n|-resisted|p1a: Scizor\n|-damage|p1a: Scizor|0 fnt\n|faint|p1a: Scizor\n|\n|win|p0y93662b2", "uploadtime": 1783550774, "views": 0, "rating": 0, "private": 0, "password": null, "_winner": "p0y93662b2", "_our_name": "p0x936e7a5"}