{"id": "battle-gen9randombattle-2488", "formatid": "gen9randombattle", "format": "[Gen 9] Random Battle", "players": ["p0x24885416", "p0y2488a060"], "log": "|init|battle\n|title|p0x24885416 vs. p0y2488a060\n|j|\u2606p0x24885416\n|j|\u2606p0y2488a060\n|t:|1783567879\n|gametype|singles\n|player|p1|p0x24885416|169|\n|player|p2|p0y2488a060|102|\n|gen|9\n|tier|[Gen 9] Random Battle\n|rule|Species Clause: Limit one of each Pok\u00e9mon\n|rule|HP Percentage Mod: HP is shown in percentages\n|rule|Sleep Clause Mod: Limit one foe put to sleep\n|rule|Illusion Level Mod: Illusion disguises the Pok\u00e9mon's true level\n|\n|t:|1783567879\n|teamsize|p1|6\n|teamsize|p2|6\n|start\n|switch|p1a: Skeledirge|Skeledirge, L79, F|100/100\n|switch|p2a: Granbull|Granbull, L88, F|302/302\n|-ability|p2a: Granbull|Intimidate|boost\n|-unboost|p1a: Skeledirge|atk|1\n|turn|1\n|inactive|Battle timer is ON: inactive players will automatically lose when time's up. (requested by p0x24885416)\n|inactive|Time left: 300 sec this turn | 300 sec total | 60 sec grace\n|inactive|p0y2488a060 also wants the timer to be on.\n|\n|t:|1783567881\n|switch|p2a: Conkeldurr|Conkeldurr, L80, F|299/299\n|move|p1a: Skeledirge|Will-O-Wisp|p2a: Conkeldurr\n|-status|p2a: Conkeldurr|brn\n|\n|-damage|p2a: Conkeldurr|281/299 brn|[from] brn\n|upkeep\n|turn|2\n|inactive|Time left: 300 sec this turn | 300 sec total\n|\n|t:|1783567882\n|move|p1a: Skeledirge|Torch Song|p2a: Conkeldurr\n|-damage|p2a: Conkeldurr|169/299 brn\n|-boost|p1a: Skeledirge|spa|1\n|move|p2a: Conkeldurr|Knock Off|p1a: Skeledirge\n|-supereffective|p1a: Skeledirge\n|-damage|p1a: Skeledirge|18/100\n|-enditem|p1a: Skeledirge|Heavy-Duty Boots|[from] move: Knock Off|[of] p2a: Conkeldurr\n|\n|-damage|p2a: Conkeldurr|151/299 brn|[from] brn\n|upkeep\n|turn|3\n|inactive|Time left: 300 sec this turn | 300 sec total\n|\n|t:|1783567883\n|switch|p2a: Politoed|Politoed, L88, F|302/302\n|-weather|RainDance|[from] ability: Drizzle|[of] p2a: Politoed\n|move|p1a: Skeledirge|Torch Song|p2a: Politoed\n|-resisted|p2a: Politoed\n|-damage|p2a: Politoed|274/302\n|-boost|p1a: Skeledirge|spa|1\n|\n|-weather|RainDance|[upkeep]\n|upkeep\n|turn|4\n|inactive|Time left: 300 sec this turn | 300 sec total\n|\n|t:|1783567884\n|switch|p1a: Gastrodon|Gastrodon, L86, F|100/100\n|move|p2a: Politoed|Hydro Pump|p1a: Gastrodon\n|-ability|p1a: Gastrodon|Storm Drain|boost\n|-boost|p1a: Gastrodon|spa|1\n|\n|-weather|RainDance|[upkeep]\n|upkeep\n|turn|5\n|inactive|Time left: 300 sec this turn | 300 sec total\n|\n|t:|1783567885\n|move|p2a: Politoed|Hypnosis|p1a: Gastrodon|[miss]\n|-miss|p2a: Politoed|p1a: Gastrodon\n|move|p1a: Gastrodon|Surf|p2a: Politoed\n|-resisted|p2a: Politoed\n|-damage|p2a: Politoed|175/302\n|\n|-weather|RainDance|[upkeep]\n|upkeep\n|turn|6\n|inactive|Time left: 300 sec this turn | 300 sec total\n|\n|t:|1783567886\n|move|p2a: Politoed|Hypnosis|p1a: Gastrodon\n|-status|p1a: Gastrodon|slp|[from] move: Hypnosis\n|cant|p1a: Gastrodon|slp\n|\n|-weather|RainDance|[upkeep]\n|upkeep\n|turn|7\n|inactive|Time left: 300 sec this turn | 300 sec total\n|\n|t:|1783567887\n|switch|p2a: Ariados|Ariados, L95, M|287/287\n|-curestatus|p1a: Gastrodon|slp|[msg]\n|move|p1a: Gastrodon|Surf|p2a: Ariados\n|-damage|p2a: Ariados|61/287\n|\n|-weather|none\n|upkeep\n|turn|8\n|inactive|Time left: 300 sec this turn | 300 sec total\n|\n|t:|1783567888\n|move|p2a: Ariados|Sticky Web|p1a: Gastrodon\n|-sidestart|p1: p0x24885416|move: Sticky Web\n|move|p1a: Gastrodon|Earthquake|p2a: Ariados\n|-damage|p2a: Ariados|0 fnt\n|faint|p2a: Ariados\n|\n|upkeep\n|inactive|Time left: 300 sec this turn | 300 sec total | 5 sec grace\n|\n|t:|1783567889\n|switch|p2a: Metagross|Metagross, L79|256/256\n|turn|9\n|inactive|Time left: 300 sec this turn | 300 sec total\n|\n|t:|1783567890\n|move|p2a: Metagross|Psychic Fangs|p1a: Gastrodon\n|-damage|p1a: Gastrodon|49/100\n|move|p1a: Gastrodon|Surf|p2a: Metagross\n|-damage|p2a: Metagross|102/256\n|\n|-heal|p1a: Gastrodon|55/100|[from] item: Leftovers\n|upkeep\n|turn|10\n|inactive|Time left: 300 sec this turn | 300 sec total\n|\n|t:|1783567891\n|move|p2a: Metagross|Psychic Fangs|p1a: Gastrodon\n|-damage|p1a: Gastrodon|0 fnt\n|faint|p1a: Gastrodon\n|\n|upkeep\n|\n|t:|1783567891\n|switch|p1a: Falinks|Falinks, L84|100/100\n|-activate|p1a: Falinks|move: Sticky Web\n|-unboost|p1a: Falinks|spe|1\n|-ability|p1a: Falinks|Defiant|boost\n|-boost|p1a: Falinks|atk|2\n|turn|11\n|inactive|Time left: 300 sec this turn | 300 sec total\n|\n|t:|1783567893\n|-terastallize|p1a: Falinks|Dark\n|move|p2a: Metagross|Psychic Fangs|p1a: Falinks\n|-immune|p1a: Falinks\n|move|p1a: Falinks|No Retreat|p1a: Falinks\n|-boost|p1a: Falinks|atk|1\n|-boost|p1a: Falinks|def|1\n|-boost|p1a: Falinks|spa|1\n|-boost|p1a: Falinks|spd|1\n|-boost|p1a: Falinks|spe|1\n|-start|p1a: Falinks|move: No Retreat\n|\n|upkeep\n|turn|12\n|inactive|Time left: 300 sec this turn | 300 sec total\n|\n|t:|1783567894\n|switch|p2a: Politoed|Politoed, L88, F|175/302\n|-weather|RainDance|[from] ability: Drizzle|[of] p2a: Politoed\n|move|p1a: Falinks|Knock Off|p2a: Politoed\n|-damage|p2a: Politoed|0 fnt\n|-enditem|p2a: Politoed|Chesto Berry|[from] move: Knock Off|[of] p1a: Falinks\n|faint|p2a: Politoed\n|-damage|p1a: Falinks|91/100|[from] item: Life Orb\n|\n|-weather|RainDance|[upkeep]\n|upkeep\n|inactive|Time left: 300 sec this turn | 300 sec total | 5 sec grace\n|\n|t:|1783567895\n|switch|p2a: Granbull|Granbull, L88, F|302/302\n|-ability|p2a: Granbull|Intimidate|boost\n|-unboost|p1a: Falinks|atk|1\n|-ability|p1a: Falinks|Defiant|boost\n|-boost|p1a: Falinks|atk|2\n|turn|13\n|inactive|Time left: 300 sec this turn | 300 sec total\n|\n|t:|1783567896\n|-terastallize|p2a: Granbull|Ground\n|move|p1a: Falinks|Iron Head|p2a: Granbull\n|-damage|p2a: Granbull|68/302\n|-damage|p1a: Falinks|81/100|[from] item: Life Orb\n|move|p2a: Granbull|Roar|p1a: Falinks\n|drag|p1a: Skeledirge|Skeledirge, L79, F|18/100\n|-activate|p1a: Skeledirge|move: Sticky Web\n|-unboost|p1a: Skeledirge|spe|1\n|\n|-weather|RainDance|[upkeep]\n|-heal|p2a: Granbull|86/302|[from] item: Leftovers\n|upkeep\n|turn|14\n|inactive|Time left: 300 sec this turn | 300 sec total\n|\n|t:|1783567897\n|move|p2a: Granbull|Play Rough|p1a: Skeledirge\n|-resisted|p1a: Skeledirge\n|-damage|p1a: Skeledirge|0 fnt\n|faint|p1a: Skeledirge\n|\n|-weather|RainDance|[upkeep]\n|-heal|p2a: Granbull|104/302|[from] item: Leftovers\n|upkeep\n|\n|t:|1783567898\n|switch|p1a: Volcarona|Volcarona, L77, M|100/100\n|turn|15\n|inactive|Time left: 300 sec this turn | 300 sec total\n|\n|t:|1783567899\n|switch|p2a: Mudsdale|Mudsdale, L83, F|302/302\n|move|p1a: Volcarona|Bug Buzz|p2a: Mudsdale\n|-damage|p2a: Mudsdale|196/302\n|-ability|p2a: Mudsdale|Stamina|boost\n|-boost|p2a: Mudsdale|def|1\n|\n|-weather|RainDance|[upkeep]\n|-heal|p2a: Mudsdale|214/302|[from] item: Leftovers\n|upkeep\n|turn|16\n|inactive|Time left: 300 sec this turn | 300 sec total\n|\n|t:|1783567900\n|move|p1a: Volcarona|Giga Drain|p2a: Mudsdale\n|-supereffective|p2a: Mudsdale\n|-damage|p2a: Mudsdale|94/302\n|-ability|p2a: Mudsdale|Stamina|boost\n|-boost|p2a: Mudsdale|def|1\n|move|p2a: Mudsdale|Stone Edge|p1a: Volcarona\n|-supereffective|p1a: Volcarona\n|-damage|p1a: Volcarona|0 fnt\n|faint|p1a: Volcarona\n|\n|-weather|none\n|-heal|p2a: Mudsdale|112/302|[from] item: Leftovers\n|upkeep\n|\n|t:|1783567901\n|switch|p1a: Falinks|Falinks, L84, tera:Dark|81/100\n|-activate|p1a: Falinks|move: Sticky Web\n|-unboost|p1a: Falinks|spe|1\n|-ability|p1a: Falinks|Defiant|boost\n|-boost|p1a: Falinks|atk|2\n|turn|17\n|inactive|Time left: 300 sec this turn | 300 sec total\n|\n|t:|1783567902\n|move|p1a: Falinks|Knock Off|p2a: Mudsdale\n|-damage|p2a: Mudsdale|0 fnt\n|-enditem|p2a: Mudsdale|Leftovers|[from] move: Knock Off|[of] p1a: Falinks\n|faint|p2a: Mudsdale\n|-damage|p1a: Falinks|71/100|[from] item: Life Orb\n|\n|upkeep\n|inactive|Time left: 300 sec this turn | 300 sec total | 5 sec grace\n|\n|t:|1783567903\n|switch|p2a: Granbull|Granbull, L88, F, tera:Ground|104/302\n|-ability|p2a: Granbull|Intimidate|boost\n|-unboost|p1a: Falinks|atk|1\n|-ability|p1a: Falinks|Defiant|boost\n|-boost|p1a: Falinks|atk|2\n|turn|18\n|inactive|Time left: 300 sec this turn | 300 sec total\n|\n|t:|1783567904\n|move|p2a: Granbull|Play Rough|p1a: Falinks\n|-supereffective|p1a: Falinks\n|-damage|p1a: Falinks|0 fnt\n|faint|p1a: Falinks\n|\n|-heal|p2a: Granbull|122/302|[from] item: Leftovers\n|upkeep\n|\n|t:|1783567905\n|switch|p1a: Dunsparce|Dunsparce, L86, F|100/100\n|-activate|p1a: Dunsparce|move: Sticky Web\n|-unboost|p1a: Dunsparce|spe|1\n|turn|19\n|inactive|Time left: 300 sec this turn | 300 sec total\n|\n|t:|1783567905\n|move|p2a: Granbull|Thunder Wave|p1a: Dunsparce\n|-status|p1a: Dunsparce|par\n|move|p1a: Dunsparce|Body Slam|p2a: Granbull\n|-damage|p2a: Granbull|46/302\n|-status|p2a: Granbull|par\n|\n|-heal|p2a: Granbull|64/302 par|[from] item: Leftovers\n|upkeep\n|turn|20\n|inactive|Time left: 300 sec this turn | 300 sec total\n|\n|t:|1783567906\n|cant|p2a: Granbull|par\n|move|p1a: Dunsparce|Coil|p1a: Dunsparce\n|-boost|p1a: Dunsparce|atk|1\n|-boost|p1a: Dunsparce|def|1\n|-boost|p1a: Dunsparce|accuracy|1\n|\n|-heal|p2a: Granbull|82/302 par|[from] item: Leftovers\n|upkeep\n|turn|21\n|inactive|Time left: 300 sec this turn | 300 sec total\n|\n|t:|1783567907\n|move|p1a: Dunsparce|Body Slam|p2a: Granbull\n|-damage|p2a: Granbull|0 fnt\n|faint|p2a: Granbull\n|\n|upkeep\n|inactive|Time left: 300 sec this turn | 300 sec total | 5 sec grace\n|\n|t:|1783567908\n|switch|p2a: Conkeldurr|Conkeldurr, L80, F|151/299 brn\n|turn|22\n|inactive|Time left: 300 sec this turn | 300 sec total\n|\n|t:|1783567909\n|move|p2a: Conkeldurr|Knock Off|p1a: Dunsparce\n|-damage|p1a: Dunsparce|79/100 par\n|-enditem|p1a: Dunsparce|Eviolite|[from] move: Knock Off|[of] p2a: Conkeldurr\n|move|p1a: Dunsparce|Roost|p1a: Dunsparce\n|-heal|p1a: Dunsparce|100/100 par\n|-singleturn|p1a: Dunsparce|move: Roost\n|\n|-damage|p2a: Conkeldurr|133/299 brn|[from] brn\n|upkeep\n|turn|23\n|inactive|Time left: 300 sec this turn | 300 sec total\n|\n|t:|1783567910\n|move|p2a: Conkeldurr|Close Combat|p1a: Dunsparce\n|-supereffective|p1a: Dunsparce\n|-damage|p1a: Dunsparce|0 fnt\n|-unboost|p2a: Conkeldurr|def|1\n|-unboost|p2a: Conkeldurr|spd|1\n|faint|p1a: Dunsparce\n|\n|-damage|p2a: Conkeldurr|115/299 brn|[from] brn\n|upkeep\n|\n|t:|1783567911\n|switch|p1a: Slither Wing|Slither Wing, L81|100/100\n|-activate|p1a: Slither Wing|move: Sticky Web\n|-unboost|p1a: Slither Wing|spe|1\n|-enditem|p1a: Slither Wing|Booster Energy\n|-activate|p1a: Slither Wing|ability: Protosynthesis|[fromitem]\n|-start|p1a: Slither Wing|protosynthesisatk\n|turn|24\n|inactive|Time left: 300 sec this turn | 300 sec total\n|\n|t:|1783567911\n|move|p1a: Slither Wing|Bulk Up|p1a: Slither Wing\n|-boost|p1a: Slither Wing|atk|1\n|-boost|p1a: Slither Wing|def|1\n|move|p2a: Conkeldurr|Facade|p1a: Slither Wing\n|-damage|p1a: Slither Wing|53/100\n|\n|-damage|p2a: Conkeldurr|97/299 brn|[from] brn\n|upkeep\n|turn|25\n|inactive|Time left: 300 sec this turn | 300 sec total\n|\n|t:|1783567912\n|move|p2a: Conkeldurr|Facade|p1a: Slither Wing\n|-damage|p1a: Slither Wing|4/100\n|move|p1a: Slither Wing|Bulk Up|p1a: Slither Wing\n|-boost|p1a: Slither Wing|atk|1\n|-boost|p1a: Slither Wing|def|1\n|\n|-damage|p2a: Conkeldurr|79/299 brn|[from] brn\n|upkeep\n|turn|26\n|inactive|Time left: 300 sec this turn | 300 sec total\n|\n|t:|1783567913\n|move|p2a: Conkeldurr|Mach Punch|p1a: Slither Wing\n|-resisted|p1a: Slither Wing\n|-damage|p1a: Slither Wing|0 fnt\n|faint|p1a: Slither Wing\n|-end|p1a: Slither Wing|Protosynthesis|[silent]\n|\n|win|p0y2488a060", "uploadtime": 1783567913, "views": 0, "rating": 0, "private": 0, "password": null, "_winner": "p0y2488a060", "_our_name": "p0y2488a060"}