{"id": "battle-gen9randombattle-255", "formatid": "gen9randombattle", "format": "[Gen 9] Random Battle", "players": ["p0x255454c", "p0y255633a"], "log": "|init|battle\n|title|p0x255454c vs. p0y255633a\n|j|\u2606p0x255454c\n|j|\u2606p0y255633a\n|t:|1783542049\n|gametype|singles\n|player|p1|p0x255454c|169|\n|player|p2|p0y255633a|169|\n|gen|9\n|tier|[Gen 9] Random Battle\n|rule|Species Clause: Limit one of each Pok\u00e9mon\n|rule|HP Percentage Mod: HP is shown in percentages\n|rule|Sleep Clause Mod: Limit one foe put to sleep\n|rule|Illusion Level Mod: Illusion disguises the Pok\u00e9mon's true level\n|\n|t:|1783542049\n|teamsize|p1|6\n|teamsize|p2|6\n|start\n|switch|p1a: Toxtricity|Toxtricity, L82, M|100/100\n|switch|p2a: Wyrdeer|Wyrdeer, L87, M|321/321\n|-ability|p2a: Wyrdeer|Intimidate|boost\n|-unboost|p1a: Toxtricity|atk|1\n|turn|1\n|inactive|Battle timer is ON: inactive players will automatically lose when time's up. (requested by p0y255633a)\n|inactive|p0x255454c also wants the timer to be on.\n|\n|t:|1783542050\n|switch|p1a: Vespiquen|Vespiquen, L99, F|100/100\n|-ability|p1a: Vespiquen|Pressure\n|move|p2a: Wyrdeer|Earthquake|p1a: Vespiquen\n|-immune|p1a: Vespiquen\n|\n|upkeep\n|turn|2\n|inactive|Time left: 300 sec this turn | 300 sec total\n|\n|t:|1783542051\n|move|p2a: Wyrdeer|Psychic Noise|p1a: Vespiquen\n|-damage|p1a: Vespiquen|75/100\n|-start|p1a: Vespiquen|move: Heal Block\n|move|p1a: Vespiquen|Spikes|p2a: Wyrdeer\n|-sidestart|p2: p0y255633a|Spikes\n|\n|upkeep\n|turn|3\n|inactive|Time left: 300 sec this turn | 300 sec total\n|\n|t:|1783542052\n|move|p2a: Wyrdeer|Body Slam|p1a: Vespiquen\n|-damage|p1a: Vespiquen|47/100\n|move|p1a: Vespiquen|Toxic|p2a: Wyrdeer\n|-status|p2a: Wyrdeer|tox\n|\n|-damage|p2a: Wyrdeer|301/321 tox|[from] psn\n|-end|p1a: Vespiquen|move: Heal Block\n|upkeep\n|turn|4\n|inactive|Time left: 300 sec this turn | 300 sec total\n|\n|t:|1783542054\n|move|p2a: Wyrdeer|Psychic Noise|p1a: Vespiquen\n|-damage|p1a: Vespiquen|22/100\n|-start|p1a: Vespiquen|move: Heal Block\n|move|p1a: Vespiquen|Spikes|p2a: Wyrdeer\n|-sidestart|p2: p0y255633a|Spikes\n|\n|-heal|p2a: Wyrdeer|321/321 tox|[from] item: Leftovers\n|-damage|p2a: Wyrdeer|281/321 tox|[from] psn\n|upkeep\n|turn|5\n|inactive|Time left: 300 sec this turn | 300 sec total\n|\n|t:|1783542055\n|switch|p1a: Kingdra|Kingdra, L84, M|100/100\n|move|p2a: Wyrdeer|Body Slam|p1a: Kingdra\n|-damage|p1a: Kingdra|63/100\n|-status|p1a: Kingdra|par\n|-enditem|p1a: Kingdra|Lum Berry|[eat]\n|-curestatus|p1a: Kingdra|par|[msg]\n|\n|-heal|p2a: Wyrdeer|301/321 tox|[from] item: Leftovers\n|-damage|p2a: Wyrdeer|241/321 tox|[from] psn\n|upkeep\n|turn|6\n|inactive|Time left: 300 sec this turn | 300 sec total\n|\n|t:|1783542056\n|move|p1a: Kingdra|Outrage|p2a: Wyrdeer\n|-damage|p2a: Wyrdeer|96/321 tox\n|move|p2a: Wyrdeer|Body Slam|p1a: Kingdra\n|-damage|p1a: Kingdra|26/100\n|-status|p1a: Kingdra|par\n|\n|-heal|p2a: Wyrdeer|116/321 tox|[from] item: Leftovers\n|-damage|p2a: Wyrdeer|36/321 tox|[from] psn\n|upkeep\n|turn|7\n|inactive|Time left: 300 sec this turn | 300 sec total\n|\n|t:|1783542057\n|move|p2a: Wyrdeer|Earthquake|p1a: Kingdra\n|-damage|p1a: Kingdra|0 fnt\n|faint|p1a: Kingdra\n|\n|-heal|p2a: Wyrdeer|56/321 tox|[from] item: Leftovers\n|-damage|p2a: Wyrdeer|0 fnt|[from] psn\n|faint|p2a: Wyrdeer\n|upkeep\n|inactive|Time left: 300 sec this turn | 300 sec total | 5 sec grace\n|\n|t:|1783542058\n|switch|p1a: Toucannon|Toucannon, L88, F|100/100\n|switch|p2a: Mismagius|Mismagius, L86, F|243/243\n|turn|8\n|inactive|Time left: 300 sec this turn | 300 sec total\n|\n|t:|1783542059\n|-singleturn|p1a: Toucannon|move: Beak Blast\n|move|p2a: Mismagius|Substitute|p2a: Mismagius\n|-start|p2a: Mismagius|Substitute\n|-damage|p2a: Mismagius|183/243\n|move|p1a: Toucannon|Beak Blast|p2a: Mismagius\n|-end|p2a: Mismagius|Substitute\n|\n|-heal|p2a: Mismagius|198/243|[from] item: Leftovers\n|upkeep\n|turn|9\n|inactive|Time left: 300 sec this turn | 300 sec total\n|\n|t:|1783542060\n|switch|p2a: Electivire|Electivire, L84, F|263/263\n|-damage|p2a: Electivire|220/263|[from] Spikes\n|-singleturn|p1a: Toucannon|move: Beak Blast\n|move|p1a: Toucannon|Beak Blast|p2a: Electivire\n|-resisted|p2a: Electivire\n|-damage|p2a: Electivire|141/263\n|\n|upkeep\n|turn|10\n|inactive|Time left: 300 sec this turn | 300 sec total\n|\n|t:|1783542061\n|move|p2a: Electivire|Supercell Slam|p1a: Toucannon\n|-supereffective|p1a: Toucannon\n|-damage|p1a: Toucannon|0 fnt\n|faint|p1a: Toucannon\n|-damage|p2a: Electivire|115/263|[from] item: Life Orb\n|\n|upkeep\n|\n|t:|1783542062\n|switch|p1a: Toxtricity|Toxtricity, L82, M|100/100\n|turn|11\n|inactive|Time left: 300 sec this turn | 300 sec total\n|\n|t:|1783542063\n|move|p1a: Toxtricity|Boomburst|p2a: Electivire\n|-crit|p2a: Electivire\n|-damage|p2a: Electivire|0 fnt\n|faint|p2a: Electivire\n|\n|upkeep\n|inactive|Time left: 300 sec this turn | 300 sec total | 5 sec grace\n|\n|t:|1783542064\n|switch|p2a: Mismagius|Mismagius, L86, F|198/243\n|turn|12\n|inactive|Time left: 300 sec this turn | 300 sec total\n|\n|t:|1783542065\n|switch|p1a: Excadrill|Excadrill, L79, F|100/100\n|-ability|p1a: Excadrill|Mold Breaker\n|move|p2a: Mismagius|Nasty Plot|p2a: Mismagius\n|-boost|p2a: Mismagius|spa|2\n|\n|-heal|p2a: Mismagius|213/243|[from] item: Leftovers\n|upkeep\n|turn|13\n|inactive|Time left: 300 sec this turn | 300 sec total\n|\n|t:|1783542066\n|move|p2a: Mismagius|Shadow Ball|p1a: Excadrill\n|-damage|p1a: Excadrill|42/100\n|move|p1a: Excadrill|Earthquake|p2a: Mismagius\n|-damage|p2a: Mismagius|63/243\n|\n|-heal|p2a: Mismagius|78/243|[from] item: Leftovers\n|upkeep\n|turn|14\n|inactive|Time left: 300 sec this turn | 300 sec total\n|\n|t:|1783542068\n|move|p2a: Mismagius|Shadow Ball|p1a: Excadrill\n|-damage|p1a: Excadrill|0 fnt\n|faint|p1a: Excadrill\n|\n|-heal|p2a: Mismagius|93/243|[from] item: Leftovers\n|upkeep\n|\n|t:|1783542069\n|switch|p1a: Toxtricity|Toxtricity, L82, M|100/100\n|turn|15\n|inactive|Time left: 300 sec this turn | 300 sec total\n|\n|t:|1783542070\n|switch|p2a: Clodsire|Clodsire, L81, M|343/343\n|-damage|p2a: Clodsire|286/343|[from] Spikes\n|move|p1a: Toxtricity|Overdrive|p2a: Clodsire\n|-immune|p2a: Clodsire\n|\n|-heal|p2a: Clodsire|307/343|[from] item: Leftovers\n|upkeep\n|turn|16\n|inactive|Time left: 300 sec this turn | 300 sec total\n|\n|t:|1783542070\n|switch|p1a: Vespiquen|Vespiquen, L99, F|22/100\n|-ability|p1a: Vespiquen|Pressure\n|move|p2a: Clodsire|Gunk Shot|p1a: Vespiquen\n|-damage|p1a: Vespiquen|0 fnt\n|faint|p1a: Vespiquen\n|\n|-heal|p2a: Clodsire|328/343|[from] item: Leftovers\n|upkeep\n|\n|t:|1783542072\n|switch|p1a: Toxtricity|Toxtricity, L82, M|100/100\n|turn|17\n|inactive|Time left: 300 sec this turn | 300 sec total\n|\n|t:|1783542072\n|-terastallize|p1a: Toxtricity|Normal\n|move|p1a: Toxtricity|Boomburst|p2a: Clodsire\n|-damage|p2a: Clodsire|147/343\n|move|p2a: Clodsire|Earthquake|p1a: Toxtricity\n|-damage|p1a: Toxtricity|65/100\n|\n|-heal|p2a: Clodsire|168/343|[from] item: Leftovers\n|upkeep\n|turn|18\n|inactive|Time left: 300 sec this turn | 300 sec total\n|\n|t:|1783542074\n|switch|p2a: Mismagius|Mismagius, L86, F|93/243\n|move|p1a: Toxtricity|Boomburst|p2a: Mismagius\n|-immune|p2a: Mismagius\n|\n|-heal|p2a: Mismagius|108/243|[from] item: Leftovers\n|upkeep\n|turn|19\n|inactive|Time left: 300 sec this turn | 300 sec total\n|\n|t:|1783542075\n|move|p1a: Toxtricity|Boomburst|p2a: Mismagius\n|-immune|p2a: Mismagius\n|move|p2a: Mismagius|Nasty Plot|p2a: Mismagius\n|-boost|p2a: Mismagius|spa|2\n|\n|-heal|p2a: Mismagius|123/243|[from] item: Leftovers\n|upkeep\n|turn|20\n|inactive|Time left: 300 sec this turn | 300 sec total\n|\n|t:|1783542076\n|switch|p1a: Ditto|Ditto, L87|100/100\n|-transform|p1a: Ditto|p2a: Mismagius|[from] ability: Imposter\n|move|p2a: Mismagius|Nasty Plot|p2a: Mismagius\n|-boost|p2a: Mismagius|spa|2\n|\n|-heal|p2a: Mismagius|138/243|[from] item: Leftovers\n|upkeep\n|turn|21\n|inactive|Time left: 300 sec this turn | 300 sec total\n|\n|t:|1783542077\n|switch|p1a: Toxtricity|Toxtricity, L82, M, tera:Normal|65/100\n|move|p2a: Mismagius|Shadow Ball|p1a: Toxtricity\n|-immune|p1a: Toxtricity\n|\n|-heal|p2a: Mismagius|153/243|[from] item: Leftovers\n|upkeep\n|turn|22\n|inactive|Time left: 300 sec this turn | 300 sec total\n|\n|t:|1783542078\n|move|p1a: Toxtricity|Volt Switch|p2a: Mismagius\n|-damage|p2a: Mismagius|78/243\n|\n|t:|1783542078\n|switch|p1a: Ditto|Ditto, L87|100/100|[from] Volt Switch\n|-transform|p1a: Ditto|p2a: Mismagius|[from] ability: Imposter\n|move|p2a: Mismagius|Tera Blast|p1a: Ditto\n|-immune|p1a: Ditto\n|\n|-heal|p2a: Mismagius|93/243|[from] item: Leftovers\n|upkeep\n|turn|23\n|inactive|Time left: 300 sec this turn | 300 sec total\n|\n|t:|1783542080\n|switch|p1a: Toxtricity|Toxtricity, L82, M, tera:Normal|65/100\n|move|p2a: Mismagius|Shadow Ball|p1a: Toxtricity\n|-immune|p1a: Toxtricity\n|\n|-heal|p2a: Mismagius|108/243|[from] item: Leftovers\n|upkeep\n|turn|24\n|inactive|Time left: 300 sec this turn | 300 sec total\n|\n|t:|1783542081\n|move|p1a: Toxtricity|Volt Switch|p2a: Mismagius\n|-damage|p2a: Mismagius|35/243\n|\n|t:|1783542082\n|switch|p1a: Ditto|Ditto, L87|100/100|[from] Volt Switch\n|-transform|p1a: Ditto|p2a: Mismagius|[from] ability: Imposter\n|move|p2a: Mismagius|Tera Blast|p1a: Ditto\n|-immune|p1a: Ditto\n|\n|-heal|p2a: Mismagius|50/243|[from] item: Leftovers\n|upkeep\n|turn|25\n|inactive|Time left: 300 sec this turn | 300 sec total\n|\n|t:|1783542083\n|switch|p1a: Toxtricity|Toxtricity, L82, M, tera:Normal|65/100\n|move|p2a: Mismagius|Shadow Ball|p1a: Toxtricity\n|-immune|p1a: Toxtricity\n|\n|-heal|p2a: Mismagius|65/243|[from] item: Leftovers\n|upkeep\n|turn|26\n|inactive|Time left: 300 sec this turn | 300 sec total\n|\n|t:|1783542084\n|move|p1a: Toxtricity|Overdrive|p2a: Mismagius\n|-damage|p2a: Mismagius|0 fnt\n|faint|p2a: Mismagius\n|\n|upkeep\n|inactive|Time left: 300 sec this turn | 300 sec total | 5 sec grace\n|\n|t:|1783542085\n|switch|p2a: Komala|Komala, L87, F|255/255\n|-damage|p2a: Komala|213/255|[from] Spikes\n|-ability|p2a: Komala|Comatose\n|turn|27\n|inactive|Time left: 300 sec this turn | 300 sec total\n|\n|t:|1783542086\n|move|p1a: Toxtricity|Overdrive|p2a: Komala\n|-damage|p2a: Komala|144/255\n|move|p2a: Komala|Rapid Spin|p1a: Toxtricity\n|-damage|p1a: Toxtricity|36/100\n|-boost|p2a: Komala|spe|1\n|-sideend|p2: p0y255633a|Spikes|[from] move: Rapid Spin|[of] p2a: Komala\n|\n|upkeep\n|turn|28\n|inactive|Time left: 300 sec this turn | 300 sec total\n|\n|t:|1783542087\n|switch|p1a: Ditto|Ditto, L87|100/100\n|-transform|p1a: Ditto|p2a: Komala|[from] ability: Imposter\n|-ability|p1a: Ditto|Comatose\n|move|p2a: Komala|Body Slam|p1a: Ditto\n|-damage|p1a: Ditto|42/100\n|\n|upkeep\n|turn|29\n|inactive|Time left: 300 sec this turn | 300 sec total\n|\n|t:|1783542088\n|-terastallize|p2a: Komala|Ghost\n|move|p1a: Ditto|Knock Off|p2a: Komala\n|-supereffective|p2a: Komala\n|-damage|p2a: Komala|0 fnt\n|-enditem|p2a: Komala|Assault Vest|[from] move: Knock Off|[of] p1a: Ditto\n|faint|p2a: Komala\n|\n|upkeep\n|inactive|Time left: 300 sec this turn | 300 sec total | 5 sec grace\n|\n|t:|1783542089\n|switch|p2a: Forretress|Forretress, L84, M|263/263\n|turn|30\n|inactive|Time left: 300 sec this turn | 300 sec total\n|\n|t:|1783542090\n|switch|p1a: Toxtricity|Toxtricity, L82, M, tera:Normal|36/100\n|move|p2a: Forretress|Body Press|p1a: Toxtricity\n|-supereffective|p1a: Toxtricity\n|-damage|p1a: Toxtricity|0 fnt\n|faint|p1a: Toxtricity\n|\n|upkeep\n|\n|t:|1783542091\n|switch|p1a: Ditto|Ditto, L87|42/100\n|-transform|p1a: Ditto|p2a: Forretress|[from] ability: Imposter\n|turn|31\n|inactive|Time left: 300 sec this turn | 300 sec total\n|\n|t:|1783542091\n|move|p1a: Ditto|Iron Head|p2a: Forretress\n|-resisted|p2a: Forretress\n|-damage|p2a: Forretress|235/263\n|move|p2a: Forretress|Body Press|p1a: Ditto\n|-damage|p1a: Ditto|18/100\n|\n|-heal|p2a: Forretress|251/263|[from] item: Leftovers\n|upkeep\n|turn|32\n|inactive|Time left: 300 sec this turn | 300 sec total\n|\n|t:|1783542092\n|move|p1a: Ditto|Iron Head|p2a: Forretress\n|-resisted|p2a: Forretress\n|-damage|p2a: Forretress|224/263\n|cant|p2a: Forretress|flinch\n|\n|-heal|p2a: Forretress|240/263|[from] item: Leftovers\n|upkeep\n|turn|33\n|inactive|Time left: 300 sec this turn | 300 sec total\n|\n|t:|1783542093\n|move|p1a: Ditto|Iron Head|p2a: Forretress\n|-resisted|p2a: Forretress\n|-damage|p2a: Forretress|213/263\n|move|p2a: Forretress|Body Press|p1a: Ditto\n|-damage|p1a: Ditto|0 fnt\n|faint|p1a: Ditto\n|\n|win|p0y255633a", "uploadtime": 1783542093, "views": 0, "rating": 0, "private": 0, "password": null, "_winner": "p0y255633a", "_our_name": "p0y255633a"}