{"id": "battle-gen9randombattle-48", "formatid": "gen9randombattle", "format": "[Gen 9] Random Battle", "players": ["p0x048c170", "p0y04830de"], "log": "|init|battle\n|title|p0x048c170 vs. p0y04830de\n|j|\u2606p0x048c170\n|j|\u2606p0y04830de\n|t:|1783539999\n|gametype|singles\n|player|p1|p0x048c170|170|\n|player|p2|p0y04830de|266|\n|gen|9\n|tier|[Gen 9] Random Battle\n|rule|Species Clause: Limit one of each Pok\u00e9mon\n|rule|HP Percentage Mod: HP is shown in percentages\n|rule|Sleep Clause Mod: Limit one foe put to sleep\n|rule|Illusion Level Mod: Illusion disguises the Pok\u00e9mon's true level\n|\n|t:|1783539999\n|teamsize|p1|6\n|teamsize|p2|6\n|start\n|switch|p1a: Orthworm|Orthworm, L88, M|266/266\n|switch|p2a: Baxcalibur|Baxcalibur, L75, M|100/100\n|turn|1\n|inactive|Battle timer is ON: inactive players will automatically lose when time's up. (requested by p0y04830de)\n|inactive|Time left: 300 sec this turn | 300 sec total | 60 sec grace\n|inactive|p0x048c170 also wants the timer to be on.\n|\n|t:|1783540001\n|move|p2a: Baxcalibur|Icicle Crash|p1a: Orthworm\n|-resisted|p1a: Orthworm\n|-damage|p1a: Orthworm|218/266\n|move|p1a: Orthworm|Stealth Rock|p2a: Baxcalibur\n|-sidestart|p2: p0y04830de|move: Stealth Rock\n|\n|-heal|p1a: Orthworm|234/266|[from] item: Leftovers\n|upkeep\n|turn|2\n|inactive|Time left: 300 sec this turn | 300 sec total\n|\n|t:|1783540002\n|switch|p2a: Avalugg|Avalugg, L88, F|100/100\n|move|p1a: Orthworm|Body Press|p2a: Avalugg\n|-supereffective|p2a: Avalugg\n|-damage|p2a: Avalugg|71/100\n|\n|-heal|p1a: Orthworm|250/266|[from] item: Leftovers\n|upkeep\n|turn|3\n|inactive|Time left: 300 sec this turn | 300 sec total\n|\n|t:|1783540003\n|switch|p1a: Clefable|Clefable, L83, M|293/293\n|move|p2a: Avalugg|Rapid Spin|p1a: Clefable\n|-damage|p1a: Clefable|242/293\n|-boost|p2a: Avalugg|spe|1\n|-sideend|p2: p0y04830de|Stealth Rock|[from] move: Rapid Spin|[of] p2a: Avalugg\n|\n|-heal|p1a: Clefable|260/293|[from] item: Leftovers\n|upkeep\n|turn|4\n|inactive|Time left: 300 sec this turn | 300 sec total\n|\n|t:|1783540005\n|move|p1a: Clefable|Fire Blast|p2a: Avalugg\n|-supereffective|p2a: Avalugg\n|-damage|p2a: Avalugg|0 fnt\n|faint|p2a: Avalugg\n|\n|-heal|p1a: Clefable|278/293|[from] item: Leftovers\n|upkeep\n|\n|t:|1783540006\n|switch|p2a: Swalot|Swalot, L90, M|100/100\n|turn|5\n|inactive|Time left: 300 sec this turn | 300 sec total\n|\n|t:|1783540007\n|switch|p1a: Overqwil|Overqwil, L82, F|274/274\n|-ability|p1a: Overqwil|Intimidate|boost\n|-unboost|p2a: Swalot|atk|1\n|move|p2a: Swalot|Gunk Shot|p1a: Overqwil|[miss]\n|-miss|p2a: Swalot|p1a: Overqwil\n|\n|upkeep\n|turn|6\n|inactive|Time left: 300 sec this turn | 300 sec total\n|\n|t:|1783540008\n|move|p1a: Overqwil|Crunch|p2a: Swalot\n|-damage|p2a: Swalot|59/100\n|move|p2a: Swalot|Swords Dance|p2a: Swalot\n|-boost|p2a: Swalot|atk|2\n|\n|-heal|p2a: Swalot|65/100|[from] item: Leftovers\n|upkeep\n|turn|7\n|inactive|Time left: 300 sec this turn | 300 sec total\n|\n|t:|1783540009\n|move|p1a: Overqwil|Crunch|p2a: Swalot\n|-damage|p2a: Swalot|23/100\n|move|p2a: Swalot|Earthquake|p1a: Overqwil\n|-supereffective|p1a: Overqwil\n|-damage|p1a: Overqwil|98/274\n|\n|-heal|p2a: Swalot|29/100|[from] item: Leftovers\n|upkeep\n|turn|8\n|inactive|Time left: 300 sec this turn | 300 sec total\n|\n|t:|1783540010\n|move|p1a: Overqwil|Crunch|p2a: Swalot\n|-damage|p2a: Swalot|0 fnt\n|faint|p2a: Swalot\n|\n|upkeep\n|\n|t:|1783540011\n|switch|p2a: Baxcalibur|Baxcalibur, L75, M|100/100\n|turn|9\n|inactive|Time left: 300 sec this turn | 300 sec total\n|\n|t:|1783540012\n|move|p1a: Overqwil|Crunch|p2a: Baxcalibur\n|-damage|p2a: Baxcalibur|53/100\n|move|p2a: Baxcalibur|Icicle Crash|p1a: Overqwil\n|-damage|p1a: Overqwil|0 fnt\n|faint|p1a: Overqwil\n|\n|upkeep\n|inactive|Time left: 300 sec this turn | 300 sec total | 5 sec grace\n|\n|t:|1783540013\n|switch|p1a: Lucario|Lucario, L84, M|255/255\n|turn|10\n|inactive|Time left: 300 sec this turn | 300 sec total\n|\n|t:|1783540014\n|switch|p2a: Decidueye|Decidueye, L88, F|100/100\n|move|p1a: Lucario|Flash Cannon|p2a: Decidueye\n|-damage|p2a: Decidueye|64/100\n|-damage|p1a: Lucario|230/255|[from] item: Life Orb\n|\n|upkeep\n|turn|11\n|inactive|Time left: 300 sec this turn | 300 sec total\n|\n|t:|1783540015\n|move|p1a: Lucario|Nasty Plot|p1a: Lucario\n|-boost|p1a: Lucario|spa|2\n|move|p2a: Decidueye|Spirit Shackle|p1a: Lucario\n|-damage|p1a: Lucario|118/255\n|-activate|p1a: Lucario|trapped\n|\n|upkeep\n|turn|12\n|inactive|Time left: 300 sec this turn | 300 sec total\n|\n|t:|1783540016\n|switch|p2a: Quagsire|Quagsire, L84, M|100/100\n|move|p1a: Lucario|Flash Cannon|p2a: Quagsire\n|-resisted|p2a: Quagsire\n|-damage|p2a: Quagsire|76/100\n|-damage|p1a: Lucario|93/255|[from] item: Life Orb\n|\n|-heal|p2a: Quagsire|82/100|[from] item: Leftovers\n|upkeep\n|turn|13\n|inactive|Time left: 300 sec this turn | 300 sec total\n|\n|t:|1783540017\n|move|p1a: Lucario|Aura Sphere|p2a: Quagsire\n|-damage|p2a: Quagsire|26/100\n|-damage|p1a: Lucario|68/255|[from] item: Life Orb\n|move|p2a: Quagsire|Earthquake|p1a: Lucario\n|-supereffective|p1a: Lucario\n|-damage|p1a: Lucario|0 fnt\n|faint|p1a: Lucario\n|\n|-heal|p2a: Quagsire|32/100|[from] item: Leftovers\n|upkeep\n|inactive|Time left: 300 sec this turn | 300 sec total | 5 sec grace\n|\n|t:|1783540018\n|switch|p1a: Decidueye|Decidueye-Hisui, L87, F|295/295\n|turn|14\n|inactive|Time left: 300 sec this turn | 300 sec total\n|\n|t:|1783540019\n|-terastallize|p2a: Quagsire|Poison\n|move|p1a: Decidueye|Triple Arrows|p2a: Quagsire\n|-resisted|p2a: Quagsire\n|-damage|p2a: Quagsire|12/100\n|move|p2a: Quagsire|Recover|p2a: Quagsire\n|-heal|p2a: Quagsire|62/100\n|\n|-heal|p2a: Quagsire|68/100|[from] item: Leftovers\n|upkeep\n|turn|15\n|inactive|Time left: 300 sec this turn | 300 sec total\n|\n|t:|1783540020\n|move|p1a: Decidueye|Triple Arrows|p2a: Quagsire\n|-resisted|p2a: Quagsire\n|-damage|p2a: Quagsire|48/100\n|-unboost|p2a: Quagsire|def|1\n|cant|p2a: Quagsire|flinch\n|\n|-heal|p2a: Quagsire|54/100|[from] item: Leftovers\n|upkeep\n|turn|16\n|inactive|Time left: 300 sec this turn | 300 sec total\n|\n|t:|1783540021\n|move|p1a: Decidueye|Triple Arrows|p2a: Quagsire\n|-resisted|p2a: Quagsire\n|-damage|p2a: Quagsire|26/100\n|move|p2a: Quagsire|Recover|p2a: Quagsire\n|-heal|p2a: Quagsire|77/100\n|\n|-heal|p2a: Quagsire|83/100|[from] item: Leftovers\n|upkeep\n|turn|17\n|inactive|Time left: 300 sec this turn | 300 sec total\n|\n|t:|1783540022\n|move|p1a: Decidueye|Triple Arrows|p2a: Quagsire\n|-resisted|p2a: Quagsire\n|-damage|p2a: Quagsire|55/100\n|-unboost|p2a: Quagsire|def|1\n|move|p2a: Quagsire|Toxic|p1a: Decidueye\n|-status|p1a: Decidueye|tox\n|\n|-heal|p2a: Quagsire|61/100|[from] item: Leftovers\n|-damage|p1a: Decidueye|277/295 tox|[from] psn\n|upkeep\n|turn|18\n|inactive|Time left: 300 sec this turn | 300 sec total\n|\n|t:|1783540023\n|move|p1a: Decidueye|Triple Arrows|p2a: Quagsire\n|-resisted|p2a: Quagsire\n|-crit|p2a: Quagsire\n|-damage|p2a: Quagsire|4/100\n|-unboost|p2a: Quagsire|def|1\n|cant|p2a: Quagsire|flinch\n|\n|-heal|p1a: Decidueye|295/295 tox|[from] item: Leftovers\n|-heal|p2a: Quagsire|10/100|[from] item: Leftovers\n|-damage|p1a: Decidueye|259/295 tox|[from] psn\n|upkeep\n|turn|19\n|inactive|Time left: 300 sec this turn | 300 sec total\n|\n|t:|1783540025\n|move|p1a: Decidueye|Triple Arrows|p2a: Quagsire\n|-resisted|p2a: Quagsire\n|-damage|p2a: Quagsire|0 fnt\n|faint|p2a: Quagsire\n|\n|-heal|p1a: Decidueye|277/295 tox|[from] item: Leftovers\n|-damage|p1a: Decidueye|223/295 tox|[from] psn\n|upkeep\n|\n|t:|1783540026\n|switch|p2a: Baxcalibur|Baxcalibur, L75, M|53/100\n|turn|20\n|inactive|Time left: 300 sec this turn | 300 sec total\n|\n|t:|1783540027\n|switch|p1a: Orthworm|Orthworm, L88, M|250/266\n|move|p2a: Baxcalibur|Icicle Crash|p1a: Orthworm\n|-resisted|p1a: Orthworm\n|-damage|p1a: Orthworm|204/266\n|\n|-heal|p1a: Orthworm|220/266|[from] item: Leftovers\n|upkeep\n|turn|21\n|inactive|Time left: 300 sec this turn | 300 sec total\n|\n|t:|1783540028\n|move|p2a: Baxcalibur|Icicle Crash|p1a: Orthworm\n|-resisted|p1a: Orthworm\n|-damage|p1a: Orthworm|173/266\n|move|p1a: Orthworm|Body Press|p2a: Baxcalibur\n|-supereffective|p2a: Baxcalibur\n|-damage|p2a: Baxcalibur|0 fnt\n|faint|p2a: Baxcalibur\n|\n|-heal|p1a: Orthworm|189/266|[from] item: Leftovers\n|upkeep\n|\n|t:|1783540029\n|switch|p2a: Decidueye|Decidueye, L88, F|64/100\n|turn|22\n|inactive|Time left: 300 sec this turn | 300 sec total\n|\n|t:|1783540030\n|move|p2a: Decidueye|Roost|p2a: Decidueye\n|-heal|p2a: Decidueye|100/100\n|-singleturn|p2a: Decidueye|move: Roost\n|move|p1a: Orthworm|Heavy Slam|p2a: Decidueye\n|-damage|p2a: Decidueye|49/100\n|\n|-heal|p1a: Orthworm|205/266|[from] item: Leftovers\n|upkeep\n|turn|23\n|inactive|Time left: 300 sec this turn | 300 sec total\n|\n|t:|1783540031\n|move|p2a: Decidueye|Roost|p2a: Decidueye\n|-heal|p2a: Decidueye|99/100\n|-singleturn|p2a: Decidueye|move: Roost\n|move|p1a: Orthworm|Heavy Slam|p2a: Decidueye\n|-damage|p2a: Decidueye|52/100\n|\n|-heal|p1a: Orthworm|221/266|[from] item: Leftovers\n|upkeep\n|turn|24\n|inactive|Time left: 300 sec this turn | 300 sec total\n|\n|t:|1783540033\n|move|p2a: Decidueye|Roost|p2a: Decidueye\n|-heal|p2a: Decidueye|100/100\n|-singleturn|p2a: Decidueye|move: Roost\n|move|p1a: Orthworm|Heavy Slam|p2a: Decidueye\n|-damage|p2a: Decidueye|54/100\n|\n|-heal|p1a: Orthworm|237/266|[from] item: Leftovers\n|upkeep\n|turn|25\n|inactive|Time left: 300 sec this turn | 300 sec total\n|\n|t:|1783540034\n|move|p2a: Decidueye|Roost|p2a: Decidueye\n|-heal|p2a: Decidueye|100/100\n|-singleturn|p2a: Decidueye|move: Roost\n|move|p1a: Orthworm|Heavy Slam|p2a: Decidueye\n|-damage|p2a: Decidueye|56/100\n|\n|-heal|p1a: Orthworm|253/266|[from] item: Leftovers\n|upkeep\n|turn|26\n|inactive|Time left: 300 sec this turn | 300 sec total\n|\n|t:|1783540035\n|move|p2a: Decidueye|Roost|p2a: Decidueye\n|-heal|p2a: Decidueye|100/100\n|-singleturn|p2a: Decidueye|move: Roost\n|move|p1a: Orthworm|Heavy Slam|p2a: Decidueye\n|-damage|p2a: Decidueye|50/100\n|\n|-heal|p1a: Orthworm|266/266|[from] item: Leftovers\n|upkeep\n|turn|27\n|inactive|Time left: 300 sec this turn | 300 sec total\n|\n|t:|1783540037\n|move|p2a: Decidueye|Roost|p2a: Decidueye\n|-heal|p2a: Decidueye|99/100\n|-singleturn|p2a: Decidueye|move: Roost\n|move|p1a: Orthworm|Heavy Slam|p2a: Decidueye\n|-damage|p2a: Decidueye|52/100\n|\n|upkeep\n|turn|28\n|inactive|Time left: 300 sec this turn | 300 sec total\n|\n|t:|1783540038\n|move|p2a: Decidueye|Roost|p2a: Decidueye\n|-heal|p2a: Decidueye|100/100\n|-singleturn|p2a: Decidueye|move: Roost\n|move|p1a: Orthworm|Heavy Slam|p2a: Decidueye\n|-damage|p2a: Decidueye|54/100\n|\n|upkeep\n|turn|29\n|inactive|Time left: 300 sec this turn | 300 sec total\n|\n|t:|1783540039\n|move|p2a: Decidueye|Roost|p2a: Decidueye\n|-heal|p2a: Decidueye|100/100\n|-singleturn|p2a: Decidueye|move: Roost\n|move|p1a: Orthworm|Heavy Slam|p2a: Decidueye\n|-crit|p2a: Decidueye\n|-damage|p2a: Decidueye|25/100\n|\n|upkeep\n|turn|30\n|inactive|Time left: 300 sec this turn | 300 sec total\n|\n|t:|1783540040\n|move|p2a: Decidueye|Leaf Storm|p1a: Orthworm\n|-resisted|p1a: Orthworm\n|-damage|p1a: Orthworm|104/266\n|-unboost|p2a: Decidueye|spa|2\n|move|p1a: Orthworm|Heavy Slam|p2a: Decidueye\n|-damage|p2a: Decidueye|0 fnt\n|faint|p2a: Decidueye\n|\n|-heal|p1a: Orthworm|120/266|[from] item: Leftovers\n|upkeep\n|\n|t:|1783540041\n|switch|p2a: Stantler|Stantler, L92, M|100/100\n|-ability|p2a: Stantler|Intimidate|boost\n|-unboost|p1a: Orthworm|atk|1\n|turn|31\n|inactive|Time left: 300 sec this turn | 300 sec total\n|\n|t:|1783540042\n|-terastallize|p1a: Orthworm|Poison\n|move|p2a: Stantler|Body Slam|p1a: Orthworm\n|-damage|p1a: Orthworm|53/266\n|-status|p1a: Orthworm|par\n|move|p1a: Orthworm|Body Press|p2a: Stantler\n|-supereffective|p2a: Stantler\n|-damage|p2a: Stantler|55/100\n|\n|-heal|p1a: Orthworm|69/266 par|[from] item: Leftovers\n|upkeep\n|turn|32\n|inactive|Time left: 300 sec this turn | 300 sec total\n|\n|t:|1783540043\n|move|p2a: Stantler|Body Slam|p1a: Orthworm\n|-damage|p1a: Orthworm|0 fnt\n|faint|p1a: Orthworm\n|\n|upkeep\n|inactive|Time left: 300 sec this turn | 300 sec total | 5 sec grace\n|\n|t:|1783540044\n|switch|p1a: Decidueye|Decidueye-Hisui, L87, F|223/295 tox\n|turn|33\n|inactive|Time left: 300 sec this turn | 300 sec total\n|\n|t:|1783540045\n|move|p2a: Stantler|Thunder Wave||[still]\n|-fail|p2a: Stantler\n|move|p1a: Decidueye|Triple Arrows|p2a: Stantler\n|-supereffective|p2a: Stantler\n|-crit|p2a: Stantler\n|-damage|p2a: Stantler|0 fnt\n|faint|p2a: Stantler\n|\n|win|p0x048c170", "uploadtime": 1783540045, "views": 0, "rating": 0, "private": 0, "password": null, "_winner": "p0x048c170", "_our_name": "p0x048c170"}