{"id": "battle-gen9randombattle-2817", "formatid": "gen9randombattle", "format": "[Gen 9] Random Battle", "players": ["p0x2817ec43", "p0y28174126"], "log": "|init|battle\n|title|p0x2817ec43 vs. p0y28174126\n|j|\u2606p0x2817ec43\n|j|\u2606p0y28174126\n|t:|1783571471\n|gametype|singles\n|player|p1|p0x2817ec43|170|\n|player|p2|p0y28174126|101|\n|gen|9\n|tier|[Gen 9] Random Battle\n|rule|Species Clause: Limit one of each Pok\u00e9mon\n|rule|HP Percentage Mod: HP is shown in percentages\n|rule|Sleep Clause Mod: Limit one foe put to sleep\n|rule|Illusion Level Mod: Illusion disguises the Pok\u00e9mon's true level\n|\n|t:|1783571471\n|teamsize|p1|6\n|teamsize|p2|6\n|start\n|switch|p1a: Scizor|Scizor, L79, M|100/100\n|switch|p2a: Ribombee|Ribombee, L83, M|235/235\n|turn|1\n|inactive|Battle timer is ON: inactive players will automatically lose when time's up. (requested by p0x2817ec43)\n|inactive|Time left: 300 sec this turn | 300 sec total | 60 sec grace\n|inactive|p0y28174126 also wants the timer to be on.\n|\n|t:|1783571473\n|move|p1a: Scizor|Bullet Punch|p2a: Ribombee\n|-supereffective|p2a: Ribombee\n|-crit|p2a: Ribombee\n|-enditem|p2a: Ribombee|Focus Sash\n|-damage|p2a: Ribombee|1/235\n|move|p2a: Ribombee|Sticky Web|p1a: Scizor\n|-sidestart|p1: p0x2817ec43|move: Sticky Web\n|\n|upkeep\n|turn|2\n|inactive|Time left: 300 sec this turn | 300 sec total\n|\n|t:|1783571474\n|switch|p2a: Luxray|Luxray, L88, F|284/284\n|-ability|p2a: Luxray|Intimidate|boost\n|-unboost|p1a: Scizor|atk|1\n|move|p1a: Scizor|Defog|p2a: Luxray\n|-unboost|p2a: Luxray|evasion|1\n|-sideend|p1: p0x2817ec43|Sticky Web|[from] move: Defog|[of] p1a: Scizor\n|\n|upkeep\n|turn|3\n|inactive|Time left: 300 sec this turn | 300 sec total\n|\n|t:|1783571475\n|move|p2a: Luxray|Wild Charge|p1a: Scizor\n|-damage|p1a: Scizor|48/100\n|-damage|p2a: Luxray|252/284|[from] Recoil\n|move|p1a: Scizor|U-turn|p2a: Luxray\n|-damage|p2a: Luxray|198/284\n|\n|t:|1783571475\n|switch|p1a: Palossand|Palossand, L89, M|100/100|[from] U-turn\n|\n|upkeep\n|turn|4\n|inactive|Time left: 300 sec this turn | 300 sec total\n|\n|t:|1783571477\n|move|p2a: Luxray|Volt Switch|p1a: Palossand\n|-immune|p1a: Palossand\n|move|p1a: Palossand|Earth Power|p2a: Luxray\n|-supereffective|p2a: Luxray\n|-damage|p2a: Luxray|40/284\n|\n|upkeep\n|turn|5\n|inactive|Time left: 300 sec this turn | 300 sec total\n|\n|t:|1783571478\n|switch|p2a: Rayquaza|Rayquaza, L72|270/270\n|-ability|p2a: Rayquaza|Air Lock\n|move|p1a: Palossand|Sludge Bomb|p2a: Rayquaza\n|-damage|p2a: Rayquaza|193/270\n|-status|p2a: Rayquaza|psn\n|\n|-damage|p2a: Rayquaza|160/270 psn|[from] psn\n|upkeep\n|turn|6\n|inactive|Time left: 300 sec this turn | 300 sec total\n|\n|t:|1783571479\n|switch|p2a: Spiritomb|Spiritomb, L89, M|234/234\n|move|p1a: Palossand|Shadow Ball|p2a: Spiritomb\n|-damage|p2a: Spiritomb|149/234\n|\n|-heal|p2a: Spiritomb|163/234|[from] item: Leftovers\n|upkeep\n|turn|7\n|inactive|Time left: 300 sec this turn | 300 sec total\n|\n|t:|1783571480\n|move|p2a: Spiritomb|Foul Play|p1a: Palossand\n|-supereffective|p1a: Palossand\n|-damage|p1a: Palossand|64/100\n|move|p1a: Palossand|Earth Power|p2a: Spiritomb\n|-damage|p2a: Spiritomb|70/234\n|\n|-heal|p1a: Palossand|70/100|[from] item: Leftovers\n|-heal|p2a: Spiritomb|84/234|[from] item: Leftovers\n|upkeep\n|turn|8\n|inactive|Time left: 300 sec this turn | 300 sec total\n|\n|t:|1783571481\n|move|p1a: Palossand|Earth Power|p2a: Spiritomb\n|-damage|p2a: Spiritomb|0 fnt\n|faint|p2a: Spiritomb\n|\n|-heal|p1a: Palossand|76/100|[from] item: Leftovers\n|upkeep\n|inactive|Time left: 300 sec this turn | 300 sec total | 5 sec grace\n|\n|t:|1783571482\n|switch|p2a: Ribombee|Ribombee, L83, M|1/235\n|turn|9\n|inactive|Time left: 300 sec this turn | 300 sec total\n|\n|t:|1783571483\n|move|p2a: Ribombee|Sticky Web|p1a: Palossand\n|-sidestart|p1: p0x2817ec43|move: Sticky Web\n|move|p1a: Palossand|Shadow Ball|p2a: Ribombee\n|-damage|p2a: Ribombee|0 fnt\n|faint|p2a: Ribombee\n|\n|-heal|p1a: Palossand|82/100|[from] item: Leftovers\n|upkeep\n|inactive|Time left: 300 sec this turn | 300 sec total | 5 sec grace\n|\n|t:|1783571484\n|switch|p2a: Indeedee|Indeedee, L84, M|238/238\n|-fieldstart|move: Psychic Terrain|[from] ability: Psychic Surge|[of] p2a: Indeedee\n|turn|10\n|inactive|Time left: 300 sec this turn | 300 sec total\n|\n|t:|1783571485\n|move|p2a: Indeedee|Expanding Force|p1a: Palossand\n|-damage|p1a: Palossand|14/100\n|move|p1a: Palossand|Shore Up|p1a: Palossand\n|-heal|p1a: Palossand|64/100\n|\n|-heal|p1a: Palossand|70/100|[from] item: Leftovers\n|upkeep\n|turn|11\n|inactive|Time left: 300 sec this turn | 300 sec total\n|\n|t:|1783571486\n|switch|p1a: Slowking|Slowking-Galar, L85, M|100/100\n|-activate|p1a: Slowking|move: Sticky Web\n|-unboost|p1a: Slowking|spe|1\n|move|p2a: Indeedee|Expanding Force|p1a: Slowking\n|-damage|p1a: Slowking|50/100\n|\n|-heal|p1a: Slowking|56/100|[from] item: Leftovers\n|upkeep\n|turn|12\n|inactive|Time left: 300 sec this turn | 300 sec total\n|\n|t:|1783571487\n|-terastallize|p2a: Indeedee|Psychic\n|-terastallize|p1a: Slowking|Dark\n|move|p2a: Indeedee|Expanding Force|p1a: Slowking\n|-immune|p1a: Slowking\n|move|p1a: Slowking|Sludge Bomb|p2a: Indeedee\n|-damage|p2a: Indeedee|126/238\n|-status|p2a: Indeedee|psn\n|\n|-heal|p1a: Slowking|62/100|[from] item: Leftovers\n|-damage|p2a: Indeedee|97/238 psn|[from] psn\n|upkeep\n|turn|13\n|inactive|Time left: 300 sec this turn | 300 sec total\n|\n|t:|1783571488\n|move|p2a: Indeedee|Expanding Force|p1a: Slowking\n|-immune|p1a: Slowking\n|move|p1a: Slowking|Psyshock|p2a: Indeedee\n|-resisted|p2a: Indeedee\n|-damage|p2a: Indeedee|9/238 psn\n|\n|-heal|p1a: Slowking|68/100|[from] item: Leftovers\n|-damage|p2a: Indeedee|0 fnt|[from] psn\n|faint|p2a: Indeedee\n|upkeep\n|inactive|Time left: 300 sec this turn | 300 sec total | 5 sec grace\n|\n|t:|1783571489\n|switch|p2a: Luxray|Luxray, L88, F|40/284\n|-ability|p2a: Luxray|Intimidate|boost\n|-unboost|p1a: Slowking|atk|1\n|turn|14\n|inactive|Time left: 300 sec this turn | 300 sec total\n|\n|t:|1783571490\n|move|p2a: Luxray|Play Rough|p1a: Slowking\n|-supereffective|p1a: Slowking\n|-damage|p1a: Slowking|14/100\n|move|p1a: Slowking|Sludge Bomb|p2a: Luxray\n|-damage|p2a: Luxray|0 fnt\n|faint|p2a: Luxray\n|\n|-heal|p1a: Slowking|20/100|[from] item: Leftovers\n|-fieldend|move: Psychic Terrain\n|upkeep\n|inactive|Time left: 300 sec this turn | 300 sec total | 5 sec grace\n|\n|t:|1783571491\n|switch|p2a: Rayquaza|Rayquaza, L72|160/270 psn\n|-ability|p2a: Rayquaza|Air Lock\n|turn|15\n|inactive|Time left: 300 sec this turn | 300 sec total\n|\n|t:|1783571492\n|switch|p1a: Palossand|Palossand, L89, M|70/100\n|-activate|p1a: Palossand|move: Sticky Web\n|-unboost|p1a: Palossand|spe|1\n|move|p2a: Rayquaza|Outrage|p1a: Palossand\n|-damage|p1a: Palossand|35/100\n|\n|-heal|p1a: Palossand|41/100|[from] item: Leftovers\n|-damage|p2a: Rayquaza|127/270 psn|[from] psn\n|upkeep\n|turn|16\n|inactive|Time left: 300 sec this turn | 300 sec total\n|\n|t:|1783571493\n|move|p2a: Rayquaza|Outrage|p1a: Palossand|[from] lockedmove\n|-damage|p1a: Palossand|3/100\n|move|p1a: Palossand|Shore Up|p1a: Palossand\n|-heal|p1a: Palossand|53/100\n|\n|-heal|p1a: Palossand|59/100|[from] item: Leftovers\n|-damage|p2a: Rayquaza|94/270 psn|[from] psn\n|upkeep\n|turn|17\n|inactive|Time left: 300 sec this turn | 300 sec total\n|\n|t:|1783571494\n|move|p2a: Rayquaza|Outrage|p1a: Palossand|[from] lockedmove\n|-damage|p1a: Palossand|22/100\n|-start|p2a: Rayquaza|confusion|[fatigue]\n|move|p1a: Palossand|Shore Up|p1a: Palossand\n|-heal|p1a: Palossand|72/100\n|\n|-heal|p1a: Palossand|78/100|[from] item: Leftovers\n|-damage|p2a: Rayquaza|61/270 psn|[from] psn\n|upkeep\n|turn|18\n|inactive|Time left: 300 sec this turn | 300 sec total\n|\n|t:|1783571495\n|-activate|p2a: Rayquaza|confusion\n|move|p2a: Rayquaza|Outrage|p1a: Palossand\n|-damage|p1a: Palossand|43/100\n|move|p1a: Palossand|Shore Up|p1a: Palossand\n|-heal|p1a: Palossand|93/100\n|\n|-heal|p1a: Palossand|99/100|[from] item: Leftovers\n|-damage|p2a: Rayquaza|28/270 psn|[from] psn\n|upkeep\n|turn|19\n|inactive|Time left: 300 sec this turn | 300 sec total\n|\n|t:|1783571496\n|-activate|p2a: Rayquaza|confusion\n|move|p2a: Rayquaza|Outrage|p1a: Palossand|[from] lockedmove\n|-damage|p1a: Palossand|63/100\n|move|p1a: Palossand|Shore Up|p1a: Palossand\n|-heal|p1a: Palossand|100/100\n|\n|-damage|p2a: Rayquaza|0 fnt|[from] psn\n|faint|p2a: Rayquaza\n|upkeep\n|inactive|Time left: 300 sec this turn | 300 sec total | 5 sec grace\n|\n|t:|1783571497\n|switch|p2a: Dondozo|Dondozo, L78, F|362/362\n|turn|20\n|inactive|Time left: 300 sec this turn | 300 sec total\n|\n|t:|1783571499\n|move|p2a: Dondozo|Wave Crash|p1a: Palossand\n|-supereffective|p1a: Palossand\n|-crit|p1a: Palossand\n|-damage|p1a: Palossand|9/100\n|-ability|p1a: Palossand|Water Compaction|boost\n|-boost|p1a: Palossand|def|2\n|-damage|p2a: Dondozo|272/362|[from] Recoil\n|move|p1a: Palossand|Earth Power|p2a: Dondozo\n|-damage|p2a: Dondozo|137/362\n|\n|-heal|p2a: Dondozo|159/362|[from] item: Leftovers\n|-heal|p1a: Palossand|15/100|[from] item: Leftovers\n|upkeep\n|turn|21\n|inactive|Time left: 300 sec this turn | 300 sec total\n|\n|t:|1783571500\n|switch|p1a: Tornadus|Tornadus, L82, M|100/100\n|move|p2a: Dondozo|Rest|p2a: Dondozo\n|-status|p2a: Dondozo|slp|[from] move: Rest\n|-heal|p2a: Dondozo|362/362 slp|[silent]\n|\n|upkeep\n|turn|22\n|inactive|Time left: 300 sec this turn | 300 sec total\n|\n|t:|1783571501\n|move|p1a: Tornadus|Grass Knot|p2a: Dondozo\n|-supereffective|p2a: Dondozo\n|-damage|p2a: Dondozo|122/362 slp\n|cant|p2a: Dondozo|slp\n|move|p2a: Dondozo|Sleep Talk|p2a: Dondozo\n|move|p2a: Dondozo|Wave Crash|p1a: Tornadus|[from] move: Sleep Talk\n|-damage|p1a: Tornadus|47/100\n|-damage|p2a: Dondozo|75/362 slp|[from] Recoil\n|\n|-heal|p2a: Dondozo|97/362 slp|[from] item: Leftovers\n|upkeep\n|turn|23\n|inactive|Time left: 300 sec this turn | 300 sec total\n|\n|t:|1783571501\n|move|p1a: Tornadus|Grass Knot|p2a: Dondozo\n|-supereffective|p2a: Dondozo\n|-damage|p2a: Dondozo|0 fnt\n|faint|p2a: Dondozo\n|\n|win|p0x2817ec43", "uploadtime": 1783571502, "views": 0, "rating": 0, "private": 0, "password": null, "_winner": "p0x2817ec43", "_our_name": "p0y28174126"}