{"id": "battle-gen9randombattle-681", "formatid": "gen9randombattle", "format": "[Gen 9] Random Battle", "players": ["p0x6819877", "p0y681dd5d"], "log": "|init|battle\n|title|p0x6819877 vs. p0y681dd5d\n|j|\u2606p0x6819877\n|j|\u2606p0y681dd5d\n|t:|1783547034\n|gametype|singles\n|player|p1|p0x6819877|101|\n|player|p2|p0y681dd5d|101|\n|gen|9\n|tier|[Gen 9] Random Battle\n|rule|Species Clause: Limit one of each Pok\u00e9mon\n|rule|HP Percentage Mod: HP is shown in percentages\n|rule|Sleep Clause Mod: Limit one foe put to sleep\n|rule|Illusion Level Mod: Illusion disguises the Pok\u00e9mon's true level\n|\n|t:|1783547034\n|teamsize|p1|6\n|teamsize|p2|6\n|start\n|switch|p1a: Regirock|Regirock, L83|268/268\n|switch|p2a: Milotic|Milotic, L83, F|100/100\n|turn|1\n|inactive|Battle timer is ON: inactive players will automatically lose when time's up. (requested by p0y681dd5d)\n|inactive|Time left: 300 sec this turn | 300 sec total | 60 sec grace\n|inactive|p0x6819877 also wants the timer to be on.\n|\n|t:|1783547035\n|move|p2a: Milotic|Scald|p1a: Regirock\n|-supereffective|p1a: Regirock\n|-damage|p1a: Regirock|110/268\n|move|p1a: Regirock|Body Press|p2a: Milotic\n|-damage|p2a: Milotic|63/100\n|\n|-heal|p2a: Milotic|69/100|[from] item: Leftovers\n|upkeep\n|turn|2\n|inactive|Time left: 300 sec this turn | 300 sec total\n|\n|t:|1783547036\n|-terastallize|p1a: Regirock|Fighting\n|move|p2a: Milotic|Scald|p1a: Regirock\n|-damage|p1a: Regirock|35/268\n|-status|p1a: Regirock|brn\n|move|p1a: Regirock|Rest|p1a: Regirock\n|-status|p1a: Regirock|slp|[from] move: Rest\n|-heal|p1a: Regirock|268/268 slp|[silent]\n|-enditem|p1a: Regirock|Chesto Berry|[eat]\n|-curestatus|p1a: Regirock|slp|[msg]\n|\n|-heal|p2a: Milotic|75/100|[from] item: Leftovers\n|upkeep\n|turn|3\n|inactive|Time left: 300 sec this turn | 300 sec total\n|\n|t:|1783547037\n|move|p2a: Milotic|Scald|p1a: Regirock\n|-damage|p1a: Regirock|195/268\n|move|p1a: Regirock|Body Press|p2a: Milotic\n|-damage|p2a: Milotic|17/100\n|\n|-heal|p2a: Milotic|23/100|[from] item: Leftovers\n|upkeep\n|turn|4\n|inactive|Time left: 300 sec this turn | 300 sec total\n|\n|t:|1783547037\n|move|p2a: Milotic|Recover|p2a: Milotic\n|-heal|p2a: Milotic|73/100\n|move|p1a: Regirock|Body Press|p2a: Milotic\n|-damage|p2a: Milotic|18/100\n|\n|-heal|p2a: Milotic|24/100|[from] item: Leftovers\n|upkeep\n|turn|5\n|inactive|Time left: 300 sec this turn | 300 sec total\n|\n|t:|1783547038\n|move|p2a: Milotic|Recover|p2a: Milotic\n|-heal|p2a: Milotic|74/100\n|move|p1a: Regirock|Body Press|p2a: Milotic\n|-damage|p2a: Milotic|19/100\n|\n|-heal|p2a: Milotic|25/100|[from] item: Leftovers\n|upkeep\n|turn|6\n|inactive|Time left: 300 sec this turn | 300 sec total\n|\n|t:|1783547039\n|move|p2a: Milotic|Recover|p2a: Milotic\n|-heal|p2a: Milotic|75/100\n|move|p1a: Regirock|Body Press|p2a: Milotic\n|-damage|p2a: Milotic|16/100\n|\n|-heal|p2a: Milotic|22/100|[from] item: Leftovers\n|upkeep\n|turn|7\n|inactive|Time left: 300 sec this turn | 300 sec total\n|\n|t:|1783547040\n|move|p2a: Milotic|Recover|p2a: Milotic\n|-heal|p2a: Milotic|72/100\n|move|p1a: Regirock|Body Press|p2a: Milotic\n|-damage|p2a: Milotic|14/100\n|\n|-heal|p2a: Milotic|21/100|[from] item: Leftovers\n|upkeep\n|turn|8\n|inactive|Time left: 300 sec this turn | 300 sec total\n|\n|t:|1783547041\n|move|p2a: Milotic|Recover|p2a: Milotic\n|-heal|p2a: Milotic|71/100\n|move|p1a: Regirock|Body Press|p2a: Milotic\n|-damage|p2a: Milotic|14/100\n|\n|-heal|p2a: Milotic|21/100|[from] item: Leftovers\n|upkeep\n|turn|9\n|inactive|Time left: 300 sec this turn | 300 sec total\n|\n|t:|1783547042\n|move|p2a: Milotic|Recover|p2a: Milotic\n|-heal|p2a: Milotic|71/100\n|move|p1a: Regirock|Body Press|p2a: Milotic\n|-damage|p2a: Milotic|18/100\n|\n|-heal|p2a: Milotic|24/100|[from] item: Leftovers\n|upkeep\n|turn|10\n|inactive|Time left: 300 sec this turn | 300 sec total\n|\n|t:|1783547043\n|move|p2a: Milotic|Recover|p2a: Milotic\n|-heal|p2a: Milotic|75/100\n|move|p1a: Regirock|Body Press|p2a: Milotic\n|-damage|p2a: Milotic|22/100\n|\n|-heal|p2a: Milotic|28/100|[from] item: Leftovers\n|upkeep\n|turn|11\n|inactive|Time left: 300 sec this turn | 300 sec total\n|\n|t:|1783547043\n|move|p2a: Milotic|Recover|p2a: Milotic\n|-heal|p2a: Milotic|78/100\n|move|p1a: Regirock|Body Press|p2a: Milotic\n|-damage|p2a: Milotic|20/100\n|\n|-heal|p2a: Milotic|26/100|[from] item: Leftovers\n|upkeep\n|turn|12\n|inactive|Time left: 300 sec this turn | 300 sec total\n|\n|t:|1783547044\n|move|p2a: Milotic|Scald|p1a: Regirock\n|-damage|p1a: Regirock|113/268\n|move|p1a: Regirock|Body Press|p2a: Milotic\n|-damage|p2a: Milotic|0 fnt\n|faint|p2a: Milotic\n|\n|upkeep\n|\n|t:|1783547045\n|switch|p2a: Diancie|Diancie, L82|100/100\n|turn|13\n|inactive|Time left: 300 sec this turn | 300 sec total\n|\n|t:|1783547046\n|move|p1a: Regirock|Body Press|p2a: Diancie\n|-damage|p2a: Diancie|49/100\n|move|p2a: Diancie|Calm Mind|p2a: Diancie\n|-boost|p2a: Diancie|spa|1\n|-boost|p2a: Diancie|spd|1\n|\n|-heal|p2a: Diancie|55/100|[from] item: Leftovers\n|upkeep\n|turn|14\n|inactive|Time left: 300 sec this turn | 300 sec total\n|\n|t:|1783547047\n|move|p1a: Regirock|Body Press|p2a: Diancie\n|-damage|p2a: Diancie|8/100\n|move|p2a: Diancie|Draining Kiss|p1a: Regirock\n|-supereffective|p1a: Regirock\n|-damage|p1a: Regirock|0 fnt\n|-heal|p2a: Diancie|47/100|[from] drain|[of] p1a: Regirock\n|faint|p1a: Regirock\n|\n|-heal|p2a: Diancie|53/100|[from] item: Leftovers\n|upkeep\n|inactive|Time left: 300 sec this turn | 300 sec total | 5 sec grace\n|\n|t:|1783547048\n|switch|p1a: Dugtrio|Dugtrio-Alola, L84, M|196/196\n|turn|15\n|inactive|Time left: 300 sec this turn | 300 sec total\n|\n|t:|1783547050\n|move|p1a: Dugtrio|Iron Head|p2a: Diancie\n|-supereffective|p2a: Diancie\n|-damage|p2a: Diancie|0 fnt\n|faint|p2a: Diancie\n|-damage|p1a: Dugtrio|177/196|[from] item: Life Orb\n|\n|upkeep\n|\n|t:|1783547051\n|switch|p2a: Minior|Minior-Blue, L79|100/100\n|-formechange|p2a: Minior|Minior-Meteor||[from] ability: Shields Down\n|turn|16\n|inactive|Time left: 300 sec this turn | 300 sec total\n|\n|t:|1783547052\n|-terastallize|p2a: Minior|Ground\n|move|p1a: Dugtrio|Iron Head|p2a: Minior\n|-crit|p2a: Minior\n|-damage|p2a: Minior|32/100\n|-damage|p1a: Dugtrio|158/196|[from] item: Life Orb\n|move|p2a: Minior|Shell Smash|p2a: Minior\n|-unboost|p2a: Minior|def|1\n|-unboost|p2a: Minior|spd|1\n|-boost|p2a: Minior|atk|2\n|-boost|p2a: Minior|spa|2\n|-boost|p2a: Minior|spe|2\n|-enditem|p2a: Minior|White Herb\n|-clearnegativeboost|p2a: Minior|[silent]\n|\n|-formechange|p2a: Minior|Minior-Blue||[from] ability: Shields Down\n|upkeep\n|turn|17\n|inactive|Time left: 300 sec this turn | 300 sec total\n|\n|t:|1783547053\n|move|p2a: Minior|Earthquake|p1a: Dugtrio\n|-supereffective|p1a: Dugtrio\n|-damage|p1a: Dugtrio|0 fnt\n|faint|p1a: Dugtrio\n|\n|upkeep\n|inactive|Time left: 300 sec this turn | 300 sec total | 5 sec grace\n|\n|t:|1783547054\n|switch|p1a: Scizor|Scizor, L79, M|240/240\n|turn|18\n|inactive|Time left: 300 sec this turn | 300 sec total\n|\n|t:|1783547055\n|move|p1a: Scizor|Bullet Punch|p2a: Minior\n|-damage|p2a: Minior|0 fnt\n|faint|p2a: Minior\n|\n|upkeep\n|\n|t:|1783547056\n|switch|p2a: Electivire|Electivire, L84, M|100/100\n|turn|19\n|inactive|Time left: 300 sec this turn | 300 sec total\n|\n|t:|1783547057\n|move|p1a: Scizor|Bullet Punch|p2a: Electivire\n|-resisted|p2a: Electivire\n|-damage|p2a: Electivire|75/100\n|move|p2a: Electivire|Knock Off|p1a: Scizor\n|-damage|p1a: Scizor|133/240\n|-enditem|p1a: Scizor|Choice Band|[from] move: Knock Off|[of] p2a: Electivire\n|-damage|p2a: Electivire|65/100|[from] item: Life Orb\n|\n|upkeep\n|turn|20\n|inactive|Time left: 300 sec this turn | 300 sec total\n|\n|t:|1783547058\n|switch|p1a: Jumpluff|Jumpluff, L87, M|271/271\n|move|p2a: Electivire|Supercell Slam|p1a: Jumpluff\n|-damage|p1a: Jumpluff|67/271\n|-damage|p2a: Electivire|55/100|[from] item: Life Orb\n|\n|upkeep\n|turn|21\n|inactive|Time left: 300 sec this turn | 300 sec total\n|\n|t:|1783547059\n|move|p1a: Jumpluff|Strength Sap|p2a: Electivire\n|-unboost|p2a: Electivire|atk|1\n|-heal|p1a: Jumpluff|271/271\n|move|p2a: Electivire|Flamethrower|p1a: Jumpluff\n|-supereffective|p1a: Jumpluff\n|-damage|p1a: Jumpluff|125/271\n|-damage|p2a: Electivire|45/100|[from] item: Life Orb\n|\n|upkeep\n|turn|22\n|inactive|Time left: 300 sec this turn | 300 sec total\n|\n|t:|1783547060\n|move|p1a: Jumpluff|Strength Sap|p2a: Electivire\n|-unboost|p2a: Electivire|atk|1\n|-heal|p1a: Jumpluff|271/271\n|move|p2a: Electivire|Flamethrower|p1a: Jumpluff\n|-supereffective|p1a: Jumpluff\n|-damage|p1a: Jumpluff|115/271\n|-damage|p2a: Electivire|35/100|[from] item: Life Orb\n|\n|upkeep\n|turn|23\n|inactive|Time left: 300 sec this turn | 300 sec total\n|\n|t:|1783547062\n|move|p1a: Jumpluff|Strength Sap|p2a: Electivire\n|-unboost|p2a: Electivire|atk|1\n|-heal|p1a: Jumpluff|242/271\n|move|p2a: Electivire|Flamethrower|p1a: Jumpluff\n|-supereffective|p1a: Jumpluff\n|-damage|p1a: Jumpluff|104/271\n|-damage|p2a: Electivire|26/100|[from] item: Life Orb\n|\n|upkeep\n|turn|24\n|inactive|Time left: 300 sec this turn | 300 sec total\n|\n|t:|1783547063\n|move|p1a: Jumpluff|Strength Sap|p2a: Electivire\n|-unboost|p2a: Electivire|atk|1\n|-heal|p1a: Jumpluff|206/271\n|move|p2a: Electivire|Flamethrower|p1a: Jumpluff\n|-supereffective|p1a: Jumpluff\n|-damage|p1a: Jumpluff|58/271\n|-status|p1a: Jumpluff|brn\n|-damage|p2a: Electivire|16/100|[from] item: Life Orb\n|\n|-damage|p1a: Jumpluff|42/271 brn|[from] brn\n|upkeep\n|turn|25\n|inactive|Time left: 300 sec this turn | 300 sec total\n|\n|t:|1783547063\n|switch|p2a: Calyrex|Calyrex, L93|100/100\n|-ability|p2a: Calyrex|Unnerve\n|move|p1a: Jumpluff|Strength Sap|p2a: Calyrex\n|-unboost|p2a: Calyrex|atk|1\n|-heal|p1a: Jumpluff|195/271 brn\n|\n|-damage|p1a: Jumpluff|179/271 brn|[from] brn\n|upkeep\n|turn|26\n|inactive|Time left: 300 sec this turn | 300 sec total\n|\n|t:|1783547064\n|move|p1a: Jumpluff|Strength Sap|p2a: Calyrex\n|-unboost|p2a: Calyrex|atk|1\n|-heal|p1a: Jumpluff|271/271 brn\n|move|p2a: Calyrex|Psyshock|p1a: Jumpluff\n|-damage|p1a: Jumpluff|177/271 brn\n|\n|-damage|p1a: Jumpluff|161/271 brn|[from] brn\n|upkeep\n|turn|27\n|inactive|Time left: 300 sec this turn | 300 sec total\n|\n|t:|1783547065\n|move|p1a: Jumpluff|Strength Sap|p2a: Calyrex\n|-unboost|p2a: Calyrex|atk|1\n|-heal|p1a: Jumpluff|237/271 brn\n|move|p2a: Calyrex|Calm Mind|p2a: Calyrex\n|-boost|p2a: Calyrex|spa|1\n|-boost|p2a: Calyrex|spd|1\n|\n|-damage|p1a: Jumpluff|221/271 brn|[from] brn\n|upkeep\n|turn|28\n|inactive|Time left: 300 sec this turn | 300 sec total\n|\n|t:|1783547067\n|switch|p1a: Scizor|Scizor, L79, M|133/240\n|move|p2a: Calyrex|Psyshock|p1a: Scizor\n|-resisted|p1a: Scizor\n|-damage|p1a: Scizor|70/240\n|\n|upkeep\n|turn|29\n|inactive|Time left: 300 sec this turn | 300 sec total\n|\n|t:|1783547068\n|switch|p2a: Cramorant|Cramorant, L86, M|100/100\n|move|p1a: Scizor|U-turn|p2a: Cramorant\n|-resisted|p2a: Cramorant\n|-damage|p2a: Cramorant|79/100\n|inactive|Time left: 300 sec this turn | 300 sec total | 5 sec grace\n|\n|t:|1783547069\n|switch|p1a: Zapdos|Zapdos, L78|268/268|[from] U-turn\n|\n|upkeep\n|turn|30\n|inactive|Time left: 300 sec this turn | 300 sec total\n|\n|t:|1783547069\n|switch|p2a: Electivire|Electivire, L84, M|16/100\n|move|p1a: Zapdos|Thunderbolt|p2a: Electivire\n|-ability|p2a: Electivire|Motor Drive|boost\n|-boost|p2a: Electivire|spe|1\n|\n|upkeep\n|turn|31\n|inactive|Time left: 300 sec this turn | 300 sec total\n|\n|t:|1783547070\n|move|p2a: Electivire|Supercell Slam|p1a: Zapdos\n|-damage|p1a: Zapdos|99/268\n|-damage|p2a: Electivire|6/100|[from] item: Life Orb\n|move|p1a: Zapdos|Roost|p1a: Zapdos\n|-heal|p1a: Zapdos|233/268\n|-singleturn|p1a: Zapdos|move: Roost\n|\n|upkeep\n|turn|32\n|inactive|Time left: 300 sec this turn | 300 sec total\n|\n|t:|1783547071\n|move|p2a: Electivire|Supercell Slam|p1a: Zapdos\n|-damage|p1a: Zapdos|41/268\n|-damage|p2a: Electivire|0 fnt|[from] item: Life Orb\n|faint|p2a: Electivire\n|move|p1a: Zapdos|Roost|p1a: Zapdos\n|-heal|p1a: Zapdos|175/268\n|-singleturn|p1a: Zapdos|move: Roost\n|\n|upkeep\n|\n|t:|1783547072\n|switch|p2a: Calyrex|Calyrex, L93|100/100\n|-ability|p2a: Calyrex|Unnerve\n|turn|33\n|inactive|Time left: 300 sec this turn | 300 sec total\n|\n|t:|1783547073\n|move|p2a: Calyrex|Calm Mind|p2a: Calyrex\n|-boost|p2a: Calyrex|spa|1\n|-boost|p2a: Calyrex|spd|1\n|move|p1a: Zapdos|Hurricane|p2a: Calyrex\n|-supereffective|p2a: Calyrex\n|-damage|p2a: Calyrex|54/100\n|\n|-heal|p2a: Calyrex|60/100|[from] item: Leftovers\n|upkeep\n|turn|34\n|inactive|Time left: 300 sec this turn | 300 sec total\n|\n|t:|1783547074\n|move|p2a: Calyrex|Calm Mind|p2a: Calyrex\n|-boost|p2a: Calyrex|spa|1\n|-boost|p2a: Calyrex|spd|1\n|move|p1a: Zapdos|Hurricane|p2a: Calyrex\n|-supereffective|p2a: Calyrex\n|-damage|p2a: Calyrex|24/100\n|\n|-heal|p2a: Calyrex|30/100|[from] item: Leftovers\n|upkeep\n|turn|35\n|inactive|Time left: 300 sec this turn | 300 sec total\n|\n|t:|1783547075\n|switch|p1a: Jumpluff|Jumpluff, L87, M|221/271 brn\n|move|p2a: Calyrex|Psyshock|p1a: Jumpluff\n|-damage|p1a: Jumpluff|22/271 brn\n|\n|-heal|p2a: Calyrex|37/100|[from] item: Leftovers\n|-damage|p1a: Jumpluff|6/271 brn|[from] brn\n|upkeep\n|turn|36\n|inactive|Time left: 300 sec this turn | 300 sec total\n|\n|t:|1783547076\n|move|p1a: Jumpluff|Acrobatics|p2a: Calyrex\n|-supereffective|p2a: Calyrex\n|-damage|p2a: Calyrex|14/100\n|move|p2a: Calyrex|Psyshock|p1a: Jumpluff\n|-damage|p1a: Jumpluff|0 fnt\n|faint|p1a: Jumpluff\n|\n|-heal|p2a: Calyrex|21/100|[from] item: Leftovers\n|upkeep\n|inactive|Time left: 300 sec this turn | 300 sec total | 5 sec grace\n|\n|t:|1783547077\n|switch|p1a: Scizor|Scizor, L79, M|70/240\n|turn|37\n|inactive|Time left: 300 sec this turn | 300 sec total\n|\n|t:|1783547078\n|move|p1a: Scizor|Bullet Punch|p2a: Calyrex\n|-damage|p2a: Calyrex|0 fnt\n|faint|p2a: Calyrex\n|\n|upkeep\n|\n|t:|1783547078\n|switch|p2a: Cramorant|Cramorant, L86, M|79/100\n|turn|38\n|inactive|Time left: 300 sec this turn | 300 sec total\n|\n|t:|1783547079\n|switch|p1a: Zapdos|Zapdos, L78|175/268\n|move|p2a: Cramorant|Brave Bird|p1a: Zapdos\n|-resisted|p1a: Zapdos\n|-damage|p1a: Zapdos|106/268\n|-damage|p2a: Cramorant|70/100|[from] Recoil\n|\n|upkeep\n|turn|39\n|inactive|Time left: 300 sec this turn | 300 sec total\n|\n|t:|1783547080\n|move|p1a: Zapdos|Thunderbolt|p2a: Cramorant\n|-supereffective|p2a: Cramorant\n|-damage|p2a: Cramorant|0 fnt\n|faint|p2a: Cramorant\n|\n|win|p0x6819877", "uploadtime": 1783547080, "views": 0, "rating": 0, "private": 0, "password": null, "_winner": "p0x6819877", "_our_name": "p0x6819877"}