{"id": "battle-gen9randombattle-510", "formatid": "gen9randombattle", "format": "[Gen 9] Random Battle", "players": ["p0x510b735", "p0y51047f7"], "log": "|init|battle\n|title|p0x510b735 vs. p0y51047f7\n|j|\u2606p0x510b735\n|j|\u2606p0y51047f7\n|t:|1783544963\n|gametype|singles\n|player|p1|p0x510b735|170|\n|player|p2|p0y51047f7|169|\n|gen|9\n|tier|[Gen 9] Random Battle\n|rule|Species Clause: Limit one of each Pok\u00e9mon\n|rule|HP Percentage Mod: HP is shown in percentages\n|rule|Sleep Clause Mod: Limit one foe put to sleep\n|rule|Illusion Level Mod: Illusion disguises the Pok\u00e9mon's true level\n|\n|t:|1783544963\n|teamsize|p1|6\n|teamsize|p2|6\n|start\n|switch|p1a: Kricketune|Kricketune, L99, M|311/311\n|switch|p2a: Diancie|Diancie, L82|100/100\n|turn|1\n|inactive|Battle timer is ON: inactive players will automatically lose when time's up. (requested by p0x510b735)\n|\n|t:|1783544964\n|move|p1a: Kricketune|Sticky Web|p2a: Diancie\n|-sidestart|p2: p0y51047f7|move: Sticky Web\n|move|p2a: Diancie|Diamond Storm|p1a: Kricketune\n|-supereffective|p1a: Kricketune\n|-damage|p1a: Kricketune|63/311\n|\n|upkeep\n|turn|2\n|inactive|Time left: 300 sec this turn | 300 sec total\n|inactive|p0y51047f7 also wants the timer to be on.\n|\n|t:|1783544965\n|switch|p1a: Meganium|Meganium, L90, M|290/290\n|move|p2a: Diancie|Diamond Storm|p1a: Meganium\n|-damage|p1a: Meganium|206/290\n|\n|-heal|p1a: Meganium|224/290|[from] item: Leftovers\n|upkeep\n|turn|3\n|inactive|Time left: 300 sec this turn | 300 sec total\n|\n|t:|1783544966\n|move|p1a: Meganium|Leech Seed|p2a: Diancie\n|-start|p2a: Diancie|move: Leech Seed\n|move|p2a: Diancie|Diamond Storm|p1a: Meganium\n|-damage|p1a: Meganium|134/290\n|-boost|p2a: Diancie|def|2\n|\n|-heal|p1a: Meganium|152/290|[from] item: Leftovers\n|-damage|p2a: Diancie|88/100|[from] Leech Seed|[of] p1a: Meganium\n|-heal|p1a: Meganium|179/290|[silent]\n|upkeep\n|turn|4\n|inactive|Time left: 300 sec this turn | 300 sec total\n|\n|t:|1783544967\n|move|p1a: Meganium|Synthesis|p1a: Meganium\n|-heal|p1a: Meganium|290/290\n|move|p2a: Diancie|Calm Mind|p2a: Diancie\n|-boost|p2a: Diancie|spa|1\n|-boost|p2a: Diancie|spd|1\n|\n|-heal|p2a: Diancie|94/100|[from] item: Leftovers\n|-damage|p2a: Diancie|82/100|[from] Leech Seed|[of] p1a: Meganium\n|upkeep\n|turn|5\n|inactive|Time left: 300 sec this turn | 300 sec total\n|\n|t:|1783544969\n|move|p1a: Meganium|Energy Ball|p2a: Diancie\n|-supereffective|p2a: Diancie\n|-crit|p2a: Diancie\n|-damage|p2a: Diancie|0 fnt\n|faint|p2a: Diancie\n|\n|upkeep\n|\n|t:|1783544969\n|switch|p2a: Glaceon|Glaceon, L94, M|100/100\n|turn|6\n|inactive|Time left: 300 sec this turn | 300 sec total\n|\n|t:|1783544971\n|move|p1a: Meganium|Leech Seed|p2a: Glaceon\n|-start|p2a: Glaceon|move: Leech Seed\n|move|p2a: Glaceon|Freeze-Dry|p1a: Meganium\n|-supereffective|p1a: Meganium\n|-damage|p1a: Meganium|108/290\n|\n|-heal|p1a: Meganium|126/290|[from] item: Leftovers\n|-damage|p2a: Glaceon|88/100|[from] Leech Seed|[of] p1a: Meganium\n|-heal|p1a: Meganium|160/290|[silent]\n|upkeep\n|turn|7\n|inactive|Time left: 300 sec this turn | 300 sec total\n|\n|t:|1783544972\n|move|p1a: Meganium|Synthesis|p1a: Meganium\n|-heal|p1a: Meganium|290/290\n|move|p2a: Glaceon|Freeze-Dry|p1a: Meganium\n|-supereffective|p1a: Meganium\n|-damage|p1a: Meganium|74/290\n|\n|-heal|p1a: Meganium|92/290|[from] item: Leftovers\n|-damage|p2a: Glaceon|76/100|[from] Leech Seed|[of] p1a: Meganium\n|-heal|p1a: Meganium|126/290|[silent]\n|upkeep\n|turn|8\n|inactive|Time left: 300 sec this turn | 300 sec total\n|\n|t:|1783544973\n|move|p1a: Meganium|Synthesis|p1a: Meganium\n|-heal|p1a: Meganium|271/290\n|move|p2a: Glaceon|Freeze-Dry|p1a: Meganium\n|-supereffective|p1a: Meganium\n|-damage|p1a: Meganium|65/290\n|-status|p1a: Meganium|frz\n|\n|-heal|p1a: Meganium|83/290 frz|[from] item: Leftovers\n|-damage|p2a: Glaceon|63/100|[from] Leech Seed|[of] p1a: Meganium\n|-heal|p1a: Meganium|117/290 frz|[silent]\n|upkeep\n|turn|9\n|inactive|Time left: 300 sec this turn | 300 sec total\n|\n|t:|1783544974\n|cant|p1a: Meganium|frz\n|move|p2a: Glaceon|Freeze-Dry|p1a: Meganium\n|-supereffective|p1a: Meganium\n|-damage|p1a: Meganium|0 fnt\n|faint|p1a: Meganium\n|\n|upkeep\n|inactive|Time left: 300 sec this turn | 300 sec total | 5 sec grace\n|\n|t:|1783544975\n|switch|p1a: Glimmora|Glimmora, L75, F|248/248\n|turn|10\n|inactive|Time left: 300 sec this turn | 300 sec total\n|\n|t:|1783544976\n|move|p2a: Glaceon|Freeze-Dry|p1a: Glimmora\n|-damage|p1a: Glimmora|119/248\n|move|p1a: Glimmora|Meteor Beam||[still]\n|-prepare|p1a: Glimmora|Meteor Beam\n|-boost|p1a: Glimmora|spa|1\n|-enditem|p1a: Glimmora|Power Herb\n|-anim|p1a: Glimmora|Meteor Beam|p2a: Glaceon\n|-supereffective|p2a: Glaceon\n|-damage|p2a: Glaceon|0 fnt\n|faint|p2a: Glaceon\n|\n|upkeep\n|\n|t:|1783544977\n|switch|p2a: Delphox|Delphox, L84, M|100/100\n|turn|11\n|inactive|Time left: 300 sec this turn | 300 sec total\n|\n|t:|1783544979\n|switch|p1a: Barraskewda|Barraskewda, L81, M|231/231\n|move|p2a: Delphox|Psyshock|p1a: Barraskewda\n|-damage|p1a: Barraskewda|99/231\n|\n|upkeep\n|turn|12\n|inactive|Time left: 300 sec this turn | 300 sec total\n|\n|t:|1783544980\n|switch|p2a: Giratina|Giratina-Origin, L72|100/100\n|move|p1a: Barraskewda|Waterfall|p2a: Giratina\n|-resisted|p2a: Giratina\n|-damage|p2a: Giratina|78/100\n|\n|upkeep\n|turn|13\n|inactive|Time left: 300 sec this turn | 300 sec total\n|\n|t:|1783544981\n|move|p1a: Barraskewda|Waterfall|p2a: Giratina\n|-resisted|p2a: Giratina\n|-damage|p2a: Giratina|55/100\n|move|p2a: Giratina|Defog|p1a: Barraskewda\n|-unboost|p1a: Barraskewda|evasion|1\n|-sideend|p2: p0y51047f7|Sticky Web|[from] move: Defog|[of] p2a: Giratina\n|\n|upkeep\n|turn|14\n|inactive|Time left: 300 sec this turn | 300 sec total\n|\n|t:|1783544982\n|move|p1a: Barraskewda|Waterfall|p2a: Giratina\n|-resisted|p2a: Giratina\n|-damage|p2a: Giratina|34/100\n|move|p2a: Giratina|Draco Meteor|p1a: Barraskewda\n|-damage|p1a: Barraskewda|0 fnt\n|-unboost|p2a: Giratina|spa|2\n|faint|p1a: Barraskewda\n|\n|upkeep\n|inactive|Time left: 300 sec this turn | 300 sec total | 5 sec grace\n|\n|t:|1783544983\n|switch|p1a: Kricketune|Kricketune, L99, M|63/311\n|turn|15\n|inactive|Time left: 300 sec this turn | 300 sec total\n|\n|t:|1783544984\n|switch|p2a: Sylveon|Sylveon, L85, F|100/100\n|move|p1a: Kricketune|Pounce|p2a: Sylveon\n|-resisted|p2a: Sylveon\n|-damage|p2a: Sylveon|81/100\n|-unboost|p2a: Sylveon|spe|1\n|\n|-heal|p2a: Sylveon|87/100|[from] item: Leftovers\n|upkeep\n|turn|16\n|inactive|Time left: 300 sec this turn | 300 sec total\n|\n|t:|1783544985\n|move|p1a: Kricketune|Pounce|p2a: Sylveon\n|-resisted|p2a: Sylveon\n|-damage|p2a: Sylveon|68/100\n|-unboost|p2a: Sylveon|spe|1\n|move|p2a: Sylveon|Hyper Voice|p1a: Kricketune\n|-damage|p1a: Kricketune|0 fnt\n|faint|p1a: Kricketune\n|\n|-heal|p2a: Sylveon|74/100|[from] item: Leftovers\n|upkeep\n|inactive|Time left: 300 sec this turn | 300 sec total | 5 sec grace\n|\n|t:|1783544986\n|switch|p1a: Regirock|Regirock, L83|268/268\n|turn|17\n|inactive|Time left: 300 sec this turn | 300 sec total\n|\n|t:|1783544987\n|move|p1a: Regirock|Stone Edge|p2a: Sylveon\n|-damage|p2a: Sylveon|31/100\n|move|p2a: Sylveon|Hyper Voice|p1a: Regirock\n|-damage|p1a: Regirock|141/268\n|\n|-heal|p2a: Sylveon|37/100|[from] item: Leftovers\n|upkeep\n|turn|18\n|inactive|Time left: 300 sec this turn | 300 sec total\n|\n|t:|1783544988\n|move|p1a: Regirock|Stone Edge|p2a: Sylveon|[miss]\n|-miss|p1a: Regirock|p2a: Sylveon\n|move|p2a: Sylveon|Hyper Voice|p1a: Regirock\n|-damage|p1a: Regirock|17/268\n|\n|-heal|p2a: Sylveon|43/100|[from] item: Leftovers\n|upkeep\n|turn|19\n|inactive|Time left: 300 sec this turn | 300 sec total\n|\n|t:|1783544989\n|move|p1a: Regirock|Rest|p1a: Regirock\n|-status|p1a: Regirock|slp|[from] move: Rest\n|-heal|p1a: Regirock|268/268 slp|[silent]\n|-enditem|p1a: Regirock|Chesto Berry|[eat]\n|-curestatus|p1a: Regirock|slp|[msg]\n|move|p2a: Sylveon|Hyper Voice|p1a: Regirock\n|-damage|p1a: Regirock|147/268\n|\n|-heal|p2a: Sylveon|49/100|[from] item: Leftovers\n|upkeep\n|turn|20\n|inactive|Time left: 300 sec this turn | 300 sec total\n|\n|t:|1783544990\n|move|p1a: Regirock|Stone Edge|p2a: Sylveon\n|-damage|p2a: Sylveon|1/100\n|move|p2a: Sylveon|Hyper Voice|p1a: Regirock\n|-damage|p1a: Regirock|38/268\n|\n|-heal|p2a: Sylveon|7/100|[from] item: Leftovers\n|upkeep\n|turn|21\n|inactive|Time left: 300 sec this turn | 300 sec total\n|\n|t:|1783544991\n|move|p1a: Regirock|Stone Edge|p2a: Sylveon\n|-damage|p2a: Sylveon|0 fnt\n|faint|p2a: Sylveon\n|\n|upkeep\n|\n|t:|1783544992\n|switch|p2a: Delphox|Delphox, L84, M|100/100\n|turn|22\n|inactive|Time left: 300 sec this turn | 300 sec total\n|\n|t:|1783544993\n|move|p2a: Delphox|Psyshock|p1a: Regirock\n|-damage|p1a: Regirock|0 fnt\n|faint|p1a: Regirock\n|\n|upkeep\n|inactive|Time left: 300 sec this turn | 300 sec total | 5 sec grace\n|\n|t:|1783544994\n|switch|p1a: Glimmora|Glimmora, L75, F|119/248\n|turn|23\n|inactive|Time left: 300 sec this turn | 300 sec total\n|\n|t:|1783544995\n|move|p2a: Delphox|Psyshock|p1a: Glimmora\n|-supereffective|p1a: Glimmora\n|-damage|p1a: Glimmora|0 fnt\n|faint|p1a: Glimmora\n|\n|upkeep\n|inactive|Time left: 300 sec this turn | 300 sec total | 5 sec grace\n|\n|t:|1783544996\n|switch|p1a: Scyther|Scyther, L82, M|249/249\n|turn|24\n|inactive|Time left: 300 sec this turn | 300 sec total\n|\n|t:|1783544997\n|-terastallize|p2a: Delphox|Fire\n|-terastallize|p1a: Scyther|Fighting\n|move|p2a: Delphox|Fire Blast|p1a: Scyther\n|-damage|p1a: Scyther|57/249\n|move|p1a: Scyther|Dual Wingbeat|p2a: Delphox|[miss]\n|-miss|p1a: Scyther|p2a: Delphox\n|\n|upkeep\n|turn|25\n|inactive|Time left: 300 sec this turn | 300 sec total\n|\n|t:|1783544998\n|move|p2a: Delphox|Psyshock|p1a: Scyther\n|-supereffective|p1a: Scyther\n|-damage|p1a: Scyther|0 fnt\n|faint|p1a: Scyther\n|\n|win|p0y51047f7", "uploadtime": 1783544998, "views": 0, "rating": 0, "private": 0, "password": null, "_winner": "p0y51047f7", "_our_name": "p0x510b735"}