{"id": "battle-gen9randombattle-2124", "formatid": "gen9randombattle", "format": "[Gen 9] Random Battle", "players": ["p0x21242dce", "p0y21249ff4"], "log": "|init|battle\n|title|p0x21242dce vs. p0y21249ff4\n|j|\u2606p0x21242dce\n|j|\u2606p0y21249ff4\n|t:|1783564587\n|gametype|singles\n|player|p1|p0x21242dce|265|\n|player|p2|p0y21249ff4|2|\n|gen|9\n|tier|[Gen 9] Random Battle\n|rule|Species Clause: Limit one of each Pok\u00e9mon\n|rule|HP Percentage Mod: HP is shown in percentages\n|rule|Sleep Clause Mod: Limit one foe put to sleep\n|rule|Illusion Level Mod: Illusion disguises the Pok\u00e9mon's true level\n|\n|t:|1783564587\n|teamsize|p1|6\n|teamsize|p2|6\n|start\n|switch|p1a: Great Tusk|Great Tusk, L77|304/304\n|switch|p2a: Minun|Minun, L95, F|100/100\n|turn|1\n|inactive|Battle timer is ON: inactive players will automatically lose when time's up. (requested by p0x21242dce)\n|inactive|p0y21249ff4 also wants the timer to be on.\n|\n|t:|1783564588\n|move|p2a: Minun|Alluring Voice|p1a: Great Tusk\n|-supereffective|p1a: Great Tusk\n|-damage|p1a: Great Tusk|140/304\n|-damage|p2a: Minun|91/100|[from] item: Life Orb\n|move|p1a: Great Tusk|Headlong Rush|p2a: Minun\n|-supereffective|p2a: Minun\n|-damage|p2a: Minun|0 fnt\n|-unboost|p1a: Great Tusk|def|1\n|-unboost|p1a: Great Tusk|spd|1\n|faint|p2a: Minun\n|\n|upkeep\n|\n|t:|1783564589\n|switch|p2a: Haxorus|Haxorus, L77, M|100/100\n|-ability|p2a: Haxorus|Mold Breaker\n|turn|2\n|inactive|Time left: 300 sec this turn | 300 sec total\n|\n|t:|1783564591\n|-end|p1a: Great Tusk|Protosynthesis|[silent]\n|switch|p1a: Slaking|Slaking, L84, F|389/389\n|move|p2a: Haxorus|Outrage|p1a: Slaking\n|-damage|p1a: Slaking|259/389\n|\n|upkeep\n|turn|3\n|inactive|Time left: 300 sec this turn | 300 sec total\n|\n|t:|1783564592\n|move|p1a: Slaking|Giga Impact|p2a: Haxorus\n|-damage|p2a: Haxorus|0 fnt\n|-mustrecharge|p1a: Slaking\n|faint|p2a: Haxorus\n|\n|upkeep\n|\n|t:|1783564593\n|switch|p2a: Zamazenta|Zamazenta-Crowned, L68|100/100\n|-ability|p2a: Zamazenta|Dauntless Shield|boost\n|-boost|p2a: Zamazenta|def|1\n|turn|4\n|inactive|Time left: 300 sec this turn | 300 sec total\n|\n|t:|1783564594\n|cant|p1a: Slaking|recharge\n|move|p2a: Zamazenta|Body Press|p1a: Slaking\n|-supereffective|p1a: Slaking\n|-damage|p1a: Slaking|61/389\n|\n|upkeep\n|turn|5\n|inactive|Time left: 300 sec this turn | 300 sec total\n|\n|t:|1783564595\n|move|p1a: Slaking|Giga Impact|p2a: Zamazenta|[miss]\n|-miss|p1a: Slaking|p2a: Zamazenta\n|move|p2a: Zamazenta|Body Press|p1a: Slaking\n|-supereffective|p1a: Slaking\n|-damage|p1a: Slaking|0 fnt\n|faint|p1a: Slaking\n|\n|upkeep\n|inactive|Time left: 300 sec this turn | 300 sec total | 5 sec grace\n|\n|t:|1783564596\n|switch|p1a: Great Tusk|Great Tusk, L77|140/304\n|turn|6\n|inactive|Time left: 300 sec this turn | 300 sec total\n|\n|t:|1783564597\n|move|p2a: Zamazenta|Iron Defense|p2a: Zamazenta\n|-boost|p2a: Zamazenta|def|2\n|move|p1a: Great Tusk|Close Combat|p2a: Zamazenta\n|-supereffective|p2a: Zamazenta\n|-damage|p2a: Zamazenta|64/100\n|-unboost|p1a: Great Tusk|def|1\n|-unboost|p1a: Great Tusk|spd|1\n|\n|upkeep\n|turn|7\n|inactive|Time left: 300 sec this turn | 300 sec total\n|\n|t:|1783564598\n|move|p2a: Zamazenta|Body Press|p1a: Great Tusk\n|-damage|p1a: Great Tusk|0 fnt\n|faint|p1a: Great Tusk\n|-end|p1a: Great Tusk|Protosynthesis|[silent]\n|\n|upkeep\n|inactive|Time left: 300 sec this turn | 300 sec total | 5 sec grace\n|\n|t:|1783564599\n|switch|p1a: Registeel|Registeel, L81|262/262\n|turn|8\n|inactive|Time left: 300 sec this turn | 300 sec total\n|\n|t:|1783564600\n|-terastallize|p1a: Registeel|Fighting\n|move|p2a: Zamazenta|Body Press|p1a: Registeel\n|-damage|p1a: Registeel|126/262\n|move|p1a: Registeel|Iron Defense|p1a: Registeel\n|-boost|p1a: Registeel|def|2\n|\n|-heal|p1a: Registeel|142/262|[from] item: Leftovers\n|upkeep\n|turn|9\n|inactive|Time left: 300 sec this turn | 300 sec total\n|\n|t:|1783564601\n|-terastallize|p2a: Zamazenta|Ghost\n|move|p2a: Zamazenta|Body Press|p1a: Registeel\n|-damage|p1a: Registeel|76/262\n|move|p1a: Registeel|Thunder Wave|p2a: Zamazenta\n|-status|p2a: Zamazenta|par\n|\n|-heal|p1a: Registeel|92/262|[from] item: Leftovers\n|upkeep\n|turn|10\n|inactive|Time left: 300 sec this turn | 300 sec total\n|\n|t:|1783564602\n|move|p1a: Registeel|Iron Defense|p1a: Registeel\n|-boost|p1a: Registeel|def|2\n|cant|p2a: Zamazenta|par\n|\n|-heal|p1a: Registeel|108/262|[from] item: Leftovers\n|upkeep\n|turn|11\n|inactive|Time left: 300 sec this turn | 300 sec total\n|\n|t:|1783564603\n|move|p1a: Registeel|Iron Head|p2a: Zamazenta\n|-damage|p2a: Zamazenta|56/100 par\n|cant|p2a: Zamazenta|flinch\n|\n|-heal|p1a: Registeel|124/262|[from] item: Leftovers\n|upkeep\n|turn|12\n|inactive|Time left: 300 sec this turn | 300 sec total\n|\n|t:|1783564604\n|move|p1a: Registeel|Iron Head|p2a: Zamazenta\n|-damage|p2a: Zamazenta|46/100 par\n|move|p2a: Zamazenta|Body Press|p1a: Registeel\n|-damage|p1a: Registeel|79/262\n|\n|-heal|p1a: Registeel|95/262|[from] item: Leftovers\n|upkeep\n|turn|13\n|inactive|Time left: 300 sec this turn | 300 sec total\n|\n|t:|1783564605\n|move|p1a: Registeel|Iron Head|p2a: Zamazenta\n|-damage|p2a: Zamazenta|37/100 par\n|move|p2a: Zamazenta|Body Press|p1a: Registeel\n|-damage|p1a: Registeel|55/262\n|\n|-heal|p1a: Registeel|71/262|[from] item: Leftovers\n|upkeep\n|turn|14\n|inactive|Time left: 300 sec this turn | 300 sec total\n|\n|t:|1783564606\n|move|p1a: Registeel|Iron Head|p2a: Zamazenta\n|-damage|p2a: Zamazenta|29/100 par\n|move|p2a: Zamazenta|Body Press|p1a: Registeel\n|-damage|p1a: Registeel|25/262\n|\n|-heal|p1a: Registeel|41/262|[from] item: Leftovers\n|upkeep\n|turn|15\n|inactive|Time left: 300 sec this turn | 300 sec total\n|\n|t:|1783564607\n|move|p1a: Registeel|Iron Head|p2a: Zamazenta\n|-damage|p2a: Zamazenta|19/100 par\n|move|p2a: Zamazenta|Body Press|p1a: Registeel\n|-damage|p1a: Registeel|0 fnt\n|faint|p1a: Registeel\n|\n|upkeep\n|inactive|Time left: 300 sec this turn | 300 sec total | 5 sec grace\n|\n|t:|1783564608\n|switch|p1a: Frosmoth|Frosmoth, L82, F|249/249\n|turn|16\n|inactive|Time left: 300 sec this turn | 300 sec total\n|\n|t:|1783564609\n|move|p1a: Frosmoth|Ice Beam|p2a: Zamazenta\n|-damage|p2a: Zamazenta|0 fnt\n|faint|p2a: Zamazenta\n|\n|upkeep\n|\n|t:|1783564610\n|switch|p2a: Skuntank|Skuntank, L84, M|100/100\n|turn|17\n|inactive|Time left: 300 sec this turn | 300 sec total\n|\n|t:|1783564611\n|move|p2a: Skuntank|Knock Off|p1a: Frosmoth\n|-crit|p1a: Frosmoth\n|-damage|p1a: Frosmoth|0 fnt\n|-enditem|p1a: Frosmoth|Heavy-Duty Boots|[from] move: Knock Off|[of] p2a: Skuntank\n|faint|p1a: Frosmoth\n|-damage|p2a: Skuntank|90/100|[from] item: Life Orb\n|\n|upkeep\n|inactive|Time left: 300 sec this turn | 300 sec total | 5 sec grace\n|\n|t:|1783564611\n|switch|p1a: Beartic|Beartic, L91, M|321/321\n|turn|18\n|inactive|Time left: 300 sec this turn | 300 sec total\n|\n|t:|1783564612\n|move|p2a: Skuntank|Gunk Shot|p1a: Beartic\n|-crit|p1a: Beartic\n|-damage|p1a: Beartic|79/321\n|-damage|p2a: Skuntank|80/100|[from] item: Life Orb\n|move|p1a: Beartic|Earthquake|p2a: Skuntank\n|-supereffective|p2a: Skuntank\n|-damage|p2a: Skuntank|0 fnt\n|faint|p2a: Skuntank\n|\n|upkeep\n|\n|t:|1783564613\n|switch|p2a: Urshifu|Urshifu, L74, M|100/100\n|turn|19\n|inactive|Time left: 300 sec this turn | 300 sec total\n|\n|t:|1783564614\n|move|p2a: Urshifu|Wicked Blow|p1a: Beartic\n|-crit|p1a: Beartic\n|-damage|p1a: Beartic|0 fnt\n|faint|p1a: Beartic\n|\n|upkeep\n|inactive|Time left: 300 sec this turn | 300 sec total | 5 sec grace\n|\n|t:|1783564615\n|switch|p1a: Barraskewda|Barraskewda, L81, F|231/231\n|turn|20\n|inactive|Time left: 300 sec this turn | 300 sec total\n|\n|t:|1783564616\n|move|p1a: Barraskewda|Close Combat|p2a: Urshifu\n|-supereffective|p2a: Urshifu\n|-crit|p2a: Urshifu\n|-damage|p2a: Urshifu|0 fnt\n|-unboost|p1a: Barraskewda|def|1\n|-unboost|p1a: Barraskewda|spd|1\n|faint|p2a: Urshifu\n|\n|upkeep\n|\n|t:|1783564616\n|switch|p2a: Shaymin|Shaymin-Sky, L73|100/100\n|turn|21\n|inactive|Time left: 300 sec this turn | 300 sec total\n|\n|t:|1783564617\n|move|p1a: Barraskewda|Close Combat|p2a: Shaymin\n|-resisted|p2a: Shaymin\n|-damage|p2a: Shaymin|66/100\n|-unboost|p1a: Barraskewda|def|1\n|-unboost|p1a: Barraskewda|spd|1\n|move|p2a: Shaymin|Synthesis|p2a: Shaymin\n|-heal|p2a: Shaymin|100/100\n|\n|upkeep\n|turn|22\n|inactive|Time left: 300 sec this turn | 300 sec total\n|\n|t:|1783564618\n|move|p1a: Barraskewda|Close Combat|p2a: Shaymin\n|-resisted|p2a: Shaymin\n|-damage|p2a: Shaymin|67/100\n|-unboost|p1a: Barraskewda|def|1\n|-unboost|p1a: Barraskewda|spd|1\n|move|p2a: Shaymin|Seed Flare|p1a: Barraskewda\n|-supereffective|p1a: Barraskewda\n|-damage|p1a: Barraskewda|0 fnt\n|faint|p1a: Barraskewda\n|\n|win|p0y21249ff4", "uploadtime": 1783564618, "views": 0, "rating": 0, "private": 0, "password": null, "_winner": "p0y21249ff4", "_our_name": "p0x21242dce"}