{"id": "battle-gen9randombattle-6", "formatid": "gen9randombattle", "format": "[Gen 9] Random Battle", "players": ["p0x007e7d1", "p0y00721f7"], "log": "|init|battle\n|title|p0x007e7d1 vs. p0y00721f7\n|j|\u2606p0x007e7d1\n|j|\u2606p0y00721f7\n|t:|1783533319\n|gametype|singles\n|player|p1|p0x007e7d1|265|\n|player|p2|p0y00721f7|2|\n|gen|9\n|tier|[Gen 9] Random Battle\n|rule|Species Clause: Limit one of each Pok\u00e9mon\n|rule|HP Percentage Mod: HP is shown in percentages\n|rule|Sleep Clause Mod: Limit one foe put to sleep\n|rule|Illusion Level Mod: Illusion disguises the Pok\u00e9mon's true level\n|\n|t:|1783533319\n|teamsize|p1|6\n|teamsize|p2|6\n|start\n|switch|p1a: Slowbro|Slowbro, L85, F|300/300\n|switch|p2a: Torkoal|Torkoal, L88, M|100/100\n|-weather|SunnyDay|[from] ability: Drought|[of] p2a: Torkoal\n|turn|1\n|inactive|Battle timer is ON: inactive players will automatically lose when time's up. (requested by p0x007e7d1)\n|inactive|p0y00721f7 also wants the timer to be on.\n|\n|t:|1783533320\n|move|p1a: Slowbro|Scald|p2a: Torkoal\n|-supereffective|p2a: Torkoal\n|-damage|p2a: Torkoal|66/100\n|move|p2a: Torkoal|Stealth Rock|p1a: Slowbro\n|-sidestart|p1: p0x007e7d1|move: Stealth Rock\n|\n|-weather|SunnyDay|[upkeep]\n|upkeep\n|turn|2\n|inactive|Time left: 300 sec this turn | 300 sec total\n|\n|t:|1783533322\n|move|p1a: Slowbro|Scald|p2a: Torkoal\n|-supereffective|p2a: Torkoal\n|-damage|p2a: Torkoal|25/100\n|move|p2a: Torkoal|Fire Blast|p1a: Slowbro\n|-resisted|p1a: Slowbro\n|-crit|p1a: Slowbro\n|-damage|p1a: Slowbro|215/300\n|-status|p1a: Slowbro|brn\n|\n|-weather|SunnyDay|[upkeep]\n|-damage|p1a: Slowbro|197/300 brn|[from] brn\n|upkeep\n|turn|3\n|inactive|Time left: 300 sec this turn | 300 sec total\n|\n|t:|1783533323\n|switch|p2a: Heatran|Heatran, L79, F|100/100\n|move|p1a: Slowbro|Scald|p2a: Heatran\n|-supereffective|p2a: Heatran\n|-damage|p2a: Heatran|81/100\n|\n|-weather|SunnyDay|[upkeep]\n|-damage|p1a: Slowbro|179/300 brn|[from] brn\n|upkeep\n|turn|4\n|inactive|Time left: 300 sec this turn | 300 sec total\n|\n|t:|1783533325\n|switch|p1a: Miraidon|Miraidon, L65|238/238\n|-damage|p1a: Miraidon|209/238|[from] Stealth Rock\n|-fieldstart|move: Electric Terrain|[from] ability: Hadron Engine|[of] p1a: Miraidon\n|move|p2a: Heatran|Magma Storm|p1a: Miraidon\n|-resisted|p1a: Miraidon\n|-damage|p1a: Miraidon|115/238\n|-activate|p1a: Miraidon|move: Magma Storm|[of] p2a: Heatran\n|\n|-weather|SunnyDay|[upkeep]\n|-damage|p1a: Miraidon|86/238|[from] move: Magma Storm|[partiallytrapped]\n|upkeep\n|turn|5\n|inactive|Time left: 300 sec this turn | 300 sec total\n|\n|t:|1783533326\n|move|p1a: Miraidon|Electro Drift|p2a: Heatran\n|-damage|p2a: Heatran|29/100\n|move|p2a: Heatran|Lava Plume|p1a: Miraidon\n|-resisted|p1a: Miraidon\n|-damage|p1a: Miraidon|7/238\n|\n|-weather|none\n|-damage|p1a: Miraidon|0 fnt|[from] move: Magma Storm|[partiallytrapped]\n|faint|p1a: Miraidon\n|upkeep\n|inactive|Time left: 300 sec this turn | 300 sec total | 5 sec grace\n|\n|t:|1783533327\n|switch|p1a: Slither Wing|Slither Wing, L81|270/270\n|-damage|p1a: Slither Wing|237/270|[from] Stealth Rock\n|-enditem|p1a: Slither Wing|Booster Energy\n|-activate|p1a: Slither Wing|ability: Protosynthesis|[fromitem]\n|-start|p1a: Slither Wing|protosynthesisatk\n|turn|6\n|inactive|Time left: 300 sec this turn | 300 sec total\n|\n|t:|1783533328\n|move|p1a: Slither Wing|Wild Charge|p2a: Heatran\n|-damage|p2a: Heatran|0 fnt\n|faint|p2a: Heatran\n|-damage|p1a: Slither Wing|217/270|[from] Recoil\n|\n|upkeep\n|\n|t:|1783533329\n|switch|p2a: Lumineon|Lumineon, L93, F|100/100\n|turn|7\n|inactive|Time left: 300 sec this turn | 300 sec total\n|\n|t:|1783533330\n|move|p2a: Lumineon|Bitter Malice|p1a: Slither Wing\n|-damage|p1a: Slither Wing|88/270\n|-unboost|p1a: Slither Wing|atk|1\n|move|p1a: Slither Wing|Acrobatics|p2a: Lumineon\n|-damage|p2a: Lumineon|53/100\n|replace|p2a: Zoroark|Zoroark-Hisui, L80, F\n|-end|p2a: Zoroark|Illusion\n|-hint|Illusion Level Mod is active, so this Pok\u00e9mon's true level was hidden.\n|\n|upkeep\n|turn|8\n|inactive|Time left: 300 sec this turn | 300 sec total\n|\n|t:|1783533332\n|-end|p1a: Slither Wing|Protosynthesis|[silent]\n|switch|p1a: Moltres|Moltres-Galar, L79|271/271\n|-damage|p1a: Moltres|204/271|[from] Stealth Rock\n|move|p2a: Zoroark|Bitter Malice|p1a: Moltres\n|-resisted|p1a: Moltres\n|-damage|p1a: Moltres|152/271\n|-unboost|p1a: Moltres|atk|1\n|\n|-fieldend|move: Electric Terrain\n|upkeep\n|turn|9\n|inactive|Time left: 300 sec this turn | 300 sec total\n|\n|t:|1783533333\n|move|p2a: Zoroark|Bitter Malice|p1a: Moltres\n|-resisted|p1a: Moltres\n|-damage|p1a: Moltres|98/271\n|-unboost|p1a: Moltres|atk|1\n|-ability|p1a: Moltres|Berserk|boost\n|-boost|p1a: Moltres|spa|1\n|move|p1a: Moltres|Hurricane|p2a: Zoroark\n|-damage|p2a: Zoroark|0 fnt\n|faint|p2a: Zoroark\n|\n|upkeep\n|\n|t:|1783533334\n|switch|p2a: Klawf|Klawf, L90, F|100/100\n|turn|10\n|inactive|Time left: 300 sec this turn | 300 sec total\n|\n|t:|1783533335\n|move|p2a: Klawf|Stone Edge|p1a: Moltres\n|-supereffective|p1a: Moltres\n|-damage|p1a: Moltres|0 fnt\n|faint|p1a: Moltres\n|\n|upkeep\n|inactive|Time left: 300 sec this turn | 300 sec total | 5 sec grace\n|\n|t:|1783533336\n|switch|p1a: Misdreavus|Misdreavus, L90, F|254/254\n|-damage|p1a: Misdreavus|223/254|[from] Stealth Rock\n|turn|11\n|inactive|Time left: 300 sec this turn | 300 sec total\n|\n|t:|1783533337\n|switch|p2a: Noctowl|Noctowl, L95, F|100/100\n|move|p1a: Misdreavus|Will-O-Wisp|p2a: Noctowl\n|-status|p2a: Noctowl|brn\n|\n|-damage|p2a: Noctowl|94/100 brn|[from] brn\n|upkeep\n|turn|12\n|inactive|Time left: 300 sec this turn | 300 sec total\n|\n|t:|1783533339\n|move|p1a: Misdreavus|Calm Mind|p1a: Misdreavus\n|-boost|p1a: Misdreavus|spa|1\n|-boost|p1a: Misdreavus|spd|1\n|move|p2a: Noctowl|Calm Mind|p2a: Noctowl\n|-boost|p2a: Noctowl|spa|1\n|-boost|p2a: Noctowl|spd|1\n|\n|-damage|p2a: Noctowl|88/100 brn|[from] brn\n|upkeep\n|turn|13\n|inactive|Time left: 300 sec this turn | 300 sec total\n|\n|t:|1783533340\n|move|p1a: Misdreavus|Calm Mind|p1a: Misdreavus\n|-boost|p1a: Misdreavus|spa|1\n|-boost|p1a: Misdreavus|spd|1\n|move|p2a: Noctowl|Calm Mind|p2a: Noctowl\n|-boost|p2a: Noctowl|spa|1\n|-boost|p2a: Noctowl|spd|1\n|\n|-damage|p2a: Noctowl|82/100 brn|[from] brn\n|upkeep\n|turn|14\n|inactive|Time left: 300 sec this turn | 300 sec total\n|\n|t:|1783533341\n|move|p1a: Misdreavus|Calm Mind|p1a: Misdreavus\n|-boost|p1a: Misdreavus|spa|1\n|-boost|p1a: Misdreavus|spd|1\n|move|p2a: Noctowl|Calm Mind|p2a: Noctowl\n|-boost|p2a: Noctowl|spa|1\n|-boost|p2a: Noctowl|spd|1\n|\n|-damage|p2a: Noctowl|76/100 brn|[from] brn\n|upkeep\n|turn|15\n|inactive|Time left: 300 sec this turn | 300 sec total\n|\n|t:|1783533342\n|move|p1a: Misdreavus|Calm Mind|p1a: Misdreavus\n|-boost|p1a: Misdreavus|spa|1\n|-boost|p1a: Misdreavus|spd|1\n|move|p2a: Noctowl|Hurricane|p1a: Misdreavus\n|-damage|p1a: Misdreavus|147/254\n|\n|-damage|p2a: Noctowl|70/100 brn|[from] brn\n|upkeep\n|turn|16\n|inactive|Time left: 300 sec this turn | 300 sec total\n|\n|t:|1783533343\n|move|p1a: Misdreavus|Draining Kiss|p2a: Noctowl\n|-damage|p2a: Noctowl|58/100 brn\n|-heal|p1a: Misdreavus|178/254|[from] drain|[of] p2a: Noctowl\n|move|p2a: Noctowl|Hurricane|p1a: Misdreavus|[miss]\n|-miss|p2a: Noctowl|p1a: Misdreavus\n|\n|-damage|p2a: Noctowl|52/100 brn|[from] brn\n|upkeep\n|turn|17\n|inactive|Time left: 300 sec this turn | 300 sec total\n|\n|t:|1783533344\n|move|p1a: Misdreavus|Draining Kiss|p2a: Noctowl\n|-damage|p2a: Noctowl|41/100 brn\n|-heal|p1a: Misdreavus|205/254|[from] drain|[of] p2a: Noctowl\n|move|p2a: Noctowl|Roost|p2a: Noctowl\n|-heal|p2a: Noctowl|91/100 brn\n|-singleturn|p2a: Noctowl|move: Roost\n|\n|-damage|p2a: Noctowl|85/100 brn|[from] brn\n|upkeep\n|turn|18\n|inactive|Time left: 300 sec this turn | 300 sec total\n|\n|t:|1783533345\n|move|p1a: Misdreavus|Draining Kiss|p2a: Noctowl\n|-damage|p2a: Noctowl|75/100 brn\n|-heal|p1a: Misdreavus|231/254|[from] drain|[of] p2a: Noctowl\n|move|p2a: Noctowl|Hurricane|p1a: Misdreavus\n|-damage|p1a: Misdreavus|155/254\n|\n|-damage|p2a: Noctowl|69/100 brn|[from] brn\n|upkeep\n|turn|19\n|inactive|Time left: 300 sec this turn | 300 sec total\n|\n|t:|1783533346\n|move|p1a: Misdreavus|Draining Kiss|p2a: Noctowl\n|-damage|p2a: Noctowl|59/100 brn\n|-heal|p1a: Misdreavus|181/254|[from] drain|[of] p2a: Noctowl\n|move|p2a: Noctowl|Calm Mind|p2a: Noctowl\n|-boost|p2a: Noctowl|spa|1\n|-boost|p2a: Noctowl|spd|1\n|\n|-damage|p2a: Noctowl|53/100 brn|[from] brn\n|upkeep\n|turn|20\n|inactive|Time left: 300 sec this turn | 300 sec total\n|\n|t:|1783533347\n|move|p1a: Misdreavus|Calm Mind|p1a: Misdreavus\n|-boost|p1a: Misdreavus|spa|1\n|-boost|p1a: Misdreavus|spd|1\n|move|p2a: Noctowl|Roost|p2a: Noctowl\n|-heal|p2a: Noctowl|100/100 brn\n|-singleturn|p2a: Noctowl|move: Roost\n|\n|-damage|p2a: Noctowl|94/100 brn|[from] brn\n|upkeep\n|turn|21\n|inactive|Time left: 300 sec this turn | 300 sec total\n|\n|t:|1783533349\n|move|p1a: Misdreavus|Draining Kiss|p2a: Noctowl\n|-damage|p2a: Noctowl|84/100 brn\n|-heal|p1a: Misdreavus|209/254|[from] drain|[of] p2a: Noctowl\n|move|p2a: Noctowl|Hurricane|p1a: Misdreavus\n|-damage|p1a: Misdreavus|140/254\n|\n|-damage|p2a: Noctowl|78/100 brn|[from] brn\n|upkeep\n|turn|22\n|inactive|Time left: 300 sec this turn | 300 sec total\n|\n|t:|1783533350\n|move|p1a: Misdreavus|Draining Kiss|p2a: Noctowl\n|-damage|p2a: Noctowl|66/100 brn\n|-heal|p1a: Misdreavus|170/254|[from] drain|[of] p2a: Noctowl\n|move|p2a: Noctowl|Hurricane|p1a: Misdreavus|[miss]\n|-miss|p2a: Noctowl|p1a: Misdreavus\n|\n|-damage|p2a: Noctowl|60/100 brn|[from] brn\n|upkeep\n|turn|23\n|inactive|Time left: 300 sec this turn | 300 sec total\n|\n|t:|1783533351\n|move|p1a: Misdreavus|Draining Kiss|p2a: Noctowl\n|-damage|p2a: Noctowl|50/100 brn\n|-heal|p1a: Misdreavus|196/254|[from] drain|[of] p2a: Noctowl\n|move|p2a: Noctowl|Roost|p2a: Noctowl\n|-heal|p2a: Noctowl|99/100 brn\n|-singleturn|p2a: Noctowl|move: Roost\n|\n|-damage|p2a: Noctowl|94/100 brn|[from] brn\n|upkeep\n|turn|24\n|inactive|Time left: 300 sec this turn | 300 sec total\n|\n|t:|1783533352\n|move|p1a: Misdreavus|Draining Kiss|p2a: Noctowl\n|-crit|p2a: Noctowl\n|-damage|p2a: Noctowl|51/100 brn\n|-heal|p1a: Misdreavus|254/254|[from] drain|[of] p2a: Noctowl\n|move|p2a: Noctowl|Hurricane|p1a: Misdreavus\n|-damage|p1a: Misdreavus|176/254\n|\n|-damage|p2a: Noctowl|45/100 brn|[from] brn\n|upkeep\n|turn|25\n|inactive|Time left: 300 sec this turn | 300 sec total\n|\n|t:|1783533353\n|move|p1a: Misdreavus|Draining Kiss|p2a: Noctowl\n|-damage|p2a: Noctowl|34/100 brn\n|-heal|p1a: Misdreavus|204/254|[from] drain|[of] p2a: Noctowl\n|move|p2a: Noctowl|Roost|p2a: Noctowl\n|-heal|p2a: Noctowl|84/100 brn\n|-singleturn|p2a: Noctowl|move: Roost\n|\n|-damage|p2a: Noctowl|78/100 brn|[from] brn\n|upkeep\n|turn|26\n|inactive|Time left: 300 sec this turn | 300 sec total\n|\n|t:|1783533354\n|move|p1a: Misdreavus|Draining Kiss|p2a: Noctowl\n|-damage|p2a: Noctowl|67/100 brn\n|-heal|p1a: Misdreavus|232/254|[from] drain|[of] p2a: Noctowl\n|move|p2a: Noctowl|Hurricane|p1a: Misdreavus\n|-damage|p1a: Misdreavus|153/254\n|-start|p1a: Misdreavus|confusion\n|\n|-damage|p2a: Noctowl|61/100 brn|[from] brn\n|upkeep\n|turn|27\n|inactive|Time left: 300 sec this turn | 300 sec total\n|\n|t:|1783533355\n|-activate|p1a: Misdreavus|confusion\n|move|p1a: Misdreavus|Draining Kiss|p2a: Noctowl\n|-damage|p2a: Noctowl|50/100 brn\n|-heal|p1a: Misdreavus|182/254|[from] drain|[of] p2a: Noctowl\n|move|p2a: Noctowl|Roost|p2a: Noctowl\n|-heal|p2a: Noctowl|99/100 brn\n|-singleturn|p2a: Noctowl|move: Roost\n|\n|-damage|p2a: Noctowl|94/100 brn|[from] brn\n|upkeep\n|turn|28\n|inactive|Time left: 300 sec this turn | 300 sec total\n|\n|t:|1783533356\n|-activate|p1a: Misdreavus|confusion\n|-damage|p1a: Misdreavus|162/254|[from] confusion\n|move|p2a: Noctowl|Hurricane|p1a: Misdreavus\n|-damage|p1a: Misdreavus|81/254\n|\n|-damage|p2a: Noctowl|88/100 brn|[from] brn\n|upkeep\n|turn|29\n|inactive|Time left: 300 sec this turn | 300 sec total\n|\n|t:|1783533357\n|-activate|p1a: Misdreavus|confusion\n|move|p1a: Misdreavus|Draining Kiss|p2a: Noctowl\n|-damage|p2a: Noctowl|78/100 brn\n|-heal|p1a: Misdreavus|108/254|[from] drain|[of] p2a: Noctowl\n|move|p2a: Noctowl|Hurricane|p1a: Misdreavus\n|-damage|p1a: Misdreavus|29/254\n|\n|-damage|p2a: Noctowl|71/100 brn|[from] brn\n|upkeep\n|turn|30\n|inactive|Time left: 300 sec this turn | 300 sec total\n|\n|t:|1783533358\n|-end|p1a: Misdreavus|confusion\n|move|p1a: Misdreavus|Draining Kiss|p2a: Noctowl\n|-damage|p2a: Noctowl|62/100 brn\n|-heal|p1a: Misdreavus|55/254|[from] drain|[of] p2a: Noctowl\n|move|p2a: Noctowl|Hurricane|p1a: Misdreavus\n|-damage|p1a: Misdreavus|0 fnt\n|faint|p1a: Misdreavus\n|\n|-damage|p2a: Noctowl|55/100 brn|[from] brn\n|upkeep\n|inactive|Time left: 300 sec this turn | 300 sec total | 5 sec grace\n|\n|t:|1783533359\n|switch|p1a: Delibird|Delibird, M|252/252\n|turn|31\n|inactive|Time left: 300 sec this turn | 300 sec total\n|\n|t:|1783533360\n|move|p1a: Delibird|Brave Bird|p2a: Noctowl\n|-damage|p2a: Noctowl|0 fnt\n|faint|p2a: Noctowl\n|-damage|p1a: Delibird|190/252|[from] Recoil\n|\n|upkeep\n|\n|t:|1783533361\n|switch|p2a: Klawf|Klawf, L90, F|100/100\n|turn|32\n|inactive|Time left: 300 sec this turn | 300 sec total\n|\n|t:|1783533361\n|switch|p1a: Slither Wing|Slither Wing, L81|88/270\n|-damage|p1a: Slither Wing|55/270|[from] Stealth Rock\n|move|p2a: Klawf|Stone Edge|p1a: Slither Wing|[miss]\n|-miss|p2a: Klawf|p1a: Slither Wing\n|\n|upkeep\n|turn|33\n|inactive|Time left: 300 sec this turn | 300 sec total\n|\n|t:|1783533362\n|move|p2a: Klawf|Stone Edge|p1a: Slither Wing\n|-damage|p1a: Slither Wing|0 fnt\n|faint|p1a: Slither Wing\n|-end|p1a: Slither Wing|Protosynthesis|[silent]\n|\n|upkeep\n|inactive|Time left: 300 sec this turn | 300 sec total | 5 sec grace\n|\n|t:|1783533363\n|switch|p1a: Slowbro|Slowbro, L85, F|279/300 brn\n|-damage|p1a: Slowbro|242/300 brn|[from] Stealth Rock\n|turn|34\n|inactive|Time left: 300 sec this turn | 300 sec total\n|\n|t:|1783533364\n|switch|p2a: Lumineon|Lumineon, L93, F|100/100\n|move|p1a: Slowbro|Future Sight|p2a: Lumineon\n|-start|p1a: Slowbro|move: Future Sight\n|\n|-damage|p1a: Slowbro|224/300 brn|[from] brn\n|upkeep\n|turn|35\n|inactive|Time left: 300 sec this turn | 300 sec total\n|\n|t:|1783533365\n|move|p2a: Lumineon|Hydro Pump|p1a: Slowbro\n|-resisted|p1a: Slowbro\n|-damage|p1a: Slowbro|185/300 brn\n|move|p1a: Slowbro|Ice Beam|p2a: Lumineon\n|-resisted|p2a: Lumineon\n|-crit|p2a: Lumineon\n|-damage|p2a: Lumineon|85/100\n|\n|-damage|p1a: Slowbro|167/300 brn|[from] brn\n|upkeep\n|turn|36\n|inactive|Time left: 300 sec this turn | 300 sec total\n|\n|t:|1783533367\n|move|p2a: Lumineon|Hydro Pump|p1a: Slowbro\n|-resisted|p1a: Slowbro\n|-damage|p1a: Slowbro|125/300 brn\n|move|p1a: Slowbro|Ice Beam|p2a: Lumineon\n|-resisted|p2a: Lumineon\n|-damage|p2a: Lumineon|74/100\n|\n|-end|p2a: Lumineon|move: Future Sight\n|-damage|p2a: Lumineon|32/100\n|-damage|p1a: Slowbro|107/300 brn|[from] brn\n|upkeep\n|turn|37\n|inactive|Time left: 300 sec this turn | 300 sec total\n|\n|t:|1783533368\n|move|p2a: Lumineon|Hydro Pump|p1a: Slowbro|[miss]\n|-miss|p2a: Lumineon|p1a: Slowbro\n|move|p1a: Slowbro|Ice Beam|p2a: Lumineon\n|-resisted|p2a: Lumineon\n|-damage|p2a: Lumineon|22/100\n|\n|-damage|p1a: Slowbro|89/300 brn|[from] brn\n|upkeep\n|turn|38\n|inactive|Time left: 300 sec this turn | 300 sec total\n|\n|t:|1783533369\n|move|p2a: Lumineon|U-turn|p1a: Slowbro\n|-supereffective|p1a: Slowbro\n|-damage|p1a: Slowbro|17/300 brn\n|\n|t:|1783533371\n|switch|p2a: Klawf|Klawf, L90, F|100/100|[from] U-turn\n|move|p1a: Slowbro|Ice Beam|p2a: Klawf\n|-damage|p2a: Klawf|71/100\n|-status|p2a: Klawf|frz\n|\n|-damage|p1a: Slowbro|0 fnt|[from] brn\n|faint|p1a: Slowbro\n|upkeep\n|inactive|Time left: 300 sec this turn | 300 sec total | 10 sec grace\n|\n|t:|1783533372\n|switch|p1a: Delibird|Delibird, M|190/252\n|turn|39\n|inactive|Time left: 300 sec this turn | 300 sec total\n|\n|t:|1783533373\n|cant|p2a: Klawf|frz\n|move|p1a: Delibird|Ice Spinner|p2a: Klawf\n|-damage|p2a: Klawf|37/100 frz\n|\n|upkeep\n|turn|40\n|inactive|Time left: 300 sec this turn | 300 sec total\n|\n|t:|1783533374\n|cant|p2a: Klawf|frz\n|move|p1a: Delibird|Brave Bird|p2a: Klawf\n|-resisted|p2a: Klawf\n|-damage|p2a: Klawf|10/100 frz\n|-damage|p1a: Delibird|166/252|[from] Recoil\n|\n|upkeep\n|turn|41\n|inactive|Time left: 300 sec this turn | 300 sec total\n|\n|t:|1783533375\n|cant|p2a: Klawf|frz\n|move|p1a: Delibird|Brave Bird|p2a: Klawf|[miss]\n|-miss|p1a: Delibird|p2a: Klawf\n|\n|upkeep\n|turn|42\n|inactive|Time left: 300 sec this turn | 300 sec total\n|\n|t:|1783533376\n|cant|p2a: Klawf|frz\n|move|p1a: Delibird|Brave Bird|p2a: Klawf\n|-resisted|p2a: Klawf\n|-damage|p2a: Klawf|0 fnt\n|faint|p2a: Klawf\n|-damage|p1a: Delibird|157/252|[from] Recoil\n|\n|upkeep\n|\n|t:|1783533377\n|switch|p2a: Lumineon|Lumineon, L93, F|22/100\n|turn|43\n|inactive|Time left: 300 sec this turn | 300 sec total\n|\n|t:|1783533378\n|move|p2a: Lumineon|Hydro Pump|p1a: Delibird\n|-damage|p1a: Delibird|7/252\n|move|p1a: Delibird|Ice Spinner|p2a: Lumineon\n|-resisted|p2a: Lumineon\n|-damage|p2a: Lumineon|2/100\n|\n|upkeep\n|turn|44\n|inactive|Time left: 300 sec this turn | 300 sec total\n|\n|t:|1783533379\n|switch|p2a: Torkoal|Torkoal, L88, M|25/100\n|-weather|SunnyDay|[from] ability: Drought|[of] p2a: Torkoal\n|-terastallize|p1a: Delibird|Flying\n|move|p1a: Delibird|Ice Shard|p2a: Torkoal\n|-resisted|p2a: Torkoal\n|-damage|p2a: Torkoal|17/100\n|\n|-weather|SunnyDay|[upkeep]\n|upkeep\n|turn|45\n|inactive|Time left: 300 sec this turn | 300 sec total\n|\n|t:|1783533380\n|move|p1a: Delibird|Ice Spinner|p2a: Torkoal\n|-resisted|p2a: Torkoal\n|-damage|p2a: Torkoal|2/100\n|move|p2a: Torkoal|Solar Beam||[still]\n|-prepare|p2a: Torkoal|Solar Beam\n|-anim|p2a: Torkoal|Solar Beam|p1a: Delibird\n|-resisted|p1a: Delibird\n|-damage|p1a: Delibird|0 fnt\n|faint|p1a: Delibird\n|\n|win|p0y00721f7", "uploadtime": 1783533381, "views": 0, "rating": 0, "private": 0, "password": null, "_winner": "p0y00721f7", "_our_name": "p0x007e7d1"}