{"id": "battle-gen9randombattle-2682", "formatid": "gen9randombattle", "format": "[Gen 9] Random Battle", "players": ["p0x2682d008", "p0y268263ba"], "log": "|init|battle\n|title|p0x2682d008 vs. p0y268263ba\n|j|\u2606p0x2682d008\n|j|\u2606p0y268263ba\n|t:|1783570949\n|gametype|singles\n|player|p1|p0x2682d008|169|\n|player|p2|p0y268263ba|266|\n|gen|9\n|tier|[Gen 9] Random Battle\n|rule|Species Clause: Limit one of each Pok\u00e9mon\n|rule|HP Percentage Mod: HP is shown in percentages\n|rule|Sleep Clause Mod: Limit one foe put to sleep\n|rule|Illusion Level Mod: Illusion disguises the Pok\u00e9mon's true level\n|\n|t:|1783570949\n|teamsize|p1|6\n|teamsize|p2|6\n|start\n|switch|p1a: Tyranitar|Tyranitar, L78, M|284/284\n|switch|p2a: Politoed|Politoed, L88, M|100/100\n|-weather|RainDance|[from] ability: Drizzle|[of] p2a: Politoed\n|-weather|Sandstorm|[from] ability: Sand Stream|[of] p1a: Tyranitar\n|turn|1\n|inactive|Battle timer is ON: inactive players will automatically lose when time's up. (requested by p0y268263ba)\n|inactive|Time left: 300 sec this turn | 300 sec total | 60 sec grace\n|inactive|p0x2682d008 also wants the timer to be on.\n|\n|t:|1783570950\n|move|p2a: Politoed|Surf|p1a: Tyranitar\n|-supereffective|p1a: Tyranitar\n|-damage|p1a: Tyranitar|188/284\n|move|p1a: Tyranitar|Knock Off|p2a: Politoed\n|-crit|p2a: Politoed\n|-damage|p2a: Politoed|38/100\n|-enditem|p2a: Politoed|Chesto Berry|[from] move: Knock Off|[of] p1a: Tyranitar\n|\n|-weather|Sandstorm|[upkeep]\n|-damage|p2a: Politoed|32/100|[from] Sandstorm\n|upkeep\n|turn|2\n|inactive|Time left: 300 sec this turn | 300 sec total\n|\n|t:|1783570952\n|move|p2a: Politoed|Rest|p2a: Politoed\n|-status|p2a: Politoed|slp|[from] move: Rest\n|-heal|p2a: Politoed|100/100 slp|[silent]\n|move|p1a: Tyranitar|Earthquake|p2a: Politoed\n|-damage|p2a: Politoed|74/100 slp\n|\n|-weather|Sandstorm|[upkeep]\n|-damage|p2a: Politoed|68/100 slp|[from] Sandstorm\n|upkeep\n|turn|3\n|inactive|Time left: 300 sec this turn | 300 sec total\n|\n|t:|1783570953\n|switch|p2a: Gurdurr|Gurdurr, L85, F|100/100\n|move|p1a: Tyranitar|Knock Off|p2a: Gurdurr\n|-resisted|p2a: Gurdurr\n|-damage|p2a: Gurdurr|86/100\n|-enditem|p2a: Gurdurr|Eviolite|[from] move: Knock Off|[of] p1a: Tyranitar\n|\n|-weather|Sandstorm|[upkeep]\n|-damage|p2a: Gurdurr|80/100|[from] Sandstorm\n|upkeep\n|turn|4\n|inactive|Time left: 300 sec this turn | 300 sec total\n|\n|t:|1783570954\n|switch|p1a: Dedenne|Dedenne, L88, F|261/261\n|move|p2a: Gurdurr|Drain Punch|p1a: Dedenne\n|-resisted|p1a: Dedenne\n|-damage|p1a: Dedenne|203/261\n|-heal|p2a: Gurdurr|90/100|[from] drain|[of] p1a: Dedenne\n|\n|-weather|Sandstorm|[upkeep]\n|-damage|p1a: Dedenne|187/261|[from] Sandstorm\n|-damage|p2a: Gurdurr|84/100|[from] Sandstorm\n|upkeep\n|turn|5\n|inactive|Time left: 300 sec this turn | 300 sec total\n|\n|t:|1783570956\n|switch|p2a: Regieleki|Regieleki, L79|100/100\n|move|p1a: Dedenne|Thunderbolt|p2a: Regieleki\n|-resisted|p2a: Regieleki\n|-damage|p2a: Regieleki|73/100\n|\n|-weather|none\n|upkeep\n|turn|6\n|inactive|Time left: 300 sec this turn | 300 sec total\n|\n|t:|1783570957\n|move|p2a: Regieleki|Thunderbolt|p1a: Dedenne\n|-resisted|p1a: Dedenne\n|-damage|p1a: Dedenne|108/261\n|-enditem|p1a: Dedenne|Sitrus Berry|[eat]\n|-heal|p1a: Dedenne|173/261|[from] item: Sitrus Berry\n|-heal|p1a: Dedenne|260/261|[from] ability: Cheek Pouch\n|move|p1a: Dedenne|Dazzling Gleam|p2a: Regieleki\n|-damage|p2a: Regieleki|22/100\n|\n|upkeep\n|turn|7\n|inactive|Time left: 300 sec this turn | 300 sec total\n|\n|t:|1783570958\n|move|p2a: Regieleki|Explosion|p1a: Dedenne\n|-damage|p1a: Dedenne|54/261\n|faint|p2a: Regieleki\n|move|p1a: Dedenne|Thunderbolt|p2: Regieleki|[notarget]\n|-fail|p1a: Dedenne\n|\n|upkeep\n|\n|t:|1783570959\n|switch|p2a: Milotic|Milotic, L83, M|100/100\n|turn|8\n|inactive|Time left: 300 sec this turn | 300 sec total\n|\n|t:|1783570960\n|move|p1a: Dedenne|Thunderbolt|p2a: Milotic\n|-supereffective|p2a: Milotic\n|-damage|p2a: Milotic|51/100\n|move|p2a: Milotic|Scald|p1a: Dedenne\n|-crit|p1a: Dedenne\n|-damage|p1a: Dedenne|0 fnt\n|faint|p1a: Dedenne\n|\n|-heal|p2a: Milotic|57/100|[from] item: Leftovers\n|upkeep\n|inactive|Time left: 300 sec this turn | 300 sec total | 5 sec grace\n|\n|t:|1783570961\n|switch|p1a: Frosmoth|Frosmoth, L82, M|249/249\n|turn|9\n|inactive|Time left: 300 sec this turn | 300 sec total\n|\n|t:|1783570962\n|move|p2a: Milotic|Recover|p2a: Milotic\n|-heal|p2a: Milotic|100/100\n|move|p1a: Frosmoth|Quiver Dance|p1a: Frosmoth\n|-boost|p1a: Frosmoth|spa|1\n|-boost|p1a: Frosmoth|spd|1\n|-boost|p1a: Frosmoth|spe|1\n|\n|upkeep\n|turn|10\n|inactive|Time left: 300 sec this turn | 300 sec total\n|\n|t:|1783570963\n|move|p1a: Frosmoth|Bug Buzz|p2a: Milotic\n|-damage|p2a: Milotic|54/100\n|move|p2a: Milotic|Dragon Tail|p1a: Frosmoth\n|-crit|p1a: Frosmoth\n|-damage|p1a: Frosmoth|190/249\n|drag|p1a: Comfey|Comfey, L85, M|225/225\n|\n|-heal|p2a: Milotic|61/100|[from] item: Leftovers\n|upkeep\n|turn|11\n|inactive|Time left: 300 sec this turn | 300 sec total\n|\n|t:|1783570964\n|move|p1a: Comfey|Calm Mind|p1a: Comfey\n|-boost|p1a: Comfey|spa|1\n|-boost|p1a: Comfey|spd|1\n|move|p2a: Milotic|Scald|p1a: Comfey\n|-damage|p1a: Comfey|182/225\n|\n|-heal|p1a: Comfey|196/225|[from] item: Leftovers\n|-heal|p2a: Milotic|67/100|[from] item: Leftovers\n|upkeep\n|turn|12\n|inactive|Time left: 300 sec this turn | 300 sec total\n|\n|t:|1783570965\n|move|p1a: Comfey|Calm Mind|p1a: Comfey\n|-boost|p1a: Comfey|spa|1\n|-boost|p1a: Comfey|spd|1\n|move|p2a: Milotic|Recover|p2a: Milotic\n|-heal|p2a: Milotic|100/100\n|\n|-heal|p1a: Comfey|210/225|[from] item: Leftovers\n|upkeep\n|turn|13\n|inactive|Time left: 300 sec this turn | 300 sec total\n|\n|t:|1783570966\n|move|p1a: Comfey|Calm Mind|p1a: Comfey\n|-boost|p1a: Comfey|spa|1\n|-boost|p1a: Comfey|spd|1\n|move|p2a: Milotic|Ice Beam|p1a: Comfey\n|-damage|p1a: Comfey|187/225\n|\n|-heal|p1a: Comfey|201/225|[from] item: Leftovers\n|upkeep\n|turn|14\n|inactive|Time left: 300 sec this turn | 300 sec total\n|\n|t:|1783570967\n|move|p1a: Comfey|Draining Kiss|p2a: Milotic\n|-damage|p2a: Milotic|71/100\n|-heal|p1a: Comfey|225/225|[from] drain|[of] p2a: Milotic\n|move|p2a: Milotic|Recover|p2a: Milotic\n|-heal|p2a: Milotic|100/100\n|\n|upkeep\n|turn|15\n|inactive|Time left: 300 sec this turn | 300 sec total\n|\n|t:|1783570968\n|move|p1a: Comfey|Draining Kiss|p2a: Milotic\n|-damage|p2a: Milotic|69/100\n|move|p2a: Milotic|Recover|p2a: Milotic\n|-heal|p2a: Milotic|100/100\n|\n|upkeep\n|turn|16\n|inactive|Time left: 300 sec this turn | 300 sec total\n|\n|t:|1783570969\n|move|p1a: Comfey|Draining Kiss|p2a: Milotic\n|-damage|p2a: Milotic|67/100\n|move|p2a: Milotic|Recover|p2a: Milotic\n|-heal|p2a: Milotic|100/100\n|\n|upkeep\n|turn|17\n|inactive|Time left: 300 sec this turn | 300 sec total\n|\n|t:|1783570970\n|move|p1a: Comfey|Draining Kiss|p2a: Milotic\n|-damage|p2a: Milotic|66/100\n|move|p2a: Milotic|Recover|p2a: Milotic\n|-heal|p2a: Milotic|100/100\n|\n|upkeep\n|turn|18\n|inactive|Time left: 300 sec this turn | 300 sec total\n|\n|t:|1783570971\n|move|p1a: Comfey|Draining Kiss|p2a: Milotic\n|-damage|p2a: Milotic|68/100\n|move|p2a: Milotic|Recover|p2a: Milotic\n|-heal|p2a: Milotic|100/100\n|\n|upkeep\n|turn|19\n|inactive|Time left: 300 sec this turn | 300 sec total\n|\n|t:|1783570972\n|move|p1a: Comfey|Draining Kiss|p2a: Milotic\n|-damage|p2a: Milotic|70/100\n|move|p2a: Milotic|Recover|p2a: Milotic\n|-heal|p2a: Milotic|100/100\n|\n|upkeep\n|turn|20\n|inactive|Time left: 300 sec this turn | 300 sec total\n|\n|t:|1783570973\n|move|p1a: Comfey|Draining Kiss|p2a: Milotic\n|-damage|p2a: Milotic|70/100\n|move|p2a: Milotic|Dragon Tail|p1a: Comfey\n|-immune|p1a: Comfey\n|\n|-heal|p2a: Milotic|77/100|[from] item: Leftovers\n|upkeep\n|turn|21\n|inactive|Time left: 300 sec this turn | 300 sec total\n|\n|t:|1783570974\n|move|p1a: Comfey|Tera Blast|p2a: Milotic\n|-damage|p2a: Milotic|42/100\n|move|p2a: Milotic|Scald|p1a: Comfey\n|-damage|p1a: Comfey|195/225\n|-status|p1a: Comfey|brn\n|\n|-heal|p1a: Comfey|209/225 brn|[from] item: Leftovers\n|-heal|p2a: Milotic|49/100|[from] item: Leftovers\n|-damage|p1a: Comfey|195/225 brn|[from] brn\n|upkeep\n|turn|22\n|inactive|Time left: 300 sec this turn | 300 sec total\n|\n|t:|1783570975\n|move|p1a: Comfey|Draining Kiss|p2a: Milotic\n|-damage|p2a: Milotic|20/100\n|-heal|p1a: Comfey|225/225 brn|[from] drain|[of] p2a: Milotic\n|move|p2a: Milotic|Dragon Tail|p1a: Comfey\n|-immune|p1a: Comfey\n|\n|-heal|p2a: Milotic|26/100|[from] item: Leftovers\n|-damage|p1a: Comfey|211/225 brn|[from] brn\n|upkeep\n|turn|23\n|inactive|Time left: 300 sec this turn | 300 sec total\n|\n|t:|1783570976\n|switch|p2a: Klefki|Klefki, L84, F|100/100\n|move|p1a: Comfey|Tera Blast|p2a: Klefki\n|-resisted|p2a: Klefki\n|-damage|p2a: Klefki|73/100\n|\n|-heal|p1a: Comfey|225/225 brn|[from] item: Leftovers\n|-heal|p2a: Klefki|79/100|[from] item: Leftovers\n|-damage|p1a: Comfey|211/225 brn|[from] brn\n|upkeep\n|turn|24\n|inactive|Time left: 300 sec this turn | 300 sec total\n|\n|t:|1783570977\n|move|p1a: Comfey|Draining Kiss|p2a: Klefki\n|-resisted|p2a: Klefki\n|-damage|p2a: Klefki|52/100\n|-heal|p1a: Comfey|225/225 brn|[from] drain|[of] p2a: Klefki\n|move|p2a: Klefki|Spikes|p1a: Comfey\n|-sidestart|p1: p0x2682d008|Spikes\n|\n|-heal|p2a: Klefki|58/100|[from] item: Leftovers\n|-damage|p1a: Comfey|211/225 brn|[from] brn\n|upkeep\n|turn|25\n|inactive|Time left: 300 sec this turn | 300 sec total\n|\n|t:|1783570978\n|move|p1a: Comfey|Draining Kiss|p2a: Klefki\n|-resisted|p2a: Klefki\n|-damage|p2a: Klefki|33/100\n|-heal|p1a: Comfey|225/225 brn|[from] drain|[of] p2a: Klefki\n|move|p2a: Klefki|Spikes|p1a: Comfey\n|-sidestart|p1: p0x2682d008|Spikes\n|\n|-heal|p2a: Klefki|39/100|[from] item: Leftovers\n|-damage|p1a: Comfey|211/225 brn|[from] brn\n|upkeep\n|turn|26\n|inactive|Time left: 300 sec this turn | 300 sec total\n|\n|t:|1783570979\n|move|p1a: Comfey|Draining Kiss|p2a: Klefki\n|-resisted|p2a: Klefki\n|-damage|p2a: Klefki|11/100\n|-heal|p1a: Comfey|225/225 brn|[from] drain|[of] p2a: Klefki\n|move|p2a: Klefki|Spikes|p1a: Comfey\n|-sidestart|p1: p0x2682d008|Spikes\n|\n|-heal|p2a: Klefki|17/100|[from] item: Leftovers\n|-damage|p1a: Comfey|211/225 brn|[from] brn\n|upkeep\n|turn|27\n|inactive|Time left: 300 sec this turn | 300 sec total\n|\n|t:|1783570980\n|switch|p2a: Shaymin|Shaymin-Sky, L73|100/100\n|move|p1a: Comfey|Draining Kiss|p2a: Shaymin\n|-damage|p2a: Shaymin|41/100\n|-heal|p1a: Comfey|225/225 brn|[from] drain|[of] p2a: Shaymin\n|\n|-heal|p2a: Shaymin|47/100|[from] item: Leftovers\n|-damage|p1a: Comfey|211/225 brn|[from] brn\n|upkeep\n|turn|28\n|inactive|Time left: 300 sec this turn | 300 sec total\n|\n|t:|1783570981\n|-terastallize|p2a: Shaymin|Steel\n|move|p1a: Comfey|Draining Kiss|p2a: Shaymin\n|-resisted|p2a: Shaymin\n|-damage|p2a: Shaymin|20/100\n|-heal|p1a: Comfey|225/225 brn|[from] drain|[of] p2a: Shaymin\n|move|p2a: Shaymin|Leech Seed|p1a: Comfey\n|-start|p1a: Comfey|move: Leech Seed\n|\n|-heal|p2a: Shaymin|26/100|[from] item: Leftovers\n|-damage|p1a: Comfey|197/225 brn|[from] Leech Seed|[of] p2a: Shaymin\n|-heal|p2a: Shaymin|37/100|[silent]\n|-damage|p1a: Comfey|183/225 brn|[from] brn\n|upkeep\n|turn|29\n|inactive|Time left: 300 sec this turn | 300 sec total\n|\n|t:|1783570982\n|move|p1a: Comfey|Draining Kiss|p2a: Shaymin\n|-resisted|p2a: Shaymin\n|-damage|p2a: Shaymin|8/100\n|-heal|p1a: Comfey|225/225 brn|[from] drain|[of] p2a: Shaymin\n|move|p2a: Shaymin|Seed Flare|p1a: Comfey\n|-damage|p1a: Comfey|183/225 brn\n|-unboost|p1a: Comfey|spd|2\n|\n|-heal|p2a: Shaymin|14/100|[from] item: Leftovers\n|-heal|p1a: Comfey|197/225 brn|[from] item: Leftovers\n|-damage|p1a: Comfey|169/225 brn|[from] Leech Seed|[of] p2a: Shaymin\n|-heal|p2a: Shaymin|25/100|[silent]\n|-damage|p1a: Comfey|155/225 brn|[from] brn\n|upkeep\n|turn|30\n|inactive|Time left: 300 sec this turn | 300 sec total\n|\n|t:|1783570983\n|switch|p2a: Politoed|Politoed, L88, M|68/100 slp\n|-weather|RainDance|[from] ability: Drizzle|[of] p2a: Politoed\n|move|p1a: Comfey|Draining Kiss|p2a: Politoed\n|-damage|p2a: Politoed|33/100 slp\n|-heal|p1a: Comfey|225/225 brn|[from] drain|[of] p2a: Politoed\n|\n|-weather|RainDance|[upkeep]\n|-damage|p1a: Comfey|197/225 brn|[from] Leech Seed|[of] p2a: Politoed\n|-heal|p2a: Politoed|42/100 slp|[silent]\n|-damage|p1a: Comfey|183/225 brn|[from] brn\n|upkeep\n|turn|31\n|inactive|Time left: 300 sec this turn | 300 sec total\n|\n|t:|1783570984\n|move|p1a: Comfey|Tera Blast|p2a: Politoed\n|-crit|p2a: Politoed\n|-damage|p2a: Politoed|0 fnt\n|faint|p2a: Politoed\n|\n|-weather|RainDance|[upkeep]\n|-heal|p1a: Comfey|197/225 brn|[from] item: Leftovers\n|-damage|p1a: Comfey|183/225 brn|[from] brn\n|upkeep\n|\n|t:|1783570985\n|switch|p2a: Klefki|Klefki, L84, F|17/100\n|turn|32\n|inactive|Time left: 300 sec this turn | 300 sec total\n|\n|t:|1783570986\n|move|p2a: Klefki|Thunder Wave||[still]\n|-fail|p2a: Klefki\n|move|p1a: Comfey|Tera Blast|p2a: Klefki\n|-resisted|p2a: Klefki\n|-damage|p2a: Klefki|0 fnt\n|faint|p2a: Klefki\n|\n|-weather|RainDance|[upkeep]\n|-heal|p1a: Comfey|197/225 brn|[from] item: Leftovers\n|-damage|p1a: Comfey|183/225 brn|[from] brn\n|upkeep\n|\n|t:|1783570987\n|switch|p2a: Shaymin|Shaymin-Sky, L73, tera:Steel|25/100\n|turn|33\n|inactive|Time left: 300 sec this turn | 300 sec total\n|\n|t:|1783570988\n|move|p1a: Comfey|Draining Kiss|p2a: Shaymin\n|-resisted|p2a: Shaymin\n|-damage|p2a: Shaymin|0 fnt\n|-heal|p1a: Comfey|225/225 brn|[from] drain|[of] p2a: Shaymin\n|faint|p2a: Shaymin\n|\n|-weather|RainDance|[upkeep]\n|-damage|p1a: Comfey|211/225 brn|[from] brn\n|upkeep\n|\n|t:|1783570989\n|switch|p2a: Gurdurr|Gurdurr, L85, F|84/100\n|turn|34\n|inactive|Time left: 300 sec this turn | 300 sec total\n|\n|t:|1783570990\n|-terastallize|p1a: Comfey|Ground\n|move|p2a: Gurdurr|Mach Punch|p1a: Comfey\n|-damage|p1a: Comfey|162/225 brn\n|move|p1a: Comfey|Tera Blast|p2a: Gurdurr|[anim] Tera Blast Ground\n|-damage|p2a: Gurdurr|0 fnt\n|faint|p2a: Gurdurr\n|\n|-weather|none\n|-heal|p1a: Comfey|176/225 brn|[from] item: Leftovers\n|-damage|p1a: Comfey|162/225 brn|[from] brn\n|upkeep\n|\n|t:|1783570991\n|switch|p2a: Milotic|Milotic, L83, M|26/100\n|turn|35\n|inactive|Time left: 300 sec this turn | 300 sec total\n|\n|t:|1783570991\n|move|p1a: Comfey|Tera Blast|p2a: Milotic|[anim] Tera Blast Ground\n|-damage|p2a: Milotic|0 fnt\n|faint|p2a: Milotic\n|\n|win|p0x2682d008", "uploadtime": 1783570991, "views": 0, "rating": 0, "private": 0, "password": null, "_winner": "p0x2682d008", "_our_name": "p0x2682d008"}