{"id": "battle-gen9randombattle-2995", "formatid": "gen9randombattle", "format": "[Gen 9] Random Battle", "players": ["p0x29958c44", "p0y29953a69"], "log": "|init|battle\n|title|p0x29958c44 vs. p0y29953a69\n|j|\u2606p0x29958c44\n|j|\u2606p0y29953a69\n|t:|1783573483\n|gametype|singles\n|player|p1|p0x29958c44|266|\n|player|p2|p0y29953a69|102|\n|gen|9\n|tier|[Gen 9] Random Battle\n|rule|Species Clause: Limit one of each Pok\u00e9mon\n|rule|HP Percentage Mod: HP is shown in percentages\n|rule|Sleep Clause Mod: Limit one foe put to sleep\n|rule|Illusion Level Mod: Illusion disguises the Pok\u00e9mon's true level\n|\n|t:|1783573483\n|teamsize|p1|6\n|teamsize|p2|6\n|start\n|switch|p1a: Dewgong|Dewgong, L94, M|100/100\n|switch|p2a: Ariados|Ariados, L95, M|287/287\n|turn|1\n|inactive|Battle timer is ON: inactive players will automatically lose when time's up. (requested by p0x29958c44)\n|inactive|Time left: 300 sec this turn | 300 sec total | 60 sec grace\n|inactive|p0y29953a69 also wants the timer to be on.\n|\n|t:|1783573484\n|move|p1a: Dewgong|Ice Beam|p2a: Ariados\n|-damage|p2a: Ariados|191/287\n|move|p2a: Ariados|Sticky Web|p1a: Dewgong\n|-sidestart|p1: p0x29958c44|move: Sticky Web\n|\n|upkeep\n|turn|2\n|inactive|Time left: 300 sec this turn | 300 sec total\n|\n|t:|1783573485\n|move|p1a: Dewgong|Ice Beam|p2a: Ariados\n|-damage|p2a: Ariados|100/287\n|move|p2a: Ariados|Knock Off|p1a: Dewgong\n|-damage|p1a: Dewgong|74/100\n|-enditem|p1a: Dewgong|Assault Vest|[from] move: Knock Off|[of] p2a: Ariados\n|\n|upkeep\n|turn|3\n|inactive|Time left: 300 sec this turn | 300 sec total\n|\n|t:|1783573487\n|move|p1a: Dewgong|Ice Beam|p2a: Ariados\n|-damage|p2a: Ariados|0 fnt\n|faint|p2a: Ariados\n|\n|upkeep\n|inactive|Time left: 300 sec this turn | 300 sec total | 5 sec grace\n|\n|t:|1783573488\n|switch|p2a: Leafeon|Leafeon, L88, F|258/258\n|turn|4\n|inactive|Time left: 300 sec this turn | 300 sec total\n|\n|t:|1783573489\n|move|p2a: Leafeon|Leaf Blade|p1a: Dewgong\n|-supereffective|p1a: Dewgong\n|-damage|p1a: Dewgong|0 fnt\n|faint|p1a: Dewgong\n|-damage|p2a: Leafeon|233/258|[from] item: Life Orb\n|\n|upkeep\n|\n|t:|1783573489\n|switch|p1a: Dragonite|Dragonite, L74, M|100/100\n|turn|5\n|inactive|Time left: 300 sec this turn | 300 sec total\n|\n|t:|1783573491\n|move|p2a: Leafeon|Swords Dance|p2a: Leafeon\n|-boost|p2a: Leafeon|atk|2\n|move|p1a: Dragonite|Dragon Dance|p1a: Dragonite\n|-boost|p1a: Dragonite|atk|1\n|-boost|p1a: Dragonite|spe|1\n|\n|upkeep\n|turn|6\n|inactive|Time left: 300 sec this turn | 300 sec total\n|\n|t:|1783573491\n|move|p1a: Dragonite|Outrage|p2a: Leafeon\n|-damage|p2a: Leafeon|98/258\n|move|p2a: Leafeon|Synthesis|p2a: Leafeon\n|-heal|p2a: Leafeon|227/258\n|\n|upkeep\n|turn|7\n|inactive|Time left: 300 sec this turn | 300 sec total\n|\n|t:|1783573493\n|move|p1a: Dragonite|Outrage|p2a: Leafeon|[from] lockedmove\n|-damage|p2a: Leafeon|100/258\n|move|p2a: Leafeon|Synthesis|p2a: Leafeon\n|-heal|p2a: Leafeon|229/258\n|\n|upkeep\n|turn|8\n|inactive|Time left: 300 sec this turn | 300 sec total\n|\n|t:|1783573493\n|move|p1a: Dragonite|Outrage|p2a: Leafeon|[from] lockedmove\n|-damage|p2a: Leafeon|93/258\n|-start|p1a: Dragonite|confusion|[fatigue]\n|move|p2a: Leafeon|Synthesis|p2a: Leafeon\n|-heal|p2a: Leafeon|222/258\n|\n|upkeep\n|turn|9\n|inactive|Time left: 300 sec this turn | 300 sec total\n|\n|t:|1783573494\n|-activate|p1a: Dragonite|confusion\n|-damage|p1a: Dragonite|84/100|[from] confusion\n|move|p2a: Leafeon|Double-Edge|p1a: Dragonite\n|-damage|p1a: Dragonite|0 fnt\n|faint|p1a: Dragonite\n|-damage|p2a: Leafeon|151/258|[from] Recoil\n|-damage|p2a: Leafeon|126/258|[from] item: Life Orb\n|\n|upkeep\n|\n|t:|1783573495\n|switch|p1a: Illumise|Illumise, L91, F|100/100\n|turn|10\n|inactive|Time left: 300 sec this turn | 300 sec total\n|\n|t:|1783573496\n|move|p2a: Leafeon|Double-Edge|p1a: Illumise\n|-damage|p1a: Illumise|3/100\n|-damage|p2a: Leafeon|41/258|[from] Recoil\n|-damage|p2a: Leafeon|16/258|[from] item: Life Orb\n|move|p1a: Illumise|Bug Buzz|p2a: Leafeon\n|-supereffective|p2a: Leafeon\n|-damage|p2a: Leafeon|0 fnt\n|faint|p2a: Leafeon\n|\n|upkeep\n|inactive|Time left: 300 sec this turn | 300 sec total | 5 sec grace\n|\n|t:|1783573497\n|switch|p2a: Skeledirge|Skeledirge, L79, F|294/294\n|turn|11\n|inactive|Time left: 300 sec this turn | 300 sec total\n|\n|t:|1783573498\n|switch|p1a: Walking Wake|Walking Wake, L79|100/100\n|-activate|p1a: Walking Wake|move: Sticky Web\n|-unboost|p1a: Walking Wake|spe|1\n|move|p2a: Skeledirge|Torch Song|p1a: Walking Wake\n|-resisted|p1a: Walking Wake\n|-damage|p1a: Walking Wake|93/100\n|-boost|p2a: Skeledirge|spa|1\n|\n|upkeep\n|turn|12\n|inactive|Time left: 300 sec this turn | 300 sec total\n|\n|t:|1783573499\n|switch|p2a: Grumpig|Grumpig, L92, M|297/297\n|move|p1a: Walking Wake|Hydro Pump|p2a: Grumpig\n|-damage|p2a: Grumpig|164/297\n|\n|-heal|p2a: Grumpig|182/297|[from] item: Leftovers\n|upkeep\n|turn|13\n|inactive|Time left: 300 sec this turn | 300 sec total\n|\n|t:|1783573500\n|move|p2a: Grumpig|Psychic|p1a: Walking Wake\n|-damage|p1a: Walking Wake|50/100\n|move|p1a: Walking Wake|Hydro Pump|p2a: Grumpig|[miss]\n|-miss|p1a: Walking Wake|p2a: Grumpig\n|\n|-heal|p2a: Grumpig|200/297|[from] item: Leftovers\n|upkeep\n|turn|14\n|inactive|Time left: 300 sec this turn | 300 sec total\n|\n|t:|1783573501\n|move|p2a: Grumpig|Nasty Plot|p2a: Grumpig\n|-boost|p2a: Grumpig|spa|2\n|move|p1a: Walking Wake|Hydro Pump|p2a: Grumpig\n|-damage|p2a: Grumpig|52/297\n|\n|-heal|p2a: Grumpig|70/297|[from] item: Leftovers\n|upkeep\n|turn|15\n|inactive|Time left: 300 sec this turn | 300 sec total\n|\n|t:|1783573502\n|-end|p1a: Walking Wake|Protosynthesis|[silent]\n|switch|p1a: Blissey|Blissey, L85, F|100/100\n|-activate|p1a: Blissey|move: Sticky Web\n|-unboost|p1a: Blissey|spe|1\n|move|p2a: Grumpig|Psychic|p1a: Blissey\n|-damage|p1a: Blissey|73/100\n|\n|-heal|p2a: Grumpig|88/297|[from] item: Leftovers\n|-heal|p1a: Blissey|79/100|[from] item: Leftovers\n|upkeep\n|turn|16\n|inactive|Time left: 300 sec this turn | 300 sec total\n|\n|t:|1783573503\n|move|p2a: Grumpig|Nasty Plot|p2a: Grumpig\n|-boost|p2a: Grumpig|spa|2\n|move|p1a: Blissey|Seismic Toss|p2a: Grumpig\n|-damage|p2a: Grumpig|3/297\n|\n|-heal|p2a: Grumpig|21/297|[from] item: Leftovers\n|-heal|p1a: Blissey|85/100|[from] item: Leftovers\n|upkeep\n|turn|17\n|inactive|Time left: 300 sec this turn | 300 sec total\n|\n|t:|1783573504\n|move|p2a: Grumpig|Psychic|p1a: Blissey\n|-damage|p1a: Blissey|47/100\n|move|p1a: Blissey|Seismic Toss|p2a: Grumpig\n|-damage|p2a: Grumpig|0 fnt\n|faint|p2a: Grumpig\n|\n|-heal|p1a: Blissey|53/100|[from] item: Leftovers\n|upkeep\n|inactive|Time left: 300 sec this turn | 300 sec total | 5 sec grace\n|\n|t:|1783573505\n|switch|p2a: Arceus|Arceus, L68|276/276\n|turn|18\n|inactive|Time left: 300 sec this turn | 300 sec total\n|\n|t:|1783573506\n|move|p2a: Arceus|Swords Dance|p2a: Arceus\n|-boost|p2a: Arceus|atk|2\n|move|p1a: Blissey|Soft-Boiled|p1a: Blissey\n|-heal|p1a: Blissey|100/100\n|\n|upkeep\n|turn|19\n|inactive|Time left: 300 sec this turn | 300 sec total\n|\n|t:|1783573507\n|switch|p1a: Garganacl|Garganacl, L80, F|100/100\n|-activate|p1a: Garganacl|move: Sticky Web\n|-unboost|p1a: Garganacl|spe|1\n|move|p2a: Arceus|Extreme Speed|p1a: Garganacl\n|-resisted|p1a: Garganacl\n|-damage|p1a: Garganacl|79/100\n|-damage|p2a: Arceus|249/276|[from] item: Life Orb\n|\n|-heal|p1a: Garganacl|85/100|[from] item: Leftovers\n|upkeep\n|turn|20\n|inactive|Time left: 300 sec this turn | 300 sec total\n|\n|t:|1783573508\n|move|p2a: Arceus|Earthquake|p1a: Garganacl\n|-supereffective|p1a: Garganacl\n|-damage|p1a: Garganacl|4/100\n|-damage|p2a: Arceus|222/276|[from] item: Life Orb\n|move|p1a: Garganacl|Salt Cure|p2a: Arceus\n|-damage|p2a: Arceus|185/276\n|-start|p2a: Arceus|Salt Cure\n|\n|-heal|p1a: Garganacl|10/100|[from] item: Leftovers\n|-damage|p2a: Arceus|151/276|[from] Salt Cure\n|upkeep\n|turn|21\n|inactive|Time left: 300 sec this turn | 300 sec total\n|\n|t:|1783573509\n|move|p2a: Arceus|Earthquake|p1a: Garganacl\n|-supereffective|p1a: Garganacl\n|-damage|p1a: Garganacl|0 fnt\n|faint|p1a: Garganacl\n|-damage|p2a: Arceus|124/276|[from] item: Life Orb\n|\n|-damage|p2a: Arceus|90/276|[from] Salt Cure\n|upkeep\n|\n|t:|1783573510\n|switch|p1a: Illumise|Illumise, L91, F|3/100\n|turn|22\n|inactive|Time left: 300 sec this turn | 300 sec total\n|\n|t:|1783573511\n|move|p2a: Arceus|Extreme Speed|p1a: Illumise\n|-damage|p1a: Illumise|0 fnt\n|faint|p1a: Illumise\n|-damage|p2a: Arceus|63/276|[from] item: Life Orb\n|\n|-damage|p2a: Arceus|29/276|[from] Salt Cure\n|upkeep\n|\n|t:|1783573512\n|switch|p1a: Walking Wake|Walking Wake, L79|50/100\n|-activate|p1a: Walking Wake|move: Sticky Web\n|-unboost|p1a: Walking Wake|spe|1\n|turn|23\n|inactive|Time left: 300 sec this turn | 300 sec total\n|\n|t:|1783573513\n|-end|p1a: Walking Wake|Protosynthesis|[silent]\n|switch|p1a: Blissey|Blissey, L85, F|100/100\n|-activate|p1a: Blissey|move: Sticky Web\n|-unboost|p1a: Blissey|spe|1\n|move|p2a: Arceus|Extreme Speed|p1a: Blissey\n|-damage|p1a: Blissey|6/100\n|-damage|p2a: Arceus|2/276|[from] item: Life Orb\n|\n|-heal|p1a: Blissey|12/100|[from] item: Leftovers\n|-damage|p2a: Arceus|0 fnt|[from] Salt Cure\n|faint|p2a: Arceus\n|upkeep\n|inactive|Time left: 300 sec this turn | 300 sec total | 5 sec grace\n|\n|t:|1783573513\n|switch|p2a: Flamigo|Flamigo, L82, F|269/269\n|turn|24\n|inactive|Time left: 300 sec this turn | 300 sec total\n|\n|t:|1783573514\n|-terastallize|p2a: Flamigo|Steel\n|move|p2a: Flamigo|Brave Bird|p1a: Blissey\n|-damage|p1a: Blissey|0 fnt\n|faint|p1a: Blissey\n|-damage|p2a: Flamigo|248/269|[from] Recoil\n|-damage|p2a: Flamigo|222/269|[from] item: Life Orb\n|\n|upkeep\n|\n|t:|1783573515\n|switch|p1a: Walking Wake|Walking Wake, L79|50/100\n|-activate|p1a: Walking Wake|move: Sticky Web\n|-unboost|p1a: Walking Wake|spe|1\n|turn|25\n|inactive|Time left: 300 sec this turn | 300 sec total\n|\n|t:|1783573516\n|-terastallize|p1a: Walking Wake|Fire\n|move|p2a: Flamigo|Brave Bird|p1a: Walking Wake\n|-damage|p1a: Walking Wake|0 fnt\n|faint|p1a: Walking Wake\n|-end|p1a: Walking Wake|Protosynthesis|[silent]\n|-damage|p2a: Flamigo|175/269|[from] Recoil\n|-damage|p2a: Flamigo|149/269|[from] item: Life Orb\n|\n|win|p0y29953a69", "uploadtime": 1783573516, "views": 0, "rating": 0, "private": 0, "password": null, "_winner": "p0y29953a69", "_our_name": "p0y29953a69"}