{"id": "battle-gen9randombattle-270", "formatid": "gen9randombattle", "format": "[Gen 9] Random Battle", "players": ["p0x2703e40", "p0y2700f1a"], "log": "|init|battle\n|title|p0x2703e40 vs. p0y2700f1a\n|j|\u2606p0x2703e40\n|j|\u2606p0y2700f1a\n|t:|1783542723\n|gametype|singles\n|player|p1|p0x2703e40|169|\n|player|p2|p0y2700f1a|1|\n|gen|9\n|tier|[Gen 9] Random Battle\n|rule|Species Clause: Limit one of each Pok\u00e9mon\n|rule|HP Percentage Mod: HP is shown in percentages\n|rule|Sleep Clause Mod: Limit one foe put to sleep\n|rule|Illusion Level Mod: Illusion disguises the Pok\u00e9mon's true level\n|\n|t:|1783542723\n|teamsize|p1|6\n|teamsize|p2|6\n|start\n|switch|p1a: Solgaleo|Solgaleo, L74|325/325\n|switch|p2a: Revavroom|Revavroom, L79, F|100/100\n|turn|1\n|inactive|Battle timer is ON: inactive players will automatically lose when time's up. (requested by p0y2700f1a)\n|inactive|Time left: 300 sec this turn | 300 sec total | 60 sec grace\n|inactive|p0x2703e40 also wants the timer to be on.\n|\n|t:|1783542725\n|move|p2a: Revavroom|Shift Gear|p2a: Revavroom\n|-boost|p2a: Revavroom|spe|2\n|-boost|p2a: Revavroom|atk|1\n|move|p1a: Solgaleo|Sunsteel Strike|p2a: Revavroom\n|-resisted|p2a: Revavroom\n|-damage|p2a: Revavroom|78/100\n|\n|upkeep\n|turn|2\n|inactive|Time left: 300 sec this turn | 300 sec total\n|\n|t:|1783542726\n|-terastallize|p2a: Revavroom|Ground\n|move|p2a: Revavroom|High Horsepower|p1a: Solgaleo\n|-supereffective|p1a: Solgaleo\n|-crit|p1a: Solgaleo\n|-damage|p1a: Solgaleo|0 fnt\n|-damage|p2a: Revavroom|62/100|[from] item: Rocky Helmet|[of] p1a: Solgaleo\n|faint|p1a: Solgaleo\n|-damage|p2a: Revavroom|52/100|[from] item: Life Orb\n|\n|upkeep\n|inactive|Time left: 300 sec this turn | 300 sec total | 5 sec grace\n|\n|t:|1783542727\n|switch|p1a: Gumshoos|Gumshoos, L95, M|321/321\n|turn|3\n|inactive|Time left: 300 sec this turn | 300 sec total\n|\n|t:|1783542728\n|move|p2a: Revavroom|Iron Head|p1a: Gumshoos\n|-damage|p1a: Gumshoos|126/321\n|-damage|p2a: Revavroom|42/100|[from] item: Life Orb\n|move|p1a: Gumshoos|Knock Off|p2a: Revavroom\n|-damage|p2a: Revavroom|0 fnt\n|-enditem|p2a: Revavroom|Life Orb|[from] move: Knock Off|[of] p1a: Gumshoos\n|faint|p2a: Revavroom\n|\n|upkeep\n|\n|t:|1783542728\n|switch|p2a: Mamoswine|Mamoswine, L81, M|100/100\n|turn|4\n|inactive|Time left: 300 sec this turn | 300 sec total\n|\n|t:|1783542729\n|switch|p1a: Weezing|Weezing, L88, M|258/258\n|move|p2a: Mamoswine|Earthquake|p1a: Weezing\n|-immune|p1a: Weezing|[from] ability: Levitate\n|\n|upkeep\n|turn|5\n|inactive|Time left: 300 sec this turn | 300 sec total\n|\n|t:|1783542730\n|switch|p2a: Torkoal|Torkoal, L88, M|100/100\n|-weather|SunnyDay|[from] ability: Drought|[of] p2a: Torkoal\n|move|p1a: Weezing|Will-O-Wisp|p2a: Torkoal|[miss]\n|-miss|p1a: Weezing|p2a: Torkoal\n|\n|-weather|SunnyDay|[upkeep]\n|upkeep\n|turn|6\n|inactive|Time left: 300 sec this turn | 300 sec total\n|\n|t:|1783542731\n|move|p1a: Weezing|Sludge Bomb|p2a: Torkoal\n|-damage|p2a: Torkoal|62/100\n|move|p2a: Torkoal|Lava Plume|p1a: Weezing\n|-damage|p1a: Weezing|116/258\n|\n|-weather|SunnyDay|[upkeep]\n|-heal|p1a: Weezing|132/258|[from] item: Leftovers\n|upkeep\n|turn|7\n|inactive|Time left: 300 sec this turn | 300 sec total\n|\n|t:|1783542732\n|move|p1a: Weezing|Sludge Bomb|p2a: Torkoal\n|-damage|p2a: Torkoal|19/100\n|-status|p2a: Torkoal|psn\n|move|p2a: Torkoal|Lava Plume|p1a: Weezing\n|-damage|p1a: Weezing|0 fnt\n|faint|p1a: Weezing\n|\n|-weather|SunnyDay|[upkeep]\n|-damage|p2a: Torkoal|7/100 psn|[from] psn\n|upkeep\n|inactive|Time left: 300 sec this turn | 300 sec total | 5 sec grace\n|\n|t:|1783542733\n|switch|p1a: Gumshoos|Gumshoos, L95, M|126/321\n|turn|8\n|inactive|Time left: 300 sec this turn | 300 sec total\n|\n|t:|1783542734\n|move|p1a: Gumshoos|U-turn|p2a: Torkoal\n|-resisted|p2a: Torkoal\n|-damage|p2a: Torkoal|0 fnt\n|faint|p2a: Torkoal\n|inactive|Time left: 300 sec this turn | 300 sec total | 5 sec grace\n|\n|t:|1783542735\n|switch|p1a: Zacian|Zacian, L69|241/241|[from] U-turn\n|-ability|p1a: Zacian|Intrepid Sword|boost\n|-boost|p1a: Zacian|atk|1\n|\n|-weather|SunnyDay|[upkeep]\n|upkeep\n|\n|t:|1783542736\n|switch|p2a: Stonjourner|Stonjourner, L91, F|100/100\n|turn|9\n|inactive|Time left: 300 sec this turn | 300 sec total\n|\n|t:|1783542737\n|move|p1a: Zacian|Swords Dance|p1a: Zacian\n|-boost|p1a: Zacian|atk|2\n|move|p2a: Stonjourner|Heat Crash|p1a: Zacian\n|-damage|p1a: Zacian|40/241\n|-damage|p2a: Stonjourner|90/100|[from] item: Life Orb\n|\n|-weather|none\n|upkeep\n|turn|10\n|inactive|Time left: 300 sec this turn | 300 sec total\n|\n|t:|1783542738\n|move|p1a: Zacian|Close Combat|p2a: Stonjourner\n|-supereffective|p2a: Stonjourner\n|-damage|p2a: Stonjourner|0 fnt\n|-unboost|p1a: Zacian|def|1\n|-unboost|p1a: Zacian|spd|1\n|faint|p2a: Stonjourner\n|-damage|p1a: Zacian|16/241|[from] item: Life Orb\n|\n|upkeep\n|\n|t:|1783542739\n|switch|p2a: Deoxys|Deoxys-Attack, L72|100/100\n|-ability|p2a: Deoxys|Pressure\n|turn|11\n|inactive|Time left: 300 sec this turn | 300 sec total\n|\n|t:|1783542741\n|switch|p1a: Tinkaton|Tinkaton, L82, F|274/274\n|-ability|p1a: Tinkaton|Mold Breaker\n|move|p2a: Deoxys|Knock Off|p1a: Tinkaton\n|-resisted|p1a: Tinkaton\n|-damage|p1a: Tinkaton|214/274\n|-enditem|p1a: Tinkaton|Leftovers|[from] move: Knock Off|[of] p2a: Deoxys\n|-damage|p2a: Deoxys|91/100|[from] item: Life Orb\n|\n|upkeep\n|turn|12\n|inactive|Time left: 300 sec this turn | 300 sec total\n|\n|t:|1783542742\n|switch|p2a: Gogoat|Gogoat, L88, F|100/100\n|move|p1a: Tinkaton|Play Rough|p2a: Gogoat\n|-damage|p2a: Gogoat|74/100\n|\n|-heal|p2a: Gogoat|80/100|[from] item: Leftovers\n|upkeep\n|turn|13\n|inactive|Time left: 300 sec this turn | 300 sec total\n|\n|t:|1783542743\n|move|p1a: Tinkaton|Swords Dance|p1a: Tinkaton\n|-boost|p1a: Tinkaton|atk|2\n|move|p2a: Gogoat|Bulk Up|p2a: Gogoat\n|-boost|p2a: Gogoat|atk|1\n|-boost|p2a: Gogoat|def|1\n|\n|-heal|p2a: Gogoat|86/100|[from] item: Leftovers\n|upkeep\n|turn|14\n|inactive|Time left: 300 sec this turn | 300 sec total\n|\n|t:|1783542744\n|-terastallize|p1a: Tinkaton|Steel\n|move|p1a: Tinkaton|Gigaton Hammer|p2a: Gogoat\n|-damage|p2a: Gogoat|4/100\n|move|p2a: Gogoat|Earthquake|p1a: Tinkaton\n|-supereffective|p1a: Tinkaton\n|-damage|p1a: Tinkaton|0 fnt\n|faint|p1a: Tinkaton\n|\n|-heal|p2a: Gogoat|10/100|[from] item: Leftovers\n|upkeep\n|inactive|Time left: 300 sec this turn | 300 sec total | 5 sec grace\n|\n|t:|1783542745\n|switch|p1a: Zacian|Zacian, L69|16/241\n|turn|15\n|inactive|Time left: 300 sec this turn | 300 sec total\n|\n|t:|1783542746\n|move|p1a: Zacian|Crunch|p2a: Gogoat\n|-damage|p2a: Gogoat|0 fnt\n|faint|p2a: Gogoat\n|-damage|p1a: Zacian|0 fnt|[from] item: Life Orb\n|faint|p1a: Zacian\n|\n|upkeep\n|inactive|Time left: 300 sec this turn | 300 sec total | 5 sec grace\n|\n|t:|1783542747\n|switch|p1a: Quagsire|Quagsire, L84, F|297/297\n|switch|p2a: Mamoswine|Mamoswine, L81, M|100/100\n|turn|16\n|inactive|Time left: 300 sec this turn | 300 sec total\n|\n|t:|1783542748\n|move|p2a: Mamoswine|Earthquake|p1a: Quagsire\n|-damage|p1a: Quagsire|102/297\n|move|p1a: Quagsire|Recover|p1a: Quagsire\n|-heal|p1a: Quagsire|251/297\n|\n|-heal|p1a: Quagsire|269/297|[from] item: Leftovers\n|upkeep\n|turn|17\n|inactive|Time left: 300 sec this turn | 300 sec total\n|\n|t:|1783542749\n|move|p2a: Mamoswine|Earthquake|p1a: Quagsire\n|-damage|p1a: Quagsire|64/297\n|move|p1a: Quagsire|Recover|p1a: Quagsire\n|-heal|p1a: Quagsire|213/297\n|\n|-heal|p1a: Quagsire|231/297|[from] item: Leftovers\n|upkeep\n|turn|18\n|inactive|Time left: 300 sec this turn | 300 sec total\n|\n|t:|1783542750\n|move|p2a: Mamoswine|Earthquake|p1a: Quagsire\n|-damage|p1a: Quagsire|33/297\n|move|p1a: Quagsire|Recover|p1a: Quagsire\n|-heal|p1a: Quagsire|182/297\n|\n|-heal|p1a: Quagsire|200/297|[from] item: Leftovers\n|upkeep\n|turn|19\n|inactive|Time left: 300 sec this turn | 300 sec total\n|\n|t:|1783542752\n|move|p2a: Mamoswine|Earthquake|p1a: Quagsire\n|-damage|p1a: Quagsire|5/297\n|move|p1a: Quagsire|Recover|p1a: Quagsire\n|-heal|p1a: Quagsire|154/297\n|\n|-heal|p1a: Quagsire|172/297|[from] item: Leftovers\n|upkeep\n|turn|20\n|inactive|Time left: 300 sec this turn | 300 sec total\n|\n|t:|1783542752\n|move|p2a: Mamoswine|Earthquake|p1a: Quagsire\n|-damage|p1a: Quagsire|0 fnt\n|faint|p1a: Quagsire\n|\n|upkeep\n|inactive|Time left: 300 sec this turn | 300 sec total | 5 sec grace\n|\n|t:|1783542753\n|switch|p1a: Gumshoos|Gumshoos, L95, M|126/321\n|turn|21\n|inactive|Time left: 300 sec this turn | 300 sec total\n|\n|t:|1783542754\n|move|p2a: Mamoswine|Earthquake|p1a: Gumshoos\n|-damage|p1a: Gumshoos|0 fnt\n|faint|p1a: Gumshoos\n|\n|win|p0y2700f1a", "uploadtime": 1783542754, "views": 0, "rating": 0, "private": 0, "password": null, "_winner": "p0y2700f1a", "_our_name": "p0x2703e40"}