{"id": "battle-gen9randombattle-2865", "formatid": "gen9randombattle", "format": "[Gen 9] Random Battle", "players": ["p0x2865ced0", "p0y286586ac"], "log": "|init|battle\n|title|p0x2865ced0 vs. p0y286586ac\n|j|\u2606p0x2865ced0\n|j|\u2606p0y286586ac\n|t:|1783572980\n|gametype|singles\n|player|p1|p0x2865ced0|102|\n|player|p2|p0y286586ac|1|\n|gen|9\n|tier|[Gen 9] Random Battle\n|rule|Species Clause: Limit one of each Pok\u00e9mon\n|rule|HP Percentage Mod: HP is shown in percentages\n|rule|Sleep Clause Mod: Limit one foe put to sleep\n|rule|Illusion Level Mod: Illusion disguises the Pok\u00e9mon's true level\n|\n|t:|1783572980\n|teamsize|p1|6\n|teamsize|p2|6\n|start\n|switch|p1a: Espathra|Espathra, L80, F|283/283\n|switch|p2a: Incineroar|Incineroar, L82, M|100/100\n|-ability|p2a: Incineroar|Intimidate|boost\n|-unboost|p1a: Espathra|atk|1\n|turn|1\n|inactive|Battle timer is ON: inactive players will automatically lose when time's up. (requested by p0x2865ced0)\n|inactive|p0y286586ac also wants the timer to be on.\n|\n|t:|1783572982\n|switch|p1a: Krookodile|Krookodile, L79, F|280/280\n|-ability|p1a: Krookodile|Intimidate|boost\n|-unboost|p2a: Incineroar|atk|1\n|move|p2a: Incineroar|Knock Off|p1a: Krookodile\n|-resisted|p1a: Krookodile\n|-damage|p1a: Krookodile|237/280\n|-enditem|p1a: Krookodile|Life Orb|[from] move: Knock Off|[of] p2a: Incineroar\n|\n|upkeep\n|turn|2\n|inactive|Time left: 300 sec this turn | 300 sec total\n|\n|t:|1783572984\n|move|p1a: Krookodile|Stealth Rock|p2a: Incineroar\n|-sidestart|p2: p0y286586ac|move: Stealth Rock\n|move|p2a: Incineroar|U-turn|p1a: Krookodile\n|-supereffective|p1a: Krookodile\n|-damage|p1a: Krookodile|151/280\n|\n|t:|1783572985\n|switch|p2a: Groudon|Groudon, L72|100/100|[from] U-turn\n|-damage|p2a: Groudon|94/100|[from] Stealth Rock\n|-weather|SunnyDay|[from] ability: Drought|[of] p2a: Groudon\n|\n|-weather|SunnyDay|[upkeep]\n|-heal|p2a: Groudon|100/100|[from] item: Leftovers\n|upkeep\n|turn|3\n|inactive|Time left: 300 sec this turn | 300 sec total\n|\n|t:|1783572986\n|move|p1a: Krookodile|Knock Off|p2a: Groudon\n|-damage|p2a: Groudon|70/100\n|-enditem|p2a: Groudon|Leftovers|[from] move: Knock Off|[of] p1a: Krookodile\n|move|p2a: Groudon|Heat Crash|p1a: Krookodile\n|-damage|p1a: Krookodile|11/280\n|\n|-weather|SunnyDay|[upkeep]\n|upkeep\n|turn|4\n|inactive|Time left: 300 sec this turn | 300 sec total\n|\n|t:|1783572987\n|move|p1a: Krookodile|Earthquake|p2a: Groudon\n|-damage|p2a: Groudon|36/100\n|move|p2a: Groudon|Swords Dance|p2a: Groudon\n|-boost|p2a: Groudon|atk|2\n|\n|-weather|SunnyDay|[upkeep]\n|upkeep\n|turn|5\n|inactive|Time left: 300 sec this turn | 300 sec total\n|\n|t:|1783572988\n|move|p1a: Krookodile|Earthquake|p2a: Groudon\n|-damage|p2a: Groudon|5/100\n|move|p2a: Groudon|Heat Crash|p1a: Krookodile\n|-damage|p1a: Krookodile|0 fnt\n|faint|p1a: Krookodile\n|\n|-weather|SunnyDay|[upkeep]\n|upkeep\n|inactive|Time left: 300 sec this turn | 300 sec total | 5 sec grace\n|\n|t:|1783572989\n|switch|p1a: Espathra|Espathra, L80, F|283/283\n|turn|6\n|inactive|Time left: 300 sec this turn | 300 sec total\n|\n|t:|1783572990\n|move|p1a: Espathra|Lumina Crash|p2a: Groudon\n|-damage|p2a: Groudon|0 fnt\n|faint|p2a: Groudon\n|\n|-weather|none\n|-ability|p1a: Espathra|Speed Boost|boost\n|-boost|p1a: Espathra|spe|1\n|upkeep\n|\n|t:|1783572991\n|switch|p2a: Incineroar|Incineroar, L82, M|100/100\n|-damage|p2a: Incineroar|76/100|[from] Stealth Rock\n|-ability|p2a: Incineroar|Intimidate|boost\n|-unboost|p1a: Espathra|atk|1\n|turn|7\n|inactive|Time left: 300 sec this turn | 300 sec total\n|\n|t:|1783572992\n|switch|p1a: Toxapex|Toxapex, L82, M|216/216\n|move|p2a: Incineroar|Knock Off|p1a: Toxapex\n|-damage|p1a: Toxapex|140/216\n|-enditem|p1a: Toxapex|Leftovers|[from] move: Knock Off|[of] p2a: Incineroar\n|\n|upkeep\n|turn|8\n|inactive|Time left: 300 sec this turn | 300 sec total\n|\n|t:|1783572994\n|move|p2a: Incineroar|Knock Off|p1a: Toxapex\n|-damage|p1a: Toxapex|92/216\n|move|p1a: Toxapex|Toxic|p2a: Incineroar\n|-status|p2a: Incineroar|tox\n|\n|-damage|p2a: Incineroar|69/100 tox|[from] psn\n|upkeep\n|turn|9\n|inactive|Time left: 300 sec this turn | 300 sec total\n|\n|t:|1783572995\n|move|p2a: Incineroar|U-turn|p1a: Toxapex\n|-resisted|p1a: Toxapex\n|-damage|p1a: Toxapex|74/216\n|\n|t:|1783572996\n|switch|p2a: Medicham|Medicham, L86, M|100/100|[from] U-turn\n|-damage|p2a: Medicham|94/100|[from] Stealth Rock\n|move|p1a: Toxapex|Recover|p1a: Toxapex\n|-heal|p1a: Toxapex|182/216\n|\n|upkeep\n|turn|10\n|inactive|Time left: 300 sec this turn | 300 sec total\n|\n|t:|1783572997\n|switch|p1a: Espathra|Espathra, L80, F|283/283\n|move|p2a: Medicham|Zen Headbutt|p1a: Espathra\n|-resisted|p1a: Espathra\n|-damage|p1a: Espathra|153/283\n|\n|upkeep\n|turn|11\n|inactive|Time left: 300 sec this turn | 300 sec total\n|\n|t:|1783572998\n|move|p1a: Espathra|Lumina Crash|p2a: Medicham\n|-damage|p2a: Medicham|39/100\n|-unboost|p2a: Medicham|spd|2\n|move|p2a: Medicham|Zen Headbutt|p1a: Espathra\n|-resisted|p1a: Espathra\n|-damage|p1a: Espathra|18/283\n|\n|-ability|p1a: Espathra|Speed Boost|boost\n|-boost|p1a: Espathra|spe|1\n|upkeep\n|turn|12\n|inactive|Time left: 300 sec this turn | 300 sec total\n|\n|t:|1783572999\n|switch|p2a: Incineroar|Incineroar, L82, M|69/100 tox\n|-damage|p2a: Incineroar|45/100 tox|[from] Stealth Rock\n|-ability|p2a: Incineroar|Intimidate|boost\n|-unboost|p1a: Espathra|atk|1\n|move|p1a: Espathra|Lumina Crash|p2a: Incineroar\n|-immune|p2a: Incineroar\n|\n|-damage|p2a: Incineroar|38/100 tox|[from] psn\n|-ability|p1a: Espathra|Speed Boost|boost\n|-boost|p1a: Espathra|spe|1\n|upkeep\n|turn|13\n|inactive|Time left: 300 sec this turn | 300 sec total\n|\n|t:|1783573000\n|move|p1a: Espathra|Lumina Crash|p2a: Incineroar\n|-immune|p2a: Incineroar\n|move|p2a: Incineroar|Knock Off|p1a: Espathra\n|-supereffective|p1a: Espathra\n|-damage|p1a: Espathra|0 fnt\n|-enditem|p1a: Espathra|Choice Specs|[from] move: Knock Off|[of] p2a: Incineroar\n|faint|p1a: Espathra\n|\n|-damage|p2a: Incineroar|26/100 tox|[from] psn\n|upkeep\n|inactive|Time left: 300 sec this turn | 300 sec total | 5 sec grace\n|\n|t:|1783573001\n|switch|p1a: Jumpluff|Jumpluff, L87, M|271/271\n|turn|14\n|inactive|Time left: 300 sec this turn | 300 sec total\n|\n|t:|1783573002\n|move|p1a: Jumpluff|Acrobatics|p2a: Incineroar\n|-damage|p2a: Incineroar|0 fnt\n|faint|p2a: Incineroar\n|\n|upkeep\n|\n|t:|1783573003\n|switch|p2a: Giratina|Giratina, L75|100/100\n|-damage|p2a: Giratina|88/100|[from] Stealth Rock\n|-ability|p2a: Giratina|Pressure\n|turn|15\n|inactive|Time left: 300 sec this turn | 300 sec total\n|\n|t:|1783573004\n|move|p1a: Jumpluff|Strength Sap|p2a: Giratina\n|-unboost|p2a: Giratina|atk|1\n|move|p2a: Giratina|Defog|p1a: Jumpluff\n|-unboost|p1a: Jumpluff|evasion|1\n|-sideend|p2: p0y286586ac|Stealth Rock|[from] move: Defog|[of] p2a: Giratina\n|\n|-heal|p2a: Giratina|94/100|[from] item: Leftovers\n|upkeep\n|turn|16\n|inactive|Time left: 300 sec this turn | 300 sec total\n|\n|t:|1783573005\n|move|p1a: Jumpluff|Sleep Powder|p2a: Giratina\n|-status|p2a: Giratina|slp|[from] move: Sleep Powder\n|cant|p2a: Giratina|slp\n|\n|-heal|p2a: Giratina|99/100 slp|[from] item: Leftovers\n|upkeep\n|turn|17\n|inactive|Time left: 300 sec this turn | 300 sec total\n|\n|t:|1783573006\n|move|p1a: Jumpluff|Strength Sap|p2a: Giratina\n|-unboost|p2a: Giratina|atk|1\n|-curestatus|p2a: Giratina|slp|[msg]\n|move|p2a: Giratina|Will-O-Wisp|p1a: Jumpluff\n|-status|p1a: Jumpluff|brn\n|\n|-heal|p2a: Giratina|100/100|[from] item: Leftovers\n|-damage|p1a: Jumpluff|255/271 brn|[from] brn\n|upkeep\n|turn|18\n|inactive|Time left: 300 sec this turn | 300 sec total\n|\n|t:|1783573007\n|switch|p2a: Drifblim|Drifblim, L86, F|100/100\n|move|p1a: Jumpluff|Strength Sap|p2a: Drifblim\n|-unboost|p2a: Drifblim|atk|1\n|-heal|p1a: Jumpluff|271/271 brn\n|\n|-damage|p1a: Jumpluff|255/271 brn|[from] brn\n|upkeep\n|turn|19\n|inactive|Time left: 300 sec this turn | 300 sec total\n|\n|t:|1783573008\n|move|p1a: Jumpluff|Sleep Powder|p2a: Drifblim\n|-status|p2a: Drifblim|slp|[from] move: Sleep Powder\n|cant|p2a: Drifblim|slp\n|\n|-damage|p1a: Jumpluff|239/271 brn|[from] brn\n|upkeep\n|turn|20\n|inactive|Time left: 300 sec this turn | 300 sec total\n|\n|t:|1783573009\n|move|p1a: Jumpluff|Strength Sap|p2a: Drifblim\n|-unboost|p2a: Drifblim|atk|1\n|-heal|p1a: Jumpluff|271/271 brn\n|cant|p2a: Drifblim|slp\n|\n|-damage|p1a: Jumpluff|255/271 brn|[from] brn\n|upkeep\n|turn|21\n|inactive|Time left: 300 sec this turn | 300 sec total\n|\n|t:|1783573010\n|move|p1a: Jumpluff|Acrobatics|p2a: Drifblim\n|-damage|p2a: Drifblim|84/100 slp\n|-curestatus|p2a: Drifblim|slp|[msg]\n|move|p2a: Drifblim|Air Slash|p1a: Jumpluff\n|-supereffective|p1a: Jumpluff\n|-damage|p1a: Jumpluff|105/271 brn\n|\n|-damage|p1a: Jumpluff|89/271 brn|[from] brn\n|upkeep\n|turn|22\n|inactive|Time left: 300 sec this turn | 300 sec total\n|\n|t:|1783573011\n|move|p1a: Jumpluff|Sleep Powder|p2a: Drifblim\n|-status|p2a: Drifblim|slp|[from] move: Sleep Powder\n|cant|p2a: Drifblim|slp\n|\n|-damage|p1a: Jumpluff|73/271 brn|[from] brn\n|upkeep\n|turn|23\n|inactive|Time left: 300 sec this turn | 300 sec total\n|\n|t:|1783573012\n|move|p1a: Jumpluff|Strength Sap|p2a: Drifblim\n|-unboost|p2a: Drifblim|atk|1\n|-heal|p1a: Jumpluff|144/271 brn\n|cant|p2a: Drifblim|slp\n|\n|-damage|p1a: Jumpluff|128/271 brn|[from] brn\n|upkeep\n|turn|24\n|inactive|Time left: 300 sec this turn | 300 sec total\n|\n|t:|1783573012\n|move|p1a: Jumpluff|Strength Sap|p2a: Drifblim\n|-unboost|p2a: Drifblim|atk|1\n|-heal|p1a: Jumpluff|184/271 brn\n|cant|p2a: Drifblim|slp\n|\n|-damage|p1a: Jumpluff|168/271 brn|[from] brn\n|upkeep\n|turn|25\n|inactive|Time left: 300 sec this turn | 300 sec total\n|\n|t:|1783573013\n|move|p1a: Jumpluff|Strength Sap|p2a: Drifblim\n|-unboost|p2a: Drifblim|atk|1\n|-heal|p1a: Jumpluff|215/271 brn\n|-curestatus|p2a: Drifblim|slp|[msg]\n|move|p2a: Drifblim|Calm Mind|p2a: Drifblim\n|-boost|p2a: Drifblim|spa|1\n|-boost|p2a: Drifblim|spd|1\n|\n|-damage|p1a: Jumpluff|199/271 brn|[from] brn\n|upkeep\n|turn|26\n|inactive|Time left: 300 sec this turn | 300 sec total\n|\n|t:|1783573014\n|move|p1a: Jumpluff|Sleep Powder|p2a: Drifblim\n|-status|p2a: Drifblim|slp|[from] move: Sleep Powder\n|cant|p2a: Drifblim|slp\n|\n|-damage|p1a: Jumpluff|183/271 brn|[from] brn\n|upkeep\n|turn|27\n|inactive|Time left: 300 sec this turn | 300 sec total\n|\n|t:|1783573015\n|move|p1a: Jumpluff|Strength Sap|p2a: Drifblim\n|-unboost|p2a: Drifblim|atk|1\n|-heal|p1a: Jumpluff|223/271 brn\n|cant|p2a: Drifblim|slp\n|\n|-damage|p1a: Jumpluff|207/271 brn|[from] brn\n|upkeep\n|turn|28\n|inactive|Time left: 300 sec this turn | 300 sec total\n|\n|t:|1783573016\n|move|p1a: Jumpluff|Encore|p2a: Drifblim\n|-start|p2a: Drifblim|Encore\n|-curestatus|p2a: Drifblim|slp|[msg]\n|move|p2a: Drifblim|Calm Mind|p2a: Drifblim\n|-boost|p2a: Drifblim|spa|1\n|-boost|p2a: Drifblim|spd|1\n|\n|-damage|p1a: Jumpluff|191/271 brn|[from] brn\n|upkeep\n|turn|29\n|inactive|Time left: 300 sec this turn | 300 sec total\n|\n|t:|1783573016\n|move|p1a: Jumpluff|Sleep Powder|p2a: Drifblim\n|-status|p2a: Drifblim|slp|[from] move: Sleep Powder\n|cant|p2a: Drifblim|slp\n|\n|-damage|p1a: Jumpluff|175/271 brn|[from] brn\n|upkeep\n|turn|30\n|inactive|Time left: 300 sec this turn | 300 sec total\n|\n|t:|1783573017\n|move|p1a: Jumpluff|Strength Sap||[still]\n|-fail|p1a: Jumpluff\n|cant|p2a: Drifblim|slp\n|\n|-damage|p1a: Jumpluff|159/271 brn|[from] brn\n|-end|p2a: Drifblim|Encore\n|upkeep\n|turn|31\n|inactive|Time left: 300 sec this turn | 300 sec total\n|\n|t:|1783573018\n|move|p1a: Jumpluff|Encore|p2a: Drifblim\n|-start|p2a: Drifblim|Encore\n|cant|p2a: Drifblim|slp\n|\n|-damage|p1a: Jumpluff|143/271 brn|[from] brn\n|upkeep\n|turn|32\n|inactive|Time left: 300 sec this turn | 300 sec total\n|\n|t:|1783573019\n|switch|p1a: Espeon|Espeon, L84, M|246/246\n|-curestatus|p2a: Drifblim|slp|[msg]\n|move|p2a: Drifblim|Calm Mind|p2a: Drifblim\n|-boost|p2a: Drifblim|spa|1\n|-boost|p2a: Drifblim|spd|1\n|\n|upkeep\n|turn|33\n|inactive|Time left: 300 sec this turn | 300 sec total\n|\n|t:|1783573019\n|move|p1a: Espeon|Calm Mind|p1a: Espeon\n|-boost|p1a: Espeon|spa|1\n|-boost|p1a: Espeon|spd|1\n|move|p2a: Drifblim|Calm Mind|p2a: Drifblim\n|-boost|p2a: Drifblim|spa|1\n|-boost|p2a: Drifblim|spd|1\n|\n|-end|p2a: Drifblim|Encore\n|upkeep\n|turn|34\n|inactive|Time left: 300 sec this turn | 300 sec total\n|\n|t:|1783573020\n|move|p1a: Espeon|Calm Mind|p1a: Espeon\n|-boost|p1a: Espeon|spa|1\n|-boost|p1a: Espeon|spd|1\n|move|p2a: Drifblim|Shadow Ball|p1a: Espeon\n|-supereffective|p1a: Espeon\n|-damage|p1a: Espeon|10/246\n|\n|upkeep\n|turn|35\n|inactive|Time left: 300 sec this turn | 300 sec total\n|\n|t:|1783573021\n|move|p1a: Espeon|Morning Sun|p1a: Espeon\n|-heal|p1a: Espeon|133/246\n|move|p2a: Drifblim|Shadow Ball|p1a: Espeon\n|-supereffective|p1a: Espeon\n|-damage|p1a: Espeon|0 fnt\n|faint|p1a: Espeon\n|\n|upkeep\n|inactive|Time left: 300 sec this turn | 300 sec total | 5 sec grace\n|\n|t:|1783573022\n|switch|p1a: Jumpluff|Jumpluff, L87, M|143/271 brn\n|turn|36\n|inactive|Time left: 300 sec this turn | 300 sec total\n|\n|t:|1783573022\n|move|p1a: Jumpluff|Sleep Powder|p2a: Drifblim\n|-status|p2a: Drifblim|slp|[from] move: Sleep Powder\n|cant|p2a: Drifblim|slp\n|\n|-damage|p1a: Jumpluff|127/271 brn|[from] brn\n|upkeep\n|turn|37\n|inactive|Time left: 300 sec this turn | 300 sec total\n|\n|t:|1783573023\n|move|p1a: Jumpluff|Acrobatics|p2a: Drifblim\n|-damage|p2a: Drifblim|68/100 slp\n|cant|p2a: Drifblim|slp\n|\n|-damage|p1a: Jumpluff|111/271 brn|[from] brn\n|upkeep\n|turn|38\n|inactive|Time left: 300 sec this turn | 300 sec total\n|\n|t:|1783573024\n|move|p1a: Jumpluff|Acrobatics|p2a: Drifblim\n|-damage|p2a: Drifblim|52/100 slp\n|-curestatus|p2a: Drifblim|slp|[msg]\n|move|p2a: Drifblim|Shadow Ball|p1a: Jumpluff\n|-damage|p1a: Jumpluff|0 fnt\n|faint|p1a: Jumpluff\n|\n|upkeep\n|inactive|Time left: 300 sec this turn | 300 sec total | 5 sec grace\n|\n|t:|1783573025\n|switch|p1a: Toxapex|Toxapex, L82, M|216/216\n|turn|39\n|inactive|Time left: 300 sec this turn | 300 sec total\n|\n|t:|1783573026\n|move|p2a: Drifblim|Shadow Ball|p1a: Toxapex\n|-damage|p1a: Toxapex|30/216\n|-unboost|p1a: Toxapex|spd|1\n|move|p1a: Toxapex|Haze|p1a: Toxapex\n|-clearallboost\n|\n|upkeep\n|turn|40\n|inactive|Time left: 300 sec this turn | 300 sec total\n|\n|t:|1783573027\n|move|p2a: Drifblim|Air Slash|p1a: Toxapex\n|-damage|p1a: Toxapex|0 fnt\n|faint|p1a: Toxapex\n|\n|upkeep\n|inactive|Time left: 300 sec this turn | 300 sec total | 5 sec grace\n|\n|t:|1783573028\n|switch|p1a: Delibird|Delibird, F|252/252\n|turn|41\n|inactive|Time left: 300 sec this turn | 300 sec total\n|\n|t:|1783573029\n|-terastallize|p2a: Drifblim|Dark\n|move|p1a: Delibird|Freeze-Dry|p2a: Drifblim\n|-damage|p2a: Drifblim|24/100\n|-enditem|p2a: Drifblim|Sitrus Berry|[eat]\n|-heal|p2a: Drifblim|49/100|[from] item: Sitrus Berry\n|move|p2a: Drifblim|Strength Sap|p1a: Delibird\n|-unboost|p1a: Delibird|atk|1\n|-heal|p2a: Drifblim|91/100\n|\n|upkeep\n|turn|42\n|inactive|Time left: 300 sec this turn | 300 sec total\n|\n|t:|1783573030\n|move|p2a: Drifblim|Shadow Ball|p1a: Delibird\n|-damage|p1a: Delibird|149/252\n|move|p1a: Delibird|Rapid Spin|p2a: Drifblim\n|-damage|p2a: Drifblim|81/100\n|-boost|p1a: Delibird|spe|1\n|\n|upkeep\n|turn|43\n|inactive|Time left: 300 sec this turn | 300 sec total\n|\n|t:|1783573031\n|move|p2a: Drifblim|Shadow Ball|p1a: Delibird\n|-damage|p1a: Delibird|46/252\n|move|p1a: Delibird|Freeze-Dry|p2a: Drifblim\n|-damage|p2a: Drifblim|55/100\n|\n|upkeep\n|turn|44\n|inactive|Time left: 300 sec this turn | 300 sec total\n|\n|t:|1783573032\n|move|p2a: Drifblim|Shadow Ball|p1a: Delibird\n|-damage|p1a: Delibird|0 fnt\n|faint|p1a: Delibird\n|\n|win|p0y286586ac", "uploadtime": 1783573032, "views": 0, "rating": 0, "private": 0, "password": null, "_winner": "p0y286586ac", "_our_name": "p0x2865ced0"}