{"id": "battle-gen9randombattle-2315", "formatid": "gen9randombattle", "format": "[Gen 9] Random Battle", "players": ["p0x23150560", "p0y23154f12"], "log": "|init|battle\n|title|p0x23150560 vs. p0y23154f12\n|j|\u2606p0x23150560\n|j|\u2606p0y23154f12\n|t:|1783566882\n|gametype|singles\n|player|p1|p0x23150560|101|\n|player|p2|p0y23154f12|101|\n|gen|9\n|tier|[Gen 9] Random Battle\n|rule|Species Clause: Limit one of each Pok\u00e9mon\n|rule|HP Percentage Mod: HP is shown in percentages\n|rule|Sleep Clause Mod: Limit one foe put to sleep\n|rule|Illusion Level Mod: Illusion disguises the Pok\u00e9mon's true level\n|\n|t:|1783566882\n|teamsize|p1|6\n|teamsize|p2|6\n|start\n|switch|p1a: Trevenant|Trevenant, L89, M|100/100\n|switch|p2a: Sableye|Sableye, L88, M|231/231\n|turn|1\n|inactive|Battle timer is ON: inactive players will automatically lose when time's up. (requested by p0x23150560)\n|inactive|Time left: 300 sec this turn | 300 sec total | 60 sec grace\n|inactive|p0y23154f12 also wants the timer to be on.\n|\n|t:|1783566884\n|move|p1a: Trevenant|Poltergeist|p2a: Sableye\n|-activate|p2a: Sableye|move: Poltergeist|Leftovers\n|-damage|p2a: Sableye|36/231\n|-damage|p1a: Trevenant|91/100|[from] item: Life Orb\n|move|p2a: Sableye|Knock Off|p1a: Trevenant\n|-supereffective|p1a: Trevenant\n|-damage|p1a: Trevenant|21/100\n|-enditem|p1a: Trevenant|Life Orb|[from] move: Knock Off|[of] p2a: Sableye\n|\n|-heal|p2a: Sableye|50/231|[from] item: Leftovers\n|upkeep\n|turn|2\n|inactive|Time left: 300 sec this turn | 300 sec total\n|\n|t:|1783566885\n|move|p2a: Sableye|Recover|p2a: Sableye\n|-heal|p2a: Sableye|166/231\n|move|p1a: Trevenant|Horn Leech|p2a: Sableye\n|-damage|p2a: Sableye|63/231\n|-heal|p1a: Trevenant|39/100|[from] drain|[of] p2a: Sableye\n|\n|-heal|p2a: Sableye|77/231|[from] item: Leftovers\n|upkeep\n|turn|3\n|inactive|Time left: 300 sec this turn | 300 sec total\n|\n|t:|1783566886\n|move|p2a: Sableye|Recover|p2a: Sableye\n|-heal|p2a: Sableye|193/231\n|move|p1a: Trevenant|Poltergeist|p2a: Sableye\n|-activate|p2a: Sableye|move: Poltergeist|Leftovers\n|-damage|p2a: Sableye|48/231\n|\n|-heal|p2a: Sableye|62/231|[from] item: Leftovers\n|upkeep\n|turn|4\n|inactive|Time left: 300 sec this turn | 300 sec total\n|\n|t:|1783566888\n|move|p2a: Sableye|Recover|p2a: Sableye\n|-heal|p2a: Sableye|178/231\n|move|p1a: Trevenant|Poltergeist|p2a: Sableye\n|-activate|p2a: Sableye|move: Poltergeist|Leftovers\n|-damage|p2a: Sableye|31/231\n|\n|-heal|p2a: Sableye|45/231|[from] item: Leftovers\n|upkeep\n|turn|5\n|inactive|Time left: 300 sec this turn | 300 sec total\n|\n|t:|1783566889\n|move|p2a: Sableye|Recover|p2a: Sableye\n|-heal|p2a: Sableye|161/231\n|move|p1a: Trevenant|Horn Leech|p2a: Sableye\n|-damage|p2a: Sableye|61/231\n|-heal|p1a: Trevenant|56/100|[from] drain|[of] p2a: Sableye\n|\n|-heal|p2a: Sableye|75/231|[from] item: Leftovers\n|upkeep\n|turn|6\n|inactive|Time left: 300 sec this turn | 300 sec total\n|\n|t:|1783566890\n|move|p2a: Sableye|Recover|p2a: Sableye\n|-heal|p2a: Sableye|191/231\n|move|p1a: Trevenant|Horn Leech|p2a: Sableye\n|-damage|p2a: Sableye|83/231\n|-heal|p1a: Trevenant|74/100|[from] drain|[of] p2a: Sableye\n|\n|-heal|p2a: Sableye|97/231|[from] item: Leftovers\n|upkeep\n|turn|7\n|inactive|Time left: 300 sec this turn | 300 sec total\n|\n|t:|1783566891\n|move|p2a: Sableye|Recover|p2a: Sableye\n|-heal|p2a: Sableye|213/231\n|move|p1a: Trevenant|Horn Leech|p2a: Sableye\n|-damage|p2a: Sableye|116/231\n|-heal|p1a: Trevenant|90/100|[from] drain|[of] p2a: Sableye\n|\n|-heal|p2a: Sableye|130/231|[from] item: Leftovers\n|upkeep\n|turn|8\n|inactive|Time left: 300 sec this turn | 300 sec total\n|\n|t:|1783566892\n|move|p2a: Sableye|Recover|p2a: Sableye\n|-heal|p2a: Sableye|231/231\n|move|p1a: Trevenant|Poltergeist|p2a: Sableye\n|-activate|p2a: Sableye|move: Poltergeist|Leftovers\n|-damage|p2a: Sableye|72/231\n|\n|-heal|p2a: Sableye|86/231|[from] item: Leftovers\n|upkeep\n|turn|9\n|inactive|Time left: 300 sec this turn | 300 sec total\n|\n|t:|1783566893\n|move|p2a: Sableye|Recover|p2a: Sableye\n|-heal|p2a: Sableye|202/231\n|move|p1a: Trevenant|Poltergeist|p2a: Sableye\n|-activate|p2a: Sableye|move: Poltergeist|Leftovers\n|-damage|p2a: Sableye|58/231\n|\n|-heal|p2a: Sableye|72/231|[from] item: Leftovers\n|upkeep\n|turn|10\n|inactive|Time left: 300 sec this turn | 300 sec total\n|\n|t:|1783566894\n|switch|p2a: Lurantis|Lurantis, L87, M|264/264\n|move|p1a: Trevenant|Horn Leech|p2a: Lurantis\n|-resisted|p2a: Lurantis\n|-damage|p2a: Lurantis|221/264\n|-heal|p1a: Trevenant|98/100|[from] drain|[of] p2a: Lurantis\n|\n|upkeep\n|turn|11\n|inactive|Time left: 300 sec this turn | 300 sec total\n|\n|t:|1783566895\n|move|p1a: Trevenant|Poltergeist|p2a: Lurantis\n|-activate|p2a: Lurantis|move: Poltergeist|Assault Vest\n|-crit|p2a: Lurantis\n|-damage|p2a: Lurantis|34/264\n|move|p2a: Lurantis|Leaf Storm|p1a: Trevenant\n|-resisted|p1a: Trevenant\n|-damage|p1a: Trevenant|75/100\n|-boost|p2a: Lurantis|spa|2\n|\n|upkeep\n|turn|12\n|inactive|Time left: 300 sec this turn | 300 sec total\n|\n|t:|1783566896\n|switch|p2a: Golem|Golem-Alola, L93, F|300/300\n|move|p1a: Trevenant|Horn Leech|p2a: Golem\n|-supereffective|p2a: Golem\n|-damage|p2a: Golem|166/300\n|-heal|p1a: Trevenant|98/100|[from] drain|[of] p2a: Golem\n|\n|upkeep\n|turn|13\n|inactive|Time left: 300 sec this turn | 300 sec total\n|\n|t:|1783566897\n|move|p1a: Trevenant|Will-O-Wisp|p2a: Golem\n|-status|p2a: Golem|brn\n|move|p2a: Golem|Stone Edge|p1a: Trevenant\n|-damage|p1a: Trevenant|61/100\n|-damage|p2a: Golem|136/300 brn|[from] item: Life Orb\n|\n|-damage|p2a: Golem|118/300 brn|[from] brn\n|upkeep\n|turn|14\n|inactive|Time left: 300 sec this turn | 300 sec total\n|\n|t:|1783566898\n|move|p1a: Trevenant|Horn Leech|p2a: Golem\n|-supereffective|p2a: Golem\n|-damage|p2a: Golem|0 fnt\n|-heal|p1a: Trevenant|81/100|[from] drain|[of] p2a: Golem\n|faint|p2a: Golem\n|\n|upkeep\n|inactive|Time left: 300 sec this turn | 300 sec total | 5 sec grace\n|\n|t:|1783566899\n|switch|p2a: Clefable|Clefable, L83, M|293/293\n|turn|15\n|inactive|Time left: 300 sec this turn | 300 sec total\n|\n|t:|1783566900\n|move|p1a: Trevenant|Poltergeist|p2a: Clefable\n|-activate|p2a: Clefable|move: Poltergeist|Life Orb\n|-damage|p2a: Clefable|137/293\n|move|p2a: Clefable|Fire Blast|p1a: Trevenant\n|-supereffective|p1a: Trevenant\n|-damage|p1a: Trevenant|14/100\n|-status|p1a: Trevenant|brn\n|\n|-damage|p1a: Trevenant|8/100 brn|[from] brn\n|upkeep\n|turn|16\n|inactive|Time left: 300 sec this turn | 300 sec total\n|\n|t:|1783566902\n|move|p1a: Trevenant|Poltergeist|p2a: Clefable\n|-activate|p2a: Clefable|move: Poltergeist|Life Orb\n|-damage|p2a: Clefable|56/293\n|move|p2a: Clefable|Moonlight|p2a: Clefable\n|-heal|p2a: Clefable|202/293\n|\n|-damage|p1a: Trevenant|2/100 brn|[from] brn\n|upkeep\n|turn|17\n|inactive|Time left: 300 sec this turn | 300 sec total\n|\n|t:|1783566903\n|-curestatus|p1a: Trevenant|brn|[from] ability: Natural Cure|[silent]\n|switch|p1a: Lurantis|Lurantis, L87, M|100/100\n|move|p2a: Clefable|Calm Mind|p2a: Clefable\n|-boost|p2a: Clefable|spa|1\n|-boost|p2a: Clefable|spd|1\n|\n|upkeep\n|turn|18\n|inactive|Time left: 300 sec this turn | 300 sec total\n|\n|t:|1783566904\n|move|p2a: Clefable|Fire Blast|p1a: Lurantis\n|-supereffective|p1a: Lurantis\n|-damage|p1a: Lurantis|0 fnt\n|faint|p1a: Lurantis\n|\n|upkeep\n|\n|t:|1783566905\n|switch|p1a: Trevenant|Trevenant, L89, M|2/100\n|turn|19\n|inactive|Time left: 300 sec this turn | 300 sec total\n|\n|t:|1783566905\n|move|p1a: Trevenant|Horn Leech|p2a: Clefable\n|-damage|p2a: Clefable|85/293\n|-heal|p1a: Trevenant|22/100|[from] drain|[of] p2a: Clefable\n|move|p2a: Clefable|Moonlight|p2a: Clefable\n|-heal|p2a: Clefable|231/293\n|\n|upkeep\n|turn|20\n|inactive|Time left: 300 sec this turn | 300 sec total\n|\n|t:|1783566907\n|move|p1a: Trevenant|Horn Leech|p2a: Clefable\n|-damage|p2a: Clefable|113/293\n|-heal|p1a: Trevenant|42/100|[from] drain|[of] p2a: Clefable\n|move|p2a: Clefable|Moonblast|p1a: Trevenant\n|-damage|p1a: Trevenant|0 fnt\n|faint|p1a: Trevenant\n|\n|upkeep\n|\n|t:|1783566908\n|switch|p1a: Munkidori|Munkidori, L79, M|100/100\n|turn|21\n|inactive|Time left: 300 sec this turn | 300 sec total\n|\n|t:|1783566909\n|-terastallize|p2a: Clefable|Steel\n|move|p1a: Munkidori|Sludge Wave|p2a: Clefable\n|-immune|p2a: Clefable\n|move|p2a: Clefable|Moonblast|p1a: Munkidori\n|-resisted|p1a: Munkidori\n|-damage|p1a: Munkidori|77/100\n|\n|upkeep\n|turn|22\n|inactive|Time left: 300 sec this turn | 300 sec total\n|\n|t:|1783566910\n|move|p1a: Munkidori|Psychic Noise|p2a: Clefable\n|-resisted|p2a: Clefable\n|-damage|p2a: Clefable|85/293\n|-start|p2a: Clefable|move: Heal Block\n|move|p2a: Clefable|Moonblast|p1a: Munkidori\n|-resisted|p1a: Munkidori\n|-damage|p1a: Munkidori|53/100\n|-unboost|p1a: Munkidori|spa|1\n|\n|upkeep\n|turn|23\n|inactive|Time left: 300 sec this turn | 300 sec total\n|\n|t:|1783566911\n|move|p1a: Munkidori|U-turn|p2a: Clefable\n|-resisted|p2a: Clefable\n|-damage|p2a: Clefable|65/293\n|\n|t:|1783566912\n|switch|p1a: Flutter Mane|Flutter Mane, L74|100/100|[from] U-turn\n|move|p2a: Clefable|Moonblast|p1a: Flutter Mane\n|-damage|p1a: Flutter Mane|31/100\n|\n|-end|p2a: Clefable|move: Heal Block\n|upkeep\n|turn|24\n|inactive|Time left: 300 sec this turn | 300 sec total\n|\n|t:|1783566913\n|move|p1a: Flutter Mane|Shadow Ball|p2a: Clefable\n|-damage|p2a: Clefable|0 fnt\n|faint|p2a: Clefable\n|\n|upkeep\n|inactive|Time left: 300 sec this turn | 300 sec total | 5 sec grace\n|\n|t:|1783566914\n|switch|p2a: Kingambit|Kingambit, L74, F|270/270\n|-activate|p2a: Kingambit|ability: Supreme Overlord\n|-start|p2a: Kingambit|fallen2|[silent]\n|turn|25\n|inactive|Time left: 300 sec this turn | 300 sec total\n|\n|t:|1783566915\n|-end|p1a: Flutter Mane|Protosynthesis|[silent]\n|switch|p1a: Duraludon|Duraludon, L82, F|100/100\n|move|p2a: Kingambit|Iron Head|p1a: Duraludon\n|-resisted|p1a: Duraludon\n|-damage|p1a: Duraludon|88/100\n|\n|upkeep\n|turn|26\n|inactive|Time left: 300 sec this turn | 300 sec total\n|\n|t:|1783566916\n|-end|p2a: Kingambit|fallen2|[silent]\n|switch|p2a: Sableye|Sableye, L88, M|72/231\n|move|p1a: Duraludon|Body Press|p2a: Sableye\n|-immune|p2a: Sableye\n|\n|-heal|p2a: Sableye|86/231|[from] item: Leftovers\n|upkeep\n|turn|27\n|inactive|Time left: 300 sec this turn | 300 sec total\n|\n|t:|1783566917\n|move|p2a: Sableye|Encore|p1a: Duraludon\n|-start|p1a: Duraludon|Encore\n|move|p1a: Duraludon|Body Press|p2a: Sableye\n|-immune|p2a: Sableye\n|\n|-heal|p2a: Sableye|100/231|[from] item: Leftovers\n|upkeep\n|turn|28\n|inactive|Time left: 300 sec this turn | 300 sec total\n|\n|t:|1783566918\n|switch|p1a: Jolteon|Jolteon, L84, F|100/100\n|move|p2a: Sableye|Knock Off|p1a: Jolteon\n|-damage|p1a: Jolteon|53/100\n|-enditem|p1a: Jolteon|Life Orb|[from] move: Knock Off|[of] p2a: Sableye\n|\n|-heal|p2a: Sableye|114/231|[from] item: Leftovers\n|upkeep\n|turn|29\n|inactive|Time left: 300 sec this turn | 300 sec total\n|\n|t:|1783566919\n|switch|p2a: Kingambit|Kingambit, L74, F|270/270\n|-activate|p2a: Kingambit|ability: Supreme Overlord\n|-start|p2a: Kingambit|fallen2|[silent]\n|move|p1a: Jolteon|Thunderbolt|p2a: Kingambit\n|-damage|p2a: Kingambit|147/270\n|\n|-heal|p2a: Kingambit|163/270|[from] item: Leftovers\n|upkeep\n|turn|30\n|inactive|Time left: 300 sec this turn | 300 sec total\n|\n|t:|1783566920\n|-terastallize|p1a: Jolteon|Electric\n|move|p1a: Jolteon|Thunderbolt|p2a: Kingambit\n|-damage|p2a: Kingambit|1/270\n|move|p2a: Kingambit|Kowtow Cleave|p1a: Jolteon\n|-damage|p1a: Jolteon|0 fnt\n|faint|p1a: Jolteon\n|\n|-heal|p2a: Kingambit|17/270|[from] item: Leftovers\n|upkeep\n|\n|t:|1783566921\n|switch|p1a: Duraludon|Duraludon, L82, F|88/100\n|turn|31\n|inactive|Time left: 300 sec this turn | 300 sec total\n|\n|t:|1783566922\n|move|p2a: Kingambit|Sucker Punch|p1a: Duraludon\n|-damage|p1a: Duraludon|69/100\n|move|p1a: Duraludon|Flash Cannon|p2a: Kingambit\n|-resisted|p2a: Kingambit\n|-damage|p2a: Kingambit|0 fnt\n|faint|p2a: Kingambit\n|-end|p2a: Kingambit|fallen2|[silent]\n|\n|upkeep\n|inactive|Time left: 300 sec this turn | 300 sec total | 5 sec grace\n|\n|t:|1783566923\n|switch|p2a: Luvdisc|Luvdisc, M|247/247\n|turn|32\n|inactive|Time left: 300 sec this turn | 300 sec total\n|\n|t:|1783566924\n|move|p2a: Luvdisc|Surf|p1a: Duraludon\n|-resisted|p1a: Duraludon\n|-damage|p1a: Duraludon|54/100\n|move|p1a: Duraludon|Flash Cannon|p2a: Luvdisc\n|-resisted|p2a: Luvdisc\n|-damage|p2a: Luvdisc|194/247\n|-unboost|p2a: Luvdisc|spd|1\n|\n|upkeep\n|turn|33\n|inactive|Time left: 300 sec this turn | 300 sec total\n|\n|t:|1783566925\n|move|p2a: Luvdisc|Flip Turn|p1a: Duraludon\n|-resisted|p1a: Duraludon\n|-damage|p1a: Duraludon|49/100\n|inactive|Time left: 300 sec this turn | 300 sec total | 5 sec grace\n|\n|t:|1783566926\n|switch|p2a: Lurantis|Lurantis, L87, M|34/264|[from] Flip Turn\n|move|p1a: Duraludon|Flash Cannon|p2a: Lurantis\n|-damage|p2a: Lurantis|0 fnt\n|faint|p2a: Lurantis\n|\n|upkeep\n|inactive|Time left: 300 sec this turn | 300 sec total | 10 sec grace\n|\n|t:|1783566927\n|switch|p2a: Luvdisc|Luvdisc, M|194/247\n|turn|34\n|inactive|Time left: 300 sec this turn | 300 sec total\n|\n|t:|1783566927\n|move|p2a: Luvdisc|Substitute|p2a: Luvdisc\n|-start|p2a: Luvdisc|Substitute\n|-damage|p2a: Luvdisc|133/247\n|move|p1a: Duraludon|Flash Cannon|p2a: Luvdisc\n|-resisted|p2a: Luvdisc\n|-activate|p2a: Luvdisc|move: Substitute|[damage]\n|\n|upkeep\n|turn|35\n|inactive|Time left: 300 sec this turn | 300 sec total\n|\n|t:|1783566928\n|move|p2a: Luvdisc|Surf|p1a: Duraludon\n|-resisted|p1a: Duraludon\n|-damage|p1a: Duraludon|34/100\n|move|p1a: Duraludon|Body Press|p2a: Luvdisc\n|-end|p2a: Luvdisc|Substitute\n|\n|upkeep\n|turn|36\n|inactive|Time left: 300 sec this turn | 300 sec total\n|\n|t:|1783566929\n|move|p2a: Luvdisc|Substitute|p2a: Luvdisc\n|-start|p2a: Luvdisc|Substitute\n|-damage|p2a: Luvdisc|72/247\n|move|p1a: Duraludon|Flash Cannon|p2a: Luvdisc\n|-resisted|p2a: Luvdisc\n|-activate|p2a: Luvdisc|move: Substitute|[damage]\n|\n|upkeep\n|turn|37\n|inactive|Time left: 300 sec this turn | 300 sec total\n|\n|t:|1783566930\n|move|p2a: Luvdisc|Surf|p1a: Duraludon\n|-resisted|p1a: Duraludon\n|-damage|p1a: Duraludon|19/100\n|move|p1a: Duraludon|Body Press|p2a: Luvdisc\n|-end|p2a: Luvdisc|Substitute\n|\n|upkeep\n|turn|38\n|inactive|Time left: 300 sec this turn | 300 sec total\n|\n|t:|1783566931\n|move|p2a: Luvdisc|Substitute|p2a: Luvdisc\n|-start|p2a: Luvdisc|Substitute\n|-damage|p2a: Luvdisc|11/247\n|move|p1a: Duraludon|Draco Meteor|p2a: Luvdisc\n|-end|p2a: Luvdisc|Substitute\n|-unboost|p1a: Duraludon|spa|2\n|\n|upkeep\n|turn|39\n|inactive|Time left: 300 sec this turn | 300 sec total\n|\n|t:|1783566932\n|move|p2a: Luvdisc|Flip Turn|p1a: Duraludon\n|-resisted|p1a: Duraludon\n|-damage|p1a: Duraludon|13/100\n|inactive|Time left: 300 sec this turn | 300 sec total | 5 sec grace\n|\n|t:|1783566933\n|switch|p2a: Sableye|Sableye, L88, M|114/231|[from] Flip Turn\n|move|p1a: Duraludon|Flash Cannon|p2a: Sableye\n|-damage|p2a: Sableye|54/231\n|\n|-heal|p2a: Sableye|68/231|[from] item: Leftovers\n|upkeep\n|turn|40\n|inactive|Time left: 300 sec this turn | 300 sec total\n|\n|t:|1783566934\n|switch|p2a: Luvdisc|Luvdisc, M|11/247\n|move|p1a: Duraludon|Draco Meteor|p2a: Luvdisc\n|-damage|p2a: Luvdisc|0 fnt\n|-unboost|p1a: Duraludon|spa|2\n|faint|p2a: Luvdisc\n|\n|upkeep\n|inactive|Time left: 300 sec this turn | 300 sec total | 5 sec grace\n|\n|t:|1783566935\n|switch|p2a: Sableye|Sableye, L88, M|68/231\n|turn|41\n|inactive|Time left: 300 sec this turn | 300 sec total\n|\n|t:|1783566936\n|switch|p1a: Flutter Mane|Flutter Mane, L74|31/100\n|move|p2a: Sableye|Thunder Wave|p1a: Flutter Mane\n|-status|p1a: Flutter Mane|par\n|\n|-heal|p2a: Sableye|82/231|[from] item: Leftovers\n|upkeep\n|turn|42\n|inactive|Time left: 300 sec this turn | 300 sec total\n|\n|t:|1783566937\n|move|p2a: Sableye|Knock Off|p1a: Flutter Mane\n|-damage|p1a: Flutter Mane|0 fnt\n|-enditem|p1a: Flutter Mane|Choice Specs|[from] move: Knock Off|[of] p2a: Sableye\n|faint|p1a: Flutter Mane\n|-end|p1a: Flutter Mane|Protosynthesis|[silent]\n|\n|-heal|p2a: Sableye|96/231|[from] item: Leftovers\n|upkeep\n|\n|t:|1783566938\n|switch|p1a: Duraludon|Duraludon, L82, F|13/100\n|turn|43\n|inactive|Time left: 300 sec this turn | 300 sec total\n|\n|t:|1783566939\n|move|p2a: Sableye|Thunder Wave|p1a: Duraludon\n|-status|p1a: Duraludon|par\n|move|p1a: Duraludon|Flash Cannon|p2a: Sableye\n|-damage|p2a: Sableye|0 fnt\n|faint|p2a: Sableye\n|\n|win|p0x23150560", "uploadtime": 1783566939, "views": 0, "rating": 0, "private": 0, "password": null, "_winner": "p0x23150560", "_our_name": "p0y23154f12"}