{"id": "battle-gen9randombattle-846", "formatid": "gen9randombattle", "format": "[Gen 9] Random Battle", "players": ["p0x8461ec6", "p0y84602a4"], "log": "|init|battle\n|title|p0x8461ec6 vs. p0y84602a4\n|j|\u2606p0x8461ec6\n|j|\u2606p0y84602a4\n|t:|1783549682\n|gametype|singles\n|player|p1|p0x8461ec6|266|\n|player|p2|p0y84602a4|102|\n|gen|9\n|tier|[Gen 9] Random Battle\n|rule|Species Clause: Limit one of each Pok\u00e9mon\n|rule|HP Percentage Mod: HP is shown in percentages\n|rule|Sleep Clause Mod: Limit one foe put to sleep\n|rule|Illusion Level Mod: Illusion disguises the Pok\u00e9mon's true level\n|\n|t:|1783549682\n|teamsize|p1|6\n|teamsize|p2|6\n|start\n|switch|p1a: Oricorio|Oricorio-Pa'u, L87, F|100/100\n|switch|p2a: Tauros|Tauros-Paldea-Aqua, L81, M|254/254\n|-ability|p2a: Tauros|Intimidate|boost\n|-unboost|p1a: Oricorio|atk|1\n|turn|1\n|inactive|Battle timer is ON: inactive players will automatically lose when time's up. (requested by p0x8461ec6)\n|inactive|Time left: 300 sec this turn | 300 sec total | 60 sec grace\n|inactive|p0y84602a4 also wants the timer to be on.\n|\n|t:|1783549684\n|switch|p2a: Moltres|Moltres-Galar, L79|271/271\n|move|p1a: Oricorio|Revelation Dance|p2a: Moltres\n|-immune|p2a: Moltres\n|\n|upkeep\n|turn|2\n|inactive|Time left: 300 sec this turn | 300 sec total\n|\n|t:|1783549685\n|move|p1a: Oricorio|Quiver Dance|p1a: Oricorio\n|-boost|p1a: Oricorio|spa|1\n|-boost|p1a: Oricorio|spd|1\n|-boost|p1a: Oricorio|spe|1\n|move|p2a: Moltres|Agility|p2a: Moltres\n|-boost|p2a: Moltres|spe|2\n|\n|upkeep\n|turn|3\n|inactive|Time left: 300 sec this turn | 300 sec total\n|\n|t:|1783549686\n|move|p2a: Moltres|Nasty Plot|p2a: Moltres\n|-boost|p2a: Moltres|spa|2\n|move|p1a: Oricorio|Quiver Dance|p1a: Oricorio\n|-boost|p1a: Oricorio|spa|1\n|-boost|p1a: Oricorio|spd|1\n|-boost|p1a: Oricorio|spe|1\n|\n|upkeep\n|turn|4\n|inactive|Time left: 300 sec this turn | 300 sec total\n|\n|t:|1783549687\n|move|p1a: Oricorio|Hurricane|p2a: Moltres\n|-crit|p2a: Moltres\n|-damage|p2a: Moltres|0 fnt\n|faint|p2a: Moltres\n|\n|upkeep\n|inactive|Time left: 300 sec this turn | 300 sec total | 5 sec grace\n|\n|t:|1783549689\n|switch|p2a: Lunala|Lunala, L70|308/308\n|turn|5\n|inactive|Time left: 300 sec this turn | 300 sec total\n|\n|t:|1783549690\n|move|p1a: Oricorio|Quiver Dance|p1a: Oricorio\n|-boost|p1a: Oricorio|spa|1\n|-boost|p1a: Oricorio|spd|1\n|-boost|p1a: Oricorio|spe|1\n|move|p2a: Lunala|Calm Mind|p2a: Lunala\n|-boost|p2a: Lunala|spa|1\n|-boost|p2a: Lunala|spd|1\n|\n|upkeep\n|turn|6\n|inactive|Time left: 300 sec this turn | 300 sec total\n|\n|t:|1783549691\n|move|p1a: Oricorio|Quiver Dance|p1a: Oricorio\n|-boost|p1a: Oricorio|spa|1\n|-boost|p1a: Oricorio|spd|1\n|-boost|p1a: Oricorio|spe|1\n|move|p2a: Lunala|Moongeist Beam|p1a: Oricorio\n|-supereffective|p1a: Oricorio\n|-damage|p1a: Oricorio|61/100\n|\n|upkeep\n|turn|7\n|inactive|Time left: 300 sec this turn | 300 sec total\n|\n|t:|1783549692\n|move|p1a: Oricorio|Roost|p1a: Oricorio\n|-heal|p1a: Oricorio|100/100\n|-singleturn|p1a: Oricorio|move: Roost\n|move|p2a: Lunala|Calm Mind|p2a: Lunala\n|-boost|p2a: Lunala|spa|1\n|-boost|p2a: Lunala|spd|1\n|\n|upkeep\n|turn|8\n|inactive|Time left: 300 sec this turn | 300 sec total\n|\n|t:|1783549693\n|move|p1a: Oricorio|Hurricane|p2a: Lunala|[miss]\n|-miss|p1a: Oricorio|p2a: Lunala\n|move|p2a: Lunala|Moongeist Beam|p1a: Oricorio\n|-supereffective|p1a: Oricorio\n|-damage|p1a: Oricorio|45/100\n|\n|upkeep\n|turn|9\n|inactive|Time left: 300 sec this turn | 300 sec total\n|\n|t:|1783549694\n|move|p1a: Oricorio|Roost|p1a: Oricorio\n|-heal|p1a: Oricorio|95/100\n|-singleturn|p1a: Oricorio|move: Roost\n|move|p2a: Lunala|Moongeist Beam|p1a: Oricorio\n|-supereffective|p1a: Oricorio\n|-damage|p1a: Oricorio|40/100\n|\n|upkeep\n|turn|10\n|inactive|Time left: 300 sec this turn | 300 sec total\n|\n|t:|1783549695\n|move|p1a: Oricorio|Roost|p1a: Oricorio\n|-heal|p1a: Oricorio|90/100\n|-singleturn|p1a: Oricorio|move: Roost\n|move|p2a: Lunala|Moongeist Beam|p1a: Oricorio\n|-supereffective|p1a: Oricorio\n|-damage|p1a: Oricorio|33/100\n|\n|upkeep\n|turn|11\n|inactive|Time left: 300 sec this turn | 300 sec total\n|\n|t:|1783549696\n|move|p1a: Oricorio|Roost|p1a: Oricorio\n|-heal|p1a: Oricorio|83/100\n|-singleturn|p1a: Oricorio|move: Roost\n|move|p2a: Lunala|Moongeist Beam|p1a: Oricorio\n|-supereffective|p1a: Oricorio\n|-damage|p1a: Oricorio|31/100\n|\n|upkeep\n|turn|12\n|inactive|Time left: 300 sec this turn | 300 sec total\n|\n|t:|1783549697\n|move|p1a: Oricorio|Roost|p1a: Oricorio\n|-heal|p1a: Oricorio|81/100\n|-singleturn|p1a: Oricorio|move: Roost\n|move|p2a: Lunala|Moongeist Beam|p1a: Oricorio\n|-supereffective|p1a: Oricorio\n|-damage|p1a: Oricorio|20/100\n|\n|upkeep\n|turn|13\n|inactive|Time left: 300 sec this turn | 300 sec total\n|\n|t:|1783549698\n|move|p1a: Oricorio|Roost|p1a: Oricorio\n|-heal|p1a: Oricorio|70/100\n|-singleturn|p1a: Oricorio|move: Roost\n|move|p2a: Lunala|Moongeist Beam|p1a: Oricorio\n|-supereffective|p1a: Oricorio\n|-damage|p1a: Oricorio|12/100\n|\n|upkeep\n|turn|14\n|inactive|Time left: 300 sec this turn | 300 sec total\n|\n|t:|1783549700\n|move|p1a: Oricorio|Roost|p1a: Oricorio\n|-heal|p1a: Oricorio|62/100\n|-singleturn|p1a: Oricorio|move: Roost\n|move|p2a: Lunala|Moongeist Beam|p1a: Oricorio\n|-supereffective|p1a: Oricorio\n|-damage|p1a: Oricorio|4/100\n|\n|upkeep\n|turn|15\n|inactive|Time left: 300 sec this turn | 300 sec total\n|\n|t:|1783549701\n|move|p1a: Oricorio|Roost|p1a: Oricorio\n|-heal|p1a: Oricorio|54/100\n|-singleturn|p1a: Oricorio|move: Roost\n|move|p2a: Lunala|Psyshock|p1a: Oricorio\n|-resisted|p1a: Oricorio\n|-damage|p1a: Oricorio|18/100\n|\n|upkeep\n|turn|16\n|inactive|Time left: 300 sec this turn | 300 sec total\n|\n|t:|1783549702\n|move|p1a: Oricorio|Hurricane|p2a: Lunala\n|-crit|p2a: Lunala\n|-damage|p2a: Lunala|43/308\n|-start|p2a: Lunala|confusion\n|-activate|p2a: Lunala|confusion\n|-damage|p2a: Lunala|21/308|[from] confusion\n|\n|-heal|p2a: Lunala|40/308|[from] item: Leftovers\n|upkeep\n|turn|17\n|inactive|Time left: 300 sec this turn | 300 sec total\n|\n|t:|1783549703\n|move|p1a: Oricorio|Hurricane|p2a: Lunala\n|-damage|p2a: Lunala|0 fnt\n|faint|p2a: Lunala\n|\n|upkeep\n|inactive|Time left: 300 sec this turn | 300 sec total | 5 sec grace\n|\n|t:|1783549704\n|switch|p2a: Tauros|Tauros-Paldea-Aqua, L81, M|254/254\n|-ability|p2a: Tauros|Intimidate|boost\n|-unboost|p1a: Oricorio|atk|1\n|turn|18\n|inactive|Time left: 300 sec this turn | 300 sec total\n|\n|t:|1783549705\n|move|p2a: Tauros|Aqua Jet|p1a: Oricorio\n|-damage|p1a: Oricorio|0 fnt\n|faint|p1a: Oricorio\n|-damage|p2a: Tauros|229/254|[from] item: Life Orb\n|\n|upkeep\n|\n|t:|1783549706\n|switch|p1a: Wyrdeer|Wyrdeer, L87, F|100/100\n|-ability|p1a: Wyrdeer|Intimidate|boost\n|-unboost|p2a: Tauros|atk|1\n|turn|19\n|inactive|Time left: 300 sec this turn | 300 sec total\n|\n|t:|1783549707\n|switch|p2a: Dewgong|Dewgong, L94, F|322/322\n|move|p1a: Wyrdeer|Body Slam|p2a: Dewgong\n|-damage|p2a: Dewgong|231/322\n|\n|upkeep\n|turn|20\n|inactive|Time left: 300 sec this turn | 300 sec total\n|\n|t:|1783549709\n|move|p2a: Dewgong|Knock Off|p1a: Wyrdeer\n|-supereffective|p1a: Wyrdeer\n|-damage|p1a: Wyrdeer|51/100\n|-enditem|p1a: Wyrdeer|Assault Vest|[from] move: Knock Off|[of] p2a: Dewgong\n|move|p1a: Wyrdeer|Body Slam|p2a: Dewgong\n|-damage|p2a: Dewgong|137/322\n|\n|upkeep\n|turn|21\n|inactive|Time left: 300 sec this turn | 300 sec total\n|\n|t:|1783549710\n|move|p2a: Dewgong|Ice Beam|p1a: Wyrdeer\n|-damage|p1a: Wyrdeer|21/100\n|move|p1a: Wyrdeer|Body Slam|p2a: Dewgong\n|-damage|p2a: Dewgong|46/322\n|\n|upkeep\n|turn|22\n|inactive|Time left: 300 sec this turn | 300 sec total\n|\n|t:|1783549711\n|switch|p1a: Poliwrath|Poliwrath, L88, F|100/100\n|move|p2a: Dewgong|Ice Beam|p1a: Poliwrath\n|-resisted|p1a: Poliwrath\n|-damage|p1a: Poliwrath|87/100\n|\n|upkeep\n|turn|23\n|inactive|Time left: 300 sec this turn | 300 sec total\n|\n|t:|1783549713\n|switch|p2a: Tauros|Tauros-Paldea-Aqua, L81, M|229/254\n|-ability|p2a: Tauros|Intimidate|boost\n|-unboost|p1a: Poliwrath|atk|1\n|move|p1a: Poliwrath|Liquidation|p2a: Tauros\n|-resisted|p2a: Tauros\n|-damage|p2a: Tauros|193/254\n|-unboost|p2a: Tauros|def|1\n|-damage|p1a: Poliwrath|77/100|[from] item: Life Orb\n|\n|upkeep\n|turn|24\n|inactive|Time left: 300 sec this turn | 300 sec total\n|\n|t:|1783549713\n|switch|p1a: Wyrdeer|Wyrdeer, L87, F|21/100\n|-ability|p1a: Wyrdeer|Intimidate|boost\n|-unboost|p2a: Tauros|atk|1\n|move|p2a: Tauros|Bulk Up|p2a: Tauros\n|-boost|p2a: Tauros|atk|1\n|-boost|p2a: Tauros|def|1\n|\n|upkeep\n|turn|25\n|inactive|Time left: 300 sec this turn | 300 sec total\n|\n|t:|1783549714\n|move|p2a: Tauros|Liquidation|p1a: Wyrdeer\n|-damage|p1a: Wyrdeer|0 fnt\n|faint|p1a: Wyrdeer\n|-damage|p2a: Tauros|168/254|[from] item: Life Orb\n|\n|upkeep\n|\n|t:|1783549715\n|switch|p1a: Muk|Muk, L86, F|100/100\n|turn|26\n|inactive|Time left: 300 sec this turn | 300 sec total\n|\n|t:|1783549715\n|switch|p2a: Zacian|Zacian-Crowned, L64|225/225\n|-ability|p2a: Zacian|Intrepid Sword|boost\n|-boost|p2a: Zacian|atk|1\n|move|p1a: Muk|Poison Jab|p2a: Zacian\n|-immune|p2a: Zacian\n|\n|upkeep\n|turn|27\n|inactive|Time left: 300 sec this turn | 300 sec total\n|\n|t:|1783549716\n|move|p2a: Zacian|Swords Dance|p2a: Zacian\n|-boost|p2a: Zacian|atk|2\n|move|p1a: Muk|Ice Punch|p2a: Zacian\n|-resisted|p2a: Zacian\n|-damage|p2a: Zacian|192/225\n|-status|p2a: Zacian|frz\n|\n|upkeep\n|turn|28\n|inactive|Time left: 300 sec this turn | 300 sec total\n|\n|t:|1783549717\n|switch|p1a: Poliwrath|Poliwrath, L88, F|77/100\n|cant|p2a: Zacian|frz\n|\n|upkeep\n|turn|29\n|inactive|Time left: 300 sec this turn | 300 sec total\n|\n|t:|1783549717\n|cant|p2a: Zacian|frz\n|move|p1a: Poliwrath|Liquidation|p2a: Zacian\n|-damage|p2a: Zacian|70/225 frz\n|-damage|p1a: Poliwrath|67/100|[from] item: Life Orb\n|\n|upkeep\n|turn|30\n|inactive|Time left: 300 sec this turn | 300 sec total\n|\n|t:|1783549718\n|cant|p2a: Zacian|frz\n|move|p1a: Poliwrath|Liquidation|p2a: Zacian\n|-damage|p2a: Zacian|0 fnt\n|faint|p2a: Zacian\n|-damage|p1a: Poliwrath|57/100|[from] item: Life Orb\n|\n|upkeep\n|inactive|Time left: 300 sec this turn | 300 sec total | 5 sec grace\n|\n|t:|1783549719\n|switch|p2a: Tauros|Tauros-Paldea-Aqua, L81, M|168/254\n|-ability|p2a: Tauros|Intimidate|boost\n|-unboost|p1a: Poliwrath|atk|1\n|turn|31\n|inactive|Time left: 300 sec this turn | 300 sec total\n|\n|t:|1783549719\n|move|p2a: Tauros|Bulk Up|p2a: Tauros\n|-boost|p2a: Tauros|atk|1\n|-boost|p2a: Tauros|def|1\n|move|p1a: Poliwrath|Close Combat|p2a: Tauros\n|-damage|p2a: Tauros|100/254\n|-unboost|p1a: Poliwrath|def|1\n|-unboost|p1a: Poliwrath|spd|1\n|-damage|p1a: Poliwrath|47/100|[from] item: Life Orb\n|\n|upkeep\n|turn|32\n|inactive|Time left: 300 sec this turn | 300 sec total\n|\n|t:|1783549720\n|move|p2a: Tauros|Bulk Up|p2a: Tauros\n|-boost|p2a: Tauros|atk|1\n|-boost|p2a: Tauros|def|1\n|move|p1a: Poliwrath|Close Combat|p2a: Tauros\n|-damage|p2a: Tauros|42/254\n|-unboost|p1a: Poliwrath|def|1\n|-unboost|p1a: Poliwrath|spd|1\n|-damage|p1a: Poliwrath|37/100|[from] item: Life Orb\n|\n|upkeep\n|turn|33\n|inactive|Time left: 300 sec this turn | 300 sec total\n|\n|t:|1783549721\n|move|p2a: Tauros|Close Combat|p1a: Poliwrath\n|-damage|p1a: Poliwrath|0 fnt\n|-unboost|p2a: Tauros|def|1\n|-unboost|p2a: Tauros|spd|1\n|faint|p1a: Poliwrath\n|-damage|p2a: Tauros|17/254|[from] item: Life Orb\n|\n|upkeep\n|\n|t:|1783549723\n|switch|p1a: Muk|Muk, L86, F|100/100\n|turn|34\n|inactive|Time left: 300 sec this turn | 300 sec total\n|\n|t:|1783549724\n|-terastallize|p2a: Tauros|Water\n|move|p1a: Muk|Shadow Sneak|p2a: Tauros\n|-damage|p2a: Tauros|0 fnt\n|faint|p2a: Tauros\n|\n|upkeep\n|inactive|Time left: 300 sec this turn | 300 sec total | 5 sec grace\n|\n|t:|1783549725\n|switch|p2a: Dewgong|Dewgong, L94, F|46/322\n|turn|35\n|inactive|Time left: 300 sec this turn | 300 sec total\n|\n|t:|1783549726\n|move|p2a: Dewgong|Encore|p1a: Muk\n|-start|p1a: Muk|Encore\n|move|p1a: Muk|Shadow Sneak|p2a: Dewgong\n|-damage|p2a: Dewgong|16/322\n|-status|p2a: Dewgong|psn|[from] ability: Poison Touch|[of] p1a: Muk\n|\n|-damage|p2a: Dewgong|0 fnt|[from] psn\n|faint|p2a: Dewgong\n|upkeep\n|inactive|Time left: 300 sec this turn | 300 sec total | 5 sec grace\n|\n|t:|1783549727\n|switch|p2a: Grumpig|Grumpig, L92, M|297/297\n|turn|36\n|inactive|Time left: 300 sec this turn | 300 sec total\n|\n|t:|1783549728\n|move|p1a: Muk|Shadow Sneak|p2a: Grumpig\n|-supereffective|p2a: Grumpig\n|-damage|p2a: Grumpig|221/297\n|move|p2a: Grumpig|Nasty Plot|p2a: Grumpig\n|-boost|p2a: Grumpig|spa|2\n|\n|-heal|p2a: Grumpig|239/297|[from] item: Leftovers\n|upkeep\n|turn|37\n|inactive|Time left: 300 sec this turn | 300 sec total\n|\n|t:|1783549729\n|-terastallize|p1a: Muk|Dark\n|move|p1a: Muk|Shadow Sneak|p2a: Grumpig\n|-supereffective|p2a: Grumpig\n|-damage|p2a: Grumpig|165/297\n|move|p2a: Grumpig|Nasty Plot|p2a: Grumpig\n|-boost|p2a: Grumpig|spa|2\n|\n|-heal|p2a: Grumpig|183/297|[from] item: Leftovers\n|-end|p1a: Muk|Encore\n|upkeep\n|turn|38\n|inactive|Time left: 300 sec this turn | 300 sec total\n|\n|t:|1783549730\n|move|p2a: Grumpig|Focus Blast|p1a: Muk\n|-supereffective|p1a: Muk\n|-damage|p1a: Muk|0 fnt\n|faint|p1a: Muk\n|\n|-heal|p2a: Grumpig|201/297|[from] item: Leftovers\n|upkeep\n|\n|t:|1783549731\n|switch|p1a: Garganacl|Garganacl, L80, F|100/100\n|turn|39\n|inactive|Time left: 300 sec this turn | 300 sec total\n|\n|t:|1783549732\n|move|p1a: Garganacl|Protect|p1a: Garganacl\n|-singleturn|p1a: Garganacl|Protect\n|move|p2a: Grumpig|Focus Blast|p1a: Garganacl\n|-activate|p1a: Garganacl|move: Protect\n|\n|-heal|p2a: Grumpig|219/297|[from] item: Leftovers\n|upkeep\n|turn|40\n|inactive|Time left: 300 sec this turn | 300 sec total\n|\n|t:|1783549733\n|move|p1a: Garganacl|Protect||[still]\n|-fail|p1a: Garganacl\n|move|p2a: Grumpig|Focus Blast|p1a: Garganacl\n|-supereffective|p1a: Garganacl\n|-damage|p1a: Garganacl|0 fnt\n|faint|p1a: Garganacl\n|\n|-heal|p2a: Grumpig|237/297|[from] item: Leftovers\n|upkeep\n|\n|t:|1783549734\n|switch|p1a: Duraludon|Duraludon, L82, M|100/100\n|turn|41\n|inactive|Time left: 300 sec this turn | 300 sec total\n|\n|t:|1783549735\n|move|p2a: Grumpig|Shadow Ball|p1a: Duraludon\n|-damage|p1a: Duraludon|18/100\n|move|p1a: Duraludon|Body Press|p2a: Grumpig\n|-resisted|p2a: Grumpig\n|-damage|p2a: Grumpig|202/297\n|\n|-heal|p2a: Grumpig|220/297|[from] item: Leftovers\n|upkeep\n|turn|42\n|inactive|Time left: 300 sec this turn | 300 sec total\n|\n|t:|1783549737\n|move|p2a: Grumpig|Shadow Ball|p1a: Duraludon\n|-damage|p1a: Duraludon|0 fnt\n|faint|p1a: Duraludon\n|\n|win|p0y84602a4", "uploadtime": 1783549737, "views": 0, "rating": 0, "private": 0, "password": null, "_winner": "p0y84602a4", "_our_name": "p0y84602a4"}