{"id": "battle-gen9randombattle-2027", "formatid": "gen9randombattle", "format": "[Gen 9] Random Battle", "players": ["p0x20273ead", "p0y2027d206"], "log": "|init|battle\n|title|p0x20273ead vs. p0y2027d206\n|j|\u2606p0x20273ead\n|j|\u2606p0y2027d206\n|t:|1783562715\n|gametype|singles\n|player|p1|p0x20273ead|102|\n|player|p2|p0y2027d206|2|\n|gen|9\n|tier|[Gen 9] Random Battle\n|rule|Species Clause: Limit one of each Pok\u00e9mon\n|rule|HP Percentage Mod: HP is shown in percentages\n|rule|Sleep Clause Mod: Limit one foe put to sleep\n|rule|Illusion Level Mod: Illusion disguises the Pok\u00e9mon's true level\n|\n|t:|1783562715\n|teamsize|p1|6\n|teamsize|p2|6\n|start\n|switch|p1a: Serperior|Serperior, L79, F|248/248\n|switch|p2a: Arcanine|Arcanine, L84, F|100/100\n|-ability|p2a: Arcanine|Intimidate|boost\n|-boost|p1a: Serperior|atk|1\n|turn|1\n|inactive|Battle timer is ON: inactive players will automatically lose when time's up. (requested by p0y2027d206)\n|inactive|Time left: 300 sec this turn | 300 sec total | 60 sec grace\n|inactive|p0x20273ead also wants the timer to be on.\n|\n|t:|1783562717\n|move|p1a: Serperior|Substitute|p1a: Serperior\n|-start|p1a: Serperior|Substitute\n|-damage|p1a: Serperior|186/248\n|move|p2a: Arcanine|Flare Blitz|p1a: Serperior\n|-supereffective|p1a: Serperior\n|-end|p1a: Serperior|Substitute\n|-damage|p2a: Arcanine|94/100|[from] Recoil|[of] p1a: Serperior\n|\n|-heal|p1a: Serperior|201/248|[from] item: Leftovers\n|upkeep\n|turn|2\n|inactive|Time left: 300 sec this turn | 300 sec total\n|\n|t:|1783562718\n|move|p1a: Serperior|Substitute|p1a: Serperior\n|-start|p1a: Serperior|Substitute\n|-damage|p1a: Serperior|139/248\n|move|p2a: Arcanine|Flare Blitz|p1a: Serperior\n|-supereffective|p1a: Serperior\n|-end|p1a: Serperior|Substitute\n|-damage|p2a: Arcanine|87/100|[from] Recoil|[of] p1a: Serperior\n|\n|-heal|p1a: Serperior|154/248|[from] item: Leftovers\n|upkeep\n|turn|3\n|inactive|Time left: 300 sec this turn | 300 sec total\n|\n|t:|1783562719\n|move|p1a: Serperior|Leaf Storm|p2a: Arcanine\n|-resisted|p2a: Arcanine\n|-damage|p2a: Arcanine|69/100\n|-boost|p1a: Serperior|spa|2\n|move|p2a: Arcanine|Flare Blitz|p1a: Serperior\n|-supereffective|p1a: Serperior\n|-damage|p1a: Serperior|0 fnt\n|faint|p1a: Serperior\n|-damage|p2a: Arcanine|51/100|[from] Recoil\n|\n|upkeep\n|inactive|Time left: 300 sec this turn | 300 sec total | 5 sec grace\n|\n|t:|1783562720\n|switch|p1a: Smeargle|Smeargle, L95, F|258/258\n|turn|4\n|inactive|Time left: 300 sec this turn | 300 sec total\n|\n|t:|1783562721\n|-terastallize|p1a: Smeargle|Ghost\n|move|p2a: Arcanine|Flare Blitz|p1a: Smeargle\n|-damage|p1a: Smeargle|21/258\n|-damage|p2a: Arcanine|24/100|[from] Recoil\n|move|p1a: Smeargle|Shell Smash|p1a: Smeargle\n|-unboost|p1a: Smeargle|def|1\n|-unboost|p1a: Smeargle|spd|1\n|-boost|p1a: Smeargle|atk|2\n|-boost|p1a: Smeargle|spa|2\n|-boost|p1a: Smeargle|spe|2\n|\n|upkeep\n|turn|5\n|inactive|Time left: 300 sec this turn | 300 sec total\n|\n|t:|1783562722\n|switch|p2a: Metagross|Metagross, L79|100/100\n|move|p1a: Smeargle|Population Bomb|p2a: Metagross\n|-resisted|p2a: Metagross\n|-damage|p2a: Metagross|96/100\n|-resisted|p2a: Metagross\n|-damage|p2a: Metagross|90/100\n|-resisted|p2a: Metagross\n|-damage|p2a: Metagross|85/100\n|-resisted|p2a: Metagross\n|-damage|p2a: Metagross|80/100\n|-resisted|p2a: Metagross\n|-damage|p2a: Metagross|75/100\n|-resisted|p2a: Metagross\n|-damage|p2a: Metagross|70/100\n|-resisted|p2a: Metagross\n|-damage|p2a: Metagross|66/100\n|-resisted|p2a: Metagross\n|-damage|p2a: Metagross|61/100\n|-resisted|p2a: Metagross\n|-damage|p2a: Metagross|56/100\n|-resisted|p2a: Metagross\n|-damage|p2a: Metagross|52/100\n|-hitcount|p2a: Metagross|10\n|\n|-heal|p2a: Metagross|58/100|[from] item: Leftovers\n|upkeep\n|turn|6\n|inactive|Time left: 300 sec this turn | 300 sec total\n|\n|t:|1783562723\n|move|p2a: Metagross|Bullet Punch|p1a: Smeargle\n|-damage|p1a: Smeargle|0 fnt\n|faint|p1a: Smeargle\n|\n|-heal|p2a: Metagross|64/100|[from] item: Leftovers\n|upkeep\n|inactive|Time left: 300 sec this turn | 300 sec total | 5 sec grace\n|\n|t:|1783562723\n|switch|p1a: Zarude|Zarude-Dada, L77|288/288\n|turn|7\n|inactive|Time left: 300 sec this turn | 300 sec total\n|\n|t:|1783562725\n|switch|p2a: Arcanine|Arcanine, L84, F|24/100\n|-ability|p2a: Arcanine|Intimidate|boost\n|-unboost|p1a: Zarude|atk|1\n|move|p1a: Zarude|Knock Off|p2a: Arcanine\n|-damage|p2a: Arcanine|0 fnt\n|-enditem|p2a: Arcanine|Heavy-Duty Boots|[from] move: Knock Off|[of] p1a: Zarude\n|faint|p2a: Arcanine\n|\n|upkeep\n|\n|t:|1783562726\n|switch|p2a: Greedent|Greedent, L86, M|100/100\n|turn|8\n|inactive|Time left: 300 sec this turn | 300 sec total\n|\n|t:|1783562727\n|move|p1a: Zarude|Knock Off|p2a: Greedent\n|-damage|p2a: Greedent|73/100\n|-enditem|p2a: Greedent|Sitrus Berry|[from] move: Knock Off|[of] p1a: Zarude\n|move|p2a: Greedent|Swords Dance|p2a: Greedent\n|-boost|p2a: Greedent|atk|2\n|\n|upkeep\n|turn|9\n|inactive|Time left: 300 sec this turn | 300 sec total\n|\n|t:|1783562728\n|move|p1a: Zarude|Knock Off|p2a: Greedent\n|-damage|p2a: Greedent|56/100\n|move|p2a: Greedent|Swords Dance|p2a: Greedent\n|-boost|p2a: Greedent|atk|2\n|\n|upkeep\n|turn|10\n|inactive|Time left: 300 sec this turn | 300 sec total\n|\n|t:|1783562729\n|move|p1a: Zarude|Knock Off|p2a: Greedent\n|-damage|p2a: Greedent|38/100\n|move|p2a: Greedent|Knock Off|p1a: Zarude\n|-resisted|p1a: Zarude\n|-damage|p1a: Zarude|194/288\n|-enditem|p1a: Zarude|Choice Band|[from] move: Knock Off|[of] p2a: Greedent\n|\n|upkeep\n|turn|11\n|inactive|Time left: 300 sec this turn | 300 sec total\n|\n|t:|1783562730\n|move|p1a: Zarude|Power Whip|p2a: Greedent\n|-crit|p2a: Greedent\n|-damage|p2a: Greedent|0 fnt\n|faint|p2a: Greedent\n|\n|upkeep\n|\n|t:|1783562731\n|switch|p2a: Dragapult|Dragapult, L77, M|100/100\n|turn|12\n|inactive|Time left: 300 sec this turn | 300 sec total\n|\n|t:|1783562732\n|move|p2a: Dragapult|U-turn|p1a: Zarude\n|-supereffective|p1a: Zarude\n|-damage|p1a: Zarude|0 fnt\n|faint|p1a: Zarude\n|\n|t:|1783562733\n|switch|p2a: Bruxish|Bruxish, L85, F|100/100|[from] U-turn\n|\n|upkeep\n|inactive|Time left: 300 sec this turn | 300 sec total | 10 sec grace\n|\n|t:|1783562734\n|switch|p1a: Chandelure|Chandelure, L83, M|235/235\n|turn|13\n|inactive|Time left: 300 sec this turn | 300 sec total\n|\n|t:|1783562735\n|move|p1a: Chandelure|Shadow Ball|p2a: Bruxish\n|-supereffective|p2a: Bruxish\n|-damage|p2a: Bruxish|0 fnt\n|faint|p2a: Bruxish\n|\n|upkeep\n|\n|t:|1783562736\n|switch|p2a: Raichu|Raichu, L88, M|100/100\n|turn|14\n|inactive|Time left: 300 sec this turn | 300 sec total\n|\n|t:|1783562736\n|move|p1a: Chandelure|Shadow Ball|p2a: Raichu\n|-damage|p2a: Raichu|53/100\n|move|p2a: Raichu|Surf|p1a: Chandelure\n|-supereffective|p1a: Chandelure\n|-damage|p1a: Chandelure|58/235\n|-damage|p2a: Raichu|43/100|[from] item: Life Orb\n|\n|upkeep\n|turn|15\n|inactive|Time left: 300 sec this turn | 300 sec total\n|\n|t:|1783562738\n|move|p1a: Chandelure|Shadow Ball|p2a: Raichu\n|-damage|p2a: Raichu|0 fnt\n|faint|p2a: Raichu\n|\n|upkeep\n|\n|t:|1783562739\n|switch|p2a: Dragapult|Dragapult, L77, M|100/100\n|turn|16\n|inactive|Time left: 300 sec this turn | 300 sec total\n|\n|t:|1783562740\n|-terastallize|p2a: Dragapult|Dragon\n|move|p1a: Chandelure|Shadow Ball|p2a: Dragapult\n|-damage|p2a: Dragapult|51/100\n|-unboost|p2a: Dragapult|spd|1\n|move|p2a: Dragapult|Dragon Darts|p1a: Chandelure\n|-damage|p1a: Chandelure|0 fnt\n|faint|p1a: Chandelure\n|\n|upkeep\n|inactive|Time left: 300 sec this turn | 300 sec total | 5 sec grace\n|\n|t:|1783562741\n|switch|p1a: Banette|Banette, L93, F|270/270\n|turn|17\n|inactive|Time left: 300 sec this turn | 300 sec total\n|\n|t:|1783562741\n|move|p2a: Dragapult|Will-O-Wisp|p1a: Banette\n|-status|p1a: Banette|brn\n|move|p1a: Banette|Poltergeist|p2a: Dragapult\n|-activate|p2a: Dragapult|move: Poltergeist|Heavy-Duty Boots\n|-damage|p2a: Dragapult|4/100\n|-start|p1a: Banette|Disable|Poltergeist|[from] ability: Cursed Body|[of] p2a: Dragapult\n|-damage|p1a: Banette|243/270 brn|[from] item: Life Orb\n|\n|-damage|p1a: Banette|227/270 brn|[from] brn\n|upkeep\n|turn|18\n|inactive|Time left: 300 sec this turn | 300 sec total\n|\n|t:|1783562742\n|switch|p2a: Metagross|Metagross, L79|64/100\n|move|p1a: Banette|Shadow Sneak|p2a: Metagross\n|-supereffective|p2a: Metagross\n|-damage|p2a: Metagross|38/100\n|-damage|p1a: Banette|200/270 brn|[from] item: Life Orb\n|\n|-heal|p2a: Metagross|45/100|[from] item: Leftovers\n|-damage|p1a: Banette|184/270 brn|[from] brn\n|upkeep\n|turn|19\n|inactive|Time left: 300 sec this turn | 300 sec total\n|\n|t:|1783562743\n|switch|p2a: Dragapult|Dragapult, L77, M, tera:Dragon|4/100\n|move|p1a: Banette|Swords Dance|p1a: Banette\n|-boost|p1a: Banette|atk|2\n|\n|-damage|p1a: Banette|168/270 brn|[from] brn\n|upkeep\n|turn|20\n|inactive|Time left: 300 sec this turn | 300 sec total\n|\n|t:|1783562744\n|switch|p2a: Metagross|Metagross, L79|45/100\n|move|p1a: Banette|Shadow Sneak|p2a: Metagross\n|-supereffective|p2a: Metagross\n|-damage|p2a: Metagross|0 fnt\n|faint|p2a: Metagross\n|-damage|p1a: Banette|141/270 brn|[from] item: Life Orb\n|\n|-damage|p1a: Banette|125/270 brn|[from] brn\n|-end|p1a: Banette|Disable\n|upkeep\n|\n|t:|1783562745\n|switch|p2a: Dragapult|Dragapult, L77, M, tera:Dragon|4/100\n|turn|21\n|inactive|Time left: 300 sec this turn | 300 sec total\n|\n|t:|1783562746\n|move|p1a: Banette|Shadow Sneak|p2a: Dragapult\n|-damage|p2a: Dragapult|0 fnt\n|faint|p2a: Dragapult\n|-damage|p1a: Banette|98/270 brn|[from] item: Life Orb\n|\n|win|p0x20273ead", "uploadtime": 1783562746, "views": 0, "rating": 0, "private": 0, "password": null, "_winner": "p0x20273ead", "_our_name": "p0x20273ead"}