{"id": "battle-gen9randombattle-1951", "formatid": "gen9randombattle", "format": "[Gen 9] Random Battle", "players": ["p0x195117d7", "p0y1951a91c"], "log": "|init|battle\n|title|p0x195117d7 vs. p0y1951a91c\n|j|\u2606p0x195117d7\n|j|\u2606p0y1951a91c\n|t:|1783562566\n|gametype|singles\n|player|p1|p0x195117d7|170|\n|player|p2|p0y1951a91c|102|\n|gen|9\n|tier|[Gen 9] Random Battle\n|rule|Species Clause: Limit one of each Pok\u00e9mon\n|rule|HP Percentage Mod: HP is shown in percentages\n|rule|Sleep Clause Mod: Limit one foe put to sleep\n|rule|Illusion Level Mod: Illusion disguises the Pok\u00e9mon's true level\n|\n|t:|1783562566\n|teamsize|p1|6\n|teamsize|p2|6\n|start\n|switch|p1a: Ogerpon|Ogerpon, L80, F|100/100\n|switch|p2a: Skarmory|Skarmory, L80, F|235/235\n|turn|1\n|inactive|Battle timer is ON: inactive players will automatically lose when time's up. (requested by p0y1951a91c)\n|\n|t:|1783562568\n|move|p1a: Ogerpon|Swords Dance|p1a: Ogerpon\n|-boost|p1a: Ogerpon|atk|2\n|move|p2a: Skarmory|Brave Bird|p1a: Ogerpon\n|-supereffective|p1a: Ogerpon\n|-damage|p1a: Ogerpon|10/100\n|-damage|p2a: Skarmory|158/235|[from] Recoil\n|\n|-heal|p2a: Skarmory|172/235|[from] item: Leftovers\n|upkeep\n|turn|2\n|inactive|Time left: 300 sec this turn | 300 sec total\n|inactive|p0x195117d7 also wants the timer to be on.\n|\n|t:|1783562569\n|move|p1a: Ogerpon|Superpower|p2a: Skarmory\n|-damage|p2a: Skarmory|12/235\n|-unboost|p1a: Ogerpon|atk|1\n|-unboost|p1a: Ogerpon|def|1\n|-damage|p1a: Ogerpon|0 fnt|[from] item: Life Orb\n|faint|p1a: Ogerpon\n|move|p2a: Skarmory|Roost|p2a: Skarmory\n|-heal|p2a: Skarmory|130/235\n|-singleturn|p2a: Skarmory|move: Roost\n|\n|-heal|p2a: Skarmory|144/235|[from] item: Leftovers\n|upkeep\n|\n|t:|1783562570\n|switch|p1a: Banette|Banette, L93, F|100/100\n|turn|3\n|inactive|Time left: 300 sec this turn | 300 sec total\n|\n|t:|1783562571\n|switch|p2a: Zangoose|Zangoose, L85, F|263/263\n|move|p1a: Banette|Poltergeist|p2a: Zangoose\n|-immune|p2a: Zangoose\n|\n|-status|p2a: Zangoose|tox|[from] item: Toxic Orb\n|upkeep\n|turn|4\n|inactive|Time left: 300 sec this turn | 300 sec total\n|\n|t:|1783562572\n|switch|p1a: Sudowoodo|Sudowoodo, L94, M|100/100\n|move|p2a: Zangoose|Knock Off|p1a: Sudowoodo\n|-damage|p1a: Sudowoodo|71/100\n|-enditem|p1a: Sudowoodo|Leftovers|[from] move: Knock Off|[of] p2a: Zangoose\n|\n|-damage|p2a: Zangoose|247/263 tox|[from] psn\n|upkeep\n|turn|5\n|inactive|Time left: 300 sec this turn | 300 sec total\n|\n|t:|1783562573\n|move|p2a: Zangoose|Close Combat|p1a: Sudowoodo\n|-supereffective|p1a: Sudowoodo\n|-damage|p1a: Sudowoodo|0 fnt\n|-unboost|p2a: Zangoose|def|1\n|-unboost|p2a: Zangoose|spd|1\n|faint|p1a: Sudowoodo\n|\n|-damage|p2a: Zangoose|215/263 tox|[from] psn\n|upkeep\n|\n|t:|1783562574\n|switch|p1a: Articuno|Articuno-Galar, L84|100/100\n|turn|6\n|inactive|Time left: 300 sec this turn | 300 sec total\n|\n|t:|1783562575\n|switch|p2a: Lugia|Lugia, L73|275/275\n|move|p1a: Articuno|Freezing Glare|p2a: Lugia\n|-resisted|p2a: Lugia\n|-damage|p2a: Lugia|256/275\n|\n|upkeep\n|turn|7\n|inactive|Time left: 300 sec this turn | 300 sec total\n|\n|t:|1783562576\n|move|p1a: Articuno|Calm Mind|p1a: Articuno\n|-boost|p1a: Articuno|spa|1\n|-boost|p1a: Articuno|spd|1\n|move|p2a: Lugia|Calm Mind|p2a: Lugia\n|-boost|p2a: Lugia|spa|1\n|-boost|p2a: Lugia|spd|1\n|\n|upkeep\n|turn|8\n|inactive|Time left: 300 sec this turn | 300 sec total\n|\n|t:|1783562577\n|move|p1a: Articuno|Calm Mind|p1a: Articuno\n|-boost|p1a: Articuno|spa|1\n|-boost|p1a: Articuno|spd|1\n|move|p2a: Lugia|Calm Mind|p2a: Lugia\n|-boost|p2a: Lugia|spa|1\n|-boost|p2a: Lugia|spd|1\n|\n|upkeep\n|turn|9\n|inactive|Time left: 300 sec this turn | 300 sec total\n|\n|t:|1783562579\n|move|p1a: Articuno|Hurricane|p2a: Lugia\n|-damage|p2a: Lugia|157/275\n|-start|p2a: Lugia|confusion\n|-activate|p2a: Lugia|confusion\n|-damage|p2a: Lugia|143/275|[from] confusion\n|\n|upkeep\n|turn|10\n|inactive|Time left: 300 sec this turn | 300 sec total\n|\n|t:|1783562580\n|move|p1a: Articuno|Hurricane|p2a: Lugia|[miss]\n|-miss|p1a: Articuno|p2a: Lugia\n|-activate|p2a: Lugia|confusion\n|-damage|p2a: Lugia|129/275|[from] confusion\n|\n|upkeep\n|turn|11\n|inactive|Time left: 300 sec this turn | 300 sec total\n|\n|t:|1783562581\n|move|p1a: Articuno|Hurricane|p2a: Lugia\n|-damage|p2a: Lugia|21/275\n|-end|p2a: Lugia|confusion\n|move|p2a: Lugia|Recover|p2a: Lugia\n|-heal|p2a: Lugia|159/275\n|\n|upkeep\n|turn|12\n|inactive|Time left: 300 sec this turn | 300 sec total\n|\n|t:|1783562582\n|move|p1a: Articuno|Hurricane|p2a: Lugia\n|-damage|p2a: Lugia|51/275\n|move|p2a: Lugia|Recover|p2a: Lugia\n|-heal|p2a: Lugia|189/275\n|\n|upkeep\n|turn|13\n|inactive|Time left: 300 sec this turn | 300 sec total\n|\n|t:|1783562583\n|move|p1a: Articuno|Hurricane|p2a: Lugia|[miss]\n|-miss|p1a: Articuno|p2a: Lugia\n|move|p2a: Lugia|Recover|p2a: Lugia\n|-heal|p2a: Lugia|275/275\n|\n|upkeep\n|turn|14\n|inactive|Time left: 300 sec this turn | 300 sec total\n|\n|t:|1783562584\n|move|p1a: Articuno|Calm Mind|p1a: Articuno\n|-boost|p1a: Articuno|spa|1\n|-boost|p1a: Articuno|spd|1\n|move|p2a: Lugia|Aeroblast|p1a: Articuno\n|-damage|p1a: Articuno|83/100\n|\n|upkeep\n|turn|15\n|inactive|Time left: 300 sec this turn | 300 sec total\n|\n|t:|1783562585\n|move|p1a: Articuno|Hurricane|p2a: Lugia\n|-damage|p2a: Lugia|214/275\n|move|p2a: Lugia|Calm Mind|p2a: Lugia\n|-boost|p2a: Lugia|spa|1\n|-boost|p2a: Lugia|spd|1\n|\n|upkeep\n|turn|16\n|inactive|Time left: 300 sec this turn | 300 sec total\n|\n|t:|1783562586\n|move|p1a: Articuno|Hurricane|p2a: Lugia\n|-crit|p2a: Lugia\n|-damage|p2a: Lugia|0 fnt\n|faint|p2a: Lugia\n|\n|upkeep\n|inactive|Time left: 300 sec this turn | 300 sec total | 5 sec grace\n|\n|t:|1783562587\n|switch|p2a: Tentacruel|Tentacruel, L84, F|272/272\n|turn|17\n|inactive|Time left: 300 sec this turn | 300 sec total\n|\n|t:|1783562588\n|switch|p2a: Skarmory|Skarmory, L80, F|144/235\n|move|p1a: Articuno|Freezing Glare|p2a: Skarmory\n|-resisted|p2a: Skarmory\n|-damage|p2a: Skarmory|0 fnt\n|faint|p2a: Skarmory\n|\n|upkeep\n|inactive|Time left: 300 sec this turn | 300 sec total | 5 sec grace\n|\n|t:|1783562589\n|switch|p2a: Tentacruel|Tentacruel, L84, F|272/272\n|turn|18\n|inactive|Time left: 300 sec this turn | 300 sec total\n|\n|t:|1783562589\n|move|p2a: Tentacruel|Sludge Bomb|p1a: Articuno\n|-damage|p1a: Articuno|72/100\n|move|p1a: Articuno|Freezing Glare|p2a: Tentacruel\n|-supereffective|p2a: Tentacruel\n|-damage|p2a: Tentacruel|0 fnt\n|faint|p2a: Tentacruel\n|\n|upkeep\n|inactive|Time left: 300 sec this turn | 300 sec total | 5 sec grace\n|\n|t:|1783562590\n|switch|p2a: Scovillain|Scovillain, L91, M|266/266\n|turn|19\n|inactive|Time left: 300 sec this turn | 300 sec total\n|\n|t:|1783562591\n|switch|p2a: Vikavolt|Vikavolt, L83, M|263/263\n|move|p1a: Articuno|Freezing Glare|p2a: Vikavolt\n|-damage|p2a: Vikavolt|0 fnt\n|faint|p2a: Vikavolt\n|\n|upkeep\n|inactive|Time left: 300 sec this turn | 300 sec total | 5 sec grace\n|\n|t:|1783562592\n|switch|p2a: Zangoose|Zangoose, L85, F|215/263 tox\n|turn|20\n|inactive|Time left: 300 sec this turn | 300 sec total\n|\n|t:|1783562593\n|switch|p2a: Scovillain|Scovillain, L91, M|266/266\n|move|p1a: Articuno|Freezing Glare|p2a: Scovillain\n|-damage|p2a: Scovillain|0 fnt\n|faint|p2a: Scovillain\n|\n|upkeep\n|inactive|Time left: 300 sec this turn | 300 sec total | 5 sec grace\n|\n|t:|1783562593\n|switch|p2a: Zangoose|Zangoose, L85, F|215/263 tox\n|turn|21\n|inactive|Time left: 300 sec this turn | 300 sec total\n|\n|t:|1783562594\n|-terastallize|p2a: Zangoose|Normal\n|move|p1a: Articuno|Freezing Glare|p2a: Zangoose\n|-damage|p2a: Zangoose|0 fnt\n|faint|p2a: Zangoose\n|\n|win|p0x195117d7", "uploadtime": 1783562594, "views": 0, "rating": 0, "private": 0, "password": null, "_winner": "p0x195117d7", "_our_name": "p0y1951a91c"}