{"id": "battle-gen9randombattle-2449", "formatid": "gen9randombattle", "format": "[Gen 9] Random Battle", "players": ["p0x244983c5", "p0y2449ede1"], "log": "|init|battle\n|title|p0x244983c5 vs. p0y2449ede1\n|j|\u2606p0x244983c5\n|j|\u2606p0y2449ede1\n|t:|1783568403\n|gametype|singles\n|player|p1|p0x244983c5|266|\n|player|p2|p0y2449ede1|2|\n|gen|9\n|tier|[Gen 9] Random Battle\n|rule|Species Clause: Limit one of each Pok\u00e9mon\n|rule|HP Percentage Mod: HP is shown in percentages\n|rule|Sleep Clause Mod: Limit one foe put to sleep\n|rule|Illusion Level Mod: Illusion disguises the Pok\u00e9mon's true level\n|\n|t:|1783568403\n|teamsize|p1|6\n|teamsize|p2|6\n|start\n|switch|p1a: Kilowattrel|Kilowattrel, L83, M|252/252\n|switch|p2a: Hypno|Hypno, L95, F|100/100\n|turn|1\n|inactive|Battle timer is ON: inactive players will automatically lose when time's up. (requested by p0x244983c5)\n|inactive|p0y2449ede1 also wants the timer to be on.\n|\n|t:|1783568404\n|move|p1a: Kilowattrel|Hurricane|p2a: Hypno\n|-damage|p2a: Hypno|70/100\n|-start|p2a: Hypno|confusion\n|-activate|p2a: Hypno|confusion\n|-damage|p2a: Hypno|60/100|[from] confusion\n|\n|-heal|p2a: Hypno|66/100|[from] item: Leftovers\n|upkeep\n|turn|2\n|inactive|Time left: 300 sec this turn | 300 sec total\n|\n|t:|1783568405\n|switch|p2a: Dugtrio|Dugtrio-Alola, L84, M|100/100\n|move|p1a: Kilowattrel|U-turn|p2a: Dugtrio\n|-resisted|p2a: Dugtrio\n|-damage|p2a: Dugtrio|89/100\n|-ability|p2a: Dugtrio|Tangling Hair\n|-unboost|p1a: Kilowattrel|spe|1\n|inactive|Time left: 300 sec this turn | 300 sec total | 5 sec grace\n|\n|t:|1783568406\n|switch|p1a: Greninja|Greninja, L80, M|246/246|[from] U-turn\n|\n|upkeep\n|turn|3\n|inactive|Time left: 300 sec this turn | 300 sec total\n|\n|t:|1783568407\n|switch|p2a: Kommo-o|Kommo-o, L77, F|100/100\n|move|p1a: Greninja|Hydro Pump|p2a: Kommo-o\n|-start|p1a: Greninja|typechange|Water|[from] ability: Protean\n|-resisted|p2a: Kommo-o\n|-damage|p2a: Kommo-o|74/100\n|-damage|p1a: Greninja|222/246|[from] item: Life Orb\n|\n|upkeep\n|turn|4\n|inactive|Time left: 300 sec this turn | 300 sec total\n|\n|t:|1783568408\n|move|p1a: Greninja|Hydro Pump|p2a: Kommo-o|[miss]\n|-miss|p1a: Greninja|p2a: Kommo-o\n|move|p2a: Kommo-o|Clangorous Soul|p2a: Kommo-o\n|-boost|p2a: Kommo-o|atk|1\n|-boost|p2a: Kommo-o|def|1\n|-boost|p2a: Kommo-o|spa|1\n|-boost|p2a: Kommo-o|spd|1\n|-boost|p2a: Kommo-o|spe|1\n|-damage|p2a: Kommo-o|41/100\n|-enditem|p2a: Kommo-o|Throat Spray\n|-boost|p2a: Kommo-o|spa|1|[from] item: Throat Spray\n|\n|upkeep\n|turn|5\n|inactive|Time left: 300 sec this turn | 300 sec total\n|\n|t:|1783568409\n|switch|p1a: Munkidori|Munkidori, L79, M|269/269\n|move|p2a: Kommo-o|Clanging Scales|p1a: Munkidori\n|-crit|p1a: Munkidori\n|-damage|p1a: Munkidori|71/269\n|-unboost|p2a: Kommo-o|def|1\n|\n|upkeep\n|turn|6\n|inactive|Time left: 300 sec this turn | 300 sec total\n|\n|t:|1783568410\n|move|p1a: Munkidori|Fake Out|p2a: Kommo-o\n|-damage|p2a: Kommo-o|34/100\n|-status|p2a: Kommo-o|tox|[from] ability: Toxic Chain|[of] p1a: Munkidori\n|cant|p2a: Kommo-o|flinch\n|\n|-damage|p2a: Kommo-o|28/100 tox|[from] psn\n|upkeep\n|turn|7\n|inactive|Time left: 300 sec this turn | 300 sec total\n|\n|t:|1783568411\n|move|p2a: Kommo-o|Boomburst|p1a: Munkidori\n|-damage|p1a: Munkidori|0 fnt\n|faint|p1a: Munkidori\n|\n|-damage|p2a: Kommo-o|15/100 tox|[from] psn\n|upkeep\n|inactive|Time left: 300 sec this turn | 300 sec total | 5 sec grace\n|\n|t:|1783568412\n|switch|p1a: Regigigas|Regigigas, L84|322/322\n|-start|p1a: Regigigas|ability: Slow Start\n|turn|8\n|inactive|Time left: 300 sec this turn | 300 sec total\n|\n|t:|1783568413\n|move|p2a: Kommo-o|Drain Punch|p1a: Regigigas\n|-supereffective|p1a: Regigigas\n|-damage|p1a: Regigigas|152/322\n|-heal|p2a: Kommo-o|50/100 tox|[from] drain|[of] p1a: Regigigas\n|move|p1a: Regigigas|Body Slam|p2a: Kommo-o\n|-damage|p2a: Kommo-o|27/100 tox\n|\n|-heal|p1a: Regigigas|172/322|[from] item: Leftovers\n|-damage|p2a: Kommo-o|8/100 tox|[from] psn\n|upkeep\n|turn|9\n|inactive|Time left: 300 sec this turn | 300 sec total\n|\n|t:|1783568414\n|switch|p1a: Kilowattrel|Kilowattrel, L83, M|252/252\n|move|p2a: Kommo-o|Clanging Scales|p1a: Kilowattrel\n|-damage|p1a: Kilowattrel|0 fnt\n|faint|p1a: Kilowattrel\n|-unboost|p2a: Kommo-o|def|1\n|\n|-damage|p2a: Kommo-o|0 fnt|[from] psn\n|faint|p2a: Kommo-o\n|upkeep\n|inactive|Time left: 300 sec this turn | 300 sec total | 5 sec grace\n|\n|t:|1783568415\n|switch|p1a: Greninja|Greninja, L80, M|222/246\n|switch|p2a: Munkidori|Munkidori, L79, M|100/100\n|turn|10\n|inactive|Time left: 300 sec this turn | 300 sec total\n|\n|t:|1783568416\n|move|p1a: Greninja|Dark Pulse|p2a: Munkidori\n|-start|p1a: Greninja|typechange|Dark|[from] ability: Protean\n|-supereffective|p2a: Munkidori\n|-damage|p2a: Munkidori|24/100\n|-damage|p1a: Greninja|198/246|[from] item: Life Orb\n|move|p2a: Munkidori|Focus Blast|p1a: Greninja\n|-supereffective|p1a: Greninja\n|-damage|p1a: Greninja|0 fnt\n|faint|p1a: Greninja\n|-damage|p2a: Munkidori|15/100|[from] item: Life Orb\n|\n|upkeep\n|inactive|Time left: 300 sec this turn | 300 sec total | 5 sec grace\n|\n|t:|1783568417\n|switch|p1a: Cetitan|Cetitan, L82, F|413/413\n|turn|11\n|inactive|Time left: 300 sec this turn | 300 sec total\n|\n|t:|1783568418\n|move|p1a: Cetitan|Ice Shard|p2a: Munkidori\n|-damage|p2a: Munkidori|0 fnt\n|faint|p2a: Munkidori\n|-damage|p1a: Cetitan|372/413|[from] item: Life Orb\n|\n|upkeep\n|\n|t:|1783568419\n|switch|p2a: Feraligatr|Feraligatr, L79, M|100/100\n|turn|12\n|inactive|Time left: 300 sec this turn | 300 sec total\n|\n|t:|1783568420\n|move|p2a: Feraligatr|Dragon Dance|p2a: Feraligatr\n|-boost|p2a: Feraligatr|atk|1\n|-boost|p2a: Feraligatr|spe|1\n|move|p1a: Cetitan|Icicle Crash|p2a: Feraligatr\n|-resisted|p2a: Feraligatr\n|-damage|p2a: Feraligatr|69/100\n|\n|upkeep\n|turn|13\n|inactive|Time left: 300 sec this turn | 300 sec total\n|\n|t:|1783568421\n|move|p2a: Feraligatr|Liquidation|p1a: Cetitan\n|-damage|p1a: Cetitan|76/413\n|move|p1a: Cetitan|Superpower|p2a: Feraligatr\n|-damage|p2a: Feraligatr|27/100\n|-unboost|p1a: Cetitan|atk|1\n|-unboost|p1a: Cetitan|def|1\n|-damage|p1a: Cetitan|35/413|[from] item: Life Orb\n|\n|upkeep\n|turn|14\n|inactive|Time left: 300 sec this turn | 300 sec total\n|\n|t:|1783568422\n|move|p2a: Feraligatr|Liquidation|p1a: Cetitan\n|-damage|p1a: Cetitan|0 fnt\n|faint|p1a: Cetitan\n|\n|upkeep\n|inactive|Time left: 300 sec this turn | 300 sec total | 5 sec grace\n|\n|t:|1783568424\n|switch|p1a: Luvdisc|Luvdisc, M|247/247\n|turn|15\n|inactive|Time left: 300 sec this turn | 300 sec total\n|\n|t:|1783568425\n|-terastallize|p2a: Feraligatr|Grass\n|move|p2a: Feraligatr|Trailblaze|p1a: Luvdisc\n|-supereffective|p1a: Luvdisc\n|-damage|p1a: Luvdisc|0 fnt\n|faint|p1a: Luvdisc\n|\n|upkeep\n|inactive|Time left: 300 sec this turn | 300 sec total | 5 sec grace\n|\n|t:|1783568425\n|switch|p1a: Regigigas|Regigigas, L84|172/322\n|-start|p1a: Regigigas|ability: Slow Start\n|turn|16\n|inactive|Time left: 300 sec this turn | 300 sec total\n|\n|t:|1783568426\n|move|p2a: Feraligatr|Liquidation|p1a: Regigigas\n|-damage|p1a: Regigigas|0 fnt\n|faint|p1a: Regigigas\n|-end|p1a: Regigigas|Slow Start|[silent]\n|\n|win|p0y2449ede1", "uploadtime": 1783568426, "views": 0, "rating": 0, "private": 0, "password": null, "_winner": "p0y2449ede1", "_our_name": "p0x244983c5"}