{"id": "battle-gen9randombattle-50", "formatid": "gen9randombattle", "format": "[Gen 9] Random Battle", "players": ["p0x050a668", "p0y0508d95"], "log": "|init|battle\n|title|p0x050a668 vs. p0y0508d95\n|j|\u2606p0x050a668\n|j|\u2606p0y0508d95\n|t:|1783533783\n|gametype|singles\n|player|p1|p0x050a668|102|\n|player|p2|p0y0508d95|2|\n|gen|9\n|tier|[Gen 9] Random Battle\n|rule|Species Clause: Limit one of each Pok\u00e9mon\n|rule|HP Percentage Mod: HP is shown in percentages\n|rule|Sleep Clause Mod: Limit one foe put to sleep\n|rule|Illusion Level Mod: Illusion disguises the Pok\u00e9mon's true level\n|\n|t:|1783533783\n|teamsize|p1|6\n|teamsize|p2|6\n|start\n|switch|p1a: Muk|Muk-Alola, L82, M|306/306\n|switch|p2a: Falinks|Falinks, L84|100/100\n|turn|1\n|inactive|Battle timer is ON: inactive players will automatically lose when time's up. (requested by p0x050a668)\n|inactive|p0y0508d95 also wants the timer to be on.\n|\n|t:|1783533785\n|move|p2a: Falinks|No Retreat|p2a: Falinks\n|-boost|p2a: Falinks|atk|1\n|-boost|p2a: Falinks|def|1\n|-boost|p2a: Falinks|spa|1\n|-boost|p2a: Falinks|spd|1\n|-boost|p2a: Falinks|spe|1\n|-start|p2a: Falinks|move: No Retreat\n|move|p1a: Muk|Ice Punch|p2a: Falinks\n|-damage|p2a: Falinks|87/100\n|-status|p2a: Falinks|frz\n|\n|upkeep\n|turn|2\n|inactive|Time left: 300 sec this turn | 300 sec total\n|\n|t:|1783533786\n|-curestatus|p2a: Falinks|frz|[msg]\n|move|p2a: Falinks|Knock Off|p1a: Muk\n|-resisted|p1a: Muk\n|-damage|p1a: Muk|232/306\n|-enditem|p1a: Muk|Assault Vest|[from] move: Knock Off|[of] p2a: Falinks\n|-damage|p2a: Falinks|77/100|[from] item: Life Orb\n|move|p1a: Muk|Knock Off|p2a: Falinks\n|-resisted|p2a: Falinks\n|-damage|p2a: Falinks|65/100\n|-enditem|p2a: Falinks|Life Orb|[from] move: Knock Off|[of] p1a: Muk\n|\n|upkeep\n|turn|3\n|inactive|Time left: 300 sec this turn | 300 sec total\n|\n|t:|1783533787\n|move|p2a: Falinks|Iron Head|p1a: Muk\n|-damage|p1a: Muk|128/306\n|cant|p1a: Muk|flinch\n|\n|upkeep\n|turn|4\n|inactive|Time left: 300 sec this turn | 300 sec total\n|\n|t:|1783533788\n|move|p2a: Falinks|Iron Head|p1a: Muk\n|-damage|p1a: Muk|28/306\n|cant|p1a: Muk|flinch\n|\n|upkeep\n|turn|5\n|inactive|Time left: 300 sec this turn | 300 sec total\n|\n|t:|1783533789\n|move|p2a: Falinks|Knock Off|p1a: Muk\n|-resisted|p1a: Muk\n|-damage|p1a: Muk|0 fnt\n|faint|p1a: Muk\n|\n|upkeep\n|inactive|Time left: 300 sec this turn | 300 sec total | 5 sec grace\n|\n|t:|1783533790\n|switch|p1a: Koraidon|Koraidon, L64|235/235\n|-weather|SunnyDay|[from] ability: Orichalcum Pulse|[of] p1a: Koraidon\n|-activate|p1a: Koraidon|Orichalcum Pulse|[source]\n|turn|6\n|inactive|Time left: 300 sec this turn | 300 sec total\n|\n|t:|1783533792\n|move|p2a: Falinks|Knock Off|p1a: Koraidon\n|-resisted|p1a: Koraidon\n|-crit|p1a: Koraidon\n|-damage|p1a: Koraidon|154/235\n|-enditem|p1a: Koraidon|Choice Band|[from] move: Knock Off|[of] p2a: Falinks\n|move|p1a: Koraidon|Flare Blitz|p2a: Falinks\n|-damage|p2a: Falinks|33/100\n|-damage|p1a: Koraidon|128/235|[from] Recoil\n|\n|-weather|SunnyDay|[upkeep]\n|upkeep\n|turn|7\n|inactive|Time left: 300 sec this turn | 300 sec total\n|\n|t:|1783533793\n|switch|p1a: Sinistcha|Sinistcha-Masterpiece, L83|254/254\n|move|p2a: Falinks|Close Combat|p1a: Sinistcha\n|-immune|p1a: Sinistcha\n|\n|-weather|SunnyDay|[upkeep]\n|upkeep\n|turn|8\n|inactive|Time left: 300 sec this turn | 300 sec total\n|\n|t:|1783533794\n|-terastallize|p2a: Falinks|Dark\n|move|p2a: Falinks|Knock Off|p1a: Sinistcha\n|-supereffective|p1a: Sinistcha\n|-damage|p1a: Sinistcha|0 fnt\n|-enditem|p1a: Sinistcha|Leftovers|[from] move: Knock Off|[of] p2a: Falinks\n|faint|p1a: Sinistcha\n|\n|-weather|SunnyDay|[upkeep]\n|upkeep\n|inactive|Time left: 300 sec this turn | 300 sec total | 5 sec grace\n|\n|t:|1783533795\n|switch|p1a: Tsareena|Tsareena, L87, F|267/267\n|turn|9\n|inactive|Time left: 300 sec this turn | 300 sec total\n|\n|t:|1783533796\n|move|p2a: Falinks|Knock Off|p1a: Tsareena\n|-damage|p1a: Tsareena|123/267\n|-enditem|p1a: Tsareena|Life Orb|[from] move: Knock Off|[of] p2a: Falinks\n|move|p1a: Tsareena|Power Whip|p2a: Falinks\n|-damage|p2a: Falinks|0 fnt\n|faint|p2a: Falinks\n|\n|-weather|SunnyDay|[upkeep]\n|upkeep\n|\n|t:|1783533797\n|switch|p2a: Salazzle|Salazzle, L83, F|100/100\n|turn|10\n|inactive|Time left: 300 sec this turn | 300 sec total\n|\n|t:|1783533798\n|switch|p1a: Wyrdeer|Wyrdeer, L87, F|321/321\n|-ability|p1a: Wyrdeer|Intimidate|boost\n|-unboost|p2a: Salazzle|atk|1\n|move|p2a: Salazzle|Flamethrower|p1a: Wyrdeer\n|-damage|p1a: Wyrdeer|204/321\n|\n|-weather|none\n|upkeep\n|turn|11\n|inactive|Time left: 300 sec this turn | 300 sec total\n|\n|t:|1783533799\n|switch|p2a: Articuno|Articuno-Galar, L84|100/100\n|move|p1a: Wyrdeer|Psychic Noise|p2a: Articuno\n|-resisted|p2a: Articuno\n|-damage|p2a: Articuno|87/100\n|-start|p2a: Articuno|move: Heal Block\n|\n|upkeep\n|turn|12\n|inactive|Time left: 300 sec this turn | 300 sec total\n|\n|t:|1783533801\n|move|p2a: Articuno|Calm Mind|p2a: Articuno\n|-boost|p2a: Articuno|spa|1\n|-boost|p2a: Articuno|spd|1\n|move|p1a: Wyrdeer|Body Slam|p2a: Articuno\n|-damage|p2a: Articuno|49/100\n|\n|-end|p2a: Articuno|move: Heal Block\n|upkeep\n|turn|13\n|inactive|Time left: 300 sec this turn | 300 sec total\n|\n|t:|1783533802\n|move|p2a: Articuno|Recover|p2a: Articuno\n|-heal|p2a: Articuno|99/100\n|move|p1a: Wyrdeer|Body Slam|p2a: Articuno\n|-damage|p2a: Articuno|66/100\n|\n|upkeep\n|turn|14\n|inactive|Time left: 300 sec this turn | 300 sec total\n|\n|t:|1783533803\n|move|p2a: Articuno|Hurricane|p1a: Wyrdeer\n|-damage|p1a: Wyrdeer|62/321\n|move|p1a: Wyrdeer|Body Slam|p2a: Articuno\n|-damage|p2a: Articuno|26/100\n|\n|upkeep\n|turn|15\n|inactive|Time left: 300 sec this turn | 300 sec total\n|\n|t:|1783533804\n|move|p2a: Articuno|Recover|p2a: Articuno\n|-heal|p2a: Articuno|76/100\n|move|p1a: Wyrdeer|Body Slam|p2a: Articuno\n|-damage|p2a: Articuno|38/100\n|-status|p2a: Articuno|par\n|\n|upkeep\n|turn|16\n|inactive|Time left: 300 sec this turn | 300 sec total\n|\n|t:|1783533805\n|move|p1a: Wyrdeer|Body Slam|p2a: Articuno\n|-crit|p2a: Articuno\n|-damage|p2a: Articuno|0 fnt\n|faint|p2a: Articuno\n|\n|upkeep\n|\n|t:|1783533806\n|switch|p2a: Salazzle|Salazzle, L83, F|100/100\n|turn|17\n|inactive|Time left: 300 sec this turn | 300 sec total\n|\n|t:|1783533807\n|switch|p1a: Cetitan|Cetitan, L82, M|412/412\n|move|p2a: Salazzle|Flamethrower|p1a: Cetitan\n|-supereffective|p1a: Cetitan\n|-damage|p1a: Cetitan|254/412\n|\n|upkeep\n|turn|18\n|inactive|Time left: 300 sec this turn | 300 sec total\n|\n|t:|1783533809\n|move|p2a: Salazzle|Substitute|p2a: Salazzle\n|-start|p2a: Salazzle|Substitute\n|-damage|p2a: Salazzle|76/100\n|move|p1a: Cetitan|Earthquake|p2a: Salazzle\n|-supereffective|p2a: Salazzle\n|-end|p2a: Salazzle|Substitute\n|\n|-heal|p2a: Salazzle|82/100|[from] item: Leftovers\n|upkeep\n|turn|19\n|inactive|Time left: 300 sec this turn | 300 sec total\n|\n|t:|1783533810\n|move|p2a: Salazzle|Substitute|p2a: Salazzle\n|-start|p2a: Salazzle|Substitute\n|-damage|p2a: Salazzle|57/100\n|move|p1a: Cetitan|Earthquake|p2a: Salazzle\n|-supereffective|p2a: Salazzle\n|-end|p2a: Salazzle|Substitute\n|\n|-heal|p2a: Salazzle|63/100|[from] item: Leftovers\n|upkeep\n|turn|20\n|inactive|Time left: 300 sec this turn | 300 sec total\n|\n|t:|1783533811\n|move|p2a: Salazzle|Flamethrower|p1a: Cetitan\n|-supereffective|p1a: Cetitan\n|-damage|p1a: Cetitan|98/412\n|-enditem|p1a: Cetitan|Sitrus Berry|[eat]\n|-heal|p1a: Cetitan|201/412|[from] item: Sitrus Berry\n|move|p1a: Cetitan|Earthquake|p2a: Salazzle\n|-supereffective|p2a: Salazzle\n|-damage|p2a: Salazzle|0 fnt\n|faint|p2a: Salazzle\n|\n|upkeep\n|\n|t:|1783533812\n|switch|p2a: Phione|Phione, L91|100/100\n|turn|21\n|inactive|Time left: 300 sec this turn | 300 sec total\n|\n|t:|1783533813\n|move|p2a: Phione|Scald|p1a: Cetitan\n|-damage|p1a: Cetitan|77/412\n|move|p1a: Cetitan|Earthquake|p2a: Phione\n|-damage|p2a: Phione|75/100\n|\n|-heal|p2a: Phione|81/100|[from] item: Leftovers\n|upkeep\n|turn|22\n|inactive|Time left: 300 sec this turn | 300 sec total\n|\n|t:|1783533814\n|switch|p1a: Tsareena|Tsareena, L87, F|123/267\n|move|p2a: Phione|Scald|p1a: Tsareena\n|-resisted|p1a: Tsareena\n|-damage|p1a: Tsareena|85/267\n|-status|p1a: Tsareena|brn\n|\n|-heal|p2a: Phione|88/100|[from] item: Leftovers\n|-damage|p1a: Tsareena|69/267 brn|[from] brn\n|upkeep\n|turn|23\n|inactive|Time left: 300 sec this turn | 300 sec total\n|\n|t:|1783533815\n|move|p2a: Phione|Ice Beam|p1a: Tsareena\n|-supereffective|p1a: Tsareena\n|-damage|p1a: Tsareena|0 fnt\n|faint|p1a: Tsareena\n|\n|-heal|p2a: Phione|94/100|[from] item: Leftovers\n|upkeep\n|inactive|Time left: 300 sec this turn | 300 sec total | 5 sec grace\n|\n|t:|1783533816\n|switch|p1a: Koraidon|Koraidon, L64|128/235\n|-weather|SunnyDay|[from] ability: Orichalcum Pulse|[of] p1a: Koraidon\n|-activate|p1a: Koraidon|Orichalcum Pulse|[source]\n|turn|24\n|inactive|Time left: 300 sec this turn | 300 sec total\n|\n|t:|1783533817\n|-terastallize|p1a: Koraidon|Fire\n|move|p1a: Koraidon|Outrage|p2a: Phione\n|-damage|p2a: Phione|52/100\n|move|p2a: Phione|Ice Beam|p1a: Koraidon\n|-resisted|p1a: Koraidon\n|-damage|p1a: Koraidon|92/235\n|\n|-weather|SunnyDay|[upkeep]\n|-heal|p2a: Phione|59/100|[from] item: Leftovers\n|upkeep\n|turn|25\n|inactive|Time left: 300 sec this turn | 300 sec total\n|\n|t:|1783533818\n|move|p1a: Koraidon|Outrage|p2a: Phione|[from] lockedmove\n|-damage|p2a: Phione|18/100\n|-start|p1a: Koraidon|confusion|[fatigue]\n|move|p2a: Phione|Scald|p1a: Koraidon\n|-supereffective|p1a: Koraidon\n|-damage|p1a: Koraidon|0 fnt\n|faint|p1a: Koraidon\n|\n|-weather|SunnyDay|[upkeep]\n|-heal|p2a: Phione|24/100|[from] item: Leftovers\n|upkeep\n|inactive|Time left: 300 sec this turn | 300 sec total | 5 sec grace\n|\n|t:|1783533819\n|switch|p1a: Wyrdeer|Wyrdeer, L87, F|62/321\n|-ability|p1a: Wyrdeer|Intimidate|boost\n|-unboost|p2a: Phione|atk|1\n|turn|26\n|inactive|Time left: 300 sec this turn | 300 sec total\n|\n|t:|1783533820\n|switch|p2a: Zarude|Zarude-Dada, L77|100/100\n|move|p1a: Wyrdeer|Earthquake|p2a: Zarude\n|-resisted|p2a: Zarude\n|-damage|p2a: Zarude|88/100\n|\n|-weather|SunnyDay|[upkeep]\n|upkeep\n|turn|27\n|inactive|Time left: 300 sec this turn | 300 sec total\n|\n|t:|1783533821\n|move|p2a: Zarude|Knock Off|p1a: Wyrdeer\n|-supereffective|p1a: Wyrdeer\n|-damage|p1a: Wyrdeer|0 fnt\n|-enditem|p1a: Wyrdeer|Assault Vest|[from] move: Knock Off|[of] p2a: Zarude\n|faint|p1a: Wyrdeer\n|-damage|p2a: Zarude|79/100|[from] item: Life Orb\n|\n|-weather|SunnyDay|[upkeep]\n|upkeep\n|inactive|Time left: 300 sec this turn | 300 sec total | 5 sec grace\n|\n|t:|1783533822\n|switch|p1a: Cetitan|Cetitan, L82, M|77/412\n|turn|28\n|inactive|Time left: 300 sec this turn | 300 sec total\n|\n|t:|1783533823\n|move|p1a: Cetitan|Ice Shard|p2a: Zarude\n|-supereffective|p2a: Zarude\n|-damage|p2a: Zarude|47/100\n|move|p2a: Zarude|Close Combat|p1a: Cetitan\n|-supereffective|p1a: Cetitan\n|-damage|p1a: Cetitan|0 fnt\n|-unboost|p2a: Zarude|def|1\n|-unboost|p2a: Zarude|spd|1\n|faint|p1a: Cetitan\n|-damage|p2a: Zarude|37/100|[from] item: Life Orb\n|\n|win|p0y0508d95", "uploadtime": 1783533823, "views": 0, "rating": 0, "private": 0, "password": null, "_winner": "p0y0508d95", "_our_name": "p0x050a668"}