{"id": "battle-gen9randombattle-2470", "formatid": "gen9randombattle", "format": "[Gen 9] Random Battle", "players": ["p0x2470f472", "p0y2470ba48"], "log": "|init|battle\n|title|p0x2470f472 vs. p0y2470ba48\n|j|\u2606p0x2470f472\n|j|\u2606p0y2470ba48\n|t:|1783568640\n|gametype|singles\n|player|p1|p0x2470f472|265|\n|player|p2|p0y2470ba48|170|\n|gen|9\n|tier|[Gen 9] Random Battle\n|rule|Species Clause: Limit one of each Pok\u00e9mon\n|rule|HP Percentage Mod: HP is shown in percentages\n|rule|Sleep Clause Mod: Limit one foe put to sleep\n|rule|Illusion Level Mod: Illusion disguises the Pok\u00e9mon's true level\n|\n|t:|1783568640\n|teamsize|p1|6\n|teamsize|p2|6\n|start\n|switch|p1a: Espathra|Espathra, L80, M|283/283\n|switch|p2a: Regidrago|Regidrago, L77|100/100\n|turn|1\n|inactive|Battle timer is ON: inactive players will automatically lose when time's up. (requested by p0y2470ba48)\n|inactive|Time left: 300 sec this turn | 300 sec total | 60 sec grace\n|inactive|p0x2470f472 also wants the timer to be on.\n|\n|t:|1783568641\n|-terastallize|p2a: Regidrago|Dragon\n|move|p2a: Regidrago|Outrage|p1a: Espathra\n|-damage|p1a: Espathra|0 fnt\n|faint|p1a: Espathra\n|\n|upkeep\n|inactive|Time left: 300 sec this turn | 300 sec total | 65 sec grace\n|\n|t:|1783568642\n|switch|p1a: Heatran|Heatran, L79, F|273/273\n|-item|p1a: Heatran|Air Balloon\n|turn|2\n|inactive|Time left: 300 sec this turn | 300 sec total\n|\n|t:|1783568644\n|move|p2a: Regidrago|Outrage|p1a: Heatran|[from] lockedmove\n|-resisted|p1a: Heatran\n|-damage|p1a: Heatran|166/273\n|-enditem|p1a: Heatran|Air Balloon\n|move|p1a: Heatran|Stealth Rock|p2a: Regidrago\n|-sidestart|p2: p0y2470ba48|move: Stealth Rock\n|\n|upkeep\n|turn|3\n|inactive|Time left: 300 sec this turn | 300 sec total\n|\n|t:|1783568645\n|move|p2a: Regidrago|Outrage|p1a: Heatran|[from] lockedmove\n|-resisted|p1a: Heatran\n|-damage|p1a: Heatran|73/273\n|-start|p2a: Regidrago|confusion|[fatigue]\n|move|p1a: Heatran|Earth Power|p2a: Regidrago\n|-damage|p2a: Regidrago|75/100\n|\n|upkeep\n|turn|4\n|inactive|Time left: 300 sec this turn | 300 sec total\n|\n|t:|1783568646\n|-activate|p2a: Regidrago|confusion\n|-damage|p2a: Regidrago|67/100|[from] confusion\n|move|p1a: Heatran|Earth Power|p2a: Regidrago\n|-damage|p2a: Regidrago|41/100\n|\n|upkeep\n|turn|5\n|inactive|Time left: 300 sec this turn | 300 sec total\n|\n|t:|1783568647\n|-activate|p2a: Regidrago|confusion\n|move|p2a: Regidrago|Outrage|p1a: Heatran\n|-resisted|p1a: Heatran\n|-damage|p1a: Heatran|0 fnt\n|faint|p1a: Heatran\n|\n|upkeep\n|inactive|Time left: 300 sec this turn | 300 sec total | 5 sec grace\n|\n|t:|1783568648\n|switch|p1a: Necrozma|Necrozma, L80|286/286\n|turn|6\n|inactive|Time left: 300 sec this turn | 300 sec total\n|\n|t:|1783568649\n|-terastallize|p1a: Necrozma|Steel\n|-end|p2a: Regidrago|confusion\n|move|p2a: Regidrago|Outrage|p1a: Necrozma|[from] lockedmove\n|-resisted|p1a: Necrozma\n|-damage|p1a: Necrozma|182/286\n|move|p1a: Necrozma|Dragon Dance|p1a: Necrozma\n|-boost|p1a: Necrozma|atk|1\n|-boost|p1a: Necrozma|spe|1\n|\n|upkeep\n|turn|7\n|inactive|Time left: 300 sec this turn | 300 sec total\n|\n|t:|1783568650\n|move|p1a: Necrozma|Photon Geyser|p2a: Regidrago\n|-damage|p2a: Regidrago|0 fnt\n|faint|p2a: Regidrago\n|\n|upkeep\n|\n|t:|1783568651\n|switch|p2a: Overqwil|Overqwil, L82, F|100/100\n|-damage|p2a: Overqwil|88/100|[from] Stealth Rock\n|-ability|p2a: Overqwil|Intimidate|boost\n|-unboost|p1a: Necrozma|atk|1\n|turn|8\n|inactive|Time left: 300 sec this turn | 300 sec total\n|\n|t:|1783568652\n|move|p1a: Necrozma|Earthquake|p2a: Overqwil\n|-supereffective|p2a: Overqwil\n|-damage|p2a: Overqwil|36/100\n|move|p2a: Overqwil|Crunch|p1a: Necrozma\n|-damage|p1a: Necrozma|98/286\n|-unboost|p1a: Necrozma|def|1\n|\n|upkeep\n|turn|9\n|inactive|Time left: 300 sec this turn | 300 sec total\n|\n|t:|1783568653\n|move|p1a: Necrozma|Earthquake|p2a: Overqwil\n|-supereffective|p2a: Overqwil\n|-damage|p2a: Overqwil|0 fnt\n|faint|p2a: Overqwil\n|\n|upkeep\n|\n|t:|1783568654\n|switch|p2a: Torterra|Torterra, L78, F|100/100\n|-damage|p2a: Torterra|94/100|[from] Stealth Rock\n|turn|10\n|inactive|Time left: 300 sec this turn | 300 sec total\n|\n|t:|1783568655\n|switch|p1a: Breloom|Breloom, L83, F|235/235\n|move|p2a: Torterra|Shell Smash|p2a: Torterra\n|-unboost|p2a: Torterra|def|1\n|-unboost|p2a: Torterra|spd|1\n|-boost|p2a: Torterra|atk|2\n|-boost|p2a: Torterra|spa|2\n|-boost|p2a: Torterra|spe|2\n|\n|upkeep\n|turn|11\n|inactive|Time left: 300 sec this turn | 300 sec total\n|\n|t:|1783568656\n|move|p2a: Torterra|Headlong Rush|p1a: Breloom\n|-resisted|p1a: Breloom\n|-damage|p1a: Breloom|109/235\n|-unboost|p2a: Torterra|def|1\n|-unboost|p2a: Torterra|spd|1\n|move|p1a: Breloom|Bullet Seed|p2a: Torterra\n|-damage|p2a: Torterra|49/100\n|-damage|p2a: Torterra|8/100\n|-hitcount|p2a: Torterra|2\n|-damage|p1a: Breloom|86/235|[from] item: Life Orb\n|\n|upkeep\n|turn|12\n|inactive|Time left: 300 sec this turn | 300 sec total\n|\n|t:|1783568657\n|move|p1a: Breloom|Mach Punch|p2a: Torterra\n|-damage|p2a: Torterra|0 fnt\n|faint|p2a: Torterra\n|-damage|p1a: Breloom|63/235|[from] item: Life Orb\n|\n|upkeep\n|\n|t:|1783568657\n|switch|p2a: Palkia|Palkia-Origin, L72|100/100\n|-damage|p2a: Palkia|88/100|[from] Stealth Rock\n|-ability|p2a: Palkia|Pressure\n|turn|13\n|inactive|Time left: 300 sec this turn | 300 sec total\n|\n|t:|1783568658\n|move|p1a: Breloom|Mach Punch|p2a: Palkia\n|-damage|p2a: Palkia|42/100\n|-damage|p1a: Breloom|40/235|[from] item: Life Orb\n|move|p2a: Palkia|Fire Blast|p1a: Breloom\n|-supereffective|p1a: Breloom\n|-damage|p1a: Breloom|0 fnt\n|faint|p1a: Breloom\n|\n|upkeep\n|inactive|Time left: 300 sec this turn | 300 sec total | 5 sec grace\n|\n|t:|1783568659\n|switch|p1a: Bellibolt|Bellibolt, L84, M|320/320\n|turn|14\n|inactive|Time left: 300 sec this turn | 300 sec total\n|\n|t:|1783568660\n|move|p2a: Palkia|Hydro Pump|p1a: Bellibolt|[miss]\n|-miss|p2a: Palkia|p1a: Bellibolt\n|move|p1a: Bellibolt|Thunderbolt|p2a: Palkia\n|-damage|p2a: Palkia|5/100\n|\n|upkeep\n|turn|15\n|inactive|Time left: 300 sec this turn | 300 sec total\n|\n|t:|1783568661\n|move|p2a: Palkia|Draco Meteor|p1a: Bellibolt\n|-crit|p1a: Bellibolt\n|-damage|p1a: Bellibolt|37/320\n|-unboost|p2a: Palkia|spa|2\n|-start|p1a: Bellibolt|Charge|Draco Meteor|[from] ability: Electromorphosis\n|move|p1a: Bellibolt|Toxic|p2a: Palkia\n|-status|p2a: Palkia|tox\n|\n|-heal|p1a: Bellibolt|57/320|[from] item: Leftovers\n|-damage|p2a: Palkia|0 fnt|[from] psn\n|faint|p2a: Palkia\n|upkeep\n|\n|t:|1783568662\n|switch|p2a: Deoxys|Deoxys-Attack, L72|100/100\n|-damage|p2a: Deoxys|88/100|[from] Stealth Rock\n|-ability|p2a: Deoxys|Pressure\n|turn|16\n|inactive|Time left: 300 sec this turn | 300 sec total\n|\n|t:|1783568663\n|switch|p1a: Dewgong|Dewgong, L94, F|322/322\n|move|p2a: Deoxys|Knock Off|p1a: Dewgong\n|-damage|p1a: Dewgong|218/322\n|-enditem|p1a: Dewgong|Heavy-Duty Boots|[from] move: Knock Off|[of] p2a: Deoxys\n|-damage|p2a: Deoxys|79/100|[from] item: Life Orb\n|\n|upkeep\n|turn|17\n|inactive|Time left: 300 sec this turn | 300 sec total\n|\n|t:|1783568664\n|switch|p1a: Bellibolt|Bellibolt, L84, M|57/320\n|move|p2a: Deoxys|Superpower|p1a: Bellibolt\n|-damage|p1a: Bellibolt|0 fnt\n|-unboost|p2a: Deoxys|atk|1\n|-unboost|p2a: Deoxys|def|1\n|faint|p1a: Bellibolt\n|-damage|p2a: Deoxys|69/100|[from] item: Life Orb\n|\n|upkeep\n|inactive|Time left: 300 sec this turn | 300 sec total | 5 sec grace\n|\n|t:|1783568665\n|switch|p1a: Dewgong|Dewgong, L94, F|218/322\n|turn|18\n|inactive|Time left: 300 sec this turn | 300 sec total\n|\n|t:|1783568666\n|move|p2a: Deoxys|Psycho Boost|p1a: Dewgong\n|-damage|p1a: Dewgong|18/322\n|-unboost|p2a: Deoxys|spa|2\n|-damage|p2a: Deoxys|59/100|[from] item: Life Orb\n|move|p1a: Dewgong|Encore|p2a: Deoxys\n|-start|p2a: Deoxys|Encore\n|\n|upkeep\n|turn|19\n|inactive|Time left: 300 sec this turn | 300 sec total\n|\n|t:|1783568667\n|switch|p2a: Alomomola|Alomomola, L87, F|100/100\n|move|p1a: Dewgong|Flip Turn|p2a: Alomomola\n|-resisted|p2a: Alomomola\n|-damage|p2a: Alomomola|92/100\n|inactive|Time left: 300 sec this turn | 300 sec total | 5 sec grace\n|\n|t:|1783568668\n|switch|p1a: Necrozma|Necrozma, L80, tera:Steel|98/286|[from] Flip Turn\n|\n|upkeep\n|turn|20\n|inactive|Time left: 300 sec this turn | 300 sec total\n|\n|t:|1783568669\n|move|p1a: Necrozma|Earthquake|p2a: Alomomola\n|-damage|p2a: Alomomola|75/100\n|move|p2a: Alomomola|Scald|p1a: Necrozma\n|-damage|p1a: Necrozma|49/286\n|-status|p1a: Necrozma|brn\n|\n|-damage|p1a: Necrozma|32/286 brn|[from] brn\n|upkeep\n|turn|21\n|inactive|Time left: 300 sec this turn | 300 sec total\n|\n|t:|1783568670\n|move|p1a: Necrozma|Dragon Dance|p1a: Necrozma\n|-boost|p1a: Necrozma|atk|1\n|-boost|p1a: Necrozma|spe|1\n|move|p2a: Alomomola|Flip Turn|p1a: Necrozma\n|-damage|p1a: Necrozma|0 fnt\n|faint|p1a: Necrozma\n|\n|t:|1783568671\n|switch|p2a: Deoxys|Deoxys-Attack, L72|59/100|[from] Flip Turn\n|-damage|p2a: Deoxys|47/100|[from] Stealth Rock\n|-ability|p2a: Deoxys|Pressure\n|\n|upkeep\n|inactive|Time left: 300 sec this turn | 300 sec total | 10 sec grace\n|\n|t:|1783568671\n|switch|p1a: Dewgong|Dewgong, L94, F|18/322\n|turn|22\n|inactive|Time left: 300 sec this turn | 300 sec total\n|\n|t:|1783568672\n|move|p2a: Deoxys|Knock Off|p1a: Dewgong\n|-damage|p1a: Dewgong|0 fnt\n|faint|p1a: Dewgong\n|-damage|p2a: Deoxys|37/100|[from] item: Life Orb\n|\n|win|p0y2470ba48", "uploadtime": 1783568672, "views": 0, "rating": 0, "private": 0, "password": null, "_winner": "p0y2470ba48", "_our_name": "p0x2470f472"}