{"id": "battle-gen9randombattle-454", "formatid": "gen9randombattle", "format": "[Gen 9] Random Battle", "players": ["p0x4540119", "p0y454bcfc"], "log": "|init|battle\n|title|p0x4540119 vs. p0y454bcfc\n|j|\u2606p0x4540119\n|j|\u2606p0y454bcfc\n|t:|1783544341\n|gametype|singles\n|player|p1|p0x4540119|265|\n|player|p2|p0y454bcfc|2|\n|gen|9\n|tier|[Gen 9] Random Battle\n|rule|Species Clause: Limit one of each Pok\u00e9mon\n|rule|HP Percentage Mod: HP is shown in percentages\n|rule|Sleep Clause Mod: Limit one foe put to sleep\n|rule|Illusion Level Mod: Illusion disguises the Pok\u00e9mon's true level\n|\n|t:|1783544341\n|teamsize|p1|6\n|teamsize|p2|6\n|start\n|switch|p1a: Sandaconda|Sandaconda, L84, F|100/100\n|switch|p2a: Iron Valiant|Iron Valiant, L78|244/244\n|turn|1\n|inactive|Battle timer is ON: inactive players will automatically lose when time's up. (requested by p0y454bcfc)\n|inactive|p0x4540119 also wants the timer to be on.\n|\n|t:|1783544342\n|move|p2a: Iron Valiant|Moonblast|p1a: Sandaconda\n|-damage|p1a: Sandaconda|35/100\n|-damage|p2a: Iron Valiant|220/244|[from] item: Life Orb\n|move|p1a: Sandaconda|Earthquake|p2a: Iron Valiant\n|-damage|p2a: Iron Valiant|97/244\n|\n|-heal|p1a: Sandaconda|42/100|[from] item: Leftovers\n|upkeep\n|turn|2\n|inactive|Time left: 300 sec this turn | 300 sec total\n|\n|t:|1783544343\n|switch|p1a: Zacian|Zacian, L69|100/100\n|-ability|p1a: Zacian|Intrepid Sword|boost\n|-boost|p1a: Zacian|atk|1\n|move|p2a: Iron Valiant|Moonblast|p1a: Zacian\n|-damage|p1a: Zacian|44/100\n|-unboost|p1a: Zacian|spa|1\n|-damage|p2a: Iron Valiant|73/244|[from] item: Life Orb\n|\n|upkeep\n|turn|3\n|inactive|Time left: 300 sec this turn | 300 sec total\n|\n|t:|1783544345\n|-end|p2a: Iron Valiant|Quark Drive|[silent]\n|switch|p2a: Ursaluna|Ursaluna, L79, F|335/335\n|move|p1a: Zacian|Play Rough|p2a: Ursaluna\n|-damage|p2a: Ursaluna|202/335\n|-damage|p1a: Zacian|34/100|[from] item: Life Orb\n|\n|-status|p2a: Ursaluna|brn|[from] item: Flame Orb\n|upkeep\n|turn|4\n|inactive|Time left: 300 sec this turn | 300 sec total\n|\n|t:|1783544346\n|switch|p2a: Polteageist|Polteageist-Antique, L78|222/222\n|move|p1a: Zacian|Close Combat|p2a: Polteageist\n|-immune|p2a: Polteageist\n|\n|upkeep\n|turn|5\n|inactive|Time left: 300 sec this turn | 300 sec total\n|\n|t:|1783544347\n|move|p1a: Zacian|Play Rough|p2a: Polteageist\n|-damage|p2a: Polteageist|18/222\n|-start|p1a: Zacian|Disable|Play Rough|[from] ability: Cursed Body|[of] p2a: Polteageist\n|-damage|p1a: Zacian|24/100|[from] item: Life Orb\n|move|p2a: Polteageist|Shell Smash|p2a: Polteageist\n|-unboost|p2a: Polteageist|def|1\n|-unboost|p2a: Polteageist|spd|1\n|-boost|p2a: Polteageist|atk|2\n|-boost|p2a: Polteageist|spa|2\n|-boost|p2a: Polteageist|spe|2\n|-enditem|p2a: Polteageist|White Herb\n|-clearnegativeboost|p2a: Polteageist|[silent]\n|\n|upkeep\n|turn|6\n|inactive|Time left: 300 sec this turn | 300 sec total\n|\n|t:|1783544348\n|move|p2a: Polteageist|Strength Sap|p1a: Zacian\n|-unboost|p1a: Zacian|atk|1\n|-heal|p2a: Polteageist|222/222\n|move|p1a: Zacian|Wild Charge|p2a: Polteageist\n|-damage|p2a: Polteageist|136/222\n|-damage|p1a: Zacian|15/100|[from] Recoil\n|-damage|p1a: Zacian|5/100|[from] item: Life Orb\n|\n|upkeep\n|turn|7\n|inactive|Time left: 300 sec this turn | 300 sec total\n|\n|t:|1783544348\n|move|p2a: Polteageist|Strength Sap|p1a: Zacian\n|-unboost|p1a: Zacian|atk|1\n|-heal|p2a: Polteageist|222/222\n|move|p1a: Zacian|Wild Charge|p2a: Polteageist\n|-damage|p2a: Polteageist|167/222\n|-damage|p1a: Zacian|0 fnt|[from] Recoil\n|faint|p1a: Zacian\n|\n|upkeep\n|\n|t:|1783544349\n|switch|p1a: Iron Hands|Iron Hands, L79|100/100\n|turn|8\n|inactive|Time left: 300 sec this turn | 300 sec total\n|\n|t:|1783544350\n|-end|p1a: Iron Hands|Quark Drive|[silent]\n|switch|p1a: Espeon|Espeon, L84, F|100/100\n|move|p2a: Polteageist|Stored Power|p1a: Espeon\n|-resisted|p1a: Espeon\n|-damage|p1a: Espeon|55/100\n|\n|upkeep\n|turn|9\n|inactive|Time left: 300 sec this turn | 300 sec total\n|\n|t:|1783544351\n|switch|p1a: Iron Hands|Iron Hands, L79|100/100\n|move|p2a: Polteageist|Shadow Ball|p1a: Iron Hands\n|-damage|p1a: Iron Hands|54/100\n|\n|upkeep\n|turn|10\n|inactive|Time left: 300 sec this turn | 300 sec total\n|\n|t:|1783544352\n|move|p2a: Polteageist|Stored Power|p1a: Iron Hands\n|-supereffective|p1a: Iron Hands\n|-damage|p1a: Iron Hands|0 fnt\n|faint|p1a: Iron Hands\n|-end|p1a: Iron Hands|Quark Drive|[silent]\n|\n|upkeep\n|\n|t:|1783544353\n|switch|p1a: Sandaconda|Sandaconda, L84, F|42/100\n|turn|11\n|inactive|Time left: 300 sec this turn | 300 sec total\n|\n|t:|1783544354\n|move|p2a: Polteageist|Stored Power|p1a: Sandaconda\n|-damage|p1a: Sandaconda|0 fnt\n|faint|p1a: Sandaconda\n|\n|upkeep\n|\n|t:|1783544355\n|switch|p1a: Espeon|Espeon, L84, F|55/100\n|turn|12\n|inactive|Time left: 300 sec this turn | 300 sec total\n|\n|t:|1783544355\n|move|p2a: Polteageist|Shadow Ball|p1a: Espeon\n|-supereffective|p1a: Espeon\n|-damage|p1a: Espeon|0 fnt\n|faint|p1a: Espeon\n|\n|upkeep\n|\n|t:|1783544356\n|switch|p1a: Eternatus|Eternatus, L69|100/100\n|-ability|p1a: Eternatus|Pressure\n|turn|13\n|inactive|Time left: 300 sec this turn | 300 sec total\n|\n|t:|1783544357\n|-terastallize|p1a: Eternatus|Fire\n|move|p2a: Polteageist|Stored Power|p1a: Eternatus\n|-crit|p1a: Eternatus\n|-damage|p1a: Eternatus|0 fnt\n|faint|p1a: Eternatus\n|\n|upkeep\n|\n|t:|1783544358\n|switch|p1a: Conkeldurr|Conkeldurr, L80, F|100/100\n|turn|14\n|inactive|Time left: 300 sec this turn | 300 sec total\n|\n|t:|1783544359\n|move|p2a: Polteageist|Stored Power|p1a: Conkeldurr\n|-supereffective|p1a: Conkeldurr\n|-damage|p1a: Conkeldurr|0 fnt\n|faint|p1a: Conkeldurr\n|\n|win|p0y454bcfc", "uploadtime": 1783544359, "views": 0, "rating": 0, "private": 0, "password": null, "_winner": "p0y454bcfc", "_our_name": "p0y454bcfc"}