{"id": "battle-gen9randombattle-1245", "formatid": "gen9randombattle", "format": "[Gen 9] Random Battle", "players": ["p0x12459e9f", "p0y12451287"], "log": "|init|battle\n|title|p0x12459e9f vs. p0y12451287\n|j|\u2606p0x12459e9f\n|j|\u2606p0y12451287\n|t:|1783554439\n|gametype|singles\n|player|p1|p0x12459e9f|1|\n|player|p2|p0y12451287|170|\n|gen|9\n|tier|[Gen 9] Random Battle\n|rule|Species Clause: Limit one of each Pok\u00e9mon\n|rule|HP Percentage Mod: HP is shown in percentages\n|rule|Sleep Clause Mod: Limit one foe put to sleep\n|rule|Illusion Level Mod: Illusion disguises the Pok\u00e9mon's true level\n|\n|t:|1783554439\n|teamsize|p1|6\n|teamsize|p2|6\n|start\n|switch|p1a: Orthworm|Orthworm, L88, M|100/100\n|switch|p2a: Lilligant|Lilligant-Hisui, L79, F|240/240\n|turn|1\n|inactive|Battle timer is ON: inactive players will automatically lose when time's up. (requested by p0y12451287)\n|inactive|p0x12459e9f also wants the timer to be on.\n|\n|t:|1783554440\n|move|p2a: Lilligant|Close Combat|p1a: Orthworm\n|-supereffective|p1a: Orthworm\n|-damage|p1a: Orthworm|0 fnt\n|-unboost|p2a: Lilligant|def|1\n|-unboost|p2a: Lilligant|spd|1\n|faint|p1a: Orthworm\n|-damage|p2a: Lilligant|216/240|[from] item: Life Orb\n|\n|upkeep\n|\n|t:|1783554441\n|switch|p1a: Necrozma|Necrozma-Dusk-Mane, L69|100/100\n|turn|2\n|inactive|Time left: 300 sec this turn | 300 sec total\n|\n|t:|1783554442\n|move|p2a: Lilligant|Victory Dance|p2a: Lilligant\n|-boost|p2a: Lilligant|atk|1\n|-boost|p2a: Lilligant|def|1\n|-boost|p2a: Lilligant|spe|1\n|move|p1a: Necrozma|Photon Geyser|p2a: Lilligant\n|-supereffective|p2a: Lilligant\n|-damage|p2a: Lilligant|0 fnt\n|faint|p2a: Lilligant\n|\n|upkeep\n|inactive|Time left: 300 sec this turn | 300 sec total | 5 sec grace\n|\n|t:|1783554442\n|switch|p2a: Lunala|Lunala, L70|308/308\n|turn|3\n|inactive|Time left: 300 sec this turn | 300 sec total\n|\n|t:|1783554443\n|move|p2a: Lunala|Calm Mind|p2a: Lunala\n|-boost|p2a: Lunala|spa|1\n|-boost|p2a: Lunala|spd|1\n|move|p1a: Necrozma|Dragon Dance|p1a: Necrozma\n|-boost|p1a: Necrozma|atk|1\n|-boost|p1a: Necrozma|spe|1\n|\n|upkeep\n|turn|4\n|inactive|Time left: 300 sec this turn | 300 sec total\n|\n|t:|1783554444\n|move|p1a: Necrozma|Sunsteel Strike|p2a: Lunala\n|-damage|p2a: Lunala|209/308\n|move|p2a: Lunala|Calm Mind|p2a: Lunala\n|-boost|p2a: Lunala|spa|1\n|-boost|p2a: Lunala|spd|1\n|\n|-heal|p2a: Lunala|228/308|[from] item: Leftovers\n|upkeep\n|turn|5\n|inactive|Time left: 300 sec this turn | 300 sec total\n|\n|t:|1783554445\n|-terastallize|p1a: Necrozma|Steel\n|move|p1a: Necrozma|Sunsteel Strike|p2a: Lunala\n|-damage|p2a: Lunala|0 fnt\n|faint|p2a: Lunala\n|\n|upkeep\n|inactive|Time left: 300 sec this turn | 300 sec total | 5 sec grace\n|\n|t:|1783554446\n|switch|p2a: Azumarill|Azumarill, L82, F|298/298\n|turn|6\n|inactive|Time left: 300 sec this turn | 300 sec total\n|\n|t:|1783554447\n|-terastallize|p2a: Azumarill|Water\n|move|p1a: Necrozma|Sunsteel Strike|p2a: Azumarill\n|-resisted|p2a: Azumarill\n|-damage|p2a: Azumarill|188/298\n|move|p2a: Azumarill|Liquidation|p1a: Necrozma\n|-damage|p1a: Necrozma|51/100\n|\n|upkeep\n|turn|7\n|inactive|Time left: 300 sec this turn | 300 sec total\n|\n|t:|1783554448\n|switch|p1a: Flapple|Flapple, L88, M|100/100\n|move|p2a: Azumarill|Liquidation|p1a: Flapple\n|-resisted|p1a: Flapple\n|-damage|p1a: Flapple|86/100\n|\n|upkeep\n|turn|8\n|inactive|Time left: 300 sec this turn | 300 sec total\n|\n|t:|1783554449\n|switch|p2a: Enamorus|Enamorus-Therian, L83, F|259/259\n|move|p1a: Flapple|Dragon Dance|p1a: Flapple\n|-boost|p1a: Flapple|atk|1\n|-boost|p1a: Flapple|spe|1\n|\n|upkeep\n|turn|9\n|inactive|Time left: 300 sec this turn | 300 sec total\n|\n|t:|1783554450\n|switch|p1a: Necrozma|Necrozma-Dusk-Mane, L69, tera:Steel|51/100\n|move|p2a: Enamorus|Moonblast|p1a: Necrozma\n|-resisted|p1a: Necrozma\n|-damage|p1a: Necrozma|26/100\n|\n|upkeep\n|turn|10\n|inactive|Time left: 300 sec this turn | 300 sec total\n|\n|t:|1783554451\n|move|p1a: Necrozma|Sunsteel Strike|p2a: Enamorus\n|-supereffective|p2a: Enamorus\n|-damage|p2a: Enamorus|19/259\n|-enditem|p2a: Enamorus|Weakness Policy\n|-boost|p2a: Enamorus|atk|2|[from] item: Weakness Policy\n|-boost|p2a: Enamorus|spa|2|[from] item: Weakness Policy\n|move|p2a: Enamorus|Agility|p2a: Enamorus\n|-boost|p2a: Enamorus|spe|2\n|\n|upkeep\n|turn|11\n|inactive|Time left: 300 sec this turn | 300 sec total\n|\n|t:|1783554452\n|move|p2a: Enamorus|Earth Power|p1a: Necrozma\n|-supereffective|p1a: Necrozma\n|-damage|p1a: Necrozma|0 fnt\n|faint|p1a: Necrozma\n|\n|upkeep\n|\n|t:|1783554453\n|switch|p1a: Rotom|Rotom, L88|100/100\n|turn|12\n|inactive|Time left: 300 sec this turn | 300 sec total\n|\n|t:|1783554454\n|move|p1a: Rotom|Volt Switch|p2a: Enamorus\n|-supereffective|p2a: Enamorus\n|-damage|p2a: Enamorus|0 fnt\n|faint|p2a: Enamorus\n|\n|t:|1783554455\n|switch|p1a: Flapple|Flapple, L88, M|86/100|[from] Volt Switch\n|\n|upkeep\n|inactive|Time left: 300 sec this turn | 300 sec total | 10 sec grace\n|\n|t:|1783554456\n|switch|p2a: Glaceon|Glaceon, L94, F|275/275\n|turn|13\n|inactive|Time left: 300 sec this turn | 300 sec total\n|\n|t:|1783554457\n|switch|p1a: Hydreigon|Hydreigon, L79, F|100/100\n|move|p2a: Glaceon|Freeze-Dry|p1a: Hydreigon\n|-supereffective|p1a: Hydreigon\n|-damage|p1a: Hydreigon|9/100\n|-status|p1a: Hydreigon|frz\n|\n|upkeep\n|turn|14\n|inactive|Time left: 300 sec this turn | 300 sec total\n|\n|t:|1783554458\n|cant|p1a: Hydreigon|frz\n|move|p2a: Glaceon|Calm Mind|p2a: Glaceon\n|-boost|p2a: Glaceon|spa|1\n|-boost|p2a: Glaceon|spd|1\n|\n|upkeep\n|turn|15\n|inactive|Time left: 300 sec this turn | 300 sec total\n|\n|t:|1783554460\n|cant|p1a: Hydreigon|frz\n|move|p2a: Glaceon|Freeze-Dry|p1a: Hydreigon\n|-supereffective|p1a: Hydreigon\n|-damage|p1a: Hydreigon|0 fnt\n|faint|p1a: Hydreigon\n|\n|upkeep\n|\n|t:|1783554461\n|switch|p1a: Dondozo|Dondozo, L78, M|100/100\n|turn|16\n|inactive|Time left: 300 sec this turn | 300 sec total\n|\n|t:|1783554462\n|move|p2a: Glaceon|Freeze-Dry|p1a: Dondozo\n|-supereffective|p1a: Dondozo\n|-damage|p1a: Dondozo|9/100\n|move|p1a: Dondozo|Rest|p1a: Dondozo\n|-status|p1a: Dondozo|slp|[from] move: Rest\n|-heal|p1a: Dondozo|100/100 slp|[silent]\n|\n|upkeep\n|turn|17\n|inactive|Time left: 300 sec this turn | 300 sec total\n|\n|t:|1783554463\n|move|p2a: Glaceon|Freeze-Dry|p1a: Dondozo\n|-supereffective|p1a: Dondozo\n|-damage|p1a: Dondozo|21/100 slp\n|cant|p1a: Dondozo|slp\n|move|p1a: Dondozo|Sleep Talk|p1a: Dondozo\n|move|p1a: Dondozo|Curse|p1a: Dondozo|[from] move: Sleep Talk\n|-unboost|p1a: Dondozo|spe|1\n|-boost|p1a: Dondozo|atk|1\n|-boost|p1a: Dondozo|def|1\n|\n|-heal|p1a: Dondozo|27/100 slp|[from] item: Leftovers\n|upkeep\n|turn|18\n|inactive|Time left: 300 sec this turn | 300 sec total\n|\n|t:|1783554464\n|move|p2a: Glaceon|Freeze-Dry|p1a: Dondozo\n|-supereffective|p1a: Dondozo\n|-damage|p1a: Dondozo|0 fnt\n|faint|p1a: Dondozo\n|\n|upkeep\n|\n|t:|1783554465\n|switch|p1a: Rotom|Rotom, L88|100/100\n|turn|19\n|inactive|Time left: 300 sec this turn | 300 sec total\n|\n|t:|1783554466\n|move|p1a: Rotom|Shadow Ball|p2a: Glaceon\n|-damage|p2a: Glaceon|218/275\n|-unboost|p2a: Glaceon|spd|1\n|move|p2a: Glaceon|Freeze-Dry|p1a: Rotom\n|-damage|p1a: Rotom|14/100\n|\n|upkeep\n|turn|20\n|inactive|Time left: 300 sec this turn | 300 sec total\n|\n|t:|1783554467\n|move|p1a: Rotom|Shadow Ball|p2a: Glaceon\n|-crit|p2a: Glaceon\n|-damage|p2a: Glaceon|107/275\n|move|p2a: Glaceon|Freeze-Dry|p1a: Rotom\n|-damage|p1a: Rotom|0 fnt\n|faint|p1a: Rotom\n|\n|upkeep\n|\n|t:|1783554468\n|switch|p1a: Flapple|Flapple, L88, M|86/100\n|turn|21\n|inactive|Time left: 300 sec this turn | 300 sec total\n|\n|t:|1783554469\n|move|p2a: Glaceon|Freeze-Dry|p1a: Flapple\n|-supereffective|p1a: Flapple\n|-damage|p1a: Flapple|0 fnt\n|faint|p1a: Flapple\n|\n|win|p0y12451287", "uploadtime": 1783554469, "views": 0, "rating": 0, "private": 0, "password": null, "_winner": "p0y12451287", "_our_name": "p0y12451287"}