{"id": "battle-gen9randombattle-1167", "formatid": "gen9randombattle", "format": "[Gen 9] Random Battle", "players": ["p0x11675ff9", "p0y11673301"], "log": "|init|battle\n|title|p0x11675ff9 vs. p0y11673301\n|j|\u2606p0x11675ff9\n|j|\u2606p0y11673301\n|t:|1783553532\n|gametype|singles\n|player|p1|p0x11675ff9|2|\n|player|p2|p0y11673301|266|\n|gen|9\n|tier|[Gen 9] Random Battle\n|rule|Species Clause: Limit one of each Pok\u00e9mon\n|rule|HP Percentage Mod: HP is shown in percentages\n|rule|Sleep Clause Mod: Limit one foe put to sleep\n|rule|Illusion Level Mod: Illusion disguises the Pok\u00e9mon's true level\n|\n|t:|1783553532\n|teamsize|p1|6\n|teamsize|p2|6\n|start\n|switch|p1a: Coalossal|Coalossal, L89, M|341/341\n|switch|p2a: Necrozma|Necrozma-Dusk-Mane, L69|100/100\n|turn|1\n|inactive|Battle timer is ON: inactive players will automatically lose when time's up. (requested by p0y11673301)\n|inactive|Time left: 300 sec this turn | 300 sec total | 60 sec grace\n|inactive|p0x11675ff9 also wants the timer to be on.\n|\n|t:|1783553534\n|move|p2a: Necrozma|Earthquake|p1a: Coalossal\n|-supereffective|p1a: Coalossal\n|-damage|p1a: Coalossal|145/341\n|move|p1a: Coalossal|Rapid Spin|p2a: Necrozma\n|-resisted|p2a: Necrozma\n|-damage|p2a: Necrozma|94/100\n|-boost|p1a: Coalossal|spe|1\n|\n|upkeep\n|turn|2\n|inactive|Time left: 300 sec this turn | 300 sec total\n|\n|t:|1783553535\n|move|p1a: Coalossal|Spikes|p2a: Necrozma\n|-sidestart|p2: p0y11673301|Spikes\n|move|p2a: Necrozma|Dragon Dance|p2a: Necrozma\n|-boost|p2a: Necrozma|atk|1\n|-boost|p2a: Necrozma|spe|1\n|\n|upkeep\n|turn|3\n|inactive|Time left: 300 sec this turn | 300 sec total\n|\n|t:|1783553536\n|move|p2a: Necrozma|Earthquake|p1a: Coalossal\n|-supereffective|p1a: Coalossal\n|-damage|p1a: Coalossal|0 fnt\n|faint|p1a: Coalossal\n|\n|upkeep\n|inactive|Time left: 300 sec this turn | 300 sec total | 5 sec grace\n|\n|t:|1783553537\n|switch|p1a: Azumarill|Azumarill, L82, M|298/298\n|turn|4\n|inactive|Time left: 300 sec this turn | 300 sec total\n|\n|t:|1783553538\n|-terastallize|p1a: Azumarill|Water\n|move|p2a: Necrozma|Sunsteel Strike|p1a: Azumarill\n|-resisted|p1a: Azumarill\n|-damage|p1a: Azumarill|205/298\n|move|p1a: Azumarill|Liquidation|p2a: Necrozma\n|-damage|p2a: Necrozma|10/100\n|-unboost|p2a: Necrozma|def|1\n|\n|upkeep\n|turn|5\n|inactive|Time left: 300 sec this turn | 300 sec total\n|\n|t:|1783553539\n|move|p2a: Necrozma|Earthquake|p1a: Azumarill\n|-damage|p1a: Azumarill|84/298\n|move|p1a: Azumarill|Liquidation|p2a: Necrozma\n|-damage|p2a: Necrozma|0 fnt\n|faint|p2a: Necrozma\n|\n|upkeep\n|\n|t:|1783553539\n|switch|p2a: Phione|Phione, L91|100/100\n|-damage|p2a: Phione|88/100|[from] Spikes\n|turn|6\n|inactive|Time left: 300 sec this turn | 300 sec total\n|\n|t:|1783553540\n|move|p2a: Phione|Grass Knot|p1a: Azumarill\n|-supereffective|p1a: Azumarill\n|-damage|p1a: Azumarill|0 fnt\n|faint|p1a: Azumarill\n|\n|-heal|p2a: Phione|94/100|[from] item: Leftovers\n|upkeep\n|inactive|Time left: 300 sec this turn | 300 sec total | 5 sec grace\n|\n|t:|1783553541\n|switch|p1a: Plusle|Plusle, L95, M|268/268\n|turn|7\n|inactive|Time left: 300 sec this turn | 300 sec total\n|\n|t:|1783553542\n|switch|p2a: Hitmontop|Hitmontop, L88, M|100/100\n|-damage|p2a: Hitmontop|88/100|[from] Spikes\n|-ability|p2a: Hitmontop|Intimidate|boost\n|-unboost|p1a: Plusle|atk|1\n|move|p1a: Plusle|Thunderbolt|p2a: Hitmontop\n|-damage|p2a: Hitmontop|54/100\n|-damage|p1a: Plusle|242/268|[from] item: Life Orb\n|\n|upkeep\n|turn|8\n|inactive|Time left: 300 sec this turn | 300 sec total\n|\n|t:|1783553543\n|switch|p1a: Passimian|Passimian, L83, M|302/302\n|move|p2a: Hitmontop|Rapid Spin|p1a: Passimian\n|-damage|p1a: Passimian|262/302\n|-boost|p2a: Hitmontop|spe|1\n|-sideend|p2: p0y11673301|Spikes|[from] move: Rapid Spin|[of] p2a: Hitmontop\n|\n|-heal|p1a: Passimian|280/302|[from] item: Leftovers\n|upkeep\n|turn|9\n|inactive|Time left: 300 sec this turn | 300 sec total\n|\n|t:|1783553544\n|switch|p2a: Ursaluna|Ursaluna-Bloodmoon, L79, M|100/100\n|move|p1a: Passimian|Drain Punch|p2a: Ursaluna\n|-supereffective|p2a: Ursaluna\n|-damage|p2a: Ursaluna|54/100\n|-heal|p1a: Passimian|302/302|[from] drain|[of] p2a: Ursaluna\n|\n|-heal|p2a: Ursaluna|60/100|[from] item: Leftovers\n|upkeep\n|turn|10\n|inactive|Time left: 300 sec this turn | 300 sec total\n|\n|t:|1783553545\n|move|p1a: Passimian|Drain Punch|p2a: Ursaluna\n|-supereffective|p2a: Ursaluna\n|-damage|p2a: Ursaluna|7/100\n|move|p2a: Ursaluna|Moonlight|p2a: Ursaluna\n|-heal|p2a: Ursaluna|57/100\n|\n|-heal|p2a: Ursaluna|63/100|[from] item: Leftovers\n|upkeep\n|turn|11\n|inactive|Time left: 300 sec this turn | 300 sec total\n|\n|t:|1783553546\n|-terastallize|p2a: Ursaluna|Fighting\n|move|p1a: Passimian|Drain Punch|p2a: Ursaluna\n|-damage|p2a: Ursaluna|37/100\n|move|p2a: Ursaluna|Calm Mind|p2a: Ursaluna\n|-boost|p2a: Ursaluna|spa|1\n|-boost|p2a: Ursaluna|spd|1\n|\n|-heal|p2a: Ursaluna|43/100|[from] item: Leftovers\n|upkeep\n|turn|12\n|inactive|Time left: 300 sec this turn | 300 sec total\n|\n|t:|1783553547\n|move|p1a: Passimian|Drain Punch|p2a: Ursaluna\n|-damage|p2a: Ursaluna|19/100\n|move|p2a: Ursaluna|Blood Moon|p1a: Passimian\n|-damage|p1a: Passimian|0 fnt\n|faint|p1a: Passimian\n|\n|-heal|p2a: Ursaluna|25/100|[from] item: Leftovers\n|upkeep\n|inactive|Time left: 300 sec this turn | 300 sec total | 5 sec grace\n|\n|t:|1783553548\n|switch|p1a: Plusle|Plusle, L95, M|242/268\n|turn|13\n|inactive|Time left: 300 sec this turn | 300 sec total\n|\n|t:|1783553549\n|move|p2a: Ursaluna|Vacuum Wave|p1a: Plusle\n|-damage|p1a: Plusle|173/268\n|move|p1a: Plusle|Nasty Plot|p1a: Plusle\n|-boost|p1a: Plusle|spa|2\n|\n|-heal|p2a: Ursaluna|32/100|[from] item: Leftovers\n|upkeep\n|turn|14\n|inactive|Time left: 300 sec this turn | 300 sec total\n|\n|t:|1783553551\n|move|p2a: Ursaluna|Vacuum Wave|p1a: Plusle\n|-damage|p1a: Plusle|92/268\n|move|p1a: Plusle|Thunderbolt|p2a: Ursaluna\n|-damage|p2a: Ursaluna|0 fnt\n|faint|p2a: Ursaluna\n|-damage|p1a: Plusle|66/268|[from] item: Life Orb\n|\n|upkeep\n|\n|t:|1783553552\n|switch|p2a: Minun|Minun, L95, M|100/100\n|turn|15\n|inactive|Time left: 300 sec this turn | 300 sec total\n|\n|t:|1783553553\n|move|p1a: Plusle|Alluring Voice|p2a: Minun\n|-damage|p2a: Minun|41/100\n|-damage|p1a: Plusle|40/268|[from] item: Life Orb\n|move|p2a: Minun|Alluring Voice|p1a: Plusle\n|-damage|p1a: Plusle|0 fnt\n|faint|p1a: Plusle\n|-damage|p2a: Minun|31/100|[from] item: Life Orb\n|\n|upkeep\n|inactive|Time left: 300 sec this turn | 300 sec total | 5 sec grace\n|\n|t:|1783553554\n|switch|p1a: Slowbro|Slowbro-Galar, L87, F|307/307\n|turn|16\n|inactive|Time left: 300 sec this turn | 300 sec total\n|\n|t:|1783553554\n|move|p2a: Minun|Thunderbolt|p1a: Slowbro\n|-damage|p1a: Slowbro|146/307\n|-damage|p2a: Minun|21/100|[from] item: Life Orb\n|move|p1a: Slowbro|Psychic|p2a: Minun\n|-damage|p2a: Minun|0 fnt\n|faint|p2a: Minun\n|\n|upkeep\n|\n|t:|1783553556\n|switch|p2a: Phione|Phione, L91|94/100\n|turn|17\n|inactive|Time left: 300 sec this turn | 300 sec total\n|\n|t:|1783553557\n|move|p2a: Phione|Scald|p1a: Slowbro\n|-damage|p1a: Slowbro|46/307\n|move|p1a: Slowbro|Slack Off|p1a: Slowbro\n|-heal|p1a: Slowbro|200/307\n|\n|-heal|p2a: Phione|100/100|[from] item: Leftovers\n|upkeep\n|turn|18\n|inactive|Time left: 300 sec this turn | 300 sec total\n|\n|t:|1783553558\n|move|p2a: Phione|Scald|p1a: Slowbro\n|-damage|p1a: Slowbro|100/307\n|-status|p1a: Slowbro|brn\n|move|p1a: Slowbro|Slack Off|p1a: Slowbro\n|-heal|p1a: Slowbro|254/307 brn\n|\n|-damage|p1a: Slowbro|235/307 brn|[from] brn\n|upkeep\n|turn|19\n|inactive|Time left: 300 sec this turn | 300 sec total\n|\n|t:|1783553559\n|move|p2a: Phione|Scald|p1a: Slowbro\n|-damage|p1a: Slowbro|130/307 brn\n|move|p1a: Slowbro|Slack Off|p1a: Slowbro\n|-heal|p1a: Slowbro|284/307 brn\n|\n|-damage|p1a: Slowbro|265/307 brn|[from] brn\n|upkeep\n|turn|20\n|inactive|Time left: 300 sec this turn | 300 sec total\n|\n|t:|1783553560\n|switch|p2a: Klefki|Klefki, L84, M|100/100\n|move|p1a: Slowbro|Shell Side Arm|p2a: Klefki|[anim] Shell Side Arm Special\n|-immune|p2a: Klefki\n|\n|-damage|p1a: Slowbro|246/307 brn|[from] brn\n|upkeep\n|turn|21\n|inactive|Time left: 300 sec this turn | 300 sec total\n|\n|t:|1783553561\n|move|p2a: Klefki|Foul Play|p1a: Slowbro\n|-supereffective|p1a: Slowbro\n|-damage|p1a: Slowbro|110/307 brn\n|-damage|p2a: Klefki|84/100|[from] item: Rocky Helmet|[of] p1a: Slowbro\n|move|p1a: Slowbro|Fire Blast|p2a: Klefki\n|-supereffective|p2a: Klefki\n|-damage|p2a: Klefki|4/100\n|\n|-heal|p2a: Klefki|10/100|[from] item: Leftovers\n|-damage|p1a: Slowbro|91/307 brn|[from] brn\n|upkeep\n|turn|22\n|inactive|Time left: 300 sec this turn | 300 sec total\n|\n|t:|1783553562\n|move|p2a: Klefki|Foul Play|p1a: Slowbro\n|-supereffective|p1a: Slowbro\n|-damage|p1a: Slowbro|0 fnt\n|-damage|p2a: Klefki|0 fnt|[from] item: Rocky Helmet|[of] p1a: Slowbro\n|faint|p1a: Slowbro\n|faint|p2a: Klefki\n|\n|upkeep\n|inactive|Time left: 300 sec this turn | 300 sec total | 5 sec grace\n|\n|t:|1783553564\n|switch|p2a: Phione|Phione, L91|100/100\n|switch|p1a: Comfey|Comfey, L85, F|225/225\n|turn|23\n|inactive|Time left: 300 sec this turn | 300 sec total\n|\n|t:|1783553565\n|move|p1a: Comfey|Calm Mind|p1a: Comfey\n|-boost|p1a: Comfey|spa|1\n|-boost|p1a: Comfey|spd|1\n|move|p2a: Phione|Ice Beam|p1a: Comfey\n|-damage|p1a: Comfey|189/225\n|\n|-heal|p1a: Comfey|203/225|[from] item: Leftovers\n|upkeep\n|turn|24\n|inactive|Time left: 300 sec this turn | 300 sec total\n|\n|t:|1783553566\n|move|p1a: Comfey|Calm Mind|p1a: Comfey\n|-boost|p1a: Comfey|spa|1\n|-boost|p1a: Comfey|spd|1\n|move|p2a: Phione|Ice Beam|p1a: Comfey\n|-damage|p1a: Comfey|173/225\n|\n|-heal|p1a: Comfey|187/225|[from] item: Leftovers\n|upkeep\n|turn|25\n|inactive|Time left: 300 sec this turn | 300 sec total\n|\n|t:|1783553567\n|switch|p2a: Hitmontop|Hitmontop, L88, M|54/100\n|-ability|p2a: Hitmontop|Intimidate|boost\n|-unboost|p1a: Comfey|atk|1\n|move|p1a: Comfey|Calm Mind|p1a: Comfey\n|-boost|p1a: Comfey|spa|1\n|-boost|p1a: Comfey|spd|1\n|\n|-heal|p1a: Comfey|201/225|[from] item: Leftovers\n|upkeep\n|turn|26\n|inactive|Time left: 300 sec this turn | 300 sec total\n|\n|t:|1783553568\n|switch|p2a: Phione|Phione, L91|100/100\n|move|p1a: Comfey|Draining Kiss|p2a: Phione\n|-damage|p2a: Phione|57/100\n|-heal|p1a: Comfey|225/225|[from] drain|[of] p2a: Phione\n|\n|-heal|p2a: Phione|64/100|[from] item: Leftovers\n|upkeep\n|turn|27\n|inactive|Time left: 300 sec this turn | 300 sec total\n|\n|t:|1783553569\n|switch|p2a: Hitmontop|Hitmontop, L88, M|54/100\n|-ability|p2a: Hitmontop|Intimidate|boost\n|-unboost|p1a: Comfey|atk|1\n|move|p1a: Comfey|Draining Kiss|p2a: Hitmontop\n|-supereffective|p2a: Hitmontop\n|-damage|p2a: Hitmontop|0 fnt\n|faint|p2a: Hitmontop\n|\n|upkeep\n|\n|t:|1783553570\n|switch|p2a: Phione|Phione, L91|64/100\n|turn|28\n|inactive|Time left: 300 sec this turn | 300 sec total\n|\n|t:|1783553571\n|move|p1a: Comfey|Tera Blast|p2a: Phione\n|-damage|p2a: Phione|20/100\n|move|p2a: Phione|Ice Beam|p1a: Comfey\n|-damage|p1a: Comfey|205/225\n|\n|-heal|p1a: Comfey|219/225|[from] item: Leftovers\n|-heal|p2a: Phione|26/100|[from] item: Leftovers\n|upkeep\n|turn|29\n|inactive|Time left: 300 sec this turn | 300 sec total\n|\n|t:|1783553572\n|move|p1a: Comfey|Draining Kiss|p2a: Phione\n|-damage|p2a: Phione|0 fnt\n|-heal|p1a: Comfey|225/225|[from] drain|[of] p2a: Phione\n|faint|p2a: Phione\n|\n|win|p0x11675ff9", "uploadtime": 1783553572, "views": 0, "rating": 0, "private": 0, "password": null, "_winner": "p0x11675ff9", "_our_name": "p0x11675ff9"}