{"id": "battle-gen9randombattle-2649", "formatid": "gen9randombattle", "format": "[Gen 9] Random Battle", "players": ["p0x2649603b", "p0y2649d25c"], "log": "|init|battle\n|title|p0x2649603b vs. p0y2649d25c\n|j|\u2606p0x2649603b\n|j|\u2606p0y2649d25c\n|t:|1783570567\n|gametype|singles\n|player|p1|p0x2649603b|101|\n|player|p2|p0y2649d25c|2|\n|gen|9\n|tier|[Gen 9] Random Battle\n|rule|Species Clause: Limit one of each Pok\u00e9mon\n|rule|HP Percentage Mod: HP is shown in percentages\n|rule|Sleep Clause Mod: Limit one foe put to sleep\n|rule|Illusion Level Mod: Illusion disguises the Pok\u00e9mon's true level\n|\n|t:|1783570567\n|teamsize|p1|6\n|teamsize|p2|6\n|start\n|switch|p1a: Falinks|Falinks, L84|246/246\n|switch|p2a: Clawitzer|Clawitzer, L87, M|100/100\n|turn|1\n|inactive|Battle timer is ON: inactive players will automatically lose when time's up. (requested by p0y2649d25c)\n|inactive|Time left: 300 sec this turn | 300 sec total | 60 sec grace\n|inactive|p0x2649603b also wants the timer to be on.\n|\n|t:|1783570568\n|move|p1a: Falinks|No Retreat|p1a: Falinks\n|-boost|p1a: Falinks|atk|1\n|-boost|p1a: Falinks|def|1\n|-boost|p1a: Falinks|spa|1\n|-boost|p1a: Falinks|spd|1\n|-boost|p1a: Falinks|spe|1\n|-start|p1a: Falinks|move: No Retreat\n|move|p2a: Clawitzer|Aura Sphere|p1a: Falinks\n|-damage|p1a: Falinks|144/246\n|\n|upkeep\n|turn|2\n|inactive|Time left: 300 sec this turn | 300 sec total\n|\n|t:|1783570569\n|move|p1a: Falinks|Knock Off|p2a: Clawitzer\n|-damage|p2a: Clawitzer|51/100\n|-enditem|p2a: Clawitzer|Assault Vest|[from] move: Knock Off|[of] p1a: Falinks\n|-damage|p1a: Falinks|120/246|[from] item: Life Orb\n|move|p2a: Clawitzer|Water Pulse|p1a: Falinks\n|-damage|p1a: Falinks|21/246\n|\n|upkeep\n|turn|3\n|inactive|Time left: 300 sec this turn | 300 sec total\n|\n|t:|1783570570\n|switch|p2a: Iron Hands|Iron Hands, L79|100/100\n|move|p1a: Falinks|Close Combat|p2a: Iron Hands\n|-damage|p2a: Iron Hands|42/100\n|-unboost|p1a: Falinks|def|1\n|-unboost|p1a: Falinks|spd|1\n|-damage|p1a: Falinks|0 fnt|[from] item: Life Orb\n|faint|p1a: Falinks\n|\n|upkeep\n|inactive|Time left: 300 sec this turn | 300 sec total | 5 sec grace\n|\n|t:|1783570571\n|switch|p1a: Armarouge|Armarouge, L80, M|267/267\n|turn|4\n|inactive|Time left: 300 sec this turn | 300 sec total\n|\n|t:|1783570572\n|-end|p2a: Iron Hands|Quark Drive|[silent]\n|switch|p2a: Pelipper|Pelipper, L86, F|100/100\n|-weather|RainDance|[from] ability: Drizzle|[of] p2a: Pelipper\n|move|p1a: Armarouge|Armor Cannon|p2a: Pelipper\n|-resisted|p2a: Pelipper\n|-damage|p2a: Pelipper|73/100\n|-unboost|p1a: Armarouge|def|1\n|-unboost|p1a: Armarouge|spd|1\n|\n|-weather|RainDance|[upkeep]\n|upkeep\n|turn|5\n|inactive|Time left: 300 sec this turn | 300 sec total\n|\n|t:|1783570574\n|switch|p1a: Volcanion|Volcanion, L79|255/255\n|move|p2a: Pelipper|Hurricane|p1a: Volcanion\n|-damage|p1a: Volcanion|135/255\n|\n|-weather|RainDance|[upkeep]\n|upkeep\n|turn|6\n|inactive|Time left: 300 sec this turn | 300 sec total\n|\n|t:|1783570575\n|move|p2a: Pelipper|Hurricane|p1a: Volcanion\n|-damage|p1a: Volcanion|20/255\n|-start|p1a: Volcanion|confusion\n|-activate|p1a: Volcanion|confusion\n|move|p1a: Volcanion|Steam Eruption|p2a: Pelipper\n|-resisted|p2a: Pelipper\n|-damage|p2a: Pelipper|26/100\n|\n|-weather|RainDance|[upkeep]\n|upkeep\n|turn|7\n|inactive|Time left: 300 sec this turn | 300 sec total\n|\n|t:|1783570576\n|move|p2a: Pelipper|Hurricane|p1a: Volcanion\n|-damage|p1a: Volcanion|0 fnt\n|faint|p1a: Volcanion\n|\n|-weather|RainDance|[upkeep]\n|upkeep\n|inactive|Time left: 300 sec this turn | 300 sec total | 5 sec grace\n|\n|t:|1783570577\n|switch|p1a: Armarouge|Armarouge, L80, M|267/267\n|turn|8\n|inactive|Time left: 300 sec this turn | 300 sec total\n|\n|t:|1783570578\n|move|p1a: Armarouge|Psyshock|p2a: Pelipper\n|-damage|p2a: Pelipper|0 fnt\n|faint|p2a: Pelipper\n|\n|-weather|none\n|upkeep\n|\n|t:|1783570579\n|switch|p2a: Frosmoth|Frosmoth, L82, F|100/100\n|turn|9\n|inactive|Time left: 300 sec this turn | 300 sec total\n|\n|t:|1783570580\n|-terastallize|p2a: Frosmoth|Ground\n|move|p1a: Armarouge|Psyshock|p2a: Frosmoth\n|-damage|p2a: Frosmoth|65/100\n|move|p2a: Frosmoth|Quiver Dance|p2a: Frosmoth\n|-boost|p2a: Frosmoth|spa|1\n|-boost|p2a: Frosmoth|spd|1\n|-boost|p2a: Frosmoth|spe|1\n|\n|upkeep\n|turn|10\n|inactive|Time left: 300 sec this turn | 300 sec total\n|\n|t:|1783570581\n|move|p2a: Frosmoth|Tera Blast|p1a: Armarouge|[anim] Tera Blast Ground\n|-supereffective|p1a: Armarouge\n|-damage|p1a: Armarouge|0 fnt\n|faint|p1a: Armarouge\n|\n|upkeep\n|inactive|Time left: 300 sec this turn | 300 sec total | 5 sec grace\n|\n|t:|1783570582\n|switch|p1a: Lurantis|Lurantis, L87, F|264/264\n|turn|11\n|inactive|Time left: 300 sec this turn | 300 sec total\n|\n|t:|1783570583\n|-terastallize|p1a: Lurantis|Water\n|move|p2a: Frosmoth|Ice Beam|p1a: Lurantis\n|-resisted|p1a: Lurantis\n|-damage|p1a: Lurantis|215/264\n|move|p1a: Lurantis|Superpower|p2a: Frosmoth\n|-damage|p2a: Frosmoth|13/100\n|-boost|p1a: Lurantis|atk|1\n|-boost|p1a: Lurantis|def|1\n|\n|upkeep\n|turn|12\n|inactive|Time left: 300 sec this turn | 300 sec total\n|\n|t:|1783570584\n|move|p2a: Frosmoth|Tera Blast|p1a: Lurantis|[anim] Tera Blast Ground\n|-damage|p1a: Lurantis|128/264\n|move|p1a: Lurantis|Superpower|p2a: Frosmoth\n|-damage|p2a: Frosmoth|0 fnt\n|-boost|p1a: Lurantis|atk|1\n|-boost|p1a: Lurantis|def|1\n|faint|p2a: Frosmoth\n|\n|upkeep\n|\n|t:|1783570585\n|switch|p2a: Iron Leaves|Iron Leaves, L80|100/100\n|turn|13\n|inactive|Time left: 300 sec this turn | 300 sec total\n|\n|t:|1783570586\n|move|p2a: Iron Leaves|Leaf Blade|p1a: Lurantis\n|-supereffective|p1a: Lurantis\n|-damage|p1a: Lurantis|0 fnt\n|faint|p1a: Lurantis\n|\n|upkeep\n|inactive|Time left: 300 sec this turn | 300 sec total | 5 sec grace\n|\n|t:|1783570587\n|switch|p1a: Malamar|Malamar, L82, M|275/275\n|turn|14\n|inactive|Time left: 300 sec this turn | 300 sec total\n|\n|t:|1783570588\n|move|p2a: Iron Leaves|Leaf Blade|p1a: Malamar\n|-damage|p1a: Malamar|95/275\n|move|p1a: Malamar|Knock Off|p2a: Iron Leaves\n|-supereffective|p2a: Iron Leaves\n|-crit|p2a: Iron Leaves\n|-damage|p2a: Iron Leaves|0 fnt\n|-enditem|p2a: Iron Leaves|Choice Band|[from] move: Knock Off|[of] p1a: Malamar\n|faint|p2a: Iron Leaves\n|-end|p2a: Iron Leaves|Quark Drive|[silent]\n|\n|-heal|p1a: Malamar|112/275|[from] item: Leftovers\n|upkeep\n|\n|t:|1783570589\n|switch|p2a: Clawitzer|Clawitzer, L87, M|51/100\n|turn|15\n|inactive|Time left: 300 sec this turn | 300 sec total\n|\n|t:|1783570590\n|switch|p1a: Pawmot|Pawmot, L80, M|243/243\n|move|p2a: Clawitzer|U-turn|p1a: Pawmot\n|-resisted|p1a: Pawmot\n|-damage|p1a: Pawmot|214/243\n|\n|t:|1783570591\n|switch|p2a: Pecharunt|Pecharunt, L77|100/100|[from] U-turn\n|\n|upkeep\n|turn|16\n|inactive|Time left: 300 sec this turn | 300 sec total\n|\n|t:|1783570592\n|move|p1a: Pawmot|Nuzzle|p2a: Pecharunt\n|-damage|p2a: Pecharunt|94/100\n|-status|p2a: Pecharunt|par\n|-damage|p1a: Pawmot|174/243|[from] item: Rocky Helmet|[of] p2a: Pecharunt\n|move|p2a: Pecharunt|Malignant Chain|p1a: Pawmot\n|-damage|p1a: Pawmot|51/243\n|-status|p1a: Pawmot|tox\n|-start|p1a: Pawmot|confusion|[from] ability: Poison Puppeteer|[of] p2a: Pecharunt\n|\n|-damage|p1a: Pawmot|36/243 tox|[from] psn\n|upkeep\n|turn|17\n|inactive|Time left: 300 sec this turn | 300 sec total\n|\n|t:|1783570592\n|switch|p1a: Malamar|Malamar, L82, M|112/275\n|move|p2a: Pecharunt|Parting Shot|p1a: Malamar\n|-boost|p1a: Malamar|atk|1\n|-boost|p1a: Malamar|spa|1\n|\n|t:|1783570593\n|switch|p2a: Clawitzer|Clawitzer, L87, M|51/100|[from] Parting Shot\n|\n|-heal|p1a: Malamar|129/275|[from] item: Leftovers\n|upkeep\n|turn|18\n|inactive|Time left: 300 sec this turn | 300 sec total\n|\n|t:|1783570594\n|move|p1a: Malamar|Rest|p1a: Malamar\n|-status|p1a: Malamar|slp|[from] move: Rest\n|-heal|p1a: Malamar|275/275 slp|[silent]\n|move|p2a: Clawitzer|Water Pulse|p1a: Malamar\n|-damage|p1a: Malamar|131/275 slp\n|\n|-heal|p1a: Malamar|148/275 slp|[from] item: Leftovers\n|upkeep\n|turn|19\n|inactive|Time left: 300 sec this turn | 300 sec total\n|\n|t:|1783570595\n|switch|p1a: Pawmot|Pawmot, L80, M|36/243 tox\n|move|p2a: Clawitzer|U-turn|p1a: Pawmot\n|-resisted|p1a: Pawmot\n|-damage|p1a: Pawmot|8/243 tox\n|\n|t:|1783570596\n|switch|p2a: Iron Hands|Iron Hands, L79|42/100|[from] U-turn\n|\n|-damage|p1a: Pawmot|0 fnt|[from] psn\n|faint|p1a: Pawmot\n|upkeep\n|inactive|Time left: 300 sec this turn | 300 sec total | 10 sec grace\n|\n|t:|1783570596\n|switch|p1a: Malamar|Malamar, L82, M|148/275 slp\n|turn|20\n|inactive|Time left: 300 sec this turn | 300 sec total\n|\n|t:|1783570597\n|cant|p1a: Malamar|slp\n|move|p1a: Malamar|Sleep Talk|p1a: Malamar\n|move|p1a: Malamar|Superpower|p2a: Iron Hands|[from] move: Sleep Talk\n|-damage|p2a: Iron Hands|24/100\n|-boost|p1a: Malamar|atk|1\n|-boost|p1a: Malamar|def|1\n|move|p2a: Iron Hands|Volt Switch|p1a: Malamar\n|-damage|p1a: Malamar|105/275 slp\n|\n|t:|1783570598\n|-end|p2a: Iron Hands|Quark Drive|[silent]\n|switch|p2a: Clawitzer|Clawitzer, L87, M|51/100|[from] Volt Switch\n|\n|-heal|p1a: Malamar|122/275 slp|[from] item: Leftovers\n|upkeep\n|turn|21\n|inactive|Time left: 300 sec this turn | 300 sec total\n|\n|t:|1783570599\n|cant|p1a: Malamar|slp\n|move|p2a: Clawitzer|Water Pulse|p1a: Malamar\n|-damage|p1a: Malamar|0 fnt\n|faint|p1a: Malamar\n|\n|win|p0y2649d25c", "uploadtime": 1783570599, "views": 0, "rating": 0, "private": 0, "password": null, "_winner": "p0y2649d25c", "_our_name": "p0x2649603b"}