{"id": "battle-gen9randombattle-418", "formatid": "gen9randombattle", "format": "[Gen 9] Random Battle", "players": ["p0x41831e2", "p0y41810bc"], "log": "|init|battle\n|title|p0x41831e2 vs. p0y41810bc\n|j|\u2606p0x41831e2\n|j|\u2606p0y41810bc\n|t:|1783544571\n|gametype|singles\n|player|p1|p0x41831e2|169|\n|player|p2|p0y41810bc|266|\n|gen|9\n|tier|[Gen 9] Random Battle\n|rule|Species Clause: Limit one of each Pok\u00e9mon\n|rule|HP Percentage Mod: HP is shown in percentages\n|rule|Sleep Clause Mod: Limit one foe put to sleep\n|rule|Illusion Level Mod: Illusion disguises the Pok\u00e9mon's true level\n|\n|t:|1783544571\n|teamsize|p1|6\n|teamsize|p2|6\n|start\n|switch|p1a: Trevenant|Trevenant, L89, F|296/296\n|switch|p2a: Dragapult|Dragapult, L77, M|100/100\n|turn|1\n|inactive|Battle timer is ON: inactive players will automatically lose when time's up. (requested by p0y41810bc)\n|inactive|Time left: 300 sec this turn | 300 sec total | 60 sec grace\n|inactive|p0x41831e2 also wants the timer to be on.\n|\n|t:|1783544573\n|move|p2a: Dragapult|Shadow Ball|p1a: Trevenant\n|-supereffective|p1a: Trevenant\n|-damage|p1a: Trevenant|96/296\n|-enditem|p1a: Trevenant|Sitrus Berry|[eat]\n|-heal|p1a: Trevenant|170/296|[from] item: Sitrus Berry\n|move|p1a: Trevenant|Poltergeist|p2a: Dragapult\n|-activate|p2a: Dragapult|move: Poltergeist|Choice Specs\n|-supereffective|p2a: Dragapult\n|-damage|p2a: Dragapult|0 fnt\n|faint|p2a: Dragapult\n|\n|upkeep\n|\n|t:|1783544574\n|switch|p2a: Kleavor|Kleavor, L78, F|100/100\n|turn|2\n|inactive|Time left: 300 sec this turn | 300 sec total\n|\n|t:|1783544575\n|move|p2a: Kleavor|Stone Axe|p1a: Trevenant|[miss]\n|-miss|p2a: Kleavor|p1a: Trevenant\n|move|p1a: Trevenant|Poltergeist|p2a: Kleavor\n|-activate|p2a: Kleavor|move: Poltergeist|Choice Band\n|-damage|p2a: Kleavor|44/100\n|\n|-item|p1a: Trevenant|Sitrus Berry|[from] ability: Harvest\n|upkeep\n|turn|3\n|inactive|Time left: 300 sec this turn | 300 sec total\n|\n|t:|1783544577\n|move|p1a: Trevenant|Protect|p1a: Trevenant\n|-singleturn|p1a: Trevenant|Protect\n|move|p2a: Kleavor|Stone Axe|p1a: Trevenant\n|-activate|p1a: Trevenant|move: Protect\n|\n|upkeep\n|turn|4\n|inactive|Time left: 300 sec this turn | 300 sec total\n|\n|t:|1783544578\n|switch|p1a: Mabosstiff|Mabosstiff, L86, F|278/278\n|move|p2a: Kleavor|Stone Axe|p1a: Mabosstiff\n|-damage|p1a: Mabosstiff|110/278\n|-sidestart|p1: p0x41831e2|move: Stealth Rock\n|\n|upkeep\n|turn|5\n|inactive|Time left: 300 sec this turn | 300 sec total\n|\n|t:|1783544579\n|move|p1a: Mabosstiff|Crunch|p2a: Kleavor\n|-crit|p2a: Kleavor\n|-damage|p2a: Kleavor|0 fnt\n|faint|p2a: Kleavor\n|\n|upkeep\n|\n|t:|1783544580\n|switch|p2a: Houndoom|Houndoom, L87, M|100/100\n|turn|6\n|inactive|Time left: 300 sec this turn | 300 sec total\n|\n|t:|1783544581\n|switch|p1a: Quaquaval|Quaquaval, L79, M|264/264\n|-damage|p1a: Quaquaval|248/264|[from] Stealth Rock\n|move|p2a: Houndoom|Nasty Plot|p2a: Houndoom\n|-boost|p2a: Houndoom|spa|2\n|\n|-heal|p1a: Quaquaval|264/264|[from] item: Leftovers\n|upkeep\n|turn|7\n|inactive|Time left: 300 sec this turn | 300 sec total\n|\n|t:|1783544582\n|-terastallize|p2a: Houndoom|Fire\n|move|p2a: Houndoom|Fire Blast|p1a: Quaquaval\n|-resisted|p1a: Quaquaval\n|-damage|p1a: Quaquaval|35/264\n|move|p1a: Quaquaval|Aqua Step|p2a: Houndoom\n|-supereffective|p2a: Houndoom\n|-damage|p2a: Houndoom|1/100\n|-boost|p1a: Quaquaval|spe|1\n|\n|-heal|p1a: Quaquaval|51/264|[from] item: Leftovers\n|upkeep\n|turn|8\n|inactive|Time left: 300 sec this turn | 300 sec total\n|\n|t:|1783544583\n|move|p1a: Quaquaval|Aqua Step|p2a: Houndoom\n|-supereffective|p2a: Houndoom\n|-damage|p2a: Houndoom|0 fnt\n|-boost|p1a: Quaquaval|spe|1\n|faint|p2a: Houndoom\n|-ability|p1a: Quaquaval|Moxie|boost\n|-boost|p1a: Quaquaval|atk|1\n|\n|-heal|p1a: Quaquaval|67/264|[from] item: Leftovers\n|upkeep\n|\n|t:|1783544585\n|switch|p2a: Munkidori|Munkidori, L79, M|100/100\n|turn|9\n|inactive|Time left: 300 sec this turn | 300 sec total\n|\n|t:|1783544586\n|-terastallize|p1a: Quaquaval|Steel\n|move|p1a: Quaquaval|Aqua Step|p2a: Munkidori\n|-damage|p2a: Munkidori|41/100\n|-boost|p1a: Quaquaval|spe|1\n|move|p2a: Munkidori|Psychic Noise|p1a: Quaquaval\n|-resisted|p1a: Quaquaval\n|-damage|p1a: Quaquaval|18/264\n|-start|p1a: Quaquaval|move: Heal Block\n|\n|upkeep\n|turn|10\n|inactive|Time left: 300 sec this turn | 300 sec total\n|\n|t:|1783544587\n|move|p1a: Quaquaval|Aqua Step|p2a: Munkidori\n|-damage|p2a: Munkidori|0 fnt\n|-boost|p1a: Quaquaval|spe|1\n|faint|p2a: Munkidori\n|-ability|p1a: Quaquaval|Moxie|boost\n|-boost|p1a: Quaquaval|atk|1\n|\n|-end|p1a: Quaquaval|move: Heal Block\n|upkeep\n|\n|t:|1783544588\n|switch|p2a: Sableye|Sableye, L88, F|100/100\n|turn|11\n|inactive|Time left: 300 sec this turn | 300 sec total\n|\n|t:|1783544589\n|move|p1a: Quaquaval|Roost|p1a: Quaquaval\n|-heal|p1a: Quaquaval|150/264\n|move|p2a: Sableye|Knock Off|p1a: Quaquaval\n|-damage|p1a: Quaquaval|51/264\n|-enditem|p1a: Quaquaval|Leftovers|[from] move: Knock Off|[of] p2a: Sableye\n|\n|upkeep\n|turn|12\n|inactive|Time left: 300 sec this turn | 300 sec total\n|\n|t:|1783544590\n|move|p1a: Quaquaval|Roost|p1a: Quaquaval\n|-heal|p1a: Quaquaval|183/264\n|move|p2a: Sableye|Knock Off|p1a: Quaquaval\n|-damage|p1a: Quaquaval|114/264\n|\n|upkeep\n|turn|13\n|inactive|Time left: 300 sec this turn | 300 sec total\n|\n|t:|1783544591\n|move|p2a: Sableye|Encore|p1a: Quaquaval\n|-start|p1a: Quaquaval|Encore\n|move|p1a: Quaquaval|Roost|p1a: Quaquaval\n|-heal|p1a: Quaquaval|246/264\n|\n|upkeep\n|turn|14\n|inactive|Time left: 300 sec this turn | 300 sec total\n|\n|t:|1783544592\n|switch|p1a: Mabosstiff|Mabosstiff, L86, F|110/278\n|-damage|p1a: Mabosstiff|76/278|[from] Stealth Rock\n|move|p2a: Sableye|Thunder Wave|p1a: Mabosstiff\n|-hint|Since gen 7, Dark is immune to Prankster moves.\n|-immune|p1a: Mabosstiff\n|\n|upkeep\n|turn|15\n|inactive|Time left: 300 sec this turn | 300 sec total\n|\n|t:|1783544593\n|move|p1a: Mabosstiff|Crunch|p2a: Sableye\n|-damage|p2a: Sableye|33/100\n|move|p2a: Sableye|Knock Off|p1a: Mabosstiff\n|-resisted|p1a: Mabosstiff\n|-damage|p1a: Mabosstiff|34/278\n|-enditem|p1a: Mabosstiff|Choice Band|[from] move: Knock Off|[of] p2a: Sableye\n|\n|-heal|p2a: Sableye|39/100|[from] item: Leftovers\n|upkeep\n|turn|16\n|inactive|Time left: 300 sec this turn | 300 sec total\n|\n|t:|1783544594\n|move|p1a: Mabosstiff|Crunch|p2a: Sableye\n|-damage|p2a: Sableye|0 fnt\n|faint|p2a: Sableye\n|\n|upkeep\n|\n|t:|1783544595\n|switch|p2a: Porygon-Z|Porygon-Z, L83|100/100\n|turn|17\n|inactive|Time left: 300 sec this turn | 300 sec total\n|\n|t:|1783544596\n|switch|p1a: Quaquaval|Quaquaval, L79, M, tera:Steel|246/264\n|-damage|p1a: Quaquaval|230/264|[from] Stealth Rock\n|move|p2a: Porygon-Z|Nasty Plot|p2a: Porygon-Z\n|-boost|p2a: Porygon-Z|spa|2\n|\n|upkeep\n|turn|18\n|inactive|Time left: 300 sec this turn | 300 sec total\n|\n|t:|1783544597\n|move|p2a: Porygon-Z|Shadow Ball|p1a: Quaquaval\n|-damage|p1a: Quaquaval|25/264\n|-damage|p2a: Porygon-Z|91/100|[from] item: Life Orb\n|move|p1a: Quaquaval|Close Combat|p2a: Porygon-Z\n|-supereffective|p2a: Porygon-Z\n|-damage|p2a: Porygon-Z|0 fnt\n|-unboost|p1a: Quaquaval|def|1\n|-unboost|p1a: Quaquaval|spd|1\n|faint|p2a: Porygon-Z\n|\n|win|p0x41831e2", "uploadtime": 1783544597, "views": 0, "rating": 0, "private": 0, "password": null, "_winner": "p0x41831e2", "_our_name": "p0x41831e2"}