{"id": "battle-gen9randombattle-2004", "formatid": "gen9randombattle", "format": "[Gen 9] Random Battle", "players": ["p0x200441be", "p0y2004a5e7"], "log": "|init|battle\n|title|p0x200441be vs. p0y2004a5e7\n|j|\u2606p0x200441be\n|j|\u2606p0y2004a5e7\n|t:|1783563199\n|gametype|singles\n|player|p1|p0x200441be|170|\n|player|p2|p0y2004a5e7|266|\n|gen|9\n|tier|[Gen 9] Random Battle\n|rule|Species Clause: Limit one of each Pok\u00e9mon\n|rule|HP Percentage Mod: HP is shown in percentages\n|rule|Sleep Clause Mod: Limit one foe put to sleep\n|rule|Illusion Level Mod: Illusion disguises the Pok\u00e9mon's true level\n|\n|t:|1783563199\n|teamsize|p1|6\n|teamsize|p2|6\n|start\n|switch|p1a: Groudon|Groudon, L72|100/100\n|switch|p2a: Tsareena|Tsareena, L87, F|267/267\n|-weather|SunnyDay|[from] ability: Drought|[of] p1a: Groudon\n|turn|1\n|inactive|Battle timer is ON: inactive players will automatically lose when time's up. (requested by p0x200441be)\n|inactive|Time left: 300 sec this turn | 300 sec total | 60 sec grace\n|inactive|p0y2004a5e7 also wants the timer to be on.\n|\n|t:|1783563200\n|-terastallize|p1a: Groudon|Fire\n|move|p2a: Tsareena|Power Whip|p1a: Groudon\n|-resisted|p1a: Groudon\n|-damage|p1a: Groudon|77/100\n|move|p1a: Groudon|Heat Crash|p2a: Tsareena\n|-supereffective|p2a: Tsareena\n|-damage|p2a: Tsareena|0 fnt\n|faint|p2a: Tsareena\n|\n|-weather|SunnyDay|[upkeep]\n|-heal|p1a: Groudon|83/100|[from] item: Leftovers\n|upkeep\n|inactive|Time left: 300 sec this turn | 300 sec total | 65 sec grace\n|\n|t:|1783563202\n|switch|p2a: Iron Bundle|Iron Bundle, L78|215/215\n|turn|2\n|inactive|Time left: 300 sec this turn | 300 sec total\n|\n|t:|1783563203\n|move|p2a: Iron Bundle|Hydro Pump|p1a: Groudon\n|-supereffective|p1a: Groudon\n|-damage|p1a: Groudon|5/100\n|move|p1a: Groudon|Heat Crash|p2a: Iron Bundle\n|-damage|p2a: Iron Bundle|31/215\n|\n|-weather|SunnyDay|[upkeep]\n|-heal|p1a: Groudon|11/100|[from] item: Leftovers\n|upkeep\n|turn|3\n|inactive|Time left: 300 sec this turn | 300 sec total\n|\n|t:|1783563204\n|switch|p1a: Clefable|Clefable, L83, F|100/100\n|move|p2a: Iron Bundle|Hydro Pump|p1a: Clefable\n|-damage|p1a: Clefable|68/100\n|\n|-weather|SunnyDay|[upkeep]\n|-heal|p1a: Clefable|74/100|[from] item: Leftovers\n|upkeep\n|turn|4\n|inactive|Time left: 300 sec this turn | 300 sec total\n|\n|t:|1783563205\n|move|p2a: Iron Bundle|Hydro Pump|p1a: Clefable\n|-damage|p1a: Clefable|44/100\n|move|p1a: Clefable|Knock Off|p2a: Iron Bundle\n|-damage|p2a: Iron Bundle|0 fnt\n|-enditem|p2a: Iron Bundle|Choice Specs|[from] move: Knock Off|[of] p1a: Clefable\n|faint|p2a: Iron Bundle\n|-end|p2a: Iron Bundle|Quark Drive|[silent]\n|\n|-weather|SunnyDay|[upkeep]\n|-heal|p1a: Clefable|50/100|[from] item: Leftovers\n|upkeep\n|inactive|Time left: 300 sec this turn | 300 sec total | 5 sec grace\n|\n|t:|1783563206\n|switch|p2a: Polteageist|Polteageist, L78|222/222\n|turn|5\n|inactive|Time left: 300 sec this turn | 300 sec total\n|\n|t:|1783563208\n|move|p2a: Polteageist|Shell Smash|p2a: Polteageist\n|-unboost|p2a: Polteageist|def|1\n|-unboost|p2a: Polteageist|spd|1\n|-boost|p2a: Polteageist|atk|2\n|-boost|p2a: Polteageist|spa|2\n|-boost|p2a: Polteageist|spe|2\n|-enditem|p2a: Polteageist|White Herb\n|-clearnegativeboost|p2a: Polteageist|[silent]\n|move|p1a: Clefable|Moonblast|p2a: Polteageist\n|-damage|p2a: Polteageist|141/222\n|-unboost|p2a: Polteageist|spa|1\n|\n|-weather|none\n|-heal|p1a: Clefable|56/100|[from] item: Leftovers\n|upkeep\n|turn|6\n|inactive|Time left: 300 sec this turn | 300 sec total\n|\n|t:|1783563209\n|move|p2a: Polteageist|Shell Smash|p2a: Polteageist\n|-unboost|p2a: Polteageist|def|1\n|-unboost|p2a: Polteageist|spd|1\n|-boost|p2a: Polteageist|atk|2\n|-boost|p2a: Polteageist|spa|2\n|-boost|p2a: Polteageist|spe|2\n|move|p1a: Clefable|Moonblast|p2a: Polteageist\n|-damage|p2a: Polteageist|48/222\n|-start|p1a: Clefable|Disable|Moonblast|[from] ability: Cursed Body|[of] p2a: Polteageist\n|\n|-heal|p1a: Clefable|63/100|[from] item: Leftovers\n|upkeep\n|turn|7\n|inactive|Time left: 300 sec this turn | 300 sec total\n|\n|t:|1783563210\n|move|p2a: Polteageist|Stored Power|p1a: Clefable\n|-damage|p1a: Clefable|0 fnt\n|faint|p1a: Clefable\n|\n|upkeep\n|\n|t:|1783563211\n|switch|p1a: Groudon|Groudon, L72, tera:Fire|11/100\n|-weather|SunnyDay|[from] ability: Drought|[of] p1a: Groudon\n|turn|8\n|inactive|Time left: 300 sec this turn | 300 sec total\n|\n|t:|1783563212\n|move|p2a: Polteageist|Shadow Ball|p1a: Groudon\n|-damage|p1a: Groudon|0 fnt\n|faint|p1a: Groudon\n|\n|-weather|SunnyDay|[upkeep]\n|upkeep\n|\n|t:|1783563213\n|switch|p1a: Deoxys|Deoxys-Speed, L82|100/100\n|-ability|p1a: Deoxys|Pressure\n|turn|9\n|inactive|Time left: 300 sec this turn | 300 sec total\n|\n|t:|1783563214\n|move|p2a: Polteageist|Shadow Ball|p1a: Deoxys\n|-supereffective|p1a: Deoxys\n|-damage|p1a: Deoxys|0 fnt\n|faint|p1a: Deoxys\n|\n|-weather|SunnyDay|[upkeep]\n|upkeep\n|\n|t:|1783563215\n|switch|p1a: Terrakion|Terrakion, L79|100/100\n|turn|10\n|inactive|Time left: 300 sec this turn | 300 sec total\n|\n|t:|1783563216\n|move|p2a: Polteageist|Stored Power|p1a: Terrakion\n|-supereffective|p1a: Terrakion\n|-damage|p1a: Terrakion|0 fnt\n|faint|p1a: Terrakion\n|\n|-weather|SunnyDay|[upkeep]\n|upkeep\n|\n|t:|1783563217\n|switch|p1a: Barraskewda|Barraskewda, L81, F|100/100\n|turn|11\n|inactive|Time left: 300 sec this turn | 300 sec total\n|\n|t:|1783563218\n|move|p2a: Polteageist|Stored Power|p1a: Barraskewda\n|-damage|p1a: Barraskewda|0 fnt\n|faint|p1a: Barraskewda\n|\n|-weather|SunnyDay|[upkeep]\n|upkeep\n|\n|t:|1783563219\n|switch|p1a: Vileplume|Vileplume, L85, M|100/100\n|turn|12\n|inactive|Time left: 300 sec this turn | 300 sec total\n|\n|t:|1783563220\n|-terastallize|p2a: Polteageist|Fighting\n|move|p2a: Polteageist|Stored Power|p1a: Vileplume\n|-supereffective|p1a: Vileplume\n|-damage|p1a: Vileplume|0 fnt\n|faint|p1a: Vileplume\n|\n|win|p0y2004a5e7", "uploadtime": 1783563220, "views": 0, "rating": 0, "private": 0, "password": null, "_winner": "p0y2004a5e7", "_our_name": "p0y2004a5e7"}