{"id": "battle-gen9randombattle-1740", "formatid": "gen9randombattle", "format": "[Gen 9] Random Battle", "players": ["p0x1740914d", "p0y17401438"], "log": "|init|battle\n|title|p0x1740914d vs. p0y17401438\n|j|\u2606p0x1740914d\n|j|\u2606p0y17401438\n|t:|1783560114\n|gametype|singles\n|player|p1|p0x1740914d|2|\n|player|p2|p0y17401438|2|\n|gen|9\n|tier|[Gen 9] Random Battle\n|rule|Species Clause: Limit one of each Pok\u00e9mon\n|rule|HP Percentage Mod: HP is shown in percentages\n|rule|Sleep Clause Mod: Limit one foe put to sleep\n|rule|Illusion Level Mod: Illusion disguises the Pok\u00e9mon's true level\n|\n|t:|1783560114\n|teamsize|p1|6\n|teamsize|p2|6\n|start\n|switch|p1a: Vivillon|Vivillon-Monsoon, L83, F|100/100\n|switch|p2a: Okidogi|Okidogi, L77, M|262/262\n|turn|1\n|inactive|Battle timer is ON: inactive players will automatically lose when time's up. (requested by p0y17401438)\n|\n|t:|1783560115\n|move|p1a: Vivillon|Hurricane|p2a: Okidogi\n|-supereffective|p2a: Okidogi\n|-damage|p2a: Okidogi|112/262\n|move|p2a: Okidogi|Gunk Shot|p1a: Vivillon\n|-damage|p1a: Vivillon|22/100\n|-status|p1a: Vivillon|tox|[from] ability: Toxic Chain|[of] p2a: Okidogi\n|\n|-damage|p1a: Vivillon|16/100 tox|[from] psn\n|upkeep\n|turn|2\n|inactive|Time left: 300 sec this turn | 300 sec total\n|inactive|p0x1740914d also wants the timer to be on.\n|\n|t:|1783560116\n|switch|p2a: Ninetales|Ninetales-Alola, L78, F|242/242\n|-weather|Snowscape|[from] ability: Snow Warning|[of] p2a: Ninetales\n|move|p1a: Vivillon|Hurricane|p2a: Ninetales\n|-damage|p2a: Ninetales|133/242\n|\n|-weather|Snowscape|[upkeep]\n|-damage|p1a: Vivillon|4/100 tox|[from] psn\n|upkeep\n|turn|3\n|inactive|Time left: 300 sec this turn | 300 sec total\n|\n|t:|1783560117\n|switch|p1a: Politoed|Politoed, L88, M|100/100\n|-weather|RainDance|[from] ability: Drizzle|[of] p1a: Politoed\n|move|p2a: Ninetales|Aurora Veil||[still]\n|-fail|p2a: Ninetales\n|\n|-weather|RainDance|[upkeep]\n|upkeep\n|turn|4\n|inactive|Time left: 300 sec this turn | 300 sec total\n|\n|t:|1783560118\n|switch|p2a: Urshifu|Urshifu-Rapid-Strike, L75, M|274/274\n|move|p1a: Politoed|Weather Ball|p2a: Urshifu\n|-resisted|p2a: Urshifu\n|-damage|p2a: Urshifu|85/274\n|\n|-weather|RainDance|[upkeep]\n|upkeep\n|turn|5\n|inactive|Time left: 300 sec this turn | 300 sec total\n|\n|t:|1783560119\n|move|p2a: Urshifu|Close Combat|p1a: Politoed\n|-damage|p1a: Politoed|36/100\n|-unboost|p2a: Urshifu|def|1\n|-unboost|p2a: Urshifu|spd|1\n|move|p1a: Politoed|Weather Ball|p2a: Urshifu\n|-resisted|p2a: Urshifu\n|-crit|p2a: Urshifu\n|-damage|p2a: Urshifu|0 fnt\n|faint|p2a: Urshifu\n|\n|-weather|RainDance|[upkeep]\n|upkeep\n|inactive|Time left: 300 sec this turn | 300 sec total | 5 sec grace\n|\n|t:|1783560121\n|switch|p2a: Ninetales|Ninetales-Alola, L78, F|133/242\n|-weather|Snowscape|[from] ability: Snow Warning|[of] p2a: Ninetales\n|turn|6\n|inactive|Time left: 300 sec this turn | 300 sec total\n|\n|t:|1783560121\n|move|p2a: Ninetales|Aurora Veil|p2a: Ninetales\n|-sidestart|p2: p0y17401438|move: Aurora Veil\n|move|p1a: Politoed|Weather Ball|p2a: Ninetales\n|-resisted|p2a: Ninetales\n|-damage|p2a: Ninetales|108/242\n|\n|-weather|Snowscape|[upkeep]\n|upkeep\n|turn|7\n|inactive|Time left: 300 sec this turn | 300 sec total\n|\n|t:|1783560122\n|move|p2a: Ninetales|Blizzard|p1a: Politoed\n|-resisted|p1a: Politoed\n|-damage|p1a: Politoed|24/100\n|-status|p1a: Politoed|frz\n|-curestatus|p1a: Politoed|frz|[msg]\n|move|p1a: Politoed|Weather Ball|p2a: Ninetales\n|-resisted|p2a: Ninetales\n|-damage|p2a: Ninetales|81/242\n|\n|-weather|Snowscape|[upkeep]\n|upkeep\n|turn|8\n|inactive|Time left: 300 sec this turn | 300 sec total\n|\n|t:|1783560124\n|switch|p1a: Garganacl|Garganacl, L80, F|100/100\n|move|p2a: Ninetales|Blizzard|p1a: Garganacl\n|-damage|p1a: Garganacl|68/100\n|\n|-weather|Snowscape|[upkeep]\n|-heal|p1a: Garganacl|74/100|[from] item: Leftovers\n|upkeep\n|turn|9\n|inactive|Time left: 300 sec this turn | 300 sec total\n|\n|t:|1783560125\n|move|p2a: Ninetales|Blizzard|p1a: Garganacl\n|-damage|p1a: Garganacl|45/100\n|move|p1a: Garganacl|Salt Cure|p2a: Ninetales\n|-supereffective|p2a: Ninetales\n|-damage|p2a: Ninetales|48/242\n|-start|p2a: Ninetales|Salt Cure\n|\n|-weather|Snowscape|[upkeep]\n|-heal|p1a: Garganacl|51/100|[from] item: Leftovers\n|-damage|p2a: Ninetales|18/242|[from] Salt Cure\n|upkeep\n|turn|10\n|inactive|Time left: 300 sec this turn | 300 sec total\n|\n|t:|1783560126\n|switch|p2a: Rotom|Rotom-Fan, L86|226/226\n|move|p1a: Garganacl|Recover|p1a: Garganacl\n|-heal|p1a: Garganacl|100/100\n|\n|-weather|none\n|upkeep\n|turn|11\n|inactive|Time left: 300 sec this turn | 300 sec total\n|\n|t:|1783560127\n|move|p2a: Rotom|Thunderbolt|p1a: Garganacl\n|-damage|p1a: Garganacl|59/100\n|move|p1a: Garganacl|Salt Cure|p2a: Rotom\n|-supereffective|p2a: Rotom\n|-damage|p2a: Rotom|192/226\n|-start|p2a: Rotom|Salt Cure\n|\n|-heal|p1a: Garganacl|65/100|[from] item: Leftovers\n|-damage|p2a: Rotom|164/226|[from] Salt Cure\n|upkeep\n|turn|12\n|inactive|Time left: 300 sec this turn | 300 sec total\n|\n|t:|1783560128\n|move|p2a: Rotom|Thunderbolt|p1a: Garganacl\n|-damage|p1a: Garganacl|28/100\n|move|p1a: Garganacl|Recover|p1a: Garganacl\n|-heal|p1a: Garganacl|79/100\n|\n|-heal|p1a: Garganacl|85/100|[from] item: Leftovers\n|-damage|p2a: Rotom|136/226|[from] Salt Cure\n|upkeep\n|turn|13\n|inactive|Time left: 300 sec this turn | 300 sec total\n|\n|t:|1783560129\n|move|p2a: Rotom|Volt Switch|p1a: Garganacl\n|-damage|p1a: Garganacl|55/100\n|inactive|Time left: 300 sec this turn | 300 sec total | 5 sec grace\n|\n|t:|1783560130\n|switch|p2a: Rampardos|Rampardos, L90, F|321/321|[from] Volt Switch\n|move|p1a: Garganacl|Salt Cure|p2a: Rampardos\n|-damage|p2a: Rampardos|298/321\n|-start|p2a: Rampardos|Salt Cure\n|\n|-heal|p1a: Garganacl|62/100|[from] item: Leftovers\n|-damage|p2a: Rampardos|258/321|[from] Salt Cure\n|-sideend|p2: p0y17401438|move: Aurora Veil\n|upkeep\n|turn|14\n|inactive|Time left: 300 sec this turn | 300 sec total\n|\n|t:|1783560131\n|switch|p1a: Vivillon|Vivillon-Monsoon, L83, F|4/100 tox\n|move|p2a: Rampardos|Rock Slide|p1a: Vivillon\n|-supereffective|p1a: Vivillon\n|-damage|p1a: Vivillon|0 fnt\n|faint|p1a: Vivillon\n|\n|-damage|p2a: Rampardos|218/321|[from] Salt Cure\n|upkeep\n|\n|t:|1783560132\n|switch|p1a: Politoed|Politoed, L88, M|24/100\n|-weather|RainDance|[from] ability: Drizzle|[of] p1a: Politoed\n|turn|15\n|inactive|Time left: 300 sec this turn | 300 sec total\n|\n|t:|1783560133\n|switch|p2a: Ninetales|Ninetales-Alola, L78, F|18/242\n|-weather|Snowscape|[from] ability: Snow Warning|[of] p2a: Ninetales\n|move|p1a: Politoed|Weather Ball|p2a: Ninetales\n|-resisted|p2a: Ninetales\n|-damage|p2a: Ninetales|0 fnt\n|faint|p2a: Ninetales\n|\n|-weather|Snowscape|[upkeep]\n|upkeep\n|inactive|Time left: 300 sec this turn | 300 sec total | 5 sec grace\n|\n|t:|1783560134\n|switch|p2a: Rotom|Rotom-Fan, L86|136/226\n|turn|16\n|inactive|Time left: 300 sec this turn | 300 sec total\n|\n|t:|1783560135\n|switch|p1a: Reshiram|Reshiram, L76|100/100\n|-ability|p1a: Reshiram|Turboblaze\n|move|p2a: Rotom|Thunderbolt|p1a: Reshiram\n|-resisted|p1a: Reshiram\n|-crit|p1a: Reshiram\n|-damage|p1a: Reshiram|76/100\n|\n|-weather|Snowscape|[upkeep]\n|upkeep\n|turn|17\n|inactive|Time left: 300 sec this turn | 300 sec total\n|\n|t:|1783560136\n|move|p2a: Rotom|Air Slash|p1a: Reshiram\n|-crit|p1a: Reshiram\n|-damage|p1a: Reshiram|32/100\n|move|p1a: Reshiram|Blue Flare|p2a: Rotom\n|-damage|p2a: Rotom|7/226\n|\n|-weather|Snowscape|[upkeep]\n|upkeep\n|turn|18\n|inactive|Time left: 300 sec this turn | 300 sec total\n|\n|t:|1783560137\n|move|p2a: Rotom|Air Slash|p1a: Reshiram\n|-damage|p1a: Reshiram|6/100\n|move|p1a: Reshiram|Blue Flare|p2a: Rotom\n|-damage|p2a: Rotom|0 fnt\n|faint|p2a: Rotom\n|\n|-weather|Snowscape|[upkeep]\n|upkeep\n|inactive|Time left: 300 sec this turn | 300 sec total | 5 sec grace\n|\n|t:|1783560137\n|switch|p2a: Vivillon|Vivillon-Modern, L83, F|268/268\n|turn|19\n|inactive|Time left: 300 sec this turn | 300 sec total\n|\n|t:|1783560138\n|move|p2a: Vivillon|Hurricane|p1a: Reshiram\n|-damage|p1a: Reshiram|0 fnt\n|faint|p1a: Reshiram\n|\n|-weather|none\n|upkeep\n|\n|t:|1783560139\n|switch|p1a: Garganacl|Garganacl, L80, F|62/100\n|turn|20\n|inactive|Time left: 300 sec this turn | 300 sec total\n|\n|t:|1783560140\n|-terastallize|p2a: Vivillon|Ground\n|move|p2a: Vivillon|Quiver Dance|p2a: Vivillon\n|-boost|p2a: Vivillon|spa|1\n|-boost|p2a: Vivillon|spd|1\n|-boost|p2a: Vivillon|spe|1\n|move|p1a: Garganacl|Salt Cure|p2a: Vivillon\n|-resisted|p2a: Vivillon\n|-damage|p2a: Vivillon|236/268\n|-start|p2a: Vivillon|Salt Cure\n|\n|-heal|p1a: Garganacl|68/100|[from] item: Leftovers\n|-damage|p2a: Vivillon|203/268|[from] Salt Cure\n|upkeep\n|turn|21\n|inactive|Time left: 300 sec this turn | 300 sec total\n|\n|t:|1783560141\n|-terastallize|p1a: Garganacl|Dragon\n|move|p2a: Vivillon|Tera Blast|p1a: Garganacl|[anim] Tera Blast Ground\n|-damage|p1a: Garganacl|30/100\n|move|p1a: Garganacl|Body Press|p2a: Vivillon\n|-damage|p2a: Vivillon|99/268\n|\n|-heal|p1a: Garganacl|36/100|[from] item: Leftovers\n|-damage|p2a: Vivillon|66/268|[from] Salt Cure\n|upkeep\n|turn|22\n|inactive|Time left: 300 sec this turn | 300 sec total\n|\n|t:|1783560142\n|switch|p1a: Tornadus|Tornadus-Therian, L79, M|100/100\n|move|p2a: Vivillon|Tera Blast|p1a: Tornadus|[anim] Tera Blast Ground\n|-immune|p1a: Tornadus\n|\n|-damage|p2a: Vivillon|33/268|[from] Salt Cure\n|upkeep\n|turn|23\n|inactive|Time left: 300 sec this turn | 300 sec total\n|\n|t:|1783560143\n|move|p2a: Vivillon|Sleep Powder|p1a: Tornadus\n|-status|p1a: Tornadus|slp|[from] move: Sleep Powder\n|cant|p1a: Tornadus|slp\n|\n|-damage|p2a: Vivillon|0 fnt|[from] Salt Cure\n|faint|p2a: Vivillon\n|upkeep\n|inactive|Time left: 300 sec this turn | 300 sec total | 5 sec grace\n|\n|t:|1783560144\n|switch|p2a: Okidogi|Okidogi, L77, M|112/262\n|turn|24\n|inactive|Time left: 300 sec this turn | 300 sec total\n|\n|t:|1783560145\n|-curestatus|p1a: Tornadus|slp|[msg]\n|move|p1a: Tornadus|Bleakwind Storm|p2a: Okidogi\n|-supereffective|p2a: Okidogi\n|-damage|p2a: Okidogi|0 fnt\n|faint|p2a: Okidogi\n|\n|upkeep\n|inactive|Time left: 300 sec this turn | 300 sec total | 5 sec grace\n|\n|t:|1783560146\n|switch|p2a: Rampardos|Rampardos, L90, F|218/321\n|turn|25\n|inactive|Time left: 300 sec this turn | 300 sec total\n|\n|t:|1783560147\n|move|p1a: Tornadus|Grass Knot|p2a: Rampardos\n|-supereffective|p2a: Rampardos\n|-damage|p2a: Rampardos|30/321\n|move|p2a: Rampardos|Zen Headbutt|p1a: Tornadus\n|-damage|p1a: Tornadus|28/100\n|\n|upkeep\n|turn|26\n|inactive|Time left: 300 sec this turn | 300 sec total\n|\n|t:|1783560148\n|switch|p1a: Garganacl|Garganacl, L80, F, tera:Dragon|36/100\n|move|p2a: Rampardos|Rock Slide|p1a: Garganacl\n|-damage|p1a: Garganacl|0 fnt\n|faint|p1a: Garganacl\n|\n|upkeep\n|\n|t:|1783560149\n|switch|p1a: Politoed|Politoed, L88, M|24/100\n|-weather|RainDance|[from] ability: Drizzle|[of] p1a: Politoed\n|turn|27\n|inactive|Time left: 300 sec this turn | 300 sec total\n|\n|t:|1783560150\n|move|p1a: Politoed|Hydro Pump|p2a: Rampardos|[miss]\n|-miss|p1a: Politoed|p2a: Rampardos\n|move|p2a: Rampardos|Fire Punch|p1a: Politoed\n|-resisted|p1a: Politoed\n|-damage|p1a: Politoed|8/100\n|\n|-weather|RainDance|[upkeep]\n|upkeep\n|turn|28\n|inactive|Time left: 300 sec this turn | 300 sec total\n|\n|t:|1783560151\n|move|p1a: Politoed|Hydro Pump|p2a: Rampardos|[miss]\n|-miss|p1a: Politoed|p2a: Rampardos\n|move|p2a: Rampardos|Rock Slide|p1a: Politoed\n|-damage|p1a: Politoed|0 fnt\n|faint|p1a: Politoed\n|\n|-weather|RainDance|[upkeep]\n|upkeep\n|\n|t:|1783560152\n|switch|p1a: Eternatus|Eternatus, L69|100/100\n|-ability|p1a: Eternatus|Pressure\n|turn|29\n|inactive|Time left: 300 sec this turn | 300 sec total\n|\n|t:|1783560153\n|move|p1a: Eternatus|Recover||[still]\n|-fail|p1a: Eternatus|heal\n|move|p2a: Rampardos|Earthquake|p1a: Eternatus\n|-supereffective|p1a: Eternatus\n|-damage|p1a: Eternatus|0 fnt\n|faint|p1a: Eternatus\n|-damage|p2a: Rampardos|0 fnt|[from] item: Life Orb\n|faint|p2a: Rampardos\n|\n|win|p0x1740914d", "uploadtime": 1783560153, "views": 0, "rating": 0, "private": 0, "password": null, "_winner": "p0x1740914d", "_our_name": "p0y17401438"}