{"id": "battle-gen9randombattle-2059", "formatid": "gen9randombattle", "format": "[Gen 9] Random Battle", "players": ["p0x205943bf", "p0y2059c826"], "log": "|init|battle\n|title|p0x205943bf vs. p0y2059c826\n|j|\u2606p0x205943bf\n|j|\u2606p0y2059c826\n|t:|1783563067\n|gametype|singles\n|player|p1|p0x205943bf|2|\n|player|p2|p0y2059c826|2|\n|gen|9\n|tier|[Gen 9] Random Battle\n|rule|Species Clause: Limit one of each Pok\u00e9mon\n|rule|HP Percentage Mod: HP is shown in percentages\n|rule|Sleep Clause Mod: Limit one foe put to sleep\n|rule|Illusion Level Mod: Illusion disguises the Pok\u00e9mon's true level\n|\n|t:|1783563067\n|teamsize|p1|6\n|teamsize|p2|6\n|start\n|switch|p1a: Scizor|Scizor, L79, F|240/240\n|switch|p2a: Minior|Minior-Orange, L79|100/100\n|-formechange|p2a: Minior|Minior-Meteor||[from] ability: Shields Down\n|turn|1\n|inactive|Battle timer is ON: inactive players will automatically lose when time's up. (requested by p0y2059c826)\n|inactive|Time left: 300 sec this turn | 300 sec total | 60 sec grace\n|inactive|p0x205943bf also wants the timer to be on.\n|\n|t:|1783563069\n|move|p1a: Scizor|Swords Dance|p1a: Scizor\n|-boost|p1a: Scizor|atk|2\n|move|p2a: Minior|Shell Smash|p2a: Minior\n|-unboost|p2a: Minior|def|1\n|-unboost|p2a: Minior|spd|1\n|-boost|p2a: Minior|atk|2\n|-boost|p2a: Minior|spa|2\n|-boost|p2a: Minior|spe|2\n|-enditem|p2a: Minior|White Herb\n|-clearnegativeboost|p2a: Minior|[silent]\n|\n|upkeep\n|turn|2\n|inactive|Time left: 300 sec this turn | 300 sec total\n|\n|t:|1783563070\n|-terastallize|p2a: Minior|Flying\n|-terastallize|p1a: Scizor|Steel\n|move|p1a: Scizor|Bullet Punch|p2a: Minior\n|-damage|p2a: Minior|0 fnt\n|faint|p2a: Minior\n|-damage|p1a: Scizor|216/240|[from] item: Life Orb\n|\n|upkeep\n|\n|t:|1783563071\n|switch|p2a: Decidueye|Decidueye-Hisui, L87, M|100/100\n|turn|3\n|inactive|Time left: 300 sec this turn | 300 sec total\n|\n|t:|1783563072\n|move|p1a: Scizor|Bullet Punch|p2a: Decidueye\n|-damage|p2a: Decidueye|18/100\n|-damage|p1a: Scizor|192/240|[from] item: Life Orb\n|move|p2a: Decidueye|Triple Arrows|p1a: Scizor\n|-supereffective|p1a: Scizor\n|-damage|p1a: Scizor|0 fnt\n|faint|p1a: Scizor\n|\n|-heal|p2a: Decidueye|24/100|[from] item: Leftovers\n|upkeep\n|inactive|Time left: 300 sec this turn | 300 sec total | 5 sec grace\n|\n|t:|1783563073\n|switch|p1a: Chandelure|Chandelure, L83, M|235/235\n|turn|4\n|inactive|Time left: 300 sec this turn | 300 sec total\n|\n|t:|1783563074\n|move|p1a: Chandelure|Fire Blast|p2a: Decidueye\n|-supereffective|p2a: Decidueye\n|-damage|p2a: Decidueye|0 fnt\n|faint|p2a: Decidueye\n|\n|upkeep\n|\n|t:|1783563075\n|switch|p2a: Gyarados|Gyarados, L79, M|100/100\n|turn|5\n|inactive|Time left: 300 sec this turn | 300 sec total\n|\n|t:|1783563077\n|switch|p1a: Vileplume|Vileplume, L85, F|266/266\n|move|p2a: Gyarados|Dragon Dance|p2a: Gyarados\n|-boost|p2a: Gyarados|atk|1\n|-boost|p2a: Gyarados|spe|1\n|\n|upkeep\n|turn|6\n|inactive|Time left: 300 sec this turn | 300 sec total\n|\n|t:|1783563078\n|move|p2a: Gyarados|Dragon Dance|p2a: Gyarados\n|-boost|p2a: Gyarados|atk|1\n|-boost|p2a: Gyarados|spe|1\n|move|p1a: Vileplume|Sludge Bomb|p2a: Gyarados\n|-damage|p2a: Gyarados|64/100\n|\n|upkeep\n|turn|7\n|inactive|Time left: 300 sec this turn | 300 sec total\n|\n|t:|1783563079\n|move|p2a: Gyarados|Earthquake|p1a: Vileplume\n|-damage|p1a: Vileplume|110/266\n|move|p1a: Vileplume|Strength Sap|p2a: Gyarados\n|-unboost|p2a: Gyarados|atk|1\n|-heal|p1a: Vileplume|266/266\n|\n|upkeep\n|turn|8\n|inactive|Time left: 300 sec this turn | 300 sec total\n|\n|t:|1783563080\n|move|p2a: Gyarados|Stone Edge|p1a: Vileplume\n|-damage|p1a: Vileplume|156/266\n|move|p1a: Vileplume|Sludge Bomb|p2a: Gyarados\n|-damage|p2a: Gyarados|26/100\n|\n|-heal|p1a: Vileplume|172/266|[from] item: Leftovers\n|upkeep\n|turn|9\n|inactive|Time left: 300 sec this turn | 300 sec total\n|\n|t:|1783563081\n|move|p2a: Gyarados|Earthquake|p1a: Vileplume\n|-damage|p1a: Vileplume|53/266\n|move|p1a: Vileplume|Giga Drain|p2a: Gyarados\n|-damage|p2a: Gyarados|0 fnt\n|-heal|p1a: Vileplume|89/266|[from] drain|[of] p2a: Gyarados\n|faint|p2a: Gyarados\n|\n|-heal|p1a: Vileplume|105/266|[from] item: Leftovers\n|upkeep\n|\n|t:|1783563082\n|switch|p2a: Spectrier|Spectrier, L75|100/100\n|turn|10\n|inactive|Time left: 300 sec this turn | 300 sec total\n|\n|t:|1783563083\n|move|p2a: Spectrier|Shadow Ball|p1a: Vileplume\n|-damage|p1a: Vileplume|0 fnt\n|faint|p1a: Vileplume\n|-ability|p2a: Spectrier|Grim Neigh|boost\n|-boost|p2a: Spectrier|spa|1\n|-damage|p2a: Spectrier|91/100|[from] item: Life Orb\n|\n|upkeep\n|inactive|Time left: 300 sec this turn | 300 sec total | 5 sec grace\n|\n|t:|1783563084\n|switch|p1a: Chandelure|Chandelure, L83, M|235/235\n|turn|11\n|inactive|Time left: 300 sec this turn | 300 sec total\n|\n|t:|1783563084\n|move|p1a: Chandelure|Shadow Ball|p2a: Spectrier\n|-supereffective|p2a: Spectrier\n|-damage|p2a: Spectrier|0 fnt\n|faint|p2a: Spectrier\n|\n|upkeep\n|\n|t:|1783563085\n|switch|p2a: Glaceon|Glaceon, L94, F|100/100\n|turn|12\n|inactive|Time left: 300 sec this turn | 300 sec total\n|\n|t:|1783563085\n|move|p1a: Chandelure|Shadow Ball|p2a: Glaceon\n|-damage|p2a: Glaceon|66/100\n|-unboost|p2a: Glaceon|spd|1\n|move|p2a: Glaceon|Calm Mind|p2a: Glaceon\n|-boost|p2a: Glaceon|spa|1\n|-boost|p2a: Glaceon|spd|1\n|\n|upkeep\n|turn|13\n|inactive|Time left: 300 sec this turn | 300 sec total\n|\n|t:|1783563086\n|move|p1a: Chandelure|Shadow Ball|p2a: Glaceon\n|-damage|p2a: Glaceon|30/100\n|-unboost|p2a: Glaceon|spd|1\n|move|p2a: Glaceon|Wish|p2a: Glaceon\n|\n|upkeep\n|turn|14\n|inactive|Time left: 300 sec this turn | 300 sec total\n|\n|t:|1783563087\n|move|p2a: Glaceon|Protect|p2a: Glaceon\n|-singleturn|p2a: Glaceon|Protect\n|move|p1a: Chandelure|Shadow Ball|p2a: Glaceon\n|-activate|p2a: Glaceon|move: Protect\n|\n|-heal|p2a: Glaceon|79/100|[from] move: Wish|[wisher] Glaceon\n|upkeep\n|turn|15\n|inactive|Time left: 300 sec this turn | 300 sec total\n|\n|t:|1783563087\n|move|p1a: Chandelure|Shadow Ball|p2a: Glaceon\n|-damage|p2a: Glaceon|24/100\n|move|p2a: Glaceon|Wish|p2a: Glaceon\n|\n|upkeep\n|turn|16\n|inactive|Time left: 300 sec this turn | 300 sec total\n|\n|t:|1783563088\n|move|p2a: Glaceon|Protect|p2a: Glaceon\n|-singleturn|p2a: Glaceon|Protect\n|move|p1a: Chandelure|Shadow Ball|p2a: Glaceon\n|-activate|p2a: Glaceon|move: Protect\n|\n|-heal|p2a: Glaceon|74/100|[from] move: Wish|[wisher] Glaceon\n|upkeep\n|turn|17\n|inactive|Time left: 300 sec this turn | 300 sec total\n|\n|t:|1783563089\n|move|p1a: Chandelure|Shadow Ball|p2a: Glaceon\n|-damage|p2a: Glaceon|25/100\n|move|p2a: Glaceon|Wish|p2a: Glaceon\n|\n|upkeep\n|turn|18\n|inactive|Time left: 300 sec this turn | 300 sec total\n|\n|t:|1783563089\n|move|p2a: Glaceon|Protect|p2a: Glaceon\n|-singleturn|p2a: Glaceon|Protect\n|move|p1a: Chandelure|Shadow Ball|p2a: Glaceon\n|-activate|p2a: Glaceon|move: Protect\n|\n|-heal|p2a: Glaceon|75/100|[from] move: Wish|[wisher] Glaceon\n|upkeep\n|turn|19\n|inactive|Time left: 300 sec this turn | 300 sec total\n|\n|t:|1783563090\n|move|p1a: Chandelure|Shadow Ball|p2a: Glaceon\n|-damage|p2a: Glaceon|23/100\n|move|p2a: Glaceon|Freeze-Dry|p1a: Chandelure\n|-resisted|p1a: Chandelure\n|-damage|p1a: Chandelure|145/235\n|\n|upkeep\n|turn|20\n|inactive|Time left: 300 sec this turn | 300 sec total\n|\n|t:|1783563091\n|move|p2a: Glaceon|Protect|p2a: Glaceon\n|-singleturn|p2a: Glaceon|Protect\n|move|p1a: Chandelure|Shadow Ball|p2a: Glaceon\n|-activate|p2a: Glaceon|move: Protect\n|\n|upkeep\n|turn|21\n|inactive|Time left: 300 sec this turn | 300 sec total\n|\n|t:|1783563092\n|move|p2a: Glaceon|Protect||[still]\n|-fail|p2a: Glaceon\n|move|p1a: Chandelure|Shadow Ball|p2a: Glaceon\n|-damage|p2a: Glaceon|0 fnt\n|faint|p2a: Glaceon\n|\n|upkeep\n|\n|t:|1783563092\n|switch|p2a: Sneasler|Sneasler, L74, F|100/100\n|turn|22\n|inactive|Time left: 300 sec this turn | 300 sec total\n|\n|t:|1783563093\n|move|p1a: Chandelure|Shadow Ball|p2a: Sneasler\n|-damage|p2a: Sneasler|39/100\n|move|p2a: Sneasler|Dire Claw|p1a: Chandelure\n|-resisted|p1a: Chandelure\n|-damage|p1a: Chandelure|87/235\n|\n|upkeep\n|turn|23\n|inactive|Time left: 300 sec this turn | 300 sec total\n|\n|t:|1783563095\n|move|p1a: Chandelure|Shadow Ball|p2a: Sneasler\n|-crit|p2a: Sneasler\n|-damage|p2a: Sneasler|0 fnt\n|faint|p2a: Sneasler\n|\n|win|p0x205943bf", "uploadtime": 1783563095, "views": 0, "rating": 0, "private": 0, "password": null, "_winner": "p0x205943bf", "_our_name": "p0x205943bf"}