{"id": "battle-gen9randombattle-1049", "formatid": "gen9randombattle", "format": "[Gen 9] Random Battle", "players": ["p0x104978e7", "p0y1049d2de"], "log": "|init|battle\n|title|p0x104978e7 vs. p0y1049d2de\n|j|\u2606p0x104978e7\n|j|\u2606p0y1049d2de\n|t:|1783551340\n|gametype|singles\n|player|p1|p0x104978e7|1|\n|player|p2|p0y1049d2de|102|\n|gen|9\n|tier|[Gen 9] Random Battle\n|rule|Species Clause: Limit one of each Pok\u00e9mon\n|rule|HP Percentage Mod: HP is shown in percentages\n|rule|Sleep Clause Mod: Limit one foe put to sleep\n|rule|Illusion Level Mod: Illusion disguises the Pok\u00e9mon's true level\n|\n|t:|1783551340\n|teamsize|p1|6\n|teamsize|p2|6\n|start\n|switch|p1a: Stonjourner|Stonjourner, L91, M|330/330\n|switch|p2a: Floatzel|Floatzel, L86, F|100/100\n|turn|1\n|inactive|Battle timer is ON: inactive players will automatically lose when time's up. (requested by p0x104978e7)\n|inactive|p0y1049d2de also wants the timer to be on.\n|\n|t:|1783551341\n|move|p2a: Floatzel|Wave Crash|p1a: Stonjourner\n|-supereffective|p1a: Stonjourner\n|-damage|p1a: Stonjourner|24/330\n|-damage|p2a: Floatzel|65/100|[from] Recoil\n|move|p1a: Stonjourner|Stone Edge|p2a: Floatzel\n|-damage|p2a: Floatzel|0 fnt\n|faint|p2a: Floatzel\n|-damage|p1a: Stonjourner|0 fnt|[from] item: Life Orb\n|faint|p1a: Stonjourner\n|\n|upkeep\n|inactive|Time left: 300 sec this turn | 300 sec total | 65 sec grace\n|\n|t:|1783551343\n|switch|p2a: Sandaconda|Sandaconda, L84, F|100/100\n|switch|p1a: Flutter Mane|Flutter Mane, L74|203/203\n|turn|2\n|inactive|Time left: 300 sec this turn | 300 sec total\n|\n|t:|1783551344\n|move|p1a: Flutter Mane|Moonblast|p2a: Sandaconda\n|-damage|p2a: Sandaconda|28/100\n|-unboost|p2a: Sandaconda|spa|1\n|move|p2a: Sandaconda|Earthquake|p1a: Flutter Mane\n|-damage|p1a: Flutter Mane|28/203\n|\n|-heal|p2a: Sandaconda|34/100|[from] item: Leftovers\n|upkeep\n|turn|3\n|inactive|Time left: 300 sec this turn | 300 sec total\n|\n|t:|1783551345\n|move|p1a: Flutter Mane|Moonblast|p2a: Sandaconda\n|-damage|p2a: Sandaconda|0 fnt\n|faint|p2a: Sandaconda\n|\n|upkeep\n|\n|t:|1783551346\n|switch|p2a: Zarude|Zarude-Dada, L77|100/100\n|turn|4\n|inactive|Time left: 300 sec this turn | 300 sec total\n|\n|t:|1783551347\n|move|p2a: Zarude|Knock Off|p1a: Flutter Mane\n|-damage|p1a: Flutter Mane|0 fnt\n|-enditem|p1a: Flutter Mane|Choice Specs|[from] move: Knock Off|[of] p2a: Zarude\n|faint|p1a: Flutter Mane\n|-end|p1a: Flutter Mane|Protosynthesis|[silent]\n|\n|upkeep\n|inactive|Time left: 300 sec this turn | 300 sec total | 5 sec grace\n|\n|t:|1783551348\n|switch|p1a: Ogerpon|Ogerpon-Cornerstone, L76, F|247/247\n|turn|5\n|inactive|Time left: 300 sec this turn | 300 sec total\n|\n|t:|1783551350\n|move|p2a: Zarude|Knock Off|p1a: Ogerpon\n|-damage|p1a: Ogerpon|174/247\n|move|p1a: Ogerpon|Ivy Cudgel|p2a: Zarude|[anim] Ivy Cudgel Rock\n|-damage|p2a: Zarude|62/100\n|\n|upkeep\n|turn|6\n|inactive|Time left: 300 sec this turn | 300 sec total\n|\n|t:|1783551351\n|move|p2a: Zarude|Knock Off|p1a: Ogerpon\n|-damage|p1a: Ogerpon|92/247\n|move|p1a: Ogerpon|Synthesis|p1a: Ogerpon\n|-heal|p1a: Ogerpon|215/247\n|\n|upkeep\n|turn|7\n|inactive|Time left: 300 sec this turn | 300 sec total\n|\n|t:|1783551352\n|move|p2a: Zarude|Knock Off|p1a: Ogerpon\n|-damage|p1a: Ogerpon|134/247\n|move|p1a: Ogerpon|Ivy Cudgel|p2a: Zarude|[anim] Ivy Cudgel Rock\n|-crit|p2a: Zarude\n|-damage|p2a: Zarude|0 fnt\n|faint|p2a: Zarude\n|\n|upkeep\n|\n|t:|1783551353\n|switch|p2a: Skuntank|Skuntank, L84, M|100/100\n|turn|8\n|inactive|Time left: 300 sec this turn | 300 sec total\n|\n|t:|1783551354\n|move|p1a: Ogerpon|Ivy Cudgel|p2a: Skuntank|[anim] Ivy Cudgel Rock\n|-damage|p2a: Skuntank|50/100\n|move|p2a: Skuntank|Gunk Shot|p1a: Ogerpon|[miss]\n|-miss|p2a: Skuntank|p1a: Ogerpon\n|\n|upkeep\n|turn|9\n|inactive|Time left: 300 sec this turn | 300 sec total\n|\n|t:|1783551355\n|move|p1a: Ogerpon|Ivy Cudgel|p2a: Skuntank|[anim] Ivy Cudgel Rock\n|-damage|p2a: Skuntank|0 fnt\n|faint|p2a: Skuntank\n|\n|upkeep\n|\n|t:|1783551356\n|switch|p2a: Plusle|Plusle, L95, F|100/100\n|turn|10\n|inactive|Time left: 300 sec this turn | 300 sec total\n|\n|t:|1783551357\n|move|p2a: Plusle|Nasty Plot|p2a: Plusle\n|-boost|p2a: Plusle|spa|2\n|move|p1a: Ogerpon|Ivy Cudgel|p2a: Plusle|[anim] Ivy Cudgel Rock\n|-damage|p2a: Plusle|26/100\n|\n|upkeep\n|turn|11\n|inactive|Time left: 300 sec this turn | 300 sec total\n|\n|t:|1783551359\n|move|p2a: Plusle|Thunderbolt|p1a: Ogerpon\n|-resisted|p1a: Ogerpon\n|-damage|p1a: Ogerpon|0 fnt\n|faint|p1a: Ogerpon\n|-damage|p2a: Plusle|17/100|[from] item: Life Orb\n|\n|upkeep\n|inactive|Time left: 300 sec this turn | 300 sec total | 5 sec grace\n|\n|t:|1783551360\n|switch|p1a: Azelf|Azelf, L82|257/257\n|turn|12\n|inactive|Time left: 300 sec this turn | 300 sec total\n|\n|t:|1783551361\n|move|p1a: Azelf|Psychic|p2a: Plusle\n|-damage|p2a: Plusle|0 fnt\n|faint|p2a: Plusle\n|-damage|p1a: Azelf|232/257|[from] item: Life Orb\n|\n|upkeep\n|\n|t:|1783551362\n|switch|p2a: Rayquaza|Rayquaza, L72|100/100\n|-ability|p2a: Rayquaza|Air Lock\n|turn|13\n|inactive|Time left: 300 sec this turn | 300 sec total\n|\n|t:|1783551363\n|-terastallize|p1a: Azelf|Fire\n|move|p1a: Azelf|Explosion|p2a: Rayquaza\n|-damage|p2a: Rayquaza|0 fnt\n|faint|p1a: Azelf\n|faint|p2a: Rayquaza\n|\n|win|p0x104978e7", "uploadtime": 1783551363, "views": 0, "rating": 0, "private": 0, "password": null, "_winner": "p0x104978e7", "_our_name": "p0x104978e7"}