{"id": "battle-gen9randombattle-569", "formatid": "gen9randombattle", "format": "[Gen 9] Random Battle", "players": ["p0x569dcba", "p0y569445b"], "log": "|init|battle\n|title|p0x569dcba vs. p0y569445b\n|j|\u2606p0x569dcba\n|j|\u2606p0y569445b\n|t:|1783546373\n|gametype|singles\n|player|p1|p0x569dcba|169|\n|player|p2|p0y569445b|265|\n|gen|9\n|tier|[Gen 9] Random Battle\n|rule|Species Clause: Limit one of each Pok\u00e9mon\n|rule|HP Percentage Mod: HP is shown in percentages\n|rule|Sleep Clause Mod: Limit one foe put to sleep\n|rule|Illusion Level Mod: Illusion disguises the Pok\u00e9mon's true level\n|\n|t:|1783546373\n|teamsize|p1|6\n|teamsize|p2|6\n|start\n|switch|p1a: Muk|Muk-Alola, L82, M|306/306\n|switch|p2a: Scrafty|Scrafty, L83, F|100/100\n|-ability|p2a: Scrafty|Intimidate|boost\n|-unboost|p1a: Muk|atk|1\n|turn|1\n|inactive|Battle timer is ON: inactive players will automatically lose when time's up. (requested by p0y569445b)\n|inactive|Time left: 300 sec this turn | 300 sec total | 60 sec grace\n|inactive|p0x569dcba also wants the timer to be on.\n|\n|t:|1783546374\n|switch|p1a: Crabominable|Crabominable, L90, M|321/321\n|move|p2a: Scrafty|Dragon Dance|p2a: Scrafty\n|-boost|p2a: Scrafty|atk|1\n|-boost|p2a: Scrafty|spe|1\n|\n|upkeep\n|turn|2\n|inactive|Time left: 300 sec this turn | 300 sec total\n|\n|t:|1783546376\n|move|p2a: Scrafty|Drain Punch|p1a: Crabominable\n|-supereffective|p1a: Crabominable\n|-damage|p1a: Crabominable|87/321\n|move|p1a: Crabominable|Drain Punch|p2a: Scrafty\n|-supereffective|p2a: Scrafty\n|-damage|p2a: Scrafty|0 fnt\n|-heal|p1a: Crabominable|209/321|[from] drain|[of] p2a: Scrafty\n|faint|p2a: Scrafty\n|\n|upkeep\n|\n|t:|1783546377\n|switch|p2a: Decidueye|Decidueye-Hisui, L87, M|100/100\n|turn|3\n|inactive|Time left: 300 sec this turn | 300 sec total\n|\n|t:|1783546378\n|move|p2a: Decidueye|Triple Arrows|p1a: Crabominable\n|-supereffective|p1a: Crabominable\n|-crit|p1a: Crabominable\n|-damage|p1a: Crabominable|0 fnt\n|faint|p1a: Crabominable\n|\n|upkeep\n|inactive|Time left: 300 sec this turn | 300 sec total | 5 sec grace\n|\n|t:|1783546379\n|switch|p1a: Chandelure|Chandelure, L83, F|235/235\n|turn|4\n|inactive|Time left: 300 sec this turn | 300 sec total\n|\n|t:|1783546381\n|move|p1a: Chandelure|Fire Blast|p2a: Decidueye\n|-supereffective|p2a: Decidueye\n|-damage|p2a: Decidueye|1/100\n|move|p2a: Decidueye|Triple Arrows|p1a: Chandelure\n|-damage|p1a: Chandelure|114/235\n|-unboost|p1a: Chandelure|def|1\n|\n|-heal|p2a: Decidueye|7/100|[from] item: Leftovers\n|upkeep\n|turn|5\n|inactive|Time left: 300 sec this turn | 300 sec total\n|\n|t:|1783546382\n|move|p1a: Chandelure|Shadow Ball|p2a: Decidueye\n|-damage|p2a: Decidueye|0 fnt\n|faint|p2a: Decidueye\n|\n|upkeep\n|\n|t:|1783546383\n|switch|p2a: Iron Jugulis|Iron Jugulis, L77|100/100\n|turn|6\n|inactive|Time left: 300 sec this turn | 300 sec total\n|\n|t:|1783546384\n|switch|p1a: Muk|Muk-Alola, L82, M|306/306\n|move|p2a: Iron Jugulis|Hurricane|p1a: Muk\n|-crit|p1a: Muk\n|-damage|p1a: Muk|144/306\n|-start|p1a: Muk|confusion\n|\n|upkeep\n|turn|7\n|inactive|Time left: 300 sec this turn | 300 sec total\n|\n|t:|1783546386\n|move|p2a: Iron Jugulis|Hurricane|p1a: Muk\n|-damage|p1a: Muk|36/306\n|-activate|p1a: Muk|confusion\n|-damage|p1a: Muk|1/306|[from] confusion\n|\n|upkeep\n|turn|8\n|inactive|Time left: 300 sec this turn | 300 sec total\n|\n|t:|1783546387\n|move|p2a: Iron Jugulis|Hurricane|p1a: Muk\n|-damage|p1a: Muk|0 fnt\n|faint|p1a: Muk\n|\n|upkeep\n|inactive|Time left: 300 sec this turn | 300 sec total | 5 sec grace\n|\n|t:|1783546388\n|switch|p1a: Sandy Shocks|Sandy Shocks, L80|267/267\n|turn|9\n|inactive|Time left: 300 sec this turn | 300 sec total\n|\n|t:|1783546389\n|move|p2a: Iron Jugulis|Hurricane|p1a: Sandy Shocks\n|-resisted|p1a: Sandy Shocks\n|-damage|p1a: Sandy Shocks|180/267\n|move|p1a: Sandy Shocks|Thunderbolt|p2a: Iron Jugulis\n|-supereffective|p2a: Iron Jugulis\n|-damage|p2a: Iron Jugulis|12/100\n|\n|upkeep\n|turn|10\n|inactive|Time left: 300 sec this turn | 300 sec total\n|\n|t:|1783546391\n|move|p2a: Iron Jugulis|Hurricane|p1a: Sandy Shocks\n|-resisted|p1a: Sandy Shocks\n|-damage|p1a: Sandy Shocks|78/267\n|-start|p1a: Sandy Shocks|confusion\n|-activate|p1a: Sandy Shocks|confusion\n|move|p1a: Sandy Shocks|Volt Switch|p2a: Iron Jugulis\n|-supereffective|p2a: Iron Jugulis\n|-damage|p2a: Iron Jugulis|0 fnt\n|faint|p2a: Iron Jugulis\n|-end|p2a: Iron Jugulis|Quark Drive|[silent]\n|inactive|Time left: 300 sec this turn | 300 sec total | 5 sec grace\n|\n|t:|1783546392\n|-end|p1a: Sandy Shocks|Protosynthesis|[silent]\n|switch|p1a: Chandelure|Chandelure, L83, F|114/235|[from] Volt Switch\n|\n|upkeep\n|\n|t:|1783546393\n|switch|p2a: Indeedee|Indeedee-F, L90, F|100/100\n|-fieldstart|move: Psychic Terrain|[from] ability: Psychic Surge|[of] p2a: Indeedee\n|turn|11\n|inactive|Time left: 300 sec this turn | 300 sec total\n|\n|t:|1783546394\n|move|p2a: Indeedee|Psyshock|p1a: Chandelure\n|-damage|p1a: Chandelure|0 fnt\n|faint|p1a: Chandelure\n|\n|upkeep\n|inactive|Time left: 300 sec this turn | 300 sec total | 5 sec grace\n|\n|t:|1783546395\n|switch|p1a: Kingdra|Kingdra, L84, F|263/263\n|turn|12\n|inactive|Time left: 300 sec this turn | 300 sec total\n|\n|t:|1783546396\n|move|p2a: Indeedee|Psyshock|p1a: Kingdra\n|-damage|p1a: Kingdra|137/263\n|move|p1a: Kingdra|Waterfall|p2a: Indeedee\n|-damage|p2a: Indeedee|63/100\n|\n|upkeep\n|turn|13\n|inactive|Time left: 300 sec this turn | 300 sec total\n|\n|t:|1783546397\n|-terastallize|p2a: Indeedee|Psychic\n|move|p2a: Indeedee|Psyshock|p1a: Kingdra\n|-crit|p1a: Kingdra\n|-damage|p1a: Kingdra|0 fnt\n|faint|p1a: Kingdra\n|\n|upkeep\n|inactive|Time left: 300 sec this turn | 300 sec total | 5 sec grace\n|\n|t:|1783546398\n|switch|p1a: Smeargle|Smeargle, L95, M|258/258\n|turn|14\n|inactive|Time left: 300 sec this turn | 300 sec total\n|\n|t:|1783546399\n|-terastallize|p1a: Smeargle|Ghost\n|move|p2a: Indeedee|Psyshock|p1a: Smeargle\n|-damage|p1a: Smeargle|0 fnt\n|faint|p1a: Smeargle\n|\n|upkeep\n|inactive|Time left: 300 sec this turn | 300 sec total | 5 sec grace\n|\n|t:|1783546400\n|switch|p1a: Sandy Shocks|Sandy Shocks, L80|78/267\n|turn|15\n|inactive|Time left: 300 sec this turn | 300 sec total\n|\n|t:|1783546401\n|move|p2a: Indeedee|Psyshock|p1a: Sandy Shocks\n|-damage|p1a: Sandy Shocks|0 fnt\n|faint|p1a: Sandy Shocks\n|-end|p1a: Sandy Shocks|Protosynthesis|[silent]\n|\n|win|p0y569445b", "uploadtime": 1783546401, "views": 0, "rating": 0, "private": 0, "password": null, "_winner": "p0y569445b", "_our_name": "p0x569dcba"}