{"id": "battle-gen9randombattle-2686", "formatid": "gen9randombattle", "format": "[Gen 9] Random Battle", "players": ["p0x268621dd", "p0y26861844"], "log": "|init|battle\n|title|p0x268621dd vs. p0y26861844\n|j|\u2606p0x268621dd\n|j|\u2606p0y26861844\n|t:|1783570002\n|gametype|singles\n|player|p1|p0x268621dd|101|\n|player|p2|p0y26861844|1|\n|gen|9\n|tier|[Gen 9] Random Battle\n|rule|Species Clause: Limit one of each Pok\u00e9mon\n|rule|HP Percentage Mod: HP is shown in percentages\n|rule|Sleep Clause Mod: Limit one foe put to sleep\n|rule|Illusion Level Mod: Illusion disguises the Pok\u00e9mon's true level\n|\n|t:|1783570002\n|teamsize|p1|6\n|teamsize|p2|6\n|start\n|switch|p1a: Hydrapple|Hydrapple, L83, M|100/100\n|switch|p2a: Toxtricity|Toxtricity, L82, M|257/257\n|turn|1\n|inactive|Battle timer is ON: inactive players will automatically lose when time's up. (requested by p0x268621dd)\n|inactive|Time left: 300 sec this turn | 300 sec total | 60 sec grace\n|inactive|p0y26861844 also wants the timer to be on.\n|\n|t:|1783570003\n|switch|p2a: Moltres|Moltres-Galar, L79|271/271\n|move|p1a: Hydrapple|Earth Power|p2a: Moltres\n|-immune|p2a: Moltres\n|\n|upkeep\n|turn|2\n|inactive|Time left: 300 sec this turn | 300 sec total\n|\n|t:|1783570004\n|move|p2a: Moltres|Nasty Plot|p2a: Moltres\n|-boost|p2a: Moltres|spa|2\n|move|p1a: Hydrapple|Nasty Plot|p1a: Hydrapple\n|-boost|p1a: Hydrapple|spa|2\n|\n|upkeep\n|turn|3\n|inactive|Time left: 300 sec this turn | 300 sec total\n|\n|t:|1783570005\n|-terastallize|p1a: Hydrapple|Steel\n|move|p2a: Moltres|Hurricane|p1a: Hydrapple\n|-resisted|p1a: Hydrapple\n|-damage|p1a: Hydrapple|64/100\n|move|p1a: Hydrapple|Fickle Beam|p2a: Moltres\n|-damage|p2a: Moltres|83/271\n|-ability|p2a: Moltres|Berserk|boost\n|-boost|p2a: Moltres|spa|1\n|-damage|p1a: Hydrapple|54/100|[from] item: Life Orb\n|\n|upkeep\n|turn|4\n|inactive|Time left: 300 sec this turn | 300 sec total\n|\n|t:|1783570006\n|switch|p1a: Ting-Lu|Ting-Lu, L78|100/100\n|-ability|p1a: Ting-Lu|Vessel of Ruin\n|move|p2a: Moltres|Fiery Wrath|p1a: Ting-Lu\n|-resisted|p1a: Ting-Lu\n|-damage|p1a: Ting-Lu|75/100\n|\n|-heal|p1a: Ting-Lu|81/100|[from] item: Leftovers\n|upkeep\n|turn|5\n|inactive|Time left: 300 sec this turn | 300 sec total\n|\n|t:|1783570007\n|move|p2a: Moltres|Hurricane|p1a: Ting-Lu|[miss]\n|-miss|p2a: Moltres|p1a: Ting-Lu\n|move|p1a: Ting-Lu|Heavy Slam|p2a: Moltres\n|-damage|p2a: Moltres|0 fnt\n|faint|p2a: Moltres\n|\n|-heal|p1a: Ting-Lu|87/100|[from] item: Leftovers\n|upkeep\n|inactive|Time left: 300 sec this turn | 300 sec total | 5 sec grace\n|\n|t:|1783570008\n|switch|p2a: Terrakion|Terrakion, L79|273/273\n|turn|6\n|inactive|Time left: 300 sec this turn | 300 sec total\n|\n|t:|1783570009\n|move|p2a: Terrakion|Close Combat|p1a: Ting-Lu\n|-supereffective|p1a: Ting-Lu\n|-damage|p1a: Ting-Lu|0 fnt\n|-unboost|p2a: Terrakion|def|1\n|-unboost|p2a: Terrakion|spd|1\n|faint|p1a: Ting-Lu\n|\n|upkeep\n|\n|t:|1783570010\n|switch|p1a: Barraskewda|Barraskewda, L81, F|100/100\n|turn|7\n|inactive|Time left: 300 sec this turn | 300 sec total\n|\n|t:|1783570011\n|switch|p2a: Regidrago|Regidrago, L77|435/435\n|move|p1a: Barraskewda|Waterfall|p2a: Regidrago\n|-resisted|p2a: Regidrago\n|-damage|p2a: Regidrago|316/435\n|\n|upkeep\n|turn|8\n|inactive|Time left: 300 sec this turn | 300 sec total\n|\n|t:|1783570012\n|switch|p1a: Hydrapple|Hydrapple, L83, M, tera:Steel|87/100\n|move|p2a: Regidrago|Outrage|p1a: Hydrapple\n|-resisted|p1a: Hydrapple\n|-damage|p1a: Hydrapple|66/100\n|\n|upkeep\n|turn|9\n|inactive|Time left: 300 sec this turn | 300 sec total\n|\n|t:|1783570013\n|switch|p1a: Whimsicott|Whimsicott, L84, M|100/100\n|move|p2a: Regidrago|Outrage|p1a: Whimsicott|[from] lockedmove\n|-immune|p1a: Whimsicott\n|-start|p2a: Regidrago|confusion|[fatigue]\n|-enditem|p2a: Regidrago|Lum Berry|[eat]\n|-end|p2a: Regidrago|confusion\n|\n|upkeep\n|turn|10\n|inactive|Time left: 300 sec this turn | 300 sec total\n|\n|t:|1783570014\n|switch|p2a: Toxtricity|Toxtricity, L82, M|257/257\n|move|p1a: Whimsicott|Moonblast|p2a: Toxtricity\n|-resisted|p2a: Toxtricity\n|-damage|p2a: Toxtricity|206/257\n|\n|upkeep\n|turn|11\n|inactive|Time left: 300 sec this turn | 300 sec total\n|\n|t:|1783570015\n|switch|p1a: Hydrapple|Hydrapple, L83, M, tera:Steel|99/100\n|move|p2a: Toxtricity|Overdrive|p1a: Hydrapple\n|-crit|p1a: Hydrapple\n|-damage|p1a: Hydrapple|40/100\n|-enditem|p2a: Toxtricity|Throat Spray\n|-boost|p2a: Toxtricity|spa|1|[from] item: Throat Spray\n|\n|upkeep\n|turn|12\n|inactive|Time left: 300 sec this turn | 300 sec total\n|\n|t:|1783570016\n|switch|p1a: Crabominable|Crabominable, L90, F|100/100\n|move|p2a: Toxtricity|Overdrive|p1a: Crabominable\n|-damage|p1a: Crabominable|61/100\n|\n|upkeep\n|turn|13\n|inactive|Time left: 300 sec this turn | 300 sec total\n|\n|t:|1783570017\n|move|p2a: Toxtricity|Boomburst|p1a: Crabominable\n|-damage|p1a: Crabominable|16/100\n|move|p1a: Crabominable|Ice Hammer|p2a: Toxtricity|[miss]\n|-miss|p1a: Crabominable|p2a: Toxtricity\n|\n|upkeep\n|turn|14\n|inactive|Time left: 300 sec this turn | 300 sec total\n|\n|t:|1783570018\n|move|p2a: Toxtricity|Boomburst|p1a: Crabominable\n|-damage|p1a: Crabominable|0 fnt\n|faint|p1a: Crabominable\n|\n|upkeep\n|\n|t:|1783570019\n|switch|p1a: Hydrapple|Hydrapple, L83, M, tera:Steel|73/100\n|turn|15\n|inactive|Time left: 300 sec this turn | 300 sec total\n|\n|t:|1783570020\n|move|p2a: Toxtricity|Overdrive|p1a: Hydrapple\n|-damage|p1a: Hydrapple|11/100\n|move|p1a: Hydrapple|Earth Power|p2a: Toxtricity\n|-supereffective|p2a: Toxtricity\n|-crit|p2a: Toxtricity\n|-damage|p2a: Toxtricity|0 fnt\n|faint|p2a: Toxtricity\n|-damage|p1a: Hydrapple|1/100|[from] item: Life Orb\n|\n|upkeep\n|inactive|Time left: 300 sec this turn | 300 sec total | 5 sec grace\n|\n|t:|1783570021\n|switch|p2a: Terrakion|Terrakion, L79|273/273\n|turn|16\n|inactive|Time left: 300 sec this turn | 300 sec total\n|\n|t:|1783570022\n|switch|p1a: Whimsicott|Whimsicott, L84, M|100/100\n|move|p2a: Terrakion|Stone Edge|p1a: Whimsicott|[miss]\n|-miss|p2a: Terrakion|p1a: Whimsicott\n|\n|upkeep\n|turn|17\n|inactive|Time left: 300 sec this turn | 300 sec total\n|\n|t:|1783570023\n|move|p1a: Whimsicott|Moonblast|p2a: Terrakion\n|-supereffective|p2a: Terrakion\n|-damage|p2a: Terrakion|97/273\n|move|p2a: Terrakion|Stone Edge|p1a: Whimsicott\n|-damage|p1a: Whimsicott|21/100\n|\n|upkeep\n|turn|18\n|inactive|Time left: 300 sec this turn | 300 sec total\n|\n|t:|1783570024\n|switch|p2a: Chi-Yu|Chi-Yu, L77|211/211\n|-ability|p2a: Chi-Yu|Beads of Ruin\n|move|p1a: Whimsicott|Moonblast|p2a: Chi-Yu\n|-damage|p2a: Chi-Yu|132/211\n|-unboost|p2a: Chi-Yu|spa|1\n|\n|upkeep\n|turn|19\n|inactive|Time left: 300 sec this turn | 300 sec total\n|\n|t:|1783570025\n|move|p1a: Whimsicott|Moonblast|p2a: Chi-Yu\n|-damage|p2a: Chi-Yu|57/211\n|move|p2a: Chi-Yu|Fire Blast|p1a: Whimsicott\n|-supereffective|p1a: Whimsicott\n|-damage|p1a: Whimsicott|0 fnt\n|faint|p1a: Whimsicott\n|\n|upkeep\n|\n|t:|1783570026\n|switch|p1a: Barraskewda|Barraskewda, L81, F|100/100\n|turn|20\n|inactive|Time left: 300 sec this turn | 300 sec total\n|\n|t:|1783570027\n|switch|p2a: Regidrago|Regidrago, L77|316/435\n|move|p1a: Barraskewda|Flip Turn|p2a: Regidrago\n|-resisted|p2a: Regidrago\n|-damage|p2a: Regidrago|232/435\n|\n|t:|1783570028\n|switch|p1a: Hydrapple|Hydrapple, L83, M, tera:Steel|34/100|[from] Flip Turn\n|\n|upkeep\n|turn|21\n|inactive|Time left: 300 sec this turn | 300 sec total\n|\n|t:|1783570029\n|move|p2a: Regidrago|Earthquake|p1a: Hydrapple\n|-supereffective|p1a: Hydrapple\n|-damage|p1a: Hydrapple|1/100\n|move|p1a: Hydrapple|Fickle Beam|p2a: Regidrago\n|-supereffective|p2a: Regidrago\n|-damage|p2a: Regidrago|0 fnt\n|faint|p2a: Regidrago\n|-damage|p1a: Hydrapple|0 fnt|[from] item: Life Orb\n|faint|p1a: Hydrapple\n|\n|upkeep\n|inactive|Time left: 300 sec this turn | 300 sec total | 5 sec grace\n|\n|t:|1783570030\n|switch|p2a: Ogerpon|Ogerpon-Cornerstone, L76, F|247/247\n|switch|p1a: Barraskewda|Barraskewda, L81, F|100/100\n|turn|22\n|inactive|Time left: 300 sec this turn | 300 sec total\n|\n|t:|1783570031\n|move|p1a: Barraskewda|Flip Turn|p2a: Ogerpon\n|-damage|p2a: Ogerpon|129/247\n|\n|t:|1783570032\n|switch|p1a: Dudunsparce|Dudunsparce, L83, M|100/100|[from] Flip Turn\n|move|p2a: Ogerpon|Power Whip|p1a: Dudunsparce\n|-damage|p1a: Dudunsparce|55/100\n|\n|-heal|p1a: Dudunsparce|61/100|[from] item: Leftovers\n|upkeep\n|turn|23\n|inactive|Time left: 300 sec this turn | 300 sec total\n|\n|t:|1783570033\n|move|p2a: Ogerpon|Power Whip|p1a: Dudunsparce\n|-damage|p1a: Dudunsparce|14/100\n|move|p1a: Dudunsparce|Roost|p1a: Dudunsparce\n|-heal|p1a: Dudunsparce|64/100\n|-singleturn|p1a: Dudunsparce|move: Roost\n|\n|-heal|p1a: Dudunsparce|70/100|[from] item: Leftovers\n|upkeep\n|turn|24\n|inactive|Time left: 300 sec this turn | 300 sec total\n|\n|t:|1783570033\n|move|p2a: Ogerpon|Synthesis|p2a: Ogerpon\n|-heal|p2a: Ogerpon|247/247\n|move|p1a: Dudunsparce|Glare|p2a: Ogerpon\n|-status|p2a: Ogerpon|par\n|\n|-heal|p1a: Dudunsparce|76/100|[from] item: Leftovers\n|upkeep\n|turn|25\n|inactive|Time left: 300 sec this turn | 300 sec total\n|\n|t:|1783570034\n|move|p1a: Dudunsparce|Earthquake|p2a: Ogerpon\n|-damage|p2a: Ogerpon|170/247 par\n|move|p2a: Ogerpon|Ivy Cudgel|p1a: Dudunsparce|[anim] Ivy Cudgel Rock\n|-damage|p1a: Dudunsparce|35/100\n|\n|-heal|p1a: Dudunsparce|41/100|[from] item: Leftovers\n|upkeep\n|turn|26\n|inactive|Time left: 300 sec this turn | 300 sec total\n|\n|t:|1783570035\n|move|p1a: Dudunsparce|Earthquake|p2a: Ogerpon\n|-damage|p2a: Ogerpon|91/247 par\n|move|p2a: Ogerpon|Ivy Cudgel|p1a: Dudunsparce|[anim] Ivy Cudgel Rock\n|-damage|p1a: Dudunsparce|1/100\n|\n|-heal|p1a: Dudunsparce|7/100|[from] item: Leftovers\n|upkeep\n|turn|27\n|inactive|Time left: 300 sec this turn | 300 sec total\n|\n|t:|1783570036\n|move|p1a: Dudunsparce|Earthquake|p2a: Ogerpon\n|-damage|p2a: Ogerpon|10/247 par\n|move|p2a: Ogerpon|Synthesis|p2a: Ogerpon\n|-heal|p2a: Ogerpon|133/247 par\n|\n|-heal|p1a: Dudunsparce|14/100|[from] item: Leftovers\n|upkeep\n|turn|28\n|inactive|Time left: 300 sec this turn | 300 sec total\n|\n|t:|1783570037\n|move|p1a: Dudunsparce|Earthquake|p2a: Ogerpon\n|-damage|p2a: Ogerpon|54/247 par\n|move|p2a: Ogerpon|Synthesis|p2a: Ogerpon\n|-heal|p2a: Ogerpon|177/247 par\n|\n|-heal|p1a: Dudunsparce|20/100|[from] item: Leftovers\n|upkeep\n|turn|29\n|inactive|Time left: 300 sec this turn | 300 sec total\n|\n|t:|1783570038\n|move|p1a: Dudunsparce|Earthquake|p2a: Ogerpon\n|-damage|p2a: Ogerpon|92/247 par\n|cant|p2a: Ogerpon|par\n|\n|-heal|p1a: Dudunsparce|26/100|[from] item: Leftovers\n|upkeep\n|turn|30\n|inactive|Time left: 300 sec this turn | 300 sec total\n|\n|t:|1783570039\n|move|p1a: Dudunsparce|Roost|p1a: Dudunsparce\n|-heal|p1a: Dudunsparce|76/100\n|-singleturn|p1a: Dudunsparce|move: Roost\n|move|p2a: Ogerpon|Ivy Cudgel|p1a: Dudunsparce|[anim] Ivy Cudgel Rock\n|-damage|p1a: Dudunsparce|40/100\n|\n|-heal|p1a: Dudunsparce|46/100|[from] item: Leftovers\n|upkeep\n|turn|31\n|inactive|Time left: 300 sec this turn | 300 sec total\n|\n|t:|1783570040\n|move|p1a: Dudunsparce|Roost|p1a: Dudunsparce\n|-heal|p1a: Dudunsparce|96/100\n|-singleturn|p1a: Dudunsparce|move: Roost\n|move|p2a: Ogerpon|Synthesis|p2a: Ogerpon\n|-heal|p2a: Ogerpon|215/247 par\n|\n|-heal|p1a: Dudunsparce|100/100|[from] item: Leftovers\n|upkeep\n|turn|32\n|inactive|Time left: 300 sec this turn | 300 sec total\n|\n|t:|1783570041\n|move|p1a: Dudunsparce|Earthquake|p2a: Ogerpon\n|-damage|p2a: Ogerpon|131/247 par\n|move|p2a: Ogerpon|Power Whip|p1a: Dudunsparce\n|-damage|p1a: Dudunsparce|51/100\n|\n|-heal|p1a: Dudunsparce|57/100|[from] item: Leftovers\n|upkeep\n|turn|33\n|inactive|Time left: 300 sec this turn | 300 sec total\n|\n|t:|1783570042\n|move|p1a: Dudunsparce|Earthquake|p2a: Ogerpon\n|-damage|p2a: Ogerpon|47/247 par\n|move|p2a: Ogerpon|Ivy Cudgel|p1a: Dudunsparce|[anim] Ivy Cudgel Rock\n|-damage|p1a: Dudunsparce|17/100\n|\n|-heal|p1a: Dudunsparce|23/100|[from] item: Leftovers\n|upkeep\n|turn|34\n|inactive|Time left: 300 sec this turn | 300 sec total\n|\n|t:|1783570043\n|move|p1a: Dudunsparce|Roost|p1a: Dudunsparce\n|-heal|p1a: Dudunsparce|73/100\n|-singleturn|p1a: Dudunsparce|move: Roost\n|move|p2a: Ogerpon|Superpower|p1a: Dudunsparce\n|-supereffective|p1a: Dudunsparce\n|-damage|p1a: Dudunsparce|5/100\n|-unboost|p2a: Ogerpon|atk|1\n|-unboost|p2a: Ogerpon|def|1\n|\n|-heal|p1a: Dudunsparce|11/100|[from] item: Leftovers\n|upkeep\n|turn|35\n|inactive|Time left: 300 sec this turn | 300 sec total\n|\n|t:|1783570044\n|switch|p2a: Terrakion|Terrakion, L79|97/273\n|move|p1a: Dudunsparce|Roost|p1a: Dudunsparce\n|-heal|p1a: Dudunsparce|61/100\n|-singleturn|p1a: Dudunsparce|move: Roost\n|\n|-heal|p1a: Dudunsparce|67/100|[from] item: Leftovers\n|upkeep\n|turn|36\n|inactive|Time left: 300 sec this turn | 300 sec total\n|\n|t:|1783570045\n|move|p2a: Terrakion|Stone Edge|p1a: Dudunsparce\n|-crit|p1a: Dudunsparce\n|-damage|p1a: Dudunsparce|0 fnt\n|faint|p1a: Dudunsparce\n|\n|upkeep\n|\n|t:|1783570046\n|switch|p1a: Barraskewda|Barraskewda, L81, F|100/100\n|turn|37\n|inactive|Time left: 300 sec this turn | 300 sec total\n|\n|t:|1783570047\n|switch|p2a: Ogerpon|Ogerpon-Cornerstone, L76, F|47/247 par\n|move|p1a: Barraskewda|Waterfall|p2a: Ogerpon\n|-crit|p2a: Ogerpon\n|-damage|p2a: Ogerpon|0 fnt\n|faint|p2a: Ogerpon\n|\n|upkeep\n|inactive|Time left: 300 sec this turn | 300 sec total | 5 sec grace\n|\n|t:|1783570047\n|switch|p2a: Chi-Yu|Chi-Yu, L77|57/211\n|-ability|p2a: Chi-Yu|Beads of Ruin\n|turn|38\n|inactive|Time left: 300 sec this turn | 300 sec total\n|\n|t:|1783570048\n|-terastallize|p2a: Chi-Yu|Fire\n|move|p1a: Barraskewda|Waterfall|p2a: Chi-Yu\n|-supereffective|p2a: Chi-Yu\n|-damage|p2a: Chi-Yu|0 fnt\n|faint|p2a: Chi-Yu\n|\n|upkeep\n|inactive|Time left: 300 sec this turn | 300 sec total | 5 sec grace\n|\n|t:|1783570049\n|switch|p2a: Terrakion|Terrakion, L79|97/273\n|turn|39\n|inactive|Time left: 300 sec this turn | 300 sec total\n|\n|t:|1783570050\n|move|p1a: Barraskewda|Waterfall|p2a: Terrakion\n|-supereffective|p2a: Terrakion\n|-damage|p2a: Terrakion|0 fnt\n|faint|p2a: Terrakion\n|\n|win|p0x268621dd", "uploadtime": 1783570050, "views": 0, "rating": 0, "private": 0, "password": null, "_winner": "p0x268621dd", "_our_name": "p0y26861844"}