{"id": "battle-gen9randombattle-1562", "formatid": "gen9randombattle", "format": "[Gen 9] Random Battle", "players": ["p0x15624cb5", "p0y15621432"], "log": "|init|battle\n|title|p0x15624cb5 vs. p0y15621432\n|j|\u2606p0x15624cb5\n|j|\u2606p0y15621432\n|t:|1783557272\n|gametype|singles\n|player|p1|p0x15624cb5|102|\n|player|p2|p0y15621432|266|\n|gen|9\n|tier|[Gen 9] Random Battle\n|rule|Species Clause: Limit one of each Pok\u00e9mon\n|rule|HP Percentage Mod: HP is shown in percentages\n|rule|Sleep Clause Mod: Limit one foe put to sleep\n|rule|Illusion Level Mod: Illusion disguises the Pok\u00e9mon's true level\n|\n|t:|1783557272\n|teamsize|p1|6\n|teamsize|p2|6\n|start\n|switch|p1a: Volcarona|Volcarona, L77, M|100/100\n|switch|p2a: Granbull|Granbull, L88, F|302/302\n|-ability|p2a: Granbull|Intimidate|boost\n|-unboost|p1a: Volcarona|atk|1\n|turn|1\n|inactive|Battle timer is ON: inactive players will automatically lose when time's up. (requested by p0y15621432)\n|inactive|p0x15624cb5 also wants the timer to be on.\n|\n|t:|1783557274\n|move|p1a: Volcarona|Fire Blast|p2a: Granbull\n|-damage|p2a: Granbull|149/302\n|move|p2a: Granbull|Earthquake|p1a: Volcarona\n|-damage|p1a: Volcarona|48/100\n|\n|-heal|p2a: Granbull|167/302|[from] item: Leftovers\n|upkeep\n|turn|2\n|inactive|Time left: 300 sec this turn | 300 sec total\n|\n|t:|1783557276\n|move|p1a: Volcarona|Fire Blast|p2a: Granbull|[miss]\n|-miss|p1a: Volcarona|p2a: Granbull\n|move|p2a: Granbull|Earthquake|p1a: Volcarona\n|-damage|p1a: Volcarona|0 fnt\n|faint|p1a: Volcarona\n|\n|-heal|p2a: Granbull|185/302|[from] item: Leftovers\n|upkeep\n|\n|t:|1783557277\n|switch|p1a: Araquanid|Araquanid, L82, F|100/100\n|turn|3\n|inactive|Time left: 300 sec this turn | 300 sec total\n|\n|t:|1783557278\n|move|p2a: Granbull|Play Rough|p1a: Araquanid\n|-damage|p1a: Araquanid|53/100\n|move|p1a: Araquanid|Sticky Web|p2a: Granbull\n|-sidestart|p2: p0y15621432|move: Sticky Web\n|\n|-heal|p2a: Granbull|203/302|[from] item: Leftovers\n|upkeep\n|turn|4\n|inactive|Time left: 300 sec this turn | 300 sec total\n|\n|t:|1783557279\n|move|p2a: Granbull|Play Rough|p1a: Araquanid\n|-damage|p1a: Araquanid|3/100\n|move|p1a: Araquanid|Liquidation|p2a: Granbull\n|-damage|p2a: Granbull|70/302\n|-unboost|p2a: Granbull|def|1\n|\n|-heal|p2a: Granbull|88/302|[from] item: Leftovers\n|upkeep\n|turn|5\n|inactive|Time left: 300 sec this turn | 300 sec total\n|\n|t:|1783557280\n|move|p2a: Granbull|Play Rough|p1a: Araquanid\n|-damage|p1a: Araquanid|0 fnt\n|faint|p1a: Araquanid\n|\n|-heal|p2a: Granbull|106/302|[from] item: Leftovers\n|upkeep\n|\n|t:|1783557281\n|switch|p1a: Dragapult|Dragapult, L77, F|100/100\n|turn|6\n|inactive|Time left: 300 sec this turn | 300 sec total\n|\n|t:|1783557282\n|move|p1a: Dragapult|Shadow Ball|p2a: Granbull\n|-damage|p2a: Granbull|0 fnt\n|faint|p2a: Granbull\n|\n|upkeep\n|inactive|Time left: 300 sec this turn | 300 sec total | 5 sec grace\n|\n|t:|1783557284\n|switch|p2a: Corviknight|Corviknight, L80, M|288/288\n|-ability|p2a: Corviknight|Pressure\n|turn|7\n|inactive|Time left: 300 sec this turn | 300 sec total\n|\n|t:|1783557285\n|move|p1a: Dragapult|Shadow Ball|p2a: Corviknight\n|-damage|p2a: Corviknight|164/288\n|-unboost|p2a: Corviknight|spd|1\n|move|p2a: Corviknight|Defog|p1a: Dragapult\n|-unboost|p1a: Dragapult|evasion|1\n|-sideend|p2: p0y15621432|Sticky Web|[from] move: Defog|[of] p2a: Corviknight\n|\n|upkeep\n|turn|8\n|inactive|Time left: 300 sec this turn | 300 sec total\n|\n|t:|1783557286\n|switch|p2a: Farigiraf|Farigiraf, L90, M|362/362\n|move|p1a: Dragapult|Shadow Ball|p2a: Farigiraf\n|-immune|p2a: Farigiraf\n|\n|upkeep\n|turn|9\n|inactive|Time left: 300 sec this turn | 300 sec total\n|\n|t:|1783557287\n|move|p1a: Dragapult|Shadow Ball|p2a: Farigiraf\n|-immune|p2a: Farigiraf\n|move|p2a: Farigiraf|Psychic Noise|p1a: Dragapult\n|-damage|p1a: Dragapult|54/100\n|-start|p1a: Dragapult|move: Heal Block\n|\n|upkeep\n|turn|10\n|inactive|Time left: 300 sec this turn | 300 sec total\n|\n|t:|1783557288\n|switch|p1a: Florges|Florges-Yellow, L85, F|100/100\n|move|p2a: Farigiraf|Psychic Noise|p1a: Florges\n|-damage|p1a: Florges|76/100\n|-start|p1a: Florges|move: Heal Block\n|\n|upkeep\n|turn|11\n|inactive|Time left: 300 sec this turn | 300 sec total\n|\n|t:|1783557289\n|move|p1a: Florges|Calm Mind|p1a: Florges\n|-boost|p1a: Florges|spa|1\n|-boost|p1a: Florges|spd|1\n|move|p2a: Farigiraf|Body Slam|p1a: Florges\n|-damage|p1a: Florges|32/100\n|\n|-end|p1a: Florges|move: Heal Block\n|upkeep\n|turn|12\n|inactive|Time left: 300 sec this turn | 300 sec total\n|\n|t:|1783557290\n|move|p1a: Florges|Protect|p1a: Florges\n|-singleturn|p1a: Florges|Protect\n|move|p2a: Farigiraf|Body Slam|p1a: Florges\n|-activate|p1a: Florges|move: Protect\n|\n|-heal|p1a: Florges|38/100|[from] item: Leftovers\n|upkeep\n|turn|13\n|inactive|Time left: 300 sec this turn | 300 sec total\n|\n|t:|1783557291\n|-terastallize|p1a: Florges|Steel\n|move|p1a: Florges|Moonblast|p2a: Farigiraf\n|-damage|p2a: Farigiraf|172/362\n|move|p2a: Farigiraf|Body Slam|p1a: Florges\n|-resisted|p1a: Florges\n|-damage|p1a: Florges|15/100\n|\n|-heal|p1a: Florges|21/100|[from] item: Leftovers\n|-heal|p2a: Farigiraf|194/362|[from] item: Leftovers\n|upkeep\n|turn|14\n|inactive|Time left: 300 sec this turn | 300 sec total\n|\n|t:|1783557292\n|move|p1a: Florges|Moonblast|p2a: Farigiraf\n|-damage|p2a: Farigiraf|0 fnt\n|faint|p2a: Farigiraf\n|\n|-heal|p1a: Florges|27/100|[from] item: Leftovers\n|upkeep\n|inactive|Time left: 300 sec this turn | 300 sec total | 5 sec grace\n|\n|t:|1783557293\n|switch|p2a: Abomasnow|Abomasnow, L84, F|287/287\n|-weather|Snowscape|[from] ability: Snow Warning|[of] p2a: Abomasnow\n|turn|15\n|inactive|Time left: 300 sec this turn | 300 sec total\n|\n|t:|1783557294\n|move|p1a: Florges|Moonblast|p2a: Abomasnow\n|-damage|p2a: Abomasnow|121/287\n|-unboost|p2a: Abomasnow|spa|1\n|move|p2a: Abomasnow|Aurora Veil|p2a: Abomasnow\n|-sidestart|p2: p0y15621432|move: Aurora Veil\n|\n|-weather|Snowscape|[upkeep]\n|-heal|p1a: Florges|33/100|[from] item: Leftovers\n|upkeep\n|turn|16\n|inactive|Time left: 300 sec this turn | 300 sec total\n|\n|t:|1783557295\n|move|p1a: Florges|Protect|p1a: Florges\n|-singleturn|p1a: Florges|Protect\n|move|p2a: Abomasnow|Earthquake|p1a: Florges\n|-activate|p1a: Florges|move: Protect\n|\n|-weather|Snowscape|[upkeep]\n|-heal|p1a: Florges|39/100|[from] item: Leftovers\n|upkeep\n|turn|17\n|inactive|Time left: 300 sec this turn | 300 sec total\n|\n|t:|1783557296\n|move|p1a: Florges|Moonblast|p2a: Abomasnow\n|-damage|p2a: Abomasnow|38/287\n|-unboost|p2a: Abomasnow|spa|1\n|move|p2a: Abomasnow|Earthquake|p1a: Florges\n|-supereffective|p1a: Florges\n|-damage|p1a: Florges|0 fnt\n|faint|p1a: Florges\n|\n|-weather|Snowscape|[upkeep]\n|upkeep\n|\n|t:|1783557296\n|switch|p1a: Dragapult|Dragapult, L77, F|54/100\n|turn|18\n|inactive|Time left: 300 sec this turn | 300 sec total\n|\n|t:|1783557297\n|switch|p2a: Arceus|Arceus, L68|276/276\n|move|p1a: Dragapult|Shadow Ball|p2a: Arceus\n|-immune|p2a: Arceus\n|\n|-weather|Snowscape|[upkeep]\n|upkeep\n|turn|19\n|inactive|Time left: 300 sec this turn | 300 sec total\n|\n|t:|1783557298\n|switch|p1a: Passimian|Passimian, L83, F|100/100\n|move|p2a: Arceus|Swords Dance|p2a: Arceus\n|-boost|p2a: Arceus|atk|2\n|\n|-weather|none\n|upkeep\n|turn|20\n|inactive|Time left: 300 sec this turn | 300 sec total\n|\n|t:|1783557299\n|move|p2a: Arceus|Earthquake|p1a: Passimian\n|-damage|p1a: Passimian|49/100\n|-damage|p2a: Arceus|249/276|[from] item: Life Orb\n|move|p1a: Passimian|Bulk Up|p1a: Passimian\n|-boost|p1a: Passimian|atk|1\n|-boost|p1a: Passimian|def|1\n|\n|-heal|p1a: Passimian|54/100|[from] item: Leftovers\n|upkeep\n|turn|21\n|inactive|Time left: 300 sec this turn | 300 sec total\n|\n|t:|1783557300\n|-terastallize|p2a: Arceus|Normal\n|move|p2a: Arceus|Extreme Speed|p1a: Passimian\n|-damage|p1a: Passimian|7/100\n|-damage|p2a: Arceus|222/276|[from] item: Life Orb\n|move|p1a: Passimian|Drain Punch|p2a: Arceus\n|-supereffective|p2a: Arceus\n|-damage|p2a: Arceus|99/276\n|-heal|p1a: Passimian|28/100|[from] drain|[of] p2a: Arceus\n|\n|-heal|p1a: Passimian|34/100|[from] item: Leftovers\n|upkeep\n|turn|22\n|inactive|Time left: 300 sec this turn | 300 sec total\n|\n|t:|1783557301\n|move|p2a: Arceus|Extreme Speed|p1a: Passimian\n|-damage|p1a: Passimian|0 fnt\n|faint|p1a: Passimian\n|-damage|p2a: Arceus|72/276|[from] item: Life Orb\n|\n|-sideend|p2: p0y15621432|move: Aurora Veil\n|upkeep\n|\n|t:|1783557302\n|switch|p1a: Dragapult|Dragapult, L77, F|54/100\n|turn|23\n|inactive|Time left: 300 sec this turn | 300 sec total\n|\n|t:|1783557303\n|move|p1a: Dragapult|Fire Blast|p2a: Arceus\n|-damage|p2a: Arceus|0 fnt\n|faint|p2a: Arceus\n|\n|upkeep\n|inactive|Time left: 300 sec this turn | 300 sec total | 5 sec grace\n|\n|t:|1783557304\n|switch|p2a: Delphox|Delphox, L84, F|263/263\n|turn|24\n|inactive|Time left: 300 sec this turn | 300 sec total\n|\n|t:|1783557305\n|move|p2a: Delphox|Psyshock|p1a: Dragapult\n|-damage|p1a: Dragapult|5/100\n|move|p1a: Dragapult|Fire Blast|p2a: Delphox\n|-resisted|p2a: Delphox\n|-damage|p2a: Delphox|216/263\n|\n|upkeep\n|turn|25\n|inactive|Time left: 300 sec this turn | 300 sec total\n|\n|t:|1783557306\n|switch|p1a: Skuntank|Skuntank, L84, F|100/100\n|move|p2a: Delphox|Psyshock|p1a: Skuntank\n|-immune|p1a: Skuntank\n|\n|upkeep\n|turn|26\n|inactive|Time left: 300 sec this turn | 300 sec total\n|\n|t:|1783557308\n|switch|p2a: Abomasnow|Abomasnow, L84, F|38/287\n|-weather|Snowscape|[from] ability: Snow Warning|[of] p2a: Abomasnow\n|move|p1a: Skuntank|Knock Off|p2a: Abomasnow\n|-damage|p2a: Abomasnow|0 fnt\n|-enditem|p2a: Abomasnow|Light Clay|[from] move: Knock Off|[of] p1a: Skuntank\n|faint|p2a: Abomasnow\n|\n|-weather|Snowscape|[upkeep]\n|upkeep\n|inactive|Time left: 300 sec this turn | 300 sec total | 5 sec grace\n|\n|t:|1783557309\n|switch|p2a: Corviknight|Corviknight, L80, M|164/288\n|-ability|p2a: Corviknight|Pressure\n|turn|27\n|inactive|Time left: 300 sec this turn | 300 sec total\n|\n|t:|1783557310\n|move|p1a: Skuntank|Knock Off|p2a: Corviknight\n|-crit|p2a: Corviknight\n|-damage|p2a: Corviknight|17/288\n|-damage|p1a: Skuntank|84/100|[from] item: Rocky Helmet|[of] p2a: Corviknight\n|-enditem|p2a: Corviknight|Rocky Helmet|[from] move: Knock Off|[of] p1a: Skuntank\n|move|p2a: Corviknight|Roost|p2a: Corviknight\n|-heal|p2a: Corviknight|161/288\n|-singleturn|p2a: Corviknight|move: Roost\n|\n|-weather|Snowscape|[upkeep]\n|-heal|p1a: Skuntank|90/100|[from] item: Leftovers\n|upkeep\n|turn|28\n|inactive|Time left: 300 sec this turn | 300 sec total\n|\n|t:|1783557311\n|move|p1a: Skuntank|Knock Off|p2a: Corviknight\n|-damage|p2a: Corviknight|100/288\n|move|p2a: Corviknight|Roost|p2a: Corviknight\n|-heal|p2a: Corviknight|244/288\n|-singleturn|p2a: Corviknight|move: Roost\n|\n|-weather|Snowscape|[upkeep]\n|-heal|p1a: Skuntank|96/100|[from] item: Leftovers\n|upkeep\n|turn|29\n|inactive|Time left: 300 sec this turn | 300 sec total\n|\n|t:|1783557312\n|move|p1a: Skuntank|Knock Off|p2a: Corviknight\n|-damage|p2a: Corviknight|181/288\n|move|p2a: Corviknight|Brave Bird|p1a: Skuntank\n|-damage|p1a: Skuntank|52/100\n|-damage|p2a: Corviknight|135/288|[from] Recoil\n|\n|-weather|Snowscape|[upkeep]\n|-heal|p1a: Skuntank|58/100|[from] item: Leftovers\n|upkeep\n|turn|30\n|inactive|Time left: 300 sec this turn | 300 sec total\n|\n|t:|1783557313\n|move|p1a: Skuntank|Knock Off|p2a: Corviknight\n|-damage|p2a: Corviknight|74/288\n|move|p2a: Corviknight|Brave Bird|p1a: Skuntank\n|-damage|p1a: Skuntank|12/100\n|-damage|p2a: Corviknight|27/288|[from] Recoil\n|\n|-weather|none\n|-heal|p1a: Skuntank|18/100|[from] item: Leftovers\n|upkeep\n|turn|31\n|inactive|Time left: 300 sec this turn | 300 sec total\n|\n|t:|1783557314\n|move|p1a: Skuntank|Knock Off|p2a: Corviknight\n|-damage|p2a: Corviknight|0 fnt\n|faint|p2a: Corviknight\n|\n|-heal|p1a: Skuntank|24/100|[from] item: Leftovers\n|upkeep\n|inactive|Time left: 300 sec this turn | 300 sec total | 5 sec grace\n|\n|t:|1783557315\n|switch|p2a: Delphox|Delphox, L84, F|216/263\n|turn|32\n|inactive|Time left: 300 sec this turn | 300 sec total\n|\n|t:|1783557316\n|move|p2a: Delphox|Fire Blast|p1a: Skuntank\n|-damage|p1a: Skuntank|0 fnt\n|faint|p1a: Skuntank\n|\n|upkeep\n|\n|t:|1783557317\n|switch|p1a: Dragapult|Dragapult, L77, F|5/100\n|turn|33\n|inactive|Time left: 300 sec this turn | 300 sec total\n|\n|t:|1783557318\n|move|p2a: Delphox|Fire Blast|p1a: Dragapult\n|-resisted|p1a: Dragapult\n|-damage|p1a: Dragapult|0 fnt\n|faint|p1a: Dragapult\n|\n|win|p0y15621432", "uploadtime": 1783557318, "views": 0, "rating": 0, "private": 0, "password": null, "_winner": "p0y15621432", "_our_name": "p0y15621432"}