{"id": "battle-gen9randombattle-1276", "formatid": "gen9randombattle", "format": "[Gen 9] Random Battle", "players": ["p0x12761c3a", "p0y12765f9e"], "log": "|init|battle\n|title|p0x12761c3a vs. p0y12765f9e\n|j|\u2606p0x12761c3a\n|j|\u2606p0y12765f9e\n|t:|1783553929\n|gametype|singles\n|player|p1|p0x12761c3a|102|\n|player|p2|p0y12765f9e|266|\n|gen|9\n|tier|[Gen 9] Random Battle\n|rule|Species Clause: Limit one of each Pok\u00e9mon\n|rule|HP Percentage Mod: HP is shown in percentages\n|rule|Sleep Clause Mod: Limit one foe put to sleep\n|rule|Illusion Level Mod: Illusion disguises the Pok\u00e9mon's true level\n|\n|t:|1783553929\n|teamsize|p1|6\n|teamsize|p2|6\n|start\n|switch|p1a: Hitmonchan|Hitmonchan, L87, M|229/229\n|switch|p2a: Lycanroc|Lycanroc-Midnight, L89, M|100/100\n|turn|1\n|inactive|Battle timer is ON: inactive players will automatically lose when time's up. (requested by p0y12765f9e)\n|inactive|Time left: 300 sec this turn | 300 sec total | 60 sec grace\n|inactive|p0x12761c3a also wants the timer to be on.\n|\n|t:|1783553931\n|move|p2a: Lycanroc|Swords Dance|p2a: Lycanroc\n|-boost|p2a: Lycanroc|atk|2\n|move|p1a: Hitmonchan|Drain Punch|p2a: Lycanroc\n|-supereffective|p2a: Lycanroc\n|-damage|p2a: Lycanroc|25/100\n|\n|upkeep\n|turn|2\n|inactive|Time left: 300 sec this turn | 300 sec total\n|\n|t:|1783553932\n|switch|p1a: Rabsca|Rabsca, L91, F|284/284\n|move|p2a: Lycanroc|Close Combat|p1a: Rabsca\n|-resisted|p1a: Rabsca\n|-damage|p1a: Rabsca|215/284\n|-unboost|p2a: Lycanroc|def|1\n|-unboost|p2a: Lycanroc|spd|1\n|-damage|p2a: Lycanroc|16/100|[from] item: Life Orb\n|\n|upkeep\n|turn|3\n|inactive|Time left: 300 sec this turn | 300 sec total\n|\n|t:|1783553933\n|switch|p1a: Dialga|Dialga, L73|266/266\n|-ability|p1a: Dialga|Pressure\n|move|p2a: Lycanroc|Knock Off|p1a: Dialga\n|-damage|p1a: Dialga|49/266\n|-enditem|p1a: Dialga|Leftovers|[from] move: Knock Off|[of] p2a: Lycanroc\n|-damage|p2a: Lycanroc|6/100|[from] item: Life Orb\n|\n|upkeep\n|turn|4\n|inactive|Time left: 300 sec this turn | 300 sec total\n|\n|t:|1783553935\n|move|p2a: Lycanroc|Stone Edge|p1a: Dialga\n|-resisted|p1a: Dialga\n|-damage|p1a: Dialga|0 fnt\n|faint|p1a: Dialga\n|-damage|p2a: Lycanroc|0 fnt|[from] item: Life Orb\n|faint|p2a: Lycanroc\n|\n|upkeep\n|inactive|Time left: 300 sec this turn | 300 sec total | 5 sec grace\n|\n|t:|1783553936\n|switch|p2a: Porygon2|Porygon2, L81|100/100\n|switch|p1a: Greedent|Greedent, L86, F|347/347\n|-ability|p2a: Porygon2|Download|boost\n|-boost|p2a: Porygon2|spa|1\n|turn|5\n|inactive|Time left: 300 sec this turn | 300 sec total\n|\n|t:|1783553937\n|move|p2a: Porygon2|Tri Attack|p1a: Greedent\n|-damage|p1a: Greedent|218/347\n|-status|p1a: Greedent|brn\n|move|p1a: Greedent|Swords Dance|p1a: Greedent\n|-boost|p1a: Greedent|atk|2\n|\n|-damage|p1a: Greedent|197/347 brn|[from] brn\n|upkeep\n|turn|6\n|inactive|Time left: 300 sec this turn | 300 sec total\n|\n|t:|1783553938\n|move|p2a: Porygon2|Tri Attack|p1a: Greedent\n|-damage|p1a: Greedent|61/347 brn\n|-enditem|p1a: Greedent|Sitrus Berry|[eat]\n|-heal|p1a: Greedent|147/347 brn|[from] item: Sitrus Berry\n|-heal|p1a: Greedent|262/347 brn|[from] ability: Cheek Pouch\n|move|p1a: Greedent|Knock Off|p2a: Porygon2\n|-damage|p2a: Porygon2|83/100\n|-enditem|p2a: Porygon2|Eviolite|[from] move: Knock Off|[of] p1a: Greedent\n|\n|-damage|p1a: Greedent|241/347 brn|[from] brn\n|upkeep\n|turn|7\n|inactive|Time left: 300 sec this turn | 300 sec total\n|\n|t:|1783553939\n|move|p2a: Porygon2|Tri Attack|p1a: Greedent\n|-damage|p1a: Greedent|105/347 brn\n|move|p1a: Greedent|Double-Edge|p2a: Porygon2\n|-damage|p2a: Porygon2|33/100\n|-damage|p1a: Greedent|60/347 brn|[from] Recoil\n|\n|-damage|p1a: Greedent|39/347 brn|[from] brn\n|upkeep\n|turn|8\n|inactive|Time left: 300 sec this turn | 300 sec total\n|\n|t:|1783553940\n|move|p2a: Porygon2|Recover|p2a: Porygon2\n|-heal|p2a: Porygon2|83/100\n|move|p1a: Greedent|Double-Edge|p2a: Porygon2\n|-damage|p2a: Porygon2|36/100\n|-damage|p1a: Greedent|0 fnt|[from] Recoil\n|faint|p1a: Greedent\n|\n|upkeep\n|inactive|Time left: 300 sec this turn | 300 sec total | 5 sec grace\n|\n|t:|1783553941\n|switch|p1a: Typhlosion|Typhlosion, L84, M|267/267\n|turn|9\n|inactive|Time left: 300 sec this turn | 300 sec total\n|\n|t:|1783553942\n|move|p1a: Typhlosion|Eruption|p2a: Porygon2\n|-damage|p2a: Porygon2|0 fnt\n|faint|p2a: Porygon2\n|\n|upkeep\n|\n|t:|1783553943\n|switch|p2a: Greedent|Greedent, L86, M|100/100\n|turn|10\n|inactive|Time left: 300 sec this turn | 300 sec total\n|\n|t:|1783553944\n|move|p1a: Typhlosion|Eruption|p2a: Greedent\n|-damage|p2a: Greedent|48/100\n|-enditem|p2a: Greedent|Sitrus Berry|[eat]\n|-heal|p2a: Greedent|73/100|[from] item: Sitrus Berry\n|-heal|p2a: Greedent|100/100|[from] ability: Cheek Pouch\n|move|p2a: Greedent|Earthquake|p1a: Typhlosion\n|-supereffective|p1a: Typhlosion\n|-damage|p1a: Typhlosion|113/267\n|\n|upkeep\n|turn|11\n|inactive|Time left: 300 sec this turn | 300 sec total\n|\n|t:|1783553945\n|move|p1a: Typhlosion|Eruption|p2a: Greedent\n|-damage|p2a: Greedent|79/100\n|move|p2a: Greedent|Swords Dance|p2a: Greedent\n|-boost|p2a: Greedent|atk|2\n|\n|upkeep\n|turn|12\n|inactive|Time left: 300 sec this turn | 300 sec total\n|\n|t:|1783553946\n|move|p1a: Typhlosion|Eruption|p2a: Greedent\n|-damage|p2a: Greedent|56/100\n|move|p2a: Greedent|Earthquake|p1a: Typhlosion\n|-supereffective|p1a: Typhlosion\n|-damage|p1a: Typhlosion|0 fnt\n|faint|p1a: Typhlosion\n|\n|upkeep\n|inactive|Time left: 300 sec this turn | 300 sec total | 5 sec grace\n|\n|t:|1783553947\n|switch|p1a: Maushold|Maushold-Four, L76|238/238\n|turn|13\n|inactive|Time left: 300 sec this turn | 300 sec total\n|\n|t:|1783553948\n|-terastallize|p2a: Greedent|Ghost\n|move|p1a: Maushold|Population Bomb|p2a: Greedent\n|-immune|p2a: Greedent\n|move|p2a: Greedent|Knock Off|p1a: Maushold\n|-damage|p1a: Maushold|46/238\n|-enditem|p1a: Maushold|Wide Lens|[from] move: Knock Off|[of] p2a: Greedent\n|\n|upkeep\n|turn|14\n|inactive|Time left: 300 sec this turn | 300 sec total\n|\n|t:|1783553949\n|move|p1a: Maushold|Bite|p2a: Greedent\n|-supereffective|p2a: Greedent\n|-damage|p2a: Greedent|33/100\n|move|p2a: Greedent|Earthquake|p1a: Maushold\n|-damage|p1a: Maushold|0 fnt\n|faint|p1a: Maushold\n|\n|upkeep\n|inactive|Time left: 300 sec this turn | 300 sec total | 5 sec grace\n|\n|t:|1783553951\n|switch|p1a: Rabsca|Rabsca, L91, F|215/284\n|turn|15\n|inactive|Time left: 300 sec this turn | 300 sec total\n|\n|t:|1783553951\n|move|p1a: Rabsca|Psychic|p2a: Greedent\n|-damage|p2a: Greedent|0 fnt\n|faint|p2a: Greedent\n|\n|upkeep\n|\n|t:|1783553953\n|switch|p2a: Torkoal|Torkoal, L88, F|100/100\n|-weather|SunnyDay|[from] ability: Drought|[of] p2a: Torkoal\n|turn|16\n|inactive|Time left: 300 sec this turn | 300 sec total\n|\n|t:|1783553954\n|move|p1a: Rabsca|Psychic|p2a: Torkoal\n|-damage|p2a: Torkoal|47/100\n|move|p2a: Torkoal|Lava Plume|p1a: Rabsca\n|-supereffective|p1a: Rabsca\n|-damage|p1a: Rabsca|0 fnt\n|faint|p1a: Rabsca\n|\n|-weather|SunnyDay|[upkeep]\n|upkeep\n|inactive|Time left: 300 sec this turn | 300 sec total | 5 sec grace\n|\n|t:|1783553955\n|switch|p1a: Hitmonchan|Hitmonchan, L87, M|229/229\n|turn|17\n|inactive|Time left: 300 sec this turn | 300 sec total\n|\n|t:|1783553956\n|move|p1a: Hitmonchan|Bulk Up|p1a: Hitmonchan\n|-boost|p1a: Hitmonchan|atk|1\n|-boost|p1a: Hitmonchan|def|1\n|move|p2a: Torkoal|Lava Plume|p1a: Hitmonchan\n|-damage|p1a: Hitmonchan|126/229\n|\n|-weather|SunnyDay|[upkeep]\n|-heal|p1a: Hitmonchan|140/229|[from] item: Leftovers\n|upkeep\n|turn|18\n|inactive|Time left: 300 sec this turn | 300 sec total\n|\n|t:|1783553957\n|move|p1a: Hitmonchan|Drain Punch|p2a: Torkoal\n|-damage|p2a: Torkoal|7/100\n|-heal|p1a: Hitmonchan|194/229|[from] drain|[of] p2a: Torkoal\n|move|p2a: Torkoal|Lava Plume|p1a: Hitmonchan\n|-damage|p1a: Hitmonchan|95/229\n|-status|p1a: Hitmonchan|brn\n|\n|-weather|SunnyDay|[upkeep]\n|-heal|p1a: Hitmonchan|109/229 brn|[from] item: Leftovers\n|-damage|p1a: Hitmonchan|95/229 brn|[from] brn\n|upkeep\n|turn|19\n|inactive|Time left: 300 sec this turn | 300 sec total\n|\n|t:|1783553958\n|move|p1a: Hitmonchan|Drain Punch|p2a: Torkoal\n|-damage|p2a: Torkoal|0 fnt\n|-heal|p1a: Hitmonchan|103/229 brn|[from] drain|[of] p2a: Torkoal\n|faint|p2a: Torkoal\n|\n|-weather|SunnyDay|[upkeep]\n|-heal|p1a: Hitmonchan|117/229 brn|[from] item: Leftovers\n|-damage|p1a: Hitmonchan|103/229 brn|[from] brn\n|upkeep\n|\n|t:|1783553959\n|switch|p2a: Mewtwo|Mewtwo, L72|100/100\n|-ability|p2a: Mewtwo|Pressure\n|turn|20\n|inactive|Time left: 300 sec this turn | 300 sec total\n|\n|t:|1783553960\n|-terastallize|p1a: Hitmonchan|Dark\n|move|p2a: Mewtwo|Fire Blast|p1a: Hitmonchan\n|-damage|p1a: Hitmonchan|0 fnt\n|faint|p1a: Hitmonchan\n|-damage|p2a: Mewtwo|91/100|[from] item: Life Orb\n|\n|win|p0y12765f9e", "uploadtime": 1783553960, "views": 0, "rating": 0, "private": 0, "password": null, "_winner": "p0y12765f9e", "_our_name": "p0x12761c3a"}