{"id": "battle-gen9randombattle-1697", "formatid": "gen9randombattle", "format": "[Gen 9] Random Battle", "players": ["p0x169796e8", "p0y1697dc46"], "log": "|init|battle\n|title|p0x169796e8 vs. p0y1697dc46\n|j|\u2606p0x169796e8\n|j|\u2606p0y1697dc46\n|t:|1783559662\n|gametype|singles\n|player|p1|p0x169796e8|169|\n|player|p2|p0y1697dc46|102|\n|gen|9\n|tier|[Gen 9] Random Battle\n|rule|Species Clause: Limit one of each Pok\u00e9mon\n|rule|HP Percentage Mod: HP is shown in percentages\n|rule|Sleep Clause Mod: Limit one foe put to sleep\n|rule|Illusion Level Mod: Illusion disguises the Pok\u00e9mon's true level\n|\n|t:|1783559662\n|teamsize|p1|6\n|teamsize|p2|6\n|start\n|switch|p1a: Kricketune|Kricketune, L99, F|311/311\n|switch|p2a: Miraidon|Miraidon, L65|100/100\n|-fieldstart|move: Electric Terrain|[from] ability: Hadron Engine|[of] p2a: Miraidon\n|turn|1\n|inactive|Battle timer is ON: inactive players will automatically lose when time's up. (requested by p0x169796e8)\n|inactive|p0y1697dc46 also wants the timer to be on.\n|\n|t:|1783559664\n|-terastallize|p2a: Miraidon|Electric\n|move|p2a: Miraidon|Electro Drift|p1a: Kricketune\n|-enditem|p1a: Kricketune|Focus Sash\n|-damage|p1a: Kricketune|1/311\n|move|p1a: Kricketune|Sticky Web|p2a: Miraidon\n|-sidestart|p2: p0y1697dc46|move: Sticky Web\n|\n|upkeep\n|turn|2\n|inactive|Time left: 300 sec this turn | 300 sec total\n|\n|t:|1783559665\n|move|p2a: Miraidon|Electro Drift|p1a: Kricketune\n|-damage|p1a: Kricketune|0 fnt\n|faint|p1a: Kricketune\n|\n|upkeep\n|inactive|Time left: 300 sec this turn | 300 sec total | 5 sec grace\n|\n|t:|1783559666\n|switch|p1a: Alcremie|Alcremie-Salted-Cream, L90, F|263/263\n|turn|3\n|inactive|Time left: 300 sec this turn | 300 sec total\n|\n|t:|1783559667\n|-terastallize|p1a: Alcremie|Ground\n|move|p2a: Miraidon|Electro Drift|p1a: Alcremie\n|-immune|p1a: Alcremie\n|move|p1a: Alcremie|Tera Blast|p2a: Miraidon|[anim] Tera Blast Ground\n|-supereffective|p2a: Miraidon\n|-crit|p2a: Miraidon\n|-damage|p2a: Miraidon|0 fnt\n|faint|p2a: Miraidon\n|\n|upkeep\n|\n|t:|1783559668\n|switch|p2a: Torterra|Torterra, L78, F|100/100\n|-activate|p2a: Torterra|move: Sticky Web\n|-unboost|p2a: Torterra|spe|1\n|turn|4\n|inactive|Time left: 300 sec this turn | 300 sec total\n|\n|t:|1783559670\n|switch|p1a: Walking Wake|Walking Wake, L79|286/286\n|move|p2a: Torterra|Shell Smash|p2a: Torterra\n|-unboost|p2a: Torterra|def|1\n|-unboost|p2a: Torterra|spd|1\n|-boost|p2a: Torterra|atk|2\n|-boost|p2a: Torterra|spa|2\n|-boost|p2a: Torterra|spe|2\n|\n|upkeep\n|turn|5\n|inactive|Time left: 300 sec this turn | 300 sec total\n|\n|t:|1783559671\n|move|p1a: Walking Wake|Flamethrower|p2a: Torterra\n|-supereffective|p2a: Torterra\n|-damage|p2a: Torterra|0 fnt\n|faint|p2a: Torterra\n|\n|-fieldend|move: Electric Terrain\n|upkeep\n|\n|t:|1783559671\n|switch|p2a: Clodsire|Clodsire, L81, F|100/100\n|-activate|p2a: Clodsire|move: Sticky Web\n|-unboost|p2a: Clodsire|spe|1\n|turn|6\n|inactive|Time left: 300 sec this turn | 300 sec total\n|\n|t:|1783559673\n|move|p1a: Walking Wake|Flamethrower|p2a: Clodsire\n|-damage|p2a: Clodsire|74/100\n|move|p2a: Clodsire|Toxic Spikes|p1a: Walking Wake\n|-sidestart|p1: p0x169796e8|move: Toxic Spikes\n|\n|-heal|p2a: Clodsire|80/100|[from] item: Leftovers\n|upkeep\n|turn|7\n|inactive|Time left: 300 sec this turn | 300 sec total\n|\n|t:|1783559674\n|-end|p1a: Walking Wake|Protosynthesis|[silent]\n|switch|p1a: Arbok|Arbok, L87, F|246/246\n|-sideend|p1: p0x169796e8|move: Toxic Spikes|[of] p1a: Arbok\n|-ability|p1a: Arbok|Intimidate|boost\n|-unboost|p2a: Clodsire|atk|1\n|move|p2a: Clodsire|Gunk Shot|p1a: Arbok\n|-resisted|p1a: Arbok\n|-damage|p1a: Arbok|206/246\n|\n|-heal|p1a: Arbok|221/246|[from] item: Leftovers\n|-heal|p2a: Clodsire|87/100|[from] item: Leftovers\n|upkeep\n|turn|8\n|inactive|Time left: 300 sec this turn | 300 sec total\n|\n|t:|1783559675\n|move|p1a: Arbok|Coil|p1a: Arbok\n|-boost|p1a: Arbok|atk|1\n|-boost|p1a: Arbok|def|1\n|-boost|p1a: Arbok|accuracy|1\n|move|p2a: Clodsire|Earthquake|p1a: Arbok\n|-supereffective|p1a: Arbok\n|-damage|p1a: Arbok|105/246\n|\n|-heal|p1a: Arbok|120/246|[from] item: Leftovers\n|-heal|p2a: Clodsire|93/100|[from] item: Leftovers\n|upkeep\n|turn|9\n|inactive|Time left: 300 sec this turn | 300 sec total\n|\n|t:|1783559676\n|move|p1a: Arbok|Earthquake|p2a: Clodsire\n|-supereffective|p2a: Clodsire\n|-damage|p2a: Clodsire|34/100\n|move|p2a: Clodsire|Earthquake|p1a: Arbok\n|-supereffective|p1a: Arbok\n|-damage|p1a: Arbok|0 fnt\n|faint|p1a: Arbok\n|\n|-heal|p2a: Clodsire|40/100|[from] item: Leftovers\n|upkeep\n|inactive|Time left: 300 sec this turn | 300 sec total | 5 sec grace\n|\n|t:|1783559677\n|switch|p1a: Alcremie|Alcremie-Salted-Cream, L90, F, tera:Ground|263/263\n|turn|10\n|inactive|Time left: 300 sec this turn | 300 sec total\n|\n|t:|1783559678\n|switch|p2a: Umbreon|Umbreon, L84, M|100/100\n|-activate|p2a: Umbreon|move: Sticky Web\n|-unboost|p2a: Umbreon|spe|1\n|move|p1a: Alcremie|Tera Blast|p2a: Umbreon|[anim] Tera Blast Ground\n|-damage|p2a: Umbreon|75/100\n|\n|-heal|p2a: Umbreon|81/100|[from] item: Leftovers\n|upkeep\n|turn|11\n|inactive|Time left: 300 sec this turn | 300 sec total\n|\n|t:|1783559679\n|move|p1a: Alcremie|Alluring Voice|p2a: Umbreon\n|-supereffective|p2a: Umbreon\n|-damage|p2a: Umbreon|27/100\n|move|p2a: Umbreon|Toxic|p1a: Alcremie\n|-status|p1a: Alcremie|tox\n|\n|-heal|p2a: Umbreon|33/100|[from] item: Leftovers\n|-damage|p1a: Alcremie|247/263 tox|[from] psn\n|upkeep\n|turn|12\n|inactive|Time left: 300 sec this turn | 300 sec total\n|\n|t:|1783559680\n|move|p2a: Umbreon|Protect|p2a: Umbreon\n|-singleturn|p2a: Umbreon|Protect\n|move|p1a: Alcremie|Alluring Voice|p2a: Umbreon\n|-activate|p2a: Umbreon|move: Protect\n|\n|-heal|p1a: Alcremie|263/263 tox|[from] item: Leftovers\n|-heal|p2a: Umbreon|39/100|[from] item: Leftovers\n|-damage|p1a: Alcremie|231/263 tox|[from] psn\n|upkeep\n|turn|13\n|inactive|Time left: 300 sec this turn | 300 sec total\n|\n|t:|1783559681\n|move|p1a: Alcremie|Alluring Voice|p2a: Umbreon\n|-supereffective|p2a: Umbreon\n|-crit|p2a: Umbreon\n|-damage|p2a: Umbreon|0 fnt\n|faint|p2a: Umbreon\n|\n|-heal|p1a: Alcremie|247/263 tox|[from] item: Leftovers\n|-damage|p1a: Alcremie|199/263 tox|[from] psn\n|upkeep\n|\n|t:|1783559682\n|switch|p2a: Bisharp|Bisharp, L79, M|100/100\n|-activate|p2a: Bisharp|move: Sticky Web\n|-unboost|p2a: Bisharp|spe|1\n|-ability|p2a: Bisharp|Defiant|boost\n|-boost|p2a: Bisharp|atk|2\n|turn|14\n|inactive|Time left: 300 sec this turn | 300 sec total\n|\n|t:|1783559683\n|move|p1a: Alcremie|Tera Blast|p2a: Bisharp|[anim] Tera Blast Ground\n|-supereffective|p2a: Bisharp\n|-damage|p2a: Bisharp|22/100\n|move|p2a: Bisharp|Iron Head|p1a: Alcremie\n|-damage|p1a: Alcremie|4/263 tox\n|\n|-heal|p1a: Alcremie|20/263 tox|[from] item: Leftovers\n|-damage|p1a: Alcremie|0 fnt|[from] psn\n|faint|p1a: Alcremie\n|upkeep\n|inactive|Time left: 300 sec this turn | 300 sec total | 5 sec grace\n|\n|t:|1783559684\n|switch|p1a: Indeedee|Indeedee, L84, M|238/238\n|-fieldstart|move: Psychic Terrain|[from] ability: Psychic Surge|[of] p1a: Indeedee\n|turn|15\n|inactive|Time left: 300 sec this turn | 300 sec total\n|\n|t:|1783559685\n|move|p1a: Indeedee|Hyper Voice|p2a: Bisharp\n|-resisted|p2a: Bisharp\n|-damage|p2a: Bisharp|0 fnt\n|faint|p2a: Bisharp\n|-damage|p1a: Indeedee|215/238|[from] item: Life Orb\n|\n|upkeep\n|\n|t:|1783559686\n|switch|p2a: Walking Wake|Walking Wake, L79|100/100\n|-activate|p2a: Walking Wake|move: Sticky Web\n|-unboost|p2a: Walking Wake|spe|1\n|turn|16\n|inactive|Time left: 300 sec this turn | 300 sec total\n|\n|t:|1783559687\n|move|p1a: Indeedee|Expanding Force|p2a: Walking Wake\n|-damage|p2a: Walking Wake|9/100\n|-damage|p1a: Indeedee|192/238|[from] item: Life Orb\n|move|p2a: Walking Wake|Flamethrower|p1a: Indeedee\n|-damage|p1a: Indeedee|105/238\n|-damage|p2a: Walking Wake|0 fnt|[from] item: Life Orb\n|faint|p2a: Walking Wake\n|-end|p2a: Walking Wake|Protosynthesis|[silent]\n|\n|upkeep\n|\n|t:|1783559688\n|switch|p2a: Clodsire|Clodsire, L81, F|40/100\n|-activate|p2a: Clodsire|move: Sticky Web\n|-unboost|p2a: Clodsire|spe|1\n|turn|17\n|inactive|Time left: 300 sec this turn | 300 sec total\n|\n|t:|1783559689\n|move|p1a: Indeedee|Expanding Force|p2a: Clodsire\n|-supereffective|p2a: Clodsire\n|-damage|p2a: Clodsire|0 fnt\n|faint|p2a: Clodsire\n|-damage|p1a: Indeedee|82/238|[from] item: Life Orb\n|\n|win|p0x169796e8", "uploadtime": 1783559689, "views": 0, "rating": 0, "private": 0, "password": null, "_winner": "p0x169796e8", "_our_name": "p0x169796e8"}