{"id": "battle-gen9randombattle-2169", "formatid": "gen9randombattle", "format": "[Gen 9] Random Battle", "players": ["p0x21698319", "p0y2169c9ff"], "log": "|init|battle\n|title|p0x21698319 vs. p0y2169c9ff\n|j|\u2606p0x21698319\n|j|\u2606p0y2169c9ff\n|t:|1783564274\n|gametype|singles\n|player|p1|p0x21698319|101|\n|player|p2|p0y2169c9ff|101|\n|gen|9\n|tier|[Gen 9] Random Battle\n|rule|Species Clause: Limit one of each Pok\u00e9mon\n|rule|HP Percentage Mod: HP is shown in percentages\n|rule|Sleep Clause Mod: Limit one foe put to sleep\n|rule|Illusion Level Mod: Illusion disguises the Pok\u00e9mon's true level\n|\n|t:|1783564274\n|teamsize|p1|6\n|teamsize|p2|6\n|start\n|switch|p1a: Basculin|Basculin-Blue-Striped, L86, M|100/100\n|switch|p2a: Gastrodon|Gastrodon-East, L86, M|331/331\n|turn|1\n|inactive|Battle timer is ON: inactive players will automatically lose when time's up. (requested by p0y2169c9ff)\n|inactive|p0x21698319 also wants the timer to be on.\n|\n|t:|1783564276\n|switch|p1a: Slaking|Slaking, L84, M|100/100\n|move|p2a: Gastrodon|Sludge Bomb|p1a: Slaking\n|-damage|p1a: Slaking|80/100\n|\n|upkeep\n|turn|2\n|inactive|Time left: 300 sec this turn | 300 sec total\n|\n|t:|1783564277\n|switch|p2a: Annihilape|Annihilape, L76, M|292/292\n|move|p1a: Slaking|Giga Impact|p2a: Annihilape\n|-immune|p2a: Annihilape\n|\n|upkeep\n|turn|3\n|inactive|Time left: 300 sec this turn | 300 sec total\n|\n|t:|1783564278\n|cant|p1a: Slaking|ability: Truant\n|move|p2a: Annihilape|Bulk Up|p2a: Annihilape\n|-boost|p2a: Annihilape|atk|1\n|-boost|p2a: Annihilape|def|1\n|\n|upkeep\n|turn|4\n|inactive|Time left: 300 sec this turn | 300 sec total\n|\n|t:|1783564279\n|switch|p1a: Misdreavus|Misdreavus, L90, F|100/100\n|move|p2a: Annihilape|Bulk Up|p2a: Annihilape\n|-boost|p2a: Annihilape|atk|1\n|-boost|p2a: Annihilape|def|1\n|\n|upkeep\n|turn|5\n|inactive|Time left: 300 sec this turn | 300 sec total\n|\n|t:|1783564280\n|move|p1a: Misdreavus|Will-O-Wisp|p2a: Annihilape|[miss]\n|-miss|p1a: Misdreavus|p2a: Annihilape\n|move|p2a: Annihilape|Rage Fist|p1a: Misdreavus\n|-supereffective|p1a: Misdreavus\n|-damage|p1a: Misdreavus|34/100\n|\n|upkeep\n|turn|6\n|inactive|Time left: 300 sec this turn | 300 sec total\n|\n|t:|1783564281\n|-terastallize|p1a: Misdreavus|Fairy\n|move|p1a: Misdreavus|Draining Kiss|p2a: Annihilape\n|-supereffective|p2a: Annihilape\n|-damage|p2a: Annihilape|134/292\n|-heal|p1a: Misdreavus|81/100|[from] drain|[of] p2a: Annihilape\n|move|p2a: Annihilape|Rage Fist|p1a: Misdreavus\n|-damage|p1a: Misdreavus|13/100\n|\n|-heal|p2a: Annihilape|152/292|[from] item: Leftovers\n|upkeep\n|turn|7\n|inactive|Time left: 300 sec this turn | 300 sec total\n|\n|t:|1783564282\n|-terastallize|p2a: Annihilape|Steel\n|move|p1a: Misdreavus|Shadow Ball|p2a: Annihilape\n|-damage|p2a: Annihilape|47/292\n|move|p2a: Annihilape|Drain Punch|p1a: Misdreavus\n|-resisted|p1a: Misdreavus\n|-damage|p1a: Misdreavus|0 fnt\n|-heal|p2a: Annihilape|63/292|[from] drain|[of] p1a: Misdreavus\n|faint|p1a: Misdreavus\n|\n|-heal|p2a: Annihilape|81/292|[from] item: Leftovers\n|upkeep\n|\n|t:|1783564282\n|switch|p1a: Regieleki|Regieleki, L79|100/100\n|turn|8\n|inactive|Time left: 300 sec this turn | 300 sec total\n|\n|t:|1783564283\n|switch|p2a: Gastrodon|Gastrodon-East, L86, M|331/331\n|move|p1a: Regieleki|Volt Switch|p2a: Gastrodon\n|-immune|p2a: Gastrodon\n|\n|upkeep\n|turn|9\n|inactive|Time left: 300 sec this turn | 300 sec total\n|\n|t:|1783564284\n|switch|p1a: Slaking|Slaking, L84, M|80/100\n|move|p2a: Gastrodon|Surf|p1a: Slaking\n|-damage|p1a: Slaking|50/100\n|\n|upkeep\n|turn|10\n|inactive|Time left: 300 sec this turn | 300 sec total\n|\n|t:|1783564285\n|switch|p2a: Scrafty|Scrafty, L83, M|244/244\n|-ability|p2a: Scrafty|Intimidate|boost\n|-unboost|p1a: Slaking|atk|1\n|move|p1a: Slaking|Giga Impact|p2a: Scrafty|[miss]\n|-miss|p1a: Slaking|p2a: Scrafty\n|\n|upkeep\n|turn|11\n|inactive|Time left: 300 sec this turn | 300 sec total\n|\n|t:|1783564286\n|switch|p1a: Basculin|Basculin-Blue-Striped, L86, M|100/100\n|move|p2a: Scrafty|Dragon Dance|p2a: Scrafty\n|-boost|p2a: Scrafty|atk|1\n|-boost|p2a: Scrafty|spe|1\n|\n|upkeep\n|turn|12\n|inactive|Time left: 300 sec this turn | 300 sec total\n|\n|t:|1783564287\n|move|p1a: Basculin|Wave Crash|p2a: Scrafty\n|-damage|p2a: Scrafty|36/244\n|-damage|p1a: Basculin|74/100|[from] Recoil\n|move|p2a: Scrafty|Dragon Dance|p2a: Scrafty\n|-boost|p2a: Scrafty|atk|1\n|-boost|p2a: Scrafty|spe|1\n|\n|-heal|p2a: Scrafty|51/244|[from] item: Leftovers\n|upkeep\n|turn|13\n|inactive|Time left: 300 sec this turn | 300 sec total\n|\n|t:|1783564288\n|move|p2a: Scrafty|Knock Off|p1a: Basculin\n|-damage|p1a: Basculin|0 fnt\n|-enditem|p1a: Basculin|Choice Band|[from] move: Knock Off|[of] p2a: Scrafty\n|faint|p1a: Basculin\n|\n|-heal|p2a: Scrafty|66/244|[from] item: Leftovers\n|upkeep\n|\n|t:|1783564289\n|switch|p1a: Slaking|Slaking, L84, M|50/100\n|turn|14\n|inactive|Time left: 300 sec this turn | 300 sec total\n|\n|t:|1783564290\n|move|p1a: Slaking|Giga Impact|p2a: Scrafty\n|-damage|p2a: Scrafty|0 fnt\n|-mustrecharge|p1a: Slaking\n|faint|p2a: Scrafty\n|\n|upkeep\n|inactive|Time left: 300 sec this turn | 300 sec total | 5 sec grace\n|\n|t:|1783564291\n|switch|p2a: Gastrodon|Gastrodon-East, L86, M|331/331\n|turn|15\n|inactive|Time left: 300 sec this turn | 300 sec total\n|\n|t:|1783564291\n|cant|p1a: Slaking|recharge\n|move|p2a: Gastrodon|Surf|p1a: Slaking\n|-damage|p1a: Slaking|21/100\n|\n|upkeep\n|turn|16\n|inactive|Time left: 300 sec this turn | 300 sec total\n|\n|t:|1783564292\n|move|p1a: Slaking|Giga Impact|p2a: Gastrodon\n|-damage|p2a: Gastrodon|33/331\n|-mustrecharge|p1a: Slaking\n|move|p2a: Gastrodon|Recover|p2a: Gastrodon\n|-heal|p2a: Gastrodon|199/331\n|\n|-heal|p2a: Gastrodon|219/331|[from] item: Leftovers\n|upkeep\n|turn|17\n|inactive|Time left: 300 sec this turn | 300 sec total\n|\n|t:|1783564293\n|cant|p1a: Slaking|recharge\n|move|p2a: Gastrodon|Surf|p1a: Slaking\n|-damage|p1a: Slaking|0 fnt\n|faint|p1a: Slaking\n|\n|-heal|p2a: Gastrodon|239/331|[from] item: Leftovers\n|upkeep\n|\n|t:|1783564294\n|switch|p1a: Terapagos|Terapagos, L77, M|100/100\n|-activate|p1a: Terapagos|ability: Tera Shift\n|detailschange|p1a: Terapagos|Terapagos-Terastal, L77, M\n|-heal|p1a: Terapagos|100/100|[silent]\n|turn|18\n|inactive|Time left: 300 sec this turn | 300 sec total\n|\n|t:|1783564295\n|move|p1a: Terapagos|Calm Mind|p1a: Terapagos\n|-boost|p1a: Terapagos|spa|1\n|-boost|p1a: Terapagos|spd|1\n|move|p2a: Gastrodon|Earthquake|p1a: Terapagos\n|-activate|p1a: Terapagos|ability: Tera Shell\n|-resisted|p1a: Terapagos\n|-damage|p1a: Terapagos|85/100\n|\n|-heal|p2a: Gastrodon|259/331|[from] item: Leftovers\n|upkeep\n|turn|19\n|inactive|Time left: 300 sec this turn | 300 sec total\n|\n|t:|1783564296\n|move|p1a: Terapagos|Tera Starstorm|p2a: Gastrodon\n|-damage|p2a: Gastrodon|90/331\n|move|p2a: Gastrodon|Recover|p2a: Gastrodon\n|-heal|p2a: Gastrodon|256/331\n|\n|-heal|p2a: Gastrodon|276/331|[from] item: Leftovers\n|upkeep\n|turn|20\n|inactive|Time left: 300 sec this turn | 300 sec total\n|\n|t:|1783564297\n|move|p1a: Terapagos|Calm Mind|p1a: Terapagos\n|-boost|p1a: Terapagos|spa|1\n|-boost|p1a: Terapagos|spd|1\n|move|p2a: Gastrodon|Recover|p2a: Gastrodon\n|-heal|p2a: Gastrodon|331/331\n|\n|upkeep\n|turn|21\n|inactive|Time left: 300 sec this turn | 300 sec total\n|\n|t:|1783564298\n|move|p1a: Terapagos|Tera Starstorm|p2a: Gastrodon\n|-damage|p2a: Gastrodon|82/331\n|move|p2a: Gastrodon|Earthquake|p1a: Terapagos\n|-damage|p1a: Terapagos|52/100\n|\n|-heal|p2a: Gastrodon|102/331|[from] item: Leftovers\n|upkeep\n|turn|22\n|inactive|Time left: 300 sec this turn | 300 sec total\n|\n|t:|1783564299\n|move|p1a: Terapagos|Rest|p1a: Terapagos\n|-status|p1a: Terapagos|slp|[from] move: Rest\n|-heal|p1a: Terapagos|100/100 slp|[silent]\n|-enditem|p1a: Terapagos|Chesto Berry|[eat]\n|-curestatus|p1a: Terapagos|slp|[msg]\n|move|p2a: Gastrodon|Recover|p2a: Gastrodon\n|-heal|p2a: Gastrodon|268/331\n|\n|-heal|p2a: Gastrodon|288/331|[from] item: Leftovers\n|upkeep\n|turn|23\n|inactive|Time left: 300 sec this turn | 300 sec total\n|\n|t:|1783564300\n|move|p1a: Terapagos|Tera Starstorm|p2a: Gastrodon\n|-damage|p2a: Gastrodon|54/331\n|move|p2a: Gastrodon|Recover|p2a: Gastrodon\n|-heal|p2a: Gastrodon|220/331\n|\n|-heal|p2a: Gastrodon|240/331|[from] item: Leftovers\n|upkeep\n|turn|24\n|inactive|Time left: 300 sec this turn | 300 sec total\n|\n|t:|1783564301\n|move|p1a: Terapagos|Tera Starstorm|p2a: Gastrodon\n|-damage|p2a: Gastrodon|17/331\n|move|p2a: Gastrodon|Sludge Bomb|p1a: Terapagos\n|-activate|p1a: Terapagos|ability: Tera Shell\n|-resisted|p1a: Terapagos\n|-crit|p1a: Terapagos\n|-damage|p1a: Terapagos|84/100\n|\n|-heal|p2a: Gastrodon|37/331|[from] item: Leftovers\n|upkeep\n|turn|25\n|inactive|Time left: 300 sec this turn | 300 sec total\n|\n|t:|1783564302\n|move|p1a: Terapagos|Tera Starstorm|p2a: Gastrodon\n|-damage|p2a: Gastrodon|0 fnt\n|faint|p2a: Gastrodon\n|\n|upkeep\n|inactive|Time left: 300 sec this turn | 300 sec total | 5 sec grace\n|\n|t:|1783564303\n|switch|p2a: Annihilape|Annihilape, L76, M, tera:Steel|81/292\n|turn|26\n|inactive|Time left: 300 sec this turn | 300 sec total\n|\n|t:|1783564304\n|move|p2a: Annihilape|Drain Punch|p1a: Terapagos\n|-supereffective|p1a: Terapagos\n|-damage|p1a: Terapagos|28/100\n|-heal|p2a: Annihilape|157/292|[from] drain|[of] p1a: Terapagos\n|move|p1a: Terapagos|Tera Starstorm|p2a: Annihilape\n|-resisted|p2a: Annihilape\n|-damage|p2a: Annihilape|44/292\n|\n|-heal|p2a: Annihilape|62/292|[from] item: Leftovers\n|upkeep\n|turn|27\n|inactive|Time left: 300 sec this turn | 300 sec total\n|\n|t:|1783564305\n|move|p2a: Annihilape|Drain Punch|p1a: Terapagos\n|-supereffective|p1a: Terapagos\n|-damage|p1a: Terapagos|0 fnt\n|-heal|p2a: Annihilape|100/292|[from] drain|[of] p1a: Terapagos\n|faint|p1a: Terapagos\n|\n|-heal|p2a: Annihilape|118/292|[from] item: Leftovers\n|upkeep\n|\n|t:|1783564306\n|switch|p1a: Regieleki|Regieleki, L79|100/100\n|turn|28\n|inactive|Time left: 300 sec this turn | 300 sec total\n|\n|t:|1783564307\n|switch|p2a: Raichu|Raichu, L88, M|249/249\n|move|p1a: Regieleki|Thunderbolt|p2a: Raichu\n|-ability|p2a: Raichu|Lightning Rod|boost\n|-boost|p2a: Raichu|spa|1\n|\n|upkeep\n|turn|29\n|inactive|Time left: 300 sec this turn | 300 sec total\n|\n|t:|1783564308\n|move|p1a: Regieleki|Rapid Spin|p2a: Raichu\n|-damage|p2a: Raichu|209/249\n|-boost|p1a: Regieleki|spe|1\n|move|p2a: Raichu|Nasty Plot|p2a: Raichu\n|-boost|p2a: Raichu|spa|2\n|\n|upkeep\n|turn|30\n|inactive|Time left: 300 sec this turn | 300 sec total\n|\n|t:|1783564309\n|move|p1a: Regieleki|Explosion|p2a: Raichu\n|-damage|p2a: Raichu|0 fnt\n|faint|p1a: Regieleki\n|faint|p2a: Raichu\n|\n|upkeep\n|inactive|Time left: 300 sec this turn | 300 sec total | 5 sec grace\n|\n|t:|1783564311\n|switch|p1a: Meowstic|Meowstic, L89, M|100/100\n|switch|p2a: Mewtwo|Mewtwo, L72|272/272\n|-ability|p2a: Mewtwo|Pressure\n|turn|31\n|inactive|Time left: 300 sec this turn | 300 sec total\n|\n|t:|1783564312\n|switch|p2a: Honchkrow|Honchkrow, L86, F|312/312\n|move|p1a: Meowstic|Thunder Wave|p2a: Honchkrow\n|-hint|Since gen 7, Dark is immune to Prankster moves.\n|-immune|p2a: Honchkrow\n|\n|upkeep\n|turn|32\n|inactive|Time left: 300 sec this turn | 300 sec total\n|\n|t:|1783564313\n|move|p1a: Meowstic|Alluring Voice|p2a: Honchkrow\n|-supereffective|p2a: Honchkrow\n|-damage|p2a: Honchkrow|146/312\n|move|p2a: Honchkrow|Lash Out|p1a: Meowstic\n|-supereffective|p1a: Meowstic\n|-damage|p1a: Meowstic|25/100\n|\n|-heal|p1a: Meowstic|31/100|[from] item: Leftovers\n|upkeep\n|turn|33\n|inactive|Time left: 300 sec this turn | 300 sec total\n|\n|t:|1783564314\n|move|p1a: Meowstic|Alluring Voice|p2a: Honchkrow\n|-supereffective|p2a: Honchkrow\n|-damage|p2a: Honchkrow|0 fnt\n|faint|p2a: Honchkrow\n|\n|-heal|p1a: Meowstic|37/100|[from] item: Leftovers\n|upkeep\n|inactive|Time left: 300 sec this turn | 300 sec total | 5 sec grace\n|\n|t:|1783564315\n|switch|p2a: Mewtwo|Mewtwo, L72|272/272\n|-ability|p2a: Mewtwo|Pressure\n|turn|34\n|inactive|Time left: 300 sec this turn | 300 sec total\n|\n|t:|1783564316\n|move|p1a: Meowstic|Thunder Wave|p2a: Mewtwo\n|-status|p2a: Mewtwo|par\n|move|p2a: Mewtwo|Dark Pulse|p1a: Meowstic\n|-supereffective|p1a: Meowstic\n|-damage|p1a: Meowstic|0 fnt\n|faint|p1a: Meowstic\n|-damage|p2a: Mewtwo|245/272 par|[from] item: Life Orb\n|\n|win|p0y2169c9ff", "uploadtime": 1783564316, "views": 0, "rating": 0, "private": 0, "password": null, "_winner": "p0y2169c9ff", "_our_name": "p0y2169c9ff"}