{"id": "battle-gen9randombattle-2717", "formatid": "gen9randombattle", "format": "[Gen 9] Random Battle", "players": ["p0x27177037", "p0y27177bbd"], "log": "|init|battle\n|title|p0x27177037 vs. p0y27177bbd\n|j|\u2606p0x27177037\n|j|\u2606p0y27177bbd\n|t:|1783571318\n|gametype|singles\n|player|p1|p0x27177037|101|\n|player|p2|p0y27177bbd|1|\n|gen|9\n|tier|[Gen 9] Random Battle\n|rule|Species Clause: Limit one of each Pok\u00e9mon\n|rule|HP Percentage Mod: HP is shown in percentages\n|rule|Sleep Clause Mod: Limit one foe put to sleep\n|rule|Illusion Level Mod: Illusion disguises the Pok\u00e9mon's true level\n|\n|t:|1783571318\n|teamsize|p1|6\n|teamsize|p2|6\n|start\n|switch|p1a: Sceptile|Sceptile, L87, M|264/264\n|switch|p2a: Weezing|Weezing, L88, F|100/100\n|turn|1\n|inactive|Battle timer is ON: inactive players will automatically lose when time's up. (requested by p0y27177bbd)\n|inactive|Time left: 300 sec this turn | 300 sec total | 60 sec grace\n|inactive|p0x27177037 also wants the timer to be on.\n|\n|t:|1783571319\n|switch|p1a: Glimmora|Glimmora, L75, F|248/248\n|-item|p1a: Glimmora|Air Balloon\n|move|p2a: Weezing|Sludge Bomb|p1a: Glimmora\n|-resisted|p1a: Glimmora\n|-damage|p1a: Glimmora|221/248\n|-enditem|p1a: Glimmora|Air Balloon\n|\n|upkeep\n|turn|2\n|inactive|Time left: 300 sec this turn | 300 sec total\n|\n|t:|1783571320\n|move|p1a: Glimmora|Stealth Rock|p2a: Weezing\n|-sidestart|p2: p0y27177bbd|move: Stealth Rock\n|move|p2a: Weezing|Toxic Spikes|p1a: Glimmora\n|-sidestart|p1: p0x27177037|move: Toxic Spikes\n|\n|upkeep\n|turn|3\n|inactive|Time left: 300 sec this turn | 300 sec total\n|\n|t:|1783571321\n|move|p1a: Glimmora|Power Gem|p2a: Weezing\n|-damage|p2a: Weezing|63/100\n|move|p2a: Weezing|Toxic Spikes|p1a: Glimmora\n|-sidestart|p1: p0x27177037|move: Toxic Spikes\n|\n|-heal|p2a: Weezing|69/100|[from] item: Leftovers\n|upkeep\n|turn|4\n|inactive|Time left: 300 sec this turn | 300 sec total\n|\n|t:|1783571322\n|move|p1a: Glimmora|Power Gem|p2a: Weezing\n|-damage|p2a: Weezing|32/100\n|move|p2a: Weezing|Pain Split|p1a: Glimmora\n|-sethp|p1a: Glimmora|151/248|[from] move: Pain Split|[silent]\n|-sethp|p2a: Weezing|59/100|[from] move: Pain Split\n|\n|-heal|p2a: Weezing|65/100|[from] item: Leftovers\n|upkeep\n|turn|5\n|inactive|Time left: 300 sec this turn | 300 sec total\n|\n|t:|1783571323\n|move|p1a: Glimmora|Power Gem|p2a: Weezing\n|-damage|p2a: Weezing|28/100\n|move|p2a: Weezing|Sludge Bomb|p1a: Glimmora\n|-resisted|p1a: Glimmora\n|-damage|p1a: Glimmora|124/248\n|\n|-heal|p2a: Weezing|34/100|[from] item: Leftovers\n|upkeep\n|turn|6\n|inactive|Time left: 300 sec this turn | 300 sec total\n|\n|t:|1783571324\n|switch|p2a: Mudsdale|Mudsdale, L83, F|100/100\n|-damage|p2a: Mudsdale|95/100|[from] Stealth Rock\n|move|p1a: Glimmora|Power Gem|p2a: Mudsdale\n|-resisted|p2a: Mudsdale\n|-damage|p2a: Mudsdale|79/100\n|-ability|p2a: Mudsdale|Stamina|boost\n|-boost|p2a: Mudsdale|def|1\n|\n|-heal|p2a: Mudsdale|85/100|[from] item: Leftovers\n|upkeep\n|turn|7\n|inactive|Time left: 300 sec this turn | 300 sec total\n|\n|t:|1783571325\n|switch|p1a: Azelf|Azelf, L82|257/257\n|move|p2a: Mudsdale|Earthquake|p1a: Azelf\n|-immune|p1a: Azelf|[from] ability: Levitate\n|\n|-heal|p2a: Mudsdale|91/100|[from] item: Leftovers\n|upkeep\n|turn|8\n|inactive|Time left: 300 sec this turn | 300 sec total\n|\n|t:|1783571326\n|switch|p1a: Glimmora|Glimmora, L75, F|124/248\n|-sideend|p1: p0x27177037|move: Toxic Spikes|[of] p1a: Glimmora\n|move|p2a: Mudsdale|Heavy Slam|p1a: Glimmora\n|-supereffective|p1a: Glimmora\n|-damage|p1a: Glimmora|0 fnt\n|-activate|p1a: Glimmora|ability: Toxic Debris\n|-sidestart|p2: p0y27177bbd|move: Toxic Spikes\n|faint|p1a: Glimmora\n|\n|-heal|p2a: Mudsdale|97/100|[from] item: Leftovers\n|upkeep\n|inactive|Time left: 300 sec this turn | 300 sec total | 5 sec grace\n|\n|t:|1783571327\n|switch|p1a: Azelf|Azelf, L82|257/257\n|turn|9\n|inactive|Time left: 300 sec this turn | 300 sec total\n|\n|t:|1783571328\n|move|p1a: Azelf|Psychic|p2a: Mudsdale\n|-damage|p2a: Mudsdale|47/100\n|-unboost|p2a: Mudsdale|spd|1\n|-ability|p2a: Mudsdale|Stamina|boost\n|-boost|p2a: Mudsdale|def|1\n|-damage|p1a: Azelf|232/257|[from] item: Life Orb\n|move|p2a: Mudsdale|Stone Edge|p1a: Azelf\n|-damage|p1a: Azelf|122/257\n|\n|-heal|p2a: Mudsdale|53/100|[from] item: Leftovers\n|upkeep\n|turn|10\n|inactive|Time left: 300 sec this turn | 300 sec total\n|\n|t:|1783571330\n|switch|p2a: Jolteon|Jolteon, L84, F|100/100\n|move|p1a: Azelf|Psychic|p2a: Jolteon\n|-damage|p2a: Jolteon|42/100\n|-damage|p1a: Azelf|97/257|[from] item: Life Orb\n|\n|upkeep\n|turn|11\n|inactive|Time left: 300 sec this turn | 300 sec total\n|\n|t:|1783571331\n|switch|p1a: Sceptile|Sceptile, L87, M|264/264\n|move|p2a: Jolteon|Thunderbolt|p1a: Sceptile\n|-resisted|p1a: Sceptile\n|-damage|p1a: Sceptile|215/264\n|\n|upkeep\n|turn|12\n|inactive|Time left: 300 sec this turn | 300 sec total\n|\n|t:|1783571332\n|move|p2a: Jolteon|Volt Switch|p1a: Sceptile\n|-resisted|p1a: Sceptile\n|-crit|p1a: Sceptile\n|-damage|p1a: Sceptile|155/264\n|\n|t:|1783571334\n|switch|p2a: Vivillon|Vivillon-Garden, L83, M|100/100|[from] Volt Switch\n|move|p1a: Sceptile|Leaf Blade|p2a: Vivillon\n|-resisted|p2a: Vivillon\n|-damage|p2a: Vivillon|86/100\n|-damage|p1a: Sceptile|129/264|[from] item: Life Orb\n|\n|upkeep\n|turn|13\n|inactive|Time left: 300 sec this turn | 300 sec total\n|\n|t:|1783571335\n|switch|p2a: Mudsdale|Mudsdale, L83, F|53/100\n|-damage|p2a: Mudsdale|47/100|[from] Stealth Rock\n|-status|p2a: Mudsdale|psn\n|move|p1a: Sceptile|Rock Slide|p2a: Mudsdale\n|-resisted|p2a: Mudsdale\n|-damage|p2a: Mudsdale|37/100 psn\n|-ability|p2a: Mudsdale|Stamina|boost\n|-boost|p2a: Mudsdale|def|1\n|-damage|p1a: Sceptile|103/264|[from] item: Life Orb\n|\n|-heal|p2a: Mudsdale|43/100 psn|[from] item: Leftovers\n|-damage|p2a: Mudsdale|31/100 psn|[from] psn\n|upkeep\n|turn|14\n|inactive|Time left: 300 sec this turn | 300 sec total\n|\n|t:|1783571336\n|move|p1a: Sceptile|Leaf Blade|p2a: Mudsdale\n|-supereffective|p2a: Mudsdale\n|-crit|p2a: Mudsdale\n|-damage|p2a: Mudsdale|0 fnt\n|faint|p2a: Mudsdale\n|-damage|p1a: Sceptile|77/264|[from] item: Life Orb\n|\n|upkeep\n|\n|t:|1783571337\n|switch|p2a: Mabosstiff|Mabosstiff, L86, M|100/100\n|-damage|p2a: Mabosstiff|88/100|[from] Stealth Rock\n|-status|p2a: Mabosstiff|psn\n|turn|15\n|inactive|Time left: 300 sec this turn | 300 sec total\n|\n|t:|1783571338\n|move|p2a: Mabosstiff|Crunch|p1a: Sceptile\n|-damage|p1a: Sceptile|0 fnt\n|faint|p1a: Sceptile\n|\n|-damage|p2a: Mabosstiff|76/100 psn|[from] psn\n|upkeep\n|inactive|Time left: 300 sec this turn | 300 sec total | 5 sec grace\n|\n|t:|1783571339\n|switch|p1a: Mabosstiff|Mabosstiff, L86, M|278/278\n|turn|16\n|inactive|Time left: 300 sec this turn | 300 sec total\n|\n|t:|1783571340\n|move|p2a: Mabosstiff|Crunch|p1a: Mabosstiff\n|-resisted|p1a: Mabosstiff\n|-damage|p1a: Mabosstiff|229/278\n|move|p1a: Mabosstiff|Play Rough|p2a: Mabosstiff\n|-supereffective|p2a: Mabosstiff\n|-damage|p2a: Mabosstiff|0 fnt\n|faint|p2a: Mabosstiff\n|\n|upkeep\n|\n|t:|1783571341\n|switch|p2a: Weezing|Weezing, L88, F|34/100\n|-damage|p2a: Weezing|21/100|[from] Stealth Rock\n|turn|17\n|inactive|Time left: 300 sec this turn | 300 sec total\n|\n|t:|1783571342\n|-terastallize|p1a: Mabosstiff|Fairy\n|move|p1a: Mabosstiff|Play Rough|p2a: Weezing|[miss]\n|-miss|p1a: Mabosstiff|p2a: Weezing\n|move|p2a: Weezing|Pain Split|p1a: Mabosstiff\n|-sethp|p1a: Mabosstiff|141/278|[from] move: Pain Split|[silent]\n|-sethp|p2a: Weezing|55/100|[from] move: Pain Split\n|\n|-heal|p2a: Weezing|61/100|[from] item: Leftovers\n|upkeep\n|turn|18\n|inactive|Time left: 300 sec this turn | 300 sec total\n|\n|t:|1783571343\n|switch|p1a: Minun|Minun, L95, F|268/268\n|move|p2a: Weezing|Sludge Bomb|p1a: Minun\n|-damage|p1a: Minun|186/268\n|\n|-heal|p2a: Weezing|68/100|[from] item: Leftovers\n|upkeep\n|turn|19\n|inactive|Time left: 300 sec this turn | 300 sec total\n|\n|t:|1783571344\n|move|p1a: Minun|Nasty Plot|p1a: Minun\n|-boost|p1a: Minun|spa|2\n|move|p2a: Weezing|Sludge Bomb|p1a: Minun\n|-damage|p1a: Minun|107/268\n|\n|-heal|p2a: Weezing|74/100|[from] item: Leftovers\n|upkeep\n|turn|20\n|inactive|Time left: 300 sec this turn | 300 sec total\n|\n|t:|1783571345\n|switch|p2a: Jolteon|Jolteon, L84, F|42/100\n|move|p1a: Minun|Thunderbolt|p2a: Jolteon\n|-heal|p2a: Jolteon|67/100|[from] ability: Volt Absorb|[of] p1a: Minun\n|\n|upkeep\n|turn|21\n|inactive|Time left: 300 sec this turn | 300 sec total\n|\n|t:|1783571346\n|move|p2a: Jolteon|Alluring Voice|p1a: Minun\n|-damage|p1a: Minun|52/268\n|move|p1a: Minun|Alluring Voice|p2a: Jolteon\n|-damage|p2a: Jolteon|12/100\n|-damage|p1a: Minun|26/268|[from] item: Life Orb\n|\n|upkeep\n|turn|22\n|inactive|Time left: 300 sec this turn | 300 sec total\n|\n|t:|1783571347\n|move|p2a: Jolteon|Alluring Voice|p1a: Minun\n|-damage|p1a: Minun|0 fnt\n|faint|p1a: Minun\n|\n|upkeep\n|inactive|Time left: 300 sec this turn | 300 sec total | 5 sec grace\n|\n|t:|1783571348\n|switch|p1a: Mandibuzz|Mandibuzz, L85, F|326/326\n|turn|23\n|inactive|Time left: 300 sec this turn | 300 sec total\n|\n|t:|1783571349\n|move|p2a: Jolteon|Thunderbolt|p1a: Mandibuzz\n|-supereffective|p1a: Mandibuzz\n|-damage|p1a: Mandibuzz|146/326\n|move|p1a: Mandibuzz|Foul Play|p2a: Jolteon\n|-damage|p2a: Jolteon|0 fnt\n|faint|p2a: Jolteon\n|\n|upkeep\n|\n|t:|1783571350\n|switch|p2a: Vivillon|Vivillon-Garden, L83, M|86/100\n|turn|24\n|inactive|Time left: 300 sec this turn | 300 sec total\n|\n|t:|1783571351\n|-terastallize|p2a: Vivillon|Flying\n|move|p2a: Vivillon|Quiver Dance|p2a: Vivillon\n|-boost|p2a: Vivillon|spa|1\n|-boost|p2a: Vivillon|spd|1\n|-boost|p2a: Vivillon|spe|1\n|move|p1a: Mandibuzz|Roost|p1a: Mandibuzz\n|-heal|p1a: Mandibuzz|309/326\n|-singleturn|p1a: Mandibuzz|move: Roost\n|\n|upkeep\n|turn|25\n|inactive|Time left: 300 sec this turn | 300 sec total\n|\n|t:|1783571352\n|move|p2a: Vivillon|Quiver Dance|p2a: Vivillon\n|-boost|p2a: Vivillon|spa|1\n|-boost|p2a: Vivillon|spd|1\n|-boost|p2a: Vivillon|spe|1\n|move|p1a: Mandibuzz|Foul Play|p2a: Vivillon\n|-damage|p2a: Vivillon|59/100\n|\n|upkeep\n|turn|26\n|inactive|Time left: 300 sec this turn | 300 sec total\n|\n|t:|1783571353\n|move|p2a: Vivillon|Hurricane|p1a: Mandibuzz\n|-damage|p1a: Mandibuzz|23/326\n|move|p1a: Mandibuzz|Toxic|p2a: Vivillon\n|-status|p2a: Vivillon|tox\n|\n|-damage|p2a: Vivillon|53/100 tox|[from] psn\n|upkeep\n|turn|27\n|inactive|Time left: 300 sec this turn | 300 sec total\n|\n|t:|1783571354\n|move|p2a: Vivillon|Hurricane|p1a: Mandibuzz\n|-damage|p1a: Mandibuzz|0 fnt\n|faint|p1a: Mandibuzz\n|\n|-damage|p2a: Vivillon|42/100 tox|[from] psn\n|upkeep\n|inactive|Time left: 300 sec this turn | 300 sec total | 5 sec grace\n|\n|t:|1783571355\n|switch|p1a: Azelf|Azelf, L82|97/257\n|turn|28\n|inactive|Time left: 300 sec this turn | 300 sec total\n|\n|t:|1783571356\n|move|p2a: Vivillon|Hurricane|p1a: Azelf\n|-damage|p1a: Azelf|0 fnt\n|faint|p1a: Azelf\n|\n|-damage|p2a: Vivillon|24/100 tox|[from] psn\n|upkeep\n|inactive|Time left: 300 sec this turn | 300 sec total | 5 sec grace\n|\n|t:|1783571356\n|switch|p1a: Mabosstiff|Mabosstiff, L86, M, tera:Fairy|141/278\n|turn|29\n|inactive|Time left: 300 sec this turn | 300 sec total\n|\n|t:|1783571357\n|move|p2a: Vivillon|Hurricane|p1a: Mabosstiff\n|-damage|p1a: Mabosstiff|0 fnt\n|faint|p1a: Mabosstiff\n|\n|win|p0y27177bbd", "uploadtime": 1783571357, "views": 0, "rating": 0, "private": 0, "password": null, "_winner": "p0y27177bbd", "_our_name": "p0x27177037"}