{"id": "battle-gen9randombattle-2762", "formatid": "gen9randombattle", "format": "[Gen 9] Random Battle", "players": ["p0x27622e89", "p0y2762ebeb"], "log": "|init|battle\n|title|p0x27622e89 vs. p0y2762ebeb\n|j|\u2606p0x27622e89\n|j|\u2606p0y2762ebeb\n|t:|1783570824\n|gametype|singles\n|player|p1|p0x27622e89|2|\n|player|p2|p0y2762ebeb|101|\n|gen|9\n|tier|[Gen 9] Random Battle\n|rule|Species Clause: Limit one of each Pok\u00e9mon\n|rule|HP Percentage Mod: HP is shown in percentages\n|rule|Sleep Clause Mod: Limit one foe put to sleep\n|rule|Illusion Level Mod: Illusion disguises the Pok\u00e9mon's true level\n|\n|t:|1783570824\n|teamsize|p1|6\n|teamsize|p2|6\n|start\n|switch|p1a: Drifblim|Drifblim, L86, F|396/396\n|switch|p2a: Mienshao|Mienshao, L83, M|100/100\n|turn|1\n|inactive|Battle timer is ON: inactive players will automatically lose when time's up. (requested by p0x27622e89)\n|inactive|p0y2762ebeb also wants the timer to be on.\n|\n|t:|1783570825\n|move|p2a: Mienshao|Triple Axel|p1a: Drifblim\n|-supereffective|p1a: Drifblim\n|-damage|p1a: Drifblim|331/396\n|-supereffective|p1a: Drifblim\n|-damage|p1a: Drifblim|193/396\n|-enditem|p1a: Drifblim|Sitrus Berry|[eat]\n|-heal|p1a: Drifblim|292/396|[from] item: Sitrus Berry\n|-hitcount|p1a: Drifblim|2\n|-damage|p2a: Mienshao|91/100|[from] item: Life Orb\n|move|p1a: Drifblim|Air Slash|p2a: Mienshao\n|-supereffective|p2a: Mienshao\n|-damage|p2a: Mienshao|5/100\n|\n|upkeep\n|turn|2\n|inactive|Time left: 300 sec this turn | 300 sec total\n|\n|t:|1783570826\n|switch|p2a: Copperajah|Copperajah, L86, M|100/100\n|move|p1a: Drifblim|Air Slash|p2a: Copperajah\n|-resisted|p2a: Copperajah\n|-damage|p2a: Copperajah|86/100\n|\n|upkeep\n|turn|3\n|inactive|Time left: 300 sec this turn | 300 sec total\n|\n|t:|1783570828\n|move|p1a: Drifblim|Strength Sap|p2a: Copperajah\n|-unboost|p2a: Copperajah|atk|1\n|-heal|p1a: Drifblim|396/396\n|move|p2a: Copperajah|Rock Slide|p1a: Drifblim\n|-supereffective|p1a: Drifblim\n|-damage|p1a: Drifblim|159/396\n|\n|upkeep\n|turn|4\n|inactive|Time left: 300 sec this turn | 300 sec total\n|\n|t:|1783570829\n|move|p1a: Drifblim|Strength Sap|p2a: Copperajah\n|-unboost|p2a: Copperajah|atk|1\n|-heal|p1a: Drifblim|341/396\n|move|p2a: Copperajah|Iron Head|p1a: Drifblim\n|-damage|p1a: Drifblim|199/396\n|\n|upkeep\n|turn|5\n|inactive|Time left: 300 sec this turn | 300 sec total\n|\n|t:|1783570830\n|switch|p2a: Sandaconda|Sandaconda, L84, M|100/100\n|move|p1a: Drifblim|Strength Sap|p2a: Sandaconda\n|-unboost|p2a: Sandaconda|atk|1\n|-heal|p1a: Drifblim|396/396\n|\n|upkeep\n|turn|6\n|inactive|Time left: 300 sec this turn | 300 sec total\n|\n|t:|1783570831\n|switch|p2a: Komala|Komala, L87, F|100/100\n|-ability|p2a: Komala|Comatose\n|move|p1a: Drifblim|Calm Mind|p1a: Drifblim\n|-boost|p1a: Drifblim|spa|1\n|-boost|p1a: Drifblim|spd|1\n|\n|upkeep\n|turn|7\n|inactive|Time left: 300 sec this turn | 300 sec total\n|\n|t:|1783570832\n|move|p1a: Drifblim|Air Slash|p2a: Komala\n|-damage|p2a: Komala|71/100\n|cant|p2a: Komala|flinch\n|\n|upkeep\n|turn|8\n|inactive|Time left: 300 sec this turn | 300 sec total\n|\n|t:|1783570833\n|move|p1a: Drifblim|Air Slash|p2a: Komala\n|-damage|p2a: Komala|41/100\n|move|p2a: Komala|Knock Off|p1a: Drifblim\n|-supereffective|p1a: Drifblim\n|-damage|p1a: Drifblim|210/396\n|\n|upkeep\n|turn|9\n|inactive|Time left: 300 sec this turn | 300 sec total\n|\n|t:|1783570834\n|move|p1a: Drifblim|Strength Sap|p2a: Komala\n|-unboost|p2a: Komala|atk|1\n|-heal|p1a: Drifblim|396/396\n|move|p2a: Komala|Knock Off|p1a: Drifblim\n|-supereffective|p1a: Drifblim\n|-damage|p1a: Drifblim|284/396\n|\n|upkeep\n|turn|10\n|inactive|Time left: 300 sec this turn | 300 sec total\n|\n|t:|1783570835\n|move|p1a: Drifblim|Calm Mind|p1a: Drifblim\n|-boost|p1a: Drifblim|spa|1\n|-boost|p1a: Drifblim|spd|1\n|move|p2a: Komala|Knock Off|p1a: Drifblim\n|-supereffective|p1a: Drifblim\n|-damage|p1a: Drifblim|164/396\n|\n|upkeep\n|turn|11\n|inactive|Time left: 300 sec this turn | 300 sec total\n|\n|t:|1783570836\n|move|p1a: Drifblim|Strength Sap|p2a: Komala\n|-unboost|p2a: Komala|atk|1\n|-heal|p1a: Drifblim|330/396\n|move|p2a: Komala|Knock Off|p1a: Drifblim\n|-supereffective|p1a: Drifblim\n|-damage|p1a: Drifblim|246/396\n|\n|upkeep\n|turn|12\n|inactive|Time left: 300 sec this turn | 300 sec total\n|\n|t:|1783570837\n|switch|p2a: Copperajah|Copperajah, L86, M|86/100\n|move|p1a: Drifblim|Air Slash|p2a: Copperajah\n|-resisted|p2a: Copperajah\n|-damage|p2a: Copperajah|62/100\n|\n|upkeep\n|turn|13\n|inactive|Time left: 300 sec this turn | 300 sec total\n|\n|t:|1783570838\n|move|p1a: Drifblim|Strength Sap|p2a: Copperajah\n|-unboost|p2a: Copperajah|atk|1\n|-heal|p1a: Drifblim|396/396\n|move|p2a: Copperajah|Iron Head|p1a: Drifblim\n|-damage|p1a: Drifblim|193/396\n|\n|upkeep\n|turn|14\n|inactive|Time left: 300 sec this turn | 300 sec total\n|\n|t:|1783570839\n|move|p1a: Drifblim|Strength Sap|p2a: Copperajah\n|-unboost|p2a: Copperajah|atk|1\n|-heal|p1a: Drifblim|375/396\n|move|p2a: Copperajah|Iron Head|p1a: Drifblim\n|-damage|p1a: Drifblim|233/396\n|\n|upkeep\n|turn|15\n|inactive|Time left: 300 sec this turn | 300 sec total\n|\n|t:|1783570840\n|move|p1a: Drifblim|Air Slash|p2a: Copperajah\n|-resisted|p2a: Copperajah\n|-damage|p2a: Copperajah|34/100\n|cant|p2a: Copperajah|flinch\n|\n|upkeep\n|turn|16\n|inactive|Time left: 300 sec this turn | 300 sec total\n|\n|t:|1783570841\n|move|p1a: Drifblim|Shadow Ball|p2a: Copperajah\n|-damage|p2a: Copperajah|0 fnt\n|faint|p2a: Copperajah\n|\n|upkeep\n|\n|t:|1783570842\n|switch|p2a: Honchkrow|Honchkrow, L86, F|100/100\n|turn|17\n|inactive|Time left: 300 sec this turn | 300 sec total\n|\n|t:|1783570843\n|move|p1a: Drifblim|Strength Sap|p2a: Honchkrow\n|-unboost|p2a: Honchkrow|atk|1\n|-heal|p1a: Drifblim|396/396\n|move|p2a: Honchkrow|Lash Out|p1a: Drifblim\n|-supereffective|p1a: Drifblim\n|-damage|p1a: Drifblim|0 fnt\n|faint|p1a: Drifblim\n|-ability|p2a: Honchkrow|Moxie|boost\n|-boost|p2a: Honchkrow|atk|1\n|\n|upkeep\n|inactive|Time left: 300 sec this turn | 300 sec total | 5 sec grace\n|\n|t:|1783570844\n|switch|p1a: Flapple|Flapple, L88, M|266/266\n|turn|18\n|inactive|Time left: 300 sec this turn | 300 sec total\n|\n|t:|1783570845\n|move|p1a: Flapple|Outrage|p2a: Honchkrow\n|-damage|p2a: Honchkrow|0 fnt\n|faint|p2a: Honchkrow\n|\n|upkeep\n|\n|t:|1783570846\n|switch|p2a: Mienshao|Mienshao, L83, M|38/100\n|turn|19\n|inactive|Time left: 300 sec this turn | 300 sec total\n|\n|t:|1783570847\n|-terastallize|p2a: Mienshao|Fighting\n|move|p2a: Mienshao|Close Combat|p1a: Flapple\n|-damage|p1a: Flapple|16/266\n|-unboost|p2a: Mienshao|def|1\n|-unboost|p2a: Mienshao|spd|1\n|-damage|p2a: Mienshao|28/100|[from] item: Life Orb\n|move|p1a: Flapple|Outrage|p2a: Mienshao|[from] lockedmove\n|-damage|p2a: Mienshao|0 fnt\n|faint|p2a: Mienshao\n|-start|p1a: Flapple|confusion|[fatigue]\n|-enditem|p1a: Flapple|Lum Berry|[eat]\n|-end|p1a: Flapple|confusion\n|\n|upkeep\n|\n|t:|1783570848\n|switch|p2a: Lokix|Lokix, L82, F|100/100\n|turn|20\n|inactive|Time left: 300 sec this turn | 300 sec total\n|\n|t:|1783570849\n|move|p2a: Lokix|Knock Off|p1a: Flapple\n|-damage|p1a: Flapple|0 fnt\n|faint|p1a: Flapple\n|-damage|p2a: Lokix|91/100|[from] item: Life Orb\n|\n|upkeep\n|inactive|Time left: 300 sec this turn | 300 sec total | 5 sec grace\n|\n|t:|1783570850\n|switch|p1a: Greedent|Greedent, L86, M|347/347\n|turn|21\n|inactive|Time left: 300 sec this turn | 300 sec total\n|\n|t:|1783570851\n|move|p2a: Lokix|Knock Off|p1a: Greedent\n|-damage|p1a: Greedent|221/347\n|-enditem|p1a: Greedent|Sitrus Berry|[from] move: Knock Off|[of] p2a: Lokix\n|-damage|p2a: Lokix|81/100|[from] item: Life Orb\n|move|p1a: Greedent|Swords Dance|p1a: Greedent\n|-boost|p1a: Greedent|atk|2\n|\n|upkeep\n|turn|22\n|inactive|Time left: 300 sec this turn | 300 sec total\n|\n|t:|1783570852\n|move|p2a: Lokix|Leech Life|p1a: Greedent\n|-damage|p1a: Greedent|122/347\n|-heal|p2a: Lokix|100/100|[from] drain|[of] p1a: Greedent\n|-damage|p2a: Lokix|91/100|[from] item: Life Orb\n|move|p1a: Greedent|Double-Edge|p2a: Lokix\n|-damage|p2a: Lokix|0 fnt\n|faint|p2a: Lokix\n|-damage|p1a: Greedent|47/347|[from] Recoil\n|\n|upkeep\n|\n|t:|1783570853\n|switch|p2a: Komala|Komala, L87, F|41/100\n|-ability|p2a: Komala|Comatose\n|turn|23\n|inactive|Time left: 300 sec this turn | 300 sec total\n|\n|t:|1783570854\n|move|p2a: Komala|Body Slam|p1a: Greedent\n|-damage|p1a: Greedent|0 fnt\n|faint|p1a: Greedent\n|\n|upkeep\n|inactive|Time left: 300 sec this turn | 300 sec total | 5 sec grace\n|\n|t:|1783570855\n|switch|p1a: Flareon|Flareon, L90, F|263/263\n|turn|24\n|inactive|Time left: 300 sec this turn | 300 sec total\n|\n|t:|1783570856\n|-terastallize|p1a: Flareon|Normal\n|move|p1a: Flareon|Facade|p2a: Komala\n|-damage|p2a: Komala|0 fnt\n|faint|p2a: Komala\n|\n|-status|p1a: Flareon|tox|[from] item: Toxic Orb\n|upkeep\n|\n|t:|1783570857\n|switch|p2a: Sandaconda|Sandaconda, L84, M|100/100\n|turn|25\n|inactive|Time left: 300 sec this turn | 300 sec total\n|\n|t:|1783570858\n|move|p1a: Flareon|Facade|p2a: Sandaconda\n|-damage|p2a: Sandaconda|7/100\n|move|p2a: Sandaconda|Rest|p2a: Sandaconda\n|-status|p2a: Sandaconda|slp|[from] move: Rest\n|-heal|p2a: Sandaconda|100/100 slp|[silent]\n|\n|-activate|p2a: Sandaconda|ability: Shed Skin\n|-curestatus|p2a: Sandaconda|slp|[msg]\n|-damage|p1a: Flareon|247/263 tox|[from] psn\n|upkeep\n|turn|26\n|inactive|Time left: 300 sec this turn | 300 sec total\n|\n|t:|1783570859\n|move|p1a: Flareon|Facade|p2a: Sandaconda\n|-damage|p2a: Sandaconda|6/100\n|move|p2a: Sandaconda|Rest|p2a: Sandaconda\n|-status|p2a: Sandaconda|slp|[from] move: Rest\n|-heal|p2a: Sandaconda|100/100 slp|[silent]\n|\n|-activate|p2a: Sandaconda|ability: Shed Skin\n|-curestatus|p2a: Sandaconda|slp|[msg]\n|-damage|p1a: Flareon|215/263 tox|[from] psn\n|upkeep\n|turn|27\n|inactive|Time left: 300 sec this turn | 300 sec total\n|\n|t:|1783570860\n|move|p1a: Flareon|Facade|p2a: Sandaconda\n|-damage|p2a: Sandaconda|0 fnt\n|faint|p2a: Sandaconda\n|\n|win|p0x27622e89", "uploadtime": 1783570860, "views": 0, "rating": 0, "private": 0, "password": null, "_winner": "p0x27622e89", "_our_name": "p0x27622e89"}