{"id": "battle-gen9randombattle-313", "formatid": "gen9randombattle", "format": "[Gen 9] Random Battle", "players": ["p0x3130e64", "p0y313fba9"], "log": "|init|battle\n|title|p0x3130e64 vs. p0y313fba9\n|j|\u2606p0x3130e64\n|j|\u2606p0y313fba9\n|t:|1783542708\n|gametype|singles\n|player|p1|p0x3130e64|101|\n|player|p2|p0y313fba9|2|\n|gen|9\n|tier|[Gen 9] Random Battle\n|rule|Species Clause: Limit one of each Pok\u00e9mon\n|rule|HP Percentage Mod: HP is shown in percentages\n|rule|Sleep Clause Mod: Limit one foe put to sleep\n|rule|Illusion Level Mod: Illusion disguises the Pok\u00e9mon's true level\n|\n|t:|1783542708\n|teamsize|p1|6\n|teamsize|p2|6\n|start\n|switch|p1a: Magcargo|Magcargo, L95, M|100/100\n|switch|p2a: Ribombee|Ribombee, L83, M|235/235\n|turn|1\n|inactive|Battle timer is ON: inactive players will automatically lose when time's up. (requested by p0y313fba9)\n|inactive|p0x3130e64 also wants the timer to be on.\n|\n|t:|1783542709\n|move|p2a: Ribombee|Sticky Web|p1a: Magcargo\n|-sidestart|p1: p0x3130e64|move: Sticky Web\n|move|p1a: Magcargo|Power Gem|p2a: Ribombee\n|-supereffective|p2a: Ribombee\n|-enditem|p2a: Ribombee|Focus Sash\n|-damage|p2a: Ribombee|1/235\n|\n|upkeep\n|turn|2\n|inactive|Time left: 300 sec this turn | 300 sec total\n|\n|t:|1783542710\n|switch|p2a: Rhyperior|Rhyperior, L82, M|323/323\n|move|p1a: Magcargo|Power Gem|p2a: Rhyperior\n|-resisted|p2a: Rhyperior\n|-damage|p2a: Rhyperior|278/323\n|\n|upkeep\n|turn|3\n|inactive|Time left: 300 sec this turn | 300 sec total\n|\n|t:|1783542711\n|switch|p1a: Flamigo|Flamigo, L82, M|100/100\n|move|p2a: Rhyperior|Earthquake|p1a: Flamigo\n|-immune|p1a: Flamigo\n|\n|upkeep\n|turn|4\n|inactive|Time left: 300 sec this turn | 300 sec total\n|\n|t:|1783542713\n|move|p1a: Flamigo|Swords Dance|p1a: Flamigo\n|-boost|p1a: Flamigo|atk|2\n|move|p2a: Rhyperior|Stone Edge|p1a: Flamigo\n|-damage|p1a: Flamigo|40/100\n|\n|upkeep\n|turn|5\n|inactive|Time left: 300 sec this turn | 300 sec total\n|\n|t:|1783542714\n|switch|p2a: Ribombee|Ribombee, L83, M|1/235\n|move|p1a: Flamigo|Close Combat|p2a: Ribombee\n|-resisted|p2a: Ribombee\n|-damage|p2a: Ribombee|0 fnt\n|-unboost|p1a: Flamigo|def|1\n|-unboost|p1a: Flamigo|spd|1\n|faint|p2a: Ribombee\n|-damage|p1a: Flamigo|30/100|[from] item: Life Orb\n|\n|upkeep\n|inactive|Time left: 300 sec this turn | 300 sec total | 5 sec grace\n|\n|t:|1783542715\n|switch|p2a: Chandelure|Chandelure, L83, M|235/235\n|turn|6\n|inactive|Time left: 300 sec this turn | 300 sec total\n|\n|t:|1783542716\n|move|p2a: Chandelure|Shadow Ball|p1a: Flamigo\n|-damage|p1a: Flamigo|0 fnt\n|faint|p1a: Flamigo\n|\n|upkeep\n|\n|t:|1783542717\n|switch|p1a: Cyclizar|Cyclizar, L84, F|100/100\n|turn|7\n|inactive|Time left: 300 sec this turn | 300 sec total\n|\n|t:|1783542718\n|move|p2a: Chandelure|Shadow Ball|p1a: Cyclizar\n|-immune|p1a: Cyclizar\n|move|p1a: Cyclizar|Rapid Spin|p2a: Chandelure\n|-immune|p2a: Chandelure\n|\n|upkeep\n|turn|8\n|inactive|Time left: 300 sec this turn | 300 sec total\n|\n|t:|1783542719\n|move|p2a: Chandelure|Shadow Ball|p1a: Cyclizar\n|-immune|p1a: Cyclizar\n|move|p1a: Cyclizar|Rapid Spin|p2a: Chandelure\n|-immune|p2a: Chandelure\n|\n|upkeep\n|turn|9\n|inactive|Time left: 300 sec this turn | 300 sec total\n|\n|t:|1783542720\n|move|p2a: Chandelure|Shadow Ball|p1a: Cyclizar\n|-immune|p1a: Cyclizar\n|move|p1a: Cyclizar|Rapid Spin|p2a: Chandelure\n|-immune|p2a: Chandelure\n|\n|upkeep\n|turn|10\n|inactive|Time left: 300 sec this turn | 300 sec total\n|\n|t:|1783542721\n|move|p2a: Chandelure|Shadow Ball|p1a: Cyclizar\n|-immune|p1a: Cyclizar\n|move|p1a: Cyclizar|Rapid Spin|p2a: Chandelure\n|-immune|p2a: Chandelure\n|\n|upkeep\n|turn|11\n|inactive|Time left: 300 sec this turn | 300 sec total\n|\n|t:|1783542722\n|move|p2a: Chandelure|Shadow Ball|p1a: Cyclizar\n|-immune|p1a: Cyclizar\n|move|p1a: Cyclizar|Rapid Spin|p2a: Chandelure\n|-immune|p2a: Chandelure\n|\n|upkeep\n|turn|12\n|inactive|Time left: 300 sec this turn | 300 sec total\n|\n|t:|1783542723\n|switch|p2a: Sinistcha|Sinistcha-Masterpiece, L83|254/254\n|move|p1a: Cyclizar|Knock Off|p2a: Sinistcha\n|-supereffective|p2a: Sinistcha\n|-damage|p2a: Sinistcha|142/254\n|-enditem|p2a: Sinistcha|Leftovers|[from] move: Knock Off|[of] p1a: Cyclizar\n|\n|upkeep\n|turn|13\n|inactive|Time left: 300 sec this turn | 300 sec total\n|\n|t:|1783542724\n|move|p1a: Cyclizar|Draco Meteor|p2a: Sinistcha\n|-damage|p2a: Sinistcha|18/254\n|-unboost|p1a: Cyclizar|spa|2\n|move|p2a: Sinistcha|Strength Sap|p1a: Cyclizar\n|-unboost|p1a: Cyclizar|atk|1\n|-heal|p2a: Sinistcha|226/254\n|\n|upkeep\n|turn|14\n|inactive|Time left: 300 sec this turn | 300 sec total\n|\n|t:|1783542725\n|move|p1a: Cyclizar|Shed Tail|p1a: Cyclizar\n|-start|p1a: Cyclizar|Substitute|[from] move: Shed Tail\n|-damage|p1a: Cyclizar|50/100\n|\n|t:|1783542726\n|switch|p1a: Abomasnow|Abomasnow, L84, F|100/100|[from] Shed Tail\n|-activate|p1a: Abomasnow|move: Sticky Web\n|-unboost|p1a: Abomasnow|spe|1\n|-weather|Snowscape|[from] ability: Snow Warning|[of] p1a: Abomasnow\n|move|p2a: Sinistcha|Calm Mind|p2a: Sinistcha\n|-boost|p2a: Sinistcha|spa|1\n|-boost|p2a: Sinistcha|spd|1\n|\n|-weather|Snowscape|[upkeep]\n|upkeep\n|turn|15\n|inactive|Time left: 300 sec this turn | 300 sec total\n|\n|t:|1783542727\n|move|p2a: Sinistcha|Matcha Gotcha|p1a: Abomasnow\n|-resisted|p1a: Abomasnow\n|-end|p1a: Abomasnow|Substitute\n|-heal|p2a: Sinistcha|254/254|[from] drain|[of] p1a: Abomasnow\n|move|p1a: Abomasnow|Aurora Veil|p1a: Abomasnow\n|-sidestart|p1: p0x3130e64|move: Aurora Veil\n|\n|-weather|Snowscape|[upkeep]\n|upkeep\n|turn|16\n|inactive|Time left: 300 sec this turn | 300 sec total\n|\n|t:|1783542728\n|switch|p1a: Cyclizar|Cyclizar, L84, F|84/100\n|move|p2a: Sinistcha|Calm Mind|p2a: Sinistcha\n|-boost|p2a: Sinistcha|spa|1\n|-boost|p2a: Sinistcha|spd|1\n|\n|-weather|Snowscape|[upkeep]\n|upkeep\n|turn|17\n|inactive|Time left: 300 sec this turn | 300 sec total\n|\n|t:|1783542729\n|move|p1a: Cyclizar|Rapid Spin|p2a: Sinistcha\n|-immune|p2a: Sinistcha\n|move|p2a: Sinistcha|Calm Mind|p2a: Sinistcha\n|-boost|p2a: Sinistcha|spa|1\n|-boost|p2a: Sinistcha|spd|1\n|\n|-weather|Snowscape|[upkeep]\n|upkeep\n|turn|18\n|inactive|Time left: 300 sec this turn | 300 sec total\n|\n|t:|1783542730\n|move|p1a: Cyclizar|Knock Off|p2a: Sinistcha\n|-supereffective|p2a: Sinistcha\n|-damage|p2a: Sinistcha|180/254\n|move|p2a: Sinistcha|Matcha Gotcha|p1a: Cyclizar\n|-resisted|p1a: Cyclizar\n|-damage|p1a: Cyclizar|55/100\n|-heal|p2a: Sinistcha|217/254|[from] drain|[of] p1a: Cyclizar\n|\n|-weather|none\n|upkeep\n|turn|19\n|inactive|Time left: 300 sec this turn | 300 sec total\n|\n|t:|1783542732\n|move|p1a: Cyclizar|Knock Off|p2a: Sinistcha\n|-supereffective|p2a: Sinistcha\n|-damage|p2a: Sinistcha|137/254\n|move|p2a: Sinistcha|Matcha Gotcha|p1a: Cyclizar\n|-resisted|p1a: Cyclizar\n|-damage|p1a: Cyclizar|25/100\n|-heal|p2a: Sinistcha|175/254|[from] drain|[of] p1a: Cyclizar\n|\n|upkeep\n|turn|20\n|inactive|Time left: 300 sec this turn | 300 sec total\n|\n|t:|1783542733\n|move|p1a: Cyclizar|Rapid Spin|p2a: Sinistcha\n|-immune|p2a: Sinistcha\n|move|p2a: Sinistcha|Matcha Gotcha|p1a: Cyclizar\n|-resisted|p1a: Cyclizar\n|-damage|p1a: Cyclizar|0 fnt\n|-heal|p2a: Sinistcha|207/254|[from] drain|[of] p1a: Cyclizar\n|faint|p1a: Cyclizar\n|\n|upkeep\n|\n|t:|1783542733\n|switch|p1a: Magcargo|Magcargo, L95, M|100/100\n|turn|21\n|inactive|Time left: 300 sec this turn | 300 sec total\n|\n|t:|1783542734\n|move|p2a: Sinistcha|Matcha Gotcha|p1a: Magcargo|[miss]\n|-miss|p2a: Sinistcha|p1a: Magcargo\n|move|p1a: Magcargo|Lava Plume|p2a: Sinistcha\n|-supereffective|p2a: Sinistcha\n|-damage|p2a: Sinistcha|165/254\n|\n|upkeep\n|turn|22\n|inactive|Time left: 300 sec this turn | 300 sec total\n|\n|t:|1783542736\n|move|p2a: Sinistcha|Matcha Gotcha|p1a: Magcargo\n|-damage|p1a: Magcargo|56/100\n|-heal|p2a: Sinistcha|225/254|[from] drain|[of] p1a: Magcargo\n|move|p1a: Magcargo|Recover|p1a: Magcargo\n|-heal|p1a: Magcargo|100/100\n|\n|-sideend|p1: p0x3130e64|move: Aurora Veil\n|upkeep\n|turn|23\n|inactive|Time left: 300 sec this turn | 300 sec total\n|\n|t:|1783542737\n|move|p2a: Sinistcha|Shadow Ball|p1a: Magcargo\n|-damage|p1a: Magcargo|17/100\n|move|p1a: Magcargo|Recover|p1a: Magcargo\n|-heal|p1a: Magcargo|67/100\n|\n|upkeep\n|turn|24\n|inactive|Time left: 300 sec this turn | 300 sec total\n|\n|t:|1783542738\n|switch|p1a: Venusaur|Venusaur, L84, F|100/100\n|-activate|p1a: Venusaur|move: Sticky Web\n|-unboost|p1a: Venusaur|spe|1\n|move|p2a: Sinistcha|Shadow Ball|p1a: Venusaur\n|-damage|p1a: Venusaur|22/100\n|\n|-heal|p1a: Venusaur|28/100|[from] item: Leftovers\n|upkeep\n|turn|25\n|inactive|Time left: 300 sec this turn | 300 sec total\n|\n|t:|1783542739\n|move|p2a: Sinistcha|Shadow Ball|p1a: Venusaur\n|-damage|p1a: Venusaur|0 fnt\n|faint|p1a: Venusaur\n|\n|upkeep\n|\n|t:|1783542740\n|switch|p1a: Abomasnow|Abomasnow, L84, F|100/100\n|-activate|p1a: Abomasnow|move: Sticky Web\n|-unboost|p1a: Abomasnow|spe|1\n|-weather|Snowscape|[from] ability: Snow Warning|[of] p1a: Abomasnow\n|turn|26\n|inactive|Time left: 300 sec this turn | 300 sec total\n|\n|t:|1783542742\n|move|p2a: Sinistcha|Shadow Ball|p1a: Abomasnow\n|-damage|p1a: Abomasnow|17/100\n|move|p1a: Abomasnow|Aurora Veil|p1a: Abomasnow\n|-sidestart|p1: p0x3130e64|move: Aurora Veil\n|\n|-weather|Snowscape|[upkeep]\n|upkeep\n|turn|27\n|inactive|Time left: 300 sec this turn | 300 sec total\n|\n|t:|1783542743\n|move|p2a: Sinistcha|Matcha Gotcha|p1a: Abomasnow\n|-resisted|p1a: Abomasnow\n|-crit|p1a: Abomasnow\n|-damage|p1a: Abomasnow|0 fnt\n|-heal|p2a: Sinistcha|248/254|[from] drain|[of] p1a: Abomasnow\n|faint|p1a: Abomasnow\n|\n|-weather|Snowscape|[upkeep]\n|upkeep\n|\n|t:|1783542744\n|switch|p1a: Magcargo|Magcargo, L95, M|67/100\n|turn|28\n|inactive|Time left: 300 sec this turn | 300 sec total\n|\n|t:|1783542745\n|move|p2a: Sinistcha|Shadow Ball|p1a: Magcargo\n|-damage|p1a: Magcargo|25/100\n|move|p1a: Magcargo|Recover|p1a: Magcargo\n|-heal|p1a: Magcargo|75/100\n|\n|-weather|Snowscape|[upkeep]\n|upkeep\n|turn|29\n|inactive|Time left: 300 sec this turn | 300 sec total\n|\n|t:|1783542746\n|move|p2a: Sinistcha|Shadow Ball|p1a: Magcargo\n|-damage|p1a: Magcargo|33/100\n|move|p1a: Magcargo|Lava Plume|p2a: Sinistcha\n|-supereffective|p2a: Sinistcha\n|-damage|p2a: Sinistcha|200/254\n|\n|-weather|Snowscape|[upkeep]\n|upkeep\n|turn|30\n|inactive|Time left: 300 sec this turn | 300 sec total\n|\n|t:|1783542747\n|switch|p1a: Espeon|Espeon, L84, M|100/100\n|-activate|p1a: Espeon|move: Sticky Web\n|-unboost|p1a: Espeon|spe|1\n|move|p2a: Sinistcha|Shadow Ball|p1a: Espeon\n|-supereffective|p1a: Espeon\n|-damage|p1a: Espeon|10/100\n|\n|-weather|none\n|upkeep\n|turn|31\n|inactive|Time left: 300 sec this turn | 300 sec total\n|\n|t:|1783542748\n|move|p2a: Sinistcha|Shadow Ball|p1a: Espeon\n|-supereffective|p1a: Espeon\n|-damage|p1a: Espeon|0 fnt\n|faint|p1a: Espeon\n|\n|upkeep\n|\n|t:|1783542749\n|switch|p1a: Magcargo|Magcargo, L95, M|33/100\n|turn|32\n|inactive|Time left: 300 sec this turn | 300 sec total\n|\n|t:|1783542750\n|-terastallize|p1a: Magcargo|Dragon\n|move|p2a: Sinistcha|Shadow Ball|p1a: Magcargo\n|-damage|p1a: Magcargo|0 fnt\n|faint|p1a: Magcargo\n|\n|win|p0y313fba9", "uploadtime": 1783542750, "views": 0, "rating": 0, "private": 0, "password": null, "_winner": "p0y313fba9", "_our_name": "p0y313fba9"}