{"id": "battle-gen9randombattle-2940", "formatid": "gen9randombattle", "format": "[Gen 9] Random Battle", "players": ["p0x29402d90", "p0y2940cd92"], "log": "|init|battle\n|title|p0x29402d90 vs. p0y2940cd92\n|j|\u2606p0x29402d90\n|j|\u2606p0y2940cd92\n|t:|1783573857\n|gametype|singles\n|player|p1|p0x29402d90|101|\n|player|p2|p0y2940cd92|266|\n|gen|9\n|tier|[Gen 9] Random Battle\n|rule|Species Clause: Limit one of each Pok\u00e9mon\n|rule|HP Percentage Mod: HP is shown in percentages\n|rule|Sleep Clause Mod: Limit one foe put to sleep\n|rule|Illusion Level Mod: Illusion disguises the Pok\u00e9mon's true level\n|\n|t:|1783573857\n|teamsize|p1|6\n|teamsize|p2|6\n|start\n|switch|p1a: Glalie|Glalie, L96, M|100/100\n|switch|p2a: Rayquaza|Rayquaza, L72|270/270\n|-ability|p2a: Rayquaza|Air Lock\n|turn|1\n|inactive|Battle timer is ON: inactive players will automatically lose when time's up. (requested by p0y2940cd92)\n|\n|t:|1783573858\n|switch|p2a: Regice|Regice, L88|284/284\n|move|p1a: Glalie|Freeze-Dry|p2a: Regice\n|-resisted|p2a: Regice\n|-damage|p2a: Regice|264/284\n|\n|upkeep\n|turn|2\n|inactive|Time left: 300 sec this turn | 300 sec total\n|inactive|p0x29402d90 also wants the timer to be on.\n|\n|t:|1783573859\n|move|p1a: Glalie|Earthquake|p2a: Regice\n|-damage|p2a: Regice|190/284\n|move|p2a: Regice|Thunderbolt|p1a: Glalie\n|-damage|p1a: Glalie|80/100\n|\n|upkeep\n|turn|3\n|inactive|Time left: 300 sec this turn | 300 sec total\n|\n|t:|1783573860\n|move|p1a: Glalie|Earthquake|p2a: Regice\n|-damage|p2a: Regice|117/284\n|move|p2a: Regice|Ice Beam|p1a: Glalie\n|-resisted|p1a: Glalie\n|-damage|p1a: Glalie|63/100\n|\n|upkeep\n|turn|4\n|inactive|Time left: 300 sec this turn | 300 sec total\n|\n|t:|1783573861\n|move|p1a: Glalie|Earthquake|p2a: Regice\n|-damage|p2a: Regice|44/284\n|move|p2a: Regice|Rest|p2a: Regice\n|-status|p2a: Regice|slp|[from] move: Rest\n|-heal|p2a: Regice|284/284 slp|[silent]\n|\n|upkeep\n|turn|5\n|inactive|Time left: 300 sec this turn | 300 sec total\n|\n|t:|1783573862\n|move|p1a: Glalie|Spikes|p2a: Regice\n|-sidestart|p2: p0y2940cd92|Spikes\n|cant|p2a: Regice|slp\n|move|p2a: Regice|Sleep Talk|p2a: Regice\n|move|p2a: Regice|Ice Beam|p1a: Glalie|[from] move: Sleep Talk\n|-resisted|p1a: Glalie\n|-damage|p1a: Glalie|48/100\n|\n|upkeep\n|turn|6\n|inactive|Time left: 300 sec this turn | 300 sec total\n|\n|t:|1783573862\n|switch|p1a: Excadrill|Excadrill, L79, M|100/100\n|-ability|p1a: Excadrill|Mold Breaker\n|cant|p2a: Regice|slp\n|move|p2a: Regice|Sleep Talk|p2a: Regice\n|move|p2a: Regice|Ice Beam|p1a: Excadrill|[from] move: Sleep Talk\n|-damage|p1a: Excadrill|55/100\n|\n|-heal|p1a: Excadrill|61/100|[from] item: Leftovers\n|upkeep\n|turn|7\n|inactive|Time left: 300 sec this turn | 300 sec total\n|\n|t:|1783573863\n|move|p1a: Excadrill|Iron Head|p2a: Regice\n|-supereffective|p2a: Regice\n|-damage|p2a: Regice|114/284 slp\n|-curestatus|p2a: Regice|slp|[msg]\n|move|p2a: Regice|Ice Beam|p1a: Excadrill\n|-damage|p1a: Excadrill|16/100\n|\n|-heal|p1a: Excadrill|22/100|[from] item: Leftovers\n|upkeep\n|turn|8\n|inactive|Time left: 300 sec this turn | 300 sec total\n|\n|t:|1783573864\n|switch|p2a: Drifblim|Drifblim, L86, M|398/398\n|move|p1a: Excadrill|Iron Head|p2a: Drifblim\n|-damage|p2a: Drifblim|245/398\n|\n|-heal|p1a: Excadrill|28/100|[from] item: Leftovers\n|upkeep\n|turn|9\n|inactive|Time left: 300 sec this turn | 300 sec total\n|\n|t:|1783573865\n|switch|p1a: Garganacl|Garganacl, L80, F|100/100\n|move|p2a: Drifblim|Shadow Ball|p1a: Garganacl\n|-damage|p1a: Garganacl|86/100\n|\n|-heal|p1a: Garganacl|92/100|[from] item: Leftovers\n|upkeep\n|turn|10\n|inactive|Time left: 300 sec this turn | 300 sec total\n|\n|t:|1783573865\n|move|p2a: Drifblim|Strength Sap|p1a: Garganacl\n|-unboost|p1a: Garganacl|atk|1\n|-heal|p2a: Drifblim|398/398\n|move|p1a: Garganacl|Salt Cure|p2a: Drifblim\n|-supereffective|p2a: Drifblim\n|-damage|p2a: Drifblim|320/398\n|-start|p2a: Drifblim|Salt Cure\n|\n|-heal|p1a: Garganacl|98/100|[from] item: Leftovers\n|-damage|p2a: Drifblim|271/398|[from] Salt Cure\n|upkeep\n|turn|11\n|inactive|Time left: 300 sec this turn | 300 sec total\n|\n|t:|1783573866\n|move|p2a: Drifblim|Strength Sap|p1a: Garganacl\n|-unboost|p1a: Garganacl|atk|1\n|-heal|p2a: Drifblim|398/398\n|move|p1a: Garganacl|Stealth Rock|p2a: Drifblim\n|-sidestart|p2: p0y2940cd92|move: Stealth Rock\n|\n|-heal|p1a: Garganacl|100/100|[from] item: Leftovers\n|-damage|p2a: Drifblim|349/398|[from] Salt Cure\n|upkeep\n|turn|12\n|inactive|Time left: 300 sec this turn | 300 sec total\n|\n|t:|1783573867\n|switch|p1a: Veluza|Veluza, L85, F|100/100\n|move|p2a: Drifblim|Defog|p1a: Veluza\n|-unboost|p1a: Veluza|evasion|1\n|-sideend|p2: p0y2940cd92|Spikes|[from] move: Defog|[of] p2a: Drifblim\n|-sideend|p2: p0y2940cd92|Stealth Rock|[from] move: Defog|[of] p2a: Drifblim\n|\n|-damage|p2a: Drifblim|300/398|[from] Salt Cure\n|upkeep\n|turn|13\n|inactive|Time left: 300 sec this turn | 300 sec total\n|\n|t:|1783573868\n|move|p1a: Veluza|Aqua Cutter|p2a: Drifblim\n|-damage|p2a: Drifblim|107/398\n|move|p2a: Drifblim|Shadow Ball|p1a: Veluza\n|-supereffective|p1a: Veluza\n|-damage|p1a: Veluza|35/100\n|\n|-damage|p2a: Drifblim|58/398|[from] Salt Cure\n|upkeep\n|turn|14\n|inactive|Time left: 300 sec this turn | 300 sec total\n|\n|t:|1783573869\n|switch|p2a: Overqwil|Overqwil, L82, M|274/274\n|-ability|p2a: Overqwil|Intimidate|boost\n|-unboost|p1a: Veluza|atk|1\n|move|p1a: Veluza|Aqua Cutter|p2a: Overqwil\n|-damage|p2a: Overqwil|192/274\n|\n|upkeep\n|turn|15\n|inactive|Time left: 300 sec this turn | 300 sec total\n|\n|t:|1783573870\n|move|p1a: Veluza|Aqua Cutter|p2a: Overqwil\n|-damage|p2a: Overqwil|117/274\n|move|p2a: Overqwil|Swords Dance|p2a: Overqwil\n|-boost|p2a: Overqwil|atk|2\n|\n|upkeep\n|turn|16\n|inactive|Time left: 300 sec this turn | 300 sec total\n|\n|t:|1783573871\n|move|p1a: Veluza|Aqua Cutter|p2a: Overqwil\n|-damage|p2a: Overqwil|42/274\n|move|p2a: Overqwil|Scale Shot|p1a: Veluza\n|-damage|p1a: Veluza|20/100\n|-damage|p1a: Veluza|5/100\n|-damage|p1a: Veluza|0 fnt\n|faint|p1a: Veluza\n|-hitcount|p1: Veluza|3\n|-unboost|p2a: Overqwil|def|1\n|-boost|p2a: Overqwil|spe|1\n|\n|upkeep\n|\n|t:|1783573872\n|switch|p1a: Garganacl|Garganacl, L80, F|100/100\n|turn|17\n|inactive|Time left: 300 sec this turn | 300 sec total\n|\n|t:|1783573873\n|move|p2a: Overqwil|Crunch|p1a: Garganacl\n|-damage|p1a: Garganacl|52/100\n|move|p1a: Garganacl|Salt Cure|p2a: Overqwil\n|-damage|p2a: Overqwil|0 fnt\n|faint|p2a: Overqwil\n|\n|-heal|p1a: Garganacl|58/100|[from] item: Leftovers\n|upkeep\n|inactive|Time left: 300 sec this turn | 300 sec total | 5 sec grace\n|\n|t:|1783573874\n|switch|p2a: Dragalge|Dragalge, L88, M|258/258\n|turn|18\n|inactive|Time left: 300 sec this turn | 300 sec total\n|\n|t:|1783573875\n|move|p2a: Dragalge|Draco Meteor|p1a: Garganacl\n|-damage|p1a: Garganacl|0 fnt\n|-unboost|p2a: Dragalge|spa|2\n|faint|p1a: Garganacl\n|\n|upkeep\n|\n|t:|1783573876\n|switch|p1a: Excadrill|Excadrill, L79, M|28/100\n|-ability|p1a: Excadrill|Mold Breaker\n|turn|19\n|inactive|Time left: 300 sec this turn | 300 sec total\n|\n|t:|1783573877\n|switch|p2a: Drifblim|Drifblim, L86, M|58/398\n|move|p1a: Excadrill|Iron Head|p2a: Drifblim\n|-damage|p2a: Drifblim|0 fnt\n|-damage|p1a: Excadrill|3/100|[from] ability: Aftermath|[of] p2a: Drifblim\n|faint|p2a: Drifblim\n|\n|-heal|p1a: Excadrill|9/100|[from] item: Leftovers\n|upkeep\n|inactive|Time left: 300 sec this turn | 300 sec total | 5 sec grace\n|\n|t:|1783573878\n|switch|p2a: Lunala|Lunala, L70|308/308\n|turn|20\n|inactive|Time left: 300 sec this turn | 300 sec total\n|\n|t:|1783573879\n|move|p1a: Excadrill|Iron Head|p2a: Lunala\n|-damage|p2a: Lunala|248/308\n|move|p2a: Lunala|Psyshock|p1a: Excadrill\n|-resisted|p1a: Excadrill\n|-damage|p1a: Excadrill|0 fnt\n|faint|p1a: Excadrill\n|\n|-heal|p2a: Lunala|267/308|[from] item: Leftovers\n|upkeep\n|\n|t:|1783573880\n|switch|p1a: Glalie|Glalie, L96, M|48/100\n|turn|21\n|inactive|Time left: 300 sec this turn | 300 sec total\n|\n|t:|1783573881\n|move|p1a: Glalie|Earthquake|p2a: Lunala\n|-damage|p2a: Lunala|169/308\n|move|p2a: Lunala|Calm Mind|p2a: Lunala\n|-boost|p2a: Lunala|spa|1\n|-boost|p2a: Lunala|spd|1\n|\n|-heal|p2a: Lunala|188/308|[from] item: Leftovers\n|upkeep\n|turn|22\n|inactive|Time left: 300 sec this turn | 300 sec total\n|\n|t:|1783573882\n|-terastallize|p1a: Glalie|Ground\n|move|p1a: Glalie|Earthquake|p2a: Lunala\n|-damage|p2a: Lunala|52/308\n|move|p2a: Lunala|Moongeist Beam|p1a: Glalie\n|-damage|p1a: Glalie|0 fnt\n|faint|p1a: Glalie\n|\n|-heal|p2a: Lunala|71/308|[from] item: Leftovers\n|upkeep\n|\n|t:|1783573883\n|switch|p1a: Delibird|Delibird, M|100/100\n|turn|23\n|inactive|Time left: 300 sec this turn | 300 sec total\n|\n|t:|1783573884\n|move|p1a: Delibird|Brave Bird|p2a: Lunala\n|-damage|p2a: Lunala|0 fnt\n|faint|p2a: Lunala\n|-damage|p1a: Delibird|91/100|[from] Recoil\n|\n|upkeep\n|inactive|Time left: 300 sec this turn | 300 sec total | 5 sec grace\n|\n|t:|1783573884\n|switch|p2a: Dragalge|Dragalge, L88, M|258/258\n|turn|24\n|inactive|Time left: 300 sec this turn | 300 sec total\n|\n|t:|1783573885\n|move|p1a: Delibird|Freeze-Dry|p2a: Dragalge\n|-supereffective|p2a: Dragalge\n|-damage|p2a: Dragalge|136/258\n|move|p2a: Dragalge|Sludge Wave|p1a: Delibird\n|-damage|p1a: Delibird|0 fnt\n|faint|p1a: Delibird\n|\n|upkeep\n|\n|t:|1783573886\n|switch|p1a: Lumineon|Lumineon, L93, F|100/100\n|turn|25\n|inactive|Time left: 300 sec this turn | 300 sec total\n|\n|t:|1783573887\n|-terastallize|p2a: Dragalge|Fighting\n|move|p1a: Lumineon|Ice Beam|p2a: Dragalge\n|-damage|p2a: Dragalge|93/258\n|-status|p2a: Dragalge|frz\n|cant|p2a: Dragalge|frz\n|\n|upkeep\n|turn|26\n|inactive|Time left: 300 sec this turn | 300 sec total\n|\n|t:|1783573888\n|switch|p2a: Regice|Regice, L88|114/284\n|move|p1a: Lumineon|Hydro Pump|p2a: Regice\n|-damage|p2a: Regice|62/284\n|\n|upkeep\n|turn|27\n|inactive|Time left: 300 sec this turn | 300 sec total\n|\n|t:|1783573889\n|move|p1a: Lumineon|Hydro Pump|p2a: Regice|[miss]\n|-miss|p1a: Lumineon|p2a: Regice\n|move|p2a: Regice|Rest|p2a: Regice\n|-status|p2a: Regice|slp|[from] move: Rest\n|-heal|p2a: Regice|284/284 slp|[silent]\n|\n|upkeep\n|turn|28\n|inactive|Time left: 300 sec this turn | 300 sec total\n|\n|t:|1783573890\n|move|p1a: Lumineon|Encore|p2a: Regice\n|-start|p2a: Regice|Encore\n|cant|p2a: Regice|slp\n|\n|upkeep\n|turn|29\n|inactive|Time left: 300 sec this turn | 300 sec total\n|\n|t:|1783573891\n|switch|p2a: Dragalge|Dragalge, L88, M, tera:Fighting|93/258 frz\n|move|p1a: Lumineon|U-turn|p2a: Dragalge\n|-resisted|p2a: Dragalge\n|-damage|p2a: Dragalge|71/258 frz\n|\n|upkeep\n|turn|30\n|inactive|Time left: 300 sec this turn | 300 sec total\n|\n|t:|1783573892\n|switch|p2a: Regice|Regice, L88|284/284 slp\n|move|p1a: Lumineon|Ice Beam|p2a: Regice\n|-resisted|p2a: Regice\n|-damage|p2a: Regice|268/284 slp\n|\n|upkeep\n|turn|31\n|inactive|Time left: 300 sec this turn | 300 sec total\n|\n|t:|1783573893\n|move|p1a: Lumineon|Hydro Pump|p2a: Regice|[miss]\n|-miss|p1a: Lumineon|p2a: Regice\n|cant|p2a: Regice|slp\n|move|p2a: Regice|Sleep Talk|p2a: Regice\n|move|p2a: Regice|Rest||[from] move: Sleep Talk|[still]\n|-fail|p2a: Regice\n|\n|upkeep\n|turn|32\n|inactive|Time left: 300 sec this turn | 300 sec total\n|\n|t:|1783573894\n|move|p1a: Lumineon|Encore||[still]\n|-fail|p1a: Lumineon\n|-curestatus|p2a: Regice|slp|[msg]\n|move|p2a: Regice|Thunderbolt|p1a: Lumineon\n|-supereffective|p1a: Lumineon\n|-damage|p1a: Lumineon|49/100\n|\n|upkeep\n|turn|33\n|inactive|Time left: 300 sec this turn | 300 sec total\n|\n|t:|1783573895\n|move|p1a: Lumineon|U-turn|p2a: Regice\n|-crit|p2a: Regice\n|-damage|p2a: Regice|212/284\n|move|p2a: Regice|Thunderbolt|p1a: Lumineon\n|-supereffective|p1a: Lumineon\n|-crit|p1a: Lumineon\n|-damage|p1a: Lumineon|0 fnt\n|faint|p1a: Lumineon\n|\n|win|p0y2940cd92", "uploadtime": 1783573895, "views": 0, "rating": 0, "private": 0, "password": null, "_winner": "p0y2940cd92", "_our_name": "p0y2940cd92"}