{"id": "battle-gen9randombattle-267", "formatid": "gen9randombattle", "format": "[Gen 9] Random Battle", "players": ["p0x2670c2f", "p0y267c5b3"], "log": "|init|battle\n|title|p0x2670c2f vs. p0y267c5b3\n|j|\u2606p0x2670c2f\n|j|\u2606p0y267c5b3\n|t:|1783536348\n|gametype|singles\n|player|p1|p0x2670c2f|265|\n|player|p2|p0y267c5b3|169|\n|gen|9\n|tier|[Gen 9] Random Battle\n|rule|Species Clause: Limit one of each Pok\u00e9mon\n|rule|HP Percentage Mod: HP is shown in percentages\n|rule|Sleep Clause Mod: Limit one foe put to sleep\n|rule|Illusion Level Mod: Illusion disguises the Pok\u00e9mon's true level\n|\n|t:|1783536348\n|teamsize|p1|6\n|teamsize|p2|6\n|start\n|switch|p1a: Necrozma|Necrozma-Dawn-Wings, L76|100/100\n|switch|p2a: Slowking|Slowking, L88, F|310/310\n|turn|1\n|inactive|Battle timer is ON: inactive players will automatically lose when time's up. (requested by p0x2670c2f)\n|inactive|Time left: 300 sec this turn | 300 sec total | 60 sec grace\n|inactive|p0y267c5b3 also wants the timer to be on.\n|\n|t:|1783536350\n|move|p1a: Necrozma|Calm Mind|p1a: Necrozma\n|-boost|p1a: Necrozma|spa|1\n|-boost|p1a: Necrozma|spd|1\n|move|p2a: Slowking|Scald|p1a: Necrozma\n|-damage|p1a: Necrozma|81/100\n|-status|p1a: Necrozma|brn\n|\n|-heal|p1a: Necrozma|88/100 brn|[from] item: Leftovers\n|-damage|p1a: Necrozma|81/100 brn|[from] brn\n|upkeep\n|turn|2\n|inactive|Time left: 300 sec this turn | 300 sec total\n|\n|t:|1783536351\n|switch|p2a: Ting-Lu|Ting-Lu, L78|370/370\n|-ability|p2a: Ting-Lu|Vessel of Ruin\n|move|p1a: Necrozma|Moongeist Beam|p2a: Ting-Lu\n|-resisted|p2a: Ting-Lu\n|-damage|p2a: Ting-Lu|283/370\n|\n|-heal|p1a: Necrozma|88/100 brn|[from] item: Leftovers\n|-heal|p2a: Ting-Lu|306/370|[from] item: Leftovers\n|-damage|p1a: Necrozma|81/100 brn|[from] brn\n|upkeep\n|turn|3\n|inactive|Time left: 300 sec this turn | 300 sec total\n|\n|t:|1783536353\n|move|p1a: Necrozma|Moongeist Beam|p2a: Ting-Lu\n|-resisted|p2a: Ting-Lu\n|-crit|p2a: Ting-Lu\n|-damage|p2a: Ting-Lu|187/370\n|move|p2a: Ting-Lu|Throat Chop|p1a: Necrozma\n|-supereffective|p1a: Necrozma\n|-crit|p1a: Necrozma\n|-damage|p1a: Necrozma|0 fnt\n|faint|p1a: Necrozma\n|\n|-heal|p2a: Ting-Lu|210/370|[from] item: Leftovers\n|upkeep\n|\n|t:|1783536354\n|switch|p1a: Bellossom|Bellossom, L84, M|100/100\n|turn|4\n|inactive|Time left: 300 sec this turn | 300 sec total\n|\n|t:|1783536355\n|move|p1a: Bellossom|Quiver Dance|p1a: Bellossom\n|-boost|p1a: Bellossom|spa|1\n|-boost|p1a: Bellossom|spd|1\n|-boost|p1a: Bellossom|spe|1\n|move|p2a: Ting-Lu|Spikes|p1a: Bellossom\n|-sidestart|p1: p0x2670c2f|Spikes\n|\n|-heal|p2a: Ting-Lu|233/370|[from] item: Leftovers\n|upkeep\n|turn|5\n|inactive|Time left: 300 sec this turn | 300 sec total\n|\n|t:|1783536356\n|move|p1a: Bellossom|Quiver Dance|p1a: Bellossom\n|-boost|p1a: Bellossom|spa|1\n|-boost|p1a: Bellossom|spd|1\n|-boost|p1a: Bellossom|spe|1\n|move|p2a: Ting-Lu|Whirlwind|p1a: Bellossom\n|drag|p1a: Eelektross|Eelektross, L87, M|100/100\n|\n|-heal|p2a: Ting-Lu|256/370|[from] item: Leftovers\n|upkeep\n|turn|6\n|inactive|Time left: 300 sec this turn | 300 sec total\n|\n|t:|1783536357\n|move|p1a: Eelektross|Coil|p1a: Eelektross\n|-boost|p1a: Eelektross|atk|1\n|-boost|p1a: Eelektross|def|1\n|-boost|p1a: Eelektross|accuracy|1\n|move|p2a: Ting-Lu|Throat Chop|p1a: Eelektross\n|-damage|p1a: Eelektross|80/100\n|-start|p1a: Eelektross|Throat Chop|[silent]\n|\n|-heal|p1a: Eelektross|87/100|[from] item: Leftovers\n|-heal|p2a: Ting-Lu|279/370|[from] item: Leftovers\n|upkeep\n|turn|7\n|inactive|Time left: 300 sec this turn | 300 sec total\n|\n|t:|1783536359\n|move|p1a: Eelektross|Drain Punch|p2a: Ting-Lu\n|-supereffective|p2a: Ting-Lu\n|-damage|p2a: Ting-Lu|111/370\n|-heal|p1a: Eelektross|100/100|[from] drain|[of] p2a: Ting-Lu\n|move|p2a: Ting-Lu|Whirlwind|p1a: Eelektross\n|drag|p1a: Bisharp|Bisharp, L79, F|100/100\n|-damage|p1a: Bisharp|88/100|[from] Spikes\n|\n|-heal|p2a: Ting-Lu|134/370|[from] item: Leftovers\n|upkeep\n|turn|8\n|inactive|Time left: 300 sec this turn | 300 sec total\n|\n|t:|1783536360\n|move|p1a: Bisharp|Swords Dance|p1a: Bisharp\n|-boost|p1a: Bisharp|atk|2\n|move|p2a: Ting-Lu|Earthquake|p1a: Bisharp\n|-supereffective|p1a: Bisharp\n|-damage|p1a: Bisharp|35/100\n|\n|-heal|p2a: Ting-Lu|157/370|[from] item: Leftovers\n|upkeep\n|turn|9\n|inactive|Time left: 300 sec this turn | 300 sec total\n|\n|t:|1783536361\n|move|p1a: Bisharp|Iron Head|p2a: Ting-Lu\n|-damage|p2a: Ting-Lu|19/370\n|move|p2a: Ting-Lu|Earthquake|p1a: Bisharp\n|-supereffective|p1a: Bisharp\n|-crit|p1a: Bisharp\n|-damage|p1a: Bisharp|0 fnt\n|faint|p1a: Bisharp\n|\n|-heal|p2a: Ting-Lu|42/370|[from] item: Leftovers\n|upkeep\n|\n|t:|1783536362\n|switch|p1a: Bellossom|Bellossom, L84, M|100/100\n|-damage|p1a: Bellossom|88/100|[from] Spikes\n|turn|10\n|inactive|Time left: 300 sec this turn | 300 sec total\n|\n|t:|1783536363\n|switch|p2a: Entei|Entei, L78|307/307\n|move|p1a: Bellossom|Quiver Dance|p1a: Bellossom\n|-boost|p1a: Bellossom|spa|1\n|-boost|p1a: Bellossom|spd|1\n|-boost|p1a: Bellossom|spe|1\n|\n|-heal|p1a: Bellossom|94/100|[from] item: Leftovers\n|upkeep\n|turn|11\n|inactive|Time left: 300 sec this turn | 300 sec total\n|\n|t:|1783536364\n|-terastallize|p1a: Bellossom|Fire\n|move|p2a: Entei|Sacred Fire|p1a: Bellossom\n|-resisted|p1a: Bellossom\n|-damage|p1a: Bellossom|67/100\n|move|p1a: Bellossom|Quiver Dance|p1a: Bellossom\n|-boost|p1a: Bellossom|spa|1\n|-boost|p1a: Bellossom|spd|1\n|-boost|p1a: Bellossom|spe|1\n|\n|-heal|p1a: Bellossom|73/100|[from] item: Leftovers\n|upkeep\n|turn|12\n|inactive|Time left: 300 sec this turn | 300 sec total\n|\n|t:|1783536366\n|move|p1a: Bellossom|Giga Drain|p2a: Entei\n|-resisted|p2a: Entei\n|-damage|p2a: Entei|211/307\n|-heal|p1a: Bellossom|91/100|[from] drain|[of] p2a: Entei\n|move|p2a: Entei|Sacred Fire|p1a: Bellossom\n|-resisted|p1a: Bellossom\n|-damage|p1a: Bellossom|65/100\n|\n|-heal|p1a: Bellossom|71/100|[from] item: Leftovers\n|upkeep\n|turn|13\n|inactive|Time left: 300 sec this turn | 300 sec total\n|\n|t:|1783536367\n|move|p1a: Bellossom|Giga Drain|p2a: Entei\n|-resisted|p2a: Entei\n|-damage|p2a: Entei|116/307\n|-heal|p1a: Bellossom|89/100|[from] drain|[of] p2a: Entei\n|move|p2a: Entei|Sacred Fire|p1a: Bellossom\n|-resisted|p1a: Bellossom\n|-damage|p1a: Bellossom|62/100\n|\n|-heal|p1a: Bellossom|68/100|[from] item: Leftovers\n|upkeep\n|turn|14\n|inactive|Time left: 300 sec this turn | 300 sec total\n|\n|t:|1783536368\n|move|p1a: Bellossom|Giga Drain|p2a: Entei\n|-resisted|p2a: Entei\n|-damage|p2a: Entei|20/307\n|-heal|p1a: Bellossom|86/100|[from] drain|[of] p2a: Entei\n|move|p2a: Entei|Sacred Fire|p1a: Bellossom\n|-resisted|p1a: Bellossom\n|-damage|p1a: Bellossom|57/100\n|\n|-heal|p1a: Bellossom|63/100|[from] item: Leftovers\n|upkeep\n|turn|15\n|inactive|Time left: 300 sec this turn | 300 sec total\n|\n|t:|1783536369\n|move|p1a: Bellossom|Giga Drain|p2a: Entei\n|-resisted|p2a: Entei\n|-damage|p2a: Entei|0 fnt\n|-heal|p1a: Bellossom|67/100|[from] drain|[of] p2a: Entei\n|faint|p2a: Entei\n|\n|-heal|p1a: Bellossom|73/100|[from] item: Leftovers\n|upkeep\n|inactive|Time left: 300 sec this turn | 300 sec total | 5 sec grace\n|\n|t:|1783536370\n|switch|p2a: Diancie|Diancie, L82|216/216\n|turn|16\n|inactive|Time left: 300 sec this turn | 300 sec total\n|\n|t:|1783536371\n|-terastallize|p2a: Diancie|Fighting\n|move|p1a: Bellossom|Giga Drain|p2a: Diancie\n|-damage|p2a: Diancie|123/216\n|-heal|p1a: Bellossom|91/100|[from] drain|[of] p2a: Diancie\n|move|p2a: Diancie|Diamond Storm|p1a: Bellossom\n|-supereffective|p1a: Bellossom\n|-damage|p1a: Bellossom|20/100\n|-boost|p2a: Diancie|def|2\n|\n|-heal|p1a: Bellossom|26/100|[from] item: Leftovers\n|-heal|p2a: Diancie|136/216|[from] item: Leftovers\n|upkeep\n|turn|17\n|inactive|Time left: 300 sec this turn | 300 sec total\n|\n|t:|1783536372\n|move|p1a: Bellossom|Strength Sap|p2a: Diancie\n|-fail|p2a: Diancie|unboost|[from] ability: Clear Body|[of] p2a: Diancie\n|-heal|p1a: Bellossom|100/100\n|move|p2a: Diancie|Diamond Storm|p1a: Bellossom\n|-supereffective|p1a: Bellossom\n|-damage|p1a: Bellossom|25/100\n|-boost|p2a: Diancie|def|2\n|\n|-heal|p1a: Bellossom|31/100|[from] item: Leftovers\n|-heal|p2a: Diancie|149/216|[from] item: Leftovers\n|upkeep\n|turn|18\n|inactive|Time left: 300 sec this turn | 300 sec total\n|\n|t:|1783536373\n|move|p1a: Bellossom|Giga Drain|p2a: Diancie\n|-damage|p2a: Diancie|53/216\n|-heal|p1a: Bellossom|50/100|[from] drain|[of] p2a: Diancie\n|move|p2a: Diancie|Body Press|p1a: Bellossom\n|-damage|p1a: Bellossom|0 fnt\n|faint|p1a: Bellossom\n|\n|-heal|p2a: Diancie|66/216|[from] item: Leftovers\n|upkeep\n|\n|t:|1783536374\n|switch|p1a: Scovillain|Scovillain, L91, F|100/100\n|turn|19\n|inactive|Time left: 300 sec this turn | 300 sec total\n|\n|t:|1783536375\n|switch|p2a: Duraludon|Duraludon, L82, F|249/249\n|move|p1a: Scovillain|Energy Ball|p2a: Duraludon\n|-resisted|p2a: Duraludon\n|-damage|p2a: Duraludon|221/249\n|\n|upkeep\n|turn|20\n|inactive|Time left: 300 sec this turn | 300 sec total\n|\n|t:|1783536377\n|move|p1a: Scovillain|Fire Blast|p2a: Duraludon\n|-damage|p2a: Duraludon|74/249\n|-status|p2a: Duraludon|brn\n|move|p2a: Duraludon|Draco Meteor|p1a: Scovillain\n|-damage|p1a: Scovillain|38/100\n|-unboost|p2a: Duraludon|spa|2\n|\n|-damage|p2a: Duraludon|59/249 brn|[from] brn\n|upkeep\n|turn|21\n|inactive|Time left: 300 sec this turn | 300 sec total\n|\n|t:|1783536378\n|switch|p2a: Slowking|Slowking, L88, F|310/310\n|move|p1a: Scovillain|Fire Blast|p2a: Slowking\n|-resisted|p2a: Slowking\n|-damage|p2a: Slowking|246/310\n|\n|upkeep\n|turn|22\n|inactive|Time left: 300 sec this turn | 300 sec total\n|\n|t:|1783536379\n|move|p1a: Scovillain|Energy Ball|p2a: Slowking\n|-supereffective|p2a: Slowking\n|-damage|p2a: Slowking|34/310\n|move|p2a: Slowking|Scald|p1a: Scovillain\n|-damage|p1a: Scovillain|0 fnt\n|faint|p1a: Scovillain\n|\n|upkeep\n|\n|t:|1783536380\n|switch|p1a: Eelektross|Eelektross, L87, M|100/100\n|turn|23\n|inactive|Time left: 300 sec this turn | 300 sec total\n|\n|t:|1783536381\n|switch|p2a: Ting-Lu|Ting-Lu, L78|42/370\n|-ability|p2a: Ting-Lu|Vessel of Ruin\n|move|p1a: Eelektross|Coil|p1a: Eelektross\n|-boost|p1a: Eelektross|atk|1\n|-boost|p1a: Eelektross|def|1\n|-boost|p1a: Eelektross|accuracy|1\n|\n|-heal|p2a: Ting-Lu|65/370|[from] item: Leftovers\n|upkeep\n|turn|24\n|inactive|Time left: 300 sec this turn | 300 sec total\n|\n|t:|1783536382\n|switch|p2a: Slowking|Slowking, L88, F|137/310\n|move|p1a: Eelektross|Fire Punch|p2a: Slowking\n|-resisted|p2a: Slowking\n|-damage|p2a: Slowking|92/310\n|\n|upkeep\n|turn|25\n|inactive|Time left: 300 sec this turn | 300 sec total\n|\n|t:|1783536383\n|switch|p2a: Ting-Lu|Ting-Lu, L78|65/370\n|-ability|p2a: Ting-Lu|Vessel of Ruin\n|move|p1a: Eelektross|Supercell Slam|p2a: Ting-Lu\n|-immune|p2a: Ting-Lu\n|-damage|p1a: Eelektross|50/100|[from] supercellslam\n|\n|-heal|p1a: Eelektross|57/100|[from] item: Leftovers\n|-heal|p2a: Ting-Lu|88/370|[from] item: Leftovers\n|upkeep\n|turn|26\n|inactive|Time left: 300 sec this turn | 300 sec total\n|\n|t:|1783536384\n|switch|p2a: Slowking|Slowking, L88, F|195/310\n|move|p1a: Eelektross|Drain Punch|p2a: Slowking\n|-resisted|p2a: Slowking\n|-damage|p2a: Slowking|149/310\n|-heal|p1a: Eelektross|65/100|[from] drain|[of] p2a: Slowking\n|\n|-heal|p1a: Eelektross|71/100|[from] item: Leftovers\n|upkeep\n|turn|27\n|inactive|Time left: 300 sec this turn | 300 sec total\n|\n|t:|1783536386\n|switch|p2a: Ting-Lu|Ting-Lu, L78|88/370\n|-ability|p2a: Ting-Lu|Vessel of Ruin\n|move|p1a: Eelektross|Supercell Slam|p2a: Ting-Lu\n|-immune|p2a: Ting-Lu\n|-damage|p1a: Eelektross|21/100|[from] supercellslam\n|\n|-heal|p1a: Eelektross|27/100|[from] item: Leftovers\n|-heal|p2a: Ting-Lu|111/370|[from] item: Leftovers\n|upkeep\n|turn|28\n|inactive|Time left: 300 sec this turn | 300 sec total\n|\n|t:|1783536387\n|move|p1a: Eelektross|Drain Punch|p2a: Ting-Lu\n|-supereffective|p2a: Ting-Lu\n|-damage|p2a: Ting-Lu|0 fnt\n|-heal|p1a: Eelektross|46/100|[from] drain|[of] p2a: Ting-Lu\n|faint|p2a: Ting-Lu\n|\n|-heal|p1a: Eelektross|53/100|[from] item: Leftovers\n|upkeep\n|inactive|Time left: 300 sec this turn | 300 sec total | 5 sec grace\n|\n|t:|1783536388\n|switch|p2a: Deoxys|Deoxys, L74|196/196\n|-ability|p2a: Deoxys|Pressure\n|turn|29\n|inactive|Time left: 300 sec this turn | 300 sec total\n|\n|t:|1783536389\n|switch|p1a: Uxie|Uxie, L83|100/100\n|move|p2a: Deoxys|Psycho Boost|p1a: Uxie\n|-resisted|p1a: Uxie\n|-damage|p1a: Uxie|70/100\n|-unboost|p2a: Deoxys|spa|2\n|-damage|p2a: Deoxys|177/196|[from] item: Life Orb\n|\n|-heal|p1a: Uxie|76/100|[from] item: Leftovers\n|upkeep\n|turn|30\n|inactive|Time left: 300 sec this turn | 300 sec total\n|\n|t:|1783536390\n|move|p2a: Deoxys|Knock Off|p1a: Uxie\n|-supereffective|p1a: Uxie\n|-damage|p1a: Uxie|18/100\n|-enditem|p1a: Uxie|Leftovers|[from] move: Knock Off|[of] p2a: Deoxys\n|-damage|p2a: Deoxys|158/196|[from] item: Life Orb\n|move|p1a: Uxie|U-turn|p2a: Deoxys\n|-supereffective|p2a: Deoxys\n|-damage|p2a: Deoxys|22/196\n|\n|t:|1783536391\n|switch|p1a: Eelektross|Eelektross, L87, M|53/100|[from] U-turn\n|\n|-heal|p1a: Eelektross|59/100|[from] item: Leftovers\n|upkeep\n|turn|31\n|inactive|Time left: 300 sec this turn | 300 sec total\n|\n|t:|1783536392\n|move|p2a: Deoxys|Knock Off|p1a: Eelektross\n|-damage|p1a: Eelektross|26/100\n|-enditem|p1a: Eelektross|Leftovers|[from] move: Knock Off|[of] p2a: Deoxys\n|-damage|p2a: Deoxys|3/196|[from] item: Life Orb\n|move|p1a: Eelektross|Fire Punch|p2a: Deoxys\n|-damage|p2a: Deoxys|0 fnt\n|faint|p2a: Deoxys\n|\n|upkeep\n|inactive|Time left: 300 sec this turn | 300 sec total | 5 sec grace\n|\n|t:|1783536394\n|switch|p2a: Duraludon|Duraludon, L82, F|59/249 brn\n|turn|32\n|inactive|Time left: 300 sec this turn | 300 sec total\n|\n|t:|1783536395\n|move|p2a: Duraludon|Draco Meteor|p1a: Eelektross\n|-damage|p1a: Eelektross|0 fnt\n|-unboost|p2a: Duraludon|spa|2\n|faint|p1a: Eelektross\n|\n|-damage|p2a: Duraludon|44/249 brn|[from] brn\n|upkeep\n|\n|t:|1783536396\n|switch|p1a: Uxie|Uxie, L83|18/100\n|turn|33\n|inactive|Time left: 300 sec this turn | 300 sec total\n|\n|t:|1783536397\n|move|p1a: Uxie|U-turn|p2a: Duraludon\n|-resisted|p2a: Duraludon\n|-crit|p2a: Duraludon\n|-damage|p2a: Duraludon|26/249 brn\n|move|p2a: Duraludon|Draco Meteor|p1a: Uxie\n|-damage|p1a: Uxie|0 fnt\n|-unboost|p2a: Duraludon|spa|2\n|faint|p1a: Uxie\n|\n|win|p0y267c5b3", "uploadtime": 1783536397, "views": 0, "rating": 0, "private": 0, "password": null, "_winner": "p0y267c5b3", "_our_name": "p0y267c5b3"}