{"id": "battle-gen9randombattle-1038", "formatid": "gen9randombattle", "format": "[Gen 9] Random Battle", "players": ["p0x10386358", "p0y103822a7"], "log": "|init|battle\n|title|p0x10386358 vs. p0y103822a7\n|j|\u2606p0x10386358\n|j|\u2606p0y103822a7\n|t:|1783551937\n|gametype|singles\n|player|p1|p0x10386358|266|\n|player|p2|p0y103822a7|169|\n|gen|9\n|tier|[Gen 9] Random Battle\n|rule|Species Clause: Limit one of each Pok\u00e9mon\n|rule|HP Percentage Mod: HP is shown in percentages\n|rule|Sleep Clause Mod: Limit one foe put to sleep\n|rule|Illusion Level Mod: Illusion disguises the Pok\u00e9mon's true level\n|\n|t:|1783551937\n|teamsize|p1|6\n|teamsize|p2|6\n|start\n|switch|p1a: Malamar|Malamar, L82, F|100/100\n|switch|p2a: Crabominable|Crabominable, L90, M|321/321\n|turn|1\n|inactive|Battle timer is ON: inactive players will automatically lose when time's up. (requested by p0y103822a7)\n|inactive|p0x10386358 also wants the timer to be on.\n|\n|t:|1783551939\n|move|p1a: Malamar|Superpower|p2a: Crabominable\n|-supereffective|p2a: Crabominable\n|-damage|p2a: Crabominable|147/321\n|-boost|p1a: Malamar|atk|1\n|-boost|p1a: Malamar|def|1\n|move|p2a: Crabominable|Drain Punch|p1a: Malamar\n|-damage|p1a: Malamar|50/100\n|-heal|p2a: Crabominable|217/321|[from] drain|[of] p1a: Malamar\n|\n|-heal|p1a: Malamar|56/100|[from] item: Leftovers\n|upkeep\n|turn|2\n|inactive|Time left: 300 sec this turn | 300 sec total\n|\n|t:|1783551940\n|switch|p2a: Politoed|Politoed, L88, M|302/302\n|-weather|RainDance|[from] ability: Drizzle|[of] p2a: Politoed\n|move|p1a: Malamar|Superpower|p2a: Politoed\n|-damage|p2a: Politoed|167/302\n|-boost|p1a: Malamar|atk|1\n|-boost|p1a: Malamar|def|1\n|\n|-weather|RainDance|[upkeep]\n|-heal|p1a: Malamar|62/100|[from] item: Leftovers\n|upkeep\n|turn|3\n|inactive|Time left: 300 sec this turn | 300 sec total\n|\n|t:|1783551941\n|move|p2a: Politoed|Weather Ball|p1a: Malamar\n|-damage|p1a: Malamar|0 fnt\n|faint|p1a: Malamar\n|\n|-weather|RainDance|[upkeep]\n|upkeep\n|\n|t:|1783551942\n|switch|p1a: Lilligant|Lilligant, L86, F|100/100\n|turn|4\n|inactive|Time left: 300 sec this turn | 300 sec total\n|\n|t:|1783551943\n|switch|p2a: Slowbro|Slowbro-Galar, L87, F|307/307\n|move|p1a: Lilligant|Quiver Dance|p1a: Lilligant\n|-boost|p1a: Lilligant|spa|1\n|-boost|p1a: Lilligant|spd|1\n|-boost|p1a: Lilligant|spe|1\n|\n|-weather|RainDance|[upkeep]\n|upkeep\n|turn|5\n|inactive|Time left: 300 sec this turn | 300 sec total\n|\n|t:|1783551944\n|-terastallize|p2a: Slowbro|Poison\n|move|p1a: Lilligant|Quiver Dance|p1a: Lilligant\n|-boost|p1a: Lilligant|spa|1\n|-boost|p1a: Lilligant|spd|1\n|-boost|p1a: Lilligant|spe|1\n|move|p2a: Slowbro|Shell Side Arm|p1a: Lilligant|[anim] Shell Side Arm Physical\n|-supereffective|p1a: Lilligant\n|-damage|p1a: Lilligant|0 fnt\n|-hint|Physical Shell Side Arm\n|faint|p1a: Lilligant\n|-damage|p2a: Slowbro|277/307|[from] item: Life Orb\n|\n|-weather|RainDance|[upkeep]\n|upkeep\n|\n|t:|1783551945\n|switch|p1a: Porygon2|Porygon2, L81|100/100\n|-ability|p1a: Porygon2|Download|boost\n|-boost|p1a: Porygon2|spa|1\n|turn|6\n|inactive|Time left: 300 sec this turn | 300 sec total\n|\n|t:|1783551946\n|move|p1a: Porygon2|Tri Attack|p2a: Slowbro\n|-damage|p2a: Slowbro|142/307\n|move|p2a: Slowbro|Shell Side Arm|p1a: Porygon2|[anim] Shell Side Arm Physical\n|-damage|p1a: Porygon2|50/100\n|-hint|Physical Shell Side Arm\n|-damage|p2a: Slowbro|112/307|[from] item: Life Orb\n|\n|-weather|none\n|upkeep\n|turn|7\n|inactive|Time left: 300 sec this turn | 300 sec total\n|\n|t:|1783551947\n|switch|p2a: Politoed|Politoed, L88, M|167/302\n|-weather|RainDance|[from] ability: Drizzle|[of] p2a: Politoed\n|move|p1a: Porygon2|Recover|p1a: Porygon2\n|-heal|p1a: Porygon2|100/100\n|\n|-weather|RainDance|[upkeep]\n|upkeep\n|turn|8\n|inactive|Time left: 300 sec this turn | 300 sec total\n|\n|t:|1783551948\n|move|p2a: Politoed|Weather Ball|p1a: Porygon2\n|-damage|p1a: Porygon2|37/100\n|move|p1a: Porygon2|Discharge|p2a: Politoed\n|-supereffective|p2a: Politoed\n|-damage|p2a: Politoed|17/302\n|\n|-weather|RainDance|[upkeep]\n|upkeep\n|turn|9\n|inactive|Time left: 300 sec this turn | 300 sec total\n|\n|t:|1783551949\n|switch|p1a: Dialga|Dialga, L73|100/100\n|-ability|p1a: Dialga|Pressure\n|move|p2a: Politoed|Weather Ball|p1a: Dialga\n|-resisted|p1a: Dialga\n|-damage|p1a: Dialga|69/100\n|\n|-weather|RainDance|[upkeep]\n|upkeep\n|turn|10\n|inactive|Time left: 300 sec this turn | 300 sec total\n|\n|t:|1783551950\n|move|p1a: Dialga|Heavy Slam|p2a: Politoed\n|-resisted|p2a: Politoed\n|-damage|p2a: Politoed|0 fnt\n|faint|p2a: Politoed\n|\n|-weather|RainDance|[upkeep]\n|upkeep\n|inactive|Time left: 300 sec this turn | 300 sec total | 5 sec grace\n|\n|t:|1783551951\n|switch|p2a: Crabominable|Crabominable, L90, M|217/321\n|turn|11\n|inactive|Time left: 300 sec this turn | 300 sec total\n|\n|t:|1783551952\n|-terastallize|p1a: Dialga|Steel\n|move|p1a: Dialga|Heavy Slam|p2a: Crabominable\n|-supereffective|p2a: Crabominable\n|-damage|p2a: Crabominable|0 fnt\n|faint|p2a: Crabominable\n|\n|-weather|none\n|upkeep\n|inactive|Time left: 300 sec this turn | 300 sec total | 5 sec grace\n|\n|t:|1783551952\n|switch|p2a: Lilligant|Lilligant-Hisui, L79, F|240/240\n|turn|12\n|inactive|Time left: 300 sec this turn | 300 sec total\n|\n|t:|1783551953\n|switch|p1a: Giratina|Giratina, L75|100/100\n|-ability|p1a: Giratina|Pressure\n|move|p2a: Lilligant|Close Combat|p1a: Giratina\n|-immune|p1a: Giratina\n|\n|upkeep\n|turn|13\n|inactive|Time left: 300 sec this turn | 300 sec total\n|\n|t:|1783551954\n|move|p2a: Lilligant|Victory Dance|p2a: Lilligant\n|-boost|p2a: Lilligant|atk|1\n|-boost|p2a: Lilligant|def|1\n|-boost|p2a: Lilligant|spe|1\n|move|p1a: Giratina|Shadow Ball|p2a: Lilligant\n|-damage|p2a: Lilligant|152/240\n|\n|upkeep\n|turn|14\n|inactive|Time left: 300 sec this turn | 300 sec total\n|\n|t:|1783551955\n|move|p2a: Lilligant|Sleep Powder|p1a: Giratina\n|-status|p1a: Giratina|slp|[from] move: Sleep Powder\n|cant|p1a: Giratina|slp\n|\n|upkeep\n|turn|15\n|inactive|Time left: 300 sec this turn | 300 sec total\n|\n|t:|1783551956\n|move|p2a: Lilligant|Victory Dance|p2a: Lilligant\n|-boost|p2a: Lilligant|atk|1\n|-boost|p2a: Lilligant|def|1\n|-boost|p2a: Lilligant|spe|1\n|cant|p1a: Giratina|slp\n|\n|upkeep\n|turn|16\n|inactive|Time left: 300 sec this turn | 300 sec total\n|\n|t:|1783551957\n|move|p2a: Lilligant|Victory Dance|p2a: Lilligant\n|-boost|p2a: Lilligant|atk|1\n|-boost|p2a: Lilligant|def|1\n|-boost|p2a: Lilligant|spe|1\n|cant|p1a: Giratina|slp\n|\n|upkeep\n|turn|17\n|inactive|Time left: 300 sec this turn | 300 sec total\n|\n|t:|1783551958\n|move|p2a: Lilligant|Leaf Blade|p1a: Giratina|[miss]\n|-miss|p2a: Lilligant|p1a: Giratina\n|-curestatus|p1a: Giratina|slp|[msg]\n|move|p1a: Giratina|Dragon Tail|p2a: Lilligant\n|-damage|p2a: Lilligant|125/240\n|drag|p2a: Golem|Golem, L87, F|281/281\n|\n|upkeep\n|turn|18\n|inactive|Time left: 300 sec this turn | 300 sec total\n|\n|t:|1783551959\n|move|p1a: Giratina|Shadow Ball|p2a: Golem\n|-damage|p2a: Golem|202/281\n|move|p2a: Golem|Earthquake|p1a: Giratina\n|-damage|p1a: Giratina|68/100\n|\n|-heal|p1a: Giratina|74/100|[from] item: Leftovers\n|upkeep\n|turn|19\n|inactive|Time left: 300 sec this turn | 300 sec total\n|\n|t:|1783551960\n|move|p1a: Giratina|Shadow Ball|p2a: Golem\n|-damage|p2a: Golem|115/281\n|move|p2a: Golem|Earthquake|p1a: Giratina\n|-damage|p1a: Giratina|43/100\n|\n|-heal|p1a: Giratina|49/100|[from] item: Leftovers\n|upkeep\n|turn|20\n|inactive|Time left: 300 sec this turn | 300 sec total\n|\n|t:|1783551961\n|move|p1a: Giratina|Shadow Ball|p2a: Golem\n|-damage|p2a: Golem|28/281\n|move|p2a: Golem|Stone Edge|p1a: Giratina|[miss]\n|-miss|p2a: Golem|p1a: Giratina\n|\n|-heal|p1a: Giratina|56/100|[from] item: Leftovers\n|upkeep\n|turn|21\n|inactive|Time left: 300 sec this turn | 300 sec total\n|\n|t:|1783551962\n|switch|p2a: Slowbro|Slowbro-Galar, L87, F, tera:Poison|214/307\n|move|p1a: Giratina|Shadow Ball|p2a: Slowbro\n|-damage|p2a: Slowbro|129/307\n|\n|-heal|p1a: Giratina|62/100|[from] item: Leftovers\n|upkeep\n|turn|22\n|inactive|Time left: 300 sec this turn | 300 sec total\n|\n|t:|1783551964\n|switch|p2a: Samurott|Samurott, L88, F|310/310\n|move|p1a: Giratina|Shadow Ball|p2a: Samurott\n|-damage|p2a: Samurott|256/310\n|\n|-heal|p1a: Giratina|68/100|[from] item: Leftovers\n|upkeep\n|turn|23\n|inactive|Time left: 300 sec this turn | 300 sec total\n|\n|t:|1783551965\n|move|p2a: Samurott|Knock Off|p1a: Giratina\n|-supereffective|p1a: Giratina\n|-damage|p1a: Giratina|27/100\n|-enditem|p1a: Giratina|Leftovers|[from] move: Knock Off|[of] p2a: Samurott\n|move|p1a: Giratina|Dragon Tail|p2a: Samurott\n|-damage|p2a: Samurott|198/310\n|drag|p2a: Golem|Golem, L87, F|28/281\n|\n|upkeep\n|turn|24\n|inactive|Time left: 300 sec this turn | 300 sec total\n|\n|t:|1783551966\n|move|p1a: Giratina|Shadow Ball|p2a: Golem\n|-damage|p2a: Golem|0 fnt\n|faint|p2a: Golem\n|\n|upkeep\n|inactive|Time left: 300 sec this turn | 300 sec total | 5 sec grace\n|\n|t:|1783551967\n|switch|p2a: Slowbro|Slowbro-Galar, L87, F, tera:Poison|231/307\n|turn|25\n|inactive|Time left: 300 sec this turn | 300 sec total\n|\n|t:|1783551968\n|move|p1a: Giratina|Rest|p1a: Giratina\n|-status|p1a: Giratina|slp|[from] move: Rest\n|-heal|p1a: Giratina|100/100 slp|[silent]\n|move|p2a: Slowbro|Psychic|p1a: Giratina\n|-damage|p1a: Giratina|68/100 slp\n|-damage|p2a: Slowbro|201/307|[from] item: Life Orb\n|\n|upkeep\n|turn|26\n|inactive|Time left: 300 sec this turn | 300 sec total\n|\n|t:|1783551969\n|switch|p2a: Lilligant|Lilligant-Hisui, L79, F|125/240\n|cant|p1a: Giratina|slp\n|\n|upkeep\n|turn|27\n|inactive|Time left: 300 sec this turn | 300 sec total\n|\n|t:|1783551970\n|move|p2a: Lilligant|Victory Dance|p2a: Lilligant\n|-boost|p2a: Lilligant|atk|1\n|-boost|p2a: Lilligant|def|1\n|-boost|p2a: Lilligant|spe|1\n|cant|p1a: Giratina|slp\n|\n|upkeep\n|turn|28\n|inactive|Time left: 300 sec this turn | 300 sec total\n|\n|t:|1783551972\n|move|p2a: Lilligant|Leaf Blade|p1a: Giratina\n|-resisted|p1a: Giratina\n|-damage|p1a: Giratina|45/100 slp\n|-curestatus|p1a: Giratina|slp|[msg]\n|move|p1a: Giratina|Dragon Tail|p2a: Lilligant\n|-damage|p2a: Lilligant|80/240\n|drag|p2a: Samurott|Samurott, L88, F|198/310\n|\n|upkeep\n|turn|29\n|inactive|Time left: 300 sec this turn | 300 sec total\n|\n|t:|1783551973\n|move|p2a: Samurott|Knock Off|p1a: Giratina\n|-supereffective|p1a: Giratina\n|-damage|p1a: Giratina|16/100\n|move|p1a: Giratina|Dragon Tail|p2a: Samurott\n|-damage|p2a: Samurott|147/310\n|drag|p2a: Slowbro|Slowbro-Galar, L87, F, tera:Poison|303/307\n|\n|upkeep\n|turn|30\n|inactive|Time left: 300 sec this turn | 300 sec total\n|\n|t:|1783551974\n|move|p1a: Giratina|Rest|p1a: Giratina\n|-status|p1a: Giratina|slp|[from] move: Rest\n|-heal|p1a: Giratina|100/100 slp|[silent]\n|move|p2a: Slowbro|Psychic|p1a: Giratina\n|-damage|p1a: Giratina|64/100 slp\n|-damage|p2a: Slowbro|273/307|[from] item: Life Orb\n|\n|upkeep\n|turn|31\n|inactive|Time left: 300 sec this turn | 300 sec total\n|\n|t:|1783551976\n|cant|p1a: Giratina|slp\n|move|p2a: Slowbro|Psychic|p1a: Giratina\n|-damage|p1a: Giratina|30/100 slp\n|-damage|p2a: Slowbro|243/307|[from] item: Life Orb\n|\n|upkeep\n|turn|32\n|inactive|Time left: 300 sec this turn | 300 sec total\n|\n|t:|1783551977\n|cant|p1a: Giratina|slp\n|move|p2a: Slowbro|Psychic|p1a: Giratina\n|-damage|p1a: Giratina|0 fnt\n|faint|p1a: Giratina\n|-damage|p2a: Slowbro|213/307|[from] item: Life Orb\n|\n|upkeep\n|\n|t:|1783551978\n|switch|p1a: Porygon2|Porygon2, L81|37/100\n|-ability|p1a: Porygon2|Download|boost\n|-boost|p1a: Porygon2|spa|1\n|turn|33\n|inactive|Time left: 300 sec this turn | 300 sec total\n|\n|t:|1783551979\n|move|p1a: Porygon2|Recover|p1a: Porygon2\n|-heal|p1a: Porygon2|87/100\n|move|p2a: Slowbro|Shell Side Arm|p1a: Porygon2|[anim] Shell Side Arm Physical\n|-damage|p1a: Porygon2|43/100\n|-hint|Physical Shell Side Arm\n|-status|p1a: Porygon2|psn\n|-damage|p2a: Slowbro|183/307|[from] item: Life Orb\n|\n|-damage|p1a: Porygon2|30/100 psn|[from] psn\n|upkeep\n|turn|34\n|inactive|Time left: 300 sec this turn | 300 sec total\n|\n|t:|1783551980\n|switch|p2a: Lilligant|Lilligant-Hisui, L79, F|80/240\n|move|p1a: Porygon2|Recover|p1a: Porygon2\n|-heal|p1a: Porygon2|80/100 psn\n|\n|-damage|p1a: Porygon2|68/100 psn|[from] psn\n|upkeep\n|turn|35\n|inactive|Time left: 300 sec this turn | 300 sec total\n|\n|t:|1783551981\n|move|p2a: Lilligant|Close Combat|p1a: Porygon2\n|-supereffective|p1a: Porygon2\n|-damage|p1a: Porygon2|0 fnt\n|-unboost|p2a: Lilligant|def|1\n|-unboost|p2a: Lilligant|spd|1\n|faint|p1a: Porygon2\n|\n|upkeep\n|\n|t:|1783551982\n|switch|p1a: Camerupt|Camerupt, L91, F|100/100\n|turn|36\n|inactive|Time left: 300 sec this turn | 300 sec total\n|\n|t:|1783551983\n|move|p2a: Lilligant|Close Combat|p1a: Camerupt\n|-damage|p1a: Camerupt|28/100\n|-unboost|p2a: Lilligant|def|1\n|-unboost|p2a: Lilligant|spd|1\n|move|p1a: Camerupt|Earthquake|p2a: Lilligant\n|-resisted|p2a: Lilligant\n|-damage|p2a: Lilligant|0 fnt\n|faint|p2a: Lilligant\n|\n|-heal|p1a: Camerupt|35/100|[from] item: Leftovers\n|upkeep\n|inactive|Time left: 300 sec this turn | 300 sec total | 5 sec grace\n|\n|t:|1783551984\n|switch|p2a: Samurott|Samurott, L88, F|147/310\n|turn|37\n|inactive|Time left: 300 sec this turn | 300 sec total\n|\n|t:|1783551985\n|switch|p1a: Dialga|Dialga, L73, tera:Steel|69/100\n|-ability|p1a: Dialga|Pressure\n|move|p2a: Samurott|Grass Knot|p1a: Dialga\n|-resisted|p1a: Dialga\n|-damage|p1a: Dialga|56/100\n|\n|upkeep\n|turn|38\n|inactive|Time left: 300 sec this turn | 300 sec total\n|\n|t:|1783551987\n|move|p2a: Samurott|Hydro Pump|p1a: Dialga\n|-damage|p1a: Dialga|18/100\n|move|p1a: Dialga|Dragon Tail|p2a: Samurott|[miss]\n|-miss|p1a: Dialga|p2a: Samurott\n|\n|upkeep\n|turn|39\n|inactive|Time left: 300 sec this turn | 300 sec total\n|\n|t:|1783551988\n|move|p1a: Dialga|Fire Blast|p2a: Samurott\n|-resisted|p2a: Samurott\n|-damage|p2a: Samurott|116/310\n|move|p2a: Samurott|Knock Off|p1a: Dialga\n|-damage|p1a: Dialga|0 fnt\n|-enditem|p1a: Dialga|Assault Vest|[from] move: Knock Off|[of] p2a: Samurott\n|faint|p1a: Dialga\n|\n|upkeep\n|\n|t:|1783551989\n|switch|p1a: Camerupt|Camerupt, L91, F|35/100\n|turn|40\n|inactive|Time left: 300 sec this turn | 300 sec total\n|\n|t:|1783551990\n|move|p2a: Samurott|Grass Knot|p1a: Camerupt\n|-damage|p1a: Camerupt|0 fnt\n|faint|p1a: Camerupt\n|\n|win|p0y103822a7", "uploadtime": 1783551990, "views": 0, "rating": 0, "private": 0, "password": null, "_winner": "p0y103822a7", "_our_name": "p0y103822a7"}