{"id": "battle-gen9randombattle-1310", "formatid": "gen9randombattle", "format": "[Gen 9] Random Battle", "players": ["p0x1310e450", "p0y1310841b"], "log": "|init|battle\n|title|p0x1310e450 vs. p0y1310841b\n|j|\u2606p0x1310e450\n|j|\u2606p0y1310841b\n|t:|1783555210\n|gametype|singles\n|player|p1|p0x1310e450|169|\n|player|p2|p0y1310841b|102|\n|gen|9\n|tier|[Gen 9] Random Battle\n|rule|Species Clause: Limit one of each Pok\u00e9mon\n|rule|HP Percentage Mod: HP is shown in percentages\n|rule|Sleep Clause Mod: Limit one foe put to sleep\n|rule|Illusion Level Mod: Illusion disguises the Pok\u00e9mon's true level\n|\n|t:|1783555210\n|teamsize|p1|6\n|teamsize|p2|6\n|start\n|switch|p1a: Feraligatr|Feraligatr, L79, F|100/100\n|switch|p2a: Sinistcha|Sinistcha, L83|254/254\n|turn|1\n|inactive|Battle timer is ON: inactive players will automatically lose when time's up. (requested by p0y1310841b)\n|inactive|p0x1310e450 also wants the timer to be on.\n|\n|t:|1783555212\n|switch|p1a: Gholdengo|Gholdengo, L77|100/100\n|move|p2a: Sinistcha|Matcha Gotcha|p1a: Gholdengo\n|-resisted|p1a: Gholdengo\n|-damage|p1a: Gholdengo|80/100\n|\n|-heal|p1a: Gholdengo|86/100|[from] item: Leftovers\n|upkeep\n|turn|2\n|inactive|Time left: 300 sec this turn | 300 sec total\n|\n|t:|1783555213\n|move|p1a: Gholdengo|Shadow Ball|p2a: Sinistcha\n|-supereffective|p2a: Sinistcha\n|-damage|p2a: Sinistcha|66/254\n|move|p2a: Sinistcha|Shadow Ball|p1a: Gholdengo\n|-supereffective|p1a: Gholdengo\n|-damage|p1a: Gholdengo|0 fnt\n|faint|p1a: Gholdengo\n|\n|-heal|p2a: Sinistcha|81/254|[from] item: Leftovers\n|upkeep\n|\n|t:|1783555214\n|switch|p1a: Inteleon|Inteleon, L81, F|100/100\n|turn|3\n|inactive|Time left: 300 sec this turn | 300 sec total\n|\n|t:|1783555215\n|move|p1a: Inteleon|Hydro Pump|p2a: Sinistcha\n|-resisted|p2a: Sinistcha\n|-damage|p2a: Sinistcha|0 fnt\n|faint|p2a: Sinistcha\n|\n|upkeep\n|inactive|Time left: 300 sec this turn | 300 sec total | 5 sec grace\n|\n|t:|1783555216\n|switch|p2a: Quaquaval|Quaquaval, L79, M|264/264\n|turn|4\n|inactive|Time left: 300 sec this turn | 300 sec total\n|\n|t:|1783555217\n|move|p1a: Inteleon|Hydro Pump|p2a: Quaquaval\n|-resisted|p2a: Quaquaval\n|-damage|p2a: Quaquaval|147/264\n|move|p2a: Quaquaval|Close Combat|p1a: Inteleon\n|-damage|p1a: Inteleon|4/100\n|-unboost|p2a: Quaquaval|def|1\n|-unboost|p2a: Quaquaval|spd|1\n|\n|upkeep\n|turn|5\n|inactive|Time left: 300 sec this turn | 300 sec total\n|\n|t:|1783555218\n|move|p1a: Inteleon|Hydro Pump|p2a: Quaquaval|[miss]\n|-miss|p1a: Inteleon|p2a: Quaquaval\n|move|p2a: Quaquaval|Close Combat|p1a: Inteleon\n|-damage|p1a: Inteleon|0 fnt\n|-unboost|p2a: Quaquaval|def|1\n|-unboost|p2a: Quaquaval|spd|1\n|faint|p1a: Inteleon\n|-ability|p2a: Quaquaval|Moxie|boost\n|-boost|p2a: Quaquaval|atk|1\n|\n|upkeep\n|\n|t:|1783555219\n|switch|p1a: Hawlucha|Hawlucha, L80, F|100/100\n|turn|6\n|inactive|Time left: 300 sec this turn | 300 sec total\n|\n|t:|1783555221\n|switch|p2a: Meowstic|Meowstic-F, L89, F|277/277\n|move|p1a: Hawlucha|Swords Dance|p1a: Hawlucha\n|-boost|p1a: Hawlucha|atk|2\n|\n|upkeep\n|turn|7\n|inactive|Time left: 300 sec this turn | 300 sec total\n|\n|t:|1783555222\n|move|p2a: Meowstic|Psychic|p1a: Hawlucha\n|-supereffective|p1a: Hawlucha\n|-damage|p1a: Hawlucha|0 fnt\n|faint|p1a: Hawlucha\n|-damage|p2a: Meowstic|250/277|[from] item: Life Orb\n|\n|upkeep\n|\n|t:|1783555223\n|switch|p1a: Feraligatr|Feraligatr, L79, F|100/100\n|turn|8\n|inactive|Time left: 300 sec this turn | 300 sec total\n|\n|t:|1783555224\n|move|p2a: Meowstic|Thunderbolt|p1a: Feraligatr\n|-supereffective|p1a: Feraligatr\n|-damage|p1a: Feraligatr|29/100\n|-damage|p2a: Meowstic|223/277|[from] item: Life Orb\n|move|p1a: Feraligatr|Dragon Dance|p1a: Feraligatr\n|-boost|p1a: Feraligatr|atk|1\n|-boost|p1a: Feraligatr|spe|1\n|\n|upkeep\n|turn|9\n|inactive|Time left: 300 sec this turn | 300 sec total\n|\n|t:|1783555225\n|move|p1a: Feraligatr|Liquidation|p2a: Meowstic\n|-damage|p2a: Meowstic|11/277\n|move|p2a: Meowstic|Thunderbolt|p1a: Feraligatr\n|-supereffective|p1a: Feraligatr\n|-damage|p1a: Feraligatr|0 fnt\n|faint|p1a: Feraligatr\n|-damage|p2a: Meowstic|0 fnt|[from] item: Life Orb\n|faint|p2a: Meowstic\n|\n|upkeep\n|inactive|Time left: 300 sec this turn | 300 sec total | 5 sec grace\n|\n|t:|1783555226\n|switch|p2a: Shaymin|Shaymin-Sky, L73|266/266\n|switch|p1a: Vigoroth|Vigoroth, L85, M|100/100\n|turn|10\n|inactive|Time left: 300 sec this turn | 300 sec total\n|\n|t:|1783555227\n|move|p2a: Shaymin|Seed Flare|p1a: Vigoroth\n|-damage|p1a: Vigoroth|64/100\n|-unboost|p1a: Vigoroth|spd|2\n|move|p1a: Vigoroth|Body Slam|p2a: Shaymin\n|-damage|p2a: Shaymin|167/266\n|\n|-heal|p2a: Shaymin|183/266|[from] item: Leftovers\n|upkeep\n|turn|11\n|inactive|Time left: 300 sec this turn | 300 sec total\n|\n|t:|1783555228\n|switch|p1a: Dedenne|Dedenne, L88, F|100/100\n|move|p2a: Shaymin|Seed Flare|p1a: Dedenne|[miss]\n|-miss|p2a: Shaymin|p1a: Dedenne\n|\n|-heal|p2a: Shaymin|199/266|[from] item: Leftovers\n|upkeep\n|turn|12\n|inactive|Time left: 300 sec this turn | 300 sec total\n|\n|t:|1783555229\n|move|p2a: Shaymin|Seed Flare|p1a: Dedenne\n|-damage|p1a: Dedenne|52/100\n|-unboost|p1a: Dedenne|spd|2\n|move|p1a: Dedenne|Thunderbolt|p2a: Shaymin\n|-damage|p2a: Shaymin|70/266\n|\n|-heal|p2a: Shaymin|86/266|[from] item: Leftovers\n|upkeep\n|turn|13\n|inactive|Time left: 300 sec this turn | 300 sec total\n|\n|t:|1783555230\n|move|p2a: Shaymin|Seed Flare|p1a: Dedenne\n|-damage|p1a: Dedenne|0 fnt\n|faint|p1a: Dedenne\n|\n|-heal|p2a: Shaymin|102/266|[from] item: Leftovers\n|upkeep\n|\n|t:|1783555231\n|switch|p1a: Vigoroth|Vigoroth, L85, M|64/100\n|turn|14\n|inactive|Time left: 300 sec this turn | 300 sec total\n|\n|t:|1783555232\n|move|p2a: Shaymin|Seed Flare|p1a: Vigoroth|[miss]\n|-miss|p2a: Shaymin|p1a: Vigoroth\n|move|p1a: Vigoroth|Body Slam|p2a: Shaymin\n|-damage|p2a: Shaymin|0 fnt\n|faint|p2a: Shaymin\n|\n|upkeep\n|inactive|Time left: 300 sec this turn | 300 sec total | 5 sec grace\n|\n|t:|1783555233\n|switch|p2a: Quaquaval|Quaquaval, L79, M|147/264\n|turn|15\n|inactive|Time left: 300 sec this turn | 300 sec total\n|\n|t:|1783555234\n|-terastallize|p1a: Vigoroth|Ground\n|-terastallize|p2a: Quaquaval|Fighting\n|move|p1a: Vigoroth|Bulk Up|p1a: Vigoroth\n|-boost|p1a: Vigoroth|atk|1\n|-boost|p1a: Vigoroth|def|1\n|move|p2a: Quaquaval|Close Combat|p1a: Vigoroth\n|-crit|p1a: Vigoroth\n|-damage|p1a: Vigoroth|0 fnt\n|-unboost|p2a: Quaquaval|def|1\n|-unboost|p2a: Quaquaval|spd|1\n|faint|p1a: Vigoroth\n|\n|win|p0y1310841b", "uploadtime": 1783555234, "views": 0, "rating": 0, "private": 0, "password": null, "_winner": "p0y1310841b", "_our_name": "p0y1310841b"}