{"id": "battle-gen9randombattle-1937", "formatid": "gen9randombattle", "format": "[Gen 9] Random Battle", "players": ["p0x19376325", "p0y193742f9"], "log": "|init|battle\n|title|p0x19376325 vs. p0y193742f9\n|j|\u2606p0x19376325\n|j|\u2606p0y193742f9\n|t:|1783561678\n|gametype|singles\n|player|p1|p0x19376325|102|\n|player|p2|p0y193742f9|266|\n|gen|9\n|tier|[Gen 9] Random Battle\n|rule|Species Clause: Limit one of each Pok\u00e9mon\n|rule|HP Percentage Mod: HP is shown in percentages\n|rule|Sleep Clause Mod: Limit one foe put to sleep\n|rule|Illusion Level Mod: Illusion disguises the Pok\u00e9mon's true level\n|\n|t:|1783561678\n|teamsize|p1|6\n|teamsize|p2|6\n|start\n|switch|p1a: Revavroom|Revavroom, L79, M|256/256\n|switch|p2a: Tornadus|Tornadus, L82, M|100/100\n|turn|1\n|inactive|Battle timer is ON: inactive players will automatically lose when time's up. (requested by p0y193742f9)\n|inactive|Time left: 300 sec this turn | 300 sec total | 60 sec grace\n|inactive|p0x19376325 also wants the timer to be on.\n|\n|t:|1783561680\n|switch|p2a: Conkeldurr|Conkeldurr, L80, F|100/100\n|move|p1a: Revavroom|Shift Gear|p1a: Revavroom\n|-boost|p1a: Revavroom|spe|2\n|-boost|p1a: Revavroom|atk|1\n|\n|-status|p2a: Conkeldurr|brn|[from] item: Flame Orb\n|upkeep\n|turn|2\n|inactive|Time left: 300 sec this turn | 300 sec total\n|\n|t:|1783561681\n|move|p1a: Revavroom|Iron Head|p2a: Conkeldurr\n|-damage|p2a: Conkeldurr|39/100 brn\n|-damage|p1a: Revavroom|231/256|[from] item: Life Orb\n|move|p2a: Conkeldurr|Close Combat|p1a: Revavroom\n|-damage|p1a: Revavroom|2/256\n|-unboost|p2a: Conkeldurr|def|1\n|-unboost|p2a: Conkeldurr|spd|1\n|\n|-damage|p2a: Conkeldurr|33/100 brn|[from] brn\n|upkeep\n|turn|3\n|inactive|Time left: 300 sec this turn | 300 sec total\n|\n|t:|1783561682\n|switch|p2a: Arceus|Arceus-Ground, L70|100/100\n|move|p1a: Revavroom|High Horsepower|p2a: Arceus\n|-damage|p2a: Arceus|58/100\n|-damage|p1a: Revavroom|0 fnt|[from] item: Life Orb\n|faint|p1a: Revavroom\n|\n|upkeep\n|inactive|Time left: 300 sec this turn | 300 sec total | 5 sec grace\n|\n|t:|1783561683\n|switch|p1a: Gyarados|Gyarados, L79, F|280/280\n|turn|4\n|inactive|Time left: 300 sec this turn | 300 sec total\n|\n|t:|1783561684\n|switch|p2a: Iron Bundle|Iron Bundle, L78|100/100\n|move|p1a: Gyarados|Waterfall|p2a: Iron Bundle\n|-resisted|p2a: Iron Bundle\n|-damage|p2a: Iron Bundle|80/100\n|\n|upkeep\n|turn|5\n|inactive|Time left: 300 sec this turn | 300 sec total\n|\n|t:|1783561685\n|switch|p1a: Sylveon|Sylveon, L85, M|300/300\n|move|p2a: Iron Bundle|Freeze-Dry|p1a: Sylveon\n|-damage|p1a: Sylveon|246/300\n|\n|-heal|p1a: Sylveon|264/300|[from] item: Leftovers\n|upkeep\n|turn|6\n|inactive|Time left: 300 sec this turn | 300 sec total\n|\n|t:|1783561686\n|-end|p2a: Iron Bundle|Quark Drive|[silent]\n|switch|p2a: Arceus|Arceus-Ground, L70|58/100\n|move|p1a: Sylveon|Hyper Voice|p2a: Arceus\n|-damage|p2a: Arceus|18/100\n|\n|-heal|p1a: Sylveon|282/300|[from] item: Leftovers\n|upkeep\n|turn|7\n|inactive|Time left: 300 sec this turn | 300 sec total\n|\n|t:|1783561687\n|move|p2a: Arceus|Recover|p2a: Arceus\n|-heal|p2a: Arceus|68/100\n|move|p1a: Sylveon|Hyper Voice|p2a: Arceus\n|-damage|p2a: Arceus|26/100\n|\n|-heal|p1a: Sylveon|300/300|[from] item: Leftovers\n|upkeep\n|turn|8\n|inactive|Time left: 300 sec this turn | 300 sec total\n|\n|t:|1783561688\n|move|p2a: Arceus|Recover|p2a: Arceus\n|-heal|p2a: Arceus|76/100\n|move|p1a: Sylveon|Hyper Voice|p2a: Arceus\n|-damage|p2a: Arceus|35/100\n|\n|upkeep\n|turn|9\n|inactive|Time left: 300 sec this turn | 300 sec total\n|\n|t:|1783561689\n|move|p2a: Arceus|Recover|p2a: Arceus\n|-heal|p2a: Arceus|85/100\n|move|p1a: Sylveon|Hyper Voice|p2a: Arceus\n|-damage|p2a: Arceus|40/100\n|\n|upkeep\n|turn|10\n|inactive|Time left: 300 sec this turn | 300 sec total\n|\n|t:|1783561690\n|move|p2a: Arceus|Recover|p2a: Arceus\n|-heal|p2a: Arceus|90/100\n|move|p1a: Sylveon|Hyper Voice|p2a: Arceus\n|-damage|p2a: Arceus|47/100\n|\n|upkeep\n|turn|11\n|inactive|Time left: 300 sec this turn | 300 sec total\n|\n|t:|1783561691\n|move|p2a: Arceus|Recover|p2a: Arceus\n|-heal|p2a: Arceus|97/100\n|move|p1a: Sylveon|Calm Mind|p1a: Sylveon\n|-boost|p1a: Sylveon|spa|1\n|-boost|p1a: Sylveon|spd|1\n|\n|upkeep\n|turn|12\n|inactive|Time left: 300 sec this turn | 300 sec total\n|\n|t:|1783561692\n|move|p2a: Arceus|Calm Mind|p2a: Arceus\n|-boost|p2a: Arceus|spa|1\n|-boost|p2a: Arceus|spd|1\n|move|p1a: Sylveon|Hyper Voice|p2a: Arceus\n|-damage|p2a: Arceus|58/100\n|\n|upkeep\n|turn|13\n|inactive|Time left: 300 sec this turn | 300 sec total\n|\n|t:|1783561693\n|move|p2a: Arceus|Calm Mind|p2a: Arceus\n|-boost|p2a: Arceus|spa|1\n|-boost|p2a: Arceus|spd|1\n|move|p1a: Sylveon|Hyper Voice|p2a: Arceus\n|-damage|p2a: Arceus|27/100\n|\n|upkeep\n|turn|14\n|inactive|Time left: 300 sec this turn | 300 sec total\n|\n|t:|1783561694\n|move|p2a: Arceus|Recover|p2a: Arceus\n|-heal|p2a: Arceus|77/100\n|move|p1a: Sylveon|Hyper Voice|p2a: Arceus\n|-damage|p2a: Arceus|47/100\n|\n|upkeep\n|turn|15\n|inactive|Time left: 300 sec this turn | 300 sec total\n|\n|t:|1783561695\n|move|p2a: Arceus|Recover|p2a: Arceus\n|-heal|p2a: Arceus|97/100\n|move|p1a: Sylveon|Calm Mind|p1a: Sylveon\n|-boost|p1a: Sylveon|spa|1\n|-boost|p1a: Sylveon|spd|1\n|\n|upkeep\n|turn|16\n|inactive|Time left: 300 sec this turn | 300 sec total\n|\n|t:|1783561696\n|move|p2a: Arceus|Calm Mind|p2a: Arceus\n|-boost|p2a: Arceus|spa|1\n|-boost|p2a: Arceus|spd|1\n|move|p1a: Sylveon|Hyper Voice|p2a: Arceus\n|-damage|p2a: Arceus|63/100\n|\n|upkeep\n|turn|17\n|inactive|Time left: 300 sec this turn | 300 sec total\n|\n|t:|1783561697\n|move|p2a: Arceus|Calm Mind|p2a: Arceus\n|-boost|p2a: Arceus|spa|1\n|-boost|p2a: Arceus|spd|1\n|move|p1a: Sylveon|Hyper Voice|p2a: Arceus\n|-damage|p2a: Arceus|32/100\n|\n|upkeep\n|turn|18\n|inactive|Time left: 300 sec this turn | 300 sec total\n|\n|t:|1783561698\n|move|p2a: Arceus|Recover|p2a: Arceus\n|-heal|p2a: Arceus|82/100\n|move|p1a: Sylveon|Hyper Voice|p2a: Arceus\n|-damage|p2a: Arceus|52/100\n|\n|upkeep\n|turn|19\n|inactive|Time left: 300 sec this turn | 300 sec total\n|\n|t:|1783561700\n|move|p2a: Arceus|Calm Mind|p2a: Arceus\n|-boost|p2a: Arceus|spa|1\n|-boost|p2a: Arceus|spd|1\n|move|p1a: Sylveon|Hyper Voice|p2a: Arceus\n|-damage|p2a: Arceus|24/100\n|\n|upkeep\n|turn|20\n|inactive|Time left: 300 sec this turn | 300 sec total\n|\n|t:|1783561700\n|move|p2a: Arceus|Calm Mind|p2a: Arceus\n|-boost|p2a: Arceus|spa|1\n|-boost|p2a: Arceus|spd|1\n|move|p1a: Sylveon|Hyper Voice|p2a: Arceus\n|-damage|p2a: Arceus|1/100\n|\n|upkeep\n|turn|21\n|inactive|Time left: 300 sec this turn | 300 sec total\n|\n|t:|1783561702\n|move|p2a: Arceus|Judgment|p1a: Sylveon\n|-damage|p1a: Sylveon|149/300\n|move|p1a: Sylveon|Hyper Voice|p2a: Arceus\n|-damage|p2a: Arceus|0 fnt\n|faint|p2a: Arceus\n|\n|-heal|p1a: Sylveon|167/300|[from] item: Leftovers\n|upkeep\n|\n|t:|1783561702\n|switch|p2a: Oinkologne|Oinkologne, L92, M|100/100\n|turn|22\n|inactive|Time left: 300 sec this turn | 300 sec total\n|\n|t:|1783561703\n|move|p1a: Sylveon|Protect|p1a: Sylveon\n|-singleturn|p1a: Sylveon|Protect\n|move|p2a: Oinkologne|Double-Edge|p1a: Sylveon\n|-activate|p1a: Sylveon|move: Protect\n|\n|-heal|p1a: Sylveon|185/300|[from] item: Leftovers\n|upkeep\n|turn|23\n|inactive|Time left: 300 sec this turn | 300 sec total\n|\n|t:|1783561704\n|move|p2a: Oinkologne|Double-Edge|p1a: Sylveon\n|-damage|p1a: Sylveon|1/300\n|-damage|p2a: Oinkologne|83/100|[from] Recoil\n|move|p1a: Sylveon|Hyper Voice|p2a: Oinkologne\n|-damage|p2a: Oinkologne|7/100\n|\n|-heal|p2a: Oinkologne|13/100|[from] item: Leftovers\n|-heal|p1a: Sylveon|19/300|[from] item: Leftovers\n|upkeep\n|turn|24\n|inactive|Time left: 300 sec this turn | 300 sec total\n|\n|t:|1783561705\n|move|p1a: Sylveon|Protect|p1a: Sylveon\n|-singleturn|p1a: Sylveon|Protect\n|move|p2a: Oinkologne|Double-Edge|p1a: Sylveon\n|-activate|p1a: Sylveon|move: Protect\n|\n|-heal|p2a: Oinkologne|20/100|[from] item: Leftovers\n|-heal|p1a: Sylveon|37/300|[from] item: Leftovers\n|upkeep\n|turn|25\n|inactive|Time left: 300 sec this turn | 300 sec total\n|\n|t:|1783561706\n|move|p2a: Oinkologne|Double-Edge|p1a: Sylveon\n|-damage|p1a: Sylveon|0 fnt\n|faint|p1a: Sylveon\n|-damage|p2a: Oinkologne|16/100|[from] Recoil\n|\n|-heal|p2a: Oinkologne|22/100|[from] item: Leftovers\n|upkeep\n|inactive|Time left: 300 sec this turn | 300 sec total | 5 sec grace\n|\n|t:|1783561707\n|switch|p1a: Krookodile|Krookodile, L79, M|280/280\n|-ability|p1a: Krookodile|Intimidate|boost\n|-unboost|p2a: Oinkologne|atk|1\n|turn|26\n|inactive|Time left: 300 sec this turn | 300 sec total\n|\n|t:|1783561708\n|switch|p2a: Iron Bundle|Iron Bundle, L78|80/100\n|move|p1a: Krookodile|Knock Off|p2a: Iron Bundle\n|-damage|p2a: Iron Bundle|36/100\n|-enditem|p2a: Iron Bundle|Heavy-Duty Boots|[from] move: Knock Off|[of] p1a: Krookodile\n|\n|upkeep\n|turn|27\n|inactive|Time left: 300 sec this turn | 300 sec total\n|\n|t:|1783561709\n|switch|p1a: Registeel|Registeel, L81|262/262\n|move|p2a: Iron Bundle|Ice Beam|p1a: Registeel\n|-resisted|p1a: Registeel\n|-damage|p1a: Registeel|227/262\n|\n|upkeep\n|turn|28\n|inactive|Time left: 300 sec this turn | 300 sec total\n|\n|t:|1783561710\n|-end|p2a: Iron Bundle|Quark Drive|[silent]\n|switch|p2a: Tornadus|Tornadus, L82, M|100/100\n|move|p1a: Registeel|Body Press|p2a: Tornadus\n|-resisted|p2a: Tornadus\n|-damage|p2a: Tornadus|84/100\n|\n|upkeep\n|turn|29\n|inactive|Time left: 300 sec this turn | 300 sec total\n|\n|t:|1783561711\n|move|p2a: Tornadus|Nasty Plot|p2a: Tornadus\n|-boost|p2a: Tornadus|spa|2\n|move|p1a: Registeel|Iron Head|p2a: Tornadus\n|-damage|p2a: Tornadus|55/100\n|\n|upkeep\n|turn|30\n|inactive|Time left: 300 sec this turn | 300 sec total\n|\n|t:|1783561712\n|move|p2a: Tornadus|Focus Blast|p1a: Registeel\n|-supereffective|p1a: Registeel\n|-damage|p1a: Registeel|0 fnt\n|faint|p1a: Registeel\n|\n|upkeep\n|inactive|Time left: 300 sec this turn | 300 sec total | 5 sec grace\n|\n|t:|1783561713\n|switch|p1a: Krookodile|Krookodile, L79, M|280/280\n|-ability|p1a: Krookodile|Intimidate|boost\n|-unboost|p2a: Tornadus|atk|1\n|turn|31\n|inactive|Time left: 300 sec this turn | 300 sec total\n|\n|t:|1783561714\n|move|p1a: Krookodile|Stone Edge|p2a: Tornadus\n|-supereffective|p2a: Tornadus\n|-damage|p2a: Tornadus|0 fnt\n|faint|p2a: Tornadus\n|\n|upkeep\n|\n|t:|1783561715\n|switch|p2a: Conkeldurr|Conkeldurr, L80, F|33/100 brn\n|turn|32\n|inactive|Time left: 300 sec this turn | 300 sec total\n|\n|t:|1783561715\n|switch|p1a: Gyarados|Gyarados, L79, F|280/280\n|move|p2a: Conkeldurr|Facade|p1a: Gyarados\n|-damage|p1a: Gyarados|59/280\n|\n|-damage|p2a: Conkeldurr|27/100 brn|[from] brn\n|upkeep\n|turn|33\n|inactive|Time left: 300 sec this turn | 300 sec total\n|\n|t:|1783561716\n|switch|p2a: Exeggutor|Exeggutor, L89, F|100/100\n|-terastallize|p1a: Gyarados|Flying\n|move|p1a: Gyarados|Tera Blast|p2a: Exeggutor|[anim] Tera Blast Flying\n|-supereffective|p2a: Exeggutor\n|-damage|p2a: Exeggutor|24/100\n|-enditem|p2a: Exeggutor|Sitrus Berry|[eat]\n|-heal|p2a: Exeggutor|49/100|[from] item: Sitrus Berry\n|\n|upkeep\n|turn|34\n|inactive|Time left: 300 sec this turn | 300 sec total\n|\n|t:|1783561717\n|move|p1a: Gyarados|Tera Blast|p2a: Exeggutor|[anim] Tera Blast Flying\n|-supereffective|p2a: Exeggutor\n|-damage|p2a: Exeggutor|0 fnt\n|faint|p2a: Exeggutor\n|-ability|p1a: Gyarados|Moxie|boost\n|-boost|p1a: Gyarados|atk|1\n|\n|upkeep\n|\n|t:|1783561718\n|switch|p2a: Iron Bundle|Iron Bundle, L78|36/100\n|turn|35\n|inactive|Time left: 300 sec this turn | 300 sec total\n|\n|t:|1783561719\n|move|p2a: Iron Bundle|Ice Beam|p1a: Gyarados\n|-supereffective|p1a: Gyarados\n|-damage|p1a: Gyarados|0 fnt\n|faint|p1a: Gyarados\n|\n|upkeep\n|inactive|Time left: 300 sec this turn | 300 sec total | 5 sec grace\n|\n|t:|1783561720\n|switch|p1a: Krookodile|Krookodile, L79, M|280/280\n|-ability|p1a: Krookodile|Intimidate|boost\n|-unboost|p2a: Iron Bundle|atk|1\n|turn|36\n|inactive|Time left: 300 sec this turn | 300 sec total\n|\n|t:|1783561721\n|-end|p2a: Iron Bundle|Quark Drive|[silent]\n|switch|p2a: Conkeldurr|Conkeldurr, L80, F|27/100 brn\n|move|p1a: Krookodile|Earthquake|p2a: Conkeldurr\n|-damage|p2a: Conkeldurr|0 fnt\n|faint|p2a: Conkeldurr\n|\n|upkeep\n|\n|t:|1783561722\n|switch|p2a: Iron Bundle|Iron Bundle, L78|36/100\n|turn|37\n|inactive|Time left: 300 sec this turn | 300 sec total\n|\n|t:|1783561722\n|move|p1a: Krookodile|Earthquake|p2a: Iron Bundle\n|-damage|p2a: Iron Bundle|0 fnt\n|faint|p2a: Iron Bundle\n|-end|p2a: Iron Bundle|Quark Drive|[silent]\n|\n|upkeep\n|\n|t:|1783561723\n|switch|p2a: Oinkologne|Oinkologne, L92, M|22/100\n|turn|38\n|inactive|Time left: 300 sec this turn | 300 sec total\n|\n|t:|1783561724\n|move|p1a: Krookodile|Earthquake|p2a: Oinkologne\n|-damage|p2a: Oinkologne|0 fnt\n|faint|p2a: Oinkologne\n|\n|win|p0x19376325", "uploadtime": 1783561724, "views": 0, "rating": 0, "private": 0, "password": null, "_winner": "p0x19376325", "_our_name": "p0x19376325"}