{"id": "battle-gen9randombattle-2283", "formatid": "gen9randombattle", "format": "[Gen 9] Random Battle", "players": ["p0x22837e4c", "p0y2283724c"], "log": "|init|battle\n|title|p0x22837e4c vs. p0y2283724c\n|j|\u2606p0x22837e4c\n|j|\u2606p0y2283724c\n|t:|1783566452\n|gametype|singles\n|player|p1|p0x22837e4c|2|\n|player|p2|p0y2283724c|1|\n|gen|9\n|tier|[Gen 9] Random Battle\n|rule|Species Clause: Limit one of each Pok\u00e9mon\n|rule|HP Percentage Mod: HP is shown in percentages\n|rule|Sleep Clause Mod: Limit one foe put to sleep\n|rule|Illusion Level Mod: Illusion disguises the Pok\u00e9mon's true level\n|\n|t:|1783566452\n|teamsize|p1|6\n|teamsize|p2|6\n|start\n|switch|p1a: Venomoth|Venomoth, L84, F|255/255\n|switch|p2a: Palafin|Palafin, L77, M|100/100\n|turn|1\n|inactive|Battle timer is ON: inactive players will automatically lose when time's up. (requested by p0x22837e4c)\n|\n|t:|1783566453\n|move|p2a: Palafin|Bulk Up|p2a: Palafin\n|-boost|p2a: Palafin|atk|1\n|-boost|p2a: Palafin|def|1\n|move|p1a: Venomoth|Quiver Dance|p1a: Venomoth\n|-boost|p1a: Venomoth|spa|1\n|-boost|p1a: Venomoth|spd|1\n|-boost|p1a: Venomoth|spe|1\n|\n|upkeep\n|turn|2\n|inactive|Time left: 300 sec this turn | 300 sec total\n|inactive|p0y2283724c also wants the timer to be on.\n|\n|t:|1783566454\n|move|p1a: Venomoth|Sludge Wave|p2a: Palafin\n|-damage|p2a: Palafin|27/100\n|move|p2a: Palafin|Ice Punch|p1a: Venomoth\n|-crit|p1a: Venomoth\n|-damage|p1a: Venomoth|160/255\n|\n|-heal|p2a: Palafin|33/100|[from] item: Leftovers\n|upkeep\n|turn|3\n|inactive|Time left: 300 sec this turn | 300 sec total\n|\n|t:|1783566455\n|move|p2a: Palafin|Jet Punch|p1a: Venomoth\n|-damage|p1a: Venomoth|79/255\n|move|p1a: Venomoth|Bug Buzz|p2a: Palafin\n|-damage|p2a: Palafin|0 fnt\n|faint|p2a: Palafin\n|\n|upkeep\n|\n|t:|1783566456\n|switch|p2a: Gumshoos|Gumshoos, L95, M|100/100\n|turn|4\n|inactive|Time left: 300 sec this turn | 300 sec total\n|\n|t:|1783566457\n|move|p1a: Venomoth|Sleep Powder|p2a: Gumshoos\n|-status|p2a: Gumshoos|slp|[from] move: Sleep Powder\n|cant|p2a: Gumshoos|slp\n|\n|upkeep\n|turn|5\n|inactive|Time left: 300 sec this turn | 300 sec total\n|\n|t:|1783566458\n|move|p1a: Venomoth|Sludge Wave|p2a: Gumshoos\n|-damage|p2a: Gumshoos|52/100 slp\n|cant|p2a: Gumshoos|slp\n|\n|upkeep\n|turn|6\n|inactive|Time left: 300 sec this turn | 300 sec total\n|\n|t:|1783566459\n|move|p1a: Venomoth|Bug Buzz|p2a: Gumshoos\n|-damage|p2a: Gumshoos|3/100 slp\n|cant|p2a: Gumshoos|slp\n|\n|upkeep\n|turn|7\n|inactive|Time left: 300 sec this turn | 300 sec total\n|\n|t:|1783566461\n|move|p1a: Venomoth|Sludge Wave|p2a: Gumshoos\n|-damage|p2a: Gumshoos|0 fnt\n|faint|p2a: Gumshoos\n|\n|upkeep\n|\n|t:|1783566462\n|switch|p2a: Cryogonal|Cryogonal, L89|100/100\n|turn|8\n|inactive|Time left: 300 sec this turn | 300 sec total\n|\n|t:|1783566463\n|move|p1a: Venomoth|Sleep Powder|p2a: Cryogonal\n|-status|p2a: Cryogonal|slp|[from] move: Sleep Powder\n|cant|p2a: Cryogonal|slp\n|\n|upkeep\n|turn|9\n|inactive|Time left: 300 sec this turn | 300 sec total\n|\n|t:|1783566464\n|move|p1a: Venomoth|Quiver Dance|p1a: Venomoth\n|-boost|p1a: Venomoth|spa|1\n|-boost|p1a: Venomoth|spd|1\n|-boost|p1a: Venomoth|spe|1\n|-curestatus|p2a: Cryogonal|slp|[msg]\n|move|p2a: Cryogonal|Freeze-Dry|p1a: Venomoth\n|-damage|p1a: Venomoth|30/255\n|\n|upkeep\n|turn|10\n|inactive|Time left: 300 sec this turn | 300 sec total\n|\n|t:|1783566465\n|move|p1a: Venomoth|Sleep Powder|p2a: Cryogonal\n|-status|p2a: Cryogonal|slp|[from] move: Sleep Powder\n|cant|p2a: Cryogonal|slp\n|\n|upkeep\n|turn|11\n|inactive|Time left: 300 sec this turn | 300 sec total\n|\n|t:|1783566466\n|move|p1a: Venomoth|Bug Buzz|p2a: Cryogonal\n|-damage|p2a: Cryogonal|59/100 slp\n|-unboost|p2a: Cryogonal|spd|1\n|-curestatus|p2a: Cryogonal|slp|[msg]\n|move|p2a: Cryogonal|Rapid Spin|p1a: Venomoth\n|-damage|p1a: Venomoth|0 fnt\n|-boost|p2a: Cryogonal|spe|1\n|faint|p1a: Venomoth\n|\n|upkeep\n|inactive|Time left: 300 sec this turn | 300 sec total | 5 sec grace\n|\n|t:|1783566467\n|switch|p1a: Mew|Mew, L82|298/298\n|turn|12\n|inactive|Time left: 300 sec this turn | 300 sec total\n|\n|t:|1783566468\n|move|p2a: Cryogonal|Recover|p2a: Cryogonal\n|-heal|p2a: Cryogonal|100/100\n|move|p1a: Mew|Nasty Plot|p1a: Mew\n|-boost|p1a: Mew|spa|2\n|\n|upkeep\n|turn|13\n|inactive|Time left: 300 sec this turn | 300 sec total\n|\n|t:|1783566470\n|switch|p2a: Latios|Latios, L78, M|100/100\n|move|p1a: Mew|Fire Blast|p2a: Latios\n|-resisted|p2a: Latios\n|-damage|p2a: Latios|66/100\n|-damage|p1a: Mew|269/298|[from] item: Life Orb\n|\n|upkeep\n|turn|14\n|inactive|Time left: 300 sec this turn | 300 sec total\n|\n|t:|1783566471\n|-terastallize|p2a: Latios|Dragon\n|move|p2a: Latios|Draco Meteor|p1a: Mew|[miss]\n|-miss|p2a: Latios|p1a: Mew\n|move|p1a: Mew|Nasty Plot|p1a: Mew\n|-boost|p1a: Mew|spa|2\n|\n|upkeep\n|turn|15\n|inactive|Time left: 300 sec this turn | 300 sec total\n|\n|t:|1783566472\n|move|p2a: Latios|Draco Meteor|p1a: Mew\n|-damage|p1a: Mew|0 fnt\n|-unboost|p2a: Latios|spa|2\n|faint|p1a: Mew\n|\n|upkeep\n|inactive|Time left: 300 sec this turn | 300 sec total | 5 sec grace\n|\n|t:|1783566473\n|switch|p1a: Garchomp|Garchomp, L74, M|282/282\n|turn|16\n|inactive|Time left: 300 sec this turn | 300 sec total\n|\n|t:|1783566474\n|-terastallize|p1a: Garchomp|Steel\n|move|p2a: Latios|Draco Meteor|p1a: Garchomp\n|-resisted|p1a: Garchomp\n|-damage|p1a: Garchomp|186/282\n|-unboost|p2a: Latios|spa|2\n|move|p1a: Garchomp|Outrage|p2a: Latios\n|-supereffective|p2a: Latios\n|-damage|p2a: Latios|0 fnt\n|faint|p2a: Latios\n|\n|upkeep\n|\n|t:|1783566475\n|switch|p2a: Stonjourner|Stonjourner, L91, F|100/100\n|turn|17\n|inactive|Time left: 300 sec this turn | 300 sec total\n|\n|t:|1783566476\n|move|p1a: Garchomp|Outrage|p2a: Stonjourner|[from] lockedmove\n|-damage|p2a: Stonjourner|76/100\n|move|p2a: Stonjourner|Earthquake|p1a: Garchomp\n|-supereffective|p1a: Garchomp\n|-damage|p1a: Garchomp|0 fnt\n|faint|p1a: Garchomp\n|-damage|p2a: Stonjourner|66/100|[from] item: Life Orb\n|\n|upkeep\n|inactive|Time left: 300 sec this turn | 300 sec total | 5 sec grace\n|\n|t:|1783566477\n|switch|p1a: Wugtrio|Wugtrio, L91, M|212/212\n|turn|18\n|inactive|Time left: 300 sec this turn | 300 sec total\n|\n|t:|1783566478\n|switch|p2a: Vaporeon|Vaporeon, L86, M|100/100\n|move|p1a: Wugtrio|Liquidation|p2a: Vaporeon\n|-immune|p2a: Vaporeon|[from] ability: Water Absorb\n|\n|upkeep\n|turn|19\n|inactive|Time left: 300 sec this turn | 300 sec total\n|\n|t:|1783566479\n|switch|p1a: Lumineon|Lumineon, L93, M|279/279\n|move|p2a: Vaporeon|Scald|p1a: Lumineon\n|-ability|p1a: Lumineon|Storm Drain|boost\n|-boost|p1a: Lumineon|spa|1\n|\n|upkeep\n|turn|20\n|inactive|Time left: 300 sec this turn | 300 sec total\n|\n|t:|1783566480\n|switch|p2a: Cryogonal|Cryogonal, L89|100/100\n|move|p1a: Lumineon|Encore||[still]\n|-fail|p1a: Lumineon\n|\n|upkeep\n|turn|21\n|inactive|Time left: 300 sec this turn | 300 sec total\n|\n|t:|1783566481\n|move|p2a: Cryogonal|Freeze-Dry|p1a: Lumineon\n|-supereffective|p1a: Lumineon\n|-damage|p1a: Lumineon|141/279\n|move|p1a: Lumineon|U-turn|p2a: Cryogonal\n|-damage|p2a: Cryogonal|77/100\n|inactive|Time left: 300 sec this turn | 300 sec total | 5 sec grace\n|\n|t:|1783566482\n|switch|p1a: Wugtrio|Wugtrio, L91, M|212/212|[from] U-turn\n|\n|upkeep\n|turn|22\n|inactive|Time left: 300 sec this turn | 300 sec total\n|\n|t:|1783566483\n|switch|p2a: Vaporeon|Vaporeon, L86, M|100/100\n|move|p1a: Wugtrio|Liquidation|p2a: Vaporeon\n|-immune|p2a: Vaporeon|[from] ability: Water Absorb\n|\n|upkeep\n|turn|23\n|inactive|Time left: 300 sec this turn | 300 sec total\n|\n|t:|1783566484\n|switch|p1a: Lumineon|Lumineon, L93, M|141/279\n|move|p2a: Vaporeon|Scald|p1a: Lumineon\n|-ability|p1a: Lumineon|Storm Drain|boost\n|-boost|p1a: Lumineon|spa|1\n|\n|upkeep\n|turn|24\n|inactive|Time left: 300 sec this turn | 300 sec total\n|\n|t:|1783566485\n|move|p1a: Lumineon|Ice Beam|p2a: Vaporeon\n|-resisted|p2a: Vaporeon\n|-damage|p2a: Vaporeon|90/100\n|move|p2a: Vaporeon|Wish|p2a: Vaporeon\n|\n|-heal|p2a: Vaporeon|96/100|[from] item: Leftovers\n|upkeep\n|turn|25\n|inactive|Time left: 300 sec this turn | 300 sec total\n|\n|t:|1783566486\n|switch|p2a: Cryogonal|Cryogonal, L89|77/100\n|move|p1a: Lumineon|Ice Beam|p2a: Cryogonal\n|-resisted|p2a: Cryogonal\n|-damage|p2a: Cryogonal|67/100\n|\n|-heal|p2a: Cryogonal|100/100|[from] move: Wish|[wisher] Vaporeon\n|upkeep\n|turn|26\n|inactive|Time left: 300 sec this turn | 300 sec total\n|\n|t:|1783566487\n|switch|p1a: Klefki|Klefki, L84, F|233/233\n|move|p2a: Cryogonal|Freeze-Dry|p1a: Klefki\n|-resisted|p1a: Klefki\n|-damage|p1a: Klefki|190/233\n|\n|-heal|p1a: Klefki|204/233|[from] item: Leftovers\n|upkeep\n|turn|27\n|inactive|Time left: 300 sec this turn | 300 sec total\n|\n|t:|1783566488\n|move|p1a: Klefki|Thunder Wave|p2a: Cryogonal\n|-status|p2a: Cryogonal|par\n|move|p2a: Cryogonal|Rapid Spin|p1a: Klefki\n|-resisted|p1a: Klefki\n|-damage|p1a: Klefki|192/233\n|-boost|p2a: Cryogonal|spe|1\n|\n|-heal|p1a: Klefki|206/233|[from] item: Leftovers\n|upkeep\n|turn|28\n|inactive|Time left: 300 sec this turn | 300 sec total\n|\n|t:|1783566489\n|move|p2a: Cryogonal|Flash Cannon|p1a: Klefki\n|-crit|p1a: Klefki\n|-damage|p1a: Klefki|111/233\n|move|p1a: Klefki|Foul Play|p2a: Cryogonal\n|-damage|p2a: Cryogonal|79/100 par\n|\n|-heal|p1a: Klefki|125/233|[from] item: Leftovers\n|upkeep\n|turn|29\n|inactive|Time left: 300 sec this turn | 300 sec total\n|\n|t:|1783566490\n|move|p2a: Cryogonal|Flash Cannon|p1a: Klefki\n|-damage|p1a: Klefki|61/233\n|move|p1a: Klefki|Dazzling Gleam|p2a: Cryogonal\n|-damage|p2a: Cryogonal|63/100 par\n|\n|-heal|p1a: Klefki|75/233|[from] item: Leftovers\n|upkeep\n|turn|30\n|inactive|Time left: 300 sec this turn | 300 sec total\n|\n|t:|1783566491\n|move|p2a: Cryogonal|Recover|p2a: Cryogonal\n|-heal|p2a: Cryogonal|100/100 par\n|move|p1a: Klefki|Foul Play|p2a: Cryogonal\n|-damage|p2a: Cryogonal|79/100 par\n|\n|-heal|p1a: Klefki|89/233|[from] item: Leftovers\n|upkeep\n|turn|31\n|inactive|Time left: 300 sec this turn | 300 sec total\n|\n|t:|1783566492\n|cant|p2a: Cryogonal|par\n|move|p1a: Klefki|Dazzling Gleam|p2a: Cryogonal\n|-damage|p2a: Cryogonal|62/100 par\n|\n|-heal|p1a: Klefki|103/233|[from] item: Leftovers\n|upkeep\n|turn|32\n|inactive|Time left: 300 sec this turn | 300 sec total\n|\n|t:|1783566493\n|cant|p2a: Cryogonal|par\n|move|p1a: Klefki|Foul Play|p2a: Cryogonal\n|-damage|p2a: Cryogonal|41/100 par\n|\n|-heal|p1a: Klefki|117/233|[from] item: Leftovers\n|upkeep\n|turn|33\n|inactive|Time left: 300 sec this turn | 300 sec total\n|\n|t:|1783566494\n|move|p2a: Cryogonal|Recover|p2a: Cryogonal\n|-heal|p2a: Cryogonal|91/100 par\n|move|p1a: Klefki|Foul Play|p2a: Cryogonal\n|-damage|p2a: Cryogonal|70/100 par\n|\n|-heal|p1a: Klefki|131/233|[from] item: Leftovers\n|upkeep\n|turn|34\n|inactive|Time left: 300 sec this turn | 300 sec total\n|\n|t:|1783566495\n|cant|p2a: Cryogonal|par\n|move|p1a: Klefki|Dazzling Gleam|p2a: Cryogonal\n|-damage|p2a: Cryogonal|52/100 par\n|\n|-heal|p1a: Klefki|145/233|[from] item: Leftovers\n|upkeep\n|turn|35\n|inactive|Time left: 300 sec this turn | 300 sec total\n|\n|t:|1783566496\n|move|p2a: Cryogonal|Recover|p2a: Cryogonal\n|-heal|p2a: Cryogonal|100/100 par\n|move|p1a: Klefki|Dazzling Gleam|p2a: Cryogonal\n|-damage|p2a: Cryogonal|83/100 par\n|\n|-heal|p1a: Klefki|159/233|[from] item: Leftovers\n|upkeep\n|turn|36\n|inactive|Time left: 300 sec this turn | 300 sec total\n|\n|t:|1783566497\n|move|p2a: Cryogonal|Flash Cannon|p1a: Klefki\n|-damage|p1a: Klefki|100/233\n|move|p1a: Klefki|Dazzling Gleam|p2a: Cryogonal\n|-damage|p2a: Cryogonal|67/100 par\n|\n|-heal|p1a: Klefki|114/233|[from] item: Leftovers\n|upkeep\n|turn|37\n|inactive|Time left: 300 sec this turn | 300 sec total\n|\n|t:|1783566499\n|switch|p1a: Wugtrio|Wugtrio, L91, M|212/212\n|cant|p2a: Cryogonal|par\n|\n|upkeep\n|turn|38\n|inactive|Time left: 300 sec this turn | 300 sec total\n|\n|t:|1783566500\n|switch|p2a: Vaporeon|Vaporeon, L86, M|96/100\n|move|p1a: Wugtrio|Liquidation|p2a: Vaporeon\n|-heal|p2a: Vaporeon|100/100|[from] ability: Water Absorb|[of] p1a: Wugtrio\n|\n|upkeep\n|turn|39\n|inactive|Time left: 300 sec this turn | 300 sec total\n|\n|t:|1783566501\n|switch|p1a: Lumineon|Lumineon, L93, M|141/279\n|move|p2a: Vaporeon|Scald|p1a: Lumineon\n|-ability|p1a: Lumineon|Storm Drain|boost\n|-boost|p1a: Lumineon|spa|1\n|\n|upkeep\n|turn|40\n|inactive|Time left: 300 sec this turn | 300 sec total\n|\n|t:|1783566502\n|move|p1a: Lumineon|Encore|p2a: Vaporeon\n|-start|p2a: Vaporeon|Encore\n|move|p2a: Vaporeon|Scald|p1a: Lumineon\n|-ability|p1a: Lumineon|Storm Drain|boost\n|-boost|p1a: Lumineon|spa|1\n|\n|upkeep\n|turn|41\n|inactive|Time left: 300 sec this turn | 300 sec total\n|\n|t:|1783566503\n|switch|p2a: Cryogonal|Cryogonal, L89|67/100 par\n|move|p1a: Lumineon|Hydro Pump|p2a: Cryogonal\n|-damage|p2a: Cryogonal|10/100 par\n|\n|upkeep\n|turn|42\n|inactive|Time left: 300 sec this turn | 300 sec total\n|\n|t:|1783566504\n|switch|p2a: Vaporeon|Vaporeon, L86, M|100/100\n|move|p1a: Lumineon|Ice Beam|p2a: Vaporeon\n|-resisted|p2a: Vaporeon\n|-damage|p2a: Vaporeon|84/100\n|\n|-heal|p2a: Vaporeon|90/100|[from] item: Leftovers\n|upkeep\n|turn|43\n|inactive|Time left: 300 sec this turn | 300 sec total\n|\n|t:|1783566505\n|move|p1a: Lumineon|Ice Beam|p2a: Vaporeon\n|-resisted|p2a: Vaporeon\n|-damage|p2a: Vaporeon|74/100\n|move|p2a: Vaporeon|Wish|p2a: Vaporeon\n|\n|-heal|p2a: Vaporeon|80/100|[from] item: Leftovers\n|upkeep\n|turn|44\n|inactive|Time left: 300 sec this turn | 300 sec total\n|\n|t:|1783566506\n|move|p2a: Vaporeon|Protect|p2a: Vaporeon\n|-singleturn|p2a: Vaporeon|Protect\n|move|p1a: Lumineon|Encore|p2a: Vaporeon\n|-activate|p2a: Vaporeon|move: Protect\n|\n|-heal|p2a: Vaporeon|100/100|[from] move: Wish|[wisher] Vaporeon\n|upkeep\n|turn|45\n|inactive|Time left: 300 sec this turn | 300 sec total\n|\n|t:|1783566507\n|move|p1a: Lumineon|Encore|p2a: Vaporeon\n|-start|p2a: Vaporeon|Encore\n|move|p2a: Vaporeon|Protect||[still]\n|-fail|p2a: Vaporeon\n|\n|upkeep\n|turn|46\n|inactive|Time left: 300 sec this turn | 300 sec total\n|\n|t:|1783566508\n|move|p2a: Vaporeon|Protect|p2a: Vaporeon\n|-singleturn|p2a: Vaporeon|Protect\n|move|p1a: Lumineon|Ice Beam|p2a: Vaporeon\n|-activate|p2a: Vaporeon|move: Protect\n|\n|upkeep\n|turn|47\n|inactive|Time left: 300 sec this turn | 300 sec total\n|\n|t:|1783566509\n|move|p2a: Vaporeon|Protect||[still]\n|-fail|p2a: Vaporeon\n|move|p1a: Lumineon|Encore||[still]\n|-fail|p1a: Lumineon\n|\n|-end|p2a: Vaporeon|Encore\n|upkeep\n|turn|48\n|inactive|Time left: 300 sec this turn | 300 sec total\n|\n|t:|1783566511\n|move|p1a: Lumineon|Encore|p2a: Vaporeon\n|-start|p2a: Vaporeon|Encore\n|move|p2a: Vaporeon|Protect||[still]\n|-fail|p2a: Vaporeon\n|\n|upkeep\n|turn|49\n|inactive|Time left: 300 sec this turn | 300 sec total\n|\n|t:|1783566511\n|move|p2a: Vaporeon|Protect|p2a: Vaporeon\n|-singleturn|p2a: Vaporeon|Protect\n|move|p1a: Lumineon|Hydro Pump|p2a: Vaporeon\n|-activate|p2a: Vaporeon|move: Protect\n|\n|upkeep\n|turn|50\n|inactive|Time left: 300 sec this turn | 300 sec total\n|\n|t:|1783566513\n|move|p2a: Vaporeon|Protect|p2a: Vaporeon\n|-singleturn|p2a: Vaporeon|Protect\n|move|p1a: Lumineon|Encore|p2a: Vaporeon\n|-activate|p2a: Vaporeon|move: Protect\n|\n|-end|p2a: Vaporeon|Encore\n|upkeep\n|turn|51\n|inactive|Time left: 300 sec this turn | 300 sec total\n|\n|t:|1783566514\n|move|p2a: Vaporeon|Protect||[still]\n|-fail|p2a: Vaporeon\n|move|p1a: Lumineon|Encore|p2a: Vaporeon\n|-start|p2a: Vaporeon|Encore\n|\n|upkeep\n|turn|52\n|inactive|Time left: 300 sec this turn | 300 sec total\n|\n|t:|1783566515\n|move|p2a: Vaporeon|Protect|p2a: Vaporeon\n|-singleturn|p2a: Vaporeon|Protect\n|move|p1a: Lumineon|Ice Beam|p2a: Vaporeon\n|-activate|p2a: Vaporeon|move: Protect\n|\n|upkeep\n|turn|53\n|inactive|Time left: 300 sec this turn | 300 sec total\n|\n|t:|1783566516\n|move|p2a: Vaporeon|Protect||[still]\n|-fail|p2a: Vaporeon\n|move|p1a: Lumineon|Hydro Pump|p2a: Vaporeon\n|-immune|p2a: Vaporeon|[from] ability: Water Absorb\n|\n|upkeep\n|turn|54\n|inactive|Time left: 300 sec this turn | 300 sec total\n|\n|t:|1783566517\n|move|p2a: Vaporeon|Protect|p2a: Vaporeon\n|-singleturn|p2a: Vaporeon|Protect\n|move|p1a: Lumineon|Hydro Pump|p2a: Vaporeon\n|-activate|p2a: Vaporeon|move: Protect\n|\n|-end|p2a: Vaporeon|Encore\n|upkeep\n|turn|55\n|inactive|Time left: 300 sec this turn | 300 sec total\n|\n|t:|1783566518\n|move|p1a: Lumineon|Ice Beam|p2a: Vaporeon\n|-resisted|p2a: Vaporeon\n|-damage|p2a: Vaporeon|85/100\n|move|p2a: Vaporeon|Wish|p2a: Vaporeon\n|\n|-heal|p2a: Vaporeon|91/100|[from] item: Leftovers\n|upkeep\n|turn|56\n|inactive|Time left: 300 sec this turn | 300 sec total\n|\n|t:|1783566519\n|move|p1a: Lumineon|Ice Beam|p2a: Vaporeon\n|-resisted|p2a: Vaporeon\n|-damage|p2a: Vaporeon|76/100\n|move|p2a: Vaporeon|Wish||[still]\n|-fail|p2a: Vaporeon\n|\n|-heal|p2a: Vaporeon|100/100|[from] move: Wish|[wisher] Vaporeon\n|upkeep\n|turn|57\n|inactive|Time left: 300 sec this turn | 300 sec total\n|\n|t:|1783566520\n|move|p2a: Vaporeon|Protect|p2a: Vaporeon\n|-singleturn|p2a: Vaporeon|Protect\n|move|p1a: Lumineon|Ice Beam|p2a: Vaporeon\n|-activate|p2a: Vaporeon|move: Protect\n|\n|upkeep\n|turn|58\n|inactive|Time left: 300 sec this turn | 300 sec total\n|\n|t:|1783566521\n|move|p1a: Lumineon|Ice Beam|p2a: Vaporeon\n|-resisted|p2a: Vaporeon\n|-damage|p2a: Vaporeon|85/100\n|-status|p2a: Vaporeon|frz\n|cant|p2a: Vaporeon|frz\n|\n|-heal|p2a: Vaporeon|91/100 frz|[from] item: Leftovers\n|upkeep\n|turn|59\n|inactive|Time left: 300 sec this turn | 300 sec total\n|\n|t:|1783566522\n|move|p1a: Lumineon|Ice Beam|p2a: Vaporeon\n|-resisted|p2a: Vaporeon\n|-damage|p2a: Vaporeon|74/100 frz\n|cant|p2a: Vaporeon|frz\n|\n|-heal|p2a: Vaporeon|80/100 frz|[from] item: Leftovers\n|upkeep\n|turn|60\n|inactive|Time left: 300 sec this turn | 300 sec total\n|\n|t:|1783566523\n|move|p1a: Lumineon|Ice Beam|p2a: Vaporeon\n|-resisted|p2a: Vaporeon\n|-damage|p2a: Vaporeon|65/100 frz\n|-curestatus|p2a: Vaporeon|frz|[from] move: Scald\n|move|p2a: Vaporeon|Scald|p1a: Lumineon\n|-ability|p1a: Lumineon|Storm Drain|boost\n|-boost|p1a: Lumineon|spa|1\n|\n|-heal|p2a: Vaporeon|71/100|[from] item: Leftovers\n|upkeep\n|turn|61\n|inactive|Time left: 300 sec this turn | 300 sec total\n|\n|t:|1783566524\n|move|p1a: Lumineon|Ice Beam|p2a: Vaporeon\n|-resisted|p2a: Vaporeon\n|-damage|p2a: Vaporeon|52/100\n|move|p2a: Vaporeon|Wish|p2a: Vaporeon\n|\n|-heal|p2a: Vaporeon|58/100|[from] item: Leftovers\n|upkeep\n|turn|62\n|inactive|Time left: 300 sec this turn | 300 sec total\n|\n|t:|1783566525\n|move|p1a: Lumineon|Ice Beam|p2a: Vaporeon\n|-resisted|p2a: Vaporeon\n|-damage|p2a: Vaporeon|38/100\n|move|p2a: Vaporeon|Wish||[still]\n|-fail|p2a: Vaporeon\n|\n|-heal|p2a: Vaporeon|88/100|[from] move: Wish|[wisher] Vaporeon\n|-heal|p2a: Vaporeon|94/100|[from] item: Leftovers\n|upkeep\n|turn|63\n|inactive|Time left: 300 sec this turn | 300 sec total\n|\n|t:|1783566525\n|move|p1a: Lumineon|Hydro Pump|p2a: Vaporeon\n|-heal|p2a: Vaporeon|100/100|[from] ability: Water Absorb|[of] p1a: Lumineon\n|move|p2a: Vaporeon|Wish|p2a: Vaporeon\n|\n|upkeep\n|turn|64\n|inactive|Time left: 300 sec this turn | 300 sec total\n|\n|t:|1783566526\n|move|p2a: Vaporeon|Protect|p2a: Vaporeon\n|-singleturn|p2a: Vaporeon|Protect\n|move|p1a: Lumineon|Hydro Pump|p2a: Vaporeon\n|-activate|p2a: Vaporeon|move: Protect\n|\n|upkeep\n|turn|65\n|inactive|Time left: 300 sec this turn | 300 sec total\n|\n|t:|1783566527\n|move|p1a: Lumineon|Ice Beam|p2a: Vaporeon\n|-resisted|p2a: Vaporeon\n|-damage|p2a: Vaporeon|81/100\n|move|p2a: Vaporeon|Wish|p2a: Vaporeon\n|\n|-heal|p2a: Vaporeon|87/100|[from] item: Leftovers\n|upkeep\n|turn|66\n|inactive|Time left: 300 sec this turn | 300 sec total\n|\n|t:|1783566528\n|move|p1a: Lumineon|Hydro Pump|p2a: Vaporeon\n|-heal|p2a: Vaporeon|100/100|[from] ability: Water Absorb|[of] p1a: Lumineon\n|move|p2a: Vaporeon|Scald|p1a: Lumineon\n|-ability|p1a: Lumineon|Storm Drain|boost\n|-boost|p1a: Lumineon|spa|1\n|\n|upkeep\n|turn|67\n|inactive|Time left: 300 sec this turn | 300 sec total\n|\n|t:|1783566528\n|move|p1a: Lumineon|Ice Beam|p2a: Vaporeon\n|-resisted|p2a: Vaporeon\n|-damage|p2a: Vaporeon|78/100\n|move|p2a: Vaporeon|Wish|p2a: Vaporeon\n|\n|-heal|p2a: Vaporeon|84/100|[from] item: Leftovers\n|upkeep\n|turn|68\n|inactive|Time left: 300 sec this turn | 300 sec total\n|\n|t:|1783566529\n|move|p1a: Lumineon|Hydro Pump|p2a: Vaporeon\n|-heal|p2a: Vaporeon|100/100|[from] ability: Water Absorb|[of] p1a: Lumineon\n|move|p2a: Vaporeon|Flip Turn|p1a: Lumineon\n|-ability|p1a: Lumineon|Storm Drain|boost\n|-boost|p1a: Lumineon|spa|1\n|\n|upkeep\n|turn|69\n|inactive|Time left: 300 sec this turn | 300 sec total\n|\n|t:|1783566530\n|move|p1a: Lumineon|U-turn|p2a: Vaporeon\n|-damage|p2a: Vaporeon|82/100\n|inactive|Time left: 300 sec this turn | 300 sec total | 5 sec grace\n|\n|t:|1783566530\n|switch|p1a: Klefki|Klefki, L84, F|114/233|[from] U-turn\n|move|p2a: Vaporeon|Scald|p1a: Klefki\n|-damage|p1a: Klefki|12/233\n|\n|-heal|p1a: Klefki|26/233|[from] item: Leftovers\n|-heal|p2a: Vaporeon|88/100|[from] item: Leftovers\n|upkeep\n|turn|70\n|inactive|Time left: 300 sec this turn | 300 sec total\n|\n|t:|1783566531\n|move|p1a: Klefki|Thunder Wave|p2a: Vaporeon\n|-status|p2a: Vaporeon|par\n|move|p2a: Vaporeon|Scald|p1a: Klefki\n|-damage|p1a: Klefki|0 fnt\n|faint|p1a: Klefki\n|\n|-heal|p2a: Vaporeon|94/100 par|[from] item: Leftovers\n|upkeep\n|inactive|Time left: 300 sec this turn | 300 sec total | 5 sec grace\n|\n|t:|1783566532\n|switch|p1a: Wugtrio|Wugtrio, L91, M|212/212\n|turn|71\n|inactive|Time left: 300 sec this turn | 300 sec total\n|\n|t:|1783566533\n|move|p1a: Wugtrio|Stomping Tantrum|p2a: Vaporeon\n|-damage|p2a: Vaporeon|59/100 par\n|move|p2a: Vaporeon|Scald|p1a: Wugtrio\n|-resisted|p1a: Wugtrio\n|-damage|p1a: Wugtrio|154/212\n|\n|-heal|p2a: Vaporeon|65/100 par|[from] item: Leftovers\n|upkeep\n|turn|72\n|inactive|Time left: 300 sec this turn | 300 sec total\n|\n|t:|1783566534\n|move|p1a: Wugtrio|Stomping Tantrum|p2a: Vaporeon\n|-damage|p2a: Vaporeon|33/100 par\n|move|p2a: Vaporeon|Wish|p2a: Vaporeon\n|\n|-heal|p2a: Vaporeon|39/100 par|[from] item: Leftovers\n|upkeep\n|turn|73\n|inactive|Time left: 300 sec this turn | 300 sec total\n|\n|t:|1783566536\n|switch|p2a: Stonjourner|Stonjourner, L91, F|66/100\n|move|p1a: Wugtrio|Stomping Tantrum|p2a: Stonjourner\n|-supereffective|p2a: Stonjourner\n|-crit|p2a: Stonjourner\n|-damage|p2a: Stonjourner|10/100\n|\n|-heal|p2a: Stonjourner|65/100|[from] move: Wish|[wisher] Vaporeon\n|upkeep\n|turn|74\n|inactive|Time left: 300 sec this turn | 300 sec total\n|\n|t:|1783566537\n|move|p1a: Wugtrio|Stomping Tantrum|p2a: Stonjourner\n|-supereffective|p2a: Stonjourner\n|-damage|p2a: Stonjourner|28/100\n|move|p2a: Stonjourner|Earthquake|p1a: Wugtrio\n|-damage|p1a: Wugtrio|0 fnt\n|faint|p1a: Wugtrio\n|-damage|p2a: Stonjourner|18/100|[from] item: Life Orb\n|\n|upkeep\n|inactive|Time left: 300 sec this turn | 300 sec total | 5 sec grace\n|\n|t:|1783566538\n|switch|p1a: Lumineon|Lumineon, L93, M|141/279\n|turn|75\n|inactive|Time left: 300 sec this turn | 300 sec total\n|\n|t:|1783566539\n|move|p1a: Lumineon|U-turn|p2a: Stonjourner\n|-damage|p2a: Stonjourner|8/100\n|move|p2a: Stonjourner|Stone Edge|p1a: Lumineon|[miss]\n|-miss|p2a: Stonjourner|p1a: Lumineon\n|\n|upkeep\n|turn|76\n|inactive|Time left: 300 sec this turn | 300 sec total\n|\n|t:|1783566540\n|switch|p2a: Vaporeon|Vaporeon, L86, M|39/100 par\n|move|p1a: Lumineon|U-turn|p2a: Vaporeon\n|-damage|p2a: Vaporeon|22/100 par\n|\n|-heal|p2a: Vaporeon|28/100 par|[from] item: Leftovers\n|upkeep\n|turn|77\n|inactive|Time left: 300 sec this turn | 300 sec total\n|\n|t:|1783566541\n|move|p2a: Vaporeon|Protect|p2a: Vaporeon\n|-singleturn|p2a: Vaporeon|Protect\n|move|p1a: Lumineon|U-turn|p2a: Vaporeon\n|-activate|p2a: Vaporeon|move: Protect\n|\n|-heal|p2a: Vaporeon|34/100 par|[from] item: Leftovers\n|upkeep\n|turn|78\n|inactive|Time left: 300 sec this turn | 300 sec total\n|\n|t:|1783566542\n|move|p1a: Lumineon|U-turn|p2a: Vaporeon\n|-damage|p2a: Vaporeon|15/100 par\n|move|p2a: Vaporeon|Wish|p2a: Vaporeon\n|\n|-heal|p2a: Vaporeon|21/100 par|[from] item: Leftovers\n|upkeep\n|turn|79\n|inactive|Time left: 300 sec this turn | 300 sec total\n|\n|t:|1783566543\n|move|p2a: Vaporeon|Protect|p2a: Vaporeon\n|-singleturn|p2a: Vaporeon|Protect\n|move|p1a: Lumineon|U-turn|p2a: Vaporeon\n|-activate|p2a: Vaporeon|move: Protect\n|\n|-heal|p2a: Vaporeon|71/100 par|[from] move: Wish|[wisher] Vaporeon\n|-heal|p2a: Vaporeon|77/100 par|[from] item: Leftovers\n|upkeep\n|turn|80\n|inactive|Time left: 300 sec this turn | 300 sec total\n|\n|t:|1783566544\n|move|p1a: Lumineon|U-turn|p2a: Vaporeon\n|-damage|p2a: Vaporeon|60/100 par\n|move|p2a: Vaporeon|Wish|p2a: Vaporeon\n|\n|-heal|p2a: Vaporeon|66/100 par|[from] item: Leftovers\n|upkeep\n|turn|81\n|inactive|Time left: 300 sec this turn | 300 sec total\n|\n|t:|1783566545\n|move|p1a: Lumineon|U-turn|p2a: Vaporeon\n|-damage|p2a: Vaporeon|50/100 par\n|cant|p2a: Vaporeon|par\n|\n|-heal|p2a: Vaporeon|99/100 par|[from] move: Wish|[wisher] Vaporeon\n|-heal|p2a: Vaporeon|100/100 par|[from] item: Leftovers\n|upkeep\n|turn|82\n|inactive|Time left: 300 sec this turn | 300 sec total\n|\n|t:|1783566546\n|move|p1a: Lumineon|U-turn|p2a: Vaporeon\n|-damage|p2a: Vaporeon|83/100 par\n|cant|p2a: Vaporeon|par\n|\n|-heal|p2a: Vaporeon|89/100 par|[from] item: Leftovers\n|upkeep\n|turn|83\n|inactive|Time left: 300 sec this turn | 300 sec total\n|\n|t:|1783566547\n|move|p1a: Lumineon|U-turn|p2a: Vaporeon\n|-damage|p2a: Vaporeon|73/100 par\n|move|p2a: Vaporeon|Wish|p2a: Vaporeon\n|\n|-heal|p2a: Vaporeon|79/100 par|[from] item: Leftovers\n|upkeep\n|turn|84\n|inactive|Time left: 300 sec this turn | 300 sec total\n|\n|t:|1783566549\n|move|p1a: Lumineon|U-turn|p2a: Vaporeon\n|-damage|p2a: Vaporeon|62/100 par\n|move|p2a: Vaporeon|Wish||[still]\n|-fail|p2a: Vaporeon\n|\n|-heal|p2a: Vaporeon|100/100 par|[from] move: Wish|[wisher] Vaporeon\n|upkeep\n|turn|85\n|inactive|Time left: 300 sec this turn | 300 sec total\n|\n|t:|1783566550\n|move|p1a: Lumineon|U-turn|p2a: Vaporeon\n|-damage|p2a: Vaporeon|84/100 par\n|move|p2a: Vaporeon|Wish|p2a: Vaporeon\n|\n|-heal|p2a: Vaporeon|90/100 par|[from] item: Leftovers\n|upkeep\n|turn|86\n|inactive|Time left: 300 sec this turn | 300 sec total\n|\n|t:|1783566551\n|move|p1a: Lumineon|U-turn|p2a: Vaporeon\n|-damage|p2a: Vaporeon|74/100 par\n|cant|p2a: Vaporeon|par\n|\n|-heal|p2a: Vaporeon|100/100 par|[from] move: Wish|[wisher] Vaporeon\n|upkeep\n|turn|87\n|inactive|Time left: 300 sec this turn | 300 sec total\n|\n|t:|1783566552\n|move|p1a: Lumineon|U-turn|p2a: Vaporeon\n|-damage|p2a: Vaporeon|82/100 par\n|move|p2a: Vaporeon|Wish|p2a: Vaporeon\n|\n|-heal|p2a: Vaporeon|88/100 par|[from] item: Leftovers\n|upkeep\n|turn|88\n|inactive|Time left: 300 sec this turn | 300 sec total\n|\n|t:|1783566553\n|move|p1a: Lumineon|U-turn|p2a: Vaporeon\n|-damage|p2a: Vaporeon|72/100 par\n|move|p2a: Vaporeon|Flip Turn|p1a: Lumineon\n|-ability|p1a: Lumineon|Storm Drain|boost\n|-boost|p1a: Lumineon|spa|1\n|\n|-heal|p2a: Vaporeon|100/100 par|[from] move: Wish|[wisher] Vaporeon\n|upkeep\n|turn|89\n|inactive|Time left: 300 sec this turn | 300 sec total\n|\n|t:|1783566554\n|move|p1a: Lumineon|U-turn|p2a: Vaporeon\n|-damage|p2a: Vaporeon|85/100 par\n|move|p2a: Vaporeon|Scald|p1a: Lumineon\n|-ability|p1a: Lumineon|Storm Drain|boost\n|-boost|p1a: Lumineon|spa|1\n|\n|-heal|p2a: Vaporeon|91/100 par|[from] item: Leftovers\n|upkeep\n|turn|90\n|inactive|Time left: 300 sec this turn | 300 sec total\n|\n|t:|1783566555\n|move|p1a: Lumineon|U-turn|p2a: Vaporeon\n|-damage|p2a: Vaporeon|74/100 par\n|cant|p2a: Vaporeon|par\n|\n|-heal|p2a: Vaporeon|80/100 par|[from] item: Leftovers\n|upkeep\n|turn|91\n|inactive|Time left: 300 sec this turn | 300 sec total\n|\n|t:|1783566556\n|move|p1a: Lumineon|U-turn|p2a: Vaporeon\n|-damage|p2a: Vaporeon|63/100 par\n|move|p2a: Vaporeon|Scald|p1a: Lumineon\n|-ability|p1a: Lumineon|Storm Drain|boost\n|-boost|p1a: Lumineon|spa|1\n|\n|-heal|p2a: Vaporeon|69/100 par|[from] item: Leftovers\n|upkeep\n|turn|92\n|inactive|Time left: 300 sec this turn | 300 sec total\n|\n|t:|1783566557\n|move|p1a: Lumineon|U-turn|p2a: Vaporeon\n|-damage|p2a: Vaporeon|54/100 par\n|move|p2a: Vaporeon|Scald|p1a: Lumineon\n|-ability|p1a: Lumineon|Storm Drain|boost\n|-boost|p1a: Lumineon|spa|1\n|\n|-heal|p2a: Vaporeon|60/100 par|[from] item: Leftovers\n|upkeep\n|turn|93\n|inactive|Time left: 300 sec this turn | 300 sec total\n|\n|t:|1783566559\n|move|p1a: Lumineon|U-turn|p2a: Vaporeon\n|-damage|p2a: Vaporeon|42/100 par\n|move|p2a: Vaporeon|Flip Turn|p1a: Lumineon\n|-ability|p1a: Lumineon|Storm Drain|boost\n|-boost|p1a: Lumineon|spa|1\n|\n|-heal|p2a: Vaporeon|48/100 par|[from] item: Leftovers\n|upkeep\n|turn|94\n|inactive|Time left: 300 sec this turn | 300 sec total\n|\n|t:|1783566560\n|move|p2a: Vaporeon|Protect|p2a: Vaporeon\n|-singleturn|p2a: Vaporeon|Protect\n|move|p1a: Lumineon|U-turn|p2a: Vaporeon\n|-activate|p2a: Vaporeon|move: Protect\n|\n|-heal|p2a: Vaporeon|54/100 par|[from] item: Leftovers\n|upkeep\n|turn|95\n|inactive|Time left: 300 sec this turn | 300 sec total\n|\n|t:|1783566560\n|move|p1a: Lumineon|U-turn|p2a: Vaporeon\n|-damage|p2a: Vaporeon|36/100 par\n|move|p2a: Vaporeon|Flip Turn|p1a: Lumineon\n|-ability|p1a: Lumineon|Storm Drain|boost\n|-boost|p1a: Lumineon|spa|1\n|\n|-heal|p2a: Vaporeon|42/100 par|[from] item: Leftovers\n|upkeep\n|turn|96\n|inactive|Time left: 300 sec this turn | 300 sec total\n|\n|t:|1783566561\n|move|p1a: Lumineon|U-turn|p2a: Vaporeon\n|-damage|p2a: Vaporeon|27/100 par\n|move|p2a: Vaporeon|Flip Turn|p1a: Lumineon\n|-immune|p1a: Lumineon|[from] ability: Storm Drain\n|\n|-heal|p2a: Vaporeon|33/100 par|[from] item: Leftovers\n|upkeep\n|turn|97\n|inactive|Time left: 300 sec this turn | 300 sec total\n|\n|t:|1783566562\n|move|p1a: Lumineon|U-turn|p2a: Vaporeon\n|-damage|p2a: Vaporeon|16/100 par\n|move|p2a: Vaporeon|Flip Turn|p1a: Lumineon\n|-immune|p1a: Lumineon|[from] ability: Storm Drain\n|\n|-heal|p2a: Vaporeon|22/100 par|[from] item: Leftovers\n|upkeep\n|turn|98\n|inactive|Time left: 300 sec this turn | 300 sec total\n|\n|t:|1783566563\n|move|p1a: Lumineon|U-turn|p2a: Vaporeon\n|-damage|p2a: Vaporeon|5/100 par\n|move|p2a: Vaporeon|Scald|p1a: Lumineon\n|-immune|p1a: Lumineon|[from] ability: Storm Drain\n|\n|-heal|p2a: Vaporeon|11/100 par|[from] item: Leftovers\n|upkeep\n|turn|99\n|inactive|Time left: 300 sec this turn | 300 sec total\n|\n|t:|1783566564\n|move|p1a: Lumineon|U-turn|p2a: Vaporeon\n|-damage|p2a: Vaporeon|0 fnt\n|faint|p2a: Vaporeon\n|\n|upkeep\n|\n|t:|1783566565\n|switch|p2a: Cryogonal|Cryogonal, L89|10/100 par\n|turn|100\n|inactive|Time left: 300 sec this turn | 300 sec total\n|\n|t:|1783566566\n|switch|p2a: Stonjourner|Stonjourner, L91, F|8/100\n|move|p1a: Lumineon|U-turn|p2a: Stonjourner\n|-damage|p2a: Stonjourner|0 fnt\n|faint|p2a: Stonjourner\n|\n|upkeep\n|\n|t:|1783566566\n|switch|p2a: Cryogonal|Cryogonal, L89|10/100 par\n|turn|101\n|inactive|Time left: 300 sec this turn | 300 sec total\n|\n|t:|1783566567\n|move|p1a: Lumineon|U-turn|p2a: Cryogonal\n|-damage|p2a: Cryogonal|0 fnt\n|faint|p2a: Cryogonal\n|\n|win|p0x22837e4c", "uploadtime": 1783566567, "views": 0, "rating": 0, "private": 0, "password": null, "_winner": "p0x22837e4c", "_our_name": "p0x22837e4c"}