{"id": "battle-gen9randombattle-2220", "formatid": "gen9randombattle", "format": "[Gen 9] Random Battle", "players": ["p0x222082b2", "p0y2220b81a"], "log": "|init|battle\n|title|p0x222082b2 vs. p0y2220b81a\n|j|\u2606p0x222082b2\n|j|\u2606p0y2220b81a\n|t:|1783565740\n|gametype|singles\n|player|p1|p0x222082b2|170|\n|player|p2|p0y2220b81a|102|\n|gen|9\n|tier|[Gen 9] Random Battle\n|rule|Species Clause: Limit one of each Pok\u00e9mon\n|rule|HP Percentage Mod: HP is shown in percentages\n|rule|Sleep Clause Mod: Limit one foe put to sleep\n|rule|Illusion Level Mod: Illusion disguises the Pok\u00e9mon's true level\n|\n|t:|1783565740\n|teamsize|p1|6\n|teamsize|p2|6\n|start\n|switch|p1a: Hariyama|Hariyama, L87, M|392/392\n|switch|p2a: Stonjourner|Stonjourner, L91, F|100/100\n|turn|1\n|inactive|Battle timer is ON: inactive players will automatically lose when time's up. (requested by p0x222082b2)\n|inactive|p0y2220b81a also wants the timer to be on.\n|\n|t:|1783565741\n|move|p2a: Stonjourner|Earthquake|p1a: Hariyama\n|-damage|p1a: Hariyama|215/392\n|-damage|p2a: Stonjourner|90/100|[from] item: Life Orb\n|move|p1a: Hariyama|Knock Off|p2a: Stonjourner\n|-damage|p2a: Stonjourner|72/100\n|-enditem|p2a: Stonjourner|Life Orb|[from] move: Knock Off|[of] p1a: Hariyama\n|\n|-status|p1a: Hariyama|brn|[from] item: Flame Orb\n|upkeep\n|turn|2\n|inactive|Time left: 300 sec this turn | 300 sec total\n|\n|t:|1783565742\n|move|p2a: Stonjourner|Stone Edge|p1a: Hariyama\n|-resisted|p1a: Hariyama\n|-damage|p1a: Hariyama|123/392 brn\n|move|p1a: Hariyama|Close Combat|p2a: Stonjourner\n|-supereffective|p2a: Stonjourner\n|-damage|p2a: Stonjourner|0 fnt\n|-unboost|p1a: Hariyama|def|1\n|-unboost|p1a: Hariyama|spd|1\n|faint|p2a: Stonjourner\n|\n|-damage|p1a: Hariyama|99/392 brn|[from] brn\n|upkeep\n|\n|t:|1783565743\n|switch|p2a: Espathra|Espathra, L80, M|100/100\n|turn|3\n|inactive|Time left: 300 sec this turn | 300 sec total\n|\n|t:|1783565744\n|switch|p1a: Goodra|Goodra-Hisui, L82, M|265/265\n|move|p2a: Espathra|Lumina Crash|p1a: Goodra\n|-resisted|p1a: Goodra\n|-damage|p1a: Goodra|238/265\n|-unboost|p1a: Goodra|spd|2\n|\n|-ability|p2a: Espathra|Speed Boost|boost\n|-boost|p2a: Espathra|spe|1\n|upkeep\n|turn|4\n|inactive|Time left: 300 sec this turn | 300 sec total\n|\n|t:|1783565745\n|move|p2a: Espathra|Lumina Crash|p1a: Goodra\n|-resisted|p1a: Goodra\n|-damage|p1a: Goodra|182/265\n|-unboost|p1a: Goodra|spd|2\n|move|p1a: Goodra|Knock Off|p2a: Espathra\n|-supereffective|p2a: Espathra\n|-damage|p2a: Espathra|37/100\n|-enditem|p2a: Espathra|Choice Specs|[from] move: Knock Off|[of] p1a: Goodra\n|\n|-ability|p2a: Espathra|Speed Boost|boost\n|-boost|p2a: Espathra|spe|1\n|upkeep\n|turn|5\n|inactive|Time left: 300 sec this turn | 300 sec total\n|\n|t:|1783565746\n|switch|p2a: Mudsdale|Mudsdale, L83, M|100/100\n|move|p1a: Goodra|Heavy Slam|p2a: Mudsdale\n|-damage|p2a: Mudsdale|87/100\n|-ability|p2a: Mudsdale|Stamina|boost\n|-boost|p2a: Mudsdale|def|1\n|\n|-heal|p2a: Mudsdale|93/100|[from] item: Leftovers\n|upkeep\n|turn|6\n|inactive|Time left: 300 sec this turn | 300 sec total\n|\n|t:|1783565747\n|switch|p1a: Kyurem|Kyurem, L77|319/319\n|-ability|p1a: Kyurem|Pressure\n|move|p2a: Mudsdale|Earthquake|p1a: Kyurem\n|-damage|p1a: Kyurem|192/319\n|\n|-heal|p2a: Mudsdale|99/100|[from] item: Leftovers\n|upkeep\n|turn|7\n|inactive|Time left: 300 sec this turn | 300 sec total\n|\n|t:|1783565748\n|move|p1a: Kyurem|Ice Beam|p2a: Mudsdale\n|-supereffective|p2a: Mudsdale\n|-damage|p2a: Mudsdale|4/100\n|-status|p2a: Mudsdale|frz\n|-ability|p2a: Mudsdale|Stamina|boost\n|-boost|p2a: Mudsdale|def|1\n|cant|p2a: Mudsdale|frz\n|\n|-heal|p2a: Mudsdale|10/100 frz|[from] item: Leftovers\n|upkeep\n|turn|8\n|inactive|Time left: 300 sec this turn | 300 sec total\n|\n|t:|1783565749\n|move|p1a: Kyurem|Ice Beam|p2a: Mudsdale\n|-supereffective|p2a: Mudsdale\n|-damage|p2a: Mudsdale|0 fnt\n|faint|p2a: Mudsdale\n|\n|upkeep\n|\n|t:|1783565750\n|switch|p2a: Ampharos|Ampharos, L88, F|100/100\n|turn|9\n|inactive|Time left: 300 sec this turn | 300 sec total\n|\n|t:|1783565751\n|move|p1a: Kyurem|Ice Beam|p2a: Ampharos\n|-damage|p2a: Ampharos|69/100\n|move|p2a: Ampharos|Dazzling Gleam|p1a: Kyurem\n|-supereffective|p1a: Kyurem\n|-damage|p1a: Kyurem|26/319\n|\n|upkeep\n|turn|10\n|inactive|Time left: 300 sec this turn | 300 sec total\n|\n|t:|1783565752\n|move|p1a: Kyurem|Ice Beam|p2a: Ampharos\n|-damage|p2a: Ampharos|41/100\n|move|p2a: Ampharos|Discharge|p1a: Kyurem\n|-resisted|p1a: Kyurem\n|-damage|p1a: Kyurem|0 fnt\n|faint|p1a: Kyurem\n|\n|upkeep\n|inactive|Time left: 300 sec this turn | 300 sec total | 5 sec grace\n|\n|t:|1783565753\n|switch|p1a: Gyarados|Gyarados, L79, M|280/280\n|turn|11\n|inactive|Time left: 300 sec this turn | 300 sec total\n|\n|t:|1783565753\n|switch|p2a: Breloom|Breloom, L83, M|100/100\n|-terastallize|p1a: Gyarados|Ground\n|move|p1a: Gyarados|Earthquake|p2a: Breloom\n|-resisted|p2a: Breloom\n|-damage|p2a: Breloom|76/100\n|\n|upkeep\n|turn|12\n|inactive|Time left: 300 sec this turn | 300 sec total\n|\n|t:|1783565754\n|switch|p1a: Munkidori|Munkidori, L79, M|269/269\n|move|p2a: Breloom|Bullet Seed|p1a: Munkidori\n|-resisted|p1a: Munkidori\n|-damage|p1a: Munkidori|226/269\n|-resisted|p1a: Munkidori\n|-damage|p1a: Munkidori|183/269\n|-resisted|p1a: Munkidori\n|-damage|p1a: Munkidori|139/269\n|-resisted|p1a: Munkidori\n|-damage|p1a: Munkidori|97/269\n|-hitcount|p1a: Munkidori|4\n|-damage|p2a: Breloom|66/100|[from] item: Life Orb\n|\n|upkeep\n|turn|13\n|inactive|Time left: 300 sec this turn | 300 sec total\n|\n|t:|1783565755\n|switch|p2a: Sudowoodo|Sudowoodo, L94, M|100/100\n|move|p1a: Munkidori|Sludge Wave|p2a: Sudowoodo\n|-resisted|p2a: Sudowoodo\n|-damage|p2a: Sudowoodo|73/100\n|-status|p2a: Sudowoodo|tox|[from] ability: Toxic Chain|[of] p1a: Munkidori\n|-damage|p1a: Munkidori|71/269|[from] item: Life Orb\n|\n|-heal|p2a: Sudowoodo|79/100 tox|[from] item: Leftovers\n|-damage|p2a: Sudowoodo|73/100 tox|[from] psn\n|upkeep\n|turn|14\n|inactive|Time left: 300 sec this turn | 300 sec total\n|\n|t:|1783565756\n|move|p1a: Munkidori|Focus Blast|p2a: Sudowoodo|[miss]\n|-miss|p1a: Munkidori|p2a: Sudowoodo\n|move|p2a: Sudowoodo|Earthquake|p1a: Munkidori\n|-supereffective|p1a: Munkidori\n|-crit|p1a: Munkidori\n|-damage|p1a: Munkidori|0 fnt\n|faint|p1a: Munkidori\n|\n|-heal|p2a: Sudowoodo|79/100 tox|[from] item: Leftovers\n|-damage|p2a: Sudowoodo|67/100 tox|[from] psn\n|upkeep\n|inactive|Time left: 300 sec this turn | 300 sec total | 5 sec grace\n|\n|t:|1783565757\n|switch|p1a: Orthworm|Orthworm, L88, F|266/266\n|turn|15\n|inactive|Time left: 300 sec this turn | 300 sec total\n|\n|t:|1783565758\n|switch|p2a: Ampharos|Ampharos, L88, F|41/100\n|move|p1a: Orthworm|Coil|p1a: Orthworm\n|-boost|p1a: Orthworm|atk|1\n|-boost|p1a: Orthworm|def|1\n|-boost|p1a: Orthworm|accuracy|1\n|\n|upkeep\n|turn|16\n|inactive|Time left: 300 sec this turn | 300 sec total\n|\n|t:|1783565759\n|move|p1a: Orthworm|Body Press|p2a: Ampharos\n|-damage|p2a: Ampharos|0 fnt\n|-status|p1a: Orthworm|par|[from] ability: Static|[of] p2a: Ampharos\n|faint|p2a: Ampharos\n|\n|upkeep\n|\n|t:|1783565760\n|switch|p2a: Espathra|Espathra, L80, M|37/100\n|turn|17\n|inactive|Time left: 300 sec this turn | 300 sec total\n|\n|t:|1783565761\n|move|p2a: Espathra|Lumina Crash|p1a: Orthworm\n|-resisted|p1a: Orthworm\n|-damage|p1a: Orthworm|214/266 par\n|-unboost|p1a: Orthworm|spd|2\n|move|p1a: Orthworm|Iron Tail|p2a: Espathra\n|-damage|p2a: Espathra|0 fnt\n|faint|p2a: Espathra\n|\n|upkeep\n|\n|t:|1783565762\n|switch|p2a: Breloom|Breloom, L83, M|66/100\n|turn|18\n|inactive|Time left: 300 sec this turn | 300 sec total\n|\n|t:|1783565763\n|move|p2a: Breloom|Swords Dance|p2a: Breloom\n|-boost|p2a: Breloom|atk|2\n|move|p1a: Orthworm|Body Press|p2a: Breloom\n|-damage|p2a: Breloom|10/100\n|\n|upkeep\n|turn|19\n|inactive|Time left: 300 sec this turn | 300 sec total\n|\n|t:|1783565764\n|move|p2a: Breloom|Swords Dance|p2a: Breloom\n|-boost|p2a: Breloom|atk|2\n|cant|p1a: Orthworm|par\n|\n|upkeep\n|turn|20\n|inactive|Time left: 300 sec this turn | 300 sec total\n|\n|t:|1783565765\n|move|p2a: Breloom|Mach Punch|p1a: Orthworm\n|-supereffective|p1a: Orthworm\n|-damage|p1a: Orthworm|0 fnt\n|faint|p1a: Orthworm\n|-damage|p2a: Breloom|0 fnt|[from] item: Life Orb\n|faint|p2a: Breloom\n|\n|upkeep\n|inactive|Time left: 300 sec this turn | 300 sec total | 5 sec grace\n|\n|t:|1783565766\n|switch|p1a: Hariyama|Hariyama, L87, M|99/392 brn\n|switch|p2a: Sudowoodo|Sudowoodo, L94, M|67/100 tox\n|turn|21\n|inactive|Time left: 300 sec this turn | 300 sec total\n|\n|t:|1783565767\n|-terastallize|p2a: Sudowoodo|Grass\n|move|p1a: Hariyama|Close Combat|p2a: Sudowoodo\n|-damage|p2a: Sudowoodo|2/100 tox\n|-unboost|p1a: Hariyama|def|1\n|-unboost|p1a: Hariyama|spd|1\n|move|p2a: Sudowoodo|Earthquake|p1a: Hariyama\n|-damage|p1a: Hariyama|0 fnt\n|faint|p1a: Hariyama\n|\n|-heal|p2a: Sudowoodo|8/100 tox|[from] item: Leftovers\n|-damage|p2a: Sudowoodo|2/100 tox|[from] psn\n|upkeep\n|inactive|Time left: 300 sec this turn | 300 sec total | 5 sec grace\n|\n|t:|1783565768\n|switch|p1a: Gyarados|Gyarados, L79, M, tera:Ground|280/280\n|turn|22\n|inactive|Time left: 300 sec this turn | 300 sec total\n|\n|t:|1783565768\n|move|p1a: Gyarados|Dragon Dance|p1a: Gyarados\n|-boost|p1a: Gyarados|atk|1\n|-boost|p1a: Gyarados|spe|1\n|move|p2a: Sudowoodo|Head Smash|p1a: Gyarados\n|-resisted|p1a: Gyarados\n|-damage|p1a: Gyarados|157/280\n|\n|-heal|p2a: Sudowoodo|8/100 tox|[from] item: Leftovers\n|-damage|p2a: Sudowoodo|0 fnt|[from] psn\n|faint|p2a: Sudowoodo\n|\n|win|p0x222082b2", "uploadtime": 1783565768, "views": 0, "rating": 0, "private": 0, "password": null, "_winner": "p0x222082b2", "_our_name": "p0x222082b2"}