{"id": "battle-gen9randombattle-97", "formatid": "gen9randombattle", "format": "[Gen 9] Random Battle", "players": ["p0x097e6aa", "p0y0974b9d"], "log": "|init|battle\n|title|p0x097e6aa vs. p0y0974b9d\n|j|\u2606p0x097e6aa\n|j|\u2606p0y0974b9d\n|t:|1783540612\n|gametype|singles\n|player|p1|p0x097e6aa|266|\n|player|p2|p0y0974b9d|102|\n|gen|9\n|tier|[Gen 9] Random Battle\n|rule|Species Clause: Limit one of each Pok\u00e9mon\n|rule|HP Percentage Mod: HP is shown in percentages\n|rule|Sleep Clause Mod: Limit one foe put to sleep\n|rule|Illusion Level Mod: Illusion disguises the Pok\u00e9mon's true level\n|\n|t:|1783540612\n|teamsize|p1|6\n|teamsize|p2|6\n|start\n|switch|p1a: Rampardos|Rampardos, L90, M|321/321\n|switch|p2a: Hitmontop|Hitmontop, L88, M|100/100\n|-ability|p2a: Hitmontop|Intimidate|boost\n|-unboost|p1a: Rampardos|atk|1\n|turn|1\n|inactive|Battle timer is ON: inactive players will automatically lose when time's up. (requested by p0y0974b9d)\n|inactive|Time left: 300 sec this turn | 300 sec total | 60 sec grace\n|inactive|p0x097e6aa also wants the timer to be on.\n|\n|t:|1783540614\n|switch|p1a: Hitmontop|Hitmontop, L88, M|231/231\n|-ability|p1a: Hitmontop|Intimidate|boost\n|-unboost|p2a: Hitmontop|atk|1\n|move|p2a: Hitmontop|Close Combat|p1a: Hitmontop\n|-damage|p1a: Hitmontop|146/231\n|-unboost|p2a: Hitmontop|def|1\n|-unboost|p2a: Hitmontop|spd|1\n|\n|upkeep\n|turn|2\n|inactive|Time left: 300 sec this turn | 300 sec total\n|\n|t:|1783540615\n|switch|p2a: Reuniclus|Reuniclus, L88, M|100/100\n|move|p1a: Hitmontop|Earthquake|p2a: Reuniclus\n|-damage|p2a: Reuniclus|77/100\n|\n|upkeep\n|turn|3\n|inactive|Time left: 300 sec this turn | 300 sec total\n|\n|t:|1783540616\n|move|p1a: Hitmontop|Earthquake|p2a: Reuniclus\n|-damage|p2a: Reuniclus|52/100\n|move|p2a: Reuniclus|Psychic|p1a: Hitmontop\n|-supereffective|p1a: Hitmontop\n|-damage|p1a: Hitmontop|0 fnt\n|faint|p1a: Hitmontop\n|\n|upkeep\n|inactive|Time left: 300 sec this turn | 300 sec total | 5 sec grace\n|\n|t:|1783540617\n|switch|p1a: Falinks|Falinks, L84|246/246\n|turn|4\n|inactive|Time left: 300 sec this turn | 300 sec total\n|\n|t:|1783540618\n|move|p1a: Falinks|Knock Off|p2a: Reuniclus\n|-supereffective|p2a: Reuniclus\n|-damage|p2a: Reuniclus|0 fnt\n|-enditem|p2a: Reuniclus|Life Orb|[from] move: Knock Off|[of] p1a: Falinks\n|faint|p2a: Reuniclus\n|-damage|p1a: Falinks|222/246|[from] item: Life Orb\n|\n|upkeep\n|\n|t:|1783540619\n|switch|p2a: Politoed|Politoed, L88, F|100/100\n|-weather|RainDance|[from] ability: Drizzle|[of] p2a: Politoed\n|turn|5\n|inactive|Time left: 300 sec this turn | 300 sec total\n|\n|t:|1783540620\n|move|p1a: Falinks|No Retreat|p1a: Falinks\n|-boost|p1a: Falinks|atk|1\n|-boost|p1a: Falinks|def|1\n|-boost|p1a: Falinks|spa|1\n|-boost|p1a: Falinks|spd|1\n|-boost|p1a: Falinks|spe|1\n|-start|p1a: Falinks|move: No Retreat\n|move|p2a: Politoed|Weather Ball|p1a: Falinks\n|-damage|p1a: Falinks|3/246\n|\n|-weather|RainDance|[upkeep]\n|upkeep\n|turn|6\n|inactive|Time left: 300 sec this turn | 300 sec total\n|\n|t:|1783540621\n|move|p1a: Falinks|Close Combat|p2a: Politoed\n|-damage|p2a: Politoed|10/100\n|-unboost|p1a: Falinks|def|1\n|-unboost|p1a: Falinks|spd|1\n|-damage|p1a: Falinks|0 fnt|[from] item: Life Orb\n|faint|p1a: Falinks\n|move|p2a: Politoed|Weather Ball|p1: Falinks|[notarget]\n|-fail|p2a: Politoed\n|\n|-weather|RainDance|[upkeep]\n|upkeep\n|inactive|Time left: 300 sec this turn | 300 sec total | 5 sec grace\n|\n|t:|1783540622\n|switch|p1a: Braviary|Braviary, L85, M|309/309\n|turn|7\n|inactive|Time left: 300 sec this turn | 300 sec total\n|\n|t:|1783540623\n|switch|p2a: Zapdos|Zapdos, L78|100/100\n|move|p1a: Braviary|Brave Bird|p2a: Zapdos\n|-resisted|p2a: Zapdos\n|-damage|p2a: Zapdos|66/100\n|-damage|p1a: Braviary|278/309|[from] Recoil\n|\n|-weather|RainDance|[upkeep]\n|upkeep\n|turn|8\n|inactive|Time left: 300 sec this turn | 300 sec total\n|\n|t:|1783540624\n|switch|p1a: Miraidon|Miraidon, L65|238/238\n|-fieldstart|move: Electric Terrain|[from] ability: Hadron Engine|[of] p1a: Miraidon\n|move|p2a: Zapdos|Discharge|p1a: Miraidon\n|-resisted|p1a: Miraidon\n|-damage|p1a: Miraidon|213/238\n|\n|-weather|RainDance|[upkeep]\n|upkeep\n|turn|9\n|inactive|Time left: 300 sec this turn | 300 sec total\n|\n|t:|1783540626\n|switch|p2a: Hitmontop|Hitmontop, L88, M|100/100\n|-ability|p2a: Hitmontop|Intimidate|boost\n|-unboost|p1a: Miraidon|atk|1\n|move|p1a: Miraidon|Electro Drift|p2a: Hitmontop\n|-damage|p2a: Hitmontop|53/100\n|-damage|p1a: Miraidon|190/238|[from] item: Life Orb\n|\n|-weather|none\n|upkeep\n|turn|10\n|inactive|Time left: 300 sec this turn | 300 sec total\n|\n|t:|1783540627\n|-terastallize|p1a: Miraidon|Electric\n|move|p1a: Miraidon|Electro Drift|p2a: Hitmontop\n|-damage|p2a: Hitmontop|0 fnt\n|faint|p2a: Hitmontop\n|-damage|p1a: Miraidon|167/238|[from] item: Life Orb\n|\n|upkeep\n|\n|t:|1783540628\n|switch|p2a: Palkia|Palkia, L75|100/100\n|-ability|p2a: Palkia|Pressure\n|turn|11\n|inactive|Time left: 300 sec this turn | 300 sec total\n|\n|t:|1783540628\n|move|p1a: Miraidon|Draco Meteor|p2a: Palkia|[miss]\n|-miss|p1a: Miraidon|p2a: Palkia\n|move|p2a: Palkia|Hydro Pump|p1a: Miraidon\n|-damage|p1a: Miraidon|0 fnt\n|faint|p1a: Miraidon\n|\n|upkeep\n|inactive|Time left: 300 sec this turn | 300 sec total | 5 sec grace\n|\n|t:|1783540629\n|switch|p1a: Rampardos|Rampardos, L90, M|321/321\n|turn|12\n|inactive|Time left: 300 sec this turn | 300 sec total\n|\n|t:|1783540630\n|move|p1a: Rampardos|Head Smash|p2a: Palkia\n|-damage|p2a: Palkia|0 fnt\n|faint|p2a: Palkia\n|-damage|p1a: Rampardos|191/321|[from] Recoil\n|\n|-fieldend|move: Electric Terrain\n|upkeep\n|\n|t:|1783540631\n|switch|p2a: Mesprit|Mesprit, L85|100/100\n|turn|13\n|inactive|Time left: 300 sec this turn | 300 sec total\n|\n|t:|1783540632\n|move|p1a: Rampardos|Head Smash|p2a: Mesprit\n|-damage|p2a: Mesprit|15/100\n|-damage|p1a: Rampardos|74/321|[from] Recoil\n|move|p2a: Mesprit|Psychic Noise|p1a: Rampardos\n|-damage|p1a: Rampardos|0 fnt\n|faint|p1a: Rampardos\n|\n|-heal|p2a: Mesprit|22/100|[from] item: Leftovers\n|upkeep\n|inactive|Time left: 300 sec this turn | 300 sec total | 5 sec grace\n|\n|t:|1783540633\n|switch|p1a: Sceptile|Sceptile, L87, F|264/264\n|turn|14\n|inactive|Time left: 300 sec this turn | 300 sec total\n|\n|t:|1783540634\n|move|p1a: Sceptile|Leaf Blade|p2a: Mesprit\n|-damage|p2a: Mesprit|0 fnt\n|faint|p2a: Mesprit\n|-damage|p1a: Sceptile|238/264|[from] item: Life Orb\n|\n|upkeep\n|\n|t:|1783540636\n|switch|p2a: Zapdos|Zapdos, L78|66/100\n|turn|15\n|inactive|Time left: 300 sec this turn | 300 sec total\n|\n|t:|1783540637\n|move|p1a: Sceptile|Rock Slide|p2a: Zapdos\n|-supereffective|p2a: Zapdos\n|-damage|p2a: Zapdos|9/100\n|-damage|p1a: Sceptile|212/264|[from] item: Life Orb\n|cant|p2a: Zapdos|flinch\n|\n|upkeep\n|turn|16\n|inactive|Time left: 300 sec this turn | 300 sec total\n|\n|t:|1783540638\n|move|p1a: Sceptile|Rock Slide|p2a: Zapdos\n|-supereffective|p2a: Zapdos\n|-damage|p2a: Zapdos|0 fnt\n|faint|p2a: Zapdos\n|-damage|p1a: Sceptile|186/264|[from] item: Life Orb\n|\n|upkeep\n|\n|t:|1783540639\n|switch|p2a: Politoed|Politoed, L88, F|10/100\n|-weather|RainDance|[from] ability: Drizzle|[of] p2a: Politoed\n|turn|17\n|inactive|Time left: 300 sec this turn | 300 sec total\n|\n|t:|1783540640\n|-terastallize|p2a: Politoed|Water\n|move|p1a: Sceptile|Earthquake|p2a: Politoed\n|-damage|p2a: Politoed|0 fnt\n|faint|p2a: Politoed\n|-damage|p1a: Sceptile|160/264|[from] item: Life Orb\n|\n|win|p0x097e6aa", "uploadtime": 1783540640, "views": 0, "rating": 0, "private": 0, "password": null, "_winner": "p0x097e6aa", "_our_name": "p0x097e6aa"}