{"id": "battle-gen9randombattle-648", "formatid": "gen9randombattle", "format": "[Gen 9] Random Battle", "players": ["p0x64845cc", "p0y648488f"], "log": "|init|battle\n|title|p0x64845cc vs. p0y648488f\n|j|\u2606p0x64845cc\n|j|\u2606p0y648488f\n|t:|1783547337\n|gametype|singles\n|player|p1|p0x64845cc|266|\n|player|p2|p0y648488f|265|\n|gen|9\n|tier|[Gen 9] Random Battle\n|rule|Species Clause: Limit one of each Pok\u00e9mon\n|rule|HP Percentage Mod: HP is shown in percentages\n|rule|Sleep Clause Mod: Limit one foe put to sleep\n|rule|Illusion Level Mod: Illusion disguises the Pok\u00e9mon's true level\n|\n|t:|1783547337\n|teamsize|p1|6\n|teamsize|p2|6\n|start\n|switch|p1a: Blissey|Blissey, L85, F|572/572\n|switch|p2a: Regigigas|Regigigas, L84|100/100\n|-start|p2a: Regigigas|ability: Slow Start\n|turn|1\n|inactive|Battle timer is ON: inactive players will automatically lose when time's up. (requested by p0x64845cc)\n|inactive|p0y648488f also wants the timer to be on.\n|\n|t:|1783547339\n|move|p1a: Blissey|Stealth Rock|p2a: Regigigas\n|-sidestart|p2: p0y648488f|move: Stealth Rock\n|move|p2a: Regigigas|Knock Off|p1a: Blissey\n|-damage|p1a: Blissey|423/572\n|-enditem|p1a: Blissey|Leftovers|[from] move: Knock Off|[of] p2a: Regigigas\n|\n|upkeep\n|turn|2\n|inactive|Time left: 300 sec this turn | 300 sec total\n|\n|t:|1783547340\n|switch|p1a: Incineroar|Incineroar, L82, F|290/290\n|-ability|p1a: Incineroar|Intimidate|boost\n|-unboost|p2a: Regigigas|atk|1\n|move|p2a: Regigigas|Body Slam|p1a: Incineroar\n|-damage|p1a: Incineroar|241/290\n|\n|upkeep\n|turn|3\n|inactive|Time left: 300 sec this turn | 300 sec total\n|\n|t:|1783547341\n|switch|p2a: Diancie|Diancie, L82|100/100\n|-damage|p2a: Diancie|88/100|[from] Stealth Rock\n|move|p1a: Incineroar|Knock Off|p2a: Diancie\n|-resisted|p2a: Diancie\n|-damage|p2a: Diancie|72/100\n|-enditem|p2a: Diancie|Leftovers|[from] move: Knock Off|[of] p1a: Incineroar\n|\n|upkeep\n|turn|4\n|inactive|Time left: 300 sec this turn | 300 sec total\n|\n|t:|1783547342\n|move|p1a: Incineroar|Swords Dance|p1a: Incineroar\n|-boost|p1a: Incineroar|atk|2\n|move|p2a: Diancie|Diamond Storm|p1a: Incineroar\n|-supereffective|p1a: Incineroar\n|-damage|p1a: Incineroar|25/290\n|\n|upkeep\n|turn|5\n|inactive|Time left: 300 sec this turn | 300 sec total\n|\n|t:|1783547343\n|-terastallize|p1a: Incineroar|Grass\n|move|p1a: Incineroar|Trailblaze|p2a: Diancie\n|-supereffective|p2a: Diancie\n|-damage|p2a: Diancie|0 fnt\n|-boost|p1a: Incineroar|spe|1\n|faint|p2a: Diancie\n|\n|upkeep\n|\n|t:|1783547344\n|switch|p2a: Regigigas|Regigigas, L84|100/100\n|-damage|p2a: Regigigas|88/100|[from] Stealth Rock\n|-start|p2a: Regigigas|ability: Slow Start\n|turn|6\n|inactive|Time left: 300 sec this turn | 300 sec total\n|\n|t:|1783547345\n|move|p1a: Incineroar|Knock Off|p2a: Regigigas\n|-damage|p2a: Regigigas|33/100\n|-enditem|p2a: Regigigas|Leftovers|[from] move: Knock Off|[of] p1a: Incineroar\n|move|p2a: Regigigas|Knock Off|p1a: Incineroar\n|-damage|p1a: Incineroar|0 fnt\n|-enditem|p1a: Incineroar|Heavy-Duty Boots|[from] move: Knock Off|[of] p2a: Regigigas\n|faint|p1a: Incineroar\n|\n|upkeep\n|inactive|Time left: 300 sec this turn | 300 sec total | 5 sec grace\n|\n|t:|1783547346\n|switch|p1a: Flamigo|Flamigo, L82, F|269/269\n|turn|7\n|inactive|Time left: 300 sec this turn | 300 sec total\n|\n|t:|1783547347\n|move|p1a: Flamigo|Brave Bird|p2a: Regigigas\n|-damage|p2a: Regigigas|0 fnt\n|faint|p2a: Regigigas\n|-end|p2a: Regigigas|Slow Start|[silent]\n|-damage|p1a: Flamigo|234/269|[from] Recoil\n|-damage|p1a: Flamigo|208/269|[from] item: Life Orb\n|\n|upkeep\n|\n|t:|1783547348\n|switch|p2a: Flygon|Flygon, L82, M, shiny|100/100\n|-damage|p2a: Flygon|94/100|[from] Stealth Rock\n|turn|8\n|inactive|Time left: 300 sec this turn | 300 sec total\n|\n|t:|1783547349\n|move|p2a: Flygon|Dragon Dance|p2a: Flygon\n|-boost|p2a: Flygon|atk|1\n|-boost|p2a: Flygon|spe|1\n|move|p1a: Flamigo|Close Combat|p2a: Flygon\n|-damage|p2a: Flygon|14/100\n|-unboost|p1a: Flamigo|def|1\n|-unboost|p1a: Flamigo|spd|1\n|-damage|p1a: Flamigo|182/269|[from] item: Life Orb\n|\n|upkeep\n|turn|9\n|inactive|Time left: 300 sec this turn | 300 sec total\n|\n|t:|1783547350\n|switch|p1a: Piloswine|Piloswine, L85, M|309/309\n|move|p2a: Flygon|Outrage|p1a: Piloswine\n|-damage|p1a: Piloswine|176/309\n|\n|upkeep\n|turn|10\n|inactive|Time left: 300 sec this turn | 300 sec total\n|\n|t:|1783547351\n|move|p1a: Piloswine|Ice Shard|p2a: Flygon\n|-supereffective|p2a: Flygon\n|-damage|p2a: Flygon|0 fnt\n|faint|p2a: Flygon\n|\n|upkeep\n|\n|t:|1783547352\n|switch|p2a: Golduck|Golduck, L90, F|100/100\n|-damage|p2a: Golduck|88/100|[from] Stealth Rock\n|-ability|p2a: Golduck|Cloud Nine\n|turn|11\n|inactive|Time left: 300 sec this turn | 300 sec total\n|\n|t:|1783547353\n|switch|p1a: Blissey|Blissey, L85, F|423/572\n|move|p2a: Golduck|Hydro Pump|p1a: Blissey\n|-damage|p1a: Blissey|287/572\n|\n|upkeep\n|turn|12\n|inactive|Time left: 300 sec this turn | 300 sec total\n|\n|t:|1783547354\n|move|p2a: Golduck|Hydro Pump|p1a: Blissey\n|-damage|p1a: Blissey|155/572\n|move|p1a: Blissey|Soft-Boiled|p1a: Blissey\n|-heal|p1a: Blissey|441/572\n|\n|upkeep\n|turn|13\n|inactive|Time left: 300 sec this turn | 300 sec total\n|\n|t:|1783547355\n|move|p2a: Golduck|Hydro Pump|p1a: Blissey|[miss]\n|-miss|p2a: Golduck|p1a: Blissey\n|move|p1a: Blissey|Soft-Boiled|p1a: Blissey\n|-heal|p1a: Blissey|572/572\n|\n|upkeep\n|turn|14\n|inactive|Time left: 300 sec this turn | 300 sec total\n|\n|t:|1783547357\n|move|p2a: Golduck|Hydro Pump|p1a: Blissey|[miss]\n|-miss|p2a: Golduck|p1a: Blissey\n|move|p1a: Blissey|Seismic Toss|p2a: Golduck\n|-damage|p2a: Golduck|59/100\n|\n|upkeep\n|turn|15\n|inactive|Time left: 300 sec this turn | 300 sec total\n|\n|t:|1783547358\n|move|p2a: Golduck|Hydro Pump|p1a: Blissey|[miss]\n|-miss|p2a: Golduck|p1a: Blissey\n|move|p1a: Blissey|Thunder Wave|p2a: Golduck\n|-status|p2a: Golduck|par\n|\n|upkeep\n|turn|16\n|inactive|Time left: 300 sec this turn | 300 sec total\n|\n|t:|1783547359\n|move|p1a: Blissey|Seismic Toss|p2a: Golduck\n|-damage|p2a: Golduck|29/100 par\n|move|p2a: Golduck|Hydro Pump|p1a: Blissey\n|-damage|p1a: Blissey|428/572\n|\n|upkeep\n|turn|17\n|inactive|Time left: 300 sec this turn | 300 sec total\n|\n|t:|1783547360\n|move|p1a: Blissey|Seismic Toss|p2a: Golduck\n|-damage|p2a: Golduck|0 fnt\n|faint|p2a: Golduck\n|\n|upkeep\n|\n|t:|1783547361\n|switch|p2a: Venomoth|Venomoth, L84, M|100/100\n|turn|18\n|inactive|Time left: 300 sec this turn | 300 sec total\n|\n|t:|1783547362\n|move|p2a: Venomoth|Quiver Dance|p2a: Venomoth\n|-boost|p2a: Venomoth|spa|1\n|-boost|p2a: Venomoth|spd|1\n|-boost|p2a: Venomoth|spe|1\n|move|p1a: Blissey|Seismic Toss|p2a: Venomoth\n|-damage|p2a: Venomoth|67/100\n|\n|upkeep\n|turn|19\n|inactive|Time left: 300 sec this turn | 300 sec total\n|\n|t:|1783547363\n|move|p2a: Venomoth|Sleep Powder|p1a: Blissey\n|-status|p1a: Blissey|slp|[from] move: Sleep Powder\n|cant|p1a: Blissey|slp\n|\n|upkeep\n|turn|20\n|inactive|Time left: 300 sec this turn | 300 sec total\n|\n|t:|1783547364\n|-curestatus|p1a: Blissey|slp|[from] ability: Natural Cure|[silent]\n|switch|p1a: Muk|Muk-Alola, L82, F|306/306\n|move|p2a: Venomoth|Quiver Dance|p2a: Venomoth\n|-boost|p2a: Venomoth|spa|1\n|-boost|p2a: Venomoth|spd|1\n|-boost|p2a: Venomoth|spe|1\n|\n|upkeep\n|turn|21\n|inactive|Time left: 300 sec this turn | 300 sec total\n|\n|t:|1783547365\n|move|p2a: Venomoth|Sleep Powder|p1a: Muk\n|-status|p1a: Muk|slp|[from] move: Sleep Powder\n|cant|p1a: Muk|slp\n|\n|upkeep\n|turn|22\n|inactive|Time left: 300 sec this turn | 300 sec total\n|\n|t:|1783547367\n|move|p2a: Venomoth|Bug Buzz|p1a: Muk\n|-damage|p1a: Muk|189/306 slp\n|-curestatus|p1a: Muk|slp|[msg]\n|move|p1a: Muk|Knock Off|p2a: Venomoth\n|-damage|p2a: Venomoth|12/100\n|-enditem|p2a: Venomoth|Heavy-Duty Boots|[from] move: Knock Off|[of] p1a: Muk\n|\n|upkeep\n|turn|23\n|inactive|Time left: 300 sec this turn | 300 sec total\n|\n|t:|1783547368\n|move|p2a: Venomoth|Sleep Powder|p1a: Muk\n|-status|p1a: Muk|slp|[from] move: Sleep Powder\n|cant|p1a: Muk|slp\n|\n|upkeep\n|turn|24\n|inactive|Time left: 300 sec this turn | 300 sec total\n|\n|t:|1783547369\n|switch|p1a: Blissey|Blissey, L85, F|428/572\n|move|p2a: Venomoth|Bug Buzz|p1a: Blissey\n|-damage|p1a: Blissey|295/572\n|\n|upkeep\n|turn|25\n|inactive|Time left: 300 sec this turn | 300 sec total\n|\n|t:|1783547370\n|move|p2a: Venomoth|Bug Buzz|p1a: Blissey\n|-damage|p1a: Blissey|165/572\n|move|p1a: Blissey|Seismic Toss|p2a: Venomoth\n|-damage|p2a: Venomoth|0 fnt\n|faint|p2a: Venomoth\n|\n|upkeep\n|\n|t:|1783547371\n|switch|p2a: Amoonguss|Amoonguss, L82, F|100/100\n|-damage|p2a: Amoonguss|88/100|[from] Stealth Rock\n|turn|26\n|inactive|Time left: 300 sec this turn | 300 sec total\n|\n|t:|1783547372\n|move|p1a: Blissey|Soft-Boiled|p1a: Blissey\n|-heal|p1a: Blissey|451/572\n|move|p2a: Amoonguss|Sludge Bomb|p1a: Blissey\n|-damage|p1a: Blissey|397/572\n|\n|-heal|p2a: Amoonguss|94/100|[from] item: Leftovers\n|upkeep\n|turn|27\n|inactive|Time left: 300 sec this turn | 300 sec total\n|\n|t:|1783547373\n|move|p1a: Blissey|Soft-Boiled|p1a: Blissey\n|-heal|p1a: Blissey|572/572\n|move|p2a: Amoonguss|Toxic|p1a: Blissey\n|-status|p1a: Blissey|tox\n|\n|-heal|p2a: Amoonguss|100/100|[from] item: Leftovers\n|-damage|p1a: Blissey|537/572 tox|[from] psn\n|upkeep\n|turn|28\n|inactive|Time left: 300 sec this turn | 300 sec total\n|\n|t:|1783547374\n|-curestatus|p1a: Blissey|tox|[from] ability: Natural Cure|[silent]\n|switch|p1a: Gliscor|Gliscor, L76, F|239/239\n|move|p2a: Amoonguss|Sludge Bomb|p1a: Gliscor\n|-resisted|p1a: Gliscor\n|-damage|p1a: Gliscor|188/239\n|-status|p1a: Gliscor|psn\n|\n|-heal|p1a: Gliscor|217/239 psn|[from] ability: Poison Heal\n|upkeep\n|turn|29\n|inactive|Time left: 300 sec this turn | 300 sec total\n|\n|t:|1783547375\n|move|p1a: Gliscor|Substitute|p1a: Gliscor\n|-start|p1a: Gliscor|Substitute\n|-damage|p1a: Gliscor|158/239 psn\n|move|p2a: Amoonguss|Giga Drain|p1a: Gliscor\n|-end|p1a: Gliscor|Substitute\n|\n|-heal|p1a: Gliscor|187/239 psn|[from] ability: Poison Heal\n|upkeep\n|turn|30\n|inactive|Time left: 300 sec this turn | 300 sec total\n|\n|t:|1783547376\n|move|p1a: Gliscor|Earthquake|p2a: Amoonguss\n|-damage|p2a: Amoonguss|67/100\n|move|p2a: Amoonguss|Giga Drain|p1a: Gliscor\n|-damage|p1a: Gliscor|102/239 psn\n|-heal|p2a: Amoonguss|81/100|[from] drain|[of] p1a: Gliscor\n|\n|-heal|p2a: Amoonguss|87/100|[from] item: Leftovers\n|-heal|p1a: Gliscor|131/239 psn|[from] ability: Poison Heal\n|upkeep\n|turn|31\n|inactive|Time left: 300 sec this turn | 300 sec total\n|\n|t:|1783547377\n|move|p1a: Gliscor|Earthquake|p2a: Amoonguss\n|-damage|p2a: Amoonguss|54/100\n|move|p2a: Amoonguss|Giga Drain|p1a: Gliscor\n|-damage|p1a: Gliscor|49/239 psn\n|-heal|p2a: Amoonguss|67/100|[from] drain|[of] p1a: Gliscor\n|\n|-heal|p2a: Amoonguss|73/100|[from] item: Leftovers\n|-heal|p1a: Gliscor|78/239 psn|[from] ability: Poison Heal\n|upkeep\n|turn|32\n|inactive|Time left: 300 sec this turn | 300 sec total\n|\n|t:|1783547378\n|move|p1a: Gliscor|Earthquake|p2a: Amoonguss\n|-damage|p2a: Amoonguss|41/100\n|move|p2a: Amoonguss|Giga Drain|p1a: Gliscor\n|-damage|p1a: Gliscor|0 fnt\n|-heal|p2a: Amoonguss|53/100|[from] drain|[of] p1a: Gliscor\n|faint|p1a: Gliscor\n|\n|-heal|p2a: Amoonguss|59/100|[from] item: Leftovers\n|upkeep\n|inactive|Time left: 300 sec this turn | 300 sec total | 5 sec grace\n|\n|t:|1783547379\n|switch|p1a: Piloswine|Piloswine, L85, M|176/309\n|turn|33\n|inactive|Time left: 300 sec this turn | 300 sec total\n|\n|t:|1783547380\n|move|p1a: Piloswine|Earthquake|p2a: Amoonguss\n|-damage|p2a: Amoonguss|17/100\n|move|p2a: Amoonguss|Giga Drain|p1a: Piloswine\n|-supereffective|p1a: Piloswine\n|-damage|p1a: Piloswine|56/309\n|-heal|p2a: Amoonguss|36/100|[from] drain|[of] p1a: Piloswine\n|\n|-heal|p2a: Amoonguss|42/100|[from] item: Leftovers\n|upkeep\n|turn|34\n|inactive|Time left: 300 sec this turn | 300 sec total\n|\n|t:|1783547381\n|move|p1a: Piloswine|Earthquake|p2a: Amoonguss\n|-damage|p2a: Amoonguss|1/100\n|move|p2a: Amoonguss|Sludge Bomb|p1a: Piloswine\n|-resisted|p1a: Piloswine\n|-damage|p1a: Piloswine|20/309\n|-status|p1a: Piloswine|psn\n|\n|-heal|p2a: Amoonguss|7/100|[from] item: Leftovers\n|-damage|p1a: Piloswine|0 fnt|[from] psn\n|faint|p1a: Piloswine\n|upkeep\n|inactive|Time left: 300 sec this turn | 300 sec total | 5 sec grace\n|\n|t:|1783547382\n|switch|p1a: Blissey|Blissey, L85, F|537/572\n|turn|35\n|inactive|Time left: 300 sec this turn | 300 sec total\n|\n|t:|1783547383\n|move|p1a: Blissey|Seismic Toss|p2a: Amoonguss\n|-damage|p2a: Amoonguss|0 fnt\n|faint|p2a: Amoonguss\n|\n|win|p0x64845cc", "uploadtime": 1783547383, "views": 0, "rating": 0, "private": 0, "password": null, "_winner": "p0x64845cc", "_our_name": "p0x64845cc"}