{"id": "battle-gen9randombattle-116", "formatid": "gen9randombattle", "format": "[Gen 9] Random Battle", "players": ["p0x116550b", "p0y116a167"], "log": "|init|battle\n|title|p0x116550b vs. p0y116a167\n|j|\u2606p0x116550b\n|j|\u2606p0y116a167\n|t:|1783535094\n|gametype|singles\n|player|p1|p0x116550b|169|\n|player|p2|p0y116a167|170|\n|gen|9\n|tier|[Gen 9] Random Battle\n|rule|Species Clause: Limit one of each Pok\u00e9mon\n|rule|HP Percentage Mod: HP is shown in percentages\n|rule|Sleep Clause Mod: Limit one foe put to sleep\n|rule|Illusion Level Mod: Illusion disguises the Pok\u00e9mon's true level\n|\n|t:|1783535094\n|teamsize|p1|6\n|teamsize|p2|6\n|start\n|switch|p1a: Azumarill|Azumarill, L82, M|100/100\n|switch|p2a: Lugia|Lugia, L73|275/275\n|turn|1\n|inactive|Battle timer is ON: inactive players will automatically lose when time's up. (requested by p0y116a167)\n|inactive|p0x116550b also wants the timer to be on.\n|\n|t:|1783535095\n|move|p2a: Lugia|Calm Mind|p2a: Lugia\n|-boost|p2a: Lugia|spa|1\n|-boost|p2a: Lugia|spd|1\n|move|p1a: Azumarill|Knock Off|p2a: Lugia\n|-supereffective|p2a: Lugia\n|-damage|p2a: Lugia|175/275\n|-enditem|p2a: Lugia|Heavy-Duty Boots|[from] move: Knock Off|[of] p1a: Azumarill\n|\n|upkeep\n|turn|2\n|inactive|Time left: 300 sec this turn | 300 sec total\n|\n|t:|1783535096\n|move|p2a: Lugia|Recover|p2a: Lugia\n|-heal|p2a: Lugia|275/275\n|move|p1a: Azumarill|Knock Off|p2a: Lugia\n|-supereffective|p2a: Lugia\n|-damage|p2a: Lugia|209/275\n|\n|upkeep\n|turn|3\n|inactive|Time left: 300 sec this turn | 300 sec total\n|\n|t:|1783535097\n|move|p2a: Lugia|Recover|p2a: Lugia\n|-heal|p2a: Lugia|275/275\n|move|p1a: Azumarill|Knock Off|p2a: Lugia\n|-supereffective|p2a: Lugia\n|-damage|p2a: Lugia|200/275\n|\n|upkeep\n|turn|4\n|inactive|Time left: 300 sec this turn | 300 sec total\n|\n|t:|1783535099\n|move|p2a: Lugia|Aeroblast|p1a: Azumarill\n|-damage|p1a: Azumarill|60/100\n|move|p1a: Azumarill|Knock Off|p2a: Lugia\n|-supereffective|p2a: Lugia\n|-damage|p2a: Lugia|56/275\n|\n|upkeep\n|turn|5\n|inactive|Time left: 300 sec this turn | 300 sec total\n|\n|t:|1783535100\n|move|p2a: Lugia|Aeroblast|p1a: Azumarill\n|-damage|p1a: Azumarill|20/100\n|move|p1a: Azumarill|Knock Off|p2a: Lugia\n|-supereffective|p2a: Lugia\n|-damage|p2a: Lugia|0 fnt\n|faint|p2a: Lugia\n|\n|upkeep\n|inactive|Time left: 300 sec this turn | 300 sec total | 5 sec grace\n|\n|t:|1783535101\n|switch|p2a: Gumshoos|Gumshoos, L95, F|321/321\n|turn|6\n|inactive|Time left: 300 sec this turn | 300 sec total\n|\n|t:|1783535102\n|move|p2a: Gumshoos|Knock Off|p1a: Azumarill\n|-resisted|p1a: Azumarill\n|-damage|p1a: Azumarill|0 fnt\n|-enditem|p1a: Azumarill|Choice Band|[from] move: Knock Off|[of] p2a: Gumshoos\n|faint|p1a: Azumarill\n|\n|upkeep\n|\n|t:|1783535103\n|switch|p1a: Mabosstiff|Mabosstiff, L86, F|100/100\n|turn|7\n|inactive|Time left: 300 sec this turn | 300 sec total\n|\n|t:|1783535104\n|move|p1a: Mabosstiff|Crunch|p2a: Gumshoos\n|-damage|p2a: Gumshoos|146/321\n|move|p2a: Gumshoos|Knock Off|p1a: Mabosstiff\n|-resisted|p1a: Mabosstiff\n|-damage|p1a: Mabosstiff|75/100\n|-enditem|p1a: Mabosstiff|Choice Band|[from] move: Knock Off|[of] p2a: Gumshoos\n|\n|upkeep\n|turn|8\n|inactive|Time left: 300 sec this turn | 300 sec total\n|\n|t:|1783535105\n|move|p1a: Mabosstiff|Crunch|p2a: Gumshoos\n|-damage|p2a: Gumshoos|31/321\n|move|p2a: Gumshoos|Knock Off|p1a: Mabosstiff\n|-resisted|p1a: Mabosstiff\n|-damage|p1a: Mabosstiff|58/100\n|\n|upkeep\n|turn|9\n|inactive|Time left: 300 sec this turn | 300 sec total\n|\n|t:|1783535106\n|switch|p2a: Arcanine|Arcanine, L84, M|288/288\n|-ability|p2a: Arcanine|Intimidate|boost\n|-unboost|p1a: Mabosstiff|atk|1\n|move|p1a: Mabosstiff|Crunch|p2a: Arcanine\n|-damage|p2a: Arcanine|146/288\n|\n|upkeep\n|turn|10\n|inactive|Time left: 300 sec this turn | 300 sec total\n|\n|t:|1783535107\n|switch|p1a: Necrozma|Necrozma-Dawn-Wings, L76|100/100\n|move|p2a: Arcanine|Morning Sun|p2a: Arcanine\n|-heal|p2a: Arcanine|288/288\n|\n|upkeep\n|turn|11\n|inactive|Time left: 300 sec this turn | 300 sec total\n|\n|t:|1783535108\n|move|p2a: Arcanine|Flare Blitz|p1a: Necrozma\n|-damage|p1a: Necrozma|55/100\n|-damage|p2a: Arcanine|247/288|[from] Recoil\n|move|p1a: Necrozma|Photon Geyser|p2a: Arcanine\n|-damage|p2a: Arcanine|75/288\n|-damage|p1a: Necrozma|45/100|[from] item: Life Orb\n|\n|upkeep\n|turn|12\n|inactive|Time left: 300 sec this turn | 300 sec total\n|\n|t:|1783535109\n|switch|p1a: Diancie|Diancie, L82|100/100\n|move|p2a: Arcanine|Flare Blitz|p1a: Diancie\n|-resisted|p1a: Diancie\n|-damage|p1a: Diancie|80/100\n|-damage|p2a: Arcanine|60/288|[from] Recoil\n|\n|-heal|p1a: Diancie|86/100|[from] item: Leftovers\n|upkeep\n|turn|13\n|inactive|Time left: 300 sec this turn | 300 sec total\n|\n|t:|1783535110\n|move|p2a: Arcanine|Morning Sun|p2a: Arcanine\n|-heal|p2a: Arcanine|204/288\n|move|p1a: Diancie|Diamond Storm|p2a: Arcanine\n|-supereffective|p2a: Arcanine\n|-damage|p2a: Arcanine|0 fnt\n|faint|p2a: Arcanine\n|\n|-heal|p1a: Diancie|92/100|[from] item: Leftovers\n|upkeep\n|inactive|Time left: 300 sec this turn | 300 sec total | 5 sec grace\n|\n|t:|1783535111\n|switch|p2a: Gumshoos|Gumshoos, L95, F|31/321\n|turn|14\n|inactive|Time left: 300 sec this turn | 300 sec total\n|\n|t:|1783535112\n|move|p2a: Gumshoos|Earthquake|p1a: Diancie\n|-supereffective|p1a: Diancie\n|-damage|p1a: Diancie|6/100\n|move|p1a: Diancie|Diamond Storm|p2a: Gumshoos\n|-damage|p2a: Gumshoos|0 fnt\n|-boost|p1a: Diancie|def|2\n|faint|p2a: Gumshoos\n|\n|-heal|p1a: Diancie|12/100|[from] item: Leftovers\n|upkeep\n|inactive|Time left: 300 sec this turn | 300 sec total | 5 sec grace\n|\n|t:|1783535113\n|switch|p2a: Electivire|Electivire, L84, F|263/263\n|turn|15\n|inactive|Time left: 300 sec this turn | 300 sec total\n|\n|t:|1783535114\n|switch|p1a: Quagsire|Quagsire, L84, M|100/100\n|move|p2a: Electivire|Earthquake|p1a: Quagsire\n|-damage|p1a: Quagsire|63/100\n|-damage|p2a: Electivire|237/263|[from] item: Life Orb\n|\n|-heal|p1a: Quagsire|70/100|[from] item: Leftovers\n|upkeep\n|turn|16\n|inactive|Time left: 300 sec this turn | 300 sec total\n|\n|t:|1783535115\n|-terastallize|p2a: Electivire|Ground\n|move|p2a: Electivire|Earthquake|p1a: Quagsire\n|-damage|p1a: Quagsire|15/100\n|-damage|p2a: Electivire|211/263|[from] item: Life Orb\n|move|p1a: Quagsire|Earthquake|p2a: Electivire\n|-damage|p2a: Electivire|90/263\n|\n|-heal|p1a: Quagsire|21/100|[from] item: Leftovers\n|upkeep\n|turn|17\n|inactive|Time left: 300 sec this turn | 300 sec total\n|\n|t:|1783535117\n|move|p2a: Electivire|Earthquake|p1a: Quagsire\n|-damage|p1a: Quagsire|0 fnt\n|faint|p1a: Quagsire\n|-damage|p2a: Electivire|64/263|[from] item: Life Orb\n|\n|upkeep\n|\n|t:|1783535118\n|switch|p1a: Jolteon|Jolteon, L84, M|100/100\n|turn|18\n|inactive|Time left: 300 sec this turn | 300 sec total\n|\n|t:|1783535119\n|-terastallize|p1a: Jolteon|Fairy\n|move|p1a: Jolteon|Alluring Voice|p2a: Electivire\n|-damage|p2a: Electivire|0 fnt\n|faint|p2a: Electivire\n|\n|upkeep\n|inactive|Time left: 300 sec this turn | 300 sec total | 5 sec grace\n|\n|t:|1783535119\n|switch|p2a: Donphan|Donphan, L84, M|288/288\n|turn|19\n|inactive|Time left: 300 sec this turn | 300 sec total\n|\n|t:|1783535120\n|move|p1a: Jolteon|Alluring Voice|p2a: Donphan\n|-damage|p2a: Donphan|209/288\n|move|p2a: Donphan|Earthquake|p1a: Jolteon\n|-damage|p1a: Jolteon|39/100\n|\n|upkeep\n|turn|20\n|inactive|Time left: 300 sec this turn | 300 sec total\n|\n|t:|1783535121\n|move|p1a: Jolteon|Alluring Voice|p2a: Donphan\n|-damage|p2a: Donphan|124/288\n|move|p2a: Donphan|Rapid Spin|p1a: Jolteon\n|-crit|p1a: Jolteon\n|-damage|p1a: Jolteon|8/100\n|-boost|p2a: Donphan|spe|1\n|\n|upkeep\n|turn|21\n|inactive|Time left: 300 sec this turn | 300 sec total\n|\n|t:|1783535122\n|move|p2a: Donphan|Ice Shard|p1a: Jolteon\n|-damage|p1a: Jolteon|0 fnt\n|faint|p1a: Jolteon\n|\n|upkeep\n|\n|t:|1783535123\n|switch|p1a: Mabosstiff|Mabosstiff, L86, F|58/100\n|turn|22\n|inactive|Time left: 300 sec this turn | 300 sec total\n|\n|t:|1783535124\n|move|p2a: Donphan|Earthquake|p1a: Mabosstiff\n|-damage|p1a: Mabosstiff|12/100\n|move|p1a: Mabosstiff|Crunch|p2a: Donphan\n|-damage|p2a: Donphan|36/288\n|\n|upkeep\n|turn|23\n|inactive|Time left: 300 sec this turn | 300 sec total\n|\n|t:|1783535125\n|move|p2a: Donphan|Earthquake|p1a: Mabosstiff\n|-damage|p1a: Mabosstiff|0 fnt\n|faint|p1a: Mabosstiff\n|\n|upkeep\n|\n|t:|1783535126\n|switch|p1a: Diancie|Diancie, L82|12/100\n|turn|24\n|inactive|Time left: 300 sec this turn | 300 sec total\n|\n|t:|1783535127\n|switch|p1a: Necrozma|Necrozma-Dawn-Wings, L76|45/100\n|move|p2a: Donphan|Earthquake|p1a: Necrozma\n|-damage|p1a: Necrozma|0 fnt\n|faint|p1a: Necrozma\n|\n|upkeep\n|\n|t:|1783535128\n|switch|p1a: Diancie|Diancie, L82|12/100\n|turn|25\n|inactive|Time left: 300 sec this turn | 300 sec total\n|\n|t:|1783535128\n|move|p2a: Donphan|Ice Spinner|p1a: Diancie\n|-damage|p1a: Diancie|0 fnt\n|faint|p1a: Diancie\n|\n|win|p0y116a167", "uploadtime": 1783535128, "views": 0, "rating": 0, "private": 0, "password": null, "_winner": "p0y116a167", "_our_name": "p0y116a167"}