{"id": "battle-gen9randombattle-1178", "formatid": "gen9randombattle", "format": "[Gen 9] Random Battle", "players": ["p0x1178f1cf", "p0y1178eb6a"], "log": "|init|battle\n|title|p0x1178f1cf vs. p0y1178eb6a\n|j|\u2606p0x1178f1cf\n|j|\u2606p0y1178eb6a\n|t:|1783553633\n|gametype|singles\n|player|p1|p0x1178f1cf|1|\n|player|p2|p0y1178eb6a|102|\n|gen|9\n|tier|[Gen 9] Random Battle\n|rule|Species Clause: Limit one of each Pok\u00e9mon\n|rule|HP Percentage Mod: HP is shown in percentages\n|rule|Sleep Clause Mod: Limit one foe put to sleep\n|rule|Illusion Level Mod: Illusion disguises the Pok\u00e9mon's true level\n|\n|t:|1783553633\n|teamsize|p1|6\n|teamsize|p2|6\n|start\n|switch|p1a: Hoopa|Hoopa, L85|100/100\n|switch|p2a: Basculegion|Basculegion-F, L83, F|335/335\n|turn|1\n|inactive|Battle timer is ON: inactive players will automatically lose when time's up. (requested by p0y1178eb6a)\n|inactive|p0x1178f1cf also wants the timer to be on.\n|\n|t:|1783553635\n|move|p1a: Hoopa|Shadow Ball|p2a: Basculegion\n|-supereffective|p2a: Basculegion\n|-damage|p2a: Basculegion|71/335\n|move|p2a: Basculegion|Shadow Ball|p1a: Hoopa\n|-supereffective|p1a: Hoopa\n|-damage|p1a: Hoopa|0 fnt\n|faint|p1a: Hoopa\n|\n|upkeep\n|\n|t:|1783553636\n|switch|p1a: Manaphy|Manaphy, L78|100/100\n|turn|2\n|inactive|Time left: 300 sec this turn | 300 sec total\n|\n|t:|1783553637\n|move|p1a: Manaphy|Tail Glow|p1a: Manaphy\n|-boost|p1a: Manaphy|spa|3\n|move|p2a: Basculegion|Shadow Ball|p1a: Manaphy\n|-crit|p1a: Manaphy\n|-damage|p1a: Manaphy|6/100\n|\n|-heal|p1a: Manaphy|12/100|[from] item: Leftovers\n|upkeep\n|turn|3\n|inactive|Time left: 300 sec this turn | 300 sec total\n|\n|t:|1783553638\n|switch|p2a: Fezandipiti|Fezandipiti, L82, M|278/278\n|move|p1a: Manaphy|Energy Ball|p2a: Fezandipiti\n|-resisted|p2a: Fezandipiti\n|-damage|p2a: Fezandipiti|223/278\n|\n|-heal|p2a: Fezandipiti|240/278|[from] item: Leftovers\n|-heal|p1a: Manaphy|18/100|[from] item: Leftovers\n|upkeep\n|turn|4\n|inactive|Time left: 300 sec this turn | 300 sec total\n|\n|t:|1783553640\n|move|p2a: Fezandipiti|Moonblast|p1a: Manaphy\n|-damage|p1a: Manaphy|0 fnt\n|faint|p1a: Manaphy\n|\n|-heal|p2a: Fezandipiti|257/278|[from] item: Leftovers\n|upkeep\n|\n|t:|1783553641\n|switch|p1a: Ariados|Ariados, L95, F|100/100\n|turn|5\n|inactive|Time left: 300 sec this turn | 300 sec total\n|\n|t:|1783553642\n|switch|p2a: Coalossal|Coalossal, L89, F|341/341\n|move|p1a: Ariados|Sticky Web|p2a: Coalossal\n|-sidestart|p2: p0y1178eb6a|move: Sticky Web\n|\n|upkeep\n|turn|6\n|inactive|Time left: 300 sec this turn | 300 sec total\n|\n|t:|1783553643\n|-terastallize|p1a: Ariados|Ghost\n|move|p1a: Ariados|Toxic Spikes|p2a: Coalossal\n|-sidestart|p2: p0y1178eb6a|move: Toxic Spikes\n|move|p2a: Coalossal|Rapid Spin|p1a: Ariados\n|-immune|p1a: Ariados\n|\n|upkeep\n|turn|7\n|inactive|Time left: 300 sec this turn | 300 sec total\n|\n|t:|1783553644\n|move|p1a: Ariados|Toxic Spikes|p2a: Coalossal\n|-sidestart|p2: p0y1178eb6a|move: Toxic Spikes\n|move|p2a: Coalossal|Stealth Rock|p1a: Ariados\n|-sidestart|p1: p0x1178f1cf|move: Stealth Rock\n|\n|upkeep\n|turn|8\n|inactive|Time left: 300 sec this turn | 300 sec total\n|\n|t:|1783553645\n|switch|p2a: Pecharunt|Pecharunt, L77|262/262\n|-activate|p2a: Pecharunt|move: Sticky Web\n|-unboost|p2a: Pecharunt|spe|1\n|-sideend|p2: p0y1178eb6a|move: Toxic Spikes|[of] p2a: Pecharunt\n|move|p1a: Ariados|Poison Jab|p2a: Pecharunt\n|-resisted|p2a: Pecharunt\n|-damage|p2a: Pecharunt|245/262\n|\n|-heal|p2a: Pecharunt|261/262|[from] item: Leftovers\n|upkeep\n|turn|9\n|inactive|Time left: 300 sec this turn | 300 sec total\n|\n|t:|1783553647\n|move|p1a: Ariados|Toxic Spikes|p2a: Pecharunt\n|-sidestart|p2: p0y1178eb6a|move: Toxic Spikes\n|move|p2a: Pecharunt|Shadow Ball|p1a: Ariados\n|-supereffective|p1a: Ariados\n|-damage|p1a: Ariados|48/100\n|\n|-heal|p2a: Pecharunt|262/262|[from] item: Leftovers\n|upkeep\n|turn|10\n|inactive|Time left: 300 sec this turn | 300 sec total\n|\n|t:|1783553648\n|switch|p1a: Seviper|Seviper, L93, F|100/100\n|-damage|p1a: Seviper|88/100|[from] Stealth Rock\n|move|p2a: Pecharunt|Parting Shot|p1a: Seviper\n|-unboost|p1a: Seviper|atk|1\n|-unboost|p1a: Seviper|spa|1\n|inactive|Time left: 300 sec this turn | 300 sec total | 5 sec grace\n|\n|t:|1783553649\n|switch|p2a: Coalossal|Coalossal, L89, F|341/341|[from] Parting Shot\n|\n|-heal|p1a: Seviper|94/100|[from] item: Leftovers\n|upkeep\n|turn|11\n|inactive|Time left: 300 sec this turn | 300 sec total\n|\n|t:|1783553650\n|switch|p1a: Ariados|Ariados, L95, F, tera:Ghost|48/100\n|move|p2a: Coalossal|Rapid Spin|p1a: Ariados\n|-immune|p1a: Ariados\n|\n|upkeep\n|turn|12\n|inactive|Time left: 300 sec this turn | 300 sec total\n|\n|t:|1783553651\n|move|p1a: Ariados|Poison Jab|p2a: Coalossal\n|-resisted|p2a: Coalossal\n|-damage|p2a: Coalossal|302/341\n|-status|p1a: Ariados|brn|[from] ability: Flame Body|[of] p2a: Coalossal\n|move|p2a: Coalossal|Rapid Spin|p1a: Ariados\n|-immune|p1a: Ariados\n|\n|-damage|p1a: Ariados|42/100 brn|[from] brn\n|upkeep\n|turn|13\n|inactive|Time left: 300 sec this turn | 300 sec total\n|\n|t:|1783553652\n|move|p1a: Ariados|Toxic Spikes|p2a: Coalossal\n|-sidestart|p2: p0y1178eb6a|move: Toxic Spikes\n|move|p2a: Coalossal|Stone Edge|p1a: Ariados\n|-damage|p1a: Ariados|4/100 brn\n|\n|-damage|p1a: Ariados|0 fnt|[from] brn\n|faint|p1a: Ariados\n|upkeep\n|\n|t:|1783553653\n|switch|p1a: Seviper|Seviper, L93, F|94/100\n|-damage|p1a: Seviper|82/100|[from] Stealth Rock\n|turn|14\n|inactive|Time left: 300 sec this turn | 300 sec total\n|\n|t:|1783553654\n|move|p1a: Seviper|Swords Dance|p1a: Seviper\n|-boost|p1a: Seviper|atk|2\n|move|p2a: Coalossal|Rapid Spin|p1a: Seviper\n|-damage|p1a: Seviper|69/100\n|-boost|p2a: Coalossal|spe|1\n|-sideend|p2: p0y1178eb6a|Toxic Spikes|[from] move: Rapid Spin|[of] p2a: Coalossal\n|-sideend|p2: p0y1178eb6a|Sticky Web|[from] move: Rapid Spin|[of] p2a: Coalossal\n|\n|-heal|p1a: Seviper|75/100|[from] item: Leftovers\n|upkeep\n|turn|15\n|inactive|Time left: 300 sec this turn | 300 sec total\n|\n|t:|1783553656\n|move|p1a: Seviper|Earthquake|p2a: Coalossal\n|-supereffective|p2a: Coalossal\n|-crit|p2a: Coalossal\n|-damage|p2a: Coalossal|0 fnt\n|faint|p2a: Coalossal\n|\n|-heal|p1a: Seviper|81/100|[from] item: Leftovers\n|upkeep\n|inactive|Time left: 300 sec this turn | 300 sec total | 5 sec grace\n|\n|t:|1783553657\n|switch|p2a: Basculegion|Basculegion-F, L83, F|71/335\n|turn|16\n|inactive|Time left: 300 sec this turn | 300 sec total\n|\n|t:|1783553657\n|move|p2a: Basculegion|Hydro Pump|p1a: Seviper\n|-damage|p1a: Seviper|0 fnt\n|faint|p1a: Seviper\n|\n|upkeep\n|\n|t:|1783553658\n|switch|p1a: Regieleki|Regieleki, L79|100/100\n|-damage|p1a: Regieleki|88/100|[from] Stealth Rock\n|turn|17\n|inactive|Time left: 300 sec this turn | 300 sec total\n|\n|t:|1783553659\n|switch|p2a: Kyurem|Kyurem-Black, L71|295/295\n|-ability|p2a: Kyurem|Teravolt\n|move|p1a: Regieleki|Thunderbolt|p2a: Kyurem\n|-resisted|p2a: Kyurem\n|-damage|p2a: Kyurem|217/295\n|\n|upkeep\n|turn|18\n|inactive|Time left: 300 sec this turn | 300 sec total\n|\n|t:|1783553659\n|-terastallize|p2a: Kyurem|Ground\n|move|p1a: Regieleki|Rapid Spin|p2a: Kyurem\n|-damage|p2a: Kyurem|184/295\n|-boost|p1a: Regieleki|spe|1\n|-sideend|p1: p0x1178f1cf|Stealth Rock|[from] move: Rapid Spin|[of] p1a: Regieleki\n|move|p2a: Kyurem|Tera Blast|p1a: Regieleki|[anim] Tera Blast Ground\n|-supereffective|p1a: Regieleki\n|-damage|p1a: Regieleki|0 fnt\n|faint|p1a: Regieleki\n|\n|upkeep\n|\n|t:|1783553660\n|switch|p1a: Lokix|Lokix, L82, M|100/100\n|turn|19\n|inactive|Time left: 300 sec this turn | 300 sec total\n|\n|t:|1783553661\n|switch|p2a: Fezandipiti|Fezandipiti, L82, M|257/278\n|move|p1a: Lokix|Knock Off|p2a: Fezandipiti\n|-resisted|p2a: Fezandipiti\n|-damage|p2a: Fezandipiti|151/278\n|-enditem|p2a: Fezandipiti|Leftovers|[from] move: Knock Off|[of] p1a: Lokix\n|\n|upkeep\n|turn|20\n|inactive|Time left: 300 sec this turn | 300 sec total\n|\n|t:|1783553661\n|move|p2a: Fezandipiti|Moonblast|p1a: Lokix\n|-supereffective|p1a: Lokix\n|-damage|p1a: Lokix|19/100\n|move|p1a: Lokix|Knock Off|p2a: Fezandipiti\n|-resisted|p2a: Fezandipiti\n|-damage|p2a: Fezandipiti|81/278\n|\n|upkeep\n|turn|21\n|inactive|Time left: 300 sec this turn | 300 sec total\n|\n|t:|1783553662\n|move|p1a: Lokix|Sucker Punch|p2a: Fezandipiti\n|-resisted|p2a: Fezandipiti\n|-damage|p2a: Fezandipiti|0 fnt\n|faint|p2a: Fezandipiti\n|\n|upkeep\n|inactive|Time left: 300 sec this turn | 300 sec total | 5 sec grace\n|\n|t:|1783553663\n|switch|p2a: Leafeon|Leafeon, L88, F|258/258\n|turn|22\n|inactive|Time left: 300 sec this turn | 300 sec total\n|\n|t:|1783553664\n|move|p1a: Lokix|First Impression||[still]\n|-hint|First Impression only works on your first turn out.\n|-fail|p1a: Lokix\n|move|p2a: Leafeon|Leaf Blade|p1a: Lokix\n|-resisted|p1a: Lokix\n|-crit|p1a: Lokix\n|-damage|p1a: Lokix|0 fnt\n|faint|p1a: Lokix\n|-damage|p2a: Leafeon|233/258|[from] item: Life Orb\n|\n|win|p0y1178eb6a", "uploadtime": 1783553664, "views": 0, "rating": 0, "private": 0, "password": null, "_winner": "p0y1178eb6a", "_our_name": "p0y1178eb6a"}