{"id": "battle-gen9randombattle-2307", "formatid": "gen9randombattle", "format": "[Gen 9] Random Battle", "players": ["p0x2307e690", "p0y2307c002"], "log": "|init|battle\n|title|p0x2307e690 vs. p0y2307c002\n|j|\u2606p0x2307e690\n|j|\u2606p0y2307c002\n|t:|1783565768\n|gametype|singles\n|player|p1|p0x2307e690|169|\n|player|p2|p0y2307c002|170|\n|gen|9\n|tier|[Gen 9] Random Battle\n|rule|Species Clause: Limit one of each Pok\u00e9mon\n|rule|HP Percentage Mod: HP is shown in percentages\n|rule|Sleep Clause Mod: Limit one foe put to sleep\n|rule|Illusion Level Mod: Illusion disguises the Pok\u00e9mon's true level\n|\n|t:|1783565768\n|teamsize|p1|6\n|teamsize|p2|6\n|start\n|switch|p1a: Decidueye|Decidueye-Hisui, L87, M|295/295\n|switch|p2a: Swampert|Swampert, L83, F|100/100\n|turn|1\n|inactive|Battle timer is ON: inactive players will automatically lose when time's up. (requested by p0y2307c002)\n|inactive|Time left: 300 sec this turn | 300 sec total | 60 sec grace\n|inactive|p0x2307e690 also wants the timer to be on.\n|\n|t:|1783565769\n|switch|p2a: Rillaboom|Rillaboom, L79, F|100/100\n|-fieldstart|move: Grassy Terrain|[from] ability: Grassy Surge|[of] p2a: Rillaboom\n|move|p1a: Decidueye|Leaf Blade|p2a: Rillaboom\n|-resisted|p2a: Rillaboom\n|-damage|p2a: Rillaboom|73/100\n|\n|-heal|p2a: Rillaboom|79/100|[from] Grassy Terrain\n|upkeep\n|turn|2\n|inactive|Time left: 300 sec this turn | 300 sec total\n|\n|t:|1783565770\n|move|p2a: Rillaboom|Wood Hammer|p1a: Decidueye\n|-resisted|p1a: Decidueye\n|-damage|p1a: Decidueye|147/295\n|-damage|p2a: Rillaboom|62/100|[from] Recoil\n|move|p1a: Decidueye|Triple Arrows|p2a: Rillaboom\n|-crit|p2a: Rillaboom\n|-damage|p2a: Rillaboom|0 fnt\n|faint|p2a: Rillaboom\n|\n|-heal|p1a: Decidueye|165/295|[from] Grassy Terrain\n|-heal|p1a: Decidueye|183/295|[from] item: Leftovers\n|upkeep\n|\n|t:|1783565771\n|switch|p2a: Malamar|Malamar, L82, M|100/100\n|turn|3\n|inactive|Time left: 300 sec this turn | 300 sec total\n|\n|t:|1783565772\n|move|p2a: Malamar|Superpower|p1a: Decidueye\n|-damage|p1a: Decidueye|97/295\n|-boost|p2a: Malamar|atk|1\n|-boost|p2a: Malamar|def|1\n|move|p1a: Decidueye|Roost|p1a: Decidueye\n|-heal|p1a: Decidueye|245/295\n|-singleturn|p1a: Decidueye|move: Roost\n|\n|-heal|p1a: Decidueye|263/295|[from] Grassy Terrain\n|-heal|p1a: Decidueye|281/295|[from] item: Leftovers\n|upkeep\n|turn|4\n|inactive|Time left: 300 sec this turn | 300 sec total\n|\n|t:|1783565773\n|move|p2a: Malamar|Superpower|p1a: Decidueye\n|-damage|p1a: Decidueye|155/295\n|-boost|p2a: Malamar|atk|1\n|-boost|p2a: Malamar|def|1\n|move|p1a: Decidueye|Triple Arrows|p2a: Malamar\n|-damage|p2a: Malamar|80/100\n|-boost|p2a: Malamar|def|1\n|\n|-heal|p2a: Malamar|87/100|[from] Grassy Terrain\n|-heal|p1a: Decidueye|173/295|[from] Grassy Terrain\n|-heal|p1a: Decidueye|191/295|[from] item: Leftovers\n|upkeep\n|turn|5\n|inactive|Time left: 300 sec this turn | 300 sec total\n|\n|t:|1783565774\n|move|p2a: Malamar|Superpower|p1a: Decidueye\n|-damage|p1a: Decidueye|30/295\n|-boost|p2a: Malamar|atk|1\n|-boost|p2a: Malamar|def|1\n|move|p1a: Decidueye|Roost|p1a: Decidueye\n|-heal|p1a: Decidueye|178/295\n|-singleturn|p1a: Decidueye|move: Roost\n|\n|-heal|p2a: Malamar|93/100|[from] Grassy Terrain\n|-heal|p1a: Decidueye|196/295|[from] Grassy Terrain\n|-heal|p1a: Decidueye|214/295|[from] item: Leftovers\n|-fieldend|move: Grassy Terrain\n|upkeep\n|turn|6\n|inactive|Time left: 300 sec this turn | 300 sec total\n|\n|t:|1783565775\n|move|p2a: Malamar|Superpower|p1a: Decidueye\n|-damage|p1a: Decidueye|2/295\n|-boost|p2a: Malamar|atk|1\n|-boost|p2a: Malamar|def|1\n|move|p1a: Decidueye|Triple Arrows|p2a: Malamar\n|-crit|p2a: Malamar\n|-damage|p2a: Malamar|34/100\n|\n|-heal|p1a: Decidueye|20/295|[from] item: Leftovers\n|upkeep\n|turn|7\n|inactive|Time left: 300 sec this turn | 300 sec total\n|\n|t:|1783565776\n|move|p2a: Malamar|Rest|p2a: Malamar\n|-status|p2a: Malamar|slp|[from] move: Rest\n|-heal|p2a: Malamar|100/100 slp|[silent]\n|-enditem|p2a: Malamar|Chesto Berry|[eat]\n|-curestatus|p2a: Malamar|slp|[msg]\n|move|p1a: Decidueye|Triple Arrows|p2a: Malamar\n|-damage|p2a: Malamar|87/100\n|\n|-heal|p1a: Decidueye|38/295|[from] item: Leftovers\n|upkeep\n|turn|8\n|inactive|Time left: 300 sec this turn | 300 sec total\n|\n|t:|1783565777\n|move|p2a: Malamar|Superpower|p1a: Decidueye\n|-damage|p1a: Decidueye|0 fnt\n|-boost|p2a: Malamar|atk|1\n|-boost|p2a: Malamar|def|1\n|faint|p1a: Decidueye\n|\n|upkeep\n|inactive|Time left: 300 sec this turn | 300 sec total | 5 sec grace\n|\n|t:|1783565778\n|switch|p1a: Cryogonal|Cryogonal, L89|287/287\n|turn|9\n|inactive|Time left: 300 sec this turn | 300 sec total\n|\n|t:|1783565780\n|move|p1a: Cryogonal|Haze|p1a: Cryogonal\n|-clearallboost\n|move|p2a: Malamar|Superpower|p1a: Cryogonal\n|-supereffective|p1a: Cryogonal\n|-damage|p1a: Cryogonal|63/287\n|-boost|p2a: Malamar|atk|1\n|-boost|p2a: Malamar|def|1\n|\n|upkeep\n|turn|10\n|inactive|Time left: 300 sec this turn | 300 sec total\n|\n|t:|1783565780\n|move|p1a: Cryogonal|Freeze-Dry|p2a: Malamar\n|-damage|p2a: Malamar|51/100\n|move|p2a: Malamar|Superpower|p1a: Cryogonal\n|-supereffective|p1a: Cryogonal\n|-damage|p1a: Cryogonal|0 fnt\n|-boost|p2a: Malamar|atk|1\n|-boost|p2a: Malamar|def|1\n|faint|p1a: Cryogonal\n|\n|upkeep\n|inactive|Time left: 300 sec this turn | 300 sec total | 5 sec grace\n|\n|t:|1783565781\n|switch|p1a: Spectrier|Spectrier, L75|274/274\n|turn|11\n|inactive|Time left: 300 sec this turn | 300 sec total\n|\n|t:|1783565782\n|move|p1a: Spectrier|Substitute|p1a: Spectrier\n|-start|p1a: Spectrier|Substitute\n|-damage|p1a: Spectrier|206/274\n|move|p2a: Malamar|Knock Off|p1a: Spectrier\n|-supereffective|p1a: Spectrier\n|-end|p1a: Spectrier|Substitute\n|\n|-heal|p1a: Spectrier|223/274|[from] item: Leftovers\n|upkeep\n|turn|12\n|inactive|Time left: 300 sec this turn | 300 sec total\n|\n|t:|1783565783\n|move|p1a: Spectrier|Dark Pulse|p2a: Malamar\n|-damage|p2a: Malamar|25/100\n|move|p2a: Malamar|Knock Off|p1a: Spectrier\n|-supereffective|p1a: Spectrier\n|-damage|p1a: Spectrier|0 fnt\n|-enditem|p1a: Spectrier|Leftovers|[from] move: Knock Off|[of] p2a: Malamar\n|faint|p1a: Spectrier\n|\n|upkeep\n|inactive|Time left: 300 sec this turn | 300 sec total | 5 sec grace\n|\n|t:|1783565784\n|switch|p1a: Slowbro|Slowbro-Galar, L87, M|307/307\n|turn|13\n|inactive|Time left: 300 sec this turn | 300 sec total\n|\n|t:|1783565785\n|-terastallize|p1a: Slowbro|Poison\n|move|p2a: Malamar|Knock Off|p1a: Slowbro\n|-damage|p1a: Slowbro|138/307\n|-enditem|p1a: Slowbro|Leftovers|[from] move: Knock Off|[of] p2a: Malamar\n|move|p1a: Slowbro|Shell Side Arm|p2a: Malamar|[anim] Shell Side Arm Special\n|-damage|p2a: Malamar|0 fnt\n|-hint|Special Shell Side Arm\n|faint|p2a: Malamar\n|\n|upkeep\n|\n|t:|1783565786\n|switch|p2a: Swampert|Swampert, L83, F|100/100\n|turn|14\n|inactive|Time left: 300 sec this turn | 300 sec total\n|\n|t:|1783565787\n|switch|p1a: Vileplume|Vileplume, L85, F|266/266\n|move|p2a: Swampert|Earthquake|p1a: Vileplume\n|-damage|p1a: Vileplume|142/266\n|\n|-heal|p1a: Vileplume|158/266|[from] item: Leftovers\n|upkeep\n|turn|15\n|inactive|Time left: 300 sec this turn | 300 sec total\n|\n|t:|1783565789\n|switch|p2a: Cetitan|Cetitan, L82, M|100/100\n|move|p1a: Vileplume|Strength Sap|p2a: Cetitan\n|-unboost|p2a: Cetitan|atk|1\n|-heal|p1a: Vileplume|266/266\n|\n|upkeep\n|turn|16\n|inactive|Time left: 300 sec this turn | 300 sec total\n|\n|t:|1783565790\n|move|p2a: Cetitan|Belly Drum|p2a: Cetitan\n|-damage|p2a: Cetitan|50/100\n|-setboost|p2a: Cetitan|atk|6|[from] move: Belly Drum\n|-enditem|p2a: Cetitan|Sitrus Berry|[eat]\n|-heal|p2a: Cetitan|75/100|[from] item: Sitrus Berry\n|move|p1a: Vileplume|Sleep Powder|p2a: Cetitan\n|-status|p2a: Cetitan|slp|[from] move: Sleep Powder\n|\n|upkeep\n|turn|17\n|inactive|Time left: 300 sec this turn | 300 sec total\n|\n|t:|1783565791\n|cant|p2a: Cetitan|slp\n|move|p1a: Vileplume|Giga Drain|p2a: Cetitan\n|-damage|p2a: Cetitan|41/100 slp\n|\n|upkeep\n|turn|18\n|inactive|Time left: 300 sec this turn | 300 sec total\n|\n|t:|1783565792\n|cant|p2a: Cetitan|slp\n|move|p1a: Vileplume|Sludge Bomb|p2a: Cetitan\n|-damage|p2a: Cetitan|3/100 slp\n|\n|upkeep\n|turn|19\n|inactive|Time left: 300 sec this turn | 300 sec total\n|\n|t:|1783565793\n|cant|p2a: Cetitan|slp\n|move|p1a: Vileplume|Giga Drain|p2a: Cetitan\n|-damage|p2a: Cetitan|0 fnt\n|faint|p2a: Cetitan\n|\n|upkeep\n|\n|t:|1783565794\n|switch|p2a: Hippowdon|Hippowdon, L82, M|100/100\n|-weather|Sandstorm|[from] ability: Sand Stream|[of] p2a: Hippowdon\n|turn|20\n|inactive|Time left: 300 sec this turn | 300 sec total\n|\n|t:|1783565795\n|move|p1a: Vileplume|Giga Drain|p2a: Hippowdon\n|-supereffective|p2a: Hippowdon\n|-damage|p2a: Hippowdon|32/100\n|move|p2a: Hippowdon|Curse|p2a: Hippowdon\n|-unboost|p2a: Hippowdon|spe|1\n|-boost|p2a: Hippowdon|atk|1\n|-boost|p2a: Hippowdon|def|1\n|\n|-weather|Sandstorm|[upkeep]\n|-damage|p1a: Vileplume|250/266|[from] Sandstorm\n|-heal|p1a: Vileplume|266/266|[from] item: Leftovers\n|-heal|p2a: Hippowdon|38/100|[from] item: Leftovers\n|upkeep\n|turn|21\n|inactive|Time left: 300 sec this turn | 300 sec total\n|\n|t:|1783565796\n|-terastallize|p2a: Hippowdon|Steel\n|move|p1a: Vileplume|Giga Drain|p2a: Hippowdon\n|-resisted|p2a: Hippowdon\n|-crit|p2a: Hippowdon\n|-damage|p2a: Hippowdon|11/100\n|move|p2a: Hippowdon|Slack Off|p2a: Hippowdon\n|-heal|p2a: Hippowdon|61/100\n|\n|-weather|Sandstorm|[upkeep]\n|-damage|p1a: Vileplume|250/266|[from] Sandstorm\n|-heal|p1a: Vileplume|266/266|[from] item: Leftovers\n|-heal|p2a: Hippowdon|67/100|[from] item: Leftovers\n|upkeep\n|turn|22\n|inactive|Time left: 300 sec this turn | 300 sec total\n|\n|t:|1783565797\n|move|p1a: Vileplume|Strength Sap|p2a: Hippowdon\n|-unboost|p2a: Hippowdon|atk|1\n|move|p2a: Hippowdon|Earthquake|p1a: Vileplume\n|-damage|p1a: Vileplume|157/266\n|\n|-weather|Sandstorm|[upkeep]\n|-damage|p1a: Vileplume|141/266|[from] Sandstorm\n|-heal|p1a: Vileplume|157/266|[from] item: Leftovers\n|-heal|p2a: Hippowdon|73/100|[from] item: Leftovers\n|upkeep\n|turn|23\n|inactive|Time left: 300 sec this turn | 300 sec total\n|\n|t:|1783565798\n|move|p1a: Vileplume|Strength Sap|p2a: Hippowdon\n|-unboost|p2a: Hippowdon|atk|1\n|-heal|p1a: Vileplume|266/266\n|move|p2a: Hippowdon|Slack Off|p2a: Hippowdon\n|-heal|p2a: Hippowdon|100/100\n|\n|-weather|Sandstorm|[upkeep]\n|-damage|p1a: Vileplume|250/266|[from] Sandstorm\n|-heal|p1a: Vileplume|266/266|[from] item: Leftovers\n|upkeep\n|turn|24\n|inactive|Time left: 300 sec this turn | 300 sec total\n|\n|t:|1783565799\n|move|p1a: Vileplume|Sleep Powder|p2a: Hippowdon\n|-status|p2a: Hippowdon|slp|[from] move: Sleep Powder\n|cant|p2a: Hippowdon|slp\n|\n|-weather|none\n|upkeep\n|turn|25\n|inactive|Time left: 300 sec this turn | 300 sec total\n|\n|t:|1783565800\n|move|p1a: Vileplume|Giga Drain|p2a: Hippowdon\n|-resisted|p2a: Hippowdon\n|-damage|p2a: Hippowdon|82/100 slp\n|cant|p2a: Hippowdon|slp\n|\n|-heal|p2a: Hippowdon|88/100 slp|[from] item: Leftovers\n|upkeep\n|turn|26\n|inactive|Time left: 300 sec this turn | 300 sec total\n|\n|t:|1783565801\n|move|p1a: Vileplume|Strength Sap|p2a: Hippowdon\n|-unboost|p2a: Hippowdon|atk|1\n|cant|p2a: Hippowdon|slp\n|\n|-heal|p2a: Hippowdon|94/100 slp|[from] item: Leftovers\n|upkeep\n|turn|27\n|inactive|Time left: 300 sec this turn | 300 sec total\n|\n|t:|1783565802\n|move|p1a: Vileplume|Sludge Bomb|p2a: Hippowdon\n|-immune|p2a: Hippowdon\n|-curestatus|p2a: Hippowdon|slp|[msg]\n|move|p2a: Hippowdon|Earthquake|p1a: Vileplume\n|-crit|p1a: Vileplume\n|-damage|p1a: Vileplume|85/266\n|\n|-heal|p1a: Vileplume|101/266|[from] item: Leftovers\n|-heal|p2a: Hippowdon|100/100|[from] item: Leftovers\n|upkeep\n|turn|28\n|inactive|Time left: 300 sec this turn | 300 sec total\n|\n|t:|1783565803\n|switch|p2a: Hawlucha|Hawlucha, L80, M|100/100\n|move|p1a: Vileplume|Strength Sap|p2a: Hawlucha\n|-unboost|p2a: Hawlucha|atk|1\n|-heal|p1a: Vileplume|266/266\n|-enditem|p2a: Hawlucha|White Herb\n|-clearnegativeboost|p2a: Hawlucha|[silent]\n|\n|upkeep\n|turn|29\n|inactive|Time left: 300 sec this turn | 300 sec total\n|\n|t:|1783565804\n|move|p2a: Hawlucha|Swords Dance|p2a: Hawlucha\n|-boost|p2a: Hawlucha|atk|2\n|move|p1a: Vileplume|Sludge Bomb|p2a: Hawlucha\n|-crit|p2a: Hawlucha\n|-damage|p2a: Hawlucha|17/100\n|\n|upkeep\n|turn|30\n|inactive|Time left: 300 sec this turn | 300 sec total\n|\n|t:|1783565805\n|switch|p1a: Slowbro|Slowbro-Galar, L87, M, tera:Poison|240/307\n|move|p2a: Hawlucha|Acrobatics|p1a: Slowbro\n|-damage|p1a: Slowbro|41/307\n|\n|upkeep\n|turn|31\n|inactive|Time left: 300 sec this turn | 300 sec total\n|\n|t:|1783565806\n|switch|p1a: Vileplume|Vileplume, L85, F|266/266\n|move|p2a: Hawlucha|Acrobatics|p1a: Vileplume\n|-supereffective|p1a: Vileplume\n|-damage|p1a: Vileplume|0 fnt\n|faint|p1a: Vileplume\n|\n|upkeep\n|inactive|Time left: 300 sec this turn | 300 sec total | 5 sec grace\n|\n|t:|1783565807\n|switch|p1a: Slowbro|Slowbro-Galar, L87, M, tera:Poison|143/307\n|turn|32\n|inactive|Time left: 300 sec this turn | 300 sec total\n|\n|t:|1783565808\n|switch|p1a: Polteageist|Polteageist, L78|222/222\n|move|p2a: Hawlucha|Acrobatics|p1a: Polteageist\n|-damage|p1a: Polteageist|0 fnt\n|faint|p1a: Polteageist\n|\n|upkeep\n|inactive|Time left: 300 sec this turn | 300 sec total | 5 sec grace\n|\n|t:|1783565809\n|switch|p1a: Slowbro|Slowbro-Galar, L87, M, tera:Poison|245/307\n|turn|33\n|inactive|Time left: 300 sec this turn | 300 sec total\n|\n|t:|1783565810\n|move|p2a: Hawlucha|Acrobatics|p1a: Slowbro\n|-crit|p1a: Slowbro\n|-damage|p1a: Slowbro|0 fnt\n|faint|p1a: Slowbro\n|\n|win|p0y2307c002", "uploadtime": 1783565810, "views": 0, "rating": 0, "private": 0, "password": null, "_winner": "p0y2307c002", "_our_name": "p0x2307e690"}