{"id": "battle-gen9randombattle-1295", "formatid": "gen9randombattle", "format": "[Gen 9] Random Battle", "players": ["p0x1295f88b", "p0y1295c154"], "log": "|init|battle\n|title|p0x1295f88b vs. p0y1295c154\n|j|\u2606p0x1295f88b\n|j|\u2606p0y1295c154\n|t:|1783554163\n|gametype|singles\n|player|p1|p0x1295f88b|101|\n|player|p2|p0y1295c154|266|\n|gen|9\n|tier|[Gen 9] Random Battle\n|rule|Species Clause: Limit one of each Pok\u00e9mon\n|rule|HP Percentage Mod: HP is shown in percentages\n|rule|Sleep Clause Mod: Limit one foe put to sleep\n|rule|Illusion Level Mod: Illusion disguises the Pok\u00e9mon's true level\n|\n|t:|1783554163\n|teamsize|p1|6\n|teamsize|p2|6\n|start\n|switch|p1a: Miraidon|Miraidon, L65|100/100\n|switch|p2a: Meloetta|Meloetta, L82|298/298\n|-fieldstart|move: Electric Terrain|[from] ability: Hadron Engine|[of] p1a: Miraidon\n|turn|1\n|inactive|Battle timer is ON: inactive players will automatically lose when time's up. (requested by p0x1295f88b)\n|inactive|Time left: 300 sec this turn | 300 sec total | 60 sec grace\n|inactive|p0y1295c154 also wants the timer to be on.\n|\n|t:|1783554165\n|move|p1a: Miraidon|Electro Drift|p2a: Meloetta\n|-damage|p2a: Meloetta|138/298\n|-damage|p1a: Miraidon|91/100|[from] item: Life Orb\n|move|p2a: Meloetta|Triple Axel|p1a: Miraidon\n|-supereffective|p1a: Miraidon\n|-damage|p1a: Miraidon|76/100\n|-supereffective|p1a: Miraidon\n|-damage|p1a: Miraidon|43/100\n|-supereffective|p1a: Miraidon\n|-damage|p1a: Miraidon|0 fnt\n|faint|p1a: Miraidon\n|-hitcount|p1: Miraidon|3\n|-damage|p2a: Meloetta|109/298|[from] item: Life Orb\n|\n|upkeep\n|\n|t:|1783554166\n|switch|p1a: Abomasnow|Abomasnow, L84, F|100/100\n|-weather|Snowscape|[from] ability: Snow Warning|[of] p1a: Abomasnow\n|turn|2\n|inactive|Time left: 300 sec this turn | 300 sec total\n|\n|t:|1783554167\n|move|p2a: Meloetta|Relic Song|p1a: Abomasnow\n|-damage|p1a: Abomasnow|53/100\n|-formechange|p2a: Meloetta|Meloetta-Pirouette|[msg]\n|-damage|p2a: Meloetta|80/298|[from] item: Life Orb\n|move|p1a: Abomasnow|Aurora Veil|p1a: Abomasnow\n|-sidestart|p1: p0x1295f88b|move: Aurora Veil\n|\n|-weather|Snowscape|[upkeep]\n|upkeep\n|turn|3\n|inactive|Time left: 300 sec this turn | 300 sec total\n|\n|t:|1783554169\n|switch|p2a: Grumpig|Grumpig, L92, F|297/297\n|move|p1a: Abomasnow|Blizzard|p2a: Grumpig\n|-damage|p2a: Grumpig|252/297\n|-status|p2a: Grumpig|frz\n|\n|-weather|Snowscape|[upkeep]\n|-heal|p2a: Grumpig|270/297 frz|[from] item: Leftovers\n|upkeep\n|turn|4\n|inactive|Time left: 300 sec this turn | 300 sec total\n|\n|t:|1783554170\n|cant|p2a: Grumpig|frz\n|move|p1a: Abomasnow|Wood Hammer|p2a: Grumpig\n|-damage|p2a: Grumpig|128/297 frz\n|-damage|p1a: Abomasnow|37/100|[from] Recoil\n|\n|-weather|Snowscape|[upkeep]\n|-heal|p2a: Grumpig|146/297 frz|[from] item: Leftovers\n|upkeep\n|turn|5\n|inactive|Time left: 300 sec this turn | 300 sec total\n|\n|t:|1783554171\n|switch|p2a: Mightyena|Mightyena, L96, F|290/290\n|-ability|p2a: Mightyena|Intimidate|boost\n|-unboost|p1a: Abomasnow|atk|1\n|move|p1a: Abomasnow|Blizzard|p2a: Mightyena\n|-damage|p2a: Mightyena|172/290\n|\n|-weather|Snowscape|[upkeep]\n|-fieldend|move: Electric Terrain\n|upkeep\n|turn|6\n|inactive|Time left: 300 sec this turn | 300 sec total\n|\n|t:|1783554173\n|switch|p1a: Swalot|Swalot, L90, M|100/100\n|move|p2a: Mightyena|Crunch|p1a: Swalot\n|-damage|p1a: Swalot|78/100\n|\n|-weather|none\n|-heal|p1a: Swalot|85/100|[from] item: Leftovers\n|upkeep\n|turn|7\n|inactive|Time left: 300 sec this turn | 300 sec total\n|\n|t:|1783554174\n|move|p2a: Mightyena|Crunch|p1a: Swalot\n|-damage|p1a: Swalot|61/100\n|-unboost|p1a: Swalot|def|1\n|move|p1a: Swalot|Sludge Bomb|p2a: Mightyena\n|-damage|p2a: Mightyena|78/290\n|-status|p2a: Mightyena|psn\n|\n|-heal|p1a: Swalot|67/100|[from] item: Leftovers\n|-damage|p2a: Mightyena|42/290 psn|[from] psn\n|upkeep\n|turn|8\n|inactive|Time left: 300 sec this turn | 300 sec total\n|\n|t:|1783554175\n|move|p2a: Mightyena|Crunch|p1a: Swalot\n|-damage|p1a: Swalot|34/100\n|-unboost|p1a: Swalot|def|1\n|move|p1a: Swalot|Sludge Bomb|p2a: Mightyena\n|-damage|p2a: Mightyena|0 fnt\n|faint|p2a: Mightyena\n|\n|-heal|p1a: Swalot|40/100|[from] item: Leftovers\n|upkeep\n|inactive|Time left: 300 sec this turn | 300 sec total | 5 sec grace\n|\n|t:|1783554176\n|switch|p2a: Slaking|Slaking, L84, F|389/389\n|turn|9\n|inactive|Time left: 300 sec this turn | 300 sec total\n|\n|t:|1783554177\n|switch|p1a: Abomasnow|Abomasnow, L84, F|37/100\n|-weather|Snowscape|[from] ability: Snow Warning|[of] p1a: Abomasnow\n|move|p2a: Slaking|Giga Impact|p1a: Abomasnow\n|-damage|p1a: Abomasnow|0 fnt\n|-mustrecharge|p2a: Slaking\n|faint|p1a: Abomasnow\n|\n|-weather|Snowscape|[upkeep]\n|-sideend|p1: p0x1295f88b|move: Aurora Veil\n|upkeep\n|\n|t:|1783554178\n|switch|p1a: Exeggutor|Exeggutor, L89, M|100/100\n|turn|10\n|inactive|Time left: 300 sec this turn | 300 sec total\n|\n|t:|1783554179\n|cant|p2a: Slaking|recharge\n|move|p1a: Exeggutor|Psychic Noise|p2a: Slaking\n|-damage|p2a: Slaking|257/389\n|-start|p2a: Slaking|move: Heal Block\n|\n|-weather|Snowscape|[upkeep]\n|upkeep\n|turn|11\n|inactive|Time left: 300 sec this turn | 300 sec total\n|\n|t:|1783554180\n|-terastallize|p1a: Exeggutor|Steel\n|move|p2a: Slaking|Giga Impact|p1a: Exeggutor\n|-resisted|p1a: Exeggutor\n|-damage|p1a: Exeggutor|47/100\n|-mustrecharge|p2a: Slaking\n|-enditem|p1a: Exeggutor|Sitrus Berry|[eat]\n|-heal|p1a: Exeggutor|72/100|[from] item: Sitrus Berry\n|move|p1a: Exeggutor|Psychic Noise|p2a: Slaking\n|-damage|p2a: Slaking|122/389\n|\n|-weather|Snowscape|[upkeep]\n|-end|p2a: Slaking|move: Heal Block\n|-item|p1a: Exeggutor|Sitrus Berry|[from] ability: Harvest\n|upkeep\n|turn|12\n|inactive|Time left: 300 sec this turn | 300 sec total\n|\n|t:|1783554181\n|cant|p2a: Slaking|recharge\n|move|p1a: Exeggutor|Psychic Noise|p2a: Slaking\n|-damage|p2a: Slaking|0 fnt\n|faint|p2a: Slaking\n|\n|-weather|Snowscape|[upkeep]\n|upkeep\n|inactive|Time left: 300 sec this turn | 300 sec total | 5 sec grace\n|\n|t:|1783554182\n|switch|p2a: Charizard|Charizard, L85, M|271/271\n|turn|13\n|inactive|Time left: 300 sec this turn | 300 sec total\n|\n|t:|1783554183\n|move|p1a: Exeggutor|Protect|p1a: Exeggutor\n|-singleturn|p1a: Exeggutor|Protect\n|move|p2a: Charizard|Flare Blitz|p1a: Exeggutor\n|-activate|p1a: Exeggutor|move: Protect\n|\n|-weather|none\n|upkeep\n|turn|14\n|inactive|Time left: 300 sec this turn | 300 sec total\n|\n|t:|1783554183\n|move|p2a: Charizard|Flare Blitz|p1a: Exeggutor\n|-supereffective|p1a: Exeggutor\n|-damage|p1a: Exeggutor|0 fnt\n|faint|p1a: Exeggutor\n|-damage|p2a: Charizard|197/271|[from] Recoil\n|\n|upkeep\n|\n|t:|1783554184\n|switch|p1a: Iron Thorns|Iron Thorns, L83|100/100\n|-item|p1a: Iron Thorns|Air Balloon\n|turn|15\n|inactive|Time left: 300 sec this turn | 300 sec total\n|\n|t:|1783554185\n|-terastallize|p2a: Charizard|Ground\n|move|p2a: Charizard|Flare Blitz|p1a: Iron Thorns\n|-resisted|p1a: Iron Thorns\n|-damage|p1a: Iron Thorns|83/100\n|-enditem|p1a: Iron Thorns|Air Balloon\n|-damage|p2a: Charizard|179/271|[from] Recoil\n|move|p1a: Iron Thorns|Stone Edge|p2a: Charizard\n|-resisted|p2a: Charizard\n|-damage|p2a: Charizard|110/271\n|\n|upkeep\n|turn|16\n|inactive|Time left: 300 sec this turn | 300 sec total\n|\n|t:|1783554186\n|-end|p1a: Iron Thorns|Quark Drive|[silent]\n|switch|p1a: Swalot|Swalot, L90, M|100/100\n|move|p2a: Charizard|Earthquake|p1a: Swalot\n|-damage|p1a: Swalot|40/100\n|replace|p1a: Zoroark|Zoroark, L83, F\n|-end|p1a: Zoroark|Illusion\n|-hint|Illusion Level Mod is active, so this Pok\u00e9mon's true level was hidden.\n|\n|upkeep\n|turn|17\n|inactive|Time left: 300 sec this turn | 300 sec total\n|\n|t:|1783554187\n|move|p1a: Zoroark|Dark Pulse|p2a: Charizard\n|-damage|p2a: Charizard|0 fnt\n|faint|p2a: Charizard\n|\n|upkeep\n|inactive|Time left: 300 sec this turn | 300 sec total | 5 sec grace\n|\n|t:|1783554188\n|switch|p2a: Illumise|Illumise, L91, F|266/266\n|turn|18\n|inactive|Time left: 300 sec this turn | 300 sec total\n|\n|t:|1783554189\n|move|p1a: Zoroark|Dark Pulse|p2a: Illumise\n|-damage|p2a: Illumise|119/266\n|cant|p2a: Illumise|flinch\n|\n|upkeep\n|turn|19\n|inactive|Time left: 300 sec this turn | 300 sec total\n|\n|t:|1783554190\n|move|p1a: Zoroark|Dark Pulse|p2a: Illumise\n|-damage|p2a: Illumise|0 fnt\n|faint|p2a: Illumise\n|\n|upkeep\n|inactive|Time left: 300 sec this turn | 300 sec total | 5 sec grace\n|\n|t:|1783554191\n|switch|p2a: Meloetta|Meloetta, L82|80/298\n|turn|20\n|inactive|Time left: 300 sec this turn | 300 sec total\n|\n|t:|1783554192\n|switch|p1a: Swalot|Swalot, L90, M|40/100\n|switch|p2a: Grumpig|Grumpig, L92, F|146/297 frz\n|\n|-heal|p2a: Grumpig|164/297 frz|[from] item: Leftovers\n|-heal|p1a: Swalot|47/100|[from] item: Leftovers\n|upkeep\n|turn|21\n|inactive|Time left: 300 sec this turn | 300 sec total\n|\n|t:|1783554193\n|cant|p2a: Grumpig|frz\n|move|p1a: Swalot|Earthquake|p2a: Grumpig\n|-damage|p2a: Grumpig|89/297 frz\n|\n|-heal|p2a: Grumpig|107/297 frz|[from] item: Leftovers\n|-heal|p1a: Swalot|53/100|[from] item: Leftovers\n|upkeep\n|turn|22\n|inactive|Time left: 300 sec this turn | 300 sec total\n|\n|t:|1783554194\n|cant|p2a: Grumpig|frz\n|move|p1a: Swalot|Earthquake|p2a: Grumpig\n|-damage|p2a: Grumpig|27/297 frz\n|\n|-heal|p2a: Grumpig|45/297 frz|[from] item: Leftovers\n|-heal|p1a: Swalot|59/100|[from] item: Leftovers\n|upkeep\n|turn|23\n|inactive|Time left: 300 sec this turn | 300 sec total\n|\n|t:|1783554195\n|cant|p2a: Grumpig|frz\n|move|p1a: Swalot|Sludge Bomb|p2a: Grumpig\n|-damage|p2a: Grumpig|0 fnt\n|faint|p2a: Grumpig\n|\n|-heal|p1a: Swalot|65/100|[from] item: Leftovers\n|upkeep\n|inactive|Time left: 300 sec this turn | 300 sec total | 5 sec grace\n|\n|t:|1783554196\n|switch|p2a: Meloetta|Meloetta, L82|80/298\n|turn|24\n|inactive|Time left: 300 sec this turn | 300 sec total\n|\n|t:|1783554196\n|move|p2a: Meloetta|Relic Song|p1a: Swalot\n|-damage|p1a: Swalot|27/100\n|-formechange|p2a: Meloetta|Meloetta-Pirouette|[msg]\n|-damage|p2a: Meloetta|51/298|[from] item: Life Orb\n|move|p1a: Swalot|Toxic|p2a: Meloetta\n|-status|p2a: Meloetta|tox\n|\n|-heal|p1a: Swalot|33/100|[from] item: Leftovers\n|-damage|p2a: Meloetta|33/298 tox|[from] psn\n|upkeep\n|turn|25\n|inactive|Time left: 300 sec this turn | 300 sec total\n|\n|t:|1783554198\n|switch|p1a: Swalot|Swalot, L90, M|40/100\n|move|p2a: Meloetta|Triple Axel|p1a: Swalot\n|-damage|p1a: Swalot|29/100\n|replace|p1a: Zoroark|Zoroark, L83, F\n|-end|p1a: Zoroark|Illusion\n|-hitcount|p1a: Zoroark|1\n|-damage|p2a: Meloetta|4/298 tox|[from] item: Life Orb\n|\n|-damage|p2a: Meloetta|0 fnt|[from] psn\n|faint|p2a: Meloetta\n|\n|win|p0x1295f88b", "uploadtime": 1783554198, "views": 0, "rating": 0, "private": 0, "password": null, "_winner": "p0x1295f88b", "_our_name": "p0y1295c154"}