{"id": "battle-gen9randombattle-2241", "formatid": "gen9randombattle", "format": "[Gen 9] Random Battle", "players": ["p0x2241a18c", "p0y2241b80f"], "log": "|init|battle\n|title|p0x2241a18c vs. p0y2241b80f\n|j|\u2606p0x2241a18c\n|j|\u2606p0y2241b80f\n|t:|1783565979\n|gametype|singles\n|player|p1|p0x2241a18c|169|\n|player|p2|p0y2241b80f|170|\n|gen|9\n|tier|[Gen 9] Random Battle\n|rule|Species Clause: Limit one of each Pok\u00e9mon\n|rule|HP Percentage Mod: HP is shown in percentages\n|rule|Sleep Clause Mod: Limit one foe put to sleep\n|rule|Illusion Level Mod: Illusion disguises the Pok\u00e9mon's true level\n|\n|t:|1783565979\n|teamsize|p1|6\n|teamsize|p2|6\n|start\n|switch|p1a: Seviper|Seviper, L93, M|100/100\n|switch|p2a: Oricorio|Oricorio-Pom-Pom, L82, M|257/257\n|turn|1\n|inactive|Battle timer is ON: inactive players will automatically lose when time's up. (requested by p0x2241a18c)\n|inactive|Time left: 300 sec this turn | 300 sec total | 60 sec grace\n|inactive|p0y2241b80f also wants the timer to be on.\n|\n|t:|1783565981\n|move|p1a: Seviper|Gunk Shot|p2a: Oricorio\n|-damage|p2a: Oricorio|79/257\n|move|p2a: Oricorio|Quiver Dance|p2a: Oricorio\n|-boost|p2a: Oricorio|spa|1\n|-boost|p2a: Oricorio|spd|1\n|-boost|p2a: Oricorio|spe|1\n|\n|upkeep\n|turn|2\n|inactive|Time left: 300 sec this turn | 300 sec total\n|\n|t:|1783565982\n|-terastallize|p2a: Oricorio|Ground\n|move|p2a: Oricorio|Revelation Dance|p1a: Seviper\n|-supereffective|p1a: Seviper\n|-damage|p1a: Seviper|0 fnt\n|faint|p1a: Seviper\n|\n|upkeep\n|\n|t:|1783565983\n|switch|p1a: Jirachi|Jirachi, L80|100/100\n|turn|3\n|inactive|Time left: 300 sec this turn | 300 sec total\n|\n|t:|1783565984\n|move|p1a: Jirachi|Iron Head|p2a: Oricorio\n|-damage|p2a: Oricorio|0 fnt\n|faint|p2a: Oricorio\n|\n|upkeep\n|inactive|Time left: 300 sec this turn | 300 sec total | 5 sec grace\n|\n|t:|1783565985\n|switch|p2a: Basculegion|Basculegion-F, L83, F|335/335\n|turn|4\n|inactive|Time left: 300 sec this turn | 300 sec total\n|\n|t:|1783565986\n|move|p1a: Jirachi|Iron Head|p2a: Basculegion\n|-resisted|p2a: Basculegion\n|-damage|p2a: Basculegion|289/335\n|cant|p2a: Basculegion|flinch\n|\n|upkeep\n|turn|5\n|inactive|Time left: 300 sec this turn | 300 sec total\n|\n|t:|1783565987\n|move|p1a: Jirachi|Iron Head|p2a: Basculegion\n|-resisted|p2a: Basculegion\n|-damage|p2a: Basculegion|237/335\n|move|p2a: Basculegion|Hydro Pump|p1a: Jirachi\n|-damage|p1a: Jirachi|27/100\n|\n|upkeep\n|turn|6\n|inactive|Time left: 300 sec this turn | 300 sec total\n|\n|t:|1783565988\n|move|p1a: Jirachi|Iron Head|p2a: Basculegion\n|-resisted|p2a: Basculegion\n|-damage|p2a: Basculegion|187/335\n|cant|p2a: Basculegion|flinch\n|\n|upkeep\n|turn|7\n|inactive|Time left: 300 sec this turn | 300 sec total\n|\n|t:|1783565989\n|move|p1a: Jirachi|Iron Head|p2a: Basculegion\n|-resisted|p2a: Basculegion\n|-damage|p2a: Basculegion|137/335\n|move|p2a: Basculegion|Hydro Pump|p1a: Jirachi\n|-damage|p1a: Jirachi|0 fnt\n|faint|p1a: Jirachi\n|\n|upkeep\n|\n|t:|1783565990\n|switch|p1a: Vikavolt|Vikavolt, L83, M|100/100\n|turn|8\n|inactive|Time left: 300 sec this turn | 300 sec total\n|\n|t:|1783565991\n|move|p2a: Basculegion|Hydro Pump|p1a: Vikavolt\n|-damage|p1a: Vikavolt|0 fnt\n|faint|p1a: Vikavolt\n|\n|upkeep\n|\n|t:|1783565992\n|switch|p1a: Scyther|Scyther, L82, F|100/100\n|turn|9\n|inactive|Time left: 300 sec this turn | 300 sec total\n|\n|t:|1783565993\n|switch|p2a: Zapdos|Zapdos, L78|268/268\n|move|p1a: Scyther|Dual Wingbeat|p2a: Zapdos|[miss]\n|-miss|p1a: Scyther|p2a: Zapdos\n|\n|upkeep\n|turn|10\n|inactive|Time left: 300 sec this turn | 300 sec total\n|\n|t:|1783565994\n|move|p1a: Scyther|Swords Dance|p1a: Scyther\n|-boost|p1a: Scyther|atk|2\n|move|p2a: Zapdos|Thunderbolt|p1a: Scyther\n|-supereffective|p1a: Scyther\n|-damage|p1a: Scyther|15/100\n|\n|upkeep\n|turn|11\n|inactive|Time left: 300 sec this turn | 300 sec total\n|\n|t:|1783565994\n|move|p1a: Scyther|Dual Wingbeat|p2a: Zapdos\n|-resisted|p2a: Zapdos\n|-damage|p2a: Zapdos|199/268\n|-resisted|p2a: Zapdos\n|-damage|p2a: Zapdos|132/268\n|-hitcount|p2a: Zapdos|2\n|move|p2a: Zapdos|Thunderbolt|p1a: Scyther\n|-supereffective|p1a: Scyther\n|-damage|p1a: Scyther|0 fnt\n|faint|p1a: Scyther\n|\n|upkeep\n|\n|t:|1783565995\n|switch|p1a: Braviary|Braviary-Hisui, L85, M|100/100\n|turn|12\n|inactive|Time left: 300 sec this turn | 300 sec total\n|\n|t:|1783565996\n|move|p2a: Zapdos|Thunderbolt|p1a: Braviary\n|-supereffective|p1a: Braviary\n|-damage|p1a: Braviary|27/100\n|move|p1a: Braviary|Psychic|p2a: Zapdos\n|-damage|p2a: Zapdos|0 fnt\n|faint|p2a: Zapdos\n|\n|upkeep\n|inactive|Time left: 300 sec this turn | 300 sec total | 5 sec grace\n|\n|t:|1783565997\n|switch|p2a: Basculegion|Basculegion-F, L83, F|137/335\n|turn|13\n|inactive|Time left: 300 sec this turn | 300 sec total\n|\n|t:|1783565998\n|move|p2a: Basculegion|Shadow Ball|p1a: Braviary\n|-supereffective|p1a: Braviary\n|-damage|p1a: Braviary|0 fnt\n|faint|p1a: Braviary\n|\n|upkeep\n|\n|t:|1783565999\n|switch|p1a: Great Tusk|Great Tusk, L77|100/100\n|turn|14\n|inactive|Time left: 300 sec this turn | 300 sec total\n|\n|t:|1783566000\n|-terastallize|p1a: Great Tusk|Ground\n|move|p1a: Great Tusk|Earthquake|p2a: Basculegion\n|-damage|p2a: Basculegion|0 fnt\n|faint|p2a: Basculegion\n|\n|upkeep\n|inactive|Time left: 300 sec this turn | 300 sec total | 5 sec grace\n|\n|t:|1783566001\n|switch|p2a: Cryogonal|Cryogonal, L89|287/287\n|turn|15\n|inactive|Time left: 300 sec this turn | 300 sec total\n|\n|t:|1783566002\n|move|p2a: Cryogonal|Freeze-Dry|p1a: Great Tusk\n|-supereffective|p1a: Great Tusk\n|-damage|p1a: Great Tusk|22/100\n|move|p1a: Great Tusk|Rapid Spin|p2a: Cryogonal\n|-damage|p2a: Cryogonal|235/287\n|-boost|p1a: Great Tusk|spe|1\n|\n|-heal|p1a: Great Tusk|28/100|[from] item: Leftovers\n|upkeep\n|turn|16\n|inactive|Time left: 300 sec this turn | 300 sec total\n|\n|t:|1783566003\n|move|p1a: Great Tusk|Close Combat|p2a: Cryogonal\n|-supereffective|p2a: Cryogonal\n|-damage|p2a: Cryogonal|0 fnt\n|-unboost|p1a: Great Tusk|def|1\n|-unboost|p1a: Great Tusk|spd|1\n|faint|p2a: Cryogonal\n|\n|-heal|p1a: Great Tusk|34/100|[from] item: Leftovers\n|upkeep\n|inactive|Time left: 300 sec this turn | 300 sec total | 5 sec grace\n|\n|t:|1783566004\n|switch|p2a: Stantler|Stantler, L92, M|284/284\n|-ability|p2a: Stantler|Intimidate|boost\n|-unboost|p1a: Great Tusk|atk|1\n|turn|17\n|inactive|Time left: 300 sec this turn | 300 sec total\n|\n|t:|1783566005\n|move|p1a: Great Tusk|Earthquake|p2a: Stantler\n|-damage|p2a: Stantler|204/284\n|move|p2a: Stantler|Shadow Ball|p1a: Great Tusk\n|-damage|p1a: Great Tusk|0 fnt\n|faint|p1a: Great Tusk\n|-end|p1a: Great Tusk|Protosynthesis|[silent]\n|\n|win|p0y2241b80f", "uploadtime": 1783566005, "views": 0, "rating": 0, "private": 0, "password": null, "_winner": "p0y2241b80f", "_our_name": "p0y2241b80f"}