{"id": "battle-gen9randombattle-76", "formatid": "gen9randombattle", "format": "[Gen 9] Random Battle", "players": ["p0x076a565", "p0y076a20b"], "log": "|init|battle\n|title|p0x076a565 vs. p0y076a20b\n|j|\u2606p0x076a565\n|j|\u2606p0y076a20b\n|t:|1783540341\n|gametype|singles\n|player|p1|p0x076a565|170|\n|player|p2|p0y076a20b|170|\n|gen|9\n|tier|[Gen 9] Random Battle\n|rule|Species Clause: Limit one of each Pok\u00e9mon\n|rule|HP Percentage Mod: HP is shown in percentages\n|rule|Sleep Clause Mod: Limit one foe put to sleep\n|rule|Illusion Level Mod: Illusion disguises the Pok\u00e9mon's true level\n|\n|t:|1783540341\n|teamsize|p1|6\n|teamsize|p2|6\n|start\n|switch|p1a: Cryogonal|Cryogonal, L89|100/100\n|switch|p2a: Hypno|Hypno, L95, F|315/315\n|turn|1\n|inactive|Battle timer is ON: inactive players will automatically lose when time's up. (requested by p0y076a20b)\n|inactive|p0x076a565 also wants the timer to be on.\n|\n|t:|1783540343\n|move|p1a: Cryogonal|Rapid Spin|p2a: Hypno\n|-damage|p2a: Hypno|288/315\n|-boost|p1a: Cryogonal|spe|1\n|move|p2a: Hypno|Toxic|p1a: Cryogonal\n|-status|p1a: Cryogonal|tox\n|\n|-heal|p2a: Hypno|307/315|[from] item: Leftovers\n|-damage|p1a: Cryogonal|95/100 tox|[from] psn\n|upkeep\n|turn|2\n|inactive|Time left: 300 sec this turn | 300 sec total\n|\n|t:|1783540344\n|move|p1a: Cryogonal|Freeze-Dry|p2a: Hypno\n|-damage|p2a: Hypno|253/315\n|move|p2a: Hypno|Psychic Noise|p1a: Cryogonal\n|-damage|p1a: Cryogonal|76/100 tox\n|-start|p1a: Cryogonal|move: Heal Block\n|\n|-heal|p2a: Hypno|272/315|[from] item: Leftovers\n|-damage|p1a: Cryogonal|65/100 tox|[from] psn\n|upkeep\n|turn|3\n|inactive|Time left: 300 sec this turn | 300 sec total\n|\n|t:|1783540345\n|move|p1a: Cryogonal|Freeze-Dry|p2a: Hypno\n|-damage|p2a: Hypno|215/315\n|move|p2a: Hypno|Focus Blast|p1a: Cryogonal\n|-supereffective|p1a: Cryogonal\n|-crit|p1a: Cryogonal\n|-damage|p1a: Cryogonal|0 fnt\n|faint|p1a: Cryogonal\n|\n|-heal|p2a: Hypno|234/315|[from] item: Leftovers\n|upkeep\n|\n|t:|1783540346\n|switch|p1a: Abomasnow|Abomasnow, L84, F|100/100\n|-weather|Snowscape|[from] ability: Snow Warning|[of] p1a: Abomasnow\n|turn|4\n|inactive|Time left: 300 sec this turn | 300 sec total\n|\n|t:|1783540348\n|move|p2a: Hypno|Psychic Noise|p1a: Abomasnow\n|-damage|p1a: Abomasnow|71/100\n|-start|p1a: Abomasnow|move: Heal Block\n|move|p1a: Abomasnow|Aurora Veil|p1a: Abomasnow\n|-sidestart|p1: p0x076a565|move: Aurora Veil\n|\n|-weather|Snowscape|[upkeep]\n|-heal|p2a: Hypno|253/315|[from] item: Leftovers\n|upkeep\n|turn|5\n|inactive|Time left: 300 sec this turn | 300 sec total\n|\n|t:|1783540349\n|switch|p1a: Camerupt|Camerupt, L91, M|100/100\n|move|p2a: Hypno|Toxic|p1a: Camerupt|[miss]\n|-miss|p2a: Hypno|p1a: Camerupt\n|\n|-weather|Snowscape|[upkeep]\n|-heal|p2a: Hypno|272/315|[from] item: Leftovers\n|upkeep\n|turn|6\n|inactive|Time left: 300 sec this turn | 300 sec total\n|\n|t:|1783540350\n|move|p2a: Hypno|Toxic|p1a: Camerupt\n|-status|p1a: Camerupt|tox\n|move|p1a: Camerupt|Stealth Rock|p2a: Hypno\n|-sidestart|p2: p0y076a20b|move: Stealth Rock\n|\n|-weather|Snowscape|[upkeep]\n|-heal|p2a: Hypno|291/315|[from] item: Leftovers\n|-damage|p1a: Camerupt|94/100 tox|[from] psn\n|upkeep\n|turn|7\n|inactive|Time left: 300 sec this turn | 300 sec total\n|\n|t:|1783540351\n|switch|p1a: Zekrom|Zekrom, L71|100/100\n|-ability|p1a: Zekrom|Teravolt\n|move|p2a: Hypno|Focus Blast|p1a: Zekrom|[miss]\n|-miss|p2a: Hypno|p1a: Zekrom\n|\n|-weather|Snowscape|[upkeep]\n|-heal|p2a: Hypno|310/315|[from] item: Leftovers\n|upkeep\n|turn|8\n|inactive|Time left: 300 sec this turn | 300 sec total\n|\n|t:|1783540353\n|move|p2a: Hypno|Toxic|p1a: Zekrom\n|-status|p1a: Zekrom|tox\n|move|p1a: Zekrom|Dragon Dance|p1a: Zekrom\n|-boost|p1a: Zekrom|atk|1\n|-boost|p1a: Zekrom|spe|1\n|\n|-weather|none\n|-heal|p2a: Hypno|315/315|[from] item: Leftovers\n|-damage|p1a: Zekrom|94/100 tox|[from] psn\n|upkeep\n|turn|9\n|inactive|Time left: 300 sec this turn | 300 sec total\n|\n|t:|1783540354\n|move|p2a: Hypno|Protect|p2a: Hypno\n|-singleturn|p2a: Hypno|Protect\n|move|p1a: Zekrom|Outrage|p2a: Hypno\n|-activate|p2a: Hypno|move: Protect\n|\n|-heal|p1a: Zekrom|100/100 tox|[from] item: Leftovers\n|-damage|p1a: Zekrom|88/100 tox|[from] psn\n|upkeep\n|turn|10\n|inactive|Time left: 300 sec this turn | 300 sec total\n|\n|t:|1783540355\n|-terastallize|p2a: Hypno|Steel\n|move|p1a: Zekrom|Outrage|p2a: Hypno\n|-resisted|p2a: Hypno\n|-damage|p2a: Hypno|213/315\n|move|p2a: Hypno|Focus Blast|p1a: Zekrom\n|-crit|p1a: Zekrom\n|-damage|p1a: Zekrom|33/100 tox\n|\n|-heal|p1a: Zekrom|39/100 tox|[from] item: Leftovers\n|-heal|p2a: Hypno|232/315|[from] item: Leftovers\n|-damage|p1a: Zekrom|21/100 tox|[from] psn\n|upkeep\n|turn|11\n|inactive|Time left: 300 sec this turn | 300 sec total\n|\n|t:|1783540356\n|move|p2a: Hypno|Protect|p2a: Hypno\n|-singleturn|p2a: Hypno|Protect\n|move|p1a: Zekrom|Outrage|p2a: Hypno|[from] lockedmove\n|-activate|p2a: Hypno|move: Protect\n|-start|p1a: Zekrom|confusion|[fatigue]\n|\n|-heal|p1a: Zekrom|27/100 tox|[from] item: Leftovers\n|-heal|p2a: Hypno|251/315|[from] item: Leftovers\n|-damage|p1a: Zekrom|2/100 tox|[from] psn\n|-sideend|p1: p0x076a565|move: Aurora Veil\n|upkeep\n|turn|12\n|inactive|Time left: 300 sec this turn | 300 sec total\n|\n|t:|1783540357\n|-activate|p1a: Zekrom|confusion\n|-damage|p1a: Zekrom|0 fnt|[from] confusion\n|faint|p1a: Zekrom\n|move|p2a: Hypno|Toxic|p1: Zekrom|[notarget]\n|-fail|p2a: Hypno\n|\n|-heal|p2a: Hypno|270/315|[from] item: Leftovers\n|upkeep\n|\n|t:|1783540358\n|switch|p1a: Abomasnow|Abomasnow, L84, F|71/100\n|-weather|Snowscape|[from] ability: Snow Warning|[of] p1a: Abomasnow\n|turn|13\n|inactive|Time left: 300 sec this turn | 300 sec total\n|\n|t:|1783540359\n|move|p2a: Hypno|Psychic Noise|p1a: Abomasnow\n|-damage|p1a: Abomasnow|42/100\n|-start|p1a: Abomasnow|move: Heal Block\n|move|p1a: Abomasnow|Aurora Veil|p1a: Abomasnow\n|-sidestart|p1: p0x076a565|move: Aurora Veil\n|\n|-weather|Snowscape|[upkeep]\n|-heal|p2a: Hypno|289/315|[from] item: Leftovers\n|upkeep\n|turn|14\n|inactive|Time left: 300 sec this turn | 300 sec total\n|\n|t:|1783540360\n|move|p2a: Hypno|Toxic|p1a: Abomasnow\n|-status|p1a: Abomasnow|tox\n|move|p1a: Abomasnow|Blizzard|p2a: Hypno\n|-resisted|p2a: Hypno\n|-damage|p2a: Hypno|245/315\n|-status|p2a: Hypno|frz\n|\n|-weather|Snowscape|[upkeep]\n|-heal|p2a: Hypno|264/315 frz|[from] item: Leftovers\n|-damage|p1a: Abomasnow|36/100 tox|[from] psn\n|-end|p1a: Abomasnow|move: Heal Block\n|upkeep\n|turn|15\n|inactive|Time left: 300 sec this turn | 300 sec total\n|\n|t:|1783540362\n|cant|p2a: Hypno|frz\n|move|p1a: Abomasnow|Blizzard|p2a: Hypno\n|-resisted|p2a: Hypno\n|-damage|p2a: Hypno|227/315 frz\n|\n|-weather|Snowscape|[upkeep]\n|-heal|p2a: Hypno|246/315 frz|[from] item: Leftovers\n|-damage|p1a: Abomasnow|25/100 tox|[from] psn\n|upkeep\n|turn|16\n|inactive|Time left: 300 sec this turn | 300 sec total\n|\n|t:|1783540363\n|cant|p2a: Hypno|frz\n|move|p1a: Abomasnow|Earthquake|p2a: Hypno\n|-supereffective|p2a: Hypno\n|-damage|p2a: Hypno|96/315 frz\n|\n|-weather|Snowscape|[upkeep]\n|-heal|p2a: Hypno|115/315 frz|[from] item: Leftovers\n|-damage|p1a: Abomasnow|7/100 tox|[from] psn\n|upkeep\n|turn|17\n|inactive|Time left: 300 sec this turn | 300 sec total\n|\n|t:|1783540364\n|cant|p2a: Hypno|frz\n|move|p1a: Abomasnow|Earthquake|p2a: Hypno\n|-supereffective|p2a: Hypno\n|-damage|p2a: Hypno|0 fnt\n|faint|p2a: Hypno\n|\n|-weather|none\n|-damage|p1a: Abomasnow|0 fnt|[from] psn\n|faint|p1a: Abomasnow\n|upkeep\n|inactive|Time left: 300 sec this turn | 300 sec total | 5 sec grace\n|\n|t:|1783540365\n|switch|p2a: Vigoroth|Vigoroth, L85, F|275/275\n|switch|p1a: Palkia|Palkia-Origin, L72|100/100\n|-ability|p1a: Palkia|Pressure\n|-damage|p2a: Vigoroth|241/275|[from] Stealth Rock\n|turn|18\n|inactive|Time left: 300 sec this turn | 300 sec total\n|\n|t:|1783540366\n|move|p1a: Palkia|Spacial Rend|p2a: Vigoroth\n|-damage|p2a: Vigoroth|126/275\n|move|p2a: Vigoroth|Slack Off|p2a: Vigoroth\n|-heal|p2a: Vigoroth|264/275\n|\n|upkeep\n|turn|19\n|inactive|Time left: 300 sec this turn | 300 sec total\n|\n|t:|1783540367\n|move|p1a: Palkia|Spacial Rend|p2a: Vigoroth\n|-damage|p2a: Vigoroth|141/275\n|move|p2a: Vigoroth|Slack Off|p2a: Vigoroth\n|-heal|p2a: Vigoroth|275/275\n|\n|upkeep\n|turn|20\n|inactive|Time left: 300 sec this turn | 300 sec total\n|\n|t:|1783540368\n|move|p1a: Palkia|Spacial Rend|p2a: Vigoroth\n|-damage|p2a: Vigoroth|163/275\n|move|p2a: Vigoroth|Slack Off|p2a: Vigoroth\n|-heal|p2a: Vigoroth|275/275\n|\n|-sideend|p1: p0x076a565|move: Aurora Veil\n|upkeep\n|turn|21\n|inactive|Time left: 300 sec this turn | 300 sec total\n|\n|t:|1783540369\n|move|p1a: Palkia|Hydro Pump|p2a: Vigoroth\n|-damage|p2a: Vigoroth|133/275\n|move|p2a: Vigoroth|Body Slam|p1a: Palkia\n|-damage|p1a: Palkia|67/100\n|\n|upkeep\n|turn|22\n|inactive|Time left: 300 sec this turn | 300 sec total\n|\n|t:|1783540370\n|move|p1a: Palkia|Hydro Pump|p2a: Vigoroth|[miss]\n|-miss|p1a: Palkia|p2a: Vigoroth\n|move|p2a: Vigoroth|Body Slam|p1a: Palkia\n|-damage|p1a: Palkia|31/100\n|\n|upkeep\n|turn|23\n|inactive|Time left: 300 sec this turn | 300 sec total\n|\n|t:|1783540371\n|move|p1a: Palkia|Hydro Pump|p2a: Vigoroth|[miss]\n|-miss|p1a: Palkia|p2a: Vigoroth\n|move|p2a: Vigoroth|Body Slam|p1a: Palkia\n|-damage|p1a: Palkia|0 fnt\n|faint|p1a: Palkia\n|\n|upkeep\n|\n|t:|1783540372\n|switch|p1a: Dedenne|Dedenne, L88, M|100/100\n|turn|24\n|inactive|Time left: 300 sec this turn | 300 sec total\n|\n|t:|1783540373\n|move|p1a: Dedenne|Super Fang|p2a: Vigoroth\n|-damage|p2a: Vigoroth|67/275\n|move|p2a: Vigoroth|Slack Off|p2a: Vigoroth\n|-heal|p2a: Vigoroth|205/275\n|\n|upkeep\n|turn|25\n|inactive|Time left: 300 sec this turn | 300 sec total\n|\n|t:|1783540374\n|move|p1a: Dedenne|Nuzzle|p2a: Vigoroth\n|-damage|p2a: Vigoroth|192/275\n|-status|p2a: Vigoroth|par\n|move|p2a: Vigoroth|Slack Off|p2a: Vigoroth\n|-heal|p2a: Vigoroth|275/275 par\n|\n|upkeep\n|turn|26\n|inactive|Time left: 300 sec this turn | 300 sec total\n|\n|t:|1783540375\n|switch|p2a: Sinistcha|Sinistcha, L83|254/254\n|-damage|p2a: Sinistcha|223/254|[from] Stealth Rock\n|move|p1a: Dedenne|Super Fang|p2a: Sinistcha\n|-immune|p2a: Sinistcha\n|\n|-heal|p2a: Sinistcha|238/254|[from] item: Leftovers\n|upkeep\n|turn|27\n|inactive|Time left: 300 sec this turn | 300 sec total\n|\n|t:|1783540376\n|move|p1a: Dedenne|Nuzzle|p2a: Sinistcha\n|-resisted|p2a: Sinistcha\n|-damage|p2a: Sinistcha|231/254\n|-status|p2a: Sinistcha|par\n|move|p2a: Sinistcha|Calm Mind|p2a: Sinistcha\n|-boost|p2a: Sinistcha|spa|1\n|-boost|p2a: Sinistcha|spd|1\n|\n|-heal|p2a: Sinistcha|246/254 par|[from] item: Leftovers\n|upkeep\n|turn|28\n|inactive|Time left: 300 sec this turn | 300 sec total\n|\n|t:|1783540377\n|move|p1a: Dedenne|Nuzzle|p2a: Sinistcha\n|-resisted|p2a: Sinistcha\n|-damage|p2a: Sinistcha|238/254 par\n|move|p2a: Sinistcha|Matcha Gotcha|p1a: Dedenne\n|-damage|p1a: Dedenne|37/100\n|-heal|p2a: Sinistcha|254/254 par|[from] drain|[of] p1a: Dedenne\n|-enditem|p1a: Dedenne|Sitrus Berry|[eat]\n|-heal|p1a: Dedenne|62/100|[from] item: Sitrus Berry\n|-heal|p1a: Dedenne|96/100|[from] ability: Cheek Pouch\n|\n|upkeep\n|turn|29\n|inactive|Time left: 300 sec this turn | 300 sec total\n|\n|t:|1783540378\n|move|p1a: Dedenne|Dazzling Gleam|p2a: Sinistcha\n|-damage|p2a: Sinistcha|193/254 par\n|move|p2a: Sinistcha|Shadow Ball|p1a: Dedenne\n|-damage|p1a: Dedenne|25/100\n|\n|-heal|p2a: Sinistcha|208/254 par|[from] item: Leftovers\n|upkeep\n|turn|30\n|inactive|Time left: 300 sec this turn | 300 sec total\n|\n|t:|1783540379\n|move|p1a: Dedenne|Dazzling Gleam|p2a: Sinistcha\n|-damage|p2a: Sinistcha|142/254 par\n|move|p2a: Sinistcha|Matcha Gotcha|p1a: Dedenne\n|-damage|p1a: Dedenne|0 fnt\n|-heal|p2a: Sinistcha|174/254 par|[from] drain|[of] p1a: Dedenne\n|faint|p1a: Dedenne\n|\n|-heal|p2a: Sinistcha|189/254 par|[from] item: Leftovers\n|upkeep\n|\n|t:|1783540380\n|switch|p1a: Camerupt|Camerupt, L91, M|94/100 tox\n|turn|31\n|inactive|Time left: 300 sec this turn | 300 sec total\n|\n|t:|1783540381\n|cant|p2a: Sinistcha|par\n|move|p1a: Camerupt|Roar|p2a: Sinistcha\n|drag|p2a: Moltres|Moltres, L81|278/278\n|\n|-heal|p1a: Camerupt|100/100 tox|[from] item: Leftovers\n|-damage|p1a: Camerupt|94/100 tox|[from] psn\n|upkeep\n|turn|32\n|inactive|Time left: 300 sec this turn | 300 sec total\n|\n|t:|1783540382\n|move|p2a: Moltres|Brave Bird|p1a: Camerupt\n|-damage|p1a: Camerupt|44/100 tox\n|-damage|p2a: Moltres|232/278|[from] Recoil\n|move|p1a: Camerupt|Roar|p2a: Moltres\n|drag|p2a: Sinistcha|Sinistcha, L83|189/254 par\n|-damage|p2a: Sinistcha|158/254 par|[from] Stealth Rock\n|\n|-heal|p1a: Camerupt|50/100 tox|[from] item: Leftovers\n|-heal|p2a: Sinistcha|173/254 par|[from] item: Leftovers\n|-damage|p1a: Camerupt|38/100 tox|[from] psn\n|upkeep\n|turn|33\n|inactive|Time left: 300 sec this turn | 300 sec total\n|\n|t:|1783540383\n|-terastallize|p1a: Camerupt|Grass\n|move|p1a: Camerupt|Stealth Rock||[still]\n|-fail|p1a: Camerupt\n|move|p2a: Sinistcha|Shadow Ball|p1a: Camerupt\n|-damage|p1a: Camerupt|2/100 tox\n|\n|-heal|p1a: Camerupt|8/100 tox|[from] item: Leftovers\n|-heal|p2a: Sinistcha|188/254 par|[from] item: Leftovers\n|-damage|p1a: Camerupt|0 fnt|[from] psn\n|faint|p1a: Camerupt\n|\n|win|p0y076a20b", "uploadtime": 1783540383, "views": 0, "rating": 0, "private": 0, "password": null, "_winner": "p0y076a20b", "_our_name": "p0y076a20b"}