{"id": "battle-gen9randombattle-2430", "formatid": "gen9randombattle", "format": "[Gen 9] Random Battle", "players": ["p0x2430deae", "p0y24302af7"], "log": "|init|battle\n|title|p0x2430deae vs. p0y24302af7\n|j|\u2606p0x2430deae\n|j|\u2606p0y24302af7\n|t:|1783567174\n|gametype|singles\n|player|p1|p0x2430deae|1|\n|player|p2|p0y24302af7|265|\n|gen|9\n|tier|[Gen 9] Random Battle\n|rule|Species Clause: Limit one of each Pok\u00e9mon\n|rule|HP Percentage Mod: HP is shown in percentages\n|rule|Sleep Clause Mod: Limit one foe put to sleep\n|rule|Illusion Level Mod: Illusion disguises the Pok\u00e9mon's true level\n|\n|t:|1783567174\n|teamsize|p1|6\n|teamsize|p2|6\n|start\n|switch|p1a: Farigiraf|Farigiraf, L90, M|100/100\n|switch|p2a: Iron Bundle|Iron Bundle, L78|215/215\n|turn|1\n|inactive|Battle timer is ON: inactive players will automatically lose when time's up. (requested by p0y24302af7)\n|inactive|p0x2430deae also wants the timer to be on.\n|\n|t:|1783567176\n|move|p2a: Iron Bundle|Freeze-Dry|p1a: Farigiraf\n|-damage|p1a: Farigiraf|67/100\n|move|p1a: Farigiraf|Psychic Noise|p2a: Iron Bundle\n|-damage|p2a: Iron Bundle|68/215\n|-start|p2a: Iron Bundle|move: Heal Block\n|\n|-heal|p1a: Farigiraf|73/100|[from] item: Leftovers\n|upkeep\n|turn|2\n|inactive|Time left: 300 sec this turn | 300 sec total\n|\n|t:|1783567177\n|move|p2a: Iron Bundle|Freeze-Dry|p1a: Farigiraf\n|-damage|p1a: Farigiraf|39/100\n|move|p1a: Farigiraf|Body Slam|p2a: Iron Bundle\n|-damage|p2a: Iron Bundle|0 fnt\n|faint|p2a: Iron Bundle\n|-end|p2a: Iron Bundle|Quark Drive|[silent]\n|\n|-heal|p1a: Farigiraf|45/100|[from] item: Leftovers\n|upkeep\n|inactive|Time left: 300 sec this turn | 300 sec total | 5 sec grace\n|\n|t:|1783567178\n|switch|p2a: Drednaw|Drednaw, L81, F|278/278\n|turn|3\n|inactive|Time left: 300 sec this turn | 300 sec total\n|\n|t:|1783567179\n|move|p2a: Drednaw|Shell Smash|p2a: Drednaw\n|-unboost|p2a: Drednaw|def|1\n|-unboost|p2a: Drednaw|spd|1\n|-boost|p2a: Drednaw|atk|2\n|-boost|p2a: Drednaw|spa|2\n|-boost|p2a: Drednaw|spe|2\n|-enditem|p2a: Drednaw|White Herb\n|-clearnegativeboost|p2a: Drednaw|[silent]\n|move|p1a: Farigiraf|Body Slam|p2a: Drednaw\n|-resisted|p2a: Drednaw\n|-damage|p2a: Drednaw|232/278\n|\n|-heal|p1a: Farigiraf|51/100|[from] item: Leftovers\n|upkeep\n|turn|4\n|inactive|Time left: 300 sec this turn | 300 sec total\n|\n|t:|1783567180\n|switch|p1a: Brute Bonnet|Brute Bonnet, L80|100/100\n|move|p2a: Drednaw|Liquidation|p1a: Brute Bonnet\n|-resisted|p1a: Brute Bonnet\n|-damage|p1a: Brute Bonnet|73/100\n|-unboost|p1a: Brute Bonnet|def|1\n|\n|-heal|p1a: Brute Bonnet|79/100|[from] item: Leftovers\n|upkeep\n|turn|5\n|inactive|Time left: 300 sec this turn | 300 sec total\n|\n|t:|1783567181\n|move|p2a: Drednaw|Stone Edge|p1a: Brute Bonnet\n|-damage|p1a: Brute Bonnet|0 fnt\n|faint|p1a: Brute Bonnet\n|-end|p1a: Brute Bonnet|Protosynthesis|[silent]\n|\n|upkeep\n|\n|t:|1783567182\n|switch|p1a: Landorus|Landorus-Therian, L76, M|100/100\n|-ability|p1a: Landorus|Intimidate|boost\n|-unboost|p2a: Drednaw|atk|1\n|turn|6\n|inactive|Time left: 300 sec this turn | 300 sec total\n|\n|t:|1783567183\n|-terastallize|p1a: Landorus|Water\n|move|p2a: Drednaw|Liquidation|p1a: Landorus\n|-resisted|p1a: Landorus\n|-damage|p1a: Landorus|70/100\n|move|p1a: Landorus|Earthquake|p2a: Drednaw\n|-supereffective|p2a: Drednaw\n|-damage|p2a: Drednaw|0 fnt\n|faint|p2a: Drednaw\n|\n|-heal|p1a: Landorus|77/100|[from] item: Leftovers\n|upkeep\n|inactive|Time left: 300 sec this turn | 300 sec total | 5 sec grace\n|\n|t:|1783567184\n|switch|p2a: Garchomp|Garchomp, L74, M|282/282\n|turn|7\n|inactive|Time left: 300 sec this turn | 300 sec total\n|\n|t:|1783567185\n|move|p2a: Garchomp|Outrage|p1a: Landorus\n|-damage|p1a: Landorus|26/100\n|move|p1a: Landorus|Earthquake|p2a: Garchomp\n|-damage|p2a: Garchomp|156/282\n|\n|-heal|p1a: Landorus|32/100|[from] item: Leftovers\n|upkeep\n|turn|8\n|inactive|Time left: 300 sec this turn | 300 sec total\n|\n|t:|1783567186\n|switch|p1a: Weezing|Weezing, L88, F|100/100\n|move|p2a: Garchomp|Outrage|p1a: Weezing|[from] lockedmove\n|-damage|p1a: Weezing|64/100\n|\n|-heal|p1a: Weezing|70/100|[from] item: Leftovers\n|upkeep\n|turn|9\n|inactive|Time left: 300 sec this turn | 300 sec total\n|\n|t:|1783567187\n|move|p2a: Garchomp|Outrage|p1a: Weezing|[from] lockedmove\n|-damage|p1a: Weezing|34/100\n|-start|p2a: Garchomp|confusion|[fatigue]\n|move|p1a: Weezing|Will-O-Wisp|p2a: Garchomp\n|-status|p2a: Garchomp|brn\n|\n|-heal|p1a: Weezing|40/100|[from] item: Leftovers\n|-damage|p2a: Garchomp|139/282 brn|[from] brn\n|upkeep\n|turn|10\n|inactive|Time left: 300 sec this turn | 300 sec total\n|\n|t:|1783567188\n|-activate|p2a: Garchomp|confusion\n|move|p2a: Garchomp|Stealth Rock|p1a: Weezing\n|-sidestart|p1: p0x2430deae|move: Stealth Rock\n|move|p1a: Weezing|Pain Split|p2a: Garchomp\n|-sethp|p2a: Garchomp|120/282 brn|[from] move: Pain Split|[silent]\n|-sethp|p1a: Weezing|47/100|[from] move: Pain Split\n|\n|-heal|p1a: Weezing|53/100|[from] item: Leftovers\n|-damage|p2a: Garchomp|103/282 brn|[from] brn\n|upkeep\n|turn|11\n|inactive|Time left: 300 sec this turn | 300 sec total\n|\n|t:|1783567189\n|-activate|p2a: Garchomp|confusion\n|move|p2a: Garchomp|Outrage|p1a: Weezing\n|-damage|p1a: Weezing|35/100\n|move|p1a: Weezing|Pain Split|p2a: Garchomp\n|-sethp|p2a: Garchomp|96/282 brn|[from] move: Pain Split|[silent]\n|-sethp|p1a: Weezing|38/100|[from] move: Pain Split\n|\n|-heal|p1a: Weezing|44/100|[from] item: Leftovers\n|-damage|p2a: Garchomp|79/282 brn|[from] brn\n|upkeep\n|turn|12\n|inactive|Time left: 300 sec this turn | 300 sec total\n|\n|t:|1783567190\n|-end|p2a: Garchomp|confusion\n|move|p2a: Garchomp|Outrage|p1a: Weezing|[from] lockedmove\n|-damage|p1a: Weezing|25/100\n|move|p1a: Weezing|Fire Blast|p2a: Garchomp\n|-resisted|p2a: Garchomp\n|-damage|p2a: Garchomp|35/282 brn\n|\n|-heal|p1a: Weezing|32/100|[from] item: Leftovers\n|-damage|p2a: Garchomp|18/282 brn|[from] brn\n|upkeep\n|turn|13\n|inactive|Time left: 300 sec this turn | 300 sec total\n|\n|t:|1783567192\n|move|p2a: Garchomp|Outrage|p1a: Weezing|[from] lockedmove\n|-damage|p1a: Weezing|14/100\n|-start|p2a: Garchomp|confusion|[fatigue]\n|move|p1a: Weezing|Will-O-Wisp|p2a: Garchomp|[miss]\n|-miss|p1a: Weezing|p2a: Garchomp\n|\n|-heal|p1a: Weezing|20/100|[from] item: Leftovers\n|-damage|p2a: Garchomp|1/282 brn|[from] brn\n|upkeep\n|turn|14\n|inactive|Time left: 300 sec this turn | 300 sec total\n|\n|t:|1783567193\n|-activate|p2a: Garchomp|confusion\n|move|p2a: Garchomp|Outrage|p1a: Weezing\n|-damage|p1a: Weezing|2/100\n|move|p1a: Weezing|Fire Blast|p2a: Garchomp\n|-resisted|p2a: Garchomp\n|-damage|p2a: Garchomp|0 fnt\n|faint|p2a: Garchomp\n|\n|-heal|p1a: Weezing|9/100|[from] item: Leftovers\n|upkeep\n|inactive|Time left: 300 sec this turn | 300 sec total | 5 sec grace\n|\n|t:|1783567194\n|switch|p2a: Darkrai|Darkrai, L77|234/234\n|turn|15\n|inactive|Time left: 300 sec this turn | 300 sec total\n|\n|t:|1783567195\n|move|p2a: Darkrai|Sludge Bomb|p1a: Weezing\n|-resisted|p1a: Weezing\n|-damage|p1a: Weezing|0 fnt\n|faint|p1a: Weezing\n|\n|upkeep\n|\n|t:|1783567196\n|switch|p1a: Overqwil|Overqwil, L82, M|100/100\n|-damage|p1a: Overqwil|88/100|[from] Stealth Rock\n|-ability|p1a: Overqwil|Intimidate|boost\n|-unboost|p2a: Darkrai|atk|1\n|turn|16\n|inactive|Time left: 300 sec this turn | 300 sec total\n|\n|t:|1783567197\n|move|p2a: Darkrai|Nasty Plot|p2a: Darkrai\n|-boost|p2a: Darkrai|spa|2\n|move|p1a: Overqwil|Swords Dance|p1a: Overqwil\n|-boost|p1a: Overqwil|atk|2\n|\n|upkeep\n|turn|17\n|inactive|Time left: 300 sec this turn | 300 sec total\n|\n|t:|1783567198\n|move|p2a: Darkrai|Dark Pulse|p1a: Overqwil\n|-resisted|p1a: Overqwil\n|-damage|p1a: Overqwil|48/100\n|move|p1a: Overqwil|Gunk Shot|p2a: Darkrai\n|-damage|p2a: Darkrai|0 fnt\n|faint|p2a: Darkrai\n|-damage|p1a: Overqwil|38/100|[from] item: Life Orb\n|\n|upkeep\n|inactive|Time left: 300 sec this turn | 300 sec total | 5 sec grace\n|\n|t:|1783567199\n|switch|p2a: Haxorus|Haxorus, L77, M|244/244\n|-ability|p2a: Haxorus|Mold Breaker\n|turn|18\n|inactive|Time left: 300 sec this turn | 300 sec total\n|\n|t:|1783567200\n|switch|p1a: Landorus|Landorus-Therian, L76, M, tera:Water|32/100\n|-damage|p1a: Landorus|20/100|[from] Stealth Rock\n|-ability|p1a: Landorus|Intimidate|boost\n|-unboost|p2a: Haxorus|atk|1\n|move|p2a: Haxorus|Scale Shot|p1a: Landorus\n|-damage|p1a: Landorus|10/100\n|-damage|p1a: Landorus|2/100\n|-damage|p1a: Landorus|0 fnt\n|faint|p1a: Landorus\n|-hitcount|p1: Landorus|3\n|-unboost|p2a: Haxorus|def|1\n|-boost|p2a: Haxorus|spe|1\n|\n|upkeep\n|\n|t:|1783567201\n|switch|p1a: Overqwil|Overqwil, L82, M|38/100\n|-damage|p1a: Overqwil|25/100|[from] Stealth Rock\n|-ability|p1a: Overqwil|Intimidate|boost\n|-unboost|p2a: Haxorus|atk|1\n|turn|19\n|inactive|Time left: 300 sec this turn | 300 sec total\n|\n|t:|1783567202\n|move|p2a: Haxorus|Swords Dance|p2a: Haxorus\n|-boost|p2a: Haxorus|atk|2\n|move|p1a: Overqwil|Crunch|p2a: Haxorus\n|-crit|p2a: Haxorus\n|-damage|p2a: Haxorus|0 fnt\n|faint|p2a: Haxorus\n|-damage|p1a: Overqwil|15/100|[from] item: Life Orb\n|\n|upkeep\n|inactive|Time left: 300 sec this turn | 300 sec total | 5 sec grace\n|\n|t:|1783567203\n|switch|p2a: Hoopa|Hoopa, L85|275/275\n|turn|20\n|inactive|Time left: 300 sec this turn | 300 sec total\n|\n|t:|1783567204\n|move|p2a: Hoopa|Focus Blast|p1a: Overqwil\n|-damage|p1a: Overqwil|0 fnt\n|faint|p1a: Overqwil\n|\n|upkeep\n|\n|t:|1783567205\n|switch|p1a: Farigiraf|Farigiraf, L90, M|51/100\n|-damage|p1a: Farigiraf|39/100|[from] Stealth Rock\n|turn|21\n|inactive|Time left: 300 sec this turn | 300 sec total\n|\n|t:|1783567206\n|move|p1a: Farigiraf|Protect|p1a: Farigiraf\n|-singleturn|p1a: Farigiraf|Protect\n|move|p2a: Hoopa|Focus Blast|p1a: Farigiraf\n|-activate|p1a: Farigiraf|move: Protect\n|\n|-heal|p1a: Farigiraf|45/100|[from] item: Leftovers\n|upkeep\n|turn|22\n|inactive|Time left: 300 sec this turn | 300 sec total\n|\n|t:|1783567207\n|move|p2a: Hoopa|Focus Blast|p1a: Farigiraf\n|-damage|p1a: Farigiraf|4/100\n|move|p1a: Farigiraf|Wish|p1a: Farigiraf\n|\n|-heal|p1a: Farigiraf|10/100|[from] item: Leftovers\n|upkeep\n|turn|23\n|inactive|Time left: 300 sec this turn | 300 sec total\n|\n|t:|1783567208\n|move|p1a: Farigiraf|Protect|p1a: Farigiraf\n|-singleturn|p1a: Farigiraf|Protect\n|move|p2a: Hoopa|Focus Blast|p1a: Farigiraf\n|-activate|p1a: Farigiraf|move: Protect\n|\n|-heal|p1a: Farigiraf|60/100|[from] move: Wish|[wisher] Farigiraf\n|-heal|p1a: Farigiraf|66/100|[from] item: Leftovers\n|upkeep\n|turn|24\n|inactive|Time left: 300 sec this turn | 300 sec total\n|\n|t:|1783567209\n|move|p2a: Hoopa|Focus Blast|p1a: Farigiraf\n|-damage|p1a: Farigiraf|25/100\n|move|p1a: Farigiraf|Wish|p1a: Farigiraf\n|\n|-heal|p1a: Farigiraf|31/100|[from] item: Leftovers\n|upkeep\n|turn|25\n|inactive|Time left: 300 sec this turn | 300 sec total\n|\n|t:|1783567210\n|move|p1a: Farigiraf|Protect|p1a: Farigiraf\n|-singleturn|p1a: Farigiraf|Protect\n|move|p2a: Hoopa|Focus Blast|p1a: Farigiraf\n|-activate|p1a: Farigiraf|move: Protect\n|\n|-heal|p1a: Farigiraf|81/100|[from] move: Wish|[wisher] Farigiraf\n|-heal|p1a: Farigiraf|87/100|[from] item: Leftovers\n|upkeep\n|turn|26\n|inactive|Time left: 300 sec this turn | 300 sec total\n|\n|t:|1783567211\n|move|p2a: Hoopa|Focus Blast|p1a: Farigiraf\n|-damage|p1a: Farigiraf|50/100\n|move|p1a: Farigiraf|Psychic Noise|p2a: Hoopa\n|-resisted|p2a: Hoopa\n|-damage|p2a: Hoopa|236/275\n|-start|p2a: Hoopa|move: Heal Block\n|\n|-heal|p1a: Farigiraf|57/100|[from] item: Leftovers\n|upkeep\n|turn|27\n|inactive|Time left: 300 sec this turn | 300 sec total\n|\n|t:|1783567212\n|move|p1a: Farigiraf|Protect|p1a: Farigiraf\n|-singleturn|p1a: Farigiraf|Protect\n|move|p2a: Hoopa|Focus Blast|p1a: Farigiraf\n|-activate|p1a: Farigiraf|move: Protect\n|\n|-heal|p1a: Farigiraf|63/100|[from] item: Leftovers\n|-end|p2a: Hoopa|move: Heal Block\n|upkeep\n|turn|28\n|inactive|Time left: 300 sec this turn | 300 sec total\n|\n|t:|1783567213\n|switch|p1a: Kyurem|Kyurem-White, L73|100/100\n|-damage|p1a: Kyurem|76/100|[from] Stealth Rock\n|-ability|p1a: Kyurem|Turboblaze\n|-activate|p2a: Hoopa|move: Struggle\n|move|p2a: Hoopa|Struggle|p1a: Kyurem\n|-damage|p1a: Kyurem|64/100\n|-damage|p2a: Hoopa|167/275|[from] recoil\n|\n|upkeep\n|turn|29\n|inactive|Time left: 300 sec this turn | 300 sec total\n|\n|t:|1783567214\n|move|p1a: Kyurem|Fusion Flare|p2a: Hoopa\n|-damage|p2a: Hoopa|104/275\n|-activate|p2a: Hoopa|move: Struggle\n|move|p2a: Hoopa|Struggle|p1a: Kyurem\n|-damage|p1a: Kyurem|52/100\n|-damage|p2a: Hoopa|35/275|[from] recoil\n|\n|upkeep\n|turn|30\n|inactive|Time left: 300 sec this turn | 300 sec total\n|\n|t:|1783567215\n|move|p1a: Kyurem|Fusion Flare|p2a: Hoopa\n|-damage|p2a: Hoopa|0 fnt\n|faint|p2a: Hoopa\n|\n|win|p0x2430deae", "uploadtime": 1783567215, "views": 0, "rating": 0, "private": 0, "password": null, "_winner": "p0x2430deae", "_our_name": "p0y24302af7"}