{"id": "battle-gen9randombattle-21", "formatid": "gen9randombattle", "format": "[Gen 9] Random Battle", "players": ["p0x021ec97", "p0y021ca6f"], "log": "|init|battle\n|title|p0x021ec97 vs. p0y021ca6f\n|j|\u2606p0x021ec97\n|j|\u2606p0y021ca6f\n|t:|1783539670\n|gametype|singles\n|player|p1|p0x021ec97|102|\n|player|p2|p0y021ca6f|102|\n|gen|9\n|tier|[Gen 9] Random Battle\n|rule|Species Clause: Limit one of each Pok\u00e9mon\n|rule|HP Percentage Mod: HP is shown in percentages\n|rule|Sleep Clause Mod: Limit one foe put to sleep\n|rule|Illusion Level Mod: Illusion disguises the Pok\u00e9mon's true level\n|\n|t:|1783539670\n|teamsize|p1|6\n|teamsize|p2|6\n|start\n|switch|p1a: Porygon2|Porygon2, L81|100/100\n|switch|p2a: Ho-Oh|Ho-Oh, L71|268/268\n|-ability|p1a: Porygon2|Download|boost\n|-boost|p1a: Porygon2|atk|1\n|turn|1\n|inactive|Battle timer is ON: inactive players will automatically lose when time's up. (requested by p0x021ec97)\n|inactive|Time left: 300 sec this turn | 300 sec total | 60 sec grace\n|inactive|p0y021ca6f also wants the timer to be on.\n|\n|t:|1783539671\n|move|p2a: Ho-Oh|Brave Bird|p1a: Porygon2\n|-damage|p1a: Porygon2|72/100\n|-damage|p2a: Ho-Oh|242/268|[from] Recoil\n|move|p1a: Porygon2|Thunder Wave|p2a: Ho-Oh\n|-status|p2a: Ho-Oh|par\n|\n|upkeep\n|turn|2\n|inactive|Time left: 300 sec this turn | 300 sec total\n|\n|t:|1783539672\n|switch|p2a: Gumshoos|Gumshoos, L95, F|321/321\n|move|p1a: Porygon2|Recover|p1a: Porygon2\n|-heal|p1a: Porygon2|100/100\n|\n|upkeep\n|turn|3\n|inactive|Time left: 300 sec this turn | 300 sec total\n|\n|t:|1783539674\n|move|p1a: Porygon2|Thunder Wave|p2a: Gumshoos\n|-status|p2a: Gumshoos|par\n|move|p2a: Gumshoos|Double-Edge|p1a: Porygon2\n|-damage|p1a: Porygon2|3/100\n|-damage|p2a: Gumshoos|235/321 par|[from] Recoil\n|\n|upkeep\n|turn|4\n|inactive|Time left: 300 sec this turn | 300 sec total\n|\n|t:|1783539675\n|move|p1a: Porygon2|Recover|p1a: Porygon2\n|-heal|p1a: Porygon2|53/100\n|cant|p2a: Gumshoos|par\n|\n|upkeep\n|turn|5\n|inactive|Time left: 300 sec this turn | 300 sec total\n|\n|t:|1783539676\n|move|p1a: Porygon2|Recover|p1a: Porygon2\n|-heal|p1a: Porygon2|100/100\n|move|p2a: Gumshoos|Double-Edge|p1a: Porygon2\n|-damage|p1a: Porygon2|4/100\n|-damage|p2a: Gumshoos|149/321 par|[from] Recoil\n|\n|upkeep\n|turn|6\n|inactive|Time left: 300 sec this turn | 300 sec total\n|\n|t:|1783539677\n|move|p1a: Porygon2|Recover|p1a: Porygon2\n|-heal|p1a: Porygon2|54/100\n|move|p2a: Gumshoos|Double-Edge|p1a: Porygon2\n|-damage|p1a: Porygon2|0 fnt\n|faint|p1a: Porygon2\n|-damage|p2a: Gumshoos|101/321 par|[from] Recoil\n|\n|upkeep\n|\n|t:|1783539678\n|switch|p1a: Emboar|Emboar, L84, F|100/100\n|turn|7\n|inactive|Time left: 300 sec this turn | 300 sec total\n|\n|t:|1783539679\n|move|p1a: Emboar|Flare Blitz|p2a: Gumshoos\n|-damage|p2a: Gumshoos|0 fnt\n|faint|p2a: Gumshoos\n|-damage|p1a: Emboar|90/100|[from] Recoil\n|\n|upkeep\n|inactive|Time left: 300 sec this turn | 300 sec total | 5 sec grace\n|\n|t:|1783539680\n|switch|p2a: Dugtrio|Dugtrio, L84, F|196/196\n|turn|8\n|inactive|Time left: 300 sec this turn | 300 sec total\n|\n|t:|1783539681\n|move|p2a: Dugtrio|Earthquake|p1a: Emboar\n|-supereffective|p1a: Emboar\n|-damage|p1a: Emboar|0 fnt\n|faint|p1a: Emboar\n|-damage|p2a: Dugtrio|177/196|[from] item: Life Orb\n|\n|upkeep\n|\n|t:|1783539683\n|switch|p1a: Trevenant|Trevenant, L89, F|100/100\n|turn|9\n|inactive|Time left: 300 sec this turn | 300 sec total\n|\n|t:|1783539684\n|switch|p2a: Ho-Oh|Ho-Oh, L71|268/268 par\n|move|p1a: Trevenant|Poltergeist|p2a: Ho-Oh\n|-activate|p2a: Ho-Oh|move: Poltergeist|Heavy-Duty Boots\n|-damage|p2a: Ho-Oh|50/268 par\n|-damage|p1a: Trevenant|91/100|[from] item: Life Orb\n|\n|upkeep\n|turn|10\n|inactive|Time left: 300 sec this turn | 300 sec total\n|\n|t:|1783539685\n|switch|p2a: Chansey|Chansey, L85, F|564/564\n|move|p1a: Trevenant|Poltergeist|p2a: Chansey\n|-immune|p2a: Chansey\n|\n|upkeep\n|turn|11\n|inactive|Time left: 300 sec this turn | 300 sec total\n|\n|t:|1783539686\n|switch|p2a: Ho-Oh|Ho-Oh, L71|139/268 par\n|move|p1a: Trevenant|Drain Punch|p2a: Ho-Oh\n|-resisted|p2a: Ho-Oh\n|-damage|p2a: Ho-Oh|94/268 par\n|-heal|p1a: Trevenant|98/100|[from] drain|[of] p2a: Ho-Oh\n|-damage|p1a: Trevenant|89/100|[from] item: Life Orb\n|\n|upkeep\n|turn|12\n|inactive|Time left: 300 sec this turn | 300 sec total\n|\n|t:|1783539687\n|switch|p2a: Chansey|Chansey, L85, F|564/564\n|move|p1a: Trevenant|Poltergeist|p2a: Chansey\n|-immune|p2a: Chansey\n|\n|upkeep\n|turn|13\n|inactive|Time left: 300 sec this turn | 300 sec total\n|\n|t:|1783539688\n|move|p1a: Trevenant|Poltergeist|p2a: Chansey\n|-immune|p2a: Chansey\n|move|p2a: Chansey|Stealth Rock|p1a: Trevenant\n|-sidestart|p1: p0x021ec97|move: Stealth Rock\n|\n|upkeep\n|turn|14\n|inactive|Time left: 300 sec this turn | 300 sec total\n|\n|t:|1783539689\n|switch|p2a: Ho-Oh|Ho-Oh, L71|183/268 par\n|move|p1a: Trevenant|Poltergeist|p2a: Ho-Oh\n|-activate|p2a: Ho-Oh|move: Poltergeist|Heavy-Duty Boots\n|-damage|p2a: Ho-Oh|0 fnt\n|faint|p2a: Ho-Oh\n|-damage|p1a: Trevenant|79/100|[from] item: Life Orb\n|\n|upkeep\n|inactive|Time left: 300 sec this turn | 300 sec total | 5 sec grace\n|\n|t:|1783539690\n|switch|p2a: Floatzel|Floatzel, L86, F|286/286\n|turn|15\n|inactive|Time left: 300 sec this turn | 300 sec total\n|\n|t:|1783539691\n|move|p2a: Floatzel|Ice Spinner|p1a: Trevenant\n|-supereffective|p1a: Trevenant\n|-damage|p1a: Trevenant|12/100\n|move|p1a: Trevenant|Wood Hammer|p2a: Floatzel\n|-supereffective|p2a: Floatzel\n|-damage|p2a: Floatzel|0 fnt\n|faint|p2a: Floatzel\n|-damage|p1a: Trevenant|0 fnt|[from] Recoil\n|faint|p1a: Trevenant\n|\n|upkeep\n|inactive|Time left: 300 sec this turn | 300 sec total | 5 sec grace\n|\n|t:|1783539692\n|switch|p2a: Arceus|Arceus-Rock, L74|300/300\n|switch|p1a: Hitmonlee|Hitmonlee, L85, M|100/100\n|-damage|p1a: Hitmonlee|94/100|[from] Stealth Rock\n|turn|16\n|inactive|Time left: 300 sec this turn | 300 sec total\n|\n|t:|1783539693\n|-terastallize|p2a: Arceus|Ground\n|move|p2a: Arceus|Calm Mind|p2a: Arceus\n|-boost|p2a: Arceus|spa|1\n|-boost|p2a: Arceus|spd|1\n|move|p1a: Hitmonlee|Close Combat|p2a: Arceus\n|-damage|p2a: Arceus|150/300\n|-unboost|p1a: Hitmonlee|def|1\n|-unboost|p1a: Hitmonlee|spd|1\n|-enditem|p1a: Hitmonlee|White Herb\n|-clearnegativeboost|p1a: Hitmonlee|[silent]\n|\n|upkeep\n|turn|17\n|inactive|Time left: 300 sec this turn | 300 sec total\n|\n|t:|1783539694\n|move|p1a: Hitmonlee|Swords Dance|p1a: Hitmonlee\n|-boost|p1a: Hitmonlee|atk|2\n|move|p2a: Arceus|Recover|p2a: Arceus\n|-heal|p2a: Arceus|300/300\n|\n|upkeep\n|turn|18\n|inactive|Time left: 300 sec this turn | 300 sec total\n|\n|t:|1783539695\n|move|p1a: Hitmonlee|Close Combat|p2a: Arceus\n|-damage|p2a: Arceus|17/300\n|-unboost|p1a: Hitmonlee|def|1\n|-unboost|p1a: Hitmonlee|spd|1\n|move|p2a: Arceus|Earth Power|p1a: Hitmonlee\n|-crit|p1a: Hitmonlee\n|-damage|p1a: Hitmonlee|0 fnt\n|faint|p1a: Hitmonlee\n|\n|upkeep\n|\n|t:|1783539696\n|switch|p1a: Gengar|Gengar, L81, F|100/100\n|-damage|p1a: Gengar|88/100|[from] Stealth Rock\n|turn|19\n|inactive|Time left: 300 sec this turn | 300 sec total\n|\n|t:|1783539697\n|move|p1a: Gengar|Sludge Wave|p2a: Arceus\n|-resisted|p2a: Arceus\n|-damage|p2a: Arceus|0 fnt\n|faint|p2a: Arceus\n|\n|upkeep\n|inactive|Time left: 300 sec this turn | 300 sec total | 5 sec grace\n|\n|t:|1783539699\n|switch|p2a: Dugtrio|Dugtrio, L84, F|177/196\n|turn|20\n|inactive|Time left: 300 sec this turn | 300 sec total\n|\n|t:|1783539700\n|switch|p1a: Bronzong|Bronzong, L88|100/100\n|-damage|p1a: Bronzong|94/100|[from] Stealth Rock\n|move|p2a: Dugtrio|Earthquake|p1a: Bronzong\n|-immune|p1a: Bronzong|[from] ability: Levitate\n|\n|upkeep\n|turn|21\n|inactive|Time left: 300 sec this turn | 300 sec total\n|\n|t:|1783539701\n|switch|p2a: Chansey|Chansey, L85, F|564/564\n|move|p1a: Bronzong|Iron Defense|p1a: Bronzong\n|-boost|p1a: Bronzong|def|2\n|\n|upkeep\n|turn|22\n|inactive|Time left: 300 sec this turn | 300 sec total\n|\n|t:|1783539702\n|move|p2a: Chansey|Thunder Wave|p1a: Bronzong\n|-status|p1a: Bronzong|par\n|move|p1a: Bronzong|Body Press|p2a: Chansey\n|-supereffective|p2a: Chansey\n|-damage|p2a: Chansey|0 fnt\n|faint|p2a: Chansey\n|\n|upkeep\n|inactive|Time left: 300 sec this turn | 300 sec total | 5 sec grace\n|\n|t:|1783539703\n|switch|p2a: Dugtrio|Dugtrio, L84, F|177/196\n|turn|23\n|inactive|Time left: 300 sec this turn | 300 sec total\n|\n|t:|1783539704\n|-terastallize|p1a: Bronzong|Fighting\n|move|p2a: Dugtrio|Stone Edge|p1a: Bronzong\n|-resisted|p1a: Bronzong\n|-damage|p1a: Bronzong|87/100 par\n|-damage|p2a: Dugtrio|158/196|[from] item: Life Orb\n|move|p1a: Bronzong|Body Press|p2a: Dugtrio\n|-damage|p2a: Dugtrio|0 fnt\n|faint|p2a: Dugtrio\n|\n|win|p0x021ec97", "uploadtime": 1783539704, "views": 0, "rating": 0, "private": 0, "password": null, "_winner": "p0x021ec97", "_our_name": "p0y021ca6f"}