{"id": "battle-gen9randombattle-1320", "formatid": "gen9randombattle", "format": "[Gen 9] Random Battle", "players": ["p0x1320d8d2", "p0y1320f23f"], "log": "|init|battle\n|title|p0x1320d8d2 vs. p0y1320f23f\n|j|\u2606p0x1320d8d2\n|j|\u2606p0y1320f23f\n|t:|1783554450\n|gametype|singles\n|player|p1|p0x1320d8d2|101|\n|player|p2|p0y1320f23f|170|\n|gen|9\n|tier|[Gen 9] Random Battle\n|rule|Species Clause: Limit one of each Pok\u00e9mon\n|rule|HP Percentage Mod: HP is shown in percentages\n|rule|Sleep Clause Mod: Limit one foe put to sleep\n|rule|Illusion Level Mod: Illusion disguises the Pok\u00e9mon's true level\n|\n|t:|1783554450\n|teamsize|p1|6\n|teamsize|p2|6\n|start\n|switch|p1a: Mimikyu|Mimikyu, L79, F|216/216\n|switch|p2a: Girafarig|Girafarig, L89, M|100/100\n|turn|1\n|inactive|Battle timer is ON: inactive players will automatically lose when time's up. (requested by p0y1320f23f)\n|inactive|Time left: 300 sec this turn | 300 sec total | 60 sec grace\n|inactive|p0x1320d8d2 also wants the timer to be on.\n|\n|t:|1783554451\n|move|p2a: Girafarig|Nasty Plot|p2a: Girafarig\n|-boost|p2a: Girafarig|spa|2\n|move|p1a: Mimikyu|Swords Dance|p1a: Mimikyu\n|-boost|p1a: Mimikyu|atk|2\n|\n|upkeep\n|turn|2\n|inactive|Time left: 300 sec this turn | 300 sec total\n|\n|t:|1783554452\n|move|p2a: Girafarig|Shadow Ball|p1a: Mimikyu\n|-activate|p1a: Mimikyu|ability: Disguise\n|-damage|p1a: Mimikyu|216/216\n|detailschange|p1a: Mimikyu|Mimikyu-Busted, L79, F\n|-damage|p1a: Mimikyu|189/216|[from] pokemon: Mimikyu-Busted\n|move|p1a: Mimikyu|Play Rough|p2a: Girafarig\n|-damage|p2a: Girafarig|44/100\n|-damage|p1a: Mimikyu|168/216|[from] item: Life Orb\n|\n|upkeep\n|turn|3\n|inactive|Time left: 300 sec this turn | 300 sec total\n|\n|t:|1783554454\n|switch|p1a: Mabosstiff|Mabosstiff, L86, F|278/278\n|move|p2a: Girafarig|Psychic|p1a: Mabosstiff\n|-immune|p1a: Mabosstiff\n|\n|upkeep\n|turn|4\n|inactive|Time left: 300 sec this turn | 300 sec total\n|\n|t:|1783554455\n|move|p1a: Mabosstiff|Crunch|p2a: Girafarig\n|-supereffective|p2a: Girafarig\n|-damage|p2a: Girafarig|0 fnt\n|faint|p2a: Girafarig\n|\n|upkeep\n|\n|t:|1783554456\n|switch|p2a: Tsareena|Tsareena, L87, F|100/100\n|turn|5\n|inactive|Time left: 300 sec this turn | 300 sec total\n|\n|t:|1783554457\n|move|p1a: Mabosstiff|Crunch|p2a: Tsareena\n|-damage|p2a: Tsareena|62/100\n|move|p2a: Tsareena|Power Whip|p1a: Mabosstiff\n|-crit|p1a: Mabosstiff\n|-damage|p1a: Mabosstiff|0 fnt\n|faint|p1a: Mabosstiff\n|-damage|p2a: Tsareena|53/100|[from] item: Life Orb\n|\n|upkeep\n|inactive|Time left: 300 sec this turn | 300 sec total | 5 sec grace\n|\n|t:|1783554458\n|switch|p1a: Typhlosion|Typhlosion, L84, F|267/267\n|turn|6\n|inactive|Time left: 300 sec this turn | 300 sec total\n|\n|t:|1783554459\n|switch|p2a: Goodra|Goodra-Hisui, L82, M|100/100\n|move|p1a: Typhlosion|Eruption|p2a: Goodra\n|-damage|p2a: Goodra|70/100\n|\n|upkeep\n|turn|7\n|inactive|Time left: 300 sec this turn | 300 sec total\n|\n|t:|1783554461\n|move|p1a: Typhlosion|Eruption|p2a: Goodra\n|-damage|p2a: Goodra|41/100\n|move|p2a: Goodra|Earthquake|p1a: Typhlosion\n|-supereffective|p1a: Typhlosion\n|-damage|p1a: Typhlosion|111/267\n|\n|upkeep\n|turn|8\n|inactive|Time left: 300 sec this turn | 300 sec total\n|\n|t:|1783554462\n|switch|p1a: Articuno|Articuno-Galar, L84|288/288\n|move|p2a: Goodra|Earthquake|p1a: Articuno\n|-immune|p1a: Articuno\n|\n|upkeep\n|turn|9\n|inactive|Time left: 300 sec this turn | 300 sec total\n|\n|t:|1783554463\n|move|p1a: Articuno|Calm Mind|p1a: Articuno\n|-boost|p1a: Articuno|spa|1\n|-boost|p1a: Articuno|spd|1\n|move|p2a: Goodra|Heavy Slam|p1a: Articuno\n|-damage|p1a: Articuno|161/288\n|\n|upkeep\n|turn|10\n|inactive|Time left: 300 sec this turn | 300 sec total\n|\n|t:|1783554464\n|move|p1a: Articuno|Recover|p1a: Articuno\n|-heal|p1a: Articuno|288/288\n|move|p2a: Goodra|Heavy Slam|p1a: Articuno\n|-damage|p1a: Articuno|168/288\n|\n|upkeep\n|turn|11\n|inactive|Time left: 300 sec this turn | 300 sec total\n|\n|t:|1783554465\n|move|p1a: Articuno|Recover|p1a: Articuno\n|-heal|p1a: Articuno|288/288\n|move|p2a: Goodra|Heavy Slam|p1a: Articuno\n|-damage|p1a: Articuno|165/288\n|\n|upkeep\n|turn|12\n|inactive|Time left: 300 sec this turn | 300 sec total\n|\n|t:|1783554466\n|move|p1a: Articuno|Recover|p1a: Articuno\n|-heal|p1a: Articuno|288/288\n|move|p2a: Goodra|Heavy Slam|p1a: Articuno\n|-damage|p1a: Articuno|164/288\n|\n|upkeep\n|turn|13\n|inactive|Time left: 300 sec this turn | 300 sec total\n|\n|t:|1783554467\n|move|p1a: Articuno|Recover|p1a: Articuno\n|-heal|p1a: Articuno|288/288\n|move|p2a: Goodra|Heavy Slam|p1a: Articuno\n|-damage|p1a: Articuno|168/288\n|\n|upkeep\n|turn|14\n|inactive|Time left: 300 sec this turn | 300 sec total\n|\n|t:|1783554468\n|move|p1a: Articuno|Recover|p1a: Articuno\n|-heal|p1a: Articuno|288/288\n|move|p2a: Goodra|Heavy Slam|p1a: Articuno\n|-damage|p1a: Articuno|162/288\n|\n|upkeep\n|turn|15\n|inactive|Time left: 300 sec this turn | 300 sec total\n|\n|t:|1783554470\n|move|p1a: Articuno|Recover|p1a: Articuno\n|-heal|p1a: Articuno|288/288\n|move|p2a: Goodra|Heavy Slam|p1a: Articuno\n|-damage|p1a: Articuno|153/288\n|\n|upkeep\n|turn|16\n|inactive|Time left: 300 sec this turn | 300 sec total\n|\n|t:|1783554471\n|move|p1a: Articuno|Recover|p1a: Articuno\n|-heal|p1a: Articuno|288/288\n|move|p2a: Goodra|Heavy Slam|p1a: Articuno\n|-damage|p1a: Articuno|159/288\n|\n|upkeep\n|turn|17\n|inactive|Time left: 300 sec this turn | 300 sec total\n|\n|t:|1783554472\n|move|p1a: Articuno|Recover|p1a: Articuno\n|-heal|p1a: Articuno|288/288\n|move|p2a: Goodra|Heavy Slam|p1a: Articuno\n|-damage|p1a: Articuno|153/288\n|\n|upkeep\n|turn|18\n|inactive|Time left: 300 sec this turn | 300 sec total\n|\n|t:|1783554473\n|move|p1a: Articuno|Hurricane|p2a: Goodra|[miss]\n|-miss|p1a: Articuno|p2a: Goodra\n|move|p2a: Goodra|Heavy Slam|p1a: Articuno\n|-damage|p1a: Articuno|33/288\n|\n|upkeep\n|turn|19\n|inactive|Time left: 300 sec this turn | 300 sec total\n|\n|t:|1783554475\n|move|p1a: Articuno|Hurricane|p2a: Goodra\n|-resisted|p2a: Goodra\n|-damage|p2a: Goodra|23/100\n|-start|p2a: Goodra|confusion\n|-activate|p2a: Goodra|confusion\n|move|p2a: Goodra|Heavy Slam|p1a: Articuno\n|-damage|p1a: Articuno|0 fnt\n|faint|p1a: Articuno\n|\n|upkeep\n|inactive|Time left: 300 sec this turn | 300 sec total | 5 sec grace\n|\n|t:|1783554476\n|switch|p1a: Typhlosion|Typhlosion, L84, F|111/267\n|turn|20\n|inactive|Time left: 300 sec this turn | 300 sec total\n|\n|t:|1783554477\n|switch|p2a: Bellibolt|Bellibolt, L84, M|100/100\n|move|p1a: Typhlosion|Fire Blast|p2a: Bellibolt\n|-damage|p2a: Bellibolt|56/100\n|-start|p2a: Bellibolt|Charge|Fire Blast|[from] ability: Electromorphosis\n|\n|-heal|p2a: Bellibolt|63/100|[from] item: Leftovers\n|upkeep\n|turn|21\n|inactive|Time left: 300 sec this turn | 300 sec total\n|\n|t:|1783554478\n|move|p1a: Typhlosion|Fire Blast|p2a: Bellibolt|[miss]\n|-miss|p1a: Typhlosion|p2a: Bellibolt\n|move|p2a: Bellibolt|Thunderbolt|p1a: Typhlosion\n|-damage|p1a: Typhlosion|0 fnt\n|faint|p1a: Typhlosion\n|-end|p2a: Bellibolt|Charge|[silent]\n|\n|-heal|p2a: Bellibolt|69/100|[from] item: Leftovers\n|upkeep\n|inactive|Time left: 300 sec this turn | 300 sec total | 5 sec grace\n|\n|t:|1783554479\n|switch|p1a: Bastiodon|Bastiodon, L89, F|252/252\n|turn|22\n|inactive|Time left: 300 sec this turn | 300 sec total\n|\n|t:|1783554480\n|move|p2a: Bellibolt|Muddy Water|p1a: Bastiodon\n|-supereffective|p1a: Bastiodon\n|-damage|p1a: Bastiodon|162/252\n|move|p1a: Bastiodon|Iron Defense|p1a: Bastiodon\n|-boost|p1a: Bastiodon|def|2\n|\n|-heal|p2a: Bellibolt|75/100|[from] item: Leftovers\n|upkeep\n|turn|23\n|inactive|Time left: 300 sec this turn | 300 sec total\n|\n|t:|1783554481\n|switch|p2a: Sableye|Sableye, L88, M|100/100\n|-terastallize|p1a: Bastiodon|Fighting\n|move|p1a: Bastiodon|Body Press|p2a: Sableye\n|-immune|p2a: Sableye\n|\n|upkeep\n|turn|24\n|inactive|Time left: 300 sec this turn | 300 sec total\n|\n|t:|1783554482\n|move|p2a: Sableye|Thunder Wave|p1a: Bastiodon\n|-status|p1a: Bastiodon|par\n|move|p1a: Bastiodon|Foul Play|p2a: Sableye\n|-damage|p2a: Sableye|72/100\n|\n|-heal|p2a: Sableye|78/100|[from] item: Leftovers\n|upkeep\n|turn|25\n|inactive|Time left: 300 sec this turn | 300 sec total\n|\n|t:|1783554483\n|move|p2a: Sableye|Encore|p1a: Bastiodon\n|-start|p1a: Bastiodon|Encore\n|move|p1a: Bastiodon|Foul Play|p2a: Sableye\n|-damage|p2a: Sableye|51/100\n|\n|-heal|p2a: Sableye|57/100|[from] item: Leftovers\n|upkeep\n|turn|26\n|inactive|Time left: 300 sec this turn | 300 sec total\n|\n|t:|1783554484\n|switch|p2a: Bellibolt|Bellibolt, L84, M|75/100\n|move|p1a: Bastiodon|Foul Play|p2a: Bellibolt\n|-damage|p2a: Bellibolt|63/100\n|-start|p2a: Bellibolt|Charge|Foul Play|[from] ability: Electromorphosis\n|\n|-heal|p2a: Bellibolt|70/100|[from] item: Leftovers\n|upkeep\n|turn|27\n|inactive|Time left: 300 sec this turn | 300 sec total\n|\n|t:|1783554485\n|-terastallize|p2a: Bellibolt|Electric\n|move|p2a: Bellibolt|Thunderbolt|p1a: Bastiodon\n|-crit|p1a: Bastiodon\n|-damage|p1a: Bastiodon|0 fnt\n|faint|p1a: Bastiodon\n|-end|p2a: Bellibolt|Charge|[silent]\n|\n|-heal|p2a: Bellibolt|76/100|[from] item: Leftovers\n|upkeep\n|inactive|Time left: 300 sec this turn | 300 sec total | 5 sec grace\n|\n|t:|1783554487\n|switch|p1a: Houndstone|Houndstone, L86, F|264/264\n|turn|28\n|inactive|Time left: 300 sec this turn | 300 sec total\n|\n|t:|1783554488\n|move|p1a: Houndstone|Poltergeist|p2a: Bellibolt\n|-activate|p2a: Bellibolt|move: Poltergeist|Leftovers\n|-damage|p2a: Bellibolt|40/100\n|-start|p2a: Bellibolt|Charge|Poltergeist|[from] ability: Electromorphosis\n|move|p2a: Bellibolt|Thunderbolt|p1a: Houndstone\n|-damage|p1a: Houndstone|36/264\n|-status|p1a: Houndstone|par\n|-end|p2a: Bellibolt|Charge|[silent]\n|\n|-heal|p2a: Bellibolt|46/100|[from] item: Leftovers\n|-heal|p1a: Houndstone|52/264 par|[from] item: Leftovers\n|upkeep\n|turn|29\n|inactive|Time left: 300 sec this turn | 300 sec total\n|\n|t:|1783554489\n|move|p2a: Bellibolt|Volt Switch|p1a: Houndstone\n|-damage|p1a: Houndstone|0 fnt\n|faint|p1a: Houndstone\n|\n|t:|1783554490\n|switch|p2a: Tsareena|Tsareena, L87, F|53/100|[from] Volt Switch\n|\n|upkeep\n|inactive|Time left: 300 sec this turn | 300 sec total | 10 sec grace\n|\n|t:|1783554491\n|switch|p1a: Mimikyu|Mimikyu-Busted, L79, F|168/216\n|turn|30\n|inactive|Time left: 300 sec this turn | 300 sec total\n|\n|t:|1783554491\n|move|p1a: Mimikyu|Swords Dance|p1a: Mimikyu\n|-boost|p1a: Mimikyu|atk|2\n|move|p2a: Tsareena|Power Whip|p1a: Mimikyu|[miss]\n|-miss|p2a: Tsareena|p1a: Mimikyu\n|\n|upkeep\n|turn|31\n|inactive|Time left: 300 sec this turn | 300 sec total\n|\n|t:|1783554492\n|move|p1a: Mimikyu|Play Rough|p2a: Tsareena\n|-damage|p2a: Tsareena|0 fnt\n|faint|p2a: Tsareena\n|-damage|p1a: Mimikyu|147/216|[from] item: Life Orb\n|\n|upkeep\n|\n|t:|1783554493\n|switch|p2a: Sableye|Sableye, L88, M|57/100\n|turn|32\n|inactive|Time left: 300 sec this turn | 300 sec total\n|\n|t:|1783554494\n|move|p1a: Mimikyu|Shadow Sneak|p2a: Sableye\n|-damage|p2a: Sableye|10/100\n|-damage|p1a: Mimikyu|126/216|[from] item: Life Orb\n|move|p2a: Sableye|Thunder Wave|p1a: Mimikyu\n|-status|p1a: Mimikyu|par\n|\n|-heal|p2a: Sableye|16/100|[from] item: Leftovers\n|upkeep\n|turn|33\n|inactive|Time left: 300 sec this turn | 300 sec total\n|\n|t:|1783554495\n|move|p2a: Sableye|Knock Off|p1a: Mimikyu\n|-damage|p1a: Mimikyu|21/216 par\n|-enditem|p1a: Mimikyu|Life Orb|[from] move: Knock Off|[of] p2a: Sableye\n|move|p1a: Mimikyu|Swords Dance|p1a: Mimikyu\n|-boost|p1a: Mimikyu|atk|2\n|\n|-heal|p2a: Sableye|22/100|[from] item: Leftovers\n|upkeep\n|turn|34\n|inactive|Time left: 300 sec this turn | 300 sec total\n|\n|t:|1783554496\n|move|p1a: Mimikyu|Shadow Sneak|p2a: Sableye\n|-damage|p2a: Sableye|0 fnt\n|faint|p2a: Sableye\n|\n|upkeep\n|\n|t:|1783554497\n|switch|p2a: Wo-Chien|Wo-Chien, L83|100/100\n|-ability|p2a: Wo-Chien|Tablets of Ruin\n|turn|35\n|inactive|Time left: 300 sec this turn | 300 sec total\n|\n|t:|1783554498\n|move|p2a: Wo-Chien|Knock Off|p1a: Mimikyu\n|-damage|p1a: Mimikyu|0 fnt\n|faint|p1a: Mimikyu\n|\n|win|p0y1320f23f", "uploadtime": 1783554498, "views": 0, "rating": 0, "private": 0, "password": null, "_winner": "p0y1320f23f", "_our_name": "p0x1320d8d2"}