{"id": "battle-gen9randombattle-1008", "formatid": "gen9randombattle", "format": "[Gen 9] Random Battle", "players": ["p0x1008910c", "p0y10081d2b"], "log": "|init|battle\n|title|p0x1008910c vs. p0y10081d2b\n|j|\u2606p0x1008910c\n|j|\u2606p0y10081d2b\n|t:|1783550866\n|gametype|singles\n|player|p1|p0x1008910c|2|\n|player|p2|p0y10081d2b|266|\n|gen|9\n|tier|[Gen 9] Random Battle\n|rule|Species Clause: Limit one of each Pok\u00e9mon\n|rule|HP Percentage Mod: HP is shown in percentages\n|rule|Sleep Clause Mod: Limit one foe put to sleep\n|rule|Illusion Level Mod: Illusion disguises the Pok\u00e9mon's true level\n|\n|t:|1783550866\n|teamsize|p1|6\n|teamsize|p2|6\n|start\n|switch|p1a: Wugtrio|Wugtrio, L91, M|212/212\n|switch|p2a: Inteleon|Inteleon, L81, F|100/100\n|turn|1\n|inactive|Battle timer is ON: inactive players will automatically lose when time's up. (requested by p0y10081d2b)\n|inactive|Time left: 300 sec this turn | 300 sec total | 60 sec grace\n|inactive|p0x1008910c also wants the timer to be on.\n|\n|t:|1783550868\n|move|p1a: Wugtrio|Stomping Tantrum|p2a: Inteleon\n|-damage|p2a: Inteleon|55/100\n|move|p2a: Inteleon|Scald|p1a: Wugtrio\n|-resisted|p1a: Wugtrio\n|-damage|p1a: Wugtrio|129/212\n|\n|upkeep\n|turn|2\n|inactive|Time left: 300 sec this turn | 300 sec total\n|\n|t:|1783550869\n|switch|p1a: Porygon2|Porygon2, L81|270/270\n|-ability|p1a: Porygon2|Download|boost\n|-boost|p1a: Porygon2|spa|1\n|move|p2a: Inteleon|Scald|p1a: Porygon2\n|-damage|p1a: Porygon2|174/270\n|\n|upkeep\n|turn|3\n|inactive|Time left: 300 sec this turn | 300 sec total\n|\n|t:|1783550871\n|move|p2a: Inteleon|Scald|p1a: Porygon2\n|-damage|p1a: Porygon2|78/270\n|-status|p1a: Porygon2|brn\n|move|p1a: Porygon2|Tera Blast|p2a: Inteleon\n|-damage|p2a: Inteleon|0 fnt\n|faint|p2a: Inteleon\n|\n|-damage|p1a: Porygon2|62/270 brn|[from] brn\n|upkeep\n|\n|t:|1783550872\n|switch|p2a: Yanmega|Yanmega, L82, F|100/100\n|turn|4\n|inactive|Time left: 300 sec this turn | 300 sec total\n|\n|t:|1783550873\n|move|p2a: Yanmega|Bug Buzz|p1a: Porygon2\n|-damage|p1a: Porygon2|0 fnt\n|faint|p1a: Porygon2\n|\n|-ability|p2a: Yanmega|Speed Boost|boost\n|-boost|p2a: Yanmega|spe|1\n|upkeep\n|inactive|Time left: 300 sec this turn | 300 sec total | 5 sec grace\n|\n|t:|1783550874\n|switch|p1a: Mudsdale|Mudsdale, L83, M|302/302\n|turn|5\n|inactive|Time left: 300 sec this turn | 300 sec total\n|\n|t:|1783550875\n|move|p2a: Yanmega|Protect|p2a: Yanmega\n|-singleturn|p2a: Yanmega|Protect\n|move|p1a: Mudsdale|Stone Edge|p2a: Yanmega\n|-activate|p2a: Yanmega|move: Protect\n|\n|-ability|p2a: Yanmega|Speed Boost|boost\n|-boost|p2a: Yanmega|spe|1\n|upkeep\n|turn|6\n|inactive|Time left: 300 sec this turn | 300 sec total\n|\n|t:|1783550876\n|move|p2a: Yanmega|Air Slash|p1a: Mudsdale\n|-damage|p1a: Mudsdale|220/302\n|-ability|p1a: Mudsdale|Stamina|boost\n|-boost|p1a: Mudsdale|def|1\n|move|p1a: Mudsdale|Stone Edge|p2a: Yanmega|[miss]\n|-miss|p1a: Mudsdale|p2a: Yanmega\n|\n|-heal|p1a: Mudsdale|238/302|[from] item: Leftovers\n|-ability|p2a: Yanmega|Speed Boost|boost\n|-boost|p2a: Yanmega|spe|1\n|upkeep\n|turn|7\n|inactive|Time left: 300 sec this turn | 300 sec total\n|\n|t:|1783550877\n|move|p2a: Yanmega|Air Slash|p1a: Mudsdale\n|-damage|p1a: Mudsdale|147/302\n|-ability|p1a: Mudsdale|Stamina|boost\n|-boost|p1a: Mudsdale|def|1\n|move|p1a: Mudsdale|Roar|p2a: Yanmega\n|drag|p2a: Glalie|Glalie, L96, F|100/100\n|\n|-heal|p1a: Mudsdale|165/302|[from] item: Leftovers\n|upkeep\n|turn|8\n|inactive|Time left: 300 sec this turn | 300 sec total\n|\n|t:|1783550878\n|-terastallize|p1a: Mudsdale|Steel\n|move|p2a: Glalie|Freeze-Dry|p1a: Mudsdale\n|-resisted|p1a: Mudsdale\n|-damage|p1a: Mudsdale|120/302\n|-ability|p1a: Mudsdale|Stamina|boost\n|-boost|p1a: Mudsdale|def|1\n|move|p1a: Mudsdale|Heavy Slam|p2a: Glalie\n|-supereffective|p2a: Glalie\n|-damage|p2a: Glalie|38/100\n|\n|-heal|p1a: Mudsdale|138/302|[from] item: Leftovers\n|upkeep\n|turn|9\n|inactive|Time left: 300 sec this turn | 300 sec total\n|\n|t:|1783550879\n|switch|p2a: Arboliva|Arboliva, L91, M|100/100\n|move|p1a: Mudsdale|Heavy Slam|p2a: Arboliva\n|-damage|p2a: Arboliva|48/100\n|-fieldstart|move: Grassy Terrain|[from] ability: Seed Sower|[of] p2a: Arboliva\n|\n|-heal|p2a: Arboliva|55/100|[from] Grassy Terrain\n|-heal|p2a: Arboliva|61/100|[from] item: Leftovers\n|-heal|p1a: Mudsdale|156/302|[from] Grassy Terrain\n|-heal|p1a: Mudsdale|174/302|[from] item: Leftovers\n|upkeep\n|turn|10\n|inactive|Time left: 300 sec this turn | 300 sec total\n|\n|t:|1783550880\n|switch|p1a: Dipplin|Dipplin, L88, M|284/284\n|move|p2a: Arboliva|Earth Power|p1a: Dipplin\n|-resisted|p1a: Dipplin\n|-damage|p1a: Dipplin|252/284\n|\n|-heal|p2a: Arboliva|67/100|[from] Grassy Terrain\n|-heal|p2a: Arboliva|73/100|[from] item: Leftovers\n|-heal|p1a: Dipplin|269/284|[from] Grassy Terrain\n|upkeep\n|turn|11\n|inactive|Time left: 300 sec this turn | 300 sec total\n|\n|t:|1783550881\n|move|p2a: Arboliva|Strength Sap|p1a: Dipplin\n|-unboost|p1a: Dipplin|atk|1\n|-heal|p2a: Arboliva|100/100\n|move|p1a: Dipplin|Dragon Pulse|p2a: Arboliva\n|-damage|p2a: Arboliva|72/100\n|\n|-heal|p2a: Arboliva|78/100|[from] Grassy Terrain\n|-heal|p2a: Arboliva|85/100|[from] item: Leftovers\n|-heal|p1a: Dipplin|284/284|[from] Grassy Terrain\n|upkeep\n|turn|12\n|inactive|Time left: 300 sec this turn | 300 sec total\n|\n|t:|1783550882\n|move|p2a: Arboliva|Earth Power|p1a: Dipplin\n|-resisted|p1a: Dipplin\n|-damage|p1a: Dipplin|252/284\n|move|p1a: Dipplin|Dragon Pulse|p2a: Arboliva\n|-damage|p2a: Arboliva|57/100\n|\n|-heal|p2a: Arboliva|64/100|[from] Grassy Terrain\n|-heal|p2a: Arboliva|70/100|[from] item: Leftovers\n|-heal|p1a: Dipplin|269/284|[from] Grassy Terrain\n|upkeep\n|turn|13\n|inactive|Time left: 300 sec this turn | 300 sec total\n|\n|t:|1783550883\n|move|p2a: Arboliva|Hyper Voice|p1a: Dipplin\n|-damage|p1a: Dipplin|176/284\n|move|p1a: Dipplin|Dragon Pulse|p2a: Arboliva\n|-damage|p2a: Arboliva|45/100\n|\n|-heal|p2a: Arboliva|51/100|[from] Grassy Terrain\n|-heal|p2a: Arboliva|57/100|[from] item: Leftovers\n|-heal|p1a: Dipplin|193/284|[from] Grassy Terrain\n|-fieldend|move: Grassy Terrain\n|upkeep\n|turn|14\n|inactive|Time left: 300 sec this turn | 300 sec total\n|\n|t:|1783550884\n|move|p2a: Arboliva|Strength Sap|p1a: Dipplin\n|-unboost|p1a: Dipplin|atk|1\n|-heal|p2a: Arboliva|100/100\n|move|p1a: Dipplin|Recover|p1a: Dipplin\n|-heal|p1a: Dipplin|284/284\n|\n|upkeep\n|turn|15\n|inactive|Time left: 300 sec this turn | 300 sec total\n|\n|t:|1783550885\n|move|p2a: Arboliva|Hyper Voice|p1a: Dipplin\n|-damage|p1a: Dipplin|197/284\n|move|p1a: Dipplin|Dragon Pulse|p2a: Arboliva\n|-damage|p2a: Arboliva|76/100\n|-fieldstart|move: Grassy Terrain|[from] ability: Seed Sower|[of] p2a: Arboliva\n|\n|-heal|p2a: Arboliva|82/100|[from] Grassy Terrain\n|-heal|p2a: Arboliva|88/100|[from] item: Leftovers\n|-heal|p1a: Dipplin|214/284|[from] Grassy Terrain\n|upkeep\n|turn|16\n|inactive|Time left: 300 sec this turn | 300 sec total\n|\n|t:|1783550886\n|move|p2a: Arboliva|Earth Power|p1a: Dipplin\n|-resisted|p1a: Dipplin\n|-damage|p1a: Dipplin|183/284\n|move|p1a: Dipplin|Dragon Pulse|p2a: Arboliva\n|-damage|p2a: Arboliva|60/100\n|\n|-heal|p2a: Arboliva|66/100|[from] Grassy Terrain\n|-heal|p2a: Arboliva|73/100|[from] item: Leftovers\n|-heal|p1a: Dipplin|200/284|[from] Grassy Terrain\n|upkeep\n|turn|17\n|inactive|Time left: 300 sec this turn | 300 sec total\n|\n|t:|1783550888\n|move|p2a: Arboliva|Hyper Voice|p1a: Dipplin\n|-damage|p1a: Dipplin|109/284\n|move|p1a: Dipplin|Recover|p1a: Dipplin\n|-heal|p1a: Dipplin|251/284\n|\n|-heal|p2a: Arboliva|79/100|[from] Grassy Terrain\n|-heal|p2a: Arboliva|85/100|[from] item: Leftovers\n|-heal|p1a: Dipplin|268/284|[from] Grassy Terrain\n|upkeep\n|turn|18\n|inactive|Time left: 300 sec this turn | 300 sec total\n|\n|t:|1783550889\n|move|p2a: Arboliva|Hyper Voice|p1a: Dipplin\n|-damage|p1a: Dipplin|168/284\n|move|p1a: Dipplin|Dragon Pulse|p2a: Arboliva\n|-damage|p2a: Arboliva|57/100\n|\n|-heal|p2a: Arboliva|63/100|[from] Grassy Terrain\n|-heal|p2a: Arboliva|69/100|[from] item: Leftovers\n|-heal|p1a: Dipplin|185/284|[from] Grassy Terrain\n|upkeep\n|turn|19\n|inactive|Time left: 300 sec this turn | 300 sec total\n|\n|t:|1783550890\n|move|p2a: Arboliva|Hyper Voice|p1a: Dipplin\n|-damage|p1a: Dipplin|95/284\n|move|p1a: Dipplin|Recover|p1a: Dipplin\n|-heal|p1a: Dipplin|237/284\n|\n|-heal|p2a: Arboliva|76/100|[from] Grassy Terrain\n|-heal|p2a: Arboliva|82/100|[from] item: Leftovers\n|-heal|p1a: Dipplin|254/284|[from] Grassy Terrain\n|-fieldend|move: Grassy Terrain\n|upkeep\n|turn|20\n|inactive|Time left: 300 sec this turn | 300 sec total\n|\n|t:|1783550891\n|move|p2a: Arboliva|Hyper Voice|p1a: Dipplin\n|-damage|p1a: Dipplin|166/284\n|move|p1a: Dipplin|Dragon Pulse|p2a: Arboliva\n|-damage|p2a: Arboliva|55/100\n|-fieldstart|move: Grassy Terrain|[from] ability: Seed Sower|[of] p2a: Arboliva\n|\n|-heal|p2a: Arboliva|61/100|[from] Grassy Terrain\n|-heal|p2a: Arboliva|67/100|[from] item: Leftovers\n|-heal|p1a: Dipplin|183/284|[from] Grassy Terrain\n|upkeep\n|turn|21\n|inactive|Time left: 300 sec this turn | 300 sec total\n|\n|t:|1783550892\n|move|p2a: Arboliva|Earth Power|p1a: Dipplin\n|-resisted|p1a: Dipplin\n|-damage|p1a: Dipplin|153/284\n|move|p1a: Dipplin|Recover|p1a: Dipplin\n|-heal|p1a: Dipplin|284/284\n|\n|-heal|p2a: Arboliva|74/100|[from] Grassy Terrain\n|-heal|p2a: Arboliva|80/100|[from] item: Leftovers\n|upkeep\n|turn|22\n|inactive|Time left: 300 sec this turn | 300 sec total\n|\n|t:|1783550893\n|move|p2a: Arboliva|Earth Power|p1a: Dipplin\n|-resisted|p1a: Dipplin\n|-damage|p1a: Dipplin|256/284\n|-unboost|p1a: Dipplin|spd|1\n|move|p1a: Dipplin|Dragon Pulse|p2a: Arboliva\n|-damage|p2a: Arboliva|53/100\n|\n|-heal|p2a: Arboliva|59/100|[from] Grassy Terrain\n|-heal|p2a: Arboliva|65/100|[from] item: Leftovers\n|-heal|p1a: Dipplin|273/284|[from] Grassy Terrain\n|upkeep\n|turn|23\n|inactive|Time left: 300 sec this turn | 300 sec total\n|\n|t:|1783550894\n|switch|p1a: Mudsdale|Mudsdale, L83, M, tera:Steel|174/302\n|move|p2a: Arboliva|Strength Sap|p1a: Mudsdale\n|-unboost|p1a: Mudsdale|atk|1\n|-heal|p2a: Arboliva|100/100\n|\n|-heal|p1a: Mudsdale|192/302|[from] Grassy Terrain\n|-heal|p1a: Mudsdale|210/302|[from] item: Leftovers\n|upkeep\n|turn|24\n|inactive|Time left: 300 sec this turn | 300 sec total\n|\n|t:|1783550896\n|switch|p1a: Dipplin|Dipplin, L88, M|273/284\n|move|p2a: Arboliva|Hyper Voice|p1a: Dipplin\n|-damage|p1a: Dipplin|186/284\n|\n|-heal|p1a: Dipplin|203/284|[from] Grassy Terrain\n|-fieldend|move: Grassy Terrain\n|upkeep\n|turn|25\n|inactive|Time left: 300 sec this turn | 300 sec total\n|\n|t:|1783550897\n|switch|p2a: Yanmega|Yanmega, L82, F|100/100\n|move|p1a: Dipplin|Recover|p1a: Dipplin\n|-heal|p1a: Dipplin|284/284\n|\n|upkeep\n|turn|26\n|inactive|Time left: 300 sec this turn | 300 sec total\n|\n|t:|1783550898\n|switch|p1a: Mudsdale|Mudsdale, L83, M, tera:Steel|210/302\n|move|p2a: Yanmega|Bug Buzz|p1a: Mudsdale\n|-resisted|p1a: Mudsdale\n|-damage|p1a: Mudsdale|156/302\n|-ability|p1a: Mudsdale|Stamina|boost\n|-boost|p1a: Mudsdale|def|1\n|\n|-heal|p1a: Mudsdale|174/302|[from] item: Leftovers\n|-ability|p2a: Yanmega|Speed Boost|boost\n|-boost|p2a: Yanmega|spe|1\n|upkeep\n|turn|27\n|inactive|Time left: 300 sec this turn | 300 sec total\n|\n|t:|1783550899\n|switch|p1a: Dipplin|Dipplin, L88, M|284/284\n|-terastallize|p2a: Yanmega|Ground\n|move|p2a: Yanmega|Tera Blast|p1a: Dipplin|[anim] Tera Blast Ground\n|-resisted|p1a: Dipplin\n|-damage|p1a: Dipplin|251/284\n|\n|-ability|p2a: Yanmega|Speed Boost|boost\n|-boost|p2a: Yanmega|spe|1\n|upkeep\n|turn|28\n|inactive|Time left: 300 sec this turn | 300 sec total\n|\n|t:|1783550900\n|move|p2a: Yanmega|Protect|p2a: Yanmega\n|-singleturn|p2a: Yanmega|Protect\n|move|p1a: Dipplin|Giga Drain|p2a: Yanmega\n|-activate|p2a: Yanmega|move: Protect\n|\n|-ability|p2a: Yanmega|Speed Boost|boost\n|-boost|p2a: Yanmega|spe|1\n|upkeep\n|turn|29\n|inactive|Time left: 300 sec this turn | 300 sec total\n|\n|t:|1783550901\n|move|p2a: Yanmega|Air Slash|p1a: Dipplin\n|-supereffective|p1a: Dipplin\n|-damage|p1a: Dipplin|125/284\n|move|p1a: Dipplin|Giga Drain|p2a: Yanmega\n|-supereffective|p2a: Yanmega\n|-damage|p2a: Yanmega|12/100\n|-heal|p1a: Dipplin|246/284|[from] drain|[of] p2a: Yanmega\n|\n|-ability|p2a: Yanmega|Speed Boost|boost\n|-boost|p2a: Yanmega|spe|1\n|upkeep\n|turn|30\n|inactive|Time left: 300 sec this turn | 300 sec total\n|\n|t:|1783550902\n|move|p1a: Dipplin|Sucker Punch|p2a: Yanmega\n|-damage|p2a: Yanmega|0 fnt\n|faint|p2a: Yanmega\n|\n|upkeep\n|\n|t:|1783550903\n|switch|p2a: Girafarig|Girafarig, L89, M|100/100\n|turn|31\n|inactive|Time left: 300 sec this turn | 300 sec total\n|\n|t:|1783550904\n|switch|p1a: Mudsdale|Mudsdale, L83, M, tera:Steel|174/302\n|move|p2a: Girafarig|Nasty Plot|p2a: Girafarig\n|-boost|p2a: Girafarig|spa|2\n|\n|-heal|p1a: Mudsdale|192/302|[from] item: Leftovers\n|upkeep\n|turn|32\n|inactive|Time left: 300 sec this turn | 300 sec total\n|\n|t:|1783550905\n|move|p2a: Girafarig|Thunderbolt|p1a: Mudsdale\n|-crit|p1a: Mudsdale\n|-damage|p1a: Mudsdale|0 fnt\n|faint|p1a: Mudsdale\n|\n|upkeep\n|inactive|Time left: 300 sec this turn | 300 sec total | 5 sec grace\n|\n|t:|1783550906\n|switch|p1a: Shiftry|Shiftry, L89, M|305/305\n|turn|33\n|inactive|Time left: 300 sec this turn | 300 sec total\n|\n|t:|1783550907\n|switch|p2a: Arboliva|Arboliva, L91, M|100/100\n|move|p1a: Shiftry|Knock Off|p2a: Arboliva\n|-crit|p2a: Arboliva\n|-damage|p2a: Arboliva|27/100\n|-fieldstart|move: Grassy Terrain|[from] ability: Seed Sower|[of] p2a: Arboliva\n|-enditem|p2a: Arboliva|Leftovers|[from] move: Knock Off|[of] p1a: Shiftry\n|-damage|p1a: Shiftry|275/305|[from] item: Life Orb\n|\n|-heal|p1a: Shiftry|294/305|[from] Grassy Terrain\n|-heal|p2a: Arboliva|34/100|[from] Grassy Terrain\n|upkeep\n|turn|34\n|inactive|Time left: 300 sec this turn | 300 sec total\n|\n|t:|1783550907\n|move|p1a: Shiftry|Low Kick|p2a: Arboliva\n|-supereffective|p2a: Arboliva\n|-damage|p2a: Arboliva|0 fnt\n|faint|p2a: Arboliva\n|-damage|p1a: Shiftry|264/305|[from] item: Life Orb\n|\n|-heal|p1a: Shiftry|283/305|[from] Grassy Terrain\n|upkeep\n|\n|t:|1783550908\n|switch|p2a: Glalie|Glalie, L96, F|38/100\n|turn|35\n|inactive|Time left: 300 sec this turn | 300 sec total\n|\n|t:|1783550909\n|move|p2a: Glalie|Freeze-Dry|p1a: Shiftry\n|-supereffective|p1a: Shiftry\n|-damage|p1a: Shiftry|95/305\n|move|p1a: Shiftry|Tailwind|p1a: Shiftry\n|-sidestart|p1: p0x1008910c|move: Tailwind\n|-ability|p1a: Shiftry|Wind Rider|boost\n|-boost|p1a: Shiftry|atk|1\n|\n|-heal|p1a: Shiftry|114/305|[from] Grassy Terrain\n|-heal|p2a: Glalie|45/100|[from] Grassy Terrain\n|upkeep\n|turn|36\n|inactive|Time left: 300 sec this turn | 300 sec total\n|\n|t:|1783550910\n|switch|p2a: Whiscash|Whiscash, L88, M|100/100\n|move|p1a: Shiftry|Knock Off|p2a: Whiscash\n|-damage|p2a: Whiscash|27/100\n|-enditem|p2a: Whiscash|Leftovers|[from] move: Knock Off|[of] p1a: Shiftry\n|-damage|p1a: Shiftry|84/305|[from] item: Life Orb\n|\n|-heal|p1a: Shiftry|103/305|[from] Grassy Terrain\n|-heal|p2a: Whiscash|33/100|[from] Grassy Terrain\n|upkeep\n|turn|37\n|inactive|Time left: 300 sec this turn | 300 sec total\n|\n|t:|1783550911\n|move|p1a: Shiftry|Knock Off|p2a: Whiscash\n|-damage|p2a: Whiscash|0 fnt\n|faint|p2a: Whiscash\n|-damage|p1a: Shiftry|73/305|[from] item: Life Orb\n|\n|-heal|p1a: Shiftry|92/305|[from] Grassy Terrain\n|-fieldend|move: Grassy Terrain\n|upkeep\n|\n|t:|1783550912\n|switch|p2a: Girafarig|Girafarig, L89, M|100/100\n|turn|38\n|inactive|Time left: 300 sec this turn | 300 sec total\n|\n|t:|1783550913\n|move|p1a: Shiftry|Knock Off|p2a: Girafarig\n|-supereffective|p2a: Girafarig\n|-damage|p2a: Girafarig|0 fnt\n|-enditem|p2a: Girafarig|Eviolite|[from] move: Knock Off|[of] p1a: Shiftry\n|faint|p2a: Girafarig\n|-damage|p1a: Shiftry|62/305|[from] item: Life Orb\n|\n|-sideend|p1: p0x1008910c|move: Tailwind\n|upkeep\n|\n|t:|1783550914\n|switch|p2a: Glalie|Glalie, L96, F|45/100\n|turn|39\n|inactive|Time left: 300 sec this turn | 300 sec total\n|\n|t:|1783550915\n|move|p2a: Glalie|Freeze-Dry|p1a: Shiftry\n|-supereffective|p1a: Shiftry\n|-damage|p1a: Shiftry|0 fnt\n|faint|p1a: Shiftry\n|\n|upkeep\n|inactive|Time left: 300 sec this turn | 300 sec total | 5 sec grace\n|\n|t:|1783550916\n|switch|p1a: Indeedee|Indeedee, L84, M|238/238\n|-fieldstart|move: Psychic Terrain|[from] ability: Psychic Surge|[of] p1a: Indeedee\n|turn|40\n|inactive|Time left: 300 sec this turn | 300 sec total\n|\n|t:|1783550916\n|move|p1a: Indeedee|Expanding Force|p2a: Glalie\n|-damage|p2a: Glalie|0 fnt\n|faint|p2a: Glalie\n|\n|win|p0x1008910c", "uploadtime": 1783550916, "views": 0, "rating": 0, "private": 0, "password": null, "_winner": "p0x1008910c", "_our_name": "p0x1008910c"}