{"id": "battle-gen9randombattle-1244", "formatid": "gen9randombattle", "format": "[Gen 9] Random Battle", "players": ["p0x12444ab4", "p0y124443dd"], "log": "|init|battle\n|title|p0x12444ab4 vs. p0y124443dd\n|j|\u2606p0x12444ab4\n|j|\u2606p0y124443dd\n|t:|1783554402\n|gametype|singles\n|player|p1|p0x12444ab4|265|\n|player|p2|p0y124443dd|265|\n|gen|9\n|tier|[Gen 9] Random Battle\n|rule|Species Clause: Limit one of each Pok\u00e9mon\n|rule|HP Percentage Mod: HP is shown in percentages\n|rule|Sleep Clause Mod: Limit one foe put to sleep\n|rule|Illusion Level Mod: Illusion disguises the Pok\u00e9mon's true level\n|\n|t:|1783554402\n|teamsize|p1|6\n|teamsize|p2|6\n|start\n|switch|p1a: Orthworm|Orthworm, L88, M|100/100\n|switch|p2a: Meloetta|Meloetta, L82|298/298\n|turn|1\n|inactive|Battle timer is ON: inactive players will automatically lose when time's up. (requested by p0x12444ab4)\n|inactive|Time left: 300 sec this turn | 300 sec total | 60 sec grace\n|inactive|p0y124443dd also wants the timer to be on.\n|\n|t:|1783554404\n|move|p2a: Meloetta|Focus Blast|p1a: Orthworm\n|-supereffective|p1a: Orthworm\n|-damage|p1a: Orthworm|9/100\n|-unboost|p1a: Orthworm|spd|1\n|move|p1a: Orthworm|Heavy Slam|p2a: Meloetta\n|-damage|p2a: Meloetta|163/298\n|\n|-heal|p2a: Meloetta|181/298|[from] item: Leftovers\n|-heal|p1a: Orthworm|15/100|[from] item: Leftovers\n|upkeep\n|turn|2\n|inactive|Time left: 300 sec this turn | 300 sec total\n|\n|t:|1783554405\n|switch|p1a: Rhyperior|Rhyperior, L82, F|100/100\n|move|p2a: Meloetta|Hyper Voice|p1a: Rhyperior\n|-resisted|p1a: Rhyperior\n|-damage|p1a: Rhyperior|75/100\n|\n|-heal|p2a: Meloetta|199/298|[from] item: Leftovers\n|upkeep\n|turn|3\n|inactive|Time left: 300 sec this turn | 300 sec total\n|\n|t:|1783554406\n|-terastallize|p2a: Meloetta|Fighting\n|move|p2a: Meloetta|Focus Blast|p1a: Rhyperior\n|-supereffective|p1a: Rhyperior\n|-damage|p1a: Rhyperior|0 fnt\n|faint|p1a: Rhyperior\n|\n|-heal|p2a: Meloetta|217/298|[from] item: Leftovers\n|upkeep\n|\n|t:|1783554408\n|switch|p1a: Masquerain|Masquerain, L87, F|100/100\n|-ability|p1a: Masquerain|Intimidate|boost\n|-unboost|p2a: Meloetta|atk|1\n|turn|4\n|inactive|Time left: 300 sec this turn | 300 sec total\n|\n|t:|1783554409\n|move|p2a: Meloetta|Psyshock|p1a: Masquerain\n|-damage|p1a: Masquerain|52/100\n|move|p1a: Masquerain|Sticky Web|p2a: Meloetta\n|-sidestart|p2: p0y124443dd|move: Sticky Web\n|\n|-heal|p2a: Meloetta|235/298|[from] item: Leftovers\n|upkeep\n|turn|5\n|inactive|Time left: 300 sec this turn | 300 sec total\n|\n|t:|1783554410\n|move|p2a: Meloetta|Hyper Voice|p1a: Masquerain\n|-damage|p1a: Masquerain|10/100\n|move|p1a: Masquerain|Hurricane|p2a: Meloetta\n|-supereffective|p2a: Meloetta\n|-damage|p2a: Meloetta|35/298\n|\n|-heal|p2a: Meloetta|53/298|[from] item: Leftovers\n|upkeep\n|turn|6\n|inactive|Time left: 300 sec this turn | 300 sec total\n|\n|t:|1783554411\n|move|p2a: Meloetta|Hyper Voice|p1a: Masquerain\n|-damage|p1a: Masquerain|0 fnt\n|faint|p1a: Masquerain\n|\n|-heal|p2a: Meloetta|71/298|[from] item: Leftovers\n|upkeep\n|\n|t:|1783554412\n|switch|p1a: Arcanine|Arcanine, L84, F|100/100\n|-ability|p1a: Arcanine|Intimidate|boost\n|-unboost|p2a: Meloetta|atk|1\n|turn|7\n|inactive|Time left: 300 sec this turn | 300 sec total\n|\n|t:|1783554413\n|switch|p2a: Gardevoir|Gardevoir, L83, M|249/249\n|-activate|p2a: Gardevoir|move: Sticky Web\n|-unboost|p2a: Gardevoir|spe|1\n|-ability|p2a: Gardevoir|Intimidate|Trace|[from] ability: Trace|[of] p1a: Arcanine\n|-ability|p2a: Gardevoir|Intimidate|boost\n|-unboost|p1a: Arcanine|atk|1\n|move|p1a: Arcanine|Flare Blitz|p2a: Gardevoir\n|-damage|p2a: Gardevoir|131/249\n|-damage|p1a: Arcanine|87/100|[from] Recoil\n|\n|upkeep\n|turn|8\n|inactive|Time left: 300 sec this turn | 300 sec total\n|\n|t:|1783554415\n|switch|p1a: Eiscue|Eiscue, L88, M|100/100\n|move|p2a: Gardevoir|Moonblast|p1a: Eiscue\n|-crit|p1a: Eiscue\n|-damage|p1a: Eiscue|40/100\n|-enditem|p1a: Eiscue|Sitrus Berry|[eat]\n|-heal|p1a: Eiscue|65/100|[from] item: Sitrus Berry\n|\n|upkeep\n|turn|9\n|inactive|Time left: 300 sec this turn | 300 sec total\n|\n|t:|1783554416\n|move|p2a: Gardevoir|Moonblast|p1a: Eiscue\n|-damage|p1a: Eiscue|24/100\n|move|p1a: Eiscue|Iron Head|p2a: Gardevoir\n|-supereffective|p2a: Gardevoir\n|-damage|p2a: Gardevoir|3/249\n|\n|upkeep\n|turn|10\n|inactive|Time left: 300 sec this turn | 300 sec total\n|\n|t:|1783554418\n|switch|p1a: Arcanine|Arcanine, L84, F|87/100\n|-ability|p1a: Arcanine|Intimidate|boost\n|-unboost|p2a: Gardevoir|atk|1\n|move|p2a: Gardevoir|Moonblast|p1a: Arcanine\n|-resisted|p1a: Arcanine\n|-damage|p1a: Arcanine|65/100\n|-unboost|p1a: Arcanine|spa|1\n|\n|upkeep\n|turn|11\n|inactive|Time left: 300 sec this turn | 300 sec total\n|\n|t:|1783554419\n|move|p1a: Arcanine|Flare Blitz|p2a: Gardevoir\n|-damage|p2a: Gardevoir|0 fnt\n|faint|p2a: Gardevoir\n|-damage|p1a: Arcanine|64/100|[from] Recoil\n|\n|upkeep\n|inactive|Time left: 300 sec this turn | 300 sec total | 5 sec grace\n|\n|t:|1783554420\n|switch|p2a: Dodrio|Dodrio, L85, F|241/241\n|turn|12\n|inactive|Time left: 300 sec this turn | 300 sec total\n|\n|t:|1783554421\n|switch|p1a: Eiscue|Eiscue, L88, M|24/100\n|move|p2a: Dodrio|Brave Bird|p1a: Eiscue\n|-activate|p1a: Eiscue|ability: Ice Face\n|-damage|p1a: Eiscue|24/100\n|detailschange|p1a: Eiscue|Eiscue-Noice, L88, M\n|\n|upkeep\n|turn|13\n|inactive|Time left: 300 sec this turn | 300 sec total\n|\n|t:|1783554422\n|move|p1a: Eiscue|Ice Spinner|p2a: Dodrio\n|-supereffective|p2a: Dodrio\n|-damage|p2a: Dodrio|61/241\n|move|p2a: Dodrio|Brave Bird|p1a: Eiscue\n|-damage|p1a: Eiscue|0 fnt\n|faint|p1a: Eiscue\n|-damage|p2a: Dodrio|40/241|[from] Recoil\n|\n|upkeep\n|\n|t:|1783554424\n|switch|p1a: Arcanine|Arcanine, L84, F|64/100\n|-ability|p1a: Arcanine|Intimidate|boost\n|-unboost|p2a: Dodrio|atk|1\n|turn|14\n|inactive|Time left: 300 sec this turn | 300 sec total\n|\n|t:|1783554425\n|move|p2a: Dodrio|Brave Bird|p1a: Arcanine\n|-damage|p1a: Arcanine|13/100\n|-damage|p2a: Dodrio|0 fnt|[from] Recoil\n|faint|p2a: Dodrio\n|move|p1a: Arcanine|Morning Sun|p1a: Arcanine\n|-heal|p1a: Arcanine|63/100\n|\n|upkeep\n|inactive|Time left: 300 sec this turn | 300 sec total | 5 sec grace\n|\n|t:|1783554426\n|switch|p2a: Crabominable|Crabominable, L90, M|321/321\n|-activate|p2a: Crabominable|move: Sticky Web\n|-unboost|p2a: Crabominable|spe|1\n|turn|15\n|inactive|Time left: 300 sec this turn | 300 sec total\n|\n|t:|1783554427\n|move|p1a: Arcanine|Flare Blitz|p2a: Crabominable\n|-supereffective|p2a: Crabominable\n|-damage|p2a: Crabominable|19/321\n|-damage|p1a: Arcanine|29/100|[from] Recoil\n|move|p2a: Crabominable|Drain Punch|p1a: Arcanine\n|-damage|p1a: Arcanine|0 fnt\n|-heal|p2a: Crabominable|60/321|[from] drain|[of] p1a: Arcanine\n|faint|p1a: Arcanine\n|\n|upkeep\n|\n|t:|1783554428\n|switch|p1a: Orthworm|Orthworm, L88, M|15/100\n|turn|16\n|inactive|Time left: 300 sec this turn | 300 sec total\n|\n|t:|1783554429\n|move|p1a: Orthworm|Body Press|p2a: Crabominable\n|-supereffective|p2a: Crabominable\n|-damage|p2a: Crabominable|0 fnt\n|faint|p2a: Crabominable\n|\n|-heal|p1a: Orthworm|21/100|[from] item: Leftovers\n|upkeep\n|inactive|Time left: 300 sec this turn | 300 sec total | 5 sec grace\n|\n|t:|1783554430\n|switch|p2a: Dialga|Dialga-Origin, L73|266/266\n|-activate|p2a: Dialga|move: Sticky Web\n|-unboost|p2a: Dialga|spe|1\n|-ability|p2a: Dialga|Pressure\n|turn|17\n|inactive|Time left: 300 sec this turn | 300 sec total\n|\n|t:|1783554431\n|move|p1a: Orthworm|Body Press|p2a: Dialga\n|-supereffective|p2a: Dialga\n|-damage|p2a: Dialga|124/266\n|move|p2a: Dialga|Draco Meteor|p1a: Orthworm\n|-resisted|p1a: Orthworm\n|-damage|p1a: Orthworm|0 fnt\n|-unboost|p2a: Dialga|spa|2\n|faint|p1a: Orthworm\n|\n|upkeep\n|\n|t:|1783554432\n|switch|p1a: Dipplin|Dipplin, L88, M|100/100\n|turn|18\n|inactive|Time left: 300 sec this turn | 300 sec total\n|\n|t:|1783554433\n|switch|p2a: Meloetta|Meloetta, L82, tera:Fighting|71/298\n|-activate|p2a: Meloetta|move: Sticky Web\n|-unboost|p2a: Meloetta|spe|1\n|move|p1a: Dipplin|Dragon Pulse|p2a: Meloetta\n|-damage|p2a: Meloetta|0 fnt\n|faint|p2a: Meloetta\n|\n|upkeep\n|inactive|Time left: 300 sec this turn | 300 sec total | 5 sec grace\n|\n|t:|1783554434\n|switch|p2a: Dialga|Dialga-Origin, L73|124/266\n|-activate|p2a: Dialga|move: Sticky Web\n|-unboost|p2a: Dialga|spe|1\n|-ability|p2a: Dialga|Pressure\n|turn|19\n|inactive|Time left: 300 sec this turn | 300 sec total\n|\n|t:|1783554435\n|-terastallize|p1a: Dipplin|Steel\n|move|p1a: Dipplin|Dragon Pulse|p2a: Dialga\n|-crit|p2a: Dialga\n|-damage|p2a: Dialga|0 fnt\n|faint|p2a: Dialga\n|\n|upkeep\n|inactive|Time left: 300 sec this turn | 300 sec total | 5 sec grace\n|\n|t:|1783554436\n|switch|p2a: Zoroark|Zoroark, L83, F|235/235\n|-activate|p2a: Zoroark|move: Sticky Web\n|-unboost|p2a: Zoroark|spe|1\n|turn|20\n|inactive|Time left: 300 sec this turn | 300 sec total\n|\n|t:|1783554436\n|move|p2a: Zoroark|Nasty Plot|p2a: Zoroark\n|-boost|p2a: Zoroark|spa|2\n|move|p1a: Dipplin|Giga Drain|p2a: Zoroark\n|-damage|p2a: Zoroark|114/235\n|\n|upkeep\n|turn|21\n|inactive|Time left: 300 sec this turn | 300 sec total\n|\n|t:|1783554437\n|move|p2a: Zoroark|Focus Blast|p1a: Dipplin\n|-supereffective|p1a: Dipplin\n|-damage|p1a: Dipplin|0 fnt\n|faint|p1a: Dipplin\n|-damage|p2a: Zoroark|91/235|[from] item: Life Orb\n|\n|win|p0y124443dd", "uploadtime": 1783554437, "views": 0, "rating": 0, "private": 0, "password": null, "_winner": "p0y124443dd", "_our_name": "p0y124443dd"}