{"id": "battle-gen9randombattle-213", "formatid": "gen9randombattle", "format": "[Gen 9] Random Battle", "players": ["p0x21381de", "p0y2133c08"], "log": "|init|battle\n|title|p0x21381de vs. p0y2133c08\n|j|\u2606p0x21381de\n|j|\u2606p0y2133c08\n|t:|1783542021\n|gametype|singles\n|player|p1|p0x21381de|1|\n|player|p2|p0y2133c08|169|\n|gen|9\n|tier|[Gen 9] Random Battle\n|rule|Species Clause: Limit one of each Pok\u00e9mon\n|rule|HP Percentage Mod: HP is shown in percentages\n|rule|Sleep Clause Mod: Limit one foe put to sleep\n|rule|Illusion Level Mod: Illusion disguises the Pok\u00e9mon's true level\n|\n|t:|1783542021\n|teamsize|p1|6\n|teamsize|p2|6\n|start\n|switch|p1a: Decidueye|Decidueye-Hisui, L87, M|295/295\n|switch|p2a: Trevenant|Trevenant, L89, F|100/100\n|turn|1\n|inactive|Battle timer is ON: inactive players will automatically lose when time's up. (requested by p0y2133c08)\n|inactive|Time left: 300 sec this turn | 300 sec total | 60 sec grace\n|\n|t:|1783542022\n|move|p1a: Decidueye|Swords Dance|p1a: Decidueye\n|-boost|p1a: Decidueye|atk|2\n|move|p2a: Trevenant|Poltergeist|p1a: Decidueye\n|-activate|p1a: Decidueye|move: Poltergeist|Leftovers\n|-damage|p1a: Decidueye|144/295\n|\n|-heal|p1a: Decidueye|162/295|[from] item: Leftovers\n|upkeep\n|turn|2\n|inactive|Time left: 300 sec this turn | 300 sec total\n|inactive|p0x21381de also wants the timer to be on.\n|\n|t:|1783542023\n|move|p2a: Trevenant|Protect|p2a: Trevenant\n|-singleturn|p2a: Trevenant|Protect\n|move|p1a: Decidueye|Triple Arrows|p2a: Trevenant\n|-activate|p2a: Trevenant|move: Protect\n|\n|-heal|p1a: Decidueye|180/295|[from] item: Leftovers\n|upkeep\n|turn|3\n|inactive|Time left: 300 sec this turn | 300 sec total\n|\n|t:|1783542025\n|move|p1a: Decidueye|Triple Arrows|p2a: Trevenant\n|-damage|p2a: Trevenant|18/100\n|-enditem|p2a: Trevenant|Sitrus Berry|[eat]\n|-heal|p2a: Trevenant|43/100|[from] item: Sitrus Berry\n|move|p2a: Trevenant|Poltergeist|p1a: Decidueye\n|-activate|p1a: Decidueye|move: Poltergeist|Leftovers\n|-damage|p1a: Decidueye|35/295\n|\n|-heal|p1a: Decidueye|53/295|[from] item: Leftovers\n|upkeep\n|turn|4\n|inactive|Time left: 300 sec this turn | 300 sec total\n|\n|t:|1783542027\n|move|p1a: Decidueye|Triple Arrows|p2a: Trevenant\n|-damage|p2a: Trevenant|0 fnt\n|faint|p2a: Trevenant\n|\n|-heal|p1a: Decidueye|71/295|[from] item: Leftovers\n|upkeep\n|\n|t:|1783542028\n|switch|p2a: Arceus|Arceus-Ghost, L69|100/100\n|turn|5\n|inactive|Time left: 300 sec this turn | 300 sec total\n|\n|t:|1783542029\n|move|p2a: Arceus|Judgment|p1a: Decidueye\n|-damage|p1a: Decidueye|0 fnt\n|faint|p1a: Decidueye\n|\n|upkeep\n|inactive|Time left: 300 sec this turn | 300 sec total | 5 sec grace\n|\n|t:|1783542030\n|switch|p1a: Ting-Lu|Ting-Lu, L78|370/370\n|-ability|p1a: Ting-Lu|Vessel of Ruin\n|turn|6\n|inactive|Time left: 300 sec this turn | 300 sec total\n|\n|t:|1783542032\n|move|p2a: Arceus|Will-O-Wisp|p1a: Ting-Lu\n|-status|p1a: Ting-Lu|brn\n|move|p1a: Ting-Lu|Stealth Rock|p2a: Arceus\n|-sidestart|p2: p0y2133c08|move: Stealth Rock\n|\n|-damage|p1a: Ting-Lu|347/370 brn|[from] brn\n|upkeep\n|turn|7\n|inactive|Time left: 300 sec this turn | 300 sec total\n|\n|t:|1783542033\n|move|p2a: Arceus|Judgment|p1a: Ting-Lu\n|-resisted|p1a: Ting-Lu\n|-damage|p1a: Ting-Lu|305/370 brn\n|move|p1a: Ting-Lu|Earthquake|p2a: Arceus\n|-damage|p2a: Arceus|83/100\n|\n|-heal|p1a: Ting-Lu|328/370 brn|[from] item: Leftovers\n|-damage|p1a: Ting-Lu|305/370 brn|[from] brn\n|upkeep\n|turn|8\n|inactive|Time left: 300 sec this turn | 300 sec total\n|\n|t:|1783542034\n|switch|p2a: Cloyster|Cloyster, L80, F|100/100\n|-damage|p2a: Cloyster|76/100|[from] Stealth Rock\n|move|p1a: Ting-Lu|Earthquake|p2a: Cloyster\n|-damage|p2a: Cloyster|62/100\n|\n|-heal|p1a: Ting-Lu|328/370 brn|[from] item: Leftovers\n|-damage|p1a: Ting-Lu|305/370 brn|[from] brn\n|upkeep\n|turn|9\n|inactive|Time left: 300 sec this turn | 300 sec total\n|\n|t:|1783542035\n|move|p2a: Cloyster|Shell Smash|p2a: Cloyster\n|-unboost|p2a: Cloyster|def|1\n|-unboost|p2a: Cloyster|spd|1\n|-boost|p2a: Cloyster|atk|2\n|-boost|p2a: Cloyster|spa|2\n|-boost|p2a: Cloyster|spe|2\n|-enditem|p2a: Cloyster|White Herb\n|-clearnegativeboost|p2a: Cloyster|[silent]\n|move|p1a: Ting-Lu|Whirlwind|p2a: Cloyster\n|drag|p2a: Arceus|Arceus-Ghost, L69|83/100\n|-damage|p2a: Arceus|71/100|[from] Stealth Rock\n|\n|-heal|p1a: Ting-Lu|328/370 brn|[from] item: Leftovers\n|-damage|p1a: Ting-Lu|305/370 brn|[from] brn\n|upkeep\n|turn|10\n|inactive|Time left: 300 sec this turn | 300 sec total\n|\n|t:|1783542036\n|move|p2a: Arceus|Focus Blast|p1a: Ting-Lu|[miss]\n|-miss|p2a: Arceus|p1a: Ting-Lu\n|move|p1a: Ting-Lu|Throat Chop|p2a: Arceus\n|-supereffective|p2a: Arceus\n|-damage|p2a: Arceus|44/100\n|-start|p2a: Arceus|Throat Chop|[silent]\n|\n|-heal|p1a: Ting-Lu|328/370 brn|[from] item: Leftovers\n|-damage|p1a: Ting-Lu|305/370 brn|[from] brn\n|upkeep\n|turn|11\n|inactive|Time left: 300 sec this turn | 300 sec total\n|\n|t:|1783542037\n|move|p2a: Arceus|Recover|p2a: Arceus\n|-heal|p2a: Arceus|94/100\n|move|p1a: Ting-Lu|Earthquake|p2a: Arceus\n|-damage|p2a: Arceus|76/100\n|\n|-heal|p1a: Ting-Lu|328/370 brn|[from] item: Leftovers\n|-damage|p1a: Ting-Lu|305/370 brn|[from] brn\n|-end|p2a: Arceus|Throat Chop|[silent]\n|upkeep\n|turn|12\n|inactive|Time left: 300 sec this turn | 300 sec total\n|\n|t:|1783542038\n|move|p2a: Arceus|Recover|p2a: Arceus\n|-heal|p2a: Arceus|100/100\n|move|p1a: Ting-Lu|Earthquake|p2a: Arceus\n|-damage|p2a: Arceus|84/100\n|\n|-heal|p1a: Ting-Lu|328/370 brn|[from] item: Leftovers\n|-damage|p1a: Ting-Lu|305/370 brn|[from] brn\n|upkeep\n|turn|13\n|inactive|Time left: 300 sec this turn | 300 sec total\n|\n|t:|1783542039\n|move|p2a: Arceus|Focus Blast|p1a: Ting-Lu\n|-supereffective|p1a: Ting-Lu\n|-damage|p1a: Ting-Lu|179/370 brn\n|move|p1a: Ting-Lu|Earthquake|p2a: Arceus\n|-damage|p2a: Arceus|67/100\n|\n|-heal|p1a: Ting-Lu|202/370 brn|[from] item: Leftovers\n|-damage|p1a: Ting-Lu|179/370 brn|[from] brn\n|upkeep\n|turn|14\n|inactive|Time left: 300 sec this turn | 300 sec total\n|\n|t:|1783542040\n|move|p2a: Arceus|Recover|p2a: Arceus\n|-heal|p2a: Arceus|100/100\n|move|p1a: Ting-Lu|Throat Chop|p2a: Arceus\n|-supereffective|p2a: Arceus\n|-damage|p2a: Arceus|72/100\n|-start|p2a: Arceus|Throat Chop|[silent]\n|\n|-heal|p1a: Ting-Lu|202/370 brn|[from] item: Leftovers\n|-damage|p1a: Ting-Lu|179/370 brn|[from] brn\n|upkeep\n|turn|15\n|inactive|Time left: 300 sec this turn | 300 sec total\n|\n|t:|1783542041\n|move|p2a: Arceus|Recover|p2a: Arceus\n|-heal|p2a: Arceus|100/100\n|move|p1a: Ting-Lu|Earthquake|p2a: Arceus\n|-damage|p2a: Arceus|84/100\n|\n|-heal|p1a: Ting-Lu|202/370 brn|[from] item: Leftovers\n|-damage|p1a: Ting-Lu|179/370 brn|[from] brn\n|-end|p2a: Arceus|Throat Chop|[silent]\n|upkeep\n|turn|16\n|inactive|Time left: 300 sec this turn | 300 sec total\n|\n|t:|1783542042\n|move|p2a: Arceus|Focus Blast|p1a: Ting-Lu\n|-supereffective|p1a: Ting-Lu\n|-damage|p1a: Ting-Lu|57/370 brn\n|move|p1a: Ting-Lu|Earthquake|p2a: Arceus\n|-damage|p2a: Arceus|67/100\n|\n|-heal|p1a: Ting-Lu|80/370 brn|[from] item: Leftovers\n|-damage|p1a: Ting-Lu|57/370 brn|[from] brn\n|upkeep\n|turn|17\n|inactive|Time left: 300 sec this turn | 300 sec total\n|\n|t:|1783542043\n|move|p2a: Arceus|Focus Blast|p1a: Ting-Lu|[miss]\n|-miss|p2a: Arceus|p1a: Ting-Lu\n|move|p1a: Ting-Lu|Throat Chop|p2a: Arceus\n|-supereffective|p2a: Arceus\n|-damage|p2a: Arceus|39/100\n|-start|p2a: Arceus|Throat Chop|[silent]\n|\n|-heal|p1a: Ting-Lu|80/370 brn|[from] item: Leftovers\n|-damage|p1a: Ting-Lu|57/370 brn|[from] brn\n|upkeep\n|turn|18\n|inactive|Time left: 300 sec this turn | 300 sec total\n|\n|t:|1783542044\n|move|p2a: Arceus|Recover|p2a: Arceus\n|-heal|p2a: Arceus|89/100\n|move|p1a: Ting-Lu|Throat Chop|p2a: Arceus\n|-supereffective|p2a: Arceus\n|-damage|p2a: Arceus|62/100\n|\n|-heal|p1a: Ting-Lu|80/370 brn|[from] item: Leftovers\n|-damage|p1a: Ting-Lu|57/370 brn|[from] brn\n|-end|p2a: Arceus|Throat Chop|[silent]\n|upkeep\n|turn|19\n|inactive|Time left: 300 sec this turn | 300 sec total\n|\n|t:|1783542045\n|move|p2a: Arceus|Recover|p2a: Arceus\n|-heal|p2a: Arceus|100/100\n|move|p1a: Ting-Lu|Throat Chop|p2a: Arceus\n|-supereffective|p2a: Arceus\n|-damage|p2a: Arceus|73/100\n|-start|p2a: Arceus|Throat Chop|[silent]\n|\n|-heal|p1a: Ting-Lu|80/370 brn|[from] item: Leftovers\n|-damage|p1a: Ting-Lu|57/370 brn|[from] brn\n|upkeep\n|turn|20\n|inactive|Time left: 300 sec this turn | 300 sec total\n|\n|t:|1783542046\n|move|p2a: Arceus|Judgment|p1a: Ting-Lu\n|-resisted|p1a: Ting-Lu\n|-damage|p1a: Ting-Lu|10/370 brn\n|move|p1a: Ting-Lu|Earthquake|p2a: Arceus\n|-damage|p2a: Arceus|56/100\n|\n|-heal|p1a: Ting-Lu|33/370 brn|[from] item: Leftovers\n|-damage|p1a: Ting-Lu|10/370 brn|[from] brn\n|-end|p2a: Arceus|Throat Chop|[silent]\n|upkeep\n|turn|21\n|inactive|Time left: 300 sec this turn | 300 sec total\n|\n|t:|1783542048\n|switch|p1a: Gouging Fire|Gouging Fire, L74|277/277\n|move|p2a: Arceus|Recover|p2a: Arceus\n|-heal|p2a: Arceus|100/100\n|\n|upkeep\n|turn|22\n|inactive|Time left: 300 sec this turn | 300 sec total\n|\n|t:|1783542049\n|move|p2a: Arceus|Judgment|p1a: Gouging Fire\n|-damage|p1a: Gouging Fire|169/277\n|move|p1a: Gouging Fire|Dragon Dance|p1a: Gouging Fire\n|-boost|p1a: Gouging Fire|atk|1\n|-boost|p1a: Gouging Fire|spe|1\n|\n|upkeep\n|turn|23\n|inactive|Time left: 300 sec this turn | 300 sec total\n|\n|t:|1783542050\n|move|p1a: Gouging Fire|Outrage|p2a: Arceus\n|-damage|p2a: Arceus|46/100\n|move|p2a: Arceus|Judgment|p1a: Gouging Fire\n|-damage|p1a: Gouging Fire|58/277\n|\n|upkeep\n|turn|24\n|inactive|Time left: 300 sec this turn | 300 sec total\n|\n|t:|1783542051\n|switch|p2a: Magearna|Magearna, L77|100/100\n|-damage|p2a: Magearna|94/100|[from] Stealth Rock\n|move|p1a: Gouging Fire|Outrage|p2a: Magearna|[from] lockedmove\n|-immune|p2a: Magearna\n|-start|p1a: Gouging Fire|confusion|[fatigue]\n|\n|upkeep\n|turn|25\n|inactive|Time left: 300 sec this turn | 300 sec total\n|\n|t:|1783542052\n|switch|p2a: Houndoom|Houndoom, L87, M|100/100\n|-activate|p1a: Gouging Fire|confusion\n|-damage|p1a: Gouging Fire|26/277|[from] confusion\n|\n|upkeep\n|turn|26\n|inactive|Time left: 300 sec this turn | 300 sec total\n|\n|t:|1783542053\n|-activate|p1a: Gouging Fire|confusion\n|move|p1a: Gouging Fire|Earthquake|p2a: Houndoom\n|-supereffective|p2a: Houndoom\n|-damage|p2a: Houndoom|3/100\n|move|p2a: Houndoom|Dark Pulse|p1a: Gouging Fire\n|-damage|p1a: Gouging Fire|0 fnt\n|faint|p1a: Gouging Fire\n|-end|p1a: Gouging Fire|Protosynthesis|[silent]\n|\n|upkeep\n|inactive|Time left: 300 sec this turn | 300 sec total | 5 sec grace\n|\n|t:|1783542055\n|switch|p1a: Iron Thorns|Iron Thorns, L83|302/302\n|turn|27\n|inactive|Time left: 300 sec this turn | 300 sec total\n|\n|t:|1783542056\n|move|p2a: Houndoom|Dark Pulse|p1a: Iron Thorns\n|-damage|p1a: Iron Thorns|235/302\n|move|p1a: Iron Thorns|Wild Charge|p2a: Houndoom\n|-damage|p2a: Houndoom|0 fnt\n|faint|p2a: Houndoom\n|-damage|p1a: Iron Thorns|233/302|[from] Recoil\n|\n|upkeep\n|\n|t:|1783542057\n|switch|p2a: Arceus|Arceus-Ghost, L69|46/100\n|-damage|p2a: Arceus|33/100|[from] Stealth Rock\n|turn|28\n|inactive|Time left: 300 sec this turn | 300 sec total\n|\n|t:|1783542058\n|move|p2a: Arceus|Will-O-Wisp|p1a: Iron Thorns\n|-status|p1a: Iron Thorns|brn\n|move|p1a: Iron Thorns|Stone Edge|p2a: Arceus\n|-damage|p2a: Arceus|9/100\n|\n|-damage|p1a: Iron Thorns|215/302 brn|[from] brn\n|upkeep\n|turn|29\n|inactive|Time left: 300 sec this turn | 300 sec total\n|\n|t:|1783542059\n|move|p2a: Arceus|Recover|p2a: Arceus\n|-heal|p2a: Arceus|59/100\n|move|p1a: Iron Thorns|Wild Charge|p2a: Arceus\n|-damage|p2a: Arceus|38/100\n|-damage|p1a: Iron Thorns|201/302 brn|[from] Recoil\n|\n|-damage|p1a: Iron Thorns|183/302 brn|[from] brn\n|upkeep\n|turn|30\n|inactive|Time left: 300 sec this turn | 300 sec total\n|\n|t:|1783542060\n|move|p2a: Arceus|Judgment|p1a: Iron Thorns\n|-damage|p1a: Iron Thorns|111/302 brn\n|move|p1a: Iron Thorns|Volt Switch|p2a: Arceus\n|-damage|p2a: Arceus|19/100\n|inactive|Time left: 300 sec this turn | 300 sec total | 5 sec grace\n|\n|t:|1783542061\n|-end|p1a: Iron Thorns|Quark Drive|[silent]\n|switch|p1a: Hawlucha|Hawlucha, L80, M|256/256|[from] Volt Switch\n|\n|upkeep\n|turn|31\n|inactive|Time left: 300 sec this turn | 300 sec total\n|\n|t:|1783542062\n|move|p1a: Hawlucha|Brave Bird|p2a: Arceus\n|-damage|p2a: Arceus|0 fnt\n|faint|p2a: Arceus\n|-damage|p1a: Hawlucha|239/256|[from] Recoil\n|\n|upkeep\n|\n|t:|1783542063\n|switch|p2a: Cinccino|Cinccino, L83, F|100/100\n|-damage|p2a: Cinccino|88/100|[from] Stealth Rock\n|turn|32\n|inactive|Time left: 300 sec this turn | 300 sec total\n|\n|t:|1783542064\n|switch|p1a: Skeledirge|Skeledirge, L79, F|294/294\n|move|p2a: Cinccino|Triple Axel|p1a: Skeledirge\n|-resisted|p1a: Skeledirge\n|-damage|p1a: Skeledirge|283/294\n|-resisted|p1a: Skeledirge\n|-damage|p1a: Skeledirge|263/294\n|-resisted|p1a: Skeledirge\n|-damage|p1a: Skeledirge|232/294\n|-hitcount|p1a: Skeledirge|3\n|\n|upkeep\n|turn|33\n|inactive|Time left: 300 sec this turn | 300 sec total\n|\n|t:|1783542065\n|move|p2a: Cinccino|Bullet Seed|p1a: Skeledirge\n|-resisted|p1a: Skeledirge\n|-damage|p1a: Skeledirge|220/294\n|-resisted|p1a: Skeledirge\n|-damage|p1a: Skeledirge|209/294\n|-resisted|p1a: Skeledirge\n|-damage|p1a: Skeledirge|196/294\n|-resisted|p1a: Skeledirge\n|-damage|p1a: Skeledirge|185/294\n|-resisted|p1a: Skeledirge\n|-damage|p1a: Skeledirge|172/294\n|-hitcount|p1a: Skeledirge|5\n|move|p1a: Skeledirge|Torch Song|p2a: Cinccino\n|-damage|p2a: Cinccino|44/100\n|-boost|p1a: Skeledirge|spa|1\n|\n|upkeep\n|turn|34\n|inactive|Time left: 300 sec this turn | 300 sec total\n|\n|t:|1783542066\n|move|p2a: Cinccino|Triple Axel|p1a: Skeledirge\n|-resisted|p1a: Skeledirge\n|-crit|p1a: Skeledirge\n|-damage|p1a: Skeledirge|156/294\n|-resisted|p1a: Skeledirge\n|-damage|p1a: Skeledirge|138/294\n|-resisted|p1a: Skeledirge\n|-damage|p1a: Skeledirge|108/294\n|-hitcount|p1a: Skeledirge|3\n|move|p1a: Skeledirge|Torch Song|p2a: Cinccino\n|-damage|p2a: Cinccino|0 fnt\n|-boost|p1a: Skeledirge|spa|1\n|faint|p2a: Cinccino\n|\n|upkeep\n|\n|t:|1783542067\n|switch|p2a: Cloyster|Cloyster, L80, F|62/100\n|-damage|p2a: Cloyster|37/100|[from] Stealth Rock\n|turn|35\n|inactive|Time left: 300 sec this turn | 300 sec total\n|\n|t:|1783542068\n|-terastallize|p2a: Cloyster|Rock\n|move|p2a: Cloyster|Rock Blast|p1a: Skeledirge\n|-supereffective|p1a: Skeledirge\n|-damage|p1a: Skeledirge|64/294\n|-supereffective|p1a: Skeledirge\n|-damage|p1a: Skeledirge|14/294\n|-supereffective|p1a: Skeledirge\n|-crit|p1a: Skeledirge\n|-damage|p1a: Skeledirge|0 fnt\n|faint|p1a: Skeledirge\n|-hitcount|p1: Skeledirge|3\n|\n|upkeep\n|inactive|Time left: 300 sec this turn | 300 sec total | 5 sec grace\n|\n|t:|1783542069\n|switch|p1a: Iron Thorns|Iron Thorns, L83|111/302 brn\n|turn|36\n|inactive|Time left: 300 sec this turn | 300 sec total\n|\n|t:|1783542070\n|move|p1a: Iron Thorns|Volt Switch|p2a: Cloyster\n|-damage|p2a: Cloyster|0 fnt\n|faint|p2a: Cloyster\n|inactive|Time left: 300 sec this turn | 300 sec total | 5 sec grace\n|\n|t:|1783542071\n|-end|p1a: Iron Thorns|Quark Drive|[silent]\n|switch|p1a: Hawlucha|Hawlucha, L80, M|239/256|[from] Volt Switch\n|\n|upkeep\n|\n|t:|1783542072\n|switch|p2a: Magearna|Magearna, L77|94/100\n|-damage|p2a: Magearna|88/100|[from] Stealth Rock\n|turn|37\n|inactive|Time left: 300 sec this turn | 300 sec total\n|\n|t:|1783542073\n|-terastallize|p1a: Hawlucha|Flying\n|move|p1a: Hawlucha|Swords Dance|p1a: Hawlucha\n|-boost|p1a: Hawlucha|atk|2\n|move|p2a: Magearna|Fleur Cannon|p1a: Hawlucha\n|-crit|p1a: Hawlucha\n|-damage|p1a: Hawlucha|0 fnt\n|-unboost|p2a: Magearna|spa|2\n|faint|p1a: Hawlucha\n|-ability|p2a: Magearna|Soul-Heart|boost\n|-boost|p2a: Magearna|spa|1\n|\n|upkeep\n|inactive|Time left: 300 sec this turn | 300 sec total | 5 sec grace\n|\n|t:|1783542074\n|switch|p1a: Iron Thorns|Iron Thorns, L83|111/302 brn\n|turn|38\n|inactive|Time left: 300 sec this turn | 300 sec total\n|\n|t:|1783542075\n|move|p2a: Magearna|Fleur Cannon|p1a: Iron Thorns\n|-damage|p1a: Iron Thorns|39/302 brn\n|-unboost|p2a: Magearna|spa|2\n|move|p1a: Iron Thorns|Stone Edge|p2a: Magearna\n|-resisted|p2a: Magearna\n|-damage|p2a: Magearna|78/100\n|\n|-damage|p1a: Iron Thorns|21/302 brn|[from] brn\n|upkeep\n|turn|39\n|inactive|Time left: 300 sec this turn | 300 sec total\n|\n|t:|1783542076\n|move|p2a: Magearna|Fleur Cannon|p1a: Iron Thorns\n|-damage|p1a: Iron Thorns|0 fnt\n|-unboost|p2a: Magearna|spa|2\n|faint|p1a: Iron Thorns\n|-ability|p2a: Magearna|Soul-Heart|boost\n|-boost|p2a: Magearna|spa|1\n|-end|p1a: Iron Thorns|Quark Drive|[silent]\n|\n|upkeep\n|inactive|Time left: 300 sec this turn | 300 sec total | 5 sec grace\n|\n|t:|1783542077\n|switch|p1a: Ting-Lu|Ting-Lu, L78|10/370 brn\n|-ability|p1a: Ting-Lu|Vessel of Ruin\n|turn|40\n|inactive|Time left: 300 sec this turn | 300 sec total\n|\n|t:|1783542078\n|move|p2a: Magearna|Fleur Cannon|p1a: Ting-Lu\n|-supereffective|p1a: Ting-Lu\n|-damage|p1a: Ting-Lu|0 fnt\n|-unboost|p2a: Magearna|spa|2\n|faint|p1a: Ting-Lu\n|\n|win|p0y2133c08", "uploadtime": 1783542078, "views": 0, "rating": 0, "private": 0, "password": null, "_winner": "p0y2133c08", "_our_name": "p0x21381de"}