{"id": "battle-gen9randombattle-586", "formatid": "gen9randombattle", "format": "[Gen 9] Random Battle", "players": ["p0x5860bfb", "p0y5863cb5"], "log": "|init|battle\n|title|p0x5860bfb vs. p0y5863cb5\n|j|\u2606p0x5860bfb\n|j|\u2606p0y5863cb5\n|t:|1783545866\n|gametype|singles\n|player|p1|p0x5860bfb|102|\n|player|p2|p0y5863cb5|101|\n|gen|9\n|tier|[Gen 9] Random Battle\n|rule|Species Clause: Limit one of each Pok\u00e9mon\n|rule|HP Percentage Mod: HP is shown in percentages\n|rule|Sleep Clause Mod: Limit one foe put to sleep\n|rule|Illusion Level Mod: Illusion disguises the Pok\u00e9mon's true level\n|\n|t:|1783545866\n|teamsize|p1|6\n|teamsize|p2|6\n|start\n|switch|p1a: Duraludon|Duraludon, L82, M|100/100\n|switch|p2a: Flamigo|Flamigo, L82, M|269/269\n|turn|1\n|inactive|Battle timer is ON: inactive players will automatically lose when time's up. (requested by p0x5860bfb)\n|inactive|Time left: 300 sec this turn | 300 sec total | 60 sec grace\n|inactive|p0y5863cb5 also wants the timer to be on.\n|\n|t:|1783545868\n|move|p2a: Flamigo|Swords Dance|p2a: Flamigo\n|-boost|p2a: Flamigo|atk|2\n|move|p1a: Duraludon|Flash Cannon|p2a: Flamigo\n|-damage|p2a: Flamigo|136/269\n|\n|upkeep\n|turn|2\n|inactive|Time left: 300 sec this turn | 300 sec total\n|\n|t:|1783545869\n|move|p2a: Flamigo|Close Combat|p1a: Duraludon\n|-supereffective|p1a: Duraludon\n|-damage|p1a: Duraludon|0 fnt\n|-unboost|p2a: Flamigo|def|1\n|-unboost|p2a: Flamigo|spd|1\n|faint|p1a: Duraludon\n|-damage|p2a: Flamigo|110/269|[from] item: Life Orb\n|\n|upkeep\n|\n|t:|1783545870\n|switch|p1a: Ribombee|Ribombee, L83, M|100/100\n|turn|3\n|inactive|Time left: 300 sec this turn | 300 sec total\n|\n|t:|1783545871\n|move|p1a: Ribombee|Moonblast|p2a: Flamigo\n|-supereffective|p2a: Flamigo\n|-damage|p2a: Flamigo|0 fnt\n|faint|p2a: Flamigo\n|\n|upkeep\n|inactive|Time left: 300 sec this turn | 300 sec total | 5 sec grace\n|\n|t:|1783545872\n|switch|p2a: Golem|Golem, L87, F|281/281\n|turn|4\n|inactive|Time left: 300 sec this turn | 300 sec total\n|\n|t:|1783545873\n|switch|p1a: Shaymin|Shaymin, L82|100/100\n|move|p2a: Golem|Stone Edge|p1a: Shaymin\n|-damage|p1a: Shaymin|55/100\n|\n|-heal|p1a: Shaymin|61/100|[from] item: Leftovers\n|upkeep\n|turn|5\n|inactive|Time left: 300 sec this turn | 300 sec total\n|\n|t:|1783545874\n|move|p1a: Shaymin|Seed Flare|p2a: Golem\n|-supereffective|p2a: Golem\n|-ability|p2a: Golem|Sturdy\n|-damage|p2a: Golem|1/281\n|-enditem|p2a: Golem|Weakness Policy\n|-boost|p2a: Golem|atk|2|[from] item: Weakness Policy\n|-boost|p2a: Golem|spa|2|[from] item: Weakness Policy\n|move|p2a: Golem|Stone Edge|p1a: Shaymin\n|-damage|p1a: Shaymin|0 fnt\n|faint|p1a: Shaymin\n|\n|upkeep\n|\n|t:|1783545875\n|switch|p1a: Ribombee|Ribombee, L83, M|100/100\n|turn|6\n|inactive|Time left: 300 sec this turn | 300 sec total\n|\n|t:|1783545876\n|move|p1a: Ribombee|Bug Buzz|p2a: Golem\n|-damage|p2a: Golem|0 fnt\n|faint|p2a: Golem\n|\n|upkeep\n|inactive|Time left: 300 sec this turn | 300 sec total | 5 sec grace\n|\n|t:|1783545876\n|switch|p2a: Arbok|Arbok, L87, F|246/246\n|-ability|p2a: Arbok|Intimidate|boost\n|-unboost|p1a: Ribombee|atk|1\n|turn|7\n|inactive|Time left: 300 sec this turn | 300 sec total\n|\n|t:|1783545878\n|move|p1a: Ribombee|Quiver Dance|p1a: Ribombee\n|-boost|p1a: Ribombee|spa|1\n|-boost|p1a: Ribombee|spd|1\n|-boost|p1a: Ribombee|spe|1\n|move|p2a: Arbok|Gunk Shot|p1a: Ribombee\n|-supereffective|p1a: Ribombee\n|-damage|p1a: Ribombee|0 fnt\n|faint|p1a: Ribombee\n|\n|upkeep\n|\n|t:|1783545878\n|switch|p1a: Meloetta|Meloetta, L82|100/100\n|turn|8\n|inactive|Time left: 300 sec this turn | 300 sec total\n|\n|t:|1783545879\n|move|p1a: Meloetta|Calm Mind|p1a: Meloetta\n|-boost|p1a: Meloetta|spa|1\n|-boost|p1a: Meloetta|spd|1\n|move|p2a: Arbok|Gunk Shot|p1a: Meloetta\n|-damage|p1a: Meloetta|49/100\n|\n|-heal|p1a: Meloetta|55/100|[from] item: Leftovers\n|upkeep\n|turn|9\n|inactive|Time left: 300 sec this turn | 300 sec total\n|\n|t:|1783545880\n|-terastallize|p2a: Arbok|Ground\n|move|p1a: Meloetta|Psyshock|p2a: Arbok\n|-damage|p2a: Arbok|59/246\n|move|p2a: Arbok|Gunk Shot|p1a: Meloetta\n|-damage|p1a: Meloetta|6/100\n|\n|-heal|p1a: Meloetta|12/100|[from] item: Leftovers\n|-heal|p2a: Arbok|74/246|[from] item: Leftovers\n|upkeep\n|turn|10\n|inactive|Time left: 300 sec this turn | 300 sec total\n|\n|t:|1783545881\n|move|p2a: Arbok|Sucker Punch|p1a: Meloetta\n|-supereffective|p1a: Meloetta\n|-damage|p1a: Meloetta|0 fnt\n|faint|p1a: Meloetta\n|\n|-heal|p2a: Arbok|89/246|[from] item: Leftovers\n|upkeep\n|\n|t:|1783545882\n|switch|p1a: Trevenant|Trevenant, L89, F|100/100\n|turn|11\n|inactive|Time left: 300 sec this turn | 300 sec total\n|\n|t:|1783545884\n|move|p2a: Arbok|Gunk Shot|p1a: Trevenant\n|-crit|p1a: Trevenant\n|-damage|p1a: Trevenant|25/100\n|-enditem|p1a: Trevenant|Sitrus Berry|[eat]\n|-heal|p1a: Trevenant|50/100|[from] item: Sitrus Berry\n|move|p1a: Trevenant|Poltergeist|p2a: Arbok\n|-activate|p2a: Arbok|move: Poltergeist|Leftovers\n|-damage|p2a: Arbok|0 fnt\n|faint|p2a: Arbok\n|\n|-item|p1a: Trevenant|Sitrus Berry|[from] ability: Harvest\n|upkeep\n|-enditem|p1a: Trevenant|Sitrus Berry|[eat]\n|-heal|p1a: Trevenant|75/100|[from] item: Sitrus Berry\n|inactive|Time left: 300 sec this turn | 300 sec total | 5 sec grace\n|\n|t:|1783545885\n|switch|p2a: Galvantula|Galvantula, L82, M|249/249\n|turn|12\n|inactive|Time left: 300 sec this turn | 300 sec total\n|\n|t:|1783545886\n|move|p2a: Galvantula|Sticky Web|p1a: Trevenant\n|-sidestart|p1: p0x5860bfb|move: Sticky Web\n|move|p1a: Trevenant|Poltergeist|p2a: Galvantula\n|-activate|p2a: Galvantula|move: Poltergeist|Heavy-Duty Boots\n|-damage|p2a: Galvantula|71/249\n|\n|-item|p1a: Trevenant|Sitrus Berry|[from] ability: Harvest\n|upkeep\n|turn|13\n|inactive|Time left: 300 sec this turn | 300 sec total\n|\n|t:|1783545887\n|move|p2a: Galvantula|Thunder|p1a: Trevenant\n|-resisted|p1a: Trevenant\n|-damage|p1a: Trevenant|57/100\n|move|p1a: Trevenant|Poltergeist|p2a: Galvantula\n|-activate|p2a: Galvantula|move: Poltergeist|Heavy-Duty Boots\n|-damage|p2a: Galvantula|0 fnt\n|faint|p2a: Galvantula\n|\n|upkeep\n|inactive|Time left: 300 sec this turn | 300 sec total | 5 sec grace\n|\n|t:|1783545888\n|switch|p2a: Blissey|Blissey, L85, F|572/572\n|turn|14\n|inactive|Time left: 300 sec this turn | 300 sec total\n|\n|t:|1783545889\n|switch|p2a: Annihilape|Annihilape, L76, M|292/292\n|move|p1a: Trevenant|Drain Punch|p2a: Annihilape\n|-immune|p2a: Annihilape\n|\n|upkeep\n|turn|15\n|inactive|Time left: 300 sec this turn | 300 sec total\n|\n|t:|1783545890\n|switch|p2a: Blissey|Blissey, L85, F|572/572\n|move|p1a: Trevenant|Poltergeist|p2a: Blissey\n|-immune|p2a: Blissey\n|\n|upkeep\n|turn|16\n|inactive|Time left: 300 sec this turn | 300 sec total\n|\n|t:|1783545891\n|move|p1a: Trevenant|Drain Punch|p2a: Blissey\n|-supereffective|p2a: Blissey\n|-damage|p2a: Blissey|188/572\n|-heal|p1a: Trevenant|100/100|[from] drain|[of] p2a: Blissey\n|move|p2a: Blissey|Thunder Wave|p1a: Trevenant\n|-status|p1a: Trevenant|par\n|\n|-heal|p2a: Blissey|223/572|[from] item: Leftovers\n|upkeep\n|turn|17\n|inactive|Time left: 300 sec this turn | 300 sec total\n|\n|t:|1783545892\n|move|p2a: Blissey|Soft-Boiled|p2a: Blissey\n|-heal|p2a: Blissey|509/572\n|cant|p1a: Trevenant|par\n|\n|-heal|p2a: Blissey|544/572|[from] item: Leftovers\n|upkeep\n|turn|18\n|inactive|Time left: 300 sec this turn | 300 sec total\n|\n|t:|1783545893\n|move|p2a: Blissey|Stealth Rock|p1a: Trevenant\n|-sidestart|p1: p0x5860bfb|move: Stealth Rock\n|move|p1a: Trevenant|Drain Punch|p2a: Blissey\n|-supereffective|p2a: Blissey\n|-damage|p2a: Blissey|164/572\n|\n|-heal|p2a: Blissey|199/572|[from] item: Leftovers\n|upkeep\n|turn|19\n|inactive|Time left: 300 sec this turn | 300 sec total\n|\n|t:|1783545894\n|move|p2a: Blissey|Soft-Boiled|p2a: Blissey\n|-heal|p2a: Blissey|485/572\n|move|p1a: Trevenant|Drain Punch|p2a: Blissey\n|-supereffective|p2a: Blissey\n|-damage|p2a: Blissey|67/572\n|\n|-heal|p2a: Blissey|102/572|[from] item: Leftovers\n|upkeep\n|turn|20\n|inactive|Time left: 300 sec this turn | 300 sec total\n|\n|t:|1783545895\n|move|p2a: Blissey|Soft-Boiled|p2a: Blissey\n|-heal|p2a: Blissey|388/572\n|move|p1a: Trevenant|Drain Punch|p2a: Blissey\n|-supereffective|p2a: Blissey\n|-damage|p2a: Blissey|0 fnt\n|faint|p2a: Blissey\n|\n|upkeep\n|inactive|Time left: 300 sec this turn | 300 sec total | 5 sec grace\n|\n|t:|1783545897\n|switch|p2a: Annihilape|Annihilape, L76, M|292/292\n|turn|21\n|inactive|Time left: 300 sec this turn | 300 sec total\n|\n|t:|1783545897\n|move|p2a: Annihilape|Bulk Up|p2a: Annihilape\n|-boost|p2a: Annihilape|atk|1\n|-boost|p2a: Annihilape|def|1\n|move|p1a: Trevenant|Poltergeist|p2a: Annihilape|[miss]\n|-miss|p1a: Trevenant|p2a: Annihilape\n|\n|upkeep\n|turn|22\n|inactive|Time left: 300 sec this turn | 300 sec total\n|\n|t:|1783545898\n|move|p2a: Annihilape|Bulk Up|p2a: Annihilape\n|-boost|p2a: Annihilape|atk|1\n|-boost|p2a: Annihilape|def|1\n|move|p1a: Trevenant|Poltergeist|p2a: Annihilape\n|-activate|p2a: Annihilape|move: Poltergeist|Leftovers\n|-supereffective|p2a: Annihilape\n|-damage|p2a: Annihilape|116/292\n|\n|-heal|p2a: Annihilape|134/292|[from] item: Leftovers\n|upkeep\n|turn|23\n|inactive|Time left: 300 sec this turn | 300 sec total\n|\n|t:|1783545899\n|move|p2a: Annihilape|Bulk Up|p2a: Annihilape\n|-boost|p2a: Annihilape|atk|1\n|-boost|p2a: Annihilape|def|1\n|cant|p1a: Trevenant|par\n|\n|-heal|p2a: Annihilape|152/292|[from] item: Leftovers\n|upkeep\n|turn|24\n|inactive|Time left: 300 sec this turn | 300 sec total\n|\n|t:|1783545900\n|move|p2a: Annihilape|Bulk Up|p2a: Annihilape\n|-boost|p2a: Annihilape|atk|1\n|-boost|p2a: Annihilape|def|1\n|move|p1a: Trevenant|Poltergeist|p2a: Annihilape\n|-activate|p2a: Annihilape|move: Poltergeist|Leftovers\n|-supereffective|p2a: Annihilape\n|-damage|p2a: Annihilape|36/292\n|\n|-heal|p2a: Annihilape|54/292|[from] item: Leftovers\n|upkeep\n|turn|25\n|inactive|Time left: 300 sec this turn | 300 sec total\n|\n|t:|1783545901\n|switch|p1a: Comfey|Comfey, L85, M|100/100\n|-activate|p1a: Comfey|move: Sticky Web\n|-unboost|p1a: Comfey|spe|1\n|-damage|p1a: Comfey|88/100|[from] Stealth Rock\n|move|p2a: Annihilape|Drain Punch|p1a: Comfey\n|-resisted|p1a: Comfey\n|-damage|p1a: Comfey|41/100\n|-heal|p2a: Annihilape|107/292|[from] drain|[of] p1a: Comfey\n|\n|-heal|p2a: Annihilape|125/292|[from] item: Leftovers\n|-heal|p1a: Comfey|47/100|[from] item: Leftovers\n|upkeep\n|turn|26\n|inactive|Time left: 300 sec this turn | 300 sec total\n|\n|t:|1783545902\n|-terastallize|p1a: Comfey|Fairy\n|move|p1a: Comfey|Draining Kiss|p2a: Annihilape\n|-supereffective|p2a: Annihilape\n|-damage|p2a: Annihilape|0 fnt\n|-heal|p1a: Comfey|89/100|[from] drain|[of] p2a: Annihilape\n|faint|p2a: Annihilape\n|\n|win|p0x5860bfb", "uploadtime": 1783545902, "views": 0, "rating": 0, "private": 0, "password": null, "_winner": "p0x5860bfb", "_our_name": "p0y5863cb5"}