{"id": "battle-gen9randombattle-1915", "formatid": "gen9randombattle", "format": "[Gen 9] Random Battle", "players": ["p0x1915d43d", "p0y19152b28"], "log": "|init|battle\n|title|p0x1915d43d vs. p0y19152b28\n|j|\u2606p0x1915d43d\n|j|\u2606p0y19152b28\n|t:|1783561420\n|gametype|singles\n|player|p1|p0x1915d43d|101|\n|player|p2|p0y19152b28|170|\n|gen|9\n|tier|[Gen 9] Random Battle\n|rule|Species Clause: Limit one of each Pok\u00e9mon\n|rule|HP Percentage Mod: HP is shown in percentages\n|rule|Sleep Clause Mod: Limit one foe put to sleep\n|rule|Illusion Level Mod: Illusion disguises the Pok\u00e9mon's true level\n|\n|t:|1783561420\n|teamsize|p1|6\n|teamsize|p2|6\n|start\n|switch|p1a: Victreebel|Victreebel, L90, M|100/100\n|switch|p2a: Conkeldurr|Conkeldurr, L80, F|299/299\n|turn|1\n|inactive|Battle timer is ON: inactive players will automatically lose when time's up. (requested by p0y19152b28)\n|\n|t:|1783561422\n|move|p1a: Victreebel|Sludge Wave|p2a: Conkeldurr\n|-damage|p2a: Conkeldurr|104/299\n|-damage|p1a: Victreebel|90/100|[from] item: Life Orb\n|move|p2a: Conkeldurr|Knock Off|p1a: Victreebel\n|-damage|p1a: Victreebel|58/100\n|-enditem|p1a: Victreebel|Life Orb|[from] move: Knock Off|[of] p2a: Conkeldurr\n|\n|-status|p2a: Conkeldurr|brn|[from] item: Flame Orb\n|upkeep\n|turn|2\n|inactive|Time left: 300 sec this turn | 300 sec total\n|inactive|p0x1915d43d also wants the timer to be on.\n|\n|t:|1783561423\n|switch|p2a: Iron Treads|Iron Treads, L77|265/265\n|move|p1a: Victreebel|Sludge Wave|p2a: Iron Treads\n|-immune|p2a: Iron Treads\n|\n|upkeep\n|turn|3\n|inactive|Time left: 300 sec this turn | 300 sec total\n|\n|t:|1783561424\n|move|p2a: Iron Treads|Stealth Rock|p1a: Victreebel\n|-sidestart|p1: p0x1915d43d|move: Stealth Rock\n|move|p1a: Victreebel|Power Whip|p2a: Iron Treads|[miss]\n|-miss|p1a: Victreebel|p2a: Iron Treads\n|\n|upkeep\n|turn|4\n|inactive|Time left: 300 sec this turn | 300 sec total\n|\n|t:|1783561425\n|move|p2a: Iron Treads|Earthquake|p1a: Victreebel\n|-damage|p1a: Victreebel|19/100\n|move|p1a: Victreebel|Power Whip|p2a: Iron Treads\n|-damage|p2a: Iron Treads|123/265\n|\n|-heal|p2a: Iron Treads|139/265|[from] item: Leftovers\n|upkeep\n|turn|5\n|inactive|Time left: 300 sec this turn | 300 sec total\n|\n|t:|1783561426\n|switch|p1a: Manaphy|Manaphy, L78|100/100\n|-damage|p1a: Manaphy|88/100|[from] Stealth Rock\n|move|p2a: Iron Treads|Earthquake|p1a: Manaphy\n|-damage|p1a: Manaphy|54/100\n|\n|-heal|p2a: Iron Treads|155/265|[from] item: Leftovers\n|-heal|p1a: Manaphy|60/100|[from] item: Leftovers\n|upkeep\n|turn|6\n|inactive|Time left: 300 sec this turn | 300 sec total\n|\n|t:|1783561427\n|-end|p2a: Iron Treads|Quark Drive|[silent]\n|switch|p2a: Moltres|Moltres-Galar, L79|271/271\n|move|p1a: Manaphy|Hydro Pump|p2a: Moltres\n|-damage|p2a: Moltres|192/271\n|\n|-heal|p1a: Manaphy|66/100|[from] item: Leftovers\n|upkeep\n|turn|7\n|inactive|Time left: 300 sec this turn | 300 sec total\n|\n|t:|1783561428\n|move|p1a: Manaphy|Tail Glow|p1a: Manaphy\n|-boost|p1a: Manaphy|spa|3\n|move|p2a: Moltres|Hurricane|p1a: Manaphy\n|-damage|p1a: Manaphy|30/100\n|\n|-heal|p1a: Manaphy|36/100|[from] item: Leftovers\n|upkeep\n|turn|8\n|inactive|Time left: 300 sec this turn | 300 sec total\n|\n|t:|1783561429\n|-terastallize|p2a: Moltres|Dark\n|move|p1a: Manaphy|Hydro Pump|p2a: Moltres\n|-damage|p2a: Moltres|0 fnt\n|faint|p2a: Moltres\n|\n|-heal|p1a: Manaphy|42/100|[from] item: Leftovers\n|upkeep\n|inactive|Time left: 300 sec this turn | 300 sec total | 5 sec grace\n|\n|t:|1783561430\n|switch|p2a: Charizard|Charizard, L85, M|271/271\n|turn|9\n|inactive|Time left: 300 sec this turn | 300 sec total\n|\n|t:|1783561431\n|move|p2a: Charizard|Hurricane|p1a: Manaphy\n|-damage|p1a: Manaphy|0 fnt\n|faint|p1a: Manaphy\n|\n|upkeep\n|\n|t:|1783561432\n|switch|p1a: Plusle|Plusle, L95, M|100/100\n|-damage|p1a: Plusle|88/100|[from] Stealth Rock\n|turn|10\n|inactive|Time left: 300 sec this turn | 300 sec total\n|\n|t:|1783561432\n|switch|p2a: Iron Treads|Iron Treads, L77|155/265\n|move|p1a: Plusle|Thunderbolt|p2a: Iron Treads\n|-immune|p2a: Iron Treads\n|\n|-heal|p2a: Iron Treads|171/265|[from] item: Leftovers\n|upkeep\n|turn|11\n|inactive|Time left: 300 sec this turn | 300 sec total\n|\n|t:|1783561433\n|-terastallize|p1a: Plusle|Grass\n|move|p1a: Plusle|Grass Knot|p2a: Iron Treads\n|-damage|p2a: Iron Treads|0 fnt\n|faint|p2a: Iron Treads\n|-end|p2a: Iron Treads|Quark Drive|[silent]\n|-damage|p1a: Plusle|78/100|[from] item: Life Orb\n|\n|upkeep\n|inactive|Time left: 300 sec this turn | 300 sec total | 5 sec grace\n|\n|t:|1783561434\n|switch|p2a: Reshiram|Reshiram, L76|277/277\n|-ability|p2a: Reshiram|Turboblaze\n|turn|12\n|inactive|Time left: 300 sec this turn | 300 sec total\n|\n|t:|1783561435\n|switch|p1a: Toxapex|Toxapex, L82, F|100/100\n|-damage|p1a: Toxapex|88/100|[from] Stealth Rock\n|move|p2a: Reshiram|Blue Flare|p1a: Toxapex\n|-resisted|p1a: Toxapex\n|-damage|p1a: Toxapex|62/100\n|\n|-heal|p1a: Toxapex|68/100|[from] item: Leftovers\n|upkeep\n|turn|13\n|inactive|Time left: 300 sec this turn | 300 sec total\n|\n|t:|1783561437\n|move|p2a: Reshiram|Earth Power|p1a: Toxapex\n|-supereffective|p1a: Toxapex\n|-damage|p1a: Toxapex|20/100\n|-unboost|p1a: Toxapex|spd|1\n|move|p1a: Toxapex|Recover|p1a: Toxapex\n|-heal|p1a: Toxapex|70/100\n|\n|-heal|p1a: Toxapex|76/100|[from] item: Leftovers\n|upkeep\n|turn|14\n|inactive|Time left: 300 sec this turn | 300 sec total\n|\n|t:|1783561438\n|switch|p1a: Chansey|Chansey, L85, F|100/100\n|-damage|p1a: Chansey|88/100|[from] Stealth Rock\n|move|p2a: Reshiram|Blue Flare|p1a: Chansey|[miss]\n|-miss|p2a: Reshiram|p1a: Chansey\n|\n|upkeep\n|turn|15\n|inactive|Time left: 300 sec this turn | 300 sec total\n|\n|t:|1783561439\n|switch|p2a: Slowbro|Slowbro, L85, F|300/300\n|move|p1a: Chansey|Seismic Toss|p2a: Slowbro\n|-damage|p2a: Slowbro|215/300\n|\n|-heal|p2a: Slowbro|233/300|[from] item: Leftovers\n|upkeep\n|turn|16\n|inactive|Time left: 300 sec this turn | 300 sec total\n|\n|t:|1783561440\n|switch|p1a: Plusle|Plusle, L95, M, tera:Grass|78/100\n|-damage|p1a: Plusle|66/100|[from] Stealth Rock\n|move|p2a: Slowbro|Body Press|p1a: Plusle\n|-damage|p1a: Plusle|33/100\n|\n|-heal|p2a: Slowbro|251/300|[from] item: Leftovers\n|upkeep\n|turn|17\n|inactive|Time left: 300 sec this turn | 300 sec total\n|\n|t:|1783561441\n|switch|p2a: Reshiram|Reshiram, L76|277/277\n|-ability|p2a: Reshiram|Turboblaze\n|move|p1a: Plusle|Thunderbolt|p2a: Reshiram\n|-resisted|p2a: Reshiram\n|-damage|p2a: Reshiram|213/277\n|-damage|p1a: Plusle|23/100|[from] item: Life Orb\n|\n|upkeep\n|turn|18\n|inactive|Time left: 300 sec this turn | 300 sec total\n|\n|t:|1783561442\n|move|p1a: Plusle|Thunderbolt|p2a: Reshiram\n|-resisted|p2a: Reshiram\n|-damage|p2a: Reshiram|147/277\n|-damage|p1a: Plusle|13/100|[from] item: Life Orb\n|move|p2a: Reshiram|Blue Flare|p1a: Plusle\n|-supereffective|p1a: Plusle\n|-damage|p1a: Plusle|0 fnt\n|faint|p1a: Plusle\n|\n|upkeep\n|\n|t:|1783561443\n|switch|p1a: Chansey|Chansey, L85, F|88/100\n|-damage|p1a: Chansey|76/100|[from] Stealth Rock\n|turn|19\n|inactive|Time left: 300 sec this turn | 300 sec total\n|\n|t:|1783561444\n|switch|p2a: Slowbro|Slowbro, L85, F|300/300\n|move|p1a: Chansey|Soft-Boiled|p1a: Chansey\n|-heal|p1a: Chansey|100/100\n|\n|upkeep\n|turn|20\n|inactive|Time left: 300 sec this turn | 300 sec total\n|\n|t:|1783561444\n|switch|p1a: Toxapex|Toxapex, L82, F|100/100\n|-damage|p1a: Toxapex|88/100|[from] Stealth Rock\n|move|p2a: Slowbro|Body Press|p1a: Toxapex\n|-resisted|p1a: Toxapex\n|-damage|p1a: Toxapex|78/100\n|\n|-heal|p1a: Toxapex|84/100|[from] item: Leftovers\n|upkeep\n|turn|21\n|inactive|Time left: 300 sec this turn | 300 sec total\n|\n|t:|1783561446\n|move|p1a: Toxapex|Toxic Spikes|p2a: Slowbro\n|-sidestart|p2: p0y19152b28|move: Toxic Spikes\n|move|p2a: Slowbro|Scald|p1a: Toxapex\n|-resisted|p1a: Toxapex\n|-damage|p1a: Toxapex|70/100\n|-status|p1a: Toxapex|brn\n|\n|-heal|p1a: Toxapex|76/100 brn|[from] item: Leftovers\n|-damage|p1a: Toxapex|70/100 brn|[from] brn\n|upkeep\n|turn|22\n|inactive|Time left: 300 sec this turn | 300 sec total\n|\n|t:|1783561447\n|move|p1a: Toxapex|Recover|p1a: Toxapex\n|-heal|p1a: Toxapex|100/100 brn\n|move|p2a: Slowbro|Scald|p1a: Toxapex\n|-resisted|p1a: Toxapex\n|-damage|p1a: Toxapex|85/100 brn\n|\n|-heal|p1a: Toxapex|91/100 brn|[from] item: Leftovers\n|-damage|p1a: Toxapex|85/100 brn|[from] brn\n|upkeep\n|turn|23\n|inactive|Time left: 300 sec this turn | 300 sec total\n|\n|t:|1783561448\n|move|p1a: Toxapex|Toxic Spikes|p2a: Slowbro\n|-sidestart|p2: p0y19152b28|move: Toxic Spikes\n|move|p2a: Slowbro|Iron Defense|p2a: Slowbro\n|-boost|p2a: Slowbro|def|2\n|\n|-heal|p1a: Toxapex|91/100 brn|[from] item: Leftovers\n|-damage|p1a: Toxapex|85/100 brn|[from] brn\n|upkeep\n|turn|24\n|inactive|Time left: 300 sec this turn | 300 sec total\n|\n|t:|1783561449\n|move|p1a: Toxapex|Haze|p1a: Toxapex\n|-clearallboost\n|move|p2a: Slowbro|Scald|p1a: Toxapex\n|-resisted|p1a: Toxapex\n|-damage|p1a: Toxapex|70/100 brn\n|\n|-heal|p1a: Toxapex|76/100 brn|[from] item: Leftovers\n|-damage|p1a: Toxapex|70/100 brn|[from] brn\n|upkeep\n|turn|25\n|inactive|Time left: 300 sec this turn | 300 sec total\n|\n|t:|1783561450\n|move|p1a: Toxapex|Recover|p1a: Toxapex\n|-heal|p1a: Toxapex|100/100 brn\n|move|p2a: Slowbro|Scald|p1a: Toxapex\n|-resisted|p1a: Toxapex\n|-damage|p1a: Toxapex|85/100 brn\n|\n|-heal|p1a: Toxapex|91/100 brn|[from] item: Leftovers\n|-damage|p1a: Toxapex|85/100 brn|[from] brn\n|upkeep\n|turn|26\n|inactive|Time left: 300 sec this turn | 300 sec total\n|\n|t:|1783561451\n|move|p1a: Toxapex|Liquidation|p2a: Slowbro\n|-resisted|p2a: Slowbro\n|-damage|p2a: Slowbro|288/300\n|move|p2a: Slowbro|Iron Defense|p2a: Slowbro\n|-boost|p2a: Slowbro|def|2\n|\n|-heal|p1a: Toxapex|91/100 brn|[from] item: Leftovers\n|-heal|p2a: Slowbro|300/300|[from] item: Leftovers\n|-damage|p1a: Toxapex|85/100 brn|[from] brn\n|upkeep\n|turn|27\n|inactive|Time left: 300 sec this turn | 300 sec total\n|\n|t:|1783561452\n|move|p1a: Toxapex|Haze|p1a: Toxapex\n|-clearallboost\n|move|p2a: Slowbro|Scald|p1a: Toxapex\n|-resisted|p1a: Toxapex\n|-damage|p1a: Toxapex|69/100 brn\n|\n|-heal|p1a: Toxapex|75/100 brn|[from] item: Leftovers\n|-damage|p1a: Toxapex|69/100 brn|[from] brn\n|upkeep\n|turn|28\n|inactive|Time left: 300 sec this turn | 300 sec total\n|\n|t:|1783561453\n|move|p1a: Toxapex|Recover|p1a: Toxapex\n|-heal|p1a: Toxapex|100/100 brn\n|move|p2a: Slowbro|Scald|p1a: Toxapex\n|-resisted|p1a: Toxapex\n|-damage|p1a: Toxapex|87/100 brn\n|\n|-heal|p1a: Toxapex|93/100 brn|[from] item: Leftovers\n|-damage|p1a: Toxapex|87/100 brn|[from] brn\n|upkeep\n|turn|29\n|inactive|Time left: 300 sec this turn | 300 sec total\n|\n|t:|1783561455\n|move|p1a: Toxapex|Liquidation|p2a: Slowbro\n|-resisted|p2a: Slowbro\n|-damage|p2a: Slowbro|287/300\n|move|p2a: Slowbro|Body Press|p1a: Toxapex\n|-resisted|p1a: Toxapex\n|-damage|p1a: Toxapex|77/100 brn\n|\n|-heal|p1a: Toxapex|83/100 brn|[from] item: Leftovers\n|-heal|p2a: Slowbro|300/300|[from] item: Leftovers\n|-damage|p1a: Toxapex|77/100 brn|[from] brn\n|upkeep\n|turn|30\n|inactive|Time left: 300 sec this turn | 300 sec total\n|\n|t:|1783561456\n|move|p1a: Toxapex|Liquidation|p2a: Slowbro\n|-resisted|p2a: Slowbro\n|-damage|p2a: Slowbro|287/300\n|-unboost|p2a: Slowbro|def|1\n|move|p2a: Slowbro|Iron Defense|p2a: Slowbro\n|-boost|p2a: Slowbro|def|2\n|\n|-heal|p1a: Toxapex|83/100 brn|[from] item: Leftovers\n|-heal|p2a: Slowbro|300/300|[from] item: Leftovers\n|-damage|p1a: Toxapex|77/100 brn|[from] brn\n|upkeep\n|turn|31\n|inactive|Time left: 300 sec this turn | 300 sec total\n|\n|t:|1783561457\n|move|p1a: Toxapex|Recover|p1a: Toxapex\n|-heal|p1a: Toxapex|100/100 brn\n|move|p2a: Slowbro|Scald|p1a: Toxapex\n|-resisted|p1a: Toxapex\n|-damage|p1a: Toxapex|87/100 brn\n|\n|-heal|p1a: Toxapex|93/100 brn|[from] item: Leftovers\n|-damage|p1a: Toxapex|87/100 brn|[from] brn\n|upkeep\n|turn|32\n|inactive|Time left: 300 sec this turn | 300 sec total\n|\n|t:|1783561458\n|move|p1a: Toxapex|Liquidation|p2a: Slowbro\n|-resisted|p2a: Slowbro\n|-damage|p2a: Slowbro|292/300\n|move|p2a: Slowbro|Scald|p1a: Toxapex\n|-resisted|p1a: Toxapex\n|-damage|p1a: Toxapex|71/100 brn\n|\n|-heal|p1a: Toxapex|77/100 brn|[from] item: Leftovers\n|-heal|p2a: Slowbro|300/300|[from] item: Leftovers\n|-damage|p1a: Toxapex|71/100 brn|[from] brn\n|upkeep\n|turn|33\n|inactive|Time left: 300 sec this turn | 300 sec total\n|\n|t:|1783561460\n|move|p1a: Toxapex|Recover|p1a: Toxapex\n|-heal|p1a: Toxapex|100/100 brn\n|move|p2a: Slowbro|Scald|p1a: Toxapex\n|-resisted|p1a: Toxapex\n|-damage|p1a: Toxapex|85/100 brn\n|\n|-heal|p1a: Toxapex|91/100 brn|[from] item: Leftovers\n|-damage|p1a: Toxapex|85/100 brn|[from] brn\n|upkeep\n|turn|34\n|inactive|Time left: 300 sec this turn | 300 sec total\n|\n|t:|1783561461\n|move|p1a: Toxapex|Recover|p1a: Toxapex\n|-heal|p1a: Toxapex|100/100 brn\n|move|p2a: Slowbro|Body Press|p1a: Toxapex\n|-resisted|p1a: Toxapex\n|-damage|p1a: Toxapex|85/100 brn\n|\n|-heal|p1a: Toxapex|91/100 brn|[from] item: Leftovers\n|-damage|p1a: Toxapex|85/100 brn|[from] brn\n|upkeep\n|turn|35\n|inactive|Time left: 300 sec this turn | 300 sec total\n|\n|t:|1783561462\n|move|p1a: Toxapex|Recover|p1a: Toxapex\n|-heal|p1a: Toxapex|100/100 brn\n|move|p2a: Slowbro|Iron Defense|p2a: Slowbro\n|-boost|p2a: Slowbro|def|2\n|\n|-damage|p1a: Toxapex|94/100 brn|[from] brn\n|upkeep\n|turn|36\n|inactive|Time left: 300 sec this turn | 300 sec total\n|\n|t:|1783561463\n|move|p1a: Toxapex|Haze|p1a: Toxapex\n|-clearallboost\n|move|p2a: Slowbro|Body Press|p1a: Toxapex\n|-resisted|p1a: Toxapex\n|-damage|p1a: Toxapex|85/100 brn\n|\n|-heal|p1a: Toxapex|91/100 brn|[from] item: Leftovers\n|-damage|p1a: Toxapex|85/100 brn|[from] brn\n|upkeep\n|turn|37\n|inactive|Time left: 300 sec this turn | 300 sec total\n|\n|t:|1783561464\n|switch|p1a: Arboliva|Arboliva, L91, F|100/100\n|-damage|p1a: Arboliva|88/100|[from] Stealth Rock\n|move|p2a: Slowbro|Scald|p1a: Arboliva\n|-resisted|p1a: Arboliva\n|-damage|p1a: Arboliva|75/100\n|-status|p1a: Arboliva|brn\n|\n|-damage|p1a: Arboliva|69/100 brn|[from] brn\n|upkeep\n|turn|38\n|inactive|Time left: 300 sec this turn | 300 sec total\n|\n|t:|1783561465\n|move|p1a: Arboliva|Leech Seed|p2a: Slowbro\n|-start|p2a: Slowbro|move: Leech Seed\n|move|p2a: Slowbro|Body Press|p1a: Arboliva\n|-supereffective|p1a: Arboliva\n|-damage|p1a: Arboliva|28/100 brn\n|-enditem|p1a: Arboliva|Sitrus Berry|[eat]\n|-heal|p1a: Arboliva|53/100 brn|[from] item: Sitrus Berry\n|\n|-damage|p2a: Slowbro|263/300|[from] Leech Seed|[of] p1a: Arboliva\n|-heal|p1a: Arboliva|65/100 brn|[silent]\n|-damage|p1a: Arboliva|59/100 brn|[from] brn\n|-item|p1a: Arboliva|Sitrus Berry|[from] ability: Harvest\n|upkeep\n|turn|39\n|inactive|Time left: 300 sec this turn | 300 sec total\n|\n|t:|1783561466\n|switch|p2a: Charizard|Charizard, L85, M|271/271\n|move|p1a: Arboliva|Hyper Voice|p2a: Charizard\n|-damage|p2a: Charizard|129/271\n|\n|-damage|p1a: Arboliva|53/100 brn|[from] brn\n|upkeep\n|turn|40\n|inactive|Time left: 300 sec this turn | 300 sec total\n|\n|t:|1783561467\n|move|p1a: Arboliva|Protect|p1a: Arboliva\n|-singleturn|p1a: Arboliva|Protect\n|move|p2a: Charizard|Flamethrower|p1a: Arboliva\n|-activate|p1a: Arboliva|move: Protect\n|\n|-damage|p1a: Arboliva|47/100 brn|[from] brn\n|upkeep\n|-enditem|p1a: Arboliva|Sitrus Berry|[eat]\n|-heal|p1a: Arboliva|72/100 brn|[from] item: Sitrus Berry\n|turn|41\n|inactive|Time left: 300 sec this turn | 300 sec total\n|\n|t:|1783561468\n|move|p2a: Charizard|Hurricane|p1a: Arboliva\n|-supereffective|p1a: Arboliva\n|-damage|p1a: Arboliva|0 fnt\n|faint|p1a: Arboliva\n|\n|upkeep\n|\n|t:|1783561469\n|switch|p1a: Chansey|Chansey, L85, F|100/100\n|-damage|p1a: Chansey|88/100|[from] Stealth Rock\n|turn|42\n|inactive|Time left: 300 sec this turn | 300 sec total\n|\n|t:|1783561469\n|move|p2a: Charizard|Hurricane|p1a: Chansey\n|-damage|p1a: Chansey|73/100\n|move|p1a: Chansey|Seismic Toss|p2a: Charizard\n|-damage|p2a: Charizard|44/271\n|\n|upkeep\n|turn|43\n|inactive|Time left: 300 sec this turn | 300 sec total\n|\n|t:|1783561470\n|move|p2a: Charizard|Flamethrower|p1a: Chansey\n|-damage|p1a: Chansey|57/100\n|-status|p1a: Chansey|brn\n|move|p1a: Chansey|Seismic Toss|p2a: Charizard\n|-damage|p2a: Charizard|0 fnt\n|faint|p2a: Charizard\n|\n|-damage|p1a: Chansey|50/100 brn|[from] brn\n|upkeep\n|inactive|Time left: 300 sec this turn | 300 sec total | 5 sec grace\n|\n|t:|1783561471\n|switch|p2a: Conkeldurr|Conkeldurr, L80, F|104/299 brn\n|turn|44\n|inactive|Time left: 300 sec this turn | 300 sec total\n|\n|t:|1783561472\n|-curestatus|p1a: Chansey|brn|[from] ability: Natural Cure|[silent]\n|switch|p1a: Toxapex|Toxapex, L82, F|100/100 brn\n|-damage|p1a: Toxapex|88/100 brn|[from] Stealth Rock\n|move|p2a: Conkeldurr|Mach Punch|p1a: Toxapex\n|-resisted|p1a: Toxapex\n|-damage|p1a: Toxapex|75/100 brn\n|\n|-heal|p1a: Toxapex|82/100 brn|[from] item: Leftovers\n|-damage|p2a: Conkeldurr|86/299 brn|[from] brn\n|-damage|p1a: Toxapex|75/100 brn|[from] brn\n|upkeep\n|turn|45\n|inactive|Time left: 300 sec this turn | 300 sec total\n|\n|t:|1783561473\n|move|p2a: Conkeldurr|Facade|p1a: Toxapex\n|-damage|p1a: Toxapex|15/100 brn\n|move|p1a: Toxapex|Liquidation|p2a: Conkeldurr\n|-crit|p2a: Conkeldurr\n|-damage|p2a: Conkeldurr|36/299 brn\n|-unboost|p2a: Conkeldurr|def|1\n|\n|-heal|p1a: Toxapex|21/100 brn|[from] item: Leftovers\n|-damage|p2a: Conkeldurr|18/299 brn|[from] brn\n|-damage|p1a: Toxapex|15/100 brn|[from] brn\n|upkeep\n|turn|46\n|inactive|Time left: 300 sec this turn | 300 sec total\n|\n|t:|1783561474\n|switch|p2a: Reshiram|Reshiram, L76|147/277\n|-ability|p2a: Reshiram|Turboblaze\n|move|p1a: Toxapex|Liquidation|p2a: Reshiram\n|-crit|p2a: Reshiram\n|-damage|p2a: Reshiram|98/277\n|-unboost|p2a: Reshiram|def|1\n|\n|-heal|p1a: Toxapex|21/100 brn|[from] item: Leftovers\n|-damage|p1a: Toxapex|15/100 brn|[from] brn\n|upkeep\n|turn|47\n|inactive|Time left: 300 sec this turn | 300 sec total\n|\n|t:|1783561475\n|switch|p1a: Victreebel|Victreebel, L90, M|19/100\n|-damage|p1a: Victreebel|7/100|[from] Stealth Rock\n|move|p2a: Reshiram|Blue Flare|p1a: Victreebel\n|-supereffective|p1a: Victreebel\n|-damage|p1a: Victreebel|0 fnt\n|faint|p1a: Victreebel\n|\n|upkeep\n|\n|t:|1783561476\n|switch|p1a: Chansey|Chansey, L85, F|50/100\n|-damage|p1a: Chansey|38/100|[from] Stealth Rock\n|turn|48\n|inactive|Time left: 300 sec this turn | 300 sec total\n|\n|t:|1783561477\n|switch|p2a: Slowbro|Slowbro, L85, F|300/300\n|-status|p2a: Slowbro|tox\n|move|p1a: Chansey|Soft-Boiled|p1a: Chansey\n|-heal|p1a: Chansey|88/100\n|\n|-damage|p2a: Slowbro|282/300 tox|[from] psn\n|upkeep\n|turn|49\n|inactive|Time left: 300 sec this turn | 300 sec total\n|\n|t:|1783561478\n|move|p1a: Chansey|Seismic Toss|p2a: Slowbro\n|-damage|p2a: Slowbro|197/300 tox\n|move|p2a: Slowbro|Body Press|p1a: Chansey\n|-supereffective|p1a: Chansey\n|-damage|p1a: Chansey|32/100\n|\n|-heal|p2a: Slowbro|215/300 tox|[from] item: Leftovers\n|-damage|p2a: Slowbro|179/300 tox|[from] psn\n|upkeep\n|turn|50\n|inactive|Time left: 300 sec this turn | 300 sec total\n|\n|t:|1783561479\n|move|p1a: Chansey|Soft-Boiled|p1a: Chansey\n|-heal|p1a: Chansey|82/100\n|move|p2a: Slowbro|Iron Defense|p2a: Slowbro\n|-boost|p2a: Slowbro|def|2\n|\n|-heal|p2a: Slowbro|197/300 tox|[from] item: Leftovers\n|-damage|p2a: Slowbro|143/300 tox|[from] psn\n|upkeep\n|turn|51\n|inactive|Time left: 300 sec this turn | 300 sec total\n|\n|t:|1783561480\n|switch|p1a: Toxapex|Toxapex, L82, F|49/100 brn\n|-damage|p1a: Toxapex|36/100 brn|[from] Stealth Rock\n|move|p2a: Slowbro|Body Press|p1a: Toxapex\n|-resisted|p1a: Toxapex\n|-damage|p1a: Toxapex|15/100 brn\n|\n|-heal|p1a: Toxapex|21/100 brn|[from] item: Leftovers\n|-heal|p2a: Slowbro|161/300 tox|[from] item: Leftovers\n|-damage|p2a: Slowbro|89/300 tox|[from] psn\n|-damage|p1a: Toxapex|15/100 brn|[from] brn\n|upkeep\n|turn|52\n|inactive|Time left: 300 sec this turn | 300 sec total\n|\n|t:|1783561482\n|move|p1a: Toxapex|Liquidation|p2a: Slowbro\n|-resisted|p2a: Slowbro\n|-damage|p2a: Slowbro|82/300 tox\n|move|p2a: Slowbro|Body Press|p1a: Toxapex\n|-resisted|p1a: Toxapex\n|-damage|p1a: Toxapex|0 fnt\n|faint|p1a: Toxapex\n|\n|-heal|p2a: Slowbro|100/300 tox|[from] item: Leftovers\n|-damage|p2a: Slowbro|10/300 tox|[from] psn\n|upkeep\n|\n|t:|1783561483\n|switch|p1a: Chansey|Chansey, L85, F|82/100\n|-damage|p1a: Chansey|70/100|[from] Stealth Rock\n|turn|53\n|inactive|Time left: 300 sec this turn | 300 sec total\n|\n|t:|1783561484\n|move|p1a: Chansey|Seismic Toss|p2a: Slowbro\n|-damage|p2a: Slowbro|0 fnt\n|faint|p2a: Slowbro\n|\n|upkeep\n|inactive|Time left: 300 sec this turn | 300 sec total | 5 sec grace\n|\n|t:|1783561485\n|switch|p2a: Conkeldurr|Conkeldurr, L80, F|18/299 brn\n|turn|54\n|inactive|Time left: 300 sec this turn | 300 sec total\n|\n|t:|1783561486\n|move|p2a: Conkeldurr|Mach Punch|p1a: Chansey\n|-supereffective|p1a: Chansey\n|-damage|p1a: Chansey|0 fnt\n|faint|p1a: Chansey\n|\n|win|p0y19152b28", "uploadtime": 1783561486, "views": 0, "rating": 0, "private": 0, "password": null, "_winner": "p0y19152b28", "_our_name": "p0y19152b28"}