{"id": "battle-gen9randombattle-1290", "formatid": "gen9randombattle", "format": "[Gen 9] Random Battle", "players": ["p0x129095a8", "p0y12905f46"], "log": "|init|battle\n|title|p0x129095a8 vs. p0y12905f46\n|j|\u2606p0x129095a8\n|j|\u2606p0y12905f46\n|t:|1783554092\n|gametype|singles\n|player|p1|p0x129095a8|1|\n|player|p2|p0y12905f46|101|\n|gen|9\n|tier|[Gen 9] Random Battle\n|rule|Species Clause: Limit one of each Pok\u00e9mon\n|rule|HP Percentage Mod: HP is shown in percentages\n|rule|Sleep Clause Mod: Limit one foe put to sleep\n|rule|Illusion Level Mod: Illusion disguises the Pok\u00e9mon's true level\n|\n|t:|1783554092\n|teamsize|p1|6\n|teamsize|p2|6\n|start\n|switch|p1a: Venomoth|Venomoth, L84, F|255/255\n|switch|p2a: Carbink|Carbink, L90|100/100\n|turn|1\n|inactive|Battle timer is ON: inactive players will automatically lose when time's up. (requested by p0y12905f46)\n|inactive|Time left: 300 sec this turn | 300 sec total | 60 sec grace\n|inactive|p0x129095a8 also wants the timer to be on.\n|\n|t:|1783554094\n|move|p1a: Venomoth|Quiver Dance|p1a: Venomoth\n|-boost|p1a: Venomoth|spa|1\n|-boost|p1a: Venomoth|spd|1\n|-boost|p1a: Venomoth|spe|1\n|move|p2a: Carbink|Iron Defense|p2a: Carbink\n|-boost|p2a: Carbink|def|2\n|\n|upkeep\n|turn|2\n|inactive|Time left: 300 sec this turn | 300 sec total\n|\n|t:|1783554096\n|move|p1a: Venomoth|Quiver Dance|p1a: Venomoth\n|-boost|p1a: Venomoth|spa|1\n|-boost|p1a: Venomoth|spd|1\n|-boost|p1a: Venomoth|spe|1\n|move|p2a: Carbink|Moonblast|p1a: Venomoth\n|-resisted|p1a: Venomoth\n|-damage|p1a: Venomoth|234/255\n|\n|upkeep\n|turn|3\n|inactive|Time left: 300 sec this turn | 300 sec total\n|\n|t:|1783554096\n|move|p1a: Venomoth|Bug Buzz|p2a: Carbink\n|-resisted|p2a: Carbink\n|-damage|p2a: Carbink|52/100\n|move|p2a: Carbink|Rest|p2a: Carbink\n|-status|p2a: Carbink|slp|[from] move: Rest\n|-heal|p2a: Carbink|100/100 slp|[silent]\n|-enditem|p2a: Carbink|Chesto Berry|[eat]\n|-curestatus|p2a: Carbink|slp|[msg]\n|\n|upkeep\n|turn|4\n|inactive|Time left: 300 sec this turn | 300 sec total\n|\n|t:|1783554098\n|move|p1a: Venomoth|Sludge Wave|p2a: Carbink\n|-damage|p2a: Carbink|47/100\n|move|p2a: Carbink|Moonblast|p1a: Venomoth\n|-resisted|p1a: Venomoth\n|-damage|p1a: Venomoth|214/255\n|\n|upkeep\n|turn|5\n|inactive|Time left: 300 sec this turn | 300 sec total\n|\n|t:|1783554099\n|move|p1a: Venomoth|Sludge Wave|p2a: Carbink\n|-damage|p2a: Carbink|0 fnt\n|faint|p2a: Carbink\n|\n|upkeep\n|\n|t:|1783554100\n|switch|p2a: Hatterene|Hatterene, L85, F|100/100\n|turn|6\n|inactive|Time left: 300 sec this turn | 300 sec total\n|\n|t:|1783554101\n|-terastallize|p2a: Hatterene|Steel\n|move|p1a: Venomoth|Sludge Wave|p2a: Hatterene\n|-immune|p2a: Hatterene\n|move|p2a: Hatterene|Psyshock|p1a: Venomoth\n|-supereffective|p1a: Venomoth\n|-damage|p1a: Venomoth|0 fnt\n|faint|p1a: Venomoth\n|\n|upkeep\n|inactive|Time left: 300 sec this turn | 300 sec total | 5 sec grace\n|\n|t:|1783554101\n|switch|p1a: Chandelure|Chandelure, L83, F|235/235\n|turn|7\n|inactive|Time left: 300 sec this turn | 300 sec total\n|\n|t:|1783554103\n|switch|p2a: Glimmora|Glimmora, L75, F|100/100\n|move|p1a: Chandelure|Fire Blast|p2a: Glimmora\n|-resisted|p2a: Glimmora\n|-damage|p2a: Glimmora|65/100\n|\n|upkeep\n|turn|8\n|inactive|Time left: 300 sec this turn | 300 sec total\n|\n|t:|1783554104\n|move|p1a: Chandelure|Shadow Ball|p2a: Glimmora\n|-damage|p2a: Glimmora|5/100\n|-unboost|p2a: Glimmora|spd|1\n|move|p2a: Glimmora|Meteor Beam||[still]\n|-prepare|p2a: Glimmora|Meteor Beam\n|-boost|p2a: Glimmora|spa|1\n|-enditem|p2a: Glimmora|Power Herb\n|-anim|p2a: Glimmora|Meteor Beam|p1a: Chandelure\n|-supereffective|p1a: Chandelure\n|-damage|p1a: Chandelure|0 fnt\n|faint|p1a: Chandelure\n|\n|upkeep\n|inactive|Time left: 300 sec this turn | 300 sec total | 5 sec grace\n|\n|t:|1783554105\n|switch|p1a: Iron Treads|Iron Treads, L77|265/265\n|turn|9\n|inactive|Time left: 300 sec this turn | 300 sec total\n|\n|t:|1783554106\n|switch|p2a: Vikavolt|Vikavolt, L83, M|100/100\n|move|p1a: Iron Treads|Rapid Spin|p2a: Vikavolt\n|-damage|p2a: Vikavolt|88/100\n|-boost|p1a: Iron Treads|spe|1\n|\n|upkeep\n|turn|10\n|inactive|Time left: 300 sec this turn | 300 sec total\n|\n|t:|1783554107\n|move|p1a: Iron Treads|Knock Off|p2a: Vikavolt\n|-damage|p2a: Vikavolt|63/100\n|-enditem|p2a: Vikavolt|Heavy-Duty Boots|[from] move: Knock Off|[of] p1a: Iron Treads\n|move|p2a: Vikavolt|Sticky Web|p1a: Iron Treads\n|-sidestart|p1: p0x129095a8|move: Sticky Web\n|\n|upkeep\n|turn|11\n|inactive|Time left: 300 sec this turn | 300 sec total\n|\n|t:|1783554108\n|move|p1a: Iron Treads|Rapid Spin|p2a: Vikavolt\n|-damage|p2a: Vikavolt|51/100\n|-boost|p1a: Iron Treads|spe|1\n|-sideend|p1: p0x129095a8|Sticky Web|[from] move: Rapid Spin|[of] p1a: Iron Treads\n|move|p2a: Vikavolt|Energy Ball|p1a: Iron Treads\n|-damage|p1a: Iron Treads|195/265\n|\n|upkeep\n|turn|12\n|inactive|Time left: 300 sec this turn | 300 sec total\n|\n|t:|1783554109\n|move|p1a: Iron Treads|Iron Head|p2a: Vikavolt\n|-resisted|p2a: Vikavolt\n|-damage|p2a: Vikavolt|36/100\n|move|p2a: Vikavolt|Sticky Web|p1a: Iron Treads\n|-sidestart|p1: p0x129095a8|move: Sticky Web\n|\n|upkeep\n|turn|13\n|inactive|Time left: 300 sec this turn | 300 sec total\n|\n|t:|1783554110\n|move|p1a: Iron Treads|Rapid Spin|p2a: Vikavolt\n|-damage|p2a: Vikavolt|24/100\n|-boost|p1a: Iron Treads|spe|1\n|-sideend|p1: p0x129095a8|Sticky Web|[from] move: Rapid Spin|[of] p1a: Iron Treads\n|move|p2a: Vikavolt|Energy Ball|p1a: Iron Treads\n|-damage|p1a: Iron Treads|119/265\n|\n|upkeep\n|turn|14\n|inactive|Time left: 300 sec this turn | 300 sec total\n|\n|t:|1783554111\n|move|p1a: Iron Treads|Iron Head|p2a: Vikavolt\n|-resisted|p2a: Vikavolt\n|-damage|p2a: Vikavolt|10/100\n|move|p2a: Vikavolt|Sticky Web|p1a: Iron Treads\n|-sidestart|p1: p0x129095a8|move: Sticky Web\n|\n|upkeep\n|turn|15\n|inactive|Time left: 300 sec this turn | 300 sec total\n|\n|t:|1783554112\n|switch|p2a: Iron Leaves|Iron Leaves, L80|100/100\n|move|p1a: Iron Treads|Rapid Spin|p2a: Iron Leaves\n|-damage|p2a: Iron Leaves|87/100\n|-boost|p1a: Iron Treads|spe|1\n|-sideend|p1: p0x129095a8|Sticky Web|[from] move: Rapid Spin|[of] p1a: Iron Treads\n|\n|upkeep\n|turn|16\n|inactive|Time left: 300 sec this turn | 300 sec total\n|\n|t:|1783554113\n|move|p1a: Iron Treads|Knock Off|p2a: Iron Leaves\n|-supereffective|p2a: Iron Leaves\n|-damage|p2a: Iron Leaves|38/100\n|-enditem|p2a: Iron Leaves|Life Orb|[from] move: Knock Off|[of] p1a: Iron Treads\n|move|p2a: Iron Leaves|Leaf Blade|p1a: Iron Treads\n|-damage|p1a: Iron Treads|31/265\n|\n|upkeep\n|turn|17\n|inactive|Time left: 300 sec this turn | 300 sec total\n|\n|t:|1783554115\n|move|p1a: Iron Treads|Iron Head|p2a: Iron Leaves\n|-damage|p2a: Iron Leaves|10/100\n|move|p2a: Iron Leaves|Leaf Blade|p1a: Iron Treads\n|-damage|p1a: Iron Treads|0 fnt\n|faint|p1a: Iron Treads\n|-end|p1a: Iron Treads|Quark Drive|[silent]\n|\n|upkeep\n|inactive|Time left: 300 sec this turn | 300 sec total | 5 sec grace\n|\n|t:|1783554115\n|switch|p1a: Dunsparce|Dunsparce, L86, F|312/312\n|turn|18\n|inactive|Time left: 300 sec this turn | 300 sec total\n|\n|t:|1783554117\n|move|p2a: Iron Leaves|Close Combat|p1a: Dunsparce\n|-supereffective|p1a: Dunsparce\n|-damage|p1a: Dunsparce|172/312\n|-unboost|p2a: Iron Leaves|def|1\n|-unboost|p2a: Iron Leaves|spd|1\n|move|p1a: Dunsparce|Coil|p1a: Dunsparce\n|-boost|p1a: Dunsparce|atk|1\n|-boost|p1a: Dunsparce|def|1\n|-boost|p1a: Dunsparce|accuracy|1\n|\n|upkeep\n|turn|19\n|inactive|Time left: 300 sec this turn | 300 sec total\n|\n|t:|1783554118\n|move|p2a: Iron Leaves|Close Combat|p1a: Dunsparce\n|-supereffective|p1a: Dunsparce\n|-damage|p1a: Dunsparce|68/312\n|-unboost|p2a: Iron Leaves|def|1\n|-unboost|p2a: Iron Leaves|spd|1\n|move|p1a: Dunsparce|Roost|p1a: Dunsparce\n|-heal|p1a: Dunsparce|224/312\n|-singleturn|p1a: Dunsparce|move: Roost\n|\n|upkeep\n|turn|20\n|inactive|Time left: 300 sec this turn | 300 sec total\n|\n|t:|1783554119\n|move|p2a: Iron Leaves|Close Combat|p1a: Dunsparce\n|-supereffective|p1a: Dunsparce\n|-damage|p1a: Dunsparce|118/312\n|-unboost|p2a: Iron Leaves|def|1\n|-unboost|p2a: Iron Leaves|spd|1\n|move|p1a: Dunsparce|Coil|p1a: Dunsparce\n|-boost|p1a: Dunsparce|atk|1\n|-boost|p1a: Dunsparce|def|1\n|-boost|p1a: Dunsparce|accuracy|1\n|\n|upkeep\n|turn|21\n|inactive|Time left: 300 sec this turn | 300 sec total\n|\n|t:|1783554120\n|move|p2a: Iron Leaves|Close Combat|p1a: Dunsparce\n|-supereffective|p1a: Dunsparce\n|-damage|p1a: Dunsparce|42/312\n|-unboost|p2a: Iron Leaves|def|1\n|-unboost|p2a: Iron Leaves|spd|1\n|move|p1a: Dunsparce|Roost|p1a: Dunsparce\n|-heal|p1a: Dunsparce|198/312\n|-singleturn|p1a: Dunsparce|move: Roost\n|\n|upkeep\n|turn|22\n|inactive|Time left: 300 sec this turn | 300 sec total\n|\n|t:|1783554121\n|-end|p2a: Iron Leaves|Quark Drive|[silent]\n|switch|p2a: Glimmora|Glimmora, L75, F|5/100\n|move|p1a: Dunsparce|Coil|p1a: Dunsparce\n|-boost|p1a: Dunsparce|atk|1\n|-boost|p1a: Dunsparce|def|1\n|-boost|p1a: Dunsparce|accuracy|1\n|\n|upkeep\n|turn|23\n|inactive|Time left: 300 sec this turn | 300 sec total\n|\n|t:|1783554122\n|move|p2a: Glimmora|Sludge Wave|p1a: Dunsparce\n|-damage|p1a: Dunsparce|111/312\n|move|p1a: Dunsparce|Body Slam|p2a: Glimmora\n|-resisted|p2a: Glimmora\n|-damage|p2a: Glimmora|0 fnt\n|-activate|p2a: Glimmora|ability: Toxic Debris\n|-sidestart|p1: p0x129095a8|move: Toxic Spikes\n|faint|p2a: Glimmora\n|\n|upkeep\n|\n|t:|1783554123\n|switch|p2a: Dialga|Dialga-Origin, L73|100/100\n|-ability|p2a: Dialga|Pressure\n|turn|24\n|inactive|Time left: 300 sec this turn | 300 sec total\n|\n|t:|1783554124\n|move|p2a: Dialga|Draco Meteor|p1a: Dunsparce\n|-damage|p1a: Dunsparce|0 fnt\n|-unboost|p2a: Dialga|spa|2\n|faint|p1a: Dunsparce\n|\n|upkeep\n|inactive|Time left: 300 sec this turn | 300 sec total | 5 sec grace\n|\n|t:|1783554125\n|switch|p1a: Baxcalibur|Baxcalibur, L75, M|295/295\n|-status|p1a: Baxcalibur|psn\n|turn|25\n|inactive|Time left: 300 sec this turn | 300 sec total\n|\n|t:|1783554126\n|switch|p2a: Vikavolt|Vikavolt, L83, M|10/100\n|move|p1a: Baxcalibur|Earthquake|p2a: Vikavolt\n|-immune|p2a: Vikavolt|[from] ability: Levitate\n|\n|-damage|p1a: Baxcalibur|259/295 psn|[from] psn\n|upkeep\n|turn|26\n|inactive|Time left: 300 sec this turn | 300 sec total\n|\n|t:|1783554127\n|switch|p1a: Whimsicott|Whimsicott, L84, M|238/238\n|-status|p1a: Whimsicott|psn\n|move|p2a: Vikavolt|Bug Buzz|p1a: Whimsicott\n|-damage|p1a: Whimsicott|97/238 psn\n|\n|-heal|p1a: Whimsicott|111/238 psn|[from] item: Leftovers\n|-damage|p1a: Whimsicott|82/238 psn|[from] psn\n|upkeep\n|turn|27\n|inactive|Time left: 300 sec this turn | 300 sec total\n|\n|t:|1783554128\n|switch|p2a: Hatterene|Hatterene, L85, F, tera:Steel|100/100\n|move|p1a: Whimsicott|Giga Drain|p2a: Hatterene\n|-resisted|p2a: Hatterene\n|-crit|p2a: Hatterene\n|-damage|p2a: Hatterene|83/100\n|-heal|p1a: Whimsicott|103/238 psn|[from] drain|[of] p2a: Hatterene\n|\n|-heal|p1a: Whimsicott|117/238 psn|[from] item: Leftovers\n|-heal|p2a: Hatterene|89/100|[from] item: Leftovers\n|-damage|p1a: Whimsicott|88/238 psn|[from] psn\n|upkeep\n|turn|28\n|inactive|Time left: 300 sec this turn | 300 sec total\n|\n|t:|1783554129\n|switch|p1a: Baxcalibur|Baxcalibur, L75, M|259/295 psn\n|move|p2a: Hatterene|Draining Kiss|p1a: Baxcalibur\n|-supereffective|p1a: Baxcalibur\n|-damage|p1a: Baxcalibur|85/295 psn\n|-heal|p2a: Hatterene|100/100|[from] drain|[of] p1a: Baxcalibur\n|\n|-damage|p1a: Baxcalibur|49/295 psn|[from] psn\n|upkeep\n|turn|29\n|inactive|Time left: 300 sec this turn | 300 sec total\n|\n|t:|1783554130\n|-terastallize|p1a: Baxcalibur|Ground\n|move|p1a: Baxcalibur|Earthquake|p2a: Hatterene\n|-supereffective|p2a: Hatterene\n|-damage|p2a: Hatterene|0 fnt\n|faint|p2a: Hatterene\n|\n|-damage|p1a: Baxcalibur|13/295 psn|[from] psn\n|upkeep\n|\n|t:|1783554131\n|switch|p2a: Vikavolt|Vikavolt, L83, M|10/100\n|turn|30\n|inactive|Time left: 300 sec this turn | 300 sec total\n|\n|t:|1783554132\n|move|p1a: Baxcalibur|Earthquake|p2a: Vikavolt\n|-immune|p2a: Vikavolt|[from] ability: Levitate\n|move|p2a: Vikavolt|Discharge|p1a: Baxcalibur\n|-immune|p1a: Baxcalibur\n|\n|-damage|p1a: Baxcalibur|0 fnt|[from] psn\n|faint|p1a: Baxcalibur\n|upkeep\n|inactive|Time left: 300 sec this turn | 300 sec total | 5 sec grace\n|\n|t:|1783554133\n|switch|p1a: Whimsicott|Whimsicott, L84, M|88/238 psn\n|turn|31\n|inactive|Time left: 300 sec this turn | 300 sec total\n|\n|t:|1783554134\n|move|p1a: Whimsicott|Giga Drain|p2a: Vikavolt\n|-resisted|p2a: Vikavolt\n|-damage|p2a: Vikavolt|0 fnt\n|-heal|p1a: Whimsicott|100/238 psn|[from] drain|[of] p2a: Vikavolt\n|faint|p2a: Vikavolt\n|\n|-heal|p1a: Whimsicott|114/238 psn|[from] item: Leftovers\n|-damage|p1a: Whimsicott|85/238 psn|[from] psn\n|upkeep\n|\n|t:|1783554134\n|switch|p2a: Dialga|Dialga-Origin, L73|100/100\n|-ability|p2a: Dialga|Pressure\n|turn|32\n|inactive|Time left: 300 sec this turn | 300 sec total\n|\n|t:|1783554135\n|move|p1a: Whimsicott|Stun Spore|p2a: Dialga\n|-status|p2a: Dialga|par\n|move|p2a: Dialga|Flash Cannon|p1a: Whimsicott\n|-supereffective|p1a: Whimsicott\n|-damage|p1a: Whimsicott|0 fnt\n|faint|p1a: Whimsicott\n|\n|win|p0y12905f46", "uploadtime": 1783554135, "views": 0, "rating": 0, "private": 0, "password": null, "_winner": "p0y12905f46", "_our_name": "p0x129095a8"}