{"id": "battle-gen9randombattle-1877", "formatid": "gen9randombattle", "format": "[Gen 9] Random Battle", "players": ["p0x1877ae68", "p0y18771ec1"], "log": "|init|battle\n|title|p0x1877ae68 vs. p0y18771ec1\n|j|\u2606p0x1877ae68\n|j|\u2606p0y18771ec1\n|t:|1783561743\n|gametype|singles\n|player|p1|p0x1877ae68|169|\n|player|p2|p0y18771ec1|265|\n|gen|9\n|tier|[Gen 9] Random Battle\n|rule|Species Clause: Limit one of each Pok\u00e9mon\n|rule|HP Percentage Mod: HP is shown in percentages\n|rule|Sleep Clause Mod: Limit one foe put to sleep\n|rule|Illusion Level Mod: Illusion disguises the Pok\u00e9mon's true level\n|\n|t:|1783561743\n|teamsize|p1|6\n|teamsize|p2|6\n|start\n|switch|p1a: Diancie|Diancie, L82|216/216\n|switch|p2a: Mewtwo|Mewtwo, L72|100/100\n|-ability|p2a: Mewtwo|Pressure\n|turn|1\n|inactive|Battle timer is ON: inactive players will automatically lose when time's up. (requested by p0y18771ec1)\n|inactive|Time left: 300 sec this turn | 300 sec total | 60 sec grace\n|inactive|p0x1877ae68 also wants the timer to be on.\n|\n|t:|1783561745\n|move|p2a: Mewtwo|Nasty Plot|p2a: Mewtwo\n|-boost|p2a: Mewtwo|spa|2\n|move|p1a: Diancie|Diamond Storm|p2a: Mewtwo\n|-damage|p2a: Mewtwo|60/100\n|-boost|p1a: Diancie|def|2\n|\n|upkeep\n|turn|2\n|inactive|Time left: 300 sec this turn | 300 sec total\n|\n|t:|1783561746\n|move|p2a: Mewtwo|Recover|p2a: Mewtwo\n|-heal|p2a: Mewtwo|100/100\n|move|p1a: Diancie|Diamond Storm|p2a: Mewtwo\n|-damage|p2a: Mewtwo|58/100\n|\n|upkeep\n|turn|3\n|inactive|Time left: 300 sec this turn | 300 sec total\n|\n|t:|1783561747\n|move|p2a: Mewtwo|Recover|p2a: Mewtwo\n|-heal|p2a: Mewtwo|100/100\n|move|p1a: Diancie|Diamond Storm|p2a: Mewtwo\n|-damage|p2a: Mewtwo|55/100\n|-boost|p1a: Diancie|def|2\n|\n|upkeep\n|turn|4\n|inactive|Time left: 300 sec this turn | 300 sec total\n|\n|t:|1783561748\n|move|p2a: Mewtwo|Recover|p2a: Mewtwo\n|-heal|p2a: Mewtwo|100/100\n|move|p1a: Diancie|Calm Mind|p1a: Diancie\n|-boost|p1a: Diancie|spa|1\n|-boost|p1a: Diancie|spd|1\n|\n|upkeep\n|turn|5\n|inactive|Time left: 300 sec this turn | 300 sec total\n|\n|t:|1783561749\n|move|p2a: Mewtwo|Nasty Plot|p2a: Mewtwo\n|-boost|p2a: Mewtwo|spa|2\n|move|p1a: Diancie|Draining Kiss|p2a: Mewtwo\n|-damage|p2a: Mewtwo|66/100\n|\n|upkeep\n|turn|6\n|inactive|Time left: 300 sec this turn | 300 sec total\n|\n|t:|1783561749\n|move|p2a: Mewtwo|Recover|p2a: Mewtwo\n|-heal|p2a: Mewtwo|100/100\n|move|p1a: Diancie|Draining Kiss|p2a: Mewtwo\n|-damage|p2a: Mewtwo|67/100\n|\n|upkeep\n|turn|7\n|inactive|Time left: 300 sec this turn | 300 sec total\n|\n|t:|1783561750\n|move|p2a: Mewtwo|Recover|p2a: Mewtwo\n|-heal|p2a: Mewtwo|100/100\n|move|p1a: Diancie|Draining Kiss|p2a: Mewtwo\n|-damage|p2a: Mewtwo|69/100\n|\n|upkeep\n|turn|8\n|inactive|Time left: 300 sec this turn | 300 sec total\n|\n|t:|1783561751\n|move|p2a: Mewtwo|Recover|p2a: Mewtwo\n|-heal|p2a: Mewtwo|100/100\n|move|p1a: Diancie|Draining Kiss|p2a: Mewtwo\n|-damage|p2a: Mewtwo|66/100\n|\n|upkeep\n|turn|9\n|inactive|Time left: 300 sec this turn | 300 sec total\n|\n|t:|1783561752\n|move|p2a: Mewtwo|Recover|p2a: Mewtwo\n|-heal|p2a: Mewtwo|100/100\n|move|p1a: Diancie|Draining Kiss|p2a: Mewtwo\n|-damage|p2a: Mewtwo|66/100\n|\n|upkeep\n|turn|10\n|inactive|Time left: 300 sec this turn | 300 sec total\n|\n|t:|1783561753\n|move|p2a: Mewtwo|Recover|p2a: Mewtwo\n|-heal|p2a: Mewtwo|100/100\n|move|p1a: Diancie|Draining Kiss|p2a: Mewtwo\n|-crit|p2a: Mewtwo\n|-damage|p2a: Mewtwo|49/100\n|\n|upkeep\n|turn|11\n|inactive|Time left: 300 sec this turn | 300 sec total\n|\n|t:|1783561755\n|move|p2a: Mewtwo|Nasty Plot|p2a: Mewtwo\n|-boost|p2a: Mewtwo|spa|2\n|move|p1a: Diancie|Draining Kiss|p2a: Mewtwo\n|-damage|p2a: Mewtwo|17/100\n|\n|upkeep\n|turn|12\n|inactive|Time left: 300 sec this turn | 300 sec total\n|\n|t:|1783561756\n|move|p2a: Mewtwo|Psystrike|p1a: Diancie\n|-damage|p1a: Diancie|80/216\n|-damage|p2a: Mewtwo|7/100|[from] item: Life Orb\n|move|p1a: Diancie|Diamond Storm|p2a: Mewtwo\n|-damage|p2a: Mewtwo|0 fnt\n|faint|p2a: Mewtwo\n|\n|-heal|p1a: Diancie|93/216|[from] item: Leftovers\n|upkeep\n|\n|t:|1783561757\n|switch|p2a: Calyrex|Calyrex, L93|100/100\n|-ability|p2a: Calyrex|Unnerve\n|turn|13\n|inactive|Time left: 300 sec this turn | 300 sec total\n|\n|t:|1783561758\n|move|p2a: Calyrex|Calm Mind|p2a: Calyrex\n|-boost|p2a: Calyrex|spa|1\n|-boost|p2a: Calyrex|spd|1\n|move|p1a: Diancie|Draining Kiss|p2a: Calyrex\n|-damage|p2a: Calyrex|86/100\n|-heal|p1a: Diancie|129/216|[from] drain|[of] p2a: Calyrex\n|\n|-heal|p2a: Calyrex|92/100|[from] item: Leftovers\n|-heal|p1a: Diancie|142/216|[from] item: Leftovers\n|upkeep\n|turn|14\n|inactive|Time left: 300 sec this turn | 300 sec total\n|\n|t:|1783561759\n|move|p2a: Calyrex|Giga Drain|p1a: Diancie\n|-supereffective|p1a: Diancie\n|-damage|p1a: Diancie|26/216\n|-heal|p2a: Calyrex|100/100|[from] drain|[of] p1a: Diancie\n|move|p1a: Diancie|Draining Kiss|p2a: Calyrex\n|-damage|p2a: Calyrex|85/100\n|-heal|p1a: Diancie|64/216|[from] drain|[of] p2a: Calyrex\n|\n|-heal|p2a: Calyrex|92/100|[from] item: Leftovers\n|-heal|p1a: Diancie|77/216|[from] item: Leftovers\n|upkeep\n|turn|15\n|inactive|Time left: 300 sec this turn | 300 sec total\n|\n|t:|1783561760\n|switch|p1a: Noivern|Noivern, L82, F|274/274\n|move|p2a: Calyrex|Giga Drain|p1a: Noivern\n|-resisted|p1a: Noivern\n|-damage|p1a: Noivern|241/274\n|-heal|p2a: Calyrex|97/100|[from] drain|[of] p1a: Noivern\n|\n|-heal|p2a: Calyrex|100/100|[from] item: Leftovers\n|upkeep\n|turn|16\n|inactive|Time left: 300 sec this turn | 300 sec total\n|\n|t:|1783561761\n|move|p1a: Noivern|Hurricane|p2a: Calyrex|[miss]\n|-miss|p1a: Noivern|p2a: Calyrex\n|move|p2a: Calyrex|Psyshock|p1a: Noivern\n|-damage|p1a: Noivern|102/274\n|\n|upkeep\n|turn|17\n|inactive|Time left: 300 sec this turn | 300 sec total\n|\n|t:|1783561762\n|move|p1a: Noivern|Hurricane|p2a: Calyrex\n|-supereffective|p2a: Calyrex\n|-damage|p2a: Calyrex|38/100\n|-start|p2a: Calyrex|confusion\n|-activate|p2a: Calyrex|confusion\n|-damage|p2a: Calyrex|31/100|[from] confusion\n|\n|-heal|p2a: Calyrex|37/100|[from] item: Leftovers\n|upkeep\n|turn|18\n|inactive|Time left: 300 sec this turn | 300 sec total\n|\n|t:|1783561763\n|move|p1a: Noivern|Hurricane|p2a: Calyrex\n|-supereffective|p2a: Calyrex\n|-damage|p2a: Calyrex|0 fnt\n|faint|p2a: Calyrex\n|\n|upkeep\n|\n|t:|1783561764\n|switch|p2a: Zekrom|Zekrom, L71|100/100\n|-ability|p2a: Zekrom|Teravolt\n|turn|19\n|inactive|Time left: 300 sec this turn | 300 sec total\n|\n|t:|1783561765\n|move|p1a: Noivern|Hurricane|p2a: Zekrom|[miss]\n|-miss|p1a: Noivern|p2a: Zekrom\n|move|p2a: Zekrom|Dragon Dance|p2a: Zekrom\n|-boost|p2a: Zekrom|atk|1\n|-boost|p2a: Zekrom|spe|1\n|\n|upkeep\n|turn|20\n|inactive|Time left: 300 sec this turn | 300 sec total\n|\n|t:|1783561766\n|switch|p1a: Diancie|Diancie, L82|77/216\n|move|p2a: Zekrom|Bolt Strike|p1a: Diancie|[miss]\n|-miss|p2a: Zekrom|p1a: Diancie\n|\n|-heal|p1a: Diancie|90/216|[from] item: Leftovers\n|upkeep\n|turn|21\n|inactive|Time left: 300 sec this turn | 300 sec total\n|\n|t:|1783561767\n|move|p2a: Zekrom|Bolt Strike|p1a: Diancie\n|-crit|p1a: Diancie\n|-damage|p1a: Diancie|0 fnt\n|faint|p1a: Diancie\n|\n|upkeep\n|inactive|Time left: 300 sec this turn | 300 sec total | 5 sec grace\n|\n|t:|1783561768\n|switch|p1a: Persian|Persian, L92, M|269/269\n|turn|22\n|inactive|Time left: 300 sec this turn | 300 sec total\n|\n|t:|1783561769\n|move|p1a: Persian|Fake Out|p2a: Zekrom\n|-damage|p2a: Zekrom|73/100\n|cant|p2a: Zekrom|flinch\n|\n|-heal|p2a: Zekrom|80/100|[from] item: Leftovers\n|upkeep\n|turn|23\n|inactive|Time left: 300 sec this turn | 300 sec total\n|\n|t:|1783561770\n|move|p1a: Persian|Knock Off|p2a: Zekrom\n|-damage|p2a: Zekrom|58/100\n|-enditem|p2a: Zekrom|Leftovers|[from] move: Knock Off|[of] p1a: Persian\n|move|p2a: Zekrom|Outrage|p1a: Persian\n|-damage|p1a: Persian|38/269\n|\n|upkeep\n|turn|24\n|inactive|Time left: 300 sec this turn | 300 sec total\n|\n|t:|1783561771\n|-terastallize|p1a: Persian|Normal\n|move|p1a: Persian|Double-Edge|p2a: Zekrom\n|-damage|p2a: Zekrom|0 fnt\n|faint|p2a: Zekrom\n|-damage|p1a: Persian|0 fnt|[from] Recoil\n|faint|p1a: Persian\n|\n|upkeep\n|inactive|Time left: 300 sec this turn | 300 sec total | 5 sec grace\n|\n|t:|1783561772\n|switch|p1a: Samurott|Samurott, L88, F|310/310\n|switch|p2a: Torterra|Torterra, L78, M|100/100\n|turn|25\n|inactive|Time left: 300 sec this turn | 300 sec total\n|\n|t:|1783561773\n|move|p1a: Samurott|Knock Off|p2a: Torterra\n|-damage|p2a: Torterra|66/100\n|-enditem|p2a: Torterra|Loaded Dice|[from] move: Knock Off|[of] p1a: Samurott\n|-damage|p1a: Samurott|279/310|[from] item: Life Orb\n|move|p2a: Torterra|Shell Smash|p2a: Torterra\n|-unboost|p2a: Torterra|def|1\n|-unboost|p2a: Torterra|spd|1\n|-boost|p2a: Torterra|atk|2\n|-boost|p2a: Torterra|spa|2\n|-boost|p2a: Torterra|spe|2\n|\n|upkeep\n|turn|26\n|inactive|Time left: 300 sec this turn | 300 sec total\n|\n|t:|1783561774\n|switch|p1a: Noivern|Noivern, L82, F|102/274\n|move|p2a: Torterra|Bullet Seed|p1a: Noivern\n|-resisted|p1a: Noivern\n|-damage|p1a: Noivern|88/274\n|-resisted|p1a: Noivern\n|-damage|p1a: Noivern|74/274\n|-hitcount|p1a: Noivern|2\n|\n|upkeep\n|turn|27\n|inactive|Time left: 300 sec this turn | 300 sec total\n|\n|t:|1783561775\n|move|p2a: Torterra|Rock Blast|p1a: Noivern\n|-supereffective|p1a: Noivern\n|-damage|p1a: Noivern|0 fnt\n|faint|p1a: Noivern\n|-hitcount|p1: Noivern|1\n|\n|upkeep\n|inactive|Time left: 300 sec this turn | 300 sec total | 5 sec grace\n|\n|t:|1783561776\n|switch|p1a: Thundurus|Thundurus, L80, M|258/258\n|turn|28\n|inactive|Time left: 300 sec this turn | 300 sec total\n|\n|t:|1783561777\n|move|p2a: Torterra|Rock Blast|p1a: Thundurus\n|-supereffective|p1a: Thundurus\n|-damage|p1a: Thundurus|174/258\n|-supereffective|p1a: Thundurus\n|-damage|p1a: Thundurus|94/258\n|-supereffective|p1a: Thundurus\n|-damage|p1a: Thundurus|16/258\n|-hitcount|p1a: Thundurus|3\n|move|p1a: Thundurus|Grass Knot|p2a: Torterra\n|-damage|p2a: Torterra|4/100\n|\n|upkeep\n|turn|29\n|inactive|Time left: 300 sec this turn | 300 sec total\n|\n|t:|1783561779\n|move|p2a: Torterra|Bullet Seed|p1a: Thundurus\n|-resisted|p1a: Thundurus\n|-damage|p1a: Thundurus|0 fnt\n|faint|p1a: Thundurus\n|-hitcount|p1: Thundurus|1\n|\n|upkeep\n|inactive|Time left: 300 sec this turn | 300 sec total | 5 sec grace\n|\n|t:|1783561780\n|switch|p1a: Samurott|Samurott, L88, F|279/310\n|turn|30\n|inactive|Time left: 300 sec this turn | 300 sec total\n|\n|t:|1783561781\n|switch|p1a: Raging Bolt|Raging Bolt, L78|323/323\n|-enditem|p1a: Raging Bolt|Booster Energy\n|-activate|p1a: Raging Bolt|ability: Protosynthesis|[fromitem]\n|-start|p1a: Raging Bolt|protosynthesisspa\n|move|p2a: Torterra|Bullet Seed|p1a: Raging Bolt\n|-resisted|p1a: Raging Bolt\n|-damage|p1a: Raging Bolt|287/323\n|-resisted|p1a: Raging Bolt\n|-damage|p1a: Raging Bolt|248/323\n|-resisted|p1a: Raging Bolt\n|-crit|p1a: Raging Bolt\n|-damage|p1a: Raging Bolt|186/323\n|-hitcount|p1a: Raging Bolt|3\n|\n|upkeep\n|turn|31\n|inactive|Time left: 300 sec this turn | 300 sec total\n|\n|t:|1783561782\n|-end|p1a: Raging Bolt|Protosynthesis|[silent]\n|switch|p1a: Samurott|Samurott, L88, F|279/310\n|move|p2a: Torterra|Headlong Rush|p1a: Samurott\n|-damage|p1a: Samurott|32/310\n|-unboost|p2a: Torterra|def|1\n|-unboost|p2a: Torterra|spd|1\n|\n|upkeep\n|turn|32\n|inactive|Time left: 300 sec this turn | 300 sec total\n|\n|t:|1783561783\n|move|p2a: Torterra|Headlong Rush|p1a: Samurott\n|-damage|p1a: Samurott|0 fnt\n|-unboost|p2a: Torterra|def|1\n|-unboost|p2a: Torterra|spd|1\n|faint|p1a: Samurott\n|\n|upkeep\n|inactive|Time left: 300 sec this turn | 300 sec total | 5 sec grace\n|\n|t:|1783561784\n|switch|p1a: Raging Bolt|Raging Bolt, L78|186/323\n|turn|33\n|inactive|Time left: 300 sec this turn | 300 sec total\n|\n|t:|1783561785\n|move|p2a: Torterra|Headlong Rush|p1a: Raging Bolt\n|-supereffective|p1a: Raging Bolt\n|-damage|p1a: Raging Bolt|0 fnt\n|-unboost|p2a: Torterra|def|1\n|-unboost|p2a: Torterra|spd|1\n|faint|p1a: Raging Bolt\n|-end|p1a: Raging Bolt|Protosynthesis|[silent]\n|\n|win|p0y18771ec1", "uploadtime": 1783561785, "views": 0, "rating": 0, "private": 0, "password": null, "_winner": "p0y18771ec1", "_our_name": "p0x1877ae68"}