{"id": "battle-gen9randombattle-2852", "formatid": "gen9randombattle", "format": "[Gen 9] Random Battle", "players": ["p0x2852cda0", "p0y28528d4a"], "log": "|init|battle\n|title|p0x2852cda0 vs. p0y28528d4a\n|j|\u2606p0x2852cda0\n|j|\u2606p0y28528d4a\n|t:|1783571912\n|gametype|singles\n|player|p1|p0x2852cda0|102|\n|player|p2|p0y28528d4a|265|\n|gen|9\n|tier|[Gen 9] Random Battle\n|rule|Species Clause: Limit one of each Pok\u00e9mon\n|rule|HP Percentage Mod: HP is shown in percentages\n|rule|Sleep Clause Mod: Limit one foe put to sleep\n|rule|Illusion Level Mod: Illusion disguises the Pok\u00e9mon's true level\n|\n|t:|1783571912\n|teamsize|p1|6\n|teamsize|p2|6\n|start\n|switch|p1a: Noctowl|Noctowl, L95, F|344/344\n|switch|p2a: Rotom|Rotom-Heat, L83|100/100\n|turn|1\n|inactive|Battle timer is ON: inactive players will automatically lose when time's up. (requested by p0y28528d4a)\n|inactive|Time left: 300 sec this turn | 300 sec total | 60 sec grace\n|inactive|p0x2852cda0 also wants the timer to be on.\n|\n|t:|1783571914\n|move|p2a: Rotom|Volt Switch|p1a: Noctowl\n|-supereffective|p1a: Noctowl\n|-damage|p1a: Noctowl|210/344\n|\n|t:|1783571915\n|switch|p2a: Krookodile|Krookodile, L79, M|100/100|[from] Volt Switch\n|-ability|p2a: Krookodile|Intimidate|boost\n|-unboost|p1a: Noctowl|atk|1\n|move|p1a: Noctowl|Nasty Plot|p1a: Noctowl\n|-boost|p1a: Noctowl|spa|2\n|\n|upkeep\n|turn|2\n|inactive|Time left: 300 sec this turn | 300 sec total\n|\n|t:|1783571916\n|move|p2a: Krookodile|Knock Off|p1a: Noctowl\n|-damage|p1a: Noctowl|35/344\n|-enditem|p1a: Noctowl|Heavy-Duty Boots|[from] move: Knock Off|[of] p2a: Krookodile\n|-damage|p2a: Krookodile|90/100|[from] item: Life Orb\n|move|p1a: Noctowl|Hyper Voice|p2a: Krookodile\n|-damage|p2a: Krookodile|0 fnt\n|faint|p2a: Krookodile\n|\n|upkeep\n|\n|t:|1783571917\n|switch|p2a: Kyurem|Kyurem-White, L73|100/100\n|-ability|p2a: Kyurem|Turboblaze\n|turn|3\n|inactive|Time left: 300 sec this turn | 300 sec total\n|\n|t:|1783571919\n|move|p2a: Kyurem|Freeze-Dry|p1a: Noctowl\n|-supereffective|p1a: Noctowl\n|-damage|p1a: Noctowl|0 fnt\n|faint|p1a: Noctowl\n|\n|upkeep\n|inactive|Time left: 300 sec this turn | 300 sec total | 5 sec grace\n|\n|t:|1783571920\n|switch|p1a: Gardevoir|Gardevoir, L83, F|249/249\n|-ability|p1a: Gardevoir|Turboblaze|Trace|[from] ability: Trace|[of] p2a: Kyurem\n|-ability|p1a: Gardevoir|Turboblaze\n|turn|4\n|inactive|Time left: 300 sec this turn | 300 sec total\n|\n|t:|1783571921\n|move|p2a: Kyurem|Freeze-Dry|p1a: Gardevoir\n|-damage|p1a: Gardevoir|176/249\n|move|p1a: Gardevoir|Moonblast|p2a: Kyurem\n|-supereffective|p2a: Kyurem\n|-damage|p2a: Kyurem|11/100\n|-unboost|p2a: Kyurem|spa|1\n|\n|upkeep\n|turn|5\n|inactive|Time left: 300 sec this turn | 300 sec total\n|\n|t:|1783571922\n|move|p2a: Kyurem|Freeze-Dry|p1a: Gardevoir\n|-damage|p1a: Gardevoir|125/249\n|move|p1a: Gardevoir|Moonblast|p2a: Kyurem\n|-supereffective|p2a: Kyurem\n|-damage|p2a: Kyurem|0 fnt\n|faint|p2a: Kyurem\n|\n|upkeep\n|\n|t:|1783571924\n|switch|p2a: Gengar|Gengar, L81, F|100/100\n|turn|6\n|inactive|Time left: 300 sec this turn | 300 sec total\n|\n|t:|1783571925\n|move|p1a: Gardevoir|Moonblast|p2a: Gengar\n|-resisted|p2a: Gengar\n|-damage|p2a: Gengar|70/100\n|-start|p1a: Gardevoir|Disable|Moonblast|[from] ability: Cursed Body|[of] p2a: Gengar\n|move|p2a: Gengar|Shadow Ball|p1a: Gardevoir\n|-supereffective|p1a: Gardevoir\n|-damage|p1a: Gardevoir|0 fnt\n|faint|p1a: Gardevoir\n|\n|upkeep\n|inactive|Time left: 300 sec this turn | 300 sec total | 5 sec grace\n|\n|t:|1783571926\n|switch|p1a: Kingambit|Kingambit, L74, F|270/270\n|-activate|p1a: Kingambit|ability: Supreme Overlord\n|-start|p1a: Kingambit|fallen2|[silent]\n|turn|7\n|inactive|Time left: 300 sec this turn | 300 sec total\n|\n|t:|1783571927\n|switch|p2a: Rotom|Rotom-Heat, L83|100/100\n|move|p1a: Kingambit|Swords Dance|p1a: Kingambit\n|-boost|p1a: Kingambit|atk|2\n|\n|upkeep\n|turn|8\n|inactive|Time left: 300 sec this turn | 300 sec total\n|\n|t:|1783571928\n|-terastallize|p1a: Kingambit|Dark\n|move|p2a: Rotom|Overheat|p1a: Kingambit\n|-damage|p1a: Kingambit|92/270\n|-unboost|p2a: Rotom|spa|2\n|move|p1a: Kingambit|Kowtow Cleave|p2a: Rotom\n|-damage|p2a: Rotom|0 fnt\n|faint|p2a: Rotom\n|\n|-heal|p1a: Kingambit|108/270|[from] item: Leftovers\n|upkeep\n|\n|t:|1783571928\n|switch|p2a: Ludicolo|Ludicolo, L90, M|100/100\n|turn|9\n|inactive|Time left: 300 sec this turn | 300 sec total\n|\n|t:|1783571929\n|move|p1a: Kingambit|Sucker Punch|p2a: Ludicolo\n|-damage|p2a: Ludicolo|16/100\n|move|p2a: Ludicolo|Giga Drain|p1a: Kingambit\n|-damage|p1a: Kingambit|0 fnt\n|-heal|p2a: Ludicolo|34/100|[from] drain|[of] p1a: Kingambit\n|faint|p1a: Kingambit\n|-end|p1a: Kingambit|fallen2|[silent]\n|\n|upkeep\n|inactive|Time left: 300 sec this turn | 300 sec total | 5 sec grace\n|\n|t:|1783571930\n|switch|p1a: Krookodile|Krookodile, L79, F|280/280\n|-ability|p1a: Krookodile|Intimidate|boost\n|-unboost|p2a: Ludicolo|atk|1\n|turn|10\n|inactive|Time left: 300 sec this turn | 300 sec total\n|\n|t:|1783571931\n|switch|p2a: Squawkabilly|Squawkabilly-White, L89, M|100/100\n|move|p1a: Krookodile|Knock Off|p2a: Squawkabilly\n|-crit|p2a: Squawkabilly\n|-damage|p2a: Squawkabilly|21/100\n|-enditem|p2a: Squawkabilly|Heavy-Duty Boots|[from] move: Knock Off|[of] p1a: Krookodile\n|\n|upkeep\n|turn|11\n|inactive|Time left: 300 sec this turn | 300 sec total\n|\n|t:|1783571932\n|move|p2a: Squawkabilly|Brave Bird|p1a: Krookodile|[miss]\n|-miss|p2a: Squawkabilly|p1a: Krookodile\n|move|p1a: Krookodile|Knock Off|p2a: Squawkabilly\n|-damage|p2a: Squawkabilly|0 fnt\n|faint|p2a: Squawkabilly\n|\n|upkeep\n|\n|t:|1783571933\n|switch|p2a: Gengar|Gengar, L81, F|70/100\n|turn|12\n|inactive|Time left: 300 sec this turn | 300 sec total\n|\n|t:|1783571934\n|move|p2a: Gengar|Focus Blast|p1a: Krookodile\n|-supereffective|p1a: Krookodile\n|-damage|p1a: Krookodile|0 fnt\n|faint|p1a: Krookodile\n|\n|upkeep\n|inactive|Time left: 300 sec this turn | 300 sec total | 5 sec grace\n|\n|t:|1783571935\n|switch|p1a: Munkidori|Munkidori, L79, M|269/269\n|turn|13\n|inactive|Time left: 300 sec this turn | 300 sec total\n|\n|t:|1783571936\n|switch|p2a: Ludicolo|Ludicolo, L90, M|34/100\n|move|p1a: Munkidori|Psyshock|p2a: Ludicolo\n|-damage|p2a: Ludicolo|0 fnt\n|faint|p2a: Ludicolo\n|-damage|p1a: Munkidori|243/269|[from] item: Life Orb\n|\n|upkeep\n|\n|t:|1783571937\n|switch|p2a: Gengar|Gengar, L81, F|70/100\n|turn|14\n|inactive|Time left: 300 sec this turn | 300 sec total\n|\n|t:|1783571938\n|move|p2a: Gengar|Shadow Ball|p1a: Munkidori\n|-supereffective|p1a: Munkidori\n|-damage|p1a: Munkidori|0 fnt\n|faint|p1a: Munkidori\n|\n|upkeep\n|inactive|Time left: 300 sec this turn | 300 sec total | 5 sec grace\n|\n|t:|1783571939\n|switch|p1a: Torterra|Torterra, L78, F|276/276\n|turn|15\n|inactive|Time left: 300 sec this turn | 300 sec total\n|\n|t:|1783571940\n|-terastallize|p2a: Gengar|Fighting\n|move|p2a: Gengar|Shadow Ball|p1a: Torterra\n|-damage|p1a: Torterra|125/276\n|move|p1a: Torterra|Shell Smash|p1a: Torterra\n|-unboost|p1a: Torterra|def|1\n|-unboost|p1a: Torterra|spd|1\n|-boost|p1a: Torterra|atk|2\n|-boost|p1a: Torterra|spa|2\n|-boost|p1a: Torterra|spe|2\n|\n|upkeep\n|turn|16\n|inactive|Time left: 300 sec this turn | 300 sec total\n|\n|t:|1783571941\n|move|p1a: Torterra|Bullet Seed|p2a: Gengar\n|-damage|p2a: Gengar|40/100\n|-start|p1a: Torterra|Disable|Bullet Seed|[from] ability: Cursed Body|[of] p2a: Gengar\n|-damage|p2a: Gengar|7/100\n|-damage|p2a: Gengar|0 fnt\n|faint|p2a: Gengar\n|-hitcount|p2: Gengar|3\n|\n|win|p0x2852cda0", "uploadtime": 1783571941, "views": 0, "rating": 0, "private": 0, "password": null, "_winner": "p0x2852cda0", "_our_name": "p0x2852cda0"}