{"id": "battle-gen9randombattle-804", "formatid": "gen9randombattle", "format": "[Gen 9] Random Battle", "players": ["p0x8043af9", "p0y804a780"], "log": "|init|battle\n|title|p0x8043af9 vs. p0y804a780\n|j|\u2606p0x8043af9\n|j|\u2606p0y804a780\n|t:|1783549212\n|gametype|singles\n|player|p1|p0x8043af9|2|\n|player|p2|p0y804a780|101|\n|gen|9\n|tier|[Gen 9] Random Battle\n|rule|Species Clause: Limit one of each Pok\u00e9mon\n|rule|HP Percentage Mod: HP is shown in percentages\n|rule|Sleep Clause Mod: Limit one foe put to sleep\n|rule|Illusion Level Mod: Illusion disguises the Pok\u00e9mon's true level\n|\n|t:|1783549212\n|teamsize|p1|6\n|teamsize|p2|6\n|start\n|switch|p1a: Grafaiai|Grafaiai, L86, M|249/249\n|switch|p2a: Golduck|Golduck, L90, F|100/100\n|-ability|p2a: Golduck|Cloud Nine\n|turn|1\n|inactive|Battle timer is ON: inactive players will automatically lose when time's up. (requested by p0x8043af9)\n|\n|t:|1783549213\n|move|p1a: Grafaiai|Parting Shot|p2a: Golduck\n|-unboost|p2a: Golduck|atk|1\n|-unboost|p2a: Golduck|spa|1\n|inactive|Time left: 300 sec this turn | 300 sec total | 65 sec grace\n|inactive|p0y804a780 also wants the timer to be on.\n|\n|t:|1783549214\n|switch|p1a: Indeedee|Indeedee-F, L90, F|272/272|[from] Parting Shot\n|-fieldstart|move: Psychic Terrain|[from] ability: Psychic Surge|[of] p1a: Indeedee\n|move|p2a: Golduck|Hydro Pump|p1a: Indeedee\n|-damage|p1a: Indeedee|197/272\n|\n|upkeep\n|turn|2\n|inactive|Time left: 300 sec this turn | 300 sec total\n|\n|t:|1783549216\n|switch|p2a: Chansey|Chansey, L85, F|100/100\n|move|p1a: Indeedee|Psychic|p2a: Chansey\n|-damage|p2a: Chansey|81/100\n|-damage|p1a: Indeedee|170/272|[from] item: Life Orb\n|\n|upkeep\n|turn|3\n|inactive|Time left: 300 sec this turn | 300 sec total\n|\n|t:|1783549217\n|move|p1a: Indeedee|Calm Mind|p1a: Indeedee\n|-boost|p1a: Indeedee|spa|1\n|-boost|p1a: Indeedee|spd|1\n|move|p2a: Chansey|Seismic Toss|p1a: Indeedee\n|-damage|p1a: Indeedee|85/272\n|\n|upkeep\n|turn|4\n|inactive|Time left: 300 sec this turn | 300 sec total\n|\n|t:|1783549218\n|switch|p1a: Amoonguss|Amoonguss, L82, M|321/321\n|move|p2a: Chansey|Seismic Toss|p1a: Amoonguss\n|-damage|p1a: Amoonguss|236/321\n|\n|-heal|p1a: Amoonguss|256/321|[from] item: Leftovers\n|upkeep\n|turn|5\n|inactive|Time left: 300 sec this turn | 300 sec total\n|\n|t:|1783549219\n|switch|p1a: Grafaiai|Grafaiai, L86, M|249/249\n|move|p2a: Chansey|Stealth Rock|p1a: Grafaiai\n|-sidestart|p1: p0x8043af9|move: Stealth Rock\n|\n|-fieldend|move: Psychic Terrain\n|upkeep\n|turn|6\n|inactive|Time left: 300 sec this turn | 300 sec total\n|\n|t:|1783549220\n|move|p1a: Grafaiai|Gunk Shot|p2a: Chansey\n|-damage|p2a: Chansey|32/100\n|move|p2a: Chansey|Seismic Toss|p1a: Grafaiai\n|-damage|p1a: Grafaiai|164/249\n|\n|upkeep\n|turn|7\n|inactive|Time left: 300 sec this turn | 300 sec total\n|\n|t:|1783549221\n|move|p1a: Grafaiai|Gunk Shot|p2a: Chansey\n|-damage|p2a: Chansey|0 fnt\n|faint|p2a: Chansey\n|\n|upkeep\n|\n|t:|1783549222\n|switch|p2a: Armarouge|Armarouge, L80, M|100/100\n|turn|8\n|inactive|Time left: 300 sec this turn | 300 sec total\n|\n|t:|1783549223\n|move|p1a: Grafaiai|Parting Shot|p2a: Armarouge\n|-unboost|p2a: Armarouge|atk|1\n|-unboost|p2a: Armarouge|spa|1\n|inactive|Time left: 300 sec this turn | 300 sec total | 5 sec grace\n|\n|t:|1783549224\n|switch|p1a: Dipplin|Dipplin, L88, F|284/284|[from] Parting Shot\n|-damage|p1a: Dipplin|249/284|[from] Stealth Rock\n|move|p2a: Armarouge|Armor Cannon|p1a: Dipplin\n|-damage|p1a: Dipplin|156/284\n|-unboost|p2a: Armarouge|def|1\n|-unboost|p2a: Armarouge|spd|1\n|\n|upkeep\n|turn|9\n|inactive|Time left: 300 sec this turn | 300 sec total\n|\n|t:|1783549225\n|switch|p2a: Hatterene|Hatterene, L85, F|100/100\n|move|p1a: Dipplin|Recover|p1a: Dipplin\n|-heal|p1a: Dipplin|284/284\n|\n|upkeep\n|turn|10\n|inactive|Time left: 300 sec this turn | 300 sec total\n|\n|t:|1783549226\n|move|p1a: Dipplin|Giga Drain|p2a: Hatterene\n|-damage|p2a: Hatterene|81/100\n|move|p2a: Hatterene|Psychic Noise|p1a: Dipplin\n|-damage|p1a: Dipplin|206/284\n|-start|p1a: Dipplin|move: Heal Block\n|\n|upkeep\n|turn|11\n|inactive|Time left: 300 sec this turn | 300 sec total\n|\n|t:|1783549227\n|move|p1a: Dipplin|Dragon Pulse|p2a: Hatterene\n|-immune|p2a: Hatterene\n|move|p2a: Hatterene|Mystical Fire|p1a: Dipplin\n|-damage|p1a: Dipplin|153/284\n|-unboost|p1a: Dipplin|spa|1\n|\n|-end|p1a: Dipplin|move: Heal Block\n|upkeep\n|turn|12\n|inactive|Time left: 300 sec this turn | 300 sec total\n|\n|t:|1783549228\n|move|p1a: Dipplin|Recover|p1a: Dipplin\n|-heal|p1a: Dipplin|284/284\n|move|p2a: Hatterene|Draining Kiss|p1a: Dipplin\n|-supereffective|p1a: Dipplin\n|-damage|p1a: Dipplin|182/284\n|-heal|p2a: Hatterene|100/100|[from] drain|[of] p1a: Dipplin\n|\n|upkeep\n|turn|13\n|inactive|Time left: 300 sec this turn | 300 sec total\n|\n|t:|1783549229\n|move|p1a: Dipplin|Recover|p1a: Dipplin\n|-heal|p1a: Dipplin|284/284\n|move|p2a: Hatterene|Psychic Noise|p1a: Dipplin\n|-damage|p1a: Dipplin|215/284\n|-start|p1a: Dipplin|move: Heal Block\n|\n|upkeep\n|turn|14\n|inactive|Time left: 300 sec this turn | 300 sec total\n|\n|t:|1783549230\n|switch|p1a: Clefable|Clefable, L83, M|293/293\n|-damage|p1a: Clefable|257/293|[from] Stealth Rock\n|move|p2a: Hatterene|Psychic Noise|p1a: Clefable\n|-damage|p1a: Clefable|158/293\n|-start|p1a: Clefable|move: Heal Block\n|\n|upkeep\n|turn|15\n|inactive|Time left: 300 sec this turn | 300 sec total\n|\n|t:|1783549231\n|move|p1a: Clefable|Moonblast|p2a: Hatterene\n|-damage|p2a: Hatterene|78/100\n|move|p2a: Hatterene|Mystical Fire|p1a: Clefable\n|-damage|p1a: Clefable|82/293\n|-unboost|p1a: Clefable|spa|1\n|\n|-end|p1a: Clefable|move: Heal Block\n|upkeep\n|turn|16\n|inactive|Time left: 300 sec this turn | 300 sec total\n|\n|t:|1783549233\n|move|p1a: Clefable|Moonlight|p1a: Clefable\n|-heal|p1a: Clefable|228/293\n|move|p2a: Hatterene|Psychic Noise|p1a: Clefable\n|-damage|p1a: Clefable|128/293\n|-start|p1a: Clefable|move: Heal Block\n|\n|upkeep\n|turn|17\n|inactive|Time left: 300 sec this turn | 300 sec total\n|\n|t:|1783549234\n|move|p1a: Clefable|Moonblast|p2a: Hatterene\n|-damage|p2a: Hatterene|63/100\n|move|p2a: Hatterene|Psychic Noise|p1a: Clefable\n|-damage|p1a: Clefable|28/293\n|\n|-end|p1a: Clefable|move: Heal Block\n|upkeep\n|turn|18\n|inactive|Time left: 300 sec this turn | 300 sec total\n|\n|t:|1783549235\n|move|p1a: Clefable|Moonlight|p1a: Clefable\n|-heal|p1a: Clefable|174/293\n|move|p2a: Hatterene|Draining Kiss|p1a: Clefable\n|-damage|p1a: Clefable|104/293\n|-heal|p2a: Hatterene|85/100|[from] drain|[of] p1a: Clefable\n|\n|-heal|p1a: Clefable|122/293|[from] item: Leftovers\n|upkeep\n|turn|19\n|inactive|Time left: 300 sec this turn | 300 sec total\n|\n|t:|1783549237\n|move|p1a: Clefable|Moonlight|p1a: Clefable\n|-heal|p1a: Clefable|268/293\n|move|p2a: Hatterene|Psychic Noise|p1a: Clefable\n|-damage|p1a: Clefable|160/293\n|-start|p1a: Clefable|move: Heal Block\n|\n|upkeep\n|turn|20\n|inactive|Time left: 300 sec this turn | 300 sec total\n|\n|t:|1783549238\n|move|p1a: Clefable|Moonblast|p2a: Hatterene\n|-crit|p2a: Hatterene\n|-damage|p2a: Hatterene|51/100\n|move|p2a: Hatterene|Psychic Noise|p1a: Clefable\n|-damage|p1a: Clefable|49/293\n|\n|-end|p1a: Clefable|move: Heal Block\n|upkeep\n|turn|21\n|inactive|Time left: 300 sec this turn | 300 sec total\n|\n|t:|1783549240\n|move|p1a: Clefable|Moonlight|p1a: Clefable\n|-heal|p1a: Clefable|195/293\n|move|p2a: Hatterene|Psychic Noise|p1a: Clefable\n|-damage|p1a: Clefable|78/293\n|-start|p1a: Clefable|move: Heal Block\n|\n|upkeep\n|turn|22\n|inactive|Time left: 300 sec this turn | 300 sec total\n|\n|t:|1783549241\n|move|p1a: Clefable|Moonblast|p2a: Hatterene\n|-damage|p2a: Hatterene|37/100\n|move|p2a: Hatterene|Psychic Noise|p1a: Clefable\n|-damage|p1a: Clefable|0 fnt\n|faint|p1a: Clefable\n|\n|upkeep\n|inactive|Time left: 300 sec this turn | 300 sec total | 5 sec grace\n|\n|t:|1783549242\n|switch|p1a: Grafaiai|Grafaiai, L86, M|164/249\n|turn|23\n|inactive|Time left: 300 sec this turn | 300 sec total\n|\n|t:|1783549244\n|move|p1a: Grafaiai|Gunk Shot|p2a: Hatterene\n|-supereffective|p2a: Hatterene\n|-damage|p2a: Hatterene|0 fnt\n|faint|p2a: Hatterene\n|\n|upkeep\n|\n|t:|1783549244\n|switch|p2a: Armarouge|Armarouge, L80, M|100/100\n|turn|24\n|inactive|Time left: 300 sec this turn | 300 sec total\n|\n|t:|1783549245\n|move|p1a: Grafaiai|Parting Shot|p2a: Armarouge\n|-unboost|p2a: Armarouge|atk|1\n|-unboost|p2a: Armarouge|spa|1\n|inactive|Time left: 300 sec this turn | 300 sec total | 5 sec grace\n|\n|t:|1783549246\n|switch|p1a: Dipplin|Dipplin, L88, F|215/284|[from] Parting Shot\n|-damage|p1a: Dipplin|180/284|[from] Stealth Rock\n|move|p2a: Armarouge|Armor Cannon|p1a: Dipplin\n|-damage|p1a: Dipplin|81/284\n|-unboost|p2a: Armarouge|def|1\n|-unboost|p2a: Armarouge|spd|1\n|\n|upkeep\n|turn|25\n|inactive|Time left: 300 sec this turn | 300 sec total\n|\n|t:|1783549247\n|move|p2a: Armarouge|Armor Cannon|p1a: Dipplin\n|-damage|p1a: Dipplin|0 fnt\n|-unboost|p2a: Armarouge|def|1\n|-unboost|p2a: Armarouge|spd|1\n|faint|p1a: Dipplin\n|\n|upkeep\n|inactive|Time left: 300 sec this turn | 300 sec total | 5 sec grace\n|\n|t:|1783549248\n|switch|p1a: Grafaiai|Grafaiai, L86, M|164/249\n|turn|26\n|inactive|Time left: 300 sec this turn | 300 sec total\n|\n|t:|1783549249\n|switch|p2a: Mimikyu|Mimikyu, L79, M|100/100\n|move|p1a: Grafaiai|Gunk Shot|p2a: Mimikyu\n|-activate|p2a: Mimikyu|ability: Disguise\n|-damage|p2a: Mimikyu|100/100\n|detailschange|p2a: Mimikyu|Mimikyu-Busted, L79, M\n|-damage|p2a: Mimikyu|88/100|[from] pokemon: Mimikyu-Busted\n|\n|upkeep\n|turn|27\n|inactive|Time left: 300 sec this turn | 300 sec total\n|\n|t:|1783549250\n|switch|p2a: Armarouge|Armarouge, L80, M|100/100\n|move|p1a: Grafaiai|Gunk Shot|p2a: Armarouge\n|-damage|p2a: Armarouge|50/100\n|-ability|p2a: Armarouge|Weak Armor|boost\n|-unboost|p2a: Armarouge|def|1\n|-boost|p2a: Armarouge|spe|2\n|\n|upkeep\n|turn|28\n|inactive|Time left: 300 sec this turn | 300 sec total\n|\n|t:|1783549251\n|move|p1a: Grafaiai|Parting Shot|p2a: Armarouge\n|-unboost|p2a: Armarouge|atk|1\n|-unboost|p2a: Armarouge|spa|1\n|inactive|Time left: 300 sec this turn | 300 sec total | 5 sec grace\n|\n|t:|1783549252\n|switch|p1a: Amoonguss|Amoonguss, L82, M|321/321|[from] Parting Shot\n|-damage|p1a: Amoonguss|281/321|[from] Stealth Rock\n|move|p2a: Armarouge|Armor Cannon|p1a: Amoonguss\n|-supereffective|p1a: Amoonguss\n|-damage|p1a: Amoonguss|0 fnt\n|-unboost|p2a: Armarouge|def|1\n|-unboost|p2a: Armarouge|spd|1\n|faint|p1a: Amoonguss\n|\n|upkeep\n|inactive|Time left: 300 sec this turn | 300 sec total | 10 sec grace\n|\n|t:|1783549253\n|switch|p1a: Chi-Yu|Chi-Yu, L77|211/211\n|-damage|p1a: Chi-Yu|159/211|[from] Stealth Rock\n|-ability|p1a: Chi-Yu|Beads of Ruin\n|turn|29\n|inactive|Time left: 300 sec this turn | 300 sec total\n|\n|t:|1783549254\n|switch|p2a: Golduck|Golduck, L90, F|100/100\n|-ability|p2a: Golduck|Cloud Nine\n|move|p1a: Chi-Yu|Dark Pulse|p2a: Golduck\n|-damage|p2a: Golduck|56/100\n|\n|-heal|p2a: Golduck|62/100|[from] item: Leftovers\n|upkeep\n|turn|30\n|inactive|Time left: 300 sec this turn | 300 sec total\n|\n|t:|1783549255\n|move|p1a: Chi-Yu|Dark Pulse|p2a: Golduck\n|-damage|p2a: Golduck|15/100\n|move|p2a: Golduck|Hydro Pump|p1a: Chi-Yu\n|-supereffective|p1a: Chi-Yu\n|-damage|p1a: Chi-Yu|0 fnt\n|faint|p1a: Chi-Yu\n|\n|-heal|p2a: Golduck|22/100|[from] item: Leftovers\n|upkeep\n|inactive|Time left: 300 sec this turn | 300 sec total | 5 sec grace\n|\n|t:|1783549257\n|switch|p1a: Grafaiai|Grafaiai, L86, M|164/249\n|turn|31\n|inactive|Time left: 300 sec this turn | 300 sec total\n|\n|t:|1783549258\n|switch|p2a: Ogerpon|Ogerpon-Cornerstone, L76, F|100/100\n|move|p1a: Grafaiai|Knock Off|p2a: Ogerpon\n|-damage|p2a: Ogerpon|79/100\n|\n|upkeep\n|turn|32\n|inactive|Time left: 300 sec this turn | 300 sec total\n|\n|t:|1783549259\n|-terastallize|p2a: Ogerpon|Rock\n|detailschange|p2a: Ogerpon|Ogerpon-Cornerstone-Tera, L76, F, tera:Rock\n|-ability|p2a: Ogerpon|Embody Aspect (Cornerstone)|boost\n|-boost|p2a: Ogerpon|def|1\n|move|p1a: Grafaiai|Parting Shot|p2a: Ogerpon\n|-unboost|p2a: Ogerpon|atk|1\n|-unboost|p2a: Ogerpon|spa|1\n|inactive|Time left: 300 sec this turn | 300 sec total | 5 sec grace\n|\n|t:|1783549260\n|switch|p1a: Indeedee|Indeedee-F, L90, F|85/272|[from] Parting Shot\n|-damage|p1a: Indeedee|51/272|[from] Stealth Rock\n|-fieldstart|move: Psychic Terrain|[from] ability: Psychic Surge|[of] p1a: Indeedee\n|move|p2a: Ogerpon|Ivy Cudgel|p1a: Indeedee|[anim] Ivy Cudgel Rock\n|-damage|p1a: Indeedee|0 fnt\n|faint|p1a: Indeedee\n|\n|upkeep\n|inactive|Time left: 300 sec this turn | 300 sec total | 10 sec grace\n|\n|t:|1783549261\n|switch|p1a: Grafaiai|Grafaiai, L86, M|164/249\n|turn|33\n|inactive|Time left: 300 sec this turn | 300 sec total\n|\n|t:|1783549262\n|move|p1a: Grafaiai|Gunk Shot|p2a: Ogerpon\n|-resisted|p2a: Ogerpon\n|-damage|p2a: Ogerpon|60/100\n|move|p2a: Ogerpon|Ivy Cudgel|p1a: Grafaiai|[anim] Ivy Cudgel Rock\n|-damage|p1a: Grafaiai|36/249\n|\n|upkeep\n|turn|34\n|inactive|Time left: 300 sec this turn | 300 sec total\n|\n|t:|1783549263\n|move|p1a: Grafaiai|Gunk Shot|p2a: Ogerpon\n|-resisted|p2a: Ogerpon\n|-damage|p2a: Ogerpon|39/100\n|move|p2a: Ogerpon|Ivy Cudgel|p1a: Grafaiai|[anim] Ivy Cudgel Rock\n|-damage|p1a: Grafaiai|0 fnt\n|faint|p1a: Grafaiai\n|\n|win|p0y804a780", "uploadtime": 1783549263, "views": 0, "rating": 0, "private": 0, "password": null, "_winner": "p0y804a780", "_our_name": "p0x8043af9"}