{"id": "battle-gen9randombattle-152", "formatid": "gen9randombattle", "format": "[Gen 9] Random Battle", "players": ["p0x152cc2d", "p0y152d288"], "log": "|init|battle\n|title|p0x152cc2d vs. p0y152d288\n|j|\u2606p0x152cc2d\n|j|\u2606p0y152d288\n|t:|1783541304\n|gametype|singles\n|player|p1|p0x152cc2d|169|\n|player|p2|p0y152d288|2|\n|gen|9\n|tier|[Gen 9] Random Battle\n|rule|Species Clause: Limit one of each Pok\u00e9mon\n|rule|HP Percentage Mod: HP is shown in percentages\n|rule|Sleep Clause Mod: Limit one foe put to sleep\n|rule|Illusion Level Mod: Illusion disguises the Pok\u00e9mon's true level\n|\n|t:|1783541304\n|teamsize|p1|6\n|teamsize|p2|6\n|start\n|switch|p1a: Toucannon|Toucannon, L88, M|284/284\n|switch|p2a: Rhyperior|Rhyperior, L82, M|100/100\n|turn|1\n|inactive|Battle timer is ON: inactive players will automatically lose when time's up. (requested by p0y152d288)\n|inactive|Time left: 300 sec this turn | 300 sec total | 60 sec grace\n|inactive|p0x152cc2d also wants the timer to be on.\n|\n|t:|1783541306\n|move|p1a: Toucannon|Boomburst|p2a: Rhyperior\n|-resisted|p2a: Rhyperior\n|-damage|p2a: Rhyperior|70/100\n|move|p2a: Rhyperior|Stone Edge|p1a: Toucannon|[miss]\n|-miss|p2a: Rhyperior|p1a: Toucannon\n|\n|upkeep\n|turn|2\n|inactive|Time left: 300 sec this turn | 300 sec total\n|\n|t:|1783541307\n|move|p1a: Toucannon|U-turn|p2a: Rhyperior\n|-damage|p2a: Rhyperior|56/100\n|inactive|Time left: 300 sec this turn | 300 sec total | 5 sec grace\n|\n|t:|1783541308\n|switch|p1a: Hawlucha|Hawlucha, L80, F|256/256|[from] U-turn\n|move|p2a: Rhyperior|Stone Edge|p1a: Hawlucha\n|-damage|p1a: Hawlucha|105/256\n|\n|upkeep\n|turn|3\n|inactive|Time left: 300 sec this turn | 300 sec total\n|\n|t:|1783541309\n|move|p1a: Hawlucha|Close Combat|p2a: Rhyperior\n|-supereffective|p2a: Rhyperior\n|-damage|p2a: Rhyperior|19/100\n|-unboost|p1a: Hawlucha|def|1\n|-unboost|p1a: Hawlucha|spd|1\n|-enditem|p2a: Rhyperior|Weakness Policy\n|-boost|p2a: Rhyperior|atk|2|[from] item: Weakness Policy\n|-boost|p2a: Rhyperior|spa|2|[from] item: Weakness Policy\n|-enditem|p1a: Hawlucha|White Herb\n|-clearnegativeboost|p1a: Hawlucha|[silent]\n|move|p2a: Rhyperior|Stone Edge|p1a: Hawlucha|[miss]\n|-miss|p2a: Rhyperior|p1a: Hawlucha\n|\n|upkeep\n|turn|4\n|inactive|Time left: 300 sec this turn | 300 sec total\n|\n|t:|1783541310\n|move|p1a: Hawlucha|Close Combat|p2a: Rhyperior\n|-supereffective|p2a: Rhyperior\n|-damage|p2a: Rhyperior|0 fnt\n|-unboost|p1a: Hawlucha|def|1\n|-unboost|p1a: Hawlucha|spd|1\n|faint|p2a: Rhyperior\n|\n|upkeep\n|\n|t:|1783541311\n|switch|p2a: Malamar|Malamar, L82, M|100/100\n|turn|5\n|inactive|Time left: 300 sec this turn | 300 sec total\n|\n|t:|1783541312\n|switch|p1a: Dragapult|Dragapult, L77, M|262/262\n|move|p2a: Malamar|Superpower|p1a: Dragapult\n|-immune|p1a: Dragapult\n|\n|upkeep\n|turn|6\n|inactive|Time left: 300 sec this turn | 300 sec total\n|\n|t:|1783541313\n|move|p1a: Dragapult|U-turn|p2a: Malamar\n|-supereffective|p2a: Malamar\n|-damage|p2a: Malamar|32/100\n|inactive|Time left: 300 sec this turn | 300 sec total | 5 sec grace\n|\n|t:|1783541314\n|switch|p1a: Hawlucha|Hawlucha, L80, F|105/256|[from] U-turn\n|move|p2a: Malamar|Knock Off|p1a: Hawlucha\n|-resisted|p1a: Hawlucha\n|-damage|p1a: Hawlucha|66/256\n|\n|upkeep\n|turn|7\n|inactive|Time left: 300 sec this turn | 300 sec total\n|\n|t:|1783541315\n|switch|p2a: Granbull|Granbull, L88, M|100/100\n|-ability|p2a: Granbull|Intimidate|boost\n|-unboost|p1a: Hawlucha|atk|1\n|move|p1a: Hawlucha|Acrobatics|p2a: Granbull\n|-damage|p2a: Granbull|77/100\n|\n|-heal|p2a: Granbull|83/100|[from] item: Leftovers\n|upkeep\n|turn|8\n|inactive|Time left: 300 sec this turn | 300 sec total\n|\n|t:|1783541316\n|move|p1a: Hawlucha|Swords Dance|p1a: Hawlucha\n|-boost|p1a: Hawlucha|atk|2\n|move|p2a: Granbull|Play Rough|p1a: Hawlucha\n|-supereffective|p1a: Hawlucha\n|-damage|p1a: Hawlucha|0 fnt\n|faint|p1a: Hawlucha\n|\n|-heal|p2a: Granbull|89/100|[from] item: Leftovers\n|upkeep\n|inactive|Time left: 300 sec this turn | 300 sec total | 5 sec grace\n|\n|t:|1783541317\n|switch|p1a: Toucannon|Toucannon, L88, M|284/284\n|turn|9\n|inactive|Time left: 300 sec this turn | 300 sec total\n|\n|t:|1783541318\n|move|p1a: Toucannon|Boomburst|p2a: Granbull\n|-damage|p2a: Granbull|32/100\n|move|p2a: Granbull|Play Rough|p1a: Toucannon\n|-damage|p1a: Toucannon|145/284\n|\n|-heal|p2a: Granbull|38/100|[from] item: Leftovers\n|upkeep\n|turn|10\n|inactive|Time left: 300 sec this turn | 300 sec total\n|\n|t:|1783541319\n|switch|p2a: Empoleon|Empoleon, L84, M|100/100\n|move|p1a: Toucannon|Boomburst|p2a: Empoleon\n|-resisted|p2a: Empoleon\n|-damage|p2a: Empoleon|77/100\n|\n|-heal|p2a: Empoleon|83/100|[from] item: Leftovers\n|upkeep\n|turn|11\n|inactive|Time left: 300 sec this turn | 300 sec total\n|\n|t:|1783541320\n|move|p1a: Toucannon|Roost|p1a: Toucannon\n|-heal|p1a: Toucannon|284/284\n|-singleturn|p1a: Toucannon|move: Roost\n|move|p2a: Empoleon|Surf|p1a: Toucannon\n|-damage|p1a: Toucannon|176/284\n|\n|-heal|p2a: Empoleon|89/100|[from] item: Leftovers\n|upkeep\n|turn|12\n|inactive|Time left: 300 sec this turn | 300 sec total\n|\n|t:|1783541322\n|move|p1a: Toucannon|Roost|p1a: Toucannon\n|-heal|p1a: Toucannon|284/284\n|-singleturn|p1a: Toucannon|move: Roost\n|move|p2a: Empoleon|Ice Beam|p1a: Toucannon\n|-damage|p1a: Toucannon|210/284\n|\n|-heal|p2a: Empoleon|95/100|[from] item: Leftovers\n|upkeep\n|turn|13\n|inactive|Time left: 300 sec this turn | 300 sec total\n|\n|t:|1783541323\n|move|p1a: Toucannon|Roost|p1a: Toucannon\n|-heal|p1a: Toucannon|284/284\n|-singleturn|p1a: Toucannon|move: Roost\n|move|p2a: Empoleon|Surf|p1a: Toucannon\n|-damage|p1a: Toucannon|169/284\n|\n|-heal|p2a: Empoleon|100/100|[from] item: Leftovers\n|upkeep\n|turn|14\n|inactive|Time left: 300 sec this turn | 300 sec total\n|\n|t:|1783541323\n|move|p1a: Toucannon|Roost|p1a: Toucannon\n|-heal|p1a: Toucannon|284/284\n|-singleturn|p1a: Toucannon|move: Roost\n|move|p2a: Empoleon|Ice Beam|p1a: Toucannon\n|-damage|p1a: Toucannon|212/284\n|\n|upkeep\n|turn|15\n|inactive|Time left: 300 sec this turn | 300 sec total\n|\n|t:|1783541324\n|move|p1a: Toucannon|Roost|p1a: Toucannon\n|-heal|p1a: Toucannon|284/284\n|-singleturn|p1a: Toucannon|move: Roost\n|move|p2a: Empoleon|Ice Beam|p1a: Toucannon\n|-damage|p1a: Toucannon|201/284\n|\n|upkeep\n|turn|16\n|inactive|Time left: 300 sec this turn | 300 sec total\n|\n|t:|1783541325\n|move|p1a: Toucannon|Roost|p1a: Toucannon\n|-heal|p1a: Toucannon|284/284\n|-singleturn|p1a: Toucannon|move: Roost\n|move|p2a: Empoleon|Ice Beam|p1a: Toucannon\n|-damage|p1a: Toucannon|210/284\n|-status|p1a: Toucannon|frz\n|\n|upkeep\n|turn|17\n|inactive|Time left: 300 sec this turn | 300 sec total\n|\n|t:|1783541326\n|switch|p1a: Emboar|Emboar, L84, M|322/322\n|move|p2a: Empoleon|Surf|p1a: Emboar\n|-supereffective|p1a: Emboar\n|-crit|p1a: Emboar\n|-damage|p1a: Emboar|58/322\n|\n|upkeep\n|turn|18\n|inactive|Time left: 300 sec this turn | 300 sec total\n|\n|t:|1783541327\n|switch|p2a: Granbull|Granbull, L88, M|38/100\n|-ability|p2a: Granbull|Intimidate|boost\n|-unboost|p1a: Emboar|atk|1\n|move|p1a: Emboar|Close Combat|p2a: Granbull\n|-resisted|p2a: Granbull\n|-damage|p2a: Granbull|19/100\n|-unboost|p1a: Emboar|def|1\n|-unboost|p1a: Emboar|spd|1\n|\n|-heal|p2a: Granbull|25/100|[from] item: Leftovers\n|upkeep\n|turn|19\n|inactive|Time left: 300 sec this turn | 300 sec total\n|\n|t:|1783541328\n|switch|p2a: Wyrdeer|Wyrdeer, L87, F|100/100\n|-ability|p2a: Wyrdeer|Intimidate|boost\n|-unboost|p1a: Emboar|atk|1\n|move|p1a: Emboar|Flare Blitz|p2a: Wyrdeer\n|-damage|p2a: Wyrdeer|67/100\n|-damage|p1a: Emboar|23/322|[from] Recoil\n|\n|-heal|p2a: Wyrdeer|74/100|[from] item: Leftovers\n|upkeep\n|turn|20\n|inactive|Time left: 300 sec this turn | 300 sec total\n|\n|t:|1783541329\n|switch|p1a: Regirock|Regirock, L83|268/268\n|move|p2a: Wyrdeer|Earthquake|p1a: Regirock\n|-supereffective|p1a: Regirock\n|-damage|p1a: Regirock|178/268\n|\n|-heal|p2a: Wyrdeer|80/100|[from] item: Leftovers\n|-heal|p1a: Regirock|194/268|[from] item: Leftovers\n|upkeep\n|turn|21\n|inactive|Time left: 300 sec this turn | 300 sec total\n|\n|t:|1783541330\n|move|p2a: Wyrdeer|Psychic Noise|p1a: Regirock\n|-damage|p1a: Regirock|107/268\n|-start|p1a: Regirock|move: Heal Block\n|move|p1a: Regirock|Iron Defense|p1a: Regirock\n|-boost|p1a: Regirock|def|2\n|\n|-heal|p2a: Wyrdeer|86/100|[from] item: Leftovers\n|upkeep\n|turn|22\n|inactive|Time left: 300 sec this turn | 300 sec total\n|\n|t:|1783541331\n|move|p2a: Wyrdeer|Psychic Noise|p1a: Regirock\n|-damage|p1a: Regirock|29/268\n|move|p1a: Regirock|Body Press|p2a: Wyrdeer\n|-damage|p2a: Wyrdeer|17/100\n|\n|-heal|p2a: Wyrdeer|23/100|[from] item: Leftovers\n|-end|p1a: Regirock|move: Heal Block\n|upkeep\n|turn|23\n|inactive|Time left: 300 sec this turn | 300 sec total\n|\n|t:|1783541331\n|move|p2a: Wyrdeer|Psychic Noise|p1a: Regirock\n|-damage|p1a: Regirock|0 fnt\n|faint|p1a: Regirock\n|\n|-heal|p2a: Wyrdeer|29/100|[from] item: Leftovers\n|upkeep\n|inactive|Time left: 300 sec this turn | 300 sec total | 5 sec grace\n|\n|t:|1783541332\n|switch|p1a: Dragapult|Dragapult, L77, M|262/262\n|turn|24\n|inactive|Time left: 300 sec this turn | 300 sec total\n|\n|t:|1783541333\n|switch|p2a: Empoleon|Empoleon, L84, M|100/100\n|move|p1a: Dragapult|Fire Blast|p2a: Empoleon\n|-damage|p2a: Empoleon|67/100\n|\n|-heal|p2a: Empoleon|73/100|[from] item: Leftovers\n|upkeep\n|turn|25\n|inactive|Time left: 300 sec this turn | 300 sec total\n|\n|t:|1783541334\n|move|p1a: Dragapult|Fire Blast|p2a: Empoleon|[miss]\n|-miss|p1a: Dragapult|p2a: Empoleon\n|move|p2a: Empoleon|Ice Beam|p1a: Dragapult\n|-supereffective|p1a: Dragapult\n|-damage|p1a: Dragapult|102/262\n|\n|-heal|p2a: Empoleon|79/100|[from] item: Leftovers\n|upkeep\n|turn|26\n|inactive|Time left: 300 sec this turn | 300 sec total\n|\n|t:|1783541335\n|move|p1a: Dragapult|Fire Blast|p2a: Empoleon\n|-damage|p2a: Empoleon|47/100\n|move|p2a: Empoleon|Ice Beam|p1a: Dragapult\n|-supereffective|p1a: Dragapult\n|-damage|p1a: Dragapult|0 fnt\n|faint|p1a: Dragapult\n|\n|-heal|p2a: Empoleon|53/100|[from] item: Leftovers\n|upkeep\n|inactive|Time left: 300 sec this turn | 300 sec total | 5 sec grace\n|\n|t:|1783541335\n|switch|p1a: Emboar|Emboar, L84, M|23/322\n|turn|27\n|inactive|Time left: 300 sec this turn | 300 sec total\n|\n|t:|1783541336\n|switch|p2a: Granbull|Granbull, L88, M|25/100\n|-ability|p2a: Granbull|Intimidate|boost\n|-unboost|p1a: Emboar|atk|1\n|move|p1a: Emboar|Close Combat|p2a: Granbull\n|-resisted|p2a: Granbull\n|-damage|p2a: Granbull|7/100\n|-unboost|p1a: Emboar|def|1\n|-unboost|p1a: Emboar|spd|1\n|\n|-heal|p2a: Granbull|13/100|[from] item: Leftovers\n|upkeep\n|turn|28\n|inactive|Time left: 300 sec this turn | 300 sec total\n|\n|t:|1783541337\n|switch|p2a: Wyrdeer|Wyrdeer, L87, F|29/100\n|-ability|p2a: Wyrdeer|Intimidate|boost\n|-unboost|p1a: Emboar|atk|1\n|move|p1a: Emboar|Flare Blitz|p2a: Wyrdeer\n|-damage|p2a: Wyrdeer|0 fnt\n|faint|p2a: Wyrdeer\n|-damage|p1a: Emboar|0 fnt|[from] Recoil\n|faint|p1a: Emboar\n|\n|upkeep\n|inactive|Time left: 300 sec this turn | 300 sec total | 5 sec grace\n|\n|t:|1783541338\n|switch|p2a: Malamar|Malamar, L82, M|32/100\n|switch|p1a: Toucannon|Toucannon, L88, M|210/284 frz\n|turn|29\n|inactive|Time left: 300 sec this turn | 300 sec total\n|\n|t:|1783541339\n|-singleturn|p1a: Toucannon|move: Beak Blast\n|move|p2a: Malamar|Superpower|p1a: Toucannon\n|-damage|p1a: Toucannon|128/284 frz\n|-status|p2a: Malamar|brn\n|-boost|p2a: Malamar|atk|1\n|-boost|p2a: Malamar|def|1\n|cant|p1a: Toucannon|frz\n|\n|-damage|p2a: Malamar|26/100 brn|[from] brn\n|upkeep\n|turn|30\n|inactive|Time left: 300 sec this turn | 300 sec total\n|\n|t:|1783541341\n|move|p2a: Malamar|Rest|p2a: Malamar\n|-status|p2a: Malamar|slp|[from] move: Rest\n|-heal|p2a: Malamar|100/100 slp|[silent]\n|-enditem|p2a: Malamar|Chesto Berry|[eat]\n|-curestatus|p2a: Malamar|slp|[msg]\n|cant|p1a: Toucannon|frz\n|\n|upkeep\n|turn|31\n|inactive|Time left: 300 sec this turn | 300 sec total\n|\n|t:|1783541341\n|-terastallize|p2a: Malamar|Fighting\n|move|p2a: Malamar|Superpower|p1a: Toucannon\n|-damage|p1a: Toucannon|0 fnt\n|-boost|p2a: Malamar|atk|1\n|-boost|p2a: Malamar|def|1\n|faint|p1a: Toucannon\n|\n|upkeep\n|inactive|Time left: 300 sec this turn | 300 sec total | 5 sec grace\n|\n|t:|1783541342\n|switch|p1a: Blissey|Blissey, L85, F|572/572\n|turn|32\n|inactive|Time left: 300 sec this turn | 300 sec total\n|\n|t:|1783541343\n|move|p2a: Malamar|Superpower|p1a: Blissey\n|-supereffective|p1a: Blissey\n|-damage|p1a: Blissey|0 fnt\n|-boost|p2a: Malamar|atk|1\n|-boost|p2a: Malamar|def|1\n|faint|p1a: Blissey\n|\n|win|p0y152d288", "uploadtime": 1783541343, "views": 0, "rating": 0, "private": 0, "password": null, "_winner": "p0y152d288", "_our_name": "p0x152cc2d"}