{"id": "battle-gen9randombattle-2289", "formatid": "gen9randombattle", "format": "[Gen 9] Random Battle", "players": ["p0x22898c6b", "p0y22893934"], "log": "|init|battle\n|title|p0x22898c6b vs. p0y22893934\n|j|\u2606p0x22898c6b\n|j|\u2606p0y22893934\n|t:|1783566534\n|gametype|singles\n|player|p1|p0x22898c6b|265|\n|player|p2|p0y22893934|101|\n|gen|9\n|tier|[Gen 9] Random Battle\n|rule|Species Clause: Limit one of each Pok\u00e9mon\n|rule|HP Percentage Mod: HP is shown in percentages\n|rule|Sleep Clause Mod: Limit one foe put to sleep\n|rule|Illusion Level Mod: Illusion disguises the Pok\u00e9mon's true level\n|\n|t:|1783566534\n|teamsize|p1|6\n|teamsize|p2|6\n|start\n|switch|p1a: Ursaring|Ursaring, L84, F|100/100\n|switch|p2a: Orthworm|Orthworm, L88, M|266/266\n|turn|1\n|inactive|Battle timer is ON: inactive players will automatically lose when time's up. (requested by p0y22893934)\n|inactive|p0x22898c6b also wants the timer to be on.\n|\n|t:|1783566536\n|switch|p1a: Ceruledge|Ceruledge, L78, F|100/100\n|move|p2a: Orthworm|Coil|p2a: Orthworm\n|-boost|p2a: Orthworm|atk|1\n|-boost|p2a: Orthworm|def|1\n|-boost|p2a: Orthworm|accuracy|1\n|\n|upkeep\n|turn|2\n|inactive|Time left: 300 sec this turn | 300 sec total\n|\n|t:|1783566537\n|move|p1a: Ceruledge|Swords Dance|p1a: Ceruledge\n|-boost|p1a: Ceruledge|atk|2\n|move|p2a: Orthworm|Coil|p2a: Orthworm\n|-boost|p2a: Orthworm|atk|1\n|-boost|p2a: Orthworm|def|1\n|-boost|p2a: Orthworm|accuracy|1\n|\n|upkeep\n|turn|3\n|inactive|Time left: 300 sec this turn | 300 sec total\n|\n|t:|1783566538\n|move|p1a: Ceruledge|Bitter Blade|p2a: Orthworm\n|-supereffective|p2a: Orthworm\n|-damage|p2a: Orthworm|126/266\n|move|p2a: Orthworm|Coil|p2a: Orthworm\n|-boost|p2a: Orthworm|atk|1\n|-boost|p2a: Orthworm|def|1\n|-boost|p2a: Orthworm|accuracy|1\n|\n|upkeep\n|turn|4\n|inactive|Time left: 300 sec this turn | 300 sec total\n|\n|t:|1783566539\n|move|p1a: Ceruledge|Bitter Blade|p2a: Orthworm\n|-supereffective|p2a: Orthworm\n|-damage|p2a: Orthworm|28/266\n|move|p2a: Orthworm|Rest|p2a: Orthworm\n|-status|p2a: Orthworm|slp|[from] move: Rest\n|-heal|p2a: Orthworm|266/266 slp|[silent]\n|-enditem|p2a: Orthworm|Chesto Berry|[eat]\n|-curestatus|p2a: Orthworm|slp|[msg]\n|\n|upkeep\n|turn|5\n|inactive|Time left: 300 sec this turn | 300 sec total\n|\n|t:|1783566541\n|move|p1a: Ceruledge|Bitter Blade|p2a: Orthworm\n|-supereffective|p2a: Orthworm\n|-damage|p2a: Orthworm|158/266\n|move|p2a: Orthworm|Iron Tail|p1a: Ceruledge\n|-resisted|p1a: Ceruledge\n|-damage|p1a: Ceruledge|34/100\n|-ability|p1a: Ceruledge|Weak Armor|boost\n|-unboost|p1a: Ceruledge|def|1\n|-boost|p1a: Ceruledge|spe|2\n|\n|upkeep\n|turn|6\n|inactive|Time left: 300 sec this turn | 300 sec total\n|\n|t:|1783566542\n|move|p1a: Ceruledge|Bitter Blade|p2a: Orthworm\n|-supereffective|p2a: Orthworm\n|-damage|p2a: Orthworm|44/266\n|-heal|p1a: Ceruledge|58/100|[from] drain|[of] p2a: Orthworm\n|move|p2a: Orthworm|Iron Tail|p1a: Ceruledge\n|-resisted|p1a: Ceruledge\n|-damage|p1a: Ceruledge|0 fnt\n|faint|p1a: Ceruledge\n|\n|upkeep\n|\n|t:|1783566543\n|switch|p1a: Gardevoir|Gardevoir, L83, M|100/100\n|-ability|p1a: Gardevoir|Earth Eater|Trace|[from] ability: Trace|[of] p2a: Orthworm\n|turn|7\n|inactive|Time left: 300 sec this turn | 300 sec total\n|\n|t:|1783566544\n|move|p1a: Gardevoir|Mystical Fire|p2a: Orthworm\n|-supereffective|p2a: Orthworm\n|-damage|p2a: Orthworm|0 fnt\n|faint|p2a: Orthworm\n|\n|upkeep\n|inactive|Time left: 300 sec this turn | 300 sec total | 5 sec grace\n|\n|t:|1783566546\n|switch|p2a: Crawdaunt|Crawdaunt, L84, F|243/243\n|turn|8\n|inactive|Time left: 300 sec this turn | 300 sec total\n|\n|t:|1783566546\n|move|p1a: Gardevoir|Mystical Fire|p2a: Crawdaunt\n|-resisted|p2a: Crawdaunt\n|-damage|p2a: Crawdaunt|202/243\n|-unboost|p2a: Crawdaunt|spa|1\n|move|p2a: Crawdaunt|Knock Off|p1a: Gardevoir\n|-damage|p1a: Gardevoir|0 fnt\n|-enditem|p1a: Gardevoir|Choice Scarf|[from] move: Knock Off|[of] p2a: Crawdaunt\n|faint|p1a: Gardevoir\n|\n|upkeep\n|\n|t:|1783566547\n|switch|p1a: Gallade|Gallade, L80, M|100/100\n|turn|9\n|inactive|Time left: 300 sec this turn | 300 sec total\n|\n|t:|1783566548\n|switch|p2a: Araquanid|Araquanid, L82, F|246/246\n|move|p1a: Gallade|Sacred Sword|p2a: Araquanid\n|-resisted|p2a: Araquanid\n|-damage|p2a: Araquanid|125/246\n|\n|upkeep\n|turn|10\n|inactive|Time left: 300 sec this turn | 300 sec total\n|\n|t:|1783566550\n|move|p1a: Gallade|Sacred Sword|p2a: Araquanid\n|-resisted|p2a: Araquanid\n|-damage|p2a: Araquanid|0 fnt\n|faint|p2a: Araquanid\n|\n|upkeep\n|inactive|Time left: 300 sec this turn | 300 sec total | 5 sec grace\n|\n|t:|1783566551\n|switch|p2a: Braviary|Braviary, L85, M|309/309\n|turn|11\n|inactive|Time left: 300 sec this turn | 300 sec total\n|\n|t:|1783566552\n|move|p2a: Braviary|Brave Bird|p1a: Gallade\n|-supereffective|p1a: Gallade\n|-damage|p1a: Gallade|0 fnt\n|faint|p1a: Gallade\n|-damage|p2a: Braviary|230/309|[from] Recoil\n|\n|upkeep\n|\n|t:|1783566553\n|switch|p1a: Staraptor|Staraptor, L79, F|100/100\n|turn|12\n|inactive|Time left: 300 sec this turn | 300 sec total\n|\n|t:|1783566554\n|move|p1a: Staraptor|Brave Bird|p2a: Braviary\n|-damage|p2a: Braviary|0 fnt\n|faint|p2a: Braviary\n|-damage|p1a: Staraptor|72/100|[from] Recoil\n|\n|upkeep\n|inactive|Time left: 300 sec this turn | 300 sec total | 5 sec grace\n|\n|t:|1783566555\n|switch|p2a: Luxray|Luxray, L88, F|283/283\n|turn|13\n|inactive|Time left: 300 sec this turn | 300 sec total\n|\n|t:|1783566556\n|move|p1a: Staraptor|Brave Bird|p2a: Luxray\n|-resisted|p2a: Luxray\n|-damage|p2a: Luxray|154/283\n|-damage|p1a: Staraptor|55/100|[from] Recoil\n|move|p2a: Luxray|Supercell Slam|p1a: Staraptor\n|-supereffective|p1a: Staraptor\n|-damage|p1a: Staraptor|0 fnt\n|faint|p1a: Staraptor\n|\n|-status|p2a: Luxray|brn|[from] item: Flame Orb\n|upkeep\n|\n|t:|1783566557\n|switch|p1a: Ursaring|Ursaring, L84, F|100/100\n|turn|14\n|inactive|Time left: 300 sec this turn | 300 sec total\n|\n|t:|1783566558\n|-terastallize|p2a: Luxray|Normal\n|-terastallize|p1a: Ursaring|Ground\n|move|p2a: Luxray|Facade|p1a: Ursaring\n|-damage|p1a: Ursaring|29/100\n|move|p1a: Ursaring|Earthquake|p2a: Luxray\n|-crit|p2a: Luxray\n|-damage|p2a: Luxray|0 fnt\n|faint|p2a: Luxray\n|\n|upkeep\n|inactive|Time left: 300 sec this turn | 300 sec total | 5 sec grace\n|\n|t:|1783566559\n|switch|p2a: Crawdaunt|Crawdaunt, L84, F|202/243\n|turn|15\n|inactive|Time left: 300 sec this turn | 300 sec total\n|\n|t:|1783566560\n|move|p2a: Crawdaunt|Knock Off|p1a: Ursaring\n|-damage|p1a: Ursaring|0 fnt\n|-enditem|p1a: Ursaring|Eviolite|[from] move: Knock Off|[of] p2a: Crawdaunt\n|faint|p1a: Ursaring\n|\n|upkeep\n|\n|t:|1783566560\n|switch|p1a: Feraligatr|Feraligatr, L79, F|100/100\n|turn|16\n|inactive|Time left: 300 sec this turn | 300 sec total\n|\n|t:|1783566561\n|move|p1a: Feraligatr|Dragon Dance|p1a: Feraligatr\n|-boost|p1a: Feraligatr|atk|1\n|-boost|p1a: Feraligatr|spe|1\n|move|p2a: Crawdaunt|Knock Off|p1a: Feraligatr\n|-damage|p1a: Feraligatr|18/100\n|-enditem|p1a: Feraligatr|Life Orb|[from] move: Knock Off|[of] p2a: Crawdaunt\n|\n|upkeep\n|turn|17\n|inactive|Time left: 300 sec this turn | 300 sec total\n|\n|t:|1783566562\n|move|p1a: Feraligatr|Ice Punch|p2a: Crawdaunt\n|-resisted|p2a: Crawdaunt\n|-damage|p2a: Crawdaunt|156/243\n|move|p2a: Crawdaunt|Knock Off|p1a: Feraligatr\n|-damage|p1a: Feraligatr|0 fnt\n|faint|p1a: Feraligatr\n|\n|win|p0y22893934", "uploadtime": 1783566562, "views": 0, "rating": 0, "private": 0, "password": null, "_winner": "p0y22893934", "_our_name": "p0y22893934"}