{"id": "battle-gen9randombattle-465", "formatid": "gen9randombattle", "format": "[Gen 9] Random Battle", "players": ["p0x465d401", "p0y4653fda"], "log": "|init|battle\n|title|p0x465d401 vs. p0y4653fda\n|j|\u2606p0x465d401\n|j|\u2606p0y4653fda\n|t:|1783544448\n|gametype|singles\n|player|p1|p0x465d401|2|\n|player|p2|p0y4653fda|266|\n|gen|9\n|tier|[Gen 9] Random Battle\n|rule|Species Clause: Limit one of each Pok\u00e9mon\n|rule|HP Percentage Mod: HP is shown in percentages\n|rule|Sleep Clause Mod: Limit one foe put to sleep\n|rule|Illusion Level Mod: Illusion disguises the Pok\u00e9mon's true level\n|\n|t:|1783544448\n|teamsize|p1|6\n|teamsize|p2|6\n|start\n|switch|p1a: Cloyster|Cloyster, L80, F|211/211\n|switch|p2a: Froslass|Froslass, L87, F|100/100\n|turn|1\n|inactive|Battle timer is ON: inactive players will automatically lose when time's up. (requested by p0x465d401)\n|inactive|p0y4653fda also wants the timer to be on.\n|\n|t:|1783544450\n|switch|p2a: Lumineon|Lumineon, L93, F|100/100\n|move|p1a: Cloyster|Shell Smash|p1a: Cloyster\n|-unboost|p1a: Cloyster|def|1\n|-unboost|p1a: Cloyster|spd|1\n|-boost|p1a: Cloyster|atk|2\n|-boost|p1a: Cloyster|spa|2\n|-boost|p1a: Cloyster|spe|2\n|-enditem|p1a: Cloyster|White Herb\n|-clearnegativeboost|p1a: Cloyster|[silent]\n|\n|upkeep\n|turn|2\n|inactive|Time left: 300 sec this turn | 300 sec total\n|\n|t:|1783544451\n|move|p1a: Cloyster|Rock Blast|p2a: Lumineon\n|-damage|p2a: Lumineon|89/100\n|-damage|p2a: Lumineon|77/100\n|-damage|p2a: Lumineon|66/100\n|-damage|p2a: Lumineon|54/100\n|-damage|p2a: Lumineon|42/100\n|-hitcount|p2a: Lumineon|5\n|move|p2a: Lumineon|Hydro Pump|p1a: Cloyster\n|-resisted|p1a: Cloyster\n|-damage|p1a: Cloyster|97/211\n|-damage|p2a: Lumineon|32/100|[from] item: Life Orb\n|\n|upkeep\n|turn|3\n|inactive|Time left: 300 sec this turn | 300 sec total\n|\n|t:|1783544452\n|switch|p2a: Milotic|Milotic, L83, F|100/100\n|move|p1a: Cloyster|Icicle Spear|p2a: Milotic\n|-resisted|p2a: Milotic\n|-damage|p2a: Milotic|92/100\n|-resisted|p2a: Milotic\n|-damage|p2a: Milotic|84/100\n|-resisted|p2a: Milotic\n|-damage|p2a: Milotic|76/100\n|-resisted|p2a: Milotic\n|-damage|p2a: Milotic|67/100\n|-resisted|p2a: Milotic\n|-damage|p2a: Milotic|58/100\n|-hitcount|p2a: Milotic|5\n|\n|-heal|p2a: Milotic|64/100|[from] item: Leftovers\n|upkeep\n|turn|4\n|inactive|Time left: 300 sec this turn | 300 sec total\n|\n|t:|1783544453\n|move|p1a: Cloyster|Icicle Spear|p2a: Milotic\n|-resisted|p2a: Milotic\n|-damage|p2a: Milotic|56/100\n|-resisted|p2a: Milotic\n|-damage|p2a: Milotic|47/100\n|-resisted|p2a: Milotic\n|-damage|p2a: Milotic|37/100\n|-resisted|p2a: Milotic\n|-damage|p2a: Milotic|28/100\n|-resisted|p2a: Milotic\n|-damage|p2a: Milotic|19/100\n|-hitcount|p2a: Milotic|5\n|move|p2a: Milotic|Haze|p2a: Milotic\n|-clearallboost\n|\n|-heal|p2a: Milotic|25/100|[from] item: Leftovers\n|upkeep\n|turn|5\n|inactive|Time left: 300 sec this turn | 300 sec total\n|\n|t:|1783544454\n|move|p2a: Milotic|Recover|p2a: Milotic\n|-heal|p2a: Milotic|75/100\n|move|p1a: Cloyster|Shell Smash|p1a: Cloyster\n|-unboost|p1a: Cloyster|def|1\n|-unboost|p1a: Cloyster|spd|1\n|-boost|p1a: Cloyster|atk|2\n|-boost|p1a: Cloyster|spa|2\n|-boost|p1a: Cloyster|spe|2\n|\n|-heal|p2a: Milotic|81/100|[from] item: Leftovers\n|upkeep\n|turn|6\n|inactive|Time left: 300 sec this turn | 300 sec total\n|\n|t:|1783544455\n|move|p1a: Cloyster|Rock Blast|p2a: Milotic\n|-damage|p2a: Milotic|69/100\n|-damage|p2a: Milotic|57/100\n|-damage|p2a: Milotic|45/100\n|-damage|p2a: Milotic|32/100\n|-damage|p2a: Milotic|19/100\n|-hitcount|p2a: Milotic|5\n|move|p2a: Milotic|Scald|p1a: Cloyster\n|-resisted|p1a: Cloyster\n|-damage|p1a: Cloyster|0 fnt\n|faint|p1a: Cloyster\n|\n|-heal|p2a: Milotic|25/100|[from] item: Leftovers\n|upkeep\n|inactive|Time left: 300 sec this turn | 300 sec total | 5 sec grace\n|\n|t:|1783544456\n|switch|p1a: Iron Valiant|Iron Valiant, L78|244/244\n|turn|7\n|inactive|Time left: 300 sec this turn | 300 sec total\n|\n|t:|1783544458\n|switch|p2a: Ribombee|Ribombee, L83, F|100/100\n|move|p1a: Iron Valiant|Moonblast|p2a: Ribombee\n|-damage|p2a: Ribombee|29/100\n|-damage|p1a: Iron Valiant|220/244|[from] item: Life Orb\n|\n|upkeep\n|turn|8\n|inactive|Time left: 300 sec this turn | 300 sec total\n|\n|t:|1783544459\n|-end|p1a: Iron Valiant|Quark Drive|[silent]\n|switch|p1a: Regice|Regice, L88|284/284\n|move|p2a: Ribombee|Sticky Web|p1a: Regice\n|-sidestart|p1: p0x465d401|move: Sticky Web\n|\n|upkeep\n|turn|9\n|inactive|Time left: 300 sec this turn | 300 sec total\n|\n|t:|1783544460\n|switch|p2a: Froslass|Froslass, L87, F|100/100\n|move|p1a: Regice|Ice Beam|p2a: Froslass\n|-resisted|p2a: Froslass\n|-damage|p2a: Froslass|75/100\n|\n|upkeep\n|turn|10\n|inactive|Time left: 300 sec this turn | 300 sec total\n|\n|t:|1783544462\n|move|p2a: Froslass|Spikes|p1a: Regice\n|-sidestart|p1: p0x465d401|Spikes\n|move|p1a: Regice|Thunderbolt|p2a: Froslass\n|-damage|p2a: Froslass|45/100\n|\n|upkeep\n|turn|11\n|inactive|Time left: 300 sec this turn | 300 sec total\n|\n|t:|1783544463\n|move|p2a: Froslass|Spikes|p1a: Regice\n|-sidestart|p1: p0x465d401|Spikes\n|move|p1a: Regice|Ice Beam|p2a: Froslass\n|-resisted|p2a: Froslass\n|-damage|p2a: Froslass|20/100\n|-start|p1a: Regice|Disable|Ice Beam|[from] ability: Cursed Body|[of] p2a: Froslass\n|\n|upkeep\n|turn|12\n|inactive|Time left: 300 sec this turn | 300 sec total\n|\n|t:|1783544464\n|move|p2a: Froslass|Poltergeist|p1a: Regice\n|-activate|p1a: Regice|move: Poltergeist|Heavy-Duty Boots\n|-damage|p1a: Regice|187/284\n|move|p1a: Regice|Thunderbolt|p2a: Froslass\n|-damage|p2a: Froslass|0 fnt\n|faint|p2a: Froslass\n|\n|upkeep\n|\n|t:|1783544465\n|switch|p2a: Milotic|Milotic, L83, F|25/100\n|turn|13\n|inactive|Time left: 300 sec this turn | 300 sec total\n|\n|t:|1783544466\n|move|p2a: Milotic|Recover|p2a: Milotic\n|-heal|p2a: Milotic|76/100\n|move|p1a: Regice|Thunderbolt|p2a: Milotic\n|-supereffective|p2a: Milotic\n|-damage|p2a: Milotic|37/100\n|\n|-heal|p2a: Milotic|44/100|[from] item: Leftovers\n|upkeep\n|turn|14\n|inactive|Time left: 300 sec this turn | 300 sec total\n|\n|t:|1783544467\n|move|p2a: Milotic|Recover|p2a: Milotic\n|-heal|p2a: Milotic|94/100\n|move|p1a: Regice|Thunderbolt|p2a: Milotic\n|-supereffective|p2a: Milotic\n|-damage|p2a: Milotic|53/100\n|\n|-heal|p2a: Milotic|60/100|[from] item: Leftovers\n|-end|p1a: Regice|Disable\n|upkeep\n|turn|15\n|inactive|Time left: 300 sec this turn | 300 sec total\n|\n|t:|1783544468\n|move|p2a: Milotic|Recover|p2a: Milotic\n|-heal|p2a: Milotic|100/100\n|move|p1a: Regice|Thunderbolt|p2a: Milotic\n|-supereffective|p2a: Milotic\n|-damage|p2a: Milotic|60/100\n|\n|-heal|p2a: Milotic|66/100|[from] item: Leftovers\n|upkeep\n|turn|16\n|inactive|Time left: 300 sec this turn | 300 sec total\n|\n|t:|1783544469\n|move|p2a: Milotic|Recover|p2a: Milotic\n|-heal|p2a: Milotic|100/100\n|move|p1a: Regice|Thunderbolt|p2a: Milotic\n|-supereffective|p2a: Milotic\n|-damage|p2a: Milotic|64/100\n|\n|-heal|p2a: Milotic|70/100|[from] item: Leftovers\n|upkeep\n|turn|17\n|inactive|Time left: 300 sec this turn | 300 sec total\n|\n|t:|1783544470\n|move|p2a: Milotic|Scald|p1a: Regice\n|-damage|p1a: Regice|142/284\n|move|p1a: Regice|Thunderbolt|p2a: Milotic\n|-supereffective|p2a: Milotic\n|-damage|p2a: Milotic|31/100\n|\n|-heal|p2a: Milotic|37/100|[from] item: Leftovers\n|upkeep\n|turn|18\n|inactive|Time left: 300 sec this turn | 300 sec total\n|\n|t:|1783544471\n|move|p2a: Milotic|Recover|p2a: Milotic\n|-heal|p2a: Milotic|87/100\n|move|p1a: Regice|Thunderbolt|p2a: Milotic\n|-supereffective|p2a: Milotic\n|-damage|p2a: Milotic|52/100\n|\n|-heal|p2a: Milotic|58/100|[from] item: Leftovers\n|upkeep\n|turn|19\n|inactive|Time left: 300 sec this turn | 300 sec total\n|\n|t:|1783544472\n|move|p2a: Milotic|Recover|p2a: Milotic\n|-heal|p2a: Milotic|100/100\n|move|p1a: Regice|Thunderbolt|p2a: Milotic\n|-supereffective|p2a: Milotic\n|-damage|p2a: Milotic|62/100\n|\n|-heal|p2a: Milotic|68/100|[from] item: Leftovers\n|upkeep\n|turn|20\n|inactive|Time left: 300 sec this turn | 300 sec total\n|\n|t:|1783544473\n|move|p2a: Milotic|Scald|p1a: Regice\n|-damage|p1a: Regice|100/284\n|move|p1a: Regice|Ice Beam|p2a: Milotic\n|-resisted|p2a: Milotic\n|-damage|p2a: Milotic|54/100\n|\n|-heal|p2a: Milotic|60/100|[from] item: Leftovers\n|upkeep\n|turn|21\n|inactive|Time left: 300 sec this turn | 300 sec total\n|\n|t:|1783544474\n|move|p2a: Milotic|Recover|p2a: Milotic\n|-heal|p2a: Milotic|100/100\n|move|p1a: Regice|Thunderbolt|p2a: Milotic\n|-supereffective|p2a: Milotic\n|-damage|p2a: Milotic|63/100\n|\n|-heal|p2a: Milotic|69/100|[from] item: Leftovers\n|upkeep\n|turn|22\n|inactive|Time left: 300 sec this turn | 300 sec total\n|\n|t:|1783544475\n|move|p2a: Milotic|Scald|p1a: Regice\n|-damage|p1a: Regice|61/284\n|move|p1a: Regice|Thunderbolt|p2a: Milotic\n|-supereffective|p2a: Milotic\n|-damage|p2a: Milotic|32/100\n|\n|-heal|p2a: Milotic|38/100|[from] item: Leftovers\n|upkeep\n|turn|23\n|inactive|Time left: 300 sec this turn | 300 sec total\n|\n|t:|1783544476\n|move|p2a: Milotic|Scald|p1a: Regice\n|-crit|p1a: Regice\n|-damage|p1a: Regice|0 fnt\n|faint|p1a: Regice\n|\n|-heal|p2a: Milotic|45/100|[from] item: Leftovers\n|upkeep\n|inactive|Time left: 300 sec this turn | 300 sec total | 5 sec grace\n|\n|t:|1783544477\n|switch|p1a: Tsareena|Tsareena, L87, F|267/267\n|turn|24\n|inactive|Time left: 300 sec this turn | 300 sec total\n|\n|t:|1783544478\n|move|p2a: Milotic|Ice Beam|p1a: Tsareena\n|-supereffective|p1a: Tsareena\n|-damage|p1a: Tsareena|147/267\n|move|p1a: Tsareena|Power Whip|p2a: Milotic\n|-supereffective|p2a: Milotic\n|-damage|p2a: Milotic|0 fnt\n|faint|p2a: Milotic\n|\n|upkeep\n|\n|t:|1783544479\n|switch|p2a: Ribombee|Ribombee, L83, F|29/100\n|turn|25\n|inactive|Time left: 300 sec this turn | 300 sec total\n|\n|t:|1783544480\n|move|p2a: Ribombee|Bug Buzz|p1a: Tsareena\n|-supereffective|p1a: Tsareena\n|-damage|p1a: Tsareena|0 fnt\n|faint|p1a: Tsareena\n|\n|upkeep\n|inactive|Time left: 300 sec this turn | 300 sec total | 5 sec grace\n|\n|t:|1783544481\n|switch|p1a: Comfey|Comfey, L85, F|225/225\n|-activate|p1a: Comfey|move: Sticky Web\n|-unboost|p1a: Comfey|spe|1\n|-damage|p1a: Comfey|188/225|[from] Spikes\n|turn|26\n|inactive|Time left: 300 sec this turn | 300 sec total\n|\n|t:|1783544482\n|move|p2a: Ribombee|Stun Spore|p1a: Comfey\n|-status|p1a: Comfey|par\n|move|p1a: Comfey|Calm Mind|p1a: Comfey\n|-boost|p1a: Comfey|spa|1\n|-boost|p1a: Comfey|spd|1\n|\n|-heal|p1a: Comfey|202/225 par|[from] item: Leftovers\n|upkeep\n|turn|27\n|inactive|Time left: 300 sec this turn | 300 sec total\n|\n|t:|1783544483\n|move|p2a: Ribombee|Moonblast|p1a: Comfey\n|-damage|p1a: Comfey|145/225 par\n|move|p1a: Comfey|Calm Mind|p1a: Comfey\n|-boost|p1a: Comfey|spa|1\n|-boost|p1a: Comfey|spd|1\n|\n|-heal|p1a: Comfey|159/225 par|[from] item: Leftovers\n|upkeep\n|turn|28\n|inactive|Time left: 300 sec this turn | 300 sec total\n|\n|t:|1783544484\n|switch|p2a: Corviknight|Corviknight, L80, M|100/100\n|cant|p1a: Comfey|par\n|\n|-heal|p1a: Comfey|173/225 par|[from] item: Leftovers\n|upkeep\n|turn|29\n|inactive|Time left: 300 sec this turn | 300 sec total\n|\n|t:|1783544485\n|move|p1a: Comfey|Draining Kiss|p2a: Corviknight\n|-resisted|p2a: Corviknight\n|-damage|p2a: Corviknight|81/100\n|-heal|p1a: Comfey|216/225 par|[from] drain|[of] p2a: Corviknight\n|-damage|p1a: Comfey|179/225 par|[from] item: Rocky Helmet|[of] p2a: Corviknight\n|move|p2a: Corviknight|Brave Bird|p1a: Comfey\n|-damage|p1a: Comfey|70/225 par\n|-damage|p2a: Corviknight|68/100|[from] Recoil\n|\n|-heal|p1a: Comfey|84/225 par|[from] item: Leftovers\n|upkeep\n|turn|30\n|inactive|Time left: 300 sec this turn | 300 sec total\n|\n|t:|1783544486\n|cant|p1a: Comfey|par\n|move|p2a: Corviknight|Brave Bird|p1a: Comfey\n|-damage|p1a: Comfey|0 fnt\n|faint|p1a: Comfey\n|-damage|p2a: Corviknight|58/100|[from] Recoil\n|\n|upkeep\n|inactive|Time left: 300 sec this turn | 300 sec total | 5 sec grace\n|\n|t:|1783544487\n|switch|p1a: Tauros|Tauros-Paldea-Blaze, L81, M|252/252\n|-activate|p1a: Tauros|move: Sticky Web\n|-unboost|p1a: Tauros|spe|1\n|-damage|p1a: Tauros|210/252|[from] Spikes\n|turn|31\n|inactive|Time left: 300 sec this turn | 300 sec total\n|\n|t:|1783544488\n|move|p2a: Corviknight|Brave Bird|p1a: Tauros\n|-supereffective|p1a: Tauros\n|-damage|p1a: Tauros|16/252\n|-enditem|p1a: Tauros|Sitrus Berry|[eat]\n|-heal|p1a: Tauros|79/252|[from] item: Sitrus Berry\n|-damage|p2a: Corviknight|36/100|[from] Recoil\n|move|p1a: Tauros|Bulk Up|p1a: Tauros\n|-boost|p1a: Tauros|atk|1\n|-boost|p1a: Tauros|def|1\n|\n|upkeep\n|turn|32\n|inactive|Time left: 300 sec this turn | 300 sec total\n|\n|t:|1783544489\n|-terastallize|p1a: Tauros|Water\n|move|p2a: Corviknight|Brave Bird|p1a: Tauros\n|-damage|p1a: Tauros|13/252\n|-damage|p2a: Corviknight|29/100|[from] Recoil\n|move|p1a: Tauros|Bulk Up|p1a: Tauros\n|-boost|p1a: Tauros|atk|1\n|-boost|p1a: Tauros|def|1\n|\n|-activate|p1a: Tauros|ability: Cud Chew\n|-enditem|p1a: Tauros|Sitrus Berry|[eat]\n|-heal|p1a: Tauros|76/252|[from] item: Sitrus Berry\n|upkeep\n|turn|33\n|inactive|Time left: 300 sec this turn | 300 sec total\n|\n|t:|1783544490\n|move|p2a: Corviknight|Brave Bird|p1a: Tauros\n|-damage|p1a: Tauros|30/252\n|-damage|p2a: Corviknight|23/100|[from] Recoil\n|move|p1a: Tauros|Bulk Up|p1a: Tauros\n|-boost|p1a: Tauros|atk|1\n|-boost|p1a: Tauros|def|1\n|\n|upkeep\n|turn|34\n|inactive|Time left: 300 sec this turn | 300 sec total\n|\n|t:|1783544491\n|move|p2a: Corviknight|Brave Bird|p1a: Tauros\n|-damage|p1a: Tauros|0 fnt\n|faint|p1a: Tauros\n|-damage|p2a: Corviknight|20/100|[from] Recoil\n|\n|upkeep\n|inactive|Time left: 300 sec this turn | 300 sec total | 5 sec grace\n|\n|t:|1783544492\n|switch|p1a: Iron Valiant|Iron Valiant, L78|220/244\n|-activate|p1a: Iron Valiant|move: Sticky Web\n|-unboost|p1a: Iron Valiant|spe|1\n|-damage|p1a: Iron Valiant|180/244|[from] Spikes\n|turn|35\n|inactive|Time left: 300 sec this turn | 300 sec total\n|\n|t:|1783544493\n|move|p2a: Corviknight|Brave Bird|p1a: Iron Valiant\n|-supereffective|p1a: Iron Valiant\n|-damage|p1a: Iron Valiant|0 fnt\n|faint|p1a: Iron Valiant\n|-end|p1a: Iron Valiant|Quark Drive|[silent]\n|-damage|p2a: Corviknight|0 fnt|[from] Recoil\n|faint|p2a: Corviknight\n|\n|win|p0y4653fda", "uploadtime": 1783544493, "views": 0, "rating": 0, "private": 0, "password": null, "_winner": "p0y4653fda", "_our_name": "p0x465d401"}