{"id": "battle-gen9randombattle-585", "formatid": "gen9randombattle", "format": "[Gen 9] Random Battle", "players": ["p0x585c3b2", "p0y5857a19"], "log": "|init|battle\n|title|p0x585c3b2 vs. p0y5857a19\n|j|\u2606p0x585c3b2\n|j|\u2606p0y5857a19\n|t:|1783545858\n|gametype|singles\n|player|p1|p0x585c3b2|266|\n|player|p2|p0y5857a19|101|\n|gen|9\n|tier|[Gen 9] Random Battle\n|rule|Species Clause: Limit one of each Pok\u00e9mon\n|rule|HP Percentage Mod: HP is shown in percentages\n|rule|Sleep Clause Mod: Limit one foe put to sleep\n|rule|Illusion Level Mod: Illusion disguises the Pok\u00e9mon's true level\n|\n|t:|1783545858\n|teamsize|p1|6\n|teamsize|p2|6\n|start\n|switch|p1a: Pachirisu|Pachirisu, L96, F|100/100\n|switch|p2a: Hydrapple|Hydrapple, L83, F|312/312\n|turn|1\n|inactive|Battle timer is ON: inactive players will automatically lose when time's up. (requested by p0x585c3b2)\n|inactive|Time left: 300 sec this turn | 300 sec total | 60 sec grace\n|inactive|p0y5857a19 also wants the timer to be on.\n|\n|t:|1783545859\n|move|p1a: Pachirisu|Super Fang|p2a: Hydrapple\n|-damage|p2a: Hydrapple|156/312\n|move|p2a: Hydrapple|Fickle Beam|p1a: Pachirisu\n|-damage|p1a: Pachirisu|81/100\n|\n|-heal|p2a: Hydrapple|175/312|[from] item: Leftovers\n|upkeep\n|turn|2\n|inactive|Time left: 300 sec this turn | 300 sec total\n|\n|t:|1783545860\n|move|p1a: Pachirisu|Nuzzle|p2a: Hydrapple\n|-resisted|p2a: Hydrapple\n|-damage|p2a: Hydrapple|172/312\n|-status|p2a: Hydrapple|par\n|move|p2a: Hydrapple|Fickle Beam|p1a: Pachirisu|[anim] Fickle Beam All Out\n|-activate|p2a: Hydrapple|move: Fickle Beam\n|-damage|p1a: Pachirisu|41/100\n|\n|-heal|p2a: Hydrapple|191/312 par|[from] item: Leftovers\n|upkeep\n|turn|3\n|inactive|Time left: 300 sec this turn | 300 sec total\n|\n|t:|1783545861\n|move|p1a: Pachirisu|U-turn|p2a: Hydrapple\n|-supereffective|p2a: Hydrapple\n|-damage|p2a: Hydrapple|131/312 par\n|\n|t:|1783545862\n|switch|p1a: Toxicroak|Toxicroak, L84, F|100/100|[from] U-turn\n|move|p2a: Hydrapple|Fickle Beam|p1a: Toxicroak\n|-damage|p1a: Toxicroak|56/100\n|\n|-heal|p2a: Hydrapple|150/312 par|[from] item: Leftovers\n|upkeep\n|turn|4\n|inactive|Time left: 300 sec this turn | 300 sec total\n|\n|t:|1783545864\n|move|p1a: Toxicroak|Gunk Shot|p2a: Hydrapple\n|-supereffective|p2a: Hydrapple\n|-damage|p2a: Hydrapple|0 fnt\n|faint|p2a: Hydrapple\n|-damage|p1a: Toxicroak|46/100|[from] item: Life Orb\n|\n|upkeep\n|inactive|Time left: 300 sec this turn | 300 sec total | 5 sec grace\n|\n|t:|1783545864\n|switch|p2a: Iron Treads|Iron Treads, L77|265/265\n|turn|5\n|inactive|Time left: 300 sec this turn | 300 sec total\n|\n|t:|1783545865\n|switch|p1a: Azumarill|Azumarill, L82, M|100/100\n|move|p2a: Iron Treads|Earthquake|p1a: Azumarill\n|-damage|p1a: Azumarill|65/100\n|\n|upkeep\n|turn|6\n|inactive|Time left: 300 sec this turn | 300 sec total\n|\n|t:|1783545867\n|move|p2a: Iron Treads|Stealth Rock|p1a: Azumarill\n|-sidestart|p1: p0x585c3b2|move: Stealth Rock\n|move|p1a: Azumarill|Liquidation|p2a: Iron Treads\n|-supereffective|p2a: Iron Treads\n|-damage|p2a: Iron Treads|11/265\n|\n|-heal|p2a: Iron Treads|27/265|[from] item: Leftovers\n|upkeep\n|turn|7\n|inactive|Time left: 300 sec this turn | 300 sec total\n|\n|t:|1783545868\n|move|p2a: Iron Treads|Earthquake|p1a: Azumarill\n|-damage|p1a: Azumarill|27/100\n|move|p1a: Azumarill|Liquidation|p2a: Iron Treads\n|-supereffective|p2a: Iron Treads\n|-crit|p2a: Iron Treads\n|-damage|p2a: Iron Treads|0 fnt\n|faint|p2a: Iron Treads\n|-end|p2a: Iron Treads|Quark Drive|[silent]\n|\n|upkeep\n|inactive|Time left: 300 sec this turn | 300 sec total | 5 sec grace\n|\n|t:|1783545869\n|switch|p2a: Serperior|Serperior, L79, M|248/248\n|turn|8\n|inactive|Time left: 300 sec this turn | 300 sec total\n|\n|t:|1783545870\n|switch|p1a: Blissey|Blissey, L85, F|100/100\n|-damage|p1a: Blissey|88/100|[from] Stealth Rock\n|move|p2a: Serperior|Leaf Storm|p1a: Blissey\n|-damage|p1a: Blissey|71/100\n|-boost|p2a: Serperior|spa|2\n|-damage|p2a: Serperior|224/248|[from] item: Life Orb\n|\n|-heal|p1a: Blissey|77/100|[from] item: Leftovers\n|upkeep\n|turn|9\n|inactive|Time left: 300 sec this turn | 300 sec total\n|\n|t:|1783545871\n|move|p2a: Serperior|Leaf Storm|p1a: Blissey|[miss]\n|-miss|p2a: Serperior|p1a: Blissey\n|move|p1a: Blissey|Seismic Toss|p2a: Serperior\n|-damage|p2a: Serperior|139/248\n|\n|-heal|p1a: Blissey|83/100|[from] item: Leftovers\n|upkeep\n|turn|10\n|inactive|Time left: 300 sec this turn | 300 sec total\n|\n|t:|1783545872\n|move|p2a: Serperior|Synthesis|p2a: Serperior\n|-heal|p2a: Serperior|248/248\n|move|p1a: Blissey|Seismic Toss|p2a: Serperior\n|-damage|p2a: Serperior|163/248\n|\n|-heal|p1a: Blissey|89/100|[from] item: Leftovers\n|upkeep\n|turn|11\n|inactive|Time left: 300 sec this turn | 300 sec total\n|\n|t:|1783545872\n|move|p2a: Serperior|Leaf Storm|p1a: Blissey|[miss]\n|-miss|p2a: Serperior|p1a: Blissey\n|move|p1a: Blissey|Seismic Toss|p2a: Serperior\n|-damage|p2a: Serperior|78/248\n|\n|-heal|p1a: Blissey|95/100|[from] item: Leftovers\n|upkeep\n|turn|12\n|inactive|Time left: 300 sec this turn | 300 sec total\n|\n|t:|1783545873\n|move|p2a: Serperior|Synthesis|p2a: Serperior\n|-heal|p2a: Serperior|202/248\n|move|p1a: Blissey|Seismic Toss|p2a: Serperior\n|-damage|p2a: Serperior|117/248\n|\n|-heal|p1a: Blissey|100/100|[from] item: Leftovers\n|upkeep\n|turn|13\n|inactive|Time left: 300 sec this turn | 300 sec total\n|\n|t:|1783545874\n|move|p2a: Serperior|Synthesis|p2a: Serperior\n|-heal|p2a: Serperior|241/248\n|move|p1a: Blissey|Seismic Toss|p2a: Serperior\n|-damage|p2a: Serperior|156/248\n|\n|upkeep\n|turn|14\n|inactive|Time left: 300 sec this turn | 300 sec total\n|\n|t:|1783545875\n|move|p2a: Serperior|Synthesis|p2a: Serperior\n|-heal|p2a: Serperior|248/248\n|move|p1a: Blissey|Seismic Toss|p2a: Serperior\n|-damage|p2a: Serperior|163/248\n|\n|upkeep\n|turn|15\n|inactive|Time left: 300 sec this turn | 300 sec total\n|\n|t:|1783545876\n|move|p2a: Serperior|Synthesis|p2a: Serperior\n|-heal|p2a: Serperior|248/248\n|move|p1a: Blissey|Seismic Toss|p2a: Serperior\n|-damage|p2a: Serperior|163/248\n|\n|upkeep\n|turn|16\n|inactive|Time left: 300 sec this turn | 300 sec total\n|\n|t:|1783545877\n|move|p2a: Serperior|Synthesis|p2a: Serperior\n|-heal|p2a: Serperior|248/248\n|move|p1a: Blissey|Seismic Toss|p2a: Serperior\n|-damage|p2a: Serperior|163/248\n|\n|upkeep\n|turn|17\n|inactive|Time left: 300 sec this turn | 300 sec total\n|\n|t:|1783545878\n|move|p2a: Serperior|Leaf Storm|p1a: Blissey\n|-damage|p1a: Blissey|66/100\n|-boost|p2a: Serperior|spa|2\n|-damage|p2a: Serperior|139/248|[from] item: Life Orb\n|move|p1a: Blissey|Seismic Toss|p2a: Serperior\n|-damage|p2a: Serperior|54/248\n|\n|-heal|p1a: Blissey|73/100|[from] item: Leftovers\n|upkeep\n|turn|18\n|inactive|Time left: 300 sec this turn | 300 sec total\n|\n|t:|1783545879\n|move|p2a: Serperior|Synthesis|p2a: Serperior\n|-heal|p2a: Serperior|178/248\n|move|p1a: Blissey|Seismic Toss|p2a: Serperior\n|-damage|p2a: Serperior|93/248\n|\n|-heal|p1a: Blissey|79/100|[from] item: Leftovers\n|upkeep\n|turn|19\n|inactive|Time left: 300 sec this turn | 300 sec total\n|\n|t:|1783545880\n|move|p2a: Serperior|Synthesis|p2a: Serperior\n|-heal|p2a: Serperior|217/248\n|move|p1a: Blissey|Seismic Toss|p2a: Serperior\n|-damage|p2a: Serperior|132/248\n|\n|-heal|p1a: Blissey|85/100|[from] item: Leftovers\n|upkeep\n|turn|20\n|inactive|Time left: 300 sec this turn | 300 sec total\n|\n|t:|1783545881\n|move|p2a: Serperior|Leaf Storm|p1a: Blissey\n|-damage|p1a: Blissey|38/100\n|-boost|p2a: Serperior|spa|2\n|-damage|p2a: Serperior|108/248|[from] item: Life Orb\n|move|p1a: Blissey|Seismic Toss|p2a: Serperior\n|-damage|p2a: Serperior|23/248\n|\n|-heal|p1a: Blissey|44/100|[from] item: Leftovers\n|upkeep\n|turn|21\n|inactive|Time left: 300 sec this turn | 300 sec total\n|\n|t:|1783545882\n|move|p2a: Serperior|Leaf Storm|p1a: Blissey\n|-damage|p1a: Blissey|0 fnt\n|faint|p1a: Blissey\n|-damage|p2a: Serperior|0 fnt|[from] item: Life Orb\n|faint|p2a: Serperior\n|\n|upkeep\n|inactive|Time left: 300 sec this turn | 300 sec total | 5 sec grace\n|\n|t:|1783545883\n|switch|p2a: Hitmontop|Hitmontop, L88, M|231/231\n|switch|p1a: Toxicroak|Toxicroak, L84, F|46/100\n|-damage|p1a: Toxicroak|40/100|[from] Stealth Rock\n|turn|22\n|inactive|Time left: 300 sec this turn | 300 sec total\n|\n|t:|1783545884\n|move|p1a: Toxicroak|Gunk Shot|p2a: Hitmontop\n|-damage|p2a: Hitmontop|83/231\n|-damage|p1a: Toxicroak|30/100|[from] item: Life Orb\n|move|p2a: Hitmontop|Rapid Spin|p1a: Toxicroak\n|-damage|p1a: Toxicroak|2/100\n|-boost|p2a: Hitmontop|spe|1\n|\n|-heal|p2a: Hitmontop|97/231|[from] item: Leftovers\n|upkeep\n|turn|23\n|inactive|Time left: 300 sec this turn | 300 sec total\n|\n|t:|1783545885\n|move|p2a: Hitmontop|Rapid Spin|p1a: Toxicroak\n|-damage|p1a: Toxicroak|0 fnt\n|-boost|p2a: Hitmontop|spe|1\n|faint|p1a: Toxicroak\n|\n|-heal|p2a: Hitmontop|111/231|[from] item: Leftovers\n|upkeep\n|\n|t:|1783545886\n|switch|p1a: Azumarill|Azumarill, L82, M|27/100\n|-damage|p1a: Azumarill|15/100|[from] Stealth Rock\n|turn|24\n|inactive|Time left: 300 sec this turn | 300 sec total\n|\n|t:|1783545887\n|move|p1a: Azumarill|Aqua Jet|p2a: Hitmontop\n|-damage|p2a: Hitmontop|45/231\n|move|p2a: Hitmontop|Rapid Spin|p1a: Azumarill\n|-damage|p1a: Azumarill|0 fnt\n|-boost|p2a: Hitmontop|spe|1\n|faint|p1a: Azumarill\n|\n|-heal|p2a: Hitmontop|59/231|[from] item: Leftovers\n|upkeep\n|\n|t:|1783545888\n|switch|p1a: Bisharp|Bisharp, L79, M|100/100\n|-damage|p1a: Bisharp|94/100|[from] Stealth Rock\n|turn|25\n|inactive|Time left: 300 sec this turn | 300 sec total\n|\n|t:|1783545889\n|-terastallize|p1a: Bisharp|Flying\n|move|p2a: Hitmontop|Close Combat|p1a: Bisharp\n|-resisted|p1a: Bisharp\n|-damage|p1a: Bisharp|74/100\n|-unboost|p2a: Hitmontop|def|1\n|-unboost|p2a: Hitmontop|spd|1\n|move|p1a: Bisharp|Iron Head|p2a: Hitmontop\n|-damage|p2a: Hitmontop|0 fnt\n|faint|p2a: Hitmontop\n|\n|upkeep\n|inactive|Time left: 300 sec this turn | 300 sec total | 5 sec grace\n|\n|t:|1783545890\n|switch|p2a: Glalie|Glalie, L96, M|309/309\n|turn|26\n|inactive|Time left: 300 sec this turn | 300 sec total\n|\n|t:|1783545891\n|move|p2a: Glalie|Freeze-Dry|p1a: Bisharp\n|-supereffective|p1a: Bisharp\n|-damage|p1a: Bisharp|11/100\n|move|p1a: Bisharp|Iron Head|p2a: Glalie\n|-supereffective|p2a: Glalie\n|-damage|p2a: Glalie|121/309\n|\n|upkeep\n|turn|27\n|inactive|Time left: 300 sec this turn | 300 sec total\n|\n|t:|1783545893\n|move|p2a: Glalie|Freeze-Dry|p1a: Bisharp\n|-supereffective|p1a: Bisharp\n|-damage|p1a: Bisharp|0 fnt\n|faint|p1a: Bisharp\n|\n|upkeep\n|\n|t:|1783545894\n|switch|p1a: Virizion|Virizion, L82|100/100\n|-damage|p1a: Virizion|94/100|[from] Stealth Rock\n|turn|28\n|inactive|Time left: 300 sec this turn | 300 sec total\n|\n|t:|1783545895\n|move|p1a: Virizion|Swords Dance|p1a: Virizion\n|-boost|p1a: Virizion|atk|2\n|move|p2a: Glalie|Freeze-Dry|p1a: Virizion\n|-supereffective|p1a: Virizion\n|-damage|p1a: Virizion|51/100\n|\n|upkeep\n|turn|29\n|inactive|Time left: 300 sec this turn | 300 sec total\n|\n|t:|1783545896\n|move|p1a: Virizion|Close Combat|p2a: Glalie\n|-supereffective|p2a: Glalie\n|-damage|p2a: Glalie|0 fnt\n|-unboost|p1a: Virizion|def|1\n|-unboost|p1a: Virizion|spd|1\n|faint|p2a: Glalie\n|-damage|p1a: Virizion|41/100|[from] item: Life Orb\n|\n|upkeep\n|inactive|Time left: 300 sec this turn | 300 sec total | 5 sec grace\n|\n|t:|1783545897\n|switch|p2a: Hatterene|Hatterene, L85, F|236/236\n|turn|30\n|inactive|Time left: 300 sec this turn | 300 sec total\n|\n|t:|1783545898\n|move|p1a: Virizion|Leaf Blade|p2a: Hatterene\n|-crit|p2a: Hatterene\n|-damage|p2a: Hatterene|0 fnt\n|faint|p2a: Hatterene\n|-damage|p1a: Virizion|32/100|[from] item: Life Orb\n|\n|win|p0x585c3b2", "uploadtime": 1783545898, "views": 0, "rating": 0, "private": 0, "password": null, "_winner": "p0x585c3b2", "_our_name": "p0y5857a19"}