{"id": "battle-gen9randombattle-335", "formatid": "gen9randombattle", "format": "[Gen 9] Random Battle", "players": ["p0x335ff9c", "p0y335732a"], "log": "|init|battle\n|title|p0x335ff9c vs. p0y335732a\n|j|\u2606p0x335ff9c\n|j|\u2606p0y335732a\n|t:|1783542980\n|gametype|singles\n|player|p1|p0x335ff9c|170|\n|player|p2|p0y335732a|102|\n|gen|9\n|tier|[Gen 9] Random Battle\n|rule|Species Clause: Limit one of each Pok\u00e9mon\n|rule|HP Percentage Mod: HP is shown in percentages\n|rule|Sleep Clause Mod: Limit one foe put to sleep\n|rule|Illusion Level Mod: Illusion disguises the Pok\u00e9mon's true level\n|\n|t:|1783542980\n|teamsize|p1|6\n|teamsize|p2|6\n|start\n|switch|p1a: Clodsire|Clodsire, L81, M|343/343\n|switch|p2a: Eelektross|Eelektross, L87, F|100/100\n|turn|1\n|inactive|Battle timer is ON: inactive players will automatically lose when time's up. (requested by p0x335ff9c)\n|inactive|p0y335732a also wants the timer to be on.\n|\n|t:|1783542982\n|switch|p2a: Mightyena|Mightyena, L96, M|100/100\n|-ability|p2a: Mightyena|Intimidate|boost\n|-unboost|p1a: Clodsire|atk|1\n|move|p1a: Clodsire|Poison Jab|p2a: Mightyena\n|-damage|p2a: Mightyena|86/100\n|\n|upkeep\n|turn|2\n|inactive|Time left: 300 sec this turn | 300 sec total\n|\n|t:|1783542983\n|switch|p1a: Slaking|Slaking, L84, M|389/389\n|move|p2a: Mightyena|Super Fang|p1a: Slaking\n|-damage|p1a: Slaking|195/389\n|\n|upkeep\n|turn|3\n|inactive|Time left: 300 sec this turn | 300 sec total\n|\n|t:|1783542985\n|switch|p2a: Bastiodon|Bastiodon, L89, M|100/100\n|move|p1a: Slaking|Giga Impact|p2a: Bastiodon\n|-resisted|p2a: Bastiodon\n|-damage|p2a: Bastiodon|79/100\n|-mustrecharge|p1a: Slaking\n|\n|upkeep\n|turn|4\n|inactive|Time left: 300 sec this turn | 300 sec total\n|\n|t:|1783542986\n|-terastallize|p2a: Bastiodon|Fighting\n|cant|p1a: Slaking|recharge\n|move|p2a: Bastiodon|Body Press|p1a: Slaking\n|-supereffective|p1a: Slaking\n|-damage|p1a: Slaking|0 fnt\n|faint|p1a: Slaking\n|\n|upkeep\n|inactive|Time left: 300 sec this turn | 300 sec total | 5 sec grace\n|\n|t:|1783542987\n|switch|p1a: Bellibolt|Bellibolt, L84, F|320/320\n|turn|5\n|inactive|Time left: 300 sec this turn | 300 sec total\n|\n|t:|1783542988\n|move|p1a: Bellibolt|Toxic|p2a: Bastiodon\n|-status|p2a: Bastiodon|tox\n|move|p2a: Bastiodon|Body Press|p1a: Bellibolt\n|-damage|p1a: Bellibolt|169/320\n|-start|p1a: Bellibolt|Charge|Body Press|[from] ability: Electromorphosis\n|\n|-heal|p1a: Bellibolt|189/320|[from] item: Leftovers\n|-damage|p2a: Bastiodon|73/100 tox|[from] psn\n|upkeep\n|turn|6\n|inactive|Time left: 300 sec this turn | 300 sec total\n|\n|t:|1783542989\n|move|p1a: Bellibolt|Thunderbolt|p2a: Bastiodon\n|-damage|p2a: Bastiodon|20/100 tox\n|-end|p1a: Bellibolt|Charge|[silent]\n|move|p2a: Bastiodon|Rest|p2a: Bastiodon\n|-status|p2a: Bastiodon|slp|[from] move: Rest\n|-heal|p2a: Bastiodon|100/100 slp|[silent]\n|-enditem|p2a: Bastiodon|Chesto Berry|[eat]\n|-curestatus|p2a: Bastiodon|slp|[msg]\n|\n|-heal|p1a: Bellibolt|209/320|[from] item: Leftovers\n|upkeep\n|turn|7\n|inactive|Time left: 300 sec this turn | 300 sec total\n|\n|t:|1783542990\n|move|p1a: Bellibolt|Toxic|p2a: Bastiodon\n|-status|p2a: Bastiodon|tox\n|move|p2a: Bastiodon|Body Press|p1a: Bellibolt\n|-damage|p1a: Bellibolt|65/320\n|-start|p1a: Bellibolt|Charge|Body Press|[from] ability: Electromorphosis\n|\n|-heal|p1a: Bellibolt|85/320|[from] item: Leftovers\n|-damage|p2a: Bastiodon|95/100 tox|[from] psn\n|upkeep\n|turn|8\n|inactive|Time left: 300 sec this turn | 300 sec total\n|\n|t:|1783542991\n|move|p1a: Bellibolt|Slack Off|p1a: Bellibolt\n|-heal|p1a: Bellibolt|245/320\n|move|p2a: Bastiodon|Body Press|p1a: Bellibolt\n|-damage|p1a: Bellibolt|88/320\n|-start|p1a: Bellibolt|Charge|Body Press|[from] ability: Electromorphosis\n|\n|-heal|p1a: Bellibolt|108/320|[from] item: Leftovers\n|-damage|p2a: Bastiodon|83/100 tox|[from] psn\n|upkeep\n|turn|9\n|inactive|Time left: 300 sec this turn | 300 sec total\n|\n|t:|1783542992\n|move|p1a: Bellibolt|Slack Off|p1a: Bellibolt\n|-heal|p1a: Bellibolt|268/320\n|move|p2a: Bastiodon|Body Press|p1a: Bellibolt\n|-damage|p1a: Bellibolt|124/320\n|-start|p1a: Bellibolt|Charge|Body Press|[from] ability: Electromorphosis\n|\n|-heal|p1a: Bellibolt|144/320|[from] item: Leftovers\n|-damage|p2a: Bastiodon|65/100 tox|[from] psn\n|upkeep\n|turn|10\n|inactive|Time left: 300 sec this turn | 300 sec total\n|\n|t:|1783542993\n|move|p1a: Bellibolt|Slack Off|p1a: Bellibolt\n|-heal|p1a: Bellibolt|304/320\n|move|p2a: Bastiodon|Rest|p2a: Bastiodon\n|-status|p2a: Bastiodon|slp|[from] move: Rest\n|-heal|p2a: Bastiodon|100/100 slp|[silent]\n|\n|-heal|p1a: Bellibolt|320/320|[from] item: Leftovers\n|upkeep\n|turn|11\n|inactive|Time left: 300 sec this turn | 300 sec total\n|\n|t:|1783542994\n|switch|p2a: Mightyena|Mightyena, L96, M|86/100\n|-ability|p2a: Mightyena|Intimidate|boost\n|-unboost|p1a: Bellibolt|atk|1\n|move|p1a: Bellibolt|Thunderbolt|p2a: Mightyena\n|-damage|p2a: Mightyena|32/100\n|-end|p1a: Bellibolt|Charge|[silent]\n|\n|upkeep\n|turn|12\n|inactive|Time left: 300 sec this turn | 300 sec total\n|\n|t:|1783542995\n|switch|p1a: Basculin|Basculin-Blue-Striped, L86, F|261/261\n|move|p2a: Mightyena|Super Fang|p1a: Basculin\n|-damage|p1a: Basculin|131/261\n|\n|upkeep\n|turn|13\n|inactive|Time left: 300 sec this turn | 300 sec total\n|\n|t:|1783542996\n|switch|p2a: Lanturn|Lanturn, L89, F|100/100\n|move|p1a: Basculin|Flip Turn|p2a: Lanturn\n|-resisted|p2a: Lanturn\n|-damage|p2a: Lanturn|78/100\n|inactive|Time left: 300 sec this turn | 300 sec total | 5 sec grace\n|\n|t:|1783542997\n|switch|p1a: Clodsire|Clodsire, L81, M|343/343|[from] Flip Turn\n|\n|upkeep\n|turn|14\n|inactive|Time left: 300 sec this turn | 300 sec total\n|\n|t:|1783542998\n|switch|p2a: Spidops|Spidops, L96, F|100/100\n|move|p1a: Clodsire|Earthquake|p2a: Spidops\n|-resisted|p2a: Spidops\n|-damage|p2a: Spidops|88/100\n|\n|upkeep\n|turn|15\n|inactive|Time left: 300 sec this turn | 300 sec total\n|\n|t:|1783542999\n|move|p2a: Spidops|Sticky Web|p1a: Clodsire\n|-sidestart|p1: p0x335ff9c|move: Sticky Web\n|move|p1a: Clodsire|Poison Jab|p2a: Spidops\n|-damage|p2a: Spidops|65/100\n|\n|upkeep\n|turn|16\n|inactive|Time left: 300 sec this turn | 300 sec total\n|\n|t:|1783543000\n|move|p2a: Spidops|Knock Off|p1a: Clodsire\n|-damage|p1a: Clodsire|235/343\n|-enditem|p1a: Clodsire|Leftovers|[from] move: Knock Off|[of] p2a: Spidops\n|move|p1a: Clodsire|Poison Jab|p2a: Spidops\n|-damage|p2a: Spidops|46/100\n|-status|p2a: Spidops|psn\n|\n|-damage|p2a: Spidops|34/100 psn|[from] psn\n|upkeep\n|turn|17\n|inactive|Time left: 300 sec this turn | 300 sec total\n|\n|t:|1783543002\n|move|p2a: Spidops|Toxic Spikes|p1a: Clodsire\n|-sidestart|p1: p0x335ff9c|move: Toxic Spikes\n|move|p1a: Clodsire|Recover|p1a: Clodsire\n|-heal|p1a: Clodsire|343/343\n|\n|-damage|p2a: Spidops|22/100 psn|[from] psn\n|upkeep\n|turn|18\n|inactive|Time left: 300 sec this turn | 300 sec total\n|\n|t:|1783543003\n|switch|p2a: Mightyena|Mightyena, L96, M|32/100\n|-ability|p2a: Mightyena|Intimidate|boost\n|-unboost|p1a: Clodsire|atk|1\n|move|p1a: Clodsire|Earthquake|p2a: Mightyena\n|-damage|p2a: Mightyena|13/100\n|\n|upkeep\n|turn|19\n|inactive|Time left: 300 sec this turn | 300 sec total\n|\n|t:|1783543004\n|switch|p2a: Chimecho|Chimecho, L93, F|100/100\n|move|p1a: Clodsire|Earthquake|p2a: Chimecho\n|-immune|p2a: Chimecho|[from] ability: Levitate\n|\n|upkeep\n|turn|20\n|inactive|Time left: 300 sec this turn | 300 sec total\n|\n|t:|1783543005\n|switch|p1a: Hydreigon|Hydreigon, L79, M|275/275\n|move|p2a: Chimecho|Cosmic Power|p2a: Chimecho\n|-boost|p2a: Chimecho|def|1\n|-boost|p2a: Chimecho|spd|1\n|\n|upkeep\n|turn|21\n|inactive|Time left: 300 sec this turn | 300 sec total\n|\n|t:|1783543006\n|switch|p1a: Clodsire|Clodsire, L81, M|343/343\n|-activate|p1a: Clodsire|move: Sticky Web\n|-unboost|p1a: Clodsire|spe|1\n|-sideend|p1: p0x335ff9c|move: Toxic Spikes|[of] p1a: Clodsire\n|move|p2a: Chimecho|Dazzling Gleam|p1a: Clodsire\n|-resisted|p1a: Clodsire\n|-damage|p1a: Clodsire|312/343\n|\n|upkeep\n|turn|22\n|inactive|Time left: 300 sec this turn | 300 sec total\n|\n|t:|1783543007\n|move|p2a: Chimecho|Stored Power|p1a: Clodsire\n|-supereffective|p1a: Clodsire\n|-damage|p1a: Clodsire|162/343\n|move|p1a: Clodsire|Poison Jab|p2a: Chimecho\n|-damage|p2a: Chimecho|80/100\n|\n|-heal|p2a: Chimecho|86/100|[from] item: Leftovers\n|upkeep\n|turn|23\n|inactive|Time left: 300 sec this turn | 300 sec total\n|\n|t:|1783543009\n|move|p2a: Chimecho|Stored Power|p1a: Clodsire\n|-supereffective|p1a: Clodsire\n|-damage|p1a: Clodsire|28/343\n|move|p1a: Clodsire|Recover|p1a: Clodsire\n|-heal|p1a: Clodsire|200/343\n|\n|-heal|p2a: Chimecho|92/100|[from] item: Leftovers\n|upkeep\n|turn|24\n|inactive|Time left: 300 sec this turn | 300 sec total\n|\n|t:|1783543010\n|move|p2a: Chimecho|Stored Power|p1a: Clodsire\n|-supereffective|p1a: Clodsire\n|-damage|p1a: Clodsire|50/343\n|move|p1a: Clodsire|Recover|p1a: Clodsire\n|-heal|p1a: Clodsire|222/343\n|\n|-heal|p2a: Chimecho|98/100|[from] item: Leftovers\n|upkeep\n|turn|25\n|inactive|Time left: 300 sec this turn | 300 sec total\n|\n|t:|1783543012\n|move|p2a: Chimecho|Stored Power|p1a: Clodsire\n|-supereffective|p1a: Clodsire\n|-damage|p1a: Clodsire|72/343\n|move|p1a: Clodsire|Recover|p1a: Clodsire\n|-heal|p1a: Clodsire|244/343\n|\n|-heal|p2a: Chimecho|100/100|[from] item: Leftovers\n|upkeep\n|turn|26\n|inactive|Time left: 300 sec this turn | 300 sec total\n|\n|t:|1783543013\n|move|p2a: Chimecho|Cosmic Power|p2a: Chimecho\n|-boost|p2a: Chimecho|def|1\n|-boost|p2a: Chimecho|spd|1\n|move|p1a: Clodsire|Recover|p1a: Clodsire\n|-heal|p1a: Clodsire|343/343\n|\n|upkeep\n|turn|27\n|inactive|Time left: 300 sec this turn | 300 sec total\n|\n|t:|1783543014\n|move|p2a: Chimecho|Stored Power|p1a: Clodsire\n|-supereffective|p1a: Clodsire\n|-damage|p1a: Clodsire|113/343\n|move|p1a: Clodsire|Poison Jab|p2a: Chimecho\n|-damage|p2a: Chimecho|79/100\n|\n|-heal|p2a: Chimecho|85/100|[from] item: Leftovers\n|upkeep\n|turn|28\n|inactive|Time left: 300 sec this turn | 300 sec total\n|\n|t:|1783543016\n|move|p2a: Chimecho|Stored Power|p1a: Clodsire\n|-supereffective|p1a: Clodsire\n|-damage|p1a: Clodsire|0 fnt\n|faint|p1a: Clodsire\n|\n|-heal|p2a: Chimecho|91/100|[from] item: Leftovers\n|upkeep\n|inactive|Time left: 300 sec this turn | 300 sec total | 5 sec grace\n|\n|t:|1783543017\n|switch|p1a: Bellibolt|Bellibolt, L84, F|320/320\n|-activate|p1a: Bellibolt|move: Sticky Web\n|-unboost|p1a: Bellibolt|spe|1\n|turn|29\n|inactive|Time left: 300 sec this turn | 300 sec total\n|\n|t:|1783543018\n|move|p2a: Chimecho|Stored Power|p1a: Bellibolt\n|-damage|p1a: Bellibolt|185/320\n|-start|p1a: Bellibolt|Charge|Stored Power|[from] ability: Electromorphosis\n|move|p1a: Bellibolt|Toxic|p2a: Chimecho\n|-status|p2a: Chimecho|tox\n|\n|-heal|p2a: Chimecho|97/100 tox|[from] item: Leftovers\n|-heal|p1a: Bellibolt|205/320|[from] item: Leftovers\n|-damage|p2a: Chimecho|91/100 tox|[from] psn\n|upkeep\n|turn|30\n|inactive|Time left: 300 sec this turn | 300 sec total\n|\n|t:|1783543019\n|move|p2a: Chimecho|Stored Power|p1a: Bellibolt\n|-damage|p1a: Bellibolt|82/320\n|-start|p1a: Bellibolt|Charge|Stored Power|[from] ability: Electromorphosis\n|move|p1a: Bellibolt|Thunderbolt|p2a: Chimecho\n|-damage|p2a: Chimecho|63/100 tox\n|-end|p1a: Bellibolt|Charge|[silent]\n|\n|-heal|p2a: Chimecho|69/100 tox|[from] item: Leftovers\n|-heal|p1a: Bellibolt|102/320|[from] item: Leftovers\n|-damage|p2a: Chimecho|57/100 tox|[from] psn\n|upkeep\n|turn|31\n|inactive|Time left: 300 sec this turn | 300 sec total\n|\n|t:|1783543021\n|move|p2a: Chimecho|Stored Power|p1a: Bellibolt\n|-damage|p1a: Bellibolt|0 fnt\n|faint|p1a: Bellibolt\n|\n|-heal|p2a: Chimecho|63/100 tox|[from] item: Leftovers\n|-damage|p2a: Chimecho|44/100 tox|[from] psn\n|upkeep\n|inactive|Time left: 300 sec this turn | 300 sec total | 5 sec grace\n|\n|t:|1783543022\n|switch|p1a: Pikachu|Pikachu-Partner, L93, M|216/216\n|-activate|p1a: Pikachu|move: Sticky Web\n|-unboost|p1a: Pikachu|spe|1\n|turn|32\n|inactive|Time left: 300 sec this turn | 300 sec total\n|\n|t:|1783543023\n|move|p2a: Chimecho|Recover|p2a: Chimecho\n|-heal|p2a: Chimecho|94/100 tox\n|move|p1a: Pikachu|Knock Off|p2a: Chimecho\n|-supereffective|p2a: Chimecho\n|-damage|p2a: Chimecho|54/100 tox\n|-enditem|p2a: Chimecho|Leftovers|[from] move: Knock Off|[of] p1a: Pikachu\n|\n|-damage|p2a: Chimecho|29/100 tox|[from] psn\n|upkeep\n|turn|33\n|inactive|Time left: 300 sec this turn | 300 sec total\n|\n|t:|1783543025\n|switch|p1a: Hydreigon|Hydreigon, L79, M|275/275\n|move|p2a: Chimecho|Dazzling Gleam|p1a: Hydreigon\n|-supereffective|p1a: Hydreigon\n|-damage|p1a: Hydreigon|0 fnt\n|faint|p1a: Hydreigon\n|\n|-damage|p2a: Chimecho|0 fnt|[from] psn\n|faint|p2a: Chimecho\n|upkeep\n|inactive|Time left: 300 sec this turn | 300 sec total | 5 sec grace\n|\n|t:|1783543026\n|switch|p1a: Basculin|Basculin-Blue-Striped, L86, F|131/261\n|switch|p2a: Lanturn|Lanturn, L89, F|78/100\n|-activate|p1a: Basculin|move: Sticky Web\n|-unboost|p1a: Basculin|spe|1\n|turn|34\n|inactive|Time left: 300 sec this turn | 300 sec total\n|\n|t:|1783543027\n|switch|p1a: Pikachu|Pikachu-Partner, L93, M|216/216\n|-activate|p1a: Pikachu|move: Sticky Web\n|-unboost|p1a: Pikachu|spe|1\n|move|p2a: Lanturn|Volt Switch|p1a: Pikachu\n|-ability|p1a: Pikachu|Lightning Rod|boost\n|-boost|p1a: Pikachu|spa|1\n|\n|upkeep\n|turn|35\n|inactive|Time left: 300 sec this turn | 300 sec total\n|\n|t:|1783543028\n|move|p2a: Lanturn|Scald|p1a: Pikachu\n|-damage|p1a: Pikachu|104/216\n|move|p1a: Pikachu|Surf|p2a: Lanturn\n|-resisted|p2a: Lanturn\n|-damage|p2a: Lanturn|58/100\n|\n|upkeep\n|turn|36\n|inactive|Time left: 300 sec this turn | 300 sec total\n|\n|t:|1783543029\n|-terastallize|p1a: Pikachu|Water\n|move|p2a: Lanturn|Scald|p1a: Pikachu\n|-resisted|p1a: Pikachu\n|-damage|p1a: Pikachu|50/216\n|-status|p1a: Pikachu|brn\n|move|p1a: Pikachu|Surf|p2a: Lanturn\n|-resisted|p2a: Lanturn\n|-damage|p2a: Lanturn|29/100\n|\n|-damage|p1a: Pikachu|37/216 brn|[from] brn\n|upkeep\n|turn|37\n|inactive|Time left: 300 sec this turn | 300 sec total\n|\n|t:|1783543030\n|switch|p1a: Basculin|Basculin-Blue-Striped, L86, F|131/261\n|-activate|p1a: Basculin|move: Sticky Web\n|-unboost|p1a: Basculin|spe|1\n|move|p2a: Lanturn|Scald|p1a: Basculin\n|-resisted|p1a: Basculin\n|-damage|p1a: Basculin|81/261\n|-status|p1a: Basculin|brn\n|\n|-damage|p1a: Basculin|65/261 brn|[from] brn\n|upkeep\n|turn|38\n|inactive|Time left: 300 sec this turn | 300 sec total\n|\n|t:|1783543031\n|move|p2a: Lanturn|Scald|p1a: Basculin\n|-resisted|p1a: Basculin\n|-damage|p1a: Basculin|11/261 brn\n|move|p1a: Basculin|Wave Crash|p2a: Lanturn\n|-resisted|p2a: Lanturn\n|-damage|p2a: Lanturn|6/100\n|-damage|p1a: Basculin|0 fnt|[from] Recoil\n|faint|p1a: Basculin\n|\n|upkeep\n|inactive|Time left: 300 sec this turn | 300 sec total | 5 sec grace\n|\n|t:|1783543032\n|switch|p1a: Pikachu|Pikachu-Partner, L93, M, tera:Water|37/216 brn\n|-activate|p1a: Pikachu|move: Sticky Web\n|-unboost|p1a: Pikachu|spe|1\n|turn|39\n|inactive|Time left: 300 sec this turn | 300 sec total\n|\n|t:|1783543033\n|move|p2a: Lanturn|Scald|p1a: Pikachu\n|-resisted|p1a: Pikachu\n|-damage|p1a: Pikachu|0 fnt\n|faint|p1a: Pikachu\n|\n|win|p0y335732a", "uploadtime": 1783543033, "views": 0, "rating": 0, "private": 0, "password": null, "_winner": "p0y335732a", "_our_name": "p0x335ff9c"}