{"id": "battle-gen9randombattle-969", "formatid": "gen9randombattle", "format": "[Gen 9] Random Battle", "players": ["p0x96924ae", "p0y9698a0d"], "log": "|init|battle\n|title|p0x96924ae vs. p0y9698a0d\n|j|\u2606p0x96924ae\n|j|\u2606p0y9698a0d\n|t:|1783551135\n|gametype|singles\n|player|p1|p0x96924ae|170|\n|player|p2|p0y9698a0d|2|\n|gen|9\n|tier|[Gen 9] Random Battle\n|rule|Species Clause: Limit one of each Pok\u00e9mon\n|rule|HP Percentage Mod: HP is shown in percentages\n|rule|Sleep Clause Mod: Limit one foe put to sleep\n|rule|Illusion Level Mod: Illusion disguises the Pok\u00e9mon's true level\n|\n|t:|1783551135\n|teamsize|p1|6\n|teamsize|p2|6\n|start\n|switch|p1a: Feraligatr|Feraligatr, L79, M|264/264\n|switch|p2a: Maushold|Maushold-Four, L76|100/100\n|turn|1\n|inactive|Battle timer is ON: inactive players will automatically lose when time's up. (requested by p0x96924ae)\n|inactive|p0y9698a0d also wants the timer to be on.\n|\n|t:|1783551136\n|move|p2a: Maushold|Population Bomb|p1a: Feraligatr\n|-damage|p1a: Feraligatr|243/264\n|-damage|p1a: Feraligatr|222/264\n|-damage|p1a: Feraligatr|203/264\n|-damage|p1a: Feraligatr|181/264\n|-damage|p1a: Feraligatr|160/264\n|-damage|p1a: Feraligatr|138/264\n|-damage|p1a: Feraligatr|116/264\n|-crit|p1a: Feraligatr\n|-damage|p1a: Feraligatr|83/264\n|-damage|p1a: Feraligatr|61/264\n|-damage|p1a: Feraligatr|37/264\n|-hitcount|p1a: Feraligatr|10\n|move|p1a: Feraligatr|Liquidation|p2a: Maushold\n|-damage|p2a: Maushold|24/100\n|\n|upkeep\n|turn|2\n|inactive|Time left: 300 sec this turn | 300 sec total\n|\n|t:|1783551138\n|switch|p1a: Coalossal|Coalossal, L89, M|341/341\n|move|p2a: Maushold|Population Bomb|p1a: Coalossal\n|-resisted|p1a: Coalossal\n|-damage|p1a: Coalossal|332/341\n|-resisted|p1a: Coalossal\n|-damage|p1a: Coalossal|323/341\n|-resisted|p1a: Coalossal\n|-damage|p1a: Coalossal|315/341\n|-resisted|p1a: Coalossal\n|-damage|p1a: Coalossal|307/341\n|-status|p2a: Maushold|brn|[from] ability: Flame Body|[of] p1a: Coalossal\n|-resisted|p1a: Coalossal\n|-damage|p1a: Coalossal|303/341\n|-resisted|p1a: Coalossal\n|-damage|p1a: Coalossal|299/341\n|-resisted|p1a: Coalossal\n|-damage|p1a: Coalossal|295/341\n|-resisted|p1a: Coalossal\n|-damage|p1a: Coalossal|291/341\n|-resisted|p1a: Coalossal\n|-damage|p1a: Coalossal|287/341\n|-resisted|p1a: Coalossal\n|-damage|p1a: Coalossal|283/341\n|-hitcount|p1a: Coalossal|10\n|\n|-damage|p2a: Maushold|19/100 brn|[from] brn\n|upkeep\n|turn|3\n|inactive|Time left: 300 sec this turn | 300 sec total\n|\n|t:|1783551139\n|move|p2a: Maushold|Tidy Up|p2a: Maushold\n|-boost|p2a: Maushold|atk|1\n|-boost|p2a: Maushold|spe|1\n|move|p1a: Coalossal|Rapid Spin|p2a: Maushold\n|-damage|p2a: Maushold|0 fnt\n|-boost|p1a: Coalossal|spe|1\n|faint|p2a: Maushold\n|\n|upkeep\n|\n|t:|1783551140\n|switch|p2a: Suicune|Suicune, L82|100/100\n|-ability|p2a: Suicune|Pressure\n|turn|4\n|inactive|Time left: 300 sec this turn | 300 sec total\n|\n|t:|1783551141\n|switch|p1a: Fezandipiti|Fezandipiti, L82, M|278/278\n|move|p2a: Suicune|Scald|p1a: Fezandipiti\n|-damage|p1a: Fezandipiti|220/278\n|\n|-heal|p1a: Fezandipiti|237/278|[from] item: Leftovers\n|upkeep\n|turn|5\n|inactive|Time left: 300 sec this turn | 300 sec total\n|\n|t:|1783551142\n|move|p1a: Fezandipiti|Swords Dance|p1a: Fezandipiti\n|-boost|p1a: Fezandipiti|atk|2\n|move|p2a: Suicune|Calm Mind|p2a: Suicune\n|-boost|p2a: Suicune|spa|1\n|-boost|p2a: Suicune|spd|1\n|\n|-heal|p1a: Fezandipiti|254/278|[from] item: Leftovers\n|upkeep\n|turn|6\n|inactive|Time left: 300 sec this turn | 300 sec total\n|\n|t:|1783551143\n|move|p1a: Fezandipiti|Gunk Shot|p2a: Suicune\n|-damage|p2a: Suicune|36/100\n|-status|p2a: Suicune|psn\n|move|p2a: Suicune|Scald|p1a: Fezandipiti\n|-damage|p1a: Fezandipiti|163/278\n|\n|-heal|p1a: Fezandipiti|180/278|[from] item: Leftovers\n|-heal|p2a: Suicune|42/100 psn|[from] item: Leftovers\n|-damage|p2a: Suicune|30/100 psn|[from] psn\n|upkeep\n|turn|7\n|inactive|Time left: 300 sec this turn | 300 sec total\n|\n|t:|1783551143\n|move|p1a: Fezandipiti|Play Rough|p2a: Suicune\n|-damage|p2a: Suicune|0 fnt\n|faint|p2a: Suicune\n|\n|-heal|p1a: Fezandipiti|197/278|[from] item: Leftovers\n|upkeep\n|\n|t:|1783551144\n|switch|p2a: Gliscor|Gliscor, L76, F|100/100\n|turn|8\n|inactive|Time left: 300 sec this turn | 300 sec total\n|\n|t:|1783551146\n|move|p1a: Fezandipiti|Play Rough|p2a: Gliscor\n|-damage|p2a: Gliscor|45/100\n|move|p2a: Gliscor|Earthquake|p1a: Fezandipiti\n|-supereffective|p1a: Fezandipiti\n|-damage|p1a: Fezandipiti|0 fnt\n|faint|p1a: Fezandipiti\n|\n|-status|p2a: Gliscor|tox|[from] item: Toxic Orb\n|upkeep\n|inactive|Time left: 300 sec this turn | 300 sec total | 5 sec grace\n|\n|t:|1783551147\n|switch|p1a: Dewgong|Dewgong, L94, F|322/322\n|turn|9\n|inactive|Time left: 300 sec this turn | 300 sec total\n|\n|t:|1783551148\n|move|p2a: Gliscor|Protect|p2a: Gliscor\n|-singleturn|p2a: Gliscor|Protect\n|move|p1a: Dewgong|Ice Beam|p2a: Gliscor\n|-activate|p2a: Gliscor|move: Protect\n|\n|-heal|p2a: Gliscor|57/100 tox|[from] ability: Poison Heal\n|upkeep\n|turn|10\n|inactive|Time left: 300 sec this turn | 300 sec total\n|\n|t:|1783551148\n|move|p2a: Gliscor|Substitute|p2a: Gliscor\n|-start|p2a: Gliscor|Substitute\n|-damage|p2a: Gliscor|33/100 tox\n|move|p1a: Dewgong|Hydro Pump|p2a: Gliscor\n|-supereffective|p2a: Gliscor\n|-end|p2a: Gliscor|Substitute\n|\n|-heal|p2a: Gliscor|45/100 tox|[from] ability: Poison Heal\n|upkeep\n|turn|11\n|inactive|Time left: 300 sec this turn | 300 sec total\n|\n|t:|1783551149\n|move|p2a: Gliscor|Protect|p2a: Gliscor\n|-singleturn|p2a: Gliscor|Protect\n|move|p1a: Dewgong|Ice Beam|p2a: Gliscor\n|-activate|p2a: Gliscor|move: Protect\n|\n|-heal|p2a: Gliscor|57/100 tox|[from] ability: Poison Heal\n|upkeep\n|turn|12\n|inactive|Time left: 300 sec this turn | 300 sec total\n|\n|t:|1783551150\n|move|p2a: Gliscor|Substitute|p2a: Gliscor\n|-start|p2a: Gliscor|Substitute\n|-damage|p2a: Gliscor|32/100 tox\n|move|p1a: Dewgong|Ice Beam|p2a: Gliscor\n|-supereffective|p2a: Gliscor\n|-end|p2a: Gliscor|Substitute\n|\n|-heal|p2a: Gliscor|44/100 tox|[from] ability: Poison Heal\n|upkeep\n|turn|13\n|inactive|Time left: 300 sec this turn | 300 sec total\n|\n|t:|1783551151\n|move|p2a: Gliscor|Protect|p2a: Gliscor\n|-singleturn|p2a: Gliscor|Protect\n|move|p1a: Dewgong|Ice Beam|p2a: Gliscor\n|-activate|p2a: Gliscor|move: Protect\n|\n|-heal|p2a: Gliscor|57/100 tox|[from] ability: Poison Heal\n|upkeep\n|turn|14\n|inactive|Time left: 300 sec this turn | 300 sec total\n|\n|t:|1783551152\n|move|p2a: Gliscor|Substitute|p2a: Gliscor\n|-start|p2a: Gliscor|Substitute\n|-damage|p2a: Gliscor|32/100 tox\n|move|p1a: Dewgong|Ice Beam|p2a: Gliscor\n|-supereffective|p2a: Gliscor\n|-end|p2a: Gliscor|Substitute\n|\n|-heal|p2a: Gliscor|44/100 tox|[from] ability: Poison Heal\n|upkeep\n|turn|15\n|inactive|Time left: 300 sec this turn | 300 sec total\n|\n|t:|1783551153\n|move|p2a: Gliscor|Protect|p2a: Gliscor\n|-singleturn|p2a: Gliscor|Protect\n|move|p1a: Dewgong|Ice Beam|p2a: Gliscor\n|-activate|p2a: Gliscor|move: Protect\n|\n|-heal|p2a: Gliscor|56/100 tox|[from] ability: Poison Heal\n|upkeep\n|turn|16\n|inactive|Time left: 300 sec this turn | 300 sec total\n|\n|t:|1783551154\n|move|p2a: Gliscor|Substitute|p2a: Gliscor\n|-start|p2a: Gliscor|Substitute\n|-damage|p2a: Gliscor|31/100 tox\n|move|p1a: Dewgong|Hydro Pump|p2a: Gliscor\n|-supereffective|p2a: Gliscor\n|-end|p2a: Gliscor|Substitute\n|\n|-heal|p2a: Gliscor|44/100 tox|[from] ability: Poison Heal\n|upkeep\n|turn|17\n|inactive|Time left: 300 sec this turn | 300 sec total\n|\n|t:|1783551155\n|move|p2a: Gliscor|Protect|p2a: Gliscor\n|-singleturn|p2a: Gliscor|Protect\n|move|p1a: Dewgong|Ice Beam|p2a: Gliscor\n|-activate|p2a: Gliscor|move: Protect\n|\n|-heal|p2a: Gliscor|56/100 tox|[from] ability: Poison Heal\n|upkeep\n|turn|18\n|inactive|Time left: 300 sec this turn | 300 sec total\n|\n|t:|1783551156\n|move|p2a: Gliscor|Substitute|p2a: Gliscor\n|-start|p2a: Gliscor|Substitute\n|-damage|p2a: Gliscor|31/100 tox\n|move|p1a: Dewgong|Hydro Pump|p2a: Gliscor\n|-supereffective|p2a: Gliscor\n|-end|p2a: Gliscor|Substitute\n|\n|-heal|p2a: Gliscor|43/100 tox|[from] ability: Poison Heal\n|upkeep\n|turn|19\n|inactive|Time left: 300 sec this turn | 300 sec total\n|\n|t:|1783551157\n|move|p2a: Gliscor|Protect|p2a: Gliscor\n|-singleturn|p2a: Gliscor|Protect\n|move|p1a: Dewgong|Ice Beam|p2a: Gliscor\n|-activate|p2a: Gliscor|move: Protect\n|\n|-heal|p2a: Gliscor|55/100 tox|[from] ability: Poison Heal\n|upkeep\n|turn|20\n|inactive|Time left: 300 sec this turn | 300 sec total\n|\n|t:|1783551158\n|move|p2a: Gliscor|Substitute|p2a: Gliscor\n|-start|p2a: Gliscor|Substitute\n|-damage|p2a: Gliscor|31/100 tox\n|move|p1a: Dewgong|Hydro Pump|p2a: Gliscor|[miss]\n|-miss|p1a: Dewgong|p2a: Gliscor\n|\n|-heal|p2a: Gliscor|43/100 tox|[from] ability: Poison Heal\n|upkeep\n|turn|21\n|inactive|Time left: 300 sec this turn | 300 sec total\n|\n|t:|1783551159\n|move|p2a: Gliscor|Toxic|p1a: Dewgong\n|-status|p1a: Dewgong|tox\n|move|p1a: Dewgong|Ice Beam|p2a: Gliscor\n|-supereffective|p2a: Gliscor\n|-end|p2a: Gliscor|Substitute\n|\n|-heal|p2a: Gliscor|55/100 tox|[from] ability: Poison Heal\n|-damage|p1a: Dewgong|302/322 tox|[from] psn\n|upkeep\n|turn|22\n|inactive|Time left: 300 sec this turn | 300 sec total\n|\n|t:|1783551160\n|move|p2a: Gliscor|Protect|p2a: Gliscor\n|-singleturn|p2a: Gliscor|Protect\n|move|p1a: Dewgong|Hydro Pump|p2a: Gliscor\n|-activate|p2a: Gliscor|move: Protect\n|\n|-heal|p2a: Gliscor|67/100 tox|[from] ability: Poison Heal\n|-damage|p1a: Dewgong|262/322 tox|[from] psn\n|upkeep\n|turn|23\n|inactive|Time left: 300 sec this turn | 300 sec total\n|\n|t:|1783551161\n|move|p2a: Gliscor|Substitute|p2a: Gliscor\n|-start|p2a: Gliscor|Substitute\n|-damage|p2a: Gliscor|42/100 tox\n|move|p1a: Dewgong|Ice Beam|p2a: Gliscor\n|-supereffective|p2a: Gliscor\n|-end|p2a: Gliscor|Substitute\n|\n|-heal|p2a: Gliscor|54/100 tox|[from] ability: Poison Heal\n|-damage|p1a: Dewgong|202/322 tox|[from] psn\n|upkeep\n|turn|24\n|inactive|Time left: 300 sec this turn | 300 sec total\n|\n|t:|1783551162\n|move|p2a: Gliscor|Protect|p2a: Gliscor\n|-singleturn|p2a: Gliscor|Protect\n|move|p1a: Dewgong|Flip Turn|p2a: Gliscor\n|-activate|p2a: Gliscor|move: Protect\n|\n|-heal|p2a: Gliscor|67/100 tox|[from] ability: Poison Heal\n|-damage|p1a: Dewgong|122/322 tox|[from] psn\n|upkeep\n|turn|25\n|inactive|Time left: 300 sec this turn | 300 sec total\n|\n|t:|1783551164\n|move|p2a: Gliscor|Substitute|p2a: Gliscor\n|-start|p2a: Gliscor|Substitute\n|-damage|p2a: Gliscor|42/100 tox\n|move|p1a: Dewgong|Ice Beam|p2a: Gliscor\n|-supereffective|p2a: Gliscor\n|-end|p2a: Gliscor|Substitute\n|\n|-heal|p2a: Gliscor|54/100 tox|[from] ability: Poison Heal\n|-damage|p1a: Dewgong|22/322 tox|[from] psn\n|upkeep\n|turn|26\n|inactive|Time left: 300 sec this turn | 300 sec total\n|\n|t:|1783551165\n|switch|p1a: Venusaur|Venusaur, L84, F|272/272\n|move|p2a: Gliscor|Earthquake|p1a: Venusaur\n|-damage|p1a: Venusaur|176/272\n|\n|-heal|p1a: Venusaur|193/272|[from] item: Leftovers\n|-heal|p2a: Gliscor|66/100 tox|[from] ability: Poison Heal\n|upkeep\n|turn|27\n|inactive|Time left: 300 sec this turn | 300 sec total\n|\n|t:|1783551166\n|move|p2a: Gliscor|Earthquake|p1a: Venusaur\n|-damage|p1a: Venusaur|103/272\n|move|p1a: Venusaur|Energy Ball|p2a: Gliscor\n|-damage|p2a: Gliscor|17/100 tox\n|\n|-heal|p1a: Venusaur|120/272|[from] item: Leftovers\n|-heal|p2a: Gliscor|29/100 tox|[from] ability: Poison Heal\n|upkeep\n|turn|28\n|inactive|Time left: 300 sec this turn | 300 sec total\n|\n|t:|1783551167\n|move|p2a: Gliscor|Earthquake|p1a: Venusaur\n|-damage|p1a: Venusaur|33/272\n|move|p1a: Venusaur|Synthesis|p1a: Venusaur\n|-heal|p1a: Venusaur|169/272\n|\n|-heal|p1a: Venusaur|186/272|[from] item: Leftovers\n|-heal|p2a: Gliscor|42/100 tox|[from] ability: Poison Heal\n|upkeep\n|turn|29\n|inactive|Time left: 300 sec this turn | 300 sec total\n|\n|t:|1783551169\n|move|p2a: Gliscor|Protect|p2a: Gliscor\n|-singleturn|p2a: Gliscor|Protect\n|move|p1a: Venusaur|Energy Ball|p2a: Gliscor\n|-activate|p2a: Gliscor|move: Protect\n|\n|-heal|p1a: Venusaur|203/272|[from] item: Leftovers\n|-heal|p2a: Gliscor|54/100 tox|[from] ability: Poison Heal\n|upkeep\n|turn|30\n|inactive|Time left: 300 sec this turn | 300 sec total\n|\n|t:|1783551170\n|move|p2a: Gliscor|Earthquake|p1a: Venusaur\n|-damage|p1a: Venusaur|113/272\n|move|p1a: Venusaur|Energy Ball|p2a: Gliscor\n|-damage|p2a: Gliscor|0 fnt\n|faint|p2a: Gliscor\n|\n|-heal|p1a: Venusaur|130/272|[from] item: Leftovers\n|upkeep\n|\n|t:|1783551171\n|switch|p2a: Mienshao|Mienshao, L83, M|100/100\n|turn|31\n|inactive|Time left: 300 sec this turn | 300 sec total\n|\n|t:|1783551172\n|move|p2a: Mienshao|High Jump Kick|p1a: Venusaur|[miss]\n|-miss|p2a: Mienshao|p1a: Venusaur\n|-damage|p2a: Mienshao|51/100|[from] highjumpkick\n|move|p1a: Venusaur|Synthesis|p1a: Venusaur\n|-heal|p1a: Venusaur|266/272\n|\n|-heal|p1a: Venusaur|272/272|[from] item: Leftovers\n|upkeep\n|turn|32\n|inactive|Time left: 300 sec this turn | 300 sec total\n|\n|t:|1783551173\n|switch|p2a: Chansey|Chansey, L85, F|100/100\n|move|p1a: Venusaur|Sludge Bomb|p2a: Chansey\n|-damage|p2a: Chansey|91/100\n|\n|upkeep\n|turn|33\n|inactive|Time left: 300 sec this turn | 300 sec total\n|\n|t:|1783551174\n|move|p1a: Venusaur|Energy Ball|p2a: Chansey\n|-damage|p2a: Chansey|81/100\n|move|p2a: Chansey|Seismic Toss|p1a: Venusaur\n|-damage|p1a: Venusaur|187/272\n|\n|-heal|p1a: Venusaur|204/272|[from] item: Leftovers\n|upkeep\n|turn|34\n|inactive|Time left: 300 sec this turn | 300 sec total\n|\n|t:|1783551176\n|move|p1a: Venusaur|Toxic|p2a: Chansey\n|-status|p2a: Chansey|tox\n|move|p2a: Chansey|Stealth Rock|p1a: Venusaur\n|-sidestart|p1: p0x96924ae|move: Stealth Rock\n|\n|-heal|p1a: Venusaur|221/272|[from] item: Leftovers\n|-damage|p2a: Chansey|75/100 tox|[from] psn\n|upkeep\n|turn|35\n|inactive|Time left: 300 sec this turn | 300 sec total\n|\n|t:|1783551177\n|-curestatus|p2a: Chansey|tox|[from] ability: Natural Cure|[silent]\n|switch|p2a: Raikou|Raikou, L81|100/100\n|-ability|p2a: Raikou|Pressure\n|move|p1a: Venusaur|Energy Ball|p2a: Raikou\n|-damage|p2a: Raikou|65/100\n|\n|-heal|p2a: Raikou|71/100|[from] item: Leftovers\n|-heal|p1a: Venusaur|238/272|[from] item: Leftovers\n|upkeep\n|turn|36\n|inactive|Time left: 300 sec this turn | 300 sec total\n|\n|t:|1783551178\n|move|p2a: Raikou|Calm Mind|p2a: Raikou\n|-boost|p2a: Raikou|spa|1\n|-boost|p2a: Raikou|spd|1\n|move|p1a: Venusaur|Sludge Bomb|p2a: Raikou\n|-damage|p2a: Raikou|49/100\n|\n|-heal|p2a: Raikou|55/100|[from] item: Leftovers\n|-heal|p1a: Venusaur|255/272|[from] item: Leftovers\n|upkeep\n|turn|37\n|inactive|Time left: 300 sec this turn | 300 sec total\n|\n|t:|1783551180\n|move|p2a: Raikou|Calm Mind|p2a: Raikou\n|-boost|p2a: Raikou|spa|1\n|-boost|p2a: Raikou|spd|1\n|move|p1a: Venusaur|Sludge Bomb|p2a: Raikou\n|-damage|p2a: Raikou|40/100\n|\n|-heal|p2a: Raikou|46/100|[from] item: Leftovers\n|-heal|p1a: Venusaur|272/272|[from] item: Leftovers\n|upkeep\n|turn|38\n|inactive|Time left: 300 sec this turn | 300 sec total\n|\n|t:|1783551181\n|move|p2a: Raikou|Calm Mind|p2a: Raikou\n|-boost|p2a: Raikou|spa|1\n|-boost|p2a: Raikou|spd|1\n|move|p1a: Venusaur|Toxic|p2a: Raikou\n|-status|p2a: Raikou|tox\n|\n|-heal|p2a: Raikou|52/100 tox|[from] item: Leftovers\n|-damage|p2a: Raikou|46/100 tox|[from] psn\n|upkeep\n|turn|39\n|inactive|Time left: 300 sec this turn | 300 sec total\n|\n|t:|1783551182\n|move|p2a: Raikou|Thunderbolt|p1a: Venusaur\n|-resisted|p1a: Venusaur\n|-damage|p1a: Venusaur|151/272\n|move|p1a: Venusaur|Energy Ball|p2a: Raikou\n|-damage|p2a: Raikou|31/100 tox\n|\n|-heal|p2a: Raikou|37/100 tox|[from] item: Leftovers\n|-heal|p1a: Venusaur|168/272|[from] item: Leftovers\n|-damage|p2a: Raikou|25/100 tox|[from] psn\n|upkeep\n|turn|40\n|inactive|Time left: 300 sec this turn | 300 sec total\n|\n|t:|1783551184\n|move|p2a: Raikou|Shadow Ball|p1a: Venusaur\n|-damage|p1a: Venusaur|43/272\n|move|p1a: Venusaur|Synthesis|p1a: Venusaur\n|-heal|p1a: Venusaur|179/272\n|\n|-heal|p2a: Raikou|31/100 tox|[from] item: Leftovers\n|-heal|p1a: Venusaur|196/272|[from] item: Leftovers\n|-damage|p2a: Raikou|13/100 tox|[from] psn\n|upkeep\n|turn|41\n|inactive|Time left: 300 sec this turn | 300 sec total\n|\n|t:|1783551185\n|move|p2a: Raikou|Thunderbolt|p1a: Venusaur\n|-resisted|p1a: Venusaur\n|-damage|p1a: Venusaur|86/272\n|move|p1a: Venusaur|Synthesis|p1a: Venusaur\n|-heal|p1a: Venusaur|222/272\n|\n|-heal|p2a: Raikou|19/100 tox|[from] item: Leftovers\n|-heal|p1a: Venusaur|239/272|[from] item: Leftovers\n|-damage|p2a: Raikou|0 fnt|[from] psn\n|faint|p2a: Raikou\n|upkeep\n|\n|t:|1783551186\n|switch|p2a: Chansey|Chansey, L85, F|75/100\n|turn|42\n|inactive|Time left: 300 sec this turn | 300 sec total\n|\n|t:|1783551187\n|move|p1a: Venusaur|Toxic|p2a: Chansey\n|-status|p2a: Chansey|tox\n|move|p2a: Chansey|Soft-Boiled|p2a: Chansey\n|-heal|p2a: Chansey|100/100 tox\n|\n|-heal|p1a: Venusaur|256/272|[from] item: Leftovers\n|-damage|p2a: Chansey|94/100 tox|[from] psn\n|upkeep\n|turn|43\n|inactive|Time left: 300 sec this turn | 300 sec total\n|\n|t:|1783551188\n|move|p1a: Venusaur|Energy Ball|p2a: Chansey\n|-crit|p2a: Chansey\n|-damage|p2a: Chansey|78/100 tox\n|move|p2a: Chansey|Thunder Wave|p1a: Venusaur\n|-status|p1a: Venusaur|par\n|\n|-heal|p1a: Venusaur|272/272 par|[from] item: Leftovers\n|-damage|p2a: Chansey|65/100 tox|[from] psn\n|upkeep\n|turn|44\n|inactive|Time left: 300 sec this turn | 300 sec total\n|\n|t:|1783551189\n|-curestatus|p2a: Chansey|tox|[from] ability: Natural Cure|[silent]\n|switch|p2a: Mienshao|Mienshao, L83, M|51/100\n|move|p1a: Venusaur|Energy Ball|p2a: Mienshao\n|-damage|p2a: Mienshao|0 fnt\n|faint|p2a: Mienshao\n|\n|upkeep\n|\n|t:|1783551190\n|switch|p2a: Chansey|Chansey, L85, F|65/100\n|turn|45\n|inactive|Time left: 300 sec this turn | 300 sec total\n|\n|t:|1783551191\n|move|p2a: Chansey|Soft-Boiled|p2a: Chansey\n|-heal|p2a: Chansey|100/100\n|cant|p1a: Venusaur|par\n|\n|upkeep\n|turn|46\n|inactive|Time left: 300 sec this turn | 300 sec total\n|\n|t:|1783551192\n|move|p2a: Chansey|Seismic Toss|p1a: Venusaur\n|-damage|p1a: Venusaur|187/272 par\n|move|p1a: Venusaur|Toxic|p2a: Chansey\n|-status|p2a: Chansey|tox\n|\n|-heal|p1a: Venusaur|204/272 par|[from] item: Leftovers\n|-damage|p2a: Chansey|94/100 tox|[from] psn\n|upkeep\n|turn|47\n|inactive|Time left: 300 sec this turn | 300 sec total\n|\n|t:|1783551194\n|move|p2a: Chansey|Seismic Toss|p1a: Venusaur\n|-damage|p1a: Venusaur|119/272 par\n|move|p1a: Venusaur|Synthesis|p1a: Venusaur\n|-heal|p1a: Venusaur|255/272 par\n|\n|-heal|p1a: Venusaur|272/272 par|[from] item: Leftovers\n|-damage|p2a: Chansey|82/100 tox|[from] psn\n|upkeep\n|turn|48\n|inactive|Time left: 300 sec this turn | 300 sec total\n|\n|t:|1783551195\n|move|p2a: Chansey|Soft-Boiled|p2a: Chansey\n|-heal|p2a: Chansey|100/100 tox\n|move|p1a: Venusaur|Sludge Bomb|p2a: Chansey\n|-damage|p2a: Chansey|91/100 tox\n|\n|-damage|p2a: Chansey|72/100 tox|[from] psn\n|upkeep\n|turn|49\n|inactive|Time left: 300 sec this turn | 300 sec total\n|\n|t:|1783551196\n|move|p2a: Chansey|Soft-Boiled|p2a: Chansey\n|-heal|p2a: Chansey|100/100 tox\n|move|p1a: Venusaur|Energy Ball|p2a: Chansey\n|-damage|p2a: Chansey|91/100 tox\n|\n|-damage|p2a: Chansey|66/100 tox|[from] psn\n|upkeep\n|turn|50\n|inactive|Time left: 300 sec this turn | 300 sec total\n|\n|t:|1783551198\n|switch|p1a: Coalossal|Coalossal, L89, M|283/341\n|move|p2a: Chansey|Soft-Boiled|p2a: Chansey\n|-heal|p2a: Chansey|100/100 tox\n|\n|-damage|p2a: Chansey|69/100 tox|[from] psn\n|upkeep\n|turn|51\n|inactive|Time left: 300 sec this turn | 300 sec total\n|\n|t:|1783551199\n|move|p2a: Chansey|Soft-Boiled|p2a: Chansey\n|-heal|p2a: Chansey|100/100 tox\n|move|p1a: Coalossal|Stone Edge|p2a: Chansey\n|-damage|p2a: Chansey|58/100 tox\n|\n|-damage|p2a: Chansey|21/100 tox|[from] psn\n|upkeep\n|turn|52\n|inactive|Time left: 300 sec this turn | 300 sec total\n|\n|t:|1783551200\n|-terastallize|p1a: Coalossal|Grass\n|move|p2a: Chansey|Soft-Boiled|p2a: Chansey\n|-heal|p2a: Chansey|71/100 tox\n|move|p1a: Coalossal|Rapid Spin|p2a: Chansey\n|-damage|p2a: Chansey|57/100 tox\n|-boost|p1a: Coalossal|spe|1\n|-sideend|p1: p0x96924ae|Stealth Rock|[from] move: Rapid Spin|[of] p1a: Coalossal\n|\n|-damage|p2a: Chansey|13/100 tox|[from] psn\n|upkeep\n|turn|53\n|inactive|Time left: 300 sec this turn | 300 sec total\n|\n|t:|1783551201\n|switch|p1a: Whimsicott|Whimsicott, L84, M|238/238\n|move|p2a: Chansey|Thunder Wave|p1a: Whimsicott\n|-status|p1a: Whimsicott|par\n|\n|-damage|p2a: Chansey|0 fnt|[from] psn\n|faint|p2a: Chansey\n|\n|win|p0x96924ae", "uploadtime": 1783551201, "views": 0, "rating": 0, "private": 0, "password": null, "_winner": "p0x96924ae", "_our_name": "p0x96924ae"}