{"id": "battle-gen9randombattle-2396", "formatid": "gen9randombattle", "format": "[Gen 9] Random Battle", "players": ["p0x2396cd2a", "p0y23968af8"], "log": "|init|battle\n|title|p0x2396cd2a vs. p0y23968af8\n|j|\u2606p0x2396cd2a\n|j|\u2606p0y23968af8\n|t:|1783566799\n|gametype|singles\n|player|p1|p0x2396cd2a|101|\n|player|p2|p0y23968af8|102|\n|gen|9\n|tier|[Gen 9] Random Battle\n|rule|Species Clause: Limit one of each Pok\u00e9mon\n|rule|HP Percentage Mod: HP is shown in percentages\n|rule|Sleep Clause Mod: Limit one foe put to sleep\n|rule|Illusion Level Mod: Illusion disguises the Pok\u00e9mon's true level\n|\n|t:|1783566799\n|teamsize|p1|6\n|teamsize|p2|6\n|start\n|switch|p1a: Baxcalibur|Baxcalibur, L75, F|295/295\n|switch|p2a: Granbull|Granbull, L88, F|100/100\n|-ability|p2a: Granbull|Intimidate|boost\n|-unboost|p1a: Baxcalibur|atk|1\n|turn|1\n|inactive|Battle timer is ON: inactive players will automatically lose when time's up. (requested by p0y23968af8)\n|inactive|Time left: 300 sec this turn | 300 sec total | 60 sec grace\n|inactive|p0x2396cd2a also wants the timer to be on.\n|\n|t:|1783566800\n|switch|p1a: Solgaleo|Solgaleo, L74|325/325\n|move|p2a: Granbull|Play Rough|p1a: Solgaleo\n|-resisted|p1a: Solgaleo\n|-damage|p1a: Solgaleo|265/325\n|\n|-heal|p1a: Solgaleo|285/325|[from] item: Leftovers\n|upkeep\n|turn|2\n|inactive|Time left: 300 sec this turn | 300 sec total\n|\n|t:|1783566802\n|switch|p2a: Hippowdon|Hippowdon, L82, F|100/100\n|-weather|Sandstorm|[from] ability: Sand Stream|[of] p2a: Hippowdon\n|move|p1a: Solgaleo|Sunsteel Strike|p2a: Hippowdon\n|-damage|p2a: Hippowdon|74/100\n|\n|-weather|Sandstorm|[upkeep]\n|-heal|p1a: Solgaleo|305/325|[from] item: Leftovers\n|-heal|p2a: Hippowdon|80/100|[from] item: Leftovers\n|upkeep\n|turn|3\n|inactive|Time left: 300 sec this turn | 300 sec total\n|\n|t:|1783566803\n|move|p1a: Solgaleo|Sunsteel Strike|p2a: Hippowdon\n|-damage|p2a: Hippowdon|53/100\n|move|p2a: Hippowdon|Earthquake|p1a: Solgaleo\n|-supereffective|p1a: Solgaleo\n|-damage|p1a: Solgaleo|101/325\n|\n|-weather|Sandstorm|[upkeep]\n|-heal|p1a: Solgaleo|121/325|[from] item: Leftovers\n|-heal|p2a: Hippowdon|59/100|[from] item: Leftovers\n|upkeep\n|turn|4\n|inactive|Time left: 300 sec this turn | 300 sec total\n|\n|t:|1783566804\n|move|p1a: Solgaleo|Sunsteel Strike|p2a: Hippowdon\n|-damage|p2a: Hippowdon|32/100\n|move|p2a: Hippowdon|Earthquake|p1a: Solgaleo\n|-supereffective|p1a: Solgaleo\n|-damage|p1a: Solgaleo|0 fnt\n|faint|p1a: Solgaleo\n|\n|-weather|Sandstorm|[upkeep]\n|-heal|p2a: Hippowdon|38/100|[from] item: Leftovers\n|upkeep\n|inactive|Time left: 300 sec this turn | 300 sec total | 5 sec grace\n|\n|t:|1783566805\n|switch|p1a: Milotic|Milotic, L83, M|293/293\n|turn|5\n|inactive|Time left: 300 sec this turn | 300 sec total\n|\n|t:|1783566806\n|switch|p2a: Blissey|Blissey, L85, F|100/100\n|move|p1a: Milotic|Scald|p2a: Blissey\n|-crit|p2a: Blissey\n|-damage|p2a: Blissey|84/100\n|-status|p2a: Blissey|brn\n|\n|-weather|Sandstorm|[upkeep]\n|-damage|p1a: Milotic|275/293|[from] Sandstorm\n|-damage|p2a: Blissey|78/100 brn|[from] Sandstorm\n|-heal|p1a: Milotic|293/293|[from] item: Leftovers\n|-heal|p2a: Blissey|84/100 brn|[from] item: Leftovers\n|-damage|p2a: Blissey|78/100 brn|[from] brn\n|upkeep\n|turn|6\n|inactive|Time left: 300 sec this turn | 300 sec total\n|\n|t:|1783566807\n|move|p1a: Milotic|Ice Beam|p2a: Blissey\n|-damage|p2a: Blissey|70/100 brn\n|move|p2a: Blissey|Seismic Toss|p1a: Milotic\n|-damage|p1a: Milotic|208/293\n|\n|-weather|none\n|-heal|p1a: Milotic|226/293|[from] item: Leftovers\n|-heal|p2a: Blissey|76/100 brn|[from] item: Leftovers\n|-damage|p2a: Blissey|70/100 brn|[from] brn\n|upkeep\n|turn|7\n|inactive|Time left: 300 sec this turn | 300 sec total\n|\n|t:|1783566808\n|move|p1a: Milotic|Scald|p2a: Blissey\n|-damage|p2a: Blissey|59/100 brn\n|move|p2a: Blissey|Seismic Toss|p1a: Milotic\n|-damage|p1a: Milotic|141/293\n|\n|-heal|p1a: Milotic|159/293|[from] item: Leftovers\n|-heal|p2a: Blissey|65/100 brn|[from] item: Leftovers\n|-damage|p2a: Blissey|59/100 brn|[from] brn\n|upkeep\n|turn|8\n|inactive|Time left: 300 sec this turn | 300 sec total\n|\n|t:|1783566809\n|move|p1a: Milotic|Recover|p1a: Milotic\n|-heal|p1a: Milotic|293/293\n|move|p2a: Blissey|Soft-Boiled|p2a: Blissey\n|-heal|p2a: Blissey|100/100 brn\n|\n|-damage|p2a: Blissey|94/100 brn|[from] brn\n|upkeep\n|turn|9\n|inactive|Time left: 300 sec this turn | 300 sec total\n|\n|t:|1783566810\n|move|p1a: Milotic|Scald|p2a: Blissey\n|-damage|p2a: Blissey|83/100 brn\n|move|p2a: Blissey|Seismic Toss|p1a: Milotic\n|-damage|p1a: Milotic|208/293\n|\n|-heal|p1a: Milotic|226/293|[from] item: Leftovers\n|-heal|p2a: Blissey|89/100 brn|[from] item: Leftovers\n|-damage|p2a: Blissey|83/100 brn|[from] brn\n|upkeep\n|turn|10\n|inactive|Time left: 300 sec this turn | 300 sec total\n|\n|t:|1783566811\n|move|p1a: Milotic|Ice Beam|p2a: Blissey\n|-damage|p2a: Blissey|75/100 brn\n|move|p2a: Blissey|Soft-Boiled|p2a: Blissey\n|-heal|p2a: Blissey|100/100 brn\n|\n|-heal|p1a: Milotic|244/293|[from] item: Leftovers\n|-damage|p2a: Blissey|94/100 brn|[from] brn\n|upkeep\n|turn|11\n|inactive|Time left: 300 sec this turn | 300 sec total\n|\n|t:|1783566813\n|move|p1a: Milotic|Ice Beam|p2a: Blissey\n|-damage|p2a: Blissey|87/100 brn\n|move|p2a: Blissey|Thunder Wave|p1a: Milotic\n|-status|p1a: Milotic|par\n|\n|-heal|p2a: Blissey|93/100 brn|[from] item: Leftovers\n|-heal|p1a: Milotic|262/293 par|[from] item: Leftovers\n|-damage|p2a: Blissey|87/100 brn|[from] brn\n|upkeep\n|turn|12\n|inactive|Time left: 300 sec this turn | 300 sec total\n|\n|t:|1783566814\n|move|p2a: Blissey|Seismic Toss|p1a: Milotic\n|-damage|p1a: Milotic|177/293 par\n|move|p1a: Milotic|Ice Beam|p2a: Blissey\n|-damage|p2a: Blissey|79/100 brn\n|\n|-heal|p2a: Blissey|85/100 brn|[from] item: Leftovers\n|-heal|p1a: Milotic|195/293 par|[from] item: Leftovers\n|-damage|p2a: Blissey|79/100 brn|[from] brn\n|upkeep\n|turn|13\n|inactive|Time left: 300 sec this turn | 300 sec total\n|\n|t:|1783566815\n|move|p2a: Blissey|Seismic Toss|p1a: Milotic\n|-damage|p1a: Milotic|110/293 par\n|move|p1a: Milotic|Scald|p2a: Blissey\n|-damage|p2a: Blissey|69/100 brn\n|\n|-heal|p2a: Blissey|75/100 brn|[from] item: Leftovers\n|-heal|p1a: Milotic|128/293 par|[from] item: Leftovers\n|-damage|p2a: Blissey|69/100 brn|[from] brn\n|upkeep\n|turn|14\n|inactive|Time left: 300 sec this turn | 300 sec total\n|\n|t:|1783566816\n|move|p2a: Blissey|Seismic Toss|p1a: Milotic\n|-damage|p1a: Milotic|43/293 par\n|move|p1a: Milotic|Recover|p1a: Milotic\n|-heal|p1a: Milotic|190/293 par\n|\n|-heal|p2a: Blissey|75/100 brn|[from] item: Leftovers\n|-heal|p1a: Milotic|208/293 par|[from] item: Leftovers\n|-damage|p2a: Blissey|69/100 brn|[from] brn\n|upkeep\n|turn|15\n|inactive|Time left: 300 sec this turn | 300 sec total\n|\n|t:|1783566817\n|move|p2a: Blissey|Soft-Boiled|p2a: Blissey\n|-heal|p2a: Blissey|100/100 brn\n|move|p1a: Milotic|Recover|p1a: Milotic\n|-heal|p1a: Milotic|293/293 par\n|\n|-damage|p2a: Blissey|94/100 brn|[from] brn\n|upkeep\n|turn|16\n|inactive|Time left: 300 sec this turn | 300 sec total\n|\n|t:|1783566818\n|switch|p1a: Komala|Komala, L87, M|255/255\n|-ability|p1a: Komala|Comatose\n|move|p2a: Blissey|Seismic Toss|p1a: Komala\n|-damage|p1a: Komala|170/255\n|\n|-heal|p2a: Blissey|100/100 brn|[from] item: Leftovers\n|-damage|p2a: Blissey|94/100 brn|[from] brn\n|upkeep\n|turn|17\n|inactive|Time left: 300 sec this turn | 300 sec total\n|\n|t:|1783566820\n|-curestatus|p2a: Blissey|brn|[from] ability: Natural Cure|[silent]\n|switch|p2a: Great Tusk|Great Tusk, L77|100/100\n|move|p1a: Komala|Rapid Spin|p2a: Great Tusk\n|-damage|p2a: Great Tusk|83/100\n|-boost|p1a: Komala|spe|1\n|\n|-heal|p2a: Great Tusk|89/100|[from] item: Leftovers\n|upkeep\n|turn|18\n|inactive|Time left: 300 sec this turn | 300 sec total\n|\n|t:|1783566821\n|move|p1a: Komala|Body Slam|p2a: Great Tusk\n|-damage|p2a: Great Tusk|61/100\n|move|p2a: Great Tusk|Earthquake|p1a: Komala\n|-damage|p1a: Komala|25/255\n|\n|-heal|p2a: Great Tusk|68/100|[from] item: Leftovers\n|upkeep\n|turn|19\n|inactive|Time left: 300 sec this turn | 300 sec total\n|\n|t:|1783566822\n|move|p1a: Komala|Body Slam|p2a: Great Tusk\n|-damage|p2a: Great Tusk|41/100\n|move|p2a: Great Tusk|Earthquake|p1a: Komala\n|-damage|p1a: Komala|0 fnt\n|faint|p1a: Komala\n|\n|-heal|p2a: Great Tusk|47/100|[from] item: Leftovers\n|upkeep\n|inactive|Time left: 300 sec this turn | 300 sec total | 5 sec grace\n|\n|t:|1783566823\n|switch|p1a: Kingdra|Kingdra, L84, F|263/263\n|turn|20\n|inactive|Time left: 300 sec this turn | 300 sec total\n|\n|t:|1783566824\n|-end|p2a: Great Tusk|Protosynthesis|[silent]\n|switch|p2a: Granbull|Granbull, L88, F|100/100\n|-ability|p2a: Granbull|Intimidate|boost\n|-unboost|p1a: Kingdra|atk|1\n|move|p1a: Kingdra|Wave Crash|p2a: Granbull\n|-damage|p2a: Granbull|70/100\n|-damage|p1a: Kingdra|233/263|[from] Recoil\n|\n|-heal|p2a: Granbull|76/100|[from] item: Leftovers\n|upkeep\n|turn|21\n|inactive|Time left: 300 sec this turn | 300 sec total\n|\n|t:|1783566825\n|switch|p1a: Milotic|Milotic, L83, M|293/293 par\n|move|p2a: Granbull|Play Rough|p1a: Milotic\n|-damage|p1a: Milotic|164/293 par\n|\n|-heal|p2a: Granbull|82/100|[from] item: Leftovers\n|-heal|p1a: Milotic|182/293 par|[from] item: Leftovers\n|upkeep\n|turn|22\n|inactive|Time left: 300 sec this turn | 300 sec total\n|\n|t:|1783566826\n|move|p2a: Granbull|Play Rough|p1a: Milotic\n|-damage|p1a: Milotic|38/293 par\n|move|p1a: Milotic|Scald|p2a: Granbull\n|-damage|p2a: Granbull|49/100\n|\n|-heal|p2a: Granbull|54/100|[from] item: Leftovers\n|-heal|p1a: Milotic|56/293 par|[from] item: Leftovers\n|upkeep\n|turn|23\n|inactive|Time left: 300 sec this turn | 300 sec total\n|\n|t:|1783566827\n|move|p2a: Granbull|Play Rough|p1a: Milotic\n|-damage|p1a: Milotic|0 fnt\n|faint|p1a: Milotic\n|\n|-heal|p2a: Granbull|60/100|[from] item: Leftovers\n|upkeep\n|inactive|Time left: 300 sec this turn | 300 sec total | 5 sec grace\n|\n|t:|1783566828\n|switch|p1a: Kingdra|Kingdra, L84, F|233/263\n|turn|24\n|inactive|Time left: 300 sec this turn | 300 sec total\n|\n|t:|1783566830\n|-terastallize|p1a: Kingdra|Steel\n|move|p1a: Kingdra|Iron Head|p2a: Granbull\n|-supereffective|p2a: Granbull\n|-damage|p2a: Granbull|2/100\n|move|p2a: Granbull|Play Rough|p1a: Kingdra\n|-resisted|p1a: Kingdra\n|-damage|p1a: Kingdra|174/263\n|-unboost|p1a: Kingdra|atk|1\n|\n|-heal|p2a: Granbull|8/100|[from] item: Leftovers\n|upkeep\n|turn|25\n|inactive|Time left: 300 sec this turn | 300 sec total\n|\n|t:|1783566831\n|move|p1a: Kingdra|Wave Crash|p2a: Granbull\n|-damage|p2a: Granbull|0 fnt\n|faint|p2a: Granbull\n|-damage|p1a: Kingdra|166/263|[from] Recoil\n|\n|upkeep\n|\n|t:|1783566832\n|switch|p2a: Tornadus|Tornadus-Therian, L79, M|100/100\n|turn|26\n|inactive|Time left: 300 sec this turn | 300 sec total\n|\n|t:|1783566833\n|switch|p1a: Baxcalibur|Baxcalibur, L75, F|295/295\n|move|p2a: Tornadus|Nasty Plot|p2a: Tornadus\n|-boost|p2a: Tornadus|spa|2\n|\n|upkeep\n|turn|27\n|inactive|Time left: 300 sec this turn | 300 sec total\n|\n|t:|1783566834\n|move|p2a: Tornadus|Focus Blast|p1a: Baxcalibur|[miss]\n|-miss|p2a: Tornadus|p1a: Baxcalibur\n|move|p1a: Baxcalibur|Icicle Spear|p2a: Tornadus\n|-supereffective|p2a: Tornadus\n|-damage|p2a: Tornadus|72/100\n|-supereffective|p2a: Tornadus\n|-damage|p2a: Tornadus|46/100\n|-supereffective|p2a: Tornadus\n|-damage|p2a: Tornadus|20/100\n|-supereffective|p2a: Tornadus\n|-damage|p2a: Tornadus|0 fnt\n|faint|p2a: Tornadus\n|-hitcount|p2: Tornadus|4\n|\n|upkeep\n|\n|t:|1783566835\n|switch|p2a: Great Tusk|Great Tusk, L77|47/100\n|turn|28\n|inactive|Time left: 300 sec this turn | 300 sec total\n|\n|t:|1783566836\n|move|p2a: Great Tusk|Close Combat|p1a: Baxcalibur\n|-supereffective|p1a: Baxcalibur\n|-damage|p1a: Baxcalibur|17/295\n|-unboost|p2a: Great Tusk|def|1\n|-unboost|p2a: Great Tusk|spd|1\n|move|p1a: Baxcalibur|Icicle Spear|p2a: Great Tusk\n|-supereffective|p2a: Great Tusk\n|-damage|p2a: Great Tusk|25/100\n|-supereffective|p2a: Great Tusk\n|-damage|p2a: Great Tusk|1/100\n|-supereffective|p2a: Great Tusk\n|-damage|p2a: Great Tusk|0 fnt\n|faint|p2a: Great Tusk\n|-end|p2a: Great Tusk|Protosynthesis|[silent]\n|-hitcount|p2: Great Tusk|3\n|\n|upkeep\n|\n|t:|1783566837\n|switch|p2a: Persian|Persian, L92, F|100/100\n|turn|29\n|inactive|Time left: 300 sec this turn | 300 sec total\n|\n|t:|1783566838\n|switch|p1a: Kingdra|Kingdra, L84, F, tera:Steel|166/263\n|move|p2a: Persian|U-turn|p1a: Kingdra\n|-resisted|p1a: Kingdra\n|-damage|p1a: Kingdra|144/263\n|\n|t:|1783566839\n|switch|p2a: Hippowdon|Hippowdon, L82, F|38/100|[from] U-turn\n|-weather|Sandstorm|[from] ability: Sand Stream|[of] p2a: Hippowdon\n|\n|-weather|Sandstorm|[upkeep]\n|-heal|p2a: Hippowdon|44/100|[from] item: Leftovers\n|upkeep\n|turn|30\n|inactive|Time left: 300 sec this turn | 300 sec total\n|\n|t:|1783566840\n|move|p1a: Kingdra|Wave Crash|p2a: Hippowdon\n|-supereffective|p2a: Hippowdon\n|-damage|p2a: Hippowdon|0 fnt\n|faint|p2a: Hippowdon\n|-damage|p1a: Kingdra|99/263|[from] Recoil\n|\n|-weather|Sandstorm|[upkeep]\n|upkeep\n|\n|t:|1783566840\n|switch|p2a: Persian|Persian, L92, F|100/100\n|turn|31\n|inactive|Time left: 300 sec this turn | 300 sec total\n|\n|t:|1783566841\n|-terastallize|p2a: Persian|Normal\n|move|p2a: Persian|Fake Out|p1a: Kingdra\n|-resisted|p1a: Kingdra\n|-damage|p1a: Kingdra|57/263\n|cant|p1a: Kingdra|flinch\n|\n|-weather|Sandstorm|[upkeep]\n|-damage|p2a: Persian|95/100|[from] Sandstorm\n|upkeep\n|turn|32\n|inactive|Time left: 300 sec this turn | 300 sec total\n|\n|t:|1783566842\n|move|p2a: Persian|Double-Edge|p1a: Kingdra\n|-resisted|p1a: Kingdra\n|-crit|p1a: Kingdra\n|-damage|p1a: Kingdra|0 fnt\n|faint|p1a: Kingdra\n|-damage|p2a: Persian|87/100|[from] Recoil\n|\n|-weather|Sandstorm|[upkeep]\n|-damage|p2a: Persian|82/100|[from] Sandstorm\n|upkeep\n|inactive|Time left: 300 sec this turn | 300 sec total | 5 sec grace\n|\n|t:|1783566842\n|switch|p1a: Slither Wing|Slither Wing, L81|270/270\n|turn|33\n|inactive|Time left: 300 sec this turn | 300 sec total\n|\n|t:|1783566843\n|switch|p2a: Blissey|Blissey, L85, F|94/100\n|move|p1a: Slither Wing|First Impression|p2a: Blissey\n|-damage|p2a: Blissey|20/100\n|-damage|p1a: Slither Wing|243/270|[from] item: Life Orb\n|\n|-weather|none\n|-heal|p2a: Blissey|26/100|[from] item: Leftovers\n|upkeep\n|turn|34\n|inactive|Time left: 300 sec this turn | 300 sec total\n|\n|t:|1783566844\n|move|p1a: Slither Wing|First Impression||[still]\n|-hint|First Impression only works on your first turn out.\n|-fail|p1a: Slither Wing\n|move|p2a: Blissey|Seismic Toss|p1a: Slither Wing\n|-damage|p1a: Slither Wing|158/270\n|\n|-heal|p2a: Blissey|32/100|[from] item: Leftovers\n|upkeep\n|turn|35\n|inactive|Time left: 300 sec this turn | 300 sec total\n|\n|t:|1783566844\n|-end|p1a: Slither Wing|Protosynthesis|[silent]\n|switch|p1a: Baxcalibur|Baxcalibur, L75, F|17/295\n|move|p2a: Blissey|Seismic Toss|p1a: Baxcalibur\n|-damage|p1a: Baxcalibur|0 fnt\n|faint|p1a: Baxcalibur\n|\n|-heal|p2a: Blissey|38/100|[from] item: Leftovers\n|upkeep\n|inactive|Time left: 300 sec this turn | 300 sec total | 5 sec grace\n|\n|t:|1783566845\n|switch|p1a: Slither Wing|Slither Wing, L81|158/270\n|turn|36\n|inactive|Time left: 300 sec this turn | 300 sec total\n|\n|t:|1783566845\n|move|p1a: Slither Wing|Close Combat|p2a: Blissey\n|-supereffective|p2a: Blissey\n|-damage|p2a: Blissey|0 fnt\n|-unboost|p1a: Slither Wing|def|1\n|-unboost|p1a: Slither Wing|spd|1\n|faint|p2a: Blissey\n|-damage|p1a: Slither Wing|131/270|[from] item: Life Orb\n|\n|upkeep\n|\n|t:|1783566846\n|switch|p2a: Persian|Persian, L92, F, tera:Normal|82/100\n|turn|37\n|inactive|Time left: 300 sec this turn | 300 sec total\n|\n|t:|1783566847\n|move|p2a: Persian|Fake Out|p1a: Slither Wing\n|-damage|p1a: Slither Wing|0 fnt\n|faint|p1a: Slither Wing\n|-end|p1a: Slither Wing|Protosynthesis|[silent]\n|\n|win|p0y23968af8", "uploadtime": 1783566847, "views": 0, "rating": 0, "private": 0, "password": null, "_winner": "p0y23968af8", "_our_name": "p0x2396cd2a"}