{"id": "battle-gen9randombattle-1379", "formatid": "gen9randombattle", "format": "[Gen 9] Random Battle", "players": ["p0x13793554", "p0y13793b07"], "log": "|init|battle\n|title|p0x13793554 vs. p0y13793b07\n|j|\u2606p0x13793554\n|j|\u2606p0y13793b07\n|t:|1783555115\n|gametype|singles\n|player|p1|p0x13793554|2|\n|player|p2|p0y13793b07|265|\n|gen|9\n|tier|[Gen 9] Random Battle\n|rule|Species Clause: Limit one of each Pok\u00e9mon\n|rule|HP Percentage Mod: HP is shown in percentages\n|rule|Sleep Clause Mod: Limit one foe put to sleep\n|rule|Illusion Level Mod: Illusion disguises the Pok\u00e9mon's true level\n|\n|t:|1783555115\n|teamsize|p1|6\n|teamsize|p2|6\n|start\n|switch|p1a: Arbok|Arbok, L87, F|246/246\n|switch|p2a: Meowscarada|Meowscarada, L78, F|100/100\n|-ability|p1a: Arbok|Intimidate|boost\n|-unboost|p2a: Meowscarada|atk|1\n|turn|1\n|inactive|Battle timer is ON: inactive players will automatically lose when time's up. (requested by p0y13793b07)\n|inactive|Time left: 300 sec this turn | 300 sec total | 60 sec grace\n|inactive|p0x13793554 also wants the timer to be on.\n|\n|t:|1783555117\n|switch|p2a: Heracross|Heracross, L80, F|100/100\n|move|p1a: Arbok|Gunk Shot|p2a: Heracross\n|-damage|p2a: Heracross|38/100\n|\n|-status|p2a: Heracross|brn|[from] item: Flame Orb\n|upkeep\n|turn|2\n|inactive|Time left: 300 sec this turn | 300 sec total\n|\n|t:|1783555118\n|switch|p2a: Tinkaton|Tinkaton, L82, F|100/100\n|-ability|p2a: Tinkaton|Mold Breaker\n|move|p1a: Arbok|Gunk Shot|p2a: Tinkaton\n|-immune|p2a: Tinkaton\n|\n|upkeep\n|turn|3\n|inactive|Time left: 300 sec this turn | 300 sec total\n|\n|t:|1783555119\n|move|p2a: Tinkaton|Swords Dance|p2a: Tinkaton\n|-boost|p2a: Tinkaton|atk|2\n|move|p1a: Arbok|Earthquake|p2a: Tinkaton\n|-supereffective|p2a: Tinkaton\n|-damage|p2a: Tinkaton|37/100\n|\n|-heal|p2a: Tinkaton|43/100|[from] item: Leftovers\n|upkeep\n|turn|4\n|inactive|Time left: 300 sec this turn | 300 sec total\n|\n|t:|1783555121\n|switch|p1a: Skarmory|Skarmory, L80, F|235/235\n|move|p2a: Tinkaton|Gigaton Hammer|p1a: Skarmory\n|-resisted|p1a: Skarmory\n|-damage|p1a: Skarmory|133/235\n|\n|-heal|p2a: Tinkaton|49/100|[from] item: Leftovers\n|-heal|p1a: Skarmory|147/235|[from] item: Leftovers\n|upkeep\n|turn|5\n|inactive|Time left: 300 sec this turn | 300 sec total\n|\n|t:|1783555122\n|move|p2a: Tinkaton|Knock Off|p1a: Skarmory\n|-damage|p1a: Skarmory|71/235\n|-enditem|p1a: Skarmory|Leftovers|[from] move: Knock Off|[of] p2a: Tinkaton\n|move|p1a: Skarmory|Iron Defense|p1a: Skarmory\n|-boost|p1a: Skarmory|def|2\n|\n|-heal|p2a: Tinkaton|56/100|[from] item: Leftovers\n|upkeep\n|turn|6\n|inactive|Time left: 300 sec this turn | 300 sec total\n|\n|t:|1783555123\n|switch|p2a: Oranguru|Oranguru, L92, F|100/100\n|move|p1a: Skarmory|Body Press|p2a: Oranguru\n|-damage|p2a: Oranguru|58/100\n|\n|-heal|p2a: Oranguru|64/100|[from] item: Leftovers\n|upkeep\n|turn|7\n|inactive|Time left: 300 sec this turn | 300 sec total\n|\n|t:|1783555124\n|move|p2a: Oranguru|Thunderbolt|p1a: Skarmory\n|-supereffective|p1a: Skarmory\n|-damage|p1a: Skarmory|0 fnt\n|faint|p1a: Skarmory\n|\n|-heal|p2a: Oranguru|70/100|[from] item: Leftovers\n|upkeep\n|inactive|Time left: 300 sec this turn | 300 sec total | 5 sec grace\n|\n|t:|1783555124\n|switch|p1a: Medicham|Medicham, L86, M|243/243\n|turn|8\n|inactive|Time left: 300 sec this turn | 300 sec total\n|\n|t:|1783555125\n|move|p1a: Medicham|Close Combat|p2a: Oranguru\n|-damage|p2a: Oranguru|0 fnt\n|-unboost|p1a: Medicham|def|1\n|-unboost|p1a: Medicham|spd|1\n|faint|p2a: Oranguru\n|\n|upkeep\n|\n|t:|1783555126\n|switch|p2a: Tinkaton|Tinkaton, L82, F|56/100\n|-ability|p2a: Tinkaton|Mold Breaker\n|turn|9\n|inactive|Time left: 300 sec this turn | 300 sec total\n|\n|t:|1783555127\n|switch|p1a: Arbok|Arbok, L87, F|246/246\n|-ability|p1a: Arbok|Intimidate|boost\n|-unboost|p2a: Tinkaton|atk|1\n|move|p2a: Tinkaton|Play Rough|p1a: Arbok|[miss]\n|-miss|p2a: Tinkaton|p1a: Arbok\n|\n|-heal|p2a: Tinkaton|62/100|[from] item: Leftovers\n|upkeep\n|turn|10\n|inactive|Time left: 300 sec this turn | 300 sec total\n|\n|t:|1783555129\n|switch|p2a: Noctowl|Noctowl, L95, M|100/100\n|move|p1a: Arbok|Earthquake|p2a: Noctowl\n|-immune|p2a: Noctowl\n|\n|upkeep\n|turn|11\n|inactive|Time left: 300 sec this turn | 300 sec total\n|\n|t:|1783555130\n|move|p1a: Arbok|Coil|p1a: Arbok\n|-boost|p1a: Arbok|atk|1\n|-boost|p1a: Arbok|def|1\n|-boost|p1a: Arbok|accuracy|1\n|move|p2a: Noctowl|Nasty Plot|p2a: Noctowl\n|-boost|p2a: Noctowl|spa|2\n|\n|upkeep\n|turn|12\n|inactive|Time left: 300 sec this turn | 300 sec total\n|\n|t:|1783555131\n|move|p1a: Arbok|Gunk Shot|p2a: Noctowl\n|-damage|p2a: Noctowl|30/100\n|move|p2a: Noctowl|Hurricane|p1a: Arbok|[miss]\n|-miss|p2a: Noctowl|p1a: Arbok\n|\n|upkeep\n|turn|13\n|inactive|Time left: 300 sec this turn | 300 sec total\n|\n|t:|1783555132\n|move|p1a: Arbok|Gunk Shot|p2a: Noctowl\n|-damage|p2a: Noctowl|0 fnt\n|faint|p2a: Noctowl\n|\n|upkeep\n|\n|t:|1783555133\n|switch|p2a: Stonjourner|Stonjourner, L91, F|100/100\n|turn|14\n|inactive|Time left: 300 sec this turn | 300 sec total\n|\n|t:|1783555134\n|move|p1a: Arbok|Coil|p1a: Arbok\n|-boost|p1a: Arbok|atk|1\n|-boost|p1a: Arbok|def|1\n|-boost|p1a: Arbok|accuracy|1\n|move|p2a: Stonjourner|Earthquake|p1a: Arbok\n|-supereffective|p1a: Arbok\n|-damage|p1a: Arbok|93/246\n|-damage|p2a: Stonjourner|90/100|[from] item: Life Orb\n|\n|-heal|p1a: Arbok|108/246|[from] item: Leftovers\n|upkeep\n|turn|15\n|inactive|Time left: 300 sec this turn | 300 sec total\n|\n|t:|1783555135\n|move|p1a: Arbok|Earthquake|p2a: Stonjourner\n|-supereffective|p2a: Stonjourner\n|-damage|p2a: Stonjourner|28/100\n|move|p2a: Stonjourner|Earthquake|p1a: Arbok\n|-supereffective|p1a: Arbok\n|-damage|p1a: Arbok|0 fnt\n|faint|p1a: Arbok\n|-damage|p2a: Stonjourner|18/100|[from] item: Life Orb\n|\n|upkeep\n|inactive|Time left: 300 sec this turn | 300 sec total | 5 sec grace\n|\n|t:|1783555136\n|switch|p1a: Medicham|Medicham, L86, M|243/243\n|turn|16\n|inactive|Time left: 300 sec this turn | 300 sec total\n|\n|t:|1783555137\n|move|p1a: Medicham|Close Combat|p2a: Stonjourner\n|-supereffective|p2a: Stonjourner\n|-damage|p2a: Stonjourner|0 fnt\n|-unboost|p1a: Medicham|def|1\n|-unboost|p1a: Medicham|spd|1\n|faint|p2a: Stonjourner\n|\n|upkeep\n|\n|t:|1783555138\n|switch|p2a: Tinkaton|Tinkaton, L82, F|62/100\n|-ability|p2a: Tinkaton|Mold Breaker\n|turn|17\n|inactive|Time left: 300 sec this turn | 300 sec total\n|\n|t:|1783555139\n|move|p2a: Tinkaton|Play Rough|p1a: Medicham\n|-supereffective|p1a: Medicham\n|-damage|p1a: Medicham|3/243\n|move|p1a: Medicham|Close Combat|p2a: Tinkaton\n|-damage|p2a: Tinkaton|0 fnt\n|-unboost|p1a: Medicham|def|1\n|-unboost|p1a: Medicham|spd|1\n|faint|p2a: Tinkaton\n|\n|upkeep\n|\n|t:|1783555139\n|switch|p2a: Meowscarada|Meowscarada, L78, F|100/100\n|turn|18\n|inactive|Time left: 300 sec this turn | 300 sec total\n|\n|t:|1783555140\n|move|p2a: Meowscarada|Flower Trick|p1a: Medicham\n|-start|p2a: Meowscarada|typechange|Grass|[from] ability: Protean\n|-crit|p1a: Medicham\n|-damage|p1a: Medicham|0 fnt\n|faint|p1a: Medicham\n|\n|upkeep\n|inactive|Time left: 300 sec this turn | 300 sec total | 5 sec grace\n|\n|t:|1783555141\n|switch|p1a: Volbeat|Volbeat, L90, M|263/263\n|turn|19\n|inactive|Time left: 300 sec this turn | 300 sec total\n|\n|t:|1783555142\n|switch|p2a: Heracross|Heracross, L80, F|38/100 brn\n|move|p1a: Volbeat|Lunge|p2a: Heracross\n|-resisted|p2a: Heracross\n|-damage|p2a: Heracross|21/100 brn\n|-unboost|p2a: Heracross|atk|1\n|\n|-damage|p2a: Heracross|15/100 brn|[from] brn\n|upkeep\n|turn|20\n|inactive|Time left: 300 sec this turn | 300 sec total\n|\n|t:|1783555143\n|switch|p2a: Meowscarada|Meowscarada, L78, F|100/100\n|move|p1a: Volbeat|Lunge|p2a: Meowscarada\n|-supereffective|p2a: Meowscarada\n|-enditem|p2a: Meowscarada|Focus Sash\n|-damage|p2a: Meowscarada|1/100\n|-unboost|p2a: Meowscarada|atk|1\n|\n|upkeep\n|turn|21\n|inactive|Time left: 300 sec this turn | 300 sec total\n|\n|t:|1783555143\n|move|p2a: Meowscarada|Knock Off|p1a: Volbeat\n|-start|p2a: Meowscarada|typechange|Dark|[from] ability: Protean\n|-damage|p1a: Volbeat|193/263\n|-enditem|p1a: Volbeat|Heavy-Duty Boots|[from] move: Knock Off|[of] p2a: Meowscarada\n|move|p1a: Volbeat|Lunge|p2a: Meowscarada\n|-supereffective|p2a: Meowscarada\n|-damage|p2a: Meowscarada|0 fnt\n|faint|p2a: Meowscarada\n|\n|upkeep\n|\n|t:|1783555144\n|switch|p2a: Heracross|Heracross, L80, F|15/100 brn\n|turn|22\n|inactive|Time left: 300 sec this turn | 300 sec total\n|\n|t:|1783555145\n|-terastallize|p1a: Volbeat|Steel\n|-terastallize|p2a: Heracross|Normal\n|move|p1a: Volbeat|Lunge|p2a: Heracross\n|-damage|p2a: Heracross|0 fnt\n|faint|p2a: Heracross\n|\n|win|p0x13793554", "uploadtime": 1783555145, "views": 0, "rating": 0, "private": 0, "password": null, "_winner": "p0x13793554", "_our_name": "p0x13793554"}