{"id": "battle-gen9randombattle-2067", "formatid": "gen9randombattle", "format": "[Gen 9] Random Battle", "players": ["p0x20673213", "p0y2067d30e"], "log": "|init|battle\n|title|p0x20673213 vs. p0y2067d30e\n|j|\u2606p0x20673213\n|j|\u2606p0y2067d30e\n|t:|1783563137\n|gametype|singles\n|player|p1|p0x20673213|169|\n|player|p2|p0y2067d30e|170|\n|gen|9\n|tier|[Gen 9] Random Battle\n|rule|Species Clause: Limit one of each Pok\u00e9mon\n|rule|HP Percentage Mod: HP is shown in percentages\n|rule|Sleep Clause Mod: Limit one foe put to sleep\n|rule|Illusion Level Mod: Illusion disguises the Pok\u00e9mon's true level\n|\n|t:|1783563137\n|teamsize|p1|6\n|teamsize|p2|6\n|start\n|switch|p1a: Plusle|Plusle, L95, F|268/268\n|switch|p2a: Chandelure|Chandelure, L83, F|100/100\n|turn|1\n|inactive|Battle timer is ON: inactive players will automatically lose when time's up. (requested by p0y2067d30e)\n|inactive|Time left: 300 sec this turn | 300 sec total | 60 sec grace\n|inactive|p0x20673213 also wants the timer to be on.\n|\n|t:|1783563139\n|move|p1a: Plusle|Nasty Plot|p1a: Plusle\n|-boost|p1a: Plusle|spa|2\n|move|p2a: Chandelure|Fire Blast|p1a: Plusle\n|-damage|p1a: Plusle|117/268\n|\n|upkeep\n|turn|2\n|inactive|Time left: 300 sec this turn | 300 sec total\n|\n|t:|1783563140\n|-terastallize|p2a: Chandelure|Grass\n|move|p1a: Plusle|Thunderbolt|p2a: Chandelure\n|-resisted|p2a: Chandelure\n|-damage|p2a: Chandelure|43/100\n|-damage|p1a: Plusle|91/268|[from] item: Life Orb\n|move|p2a: Chandelure|Shadow Ball|p1a: Plusle\n|-damage|p1a: Plusle|0 fnt\n|faint|p1a: Plusle\n|\n|upkeep\n|inactive|Time left: 300 sec this turn | 300 sec total | 5 sec grace\n|\n|t:|1783563141\n|switch|p1a: Polteageist|Polteageist, L78|222/222\n|turn|3\n|inactive|Time left: 300 sec this turn | 300 sec total\n|\n|t:|1783563142\n|move|p2a: Chandelure|Shadow Ball|p1a: Polteageist\n|-supereffective|p1a: Polteageist\n|-damage|p1a: Polteageist|34/222\n|move|p1a: Polteageist|Shell Smash|p1a: Polteageist\n|-unboost|p1a: Polteageist|def|1\n|-unboost|p1a: Polteageist|spd|1\n|-boost|p1a: Polteageist|atk|2\n|-boost|p1a: Polteageist|spa|2\n|-boost|p1a: Polteageist|spe|2\n|-enditem|p1a: Polteageist|White Herb\n|-clearnegativeboost|p1a: Polteageist|[silent]\n|\n|upkeep\n|turn|4\n|inactive|Time left: 300 sec this turn | 300 sec total\n|\n|t:|1783563143\n|switch|p2a: Umbreon|Umbreon, L84, M|100/100\n|move|p1a: Polteageist|Shadow Ball|p2a: Umbreon\n|-resisted|p2a: Umbreon\n|-damage|p2a: Umbreon|77/100\n|\n|-heal|p2a: Umbreon|83/100|[from] item: Leftovers\n|upkeep\n|turn|5\n|inactive|Time left: 300 sec this turn | 300 sec total\n|\n|t:|1783563144\n|move|p1a: Polteageist|Strength Sap|p2a: Umbreon\n|-unboost|p2a: Umbreon|atk|1\n|-heal|p1a: Polteageist|148/222\n|move|p2a: Umbreon|Foul Play|p1a: Polteageist\n|-supereffective|p1a: Polteageist\n|-damage|p1a: Polteageist|0 fnt\n|faint|p1a: Polteageist\n|\n|-heal|p2a: Umbreon|89/100|[from] item: Leftovers\n|upkeep\n|inactive|Time left: 300 sec this turn | 300 sec total | 5 sec grace\n|\n|t:|1783563145\n|switch|p1a: Morpeko|Morpeko, L88, M|245/245\n|turn|6\n|inactive|Time left: 300 sec this turn | 300 sec total\n|\n|t:|1783563146\n|switch|p2a: Scrafty|Scrafty, L83, F|100/100\n|-ability|p2a: Scrafty|Intimidate|boost\n|-unboost|p1a: Morpeko|atk|1\n|move|p1a: Morpeko|Aura Wheel|p2a: Scrafty\n|-damage|p2a: Scrafty|71/100\n|-boost|p1a: Morpeko|spe|1\n|\n|-heal|p2a: Scrafty|77/100|[from] item: Leftovers\n|-formechange|p1a: Morpeko|Morpeko-Hangry||[from] ability: Hunger Switch\n|upkeep\n|turn|7\n|inactive|Time left: 300 sec this turn | 300 sec total\n|\n|t:|1783563147\n|move|p1a: Morpeko|Parting Shot|p2a: Scrafty\n|-unboost|p2a: Scrafty|atk|1\n|-unboost|p2a: Scrafty|spa|1\n|inactive|Time left: 300 sec this turn | 300 sec total | 5 sec grace\n|\n|t:|1783563148\n|switch|p1a: Lumineon|Lumineon, L93, M|279/279|[from] Parting Shot\n|move|p2a: Scrafty|Dragon Dance|p2a: Scrafty\n|-boost|p2a: Scrafty|atk|1\n|-boost|p2a: Scrafty|spe|1\n|\n|-heal|p2a: Scrafty|83/100|[from] item: Leftovers\n|upkeep\n|turn|8\n|inactive|Time left: 300 sec this turn | 300 sec total\n|\n|t:|1783563149\n|move|p1a: Lumineon|Alluring Voice|p2a: Scrafty\n|-supereffective|p2a: Scrafty\n|-damage|p2a: Scrafty|0 fnt\n|faint|p2a: Scrafty\n|-damage|p1a: Lumineon|252/279|[from] item: Life Orb\n|\n|upkeep\n|\n|t:|1783563150\n|switch|p2a: Ampharos|Ampharos, L88, F|100/100\n|turn|9\n|inactive|Time left: 300 sec this turn | 300 sec total\n|\n|t:|1783563151\n|switch|p1a: Decidueye|Decidueye, L88, M|281/281\n|move|p2a: Ampharos|Thunderbolt|p1a: Decidueye\n|-resisted|p1a: Decidueye\n|-damage|p1a: Decidueye|219/281\n|-damage|p2a: Ampharos|91/100|[from] item: Life Orb\n|\n|upkeep\n|turn|10\n|inactive|Time left: 300 sec this turn | 300 sec total\n|\n|t:|1783563152\n|switch|p2a: Umbreon|Umbreon, L84, M|89/100\n|move|p1a: Decidueye|Spirit Shackle|p2a: Umbreon\n|-resisted|p2a: Umbreon\n|-damage|p2a: Umbreon|71/100\n|-activate|p2a: Umbreon|trapped\n|-damage|p1a: Decidueye|191/281|[from] item: Life Orb\n|\n|-heal|p2a: Umbreon|77/100|[from] item: Leftovers\n|upkeep\n|turn|11\n|inactive|Time left: 300 sec this turn | 300 sec total\n|\n|t:|1783563153\n|switch|p1a: Morpeko|Morpeko, L88, M|245/245\n|move|p2a: Umbreon|Toxic|p1a: Morpeko\n|-status|p1a: Morpeko|tox\n|\n|-heal|p2a: Umbreon|83/100|[from] item: Leftovers\n|-damage|p1a: Morpeko|230/245 tox|[from] psn\n|-formechange|p1a: Morpeko|Morpeko-Hangry||[from] ability: Hunger Switch\n|upkeep\n|turn|12\n|inactive|Time left: 300 sec this turn | 300 sec total\n|\n|t:|1783563154\n|move|p1a: Morpeko|Aura Wheel|p2a: Umbreon\n|-resisted|p2a: Umbreon\n|-crit|p2a: Umbreon\n|-damage|p2a: Umbreon|54/100\n|-boost|p1a: Morpeko|spe|1\n|move|p2a: Umbreon|Foul Play|p1a: Morpeko\n|-resisted|p1a: Morpeko\n|-damage|p1a: Morpeko|166/245 tox\n|\n|-heal|p2a: Umbreon|60/100|[from] item: Leftovers\n|-damage|p1a: Morpeko|136/245 tox|[from] psn\n|-formechange|p1a: Morpeko|Morpeko||[from] ability: Hunger Switch\n|upkeep\n|turn|13\n|inactive|Time left: 300 sec this turn | 300 sec total\n|\n|t:|1783563154\n|move|p1a: Morpeko|Aura Wheel|p2a: Umbreon\n|-damage|p2a: Umbreon|23/100\n|-boost|p1a: Morpeko|spe|1\n|move|p2a: Umbreon|Foul Play|p1a: Morpeko\n|-resisted|p1a: Morpeko\n|-damage|p1a: Morpeko|70/245 tox\n|\n|-heal|p2a: Umbreon|29/100|[from] item: Leftovers\n|-damage|p1a: Morpeko|25/245 tox|[from] psn\n|-formechange|p1a: Morpeko|Morpeko-Hangry||[from] ability: Hunger Switch\n|upkeep\n|turn|14\n|inactive|Time left: 300 sec this turn | 300 sec total\n|\n|t:|1783563155\n|move|p1a: Morpeko|Parting Shot|p2a: Umbreon\n|-unboost|p2a: Umbreon|atk|1\n|-unboost|p2a: Umbreon|spa|1\n|inactive|Time left: 300 sec this turn | 300 sec total | 5 sec grace\n|\n|t:|1783563156\n|switch|p1a: Lumineon|Lumineon, L93, M|252/279|[from] Parting Shot\n|move|p2a: Umbreon|Foul Play|p1a: Lumineon\n|-damage|p1a: Lumineon|182/279\n|\n|-heal|p2a: Umbreon|35/100|[from] item: Leftovers\n|upkeep\n|turn|15\n|inactive|Time left: 300 sec this turn | 300 sec total\n|\n|t:|1783563157\n|switch|p2a: Ampharos|Ampharos, L88, F|91/100\n|move|p1a: Lumineon|Hydro Pump|p2a: Ampharos|[miss]\n|-miss|p1a: Lumineon|p2a: Ampharos\n|\n|upkeep\n|turn|16\n|inactive|Time left: 300 sec this turn | 300 sec total\n|\n|t:|1783563158\n|switch|p1a: Decidueye|Decidueye, L88, M|191/281\n|move|p2a: Ampharos|Thunderbolt|p1a: Decidueye\n|-resisted|p1a: Decidueye\n|-damage|p1a: Decidueye|125/281\n|-status|p1a: Decidueye|par\n|-damage|p2a: Ampharos|81/100|[from] item: Life Orb\n|\n|upkeep\n|turn|17\n|inactive|Time left: 300 sec this turn | 300 sec total\n|\n|t:|1783563159\n|move|p2a: Ampharos|Agility|p2a: Ampharos\n|-boost|p2a: Ampharos|spe|2\n|move|p1a: Decidueye|Leaf Storm|p2a: Ampharos\n|-damage|p2a: Ampharos|22/100\n|-unboost|p1a: Decidueye|spa|2\n|-damage|p1a: Decidueye|97/281 par|[from] item: Life Orb\n|\n|upkeep\n|turn|18\n|inactive|Time left: 300 sec this turn | 300 sec total\n|\n|t:|1783563160\n|move|p2a: Ampharos|Thunderbolt|p1a: Decidueye\n|-resisted|p1a: Decidueye\n|-damage|p1a: Decidueye|33/281 par\n|-damage|p2a: Ampharos|12/100|[from] item: Life Orb\n|move|p1a: Decidueye|Spirit Shackle|p2a: Ampharos\n|-damage|p2a: Ampharos|0 fnt\n|faint|p2a: Ampharos\n|-damage|p1a: Decidueye|5/281 par|[from] item: Life Orb\n|\n|upkeep\n|\n|t:|1783563161\n|switch|p2a: Ogerpon|Ogerpon-Hearthflame, L74, F|100/100\n|-ability|p2a: Ogerpon|Mold Breaker\n|turn|19\n|inactive|Time left: 300 sec this turn | 300 sec total\n|\n|t:|1783563162\n|switch|p1a: Umbreon|Umbreon, L84, M|297/297\n|move|p2a: Ogerpon|Trailblaze|p1a: Umbreon\n|-damage|p1a: Umbreon|246/297\n|-boost|p2a: Ogerpon|spe|1\n|\n|-heal|p1a: Umbreon|264/297|[from] item: Leftovers\n|upkeep\n|turn|20\n|inactive|Time left: 300 sec this turn | 300 sec total\n|\n|t:|1783563163\n|move|p2a: Ogerpon|Trailblaze|p1a: Umbreon\n|-damage|p1a: Umbreon|216/297\n|-boost|p2a: Ogerpon|spe|1\n|move|p1a: Umbreon|Foul Play|p2a: Ogerpon\n|-damage|p2a: Ogerpon|44/100\n|\n|-heal|p1a: Umbreon|234/297|[from] item: Leftovers\n|upkeep\n|turn|21\n|inactive|Time left: 300 sec this turn | 300 sec total\n|\n|t:|1783563164\n|move|p2a: Ogerpon|Horn Leech|p1a: Umbreon\n|-damage|p1a: Umbreon|161/297\n|-heal|p2a: Ogerpon|59/100|[from] drain|[of] p1a: Umbreon\n|move|p1a: Umbreon|Foul Play|p2a: Ogerpon\n|-damage|p2a: Ogerpon|9/100\n|\n|-heal|p1a: Umbreon|179/297|[from] item: Leftovers\n|upkeep\n|turn|22\n|inactive|Time left: 300 sec this turn | 300 sec total\n|\n|t:|1783563165\n|move|p2a: Ogerpon|Ivy Cudgel|p1a: Umbreon|[anim] Ivy Cudgel Fire\n|-damage|p1a: Umbreon|74/297\n|move|p1a: Umbreon|Foul Play|p2a: Ogerpon\n|-damage|p2a: Ogerpon|0 fnt\n|faint|p2a: Ogerpon\n|\n|-heal|p1a: Umbreon|92/297|[from] item: Leftovers\n|upkeep\n|\n|t:|1783563165\n|switch|p2a: Chandelure|Chandelure, L83, F, tera:Grass|43/100\n|turn|23\n|inactive|Time left: 300 sec this turn | 300 sec total\n|\n|t:|1783563166\n|move|p1a: Umbreon|Protect|p1a: Umbreon\n|-singleturn|p1a: Umbreon|Protect\n|move|p2a: Chandelure|Energy Ball|p1a: Umbreon\n|-activate|p1a: Umbreon|move: Protect\n|\n|-heal|p1a: Umbreon|110/297|[from] item: Leftovers\n|upkeep\n|turn|24\n|inactive|Time left: 300 sec this turn | 300 sec total\n|\n|t:|1783563167\n|move|p2a: Chandelure|Fire Blast|p1a: Umbreon\n|-damage|p1a: Umbreon|2/297\n|move|p1a: Umbreon|Foul Play|p2a: Chandelure\n|-damage|p2a: Chandelure|23/100\n|\n|-heal|p1a: Umbreon|20/297|[from] item: Leftovers\n|upkeep\n|turn|25\n|inactive|Time left: 300 sec this turn | 300 sec total\n|\n|t:|1783563168\n|move|p2a: Chandelure|Energy Ball|p1a: Umbreon\n|-damage|p1a: Umbreon|0 fnt\n|faint|p1a: Umbreon\n|\n|upkeep\n|inactive|Time left: 300 sec this turn | 300 sec total | 5 sec grace\n|\n|t:|1783563170\n|switch|p1a: Lumineon|Lumineon, L93, M|182/279\n|turn|26\n|inactive|Time left: 300 sec this turn | 300 sec total\n|\n|t:|1783563171\n|move|p1a: Lumineon|Alluring Voice|p2a: Chandelure\n|-damage|p2a: Chandelure|0 fnt\n|faint|p2a: Chandelure\n|-damage|p1a: Lumineon|155/279|[from] item: Life Orb\n|\n|upkeep\n|\n|t:|1783563172\n|switch|p2a: Umbreon|Umbreon, L84, M|35/100\n|turn|27\n|inactive|Time left: 300 sec this turn | 300 sec total\n|\n|t:|1783563173\n|move|p2a: Umbreon|Protect|p2a: Umbreon\n|-singleturn|p2a: Umbreon|Protect\n|move|p1a: Lumineon|Alluring Voice|p2a: Umbreon\n|-activate|p2a: Umbreon|move: Protect\n|\n|-heal|p2a: Umbreon|41/100|[from] item: Leftovers\n|upkeep\n|turn|28\n|inactive|Time left: 300 sec this turn | 300 sec total\n|\n|t:|1783563174\n|switch|p2a: Sudowoodo|Sudowoodo, L94, F|100/100\n|move|p1a: Lumineon|Alluring Voice|p2a: Sudowoodo\n|-damage|p2a: Sudowoodo|75/100\n|-damage|p1a: Lumineon|128/279|[from] item: Life Orb\n|\n|-heal|p2a: Sudowoodo|81/100|[from] item: Leftovers\n|upkeep\n|turn|29\n|inactive|Time left: 300 sec this turn | 300 sec total\n|\n|t:|1783563175\n|move|p1a: Lumineon|Hydro Pump|p2a: Sudowoodo\n|-supereffective|p2a: Sudowoodo\n|-damage|p2a: Sudowoodo|0 fnt\n|faint|p2a: Sudowoodo\n|-damage|p1a: Lumineon|101/279|[from] item: Life Orb\n|\n|upkeep\n|\n|t:|1783563176\n|switch|p2a: Umbreon|Umbreon, L84, M|41/100\n|turn|30\n|inactive|Time left: 300 sec this turn | 300 sec total\n|\n|t:|1783563177\n|-terastallize|p1a: Lumineon|Fairy\n|move|p2a: Umbreon|Protect|p2a: Umbreon\n|-singleturn|p2a: Umbreon|Protect\n|move|p1a: Lumineon|Alluring Voice|p2a: Umbreon\n|-activate|p2a: Umbreon|move: Protect\n|\n|-heal|p2a: Umbreon|47/100|[from] item: Leftovers\n|upkeep\n|turn|31\n|inactive|Time left: 300 sec this turn | 300 sec total\n|\n|t:|1783563178\n|move|p2a: Umbreon|Protect||[still]\n|-fail|p2a: Umbreon\n|move|p1a: Lumineon|Alluring Voice|p2a: Umbreon\n|-supereffective|p2a: Umbreon\n|-damage|p2a: Umbreon|0 fnt\n|faint|p2a: Umbreon\n|-damage|p1a: Lumineon|74/279|[from] item: Life Orb\n|\n|win|p0x20673213", "uploadtime": 1783563178, "views": 0, "rating": 0, "private": 0, "password": null, "_winner": "p0x20673213", "_our_name": "p0x20673213"}