{"id": "battle-gen9randombattle-1459", "formatid": "gen9randombattle", "format": "[Gen 9] Random Battle", "players": ["p0x14598f85", "p0y145992de"], "log": "|init|battle\n|title|p0x14598f85 vs. p0y145992de\n|j|\u2606p0x14598f85\n|j|\u2606p0y145992de\n|t:|1783556983\n|gametype|singles\n|player|p1|p0x14598f85|1|\n|player|p2|p0y145992de|170|\n|gen|9\n|tier|[Gen 9] Random Battle\n|rule|Species Clause: Limit one of each Pok\u00e9mon\n|rule|HP Percentage Mod: HP is shown in percentages\n|rule|Sleep Clause Mod: Limit one foe put to sleep\n|rule|Illusion Level Mod: Illusion disguises the Pok\u00e9mon's true level\n|\n|t:|1783556983\n|teamsize|p1|6\n|teamsize|p2|6\n|start\n|switch|p1a: Frosmoth|Frosmoth, L82, M|100/100\n|switch|p2a: Darkrai|Darkrai, L77|234/234\n|turn|1\n|inactive|Battle timer is ON: inactive players will automatically lose when time's up. (requested by p0x14598f85)\n|inactive|Time left: 300 sec this turn | 300 sec total | 60 sec grace\n|\n|t:|1783556985\n|switch|p2a: Luxray|Luxray, L88, M|283/283\n|move|p1a: Frosmoth|Bug Buzz|p2a: Luxray\n|-damage|p2a: Luxray|175/283\n|\n|-status|p2a: Luxray|brn|[from] item: Flame Orb\n|upkeep\n|turn|2\n|inactive|Time left: 300 sec this turn | 300 sec total\n|inactive|p0y145992de also wants the timer to be on.\n|\n|t:|1783556986\n|switch|p1a: Landorus|Landorus-Therian, L76, M|100/100\n|-ability|p1a: Landorus|Intimidate|boost\n|-unboost|p2a: Luxray|atk|1\n|move|p2a: Luxray|Facade|p1a: Landorus\n|-damage|p1a: Landorus|45/100\n|\n|-heal|p1a: Landorus|52/100|[from] item: Leftovers\n|-damage|p2a: Luxray|158/283 brn|[from] brn\n|upkeep\n|turn|3\n|inactive|Time left: 300 sec this turn | 300 sec total\n|\n|t:|1783556987\n|switch|p2a: Milotic|Milotic, L83, M|293/293\n|move|p1a: Landorus|Earthquake|p2a: Milotic\n|-damage|p2a: Milotic|172/293\n|\n|-heal|p1a: Landorus|58/100|[from] item: Leftovers\n|-heal|p2a: Milotic|190/293|[from] item: Leftovers\n|upkeep\n|turn|4\n|inactive|Time left: 300 sec this turn | 300 sec total\n|\n|t:|1783556988\n|switch|p1a: Frosmoth|Frosmoth, L82, M|100/100\n|move|p2a: Milotic|Scald|p1a: Frosmoth\n|-damage|p1a: Frosmoth|84/100\n|\n|-heal|p2a: Milotic|208/293|[from] item: Leftovers\n|upkeep\n|turn|5\n|inactive|Time left: 300 sec this turn | 300 sec total\n|\n|t:|1783556989\n|move|p2a: Milotic|Recover|p2a: Milotic\n|-heal|p2a: Milotic|293/293\n|move|p1a: Frosmoth|Quiver Dance|p1a: Frosmoth\n|-boost|p1a: Frosmoth|spa|1\n|-boost|p1a: Frosmoth|spd|1\n|-boost|p1a: Frosmoth|spe|1\n|\n|upkeep\n|turn|6\n|inactive|Time left: 300 sec this turn | 300 sec total\n|\n|t:|1783556990\n|move|p1a: Frosmoth|Bug Buzz|p2a: Milotic\n|-damage|p2a: Milotic|163/293\n|move|p2a: Milotic|Haze|p2a: Milotic\n|-clearallboost\n|\n|-heal|p2a: Milotic|181/293|[from] item: Leftovers\n|upkeep\n|turn|7\n|inactive|Time left: 300 sec this turn | 300 sec total\n|\n|t:|1783556991\n|move|p2a: Milotic|Recover|p2a: Milotic\n|-heal|p2a: Milotic|293/293\n|move|p1a: Frosmoth|Quiver Dance|p1a: Frosmoth\n|-boost|p1a: Frosmoth|spa|1\n|-boost|p1a: Frosmoth|spd|1\n|-boost|p1a: Frosmoth|spe|1\n|\n|upkeep\n|turn|8\n|inactive|Time left: 300 sec this turn | 300 sec total\n|\n|t:|1783556992\n|move|p1a: Frosmoth|Quiver Dance|p1a: Frosmoth\n|-boost|p1a: Frosmoth|spa|1\n|-boost|p1a: Frosmoth|spd|1\n|-boost|p1a: Frosmoth|spe|1\n|move|p2a: Milotic|Haze|p2a: Milotic\n|-clearallboost\n|\n|upkeep\n|turn|9\n|inactive|Time left: 300 sec this turn | 300 sec total\n|\n|t:|1783556993\n|move|p2a: Milotic|Scald|p1a: Frosmoth\n|-damage|p1a: Frosmoth|67/100\n|-status|p1a: Frosmoth|brn\n|move|p1a: Frosmoth|Quiver Dance|p1a: Frosmoth\n|-boost|p1a: Frosmoth|spa|1\n|-boost|p1a: Frosmoth|spd|1\n|-boost|p1a: Frosmoth|spe|1\n|\n|-damage|p1a: Frosmoth|61/100 brn|[from] brn\n|upkeep\n|turn|10\n|inactive|Time left: 300 sec this turn | 300 sec total\n|\n|t:|1783556994\n|move|p1a: Frosmoth|Bug Buzz|p2a: Milotic\n|-damage|p2a: Milotic|170/293\n|move|p2a: Milotic|Haze|p2a: Milotic\n|-clearallboost\n|\n|-heal|p2a: Milotic|188/293|[from] item: Leftovers\n|-damage|p1a: Frosmoth|55/100 brn|[from] brn\n|upkeep\n|turn|11\n|inactive|Time left: 300 sec this turn | 300 sec total\n|\n|t:|1783556995\n|move|p2a: Milotic|Scald|p1a: Frosmoth\n|-damage|p1a: Frosmoth|36/100 brn\n|move|p1a: Frosmoth|Quiver Dance|p1a: Frosmoth\n|-boost|p1a: Frosmoth|spa|1\n|-boost|p1a: Frosmoth|spd|1\n|-boost|p1a: Frosmoth|spe|1\n|\n|-heal|p2a: Milotic|206/293|[from] item: Leftovers\n|-damage|p1a: Frosmoth|30/100 brn|[from] brn\n|upkeep\n|turn|12\n|inactive|Time left: 300 sec this turn | 300 sec total\n|\n|t:|1783556996\n|move|p1a: Frosmoth|Hurricane|p2a: Milotic|[miss]\n|-miss|p1a: Frosmoth|p2a: Milotic\n|move|p2a: Milotic|Haze|p2a: Milotic\n|-clearallboost\n|\n|-heal|p2a: Milotic|224/293|[from] item: Leftovers\n|-damage|p1a: Frosmoth|24/100 brn|[from] brn\n|upkeep\n|turn|13\n|inactive|Time left: 300 sec this turn | 300 sec total\n|\n|t:|1783556997\n|switch|p1a: Cloyster|Cloyster, L80, M|100/100\n|move|p2a: Milotic|Scald|p1a: Cloyster\n|-resisted|p1a: Cloyster\n|-damage|p1a: Cloyster|69/100\n|\n|-heal|p2a: Milotic|242/293|[from] item: Leftovers\n|upkeep\n|turn|14\n|inactive|Time left: 300 sec this turn | 300 sec total\n|\n|t:|1783556999\n|move|p2a: Milotic|Scald|p1a: Cloyster\n|-resisted|p1a: Cloyster\n|-damage|p1a: Cloyster|37/100\n|move|p1a: Cloyster|Shell Smash|p1a: Cloyster\n|-unboost|p1a: Cloyster|def|1\n|-unboost|p1a: Cloyster|spd|1\n|-boost|p1a: Cloyster|atk|2\n|-boost|p1a: Cloyster|spa|2\n|-boost|p1a: Cloyster|spe|2\n|-enditem|p1a: Cloyster|White Herb\n|-clearnegativeboost|p1a: Cloyster|[silent]\n|\n|-heal|p2a: Milotic|260/293|[from] item: Leftovers\n|upkeep\n|turn|15\n|inactive|Time left: 300 sec this turn | 300 sec total\n|\n|t:|1783557000\n|move|p1a: Cloyster|Icicle Spear|p2a: Milotic\n|-resisted|p2a: Milotic\n|-damage|p2a: Milotic|234/293\n|-resisted|p2a: Milotic\n|-damage|p2a: Milotic|207/293\n|-resisted|p2a: Milotic\n|-damage|p2a: Milotic|182/293\n|-resisted|p2a: Milotic\n|-damage|p2a: Milotic|155/293\n|-resisted|p2a: Milotic\n|-damage|p2a: Milotic|128/293\n|-hitcount|p2a: Milotic|5\n|move|p2a: Milotic|Haze|p2a: Milotic\n|-clearallboost\n|\n|-heal|p2a: Milotic|146/293|[from] item: Leftovers\n|upkeep\n|turn|16\n|inactive|Time left: 300 sec this turn | 300 sec total\n|\n|t:|1783557001\n|move|p2a: Milotic|Scald|p1a: Cloyster\n|-resisted|p1a: Cloyster\n|-damage|p1a: Cloyster|3/100\n|move|p1a: Cloyster|Shell Smash|p1a: Cloyster\n|-unboost|p1a: Cloyster|def|1\n|-unboost|p1a: Cloyster|spd|1\n|-boost|p1a: Cloyster|atk|2\n|-boost|p1a: Cloyster|spa|2\n|-boost|p1a: Cloyster|spe|2\n|\n|-heal|p2a: Milotic|164/293|[from] item: Leftovers\n|upkeep\n|turn|17\n|inactive|Time left: 300 sec this turn | 300 sec total\n|\n|t:|1783557002\n|-terastallize|p2a: Milotic|Steel\n|move|p1a: Cloyster|Rock Blast|p2a: Milotic\n|-resisted|p2a: Milotic\n|-damage|p2a: Milotic|147/293\n|-resisted|p2a: Milotic\n|-damage|p2a: Milotic|130/293\n|-resisted|p2a: Milotic\n|-damage|p2a: Milotic|111/293\n|-resisted|p2a: Milotic\n|-damage|p2a: Milotic|95/293\n|-resisted|p2a: Milotic\n|-damage|p2a: Milotic|77/293\n|-hitcount|p2a: Milotic|5\n|move|p2a: Milotic|Scald|p1a: Cloyster\n|-resisted|p1a: Cloyster\n|-damage|p1a: Cloyster|0 fnt\n|faint|p1a: Cloyster\n|\n|-heal|p2a: Milotic|95/293|[from] item: Leftovers\n|upkeep\n|\n|t:|1783557003\n|switch|p1a: Sceptile|Sceptile, L87, F|100/100\n|turn|18\n|inactive|Time left: 300 sec this turn | 300 sec total\n|\n|t:|1783557004\n|switch|p2a: Espathra|Espathra, L80, M|283/283\n|move|p1a: Sceptile|Earthquake|p2a: Espathra\n|-damage|p2a: Espathra|154/283\n|-damage|p1a: Sceptile|91/100|[from] item: Life Orb\n|\n|-heal|p2a: Espathra|171/283|[from] item: Leftovers\n|upkeep\n|turn|19\n|inactive|Time left: 300 sec this turn | 300 sec total\n|\n|t:|1783557005\n|move|p1a: Sceptile|Leaf Storm|p2a: Espathra\n|-damage|p2a: Espathra|0 fnt\n|-unboost|p1a: Sceptile|spa|2\n|faint|p2a: Espathra\n|-damage|p1a: Sceptile|81/100|[from] item: Life Orb\n|\n|upkeep\n|inactive|Time left: 300 sec this turn | 300 sec total | 5 sec grace\n|\n|t:|1783557006\n|switch|p2a: Mewtwo|Mewtwo, L72|272/272\n|-ability|p2a: Mewtwo|Unnerve\n|turn|20\n|inactive|Time left: 300 sec this turn | 300 sec total\n|\n|t:|1783557007\n|switch|p1a: Palossand|Palossand, L89, M|100/100\n|move|p2a: Mewtwo|Psystrike|p1a: Palossand\n|-damage|p1a: Palossand|60/100\n|-damage|p2a: Mewtwo|245/272|[from] item: Life Orb\n|\n|-heal|p1a: Palossand|66/100|[from] item: Leftovers\n|upkeep\n|turn|21\n|inactive|Time left: 300 sec this turn | 300 sec total\n|\n|t:|1783557008\n|move|p2a: Mewtwo|Dark Pulse|p1a: Palossand\n|-supereffective|p1a: Palossand\n|-damage|p1a: Palossand|10/100\n|-damage|p2a: Mewtwo|218/272|[from] item: Life Orb\n|move|p1a: Palossand|Shadow Ball|p2a: Mewtwo\n|-supereffective|p2a: Mewtwo\n|-damage|p2a: Mewtwo|0 fnt\n|faint|p2a: Mewtwo\n|\n|-heal|p1a: Palossand|16/100|[from] item: Leftovers\n|upkeep\n|inactive|Time left: 300 sec this turn | 300 sec total | 5 sec grace\n|\n|t:|1783557009\n|switch|p2a: Milotic|Milotic, L83, M, tera:Steel|95/293\n|turn|22\n|inactive|Time left: 300 sec this turn | 300 sec total\n|\n|t:|1783557010\n|-terastallize|p1a: Palossand|Water\n|move|p2a: Milotic|Scald|p1a: Palossand\n|-resisted|p1a: Palossand\n|-damage|p1a: Palossand|0 fnt\n|faint|p1a: Palossand\n|\n|-heal|p2a: Milotic|113/293|[from] item: Leftovers\n|upkeep\n|\n|t:|1783557010\n|switch|p1a: Sceptile|Sceptile, L87, F|81/100\n|turn|23\n|inactive|Time left: 300 sec this turn | 300 sec total\n|\n|t:|1783557011\n|switch|p2a: Darkrai|Darkrai, L77|234/234\n|move|p1a: Sceptile|Earthquake|p2a: Darkrai\n|-damage|p2a: Darkrai|147/234\n|-damage|p1a: Sceptile|71/100|[from] item: Life Orb\n|\n|upkeep\n|turn|24\n|inactive|Time left: 300 sec this turn | 300 sec total\n|\n|t:|1783557012\n|switch|p2a: Milotic|Milotic, L83, M, tera:Steel|113/293\n|move|p1a: Sceptile|Focus Blast|p2a: Milotic\n|-supereffective|p2a: Milotic\n|-damage|p2a: Milotic|0 fnt\n|faint|p2a: Milotic\n|-damage|p1a: Sceptile|61/100|[from] item: Life Orb\n|\n|upkeep\n|inactive|Time left: 300 sec this turn | 300 sec total | 5 sec grace\n|\n|t:|1783557013\n|switch|p2a: Darkrai|Darkrai, L77|147/234\n|turn|25\n|inactive|Time left: 300 sec this turn | 300 sec total\n|\n|t:|1783557014\n|move|p1a: Sceptile|Leaf Storm|p2a: Darkrai\n|-damage|p2a: Darkrai|0 fnt\n|-unboost|p1a: Sceptile|spa|2\n|faint|p2a: Darkrai\n|-damage|p1a: Sceptile|51/100|[from] item: Life Orb\n|\n|upkeep\n|inactive|Time left: 300 sec this turn | 300 sec total | 5 sec grace\n|\n|t:|1783557015\n|switch|p2a: Electrode|Electrode, L92|260/260\n|turn|26\n|inactive|Time left: 300 sec this turn | 300 sec total\n|\n|t:|1783557016\n|move|p2a: Electrode|Tera Blast|p1a: Sceptile\n|-damage|p1a: Sceptile|25/100\n|-damage|p2a: Electrode|234/260|[from] item: Life Orb\n|move|p1a: Sceptile|Earthquake|p2a: Electrode\n|-supereffective|p2a: Electrode\n|-damage|p2a: Electrode|52/260\n|-damage|p1a: Sceptile|15/100|[from] item: Life Orb\n|\n|upkeep\n|turn|27\n|inactive|Time left: 300 sec this turn | 300 sec total\n|\n|t:|1783557018\n|switch|p1a: Landorus|Landorus-Therian, L76, M|58/100\n|-ability|p1a: Landorus|Intimidate|boost\n|-unboost|p2a: Electrode|atk|1\n|move|p2a: Electrode|Tera Blast|p1a: Landorus\n|-damage|p1a: Landorus|25/100\n|-damage|p2a: Electrode|26/260|[from] item: Life Orb\n|\n|-heal|p1a: Landorus|31/100|[from] item: Leftovers\n|upkeep\n|turn|28\n|inactive|Time left: 300 sec this turn | 300 sec total\n|\n|t:|1783557019\n|move|p2a: Electrode|Tera Blast|p1a: Landorus\n|-damage|p1a: Landorus|0 fnt\n|faint|p1a: Landorus\n|-damage|p2a: Electrode|0 fnt|[from] item: Life Orb\n|faint|p2a: Electrode\n|\n|upkeep\n|inactive|Time left: 300 sec this turn | 300 sec total | 5 sec grace\n|\n|t:|1783557020\n|switch|p2a: Luxray|Luxray, L88, M|158/283 brn\n|switch|p1a: Sceptile|Sceptile, L87, F|15/100\n|turn|29\n|inactive|Time left: 300 sec this turn | 300 sec total\n|\n|t:|1783557021\n|move|p1a: Sceptile|Earthquake|p2a: Luxray\n|-supereffective|p2a: Luxray\n|-damage|p2a: Luxray|0 fnt\n|faint|p2a: Luxray\n|-damage|p1a: Sceptile|5/100|[from] item: Life Orb\n|\n|win|p0x14598f85", "uploadtime": 1783557021, "views": 0, "rating": 0, "private": 0, "password": null, "_winner": "p0x14598f85", "_our_name": "p0y145992de"}