{"id": "battle-gen9randombattle-2635", "formatid": "gen9randombattle", "format": "[Gen 9] Random Battle", "players": ["p0x2635056d", "p0y2635e924"], "log": "|init|battle\n|title|p0x2635056d vs. p0y2635e924\n|j|\u2606p0x2635056d\n|j|\u2606p0y2635e924\n|t:|1783569425\n|gametype|singles\n|player|p1|p0x2635056d|265|\n|player|p2|p0y2635e924|102|\n|gen|9\n|tier|[Gen 9] Random Battle\n|rule|Species Clause: Limit one of each Pok\u00e9mon\n|rule|HP Percentage Mod: HP is shown in percentages\n|rule|Sleep Clause Mod: Limit one foe put to sleep\n|rule|Illusion Level Mod: Illusion disguises the Pok\u00e9mon's true level\n|\n|t:|1783569425\n|teamsize|p1|6\n|teamsize|p2|6\n|start\n|switch|p1a: Oricorio|Oricorio-Pa'u, L87, F|100/100\n|switch|p2a: Spectrier|Spectrier, L75|274/274\n|turn|1\n|inactive|Battle timer is ON: inactive players will automatically lose when time's up. (requested by p0y2635e924)\n|\n|t:|1783569426\n|move|p2a: Spectrier|Shadow Ball|p1a: Oricorio\n|-supereffective|p1a: Oricorio\n|-damage|p1a: Oricorio|0 fnt\n|faint|p1a: Oricorio\n|-ability|p2a: Spectrier|Grim Neigh|boost\n|-boost|p2a: Spectrier|spa|1\n|-damage|p2a: Spectrier|247/274|[from] item: Life Orb\n|\n|upkeep\n|inactive|p0x2635056d also wants the timer to be on.\n|\n|t:|1783569427\n|switch|p1a: Glimmora|Glimmora, L75, M|100/100\n|turn|2\n|inactive|Time left: 300 sec this turn | 300 sec total\n|\n|t:|1783569428\n|move|p2a: Spectrier|Shadow Ball|p1a: Glimmora\n|-damage|p1a: Glimmora|6/100\n|-damage|p2a: Spectrier|220/274|[from] item: Life Orb\n|move|p1a: Glimmora|Meteor Beam||[still]\n|-prepare|p1a: Glimmora|Meteor Beam\n|-boost|p1a: Glimmora|spa|1\n|-enditem|p1a: Glimmora|Power Herb\n|-anim|p1a: Glimmora|Meteor Beam|p2a: Spectrier\n|-damage|p2a: Spectrier|6/274\n|\n|upkeep\n|turn|3\n|inactive|Time left: 300 sec this turn | 300 sec total\n|\n|t:|1783569429\n|move|p2a: Spectrier|Shadow Ball|p1a: Glimmora\n|-damage|p1a: Glimmora|0 fnt\n|faint|p1a: Glimmora\n|-ability|p2a: Spectrier|Grim Neigh|boost\n|-boost|p2a: Spectrier|spa|1\n|-damage|p2a: Spectrier|0 fnt|[from] item: Life Orb\n|faint|p2a: Spectrier\n|\n|upkeep\n|inactive|Time left: 300 sec this turn | 300 sec total | 5 sec grace\n|\n|t:|1783569430\n|switch|p2a: Indeedee|Indeedee-F, L90, F|272/272\n|switch|p1a: Salamence|Salamence, L77, M|100/100\n|-fieldstart|move: Psychic Terrain|[from] ability: Psychic Surge|[of] p2a: Indeedee\n|-ability|p1a: Salamence|Intimidate|boost\n|-unboost|p2a: Indeedee|atk|1\n|turn|4\n|inactive|Time left: 300 sec this turn | 300 sec total\n|\n|t:|1783569431\n|-terastallize|p2a: Indeedee|Psychic\n|move|p2a: Indeedee|Psychic|p1a: Salamence\n|-damage|p1a: Salamence|0 fnt\n|faint|p1a: Salamence\n|-damage|p2a: Indeedee|245/272|[from] item: Life Orb\n|\n|upkeep\n|\n|t:|1783569432\n|switch|p1a: Uxie|Uxie, L83|100/100\n|turn|5\n|inactive|Time left: 300 sec this turn | 300 sec total\n|\n|t:|1783569433\n|move|p1a: Uxie|Knock Off|p2a: Indeedee\n|-supereffective|p2a: Indeedee\n|-damage|p2a: Indeedee|103/272\n|-enditem|p2a: Indeedee|Life Orb|[from] move: Knock Off|[of] p1a: Uxie\n|move|p2a: Indeedee|Psychic|p1a: Uxie\n|-resisted|p1a: Uxie\n|-damage|p1a: Uxie|74/100\n|\n|-heal|p1a: Uxie|80/100|[from] item: Leftovers\n|upkeep\n|turn|6\n|inactive|Time left: 300 sec this turn | 300 sec total\n|\n|t:|1783569434\n|move|p1a: Uxie|Knock Off|p2a: Indeedee\n|-supereffective|p2a: Indeedee\n|-damage|p2a: Indeedee|9/272\n|move|p2a: Indeedee|Hyper Voice|p1a: Uxie\n|-damage|p1a: Uxie|49/100\n|\n|-heal|p1a: Uxie|55/100|[from] item: Leftovers\n|upkeep\n|turn|7\n|inactive|Time left: 300 sec this turn | 300 sec total\n|\n|t:|1783569435\n|move|p1a: Uxie|Psychic Noise|p2a: Indeedee\n|-resisted|p2a: Indeedee\n|-damage|p2a: Indeedee|0 fnt\n|faint|p2a: Indeedee\n|\n|-heal|p1a: Uxie|61/100|[from] item: Leftovers\n|upkeep\n|inactive|Time left: 300 sec this turn | 300 sec total | 5 sec grace\n|\n|t:|1783569436\n|switch|p2a: Cetitan|Cetitan, L82, M|412/412\n|turn|8\n|inactive|Time left: 300 sec this turn | 300 sec total\n|\n|t:|1783569437\n|move|p1a: Uxie|U-turn|p2a: Cetitan\n|-damage|p2a: Cetitan|358/412\n|\n|t:|1783569438\n|switch|p1a: Tauros|Tauros-Paldea-Combat, L82, M|100/100|[from] U-turn\n|-ability|p1a: Tauros|Intimidate|boost\n|-unboost|p2a: Cetitan|atk|1\n|move|p2a: Cetitan|Belly Drum|p2a: Cetitan\n|-damage|p2a: Cetitan|152/412\n|-setboost|p2a: Cetitan|atk|6|[from] move: Belly Drum\n|-enditem|p2a: Cetitan|Sitrus Berry|[eat]\n|-heal|p2a: Cetitan|255/412|[from] item: Sitrus Berry\n|\n|-fieldend|move: Psychic Terrain\n|upkeep\n|turn|9\n|inactive|Time left: 300 sec this turn | 300 sec total\n|\n|t:|1783569439\n|move|p2a: Cetitan|Ice Shard|p1a: Tauros\n|-damage|p1a: Tauros|38/100\n|move|p1a: Tauros|Close Combat|p2a: Cetitan\n|-supereffective|p2a: Cetitan\n|-damage|p2a: Cetitan|0 fnt\n|-unboost|p1a: Tauros|def|1\n|-unboost|p1a: Tauros|spd|1\n|faint|p2a: Cetitan\n|-damage|p1a: Tauros|29/100|[from] item: Life Orb\n|\n|upkeep\n|inactive|Time left: 300 sec this turn | 300 sec total | 5 sec grace\n|\n|t:|1783569441\n|switch|p2a: Galvantula|Galvantula, L82, F|249/249\n|turn|10\n|inactive|Time left: 300 sec this turn | 300 sec total\n|\n|t:|1783569442\n|switch|p1a: Donphan|Donphan, L84, M|100/100\n|move|p2a: Galvantula|Volt Switch|p1a: Donphan\n|-immune|p1a: Donphan\n|\n|upkeep\n|turn|11\n|inactive|Time left: 300 sec this turn | 300 sec total\n|\n|t:|1783569443\n|switch|p2a: Gastrodon|Gastrodon-East, L86, F|331/331\n|move|p1a: Donphan|Earthquake|p2a: Gastrodon\n|-damage|p2a: Gastrodon|186/331\n|\n|-heal|p2a: Gastrodon|206/331|[from] item: Leftovers\n|upkeep\n|turn|12\n|inactive|Time left: 300 sec this turn | 300 sec total\n|\n|t:|1783569444\n|move|p1a: Donphan|Earthquake|p2a: Gastrodon\n|-damage|p2a: Gastrodon|50/331\n|move|p2a: Gastrodon|Recover|p2a: Gastrodon\n|-heal|p2a: Gastrodon|216/331\n|\n|-heal|p2a: Gastrodon|236/331|[from] item: Leftovers\n|upkeep\n|turn|13\n|inactive|Time left: 300 sec this turn | 300 sec total\n|\n|t:|1783569445\n|move|p1a: Donphan|Earthquake|p2a: Gastrodon\n|-damage|p2a: Gastrodon|101/331\n|move|p2a: Gastrodon|Recover|p2a: Gastrodon\n|-heal|p2a: Gastrodon|267/331\n|\n|-heal|p2a: Gastrodon|287/331|[from] item: Leftovers\n|upkeep\n|turn|14\n|inactive|Time left: 300 sec this turn | 300 sec total\n|\n|t:|1783569446\n|move|p1a: Donphan|Earthquake|p2a: Gastrodon\n|-crit|p2a: Gastrodon\n|-damage|p2a: Gastrodon|67/331\n|move|p2a: Gastrodon|Recover|p2a: Gastrodon\n|-heal|p2a: Gastrodon|233/331\n|\n|-heal|p2a: Gastrodon|253/331|[from] item: Leftovers\n|upkeep\n|turn|15\n|inactive|Time left: 300 sec this turn | 300 sec total\n|\n|t:|1783569447\n|move|p1a: Donphan|Earthquake|p2a: Gastrodon\n|-damage|p2a: Gastrodon|118/331\n|move|p2a: Gastrodon|Recover|p2a: Gastrodon\n|-heal|p2a: Gastrodon|284/331\n|\n|-heal|p2a: Gastrodon|304/331|[from] item: Leftovers\n|upkeep\n|turn|16\n|inactive|Time left: 300 sec this turn | 300 sec total\n|\n|t:|1783569448\n|move|p1a: Donphan|Earthquake|p2a: Gastrodon\n|-damage|p2a: Gastrodon|163/331\n|move|p2a: Gastrodon|Earthquake|p1a: Donphan\n|-damage|p1a: Donphan|72/100\n|\n|-heal|p1a: Donphan|78/100|[from] item: Leftovers\n|-heal|p2a: Gastrodon|183/331|[from] item: Leftovers\n|upkeep\n|turn|17\n|inactive|Time left: 300 sec this turn | 300 sec total\n|\n|t:|1783569449\n|move|p1a: Donphan|Earthquake|p2a: Gastrodon\n|-damage|p2a: Gastrodon|23/331\n|move|p2a: Gastrodon|Recover|p2a: Gastrodon\n|-heal|p2a: Gastrodon|189/331\n|\n|-heal|p1a: Donphan|85/100|[from] item: Leftovers\n|-heal|p2a: Gastrodon|209/331|[from] item: Leftovers\n|upkeep\n|turn|18\n|inactive|Time left: 300 sec this turn | 300 sec total\n|\n|t:|1783569450\n|move|p1a: Donphan|Earthquake|p2a: Gastrodon\n|-damage|p2a: Gastrodon|74/331\n|move|p2a: Gastrodon|Recover|p2a: Gastrodon\n|-heal|p2a: Gastrodon|240/331\n|\n|-heal|p1a: Donphan|91/100|[from] item: Leftovers\n|-heal|p2a: Gastrodon|260/331|[from] item: Leftovers\n|upkeep\n|turn|19\n|inactive|Time left: 300 sec this turn | 300 sec total\n|\n|t:|1783569451\n|move|p1a: Donphan|Earthquake|p2a: Gastrodon\n|-damage|p2a: Gastrodon|113/331\n|move|p2a: Gastrodon|Recover|p2a: Gastrodon\n|-heal|p2a: Gastrodon|279/331\n|\n|-heal|p1a: Donphan|97/100|[from] item: Leftovers\n|-heal|p2a: Gastrodon|299/331|[from] item: Leftovers\n|upkeep\n|turn|20\n|inactive|Time left: 300 sec this turn | 300 sec total\n|\n|t:|1783569452\n|-terastallize|p1a: Donphan|Dragon\n|move|p1a: Donphan|Earthquake|p2a: Gastrodon\n|-damage|p2a: Gastrodon|164/331\n|move|p2a: Gastrodon|Recover|p2a: Gastrodon\n|-heal|p2a: Gastrodon|330/331\n|\n|-heal|p1a: Donphan|100/100|[from] item: Leftovers\n|-heal|p2a: Gastrodon|331/331|[from] item: Leftovers\n|upkeep\n|turn|21\n|inactive|Time left: 300 sec this turn | 300 sec total\n|\n|t:|1783569453\n|move|p1a: Donphan|Earthquake|p2a: Gastrodon\n|-damage|p2a: Gastrodon|187/331\n|move|p2a: Gastrodon|Sludge Bomb|p1a: Donphan\n|-damage|p1a: Donphan|70/100\n|\n|-heal|p1a: Donphan|76/100|[from] item: Leftovers\n|-heal|p2a: Gastrodon|207/331|[from] item: Leftovers\n|upkeep\n|turn|22\n|inactive|Time left: 300 sec this turn | 300 sec total\n|\n|t:|1783569454\n|move|p1a: Donphan|Earthquake|p2a: Gastrodon\n|-damage|p2a: Gastrodon|50/331\n|move|p2a: Gastrodon|Sludge Bomb|p1a: Donphan\n|-damage|p1a: Donphan|48/100\n|\n|-heal|p1a: Donphan|54/100|[from] item: Leftovers\n|-heal|p2a: Gastrodon|70/331|[from] item: Leftovers\n|upkeep\n|turn|23\n|inactive|Time left: 300 sec this turn | 300 sec total\n|\n|t:|1783569455\n|move|p1a: Donphan|Earthquake|p2a: Gastrodon\n|-damage|p2a: Gastrodon|0 fnt\n|faint|p2a: Gastrodon\n|\n|-heal|p1a: Donphan|61/100|[from] item: Leftovers\n|upkeep\n|inactive|Time left: 300 sec this turn | 300 sec total | 5 sec grace\n|\n|t:|1783569456\n|switch|p2a: Galvantula|Galvantula, L82, F|249/249\n|turn|24\n|inactive|Time left: 300 sec this turn | 300 sec total\n|\n|t:|1783569457\n|move|p2a: Galvantula|Bug Buzz|p1a: Donphan\n|-damage|p1a: Donphan|18/100\n|-unboost|p1a: Donphan|spd|1\n|move|p1a: Donphan|Earthquake|p2a: Galvantula\n|-damage|p2a: Galvantula|74/249\n|\n|-heal|p1a: Donphan|24/100|[from] item: Leftovers\n|upkeep\n|turn|25\n|inactive|Time left: 300 sec this turn | 300 sec total\n|\n|t:|1783569458\n|move|p2a: Galvantula|Bug Buzz|p1a: Donphan\n|-damage|p1a: Donphan|0 fnt\n|faint|p1a: Donphan\n|\n|upkeep\n|\n|t:|1783569458\n|switch|p1a: Uxie|Uxie, L83|61/100\n|turn|26\n|inactive|Time left: 300 sec this turn | 300 sec total\n|\n|t:|1783569459\n|move|p2a: Galvantula|Bug Buzz|p1a: Uxie\n|-supereffective|p1a: Uxie\n|-damage|p1a: Uxie|5/100\n|move|p1a: Uxie|Psychic Noise|p2a: Galvantula\n|-damage|p2a: Galvantula|0 fnt\n|faint|p2a: Galvantula\n|\n|-heal|p1a: Uxie|11/100|[from] item: Leftovers\n|upkeep\n|inactive|Time left: 300 sec this turn | 300 sec total | 5 sec grace\n|\n|t:|1783569460\n|switch|p2a: Sandy Shocks|Sandy Shocks, L80|267/267\n|turn|27\n|inactive|Time left: 300 sec this turn | 300 sec total\n|\n|t:|1783569461\n|switch|p1a: Tauros|Tauros-Paldea-Combat, L82, M|29/100\n|-ability|p1a: Tauros|Intimidate|boost\n|-unboost|p2a: Sandy Shocks|atk|1\n|move|p2a: Sandy Shocks|Thunderbolt|p1a: Tauros\n|-damage|p1a: Tauros|0 fnt\n|faint|p1a: Tauros\n|\n|upkeep\n|\n|t:|1783569462\n|switch|p1a: Uxie|Uxie, L83|11/100\n|turn|28\n|inactive|Time left: 300 sec this turn | 300 sec total\n|\n|t:|1783569463\n|move|p2a: Sandy Shocks|Thunderbolt|p1a: Uxie\n|-damage|p1a: Uxie|0 fnt\n|faint|p1a: Uxie\n|\n|win|p0y2635e924", "uploadtime": 1783569463, "views": 0, "rating": 0, "private": 0, "password": null, "_winner": "p0y2635e924", "_our_name": "p0y2635e924"}