{"id": "battle-gen9randombattle-275", "formatid": "gen9randombattle", "format": "[Gen 9] Random Battle", "players": ["p0x27580f3", "p0y275103c"], "log": "|init|battle\n|title|p0x27580f3 vs. p0y275103c\n|j|\u2606p0x27580f3\n|j|\u2606p0y275103c\n|t:|1783542257\n|gametype|singles\n|player|p1|p0x27580f3|170|\n|player|p2|p0y275103c|265|\n|gen|9\n|tier|[Gen 9] Random Battle\n|rule|Species Clause: Limit one of each Pok\u00e9mon\n|rule|HP Percentage Mod: HP is shown in percentages\n|rule|Sleep Clause Mod: Limit one foe put to sleep\n|rule|Illusion Level Mod: Illusion disguises the Pok\u00e9mon's true level\n|\n|t:|1783542257\n|teamsize|p1|6\n|teamsize|p2|6\n|start\n|switch|p1a: Baxcalibur|Baxcalibur, L75, F|100/100\n|switch|p2a: Decidueye|Decidueye-Hisui, L87, M|295/295\n|turn|1\n|inactive|Battle timer is ON: inactive players will automatically lose when time's up. (requested by p0y275103c)\n|\n|t:|1783542259\n|switch|p1a: Yanmega|Yanmega, L82, F|100/100\n|move|p2a: Decidueye|Triple Arrows|p1a: Yanmega\n|-resisted|p1a: Yanmega\n|-damage|p1a: Yanmega|91/100\n|\n|upkeep\n|turn|2\n|inactive|Time left: 300 sec this turn | 300 sec total\n|inactive|p0x27580f3 also wants the timer to be on.\n|\n|t:|1783542260\n|switch|p2a: Florges|Florges-Orange, L85, F|271/271\n|move|p1a: Yanmega|Air Slash|p2a: Florges\n|-damage|p2a: Florges|220/271\n|\n|-heal|p2a: Florges|236/271|[from] item: Leftovers\n|-ability|p1a: Yanmega|Speed Boost|boost\n|-boost|p1a: Yanmega|spe|1\n|upkeep\n|turn|3\n|inactive|Time left: 300 sec this turn | 300 sec total\n|\n|t:|1783542261\n|move|p1a: Yanmega|Air Slash|p2a: Florges\n|-damage|p2a: Florges|184/271\n|move|p2a: Florges|Moonblast|p1a: Yanmega\n|-damage|p1a: Yanmega|35/100\n|-unboost|p1a: Yanmega|spa|1\n|\n|-heal|p2a: Florges|200/271|[from] item: Leftovers\n|-ability|p1a: Yanmega|Speed Boost|boost\n|-boost|p1a: Yanmega|spe|1\n|upkeep\n|turn|4\n|inactive|Time left: 300 sec this turn | 300 sec total\n|\n|t:|1783542263\n|move|p1a: Yanmega|Protect|p1a: Yanmega\n|-singleturn|p1a: Yanmega|Protect\n|move|p2a: Florges|Moonblast|p1a: Yanmega\n|-activate|p1a: Yanmega|move: Protect\n|\n|-heal|p2a: Florges|216/271|[from] item: Leftovers\n|-ability|p1a: Yanmega|Speed Boost|boost\n|-boost|p1a: Yanmega|spe|1\n|upkeep\n|turn|5\n|inactive|Time left: 300 sec this turn | 300 sec total\n|\n|t:|1783542263\n|move|p1a: Yanmega|Air Slash|p2a: Florges\n|-damage|p2a: Florges|180/271\n|move|p2a: Florges|Moonblast|p1a: Yanmega\n|-damage|p1a: Yanmega|0 fnt\n|faint|p1a: Yanmega\n|\n|-heal|p2a: Florges|196/271|[from] item: Leftovers\n|upkeep\n|\n|t:|1783542264\n|switch|p1a: Garchomp|Garchomp, L74, F|100/100\n|turn|6\n|inactive|Time left: 300 sec this turn | 300 sec total\n|\n|t:|1783542265\n|-terastallize|p1a: Garchomp|Steel\n|move|p1a: Garchomp|Iron Head|p2a: Florges\n|-supereffective|p2a: Florges\n|-damage|p2a: Florges|0 fnt\n|faint|p2a: Florges\n|\n|upkeep\n|inactive|Time left: 300 sec this turn | 300 sec total | 5 sec grace\n|\n|t:|1783542267\n|switch|p2a: Decidueye|Decidueye-Hisui, L87, M|295/295\n|turn|7\n|inactive|Time left: 300 sec this turn | 300 sec total\n|\n|t:|1783542268\n|switch|p1a: Alomomola|Alomomola, L87, M|100/100\n|move|p2a: Decidueye|Triple Arrows|p1a: Alomomola\n|-damage|p1a: Alomomola|74/100\n|\n|upkeep\n|turn|8\n|inactive|Time left: 300 sec this turn | 300 sec total\n|\n|t:|1783542269\n|move|p1a: Alomomola|Scald|p2a: Decidueye\n|-resisted|p2a: Decidueye\n|-damage|p2a: Decidueye|274/295\n|-status|p2a: Decidueye|brn\n|move|p2a: Decidueye|Triple Arrows|p1a: Alomomola\n|-damage|p1a: Alomomola|60/100\n|-unboost|p1a: Alomomola|def|1\n|\n|-heal|p2a: Decidueye|292/295 brn|[from] item: Leftovers\n|-damage|p2a: Decidueye|274/295 brn|[from] brn\n|upkeep\n|turn|9\n|inactive|Time left: 300 sec this turn | 300 sec total\n|\n|t:|1783542270\n|move|p1a: Alomomola|Flip Turn|p2a: Decidueye\n|-resisted|p2a: Decidueye\n|-damage|p2a: Decidueye|245/295 brn\n|\n|t:|1783542271\n|switch|p1a: Houndstone|Houndstone, L86, M|100/100|[from] Flip Turn\n|move|p2a: Decidueye|Triple Arrows|p1a: Houndstone\n|-damage|p1a: Houndstone|80/100\n|\n|-heal|p1a: Houndstone|86/100|[from] item: Leftovers\n|-heal|p2a: Decidueye|263/295 brn|[from] item: Leftovers\n|-damage|p2a: Decidueye|245/295 brn|[from] brn\n|upkeep\n|turn|10\n|inactive|Time left: 300 sec this turn | 300 sec total\n|\n|t:|1783542272\n|move|p1a: Houndstone|Poltergeist|p2a: Decidueye\n|-activate|p2a: Decidueye|move: Poltergeist|Leftovers\n|-damage|p2a: Decidueye|113/295 brn\n|move|p2a: Decidueye|Triple Arrows|p1a: Houndstone\n|-damage|p1a: Houndstone|66/100\n|-unboost|p1a: Houndstone|def|1\n|\n|-heal|p1a: Houndstone|72/100|[from] item: Leftovers\n|-heal|p2a: Decidueye|131/295 brn|[from] item: Leftovers\n|-damage|p2a: Decidueye|113/295 brn|[from] brn\n|upkeep\n|turn|11\n|inactive|Time left: 300 sec this turn | 300 sec total\n|\n|t:|1783542273\n|move|p1a: Houndstone|Poltergeist|p2a: Decidueye\n|-activate|p2a: Decidueye|move: Poltergeist|Leftovers\n|-damage|p2a: Decidueye|0 fnt\n|faint|p2a: Decidueye\n|\n|-heal|p1a: Houndstone|78/100|[from] item: Leftovers\n|upkeep\n|inactive|Time left: 300 sec this turn | 300 sec total | 5 sec grace\n|\n|t:|1783542273\n|switch|p2a: Polteageist|Polteageist-Antique, L78|222/222\n|turn|12\n|inactive|Time left: 300 sec this turn | 300 sec total\n|\n|t:|1783542275\n|-terastallize|p2a: Polteageist|Dark\n|move|p1a: Houndstone|Poltergeist|p2a: Polteageist|[miss]\n|-miss|p1a: Houndstone|p2a: Polteageist\n|move|p2a: Polteageist|Shell Smash|p2a: Polteageist\n|-unboost|p2a: Polteageist|def|1\n|-unboost|p2a: Polteageist|spd|1\n|-boost|p2a: Polteageist|atk|2\n|-boost|p2a: Polteageist|spa|2\n|-boost|p2a: Polteageist|spe|2\n|-enditem|p2a: Polteageist|White Herb\n|-clearnegativeboost|p2a: Polteageist|[silent]\n|\n|-heal|p1a: Houndstone|84/100|[from] item: Leftovers\n|upkeep\n|turn|13\n|inactive|Time left: 300 sec this turn | 300 sec total\n|\n|t:|1783542275\n|move|p1a: Houndstone|Shadow Sneak|p2a: Polteageist\n|-resisted|p2a: Polteageist\n|-damage|p2a: Polteageist|192/222\n|move|p2a: Polteageist|Shadow Ball|p1a: Houndstone\n|-supereffective|p1a: Houndstone\n|-damage|p1a: Houndstone|0 fnt\n|faint|p1a: Houndstone\n|\n|upkeep\n|\n|t:|1783542276\n|switch|p1a: Baxcalibur|Baxcalibur, L75, F|100/100\n|turn|14\n|inactive|Time left: 300 sec this turn | 300 sec total\n|\n|t:|1783542277\n|move|p2a: Polteageist|Shadow Ball|p1a: Baxcalibur\n|-damage|p1a: Baxcalibur|27/100\n|move|p1a: Baxcalibur|Glaive Rush|p2a: Polteageist\n|-damage|p2a: Polteageist|0 fnt\n|-singlemove|p1a: Baxcalibur|Glaive Rush|[silent]\n|faint|p2a: Polteageist\n|\n|upkeep\n|inactive|Time left: 300 sec this turn | 300 sec total | 5 sec grace\n|\n|t:|1783542278\n|switch|p2a: Hatterene|Hatterene, L85, F|236/236\n|turn|15\n|inactive|Time left: 300 sec this turn | 300 sec total\n|\n|t:|1783542279\n|move|p1a: Baxcalibur|Icicle Crash|p2a: Hatterene\n|-damage|p2a: Hatterene|143/236\n|move|p2a: Hatterene|Mystical Fire|p1a: Baxcalibur\n|-damage|p1a: Baxcalibur|0 fnt\n|faint|p1a: Baxcalibur\n|\n|-heal|p2a: Hatterene|157/236|[from] item: Leftovers\n|upkeep\n|\n|t:|1783542280\n|switch|p1a: Garchomp|Garchomp, L74, F, tera:Steel|100/100\n|turn|16\n|inactive|Time left: 300 sec this turn | 300 sec total\n|\n|t:|1783542281\n|switch|p2a: Lugia|Lugia, L73|275/275\n|move|p1a: Garchomp|Iron Head|p2a: Lugia\n|-damage|p2a: Lugia|240/275\n|\n|upkeep\n|turn|17\n|inactive|Time left: 300 sec this turn | 300 sec total\n|\n|t:|1783542282\n|move|p2a: Lugia|Earth Power|p1a: Garchomp\n|-supereffective|p1a: Garchomp\n|-damage|p1a: Garchomp|63/100\n|move|p1a: Garchomp|Swords Dance|p1a: Garchomp\n|-boost|p1a: Garchomp|atk|2\n|\n|upkeep\n|turn|18\n|inactive|Time left: 300 sec this turn | 300 sec total\n|\n|t:|1783542283\n|move|p2a: Lugia|Earth Power|p1a: Garchomp\n|-supereffective|p1a: Garchomp\n|-damage|p1a: Garchomp|27/100\n|move|p1a: Garchomp|Scale Shot|p2a: Lugia\n|-damage|p2a: Lugia|191/275\n|-damage|p2a: Lugia|146/275\n|-damage|p2a: Lugia|101/275\n|-damage|p2a: Lugia|56/275\n|-damage|p2a: Lugia|11/275\n|-hitcount|p2a: Lugia|5\n|-unboost|p1a: Garchomp|def|1\n|-boost|p1a: Garchomp|spe|1\n|\n|upkeep\n|turn|19\n|inactive|Time left: 300 sec this turn | 300 sec total\n|\n|t:|1783542284\n|move|p1a: Garchomp|Iron Head|p2a: Lugia\n|-damage|p2a: Lugia|0 fnt\n|faint|p2a: Lugia\n|\n|upkeep\n|inactive|Time left: 300 sec this turn | 300 sec total | 5 sec grace\n|\n|t:|1783542285\n|switch|p2a: Hatterene|Hatterene, L85, F|157/236\n|turn|20\n|inactive|Time left: 300 sec this turn | 300 sec total\n|\n|t:|1783542286\n|move|p1a: Garchomp|Earthquake|p2a: Hatterene\n|-crit|p2a: Hatterene\n|-damage|p2a: Hatterene|0 fnt\n|faint|p2a: Hatterene\n|\n|upkeep\n|inactive|Time left: 300 sec this turn | 300 sec total | 5 sec grace\n|\n|t:|1783542287\n|switch|p2a: Toxicroak|Toxicroak, L84, F|277/277\n|turn|21\n|inactive|Time left: 300 sec this turn | 300 sec total\n|\n|t:|1783542288\n|move|p1a: Garchomp|Earthquake|p2a: Toxicroak\n|-supereffective|p2a: Toxicroak\n|-damage|p2a: Toxicroak|0 fnt\n|faint|p2a: Toxicroak\n|\n|win|p0x27580f3", "uploadtime": 1783542288, "views": 0, "rating": 0, "private": 0, "password": null, "_winner": "p0x27580f3", "_our_name": "p0y275103c"}