{"id": "battle-gen9randombattle-2703", "formatid": "gen9randombattle", "format": "[Gen 9] Random Battle", "players": ["p0x2703b4c7", "p0y27038645"], "log": "|init|battle\n|title|p0x2703b4c7 vs. p0y27038645\n|j|\u2606p0x2703b4c7\n|j|\u2606p0y27038645\n|t:|1783570184\n|gametype|singles\n|player|p1|p0x2703b4c7|102|\n|player|p2|p0y27038645|101|\n|gen|9\n|tier|[Gen 9] Random Battle\n|rule|Species Clause: Limit one of each Pok\u00e9mon\n|rule|HP Percentage Mod: HP is shown in percentages\n|rule|Sleep Clause Mod: Limit one foe put to sleep\n|rule|Illusion Level Mod: Illusion disguises the Pok\u00e9mon's true level\n|\n|t:|1783570184\n|teamsize|p1|6\n|teamsize|p2|6\n|start\n|switch|p1a: Lapras|Lapras, L87, F|367/367\n|switch|p2a: Kricketune|Kricketune, L99, F|100/100\n|turn|1\n|inactive|Battle timer is ON: inactive players will automatically lose when time's up. (requested by p0y27038645)\n|inactive|Time left: 300 sec this turn | 300 sec total | 60 sec grace\n|inactive|p0x2703b4c7 also wants the timer to be on.\n|\n|t:|1783570185\n|move|p2a: Kricketune|Sticky Web|p1a: Lapras\n|-sidestart|p1: p0x2703b4c7|move: Sticky Web\n|move|p1a: Lapras|Dragon Dance|p1a: Lapras\n|-boost|p1a: Lapras|atk|1\n|-boost|p1a: Lapras|spe|1\n|\n|upkeep\n|turn|2\n|inactive|Time left: 300 sec this turn | 300 sec total\n|\n|t:|1783570186\n|move|p1a: Lapras|Icicle Spear|p2a: Kricketune\n|-damage|p2a: Kricketune|85/100\n|-damage|p2a: Kricketune|70/100\n|-damage|p2a: Kricketune|55/100\n|-crit|p2a: Kricketune\n|-damage|p2a: Kricketune|32/100\n|-hitcount|p2a: Kricketune|4\n|move|p2a: Kricketune|Pounce|p1a: Lapras\n|-damage|p1a: Lapras|271/367\n|-unboost|p1a: Lapras|spe|1\n|\n|upkeep\n|turn|3\n|inactive|Time left: 300 sec this turn | 300 sec total\n|\n|t:|1783570187\n|move|p2a: Kricketune|Pounce|p1a: Lapras\n|-damage|p1a: Lapras|172/367\n|-unboost|p1a: Lapras|spe|1\n|move|p1a: Lapras|Waterfall|p2a: Kricketune\n|-damage|p2a: Kricketune|0 fnt\n|faint|p2a: Kricketune\n|\n|upkeep\n|\n|t:|1783570188\n|switch|p2a: Toxtricity|Toxtricity, L82, F|100/100\n|turn|4\n|inactive|Time left: 300 sec this turn | 300 sec total\n|\n|t:|1783570189\n|-terastallize|p1a: Lapras|Ground\n|move|p2a: Toxtricity|Boomburst|p1a: Lapras\n|-damage|p1a: Lapras|0 fnt\n|faint|p1a: Lapras\n|\n|upkeep\n|inactive|Time left: 300 sec this turn | 300 sec total | 5 sec grace\n|\n|t:|1783570190\n|switch|p1a: Lurantis|Lurantis, L87, F|264/264\n|-activate|p1a: Lurantis|move: Sticky Web\n|-boost|p1a: Lurantis|spe|1\n|turn|5\n|inactive|Time left: 300 sec this turn | 300 sec total\n|\n|t:|1783570191\n|move|p1a: Lurantis|Superpower|p2a: Toxtricity\n|-resisted|p2a: Toxtricity\n|-damage|p2a: Toxtricity|77/100\n|-boost|p1a: Lurantis|atk|1\n|-boost|p1a: Lurantis|def|1\n|move|p2a: Toxtricity|Boomburst|p1a: Lurantis\n|-damage|p1a: Lurantis|141/264\n|\n|upkeep\n|turn|6\n|inactive|Time left: 300 sec this turn | 300 sec total\n|\n|t:|1783570192\n|move|p1a: Lurantis|Knock Off|p2a: Toxtricity\n|-crit|p2a: Toxtricity\n|-damage|p2a: Toxtricity|0 fnt\n|-enditem|p2a: Toxtricity|Choice Specs|[from] move: Knock Off|[of] p1a: Lurantis\n|faint|p2a: Toxtricity\n|\n|upkeep\n|\n|t:|1783570193\n|switch|p2a: Eternatus|Eternatus, L69|100/100\n|-ability|p2a: Eternatus|Pressure\n|turn|7\n|inactive|Time left: 300 sec this turn | 300 sec total\n|\n|t:|1783570194\n|move|p2a: Eternatus|Sludge Bomb|p1a: Lurantis\n|-supereffective|p1a: Lurantis\n|-damage|p1a: Lurantis|27/264\n|move|p1a: Lurantis|Leech Life|p2a: Eternatus\n|-resisted|p2a: Eternatus\n|-damage|p2a: Eternatus|84/100\n|-heal|p1a: Lurantis|52/264|[from] drain|[of] p2a: Eternatus\n|\n|upkeep\n|turn|8\n|inactive|Time left: 300 sec this turn | 300 sec total\n|\n|t:|1783570195\n|switch|p1a: Moltres|Moltres-Galar, L79|271/271\n|move|p2a: Eternatus|Meteor Beam||[still]\n|-prepare|p2a: Eternatus|Meteor Beam\n|-boost|p2a: Eternatus|spa|1\n|-enditem|p2a: Eternatus|Power Herb\n|-anim|p2a: Eternatus|Meteor Beam|p1a: Moltres\n|-supereffective|p1a: Moltres\n|-damage|p1a: Moltres|87/271\n|-enditem|p1a: Moltres|Weakness Policy\n|-boost|p1a: Moltres|atk|2|[from] item: Weakness Policy\n|-boost|p1a: Moltres|spa|2|[from] item: Weakness Policy\n|-ability|p1a: Moltres|Berserk|boost\n|-boost|p1a: Moltres|spa|1\n|\n|upkeep\n|turn|9\n|inactive|Time left: 300 sec this turn | 300 sec total\n|\n|t:|1783570197\n|move|p2a: Eternatus|Sludge Bomb|p1a: Moltres\n|-damage|p1a: Moltres|0 fnt\n|faint|p1a: Moltres\n|\n|upkeep\n|inactive|Time left: 300 sec this turn | 300 sec total | 5 sec grace\n|\n|t:|1783570198\n|switch|p1a: Froslass|Froslass, L87, F|263/263\n|-activate|p1a: Froslass|move: Sticky Web\n|-unboost|p1a: Froslass|spe|1\n|turn|10\n|inactive|Time left: 300 sec this turn | 300 sec total\n|\n|t:|1783570199\n|move|p2a: Eternatus|Fire Blast|p1a: Froslass\n|-supereffective|p1a: Froslass\n|-damage|p1a: Froslass|21/263\n|-start|p2a: Eternatus|Disable|Fire Blast|[from] ability: Cursed Body|[of] p1a: Froslass\n|move|p1a: Froslass|Triple Axel|p2a: Eternatus\n|-supereffective|p2a: Eternatus\n|-damage|p2a: Eternatus|69/100\n|-supereffective|p2a: Eternatus\n|-damage|p2a: Eternatus|41/100\n|-supereffective|p2a: Eternatus\n|-damage|p2a: Eternatus|0 fnt\n|faint|p2a: Eternatus\n|-hitcount|p2: Eternatus|3\n|\n|upkeep\n|\n|t:|1783570200\n|switch|p2a: Cetitan|Cetitan, L82, M|100/100\n|turn|11\n|inactive|Time left: 300 sec this turn | 300 sec total\n|\n|t:|1783570201\n|move|p2a: Cetitan|Ice Shard|p1a: Froslass\n|-resisted|p1a: Froslass\n|-damage|p1a: Froslass|0 fnt\n|-start|p2a: Cetitan|Disable|Ice Shard|[from] ability: Cursed Body|[of] p1a: Froslass\n|faint|p1a: Froslass\n|\n|upkeep\n|inactive|Time left: 300 sec this turn | 300 sec total | 5 sec grace\n|\n|t:|1783570202\n|switch|p1a: Alcremie|Alcremie-Rainbow-Swirl, L90, F|263/263\n|-activate|p1a: Alcremie|move: Sticky Web\n|-unboost|p1a: Alcremie|spe|1\n|turn|12\n|inactive|Time left: 300 sec this turn | 300 sec total\n|\n|t:|1783570202\n|move|p2a: Cetitan|Belly Drum|p2a: Cetitan\n|-damage|p2a: Cetitan|50/100\n|-setboost|p2a: Cetitan|atk|6|[from] move: Belly Drum\n|-enditem|p2a: Cetitan|Sitrus Berry|[eat]\n|-heal|p2a: Cetitan|75/100|[from] item: Sitrus Berry\n|move|p1a: Alcremie|Alluring Voice|p2a: Cetitan\n|-crit|p2a: Cetitan\n|-damage|p2a: Cetitan|21/100\n|-start|p2a: Cetitan|confusion\n|\n|upkeep\n|turn|13\n|inactive|Time left: 300 sec this turn | 300 sec total\n|\n|t:|1783570203\n|-activate|p2a: Cetitan|confusion\n|move|p2a: Cetitan|Earthquake|p1a: Alcremie\n|-damage|p1a: Alcremie|0 fnt\n|faint|p1a: Alcremie\n|\n|upkeep\n|inactive|Time left: 300 sec this turn | 300 sec total | 5 sec grace\n|\n|t:|1783570204\n|switch|p1a: Minun|Minun, L95, M|268/268\n|-activate|p1a: Minun|move: Sticky Web\n|-unboost|p1a: Minun|spe|1\n|turn|14\n|inactive|Time left: 300 sec this turn | 300 sec total\n|\n|t:|1783570205\n|-end|p2a: Cetitan|confusion\n|move|p2a: Cetitan|Ice Spinner|p1a: Minun\n|-damage|p1a: Minun|0 fnt\n|faint|p1a: Minun\n|\n|-end|p2a: Cetitan|Disable\n|upkeep\n|inactive|Time left: 300 sec this turn | 300 sec total | 5 sec grace\n|\n|t:|1783570206\n|switch|p1a: Lurantis|Lurantis, L87, F|52/264\n|-activate|p1a: Lurantis|move: Sticky Web\n|-boost|p1a: Lurantis|spe|1\n|turn|15\n|inactive|Time left: 300 sec this turn | 300 sec total\n|\n|t:|1783570207\n|-terastallize|p2a: Cetitan|Ice\n|move|p2a: Cetitan|Ice Shard|p1a: Lurantis\n|-supereffective|p1a: Lurantis\n|-crit|p1a: Lurantis\n|-damage|p1a: Lurantis|0 fnt\n|faint|p1a: Lurantis\n|\n|win|p0y27038645", "uploadtime": 1783570207, "views": 0, "rating": 0, "private": 0, "password": null, "_winner": "p0y27038645", "_our_name": "p0x2703b4c7"}