{"id": "battle-gen9randombattle-876", "formatid": "gen9randombattle", "format": "[Gen 9] Random Battle", "players": ["p0x8766981", "p0y8762aa0"], "log": "|init|battle\n|title|p0x8766981 vs. p0y8762aa0\n|j|\u2606p0x8766981\n|j|\u2606p0y8762aa0\n|t:|1783550060\n|gametype|singles\n|player|p1|p0x8766981|169|\n|player|p2|p0y8762aa0|1|\n|gen|9\n|tier|[Gen 9] Random Battle\n|rule|Species Clause: Limit one of each Pok\u00e9mon\n|rule|HP Percentage Mod: HP is shown in percentages\n|rule|Sleep Clause Mod: Limit one foe put to sleep\n|rule|Illusion Level Mod: Illusion disguises the Pok\u00e9mon's true level\n|\n|t:|1783550060\n|teamsize|p1|6\n|teamsize|p2|6\n|start\n|switch|p1a: Leavanny|Leavanny, L86, F|100/100\n|switch|p2a: Lokix|Lokix, L82, M|251/251\n|turn|1\n|inactive|Battle timer is ON: inactive players will automatically lose when time's up. (requested by p0x8766981)\n|inactive|Time left: 300 sec this turn | 300 sec total | 60 sec grace\n|inactive|p0y8762aa0 also wants the timer to be on.\n|\n|t:|1783550061\n|move|p2a: Lokix|First Impression|p1a: Leavanny\n|-supereffective|p1a: Leavanny\n|-damage|p1a: Leavanny|0 fnt\n|faint|p1a: Leavanny\n|-damage|p2a: Lokix|226/251|[from] item: Life Orb\n|\n|upkeep\n|\n|t:|1783550062\n|switch|p1a: Kleavor|Kleavor, L78, M|100/100\n|turn|2\n|inactive|Time left: 300 sec this turn | 300 sec total\n|\n|t:|1783550063\n|switch|p2a: Blastoise|Blastoise, L80, F|258/258\n|move|p1a: Kleavor|Stone Axe|p2a: Blastoise\n|-damage|p2a: Blastoise|152/258\n|-sidestart|p2: p0y8762aa0|move: Stealth Rock\n|\n|upkeep\n|turn|3\n|inactive|Time left: 300 sec this turn | 300 sec total\n|\n|t:|1783550064\n|-terastallize|p1a: Kleavor|Bug\n|move|p1a: Kleavor|X-Scissor|p2a: Blastoise\n|-damage|p2a: Blastoise|0 fnt\n|faint|p2a: Blastoise\n|\n|upkeep\n|inactive|Time left: 300 sec this turn | 300 sec total | 5 sec grace\n|\n|t:|1783550065\n|switch|p2a: Kleavor|Kleavor, L78, M|237/237\n|turn|4\n|inactive|Time left: 300 sec this turn | 300 sec total\n|\n|t:|1783550066\n|move|p1a: Kleavor|Stone Axe|p2a: Kleavor\n|-supereffective|p2a: Kleavor\n|-damage|p2a: Kleavor|0 fnt\n|faint|p2a: Kleavor\n|\n|upkeep\n|inactive|Time left: 300 sec this turn | 300 sec total | 5 sec grace\n|\n|t:|1783550068\n|switch|p2a: Regidrago|Regidrago, L77|435/435\n|-damage|p2a: Regidrago|381/435|[from] Stealth Rock\n|turn|5\n|inactive|Time left: 300 sec this turn | 300 sec total\n|\n|t:|1783550069\n|move|p1a: Kleavor|X-Scissor|p2a: Regidrago\n|-damage|p2a: Regidrago|77/435\n|move|p2a: Regidrago|Dragon Dance|p2a: Regidrago\n|-boost|p2a: Regidrago|atk|1\n|-boost|p2a: Regidrago|spe|1\n|\n|upkeep\n|turn|6\n|inactive|Time left: 300 sec this turn | 300 sec total\n|\n|t:|1783550070\n|switch|p1a: Wigglytuff|Wigglytuff, L96, F|100/100\n|move|p2a: Regidrago|Dragon Claw|p1a: Wigglytuff\n|-immune|p1a: Wigglytuff\n|\n|upkeep\n|turn|7\n|inactive|Time left: 300 sec this turn | 300 sec total\n|\n|t:|1783550071\n|move|p2a: Regidrago|Dragon Dance|p2a: Regidrago\n|-boost|p2a: Regidrago|atk|1\n|-boost|p2a: Regidrago|spe|1\n|move|p1a: Wigglytuff|Dazzling Gleam|p2a: Regidrago\n|-supereffective|p2a: Regidrago\n|-damage|p2a: Regidrago|0 fnt\n|faint|p2a: Regidrago\n|\n|upkeep\n|inactive|Time left: 300 sec this turn | 300 sec total | 5 sec grace\n|\n|t:|1783550072\n|switch|p2a: Cresselia|Cresselia, L80, F|323/323\n|-damage|p2a: Cresselia|283/323|[from] Stealth Rock\n|turn|8\n|inactive|Time left: 300 sec this turn | 300 sec total\n|\n|t:|1783550073\n|move|p2a: Cresselia|Calm Mind|p2a: Cresselia\n|-boost|p2a: Cresselia|spa|1\n|-boost|p2a: Cresselia|spd|1\n|move|p1a: Wigglytuff|Dazzling Gleam|p2a: Cresselia\n|-damage|p2a: Cresselia|231/323\n|\n|-heal|p2a: Cresselia|251/323|[from] item: Leftovers\n|upkeep\n|turn|9\n|inactive|Time left: 300 sec this turn | 300 sec total\n|\n|t:|1783550074\n|move|p2a: Cresselia|Calm Mind|p2a: Cresselia\n|-boost|p2a: Cresselia|spa|1\n|-boost|p2a: Cresselia|spd|1\n|move|p1a: Wigglytuff|Fire Blast|p2a: Cresselia\n|-damage|p2a: Cresselia|210/323\n|\n|-heal|p2a: Cresselia|230/323|[from] item: Leftovers\n|upkeep\n|turn|10\n|inactive|Time left: 300 sec this turn | 300 sec total\n|\n|t:|1783550075\n|move|p2a: Cresselia|Thunderbolt|p1a: Wigglytuff\n|-damage|p1a: Wigglytuff|69/100\n|move|p1a: Wigglytuff|Wish|p1a: Wigglytuff\n|\n|-heal|p2a: Cresselia|250/323|[from] item: Leftovers\n|-heal|p1a: Wigglytuff|75/100|[from] item: Leftovers\n|upkeep\n|turn|11\n|inactive|Time left: 300 sec this turn | 300 sec total\n|\n|t:|1783550076\n|move|p2a: Cresselia|Calm Mind|p2a: Cresselia\n|-boost|p2a: Cresselia|spa|1\n|-boost|p2a: Cresselia|spd|1\n|move|p1a: Wigglytuff|Fire Blast|p2a: Cresselia\n|-damage|p2a: Cresselia|216/323\n|\n|-heal|p1a: Wigglytuff|100/100|[from] move: Wish|[wisher] Wigglytuff\n|-heal|p2a: Cresselia|236/323|[from] item: Leftovers\n|upkeep\n|turn|12\n|inactive|Time left: 300 sec this turn | 300 sec total\n|\n|t:|1783550077\n|switch|p1a: Meowscarada|Meowscarada, L78, M|100/100\n|move|p2a: Cresselia|Thunderbolt|p1a: Meowscarada\n|-resisted|p1a: Meowscarada\n|-damage|p1a: Meowscarada|69/100\n|\n|-heal|p2a: Cresselia|256/323|[from] item: Leftovers\n|upkeep\n|turn|13\n|inactive|Time left: 300 sec this turn | 300 sec total\n|\n|t:|1783550078\n|-terastallize|p2a: Cresselia|Electric\n|move|p1a: Meowscarada|Knock Off|p2a: Cresselia\n|-start|p1a: Meowscarada|typechange|Dark|[from] ability: Protean\n|-damage|p2a: Cresselia|168/323\n|-enditem|p2a: Cresselia|Leftovers|[from] move: Knock Off|[of] p1a: Meowscarada\n|move|p2a: Cresselia|Thunderbolt|p1a: Meowscarada\n|-crit|p1a: Meowscarada\n|-damage|p1a: Meowscarada|0 fnt\n|faint|p1a: Meowscarada\n|\n|upkeep\n|\n|t:|1783550078\n|switch|p1a: Kleavor|Kleavor, L78, M, tera:Bug|100/100\n|turn|14\n|inactive|Time left: 300 sec this turn | 300 sec total\n|\n|t:|1783550079\n|move|p2a: Cresselia|Thunderbolt|p1a: Kleavor\n|-damage|p1a: Kleavor|1/100\n|move|p1a: Kleavor|X-Scissor|p2a: Cresselia\n|-damage|p2a: Cresselia|0 fnt\n|faint|p2a: Cresselia\n|\n|upkeep\n|inactive|Time left: 300 sec this turn | 300 sec total | 5 sec grace\n|\n|t:|1783550080\n|switch|p2a: Lokix|Lokix, L82, M|226/251\n|-damage|p2a: Lokix|164/251|[from] Stealth Rock\n|turn|15\n|inactive|Time left: 300 sec this turn | 300 sec total\n|\n|t:|1783550080\n|move|p2a: Lokix|Knock Off|p1a: Kleavor\n|-damage|p1a: Kleavor|0 fnt\n|-enditem|p1a: Kleavor|Heavy-Duty Boots|[from] move: Knock Off|[of] p2a: Lokix\n|faint|p1a: Kleavor\n|-damage|p2a: Lokix|139/251|[from] item: Life Orb\n|\n|upkeep\n|\n|t:|1783550081\n|switch|p1a: Wugtrio|Wugtrio, L91, F|100/100\n|turn|16\n|inactive|Time left: 300 sec this turn | 300 sec total\n|\n|t:|1783550082\n|switch|p2a: Sceptile|Sceptile, L87, F|264/264\n|-damage|p2a: Sceptile|231/264|[from] Stealth Rock\n|move|p1a: Wugtrio|Liquidation|p2a: Sceptile\n|-resisted|p2a: Sceptile\n|-damage|p2a: Sceptile|135/264\n|-unboost|p2a: Sceptile|def|1\n|\n|upkeep\n|turn|17\n|inactive|Time left: 300 sec this turn | 300 sec total\n|\n|t:|1783550082\n|switch|p2a: Lokix|Lokix, L82, M|139/251\n|-damage|p2a: Lokix|77/251|[from] Stealth Rock\n|move|p1a: Wugtrio|Liquidation|p2a: Lokix\n|-damage|p2a: Lokix|0 fnt\n|faint|p2a: Lokix\n|\n|upkeep\n|inactive|Time left: 300 sec this turn | 300 sec total | 5 sec grace\n|\n|t:|1783550083\n|switch|p2a: Sceptile|Sceptile, L87, F|135/264\n|-damage|p2a: Sceptile|102/264|[from] Stealth Rock\n|turn|18\n|inactive|Time left: 300 sec this turn | 300 sec total\n|\n|t:|1783550084\n|move|p1a: Wugtrio|Liquidation|p2a: Sceptile\n|-resisted|p2a: Sceptile\n|-damage|p2a: Sceptile|12/264\n|move|p2a: Sceptile|Giga Drain|p1a: Wugtrio\n|-supereffective|p1a: Wugtrio\n|-damage|p1a: Wugtrio|0 fnt\n|-heal|p2a: Sceptile|118/264|[from] drain|[of] p1a: Wugtrio\n|faint|p1a: Wugtrio\n|-damage|p2a: Sceptile|92/264|[from] item: Life Orb\n|\n|upkeep\n|\n|t:|1783550085\n|switch|p1a: Wigglytuff|Wigglytuff, L96, F|100/100\n|turn|19\n|inactive|Time left: 300 sec this turn | 300 sec total\n|\n|t:|1783550086\n|move|p2a: Sceptile|Giga Drain|p1a: Wigglytuff\n|-damage|p1a: Wigglytuff|67/100\n|-heal|p2a: Sceptile|163/264|[from] drain|[of] p1a: Wigglytuff\n|-damage|p2a: Sceptile|137/264|[from] item: Life Orb\n|move|p1a: Wigglytuff|Fire Blast|p2a: Sceptile|[miss]\n|-miss|p1a: Wigglytuff|p2a: Sceptile\n|\n|-heal|p1a: Wigglytuff|73/100|[from] item: Leftovers\n|upkeep\n|turn|20\n|inactive|Time left: 300 sec this turn | 300 sec total\n|\n|t:|1783550087\n|move|p2a: Sceptile|Giga Drain|p1a: Wigglytuff\n|-damage|p1a: Wigglytuff|40/100\n|-heal|p2a: Sceptile|208/264|[from] drain|[of] p1a: Wigglytuff\n|-damage|p2a: Sceptile|182/264|[from] item: Life Orb\n|move|p1a: Wigglytuff|Fire Blast|p2a: Sceptile\n|-supereffective|p2a: Sceptile\n|-damage|p2a: Sceptile|12/264\n|\n|-heal|p1a: Wigglytuff|46/100|[from] item: Leftovers\n|upkeep\n|turn|21\n|inactive|Time left: 300 sec this turn | 300 sec total\n|\n|t:|1783550088\n|switch|p1a: Feraligatr|Feraligatr, L79, M|100/100\n|move|p2a: Sceptile|Giga Drain|p1a: Feraligatr\n|-supereffective|p1a: Feraligatr\n|-damage|p1a: Feraligatr|0 fnt\n|-heal|p2a: Sceptile|144/264|[from] drain|[of] p1a: Feraligatr\n|faint|p1a: Feraligatr\n|-damage|p2a: Sceptile|118/264|[from] item: Life Orb\n|\n|upkeep\n|\n|t:|1783550089\n|switch|p1a: Wigglytuff|Wigglytuff, L96, F|46/100\n|turn|22\n|inactive|Time left: 300 sec this turn | 300 sec total\n|\n|t:|1783550090\n|move|p1a: Wigglytuff|Protect|p1a: Wigglytuff\n|-singleturn|p1a: Wigglytuff|Protect\n|move|p2a: Sceptile|Giga Drain|p1a: Wigglytuff\n|-activate|p1a: Wigglytuff|move: Protect\n|\n|-heal|p1a: Wigglytuff|52/100|[from] item: Leftovers\n|upkeep\n|turn|23\n|inactive|Time left: 300 sec this turn | 300 sec total\n|\n|t:|1783550091\n|move|p2a: Sceptile|Giga Drain|p1a: Wigglytuff\n|-damage|p1a: Wigglytuff|15/100\n|-heal|p2a: Sceptile|196/264|[from] drain|[of] p1a: Wigglytuff\n|-damage|p2a: Sceptile|170/264|[from] item: Life Orb\n|move|p1a: Wigglytuff|Fire Blast|p2a: Sceptile|[miss]\n|-miss|p1a: Wigglytuff|p2a: Sceptile\n|\n|-heal|p1a: Wigglytuff|21/100|[from] item: Leftovers\n|upkeep\n|turn|24\n|inactive|Time left: 300 sec this turn | 300 sec total\n|\n|t:|1783550092\n|move|p1a: Wigglytuff|Protect|p1a: Wigglytuff\n|-singleturn|p1a: Wigglytuff|Protect\n|move|p2a: Sceptile|Earthquake|p1a: Wigglytuff\n|-activate|p1a: Wigglytuff|move: Protect\n|\n|-heal|p1a: Wigglytuff|27/100|[from] item: Leftovers\n|upkeep\n|turn|25\n|inactive|Time left: 300 sec this turn | 300 sec total\n|\n|t:|1783550093\n|move|p1a: Wigglytuff|Protect||[still]\n|-fail|p1a: Wigglytuff\n|move|p2a: Sceptile|Giga Drain|p1a: Wigglytuff\n|-damage|p1a: Wigglytuff|0 fnt\n|-heal|p2a: Sceptile|227/264|[from] drain|[of] p1a: Wigglytuff\n|faint|p1a: Wigglytuff\n|-damage|p2a: Sceptile|201/264|[from] item: Life Orb\n|\n|win|p0y8762aa0", "uploadtime": 1783550093, "views": 0, "rating": 0, "private": 0, "password": null, "_winner": "p0y8762aa0", "_our_name": "p0y8762aa0"}