{"id": "battle-gen9randombattle-1413", "formatid": "gen9randombattle", "format": "[Gen 9] Random Battle", "players": ["p0x14139e9f", "p0y1413d95d"], "log": "|init|battle\n|title|p0x14139e9f vs. p0y1413d95d\n|j|\u2606p0x14139e9f\n|j|\u2606p0y1413d95d\n|t:|1783556461\n|gametype|singles\n|player|p1|p0x14139e9f|1|\n|player|p2|p0y1413d95d|169|\n|gen|9\n|tier|[Gen 9] Random Battle\n|rule|Species Clause: Limit one of each Pok\u00e9mon\n|rule|HP Percentage Mod: HP is shown in percentages\n|rule|Sleep Clause Mod: Limit one foe put to sleep\n|rule|Illusion Level Mod: Illusion disguises the Pok\u00e9mon's true level\n|\n|t:|1783556461\n|teamsize|p1|6\n|teamsize|p2|6\n|start\n|switch|p1a: Dragapult|Dragapult, L77, F|262/262\n|switch|p2a: Rampardos|Rampardos, L90, M|100/100\n|turn|1\n|inactive|Battle timer is ON: inactive players will automatically lose when time's up. (requested by p0y1413d95d)\n|inactive|Time left: 300 sec this turn | 300 sec total | 60 sec grace\n|inactive|p0x14139e9f also wants the timer to be on.\n|\n|t:|1783556463\n|switch|p1a: Stonjourner|Stonjourner, L91, M|330/330\n|move|p2a: Rampardos|Head Smash|p1a: Stonjourner|[miss]\n|-miss|p2a: Rampardos|p1a: Stonjourner\n|\n|upkeep\n|turn|2\n|inactive|Time left: 300 sec this turn | 300 sec total\n|\n|t:|1783556464\n|switch|p2a: Krookodile|Krookodile, L79, F|100/100\n|-ability|p2a: Krookodile|Intimidate|boost\n|-unboost|p1a: Stonjourner|atk|1\n|move|p1a: Stonjourner|Stone Edge|p2a: Krookodile\n|-resisted|p2a: Krookodile\n|-damage|p2a: Krookodile|73/100\n|-damage|p1a: Stonjourner|297/330|[from] item: Life Orb\n|\n|upkeep\n|turn|3\n|inactive|Time left: 300 sec this turn | 300 sec total\n|\n|t:|1783556466\n|move|p2a: Krookodile|Earthquake|p1a: Stonjourner\n|-supereffective|p1a: Stonjourner\n|-damage|p1a: Stonjourner|75/330\n|move|p1a: Stonjourner|Stealth Rock|p2a: Krookodile\n|-sidestart|p2: p0y1413d95d|move: Stealth Rock\n|\n|upkeep\n|turn|4\n|inactive|Time left: 300 sec this turn | 300 sec total\n|\n|t:|1783556467\n|switch|p1a: Vivillon|Vivillon-Marine, L83, M|268/268\n|move|p2a: Krookodile|Earthquake|p1a: Vivillon\n|-immune|p1a: Vivillon\n|\n|upkeep\n|turn|5\n|inactive|Time left: 300 sec this turn | 300 sec total\n|\n|t:|1783556468\n|switch|p2a: Rampardos|Rampardos, L90, M|100/100\n|-damage|p2a: Rampardos|88/100|[from] Stealth Rock\n|move|p1a: Vivillon|Quiver Dance|p1a: Vivillon\n|-boost|p1a: Vivillon|spa|1\n|-boost|p1a: Vivillon|spd|1\n|-boost|p1a: Vivillon|spe|1\n|\n|upkeep\n|turn|6\n|inactive|Time left: 300 sec this turn | 300 sec total\n|\n|t:|1783556469\n|move|p1a: Vivillon|Sleep Powder|p2a: Rampardos\n|-status|p2a: Rampardos|slp|[from] move: Sleep Powder\n|cant|p2a: Rampardos|slp\n|\n|upkeep\n|turn|7\n|inactive|Time left: 300 sec this turn | 300 sec total\n|\n|t:|1783556470\n|move|p1a: Vivillon|Hurricane|p2a: Rampardos\n|-resisted|p2a: Rampardos\n|-damage|p2a: Rampardos|52/100 slp\n|-start|p2a: Rampardos|confusion\n|cant|p2a: Rampardos|slp\n|\n|upkeep\n|turn|8\n|inactive|Time left: 300 sec this turn | 300 sec total\n|\n|t:|1783556471\n|move|p1a: Vivillon|Quiver Dance|p1a: Vivillon\n|-boost|p1a: Vivillon|spa|1\n|-boost|p1a: Vivillon|spd|1\n|-boost|p1a: Vivillon|spe|1\n|-curestatus|p2a: Rampardos|slp|[msg]\n|-activate|p2a: Rampardos|confusion\n|move|p2a: Rampardos|Fire Punch|p1a: Vivillon\n|-supereffective|p1a: Vivillon\n|-damage|p1a: Vivillon|0 fnt\n|faint|p1a: Vivillon\n|\n|upkeep\n|inactive|Time left: 300 sec this turn | 300 sec total | 5 sec grace\n|\n|t:|1783556472\n|switch|p1a: Dragapult|Dragapult, L77, F|262/262\n|turn|9\n|inactive|Time left: 300 sec this turn | 300 sec total\n|\n|t:|1783556473\n|switch|p2a: Reuniclus|Reuniclus, L88, F|100/100\n|move|p1a: Dragapult|Dragon Dance|p1a: Dragapult\n|-boost|p1a: Dragapult|atk|1\n|-boost|p1a: Dragapult|spe|1\n|\n|upkeep\n|turn|10\n|inactive|Time left: 300 sec this turn | 300 sec total\n|\n|t:|1783556474\n|-terastallize|p1a: Dragapult|Ghost\n|-terastallize|p2a: Reuniclus|Steel\n|move|p1a: Dragapult|Tera Blast|p2a: Reuniclus|[anim] Tera Blast Ghost\n|-damage|p2a: Reuniclus|35/100\n|-damage|p1a: Dragapult|236/262|[from] item: Life Orb\n|move|p2a: Reuniclus|Psychic|p1a: Dragapult\n|-damage|p1a: Dragapult|20/262\n|\n|upkeep\n|turn|11\n|inactive|Time left: 300 sec this turn | 300 sec total\n|\n|t:|1783556475\n|move|p1a: Dragapult|Tera Blast|p2a: Reuniclus|[anim] Tera Blast Ghost\n|-damage|p2a: Reuniclus|0 fnt\n|faint|p2a: Reuniclus\n|-damage|p1a: Dragapult|0 fnt|[from] item: Life Orb\n|faint|p1a: Dragapult\n|\n|upkeep\n|inactive|Time left: 300 sec this turn | 300 sec total | 5 sec grace\n|\n|t:|1783556475\n|switch|p1a: Grimmsnarl|Grimmsnarl, L83, M|293/293\n|switch|p2a: Leafeon|Leafeon, L88, M|100/100\n|-damage|p2a: Leafeon|88/100|[from] Stealth Rock\n|turn|12\n|inactive|Time left: 300 sec this turn | 300 sec total\n|\n|t:|1783556476\n|move|p1a: Grimmsnarl|Parting Shot|p2a: Leafeon\n|-unboost|p2a: Leafeon|atk|1\n|-unboost|p2a: Leafeon|spa|1\n|inactive|Time left: 300 sec this turn | 300 sec total | 5 sec grace\n|\n|t:|1783556477\n|switch|p1a: Arcanine|Arcanine-Hisui, L79, M|280/280|[from] Parting Shot\n|move|p2a: Leafeon|Leaf Blade|p1a: Arcanine\n|-damage|p1a: Arcanine|193/280\n|\n|-heal|p2a: Leafeon|94/100|[from] item: Leftovers\n|upkeep\n|turn|13\n|inactive|Time left: 300 sec this turn | 300 sec total\n|\n|t:|1783556478\n|switch|p2a: Krookodile|Krookodile, L79, F|73/100\n|-damage|p2a: Krookodile|67/100|[from] Stealth Rock\n|-ability|p2a: Krookodile|Intimidate|boost\n|-unboost|p1a: Arcanine|atk|1\n|move|p1a: Arcanine|Flare Blitz|p2a: Krookodile\n|-damage|p2a: Krookodile|33/100\n|\n|upkeep\n|turn|14\n|inactive|Time left: 300 sec this turn | 300 sec total\n|\n|t:|1783556479\n|switch|p1a: Sawsbuck|Sawsbuck, L88, F|284/284\n|move|p2a: Krookodile|Earthquake|p1a: Sawsbuck\n|-resisted|p1a: Sawsbuck\n|-crit|p1a: Sawsbuck\n|-damage|p1a: Sawsbuck|155/284\n|\n|upkeep\n|turn|15\n|inactive|Time left: 300 sec this turn | 300 sec total\n|\n|t:|1783556480\n|switch|p2a: Leafeon|Leafeon, L88, M|94/100\n|-damage|p2a: Leafeon|82/100|[from] Stealth Rock\n|move|p1a: Sawsbuck|Swords Dance|p1a: Sawsbuck\n|-boost|p1a: Sawsbuck|atk|2\n|\n|-heal|p2a: Leafeon|88/100|[from] item: Leftovers\n|upkeep\n|turn|16\n|inactive|Time left: 300 sec this turn | 300 sec total\n|\n|t:|1783556481\n|move|p1a: Sawsbuck|Headbutt|p2a: Leafeon\n|-damage|p2a: Leafeon|27/100\n|-damage|p1a: Sawsbuck|127/284|[from] item: Life Orb\n|cant|p2a: Leafeon|flinch\n|\n|-heal|p2a: Leafeon|33/100|[from] item: Leftovers\n|upkeep\n|turn|17\n|inactive|Time left: 300 sec this turn | 300 sec total\n|\n|t:|1783556482\n|move|p1a: Sawsbuck|Horn Leech|p2a: Leafeon\n|-resisted|p2a: Leafeon\n|-damage|p2a: Leafeon|4/100\n|-heal|p1a: Sawsbuck|165/284|[from] drain|[of] p2a: Leafeon\n|-damage|p1a: Sawsbuck|137/284|[from] item: Life Orb\n|move|p2a: Leafeon|Knock Off|p1a: Sawsbuck\n|-damage|p1a: Sawsbuck|50/284\n|-enditem|p1a: Sawsbuck|Life Orb|[from] move: Knock Off|[of] p2a: Leafeon\n|\n|-heal|p2a: Leafeon|11/100|[from] item: Leftovers\n|upkeep\n|turn|18\n|inactive|Time left: 300 sec this turn | 300 sec total\n|\n|t:|1783556483\n|move|p1a: Sawsbuck|Horn Leech|p2a: Leafeon\n|-resisted|p2a: Leafeon\n|-damage|p2a: Leafeon|0 fnt\n|-heal|p1a: Sawsbuck|63/284|[from] drain|[of] p2a: Leafeon\n|faint|p2a: Leafeon\n|\n|upkeep\n|\n|t:|1783556484\n|switch|p2a: Rampardos|Rampardos, L90, M|52/100\n|-damage|p2a: Rampardos|39/100|[from] Stealth Rock\n|turn|19\n|inactive|Time left: 300 sec this turn | 300 sec total\n|\n|t:|1783556485\n|move|p2a: Rampardos|Earthquake|p1a: Sawsbuck\n|-resisted|p1a: Sawsbuck\n|-damage|p1a: Sawsbuck|0 fnt\n|faint|p1a: Sawsbuck\n|\n|upkeep\n|inactive|Time left: 300 sec this turn | 300 sec total | 5 sec grace\n|\n|t:|1783556486\n|switch|p1a: Grimmsnarl|Grimmsnarl, L83, M|293/293\n|turn|20\n|inactive|Time left: 300 sec this turn | 300 sec total\n|\n|t:|1783556487\n|move|p2a: Rampardos|Earthquake|p1a: Grimmsnarl\n|-damage|p1a: Grimmsnarl|128/293\n|move|p1a: Grimmsnarl|Spirit Break|p2a: Rampardos\n|-damage|p2a: Rampardos|2/100\n|-unboost|p2a: Rampardos|spa|1\n|\n|-heal|p1a: Grimmsnarl|146/293|[from] item: Leftovers\n|upkeep\n|turn|21\n|inactive|Time left: 300 sec this turn | 300 sec total\n|\n|t:|1783556488\n|move|p1a: Grimmsnarl|Sucker Punch|p2a: Rampardos\n|-damage|p2a: Rampardos|0 fnt\n|faint|p2a: Rampardos\n|\n|-heal|p1a: Grimmsnarl|164/293|[from] item: Leftovers\n|upkeep\n|\n|t:|1783556489\n|switch|p2a: Krookodile|Krookodile, L79, F|33/100\n|-damage|p2a: Krookodile|27/100|[from] Stealth Rock\n|-ability|p2a: Krookodile|Intimidate|boost\n|-unboost|p1a: Grimmsnarl|atk|1\n|turn|22\n|inactive|Time left: 300 sec this turn | 300 sec total\n|\n|t:|1783556490\n|move|p1a: Grimmsnarl|Sucker Punch|p2a: Krookodile\n|-resisted|p2a: Krookodile\n|-damage|p2a: Krookodile|15/100\n|move|p2a: Krookodile|Earthquake|p1a: Grimmsnarl\n|-damage|p1a: Grimmsnarl|0 fnt\n|faint|p1a: Grimmsnarl\n|\n|upkeep\n|inactive|Time left: 300 sec this turn | 300 sec total | 5 sec grace\n|\n|t:|1783556491\n|switch|p1a: Arcanine|Arcanine-Hisui, L79, M|193/280\n|turn|23\n|inactive|Time left: 300 sec this turn | 300 sec total\n|\n|t:|1783556492\n|move|p1a: Arcanine|Extreme Speed|p2a: Krookodile\n|-damage|p2a: Krookodile|0 fnt\n|faint|p2a: Krookodile\n|\n|upkeep\n|\n|t:|1783556493\n|switch|p2a: Iron Valiant|Iron Valiant, L78|100/100\n|-damage|p2a: Iron Valiant|94/100|[from] Stealth Rock\n|turn|24\n|inactive|Time left: 300 sec this turn | 300 sec total\n|\n|t:|1783556493\n|move|p2a: Iron Valiant|Close Combat|p1a: Arcanine\n|-supereffective|p1a: Arcanine\n|-damage|p1a: Arcanine|0 fnt\n|-unboost|p2a: Iron Valiant|def|1\n|-unboost|p2a: Iron Valiant|spd|1\n|faint|p1a: Arcanine\n|-damage|p2a: Iron Valiant|85/100|[from] item: Life Orb\n|\n|upkeep\n|inactive|Time left: 300 sec this turn | 300 sec total | 5 sec grace\n|\n|t:|1783556494\n|switch|p1a: Stonjourner|Stonjourner, L91, M|75/330\n|turn|25\n|inactive|Time left: 300 sec this turn | 300 sec total\n|\n|t:|1783556495\n|move|p2a: Iron Valiant|Close Combat|p1a: Stonjourner\n|-supereffective|p1a: Stonjourner\n|-damage|p1a: Stonjourner|0 fnt\n|-unboost|p2a: Iron Valiant|def|1\n|-unboost|p2a: Iron Valiant|spd|1\n|faint|p1a: Stonjourner\n|-damage|p2a: Iron Valiant|75/100|[from] item: Life Orb\n|\n|win|p0y1413d95d", "uploadtime": 1783556495, "views": 0, "rating": 0, "private": 0, "password": null, "_winner": "p0y1413d95d", "_our_name": "p0x14139e9f"}