{"id": "battle-gen9randombattle-181", "formatid": "gen9randombattle", "format": "[Gen 9] Random Battle", "players": ["p0x1815438", "p0y1814d5e"], "log": "|init|battle\n|title|p0x1815438 vs. p0y1814d5e\n|j|\u2606p0x1815438\n|j|\u2606p0y1814d5e\n|t:|1783541668\n|gametype|singles\n|player|p1|p0x1815438|266|\n|player|p2|p0y1814d5e|169|\n|gen|9\n|tier|[Gen 9] Random Battle\n|rule|Species Clause: Limit one of each Pok\u00e9mon\n|rule|HP Percentage Mod: HP is shown in percentages\n|rule|Sleep Clause Mod: Limit one foe put to sleep\n|rule|Illusion Level Mod: Illusion disguises the Pok\u00e9mon's true level\n|\n|t:|1783541668\n|teamsize|p1|6\n|teamsize|p2|6\n|start\n|switch|p1a: Florges|Florges-Orange, L85, F|100/100\n|switch|p2a: Solgaleo|Solgaleo, L74|325/325\n|turn|1\n|inactive|Battle timer is ON: inactive players will automatically lose when time's up. (requested by p0y1814d5e)\n|inactive|p0x1815438 also wants the timer to be on.\n|\n|t:|1783541670\n|move|p1a: Florges|Protect|p1a: Florges\n|-singleturn|p1a: Florges|Protect\n|move|p2a: Solgaleo|Sunsteel Strike|p1a: Florges\n|-activate|p1a: Florges|move: Protect\n|\n|upkeep\n|turn|2\n|inactive|Time left: 300 sec this turn | 300 sec total\n|\n|t:|1783541671\n|switch|p1a: Oricorio|Oricorio, L84, M|100/100\n|move|p2a: Solgaleo|Sunsteel Strike|p1a: Oricorio\n|-resisted|p1a: Oricorio\n|-damage|p1a: Oricorio|75/100\n|\n|upkeep\n|turn|3\n|inactive|Time left: 300 sec this turn | 300 sec total\n|\n|t:|1783541672\n|move|p1a: Oricorio|Quiver Dance|p1a: Oricorio\n|-boost|p1a: Oricorio|spa|1\n|-boost|p1a: Oricorio|spd|1\n|-boost|p1a: Oricorio|spe|1\n|move|p2a: Solgaleo|Sunsteel Strike|p1a: Oricorio\n|-resisted|p1a: Oricorio\n|-damage|p1a: Oricorio|49/100\n|\n|upkeep\n|turn|4\n|inactive|Time left: 300 sec this turn | 300 sec total\n|\n|t:|1783541673\n|switch|p2a: Mamoswine|Mamoswine, L81, F|311/311\n|move|p1a: Oricorio|Revelation Dance|p2a: Mamoswine\n|-supereffective|p2a: Mamoswine\n|-damage|p2a: Mamoswine|119/311\n|\n|upkeep\n|turn|5\n|inactive|Time left: 300 sec this turn | 300 sec total\n|\n|t:|1783541675\n|move|p2a: Mamoswine|Ice Shard|p1a: Oricorio\n|-damage|p1a: Oricorio|12/100\n|move|p1a: Oricorio|Revelation Dance|p2a: Mamoswine\n|-supereffective|p2a: Mamoswine\n|-damage|p2a: Mamoswine|0 fnt\n|faint|p2a: Mamoswine\n|\n|upkeep\n|inactive|Time left: 300 sec this turn | 300 sec total | 5 sec grace\n|\n|t:|1783541676\n|switch|p2a: Mimikyu|Mimikyu, L79, M|216/216\n|turn|6\n|inactive|Time left: 300 sec this turn | 300 sec total\n|\n|t:|1783541677\n|move|p2a: Mimikyu|Shadow Sneak|p1a: Oricorio\n|-damage|p1a: Oricorio|0 fnt\n|faint|p1a: Oricorio\n|-damage|p2a: Mimikyu|195/216|[from] item: Life Orb\n|\n|upkeep\n|\n|t:|1783541678\n|switch|p1a: Overqwil|Overqwil, L82, F|100/100\n|-ability|p1a: Overqwil|Intimidate|boost\n|-unboost|p2a: Mimikyu|atk|1\n|turn|7\n|inactive|Time left: 300 sec this turn | 300 sec total\n|\n|t:|1783541679\n|move|p2a: Mimikyu|Swords Dance|p2a: Mimikyu\n|-boost|p2a: Mimikyu|atk|2\n|move|p1a: Overqwil|Gunk Shot|p2a: Mimikyu\n|-activate|p2a: Mimikyu|ability: Disguise\n|-damage|p2a: Mimikyu|195/216\n|detailschange|p2a: Mimikyu|Mimikyu-Busted, L79, M\n|-damage|p2a: Mimikyu|168/216|[from] pokemon: Mimikyu-Busted\n|\n|upkeep\n|turn|8\n|inactive|Time left: 300 sec this turn | 300 sec total\n|\n|t:|1783541680\n|move|p2a: Mimikyu|Play Rough|p1a: Overqwil\n|-damage|p1a: Overqwil|43/100\n|-unboost|p1a: Overqwil|atk|1\n|-damage|p2a: Mimikyu|147/216|[from] item: Life Orb\n|move|p1a: Overqwil|Gunk Shot|p2a: Mimikyu\n|-damage|p2a: Mimikyu|0 fnt\n|faint|p2a: Mimikyu\n|\n|upkeep\n|inactive|Time left: 300 sec this turn | 300 sec total | 5 sec grace\n|\n|t:|1783541680\n|switch|p2a: Beartic|Beartic, L91, M|321/321\n|turn|9\n|inactive|Time left: 300 sec this turn | 300 sec total\n|\n|t:|1783541681\n|move|p1a: Overqwil|Gunk Shot|p2a: Beartic\n|-damage|p2a: Beartic|195/321\n|move|p2a: Beartic|Icicle Crash|p1a: Overqwil\n|-damage|p1a: Overqwil|0 fnt\n|faint|p1a: Overqwil\n|\n|upkeep\n|\n|t:|1783541682\n|switch|p1a: Terrakion|Terrakion, L79|100/100\n|turn|10\n|inactive|Time left: 300 sec this turn | 300 sec total\n|\n|t:|1783541683\n|-terastallize|p2a: Beartic|Ground\n|move|p1a: Terrakion|Close Combat|p2a: Beartic\n|-damage|p2a: Beartic|18/321\n|-unboost|p1a: Terrakion|def|1\n|-unboost|p1a: Terrakion|spd|1\n|-damage|p1a: Terrakion|91/100|[from] item: Life Orb\n|move|p2a: Beartic|Earthquake|p1a: Terrakion\n|-supereffective|p1a: Terrakion\n|-damage|p1a: Terrakion|0 fnt\n|faint|p1a: Terrakion\n|\n|upkeep\n|\n|t:|1783541685\n|switch|p1a: Florges|Florges-Orange, L85, F|100/100\n|turn|11\n|inactive|Time left: 300 sec this turn | 300 sec total\n|\n|t:|1783541686\n|move|p1a: Florges|Moonblast|p2a: Beartic\n|-damage|p2a: Beartic|0 fnt\n|faint|p2a: Beartic\n|\n|upkeep\n|inactive|Time left: 300 sec this turn | 300 sec total | 5 sec grace\n|\n|t:|1783541687\n|switch|p2a: Solgaleo|Solgaleo, L74|325/325\n|turn|12\n|inactive|Time left: 300 sec this turn | 300 sec total\n|\n|t:|1783541688\n|switch|p1a: Alomomola|Alomomola, L87, M|100/100\n|move|p2a: Solgaleo|Sunsteel Strike|p1a: Alomomola\n|-resisted|p1a: Alomomola\n|-damage|p1a: Alomomola|88/100\n|\n|-heal|p1a: Alomomola|94/100|[from] item: Leftovers\n|upkeep\n|turn|13\n|inactive|Time left: 300 sec this turn | 300 sec total\n|\n|t:|1783541689\n|move|p2a: Solgaleo|Sunsteel Strike|p1a: Alomomola\n|-resisted|p1a: Alomomola\n|-damage|p1a: Alomomola|82/100\n|move|p1a: Alomomola|Scald|p2a: Solgaleo\n|-damage|p2a: Solgaleo|265/325\n|\n|-heal|p2a: Solgaleo|285/325|[from] item: Leftovers\n|-heal|p1a: Alomomola|88/100|[from] item: Leftovers\n|upkeep\n|turn|14\n|inactive|Time left: 300 sec this turn | 300 sec total\n|\n|t:|1783541690\n|move|p2a: Solgaleo|Sunsteel Strike|p1a: Alomomola\n|-resisted|p1a: Alomomola\n|-damage|p1a: Alomomola|74/100\n|move|p1a: Alomomola|Scald|p2a: Solgaleo\n|-damage|p2a: Solgaleo|234/325\n|-status|p2a: Solgaleo|brn\n|\n|-heal|p2a: Solgaleo|254/325 brn|[from] item: Leftovers\n|-heal|p1a: Alomomola|80/100|[from] item: Leftovers\n|-damage|p2a: Solgaleo|234/325 brn|[from] brn\n|upkeep\n|turn|15\n|inactive|Time left: 300 sec this turn | 300 sec total\n|\n|t:|1783541691\n|move|p2a: Solgaleo|Morning Sun|p2a: Solgaleo\n|-heal|p2a: Solgaleo|325/325 brn\n|move|p1a: Alomomola|Flip Turn|p2a: Solgaleo\n|-damage|p2a: Solgaleo|274/325 brn\n|\n|t:|1783541692\n|switch|p1a: Florges|Florges-Orange, L85, F|100/100|[from] Flip Turn\n|\n|-heal|p2a: Solgaleo|294/325 brn|[from] item: Leftovers\n|-damage|p2a: Solgaleo|274/325 brn|[from] brn\n|upkeep\n|turn|16\n|inactive|Time left: 300 sec this turn | 300 sec total\n|\n|t:|1783541693\n|move|p2a: Solgaleo|Sunsteel Strike|p1a: Florges\n|-supereffective|p1a: Florges\n|-damage|p1a: Florges|50/100\n|move|p1a: Florges|Calm Mind|p1a: Florges\n|-boost|p1a: Florges|spa|1\n|-boost|p1a: Florges|spd|1\n|\n|-heal|p2a: Solgaleo|294/325 brn|[from] item: Leftovers\n|-heal|p1a: Florges|55/100|[from] item: Leftovers\n|-damage|p2a: Solgaleo|274/325 brn|[from] brn\n|upkeep\n|turn|17\n|inactive|Time left: 300 sec this turn | 300 sec total\n|\n|t:|1783541694\n|move|p2a: Solgaleo|Sunsteel Strike|p1a: Florges\n|-supereffective|p1a: Florges\n|-damage|p1a: Florges|7/100\n|move|p1a: Florges|Wish|p1a: Florges\n|\n|-heal|p2a: Solgaleo|294/325 brn|[from] item: Leftovers\n|-heal|p1a: Florges|13/100|[from] item: Leftovers\n|-damage|p2a: Solgaleo|274/325 brn|[from] brn\n|upkeep\n|turn|18\n|inactive|Time left: 300 sec this turn | 300 sec total\n|\n|t:|1783541695\n|move|p1a: Florges|Protect|p1a: Florges\n|-singleturn|p1a: Florges|Protect\n|move|p2a: Solgaleo|Earthquake|p1a: Florges\n|-activate|p1a: Florges|move: Protect\n|\n|-heal|p1a: Florges|62/100|[from] move: Wish|[wisher] Florges\n|-heal|p2a: Solgaleo|294/325 brn|[from] item: Leftovers\n|-heal|p1a: Florges|68/100|[from] item: Leftovers\n|-damage|p2a: Solgaleo|274/325 brn|[from] brn\n|upkeep\n|turn|19\n|inactive|Time left: 300 sec this turn | 300 sec total\n|\n|t:|1783541696\n|move|p1a: Florges|Calm Mind|p1a: Florges\n|-boost|p1a: Florges|spa|1\n|-boost|p1a: Florges|spd|1\n|move|p2a: Solgaleo|Teleport|p2a: Solgaleo\n|inactive|Time left: 300 sec this turn | 300 sec total | 5 sec grace\n|\n|t:|1783541697\n|switch|p2a: Sneasler|Sneasler, L74, F|240/240|[from] Teleport\n|\n|-heal|p1a: Florges|74/100|[from] item: Leftovers\n|upkeep\n|turn|20\n|inactive|Time left: 300 sec this turn | 300 sec total\n|\n|t:|1783541698\n|move|p1a: Florges|Protect|p1a: Florges\n|-singleturn|p1a: Florges|Protect\n|move|p2a: Sneasler|Dire Claw|p1a: Florges\n|-activate|p1a: Florges|move: Protect\n|\n|-heal|p1a: Florges|80/100|[from] item: Leftovers\n|upkeep\n|turn|21\n|inactive|Time left: 300 sec this turn | 300 sec total\n|\n|t:|1783541699\n|move|p2a: Sneasler|Dire Claw|p1a: Florges\n|-supereffective|p1a: Florges\n|-damage|p1a: Florges|4/100\n|move|p1a: Florges|Moonblast|p2a: Sneasler\n|-damage|p2a: Sneasler|0 fnt\n|faint|p2a: Sneasler\n|\n|-heal|p1a: Florges|10/100|[from] item: Leftovers\n|upkeep\n|inactive|Time left: 300 sec this turn | 300 sec total | 5 sec grace\n|\n|t:|1783541700\n|switch|p2a: Solgaleo|Solgaleo, L74|274/325 brn\n|turn|22\n|inactive|Time left: 300 sec this turn | 300 sec total\n|\n|t:|1783541701\n|move|p1a: Florges|Protect|p1a: Florges\n|-singleturn|p1a: Florges|Protect\n|move|p2a: Solgaleo|Earthquake|p1a: Florges\n|-activate|p1a: Florges|move: Protect\n|\n|-heal|p2a: Solgaleo|294/325 brn|[from] item: Leftovers\n|-heal|p1a: Florges|16/100|[from] item: Leftovers\n|-damage|p2a: Solgaleo|274/325 brn|[from] brn\n|upkeep\n|turn|23\n|inactive|Time left: 300 sec this turn | 300 sec total\n|\n|t:|1783541702\n|move|p1a: Florges|Protect||[still]\n|-fail|p1a: Florges\n|move|p2a: Solgaleo|Earthquake|p1a: Florges\n|-damage|p1a: Florges|0 fnt\n|faint|p1a: Florges\n|\n|-heal|p2a: Solgaleo|294/325 brn|[from] item: Leftovers\n|-damage|p2a: Solgaleo|274/325 brn|[from] brn\n|upkeep\n|\n|t:|1783541703\n|switch|p1a: Swanna|Swanna, L89, F|100/100\n|turn|24\n|inactive|Time left: 300 sec this turn | 300 sec total\n|\n|t:|1783541704\n|move|p1a: Swanna|Hydro Pump|p2a: Solgaleo\n|-damage|p2a: Solgaleo|148/325 brn\n|move|p2a: Solgaleo|Morning Sun|p2a: Solgaleo\n|-heal|p2a: Solgaleo|310/325 brn\n|\n|-heal|p2a: Solgaleo|325/325 brn|[from] item: Leftovers\n|-damage|p2a: Solgaleo|305/325 brn|[from] brn\n|upkeep\n|turn|25\n|inactive|Time left: 300 sec this turn | 300 sec total\n|\n|t:|1783541705\n|move|p1a: Swanna|Hydro Pump|p2a: Solgaleo\n|-damage|p2a: Solgaleo|178/325 brn\n|move|p2a: Solgaleo|Morning Sun|p2a: Solgaleo\n|-heal|p2a: Solgaleo|325/325 brn\n|\n|-damage|p2a: Solgaleo|305/325 brn|[from] brn\n|upkeep\n|turn|26\n|inactive|Time left: 300 sec this turn | 300 sec total\n|\n|t:|1783541706\n|move|p1a: Swanna|Hydro Pump|p2a: Solgaleo\n|-damage|p2a: Solgaleo|169/325 brn\n|move|p2a: Solgaleo|Morning Sun|p2a: Solgaleo\n|-heal|p2a: Solgaleo|325/325 brn\n|\n|-damage|p2a: Solgaleo|305/325 brn|[from] brn\n|upkeep\n|turn|27\n|inactive|Time left: 300 sec this turn | 300 sec total\n|\n|t:|1783541707\n|move|p1a: Swanna|Hydro Pump|p2a: Solgaleo\n|-damage|p2a: Solgaleo|173/325 brn\n|move|p2a: Solgaleo|Morning Sun|p2a: Solgaleo\n|-heal|p2a: Solgaleo|325/325 brn\n|\n|-damage|p2a: Solgaleo|305/325 brn|[from] brn\n|upkeep\n|turn|28\n|inactive|Time left: 300 sec this turn | 300 sec total\n|\n|t:|1783541708\n|move|p1a: Swanna|Hydro Pump|p2a: Solgaleo\n|-damage|p2a: Solgaleo|173/325 brn\n|move|p2a: Solgaleo|Morning Sun|p2a: Solgaleo\n|-heal|p2a: Solgaleo|325/325 brn\n|\n|-damage|p2a: Solgaleo|305/325 brn|[from] brn\n|upkeep\n|turn|29\n|inactive|Time left: 300 sec this turn | 300 sec total\n|\n|t:|1783541709\n|move|p1a: Swanna|Hydro Pump|p2a: Solgaleo\n|-damage|p2a: Solgaleo|169/325 brn\n|move|p2a: Solgaleo|Morning Sun|p2a: Solgaleo\n|-heal|p2a: Solgaleo|325/325 brn\n|\n|-damage|p2a: Solgaleo|305/325 brn|[from] brn\n|upkeep\n|turn|30\n|inactive|Time left: 300 sec this turn | 300 sec total\n|\n|t:|1783541710\n|move|p1a: Swanna|Hydro Pump|p2a: Solgaleo|[miss]\n|-miss|p1a: Swanna|p2a: Solgaleo\n|move|p2a: Solgaleo|Morning Sun|p2a: Solgaleo\n|-heal|p2a: Solgaleo|325/325 brn\n|\n|-damage|p2a: Solgaleo|305/325 brn|[from] brn\n|upkeep\n|turn|31\n|inactive|Time left: 300 sec this turn | 300 sec total\n|\n|t:|1783541711\n|move|p1a: Swanna|Hydro Pump|p2a: Solgaleo\n|-damage|p2a: Solgaleo|160/325 brn\n|move|p2a: Solgaleo|Earthquake|p1a: Swanna\n|-immune|p1a: Swanna\n|\n|-heal|p2a: Solgaleo|180/325 brn|[from] item: Leftovers\n|-damage|p2a: Solgaleo|160/325 brn|[from] brn\n|upkeep\n|turn|32\n|inactive|Time left: 300 sec this turn | 300 sec total\n|\n|t:|1783541712\n|move|p1a: Swanna|Brave Bird|p2a: Solgaleo\n|-resisted|p2a: Solgaleo\n|-damage|p2a: Solgaleo|94/325 brn\n|-damage|p1a: Swanna|93/100|[from] Recoil\n|move|p2a: Solgaleo|Earthquake|p1a: Swanna\n|-immune|p1a: Swanna\n|\n|-heal|p2a: Solgaleo|114/325 brn|[from] item: Leftovers\n|-damage|p2a: Solgaleo|94/325 brn|[from] brn\n|upkeep\n|turn|33\n|inactive|Time left: 300 sec this turn | 300 sec total\n|\n|t:|1783541713\n|switch|p1a: Alomomola|Alomomola, L87, M|100/100\n|move|p2a: Solgaleo|Earthquake|p1a: Alomomola\n|-damage|p1a: Alomomola|91/100\n|\n|-heal|p2a: Solgaleo|114/325 brn|[from] item: Leftovers\n|-heal|p1a: Alomomola|97/100|[from] item: Leftovers\n|-damage|p2a: Solgaleo|94/325 brn|[from] brn\n|upkeep\n|turn|34\n|inactive|Time left: 300 sec this turn | 300 sec total\n|\n|t:|1783541714\n|move|p1a: Alomomola|Scald|p2a: Solgaleo\n|-damage|p2a: Solgaleo|36/325 brn\n|move|p2a: Solgaleo|Teleport|p2a: Solgaleo\n|inactive|Time left: 300 sec this turn | 300 sec total | 5 sec grace\n|\n|t:|1783541715\n|switch|p2a: Landorus|Landorus, L75, M|257/257|[from] Teleport\n|\n|-heal|p1a: Alomomola|100/100|[from] item: Leftovers\n|upkeep\n|turn|35\n|inactive|Time left: 300 sec this turn | 300 sec total\n|\n|t:|1783541716\n|move|p2a: Landorus|Earth Power|p1a: Alomomola\n|-damage|p1a: Alomomola|44/100\n|move|p1a: Alomomola|Flip Turn|p2a: Landorus\n|-supereffective|p2a: Landorus\n|-damage|p2a: Landorus|131/257\n|\n|t:|1783541717\n|switch|p1a: Swanna|Swanna, L89, F|93/100|[from] Flip Turn\n|\n|upkeep\n|turn|36\n|inactive|Time left: 300 sec this turn | 300 sec total\n|\n|t:|1783541718\n|-terastallize|p1a: Swanna|Ground\n|move|p1a: Swanna|Brave Bird|p2a: Landorus\n|-damage|p2a: Landorus|0 fnt\n|faint|p2a: Landorus\n|-damage|p1a: Swanna|77/100|[from] Recoil\n|\n|upkeep\n|inactive|Time left: 300 sec this turn | 300 sec total | 5 sec grace\n|\n|t:|1783541719\n|switch|p2a: Solgaleo|Solgaleo, L74|36/325 brn\n|turn|37\n|inactive|Time left: 300 sec this turn | 300 sec total\n|\n|t:|1783541720\n|move|p1a: Swanna|Brave Bird|p2a: Solgaleo\n|-resisted|p2a: Solgaleo\n|-damage|p2a: Solgaleo|0 fnt\n|faint|p2a: Solgaleo\n|-damage|p1a: Swanna|73/100|[from] Recoil\n|\n|win|p0x1815438", "uploadtime": 1783541720, "views": 0, "rating": 0, "private": 0, "password": null, "_winner": "p0x1815438", "_our_name": "p0y1814d5e"}