{"id": "battle-gen9randombattle-2357", "formatid": "gen9randombattle", "format": "[Gen 9] Random Battle", "players": ["p0x235721dc", "p0y2357db0f"], "log": "|init|battle\n|title|p0x235721dc vs. p0y2357db0f\n|j|\u2606p0x235721dc\n|j|\u2606p0y2357db0f\n|t:|1783566342\n|gametype|singles\n|player|p1|p0x235721dc|265|\n|player|p2|p0y2357db0f|170|\n|gen|9\n|tier|[Gen 9] Random Battle\n|rule|Species Clause: Limit one of each Pok\u00e9mon\n|rule|HP Percentage Mod: HP is shown in percentages\n|rule|Sleep Clause Mod: Limit one foe put to sleep\n|rule|Illusion Level Mod: Illusion disguises the Pok\u00e9mon's true level\n|\n|t:|1783566342\n|teamsize|p1|6\n|teamsize|p2|6\n|start\n|switch|p1a: Volbeat|Volbeat, L90, M|100/100\n|switch|p2a: Darkrai|Darkrai, L77|234/234\n|turn|1\n|inactive|Battle timer is ON: inactive players will automatically lose when time's up. (requested by p0x235721dc)\n|inactive|Time left: 300 sec this turn | 300 sec total | 60 sec grace\n|inactive|p0y2357db0f also wants the timer to be on.\n|\n|t:|1783566344\n|move|p2a: Darkrai|Dark Pulse|p1a: Volbeat\n|-damage|p1a: Volbeat|57/100\n|-damage|p2a: Darkrai|211/234|[from] item: Life Orb\n|move|p1a: Volbeat|Lunge|p2a: Darkrai\n|-supereffective|p2a: Darkrai\n|-damage|p2a: Darkrai|35/234\n|-unboost|p2a: Darkrai|atk|1\n|\n|upkeep\n|turn|2\n|inactive|Time left: 300 sec this turn | 300 sec total\n|\n|t:|1783566345\n|move|p2a: Darkrai|Sludge Bomb|p1a: Volbeat\n|-crit|p1a: Volbeat\n|-damage|p1a: Volbeat|11/100\n|-damage|p2a: Darkrai|12/234|[from] item: Life Orb\n|move|p1a: Volbeat|Lunge|p2a: Darkrai\n|-supereffective|p2a: Darkrai\n|-damage|p2a: Darkrai|0 fnt\n|faint|p2a: Darkrai\n|\n|upkeep\n|inactive|Time left: 300 sec this turn | 300 sec total | 5 sec grace\n|\n|t:|1783566346\n|switch|p2a: Dragalge|Dragalge, L88, F|258/258\n|turn|3\n|inactive|Time left: 300 sec this turn | 300 sec total\n|\n|t:|1783566347\n|move|p1a: Volbeat|Lunge|p2a: Dragalge\n|-resisted|p2a: Dragalge\n|-damage|p2a: Dragalge|222/258\n|-unboost|p2a: Dragalge|atk|1\n|move|p2a: Dragalge|Sludge Wave|p1a: Volbeat\n|-damage|p1a: Volbeat|0 fnt\n|faint|p1a: Volbeat\n|\n|upkeep\n|\n|t:|1783566348\n|switch|p1a: Palossand|Palossand, L89, M|100/100\n|turn|4\n|inactive|Time left: 300 sec this turn | 300 sec total\n|\n|t:|1783566349\n|switch|p2a: Frosmoth|Frosmoth, L82, F|249/249\n|move|p1a: Palossand|Earth Power|p2a: Frosmoth\n|-resisted|p2a: Frosmoth\n|-damage|p2a: Frosmoth|223/249\n|\n|upkeep\n|turn|5\n|inactive|Time left: 300 sec this turn | 300 sec total\n|\n|t:|1783566350\n|switch|p1a: Bastiodon|Bastiodon, L89, F|100/100\n|move|p2a: Frosmoth|Quiver Dance|p2a: Frosmoth\n|-boost|p2a: Frosmoth|spa|1\n|-boost|p2a: Frosmoth|spd|1\n|-boost|p2a: Frosmoth|spe|1\n|\n|upkeep\n|turn|6\n|inactive|Time left: 300 sec this turn | 300 sec total\n|\n|t:|1783566351\n|-terastallize|p1a: Bastiodon|Fighting\n|move|p2a: Frosmoth|Ice Beam|p1a: Bastiodon\n|-damage|p1a: Bastiodon|56/100\n|move|p1a: Bastiodon|Body Press|p2a: Frosmoth\n|-damage|p2a: Frosmoth|21/249\n|\n|upkeep\n|turn|7\n|inactive|Time left: 300 sec this turn | 300 sec total\n|\n|t:|1783566352\n|move|p2a: Frosmoth|Ice Beam|p1a: Bastiodon\n|-damage|p1a: Bastiodon|11/100\n|move|p1a: Bastiodon|Foul Play|p2a: Frosmoth\n|-damage|p2a: Frosmoth|0 fnt\n|faint|p2a: Frosmoth\n|\n|upkeep\n|inactive|Time left: 300 sec this turn | 300 sec total | 5 sec grace\n|\n|t:|1783566353\n|switch|p2a: Reuniclus|Reuniclus, L88, M|337/337\n|turn|8\n|inactive|Time left: 300 sec this turn | 300 sec total\n|\n|t:|1783566353\n|move|p1a: Bastiodon|Rest|p1a: Bastiodon\n|-status|p1a: Bastiodon|slp|[from] move: Rest\n|-heal|p1a: Bastiodon|100/100 slp|[silent]\n|-enditem|p1a: Bastiodon|Chesto Berry|[eat]\n|-curestatus|p1a: Bastiodon|slp|[msg]\n|move|p2a: Reuniclus|Calm Mind|p2a: Reuniclus\n|-boost|p2a: Reuniclus|spa|1\n|-boost|p2a: Reuniclus|spd|1\n|\n|upkeep\n|turn|9\n|inactive|Time left: 300 sec this turn | 300 sec total\n|\n|t:|1783566354\n|switch|p1a: Leavanny|Leavanny, L86, M|100/100\n|move|p2a: Reuniclus|Psychic|p1a: Leavanny\n|-damage|p1a: Leavanny|9/100\n|\n|upkeep\n|turn|10\n|inactive|Time left: 300 sec this turn | 300 sec total\n|\n|t:|1783566355\n|move|p1a: Leavanny|Lunge|p2a: Reuniclus\n|-supereffective|p2a: Reuniclus\n|-damage|p2a: Reuniclus|53/337\n|-unboost|p2a: Reuniclus|atk|1\n|move|p2a: Reuniclus|Psychic|p1a: Leavanny\n|-damage|p1a: Leavanny|0 fnt\n|faint|p1a: Leavanny\n|\n|upkeep\n|\n|t:|1783566356\n|switch|p1a: Palossand|Palossand, L89, M|100/100\n|turn|11\n|inactive|Time left: 300 sec this turn | 300 sec total\n|\n|t:|1783566357\n|switch|p2a: Dragalge|Dragalge, L88, F|222/258\n|move|p1a: Palossand|Earth Power|p2a: Dragalge\n|-supereffective|p2a: Dragalge\n|-damage|p2a: Dragalge|52/258\n|\n|upkeep\n|turn|12\n|inactive|Time left: 300 sec this turn | 300 sec total\n|\n|t:|1783566358\n|switch|p1a: Swalot|Swalot, L90, F|100/100\n|move|p2a: Dragalge|Draco Meteor|p1a: Swalot\n|-damage|p1a: Swalot|5/100\n|-unboost|p2a: Dragalge|spa|2\n|\n|-heal|p1a: Swalot|12/100|[from] item: Leftovers\n|upkeep\n|turn|13\n|inactive|Time left: 300 sec this turn | 300 sec total\n|\n|t:|1783566359\n|switch|p2a: Arceus|Arceus-Ghost, L69|280/280\n|move|p1a: Swalot|Earthquake|p2a: Arceus\n|-damage|p2a: Arceus|220/280\n|\n|-heal|p1a: Swalot|18/100|[from] item: Leftovers\n|upkeep\n|turn|14\n|inactive|Time left: 300 sec this turn | 300 sec total\n|\n|t:|1783566360\n|move|p1a: Swalot|Protect|p1a: Swalot\n|-singleturn|p1a: Swalot|Protect\n|move|p2a: Arceus|Judgment|p1a: Swalot\n|-activate|p1a: Swalot|move: Protect\n|\n|-heal|p1a: Swalot|24/100|[from] item: Leftovers\n|upkeep\n|turn|15\n|inactive|Time left: 300 sec this turn | 300 sec total\n|\n|t:|1783566361\n|move|p2a: Arceus|Judgment|p1a: Swalot\n|-damage|p1a: Swalot|0 fnt\n|faint|p1a: Swalot\n|\n|upkeep\n|\n|t:|1783566362\n|switch|p1a: Koraidon|Koraidon, L64|100/100\n|-weather|SunnyDay|[from] ability: Orichalcum Pulse|[of] p1a: Koraidon\n|-activate|p1a: Koraidon|Orichalcum Pulse|[source]\n|turn|16\n|inactive|Time left: 300 sec this turn | 300 sec total\n|\n|t:|1783566363\n|move|p1a: Koraidon|Swords Dance|p1a: Koraidon\n|-boost|p1a: Koraidon|atk|2\n|move|p2a: Arceus|Will-O-Wisp|p1a: Koraidon\n|-status|p1a: Koraidon|brn\n|\n|-weather|SunnyDay|[upkeep]\n|-damage|p1a: Koraidon|95/100 brn|[from] brn\n|upkeep\n|turn|17\n|inactive|Time left: 300 sec this turn | 300 sec total\n|\n|t:|1783566364\n|move|p1a: Koraidon|Flare Blitz|p2a: Arceus\n|-crit|p2a: Arceus\n|-damage|p2a: Arceus|22/280\n|-damage|p1a: Koraidon|67/100 brn|[from] Recoil\n|move|p2a: Arceus|Recover|p2a: Arceus\n|-heal|p2a: Arceus|162/280\n|\n|-weather|SunnyDay|[upkeep]\n|-damage|p1a: Koraidon|61/100 brn|[from] brn\n|upkeep\n|turn|18\n|inactive|Time left: 300 sec this turn | 300 sec total\n|\n|t:|1783566365\n|move|p1a: Koraidon|Flare Blitz|p2a: Arceus\n|-damage|p2a: Arceus|43/280\n|-damage|p1a: Koraidon|44/100 brn|[from] Recoil\n|move|p2a: Arceus|Recover|p2a: Arceus\n|-heal|p2a: Arceus|183/280\n|\n|-weather|SunnyDay|[upkeep]\n|-damage|p1a: Koraidon|38/100 brn|[from] brn\n|upkeep\n|turn|19\n|inactive|Time left: 300 sec this turn | 300 sec total\n|\n|t:|1783566366\n|move|p1a: Koraidon|Flare Blitz|p2a: Arceus\n|-damage|p2a: Arceus|59/280\n|-status|p2a: Arceus|brn\n|-damage|p1a: Koraidon|21/100 brn|[from] Recoil\n|move|p2a: Arceus|Recover|p2a: Arceus\n|-heal|p2a: Arceus|199/280 brn\n|\n|-weather|SunnyDay|[upkeep]\n|-damage|p1a: Koraidon|15/100 brn|[from] brn\n|-damage|p2a: Arceus|182/280 brn|[from] brn\n|upkeep\n|turn|20\n|inactive|Time left: 300 sec this turn | 300 sec total\n|\n|t:|1783566367\n|move|p1a: Koraidon|Scale Shot|p2a: Arceus\n|-damage|p2a: Arceus|155/280 brn\n|-damage|p2a: Arceus|128/280 brn\n|-damage|p2a: Arceus|104/280 brn\n|-damage|p2a: Arceus|80/280 brn\n|-damage|p2a: Arceus|56/280 brn\n|-hitcount|p2a: Arceus|5\n|-unboost|p1a: Koraidon|def|1\n|-boost|p1a: Koraidon|spe|1\n|move|p2a: Arceus|Recover|p2a: Arceus\n|-heal|p2a: Arceus|196/280 brn\n|\n|-weather|none\n|-damage|p1a: Koraidon|9/100 brn|[from] brn\n|-damage|p2a: Arceus|179/280 brn|[from] brn\n|upkeep\n|turn|21\n|inactive|Time left: 300 sec this turn | 300 sec total\n|\n|t:|1783566368\n|move|p1a: Koraidon|Scale Shot|p2a: Arceus\n|-damage|p2a: Arceus|160/280 brn\n|-damage|p2a: Arceus|140/280 brn\n|-damage|p2a: Arceus|119/280 brn\n|-damage|p2a: Arceus|101/280 brn\n|-hitcount|p2a: Arceus|4\n|-unboost|p1a: Koraidon|def|1\n|-boost|p1a: Koraidon|spe|1\n|move|p2a: Arceus|Recover|p2a: Arceus\n|-heal|p2a: Arceus|241/280 brn\n|\n|-damage|p1a: Koraidon|3/100 brn|[from] brn\n|-damage|p2a: Arceus|224/280 brn|[from] brn\n|upkeep\n|turn|22\n|inactive|Time left: 300 sec this turn | 300 sec total\n|\n|t:|1783566369\n|move|p1a: Koraidon|Scale Shot|p2a: Arceus\n|-damage|p2a: Arceus|205/280 brn\n|-crit|p2a: Arceus\n|-damage|p2a: Arceus|178/280 brn\n|-damage|p2a: Arceus|159/280 brn\n|-damage|p2a: Arceus|138/280 brn\n|-damage|p2a: Arceus|117/280 brn\n|-hitcount|p2a: Arceus|5\n|-unboost|p1a: Koraidon|def|1\n|-boost|p1a: Koraidon|spe|1\n|move|p2a: Arceus|Judgment|p1a: Koraidon\n|-damage|p1a: Koraidon|0 fnt\n|faint|p1a: Koraidon\n|\n|-damage|p2a: Arceus|100/280 brn|[from] brn\n|upkeep\n|\n|t:|1783566370\n|switch|p1a: Palossand|Palossand, L89, M|100/100\n|turn|23\n|inactive|Time left: 300 sec this turn | 300 sec total\n|\n|t:|1783566371\n|move|p2a: Arceus|Judgment|p1a: Palossand\n|-supereffective|p1a: Palossand\n|-damage|p1a: Palossand|32/100\n|move|p1a: Palossand|Shadow Ball|p2a: Arceus\n|-supereffective|p2a: Arceus\n|-damage|p2a: Arceus|0 fnt\n|faint|p2a: Arceus\n|\n|-heal|p1a: Palossand|38/100|[from] item: Leftovers\n|upkeep\n|inactive|Time left: 300 sec this turn | 300 sec total | 5 sec grace\n|\n|t:|1783566371\n|switch|p2a: Deoxys|Deoxys, L74|196/196\n|-ability|p2a: Deoxys|Pressure\n|turn|24\n|inactive|Time left: 300 sec this turn | 300 sec total\n|\n|t:|1783566372\n|switch|p1a: Bastiodon|Bastiodon, L89, F, tera:Fighting|100/100\n|move|p2a: Deoxys|Ice Beam|p1a: Bastiodon\n|-damage|p1a: Bastiodon|76/100\n|-damage|p2a: Deoxys|177/196|[from] item: Life Orb\n|\n|upkeep\n|turn|25\n|inactive|Time left: 300 sec this turn | 300 sec total\n|\n|t:|1783566373\n|switch|p1a: Palossand|Palossand, L89, M|38/100\n|-terastallize|p2a: Deoxys|Psychic\n|move|p2a: Deoxys|Psycho Boost|p1a: Palossand\n|-damage|p1a: Palossand|0 fnt\n|-unboost|p2a: Deoxys|spa|2\n|faint|p1a: Palossand\n|-damage|p2a: Deoxys|158/196|[from] item: Life Orb\n|\n|upkeep\n|\n|t:|1783566374\n|switch|p1a: Bastiodon|Bastiodon, L89, F, tera:Fighting|76/100\n|turn|26\n|inactive|Time left: 300 sec this turn | 300 sec total\n|\n|t:|1783566375\n|move|p2a: Deoxys|Psycho Boost|p1a: Bastiodon\n|-supereffective|p1a: Bastiodon\n|-damage|p1a: Bastiodon|0 fnt\n|-unboost|p2a: Deoxys|spa|2\n|faint|p1a: Bastiodon\n|-damage|p2a: Deoxys|139/196|[from] item: Life Orb\n|\n|win|p0y2357db0f", "uploadtime": 1783566375, "views": 0, "rating": 0, "private": 0, "password": null, "_winner": "p0y2357db0f", "_our_name": "p0y2357db0f"}