{"id": "battle-gen9randombattle-292", "formatid": "gen9randombattle", "format": "[Gen 9] Random Battle", "players": ["p0x292b73d", "p0y292c8bb"], "log": "|init|battle\n|title|p0x292b73d vs. p0y292c8bb\n|j|\u2606p0x292b73d\n|j|\u2606p0y292c8bb\n|t:|1783542446\n|gametype|singles\n|player|p1|p0x292b73d|102|\n|player|p2|p0y292c8bb|102|\n|gen|9\n|tier|[Gen 9] Random Battle\n|rule|Species Clause: Limit one of each Pok\u00e9mon\n|rule|HP Percentage Mod: HP is shown in percentages\n|rule|Sleep Clause Mod: Limit one foe put to sleep\n|rule|Illusion Level Mod: Illusion disguises the Pok\u00e9mon's true level\n|\n|t:|1783542446\n|teamsize|p1|6\n|teamsize|p2|6\n|start\n|switch|p1a: Kilowattrel|Kilowattrel, L83, M|100/100\n|switch|p2a: Dunsparce|Dunsparce, L86, F|312/312\n|turn|1\n|inactive|Battle timer is ON: inactive players will automatically lose when time's up. (requested by p0y292c8bb)\n|inactive|p0x292b73d also wants the timer to be on.\n|\n|t:|1783542448\n|switch|p1a: Blastoise|Blastoise, L80, M|100/100\n|move|p2a: Dunsparce|Coil|p2a: Dunsparce\n|-boost|p2a: Dunsparce|atk|1\n|-boost|p2a: Dunsparce|def|1\n|-boost|p2a: Dunsparce|accuracy|1\n|\n|upkeep\n|turn|2\n|inactive|Time left: 300 sec this turn | 300 sec total\n|\n|t:|1783542448\n|move|p1a: Blastoise|Shell Smash|p1a: Blastoise\n|-unboost|p1a: Blastoise|def|1\n|-unboost|p1a: Blastoise|spd|1\n|-boost|p1a: Blastoise|atk|2\n|-boost|p1a: Blastoise|spa|2\n|-boost|p1a: Blastoise|spe|2\n|-enditem|p1a: Blastoise|White Herb\n|-clearnegativeboost|p1a: Blastoise|[silent]\n|move|p2a: Dunsparce|Body Slam|p1a: Blastoise\n|-damage|p1a: Blastoise|58/100\n|\n|upkeep\n|turn|3\n|inactive|Time left: 300 sec this turn | 300 sec total\n|\n|t:|1783542449\n|move|p1a: Blastoise|Hydro Pump|p2a: Dunsparce\n|-damage|p2a: Dunsparce|146/312\n|move|p2a: Dunsparce|Body Slam|p1a: Blastoise\n|-damage|p1a: Blastoise|19/100\n|-status|p1a: Blastoise|par\n|\n|upkeep\n|turn|4\n|inactive|Time left: 300 sec this turn | 300 sec total\n|\n|t:|1783542450\n|move|p1a: Blastoise|Hydro Pump|p2a: Dunsparce\n|-damage|p2a: Dunsparce|0 fnt\n|faint|p2a: Dunsparce\n|\n|upkeep\n|inactive|Time left: 300 sec this turn | 300 sec total | 5 sec grace\n|\n|t:|1783542451\n|switch|p2a: Chandelure|Chandelure, L83, F|235/235\n|turn|5\n|inactive|Time left: 300 sec this turn | 300 sec total\n|\n|t:|1783542452\n|move|p2a: Chandelure|Shadow Ball|p1a: Blastoise\n|-damage|p1a: Blastoise|0 fnt\n|faint|p1a: Blastoise\n|\n|upkeep\n|\n|t:|1783542453\n|switch|p1a: Landorus|Landorus-Therian, L76, M|100/100\n|-ability|p1a: Landorus|Intimidate|boost\n|-unboost|p2a: Chandelure|atk|1\n|turn|6\n|inactive|Time left: 300 sec this turn | 300 sec total\n|\n|t:|1783542454\n|switch|p2a: Dusknoir|Dusknoir, L89, M|225/225\n|-item|p1a: Landorus|Leftovers|[from] ability: Frisk|[of] p2a: Dusknoir\n|move|p1a: Landorus|Earthquake|p2a: Dusknoir\n|-damage|p2a: Dusknoir|144/225\n|\n|-heal|p2a: Dusknoir|158/225|[from] item: Leftovers\n|upkeep\n|turn|7\n|inactive|Time left: 300 sec this turn | 300 sec total\n|\n|t:|1783542455\n|move|p1a: Landorus|Earthquake|p2a: Dusknoir\n|-damage|p2a: Dusknoir|73/225\n|move|p2a: Dusknoir|Pain Split|p1a: Landorus\n|-sethp|p1a: Landorus|64/100|[from] move: Pain Split|[silent]\n|-sethp|p2a: Dusknoir|166/225|[from] move: Pain Split\n|\n|-heal|p1a: Landorus|70/100|[from] item: Leftovers\n|-heal|p2a: Dusknoir|180/225|[from] item: Leftovers\n|upkeep\n|turn|8\n|inactive|Time left: 300 sec this turn | 300 sec total\n|\n|t:|1783542456\n|move|p1a: Landorus|Earthquake|p2a: Dusknoir\n|-damage|p2a: Dusknoir|102/225\n|move|p2a: Dusknoir|Will-O-Wisp|p1a: Landorus\n|-status|p1a: Landorus|brn\n|\n|-heal|p1a: Landorus|77/100 brn|[from] item: Leftovers\n|-heal|p2a: Dusknoir|116/225|[from] item: Leftovers\n|-damage|p1a: Landorus|70/100 brn|[from] brn\n|upkeep\n|turn|9\n|inactive|Time left: 300 sec this turn | 300 sec total\n|\n|t:|1783542457\n|move|p1a: Landorus|Stone Edge|p2a: Dusknoir|[miss]\n|-miss|p1a: Landorus|p2a: Dusknoir\n|move|p2a: Dusknoir|Pain Split|p1a: Landorus\n|-sethp|p1a: Landorus|58/100 brn|[from] move: Pain Split|[silent]\n|-sethp|p2a: Dusknoir|149/225|[from] move: Pain Split\n|\n|-heal|p1a: Landorus|64/100 brn|[from] item: Leftovers\n|-heal|p2a: Dusknoir|163/225|[from] item: Leftovers\n|-damage|p1a: Landorus|58/100 brn|[from] brn\n|upkeep\n|turn|10\n|inactive|Time left: 300 sec this turn | 300 sec total\n|\n|t:|1783542458\n|move|p1a: Landorus|Earthquake|p2a: Dusknoir\n|-damage|p2a: Dusknoir|119/225\n|move|p2a: Dusknoir|Poltergeist|p1a: Landorus\n|-activate|p1a: Landorus|move: Poltergeist|Leftovers\n|-damage|p1a: Landorus|1/100 brn\n|\n|-heal|p1a: Landorus|7/100 brn|[from] item: Leftovers\n|-heal|p2a: Dusknoir|133/225|[from] item: Leftovers\n|-damage|p1a: Landorus|1/100 brn|[from] brn\n|upkeep\n|turn|11\n|inactive|Time left: 300 sec this turn | 300 sec total\n|\n|t:|1783542460\n|move|p1a: Landorus|Earthquake|p2a: Dusknoir\n|-damage|p2a: Dusknoir|94/225\n|move|p2a: Dusknoir|Earthquake|p1a: Landorus\n|-immune|p1a: Landorus\n|\n|-heal|p1a: Landorus|7/100 brn|[from] item: Leftovers\n|-heal|p2a: Dusknoir|108/225|[from] item: Leftovers\n|-damage|p1a: Landorus|1/100 brn|[from] brn\n|upkeep\n|turn|12\n|inactive|Time left: 300 sec this turn | 300 sec total\n|\n|t:|1783542461\n|move|p1a: Landorus|Earthquake|p2a: Dusknoir\n|-damage|p2a: Dusknoir|66/225\n|move|p2a: Dusknoir|Poltergeist|p1a: Landorus\n|-activate|p1a: Landorus|move: Poltergeist|Leftovers\n|-damage|p1a: Landorus|0 fnt\n|faint|p1a: Landorus\n|\n|-heal|p2a: Dusknoir|80/225|[from] item: Leftovers\n|upkeep\n|\n|t:|1783542462\n|switch|p1a: Tinkaton|Tinkaton, L82, F|100/100\n|-ability|p1a: Tinkaton|Mold Breaker\n|turn|13\n|inactive|Time left: 300 sec this turn | 300 sec total\n|\n|t:|1783542463\n|switch|p2a: Chandelure|Chandelure, L83, F|235/235\n|move|p1a: Tinkaton|Gigaton Hammer|p2a: Chandelure\n|-resisted|p2a: Chandelure\n|-damage|p2a: Chandelure|172/235\n|\n|upkeep\n|turn|14\n|inactive|Time left: 300 sec this turn | 300 sec total\n|\n|t:|1783542464\n|move|p1a: Tinkaton|Protect|p1a: Tinkaton\n|-singleturn|p1a: Tinkaton|Protect\n|move|p2a: Chandelure|Fire Blast|p1a: Tinkaton\n|-activate|p1a: Tinkaton|move: Protect\n|\n|upkeep\n|turn|15\n|inactive|Time left: 300 sec this turn | 300 sec total\n|\n|t:|1783542465\n|switch|p1a: Uxie|Uxie, L83|100/100\n|move|p2a: Chandelure|Fire Blast|p1a: Uxie\n|-damage|p1a: Uxie|56/100\n|\n|-heal|p1a: Uxie|62/100|[from] item: Leftovers\n|upkeep\n|turn|16\n|inactive|Time left: 300 sec this turn | 300 sec total\n|\n|t:|1783542467\n|move|p2a: Chandelure|Fire Blast|p1a: Uxie\n|-damage|p1a: Uxie|16/100\n|move|p1a: Uxie|Stealth Rock|p2a: Chandelure\n|-sidestart|p2: p0y292c8bb|move: Stealth Rock\n|\n|-heal|p1a: Uxie|22/100|[from] item: Leftovers\n|upkeep\n|turn|17\n|inactive|Time left: 300 sec this turn | 300 sec total\n|\n|t:|1783542468\n|move|p2a: Chandelure|Fire Blast|p1a: Uxie\n|-damage|p1a: Uxie|0 fnt\n|faint|p1a: Uxie\n|\n|upkeep\n|\n|t:|1783542469\n|switch|p1a: Kilowattrel|Kilowattrel, L83, M|100/100\n|turn|18\n|inactive|Time left: 300 sec this turn | 300 sec total\n|\n|t:|1783542471\n|move|p2a: Chandelure|Fire Blast|p1a: Kilowattrel\n|-damage|p1a: Kilowattrel|20/100\n|move|p1a: Kilowattrel|Hurricane|p2a: Chandelure|[miss]\n|-miss|p1a: Kilowattrel|p2a: Chandelure\n|\n|upkeep\n|turn|19\n|inactive|Time left: 300 sec this turn | 300 sec total\n|\n|t:|1783542472\n|move|p2a: Chandelure|Fire Blast|p1a: Kilowattrel|[miss]\n|-miss|p2a: Chandelure|p1a: Kilowattrel\n|move|p1a: Kilowattrel|Thunderbolt|p2a: Chandelure\n|-damage|p2a: Chandelure|73/235\n|-status|p2a: Chandelure|par\n|\n|upkeep\n|turn|20\n|inactive|Time left: 300 sec this turn | 300 sec total\n|\n|t:|1783542473\n|move|p1a: Kilowattrel|Thunderbolt|p2a: Chandelure\n|-damage|p2a: Chandelure|0 fnt\n|faint|p2a: Chandelure\n|\n|upkeep\n|inactive|Time left: 300 sec this turn | 300 sec total | 5 sec grace\n|\n|t:|1783542474\n|switch|p2a: Noivern|Noivern, L82, F|274/274\n|turn|21\n|inactive|Time left: 300 sec this turn | 300 sec total\n|\n|t:|1783542475\n|move|p1a: Kilowattrel|Roost|p1a: Kilowattrel\n|-heal|p1a: Kilowattrel|70/100\n|-singleturn|p1a: Kilowattrel|move: Roost\n|move|p2a: Noivern|Flamethrower|p1a: Kilowattrel\n|-damage|p1a: Kilowattrel|39/100\n|\n|upkeep\n|turn|22\n|inactive|Time left: 300 sec this turn | 300 sec total\n|\n|t:|1783542476\n|move|p1a: Kilowattrel|Roost|p1a: Kilowattrel\n|-heal|p1a: Kilowattrel|89/100\n|-singleturn|p1a: Kilowattrel|move: Roost\n|move|p2a: Noivern|Flamethrower|p1a: Kilowattrel\n|-damage|p1a: Kilowattrel|59/100\n|\n|upkeep\n|turn|23\n|inactive|Time left: 300 sec this turn | 300 sec total\n|\n|t:|1783542477\n|move|p1a: Kilowattrel|Roost|p1a: Kilowattrel\n|-heal|p1a: Kilowattrel|100/100\n|-singleturn|p1a: Kilowattrel|move: Roost\n|move|p2a: Noivern|Hurricane|p1a: Kilowattrel\n|-resisted|p1a: Kilowattrel\n|-damage|p1a: Kilowattrel|70/100\n|\n|upkeep\n|turn|24\n|inactive|Time left: 300 sec this turn | 300 sec total\n|\n|t:|1783542478\n|move|p1a: Kilowattrel|Thunderbolt|p2a: Noivern\n|-damage|p2a: Noivern|162/274\n|move|p2a: Noivern|Flamethrower|p1a: Kilowattrel\n|-damage|p1a: Kilowattrel|39/100\n|-status|p1a: Kilowattrel|brn\n|\n|-damage|p1a: Kilowattrel|33/100 brn|[from] brn\n|upkeep\n|turn|25\n|inactive|Time left: 300 sec this turn | 300 sec total\n|\n|t:|1783542480\n|move|p1a: Kilowattrel|Roost|p1a: Kilowattrel\n|-heal|p1a: Kilowattrel|83/100 brn\n|-singleturn|p1a: Kilowattrel|move: Roost\n|move|p2a: Noivern|Roost|p2a: Noivern\n|-heal|p2a: Noivern|274/274\n|-singleturn|p2a: Noivern|move: Roost\n|\n|-damage|p1a: Kilowattrel|77/100 brn|[from] brn\n|upkeep\n|turn|26\n|inactive|Time left: 300 sec this turn | 300 sec total\n|\n|t:|1783542480\n|move|p1a: Kilowattrel|Hurricane|p2a: Noivern\n|-damage|p2a: Noivern|148/274\n|-start|p2a: Noivern|confusion\n|-activate|p2a: Noivern|confusion\n|move|p2a: Noivern|Hurricane|p1a: Kilowattrel\n|-resisted|p1a: Kilowattrel\n|-damage|p1a: Kilowattrel|48/100 brn\n|\n|-damage|p1a: Kilowattrel|42/100 brn|[from] brn\n|upkeep\n|turn|27\n|inactive|Time left: 300 sec this turn | 300 sec total\n|\n|t:|1783542482\n|move|p1a: Kilowattrel|Roost|p1a: Kilowattrel\n|-heal|p1a: Kilowattrel|92/100 brn\n|-singleturn|p1a: Kilowattrel|move: Roost\n|-activate|p2a: Noivern|confusion\n|move|p2a: Noivern|Roost|p2a: Noivern\n|-heal|p2a: Noivern|274/274\n|-singleturn|p2a: Noivern|move: Roost\n|\n|-damage|p1a: Kilowattrel|86/100 brn|[from] brn\n|upkeep\n|turn|28\n|inactive|Time left: 300 sec this turn | 300 sec total\n|\n|t:|1783542483\n|move|p1a: Kilowattrel|Hurricane|p2a: Noivern\n|-damage|p2a: Noivern|145/274\n|-activate|p2a: Noivern|confusion\n|-damage|p2a: Noivern|127/274|[from] confusion\n|\n|-damage|p1a: Kilowattrel|80/100 brn|[from] brn\n|upkeep\n|turn|29\n|inactive|Time left: 300 sec this turn | 300 sec total\n|\n|t:|1783542484\n|move|p1a: Kilowattrel|Hurricane|p2a: Noivern\n|-damage|p2a: Noivern|0 fnt\n|faint|p2a: Noivern\n|\n|-damage|p1a: Kilowattrel|74/100 brn|[from] brn\n|upkeep\n|inactive|Time left: 300 sec this turn | 300 sec total | 5 sec grace\n|\n|t:|1783542485\n|switch|p2a: Regieleki|Regieleki, L79|256/256\n|-damage|p2a: Regieleki|224/256|[from] Stealth Rock\n|turn|30\n|inactive|Time left: 300 sec this turn | 300 sec total\n|\n|t:|1783542486\n|move|p2a: Regieleki|Rapid Spin|p1a: Kilowattrel\n|-damage|p1a: Kilowattrel|56/100 brn\n|-boost|p2a: Regieleki|spe|1\n|-sideend|p2: p0y292c8bb|Stealth Rock|[from] move: Rapid Spin|[of] p2a: Regieleki\n|move|p1a: Kilowattrel|Thunderbolt|p2a: Regieleki\n|-resisted|p2a: Regieleki\n|-damage|p2a: Regieleki|142/256\n|\n|-damage|p1a: Kilowattrel|50/100 brn|[from] brn\n|upkeep\n|turn|31\n|inactive|Time left: 300 sec this turn | 300 sec total\n|\n|t:|1783542487\n|move|p2a: Regieleki|Rapid Spin|p1a: Kilowattrel\n|-damage|p1a: Kilowattrel|34/100 brn\n|-boost|p2a: Regieleki|spe|1\n|move|p1a: Kilowattrel|Thunderbolt|p2a: Regieleki\n|-resisted|p2a: Regieleki\n|-damage|p2a: Regieleki|58/256\n|\n|-damage|p1a: Kilowattrel|28/100 brn|[from] brn\n|upkeep\n|turn|32\n|inactive|Time left: 300 sec this turn | 300 sec total\n|\n|t:|1783542488\n|move|p2a: Regieleki|Explosion|p1a: Kilowattrel\n|-damage|p1a: Kilowattrel|0 fnt\n|faint|p2a: Regieleki\n|faint|p1a: Kilowattrel\n|\n|upkeep\n|inactive|Time left: 300 sec this turn | 300 sec total | 5 sec grace\n|\n|t:|1783542489\n|switch|p2a: Infernape|Infernape, L82, F|259/259\n|switch|p1a: Tinkaton|Tinkaton, L82, F|100/100\n|-ability|p1a: Tinkaton|Mold Breaker\n|turn|33\n|inactive|Time left: 300 sec this turn | 300 sec total\n|\n|t:|1783542490\n|move|p1a: Tinkaton|Protect|p1a: Tinkaton\n|-singleturn|p1a: Tinkaton|Protect\n|move|p2a: Infernape|Overheat|p1a: Tinkaton\n|-activate|p1a: Tinkaton|move: Protect\n|\n|upkeep\n|turn|34\n|inactive|Time left: 300 sec this turn | 300 sec total\n|\n|t:|1783542491\n|move|p2a: Infernape|Overheat|p1a: Tinkaton\n|-supereffective|p1a: Tinkaton\n|-damage|p1a: Tinkaton|0 fnt\n|-unboost|p2a: Infernape|spa|2\n|faint|p1a: Tinkaton\n|-damage|p2a: Infernape|234/259|[from] item: Life Orb\n|\n|upkeep\n|\n|t:|1783542492\n|switch|p1a: Sneasler|Sneasler, L74, F|100/100\n|turn|35\n|inactive|Time left: 300 sec this turn | 300 sec total\n|\n|t:|1783542493\n|-terastallize|p2a: Infernape|Fire\n|move|p2a: Infernape|Overheat|p1a: Sneasler\n|-damage|p1a: Sneasler|45/100\n|-unboost|p2a: Infernape|spa|2\n|-damage|p2a: Infernape|209/259|[from] item: Life Orb\n|move|p1a: Sneasler|Dire Claw|p2a: Infernape\n|-damage|p2a: Infernape|115/259\n|\n|upkeep\n|turn|36\n|inactive|Time left: 300 sec this turn | 300 sec total\n|\n|t:|1783542495\n|-terastallize|p1a: Sneasler|Flying\n|move|p2a: Infernape|Close Combat|p1a: Sneasler\n|-resisted|p1a: Sneasler\n|-damage|p1a: Sneasler|0 fnt\n|-unboost|p2a: Infernape|def|1\n|-unboost|p2a: Infernape|spd|1\n|faint|p1a: Sneasler\n|-damage|p2a: Infernape|90/259|[from] item: Life Orb\n|\n|win|p0y292c8bb", "uploadtime": 1783542495, "views": 0, "rating": 0, "private": 0, "password": null, "_winner": "p0y292c8bb", "_our_name": "p0y292c8bb"}