{"id": "battle-gen9randombattle-2491", "formatid": "gen9randombattle", "format": "[Gen 9] Random Battle", "players": ["p0x24913370", "p0y24919473"], "log": "|init|battle\n|title|p0x24913370 vs. p0y24919473\n|j|\u2606p0x24913370\n|j|\u2606p0y24919473\n|t:|1783567908\n|gametype|singles\n|player|p1|p0x24913370|169|\n|player|p2|p0y24919473|265|\n|gen|9\n|tier|[Gen 9] Random Battle\n|rule|Species Clause: Limit one of each Pok\u00e9mon\n|rule|HP Percentage Mod: HP is shown in percentages\n|rule|Sleep Clause Mod: Limit one foe put to sleep\n|rule|Illusion Level Mod: Illusion disguises the Pok\u00e9mon's true level\n|\n|t:|1783567908\n|teamsize|p1|6\n|teamsize|p2|6\n|start\n|switch|p1a: Florges|Florges-Orange, L85, F|271/271\n|switch|p2a: Tornadus|Tornadus-Therian, L79, M|100/100\n|turn|1\n|inactive|Battle timer is ON: inactive players will automatically lose when time's up. (requested by p0x24913370)\n|inactive|p0y24919473 also wants the timer to be on.\n|\n|t:|1783567909\n|switch|p2a: Copperajah|Copperajah, L86, F|100/100\n|move|p1a: Florges|Moonblast|p2a: Copperajah\n|-resisted|p2a: Copperajah\n|-damage|p2a: Copperajah|82/100\n|\n|upkeep\n|turn|2\n|inactive|Time left: 300 sec this turn | 300 sec total\n|\n|t:|1783567911\n|move|p1a: Florges|Protect|p1a: Florges\n|-singleturn|p1a: Florges|Protect\n|move|p2a: Copperajah|Heavy Slam|p1a: Florges\n|-activate|p1a: Florges|move: Protect\n|\n|upkeep\n|turn|3\n|inactive|Time left: 300 sec this turn | 300 sec total\n|\n|t:|1783567912\n|switch|p1a: Keldeo|Keldeo-Resolute, L79|273/273\n|move|p2a: Copperajah|Heavy Slam|p1a: Keldeo\n|-resisted|p1a: Keldeo\n|-damage|p1a: Keldeo|142/273\n|\n|upkeep\n|turn|4\n|inactive|Time left: 300 sec this turn | 300 sec total\n|\n|t:|1783567913\n|move|p1a: Keldeo|Secret Sword|p2a: Copperajah\n|-supereffective|p2a: Copperajah\n|-damage|p2a: Copperajah|0 fnt\n|faint|p2a: Copperajah\n|-damage|p1a: Keldeo|115/273|[from] item: Life Orb\n|\n|upkeep\n|\n|t:|1783567914\n|switch|p2a: Glastrier|Glastrier, L86|100/100\n|turn|5\n|inactive|Time left: 300 sec this turn | 300 sec total\n|\n|t:|1783567915\n|move|p1a: Keldeo|Secret Sword|p2a: Glastrier\n|-supereffective|p2a: Glastrier\n|-damage|p2a: Glastrier|42/100\n|-damage|p1a: Keldeo|88/273|[from] item: Life Orb\n|move|p2a: Glastrier|Icicle Crash|p1a: Keldeo\n|-resisted|p1a: Keldeo\n|-damage|p1a: Keldeo|0 fnt\n|faint|p1a: Keldeo\n|-ability|p2a: Glastrier|Chilling Neigh|boost\n|-boost|p2a: Glastrier|atk|1\n|\n|upkeep\n|inactive|Time left: 300 sec this turn | 300 sec total | 5 sec grace\n|\n|t:|1783567916\n|switch|p1a: Beartic|Beartic, L91, F|321/321\n|turn|6\n|inactive|Time left: 300 sec this turn | 300 sec total\n|\n|t:|1783567917\n|move|p1a: Beartic|Close Combat|p2a: Glastrier\n|-supereffective|p2a: Glastrier\n|-damage|p2a: Glastrier|0 fnt\n|-unboost|p1a: Beartic|def|1\n|-unboost|p1a: Beartic|spd|1\n|faint|p2a: Glastrier\n|\n|upkeep\n|\n|t:|1783567918\n|switch|p2a: Spiritomb|Spiritomb, L89, M|100/100\n|turn|7\n|inactive|Time left: 300 sec this turn | 300 sec total\n|\n|t:|1783567919\n|switch|p1a: Florges|Florges-Orange, L85, F|271/271\n|move|p2a: Spiritomb|Poltergeist|p1a: Florges\n|-activate|p1a: Florges|move: Poltergeist|Leftovers\n|-damage|p1a: Florges|135/271\n|\n|-heal|p1a: Florges|151/271|[from] item: Leftovers\n|upkeep\n|turn|8\n|inactive|Time left: 300 sec this turn | 300 sec total\n|\n|t:|1783567920\n|move|p1a: Florges|Moonblast|p2a: Spiritomb\n|-supereffective|p2a: Spiritomb\n|-damage|p2a: Spiritomb|24/100\n|move|p2a: Spiritomb|Poltergeist|p1a: Florges\n|-activate|p1a: Florges|move: Poltergeist|Leftovers\n|-damage|p1a: Florges|0 fnt\n|faint|p1a: Florges\n|\n|-heal|p2a: Spiritomb|30/100|[from] item: Leftovers\n|upkeep\n|inactive|Time left: 300 sec this turn | 300 sec total | 5 sec grace\n|\n|t:|1783567920\n|switch|p1a: Beartic|Beartic, L91, F|321/321\n|turn|9\n|inactive|Time left: 300 sec this turn | 300 sec total\n|\n|t:|1783567921\n|move|p1a: Beartic|Icicle Crash|p2a: Spiritomb\n|-damage|p2a: Spiritomb|0 fnt\n|faint|p2a: Spiritomb\n|\n|upkeep\n|\n|t:|1783567922\n|switch|p2a: Exeggutor|Exeggutor-Alola, L89, F|100/100\n|turn|10\n|inactive|Time left: 300 sec this turn | 300 sec total\n|\n|t:|1783567923\n|-terastallize|p2a: Exeggutor|Fire\n|move|p1a: Beartic|Icicle Crash|p2a: Exeggutor\n|-resisted|p2a: Exeggutor\n|-damage|p2a: Exeggutor|80/100\n|move|p2a: Exeggutor|Flamethrower|p1a: Beartic\n|-supereffective|p1a: Beartic\n|-damage|p1a: Beartic|51/321\n|\n|upkeep\n|turn|11\n|inactive|Time left: 300 sec this turn | 300 sec total\n|\n|t:|1783567924\n|move|p1a: Beartic|Close Combat|p2a: Exeggutor\n|-damage|p2a: Exeggutor|45/100\n|-unboost|p1a: Beartic|def|1\n|-unboost|p1a: Beartic|spd|1\n|-enditem|p2a: Exeggutor|Sitrus Berry|[eat]\n|-heal|p2a: Exeggutor|70/100|[from] item: Sitrus Berry\n|move|p2a: Exeggutor|Calm Mind|p2a: Exeggutor\n|-boost|p2a: Exeggutor|spa|1\n|-boost|p2a: Exeggutor|spd|1\n|\n|-item|p2a: Exeggutor|Sitrus Berry|[from] ability: Harvest\n|upkeep\n|turn|12\n|inactive|Time left: 300 sec this turn | 300 sec total\n|\n|t:|1783567925\n|-terastallize|p1a: Beartic|Fighting\n|move|p1a: Beartic|Close Combat|p2a: Exeggutor\n|-damage|p2a: Exeggutor|10/100\n|-unboost|p1a: Beartic|def|1\n|-unboost|p1a: Beartic|spd|1\n|-enditem|p2a: Exeggutor|Sitrus Berry|[eat]\n|-heal|p2a: Exeggutor|35/100|[from] item: Sitrus Berry\n|move|p2a: Exeggutor|Giga Drain|p1a: Beartic\n|-damage|p1a: Beartic|0 fnt\n|-heal|p2a: Exeggutor|43/100|[from] drain|[of] p1a: Beartic\n|faint|p1a: Beartic\n|\n|upkeep\n|inactive|Time left: 300 sec this turn | 300 sec total | 5 sec grace\n|\n|t:|1783567926\n|switch|p1a: Smeargle|Smeargle, L95, F|258/258\n|turn|13\n|inactive|Time left: 300 sec this turn | 300 sec total\n|\n|t:|1783567927\n|move|p1a: Smeargle|Population Bomb|p2a: Exeggutor\n|-damage|p2a: Exeggutor|38/100\n|-damage|p2a: Exeggutor|33/100\n|-damage|p2a: Exeggutor|28/100\n|-damage|p2a: Exeggutor|23/100\n|-damage|p2a: Exeggutor|18/100\n|-damage|p2a: Exeggutor|13/100\n|-damage|p2a: Exeggutor|8/100\n|-damage|p2a: Exeggutor|3/100\n|-damage|p2a: Exeggutor|0 fnt\n|faint|p2a: Exeggutor\n|-hitcount|p2: Exeggutor|9\n|\n|upkeep\n|\n|t:|1783567928\n|switch|p2a: Scyther|Scyther, L82, M|100/100\n|turn|14\n|inactive|Time left: 300 sec this turn | 300 sec total\n|\n|t:|1783567928\n|move|p2a: Scyther|Close Combat|p1a: Smeargle\n|-supereffective|p1a: Smeargle\n|-damage|p1a: Smeargle|0 fnt\n|-unboost|p2a: Scyther|def|1\n|-unboost|p2a: Scyther|spd|1\n|faint|p1a: Smeargle\n|\n|upkeep\n|inactive|Time left: 300 sec this turn | 300 sec total | 5 sec grace\n|\n|t:|1783567929\n|switch|p1a: Arceus|Arceus-Ice, L72|291/291\n|turn|15\n|inactive|Time left: 300 sec this turn | 300 sec total\n|\n|t:|1783567930\n|move|p2a: Scyther|U-turn|p1a: Arceus\n|-damage|p1a: Arceus|216/291\n|\n|t:|1783567931\n|switch|p2a: Tornadus|Tornadus-Therian, L79, M|100/100|[from] U-turn\n|move|p1a: Arceus|Judgment|p2a: Tornadus\n|-supereffective|p2a: Tornadus\n|-damage|p2a: Tornadus|44/100\n|\n|upkeep\n|turn|16\n|inactive|Time left: 300 sec this turn | 300 sec total\n|\n|t:|1783567932\n|move|p2a: Tornadus|Heat Wave|p1a: Arceus\n|-supereffective|p1a: Arceus\n|-damage|p1a: Arceus|104/291\n|move|p1a: Arceus|Judgment|p2a: Tornadus\n|-supereffective|p2a: Tornadus\n|-damage|p2a: Tornadus|0 fnt\n|faint|p2a: Tornadus\n|\n|upkeep\n|\n|t:|1783567933\n|switch|p2a: Scyther|Scyther, L82, M|100/100\n|turn|17\n|inactive|Time left: 300 sec this turn | 300 sec total\n|\n|t:|1783567934\n|switch|p1a: Gothitelle|Gothitelle, L90, M|272/272\n|move|p2a: Scyther|Dual Wingbeat|p1a: Gothitelle\n|-damage|p1a: Gothitelle|214/272\n|-damage|p1a: Gothitelle|150/272\n|-hitcount|p1a: Gothitelle|2\n|\n|upkeep\n|turn|18\n|inactive|Time left: 300 sec this turn | 300 sec total\n|\n|t:|1783567935\n|move|p1a: Gothitelle|Psychic|p2a: Scyther\n|-damage|p2a: Scyther|55/100\n|move|p2a: Scyther|Dual Wingbeat|p1a: Gothitelle\n|-damage|p1a: Gothitelle|89/272\n|-damage|p1a: Gothitelle|31/272\n|-hitcount|p1a: Gothitelle|2\n|\n|upkeep\n|turn|19\n|inactive|Time left: 300 sec this turn | 300 sec total\n|\n|t:|1783567936\n|switch|p1a: Arceus|Arceus-Ice, L72|104/291\n|move|p2a: Scyther|U-turn|p1a: Arceus\n|-damage|p1a: Arceus|34/291\n|\n|upkeep\n|turn|20\n|inactive|Time left: 300 sec this turn | 300 sec total\n|\n|t:|1783567937\n|move|p2a: Scyther|U-turn|p1a: Arceus\n|-damage|p1a: Arceus|0 fnt\n|faint|p1a: Arceus\n|\n|upkeep\n|inactive|Time left: 300 sec this turn | 300 sec total | 5 sec grace\n|\n|t:|1783567938\n|switch|p1a: Gothitelle|Gothitelle, L90, M|31/272\n|turn|21\n|inactive|Time left: 300 sec this turn | 300 sec total\n|\n|t:|1783567939\n|move|p1a: Gothitelle|Dark Pulse|p2a: Scyther\n|-damage|p2a: Scyther|26/100\n|move|p2a: Scyther|Close Combat|p1a: Gothitelle\n|-resisted|p1a: Gothitelle\n|-damage|p1a: Gothitelle|0 fnt\n|-unboost|p2a: Scyther|def|1\n|-unboost|p2a: Scyther|spd|1\n|faint|p1a: Gothitelle\n|\n|win|p0y24919473", "uploadtime": 1783567939, "views": 0, "rating": 0, "private": 0, "password": null, "_winner": "p0y24919473", "_our_name": "p0x24913370"}