{"id": "battle-gen9randombattle-1117", "formatid": "gen9randombattle", "format": "[Gen 9] Random Battle", "players": ["p0x1117e9f2", "p0y1117a9dc"], "log": "|init|battle\n|title|p0x1117e9f2 vs. p0y1117a9dc\n|j|\u2606p0x1117e9f2\n|j|\u2606p0y1117a9dc\n|t:|1783552118\n|gametype|singles\n|player|p1|p0x1117e9f2|265|\n|player|p2|p0y1117a9dc|266|\n|gen|9\n|tier|[Gen 9] Random Battle\n|rule|Species Clause: Limit one of each Pok\u00e9mon\n|rule|HP Percentage Mod: HP is shown in percentages\n|rule|Sleep Clause Mod: Limit one foe put to sleep\n|rule|Illusion Level Mod: Illusion disguises the Pok\u00e9mon's true level\n|\n|t:|1783552118\n|teamsize|p1|6\n|teamsize|p2|6\n|start\n|switch|p1a: Mew|Mew, L82|298/298\n|switch|p2a: Wugtrio|Wugtrio, L91, M|100/100\n|turn|1\n|inactive|Battle timer is ON: inactive players will automatically lose when time's up. (requested by p0y1117a9dc)\n|inactive|Time left: 300 sec this turn | 300 sec total | 60 sec grace\n|inactive|p0x1117e9f2 also wants the timer to be on.\n|\n|t:|1783552120\n|move|p2a: Wugtrio|Liquidation|p1a: Mew\n|-damage|p1a: Mew|141/298\n|move|p1a: Mew|Psychic Fangs|p2a: Wugtrio\n|-damage|p2a: Wugtrio|23/100\n|-ability|p2a: Wugtrio|Gooey\n|-unboost|p1a: Mew|spe|1\n|-damage|p1a: Mew|112/298|[from] item: Life Orb\n|\n|upkeep\n|turn|2\n|inactive|Time left: 300 sec this turn | 300 sec total\n|\n|t:|1783552122\n|switch|p1a: Registeel|Registeel, L81|262/262\n|move|p2a: Wugtrio|Liquidation|p1a: Registeel\n|-damage|p1a: Registeel|148/262\n|\n|-heal|p1a: Registeel|164/262|[from] item: Leftovers\n|upkeep\n|turn|3\n|inactive|Time left: 300 sec this turn | 300 sec total\n|\n|t:|1783552123\n|move|p2a: Wugtrio|Liquidation|p1a: Registeel\n|-damage|p1a: Registeel|56/262\n|move|p1a: Registeel|Body Press|p2a: Wugtrio\n|-damage|p2a: Wugtrio|0 fnt\n|-ability|p2a: Wugtrio|Gooey\n|-fail|p1a: Registeel|unboost|[from] ability: Clear Body|[of] p1a: Registeel\n|faint|p2a: Wugtrio\n|\n|-heal|p1a: Registeel|72/262|[from] item: Leftovers\n|upkeep\n|\n|t:|1783552124\n|switch|p2a: Gouging Fire|Gouging Fire, L74|100/100\n|turn|4\n|inactive|Time left: 300 sec this turn | 300 sec total\n|\n|t:|1783552125\n|move|p2a: Gouging Fire|Dragon Dance|p2a: Gouging Fire\n|-boost|p2a: Gouging Fire|atk|1\n|-boost|p2a: Gouging Fire|spe|1\n|move|p1a: Registeel|Thunder Wave|p2a: Gouging Fire|[miss]\n|-miss|p1a: Registeel|p2a: Gouging Fire\n|\n|-heal|p1a: Registeel|88/262|[from] item: Leftovers\n|upkeep\n|turn|5\n|inactive|Time left: 300 sec this turn | 300 sec total\n|\n|t:|1783552126\n|move|p2a: Gouging Fire|Heat Crash|p1a: Registeel\n|-supereffective|p1a: Registeel\n|-damage|p1a: Registeel|0 fnt\n|faint|p1a: Registeel\n|\n|upkeep\n|inactive|Time left: 300 sec this turn | 300 sec total | 5 sec grace\n|\n|t:|1783552127\n|switch|p1a: Spectrier|Spectrier, L75|274/274\n|turn|6\n|inactive|Time left: 300 sec this turn | 300 sec total\n|\n|t:|1783552128\n|move|p2a: Gouging Fire|Outrage|p1a: Spectrier\n|-damage|p1a: Spectrier|36/274\n|move|p1a: Spectrier|Shadow Ball|p2a: Gouging Fire\n|-damage|p2a: Gouging Fire|63/100\n|\n|-heal|p1a: Spectrier|53/274|[from] item: Leftovers\n|upkeep\n|turn|7\n|inactive|Time left: 300 sec this turn | 300 sec total\n|\n|t:|1783552128\n|-terastallize|p1a: Spectrier|Fairy\n|move|p2a: Gouging Fire|Outrage|p1a: Spectrier|[from] lockedmove\n|-immune|p1a: Spectrier\n|-start|p2a: Gouging Fire|confusion|[fatigue]\n|move|p1a: Spectrier|Nasty Plot|p1a: Spectrier\n|-boost|p1a: Spectrier|spa|2\n|\n|-heal|p1a: Spectrier|70/274|[from] item: Leftovers\n|upkeep\n|turn|8\n|inactive|Time left: 300 sec this turn | 300 sec total\n|\n|t:|1783552129\n|-activate|p2a: Gouging Fire|confusion\n|-damage|p2a: Gouging Fire|50/100|[from] confusion\n|move|p1a: Spectrier|Draining Kiss|p2a: Gouging Fire\n|-damage|p2a: Gouging Fire|0 fnt\n|-heal|p1a: Spectrier|173/274|[from] drain|[of] p2a: Gouging Fire\n|faint|p2a: Gouging Fire\n|-end|p2a: Gouging Fire|Protosynthesis|[silent]\n|-ability|p1a: Spectrier|Grim Neigh|boost\n|-boost|p1a: Spectrier|spa|1\n|\n|-heal|p1a: Spectrier|190/274|[from] item: Leftovers\n|upkeep\n|\n|t:|1783552130\n|switch|p2a: Jirachi|Jirachi, L80|100/100\n|turn|9\n|inactive|Time left: 300 sec this turn | 300 sec total\n|\n|t:|1783552130\n|move|p2a: Jirachi|Iron Head|p1a: Spectrier\n|-supereffective|p1a: Spectrier\n|-damage|p1a: Spectrier|0 fnt\n|faint|p1a: Spectrier\n|\n|upkeep\n|inactive|Time left: 300 sec this turn | 300 sec total | 5 sec grace\n|\n|t:|1783552131\n|switch|p1a: Emboar|Emboar, L84, F|322/322\n|turn|10\n|inactive|Time left: 300 sec this turn | 300 sec total\n|\n|t:|1783552132\n|move|p2a: Jirachi|Iron Head|p1a: Emboar\n|-resisted|p1a: Emboar\n|-damage|p1a: Emboar|276/322\n|move|p1a: Emboar|Flare Blitz|p2a: Jirachi\n|-supereffective|p2a: Jirachi\n|-damage|p2a: Jirachi|0 fnt\n|faint|p2a: Jirachi\n|-damage|p1a: Emboar|180/322|[from] Recoil\n|\n|upkeep\n|\n|t:|1783552132\n|switch|p2a: Diancie|Diancie, L82|100/100\n|turn|11\n|inactive|Time left: 300 sec this turn | 300 sec total\n|\n|t:|1783552133\n|move|p1a: Emboar|Flare Blitz|p2a: Diancie\n|-resisted|p2a: Diancie\n|-damage|p2a: Diancie|74/100\n|-damage|p1a: Emboar|161/322|[from] Recoil\n|move|p2a: Diancie|Earth Power|p1a: Emboar\n|-supereffective|p1a: Emboar\n|-damage|p1a: Emboar|67/322\n|-unboost|p1a: Emboar|spd|1\n|\n|upkeep\n|turn|12\n|inactive|Time left: 300 sec this turn | 300 sec total\n|\n|t:|1783552135\n|move|p1a: Emboar|Close Combat|p2a: Diancie\n|-damage|p2a: Diancie|24/100\n|-unboost|p1a: Emboar|def|1\n|-unboost|p1a: Emboar|spd|1\n|move|p2a: Diancie|Diamond Storm|p1a: Emboar\n|-damage|p1a: Emboar|0 fnt\n|-boost|p2a: Diancie|def|2\n|faint|p1a: Emboar\n|\n|upkeep\n|inactive|Time left: 300 sec this turn | 300 sec total | 5 sec grace\n|\n|t:|1783552136\n|switch|p1a: Sceptile|Sceptile, L87, F|264/264\n|turn|13\n|inactive|Time left: 300 sec this turn | 300 sec total\n|\n|t:|1783552137\n|-terastallize|p2a: Diancie|Fighting\n|move|p1a: Sceptile|Leaf Storm|p2a: Diancie\n|-damage|p2a: Diancie|0 fnt\n|-unboost|p1a: Sceptile|spa|2\n|faint|p2a: Diancie\n|-damage|p1a: Sceptile|238/264|[from] item: Life Orb\n|\n|upkeep\n|\n|t:|1783552138\n|switch|p2a: Misdreavus|Misdreavus, L90, M|100/100\n|turn|14\n|inactive|Time left: 300 sec this turn | 300 sec total\n|\n|t:|1783552139\n|switch|p1a: Terapagos|Terapagos, L77, M|265/265\n|-activate|p1a: Terapagos|ability: Tera Shift\n|detailschange|p1a: Terapagos|Terapagos-Terastal, L77, M\n|-heal|p1a: Terapagos|273/273|[silent]\n|move|p2a: Misdreavus|Calm Mind|p2a: Misdreavus\n|-boost|p2a: Misdreavus|spa|1\n|-boost|p2a: Misdreavus|spd|1\n|\n|upkeep\n|turn|15\n|inactive|Time left: 300 sec this turn | 300 sec total\n|\n|t:|1783552140\n|move|p2a: Misdreavus|Calm Mind|p2a: Misdreavus\n|-boost|p2a: Misdreavus|spa|1\n|-boost|p2a: Misdreavus|spd|1\n|move|p1a: Terapagos|Calm Mind|p1a: Terapagos\n|-boost|p1a: Terapagos|spa|1\n|-boost|p1a: Terapagos|spd|1\n|\n|upkeep\n|turn|16\n|inactive|Time left: 300 sec this turn | 300 sec total\n|\n|t:|1783552141\n|move|p2a: Misdreavus|Calm Mind|p2a: Misdreavus\n|-boost|p2a: Misdreavus|spa|1\n|-boost|p2a: Misdreavus|spd|1\n|move|p1a: Terapagos|Calm Mind|p1a: Terapagos\n|-boost|p1a: Terapagos|spa|1\n|-boost|p1a: Terapagos|spd|1\n|\n|upkeep\n|turn|17\n|inactive|Time left: 300 sec this turn | 300 sec total\n|\n|t:|1783552142\n|move|p2a: Misdreavus|Draining Kiss|p1a: Terapagos\n|-activate|p1a: Terapagos|ability: Tera Shell\n|-resisted|p1a: Terapagos\n|-damage|p1a: Terapagos|253/273\n|move|p1a: Terapagos|Calm Mind|p1a: Terapagos\n|-boost|p1a: Terapagos|spa|1\n|-boost|p1a: Terapagos|spd|1\n|\n|upkeep\n|turn|18\n|inactive|Time left: 300 sec this turn | 300 sec total\n|\n|t:|1783552143\n|move|p2a: Misdreavus|Calm Mind|p2a: Misdreavus\n|-boost|p2a: Misdreavus|spa|1\n|-boost|p2a: Misdreavus|spd|1\n|move|p1a: Terapagos|Dark Pulse|p2a: Misdreavus\n|-supereffective|p2a: Misdreavus\n|-damage|p2a: Misdreavus|77/100\n|\n|upkeep\n|turn|19\n|inactive|Time left: 300 sec this turn | 300 sec total\n|\n|t:|1783552144\n|move|p2a: Misdreavus|Draining Kiss|p1a: Terapagos\n|-damage|p1a: Terapagos|211/273\n|-heal|p2a: Misdreavus|89/100|[from] drain|[of] p1a: Terapagos\n|move|p1a: Terapagos|Dark Pulse|p2a: Misdreavus\n|-supereffective|p2a: Misdreavus\n|-damage|p2a: Misdreavus|67/100\n|\n|upkeep\n|turn|20\n|inactive|Time left: 300 sec this turn | 300 sec total\n|\n|t:|1783552145\n|move|p2a: Misdreavus|Draining Kiss|p1a: Terapagos\n|-damage|p1a: Terapagos|167/273\n|-heal|p2a: Misdreavus|80/100|[from] drain|[of] p1a: Terapagos\n|move|p1a: Terapagos|Dark Pulse|p2a: Misdreavus\n|-supereffective|p2a: Misdreavus\n|-damage|p2a: Misdreavus|61/100\n|\n|upkeep\n|turn|21\n|inactive|Time left: 300 sec this turn | 300 sec total\n|\n|t:|1783552146\n|move|p2a: Misdreavus|Draining Kiss|p1a: Terapagos\n|-crit|p1a: Terapagos\n|-damage|p1a: Terapagos|11/273\n|-heal|p2a: Misdreavus|100/100|[from] drain|[of] p1a: Terapagos\n|move|p1a: Terapagos|Dark Pulse|p2a: Misdreavus\n|-supereffective|p2a: Misdreavus\n|-damage|p2a: Misdreavus|80/100\n|\n|upkeep\n|turn|22\n|inactive|Time left: 300 sec this turn | 300 sec total\n|\n|t:|1783552147\n|move|p2a: Misdreavus|Draining Kiss|p1a: Terapagos\n|-damage|p1a: Terapagos|0 fnt\n|-heal|p2a: Misdreavus|83/100|[from] drain|[of] p1a: Terapagos\n|faint|p1a: Terapagos\n|\n|upkeep\n|inactive|Time left: 300 sec this turn | 300 sec total | 5 sec grace\n|\n|t:|1783552148\n|switch|p1a: Mew|Mew, L82|112/298\n|turn|23\n|inactive|Time left: 300 sec this turn | 300 sec total\n|\n|t:|1783552149\n|move|p1a: Mew|Swords Dance|p1a: Mew\n|-boost|p1a: Mew|atk|2\n|move|p2a: Misdreavus|Shadow Ball|p1a: Mew\n|-supereffective|p1a: Mew\n|-damage|p1a: Mew|0 fnt\n|faint|p1a: Mew\n|\n|upkeep\n|inactive|Time left: 300 sec this turn | 300 sec total | 5 sec grace\n|\n|t:|1783552149\n|switch|p1a: Sceptile|Sceptile, L87, F|238/264\n|turn|24\n|inactive|Time left: 300 sec this turn | 300 sec total\n|\n|t:|1783552151\n|move|p1a: Sceptile|Shed Tail|p1a: Sceptile\n|-fail|p1a: Sceptile\n|move|p2a: Misdreavus|Shadow Ball|p1a: Sceptile\n|-damage|p1a: Sceptile|0 fnt\n|faint|p1a: Sceptile\n|\n|win|p0y1117a9dc", "uploadtime": 1783552151, "views": 0, "rating": 0, "private": 0, "password": null, "_winner": "p0y1117a9dc", "_our_name": "p0x1117e9f2"}