{"id": "battle-gen9randombattle-20", "formatid": "gen9randombattle", "format": "[Gen 9] Random Battle", "players": ["p0x0205a7b", "p0y0207376"], "log": "|init|battle\n|title|p0x0205a7b vs. p0y0207376\n|j|\u2606p0x0205a7b\n|j|\u2606p0y0207376\n|t:|1783534023\n|gametype|singles\n|player|p1|p0x0205a7b|2|\n|player|p2|p0y0207376|170|\n|gen|9\n|tier|[Gen 9] Random Battle\n|rule|Species Clause: Limit one of each Pok\u00e9mon\n|rule|HP Percentage Mod: HP is shown in percentages\n|rule|Sleep Clause Mod: Limit one foe put to sleep\n|rule|Illusion Level Mod: Illusion disguises the Pok\u00e9mon's true level\n|\n|t:|1783534023\n|teamsize|p1|6\n|teamsize|p2|6\n|start\n|switch|p1a: Komala|Komala, L87, F|100/100\n|switch|p2a: Oinkologne|Oinkologne-F, L92, F|361/361\n|-ability|p1a: Komala|Comatose\n|turn|1\n|inactive|Battle timer is ON: inactive players will automatically lose when time's up. (requested by p0x0205a7b)\n|inactive|Time left: 300 sec this turn | 300 sec total | 60 sec grace\n|inactive|p0y0207376 also wants the timer to be on.\n|\n|t:|1783534025\n|move|p2a: Oinkologne|Double-Edge|p1a: Komala\n|-damage|p1a: Komala|39/100\n|-damage|p2a: Oinkologne|309/361|[from] Recoil\n|move|p1a: Komala|Knock Off|p2a: Oinkologne\n|-damage|p2a: Oinkologne|221/361\n|-enditem|p2a: Oinkologne|Leftovers|[from] move: Knock Off|[of] p1a: Komala\n|\n|upkeep\n|turn|2\n|inactive|Time left: 300 sec this turn | 300 sec total\n|\n|t:|1783534026\n|switch|p1a: Spiritomb|Spiritomb, L89, F|100/100\n|move|p2a: Oinkologne|Double-Edge|p1a: Spiritomb\n|-immune|p1a: Spiritomb\n|\n|upkeep\n|turn|3\n|inactive|Time left: 300 sec this turn | 300 sec total\n|\n|t:|1783534028\n|move|p2a: Oinkologne|Lash Out|p1a: Spiritomb\n|-damage|p1a: Spiritomb|79/100\n|move|p1a: Spiritomb|Will-O-Wisp|p2a: Oinkologne\n|-status|p2a: Oinkologne|brn\n|\n|-heal|p1a: Spiritomb|85/100|[from] item: Leftovers\n|-damage|p2a: Oinkologne|199/361 brn|[from] brn\n|upkeep\n|turn|4\n|inactive|Time left: 300 sec this turn | 300 sec total\n|\n|t:|1783534029\n|move|p2a: Oinkologne|Double-Edge|p1a: Spiritomb\n|-immune|p1a: Spiritomb\n|move|p1a: Spiritomb|Will-O-Wisp|p2a: Oinkologne\n|-fail|p2a: Oinkologne|brn\n|\n|-heal|p1a: Spiritomb|91/100|[from] item: Leftovers\n|-damage|p2a: Oinkologne|177/361 brn|[from] brn\n|upkeep\n|turn|5\n|inactive|Time left: 300 sec this turn | 300 sec total\n|\n|t:|1783534030\n|move|p2a: Oinkologne|Double-Edge|p1a: Spiritomb\n|-immune|p1a: Spiritomb\n|move|p1a: Spiritomb|Will-O-Wisp|p2a: Oinkologne\n|-fail|p2a: Oinkologne|brn\n|\n|-heal|p1a: Spiritomb|97/100|[from] item: Leftovers\n|-damage|p2a: Oinkologne|155/361 brn|[from] brn\n|upkeep\n|turn|6\n|inactive|Time left: 300 sec this turn | 300 sec total\n|\n|t:|1783534031\n|move|p2a: Oinkologne|High Horsepower|p1a: Spiritomb\n|-damage|p1a: Spiritomb|84/100\n|move|p1a: Spiritomb|Foul Play|p2a: Oinkologne\n|-damage|p2a: Oinkologne|41/361 brn\n|\n|-heal|p1a: Spiritomb|90/100|[from] item: Leftovers\n|-damage|p2a: Oinkologne|19/361 brn|[from] brn\n|upkeep\n|turn|7\n|inactive|Time left: 300 sec this turn | 300 sec total\n|\n|t:|1783534032\n|switch|p2a: Chansey|Chansey, L85, F|564/564\n|move|p1a: Spiritomb|Poltergeist|p2a: Chansey\n|-immune|p2a: Chansey\n|\n|-heal|p1a: Spiritomb|96/100|[from] item: Leftovers\n|upkeep\n|turn|8\n|inactive|Time left: 300 sec this turn | 300 sec total\n|\n|t:|1783534033\n|move|p2a: Chansey|Seismic Toss|p1a: Spiritomb\n|-immune|p1a: Spiritomb\n|move|p1a: Spiritomb|Pain Split|p2a: Chansey\n|-sethp|p2a: Chansey|393/564|[from] move: Pain Split|[silent]\n|-sethp|p1a: Spiritomb|100/100|[from] move: Pain Split\n|\n|upkeep\n|turn|9\n|inactive|Time left: 300 sec this turn | 300 sec total\n|\n|t:|1783534034\n|move|p2a: Chansey|Thunder Wave|p1a: Spiritomb\n|-status|p1a: Spiritomb|par\n|cant|p1a: Spiritomb|par\n|\n|upkeep\n|turn|10\n|inactive|Time left: 300 sec this turn | 300 sec total\n|\n|t:|1783534035\n|move|p2a: Chansey|Soft-Boiled|p2a: Chansey\n|-heal|p2a: Chansey|564/564\n|move|p1a: Spiritomb|Pain Split|p2a: Chansey\n|-sethp|p2a: Chansey|399/564|[from] move: Pain Split|[silent]\n|-sethp|p1a: Spiritomb|100/100 par|[from] move: Pain Split\n|\n|upkeep\n|turn|11\n|inactive|Time left: 300 sec this turn | 300 sec total\n|\n|t:|1783534036\n|move|p2a: Chansey|Seismic Toss|p1a: Spiritomb\n|-immune|p1a: Spiritomb\n|move|p1a: Spiritomb|Pain Split|p2a: Chansey\n|-sethp|p2a: Chansey|316/564|[from] move: Pain Split|[silent]\n|-sethp|p1a: Spiritomb|100/100 par|[from] move: Pain Split\n|\n|upkeep\n|turn|12\n|inactive|Time left: 300 sec this turn | 300 sec total\n|\n|t:|1783534037\n|move|p2a: Chansey|Soft-Boiled|p2a: Chansey\n|-heal|p2a: Chansey|564/564\n|cant|p1a: Spiritomb|par\n|\n|upkeep\n|turn|13\n|inactive|Time left: 300 sec this turn | 300 sec total\n|\n|t:|1783534038\n|switch|p2a: Hatterene|Hatterene, L85, F|236/236\n|cant|p1a: Spiritomb|par\n|\n|upkeep\n|turn|14\n|inactive|Time left: 300 sec this turn | 300 sec total\n|\n|t:|1783534039\n|move|p2a: Hatterene|Draining Kiss|p1a: Spiritomb\n|-supereffective|p1a: Spiritomb\n|-crit|p1a: Spiritomb\n|-damage|p1a: Spiritomb|18/100 par\n|move|p1a: Spiritomb|Poltergeist|p2a: Hatterene\n|-activate|p2a: Hatterene|move: Poltergeist|Assault Vest\n|-supereffective|p2a: Hatterene\n|-damage|p2a: Hatterene|0 fnt\n|faint|p2a: Hatterene\n|\n|-heal|p1a: Spiritomb|24/100 par|[from] item: Leftovers\n|upkeep\n|inactive|Time left: 300 sec this turn | 300 sec total | 5 sec grace\n|\n|t:|1783534041\n|switch|p2a: Lycanroc|Lycanroc-Dusk, L81, F|254/254\n|turn|15\n|inactive|Time left: 300 sec this turn | 300 sec total\n|\n|t:|1783534042\n|move|p2a: Lycanroc|Accelerock|p1a: Spiritomb\n|-damage|p1a: Spiritomb|0 fnt\n|faint|p1a: Spiritomb\n|\n|upkeep\n|\n|t:|1783534042\n|switch|p1a: Breloom|Breloom, L83, M|100/100\n|turn|16\n|inactive|Time left: 300 sec this turn | 300 sec total\n|\n|t:|1783534044\n|switch|p2a: Lugia|Lugia, L73|275/275\n|move|p1a: Breloom|Bullet Seed|p2a: Lugia\n|-resisted|p2a: Lugia\n|-damage|p2a: Lugia|260/275\n|-resisted|p2a: Lugia\n|-damage|p2a: Lugia|233/275\n|-resisted|p2a: Lugia\n|-damage|p2a: Lugia|204/275\n|-resisted|p2a: Lugia\n|-damage|p2a: Lugia|178/275\n|-resisted|p2a: Lugia\n|-damage|p2a: Lugia|149/275\n|-hitcount|p2a: Lugia|5\n|-damage|p1a: Breloom|91/100|[from] item: Life Orb\n|\n|upkeep\n|turn|17\n|inactive|Time left: 300 sec this turn | 300 sec total\n|\n|t:|1783534045\n|switch|p1a: Solgaleo|Solgaleo, L74|100/100\n|move|p2a: Lugia|Aeroblast|p1a: Solgaleo\n|-resisted|p1a: Solgaleo\n|-damage|p1a: Solgaleo|87/100\n|\n|-heal|p1a: Solgaleo|93/100|[from] item: Leftovers\n|upkeep\n|turn|18\n|inactive|Time left: 300 sec this turn | 300 sec total\n|\n|t:|1783534046\n|move|p2a: Lugia|Recover|p2a: Lugia\n|-heal|p2a: Lugia|275/275\n|move|p1a: Solgaleo|Sunsteel Strike|p2a: Lugia\n|-damage|p2a: Lugia|181/275\n|\n|-heal|p1a: Solgaleo|99/100|[from] item: Leftovers\n|upkeep\n|turn|19\n|inactive|Time left: 300 sec this turn | 300 sec total\n|\n|t:|1783534047\n|move|p2a: Lugia|Recover|p2a: Lugia\n|-heal|p2a: Lugia|275/275\n|move|p1a: Solgaleo|Sunsteel Strike|p2a: Lugia\n|-damage|p2a: Lugia|185/275\n|\n|-heal|p1a: Solgaleo|100/100|[from] item: Leftovers\n|upkeep\n|turn|20\n|inactive|Time left: 300 sec this turn | 300 sec total\n|\n|t:|1783534048\n|move|p2a: Lugia|Recover|p2a: Lugia\n|-heal|p2a: Lugia|275/275\n|move|p1a: Solgaleo|Sunsteel Strike|p2a: Lugia\n|-damage|p2a: Lugia|176/275\n|\n|upkeep\n|turn|21\n|inactive|Time left: 300 sec this turn | 300 sec total\n|\n|t:|1783534049\n|move|p2a: Lugia|Recover|p2a: Lugia\n|-heal|p2a: Lugia|275/275\n|move|p1a: Solgaleo|Sunsteel Strike|p2a: Lugia\n|-crit|p2a: Lugia\n|-damage|p2a: Lugia|146/275\n|\n|upkeep\n|turn|22\n|inactive|Time left: 300 sec this turn | 300 sec total\n|\n|t:|1783534050\n|move|p2a: Lugia|Recover|p2a: Lugia\n|-heal|p2a: Lugia|275/275\n|move|p1a: Solgaleo|Sunsteel Strike|p2a: Lugia\n|-damage|p2a: Lugia|185/275\n|\n|upkeep\n|turn|23\n|inactive|Time left: 300 sec this turn | 300 sec total\n|\n|t:|1783534051\n|move|p2a: Lugia|Recover|p2a: Lugia\n|-heal|p2a: Lugia|275/275\n|move|p1a: Solgaleo|Sunsteel Strike|p2a: Lugia\n|-damage|p2a: Lugia|185/275\n|\n|upkeep\n|turn|24\n|inactive|Time left: 300 sec this turn | 300 sec total\n|\n|t:|1783534052\n|move|p2a: Lugia|Recover|p2a: Lugia\n|-heal|p2a: Lugia|275/275\n|move|p1a: Solgaleo|Sunsteel Strike|p2a: Lugia\n|-damage|p2a: Lugia|191/275\n|\n|upkeep\n|turn|25\n|inactive|Time left: 300 sec this turn | 300 sec total\n|\n|t:|1783534053\n|move|p2a: Lugia|Recover|p2a: Lugia\n|-heal|p2a: Lugia|275/275\n|move|p1a: Solgaleo|Sunsteel Strike|p2a: Lugia\n|-damage|p2a: Lugia|188/275\n|\n|upkeep\n|turn|26\n|inactive|Time left: 300 sec this turn | 300 sec total\n|\n|t:|1783534055\n|switch|p1a: Iron Treads|Iron Treads, L77|100/100\n|move|p2a: Lugia|Calm Mind|p2a: Lugia\n|-boost|p2a: Lugia|spa|1\n|-boost|p2a: Lugia|spd|1\n|\n|upkeep\n|turn|27\n|inactive|Time left: 300 sec this turn | 300 sec total\n|\n|t:|1783534055\n|move|p1a: Iron Treads|Knock Off|p2a: Lugia\n|-supereffective|p2a: Lugia\n|-damage|p2a: Lugia|72/275\n|-enditem|p2a: Lugia|Heavy-Duty Boots|[from] move: Knock Off|[of] p1a: Iron Treads\n|move|p2a: Lugia|Calm Mind|p2a: Lugia\n|-boost|p2a: Lugia|spa|1\n|-boost|p2a: Lugia|spd|1\n|\n|upkeep\n|turn|28\n|inactive|Time left: 300 sec this turn | 300 sec total\n|\n|t:|1783534056\n|move|p1a: Iron Treads|Knock Off|p2a: Lugia\n|-supereffective|p2a: Lugia\n|-damage|p2a: Lugia|0 fnt\n|faint|p2a: Lugia\n|\n|upkeep\n|inactive|Time left: 300 sec this turn | 300 sec total | 5 sec grace\n|\n|t:|1783534057\n|switch|p2a: Lycanroc|Lycanroc-Dusk, L81, F|254/254\n|turn|29\n|inactive|Time left: 300 sec this turn | 300 sec total\n|\n|t:|1783534058\n|-terastallize|p2a: Lycanroc|Fighting\n|-terastallize|p1a: Iron Treads|Dragon\n|move|p2a: Lycanroc|Close Combat|p1a: Iron Treads\n|-damage|p1a: Iron Treads|15/100\n|-unboost|p2a: Lycanroc|def|1\n|-unboost|p2a: Lycanroc|spd|1\n|move|p1a: Iron Treads|Earthquake|p2a: Lycanroc\n|-damage|p2a: Lycanroc|77/254\n|\n|upkeep\n|turn|30\n|inactive|Time left: 300 sec this turn | 300 sec total\n|\n|t:|1783534059\n|move|p2a: Lycanroc|Close Combat|p1a: Iron Treads\n|-damage|p1a: Iron Treads|0 fnt\n|-unboost|p2a: Lycanroc|def|1\n|-unboost|p2a: Lycanroc|spd|1\n|faint|p1a: Iron Treads\n|-end|p1a: Iron Treads|Quark Drive|[silent]\n|\n|upkeep\n|\n|t:|1783534060\n|switch|p1a: Breloom|Breloom, L83, M|91/100\n|turn|31\n|inactive|Time left: 300 sec this turn | 300 sec total\n|\n|t:|1783534061\n|switch|p2a: Oinkologne|Oinkologne-F, L92, F|19/361 brn\n|move|p1a: Breloom|Mach Punch|p2a: Oinkologne\n|-supereffective|p2a: Oinkologne\n|-damage|p2a: Oinkologne|0 fnt\n|faint|p2a: Oinkologne\n|-damage|p1a: Breloom|81/100|[from] item: Life Orb\n|\n|upkeep\n|inactive|Time left: 300 sec this turn | 300 sec total | 5 sec grace\n|\n|t:|1783534061\n|switch|p2a: Lycanroc|Lycanroc-Dusk, L81, F, tera:Fighting|77/254\n|turn|32\n|inactive|Time left: 300 sec this turn | 300 sec total\n|\n|t:|1783534062\n|move|p1a: Breloom|Mach Punch|p2a: Lycanroc\n|-damage|p2a: Lycanroc|0 fnt\n|faint|p2a: Lycanroc\n|-damage|p1a: Breloom|71/100|[from] item: Life Orb\n|\n|upkeep\n|inactive|Time left: 300 sec this turn | 300 sec total | 5 sec grace\n|\n|t:|1783534063\n|switch|p2a: Hitmonlee|Hitmonlee, L85, M|224/224\n|turn|33\n|inactive|Time left: 300 sec this turn | 300 sec total\n|\n|t:|1783534064\n|move|p1a: Breloom|Mach Punch|p2a: Hitmonlee\n|-damage|p2a: Hitmonlee|86/224\n|-damage|p1a: Breloom|61/100|[from] item: Life Orb\n|move|p2a: Hitmonlee|Close Combat|p1a: Breloom\n|-crit|p1a: Breloom\n|-damage|p1a: Breloom|0 fnt\n|-unboost|p2a: Hitmonlee|def|1\n|-unboost|p2a: Hitmonlee|spd|1\n|faint|p1a: Breloom\n|-enditem|p2a: Hitmonlee|White Herb\n|-clearnegativeboost|p2a: Hitmonlee|[silent]\n|\n|upkeep\n|\n|t:|1783534065\n|switch|p1a: Solgaleo|Solgaleo, L74|100/100\n|turn|34\n|inactive|Time left: 300 sec this turn | 300 sec total\n|\n|t:|1783534066\n|move|p2a: Hitmonlee|Knock Off|p1a: Solgaleo\n|-supereffective|p1a: Solgaleo\n|-damage|p1a: Solgaleo|50/100\n|-enditem|p1a: Solgaleo|Leftovers|[from] move: Knock Off|[of] p2a: Hitmonlee\n|move|p1a: Solgaleo|Earthquake|p2a: Hitmonlee\n|-damage|p2a: Hitmonlee|0 fnt\n|faint|p2a: Hitmonlee\n|\n|upkeep\n|inactive|Time left: 300 sec this turn | 300 sec total | 5 sec grace\n|\n|t:|1783534067\n|switch|p2a: Chansey|Chansey, L85, F|564/564\n|turn|35\n|inactive|Time left: 300 sec this turn | 300 sec total\n|\n|t:|1783534068\n|move|p1a: Solgaleo|Morning Sun|p1a: Solgaleo\n|-heal|p1a: Solgaleo|99/100\n|move|p2a: Chansey|Thunder Wave|p1a: Solgaleo\n|-status|p1a: Solgaleo|par\n|\n|upkeep\n|turn|36\n|inactive|Time left: 300 sec this turn | 300 sec total\n|\n|t:|1783534069\n|move|p2a: Chansey|Seismic Toss|p1a: Solgaleo\n|-damage|p1a: Solgaleo|74/100 par\n|move|p1a: Solgaleo|Teleport|p1a: Solgaleo\n|\n|t:|1783534069\n|switch|p1a: Komala|Komala, L87, F|39/100|[from] Teleport\n|-ability|p1a: Komala|Comatose\n|\n|upkeep\n|turn|37\n|inactive|Time left: 300 sec this turn | 300 sec total\n|\n|t:|1783534070\n|move|p1a: Komala|Knock Off|p2a: Chansey\n|-damage|p2a: Chansey|389/564\n|-enditem|p2a: Chansey|Eviolite|[from] move: Knock Off|[of] p1a: Komala\n|move|p2a: Chansey|Soft-Boiled|p2a: Chansey\n|-heal|p2a: Chansey|564/564\n|\n|upkeep\n|turn|38\n|inactive|Time left: 300 sec this turn | 300 sec total\n|\n|t:|1783534071\n|move|p1a: Komala|Body Slam|p2a: Chansey\n|-damage|p2a: Chansey|200/564\n|move|p2a: Chansey|Soft-Boiled|p2a: Chansey\n|-heal|p2a: Chansey|482/564\n|\n|upkeep\n|turn|39\n|inactive|Time left: 300 sec this turn | 300 sec total\n|\n|t:|1783534072\n|move|p1a: Komala|Body Slam|p2a: Chansey\n|-damage|p2a: Chansey|127/564\n|move|p2a: Chansey|Soft-Boiled|p2a: Chansey\n|-heal|p2a: Chansey|409/564\n|\n|upkeep\n|turn|40\n|inactive|Time left: 300 sec this turn | 300 sec total\n|\n|t:|1783534073\n|move|p1a: Komala|Body Slam|p2a: Chansey\n|-damage|p2a: Chansey|61/564\n|move|p2a: Chansey|Soft-Boiled|p2a: Chansey\n|-heal|p2a: Chansey|343/564\n|\n|upkeep\n|turn|41\n|inactive|Time left: 300 sec this turn | 300 sec total\n|\n|t:|1783534074\n|move|p1a: Komala|Body Slam|p2a: Chansey\n|-crit|p2a: Chansey\n|-damage|p2a: Chansey|0 fnt\n|faint|p2a: Chansey\n|\n|win|p0x0205a7b", "uploadtime": 1783534074, "views": 0, "rating": 0, "private": 0, "password": null, "_winner": "p0x0205a7b", "_our_name": "p0y0207376"}