{"id": "battle-gen9randombattle-662", "formatid": "gen9randombattle", "format": "[Gen 9] Random Battle", "players": ["p0x662d159", "p0y6624b1f"], "log": "|init|battle\n|title|p0x662d159 vs. p0y6624b1f\n|j|\u2606p0x662d159\n|j|\u2606p0y6624b1f\n|t:|1783546787\n|gametype|singles\n|player|p1|p0x662d159|265|\n|player|p2|p0y6624b1f|1|\n|gen|9\n|tier|[Gen 9] Random Battle\n|rule|Species Clause: Limit one of each Pok\u00e9mon\n|rule|HP Percentage Mod: HP is shown in percentages\n|rule|Sleep Clause Mod: Limit one foe put to sleep\n|rule|Illusion Level Mod: Illusion disguises the Pok\u00e9mon's true level\n|\n|t:|1783546787\n|teamsize|p1|6\n|teamsize|p2|6\n|start\n|switch|p1a: Serperior|Serperior, L79, F|248/248\n|switch|p2a: Groudon|Groudon, L72|100/100\n|-weather|SunnyDay|[from] ability: Drought|[of] p2a: Groudon\n|turn|1\n|inactive|Battle timer is ON: inactive players will automatically lose when time's up. (requested by p0y6624b1f)\n|inactive|Time left: 300 sec this turn | 300 sec total | 60 sec grace\n|\n|t:|1783546789\n|-terastallize|p2a: Groudon|Fire\n|move|p1a: Serperior|Leaf Storm|p2a: Groudon\n|-resisted|p2a: Groudon\n|-damage|p2a: Groudon|71/100\n|-boost|p1a: Serperior|spa|2\n|-damage|p1a: Serperior|224/248|[from] item: Life Orb\n|move|p2a: Groudon|Heat Crash|p1a: Serperior\n|-supereffective|p1a: Serperior\n|-damage|p1a: Serperior|0 fnt\n|faint|p1a: Serperior\n|\n|-weather|SunnyDay|[upkeep]\n|-heal|p2a: Groudon|77/100|[from] item: Leftovers\n|upkeep\n|inactive|Time left: 300 sec this turn | 300 sec total | 65 sec grace\n|inactive|p0x662d159 also wants the timer to be on.\n|\n|t:|1783546790\n|switch|p1a: Salamence|Salamence, L77, M|273/273\n|-ability|p1a: Salamence|Intimidate|boost\n|-unboost|p2a: Groudon|atk|1\n|turn|2\n|inactive|Time left: 300 sec this turn | 300 sec total\n|\n|t:|1783546791\n|switch|p2a: Cloyster|Cloyster, L80, F|100/100\n|move|p1a: Salamence|Dragon Dance|p1a: Salamence\n|-boost|p1a: Salamence|atk|1\n|-boost|p1a: Salamence|spe|1\n|\n|-weather|SunnyDay|[upkeep]\n|upkeep\n|turn|3\n|inactive|Time left: 300 sec this turn | 300 sec total\n|\n|t:|1783546793\n|-terastallize|p1a: Salamence|Steel\n|move|p1a: Salamence|Outrage|p2a: Cloyster\n|-damage|p2a: Cloyster|44/100\n|move|p2a: Cloyster|Icicle Spear|p1a: Salamence\n|-resisted|p1a: Salamence\n|-damage|p1a: Salamence|258/273\n|-resisted|p1a: Salamence\n|-damage|p1a: Salamence|243/273\n|-resisted|p1a: Salamence\n|-damage|p1a: Salamence|228/273\n|-resisted|p1a: Salamence\n|-damage|p1a: Salamence|213/273\n|-resisted|p1a: Salamence\n|-damage|p1a: Salamence|198/273\n|-hitcount|p1a: Salamence|5\n|\n|-weather|SunnyDay|[upkeep]\n|upkeep\n|turn|4\n|inactive|Time left: 300 sec this turn | 300 sec total\n|\n|t:|1783546794\n|move|p1a: Salamence|Outrage|p2a: Cloyster|[from] lockedmove\n|-damage|p2a: Cloyster|0 fnt\n|faint|p2a: Cloyster\n|\n|-weather|SunnyDay|[upkeep]\n|upkeep\n|\n|t:|1783546795\n|switch|p2a: Groudon|Groudon, L72, tera:Fire|77/100\n|turn|5\n|inactive|Time left: 300 sec this turn | 300 sec total\n|\n|t:|1783546796\n|move|p1a: Salamence|Outrage|p2a: Groudon|[from] lockedmove\n|-damage|p2a: Groudon|14/100\n|-start|p1a: Salamence|confusion|[fatigue]\n|move|p2a: Groudon|Heat Crash|p1a: Salamence\n|-supereffective|p1a: Salamence\n|-damage|p1a: Salamence|0 fnt\n|faint|p1a: Salamence\n|\n|-weather|none\n|-heal|p2a: Groudon|20/100|[from] item: Leftovers\n|upkeep\n|inactive|Time left: 300 sec this turn | 300 sec total | 5 sec grace\n|\n|t:|1783546797\n|switch|p1a: Baxcalibur|Baxcalibur, L75, F|295/295\n|turn|6\n|inactive|Time left: 300 sec this turn | 300 sec total\n|\n|t:|1783546798\n|move|p1a: Baxcalibur|Earthquake|p2a: Groudon\n|-supereffective|p2a: Groudon\n|-damage|p2a: Groudon|0 fnt\n|faint|p2a: Groudon\n|\n|upkeep\n|\n|t:|1783546799\n|switch|p2a: Salamence|Salamence, L77, F|100/100\n|turn|7\n|inactive|Time left: 300 sec this turn | 300 sec total\n|\n|t:|1783546801\n|move|p2a: Salamence|Outrage|p1a: Baxcalibur\n|-supereffective|p1a: Baxcalibur\n|-damage|p1a: Baxcalibur|5/295\n|move|p1a: Baxcalibur|Icicle Spear|p2a: Salamence\n|-supereffective|p2a: Salamence\n|-damage|p2a: Salamence|46/100\n|-supereffective|p2a: Salamence\n|-damage|p2a: Salamence|0 fnt\n|faint|p2a: Salamence\n|-hitcount|p2: Salamence|2\n|\n|upkeep\n|\n|t:|1783546802\n|switch|p2a: Ambipom|Ambipom, L84, F|100/100\n|turn|8\n|inactive|Time left: 300 sec this turn | 300 sec total\n|\n|t:|1783546803\n|move|p2a: Ambipom|Triple Axel|p1a: Baxcalibur\n|-damage|p1a: Baxcalibur|0 fnt\n|faint|p1a: Baxcalibur\n|-hitcount|p1: Baxcalibur|1\n|\n|upkeep\n|inactive|Time left: 300 sec this turn | 300 sec total | 5 sec grace\n|\n|t:|1783546804\n|switch|p1a: Blaziken|Blaziken, L76, F|247/247\n|turn|9\n|inactive|Time left: 300 sec this turn | 300 sec total\n|\n|t:|1783546805\n|move|p2a: Ambipom|Triple Axel|p1a: Blaziken\n|-resisted|p1a: Blaziken\n|-damage|p1a: Blaziken|227/247\n|-resisted|p1a: Blaziken\n|-damage|p1a: Blaziken|186/247\n|-resisted|p1a: Blaziken\n|-damage|p1a: Blaziken|126/247\n|-hitcount|p1a: Blaziken|3\n|move|p1a: Blaziken|Swords Dance|p1a: Blaziken\n|-boost|p1a: Blaziken|atk|2\n|\n|-ability|p1a: Blaziken|Speed Boost|boost\n|-boost|p1a: Blaziken|spe|1\n|upkeep\n|turn|10\n|inactive|Time left: 300 sec this turn | 300 sec total\n|\n|t:|1783546806\n|switch|p2a: Illumise|Illumise, L91, F|100/100\n|move|p1a: Blaziken|Close Combat|p2a: Illumise\n|-resisted|p2a: Illumise\n|-damage|p2a: Illumise|41/100\n|-unboost|p1a: Blaziken|def|1\n|-unboost|p1a: Blaziken|spd|1\n|-damage|p1a: Blaziken|102/247|[from] item: Life Orb\n|\n|-ability|p1a: Blaziken|Speed Boost|boost\n|-boost|p1a: Blaziken|spe|1\n|upkeep\n|turn|11\n|inactive|Time left: 300 sec this turn | 300 sec total\n|\n|t:|1783546807\n|move|p2a: Illumise|Thunder Wave|p1a: Blaziken\n|-status|p1a: Blaziken|par\n|move|p1a: Blaziken|Swords Dance|p1a: Blaziken\n|-boost|p1a: Blaziken|atk|2\n|\n|-ability|p1a: Blaziken|Speed Boost|boost\n|-boost|p1a: Blaziken|spe|1\n|upkeep\n|turn|12\n|inactive|Time left: 300 sec this turn | 300 sec total\n|\n|t:|1783546808\n|move|p2a: Illumise|Encore|p1a: Blaziken\n|-start|p1a: Blaziken|Encore\n|move|p1a: Blaziken|Swords Dance|p1a: Blaziken\n|-boost|p1a: Blaziken|atk|2\n|\n|-ability|p1a: Blaziken|Speed Boost|boost\n|-boost|p1a: Blaziken|spe|1\n|upkeep\n|turn|13\n|inactive|Time left: 300 sec this turn | 300 sec total\n|\n|t:|1783546809\n|switch|p1a: Chandelure|Chandelure, L83, M|235/235\n|switch|p2a: Ambipom|Ambipom, L84, F|100/100\n|\n|upkeep\n|turn|14\n|inactive|Time left: 300 sec this turn | 300 sec total\n|\n|t:|1783546811\n|move|p1a: Chandelure|Fire Blast|p2a: Ambipom\n|-damage|p2a: Ambipom|33/100\n|move|p2a: Ambipom|Knock Off|p1a: Chandelure\n|-supereffective|p1a: Chandelure\n|-damage|p1a: Chandelure|43/235\n|-enditem|p1a: Chandelure|Choice Scarf|[from] move: Knock Off|[of] p2a: Ambipom\n|\n|upkeep\n|turn|15\n|inactive|Time left: 300 sec this turn | 300 sec total\n|\n|t:|1783546812\n|move|p2a: Ambipom|Knock Off|p1a: Chandelure\n|-supereffective|p1a: Chandelure\n|-damage|p1a: Chandelure|0 fnt\n|faint|p1a: Chandelure\n|\n|upkeep\n|inactive|Time left: 300 sec this turn | 300 sec total | 5 sec grace\n|\n|t:|1783546813\n|switch|p1a: Zebstrika|Zebstrika, L87, M|272/272\n|turn|16\n|inactive|Time left: 300 sec this turn | 300 sec total\n|\n|t:|1783546814\n|switch|p2a: Passimian|Passimian, L83, M|100/100\n|move|p1a: Zebstrika|Supercell Slam|p2a: Passimian|[miss]\n|-miss|p1a: Zebstrika|p2a: Passimian\n|-damage|p1a: Zebstrika|136/272|[from] supercellslam\n|\n|upkeep\n|turn|17\n|inactive|Time left: 300 sec this turn | 300 sec total\n|\n|t:|1783546815\n|move|p2a: Passimian|Close Combat|p1a: Zebstrika\n|-damage|p1a: Zebstrika|0 fnt\n|-unboost|p2a: Passimian|def|1\n|-unboost|p2a: Passimian|spd|1\n|faint|p1a: Zebstrika\n|\n|upkeep\n|inactive|Time left: 300 sec this turn | 300 sec total | 5 sec grace\n|\n|t:|1783546816\n|switch|p1a: Blaziken|Blaziken, L76, F|102/247 par\n|turn|18\n|inactive|Time left: 300 sec this turn | 300 sec total\n|\n|t:|1783546817\n|move|p2a: Passimian|Close Combat|p1a: Blaziken\n|-damage|p1a: Blaziken|0 fnt\n|-unboost|p2a: Passimian|def|1\n|-unboost|p2a: Passimian|spd|1\n|faint|p1a: Blaziken\n|\n|win|p0y6624b1f", "uploadtime": 1783546817, "views": 0, "rating": 0, "private": 0, "password": null, "_winner": "p0y6624b1f", "_our_name": "p0x662d159"}