{"id": "battle-gen9randombattle-2968", "formatid": "gen9randombattle", "format": "[Gen 9] Random Battle", "players": ["p0x29684b56", "p0y2968bfed"], "log": "|init|battle\n|title|p0x29684b56 vs. p0y2968bfed\n|j|\u2606p0x29684b56\n|j|\u2606p0y2968bfed\n|t:|1783574185\n|gametype|singles\n|player|p1|p0x29684b56|266|\n|player|p2|p0y2968bfed|265|\n|gen|9\n|tier|[Gen 9] Random Battle\n|rule|Species Clause: Limit one of each Pok\u00e9mon\n|rule|HP Percentage Mod: HP is shown in percentages\n|rule|Sleep Clause Mod: Limit one foe put to sleep\n|rule|Illusion Level Mod: Illusion disguises the Pok\u00e9mon's true level\n|\n|t:|1783574185\n|teamsize|p1|6\n|teamsize|p2|6\n|start\n|switch|p1a: Meowscarada|Meowscarada, L78, M|100/100\n|switch|p2a: Espeon|Espeon, L84, M|246/246\n|turn|1\n|inactive|Battle timer is ON: inactive players will automatically lose when time's up. (requested by p0x29684b56)\n|inactive|Time left: 300 sec this turn | 300 sec total | 60 sec grace\n|inactive|p0y2968bfed also wants the timer to be on.\n|\n|t:|1783574186\n|switch|p2a: Archaludon|Archaludon, L78, M|268/268\n|move|p1a: Meowscarada|Knock Off|p2a: Archaludon\n|-start|p1a: Meowscarada|typechange|Dark|[from] ability: Protean\n|-damage|p2a: Archaludon|193/268\n|-ability|p2a: Archaludon|Stamina|boost\n|-boost|p2a: Archaludon|def|1\n|-enditem|p2a: Archaludon|Lum Berry|[from] move: Knock Off|[of] p1a: Meowscarada\n|\n|upkeep\n|turn|2\n|inactive|Time left: 300 sec this turn | 300 sec total\n|\n|t:|1783574187\n|switch|p1a: Lunala|Lunala, L70|100/100\n|move|p2a: Archaludon|Swords Dance|p2a: Archaludon\n|-boost|p2a: Archaludon|atk|2\n|\n|upkeep\n|turn|3\n|inactive|Time left: 300 sec this turn | 300 sec total\n|\n|t:|1783574187\n|move|p2a: Archaludon|Iron Head|p1a: Lunala\n|-damage|p1a: Lunala|68/100\n|move|p1a: Lunala|Moongeist Beam|p2a: Archaludon\n|-damage|p2a: Archaludon|55/268\n|-ability|p2a: Archaludon|Stamina|boost\n|-boost|p2a: Archaludon|def|1\n|\n|-heal|p1a: Lunala|74/100|[from] item: Leftovers\n|upkeep\n|turn|4\n|inactive|Time left: 300 sec this turn | 300 sec total\n|\n|t:|1783574188\n|switch|p1a: Eiscue|Eiscue, L88, F|100/100\n|move|p2a: Archaludon|Outrage|p1a: Eiscue\n|-activate|p1a: Eiscue|ability: Ice Face\n|-damage|p1a: Eiscue|100/100\n|detailschange|p1a: Eiscue|Eiscue-Noice, L88, F\n|\n|upkeep\n|turn|5\n|inactive|Time left: 300 sec this turn | 300 sec total\n|\n|t:|1783574189\n|-terastallize|p1a: Eiscue|Ground\n|move|p1a: Eiscue|Tera Blast|p2a: Archaludon|[anim] Tera Blast Ground\n|-supereffective|p2a: Archaludon\n|-damage|p2a: Archaludon|0 fnt\n|faint|p2a: Archaludon\n|\n|upkeep\n|inactive|Time left: 300 sec this turn | 300 sec total | 5 sec grace\n|\n|t:|1783574190\n|switch|p2a: Latios|Latios, L78, M|253/253\n|turn|6\n|inactive|Time left: 300 sec this turn | 300 sec total\n|\n|t:|1783574191\n|move|p1a: Eiscue|Ice Spinner|p2a: Latios\n|-supereffective|p2a: Latios\n|-damage|p2a: Latios|77/253\n|move|p2a: Latios|Draco Meteor|p1a: Eiscue\n|-crit|p1a: Eiscue\n|-damage|p1a: Eiscue|0 fnt\n|-unboost|p2a: Latios|spa|2\n|faint|p1a: Eiscue\n|\n|upkeep\n|\n|t:|1783574192\n|switch|p1a: Lunala|Lunala, L70|74/100\n|turn|7\n|inactive|Time left: 300 sec this turn | 300 sec total\n|\n|t:|1783574192\n|switch|p2a: Tinkaton|Tinkaton, L82, F|274/274\n|-ability|p2a: Tinkaton|Mold Breaker\n|move|p1a: Lunala|Calm Mind|p1a: Lunala\n|-boost|p1a: Lunala|spa|1\n|-boost|p1a: Lunala|spd|1\n|\n|-heal|p1a: Lunala|80/100|[from] item: Leftovers\n|upkeep\n|turn|8\n|inactive|Time left: 300 sec this turn | 300 sec total\n|\n|t:|1783574193\n|move|p2a: Tinkaton|Knock Off|p1a: Lunala\n|-supereffective|p1a: Lunala\n|-damage|p1a: Lunala|0 fnt\n|-enditem|p1a: Lunala|Leftovers|[from] move: Knock Off|[of] p2a: Tinkaton\n|faint|p1a: Lunala\n|\n|upkeep\n|\n|t:|1783574194\n|switch|p1a: Qwilfish|Qwilfish-Hisui, L83, M|100/100\n|-ability|p1a: Qwilfish|Intimidate|boost\n|-unboost|p2a: Tinkaton|atk|1\n|turn|9\n|inactive|Time left: 300 sec this turn | 300 sec total\n|\n|t:|1783574195\n|move|p2a: Tinkaton|Stealth Rock|p1a: Qwilfish\n|-sidestart|p1: p0x29684b56|move: Stealth Rock\n|move|p1a: Qwilfish|Crunch|p2a: Tinkaton\n|-resisted|p2a: Tinkaton\n|-damage|p2a: Tinkaton|229/274\n|\n|-heal|p2a: Tinkaton|246/274|[from] item: Leftovers\n|upkeep\n|turn|10\n|inactive|Time left: 300 sec this turn | 300 sec total\n|\n|t:|1783574196\n|move|p2a: Tinkaton|Gigaton Hammer|p1a: Qwilfish\n|-damage|p1a: Qwilfish|77/100\n|move|p1a: Qwilfish|Crunch|p2a: Tinkaton\n|-resisted|p2a: Tinkaton\n|-damage|p2a: Tinkaton|201/274\n|\n|-heal|p2a: Tinkaton|218/274|[from] item: Leftovers\n|upkeep\n|turn|11\n|inactive|Time left: 300 sec this turn | 300 sec total\n|\n|t:|1783574197\n|move|p2a: Tinkaton|Play Rough|p1a: Qwilfish\n|-damage|p1a: Qwilfish|64/100\n|move|p1a: Qwilfish|Crunch|p2a: Tinkaton\n|-resisted|p2a: Tinkaton\n|-damage|p2a: Tinkaton|176/274\n|\n|-heal|p2a: Tinkaton|193/274|[from] item: Leftovers\n|upkeep\n|turn|12\n|inactive|Time left: 300 sec this turn | 300 sec total\n|\n|t:|1783574198\n|move|p2a: Tinkaton|Gigaton Hammer|p1a: Qwilfish\n|-damage|p1a: Qwilfish|38/100\n|move|p1a: Qwilfish|Spikes|p2a: Tinkaton\n|-sidestart|p2: p0y2968bfed|Spikes\n|\n|-heal|p2a: Tinkaton|210/274|[from] item: Leftovers\n|upkeep\n|turn|13\n|inactive|Time left: 300 sec this turn | 300 sec total\n|\n|t:|1783574200\n|move|p2a: Tinkaton|Knock Off|p1a: Qwilfish\n|-resisted|p1a: Qwilfish\n|-damage|p1a: Qwilfish|33/100\n|-enditem|p1a: Qwilfish|Eviolite|[from] move: Knock Off|[of] p2a: Tinkaton\n|move|p1a: Qwilfish|Crunch|p2a: Tinkaton\n|-resisted|p2a: Tinkaton\n|-damage|p2a: Tinkaton|166/274\n|\n|-heal|p2a: Tinkaton|183/274|[from] item: Leftovers\n|upkeep\n|turn|14\n|inactive|Time left: 300 sec this turn | 300 sec total\n|\n|t:|1783574201\n|move|p2a: Tinkaton|Gigaton Hammer|p1a: Qwilfish\n|-damage|p1a: Qwilfish|0 fnt\n|faint|p1a: Qwilfish\n|\n|-heal|p2a: Tinkaton|200/274|[from] item: Leftovers\n|upkeep\n|\n|t:|1783574202\n|switch|p1a: Arboliva|Arboliva, L91, F|100/100\n|-damage|p1a: Arboliva|88/100|[from] Stealth Rock\n|turn|15\n|inactive|Time left: 300 sec this turn | 300 sec total\n|\n|t:|1783574203\n|move|p2a: Tinkaton|Knock Off|p1a: Arboliva\n|-damage|p1a: Arboliva|77/100\n|-enditem|p1a: Arboliva|Sitrus Berry|[from] move: Knock Off|[of] p2a: Tinkaton\n|move|p1a: Arboliva|Leech Seed|p2a: Tinkaton\n|-start|p2a: Tinkaton|move: Leech Seed\n|\n|-heal|p2a: Tinkaton|217/274|[from] item: Leftovers\n|-damage|p2a: Tinkaton|183/274|[from] Leech Seed|[of] p1a: Arboliva\n|-heal|p1a: Arboliva|88/100|[silent]\n|upkeep\n|turn|16\n|inactive|Time left: 300 sec this turn | 300 sec total\n|\n|t:|1783574204\n|switch|p2a: Garganacl|Garganacl, L80, M|291/291\n|-damage|p2a: Garganacl|255/291|[from] Spikes\n|move|p1a: Arboliva|Hyper Voice|p2a: Garganacl\n|-resisted|p2a: Garganacl\n|-damage|p2a: Garganacl|185/291\n|\n|-heal|p2a: Garganacl|203/291|[from] item: Leftovers\n|upkeep\n|turn|17\n|inactive|Time left: 300 sec this turn | 300 sec total\n|\n|t:|1783574205\n|move|p1a: Arboliva|Leech Seed|p2a: Garganacl\n|-start|p2a: Garganacl|move: Leech Seed\n|move|p2a: Garganacl|Salt Cure|p1a: Arboliva\n|-damage|p1a: Arboliva|76/100\n|-start|p1a: Arboliva|Salt Cure\n|\n|-heal|p2a: Garganacl|221/291|[from] item: Leftovers\n|-damage|p2a: Garganacl|185/291|[from] Leech Seed|[of] p1a: Arboliva\n|-heal|p1a: Arboliva|88/100|[silent]\n|-damage|p1a: Arboliva|76/100|[from] Salt Cure\n|upkeep\n|turn|18\n|inactive|Time left: 300 sec this turn | 300 sec total\n|\n|t:|1783574206\n|switch|p2a: Tinkaton|Tinkaton, L82, F|183/274\n|-damage|p2a: Tinkaton|149/274|[from] Spikes\n|-ability|p2a: Tinkaton|Mold Breaker\n|move|p1a: Arboliva|Hyper Voice|p2a: Tinkaton\n|-resisted|p2a: Tinkaton\n|-damage|p2a: Tinkaton|86/274\n|\n|-heal|p2a: Tinkaton|103/274|[from] item: Leftovers\n|-damage|p1a: Arboliva|63/100|[from] Salt Cure\n|upkeep\n|turn|19\n|inactive|Time left: 300 sec this turn | 300 sec total\n|\n|t:|1783574207\n|move|p2a: Tinkaton|Gigaton Hammer|p1a: Arboliva\n|-damage|p1a: Arboliva|20/100\n|move|p1a: Arboliva|Leech Seed|p2a: Tinkaton\n|-start|p2a: Tinkaton|move: Leech Seed\n|\n|-heal|p2a: Tinkaton|120/274|[from] item: Leftovers\n|-damage|p2a: Tinkaton|86/274|[from] Leech Seed|[of] p1a: Arboliva\n|-heal|p1a: Arboliva|32/100|[silent]\n|-damage|p1a: Arboliva|20/100|[from] Salt Cure\n|upkeep\n|turn|20\n|inactive|Time left: 300 sec this turn | 300 sec total\n|\n|t:|1783574208\n|move|p2a: Tinkaton|Play Rough|p1a: Arboliva\n|-damage|p1a: Arboliva|0 fnt\n|faint|p1a: Arboliva\n|\n|-heal|p2a: Tinkaton|103/274|[from] item: Leftovers\n|upkeep\n|\n|t:|1783574209\n|switch|p1a: Meowscarada|Meowscarada, L78, M|100/100\n|turn|21\n|inactive|Time left: 300 sec this turn | 300 sec total\n|\n|t:|1783574209\n|move|p1a: Meowscarada|Knock Off|p2a: Tinkaton\n|-start|p1a: Meowscarada|typechange|Dark|[from] ability: Protean\n|-resisted|p2a: Tinkaton\n|-damage|p2a: Tinkaton|46/274\n|-enditem|p2a: Tinkaton|Leftovers|[from] move: Knock Off|[of] p1a: Meowscarada\n|move|p2a: Tinkaton|Gigaton Hammer|p1a: Meowscarada\n|-damage|p1a: Meowscarada|36/100\n|\n|-damage|p2a: Tinkaton|12/274|[from] Leech Seed|[of] p1a: Meowscarada\n|-heal|p1a: Meowscarada|49/100|[silent]\n|upkeep\n|turn|22\n|inactive|Time left: 300 sec this turn | 300 sec total\n|\n|t:|1783574210\n|move|p1a: Meowscarada|Knock Off|p2a: Tinkaton\n|-resisted|p2a: Tinkaton\n|-damage|p2a: Tinkaton|0 fnt\n|faint|p2a: Tinkaton\n|\n|upkeep\n|inactive|Time left: 300 sec this turn | 300 sec total | 5 sec grace\n|\n|t:|1783574211\n|switch|p2a: Alomomola|Alomomola, L87, M|429/429\n|turn|23\n|inactive|Time left: 300 sec this turn | 300 sec total\n|\n|t:|1783574212\n|move|p1a: Meowscarada|Knock Off|p2a: Alomomola\n|-damage|p2a: Alomomola|327/429\n|-enditem|p2a: Alomomola|Heavy-Duty Boots|[from] move: Knock Off|[of] p1a: Meowscarada\n|move|p2a: Alomomola|Scald|p1a: Meowscarada\n|-damage|p1a: Meowscarada|22/100\n|\n|upkeep\n|turn|24\n|inactive|Time left: 300 sec this turn | 300 sec total\n|\n|t:|1783574213\n|move|p1a: Meowscarada|U-turn|p2a: Alomomola\n|-damage|p2a: Alomomola|277/429\n|\n|t:|1783574214\n|switch|p1a: Farigiraf|Farigiraf, L90, M|100/100|[from] U-turn\n|-damage|p1a: Farigiraf|88/100|[from] Stealth Rock\n|move|p2a: Alomomola|Flip Turn|p1a: Farigiraf\n|-damage|p1a: Farigiraf|71/100\n|inactive|Time left: 300 sec this turn | 300 sec total | 10 sec grace\n|\n|t:|1783574215\n|switch|p2a: Latios|Latios, L78, M|77/253|[from] Flip Turn\n|\n|-heal|p1a: Farigiraf|77/100|[from] item: Leftovers\n|upkeep\n|turn|25\n|inactive|Time left: 300 sec this turn | 300 sec total\n|\n|t:|1783574216\n|move|p2a: Latios|Draco Meteor|p1a: Farigiraf\n|-damage|p1a: Farigiraf|13/100\n|-unboost|p2a: Latios|spa|2\n|move|p1a: Farigiraf|Body Slam|p2a: Latios\n|-damage|p2a: Latios|0 fnt\n|faint|p2a: Latios\n|\n|-heal|p1a: Farigiraf|19/100|[from] item: Leftovers\n|upkeep\n|inactive|Time left: 300 sec this turn | 300 sec total | 5 sec grace\n|\n|t:|1783574216\n|switch|p2a: Espeon|Espeon, L84, M|246/246\n|-damage|p2a: Espeon|216/246|[from] Spikes\n|turn|26\n|inactive|Time left: 300 sec this turn | 300 sec total\n|\n|t:|1783574217\n|-terastallize|p2a: Espeon|Fairy\n|move|p1a: Farigiraf|Protect|p1a: Farigiraf\n|-singleturn|p1a: Farigiraf|Protect\n|move|p2a: Espeon|Alluring Voice|p1a: Farigiraf\n|-activate|p1a: Farigiraf|move: Protect\n|\n|-heal|p1a: Farigiraf|25/100|[from] item: Leftovers\n|upkeep\n|turn|27\n|inactive|Time left: 300 sec this turn | 300 sec total\n|\n|t:|1783574218\n|move|p1a: Farigiraf|Protect||[still]\n|-fail|p1a: Farigiraf\n|move|p2a: Espeon|Alluring Voice|p1a: Farigiraf\n|-damage|p1a: Farigiraf|0 fnt\n|faint|p1a: Farigiraf\n|-damage|p2a: Espeon|192/246|[from] item: Life Orb\n|\n|upkeep\n|\n|t:|1783574219\n|switch|p1a: Meowscarada|Meowscarada, L78, M|22/100\n|turn|28\n|inactive|Time left: 300 sec this turn | 300 sec total\n|\n|t:|1783574220\n|move|p1a: Meowscarada|Knock Off|p2a: Espeon\n|-start|p1a: Meowscarada|typechange|Dark|[from] ability: Protean\n|-resisted|p2a: Espeon\n|-damage|p2a: Espeon|127/246\n|-enditem|p2a: Espeon|Life Orb|[from] move: Knock Off|[of] p1a: Meowscarada\n|move|p2a: Espeon|Alluring Voice|p1a: Meowscarada\n|-supereffective|p1a: Meowscarada\n|-damage|p1a: Meowscarada|0 fnt\n|faint|p1a: Meowscarada\n|\n|win|p0y2968bfed", "uploadtime": 1783574220, "views": 0, "rating": 0, "private": 0, "password": null, "_winner": "p0y2968bfed", "_our_name": "p0y2968bfed"}