{"id": "battle-gen9randombattle-222", "formatid": "gen9randombattle", "format": "[Gen 9] Random Battle", "players": ["p0x2229dcd", "p0y2220819"], "log": "|init|battle\n|title|p0x2229dcd vs. p0y2220819\n|j|\u2606p0x2229dcd\n|j|\u2606p0y2220819\n|t:|1783536362\n|gametype|singles\n|player|p1|p0x2229dcd|265|\n|player|p2|p0y2220819|169|\n|gen|9\n|tier|[Gen 9] Random Battle\n|rule|Species Clause: Limit one of each Pok\u00e9mon\n|rule|HP Percentage Mod: HP is shown in percentages\n|rule|Sleep Clause Mod: Limit one foe put to sleep\n|rule|Illusion Level Mod: Illusion disguises the Pok\u00e9mon's true level\n|\n|t:|1783536362\n|teamsize|p1|6\n|teamsize|p2|6\n|start\n|switch|p1a: Tsareena|Tsareena, L87, F|267/267\n|switch|p2a: Kilowattrel|Kilowattrel, L83, F|100/100\n|turn|1\n|inactive|Battle timer is ON: inactive players will automatically lose when time's up. (requested by p0y2220819)\n|inactive|Time left: 300 sec this turn | 300 sec total | 60 sec grace\n|inactive|p0x2229dcd also wants the timer to be on.\n|\n|t:|1783536364\n|move|p2a: Kilowattrel|Hurricane|p1a: Tsareena|[miss]\n|-miss|p2a: Kilowattrel|p1a: Tsareena\n|move|p1a: Tsareena|Triple Axel|p2a: Kilowattrel\n|-supereffective|p2a: Kilowattrel\n|-damage|p2a: Kilowattrel|80/100\n|-supereffective|p2a: Kilowattrel\n|-damage|p2a: Kilowattrel|40/100\n|-supereffective|p2a: Kilowattrel\n|-damage|p2a: Kilowattrel|0 fnt\n|faint|p2a: Kilowattrel\n|-hitcount|p2: Kilowattrel|3\n|\n|upkeep\n|\n|t:|1783536365\n|switch|p2a: Entei|Entei, L78|100/100\n|turn|2\n|inactive|Time left: 300 sec this turn | 300 sec total\n|\n|t:|1783536366\n|switch|p1a: Gyarados|Gyarados, L79, M|280/280\n|move|p2a: Entei|Sacred Fire|p1a: Gyarados\n|-resisted|p1a: Gyarados\n|-damage|p1a: Gyarados|193/280\n|-status|p1a: Gyarados|brn\n|\n|-damage|p1a: Gyarados|176/280 brn|[from] brn\n|upkeep\n|turn|3\n|inactive|Time left: 300 sec this turn | 300 sec total\n|\n|t:|1783536367\n|move|p2a: Entei|Sacred Fire|p1a: Gyarados\n|-resisted|p1a: Gyarados\n|-damage|p1a: Gyarados|83/280 brn\n|move|p1a: Gyarados|Dragon Dance|p1a: Gyarados\n|-boost|p1a: Gyarados|atk|1\n|-boost|p1a: Gyarados|spe|1\n|\n|-damage|p1a: Gyarados|66/280 brn|[from] brn\n|upkeep\n|turn|4\n|inactive|Time left: 300 sec this turn | 300 sec total\n|\n|t:|1783536368\n|move|p1a: Gyarados|Waterfall|p2a: Entei\n|-supereffective|p2a: Entei\n|-damage|p2a: Entei|56/100\n|move|p2a: Entei|Sacred Fire|p1a: Gyarados\n|-resisted|p1a: Gyarados\n|-damage|p1a: Gyarados|0 fnt\n|faint|p1a: Gyarados\n|\n|upkeep\n|inactive|Time left: 300 sec this turn | 300 sec total | 5 sec grace\n|\n|t:|1783536369\n|switch|p1a: Granbull|Granbull, L88, M|302/302\n|-ability|p1a: Granbull|Intimidate|boost\n|-fail|p2a: Entei|unboost|Attack|[from] ability: Inner Focus|[of] p2a: Entei\n|turn|5\n|inactive|Time left: 300 sec this turn | 300 sec total\n|\n|t:|1783536370\n|move|p2a: Entei|Sacred Fire|p1a: Granbull\n|-crit|p1a: Granbull\n|-damage|p1a: Granbull|62/302\n|move|p1a: Granbull|Earthquake|p2a: Entei\n|-supereffective|p2a: Entei\n|-damage|p2a: Entei|0 fnt\n|faint|p2a: Entei\n|\n|-heal|p1a: Granbull|80/302|[from] item: Leftovers\n|upkeep\n|\n|t:|1783536371\n|switch|p2a: Heracross|Heracross, L80, M|100/100\n|turn|6\n|inactive|Time left: 300 sec this turn | 300 sec total\n|\n|t:|1783536372\n|move|p2a: Heracross|Megahorn|p1a: Granbull|[miss]\n|-miss|p2a: Heracross|p1a: Granbull\n|move|p1a: Granbull|Play Rough|p2a: Heracross\n|-supereffective|p2a: Heracross\n|-damage|p2a: Heracross|0 fnt\n|faint|p2a: Heracross\n|\n|-heal|p1a: Granbull|98/302|[from] item: Leftovers\n|upkeep\n|\n|t:|1783536373\n|switch|p2a: Rhyperior|Rhyperior, L82, M|100/100\n|turn|7\n|inactive|Time left: 300 sec this turn | 300 sec total\n|\n|t:|1783536374\n|move|p1a: Granbull|Play Rough|p2a: Rhyperior\n|-damage|p2a: Rhyperior|74/100\n|move|p2a: Rhyperior|Stone Edge|p1a: Granbull\n|-damage|p1a: Granbull|0 fnt\n|faint|p1a: Granbull\n|\n|upkeep\n|inactive|Time left: 300 sec this turn | 300 sec total | 5 sec grace\n|\n|t:|1783536375\n|switch|p1a: Eelektross|Eelektross, L87, F|290/290\n|turn|8\n|inactive|Time left: 300 sec this turn | 300 sec total\n|\n|t:|1783536375\n|move|p1a: Eelektross|Giga Drain|p2a: Rhyperior\n|-supereffective|p2a: Rhyperior\n|-damage|p2a: Rhyperior|0 fnt\n|faint|p2a: Rhyperior\n|\n|upkeep\n|\n|t:|1783536376\n|switch|p2a: Persian|Persian-Alola, L86, F|100/100\n|turn|9\n|inactive|Time left: 300 sec this turn | 300 sec total\n|\n|t:|1783536377\n|move|p2a: Persian|Foul Play|p1a: Eelektross\n|-damage|p1a: Eelektross|160/290\n|move|p1a: Eelektross|Discharge|p2a: Persian\n|-damage|p2a: Persian|50/100\n|\n|upkeep\n|turn|10\n|inactive|Time left: 300 sec this turn | 300 sec total\n|\n|t:|1783536378\n|move|p2a: Persian|Foul Play|p1a: Eelektross\n|-damage|p1a: Eelektross|22/290\n|move|p1a: Eelektross|Discharge|p2a: Persian\n|-crit|p2a: Persian\n|-damage|p2a: Persian|0 fnt\n|faint|p2a: Persian\n|\n|upkeep\n|\n|t:|1783536379\n|switch|p2a: Walking Wake|Walking Wake, L79|100/100\n|turn|11\n|inactive|Time left: 300 sec this turn | 300 sec total\n|\n|t:|1783536380\n|move|p2a: Walking Wake|Flamethrower|p1a: Eelektross\n|-damage|p1a: Eelektross|0 fnt\n|faint|p1a: Eelektross\n|-damage|p2a: Walking Wake|91/100|[from] item: Life Orb\n|\n|upkeep\n|inactive|Time left: 300 sec this turn | 300 sec total | 5 sec grace\n|\n|t:|1783536380\n|switch|p1a: Tsareena|Tsareena, L87, F|267/267\n|turn|12\n|inactive|Time left: 300 sec this turn | 300 sec total\n|\n|t:|1783536381\n|-terastallize|p2a: Walking Wake|Fire\n|move|p2a: Walking Wake|Flamethrower|p1a: Tsareena\n|-supereffective|p1a: Tsareena\n|-damage|p1a: Tsareena|103/267\n|-damage|p2a: Walking Wake|81/100|[from] item: Life Orb\n|move|p1a: Tsareena|Rapid Spin|p2a: Walking Wake\n|-damage|p2a: Walking Wake|66/100\n|-boost|p1a: Tsareena|spe|1\n|\n|upkeep\n|turn|13\n|inactive|Time left: 300 sec this turn | 300 sec total\n|\n|t:|1783536382\n|move|p1a: Tsareena|Power Whip|p2a: Walking Wake\n|-resisted|p2a: Walking Wake\n|-damage|p2a: Walking Wake|37/100\n|move|p2a: Walking Wake|Sunny Day|p2a: Walking Wake\n|-weather|SunnyDay\n|-activate|p2a: Walking Wake|ability: Protosynthesis\n|-start|p2a: Walking Wake|protosynthesisspa\n|\n|-weather|SunnyDay|[upkeep]\n|upkeep\n|turn|14\n|inactive|Time left: 300 sec this turn | 300 sec total\n|\n|t:|1783536383\n|-terastallize|p1a: Tsareena|Steel\n|move|p1a: Tsareena|Power Whip|p2a: Walking Wake\n|-resisted|p2a: Walking Wake\n|-damage|p2a: Walking Wake|9/100\n|move|p2a: Walking Wake|Sunny Day||[still]\n|-fail|p2a: Walking Wake\n|\n|-weather|SunnyDay|[upkeep]\n|upkeep\n|turn|15\n|inactive|Time left: 300 sec this turn | 300 sec total\n|\n|t:|1783536384\n|move|p1a: Tsareena|Triple Axel|p2a: Walking Wake\n|-resisted|p2a: Walking Wake\n|-damage|p2a: Walking Wake|6/100\n|-resisted|p2a: Walking Wake\n|-damage|p2a: Walking Wake|0 fnt\n|faint|p2a: Walking Wake\n|-end|p2a: Walking Wake|Protosynthesis|[silent]\n|-hitcount|p2: Walking Wake|2\n|\n|win|p0x2229dcd", "uploadtime": 1783536384, "views": 0, "rating": 0, "private": 0, "password": null, "_winner": "p0x2229dcd", "_our_name": "p0x2229dcd"}