{"id": "battle-gen9randombattle-1530", "formatid": "gen9randombattle", "format": "[Gen 9] Random Battle", "players": ["p0x1530b3b2", "p0y15307885"], "log": "|init|battle\n|title|p0x1530b3b2 vs. p0y15307885\n|j|\u2606p0x1530b3b2\n|j|\u2606p0y15307885\n|t:|1783556888\n|gametype|singles\n|player|p1|p0x1530b3b2|266|\n|player|p2|p0y15307885|169|\n|gen|9\n|tier|[Gen 9] Random Battle\n|rule|Species Clause: Limit one of each Pok\u00e9mon\n|rule|HP Percentage Mod: HP is shown in percentages\n|rule|Sleep Clause Mod: Limit one foe put to sleep\n|rule|Illusion Level Mod: Illusion disguises the Pok\u00e9mon's true level\n|\n|t:|1783556888\n|teamsize|p1|6\n|teamsize|p2|6\n|start\n|switch|p1a: Ariados|Ariados, L95, M|287/287\n|switch|p2a: Magnezone|Magnezone, L85|100/100\n|turn|1\n|inactive|Battle timer is ON: inactive players will automatically lose when time's up. (requested by p0x1530b3b2)\n|inactive|p0y15307885 also wants the timer to be on.\n|\n|t:|1783556889\n|move|p2a: Magnezone|Thunderbolt|p1a: Ariados\n|-damage|p1a: Ariados|154/287\n|move|p1a: Ariados|Sticky Web|p2a: Magnezone\n|-sidestart|p2: p0y15307885|move: Sticky Web\n|\n|upkeep\n|turn|2\n|inactive|Time left: 300 sec this turn | 300 sec total\n|\n|t:|1783556891\n|switch|p1a: Dugtrio|Dugtrio-Alola, L84, M|196/196\n|move|p2a: Magnezone|Thunderbolt|p1a: Dugtrio\n|-immune|p1a: Dugtrio\n|\n|upkeep\n|turn|3\n|inactive|Time left: 300 sec this turn | 300 sec total\n|\n|t:|1783556892\n|switch|p2a: Hydrapple|Hydrapple, L83, F|100/100\n|-activate|p2a: Hydrapple|move: Sticky Web\n|-unboost|p2a: Hydrapple|spe|1\n|move|p1a: Dugtrio|Stealth Rock|p2a: Hydrapple\n|-sidestart|p2: p0y15307885|move: Stealth Rock\n|\n|upkeep\n|turn|4\n|inactive|Time left: 300 sec this turn | 300 sec total\n|\n|t:|1783556893\n|switch|p1a: Decidueye|Decidueye, L88, F|281/281\n|move|p2a: Hydrapple|Fickle Beam|p1a: Decidueye\n|-damage|p1a: Decidueye|193/281\n|\n|upkeep\n|turn|5\n|inactive|Time left: 300 sec this turn | 300 sec total\n|\n|t:|1783556894\n|move|p1a: Decidueye|Swords Dance|p1a: Decidueye\n|-boost|p1a: Decidueye|atk|2\n|move|p2a: Hydrapple|Fickle Beam|p1a: Decidueye|[anim] Fickle Beam All Out\n|-activate|p2a: Hydrapple|move: Fickle Beam\n|-damage|p1a: Decidueye|25/281\n|\n|upkeep\n|turn|6\n|inactive|Time left: 300 sec this turn | 300 sec total\n|\n|t:|1783556895\n|move|p1a: Decidueye|Poltergeist|p2a: Hydrapple|[miss]\n|-miss|p1a: Decidueye|p2a: Hydrapple\n|move|p2a: Hydrapple|Earth Power|p1a: Decidueye\n|-resisted|p1a: Decidueye\n|-damage|p1a: Decidueye|0 fnt\n|faint|p1a: Decidueye\n|\n|upkeep\n|inactive|Time left: 300 sec this turn | 300 sec total | 5 sec grace\n|\n|t:|1783556895\n|switch|p1a: Ariados|Ariados, L95, M|154/287\n|turn|7\n|inactive|Time left: 300 sec this turn | 300 sec total\n|\n|t:|1783556896\n|move|p1a: Ariados|Megahorn|p2a: Hydrapple\n|-supereffective|p2a: Hydrapple\n|-damage|p2a: Hydrapple|12/100\n|move|p2a: Hydrapple|Fickle Beam|p1a: Ariados\n|-crit|p1a: Ariados\n|-damage|p1a: Ariados|0 fnt\n|faint|p1a: Ariados\n|\n|upkeep\n|inactive|Time left: 300 sec this turn | 300 sec total | 5 sec grace\n|\n|t:|1783556897\n|switch|p1a: Dugtrio|Dugtrio-Alola, L84, M|196/196\n|turn|8\n|inactive|Time left: 300 sec this turn | 300 sec total\n|\n|t:|1783556898\n|switch|p2a: Mienshao|Mienshao, L83, F|100/100\n|-activate|p2a: Mienshao|move: Sticky Web\n|-unboost|p2a: Mienshao|spe|1\n|-damage|p2a: Mienshao|94/100|[from] Stealth Rock\n|move|p1a: Dugtrio|Earthquake|p2a: Mienshao\n|-damage|p2a: Mienshao|18/100\n|-damage|p1a: Dugtrio|177/196|[from] item: Life Orb\n|\n|upkeep\n|turn|9\n|inactive|Time left: 300 sec this turn | 300 sec total\n|\n|t:|1783556899\n|switch|p2a: Hydrapple|Hydrapple, L83, F|45/100\n|-activate|p2a: Hydrapple|move: Sticky Web\n|-unboost|p2a: Hydrapple|spe|1\n|-damage|p2a: Hydrapple|33/100|[from] Stealth Rock\n|move|p1a: Dugtrio|Earthquake|p2a: Hydrapple\n|-resisted|p2a: Hydrapple\n|-damage|p2a: Hydrapple|13/100\n|-damage|p1a: Dugtrio|158/196|[from] item: Life Orb\n|\n|upkeep\n|turn|10\n|inactive|Time left: 300 sec this turn | 300 sec total\n|\n|t:|1783556900\n|move|p1a: Dugtrio|Earthquake|p2a: Hydrapple\n|-resisted|p2a: Hydrapple\n|-damage|p2a: Hydrapple|0 fnt\n|faint|p2a: Hydrapple\n|-damage|p1a: Dugtrio|139/196|[from] item: Life Orb\n|\n|upkeep\n|\n|t:|1783556901\n|switch|p2a: Dachsbun|Dachsbun, L92, M|100/100\n|-activate|p2a: Dachsbun|move: Sticky Web\n|-unboost|p2a: Dachsbun|spe|1\n|-damage|p2a: Dachsbun|88/100|[from] Stealth Rock\n|turn|11\n|inactive|Time left: 300 sec this turn | 300 sec total\n|\n|t:|1783556902\n|move|p1a: Dugtrio|Earthquake|p2a: Dachsbun\n|-damage|p2a: Dachsbun|45/100\n|-damage|p1a: Dugtrio|120/196|[from] item: Life Orb\n|move|p2a: Dachsbun|Body Press|p1a: Dugtrio\n|-supereffective|p1a: Dugtrio\n|-damage|p1a: Dugtrio|0 fnt\n|-ability|p1a: Dugtrio|Tangling Hair\n|-unboost|p2a: Dachsbun|spe|1\n|faint|p1a: Dugtrio\n|\n|-heal|p2a: Dachsbun|51/100|[from] item: Leftovers\n|upkeep\n|inactive|Time left: 300 sec this turn | 300 sec total | 5 sec grace\n|\n|t:|1783556903\n|switch|p1a: Palafin|Palafin, L77, M|281/281\n|turn|12\n|inactive|Time left: 300 sec this turn | 300 sec total\n|\n|t:|1783556904\n|move|p1a: Palafin|Bulk Up|p1a: Palafin\n|-boost|p1a: Palafin|atk|1\n|-boost|p1a: Palafin|def|1\n|move|p2a: Dachsbun|Play Rough|p1a: Palafin\n|-damage|p1a: Palafin|200/281\n|\n|-heal|p1a: Palafin|217/281|[from] item: Leftovers\n|-heal|p2a: Dachsbun|57/100|[from] item: Leftovers\n|upkeep\n|turn|13\n|inactive|Time left: 300 sec this turn | 300 sec total\n|\n|t:|1783556905\n|switch|p2a: Slowking|Slowking-Galar, L85, M|100/100\n|move|p1a: Palafin|Bulk Up|p1a: Palafin\n|-boost|p1a: Palafin|atk|1\n|-boost|p1a: Palafin|def|1\n|\n|-heal|p1a: Palafin|234/281|[from] item: Leftovers\n|upkeep\n|turn|14\n|inactive|Time left: 300 sec this turn | 300 sec total\n|\n|t:|1783556906\n|move|p1a: Palafin|Bulk Up|p1a: Palafin\n|-boost|p1a: Palafin|atk|1\n|-boost|p1a: Palafin|def|1\n|move|p2a: Slowking|Sludge Bomb|p1a: Palafin\n|-damage|p1a: Palafin|87/281\n|\n|-heal|p1a: Palafin|104/281|[from] item: Leftovers\n|upkeep\n|turn|15\n|inactive|Time left: 300 sec this turn | 300 sec total\n|\n|t:|1783556908\n|-terastallize|p1a: Palafin|Steel\n|move|p1a: Palafin|Jet Punch|p2a: Slowking\n|-damage|p2a: Slowking|66/100\n|move|p2a: Slowking|Psychic Noise|p1a: Palafin\n|-resisted|p1a: Palafin\n|-damage|p1a: Palafin|45/281\n|-start|p1a: Palafin|move: Heal Block\n|\n|upkeep\n|turn|16\n|inactive|Time left: 300 sec this turn | 300 sec total\n|\n|t:|1783556909\n|move|p1a: Palafin|Wave Crash|p2a: Slowking\n|-damage|p2a: Slowking|0 fnt\n|faint|p2a: Slowking\n|-damage|p1a: Palafin|0 fnt|[from] Recoil\n|faint|p1a: Palafin\n|\n|upkeep\n|inactive|Time left: 300 sec this turn | 300 sec total | 5 sec grace\n|\n|t:|1783556910\n|switch|p1a: Politoed|Politoed, L88, F|302/302\n|switch|p2a: Mienshao|Mienshao, L83, F|51/100\n|-activate|p2a: Mienshao|move: Sticky Web\n|-unboost|p2a: Mienshao|spe|1\n|-damage|p2a: Mienshao|45/100|[from] Stealth Rock\n|-weather|RainDance|[from] ability: Drizzle|[of] p1a: Politoed\n|turn|17\n|inactive|Time left: 300 sec this turn | 300 sec total\n|\n|t:|1783556911\n|switch|p2a: Chansey|Chansey, L85, F|100/100\n|-activate|p2a: Chansey|move: Sticky Web\n|-unboost|p2a: Chansey|spe|1\n|-damage|p2a: Chansey|88/100|[from] Stealth Rock\n|move|p1a: Politoed|Surf|p2a: Chansey\n|-damage|p2a: Chansey|72/100\n|\n|-weather|RainDance|[upkeep]\n|upkeep\n|turn|18\n|inactive|Time left: 300 sec this turn | 300 sec total\n|\n|t:|1783556912\n|move|p1a: Politoed|Surf|p2a: Chansey\n|-damage|p2a: Chansey|58/100\n|move|p2a: Chansey|Thunder Wave|p1a: Politoed\n|-status|p1a: Politoed|par\n|\n|-weather|RainDance|[upkeep]\n|upkeep\n|turn|19\n|inactive|Time left: 300 sec this turn | 300 sec total\n|\n|t:|1783556913\n|move|p2a: Chansey|Soft-Boiled|p2a: Chansey\n|-heal|p2a: Chansey|100/100\n|move|p1a: Politoed|Surf|p2a: Chansey\n|-damage|p2a: Chansey|86/100\n|\n|-weather|RainDance|[upkeep]\n|upkeep\n|turn|20\n|inactive|Time left: 300 sec this turn | 300 sec total\n|\n|t:|1783556914\n|move|p2a: Chansey|Seismic Toss|p1a: Politoed\n|-damage|p1a: Politoed|217/302 par\n|move|p1a: Politoed|Surf|p2a: Chansey\n|-damage|p2a: Chansey|72/100\n|\n|-weather|RainDance|[upkeep]\n|-heal|p1a: Politoed|235/302 par|[from] item: Leftovers\n|upkeep\n|turn|21\n|inactive|Time left: 300 sec this turn | 300 sec total\n|\n|t:|1783556915\n|move|p2a: Chansey|Seismic Toss|p1a: Politoed\n|-damage|p1a: Politoed|150/302 par\n|cant|p1a: Politoed|par\n|\n|-weather|none\n|-heal|p1a: Politoed|168/302 par|[from] item: Leftovers\n|upkeep\n|turn|22\n|inactive|Time left: 300 sec this turn | 300 sec total\n|\n|t:|1783556916\n|move|p2a: Chansey|Seismic Toss|p1a: Politoed\n|-damage|p1a: Politoed|83/302 par\n|move|p1a: Politoed|Encore|p2a: Chansey\n|-start|p2a: Chansey|Encore\n|\n|-heal|p1a: Politoed|101/302 par|[from] item: Leftovers\n|upkeep\n|turn|23\n|inactive|Time left: 300 sec this turn | 300 sec total\n|\n|t:|1783556917\n|move|p2a: Chansey|Seismic Toss|p1a: Politoed\n|-damage|p1a: Politoed|16/302 par\n|cant|p1a: Politoed|par\n|\n|-heal|p1a: Politoed|34/302 par|[from] item: Leftovers\n|upkeep\n|turn|24\n|inactive|Time left: 300 sec this turn | 300 sec total\n|\n|t:|1783556918\n|switch|p1a: Kleavor|Kleavor, L78, F|237/237\n|move|p2a: Chansey|Seismic Toss|p1a: Kleavor\n|-damage|p1a: Kleavor|152/237\n|\n|upkeep\n|turn|25\n|inactive|Time left: 300 sec this turn | 300 sec total\n|\n|t:|1783556920\n|switch|p2a: Magnezone|Magnezone, L85|100/100\n|-activate|p2a: Magnezone|move: Sticky Web\n|-unboost|p2a: Magnezone|spe|1\n|-damage|p2a: Magnezone|94/100|[from] Stealth Rock\n|move|p1a: Kleavor|X-Scissor|p2a: Magnezone\n|-resisted|p2a: Magnezone\n|-damage|p2a: Magnezone|72/100\n|\n|upkeep\n|turn|26\n|inactive|Time left: 300 sec this turn | 300 sec total\n|\n|t:|1783556920\n|switch|p1a: Politoed|Politoed, L88, F|34/302 par\n|-weather|RainDance|[from] ability: Drizzle|[of] p1a: Politoed\n|move|p2a: Magnezone|Flash Cannon|p1a: Politoed\n|-resisted|p1a: Politoed\n|-damage|p1a: Politoed|0 fnt\n|faint|p1a: Politoed\n|\n|-weather|RainDance|[upkeep]\n|upkeep\n|inactive|Time left: 300 sec this turn | 300 sec total | 5 sec grace\n|\n|t:|1783556921\n|switch|p1a: Kleavor|Kleavor, L78, F|152/237\n|turn|27\n|inactive|Time left: 300 sec this turn | 300 sec total\n|\n|t:|1783556922\n|-terastallize|p2a: Magnezone|Fighting\n|move|p1a: Kleavor|Stone Axe|p2a: Magnezone\n|-resisted|p2a: Magnezone\n|-damage|p2a: Magnezone|53/100\n|move|p2a: Magnezone|Flash Cannon|p1a: Kleavor\n|-supereffective|p1a: Kleavor\n|-damage|p1a: Kleavor|0 fnt\n|faint|p1a: Kleavor\n|\n|win|p0y15307885", "uploadtime": 1783556922, "views": 0, "rating": 0, "private": 0, "password": null, "_winner": "p0y15307885", "_our_name": "p0x1530b3b2"}