{"id": "battle-gen9randombattle-2926", "formatid": "gen9randombattle", "format": "[Gen 9] Random Battle", "players": ["p0x292600b7", "p0y292626c2"], "log": "|init|battle\n|title|p0x292600b7 vs. p0y292626c2\n|j|\u2606p0x292600b7\n|j|\u2606p0y292626c2\n|t:|1783573686\n|gametype|singles\n|player|p1|p0x292600b7|101|\n|player|p2|p0y292626c2|101|\n|gen|9\n|tier|[Gen 9] Random Battle\n|rule|Species Clause: Limit one of each Pok\u00e9mon\n|rule|HP Percentage Mod: HP is shown in percentages\n|rule|Sleep Clause Mod: Limit one foe put to sleep\n|rule|Illusion Level Mod: Illusion disguises the Pok\u00e9mon's true level\n|\n|t:|1783573686\n|teamsize|p1|6\n|teamsize|p2|6\n|start\n|switch|p1a: Scrafty|Scrafty, L83, F|100/100\n|switch|p2a: Tyranitar|Tyranitar, L78, M|284/284\n|-ability|p1a: Scrafty|Intimidate|boost\n|-unboost|p2a: Tyranitar|atk|1\n|-weather|Sandstorm|[from] ability: Sand Stream|[of] p2a: Tyranitar\n|turn|1\n|inactive|Battle timer is ON: inactive players will automatically lose when time's up. (requested by p0x292600b7)\n|inactive|Time left: 300 sec this turn | 300 sec total | 60 sec grace\n|inactive|p0y292626c2 also wants the timer to be on.\n|\n|t:|1783573687\n|switch|p2a: Glimmora|Glimmora, L75, M|248/248\n|move|p1a: Scrafty|Dragon Dance|p1a: Scrafty\n|-boost|p1a: Scrafty|atk|1\n|-boost|p1a: Scrafty|spe|1\n|\n|-weather|Sandstorm|[upkeep]\n|-damage|p1a: Scrafty|94/100|[from] Sandstorm\n|-heal|p1a: Scrafty|100/100|[from] item: Leftovers\n|upkeep\n|turn|2\n|inactive|Time left: 300 sec this turn | 300 sec total\n|\n|t:|1783573688\n|move|p1a: Scrafty|Knock Off|p2a: Glimmora\n|-damage|p2a: Glimmora|104/248\n|-activate|p2a: Glimmora|ability: Toxic Debris\n|-sidestart|p1: p0x292600b7|move: Toxic Spikes\n|-enditem|p2a: Glimmora|Heavy-Duty Boots|[from] move: Knock Off|[of] p1a: Scrafty\n|move|p2a: Glimmora|Sludge Wave|p1a: Scrafty\n|-damage|p1a: Scrafty|65/100\n|\n|-weather|Sandstorm|[upkeep]\n|-damage|p1a: Scrafty|59/100|[from] Sandstorm\n|-heal|p1a: Scrafty|65/100|[from] item: Leftovers\n|upkeep\n|turn|3\n|inactive|Time left: 300 sec this turn | 300 sec total\n|\n|t:|1783573689\n|switch|p2a: Dachsbun|Dachsbun, L92, M|254/254\n|move|p1a: Scrafty|Drain Punch|p2a: Dachsbun\n|-resisted|p2a: Dachsbun\n|-damage|p2a: Dachsbun|215/254\n|-heal|p1a: Scrafty|73/100|[from] drain|[of] p2a: Dachsbun\n|\n|-weather|Sandstorm|[upkeep]\n|-damage|p2a: Dachsbun|200/254|[from] Sandstorm\n|-damage|p1a: Scrafty|67/100|[from] Sandstorm\n|-heal|p2a: Dachsbun|215/254|[from] item: Leftovers\n|-heal|p1a: Scrafty|73/100|[from] item: Leftovers\n|upkeep\n|turn|4\n|inactive|Time left: 300 sec this turn | 300 sec total\n|\n|t:|1783573690\n|-terastallize|p1a: Scrafty|Poison\n|move|p2a: Dachsbun|Play Rough|p1a: Scrafty\n|-resisted|p1a: Scrafty\n|-damage|p1a: Scrafty|57/100\n|move|p1a: Scrafty|Dragon Dance|p1a: Scrafty\n|-boost|p1a: Scrafty|atk|1\n|-boost|p1a: Scrafty|spe|1\n|\n|-weather|Sandstorm|[upkeep]\n|-damage|p1a: Scrafty|51/100|[from] Sandstorm\n|-damage|p2a: Dachsbun|200/254|[from] Sandstorm\n|-heal|p1a: Scrafty|57/100|[from] item: Leftovers\n|-heal|p2a: Dachsbun|215/254|[from] item: Leftovers\n|upkeep\n|turn|5\n|inactive|Time left: 300 sec this turn | 300 sec total\n|\n|t:|1783573691\n|move|p2a: Dachsbun|Protect|p2a: Dachsbun\n|-singleturn|p2a: Dachsbun|Protect\n|move|p1a: Scrafty|Poison Jab|p2a: Dachsbun\n|-activate|p2a: Dachsbun|move: Protect\n|\n|-weather|none\n|-heal|p1a: Scrafty|64/100|[from] item: Leftovers\n|-heal|p2a: Dachsbun|230/254|[from] item: Leftovers\n|upkeep\n|turn|6\n|inactive|Time left: 300 sec this turn | 300 sec total\n|\n|t:|1783573692\n|switch|p2a: Glimmora|Glimmora, L75, M|104/248\n|move|p1a: Scrafty|Drain Punch|p2a: Glimmora\n|-damage|p2a: Glimmora|0 fnt\n|-heal|p1a: Scrafty|85/100|[from] drain|[of] p2a: Glimmora\n|-activate|p2a: Glimmora|ability: Toxic Debris\n|-sidestart|p1: p0x292600b7|move: Toxic Spikes\n|faint|p2a: Glimmora\n|\n|-heal|p1a: Scrafty|91/100|[from] item: Leftovers\n|upkeep\n|inactive|Time left: 300 sec this turn | 300 sec total | 5 sec grace\n|\n|t:|1783573693\n|switch|p2a: Milotic|Milotic, L83, M|293/293\n|turn|7\n|inactive|Time left: 300 sec this turn | 300 sec total\n|\n|t:|1783573694\n|move|p1a: Scrafty|Knock Off|p2a: Milotic\n|-damage|p2a: Milotic|101/293\n|-enditem|p2a: Milotic|Leftovers|[from] move: Knock Off|[of] p1a: Scrafty\n|move|p2a: Milotic|Dragon Tail|p1a: Scrafty\n|-damage|p1a: Scrafty|81/100\n|drag|p1a: Scyther|Scyther, L82, M|100/100\n|\n|upkeep\n|turn|8\n|inactive|Time left: 300 sec this turn | 300 sec total\n|\n|t:|1783573695\n|move|p1a: Scyther|Dual Wingbeat|p2a: Milotic\n|-damage|p2a: Milotic|25/293\n|-damage|p2a: Milotic|0 fnt\n|faint|p2a: Milotic\n|-hitcount|p2: Milotic|2\n|\n|upkeep\n|inactive|Time left: 300 sec this turn | 300 sec total | 5 sec grace\n|\n|t:|1783573696\n|switch|p2a: Roaring Moon|Roaring Moon, L72|270/270\n|turn|9\n|inactive|Time left: 300 sec this turn | 300 sec total\n|\n|t:|1783573697\n|switch|p1a: Scrafty|Scrafty, L83, F, tera:Poison|81/100\n|-sideend|p1: p0x292600b7|move: Toxic Spikes|[of] p1a: Scrafty\n|-ability|p1a: Scrafty|Intimidate|boost\n|-unboost|p2a: Roaring Moon|atk|1\n|move|p2a: Roaring Moon|Knock Off|p1a: Scrafty\n|-damage|p1a: Scrafty|56/100\n|-enditem|p1a: Scrafty|Leftovers|[from] move: Knock Off|[of] p2a: Roaring Moon\n|\n|upkeep\n|turn|10\n|inactive|Time left: 300 sec this turn | 300 sec total\n|\n|t:|1783573698\n|-end|p2a: Roaring Moon|Protosynthesis|[silent]\n|switch|p2a: Kingdra|Kingdra, L84, F|263/263\n|move|p1a: Scrafty|Drain Punch|p2a: Kingdra\n|-damage|p2a: Kingdra|190/263\n|-heal|p1a: Scrafty|71/100|[from] drain|[of] p2a: Kingdra\n|\n|upkeep\n|turn|11\n|inactive|Time left: 300 sec this turn | 300 sec total\n|\n|t:|1783573699\n|move|p2a: Kingdra|Dragon Dance|p2a: Kingdra\n|-boost|p2a: Kingdra|atk|1\n|-boost|p2a: Kingdra|spe|1\n|move|p1a: Scrafty|Drain Punch|p2a: Kingdra\n|-damage|p2a: Kingdra|114/263\n|-heal|p1a: Scrafty|87/100|[from] drain|[of] p2a: Kingdra\n|\n|upkeep\n|turn|12\n|inactive|Time left: 300 sec this turn | 300 sec total\n|\n|t:|1783573700\n|move|p2a: Kingdra|Outrage|p1a: Scrafty\n|-damage|p1a: Scrafty|23/100\n|move|p1a: Scrafty|Drain Punch|p2a: Kingdra\n|-damage|p2a: Kingdra|44/263\n|-heal|p1a: Scrafty|37/100|[from] drain|[of] p2a: Kingdra\n|\n|upkeep\n|turn|13\n|inactive|Time left: 300 sec this turn | 300 sec total\n|\n|t:|1783573701\n|switch|p1a: Carbink|Carbink, L90|100/100\n|move|p2a: Kingdra|Outrage|p1a: Carbink|[from] lockedmove\n|-immune|p1a: Carbink\n|-start|p2a: Kingdra|confusion|[fatigue]\n|-enditem|p2a: Kingdra|Lum Berry|[eat]\n|-end|p2a: Kingdra|confusion\n|\n|upkeep\n|turn|14\n|inactive|Time left: 300 sec this turn | 300 sec total\n|\n|t:|1783573702\n|move|p2a: Kingdra|Iron Head|p1a: Carbink\n|-supereffective|p1a: Carbink\n|-damage|p1a: Carbink|16/100\n|move|p1a: Carbink|Body Press|p2a: Kingdra\n|-damage|p2a: Kingdra|0 fnt\n|faint|p2a: Kingdra\n|\n|-heal|p1a: Carbink|22/100|[from] item: Leftovers\n|upkeep\n|inactive|Time left: 300 sec this turn | 300 sec total | 5 sec grace\n|\n|t:|1783573704\n|switch|p2a: Roaring Moon|Roaring Moon, L72|270/270\n|turn|15\n|inactive|Time left: 300 sec this turn | 300 sec total\n|\n|t:|1783573705\n|move|p2a: Roaring Moon|Iron Head|p1a: Carbink\n|-supereffective|p1a: Carbink\n|-damage|p1a: Carbink|0 fnt\n|faint|p1a: Carbink\n|\n|upkeep\n|\n|t:|1783573706\n|switch|p1a: Scrafty|Scrafty, L83, F, tera:Poison|37/100\n|-ability|p1a: Scrafty|Intimidate|boost\n|-unboost|p2a: Roaring Moon|atk|1\n|turn|16\n|inactive|Time left: 300 sec this turn | 300 sec total\n|\n|t:|1783573707\n|-end|p2a: Roaring Moon|Protosynthesis|[silent]\n|switch|p2a: Dachsbun|Dachsbun, L92, M|230/254\n|move|p1a: Scrafty|Drain Punch|p2a: Dachsbun\n|-resisted|p2a: Dachsbun\n|-damage|p2a: Dachsbun|201/254\n|-heal|p1a: Scrafty|44/100|[from] drain|[of] p2a: Dachsbun\n|\n|-heal|p2a: Dachsbun|216/254|[from] item: Leftovers\n|upkeep\n|turn|17\n|inactive|Time left: 300 sec this turn | 300 sec total\n|\n|t:|1783573708\n|move|p2a: Dachsbun|Play Rough|p1a: Scrafty\n|-resisted|p1a: Scrafty\n|-damage|p1a: Scrafty|26/100\n|move|p1a: Scrafty|Dragon Dance|p1a: Scrafty\n|-boost|p1a: Scrafty|atk|1\n|-boost|p1a: Scrafty|spe|1\n|\n|-heal|p2a: Dachsbun|231/254|[from] item: Leftovers\n|upkeep\n|turn|18\n|inactive|Time left: 300 sec this turn | 300 sec total\n|\n|t:|1783573709\n|move|p2a: Dachsbun|Play Rough|p1a: Scrafty\n|-resisted|p1a: Scrafty\n|-damage|p1a: Scrafty|11/100\n|move|p1a: Scrafty|Drain Punch|p2a: Dachsbun\n|-resisted|p2a: Dachsbun\n|-damage|p2a: Dachsbun|191/254\n|-heal|p1a: Scrafty|19/100|[from] drain|[of] p2a: Dachsbun\n|\n|-heal|p2a: Dachsbun|206/254|[from] item: Leftovers\n|upkeep\n|turn|19\n|inactive|Time left: 300 sec this turn | 300 sec total\n|\n|t:|1783573710\n|move|p2a: Dachsbun|Play Rough|p1a: Scrafty\n|-resisted|p1a: Scrafty\n|-damage|p1a: Scrafty|3/100\n|move|p1a: Scrafty|Dragon Dance|p1a: Scrafty\n|-boost|p1a: Scrafty|atk|1\n|-boost|p1a: Scrafty|spe|1\n|\n|-heal|p2a: Dachsbun|221/254|[from] item: Leftovers\n|upkeep\n|turn|20\n|inactive|Time left: 300 sec this turn | 300 sec total\n|\n|t:|1783573711\n|move|p1a: Scrafty|Drain Punch|p2a: Dachsbun\n|-resisted|p2a: Dachsbun\n|-damage|p2a: Dachsbun|164/254\n|-heal|p1a: Scrafty|14/100|[from] drain|[of] p2a: Dachsbun\n|move|p2a: Dachsbun|Play Rough|p1a: Scrafty|[miss]\n|-miss|p2a: Dachsbun|p1a: Scrafty\n|\n|-heal|p2a: Dachsbun|179/254|[from] item: Leftovers\n|upkeep\n|turn|21\n|inactive|Time left: 300 sec this turn | 300 sec total\n|\n|t:|1783573712\n|move|p1a: Scrafty|Drain Punch|p2a: Dachsbun\n|-resisted|p2a: Dachsbun\n|-damage|p2a: Dachsbun|119/254\n|-heal|p1a: Scrafty|27/100|[from] drain|[of] p2a: Dachsbun\n|move|p2a: Dachsbun|Play Rough|p1a: Scrafty\n|-resisted|p1a: Scrafty\n|-damage|p1a: Scrafty|11/100\n|\n|-heal|p2a: Dachsbun|134/254|[from] item: Leftovers\n|upkeep\n|turn|22\n|inactive|Time left: 300 sec this turn | 300 sec total\n|\n|t:|1783573713\n|move|p1a: Scrafty|Drain Punch|p2a: Dachsbun\n|-resisted|p2a: Dachsbun\n|-damage|p2a: Dachsbun|83/254\n|-heal|p1a: Scrafty|21/100|[from] drain|[of] p2a: Dachsbun\n|move|p2a: Dachsbun|Play Rough|p1a: Scrafty\n|-resisted|p1a: Scrafty\n|-damage|p1a: Scrafty|6/100\n|\n|-heal|p2a: Dachsbun|98/254|[from] item: Leftovers\n|upkeep\n|turn|23\n|inactive|Time left: 300 sec this turn | 300 sec total\n|\n|t:|1783573714\n|move|p1a: Scrafty|Drain Punch|p2a: Dachsbun\n|-resisted|p2a: Dachsbun\n|-damage|p2a: Dachsbun|38/254\n|-heal|p1a: Scrafty|18/100|[from] drain|[of] p2a: Dachsbun\n|move|p2a: Dachsbun|Play Rough|p1a: Scrafty\n|-resisted|p1a: Scrafty\n|-damage|p1a: Scrafty|1/100\n|\n|-heal|p2a: Dachsbun|53/254|[from] item: Leftovers\n|upkeep\n|turn|24\n|inactive|Time left: 300 sec this turn | 300 sec total\n|\n|t:|1783573715\n|move|p2a: Dachsbun|Protect|p2a: Dachsbun\n|-singleturn|p2a: Dachsbun|Protect\n|move|p1a: Scrafty|Drain Punch|p2a: Dachsbun\n|-activate|p2a: Dachsbun|move: Protect\n|\n|-heal|p2a: Dachsbun|68/254|[from] item: Leftovers\n|upkeep\n|turn|25\n|inactive|Time left: 300 sec this turn | 300 sec total\n|\n|t:|1783573716\n|move|p1a: Scrafty|Knock Off|p2a: Dachsbun\n|-resisted|p2a: Dachsbun\n|-damage|p2a: Dachsbun|0 fnt\n|-enditem|p2a: Dachsbun|Leftovers|[from] move: Knock Off|[of] p1a: Scrafty\n|faint|p2a: Dachsbun\n|\n|upkeep\n|inactive|Time left: 300 sec this turn | 300 sec total | 5 sec grace\n|\n|t:|1783573717\n|switch|p2a: Tyranitar|Tyranitar, L78, M|284/284\n|-weather|Sandstorm|[from] ability: Sand Stream|[of] p2a: Tyranitar\n|turn|26\n|inactive|Time left: 300 sec this turn | 300 sec total\n|\n|t:|1783573718\n|-terastallize|p2a: Tyranitar|Ghost\n|move|p1a: Scrafty|Drain Punch|p2a: Tyranitar\n|-immune|p2a: Tyranitar\n|move|p2a: Tyranitar|Knock Off|p1a: Scrafty\n|-damage|p1a: Scrafty|0 fnt\n|faint|p1a: Scrafty\n|\n|-weather|Sandstorm|[upkeep]\n|-damage|p2a: Tyranitar|267/284|[from] Sandstorm\n|-heal|p2a: Tyranitar|284/284|[from] item: Leftovers\n|upkeep\n|\n|t:|1783573719\n|switch|p1a: Porygon2|Porygon2, L81|100/100\n|-ability|p1a: Porygon2|Download|boost\n|-boost|p1a: Porygon2|spa|1\n|turn|27\n|inactive|Time left: 300 sec this turn | 300 sec total\n|\n|t:|1783573720\n|move|p1a: Porygon2|Shadow Ball|p2a: Tyranitar\n|-supereffective|p2a: Tyranitar\n|-damage|p2a: Tyranitar|122/284\n|-unboost|p2a: Tyranitar|spd|1\n|move|p2a: Tyranitar|Knock Off|p1a: Porygon2\n|-damage|p1a: Porygon2|71/100\n|-enditem|p1a: Porygon2|Eviolite|[from] move: Knock Off|[of] p2a: Tyranitar\n|\n|-weather|Sandstorm|[upkeep]\n|-damage|p1a: Porygon2|65/100|[from] Sandstorm\n|-damage|p2a: Tyranitar|105/284|[from] Sandstorm\n|-heal|p2a: Tyranitar|122/284|[from] item: Leftovers\n|upkeep\n|turn|28\n|inactive|Time left: 300 sec this turn | 300 sec total\n|\n|t:|1783573721\n|switch|p2a: Roaring Moon|Roaring Moon, L72|270/270\n|move|p1a: Porygon2|Shadow Ball|p2a: Roaring Moon\n|-resisted|p2a: Roaring Moon\n|-damage|p2a: Roaring Moon|224/270\n|-unboost|p2a: Roaring Moon|spd|1\n|\n|-weather|Sandstorm|[upkeep]\n|-damage|p2a: Roaring Moon|208/270|[from] Sandstorm\n|-damage|p1a: Porygon2|59/100|[from] Sandstorm\n|upkeep\n|turn|29\n|inactive|Time left: 300 sec this turn | 300 sec total\n|\n|t:|1783573722\n|-end|p2a: Roaring Moon|Protosynthesis|[silent]\n|switch|p2a: Tyranitar|Tyranitar, L78, M, tera:Ghost|122/284\n|move|p1a: Porygon2|Recover|p1a: Porygon2\n|-heal|p1a: Porygon2|100/100\n|\n|-weather|Sandstorm|[upkeep]\n|-damage|p1a: Porygon2|95/100|[from] Sandstorm\n|-damage|p2a: Tyranitar|105/284|[from] Sandstorm\n|-heal|p2a: Tyranitar|122/284|[from] item: Leftovers\n|upkeep\n|turn|30\n|inactive|Time left: 300 sec this turn | 300 sec total\n|\n|t:|1783573723\n|switch|p2a: Roaring Moon|Roaring Moon, L72|208/270\n|move|p1a: Porygon2|Shadow Ball|p2a: Roaring Moon\n|-resisted|p2a: Roaring Moon\n|-damage|p2a: Roaring Moon|161/270\n|\n|-weather|none\n|upkeep\n|turn|31\n|inactive|Time left: 300 sec this turn | 300 sec total\n|\n|t:|1783573724\n|switch|p1a: Scyther|Scyther, L82, M|100/100\n|move|p2a: Roaring Moon|Dragon Dance|p2a: Roaring Moon\n|-boost|p2a: Roaring Moon|atk|1\n|-boost|p2a: Roaring Moon|spe|1\n|\n|upkeep\n|turn|32\n|inactive|Time left: 300 sec this turn | 300 sec total\n|\n|t:|1783573725\n|move|p2a: Roaring Moon|Iron Head|p1a: Scyther\n|-damage|p1a: Scyther|65/100\n|cant|p1a: Scyther|flinch\n|\n|upkeep\n|turn|33\n|inactive|Time left: 300 sec this turn | 300 sec total\n|\n|t:|1783573726\n|switch|p1a: Scream Tail|Scream Tail, L84|100/100\n|move|p2a: Roaring Moon|Knock Off|p1a: Scream Tail\n|-damage|p1a: Scream Tail|61/100\n|-enditem|p1a: Scream Tail|Leftovers|[from] move: Knock Off|[of] p2a: Roaring Moon\n|\n|upkeep\n|turn|34\n|inactive|Time left: 300 sec this turn | 300 sec total\n|\n|t:|1783573726\n|move|p2a: Roaring Moon|Iron Head|p1a: Scream Tail\n|-supereffective|p1a: Scream Tail\n|-damage|p1a: Scream Tail|19/100\n|cant|p1a: Scream Tail|flinch\n|\n|upkeep\n|turn|35\n|inactive|Time left: 300 sec this turn | 300 sec total\n|\n|t:|1783573727\n|move|p1a: Scream Tail|Protect|p1a: Scream Tail\n|-singleturn|p1a: Scream Tail|Protect\n|move|p2a: Roaring Moon|Knock Off|p1a: Scream Tail\n|-activate|p1a: Scream Tail|move: Protect\n|\n|upkeep\n|turn|36\n|inactive|Time left: 300 sec this turn | 300 sec total\n|\n|t:|1783573728\n|-end|p1a: Scream Tail|Protosynthesis|[silent]\n|switch|p1a: Porygon2|Porygon2, L81|95/100\n|-ability|p1a: Porygon2|Download|boost\n|-boost|p1a: Porygon2|atk|1\n|move|p2a: Roaring Moon|Knock Off|p1a: Porygon2\n|-damage|p1a: Porygon2|53/100\n|\n|upkeep\n|turn|37\n|inactive|Time left: 300 sec this turn | 300 sec total\n|\n|t:|1783573729\n|move|p2a: Roaring Moon|Knock Off|p1a: Porygon2\n|-damage|p1a: Porygon2|15/100\n|move|p1a: Porygon2|Recover|p1a: Porygon2\n|-heal|p1a: Porygon2|65/100\n|\n|upkeep\n|turn|38\n|inactive|Time left: 300 sec this turn | 300 sec total\n|\n|t:|1783573730\n|move|p2a: Roaring Moon|Knock Off|p1a: Porygon2\n|-damage|p1a: Porygon2|29/100\n|move|p1a: Porygon2|Tera Blast|p2a: Roaring Moon\n|-damage|p2a: Roaring Moon|73/270\n|\n|upkeep\n|turn|39\n|inactive|Time left: 300 sec this turn | 300 sec total\n|\n|t:|1783573731\n|switch|p1a: Scream Tail|Scream Tail, L84|19/100\n|move|p2a: Roaring Moon|Knock Off|p1a: Scream Tail\n|-damage|p1a: Scream Tail|0 fnt\n|faint|p1a: Scream Tail\n|-end|p1a: Scream Tail|Protosynthesis|[silent]\n|\n|upkeep\n|\n|t:|1783573732\n|switch|p1a: Scyther|Scyther, L82, M|65/100\n|turn|40\n|inactive|Time left: 300 sec this turn | 300 sec total\n|\n|t:|1783573732\n|move|p2a: Roaring Moon|Iron Head|p1a: Scyther\n|-damage|p1a: Scyther|29/100\n|move|p1a: Scyther|Close Combat|p2a: Roaring Moon\n|-supereffective|p2a: Roaring Moon\n|-damage|p2a: Roaring Moon|0 fnt\n|-unboost|p1a: Scyther|def|1\n|-unboost|p1a: Scyther|spd|1\n|faint|p2a: Roaring Moon\n|-end|p2a: Roaring Moon|Protosynthesis|[silent]\n|\n|upkeep\n|inactive|Time left: 300 sec this turn | 300 sec total | 5 sec grace\n|\n|t:|1783573733\n|switch|p2a: Tyranitar|Tyranitar, L78, M, tera:Ghost|122/284\n|-weather|Sandstorm|[from] ability: Sand Stream|[of] p2a: Tyranitar\n|turn|41\n|inactive|Time left: 300 sec this turn | 300 sec total\n|\n|t:|1783573733\n|move|p1a: Scyther|Dual Wingbeat|p2a: Tyranitar\n|-damage|p2a: Tyranitar|58/284\n|-damage|p2a: Tyranitar|0 fnt\n|faint|p2a: Tyranitar\n|-hitcount|p2: Tyranitar|2\n|\n|win|p0x292600b7", "uploadtime": 1783573733, "views": 0, "rating": 0, "private": 0, "password": null, "_winner": "p0x292600b7", "_our_name": "p0y292626c2"}