{"id": "battle-gen9randombattle-199", "formatid": "gen9randombattle", "format": "[Gen 9] Random Battle", "players": ["p0x199dd82", "p0y199c306"], "log": "|init|battle\n|title|p0x199dd82 vs. p0y199c306\n|j|\u2606p0x199dd82\n|j|\u2606p0y199c306\n|t:|1783536063\n|gametype|singles\n|player|p1|p0x199dd82|1|\n|player|p2|p0y199c306|101|\n|gen|9\n|tier|[Gen 9] Random Battle\n|rule|Species Clause: Limit one of each Pok\u00e9mon\n|rule|HP Percentage Mod: HP is shown in percentages\n|rule|Sleep Clause Mod: Limit one foe put to sleep\n|rule|Illusion Level Mod: Illusion disguises the Pok\u00e9mon's true level\n|\n|t:|1783536063\n|teamsize|p1|6\n|teamsize|p2|6\n|start\n|switch|p1a: Solgaleo|Solgaleo, L74|100/100\n|switch|p2a: Maushold|Maushold-Four, L76|238/238\n|turn|1\n|inactive|Battle timer is ON: inactive players will automatically lose when time's up. (requested by p0y199c306)\n|\n|t:|1783536064\n|switch|p2a: Mudsdale|Mudsdale, L83, M|302/302\n|move|p1a: Solgaleo|Sunsteel Strike|p2a: Mudsdale\n|-damage|p2a: Mudsdale|206/302\n|-ability|p2a: Mudsdale|Stamina|boost\n|-boost|p2a: Mudsdale|def|1\n|\n|-heal|p2a: Mudsdale|224/302|[from] item: Leftovers\n|upkeep\n|turn|2\n|inactive|Time left: 300 sec this turn | 300 sec total\n|inactive|p0x199dd82 also wants the timer to be on.\n|\n|t:|1783536066\n|switch|p1a: Gastrodon|Gastrodon, L86, F|100/100\n|move|p2a: Mudsdale|Earthquake|p1a: Gastrodon\n|-crit|p1a: Gastrodon\n|-damage|p1a: Gastrodon|27/100\n|\n|-heal|p1a: Gastrodon|33/100|[from] item: Leftovers\n|-heal|p2a: Mudsdale|242/302|[from] item: Leftovers\n|upkeep\n|turn|3\n|inactive|Time left: 300 sec this turn | 300 sec total\n|\n|t:|1783536067\n|move|p1a: Gastrodon|Recover|p1a: Gastrodon\n|-heal|p1a: Gastrodon|83/100\n|move|p2a: Mudsdale|Earthquake|p1a: Gastrodon\n|-crit|p1a: Gastrodon\n|-damage|p1a: Gastrodon|20/100\n|\n|-heal|p1a: Gastrodon|26/100|[from] item: Leftovers\n|-heal|p2a: Mudsdale|260/302|[from] item: Leftovers\n|upkeep\n|turn|4\n|inactive|Time left: 300 sec this turn | 300 sec total\n|\n|t:|1783536068\n|move|p1a: Gastrodon|Surf|p2a: Mudsdale\n|-supereffective|p2a: Mudsdale\n|-damage|p2a: Mudsdale|72/302\n|-ability|p2a: Mudsdale|Stamina|boost\n|-boost|p2a: Mudsdale|def|1\n|move|p2a: Mudsdale|Earthquake|p1a: Gastrodon\n|-damage|p1a: Gastrodon|0 fnt\n|faint|p1a: Gastrodon\n|\n|-heal|p2a: Mudsdale|90/302|[from] item: Leftovers\n|upkeep\n|\n|t:|1783536069\n|switch|p1a: Milotic|Milotic, L83, F|100/100\n|turn|5\n|inactive|Time left: 300 sec this turn | 300 sec total\n|\n|t:|1783536070\n|switch|p2a: Lunala|Lunala, L70|308/308\n|move|p1a: Milotic|Scald|p2a: Lunala\n|-damage|p2a: Lunala|265/308\n|\n|-heal|p2a: Lunala|284/308|[from] item: Leftovers\n|upkeep\n|turn|6\n|inactive|Time left: 300 sec this turn | 300 sec total\n|\n|t:|1783536071\n|move|p1a: Milotic|Scald|p2a: Lunala\n|-damage|p2a: Lunala|202/308\n|-status|p2a: Lunala|brn\n|move|p2a: Lunala|Calm Mind|p2a: Lunala\n|-boost|p2a: Lunala|spa|1\n|-boost|p2a: Lunala|spd|1\n|\n|-heal|p2a: Lunala|221/308 brn|[from] item: Leftovers\n|-damage|p2a: Lunala|202/308 brn|[from] brn\n|upkeep\n|turn|7\n|inactive|Time left: 300 sec this turn | 300 sec total\n|\n|t:|1783536072\n|move|p1a: Milotic|Haze|p1a: Milotic\n|-clearallboost\n|move|p2a: Lunala|Moongeist Beam|p1a: Milotic\n|-damage|p1a: Milotic|73/100\n|\n|-heal|p1a: Milotic|79/100|[from] item: Leftovers\n|-heal|p2a: Lunala|221/308 brn|[from] item: Leftovers\n|-damage|p2a: Lunala|202/308 brn|[from] brn\n|upkeep\n|turn|8\n|inactive|Time left: 300 sec this turn | 300 sec total\n|\n|t:|1783536073\n|move|p1a: Milotic|Scald|p2a: Lunala\n|-damage|p2a: Lunala|109/308 brn\n|move|p2a: Lunala|Moonlight|p2a: Lunala\n|-heal|p2a: Lunala|263/308 brn\n|\n|-heal|p1a: Milotic|85/100|[from] item: Leftovers\n|-heal|p2a: Lunala|282/308 brn|[from] item: Leftovers\n|-damage|p2a: Lunala|263/308 brn|[from] brn\n|upkeep\n|turn|9\n|inactive|Time left: 300 sec this turn | 300 sec total\n|\n|t:|1783536074\n|move|p1a: Milotic|Scald|p2a: Lunala\n|-damage|p2a: Lunala|178/308 brn\n|move|p2a: Lunala|Calm Mind|p2a: Lunala\n|-boost|p2a: Lunala|spa|1\n|-boost|p2a: Lunala|spd|1\n|\n|-heal|p1a: Milotic|91/100|[from] item: Leftovers\n|-heal|p2a: Lunala|197/308 brn|[from] item: Leftovers\n|-damage|p2a: Lunala|178/308 brn|[from] brn\n|upkeep\n|turn|10\n|inactive|Time left: 300 sec this turn | 300 sec total\n|\n|t:|1783536075\n|move|p1a: Milotic|Haze|p1a: Milotic\n|-clearallboost\n|move|p2a: Lunala|Moonlight|p2a: Lunala\n|-heal|p2a: Lunala|308/308 brn\n|\n|-heal|p1a: Milotic|97/100|[from] item: Leftovers\n|-damage|p2a: Lunala|289/308 brn|[from] brn\n|upkeep\n|turn|11\n|inactive|Time left: 300 sec this turn | 300 sec total\n|\n|t:|1783536076\n|move|p1a: Milotic|Scald|p2a: Lunala\n|-damage|p2a: Lunala|202/308 brn\n|move|p2a: Lunala|Calm Mind|p2a: Lunala\n|-boost|p2a: Lunala|spa|1\n|-boost|p2a: Lunala|spd|1\n|\n|-heal|p1a: Milotic|100/100|[from] item: Leftovers\n|-heal|p2a: Lunala|221/308 brn|[from] item: Leftovers\n|-damage|p2a: Lunala|202/308 brn|[from] brn\n|upkeep\n|turn|12\n|inactive|Time left: 300 sec this turn | 300 sec total\n|\n|t:|1783536077\n|move|p1a: Milotic|Haze|p1a: Milotic\n|-clearallboost\n|move|p2a: Lunala|Moonlight|p2a: Lunala\n|-heal|p2a: Lunala|308/308 brn\n|\n|-damage|p2a: Lunala|289/308 brn|[from] brn\n|upkeep\n|turn|13\n|inactive|Time left: 300 sec this turn | 300 sec total\n|\n|t:|1783536078\n|move|p1a: Milotic|Scald|p2a: Lunala\n|-damage|p2a: Lunala|193/308 brn\n|move|p2a: Lunala|Calm Mind|p2a: Lunala\n|-boost|p2a: Lunala|spa|1\n|-boost|p2a: Lunala|spd|1\n|\n|-heal|p2a: Lunala|212/308 brn|[from] item: Leftovers\n|-damage|p2a: Lunala|193/308 brn|[from] brn\n|upkeep\n|turn|14\n|inactive|Time left: 300 sec this turn | 300 sec total\n|\n|t:|1783536079\n|move|p1a: Milotic|Haze|p1a: Milotic\n|-clearallboost\n|move|p2a: Lunala|Moongeist Beam|p1a: Milotic\n|-damage|p1a: Milotic|76/100\n|\n|-heal|p1a: Milotic|82/100|[from] item: Leftovers\n|-heal|p2a: Lunala|212/308 brn|[from] item: Leftovers\n|-damage|p2a: Lunala|193/308 brn|[from] brn\n|upkeep\n|turn|15\n|inactive|Time left: 300 sec this turn | 300 sec total\n|\n|t:|1783536079\n|move|p1a: Milotic|Scald|p2a: Lunala\n|-damage|p2a: Lunala|97/308 brn\n|move|p2a: Lunala|Moonlight|p2a: Lunala\n|-heal|p2a: Lunala|251/308 brn\n|\n|-heal|p1a: Milotic|88/100|[from] item: Leftovers\n|-heal|p2a: Lunala|270/308 brn|[from] item: Leftovers\n|-damage|p2a: Lunala|251/308 brn|[from] brn\n|upkeep\n|turn|16\n|inactive|Time left: 300 sec this turn | 300 sec total\n|\n|t:|1783536080\n|move|p1a: Milotic|Scald|p2a: Lunala\n|-damage|p2a: Lunala|169/308 brn\n|move|p2a: Lunala|Calm Mind|p2a: Lunala\n|-boost|p2a: Lunala|spa|1\n|-boost|p2a: Lunala|spd|1\n|\n|-heal|p1a: Milotic|94/100|[from] item: Leftovers\n|-heal|p2a: Lunala|188/308 brn|[from] item: Leftovers\n|-damage|p2a: Lunala|169/308 brn|[from] brn\n|upkeep\n|turn|17\n|inactive|Time left: 300 sec this turn | 300 sec total\n|\n|t:|1783536081\n|move|p1a: Milotic|Haze|p1a: Milotic\n|-clearallboost\n|move|p2a: Lunala|Moonlight|p2a: Lunala\n|-heal|p2a: Lunala|308/308 brn\n|\n|-heal|p1a: Milotic|99/100|[from] item: Leftovers\n|-damage|p2a: Lunala|289/308 brn|[from] brn\n|upkeep\n|turn|18\n|inactive|Time left: 300 sec this turn | 300 sec total\n|\n|t:|1783536082\n|move|p1a: Milotic|Scald|p2a: Lunala\n|-damage|p2a: Lunala|205/308 brn\n|move|p2a: Lunala|Calm Mind|p2a: Lunala\n|-boost|p2a: Lunala|spa|1\n|-boost|p2a: Lunala|spd|1\n|\n|-heal|p1a: Milotic|100/100|[from] item: Leftovers\n|-heal|p2a: Lunala|224/308 brn|[from] item: Leftovers\n|-damage|p2a: Lunala|205/308 brn|[from] brn\n|upkeep\n|turn|19\n|inactive|Time left: 300 sec this turn | 300 sec total\n|\n|t:|1783536083\n|move|p1a: Milotic|Haze|p1a: Milotic\n|-clearallboost\n|move|p2a: Lunala|Psyshock|p1a: Milotic\n|-damage|p1a: Milotic|73/100\n|\n|-heal|p1a: Milotic|79/100|[from] item: Leftovers\n|-heal|p2a: Lunala|224/308 brn|[from] item: Leftovers\n|-damage|p2a: Lunala|205/308 brn|[from] brn\n|upkeep\n|turn|20\n|inactive|Time left: 300 sec this turn | 300 sec total\n|\n|t:|1783536084\n|move|p1a: Milotic|Scald|p2a: Lunala\n|-damage|p2a: Lunala|118/308 brn\n|move|p2a: Lunala|Moonlight|p2a: Lunala\n|-heal|p2a: Lunala|272/308 brn\n|\n|-heal|p1a: Milotic|85/100|[from] item: Leftovers\n|-heal|p2a: Lunala|291/308 brn|[from] item: Leftovers\n|-damage|p2a: Lunala|272/308 brn|[from] brn\n|upkeep\n|turn|21\n|inactive|Time left: 300 sec this turn | 300 sec total\n|\n|t:|1783536085\n|move|p1a: Milotic|Scald|p2a: Lunala\n|-damage|p2a: Lunala|176/308 brn\n|move|p2a: Lunala|Calm Mind|p2a: Lunala\n|-boost|p2a: Lunala|spa|1\n|-boost|p2a: Lunala|spd|1\n|\n|-heal|p1a: Milotic|91/100|[from] item: Leftovers\n|-heal|p2a: Lunala|195/308 brn|[from] item: Leftovers\n|-damage|p2a: Lunala|176/308 brn|[from] brn\n|upkeep\n|turn|22\n|inactive|Time left: 300 sec this turn | 300 sec total\n|\n|t:|1783536086\n|move|p1a: Milotic|Haze|p1a: Milotic\n|-clearallboost\n|move|p2a: Lunala|Moonlight|p2a: Lunala\n|-heal|p2a: Lunala|308/308 brn\n|\n|-heal|p1a: Milotic|97/100|[from] item: Leftovers\n|-damage|p2a: Lunala|289/308 brn|[from] brn\n|upkeep\n|turn|23\n|inactive|Time left: 300 sec this turn | 300 sec total\n|\n|t:|1783536087\n|move|p1a: Milotic|Scald|p2a: Lunala\n|-damage|p2a: Lunala|198/308 brn\n|move|p2a: Lunala|Calm Mind|p2a: Lunala\n|-boost|p2a: Lunala|spa|1\n|-boost|p2a: Lunala|spd|1\n|\n|-heal|p1a: Milotic|100/100|[from] item: Leftovers\n|-heal|p2a: Lunala|217/308 brn|[from] item: Leftovers\n|-damage|p2a: Lunala|198/308 brn|[from] brn\n|upkeep\n|turn|24\n|inactive|Time left: 300 sec this turn | 300 sec total\n|\n|t:|1783536088\n|move|p1a: Milotic|Haze|p1a: Milotic\n|-clearallboost\n|move|p2a: Lunala|Moonlight|p2a: Lunala\n|-heal|p2a: Lunala|308/308 brn\n|\n|-damage|p2a: Lunala|289/308 brn|[from] brn\n|upkeep\n|turn|25\n|inactive|Time left: 300 sec this turn | 300 sec total\n|\n|t:|1783536089\n|move|p1a: Milotic|Scald|p2a: Lunala\n|-damage|p2a: Lunala|205/308 brn\n|move|p2a: Lunala|Calm Mind|p2a: Lunala\n|-boost|p2a: Lunala|spa|1\n|-boost|p2a: Lunala|spd|1\n|\n|-heal|p2a: Lunala|224/308 brn|[from] item: Leftovers\n|-damage|p2a: Lunala|205/308 brn|[from] brn\n|upkeep\n|turn|26\n|inactive|Time left: 300 sec this turn | 300 sec total\n|\n|t:|1783536090\n|move|p1a: Milotic|Haze|p1a: Milotic\n|-clearallboost\n|move|p2a: Lunala|Calm Mind|p2a: Lunala\n|-boost|p2a: Lunala|spa|1\n|-boost|p2a: Lunala|spd|1\n|\n|-heal|p2a: Lunala|224/308 brn|[from] item: Leftovers\n|-damage|p2a: Lunala|205/308 brn|[from] brn\n|upkeep\n|turn|27\n|inactive|Time left: 300 sec this turn | 300 sec total\n|\n|t:|1783536091\n|move|p1a: Milotic|Haze|p1a: Milotic\n|-clearallboost\n|move|p2a: Lunala|Moongeist Beam|p1a: Milotic\n|-damage|p1a: Milotic|75/100\n|\n|-heal|p1a: Milotic|81/100|[from] item: Leftovers\n|-heal|p2a: Lunala|224/308 brn|[from] item: Leftovers\n|-damage|p2a: Lunala|205/308 brn|[from] brn\n|upkeep\n|turn|28\n|inactive|Time left: 300 sec this turn | 300 sec total\n|\n|t:|1783536092\n|move|p1a: Milotic|Scald|p2a: Lunala\n|-damage|p2a: Lunala|115/308 brn\n|move|p2a: Lunala|Calm Mind|p2a: Lunala\n|-boost|p2a: Lunala|spa|1\n|-boost|p2a: Lunala|spd|1\n|\n|-heal|p1a: Milotic|87/100|[from] item: Leftovers\n|-heal|p2a: Lunala|134/308 brn|[from] item: Leftovers\n|-damage|p2a: Lunala|115/308 brn|[from] brn\n|upkeep\n|turn|29\n|inactive|Time left: 300 sec this turn | 300 sec total\n|\n|t:|1783536093\n|move|p1a: Milotic|Scald|p2a: Lunala\n|-damage|p2a: Lunala|58/308 brn\n|move|p2a: Lunala|Psyshock|p1a: Milotic\n|-damage|p1a: Milotic|40/100\n|\n|-heal|p1a: Milotic|46/100|[from] item: Leftovers\n|-heal|p2a: Lunala|77/308 brn|[from] item: Leftovers\n|-damage|p2a: Lunala|58/308 brn|[from] brn\n|upkeep\n|turn|30\n|inactive|Time left: 300 sec this turn | 300 sec total\n|\n|t:|1783536094\n|move|p1a: Milotic|Scald|p2a: Lunala\n|-crit|p2a: Lunala\n|-damage|p2a: Lunala|0 fnt\n|faint|p2a: Lunala\n|\n|-heal|p1a: Milotic|52/100|[from] item: Leftovers\n|upkeep\n|inactive|Time left: 300 sec this turn | 300 sec total | 5 sec grace\n|\n|t:|1783536094\n|switch|p2a: Smeargle|Smeargle, L95, M|258/258\n|turn|31\n|inactive|Time left: 300 sec this turn | 300 sec total\n|\n|t:|1783536095\n|move|p2a: Smeargle|Sticky Web|p1a: Milotic\n|-sidestart|p1: p0x199dd82|move: Sticky Web\n|move|p1a: Milotic|Scald|p2a: Smeargle\n|-damage|p2a: Smeargle|147/258\n|\n|-heal|p1a: Milotic|59/100|[from] item: Leftovers\n|upkeep\n|turn|32\n|inactive|Time left: 300 sec this turn | 300 sec total\n|\n|t:|1783536097\n|move|p2a: Smeargle|Spore|p1a: Milotic\n|-status|p1a: Milotic|slp|[from] move: Spore\n|cant|p1a: Milotic|slp\n|\n|-heal|p1a: Milotic|65/100 slp|[from] item: Leftovers\n|upkeep\n|turn|33\n|inactive|Time left: 300 sec this turn | 300 sec total\n|\n|t:|1783536097\n|move|p2a: Smeargle|Ceaseless Edge|p1a: Milotic|[miss]\n|-miss|p2a: Smeargle|p1a: Milotic\n|cant|p1a: Milotic|slp\n|\n|-heal|p1a: Milotic|71/100 slp|[from] item: Leftovers\n|upkeep\n|turn|34\n|inactive|Time left: 300 sec this turn | 300 sec total\n|\n|t:|1783536098\n|move|p2a: Smeargle|Ceaseless Edge|p1a: Milotic\n|-damage|p1a: Milotic|62/100 slp\n|-sidestart|p1: p0x199dd82|Spikes\n|-curestatus|p1a: Milotic|slp|[msg]\n|move|p1a: Milotic|Scald|p2a: Smeargle\n|-crit|p2a: Smeargle\n|-damage|p2a: Smeargle|0 fnt\n|faint|p2a: Smeargle\n|\n|-heal|p1a: Milotic|68/100|[from] item: Leftovers\n|upkeep\n|inactive|Time left: 300 sec this turn | 300 sec total | 5 sec grace\n|\n|t:|1783536100\n|switch|p2a: Maushold|Maushold-Four, L76|238/238\n|turn|35\n|inactive|Time left: 300 sec this turn | 300 sec total\n|\n|t:|1783536101\n|-terastallize|p1a: Milotic|Steel\n|move|p2a: Maushold|Population Bomb|p1a: Milotic\n|-resisted|p1a: Milotic\n|-damage|p1a: Milotic|64/100\n|-resisted|p1a: Milotic\n|-damage|p1a: Milotic|60/100\n|-resisted|p1a: Milotic\n|-damage|p1a: Milotic|56/100\n|-resisted|p1a: Milotic\n|-damage|p1a: Milotic|51/100\n|-resisted|p1a: Milotic\n|-damage|p1a: Milotic|47/100\n|-resisted|p1a: Milotic\n|-damage|p1a: Milotic|43/100\n|-resisted|p1a: Milotic\n|-damage|p1a: Milotic|39/100\n|-resisted|p1a: Milotic\n|-damage|p1a: Milotic|34/100\n|-resisted|p1a: Milotic\n|-damage|p1a: Milotic|30/100\n|-resisted|p1a: Milotic\n|-damage|p1a: Milotic|26/100\n|-hitcount|p1a: Milotic|10\n|move|p1a: Milotic|Scald|p2a: Maushold\n|-damage|p2a: Maushold|133/238\n|\n|-heal|p1a: Milotic|33/100|[from] item: Leftovers\n|upkeep\n|turn|36\n|inactive|Time left: 300 sec this turn | 300 sec total\n|\n|t:|1783536102\n|move|p2a: Maushold|Population Bomb|p1a: Milotic\n|-resisted|p1a: Milotic\n|-damage|p1a: Milotic|28/100\n|-resisted|p1a: Milotic\n|-damage|p1a: Milotic|24/100\n|-resisted|p1a: Milotic\n|-damage|p1a: Milotic|20/100\n|-resisted|p1a: Milotic\n|-damage|p1a: Milotic|16/100\n|-resisted|p1a: Milotic\n|-damage|p1a: Milotic|12/100\n|-resisted|p1a: Milotic\n|-damage|p1a: Milotic|8/100\n|-resisted|p1a: Milotic\n|-damage|p1a: Milotic|4/100\n|-resisted|p1a: Milotic\n|-crit|p1a: Milotic\n|-damage|p1a: Milotic|0 fnt\n|faint|p1a: Milotic\n|-hitcount|p1: Milotic|8\n|\n|upkeep\n|\n|t:|1783536102\n|switch|p1a: Solgaleo|Solgaleo, L74|100/100\n|-activate|p1a: Solgaleo|move: Sticky Web\n|-fail|p1a: Solgaleo|unboost|[from] ability: Full Metal Body|[of] p1a: Solgaleo\n|-damage|p1a: Solgaleo|88/100|[from] Spikes\n|turn|37\n|inactive|Time left: 300 sec this turn | 300 sec total\n|\n|t:|1783536103\n|switch|p2a: Skarmory|Skarmory, L80, F|235/235\n|move|p1a: Solgaleo|Sunsteel Strike|p2a: Skarmory\n|-resisted|p2a: Skarmory\n|-damage|p2a: Skarmory|196/235\n|-damage|p1a: Solgaleo|72/100|[from] item: Rocky Helmet|[of] p2a: Skarmory\n|\n|upkeep\n|turn|38\n|inactive|Time left: 300 sec this turn | 300 sec total\n|\n|t:|1783536105\n|move|p1a: Solgaleo|Flame Charge|p2a: Skarmory\n|-supereffective|p2a: Skarmory\n|-damage|p2a: Skarmory|144/235\n|-boost|p1a: Solgaleo|spe|1\n|-damage|p1a: Solgaleo|55/100|[from] item: Rocky Helmet|[of] p2a: Skarmory\n|move|p2a: Skarmory|Roost|p2a: Skarmory\n|-heal|p2a: Skarmory|235/235\n|-singleturn|p2a: Skarmory|move: Roost\n|\n|upkeep\n|turn|39\n|inactive|Time left: 300 sec this turn | 300 sec total\n|\n|t:|1783536106\n|move|p1a: Solgaleo|Flame Charge|p2a: Skarmory\n|-supereffective|p2a: Skarmory\n|-damage|p2a: Skarmory|185/235\n|-boost|p1a: Solgaleo|spe|1\n|-damage|p1a: Solgaleo|38/100|[from] item: Rocky Helmet|[of] p2a: Skarmory\n|move|p2a: Skarmory|Body Press|p1a: Solgaleo\n|-damage|p1a: Solgaleo|16/100\n|\n|upkeep\n|turn|40\n|inactive|Time left: 300 sec this turn | 300 sec total\n|\n|t:|1783536107\n|move|p1a: Solgaleo|Earthquake|p2a: Skarmory\n|-immune|p2a: Skarmory\n|move|p2a: Skarmory|Roost|p2a: Skarmory\n|-heal|p2a: Skarmory|235/235\n|-singleturn|p2a: Skarmory|move: Roost\n|\n|upkeep\n|turn|41\n|inactive|Time left: 300 sec this turn | 300 sec total\n|\n|t:|1783536108\n|switch|p1a: Ampharos|Ampharos, L88, F|100/100\n|-activate|p1a: Ampharos|move: Sticky Web\n|-unboost|p1a: Ampharos|spe|1\n|-damage|p1a: Ampharos|88/100|[from] Spikes\n|move|p2a: Skarmory|Spikes|p1a: Ampharos\n|-sidestart|p1: p0x199dd82|Spikes\n|\n|upkeep\n|turn|42\n|inactive|Time left: 300 sec this turn | 300 sec total\n|\n|t:|1783536109\n|switch|p2a: Venusaur|Venusaur, L84, M|272/272\n|move|p1a: Ampharos|Thunderbolt|p2a: Venusaur\n|-resisted|p2a: Venusaur\n|-damage|p2a: Venusaur|188/272\n|-status|p2a: Venusaur|par\n|\n|-heal|p2a: Venusaur|205/272 par|[from] item: Leftovers\n|upkeep\n|turn|43\n|inactive|Time left: 300 sec this turn | 300 sec total\n|\n|t:|1783536110\n|move|p1a: Ampharos|Thunderbolt|p2a: Venusaur\n|-resisted|p2a: Venusaur\n|-damage|p2a: Venusaur|119/272 par\n|move|p2a: Venusaur|Sleep Powder|p1a: Ampharos|[miss]\n|-miss|p2a: Venusaur|p1a: Ampharos\n|\n|-heal|p2a: Venusaur|136/272 par|[from] item: Leftovers\n|upkeep\n|turn|44\n|inactive|Time left: 300 sec this turn | 300 sec total\n|\n|t:|1783536111\n|switch|p2a: Mudsdale|Mudsdale, L83, M|90/302\n|move|p1a: Ampharos|Thunderbolt|p2a: Mudsdale\n|-immune|p2a: Mudsdale\n|\n|-heal|p2a: Mudsdale|108/302|[from] item: Leftovers\n|upkeep\n|turn|45\n|inactive|Time left: 300 sec this turn | 300 sec total\n|\n|t:|1783536112\n|switch|p1a: Solgaleo|Solgaleo, L74|16/100\n|-activate|p1a: Solgaleo|move: Sticky Web\n|-fail|p1a: Solgaleo|unboost|[from] ability: Full Metal Body|[of] p1a: Solgaleo\n|-damage|p1a: Solgaleo|0 fnt|[from] Spikes\n|faint|p1a: Solgaleo\n|move|p2a: Mudsdale|Earthquake|p1: Solgaleo|[notarget]\n|-fail|p2a: Mudsdale\n|\n|-heal|p2a: Mudsdale|126/302|[from] item: Leftovers\n|upkeep\n|\n|t:|1783536113\n|switch|p1a: Sneasler|Sneasler, L74, F|100/100\n|-activate|p1a: Sneasler|move: Sticky Web\n|-unboost|p1a: Sneasler|spe|1\n|-damage|p1a: Sneasler|84/100|[from] Spikes\n|turn|46\n|inactive|Time left: 300 sec this turn | 300 sec total\n|\n|t:|1783536114\n|move|p1a: Sneasler|Close Combat|p2a: Mudsdale\n|-damage|p2a: Mudsdale|0 fnt\n|-unboost|p1a: Sneasler|def|1\n|-unboost|p1a: Sneasler|spd|1\n|faint|p2a: Mudsdale\n|\n|upkeep\n|inactive|Time left: 300 sec this turn | 300 sec total | 5 sec grace\n|\n|t:|1783536114\n|switch|p2a: Skarmory|Skarmory, L80, F|235/235\n|turn|47\n|inactive|Time left: 300 sec this turn | 300 sec total\n|\n|t:|1783536115\n|move|p2a: Skarmory|Brave Bird|p1a: Sneasler\n|-supereffective|p1a: Sneasler\n|-damage|p1a: Sneasler|0 fnt\n|faint|p1a: Sneasler\n|-damage|p2a: Skarmory|169/235|[from] Recoil\n|\n|upkeep\n|\n|t:|1783536116\n|switch|p1a: Ampharos|Ampharos, L88, F|88/100\n|-activate|p1a: Ampharos|move: Sticky Web\n|-unboost|p1a: Ampharos|spe|1\n|-damage|p1a: Ampharos|72/100|[from] Spikes\n|turn|48\n|inactive|Time left: 300 sec this turn | 300 sec total\n|\n|t:|1783536117\n|switch|p2a: Venusaur|Venusaur, L84, M|136/272 par\n|move|p1a: Ampharos|Thunderbolt|p2a: Venusaur\n|-resisted|p2a: Venusaur\n|-damage|p2a: Venusaur|55/272 par\n|\n|-heal|p2a: Venusaur|72/272 par|[from] item: Leftovers\n|upkeep\n|turn|49\n|inactive|Time left: 300 sec this turn | 300 sec total\n|\n|t:|1783536118\n|-terastallize|p2a: Venusaur|Water\n|move|p1a: Ampharos|Thunderbolt|p2a: Venusaur\n|-supereffective|p2a: Venusaur\n|-damage|p2a: Venusaur|0 fnt\n|faint|p2a: Venusaur\n|\n|upkeep\n|inactive|Time left: 300 sec this turn | 300 sec total | 5 sec grace\n|\n|t:|1783536119\n|switch|p2a: Maushold|Maushold-Four, L76|133/238\n|turn|50\n|inactive|Time left: 300 sec this turn | 300 sec total\n|\n|t:|1783536120\n|move|p2a: Maushold|Population Bomb|p1a: Ampharos\n|-damage|p1a: Ampharos|64/100\n|-damage|p1a: Ampharos|56/100\n|-damage|p1a: Ampharos|50/100\n|-status|p2a: Maushold|par|[from] ability: Static|[of] p1a: Ampharos\n|-damage|p1a: Ampharos|41/100\n|-damage|p1a: Ampharos|34/100\n|-damage|p1a: Ampharos|27/100\n|-damage|p1a: Ampharos|20/100\n|-damage|p1a: Ampharos|13/100\n|-damage|p1a: Ampharos|6/100\n|-damage|p1a: Ampharos|0 fnt\n|faint|p1a: Ampharos\n|-hitcount|p1: Ampharos|10\n|\n|upkeep\n|\n|t:|1783536121\n|switch|p1a: Comfey|Comfey, L85, M|100/100\n|-activate|p1a: Comfey|move: Sticky Web\n|-unboost|p1a: Comfey|spe|1\n|-damage|p1a: Comfey|84/100|[from] Spikes\n|turn|51\n|inactive|Time left: 300 sec this turn | 300 sec total\n|\n|t:|1783536122\n|move|p1a: Comfey|Draining Kiss|p2a: Maushold\n|-damage|p2a: Maushold|76/238 par\n|-heal|p1a: Comfey|100/100|[from] drain|[of] p2a: Maushold\n|cant|p2a: Maushold|par\n|\n|upkeep\n|turn|52\n|inactive|Time left: 300 sec this turn | 300 sec total\n|\n|t:|1783536123\n|move|p1a: Comfey|Calm Mind|p1a: Comfey\n|-boost|p1a: Comfey|spa|1\n|-boost|p1a: Comfey|spd|1\n|move|p2a: Maushold|Population Bomb|p1a: Comfey\n|-damage|p1a: Comfey|91/100\n|-damage|p1a: Comfey|81/100\n|-damage|p1a: Comfey|72/100\n|-damage|p1a: Comfey|62/100\n|-damage|p1a: Comfey|52/100\n|-damage|p1a: Comfey|43/100\n|-damage|p1a: Comfey|32/100\n|-damage|p1a: Comfey|22/100\n|-damage|p1a: Comfey|12/100\n|-damage|p1a: Comfey|1/100\n|-hitcount|p1a: Comfey|10\n|\n|-heal|p1a: Comfey|8/100|[from] item: Leftovers\n|upkeep\n|turn|53\n|inactive|Time left: 300 sec this turn | 300 sec total\n|\n|t:|1783536123\n|switch|p2a: Skarmory|Skarmory, L80, F|169/235\n|move|p1a: Comfey|Stored Power|p2a: Skarmory\n|-resisted|p2a: Skarmory\n|-damage|p2a: Skarmory|132/235\n|\n|-heal|p1a: Comfey|14/100|[from] item: Leftovers\n|upkeep\n|turn|54\n|inactive|Time left: 300 sec this turn | 300 sec total\n|\n|t:|1783536124\n|move|p1a: Comfey|Giga Drain|p2a: Skarmory\n|-resisted|p2a: Skarmory\n|-damage|p2a: Skarmory|108/235\n|-heal|p1a: Comfey|19/100|[from] drain|[of] p2a: Skarmory\n|move|p2a: Skarmory|Brave Bird|p1a: Comfey\n|-damage|p1a: Comfey|0 fnt\n|faint|p1a: Comfey\n|-damage|p2a: Skarmory|94/235|[from] Recoil\n|\n|win|p0y199c306", "uploadtime": 1783536124, "views": 0, "rating": 0, "private": 0, "password": null, "_winner": "p0y199c306", "_our_name": "p0y199c306"}