{"id": "battle-gen9randombattle-52", "formatid": "gen9randombattle", "format": "[Gen 9] Random Battle", "players": ["p0x052bcec", "p0y0528b5d"], "log": "|init|battle\n|title|p0x052bcec vs. p0y0528b5d\n|j|\u2606p0x052bcec\n|j|\u2606p0y0528b5d\n|t:|1783539789\n|gametype|singles\n|player|p1|p0x052bcec|265|\n|player|p2|p0y0528b5d|2|\n|gen|9\n|tier|[Gen 9] Random Battle\n|rule|Species Clause: Limit one of each Pok\u00e9mon\n|rule|HP Percentage Mod: HP is shown in percentages\n|rule|Sleep Clause Mod: Limit one foe put to sleep\n|rule|Illusion Level Mod: Illusion disguises the Pok\u00e9mon's true level\n|\n|t:|1783539789\n|teamsize|p1|6\n|teamsize|p2|6\n|start\n|switch|p1a: Dodrio|Dodrio, L85, F|100/100\n|switch|p2a: Slowking|Slowking, L88, M|310/310\n|turn|1\n|inactive|Battle timer is ON: inactive players will automatically lose when time's up. (requested by p0x052bcec)\n|inactive|Time left: 300 sec this turn | 300 sec total | 60 sec grace\n|\n|t:|1783539791\n|move|p1a: Dodrio|Knock Off|p2a: Slowking\n|-supereffective|p2a: Slowking\n|-damage|p2a: Slowking|56/310\n|-enditem|p2a: Slowking|Heavy-Duty Boots|[from] move: Knock Off|[of] p1a: Dodrio\n|move|p2a: Slowking|Scald|p1a: Dodrio\n|-damage|p1a: Dodrio|47/100\n|-status|p1a: Dodrio|brn\n|\n|-damage|p1a: Dodrio|41/100 brn|[from] brn\n|upkeep\n|turn|2\n|inactive|Time left: 300 sec this turn | 300 sec total\n|inactive|p0y0528b5d also wants the timer to be on.\n|\n|t:|1783539792\n|switch|p2a: Mightyena|Mightyena, L96, F|290/290\n|-ability|p2a: Mightyena|Intimidate|boost\n|-unboost|p1a: Dodrio|atk|1\n|move|p1a: Dodrio|Knock Off|p2a: Mightyena\n|-resisted|p2a: Mightyena\n|-damage|p2a: Mightyena|268/290\n|-enditem|p2a: Mightyena|Leftovers|[from] move: Knock Off|[of] p1a: Dodrio\n|\n|-damage|p1a: Dodrio|35/100 brn|[from] brn\n|upkeep\n|turn|3\n|inactive|Time left: 300 sec this turn | 300 sec total\n|\n|t:|1783539793\n|move|p1a: Dodrio|Knock Off|p2a: Mightyena\n|-resisted|p2a: Mightyena\n|-damage|p2a: Mightyena|253/290\n|move|p2a: Mightyena|Crunch|p1a: Dodrio\n|-damage|p1a: Dodrio|0 fnt\n|faint|p1a: Dodrio\n|\n|upkeep\n|\n|t:|1783539794\n|switch|p1a: Rampardos|Rampardos, L90, F|100/100\n|turn|4\n|inactive|Time left: 300 sec this turn | 300 sec total\n|\n|t:|1783539796\n|move|p1a: Rampardos|Earthquake|p2a: Mightyena\n|-damage|p2a: Mightyena|132/290\n|move|p2a: Mightyena|Crunch|p1a: Rampardos\n|-damage|p1a: Rampardos|64/100\n|-unboost|p1a: Rampardos|def|1\n|\n|upkeep\n|turn|5\n|inactive|Time left: 300 sec this turn | 300 sec total\n|\n|t:|1783539797\n|switch|p2a: Toucannon|Toucannon, L88, M|284/284\n|move|p1a: Rampardos|Earthquake|p2a: Toucannon\n|-immune|p2a: Toucannon\n|\n|upkeep\n|turn|6\n|inactive|Time left: 300 sec this turn | 300 sec total\n|\n|t:|1783539798\n|switch|p1a: Iron Moth|Iron Moth, L78|100/100\n|move|p2a: Toucannon|Bullet Seed|p1a: Iron Moth\n|-resisted|p1a: Iron Moth\n|-damage|p1a: Iron Moth|97/100\n|-resisted|p1a: Iron Moth\n|-crit|p1a: Iron Moth\n|-damage|p1a: Iron Moth|92/100\n|-resisted|p1a: Iron Moth\n|-damage|p1a: Iron Moth|89/100\n|-resisted|p1a: Iron Moth\n|-damage|p1a: Iron Moth|86/100\n|-resisted|p1a: Iron Moth\n|-damage|p1a: Iron Moth|83/100\n|-hitcount|p1a: Iron Moth|5\n|\n|upkeep\n|turn|7\n|inactive|Time left: 300 sec this turn | 300 sec total\n|\n|t:|1783539799\n|-singleturn|p2a: Toucannon|move: Beak Blast\n|move|p1a: Iron Moth|Fiery Dance|p2a: Toucannon\n|-damage|p2a: Toucannon|131/284\n|move|p2a: Toucannon|Beak Blast|p1a: Iron Moth\n|-damage|p1a: Iron Moth|3/100\n|\n|upkeep\n|turn|8\n|inactive|Time left: 300 sec this turn | 300 sec total\n|\n|t:|1783539800\n|switch|p2a: Slowking|Slowking, L88, M|159/310\n|move|p1a: Iron Moth|Fiery Dance|p2a: Slowking\n|-resisted|p2a: Slowking\n|-damage|p2a: Slowking|100/310\n|-boost|p1a: Iron Moth|spa|1\n|\n|upkeep\n|turn|9\n|inactive|Time left: 300 sec this turn | 300 sec total\n|\n|t:|1783539801\n|switch|p2a: Latios|Latios, L78, M|253/253\n|move|p1a: Iron Moth|Fiery Dance|p2a: Latios\n|-resisted|p2a: Latios\n|-damage|p2a: Latios|157/253\n|-boost|p1a: Iron Moth|spa|1\n|\n|upkeep\n|turn|10\n|inactive|Time left: 300 sec this turn | 300 sec total\n|\n|t:|1783539802\n|move|p1a: Iron Moth|Fiery Dance|p2a: Latios\n|-resisted|p2a: Latios\n|-damage|p2a: Latios|16/253\n|-boost|p1a: Iron Moth|spa|1\n|move|p2a: Latios|Luster Purge|p1a: Iron Moth\n|-supereffective|p1a: Iron Moth\n|-damage|p1a: Iron Moth|0 fnt\n|faint|p1a: Iron Moth\n|-end|p1a: Iron Moth|Quark Drive|[silent]\n|\n|upkeep\n|\n|t:|1783539803\n|switch|p1a: Regieleki|Regieleki, L79|100/100\n|turn|11\n|inactive|Time left: 300 sec this turn | 300 sec total\n|\n|t:|1783539804\n|switch|p2a: Slither Wing|Slither Wing, L81|270/270\n|move|p1a: Regieleki|Volt Switch|p2a: Slither Wing\n|-damage|p2a: Slither Wing|174/270\n|\n|t:|1783539805\n|switch|p1a: Venomoth|Venomoth, L84, F|100/100|[from] Volt Switch\n|\n|upkeep\n|turn|12\n|inactive|Time left: 300 sec this turn | 300 sec total\n|\n|t:|1783539806\n|move|p1a: Venomoth|Quiver Dance|p1a: Venomoth\n|-boost|p1a: Venomoth|spa|1\n|-boost|p1a: Venomoth|spd|1\n|-boost|p1a: Venomoth|spe|1\n|move|p2a: Slither Wing|Morning Sun|p2a: Slither Wing\n|-heal|p2a: Slither Wing|270/270\n|\n|upkeep\n|turn|13\n|inactive|Time left: 300 sec this turn | 300 sec total\n|\n|t:|1783539807\n|move|p1a: Venomoth|Quiver Dance|p1a: Venomoth\n|-boost|p1a: Venomoth|spa|1\n|-boost|p1a: Venomoth|spd|1\n|-boost|p1a: Venomoth|spe|1\n|move|p2a: Slither Wing|U-turn|p1a: Venomoth\n|-resisted|p1a: Venomoth\n|-damage|p1a: Venomoth|77/100\n|inactive|Time left: 300 sec this turn | 300 sec total | 5 sec grace\n|\n|t:|1783539808\n|-end|p2a: Slither Wing|Protosynthesis|[silent]\n|switch|p2a: Mightyena|Mightyena, L96, F|132/290|[from] U-turn\n|-ability|p2a: Mightyena|Intimidate|boost\n|-unboost|p1a: Venomoth|atk|1\n|\n|upkeep\n|turn|14\n|inactive|Time left: 300 sec this turn | 300 sec total\n|\n|t:|1783539809\n|move|p2a: Mightyena|Sucker Punch|p1a: Venomoth\n|-damage|p1a: Venomoth|28/100\n|move|p1a: Venomoth|Bug Buzz|p2a: Mightyena\n|-supereffective|p2a: Mightyena\n|-damage|p2a: Mightyena|0 fnt\n|faint|p2a: Mightyena\n|\n|upkeep\n|inactive|Time left: 300 sec this turn | 300 sec total | 5 sec grace\n|\n|t:|1783539810\n|switch|p2a: Slowking|Slowking, L88, M|203/310\n|turn|15\n|inactive|Time left: 300 sec this turn | 300 sec total\n|\n|t:|1783539811\n|-terastallize|p2a: Slowking|Dragon\n|move|p1a: Venomoth|Bug Buzz|p2a: Slowking\n|-damage|p2a: Slowking|59/310\n|move|p2a: Slowking|Scald|p1a: Venomoth\n|-damage|p1a: Venomoth|6/100\n|\n|upkeep\n|turn|16\n|inactive|Time left: 300 sec this turn | 300 sec total\n|\n|t:|1783539812\n|switch|p2a: Latios|Latios, L78, M|16/253\n|move|p1a: Venomoth|Bug Buzz|p2a: Latios\n|-supereffective|p2a: Latios\n|-damage|p2a: Latios|0 fnt\n|faint|p2a: Latios\n|\n|upkeep\n|inactive|Time left: 300 sec this turn | 300 sec total | 5 sec grace\n|\n|t:|1783539813\n|switch|p2a: Slither Wing|Slither Wing, L81|270/270\n|turn|17\n|inactive|Time left: 300 sec this turn | 300 sec total\n|\n|t:|1783539814\n|move|p1a: Venomoth|Sleep Powder|p2a: Slither Wing\n|-status|p2a: Slither Wing|slp|[from] move: Sleep Powder\n|cant|p2a: Slither Wing|slp\n|\n|upkeep\n|turn|18\n|inactive|Time left: 300 sec this turn | 300 sec total\n|\n|t:|1783539815\n|move|p1a: Venomoth|Bug Buzz|p2a: Slither Wing\n|-resisted|p2a: Slither Wing\n|-damage|p2a: Slither Wing|120/270 slp\n|-curestatus|p2a: Slither Wing|slp|[msg]\n|move|p2a: Slither Wing|U-turn|p1a: Venomoth\n|-resisted|p1a: Venomoth\n|-damage|p1a: Venomoth|0 fnt\n|faint|p1a: Venomoth\n|inactive|Time left: 300 sec this turn | 300 sec total | 5 sec grace\n|\n|t:|1783539816\n|-end|p2a: Slither Wing|Protosynthesis|[silent]\n|switch|p2a: Iron Bundle|Iron Bundle, L78|215/215|[from] U-turn\n|\n|upkeep\n|\n|t:|1783539817\n|switch|p1a: Regieleki|Regieleki, L79|100/100\n|turn|19\n|inactive|Time left: 300 sec this turn | 300 sec total\n|\n|t:|1783539818\n|-end|p2a: Iron Bundle|Quark Drive|[silent]\n|switch|p2a: Slowking|Slowking, L88, M, tera:Dragon|162/310\n|move|p1a: Regieleki|Volt Switch|p2a: Slowking\n|-resisted|p2a: Slowking\n|-damage|p2a: Slowking|117/310\n|\n|t:|1783539819\n|switch|p1a: Rampardos|Rampardos, L90, F|64/100|[from] Volt Switch\n|\n|upkeep\n|turn|20\n|inactive|Time left: 300 sec this turn | 300 sec total\n|\n|t:|1783539820\n|switch|p2a: Toucannon|Toucannon, L88, M|131/284\n|move|p1a: Rampardos|Rock Slide|p2a: Toucannon\n|-supereffective|p2a: Toucannon\n|-damage|p2a: Toucannon|0 fnt\n|faint|p2a: Toucannon\n|\n|upkeep\n|inactive|Time left: 300 sec this turn | 300 sec total | 5 sec grace\n|\n|t:|1783539821\n|switch|p2a: Iron Bundle|Iron Bundle, L78|215/215\n|turn|21\n|inactive|Time left: 300 sec this turn | 300 sec total\n|\n|t:|1783539822\n|move|p2a: Iron Bundle|Hydro Pump|p1a: Rampardos\n|-supereffective|p1a: Rampardos\n|-crit|p1a: Rampardos\n|-damage|p1a: Rampardos|0 fnt\n|faint|p1a: Rampardos\n|\n|upkeep\n|\n|t:|1783539823\n|switch|p1a: Regieleki|Regieleki, L79|100/100\n|turn|22\n|inactive|Time left: 300 sec this turn | 300 sec total\n|\n|t:|1783539824\n|-end|p2a: Iron Bundle|Quark Drive|[silent]\n|switch|p2a: Slowking|Slowking, L88, M, tera:Dragon|220/310\n|move|p1a: Regieleki|Volt Switch|p2a: Slowking\n|-resisted|p2a: Slowking\n|-damage|p2a: Slowking|175/310\n|\n|t:|1783539825\n|switch|p1a: Cinccino|Cinccino, L83, M|100/100|[from] Volt Switch\n|\n|upkeep\n|turn|23\n|inactive|Time left: 300 sec this turn | 300 sec total\n|\n|t:|1783539826\n|move|p1a: Cinccino|Triple Axel|p2a: Slowking\n|-supereffective|p2a: Slowking\n|-damage|p2a: Slowking|131/310\n|-supereffective|p2a: Slowking\n|-damage|p2a: Slowking|39/310\n|-supereffective|p2a: Slowking\n|-damage|p2a: Slowking|0 fnt\n|faint|p2a: Slowking\n|-hitcount|p2: Slowking|3\n|\n|upkeep\n|inactive|Time left: 300 sec this turn | 300 sec total | 5 sec grace\n|\n|t:|1783539827\n|switch|p2a: Slither Wing|Slither Wing, L81|120/270\n|turn|24\n|inactive|Time left: 300 sec this turn | 300 sec total\n|\n|t:|1783539828\n|-end|p2a: Slither Wing|Protosynthesis|[silent]\n|switch|p2a: Iron Bundle|Iron Bundle, L78|215/215\n|move|p1a: Cinccino|Tail Slap|p2a: Iron Bundle\n|-damage|p2a: Iron Bundle|182/215\n|-damage|p2a: Iron Bundle|149/215\n|-damage|p2a: Iron Bundle|112/215\n|-damage|p2a: Iron Bundle|78/215\n|-hitcount|p2a: Iron Bundle|4\n|\n|upkeep\n|turn|25\n|inactive|Time left: 300 sec this turn | 300 sec total\n|\n|t:|1783539829\n|move|p2a: Iron Bundle|Hydro Pump|p1a: Cinccino\n|-damage|p1a: Cinccino|41/100\n|move|p1a: Cinccino|Tail Slap|p2a: Iron Bundle\n|-damage|p2a: Iron Bundle|45/215\n|-damage|p2a: Iron Bundle|9/215\n|-damage|p2a: Iron Bundle|0 fnt\n|faint|p2a: Iron Bundle\n|-end|p2a: Iron Bundle|Quark Drive|[silent]\n|-hitcount|p2: Iron Bundle|3\n|\n|upkeep\n|inactive|Time left: 300 sec this turn | 300 sec total | 5 sec grace\n|\n|t:|1783539830\n|switch|p2a: Slither Wing|Slither Wing, L81|120/270\n|turn|26\n|inactive|Time left: 300 sec this turn | 300 sec total\n|\n|t:|1783539831\n|-terastallize|p1a: Cinccino|Grass\n|move|p1a: Cinccino|Triple Axel|p2a: Slither Wing\n|-damage|p2a: Slither Wing|96/270\n|-damage|p2a: Slither Wing|49/270\n|-damage|p2a: Slither Wing|0 fnt\n|faint|p2a: Slither Wing\n|-end|p2a: Slither Wing|Protosynthesis|[silent]\n|-hitcount|p2: Slither Wing|3\n|\n|win|p0x052bcec", "uploadtime": 1783539831, "views": 0, "rating": 0, "private": 0, "password": null, "_winner": "p0x052bcec", "_our_name": "p0y0528b5d"}