{"id": "battle-gen9randombattle-879", "formatid": "gen9randombattle", "format": "[Gen 9] Random Battle", "players": ["p0x87956d1", "p0y8796168"], "log": "|init|battle\n|title|p0x87956d1 vs. p0y8796168\n|j|\u2606p0x87956d1\n|j|\u2606p0y8796168\n|t:|1783549312\n|gametype|singles\n|player|p1|p0x87956d1|170|\n|player|p2|p0y8796168|266|\n|gen|9\n|tier|[Gen 9] Random Battle\n|rule|Species Clause: Limit one of each Pok\u00e9mon\n|rule|HP Percentage Mod: HP is shown in percentages\n|rule|Sleep Clause Mod: Limit one foe put to sleep\n|rule|Illusion Level Mod: Illusion disguises the Pok\u00e9mon's true level\n|\n|t:|1783549312\n|teamsize|p1|6\n|teamsize|p2|6\n|start\n|switch|p1a: Inteleon|Inteleon, L81, F|246/246\n|switch|p2a: Chien-Pao|Chien-Pao, L72|100/100\n|-ability|p2a: Chien-Pao|Sword of Ruin\n|turn|1\n|inactive|Battle timer is ON: inactive players will automatically lose when time's up. (requested by p0x87956d1)\n|inactive|p0y8796168 also wants the timer to be on.\n|\n|t:|1783549313\n|switch|p2a: Leafeon|Leafeon, L88, F|100/100\n|move|p1a: Inteleon|Scald|p2a: Leafeon\n|-resisted|p2a: Leafeon\n|-damage|p2a: Leafeon|65/100\n|\n|-heal|p2a: Leafeon|71/100|[from] item: Leftovers\n|upkeep\n|turn|2\n|inactive|Time left: 300 sec this turn | 300 sec total\n|\n|t:|1783549315\n|move|p1a: Inteleon|Scald|p2a: Leafeon\n|-resisted|p2a: Leafeon\n|-damage|p2a: Leafeon|38/100\n|move|p2a: Leafeon|Leaf Blade|p1a: Inteleon\n|-supereffective|p1a: Inteleon\n|-damage|p1a: Inteleon|0 fnt\n|faint|p1a: Inteleon\n|\n|-heal|p2a: Leafeon|44/100|[from] item: Leftovers\n|upkeep\n|inactive|Time left: 300 sec this turn | 300 sec total | 5 sec grace\n|\n|t:|1783549316\n|switch|p1a: Salamence|Salamence, L77, M|273/273\n|-ability|p1a: Salamence|Intimidate|boost\n|-unboost|p2a: Leafeon|atk|1\n|turn|3\n|inactive|Time left: 300 sec this turn | 300 sec total\n|\n|t:|1783549317\n|switch|p2a: Chien-Pao|Chien-Pao, L72|100/100\n|-ability|p2a: Chien-Pao|Sword of Ruin\n|move|p1a: Salamence|Dragon Dance|p1a: Salamence\n|-boost|p1a: Salamence|atk|1\n|-boost|p1a: Salamence|spe|1\n|\n|upkeep\n|turn|4\n|inactive|Time left: 300 sec this turn | 300 sec total\n|\n|t:|1783549318\n|-terastallize|p1a: Salamence|Steel\n|-terastallize|p2a: Chien-Pao|Ice\n|move|p2a: Chien-Pao|Ice Shard|p1a: Salamence\n|-resisted|p1a: Salamence\n|-damage|p1a: Salamence|219/273\n|move|p1a: Salamence|Outrage|p2a: Chien-Pao\n|-damage|p2a: Chien-Pao|0 fnt\n|faint|p2a: Chien-Pao\n|\n|upkeep\n|\n|t:|1783549319\n|switch|p2a: Gurdurr|Gurdurr, L85, M|100/100\n|turn|5\n|inactive|Time left: 300 sec this turn | 300 sec total\n|\n|t:|1783549320\n|move|p1a: Salamence|Outrage|p2a: Gurdurr|[from] lockedmove\n|-damage|p2a: Gurdurr|51/100\n|move|p2a: Gurdurr|Drain Punch|p1a: Salamence\n|-supereffective|p1a: Salamence\n|-damage|p1a: Salamence|31/273\n|-heal|p2a: Gurdurr|84/100|[from] drain|[of] p1a: Salamence\n|\n|upkeep\n|turn|6\n|inactive|Time left: 300 sec this turn | 300 sec total\n|\n|t:|1783549321\n|move|p2a: Gurdurr|Mach Punch|p1a: Salamence\n|-supereffective|p1a: Salamence\n|-damage|p1a: Salamence|0 fnt\n|faint|p1a: Salamence\n|\n|upkeep\n|inactive|Time left: 300 sec this turn | 300 sec total | 5 sec grace\n|\n|t:|1783549322\n|switch|p1a: Wigglytuff|Wigglytuff, L96, F|424/424\n|turn|7\n|inactive|Time left: 300 sec this turn | 300 sec total\n|\n|t:|1783549324\n|switch|p2a: Ninetales|Ninetales, L85, F|100/100\n|-weather|SunnyDay|[from] ability: Drought|[of] p2a: Ninetales\n|move|p1a: Wigglytuff|Alluring Voice|p2a: Ninetales\n|-resisted|p2a: Ninetales\n|-damage|p2a: Ninetales|85/100\n|\n|-weather|SunnyDay|[upkeep]\n|upkeep\n|turn|8\n|inactive|Time left: 300 sec this turn | 300 sec total\n|\n|t:|1783549325\n|move|p2a: Ninetales|Nasty Plot|p2a: Ninetales\n|-boost|p2a: Ninetales|spa|2\n|move|p1a: Wigglytuff|Alluring Voice|p2a: Ninetales\n|-resisted|p2a: Ninetales\n|-damage|p2a: Ninetales|69/100\n|-start|p2a: Ninetales|confusion\n|\n|-weather|SunnyDay|[upkeep]\n|upkeep\n|turn|9\n|inactive|Time left: 300 sec this turn | 300 sec total\n|\n|t:|1783549326\n|-activate|p2a: Ninetales|confusion\n|move|p2a: Ninetales|Fire Blast|p1a: Wigglytuff|[miss]\n|-miss|p2a: Ninetales|p1a: Wigglytuff\n|move|p1a: Wigglytuff|Fire Blast|p2a: Ninetales\n|-resisted|p2a: Ninetales\n|-damage|p2a: Ninetales|45/100\n|\n|-weather|SunnyDay|[upkeep]\n|upkeep\n|turn|10\n|inactive|Time left: 300 sec this turn | 300 sec total\n|\n|t:|1783549327\n|move|p1a: Wigglytuff|Protect|p1a: Wigglytuff\n|-singleturn|p1a: Wigglytuff|Protect\n|-activate|p2a: Ninetales|confusion\n|move|p2a: Ninetales|Fire Blast|p1a: Wigglytuff\n|-activate|p1a: Wigglytuff|move: Protect\n|\n|-weather|SunnyDay|[upkeep]\n|upkeep\n|turn|11\n|inactive|Time left: 300 sec this turn | 300 sec total\n|\n|t:|1783549328\n|-end|p2a: Ninetales|confusion\n|move|p2a: Ninetales|Fire Blast|p1a: Wigglytuff\n|-damage|p1a: Wigglytuff|19/424\n|move|p1a: Wigglytuff|Fire Blast|p2a: Ninetales\n|-resisted|p2a: Ninetales\n|-damage|p2a: Ninetales|23/100\n|\n|-weather|none\n|-heal|p1a: Wigglytuff|45/424|[from] item: Leftovers\n|upkeep\n|turn|12\n|inactive|Time left: 300 sec this turn | 300 sec total\n|\n|t:|1783549329\n|move|p2a: Ninetales|Scorching Sands|p1a: Wigglytuff\n|-damage|p1a: Wigglytuff|0 fnt\n|faint|p1a: Wigglytuff\n|\n|upkeep\n|inactive|Time left: 300 sec this turn | 300 sec total | 5 sec grace\n|\n|t:|1783549330\n|switch|p1a: Terrakion|Terrakion, L79|273/273\n|turn|13\n|inactive|Time left: 300 sec this turn | 300 sec total\n|\n|t:|1783549331\n|move|p2a: Ninetales|Scorching Sands|p1a: Terrakion\n|-supereffective|p1a: Terrakion\n|-damage|p1a: Terrakion|99/273\n|move|p1a: Terrakion|Close Combat|p2a: Ninetales\n|-damage|p2a: Ninetales|0 fnt\n|-unboost|p1a: Terrakion|def|1\n|-unboost|p1a: Terrakion|spd|1\n|faint|p2a: Ninetales\n|\n|upkeep\n|\n|t:|1783549332\n|switch|p2a: Medicham|Medicham, L86, F|100/100\n|turn|14\n|inactive|Time left: 300 sec this turn | 300 sec total\n|\n|t:|1783549333\n|move|p2a: Medicham|Close Combat|p1a: Terrakion\n|-supereffective|p1a: Terrakion\n|-damage|p1a: Terrakion|0 fnt\n|-unboost|p2a: Medicham|def|1\n|-unboost|p2a: Medicham|spd|1\n|faint|p1a: Terrakion\n|\n|upkeep\n|inactive|Time left: 300 sec this turn | 300 sec total | 5 sec grace\n|\n|t:|1783549334\n|switch|p1a: Seviper|Seviper, L93, F|287/287\n|turn|15\n|inactive|Time left: 300 sec this turn | 300 sec total\n|\n|t:|1783549335\n|switch|p2a: Girafarig|Girafarig, L89, F|100/100\n|move|p1a: Seviper|Gunk Shot|p2a: Girafarig\n|-damage|p2a: Girafarig|41/100\n|-status|p2a: Girafarig|psn\n|-damage|p1a: Seviper|259/287|[from] item: Life Orb\n|\n|-damage|p2a: Girafarig|29/100 psn|[from] psn\n|upkeep\n|turn|16\n|inactive|Time left: 300 sec this turn | 300 sec total\n|\n|t:|1783549336\n|switch|p1a: Tinkaton|Tinkaton, L82, F|274/274\n|-ability|p1a: Tinkaton|Mold Breaker\n|move|p2a: Girafarig|Psyshock|p1a: Tinkaton\n|-resisted|p1a: Tinkaton\n|-damage|p1a: Tinkaton|225/274\n|\n|-heal|p1a: Tinkaton|242/274|[from] item: Leftovers\n|-damage|p2a: Girafarig|16/100 psn|[from] psn\n|upkeep\n|turn|17\n|inactive|Time left: 300 sec this turn | 300 sec total\n|\n|t:|1783549337\n|move|p2a: Girafarig|Thunderbolt|p1a: Tinkaton\n|-damage|p1a: Tinkaton|185/274\n|move|p1a: Tinkaton|Swords Dance|p1a: Tinkaton\n|-boost|p1a: Tinkaton|atk|2\n|\n|-heal|p1a: Tinkaton|202/274|[from] item: Leftovers\n|-damage|p2a: Girafarig|4/100 psn|[from] psn\n|upkeep\n|turn|18\n|inactive|Time left: 300 sec this turn | 300 sec total\n|\n|t:|1783549338\n|move|p2a: Girafarig|Psyshock|p1a: Tinkaton\n|-resisted|p1a: Tinkaton\n|-damage|p1a: Tinkaton|153/274\n|move|p1a: Tinkaton|Gigaton Hammer|p2a: Girafarig\n|-damage|p2a: Girafarig|0 fnt\n|faint|p2a: Girafarig\n|\n|-heal|p1a: Tinkaton|170/274|[from] item: Leftovers\n|upkeep\n|\n|t:|1783549339\n|switch|p2a: Medicham|Medicham, L86, F|100/100\n|turn|19\n|inactive|Time left: 300 sec this turn | 300 sec total\n|\n|t:|1783549340\n|switch|p1a: Seviper|Seviper, L93, F|259/287\n|move|p2a: Medicham|Close Combat|p1a: Seviper\n|-resisted|p1a: Seviper\n|-damage|p1a: Seviper|139/287\n|-unboost|p2a: Medicham|def|1\n|-unboost|p2a: Medicham|spd|1\n|\n|upkeep\n|turn|20\n|inactive|Time left: 300 sec this turn | 300 sec total\n|\n|t:|1783549341\n|move|p2a: Medicham|Close Combat|p1a: Seviper\n|-resisted|p1a: Seviper\n|-damage|p1a: Seviper|29/287\n|-unboost|p2a: Medicham|def|1\n|-unboost|p2a: Medicham|spd|1\n|move|p1a: Seviper|Earthquake|p2a: Medicham\n|-damage|p2a: Medicham|4/100\n|-damage|p1a: Seviper|1/287|[from] item: Life Orb\n|\n|upkeep\n|turn|21\n|inactive|Time left: 300 sec this turn | 300 sec total\n|\n|t:|1783549342\n|move|p2a: Medicham|Close Combat|p1a: Seviper\n|-resisted|p1a: Seviper\n|-damage|p1a: Seviper|0 fnt\n|-unboost|p2a: Medicham|def|1\n|-unboost|p2a: Medicham|spd|1\n|faint|p1a: Seviper\n|\n|upkeep\n|inactive|Time left: 300 sec this turn | 300 sec total | 5 sec grace\n|\n|t:|1783549343\n|switch|p1a: Tinkaton|Tinkaton, L82, F|170/274\n|-ability|p1a: Tinkaton|Mold Breaker\n|turn|22\n|inactive|Time left: 300 sec this turn | 300 sec total\n|\n|t:|1783549344\n|move|p2a: Medicham|Close Combat|p1a: Tinkaton\n|-damage|p1a: Tinkaton|0 fnt\n|-unboost|p2a: Medicham|def|1\n|-unboost|p2a: Medicham|spd|1\n|faint|p1a: Tinkaton\n|\n|win|p0y8796168", "uploadtime": 1783549344, "views": 0, "rating": 0, "private": 0, "password": null, "_winner": "p0y8796168", "_our_name": "p0x87956d1"}