{"id": "battle-gen9randombattle-2353", "formatid": "gen9randombattle", "format": "[Gen 9] Random Battle", "players": ["p0x23533d32", "p0y2353970b"], "log": "|init|battle\n|title|p0x23533d32 vs. p0y2353970b\n|j|\u2606p0x23533d32\n|j|\u2606p0y2353970b\n|t:|1783566293\n|gametype|singles\n|player|p1|p0x23533d32|265|\n|player|p2|p0y2353970b|169|\n|gen|9\n|tier|[Gen 9] Random Battle\n|rule|Species Clause: Limit one of each Pok\u00e9mon\n|rule|HP Percentage Mod: HP is shown in percentages\n|rule|Sleep Clause Mod: Limit one foe put to sleep\n|rule|Illusion Level Mod: Illusion disguises the Pok\u00e9mon's true level\n|\n|t:|1783566293\n|teamsize|p1|6\n|teamsize|p2|6\n|start\n|switch|p1a: Magcargo|Magcargo, L95, M|100/100\n|switch|p2a: Grafaiai|Grafaiai, L86, F|249/249\n|turn|1\n|inactive|Battle timer is ON: inactive players will automatically lose when time's up. (requested by p0x23533d32)\n|inactive|Time left: 300 sec this turn | 300 sec total | 60 sec grace\n|\n|t:|1783566295\n|move|p2a: Grafaiai|Super Fang|p1a: Magcargo\n|-damage|p1a: Magcargo|50/100\n|-status|p2a: Grafaiai|brn|[from] ability: Flame Body|[of] p1a: Magcargo\n|move|p1a: Magcargo|Lava Plume|p2a: Grafaiai\n|-damage|p2a: Grafaiai|167/249 brn\n|\n|-damage|p2a: Grafaiai|152/249 brn|[from] brn\n|upkeep\n|turn|2\n|inactive|Time left: 300 sec this turn | 300 sec total\n|inactive|p0y2353970b also wants the timer to be on.\n|\n|t:|1783566296\n|move|p2a: Grafaiai|Super Fang|p1a: Magcargo\n|-damage|p1a: Magcargo|25/100\n|move|p1a: Magcargo|Recover|p1a: Magcargo\n|-heal|p1a: Magcargo|75/100\n|\n|-damage|p2a: Grafaiai|137/249 brn|[from] brn\n|upkeep\n|turn|3\n|inactive|Time left: 300 sec this turn | 300 sec total\n|\n|t:|1783566297\n|move|p2a: Grafaiai|Super Fang|p1a: Magcargo\n|-damage|p1a: Magcargo|38/100\n|-status|p1a: Magcargo|psn|[from] ability: Poison Touch|[of] p2a: Grafaiai\n|move|p1a: Magcargo|Stealth Rock|p2a: Grafaiai\n|-sidestart|p2: p0y2353970b|move: Stealth Rock\n|\n|-damage|p1a: Magcargo|26/100 psn|[from] psn\n|-damage|p2a: Grafaiai|122/249 brn|[from] brn\n|upkeep\n|turn|4\n|inactive|Time left: 300 sec this turn | 300 sec total\n|\n|t:|1783566298\n|move|p2a: Grafaiai|Super Fang|p1a: Magcargo\n|-damage|p1a: Magcargo|13/100 psn\n|move|p1a: Magcargo|Recover|p1a: Magcargo\n|-heal|p1a: Magcargo|63/100 psn\n|\n|-damage|p1a: Magcargo|51/100 psn|[from] psn\n|-damage|p2a: Grafaiai|107/249 brn|[from] brn\n|upkeep\n|turn|5\n|inactive|Time left: 300 sec this turn | 300 sec total\n|\n|t:|1783566299\n|move|p2a: Grafaiai|Super Fang|p1a: Magcargo\n|-damage|p1a: Magcargo|26/100 psn\n|move|p1a: Magcargo|Recover|p1a: Magcargo\n|-heal|p1a: Magcargo|76/100 psn\n|\n|-damage|p1a: Magcargo|64/100 psn|[from] psn\n|-damage|p2a: Grafaiai|92/249 brn|[from] brn\n|upkeep\n|turn|6\n|inactive|Time left: 300 sec this turn | 300 sec total\n|\n|t:|1783566300\n|move|p2a: Grafaiai|Super Fang|p1a: Magcargo\n|-damage|p1a: Magcargo|32/100 psn\n|move|p1a: Magcargo|Recover|p1a: Magcargo\n|-heal|p1a: Magcargo|82/100 psn\n|\n|-damage|p1a: Magcargo|70/100 psn|[from] psn\n|-damage|p2a: Grafaiai|77/249 brn|[from] brn\n|upkeep\n|turn|7\n|inactive|Time left: 300 sec this turn | 300 sec total\n|\n|t:|1783566300\n|move|p2a: Grafaiai|Super Fang|p1a: Magcargo\n|-damage|p1a: Magcargo|35/100 psn\n|move|p1a: Magcargo|Recover|p1a: Magcargo\n|-heal|p1a: Magcargo|85/100 psn\n|\n|-damage|p1a: Magcargo|73/100 psn|[from] psn\n|-damage|p2a: Grafaiai|62/249 brn|[from] brn\n|upkeep\n|turn|8\n|inactive|Time left: 300 sec this turn | 300 sec total\n|\n|t:|1783566301\n|move|p2a: Grafaiai|Super Fang|p1a: Magcargo\n|-damage|p1a: Magcargo|37/100 psn\n|move|p1a: Magcargo|Recover|p1a: Magcargo\n|-heal|p1a: Magcargo|87/100 psn\n|\n|-damage|p1a: Magcargo|74/100 psn|[from] psn\n|-damage|p2a: Grafaiai|47/249 brn|[from] brn\n|upkeep\n|turn|9\n|inactive|Time left: 300 sec this turn | 300 sec total\n|\n|t:|1783566302\n|move|p2a: Grafaiai|Super Fang|p1a: Magcargo\n|-damage|p1a: Magcargo|37/100 psn\n|move|p1a: Magcargo|Recover|p1a: Magcargo\n|-heal|p1a: Magcargo|87/100 psn\n|\n|-damage|p1a: Magcargo|75/100 psn|[from] psn\n|-damage|p2a: Grafaiai|32/249 brn|[from] brn\n|upkeep\n|turn|10\n|inactive|Time left: 300 sec this turn | 300 sec total\n|\n|t:|1783566303\n|move|p2a: Grafaiai|Super Fang|p1a: Magcargo\n|-damage|p1a: Magcargo|38/100 psn\n|move|p1a: Magcargo|Recover|p1a: Magcargo\n|-heal|p1a: Magcargo|88/100 psn\n|\n|-damage|p1a: Magcargo|75/100 psn|[from] psn\n|-damage|p2a: Grafaiai|17/249 brn|[from] brn\n|upkeep\n|turn|11\n|inactive|Time left: 300 sec this turn | 300 sec total\n|\n|t:|1783566304\n|move|p2a: Grafaiai|Super Fang|p1a: Magcargo\n|-damage|p1a: Magcargo|38/100 psn\n|move|p1a: Magcargo|Lava Plume|p2a: Grafaiai\n|-damage|p2a: Grafaiai|0 fnt\n|faint|p2a: Grafaiai\n|\n|-damage|p1a: Magcargo|26/100 psn|[from] psn\n|upkeep\n|inactive|Time left: 300 sec this turn | 300 sec total | 5 sec grace\n|\n|t:|1783566304\n|switch|p2a: Tatsugiri|Tatsugiri, L87, M|260/260\n|turn|12\n|inactive|Time left: 300 sec this turn | 300 sec total\n|\n|t:|1783566305\n|switch|p1a: Shiftry|Shiftry, L89, F|100/100\n|move|p2a: Tatsugiri|Nasty Plot|p2a: Tatsugiri\n|-boost|p2a: Tatsugiri|spa|2\n|\n|upkeep\n|turn|13\n|inactive|Time left: 300 sec this turn | 300 sec total\n|\n|t:|1783566306\n|-terastallize|p1a: Shiftry|Dark\n|move|p1a: Shiftry|Knock Off|p2a: Tatsugiri\n|-damage|p2a: Tatsugiri|13/260\n|-enditem|p2a: Tatsugiri|Heavy-Duty Boots|[from] move: Knock Off|[of] p1a: Shiftry\n|-damage|p1a: Shiftry|91/100|[from] item: Life Orb\n|move|p2a: Tatsugiri|Draco Meteor|p1a: Shiftry\n|-damage|p1a: Shiftry|0 fnt\n|-unboost|p2a: Tatsugiri|spa|2\n|faint|p1a: Shiftry\n|\n|upkeep\n|\n|t:|1783566307\n|switch|p1a: Hatterene|Hatterene, L85, F|100/100\n|turn|14\n|inactive|Time left: 300 sec this turn | 300 sec total\n|\n|t:|1783566308\n|move|p2a: Tatsugiri|Rapid Spin|p1a: Hatterene\n|-damage|p1a: Hatterene|92/100\n|-boost|p2a: Tatsugiri|spe|1\n|-sideend|p2: p0y2353970b|Stealth Rock|[from] move: Rapid Spin|[of] p2a: Tatsugiri\n|move|p1a: Hatterene|Nuzzle|p2a: Tatsugiri\n|-damage|p2a: Tatsugiri|0 fnt\n|faint|p2a: Tatsugiri\n|\n|upkeep\n|inactive|Time left: 300 sec this turn | 300 sec total | 5 sec grace\n|\n|t:|1783566309\n|switch|p2a: Electivire|Electivire, L84, F|263/263\n|turn|15\n|inactive|Time left: 300 sec this turn | 300 sec total\n|\n|t:|1783566310\n|move|p2a: Electivire|Supercell Slam|p1a: Hatterene\n|-damage|p1a: Hatterene|22/100\n|-damage|p2a: Electivire|237/263|[from] item: Life Orb\n|move|p1a: Hatterene|Draining Kiss|p2a: Electivire\n|-damage|p2a: Electivire|156/263\n|-heal|p1a: Hatterene|48/100|[from] drain|[of] p2a: Electivire\n|\n|upkeep\n|turn|16\n|inactive|Time left: 300 sec this turn | 300 sec total\n|\n|t:|1783566311\n|move|p2a: Electivire|Supercell Slam|p1a: Hatterene\n|-damage|p1a: Hatterene|0 fnt\n|faint|p1a: Hatterene\n|-damage|p2a: Electivire|130/263|[from] item: Life Orb\n|\n|upkeep\n|\n|t:|1783566312\n|switch|p1a: Whiscash|Whiscash, L88, M|100/100\n|turn|17\n|inactive|Time left: 300 sec this turn | 300 sec total\n|\n|t:|1783566313\n|move|p2a: Electivire|Knock Off|p1a: Whiscash\n|-damage|p1a: Whiscash|66/100\n|-enditem|p1a: Whiscash|Life Orb|[from] move: Knock Off|[of] p2a: Electivire\n|-damage|p2a: Electivire|104/263|[from] item: Life Orb\n|move|p1a: Whiscash|Dragon Dance|p1a: Whiscash\n|-boost|p1a: Whiscash|atk|1\n|-boost|p1a: Whiscash|spe|1\n|\n|upkeep\n|turn|18\n|inactive|Time left: 300 sec this turn | 300 sec total\n|\n|t:|1783566314\n|move|p1a: Whiscash|Earthquake|p2a: Electivire\n|-supereffective|p2a: Electivire\n|-damage|p2a: Electivire|0 fnt\n|faint|p2a: Electivire\n|\n|upkeep\n|inactive|Time left: 300 sec this turn | 300 sec total | 5 sec grace\n|\n|t:|1783566315\n|switch|p2a: Skeledirge|Skeledirge, L79, M|294/294\n|turn|19\n|inactive|Time left: 300 sec this turn | 300 sec total\n|\n|t:|1783566316\n|-terastallize|p2a: Skeledirge|Water\n|move|p1a: Whiscash|Liquidation|p2a: Skeledirge\n|-resisted|p2a: Skeledirge\n|-damage|p2a: Skeledirge|250/294\n|-unboost|p2a: Skeledirge|def|1\n|move|p2a: Skeledirge|Torch Song|p1a: Whiscash\n|-resisted|p1a: Whiscash\n|-damage|p1a: Whiscash|51/100\n|-boost|p2a: Skeledirge|spa|1\n|\n|upkeep\n|turn|20\n|inactive|Time left: 300 sec this turn | 300 sec total\n|\n|t:|1783566317\n|move|p1a: Whiscash|Earthquake|p2a: Skeledirge\n|-damage|p2a: Skeledirge|112/294\n|move|p2a: Skeledirge|Will-O-Wisp|p1a: Whiscash\n|-status|p1a: Whiscash|brn\n|\n|-damage|p1a: Whiscash|45/100 brn|[from] brn\n|upkeep\n|turn|21\n|inactive|Time left: 300 sec this turn | 300 sec total\n|\n|t:|1783566317\n|move|p1a: Whiscash|Earthquake|p2a: Skeledirge\n|-damage|p2a: Skeledirge|40/294\n|move|p2a: Skeledirge|Slack Off|p2a: Skeledirge\n|-heal|p2a: Skeledirge|187/294\n|\n|-damage|p1a: Whiscash|39/100 brn|[from] brn\n|upkeep\n|turn|22\n|inactive|Time left: 300 sec this turn | 300 sec total\n|\n|t:|1783566318\n|move|p1a: Whiscash|Earthquake|p2a: Skeledirge\n|-damage|p2a: Skeledirge|121/294\n|move|p2a: Skeledirge|Slack Off|p2a: Skeledirge\n|-heal|p2a: Skeledirge|268/294\n|\n|-damage|p1a: Whiscash|33/100 brn|[from] brn\n|upkeep\n|turn|23\n|inactive|Time left: 300 sec this turn | 300 sec total\n|\n|t:|1783566319\n|move|p1a: Whiscash|Earthquake|p2a: Skeledirge\n|-damage|p2a: Skeledirge|197/294\n|move|p2a: Skeledirge|Torch Song|p1a: Whiscash\n|-resisted|p1a: Whiscash\n|-damage|p1a: Whiscash|14/100 brn\n|-boost|p2a: Skeledirge|spa|1\n|\n|-damage|p1a: Whiscash|8/100 brn|[from] brn\n|upkeep\n|turn|24\n|inactive|Time left: 300 sec this turn | 300 sec total\n|\n|t:|1783566320\n|move|p1a: Whiscash|Earthquake|p2a: Skeledirge\n|-damage|p2a: Skeledirge|124/294\n|move|p2a: Skeledirge|Slack Off|p2a: Skeledirge\n|-heal|p2a: Skeledirge|271/294\n|\n|-damage|p1a: Whiscash|1/100 brn|[from] brn\n|upkeep\n|turn|25\n|inactive|Time left: 300 sec this turn | 300 sec total\n|\n|t:|1783566321\n|move|p1a: Whiscash|Earthquake|p2a: Skeledirge\n|-damage|p2a: Skeledirge|202/294\n|move|p2a: Skeledirge|Torch Song|p1a: Whiscash\n|-resisted|p1a: Whiscash\n|-damage|p1a: Whiscash|0 fnt\n|-boost|p2a: Skeledirge|spa|1\n|faint|p1a: Whiscash\n|\n|upkeep\n|\n|t:|1783566322\n|switch|p1a: Overqwil|Overqwil, L82, F|100/100\n|turn|26\n|inactive|Time left: 300 sec this turn | 300 sec total\n|\n|t:|1783566323\n|move|p1a: Overqwil|Poltergeist|p2a: Skeledirge\n|-activate|p2a: Skeledirge|move: Poltergeist|Heavy-Duty Boots\n|-damage|p2a: Skeledirge|0 fnt\n|faint|p2a: Skeledirge\n|-damage|p1a: Overqwil|91/100|[from] item: Life Orb\n|\n|upkeep\n|inactive|Time left: 300 sec this turn | 300 sec total | 5 sec grace\n|\n|t:|1783566324\n|switch|p2a: Krookodile|Krookodile, L79, M|280/280\n|-ability|p2a: Krookodile|Intimidate|boost\n|-unboost|p1a: Overqwil|atk|1\n|turn|27\n|inactive|Time left: 300 sec this turn | 300 sec total\n|\n|t:|1783566325\n|move|p2a: Krookodile|Knock Off|p1a: Overqwil\n|-supereffective|p1a: Overqwil\n|-damage|p1a: Overqwil|0 fnt\n|replace|p1a: Zoroark|Zoroark-Hisui, L80, F\n|-end|p1a: Zoroark|Illusion\n|-hint|Illusion Level Mod is active, so this Pok\u00e9mon's true level was hidden.\n|-enditem|p1a: Zoroark|Life Orb|[from] move: Knock Off|[of] p2a: Krookodile\n|faint|p1a: Zoroark\n|\n|upkeep\n|\n|t:|1783566326\n|switch|p1a: Overqwil|Overqwil, L82, F|100/100\n|-ability|p1a: Overqwil|Intimidate|boost\n|-unboost|p2a: Krookodile|atk|1\n|turn|28\n|inactive|Time left: 300 sec this turn | 300 sec total\n|\n|t:|1783566327\n|switch|p2a: Porygon-Z|Porygon-Z, L83|277/277\n|move|p1a: Overqwil|Gunk Shot|p2a: Porygon-Z\n|-damage|p2a: Porygon-Z|105/277\n|-status|p2a: Porygon-Z|psn\n|\n|-damage|p2a: Porygon-Z|71/277 psn|[from] psn\n|upkeep\n|turn|29\n|inactive|Time left: 300 sec this turn | 300 sec total\n|\n|t:|1783566328\n|switch|p1a: Magcargo|Magcargo, L95, M|26/100 psn\n|move|p2a: Porygon-Z|Tera Blast|p1a: Magcargo\n|-resisted|p1a: Magcargo\n|-damage|p1a: Magcargo|0 fnt\n|faint|p1a: Magcargo\n|-damage|p2a: Porygon-Z|44/277 psn|[from] item: Life Orb\n|\n|-damage|p2a: Porygon-Z|10/277 psn|[from] psn\n|upkeep\n|\n|t:|1783566329\n|switch|p1a: Overqwil|Overqwil, L82, F|100/100\n|-ability|p1a: Overqwil|Intimidate|boost\n|-unboost|p2a: Porygon-Z|atk|1\n|turn|30\n|inactive|Time left: 300 sec this turn | 300 sec total\n|\n|t:|1783566330\n|move|p2a: Porygon-Z|Tera Blast|p1a: Overqwil\n|-damage|p1a: Overqwil|19/100\n|-damage|p2a: Porygon-Z|0 fnt|[from] item: Life Orb\n|faint|p2a: Porygon-Z\n|move|p1a: Overqwil|Swords Dance|p1a: Overqwil\n|-boost|p1a: Overqwil|atk|2\n|\n|upkeep\n|inactive|Time left: 300 sec this turn | 300 sec total | 5 sec grace\n|\n|t:|1783566331\n|switch|p2a: Krookodile|Krookodile, L79, M|280/280\n|-ability|p2a: Krookodile|Intimidate|boost\n|-unboost|p1a: Overqwil|atk|1\n|turn|31\n|inactive|Time left: 300 sec this turn | 300 sec total\n|\n|t:|1783566332\n|move|p2a: Krookodile|Knock Off|p1a: Overqwil\n|-resisted|p1a: Overqwil\n|-damage|p1a: Overqwil|2/100\n|-enditem|p1a: Overqwil|Loaded Dice|[from] move: Knock Off|[of] p2a: Krookodile\n|move|p1a: Overqwil|Swords Dance|p1a: Overqwil\n|-boost|p1a: Overqwil|atk|2\n|\n|upkeep\n|turn|32\n|inactive|Time left: 300 sec this turn | 300 sec total\n|\n|t:|1783566333\n|move|p2a: Krookodile|Knock Off|p1a: Overqwil\n|-resisted|p1a: Overqwil\n|-damage|p1a: Overqwil|0 fnt\n|faint|p1a: Overqwil\n|\n|win|p0y2353970b", "uploadtime": 1783566333, "views": 0, "rating": 0, "private": 0, "password": null, "_winner": "p0y2353970b", "_our_name": "p0y2353970b"}