{"id": "battle-gen9randombattle-2959", "formatid": "gen9randombattle", "format": "[Gen 9] Random Battle", "players": ["p0x29599da4", "p0y29599c2c"], "log": "|init|battle\n|title|p0x29599da4 vs. p0y29599c2c\n|j|\u2606p0x29599da4\n|j|\u2606p0y29599c2c\n|t:|1783574064\n|gametype|singles\n|player|p1|p0x29599da4|266|\n|player|p2|p0y29599c2c|2|\n|gen|9\n|tier|[Gen 9] Random Battle\n|rule|Species Clause: Limit one of each Pok\u00e9mon\n|rule|HP Percentage Mod: HP is shown in percentages\n|rule|Sleep Clause Mod: Limit one foe put to sleep\n|rule|Illusion Level Mod: Illusion disguises the Pok\u00e9mon's true level\n|\n|t:|1783574064\n|teamsize|p1|6\n|teamsize|p2|6\n|start\n|switch|p1a: Cinderace|Cinderace, L77, F|100/100\n|switch|p2a: Froslass|Froslass, L87, F|263/263\n|turn|1\n|inactive|Battle timer is ON: inactive players will automatically lose when time's up. (requested by p0x29599da4)\n|inactive|Time left: 300 sec this turn | 300 sec total | 60 sec grace\n|inactive|p0y29599c2c also wants the timer to be on.\n|\n|t:|1783574065\n|move|p2a: Froslass|Poltergeist|p1a: Cinderace\n|-activate|p1a: Cinderace|move: Poltergeist|Heavy-Duty Boots\n|-damage|p1a: Cinderace|51/100\n|move|p1a: Cinderace|Pyro Ball|p2a: Froslass\n|-supereffective|p2a: Froslass\n|-crit|p2a: Froslass\n|-damage|p2a: Froslass|0 fnt\n|faint|p2a: Froslass\n|\n|upkeep\n|inactive|Time left: 300 sec this turn | 300 sec total | 65 sec grace\n|\n|t:|1783574066\n|switch|p2a: Thundurus|Thundurus-Therian, L80, M|258/258\n|turn|2\n|inactive|Time left: 300 sec this turn | 300 sec total\n|\n|t:|1783574067\n|move|p1a: Cinderace|Pyro Ball|p2a: Thundurus\n|-damage|p2a: Thundurus|105/258\n|move|p2a: Thundurus|Nasty Plot|p2a: Thundurus\n|-boost|p2a: Thundurus|spa|2\n|\n|upkeep\n|turn|3\n|inactive|Time left: 300 sec this turn | 300 sec total\n|\n|t:|1783574067\n|move|p1a: Cinderace|Pyro Ball|p2a: Thundurus\n|-damage|p2a: Thundurus|0 fnt\n|faint|p2a: Thundurus\n|\n|upkeep\n|inactive|Time left: 300 sec this turn | 300 sec total | 5 sec grace\n|\n|t:|1783574068\n|switch|p2a: Grafaiai|Grafaiai, L86, M|249/249\n|turn|4\n|inactive|Time left: 300 sec this turn | 300 sec total\n|\n|t:|1783574069\n|move|p2a: Grafaiai|Gunk Shot|p1a: Cinderace\n|-damage|p1a: Cinderace|0 fnt\n|faint|p1a: Cinderace\n|\n|upkeep\n|\n|t:|1783574070\n|switch|p1a: Gumshoos|Gumshoos, L95, M|100/100\n|turn|5\n|inactive|Time left: 300 sec this turn | 300 sec total\n|\n|t:|1783574071\n|move|p2a: Grafaiai|Parting Shot|p1a: Gumshoos\n|-unboost|p1a: Gumshoos|atk|1\n|-unboost|p1a: Gumshoos|spa|1\n|inactive|Time left: 300 sec this turn | 300 sec total | 5 sec grace\n|\n|t:|1783574072\n|switch|p2a: Kleavor|Kleavor, L78, M|237/237|[from] Parting Shot\n|move|p1a: Gumshoos|Earthquake|p2a: Kleavor\n|-damage|p2a: Kleavor|27/237\n|\n|upkeep\n|turn|6\n|inactive|Time left: 300 sec this turn | 300 sec total\n|\n|t:|1783574072\n|switch|p1a: Magearna|Magearna, L77|100/100\n|move|p2a: Kleavor|Stone Axe|p1a: Magearna\n|-resisted|p1a: Magearna\n|-damage|p1a: Magearna|81/100\n|-sidestart|p1: p0x29599da4|move: Stealth Rock\n|\n|-heal|p1a: Magearna|87/100|[from] item: Leftovers\n|upkeep\n|turn|7\n|inactive|Time left: 300 sec this turn | 300 sec total\n|\n|t:|1783574074\n|switch|p2a: Grafaiai|Grafaiai, L86, M|249/249\n|move|p1a: Magearna|Shift Gear|p1a: Magearna\n|-boost|p1a: Magearna|spe|2\n|-boost|p1a: Magearna|atk|1\n|\n|-heal|p1a: Magearna|93/100|[from] item: Leftovers\n|upkeep\n|turn|8\n|inactive|Time left: 300 sec this turn | 300 sec total\n|\n|t:|1783574075\n|move|p2a: Grafaiai|Encore|p1a: Magearna\n|-start|p1a: Magearna|Encore\n|move|p1a: Magearna|Shift Gear|p1a: Magearna\n|-boost|p1a: Magearna|spe|2\n|-boost|p1a: Magearna|atk|1\n|\n|-heal|p1a: Magearna|99/100|[from] item: Leftovers\n|upkeep\n|turn|9\n|inactive|Time left: 300 sec this turn | 300 sec total\n|\n|t:|1783574076\n|move|p1a: Magearna|Shift Gear|p1a: Magearna\n|-boost|p1a: Magearna|spe|2\n|-boost|p1a: Magearna|atk|1\n|move|p2a: Grafaiai|Knock Off|p1a: Magearna\n|-resisted|p1a: Magearna\n|-damage|p1a: Magearna|86/100\n|-enditem|p1a: Magearna|Leftovers|[from] move: Knock Off|[of] p2a: Grafaiai\n|\n|upkeep\n|turn|10\n|inactive|Time left: 300 sec this turn | 300 sec total\n|\n|t:|1783574077\n|move|p2a: Grafaiai|Parting Shot|p1a: Magearna\n|-unboost|p1a: Magearna|atk|1\n|-unboost|p1a: Magearna|spa|1\n|inactive|Time left: 300 sec this turn | 300 sec total | 5 sec grace\n|\n|t:|1783574078\n|switch|p2a: Quaquaval|Quaquaval, L79, F|264/264|[from] Parting Shot\n|move|p1a: Magearna|Shift Gear|p1a: Magearna\n|-boost|p1a: Magearna|spe|0\n|-boost|p1a: Magearna|atk|1\n|\n|-end|p1a: Magearna|Encore\n|upkeep\n|turn|11\n|inactive|Time left: 300 sec this turn | 300 sec total\n|\n|t:|1783574078\n|move|p1a: Magearna|Fleur Cannon|p2a: Quaquaval\n|-supereffective|p2a: Quaquaval\n|-damage|p2a: Quaquaval|28/264\n|-unboost|p1a: Magearna|spa|2\n|move|p2a: Quaquaval|Close Combat|p1a: Magearna\n|-damage|p1a: Magearna|21/100\n|-unboost|p2a: Quaquaval|def|1\n|-unboost|p2a: Quaquaval|spd|1\n|-damage|p2a: Quaquaval|2/264|[from] item: Life Orb\n|\n|upkeep\n|turn|12\n|inactive|Time left: 300 sec this turn | 300 sec total\n|\n|t:|1783574080\n|switch|p2a: Latias|Latias, L79, F|256/256\n|move|p1a: Magearna|Flash Cannon|p2a: Latias\n|-damage|p2a: Latias|229/256\n|\n|upkeep\n|turn|13\n|inactive|Time left: 300 sec this turn | 300 sec total\n|\n|t:|1783574081\n|move|p1a: Magearna|Flash Cannon|p2a: Latias\n|-damage|p2a: Latias|204/256\n|move|p2a: Latias|Calm Mind|p2a: Latias\n|-boost|p2a: Latias|spa|1\n|-boost|p2a: Latias|spd|1\n|\n|upkeep\n|turn|14\n|inactive|Time left: 300 sec this turn | 300 sec total\n|\n|t:|1783574082\n|move|p1a: Magearna|Fleur Cannon|p2a: Latias|[miss]\n|-miss|p1a: Magearna|p2a: Latias\n|move|p2a: Latias|Psyshock|p1a: Magearna\n|-resisted|p1a: Magearna\n|-damage|p1a: Magearna|0 fnt\n|faint|p1a: Magearna\n|\n|upkeep\n|\n|t:|1783574083\n|switch|p1a: Gumshoos|Gumshoos, L95, M|100/100\n|-damage|p1a: Gumshoos|88/100|[from] Stealth Rock\n|turn|15\n|inactive|Time left: 300 sec this turn | 300 sec total\n|\n|t:|1783574083\n|move|p2a: Latias|Draco Meteor|p1a: Gumshoos|[miss]\n|-miss|p2a: Latias|p1a: Gumshoos\n|move|p1a: Gumshoos|Knock Off|p2a: Latias\n|-supereffective|p2a: Latias\n|-damage|p2a: Latias|0 fnt\n|-enditem|p2a: Latias|Soul Dew|[from] move: Knock Off|[of] p1a: Gumshoos\n|faint|p2a: Latias\n|\n|upkeep\n|inactive|Time left: 300 sec this turn | 300 sec total | 5 sec grace\n|\n|t:|1783574084\n|switch|p2a: Quaquaval|Quaquaval, L79, F|2/264\n|turn|16\n|inactive|Time left: 300 sec this turn | 300 sec total\n|\n|t:|1783574085\n|switch|p1a: Cresselia|Cresselia, L80, F|100/100\n|-damage|p1a: Cresselia|88/100|[from] Stealth Rock\n|move|p2a: Quaquaval|Close Combat|p1a: Cresselia\n|-resisted|p1a: Cresselia\n|-damage|p1a: Cresselia|63/100\n|-unboost|p2a: Quaquaval|def|1\n|-unboost|p2a: Quaquaval|spd|1\n|-damage|p2a: Quaquaval|0 fnt|[from] item: Life Orb\n|faint|p2a: Quaquaval\n|\n|-heal|p1a: Cresselia|69/100|[from] item: Leftovers\n|upkeep\n|inactive|Time left: 300 sec this turn | 300 sec total | 5 sec grace\n|\n|t:|1783574086\n|switch|p2a: Grafaiai|Grafaiai, L86, M|249/249\n|turn|17\n|inactive|Time left: 300 sec this turn | 300 sec total\n|\n|t:|1783574087\n|-terastallize|p2a: Grafaiai|Dark\n|move|p2a: Grafaiai|Knock Off|p1a: Cresselia\n|-supereffective|p1a: Cresselia\n|-damage|p1a: Cresselia|9/100\n|-enditem|p1a: Cresselia|Leftovers|[from] move: Knock Off|[of] p2a: Grafaiai\n|move|p1a: Cresselia|Moonlight|p1a: Cresselia\n|-heal|p1a: Cresselia|59/100\n|\n|upkeep\n|turn|18\n|inactive|Time left: 300 sec this turn | 300 sec total\n|\n|t:|1783574088\n|move|p2a: Grafaiai|Knock Off|p1a: Cresselia\n|-supereffective|p1a: Cresselia\n|-damage|p1a: Cresselia|18/100\n|move|p1a: Cresselia|Moonlight|p1a: Cresselia\n|-heal|p1a: Cresselia|68/100\n|\n|upkeep\n|turn|19\n|inactive|Time left: 300 sec this turn | 300 sec total\n|\n|t:|1783574089\n|move|p2a: Grafaiai|Gunk Shot|p1a: Cresselia\n|-damage|p1a: Cresselia|35/100\n|move|p1a: Cresselia|Moonlight|p1a: Cresselia\n|-heal|p1a: Cresselia|84/100\n|\n|upkeep\n|turn|20\n|inactive|Time left: 300 sec this turn | 300 sec total\n|\n|t:|1783574090\n|move|p2a: Grafaiai|Knock Off|p1a: Cresselia\n|-supereffective|p1a: Cresselia\n|-damage|p1a: Cresselia|44/100\n|move|p1a: Cresselia|Calm Mind|p1a: Cresselia\n|-boost|p1a: Cresselia|spa|1\n|-boost|p1a: Cresselia|spd|1\n|\n|upkeep\n|turn|21\n|inactive|Time left: 300 sec this turn | 300 sec total\n|\n|t:|1783574091\n|move|p2a: Grafaiai|Encore|p1a: Cresselia\n|-start|p1a: Cresselia|Encore\n|move|p1a: Cresselia|Calm Mind|p1a: Cresselia\n|-boost|p1a: Cresselia|spa|1\n|-boost|p1a: Cresselia|spd|1\n|\n|upkeep\n|turn|22\n|inactive|Time left: 300 sec this turn | 300 sec total\n|\n|t:|1783574092\n|switch|p1a: Magcargo|Magcargo, L95, F|100/100\n|move|p2a: Grafaiai|Knock Off|p1a: Magcargo\n|-damage|p1a: Magcargo|74/100\n|-enditem|p1a: Magcargo|Heavy-Duty Boots|[from] move: Knock Off|[of] p2a: Grafaiai\n|\n|upkeep\n|turn|23\n|inactive|Time left: 300 sec this turn | 300 sec total\n|\n|t:|1783574093\n|move|p2a: Grafaiai|Parting Shot|p1a: Magcargo\n|-unboost|p1a: Magcargo|atk|1\n|-unboost|p1a: Magcargo|spa|1\n|inactive|Time left: 300 sec this turn | 300 sec total | 5 sec grace\n|\n|t:|1783574094\n|switch|p2a: Kleavor|Kleavor, L78, M|27/237|[from] Parting Shot\n|move|p1a: Magcargo|Lava Plume|p2a: Kleavor\n|-damage|p2a: Kleavor|0 fnt\n|faint|p2a: Kleavor\n|\n|upkeep\n|inactive|Time left: 300 sec this turn | 300 sec total | 10 sec grace\n|\n|t:|1783574095\n|switch|p2a: Grafaiai|Grafaiai, L86, M, tera:Dark|249/249\n|turn|24\n|inactive|Time left: 300 sec this turn | 300 sec total\n|\n|t:|1783574096\n|move|p2a: Grafaiai|Parting Shot|p1a: Magcargo\n|-unboost|p1a: Magcargo|atk|1\n|-unboost|p1a: Magcargo|spa|1\n|move|p1a: Magcargo|Lava Plume|p2a: Grafaiai\n|-damage|p2a: Grafaiai|186/249\n|-status|p2a: Grafaiai|brn\n|\n|-damage|p2a: Grafaiai|171/249 brn|[from] brn\n|upkeep\n|turn|25\n|inactive|Time left: 300 sec this turn | 300 sec total\n|\n|t:|1783574097\n|switch|p1a: Gumshoos|Gumshoos, L95, M|88/100\n|-damage|p1a: Gumshoos|76/100|[from] Stealth Rock\n|move|p2a: Grafaiai|Gunk Shot|p1a: Gumshoos|[miss]\n|-miss|p2a: Grafaiai|p1a: Gumshoos\n|\n|-damage|p2a: Grafaiai|156/249 brn|[from] brn\n|upkeep\n|turn|26\n|inactive|Time left: 300 sec this turn | 300 sec total\n|\n|t:|1783574098\n|move|p2a: Grafaiai|Knock Off|p1a: Gumshoos\n|-damage|p1a: Gumshoos|55/100\n|-enditem|p1a: Gumshoos|Choice Band|[from] move: Knock Off|[of] p2a: Grafaiai\n|move|p1a: Gumshoos|Double-Edge|p2a: Grafaiai\n|-damage|p2a: Grafaiai|0 fnt\n|faint|p2a: Grafaiai\n|-damage|p1a: Gumshoos|39/100|[from] Recoil\n|\n|win|p0x29599da4", "uploadtime": 1783574098, "views": 0, "rating": 0, "private": 0, "password": null, "_winner": "p0x29599da4", "_our_name": "p0y29599c2c"}