{"id": "battle-gen9randombattle-318", "formatid": "gen9randombattle", "format": "[Gen 9] Random Battle", "players": ["p0x318717d", "p0y318e379"], "log": "|init|battle\n|title|p0x318717d vs. p0y318e379\n|j|\u2606p0x318717d\n|j|\u2606p0y318e379\n|t:|1783542764\n|gametype|singles\n|player|p1|p0x318717d|170|\n|player|p2|p0y318e379|169|\n|gen|9\n|tier|[Gen 9] Random Battle\n|rule|Species Clause: Limit one of each Pok\u00e9mon\n|rule|HP Percentage Mod: HP is shown in percentages\n|rule|Sleep Clause Mod: Limit one foe put to sleep\n|rule|Illusion Level Mod: Illusion disguises the Pok\u00e9mon's true level\n|\n|t:|1783542764\n|teamsize|p1|6\n|teamsize|p2|6\n|start\n|switch|p1a: Furret|Furret, L94, M|100/100\n|switch|p2a: Galvantula|Galvantula, L82, F|249/249\n|-item|p2a: Galvantula|Focus Sash|[from] ability: Frisk|[of] p1a: Furret\n|turn|1\n|inactive|Battle timer is ON: inactive players will automatically lose when time's up. (requested by p0x318717d)\n|inactive|Time left: 300 sec this turn | 300 sec total | 60 sec grace\n|inactive|p0y318e379 also wants the timer to be on.\n|\n|t:|1783542766\n|move|p2a: Galvantula|Sticky Web|p1a: Furret\n|-sidestart|p1: p0x318717d|move: Sticky Web\n|move|p1a: Furret|Knock Off|p2a: Galvantula\n|-damage|p2a: Galvantula|99/249\n|-enditem|p2a: Galvantula|Focus Sash|[from] move: Knock Off|[of] p1a: Furret\n|\n|upkeep\n|turn|2\n|inactive|Time left: 300 sec this turn | 300 sec total\n|\n|t:|1783542767\n|move|p2a: Galvantula|Volt Switch|p1a: Furret\n|-damage|p1a: Furret|75/100\n|inactive|Time left: 300 sec this turn | 300 sec total | 5 sec grace\n|\n|t:|1783542768\n|switch|p2a: Glimmora|Glimmora, L75, M|248/248|[from] Volt Switch\n|move|p1a: Furret|Knock Off|p2a: Glimmora\n|-damage|p2a: Glimmora|139/248\n|-activate|p2a: Glimmora|ability: Toxic Debris\n|-sidestart|p1: p0x318717d|move: Toxic Spikes\n|-enditem|p2a: Glimmora|Power Herb|[from] move: Knock Off|[of] p1a: Furret\n|\n|upkeep\n|turn|3\n|inactive|Time left: 300 sec this turn | 300 sec total\n|\n|t:|1783542769\n|move|p1a: Furret|Knock Off|p2a: Glimmora\n|-damage|p2a: Glimmora|60/248\n|-activate|p2a: Glimmora|ability: Toxic Debris\n|-sidestart|p1: p0x318717d|move: Toxic Spikes\n|move|p2a: Glimmora|Meteor Beam||[still]\n|-prepare|p2a: Glimmora|Meteor Beam\n|-boost|p2a: Glimmora|spa|1\n|\n|upkeep\n|turn|4\n|inactive|Time left: 300 sec this turn | 300 sec total\n|\n|t:|1783542770\n|move|p1a: Furret|Knock Off|p2a: Glimmora\n|-damage|p2a: Glimmora|0 fnt\n|faint|p2a: Glimmora\n|\n|upkeep\n|inactive|Time left: 300 sec this turn | 300 sec total | 5 sec grace\n|\n|t:|1783542771\n|switch|p2a: Dragalge|Dragalge, L88, F|258/258\n|turn|5\n|inactive|Time left: 300 sec this turn | 300 sec total\n|\n|t:|1783542772\n|move|p1a: Furret|Knock Off|p2a: Dragalge\n|-damage|p2a: Dragalge|166/258\n|-enditem|p2a: Dragalge|Assault Vest|[from] move: Knock Off|[of] p1a: Furret\n|move|p2a: Dragalge|Sludge Wave|p1a: Furret\n|-damage|p1a: Furret|11/100\n|\n|upkeep\n|turn|6\n|inactive|Time left: 300 sec this turn | 300 sec total\n|\n|t:|1783542773\n|move|p1a: Furret|Knock Off|p2a: Dragalge\n|-damage|p2a: Dragalge|99/258\n|move|p2a: Dragalge|Sludge Wave|p1a: Furret\n|-damage|p1a: Furret|0 fnt\n|faint|p1a: Furret\n|\n|upkeep\n|\n|t:|1783542775\n|switch|p1a: Cinderace|Cinderace, L77, M|100/100\n|turn|7\n|inactive|Time left: 300 sec this turn | 300 sec total\n|\n|t:|1783542776\n|switch|p2a: Hitmontop|Hitmontop, L88, M|231/231\n|-ability|p2a: Hitmontop|Intimidate|boost\n|-unboost|p1a: Cinderace|atk|1\n|move|p1a: Cinderace|Court Change|p1a: Cinderace\n|-start|p1a: Cinderace|typechange|Normal|[from] ability: Libero\n|-swapsideconditions\n|-activate|p1a: Cinderace|move: Court Change\n|\n|upkeep\n|turn|8\n|inactive|Time left: 300 sec this turn | 300 sec total\n|\n|t:|1783542777\n|move|p1a: Cinderace|Will-O-Wisp|p2a: Hitmontop\n|-status|p2a: Hitmontop|brn\n|move|p2a: Hitmontop|Rapid Spin|p1a: Cinderace\n|-damage|p1a: Cinderace|91/100\n|-boost|p2a: Hitmontop|spe|1\n|-sideend|p2: p0y318e379|Toxic Spikes|[from] move: Rapid Spin|[of] p2a: Hitmontop\n|-sideend|p2: p0y318e379|Sticky Web|[from] move: Rapid Spin|[of] p2a: Hitmontop\n|\n|-damage|p2a: Hitmontop|217/231 brn|[from] brn\n|upkeep\n|turn|9\n|inactive|Time left: 300 sec this turn | 300 sec total\n|\n|t:|1783542778\n|switch|p1a: Veluza|Veluza, L85, F|100/100\n|move|p2a: Hitmontop|Rapid Spin|p1a: Veluza\n|-damage|p1a: Veluza|94/100\n|-boost|p2a: Hitmontop|spe|1\n|\n|-damage|p2a: Hitmontop|203/231 brn|[from] brn\n|upkeep\n|turn|10\n|inactive|Time left: 300 sec this turn | 300 sec total\n|\n|t:|1783542779\n|move|p2a: Hitmontop|Sucker Punch|p1a: Veluza\n|-supereffective|p1a: Veluza\n|-damage|p1a: Veluza|73/100\n|move|p1a: Veluza|Psycho Cut|p2a: Hitmontop\n|-supereffective|p2a: Hitmontop\n|-crit|p2a: Hitmontop\n|-damage|p2a: Hitmontop|0 fnt\n|faint|p2a: Hitmontop\n|\n|upkeep\n|inactive|Time left: 300 sec this turn | 300 sec total | 5 sec grace\n|\n|t:|1783542780\n|switch|p2a: Galvantula|Galvantula, L82, F|99/249\n|turn|11\n|inactive|Time left: 300 sec this turn | 300 sec total\n|\n|t:|1783542781\n|move|p1a: Veluza|Psycho Cut|p2a: Galvantula\n|-damage|p2a: Galvantula|0 fnt\n|faint|p2a: Galvantula\n|\n|upkeep\n|inactive|Time left: 300 sec this turn | 300 sec total | 5 sec grace\n|\n|t:|1783542782\n|switch|p2a: Glalie|Glalie, L96, M|309/309\n|turn|12\n|inactive|Time left: 300 sec this turn | 300 sec total\n|\n|t:|1783542783\n|move|p1a: Veluza|Psycho Cut|p2a: Glalie\n|-damage|p2a: Glalie|198/309\n|move|p2a: Glalie|Freeze-Dry|p1a: Veluza\n|-supereffective|p1a: Veluza\n|-damage|p1a: Veluza|5/100\n|\n|upkeep\n|turn|13\n|inactive|Time left: 300 sec this turn | 300 sec total\n|\n|t:|1783542784\n|move|p1a: Veluza|Psycho Cut|p2a: Glalie\n|-damage|p2a: Glalie|84/309\n|move|p2a: Glalie|Earthquake|p1a: Veluza\n|-damage|p1a: Veluza|0 fnt\n|faint|p1a: Veluza\n|\n|upkeep\n|\n|t:|1783542785\n|switch|p1a: Dugtrio|Dugtrio-Alola, L84, F|100/100\n|turn|14\n|inactive|Time left: 300 sec this turn | 300 sec total\n|\n|t:|1783542786\n|switch|p2a: Dudunsparce|Dudunsparce-Three-Segment, L83, M|343/343\n|move|p1a: Dugtrio|Earthquake|p2a: Dudunsparce\n|-damage|p2a: Dudunsparce|165/343\n|\n|-heal|p2a: Dudunsparce|186/343|[from] item: Leftovers\n|upkeep\n|turn|15\n|inactive|Time left: 300 sec this turn | 300 sec total\n|\n|t:|1783542787\n|-terastallize|p1a: Dugtrio|Ground\n|move|p1a: Dugtrio|Earthquake|p2a: Dudunsparce\n|-damage|p2a: Dudunsparce|0 fnt\n|faint|p2a: Dudunsparce\n|\n|upkeep\n|inactive|Time left: 300 sec this turn | 300 sec total | 5 sec grace\n|\n|t:|1783542788\n|switch|p2a: Glalie|Glalie, L96, M|84/309\n|turn|16\n|inactive|Time left: 300 sec this turn | 300 sec total\n|\n|t:|1783542789\n|-terastallize|p2a: Glalie|Water\n|move|p1a: Dugtrio|Earthquake|p2a: Glalie\n|-damage|p2a: Glalie|0 fnt\n|faint|p2a: Glalie\n|\n|upkeep\n|inactive|Time left: 300 sec this turn | 300 sec total | 5 sec grace\n|\n|t:|1783542790\n|switch|p2a: Dragalge|Dragalge, L88, F|99/258\n|turn|17\n|inactive|Time left: 300 sec this turn | 300 sec total\n|\n|t:|1783542791\n|move|p1a: Dugtrio|Earthquake|p2a: Dragalge\n|-supereffective|p2a: Dragalge\n|-damage|p2a: Dragalge|0 fnt\n|faint|p2a: Dragalge\n|\n|win|p0x318717d", "uploadtime": 1783542791, "views": 0, "rating": 0, "private": 0, "password": null, "_winner": "p0x318717d", "_our_name": "p0y318e379"}