{"id": "battle-gen9randombattle-2642", "formatid": "gen9randombattle", "format": "[Gen 9] Random Battle", "players": ["p0x264282a6", "p0y2642a247"], "log": "|init|battle\n|title|p0x264282a6 vs. p0y2642a247\n|j|\u2606p0x264282a6\n|j|\u2606p0y2642a247\n|t:|1783569493\n|gametype|singles\n|player|p1|p0x264282a6|2|\n|player|p2|p0y2642a247|170|\n|gen|9\n|tier|[Gen 9] Random Battle\n|rule|Species Clause: Limit one of each Pok\u00e9mon\n|rule|HP Percentage Mod: HP is shown in percentages\n|rule|Sleep Clause Mod: Limit one foe put to sleep\n|rule|Illusion Level Mod: Illusion disguises the Pok\u00e9mon's true level\n|\n|t:|1783569493\n|teamsize|p1|6\n|teamsize|p2|6\n|start\n|switch|p1a: Coalossal|Coalossal, L89, F|100/100\n|switch|p2a: Drifblim|Drifblim, L86, F|398/398\n|turn|1\n|inactive|Battle timer is ON: inactive players will automatically lose when time's up. (requested by p0x264282a6)\n|inactive|Time left: 300 sec this turn | 300 sec total | 60 sec grace\n|inactive|p0y2642a247 also wants the timer to be on.\n|\n|t:|1783569494\n|move|p2a: Drifblim|Shadow Ball|p1a: Coalossal\n|-damage|p1a: Coalossal|79/100\n|move|p1a: Coalossal|Stone Edge|p2a: Drifblim\n|-supereffective|p2a: Drifblim\n|-crit|p2a: Drifblim\n|-damage|p2a: Drifblim|0 fnt\n|faint|p2a: Drifblim\n|\n|upkeep\n|inactive|Time left: 300 sec this turn | 300 sec total | 65 sec grace\n|\n|t:|1783569496\n|switch|p2a: Spectrier|Spectrier, L75|274/274\n|turn|2\n|inactive|Time left: 300 sec this turn | 300 sec total\n|\n|t:|1783569497\n|move|p2a: Spectrier|Nasty Plot|p2a: Spectrier\n|-boost|p2a: Spectrier|spa|2\n|move|p1a: Coalossal|Stealth Rock|p2a: Spectrier\n|-sidestart|p2: p0y2642a247|move: Stealth Rock\n|\n|upkeep\n|turn|3\n|inactive|Time left: 300 sec this turn | 300 sec total\n|\n|t:|1783569498\n|move|p2a: Spectrier|Shadow Ball|p1a: Coalossal\n|-damage|p1a: Coalossal|23/100\n|move|p1a: Coalossal|Stone Edge|p2a: Spectrier\n|-damage|p2a: Spectrier|123/274\n|\n|-heal|p2a: Spectrier|140/274|[from] item: Leftovers\n|upkeep\n|turn|4\n|inactive|Time left: 300 sec this turn | 300 sec total\n|\n|t:|1783569499\n|move|p2a: Spectrier|Shadow Ball|p1a: Coalossal\n|-damage|p1a: Coalossal|0 fnt\n|faint|p1a: Coalossal\n|-ability|p2a: Spectrier|Grim Neigh|boost\n|-boost|p2a: Spectrier|spa|1\n|\n|-heal|p2a: Spectrier|157/274|[from] item: Leftovers\n|upkeep\n|\n|t:|1783569500\n|switch|p1a: Chandelure|Chandelure, L83, M|100/100\n|turn|5\n|inactive|Time left: 300 sec this turn | 300 sec total\n|\n|t:|1783569501\n|move|p1a: Chandelure|Fire Blast|p2a: Spectrier\n|-damage|p2a: Spectrier|0 fnt\n|faint|p2a: Spectrier\n|\n|upkeep\n|inactive|Time left: 300 sec this turn | 300 sec total | 5 sec grace\n|\n|t:|1783569502\n|switch|p2a: Morpeko|Morpeko, L88, M|245/245\n|-damage|p2a: Morpeko|215/245|[from] Stealth Rock\n|turn|6\n|inactive|Time left: 300 sec this turn | 300 sec total\n|\n|t:|1783569503\n|-terastallize|p1a: Chandelure|Fire\n|move|p1a: Chandelure|Fire Blast|p2a: Morpeko\n|-damage|p2a: Morpeko|0 fnt\n|faint|p2a: Morpeko\n|\n|upkeep\n|inactive|Time left: 300 sec this turn | 300 sec total | 5 sec grace\n|\n|t:|1783569504\n|switch|p2a: Articuno|Articuno, L86|295/295\n|-ability|p2a: Articuno|Pressure\n|turn|7\n|inactive|Time left: 300 sec this turn | 300 sec total\n|\n|t:|1783569505\n|-terastallize|p2a: Articuno|Ground\n|move|p1a: Chandelure|Fire Blast|p2a: Articuno\n|-damage|p2a: Articuno|129/295\n|-status|p2a: Articuno|brn\n|move|p2a: Articuno|Roost|p2a: Articuno\n|-heal|p2a: Articuno|277/295 brn\n|\n|-damage|p2a: Articuno|259/295 brn|[from] brn\n|upkeep\n|turn|8\n|inactive|Time left: 300 sec this turn | 300 sec total\n|\n|t:|1783569505\n|move|p1a: Chandelure|Fire Blast|p2a: Articuno\n|-damage|p2a: Articuno|91/295 brn\n|move|p2a: Articuno|Roost|p2a: Articuno\n|-heal|p2a: Articuno|239/295 brn\n|\n|-damage|p2a: Articuno|221/295 brn|[from] brn\n|upkeep\n|turn|9\n|inactive|Time left: 300 sec this turn | 300 sec total\n|\n|t:|1783569506\n|move|p1a: Chandelure|Fire Blast|p2a: Articuno|[miss]\n|-miss|p1a: Chandelure|p2a: Articuno\n|move|p2a: Articuno|U-turn|p1a: Chandelure\n|-resisted|p1a: Chandelure\n|-damage|p1a: Chandelure|95/100\n|inactive|Time left: 300 sec this turn | 300 sec total | 5 sec grace\n|\n|t:|1783569507\n|switch|p2a: Galvantula|Galvantula, L82, F|249/249|[from] U-turn\n|\n|upkeep\n|turn|10\n|inactive|Time left: 300 sec this turn | 300 sec total\n|\n|t:|1783569507\n|switch|p1a: Chesnaught|Chesnaught, L84, F|100/100\n|move|p2a: Galvantula|Sticky Web|p1a: Chesnaught\n|-sidestart|p1: p0x264282a6|move: Sticky Web\n|\n|upkeep\n|turn|11\n|inactive|Time left: 300 sec this turn | 300 sec total\n|\n|t:|1783569508\n|move|p2a: Galvantula|Thunder|p1a: Chesnaught\n|-resisted|p1a: Chesnaught\n|-damage|p1a: Chesnaught|80/100\n|-status|p1a: Chesnaught|par\n|move|p1a: Chesnaught|Trailblaze|p2a: Galvantula\n|-resisted|p2a: Galvantula\n|-damage|p2a: Galvantula|214/249\n|-boost|p1a: Chesnaught|spe|1\n|\n|-heal|p1a: Chesnaught|86/100 par|[from] item: Leftovers\n|upkeep\n|turn|12\n|inactive|Time left: 300 sec this turn | 300 sec total\n|\n|t:|1783569509\n|move|p2a: Galvantula|Bug Buzz|p1a: Chesnaught\n|-damage|p1a: Chesnaught|52/100 par\n|-unboost|p1a: Chesnaught|spd|1\n|cant|p1a: Chesnaught|par\n|\n|-heal|p1a: Chesnaught|58/100 par|[from] item: Leftovers\n|upkeep\n|turn|13\n|inactive|Time left: 300 sec this turn | 300 sec total\n|\n|t:|1783569509\n|move|p2a: Galvantula|Bug Buzz|p1a: Chesnaught\n|-damage|p1a: Chesnaught|10/100 par\n|cant|p1a: Chesnaught|par\n|\n|-heal|p1a: Chesnaught|16/100 par|[from] item: Leftovers\n|upkeep\n|turn|14\n|inactive|Time left: 300 sec this turn | 300 sec total\n|\n|t:|1783569510\n|move|p2a: Galvantula|Bug Buzz|p1a: Chesnaught\n|-damage|p1a: Chesnaught|0 fnt\n|faint|p1a: Chesnaught\n|\n|upkeep\n|\n|t:|1783569511\n|switch|p1a: Chandelure|Chandelure, L83, M, tera:Fire|95/100\n|-activate|p1a: Chandelure|move: Sticky Web\n|-unboost|p1a: Chandelure|spe|1\n|turn|15\n|inactive|Time left: 300 sec this turn | 300 sec total\n|\n|t:|1783569511\n|move|p2a: Galvantula|Thunder|p1a: Chandelure\n|-damage|p1a: Chandelure|47/100\n|move|p1a: Chandelure|Shadow Ball|p2a: Galvantula\n|-damage|p2a: Galvantula|55/249\n|\n|upkeep\n|turn|16\n|inactive|Time left: 300 sec this turn | 300 sec total\n|\n|t:|1783569513\n|switch|p1a: Chansey|Chansey, L85, F|100/100\n|-activate|p1a: Chansey|move: Sticky Web\n|-unboost|p1a: Chansey|spe|1\n|move|p2a: Galvantula|Thunder|p1a: Chansey\n|-damage|p1a: Chansey|88/100\n|\n|upkeep\n|turn|17\n|inactive|Time left: 300 sec this turn | 300 sec total\n|\n|t:|1783569514\n|switch|p2a: Articuno|Articuno, L86, tera:Ground|221/295 brn\n|-ability|p2a: Articuno|Pressure\n|move|p1a: Chansey|Seismic Toss|p2a: Articuno\n|-damage|p2a: Articuno|136/295 brn\n|\n|-damage|p2a: Articuno|118/295 brn|[from] brn\n|upkeep\n|turn|18\n|inactive|Time left: 300 sec this turn | 300 sec total\n|\n|t:|1783569515\n|move|p2a: Articuno|Roost|p2a: Articuno\n|-heal|p2a: Articuno|266/295 brn\n|move|p1a: Chansey|Seismic Toss|p2a: Articuno\n|-damage|p2a: Articuno|181/295 brn\n|\n|-damage|p2a: Articuno|163/295 brn|[from] brn\n|upkeep\n|turn|19\n|inactive|Time left: 300 sec this turn | 300 sec total\n|\n|t:|1783569516\n|move|p2a: Articuno|Roost|p2a: Articuno\n|-heal|p2a: Articuno|295/295 brn\n|move|p1a: Chansey|Seismic Toss|p2a: Articuno\n|-damage|p2a: Articuno|210/295 brn\n|\n|-damage|p2a: Articuno|192/295 brn|[from] brn\n|upkeep\n|turn|20\n|inactive|Time left: 300 sec this turn | 300 sec total\n|\n|t:|1783569517\n|move|p2a: Articuno|Roost|p2a: Articuno\n|-heal|p2a: Articuno|295/295 brn\n|move|p1a: Chansey|Seismic Toss|p2a: Articuno\n|-damage|p2a: Articuno|210/295 brn\n|\n|-damage|p2a: Articuno|192/295 brn|[from] brn\n|upkeep\n|turn|21\n|inactive|Time left: 300 sec this turn | 300 sec total\n|\n|t:|1783569518\n|move|p2a: Articuno|Roost|p2a: Articuno\n|-heal|p2a: Articuno|295/295 brn\n|move|p1a: Chansey|Seismic Toss|p2a: Articuno\n|-damage|p2a: Articuno|210/295 brn\n|\n|-damage|p2a: Articuno|192/295 brn|[from] brn\n|upkeep\n|turn|22\n|inactive|Time left: 300 sec this turn | 300 sec total\n|\n|t:|1783569519\n|move|p2a: Articuno|Roost|p2a: Articuno\n|-heal|p2a: Articuno|295/295 brn\n|move|p1a: Chansey|Seismic Toss|p2a: Articuno\n|-damage|p2a: Articuno|210/295 brn\n|\n|-damage|p2a: Articuno|192/295 brn|[from] brn\n|upkeep\n|turn|23\n|inactive|Time left: 300 sec this turn | 300 sec total\n|\n|t:|1783569520\n|move|p2a: Articuno|Freeze-Dry|p1a: Chansey\n|-damage|p1a: Chansey|81/100\n|move|p1a: Chansey|Seismic Toss|p2a: Articuno\n|-damage|p2a: Articuno|107/295 brn\n|\n|-damage|p2a: Articuno|89/295 brn|[from] brn\n|upkeep\n|turn|24\n|inactive|Time left: 300 sec this turn | 300 sec total\n|\n|t:|1783569521\n|move|p2a: Articuno|Roost|p2a: Articuno\n|-heal|p2a: Articuno|237/295 brn\n|move|p1a: Chansey|Seismic Toss|p2a: Articuno\n|-damage|p2a: Articuno|152/295 brn\n|\n|-damage|p2a: Articuno|134/295 brn|[from] brn\n|upkeep\n|turn|25\n|inactive|Time left: 300 sec this turn | 300 sec total\n|\n|t:|1783569522\n|switch|p2a: Shiftry|Shiftry, L89, F|305/305\n|-damage|p2a: Shiftry|267/305|[from] Stealth Rock\n|move|p1a: Chansey|Seismic Toss|p2a: Shiftry\n|-damage|p2a: Shiftry|182/305\n|\n|upkeep\n|turn|26\n|inactive|Time left: 300 sec this turn | 300 sec total\n|\n|t:|1783569524\n|move|p2a: Shiftry|Knock Off|p1a: Chansey\n|-damage|p1a: Chansey|22/100\n|-enditem|p1a: Chansey|Eviolite|[from] move: Knock Off|[of] p2a: Shiftry\n|-damage|p2a: Shiftry|152/305|[from] item: Life Orb\n|move|p1a: Chansey|Soft-Boiled|p1a: Chansey\n|-heal|p1a: Chansey|72/100\n|\n|upkeep\n|turn|27\n|inactive|Time left: 300 sec this turn | 300 sec total\n|\n|t:|1783569525\n|move|p2a: Shiftry|Leaf Blade|p1a: Chansey\n|-damage|p1a: Chansey|0 fnt\n|faint|p1a: Chansey\n|-damage|p2a: Shiftry|122/305|[from] item: Life Orb\n|\n|upkeep\n|\n|t:|1783569525\n|switch|p1a: Ambipom|Ambipom, L84, M|100/100\n|-activate|p1a: Ambipom|move: Sticky Web\n|-unboost|p1a: Ambipom|spe|1\n|turn|28\n|inactive|Time left: 300 sec this turn | 300 sec total\n|\n|t:|1783569526\n|move|p1a: Ambipom|Fake Out|p2a: Shiftry\n|-damage|p2a: Shiftry|31/305\n|cant|p2a: Shiftry|flinch\n|\n|upkeep\n|turn|29\n|inactive|Time left: 300 sec this turn | 300 sec total\n|\n|t:|1783569527\n|move|p2a: Shiftry|Knock Off|p1a: Ambipom\n|-damage|p1a: Ambipom|33/100\n|-enditem|p1a: Ambipom|Silk Scarf|[from] move: Knock Off|[of] p2a: Shiftry\n|-damage|p2a: Shiftry|1/305|[from] item: Life Orb\n|move|p1a: Ambipom|Knock Off|p2a: Shiftry\n|-resisted|p2a: Shiftry\n|-damage|p2a: Shiftry|0 fnt\n|-enditem|p2a: Shiftry|Life Orb|[from] move: Knock Off|[of] p1a: Ambipom\n|faint|p2a: Shiftry\n|\n|upkeep\n|inactive|Time left: 300 sec this turn | 300 sec total | 5 sec grace\n|\n|t:|1783569528\n|switch|p2a: Galvantula|Galvantula, L82, F|55/249\n|turn|30\n|inactive|Time left: 300 sec this turn | 300 sec total\n|\n|t:|1783569529\n|move|p2a: Galvantula|Bug Buzz|p1a: Ambipom\n|-damage|p1a: Ambipom|0 fnt\n|faint|p1a: Ambipom\n|\n|upkeep\n|\n|t:|1783569530\n|switch|p1a: Suicune|Suicune, L82|100/100\n|-activate|p1a: Suicune|move: Sticky Web\n|-unboost|p1a: Suicune|spe|1\n|-ability|p1a: Suicune|Pressure\n|turn|31\n|inactive|Time left: 300 sec this turn | 300 sec total\n|\n|t:|1783569531\n|move|p2a: Galvantula|Thunder|p1a: Suicune\n|-supereffective|p1a: Suicune\n|-damage|p1a: Suicune|34/100\n|move|p1a: Suicune|Scald|p2a: Galvantula\n|-damage|p2a: Galvantula|0 fnt\n|faint|p2a: Galvantula\n|\n|-heal|p1a: Suicune|40/100|[from] item: Leftovers\n|upkeep\n|inactive|Time left: 300 sec this turn | 300 sec total | 5 sec grace\n|\n|t:|1783569532\n|switch|p2a: Articuno|Articuno, L86, tera:Ground|134/295 brn\n|-ability|p2a: Articuno|Pressure\n|turn|32\n|inactive|Time left: 300 sec this turn | 300 sec total\n|\n|t:|1783569533\n|move|p2a: Articuno|Freeze-Dry|p1a: Suicune\n|-supereffective|p1a: Suicune\n|-damage|p1a: Suicune|0 fnt\n|faint|p1a: Suicune\n|\n|-damage|p2a: Articuno|116/295 brn|[from] brn\n|upkeep\n|\n|t:|1783569534\n|switch|p1a: Chandelure|Chandelure, L83, M, tera:Fire|47/100\n|-activate|p1a: Chandelure|move: Sticky Web\n|-unboost|p1a: Chandelure|spe|1\n|turn|33\n|inactive|Time left: 300 sec this turn | 300 sec total\n|\n|t:|1783569535\n|move|p2a: Articuno|Freeze-Dry|p1a: Chandelure\n|-resisted|p1a: Chandelure\n|-crit|p1a: Chandelure\n|-damage|p1a: Chandelure|21/100\n|move|p1a: Chandelure|Energy Ball|p2a: Articuno\n|-supereffective|p2a: Articuno\n|-damage|p2a: Articuno|0 fnt\n|faint|p2a: Articuno\n|\n|win|p0x264282a6", "uploadtime": 1783569535, "views": 0, "rating": 0, "private": 0, "password": null, "_winner": "p0x264282a6", "_our_name": "p0y2642a247"}