{"id": "battle-gen9randombattle-1539", "formatid": "gen9randombattle", "format": "[Gen 9] Random Battle", "players": ["p0x15399004", "p0y15396949"], "log": "|init|battle\n|title|p0x15399004 vs. p0y15396949\n|j|\u2606p0x15399004\n|j|\u2606p0y15396949\n|t:|1783557875\n|gametype|singles\n|player|p1|p0x15399004|102|\n|player|p2|p0y15396949|101|\n|gen|9\n|tier|[Gen 9] Random Battle\n|rule|Species Clause: Limit one of each Pok\u00e9mon\n|rule|HP Percentage Mod: HP is shown in percentages\n|rule|Sleep Clause Mod: Limit one foe put to sleep\n|rule|Illusion Level Mod: Illusion disguises the Pok\u00e9mon's true level\n|\n|t:|1783557875\n|teamsize|p1|6\n|teamsize|p2|6\n|start\n|switch|p1a: Tauros|Tauros-Paldea-Combat, L82, M|100/100\n|switch|p2a: Sceptile|Sceptile, L87, M|264/264\n|-ability|p1a: Tauros|Intimidate|boost\n|-unboost|p2a: Sceptile|atk|1\n|turn|1\n|inactive|Battle timer is ON: inactive players will automatically lose when time's up. (requested by p0x15399004)\n|inactive|Time left: 300 sec this turn | 300 sec total | 60 sec grace\n|inactive|p0y15396949 also wants the timer to be on.\n|\n|t:|1783557876\n|move|p2a: Sceptile|Giga Drain|p1a: Tauros\n|-damage|p1a: Tauros|55/100\n|move|p1a: Tauros|Close Combat|p2a: Sceptile\n|-damage|p2a: Sceptile|61/264\n|-unboost|p1a: Tauros|def|1\n|-unboost|p1a: Tauros|spd|1\n|-damage|p1a: Tauros|45/100|[from] item: Life Orb\n|\n|-heal|p2a: Sceptile|77/264|[from] item: Leftovers\n|upkeep\n|turn|2\n|inactive|Time left: 300 sec this turn | 300 sec total\n|\n|t:|1783557878\n|switch|p1a: Ho-Oh|Ho-Oh, L71|100/100\n|move|p2a: Sceptile|Giga Drain|p1a: Ho-Oh\n|-resisted|p1a: Ho-Oh\n|-damage|p1a: Ho-Oh|92/100\n|-heal|p2a: Sceptile|89/264|[from] drain|[of] p1a: Ho-Oh\n|\n|-heal|p2a: Sceptile|105/264|[from] item: Leftovers\n|upkeep\n|turn|3\n|inactive|Time left: 300 sec this turn | 300 sec total\n|\n|t:|1783557879\n|move|p2a: Sceptile|Substitute|p2a: Sceptile\n|-start|p2a: Sceptile|Substitute\n|-damage|p2a: Sceptile|39/264\n|move|p1a: Ho-Oh|Sacred Fire|p2a: Sceptile\n|-supereffective|p2a: Sceptile\n|-end|p2a: Sceptile|Substitute\n|\n|-heal|p2a: Sceptile|55/264|[from] item: Leftovers\n|upkeep\n|turn|4\n|inactive|Time left: 300 sec this turn | 300 sec total\n|\n|t:|1783557880\n|move|p2a: Sceptile|Leech Seed|p1a: Ho-Oh\n|-start|p1a: Ho-Oh|move: Leech Seed\n|move|p1a: Ho-Oh|Sacred Fire|p2a: Sceptile\n|-supereffective|p2a: Sceptile\n|-damage|p2a: Sceptile|0 fnt\n|faint|p2a: Sceptile\n|\n|upkeep\n|inactive|Time left: 300 sec this turn | 300 sec total | 5 sec grace\n|\n|t:|1783557881\n|switch|p2a: Minun|Minun, L95, M|268/268\n|turn|5\n|inactive|Time left: 300 sec this turn | 300 sec total\n|\n|t:|1783557882\n|move|p2a: Minun|Nasty Plot|p2a: Minun\n|-boost|p2a: Minun|spa|2\n|move|p1a: Ho-Oh|Sacred Fire|p2a: Minun\n|-damage|p2a: Minun|135/268\n|\n|-damage|p1a: Ho-Oh|80/100|[from] Leech Seed|[of] p2a: Minun\n|-heal|p2a: Minun|168/268|[silent]\n|upkeep\n|turn|6\n|inactive|Time left: 300 sec this turn | 300 sec total\n|\n|t:|1783557883\n|-terastallize|p1a: Ho-Oh|Steel\n|move|p2a: Minun|Thunderbolt|p1a: Ho-Oh\n|-damage|p1a: Ho-Oh|4/100\n|-damage|p2a: Minun|142/268|[from] item: Life Orb\n|move|p1a: Ho-Oh|Earthquake|p2a: Minun\n|-supereffective|p2a: Minun\n|-damage|p2a: Minun|0 fnt\n|faint|p2a: Minun\n|\n|upkeep\n|inactive|Time left: 300 sec this turn | 300 sec total | 5 sec grace\n|\n|t:|1783557883\n|switch|p2a: Scyther|Scyther, L82, M|249/249\n|turn|7\n|inactive|Time left: 300 sec this turn | 300 sec total\n|\n|t:|1783557884\n|switch|p1a: Mismagius|Mismagius, L86, M|100/100\n|move|p2a: Scyther|Dual Wingbeat|p1a: Mismagius\n|-damage|p1a: Mismagius|65/100\n|-damage|p1a: Mismagius|30/100\n|-hitcount|p1a: Mismagius|2\n|\n|upkeep\n|turn|8\n|inactive|Time left: 300 sec this turn | 300 sec total\n|\n|t:|1783557885\n|move|p1a: Mismagius|Mystical Fire|p2a: Scyther\n|-supereffective|p2a: Scyther\n|-damage|p2a: Scyther|65/249\n|-unboost|p2a: Scyther|spa|1\n|move|p2a: Scyther|Dual Wingbeat|p1a: Mismagius\n|-damage|p1a: Mismagius|0 fnt\n|faint|p1a: Mismagius\n|-hitcount|p1: Mismagius|1\n|\n|upkeep\n|\n|t:|1783557886\n|switch|p1a: Raikou|Raikou, L81|100/100\n|-ability|p1a: Raikou|Pressure\n|turn|9\n|inactive|Time left: 300 sec this turn | 300 sec total\n|\n|t:|1783557887\n|switch|p2a: Gogoat|Gogoat, L88, M|360/360\n|move|p1a: Raikou|Thunderbolt|p2a: Gogoat\n|-resisted|p2a: Gogoat\n|-damage|p2a: Gogoat|311/360\n|\n|-heal|p2a: Gogoat|333/360|[from] item: Leftovers\n|upkeep\n|turn|10\n|inactive|Time left: 300 sec this turn | 300 sec total\n|\n|t:|1783557888\n|switch|p1a: Tauros|Tauros-Paldea-Combat, L82, M|45/100\n|-ability|p1a: Tauros|Intimidate|boost\n|-unboost|p2a: Gogoat|atk|1\n|move|p2a: Gogoat|Bulk Up|p2a: Gogoat\n|-boost|p2a: Gogoat|atk|1\n|-boost|p2a: Gogoat|def|1\n|\n|-heal|p2a: Gogoat|355/360|[from] item: Leftovers\n|upkeep\n|turn|11\n|inactive|Time left: 300 sec this turn | 300 sec total\n|\n|t:|1783557889\n|move|p1a: Tauros|Bulk Up|p1a: Tauros\n|-boost|p1a: Tauros|atk|1\n|-boost|p1a: Tauros|def|1\n|move|p2a: Gogoat|Bulk Up|p2a: Gogoat\n|-boost|p2a: Gogoat|atk|1\n|-boost|p2a: Gogoat|def|1\n|\n|-heal|p2a: Gogoat|360/360|[from] item: Leftovers\n|upkeep\n|turn|12\n|inactive|Time left: 300 sec this turn | 300 sec total\n|\n|t:|1783557890\n|move|p1a: Tauros|Bulk Up|p1a: Tauros\n|-boost|p1a: Tauros|atk|1\n|-boost|p1a: Tauros|def|1\n|move|p2a: Gogoat|Horn Leech|p1a: Tauros\n|-damage|p1a: Tauros|21/100\n|\n|upkeep\n|turn|13\n|inactive|Time left: 300 sec this turn | 300 sec total\n|\n|t:|1783557891\n|move|p1a: Tauros|Close Combat|p2a: Gogoat\n|-damage|p2a: Gogoat|157/360\n|-unboost|p1a: Tauros|def|1\n|-unboost|p1a: Tauros|spd|1\n|-damage|p1a: Tauros|11/100|[from] item: Life Orb\n|move|p2a: Gogoat|Earthquake|p1a: Tauros\n|-damage|p1a: Tauros|0 fnt\n|faint|p1a: Tauros\n|\n|-heal|p2a: Gogoat|179/360|[from] item: Leftovers\n|upkeep\n|\n|t:|1783557892\n|switch|p1a: Mew|Mew, L82|100/100\n|turn|14\n|inactive|Time left: 300 sec this turn | 300 sec total\n|\n|t:|1783557893\n|move|p1a: Mew|Fire Blast|p2a: Gogoat\n|-supereffective|p2a: Gogoat\n|-damage|p2a: Gogoat|0 fnt\n|faint|p2a: Gogoat\n|-damage|p1a: Mew|91/100|[from] item: Life Orb\n|\n|upkeep\n|inactive|Time left: 300 sec this turn | 300 sec total | 5 sec grace\n|\n|t:|1783557895\n|switch|p2a: Mesprit|Mesprit, L85|275/275\n|turn|15\n|inactive|Time left: 300 sec this turn | 300 sec total\n|\n|t:|1783557896\n|move|p1a: Mew|Nasty Plot|p1a: Mew\n|-boost|p1a: Mew|spa|2\n|move|p2a: Mesprit|Knock Off|p1a: Mew\n|-supereffective|p1a: Mew\n|-damage|p1a: Mew|43/100\n|-enditem|p1a: Mew|Life Orb|[from] move: Knock Off|[of] p2a: Mesprit\n|\n|upkeep\n|turn|16\n|inactive|Time left: 300 sec this turn | 300 sec total\n|\n|t:|1783557898\n|move|p1a: Mew|Dark Pulse|p2a: Mesprit\n|-supereffective|p2a: Mesprit\n|-damage|p2a: Mesprit|149/275\n|move|p2a: Mesprit|Knock Off|p1a: Mew\n|-supereffective|p1a: Mew\n|-damage|p1a: Mew|14/100\n|\n|upkeep\n|turn|17\n|inactive|Time left: 300 sec this turn | 300 sec total\n|\n|t:|1783557900\n|-terastallize|p2a: Mesprit|Dark\n|move|p1a: Mew|Dark Pulse|p2a: Mesprit\n|-resisted|p2a: Mesprit\n|-damage|p2a: Mesprit|120/275\n|move|p2a: Mesprit|Ice Beam|p1a: Mew\n|-damage|p1a: Mew|0 fnt\n|faint|p1a: Mew\n|\n|upkeep\n|\n|t:|1783557902\n|switch|p1a: Raikou|Raikou, L81|100/100\n|-ability|p1a: Raikou|Pressure\n|turn|18\n|inactive|Time left: 300 sec this turn | 300 sec total\n|\n|t:|1783557903\n|move|p1a: Raikou|Calm Mind|p1a: Raikou\n|-boost|p1a: Raikou|spa|1\n|-boost|p1a: Raikou|spd|1\n|move|p2a: Mesprit|Knock Off|p1a: Raikou\n|-damage|p1a: Raikou|52/100\n|-enditem|p1a: Raikou|Heavy-Duty Boots|[from] move: Knock Off|[of] p2a: Mesprit\n|\n|upkeep\n|turn|19\n|inactive|Time left: 300 sec this turn | 300 sec total\n|\n|t:|1783557904\n|move|p1a: Raikou|Thunderbolt|p2a: Mesprit\n|-damage|p2a: Mesprit|30/275\n|move|p2a: Mesprit|Drain Punch|p1a: Raikou\n|-crit|p1a: Raikou\n|-damage|p1a: Raikou|13/100\n|-heal|p2a: Mesprit|84/275|[from] drain|[of] p1a: Raikou\n|\n|upkeep\n|turn|20\n|inactive|Time left: 300 sec this turn | 300 sec total\n|\n|t:|1783557906\n|move|p1a: Raikou|Thunderbolt|p2a: Mesprit\n|-damage|p2a: Mesprit|0 fnt\n|faint|p2a: Mesprit\n|\n|upkeep\n|inactive|Time left: 300 sec this turn | 300 sec total | 5 sec grace\n|\n|t:|1783557907\n|switch|p2a: Ditto|Ditto, L87|225/225\n|-transform|p2a: Ditto|p1a: Raikou|[from] ability: Imposter\n|-ability|p2a: Ditto|Pressure\n|turn|21\n|inactive|Time left: 300 sec this turn | 300 sec total\n|\n|t:|1783557908\n|switch|p1a: Chesnaught|Chesnaught, L84, M|100/100\n|move|p2a: Ditto|Scald|p1a: Chesnaught\n|-resisted|p1a: Chesnaught\n|-damage|p1a: Chesnaught|82/100\n|\n|upkeep\n|turn|22\n|inactive|Time left: 300 sec this turn | 300 sec total\n|\n|t:|1783557909\n|move|p2a: Ditto|Scald|p1a: Chesnaught\n|-resisted|p1a: Chesnaught\n|-damage|p1a: Chesnaught|63/100\n|-status|p1a: Chesnaught|brn\n|move|p1a: Chesnaught|Body Press|p2a: Ditto\n|-damage|p2a: Ditto|169/225\n|\n|-damage|p1a: Chesnaught|57/100 brn|[from] brn\n|upkeep\n|turn|23\n|inactive|Time left: 300 sec this turn | 300 sec total\n|\n|t:|1783557909\n|switch|p2a: Scyther|Scyther, L82, M|65/249\n|switch|p1a: Raikou|Raikou, L81|13/100\n|-ability|p1a: Raikou|Pressure\n|\n|upkeep\n|turn|24\n|inactive|Time left: 300 sec this turn | 300 sec total\n|\n|t:|1783557910\n|switch|p2a: Ditto|Ditto, L87|169/225\n|-transform|p2a: Ditto|p1a: Raikou|[from] ability: Imposter\n|-ability|p2a: Ditto|Pressure\n|move|p1a: Raikou|Thunderbolt|p2a: Ditto\n|-resisted|p2a: Ditto\n|-damage|p2a: Ditto|118/225\n|\n|upkeep\n|turn|25\n|inactive|Time left: 300 sec this turn | 300 sec total\n|\n|t:|1783557911\n|switch|p1a: Ho-Oh|Ho-Oh, L71, tera:Steel|37/100\n|move|p2a: Ditto|Scald|p1a: Ho-Oh\n|-damage|p1a: Ho-Oh|19/100\n|\n|upkeep\n|turn|26\n|inactive|Time left: 300 sec this turn | 300 sec total\n|\n|t:|1783557912\n|switch|p1a: Raikou|Raikou, L81|13/100\n|-ability|p1a: Raikou|Pressure\n|move|p2a: Ditto|Scald|p1a: Raikou\n|-damage|p1a: Raikou|0 fnt\n|faint|p1a: Raikou\n|\n|upkeep\n|\n|t:|1783557913\n|switch|p1a: Ho-Oh|Ho-Oh, L71, tera:Steel|52/100\n|turn|27\n|inactive|Time left: 300 sec this turn | 300 sec total\n|\n|t:|1783557914\n|move|p2a: Ditto|Scald|p1a: Ho-Oh\n|-damage|p1a: Ho-Oh|34/100\n|-status|p1a: Ho-Oh|brn\n|move|p1a: Ho-Oh|Recover|p1a: Ho-Oh\n|-heal|p1a: Ho-Oh|84/100 brn\n|\n|-damage|p1a: Ho-Oh|78/100 brn|[from] brn\n|upkeep\n|turn|28\n|inactive|Time left: 300 sec this turn | 300 sec total\n|\n|t:|1783557915\n|move|p2a: Ditto|Scald|p1a: Ho-Oh\n|-damage|p1a: Ho-Oh|59/100 brn\n|move|p1a: Ho-Oh|Sacred Fire|p2a: Ditto\n|-damage|p2a: Ditto|64/225\n|-status|p2a: Ditto|brn\n|\n|-damage|p2a: Ditto|50/225 brn|[from] brn\n|-damage|p1a: Ho-Oh|53/100 brn|[from] brn\n|upkeep\n|turn|29\n|inactive|Time left: 300 sec this turn | 300 sec total\n|\n|t:|1783557915\n|switch|p2a: Scyther|Scyther, L82, M|65/249\n|move|p1a: Ho-Oh|Brave Bird|p2a: Scyther\n|-supereffective|p2a: Scyther\n|-damage|p2a: Scyther|0 fnt\n|faint|p2a: Scyther\n|-damage|p1a: Ho-Oh|45/100 brn|[from] Recoil\n|\n|-damage|p1a: Ho-Oh|39/100 brn|[from] brn\n|upkeep\n|inactive|Time left: 300 sec this turn | 300 sec total | 5 sec grace\n|\n|t:|1783557916\n|switch|p2a: Ditto|Ditto, L87|50/225 brn\n|-transform|p2a: Ditto|p1a: Ho-Oh|[from] ability: Imposter\n|turn|30\n|inactive|Time left: 300 sec this turn | 300 sec total\n|\n|t:|1783557917\n|move|p2a: Ditto|Recover|p2a: Ditto\n|-heal|p2a: Ditto|163/225 brn\n|move|p1a: Ho-Oh|Recover|p1a: Ho-Oh\n|-heal|p1a: Ho-Oh|89/100 brn\n|\n|-damage|p2a: Ditto|149/225 brn|[from] brn\n|-damage|p1a: Ho-Oh|83/100 brn|[from] brn\n|upkeep\n|turn|31\n|inactive|Time left: 300 sec this turn | 300 sec total\n|\n|t:|1783557918\n|switch|p1a: Chesnaught|Chesnaught, L84, M|57/100 brn\n|move|p2a: Ditto|Recover|p2a: Ditto\n|-heal|p2a: Ditto|225/225 brn\n|\n|-damage|p2a: Ditto|211/225 brn|[from] brn\n|-damage|p1a: Chesnaught|51/100 brn|[from] brn\n|upkeep\n|turn|32\n|inactive|Time left: 300 sec this turn | 300 sec total\n|\n|t:|1783557918\n|move|p2a: Ditto|Recover|p2a: Ditto\n|-heal|p2a: Ditto|225/225 brn\n|move|p1a: Chesnaught|Synthesis|p1a: Chesnaught\n|-heal|p1a: Chesnaught|100/100 brn\n|\n|-damage|p2a: Ditto|211/225 brn|[from] brn\n|-damage|p1a: Chesnaught|95/100 brn|[from] brn\n|upkeep\n|turn|33\n|inactive|Time left: 300 sec this turn | 300 sec total\n|\n|t:|1783557919\n|switch|p1a: Ho-Oh|Ho-Oh, L71, tera:Steel|100/100 brn\n|move|p2a: Ditto|Recover|p2a: Ditto\n|-heal|p2a: Ditto|225/225 brn\n|\n|-damage|p2a: Ditto|211/225 brn|[from] brn\n|-damage|p1a: Ho-Oh|95/100 brn|[from] brn\n|upkeep\n|turn|34\n|inactive|Time left: 300 sec this turn | 300 sec total\n|\n|t:|1783557920\n|move|p2a: Ditto|Recover|p2a: Ditto\n|-heal|p2a: Ditto|225/225 brn\n|move|p1a: Ho-Oh|Brave Bird|p2a: Ditto\n|-damage|p2a: Ditto|153/225 brn\n|-damage|p1a: Ho-Oh|86/100 brn|[from] Recoil\n|\n|-damage|p2a: Ditto|139/225 brn|[from] brn\n|-damage|p1a: Ho-Oh|80/100 brn|[from] brn\n|upkeep\n|turn|35\n|inactive|Time left: 300 sec this turn | 300 sec total\n|\n|t:|1783557920\n|-activate|p2a: Ditto|move: Struggle\n|move|p2a: Ditto|Struggle|p1a: Ho-Oh\n|-damage|p1a: Ho-Oh|71/100 brn\n|-damage|p2a: Ditto|83/225 brn|[from] recoil\n|move|p1a: Ho-Oh|Brave Bird|p2a: Ditto\n|-damage|p2a: Ditto|11/225 brn\n|-damage|p1a: Ho-Oh|62/100 brn|[from] Recoil\n|\n|-damage|p2a: Ditto|0 fnt|[from] brn\n|faint|p2a: Ditto\n|\n|win|p0x15399004", "uploadtime": 1783557920, "views": 0, "rating": 0, "private": 0, "password": null, "_winner": "p0x15399004", "_our_name": "p0y15396949"}