{"id": "battle-gen9randombattle-2532", "formatid": "gen9randombattle", "format": "[Gen 9] Random Battle", "players": ["p0x2532b619", "p0y25326ab9"], "log": "|init|battle\n|title|p0x2532b619 vs. p0y25326ab9\n|j|\u2606p0x2532b619\n|j|\u2606p0y25326ab9\n|t:|1783568336\n|gametype|singles\n|player|p1|p0x2532b619|102|\n|player|p2|p0y25326ab9|102|\n|gen|9\n|tier|[Gen 9] Random Battle\n|rule|Species Clause: Limit one of each Pok\u00e9mon\n|rule|HP Percentage Mod: HP is shown in percentages\n|rule|Sleep Clause Mod: Limit one foe put to sleep\n|rule|Illusion Level Mod: Illusion disguises the Pok\u00e9mon's true level\n|\n|t:|1783568336\n|teamsize|p1|6\n|teamsize|p2|6\n|start\n|switch|p1a: Grimmsnarl|Grimmsnarl, L83, M|100/100\n|switch|p2a: Glalie|Glalie, L96, M|309/309\n|turn|1\n|inactive|Battle timer is ON: inactive players will automatically lose when time's up. (requested by p0y25326ab9)\n|inactive|p0x2532b619 also wants the timer to be on.\n|\n|t:|1783568337\n|move|p1a: Grimmsnarl|Reflect|p1a: Grimmsnarl\n|-sidestart|p1: p0x2532b619|Reflect\n|move|p2a: Glalie|Freeze-Dry|p1a: Grimmsnarl\n|-damage|p1a: Grimmsnarl|70/100\n|\n|upkeep\n|turn|2\n|inactive|Time left: 300 sec this turn | 300 sec total\n|\n|t:|1783568338\n|move|p2a: Glalie|Spikes|p1a: Grimmsnarl\n|-sidestart|p1: p0x2532b619|Spikes\n|move|p1a: Grimmsnarl|Spirit Break|p2a: Glalie\n|-damage|p2a: Glalie|221/309\n|-unboost|p2a: Glalie|spa|1\n|\n|upkeep\n|turn|3\n|inactive|Time left: 300 sec this turn | 300 sec total\n|\n|t:|1783568339\n|move|p1a: Grimmsnarl|Light Screen|p1a: Grimmsnarl\n|-sidestart|p1: p0x2532b619|move: Light Screen\n|move|p2a: Glalie|Spikes|p1a: Grimmsnarl\n|-sidestart|p1: p0x2532b619|Spikes\n|\n|upkeep\n|turn|4\n|inactive|Time left: 300 sec this turn | 300 sec total\n|\n|t:|1783568340\n|switch|p2a: Blissey|Blissey, L85, F|572/572\n|move|p1a: Grimmsnarl|Spirit Break|p2a: Blissey\n|-damage|p2a: Blissey|308/572\n|-unboost|p2a: Blissey|spa|1\n|\n|-heal|p2a: Blissey|343/572|[from] item: Leftovers\n|upkeep\n|turn|5\n|inactive|Time left: 300 sec this turn | 300 sec total\n|\n|t:|1783568341\n|move|p1a: Grimmsnarl|Spirit Break|p2a: Blissey\n|-damage|p2a: Blissey|73/572\n|-unboost|p2a: Blissey|spa|1\n|move|p2a: Blissey|Stealth Rock|p1a: Grimmsnarl\n|-sidestart|p1: p0x2532b619|move: Stealth Rock\n|\n|-heal|p2a: Blissey|108/572|[from] item: Leftovers\n|upkeep\n|turn|6\n|inactive|Time left: 300 sec this turn | 300 sec total\n|\n|t:|1783568342\n|switch|p2a: Ho-Oh|Ho-Oh, L71|268/268\n|move|p1a: Grimmsnarl|Spirit Break|p2a: Ho-Oh\n|-resisted|p2a: Ho-Oh\n|-damage|p2a: Ho-Oh|216/268\n|-unboost|p2a: Ho-Oh|spa|1\n|\n|upkeep\n|turn|7\n|inactive|Time left: 300 sec this turn | 300 sec total\n|\n|t:|1783568343\n|move|p2a: Ho-Oh|Sacred Fire|p1a: Grimmsnarl\n|-damage|p1a: Grimmsnarl|52/100\n|move|p1a: Grimmsnarl|Spirit Break|p2a: Ho-Oh\n|-resisted|p2a: Ho-Oh\n|-damage|p2a: Ho-Oh|158/268\n|-unboost|p2a: Ho-Oh|spa|1\n|\n|upkeep\n|turn|8\n|inactive|Time left: 300 sec this turn | 300 sec total\n|\n|t:|1783568344\n|move|p2a: Ho-Oh|Recover|p2a: Ho-Oh\n|-heal|p2a: Ho-Oh|268/268\n|move|p1a: Grimmsnarl|Spirit Break|p2a: Ho-Oh\n|-resisted|p2a: Ho-Oh\n|-damage|p2a: Ho-Oh|214/268\n|-unboost|p2a: Ho-Oh|spa|1\n|\n|-sideend|p1: p0x2532b619|Reflect\n|upkeep\n|turn|9\n|inactive|Time left: 300 sec this turn | 300 sec total\n|\n|t:|1783568345\n|switch|p2a: Blissey|Blissey, L85, F|108/572\n|move|p1a: Grimmsnarl|Reflect|p1a: Grimmsnarl\n|-sidestart|p1: p0x2532b619|Reflect\n|\n|-heal|p2a: Blissey|143/572|[from] item: Leftovers\n|upkeep\n|turn|10\n|inactive|Time left: 300 sec this turn | 300 sec total\n|\n|t:|1783568345\n|switch|p2a: Ho-Oh|Ho-Oh, L71|268/268\n|move|p1a: Grimmsnarl|Spirit Break|p2a: Ho-Oh\n|-resisted|p2a: Ho-Oh\n|-damage|p2a: Ho-Oh|216/268\n|-unboost|p2a: Ho-Oh|spa|1\n|\n|-sideend|p1: p0x2532b619|move: Light Screen\n|upkeep\n|turn|11\n|inactive|Time left: 300 sec this turn | 300 sec total\n|\n|t:|1783568347\n|move|p1a: Grimmsnarl|Light Screen|p1a: Grimmsnarl\n|-sidestart|p1: p0x2532b619|move: Light Screen\n|move|p2a: Ho-Oh|Sacred Fire|p1a: Grimmsnarl\n|-damage|p1a: Grimmsnarl|33/100\n|-status|p1a: Grimmsnarl|brn\n|\n|-damage|p1a: Grimmsnarl|27/100 brn|[from] brn\n|upkeep\n|turn|12\n|inactive|Time left: 300 sec this turn | 300 sec total\n|\n|t:|1783568348\n|switch|p2a: Blissey|Blissey, L85, F|143/572\n|move|p1a: Grimmsnarl|Spirit Break|p2a: Blissey\n|-damage|p2a: Blissey|8/572\n|-unboost|p2a: Blissey|spa|1\n|\n|-heal|p2a: Blissey|43/572|[from] item: Leftovers\n|-damage|p1a: Grimmsnarl|21/100 brn|[from] brn\n|upkeep\n|turn|13\n|inactive|Time left: 300 sec this turn | 300 sec total\n|\n|t:|1783568349\n|switch|p2a: Ogerpon|Ogerpon-Cornerstone, L76, F|247/247\n|move|p1a: Grimmsnarl|Spirit Break|p2a: Ogerpon\n|-damage|p2a: Ogerpon|198/247\n|-unboost|p2a: Ogerpon|spa|1\n|\n|-damage|p1a: Grimmsnarl|14/100 brn|[from] brn\n|upkeep\n|turn|14\n|inactive|Time left: 300 sec this turn | 300 sec total\n|\n|t:|1783568350\n|move|p2a: Ogerpon|Horn Leech|p1a: Grimmsnarl\n|-damage|p1a: Grimmsnarl|0 fnt\n|-heal|p2a: Ogerpon|219/247|[from] drain|[of] p1a: Grimmsnarl\n|faint|p1a: Grimmsnarl\n|\n|upkeep\n|\n|t:|1783568351\n|switch|p1a: Masquerain|Masquerain, L87, F|100/100\n|-ability|p1a: Masquerain|Intimidate|boost\n|-unboost|p2a: Ogerpon|atk|1\n|turn|15\n|inactive|Time left: 300 sec this turn | 300 sec total\n|\n|t:|1783568352\n|switch|p2a: Glalie|Glalie, L96, M|221/309\n|move|p1a: Masquerain|Sticky Web|p2a: Glalie\n|-sidestart|p2: p0y25326ab9|move: Sticky Web\n|\n|upkeep\n|turn|16\n|inactive|Time left: 300 sec this turn | 300 sec total\n|\n|t:|1783568353\n|move|p2a: Glalie|Freeze-Dry|p1a: Masquerain\n|-supereffective|p1a: Masquerain\n|-damage|p1a: Masquerain|69/100\n|-status|p1a: Masquerain|frz\n|cant|p1a: Masquerain|frz\n|\n|-sideend|p1: p0x2532b619|Reflect\n|upkeep\n|turn|17\n|inactive|Time left: 300 sec this turn | 300 sec total\n|\n|t:|1783568354\n|move|p2a: Glalie|Freeze-Dry|p1a: Masquerain\n|-supereffective|p1a: Masquerain\n|-damage|p1a: Masquerain|36/100 frz\n|cant|p1a: Masquerain|frz\n|\n|upkeep\n|turn|18\n|inactive|Time left: 300 sec this turn | 300 sec total\n|\n|t:|1783568355\n|move|p2a: Glalie|Freeze-Dry|p1a: Masquerain\n|-supereffective|p1a: Masquerain\n|-damage|p1a: Masquerain|5/100 frz\n|cant|p1a: Masquerain|frz\n|\n|-sideend|p1: p0x2532b619|move: Light Screen\n|upkeep\n|turn|19\n|inactive|Time left: 300 sec this turn | 300 sec total\n|\n|t:|1783568357\n|move|p2a: Glalie|Freeze-Dry|p1a: Masquerain\n|-supereffective|p1a: Masquerain\n|-damage|p1a: Masquerain|0 fnt\n|faint|p1a: Masquerain\n|\n|upkeep\n|\n|t:|1783568357\n|switch|p1a: Hitmonlee|Hitmonlee, L85, M|100/100\n|-damage|p1a: Hitmonlee|84/100|[from] Spikes\n|-damage|p1a: Hitmonlee|78/100|[from] Stealth Rock\n|turn|20\n|inactive|Time left: 300 sec this turn | 300 sec total\n|\n|t:|1783568359\n|move|p2a: Glalie|Earthquake|p1a: Hitmonlee\n|-damage|p1a: Hitmonlee|31/100\n|move|p1a: Hitmonlee|High Jump Kick|p2a: Glalie\n|-supereffective|p2a: Glalie\n|-damage|p2a: Glalie|0 fnt\n|faint|p2a: Glalie\n|\n|upkeep\n|inactive|Time left: 300 sec this turn | 300 sec total | 5 sec grace\n|\n|t:|1783568360\n|switch|p2a: Staraptor|Staraptor, L79, M|263/263\n|turn|21\n|inactive|Time left: 300 sec this turn | 300 sec total\n|\n|t:|1783568361\n|move|p2a: Staraptor|Brave Bird|p1a: Hitmonlee\n|-supereffective|p1a: Hitmonlee\n|-damage|p1a: Hitmonlee|0 fnt\n|faint|p1a: Hitmonlee\n|-damage|p2a: Staraptor|241/263|[from] Recoil\n|\n|upkeep\n|\n|t:|1783568362\n|switch|p1a: Cinccino|Cinccino, L83, M|100/100\n|-damage|p1a: Cinccino|84/100|[from] Spikes\n|-damage|p1a: Cinccino|72/100|[from] Stealth Rock\n|turn|22\n|inactive|Time left: 300 sec this turn | 300 sec total\n|\n|t:|1783568363\n|switch|p2a: Blissey|Blissey, L85, F|43/572\n|-activate|p2a: Blissey|move: Sticky Web\n|-unboost|p2a: Blissey|spe|1\n|move|p1a: Cinccino|Triple Axel|p2a: Blissey\n|-damage|p2a: Blissey|0 fnt\n|faint|p2a: Blissey\n|-hitcount|p2: Blissey|1\n|\n|upkeep\n|inactive|Time left: 300 sec this turn | 300 sec total | 5 sec grace\n|\n|t:|1783568364\n|switch|p2a: Ho-Oh|Ho-Oh, L71|268/268\n|turn|23\n|inactive|Time left: 300 sec this turn | 300 sec total\n|\n|t:|1783568365\n|move|p1a: Cinccino|Triple Axel|p2a: Ho-Oh|[miss]\n|-miss|p1a: Cinccino|p2a: Ho-Oh\n|move|p2a: Ho-Oh|Sacred Fire|p1a: Cinccino\n|-damage|p1a: Cinccino|19/100\n|-status|p1a: Cinccino|brn\n|\n|-damage|p1a: Cinccino|12/100 brn|[from] brn\n|upkeep\n|turn|24\n|inactive|Time left: 300 sec this turn | 300 sec total\n|\n|t:|1783568366\n|move|p1a: Cinccino|Triple Axel|p2a: Ho-Oh\n|-damage|p2a: Ho-Oh|256/268\n|-damage|p2a: Ho-Oh|234/268\n|-damage|p2a: Ho-Oh|197/268\n|-hitcount|p2a: Ho-Oh|3\n|move|p2a: Ho-Oh|Brave Bird|p1a: Cinccino\n|-damage|p1a: Cinccino|0 fnt\n|faint|p1a: Cinccino\n|-damage|p2a: Ho-Oh|187/268|[from] Recoil\n|\n|upkeep\n|\n|t:|1783568367\n|switch|p1a: Wugtrio|Wugtrio, L91, F|100/100\n|-damage|p1a: Wugtrio|84/100|[from] Spikes\n|-damage|p1a: Wugtrio|72/100|[from] Stealth Rock\n|turn|25\n|inactive|Time left: 300 sec this turn | 300 sec total\n|\n|t:|1783568368\n|switch|p2a: Lilligant|Lilligant, L86, F|261/261\n|-activate|p2a: Lilligant|move: Sticky Web\n|-unboost|p2a: Lilligant|spe|1\n|move|p1a: Wugtrio|Liquidation|p2a: Lilligant\n|-resisted|p2a: Lilligant\n|-damage|p2a: Lilligant|176/261\n|\n|upkeep\n|turn|26\n|inactive|Time left: 300 sec this turn | 300 sec total\n|\n|t:|1783568370\n|move|p1a: Wugtrio|Liquidation|p2a: Lilligant\n|-resisted|p2a: Lilligant\n|-damage|p2a: Lilligant|80/261\n|move|p2a: Lilligant|Petal Dance|p1a: Wugtrio\n|-supereffective|p1a: Wugtrio\n|-damage|p1a: Wugtrio|0 fnt\n|-ability|p1a: Wugtrio|Gooey\n|-unboost|p2a: Lilligant|spe|1\n|faint|p1a: Wugtrio\n|-damage|p2a: Lilligant|54/261|[from] item: Life Orb\n|\n|upkeep\n|\n|t:|1783568371\n|switch|p1a: Palkia|Palkia-Origin, L72|100/100\n|-damage|p1a: Palkia|84/100|[from] Spikes\n|-damage|p1a: Palkia|72/100|[from] Stealth Rock\n|-ability|p1a: Palkia|Pressure\n|turn|27\n|inactive|Time left: 300 sec this turn | 300 sec total\n|\n|t:|1783568372\n|-terastallize|p1a: Palkia|Fire\n|move|p1a: Palkia|Thunder Wave|p2a: Lilligant\n|-status|p2a: Lilligant|par\n|move|p2a: Lilligant|Petal Dance|p1a: Palkia|[from] lockedmove\n|-resisted|p1a: Palkia\n|-damage|p1a: Palkia|36/100\n|-damage|p2a: Lilligant|28/261 par|[from] item: Life Orb\n|\n|upkeep\n|turn|28\n|inactive|Time left: 300 sec this turn | 300 sec total\n|\n|t:|1783568373\n|move|p1a: Palkia|Thunder Wave|p2a: Lilligant\n|-fail|p2a: Lilligant|par\n|move|p2a: Lilligant|Petal Dance|p1a: Palkia\n|-resisted|p1a: Palkia\n|-damage|p1a: Palkia|3/100\n|-damage|p2a: Lilligant|2/261 par|[from] item: Life Orb\n|\n|upkeep\n|turn|29\n|inactive|Time left: 300 sec this turn | 300 sec total\n|\n|t:|1783568374\n|move|p1a: Palkia|Hydro Pump|p2a: Lilligant\n|-resisted|p2a: Lilligant\n|-damage|p2a: Lilligant|0 fnt\n|faint|p2a: Lilligant\n|\n|upkeep\n|inactive|Time left: 300 sec this turn | 300 sec total | 5 sec grace\n|\n|t:|1783568375\n|switch|p2a: Ho-Oh|Ho-Oh, L71|268/268\n|turn|30\n|inactive|Time left: 300 sec this turn | 300 sec total\n|\n|t:|1783568375\n|-terastallize|p2a: Ho-Oh|Ground\n|move|p1a: Palkia|Thunder Wave|p2a: Ho-Oh\n|-immune|p2a: Ho-Oh\n|move|p2a: Ho-Oh|Brave Bird|p1a: Palkia\n|-damage|p1a: Palkia|0 fnt\n|faint|p1a: Palkia\n|-damage|p2a: Ho-Oh|266/268|[from] Recoil\n|\n|win|p0y25326ab9", "uploadtime": 1783568376, "views": 0, "rating": 0, "private": 0, "password": null, "_winner": "p0y25326ab9", "_our_name": "p0y25326ab9"}