{"id": "battle-gen9randombattle-2944", "formatid": "gen9randombattle", "format": "[Gen 9] Random Battle", "players": ["p0x2944b6ba", "p0y294492f5"], "log": "|init|battle\n|title|p0x2944b6ba vs. p0y294492f5\n|j|\u2606p0x2944b6ba\n|j|\u2606p0y294492f5\n|t:|1783573904\n|gametype|singles\n|player|p1|p0x2944b6ba|266|\n|player|p2|p0y294492f5|169|\n|gen|9\n|tier|[Gen 9] Random Battle\n|rule|Species Clause: Limit one of each Pok\u00e9mon\n|rule|HP Percentage Mod: HP is shown in percentages\n|rule|Sleep Clause Mod: Limit one foe put to sleep\n|rule|Illusion Level Mod: Illusion disguises the Pok\u00e9mon's true level\n|\n|t:|1783573904\n|teamsize|p1|6\n|teamsize|p2|6\n|start\n|switch|p1a: Blaziken|Blaziken, L76, F|247/247\n|switch|p2a: Toxtricity|Toxtricity, L82, M|100/100\n|turn|1\n|inactive|Battle timer is ON: inactive players will automatically lose when time's up. (requested by p0y294492f5)\n|inactive|Time left: 300 sec this turn | 300 sec total | 60 sec grace\n|inactive|p0x2944b6ba also wants the timer to be on.\n|\n|t:|1783573905\n|move|p1a: Blaziken|Protect|p1a: Blaziken\n|-singleturn|p1a: Blaziken|Protect\n|move|p2a: Toxtricity|Boomburst|p1a: Blaziken\n|-activate|p1a: Blaziken|move: Protect\n|\n|-ability|p1a: Blaziken|Speed Boost|boost\n|-boost|p1a: Blaziken|spe|1\n|upkeep\n|turn|2\n|inactive|Time left: 300 sec this turn | 300 sec total\n|\n|t:|1783573906\n|switch|p1a: Polteageist|Polteageist, L78|222/222\n|move|p2a: Toxtricity|Boomburst|p1a: Polteageist\n|-immune|p1a: Polteageist\n|\n|upkeep\n|turn|3\n|inactive|Time left: 300 sec this turn | 300 sec total\n|\n|t:|1783573907\n|switch|p2a: Copperajah|Copperajah, L86, F|100/100\n|move|p1a: Polteageist|Shell Smash|p1a: Polteageist\n|-unboost|p1a: Polteageist|def|1\n|-unboost|p1a: Polteageist|spd|1\n|-boost|p1a: Polteageist|atk|2\n|-boost|p1a: Polteageist|spa|2\n|-boost|p1a: Polteageist|spe|2\n|-enditem|p1a: Polteageist|White Herb\n|-clearnegativeboost|p1a: Polteageist|[silent]\n|\n|upkeep\n|turn|4\n|inactive|Time left: 300 sec this turn | 300 sec total\n|\n|t:|1783573908\n|move|p1a: Polteageist|Strength Sap|p2a: Copperajah\n|-unboost|p2a: Copperajah|atk|1\n|move|p2a: Copperajah|Heavy Slam|p1a: Polteageist\n|-damage|p1a: Polteageist|5/222\n|-start|p2a: Copperajah|Disable|Heavy Slam|[from] ability: Cursed Body|[of] p1a: Polteageist\n|\n|upkeep\n|turn|5\n|inactive|Time left: 300 sec this turn | 300 sec total\n|\n|t:|1783573909\n|switch|p2a: Chimecho|Chimecho, L93, M|100/100\n|move|p1a: Polteageist|Strength Sap|p2a: Chimecho\n|-unboost|p2a: Chimecho|atk|1\n|-heal|p1a: Polteageist|103/222\n|\n|upkeep\n|turn|6\n|inactive|Time left: 300 sec this turn | 300 sec total\n|\n|t:|1783573910\n|move|p1a: Polteageist|Shadow Ball|p2a: Chimecho\n|-supereffective|p2a: Chimecho\n|-damage|p2a: Chimecho|0 fnt\n|faint|p2a: Chimecho\n|\n|upkeep\n|\n|t:|1783573910\n|switch|p2a: Copperajah|Copperajah, L86, F|100/100\n|turn|7\n|inactive|Time left: 300 sec this turn | 300 sec total\n|\n|t:|1783573911\n|move|p1a: Polteageist|Strength Sap|p2a: Copperajah\n|-unboost|p2a: Copperajah|atk|1\n|-heal|p1a: Polteageist|222/222\n|move|p2a: Copperajah|Heavy Slam|p1a: Polteageist\n|-damage|p1a: Polteageist|3/222\n|-start|p2a: Copperajah|Disable|Heavy Slam|[from] ability: Cursed Body|[of] p1a: Polteageist\n|\n|upkeep\n|turn|8\n|inactive|Time left: 300 sec this turn | 300 sec total\n|\n|t:|1783573912\n|move|p1a: Polteageist|Strength Sap|p2a: Copperajah\n|-unboost|p2a: Copperajah|atk|1\n|-heal|p1a: Polteageist|185/222\n|-activate|p2a: Copperajah|move: Struggle\n|move|p2a: Copperajah|Struggle|p1a: Polteageist\n|-damage|p1a: Polteageist|137/222\n|-damage|p2a: Copperajah|76/100|[from] recoil\n|\n|upkeep\n|turn|9\n|inactive|Time left: 300 sec this turn | 300 sec total\n|\n|t:|1783573913\n|move|p1a: Polteageist|Strength Sap|p2a: Copperajah\n|-unboost|p2a: Copperajah|atk|1\n|-heal|p1a: Polteageist|222/222\n|-activate|p2a: Copperajah|move: Struggle\n|move|p2a: Copperajah|Struggle|p1a: Polteageist\n|-crit|p1a: Polteageist\n|-damage|p1a: Polteageist|80/222\n|-damage|p2a: Copperajah|51/100|[from] recoil\n|\n|upkeep\n|turn|10\n|inactive|Time left: 300 sec this turn | 300 sec total\n|\n|t:|1783573914\n|move|p1a: Polteageist|Shadow Ball|p2a: Copperajah\n|-damage|p2a: Copperajah|0 fnt\n|faint|p2a: Copperajah\n|\n|upkeep\n|\n|t:|1783573915\n|switch|p2a: Toxtricity|Toxtricity, L82, M|100/100\n|turn|11\n|inactive|Time left: 300 sec this turn | 300 sec total\n|\n|t:|1783573915\n|move|p1a: Polteageist|Stored Power|p2a: Toxtricity\n|-supereffective|p2a: Toxtricity\n|-damage|p2a: Toxtricity|0 fnt\n|faint|p2a: Toxtricity\n|\n|upkeep\n|\n|t:|1783573916\n|switch|p2a: Passimian|Passimian, L83, F|100/100\n|turn|12\n|inactive|Time left: 300 sec this turn | 300 sec total\n|\n|t:|1783573917\n|-terastallize|p2a: Passimian|Steel\n|move|p1a: Polteageist|Stored Power|p2a: Passimian\n|-resisted|p2a: Passimian\n|-damage|p2a: Passimian|55/100\n|move|p2a: Passimian|Knock Off|p1a: Polteageist\n|-supereffective|p1a: Polteageist\n|-damage|p1a: Polteageist|0 fnt\n|-start|p2a: Passimian|Disable|Knock Off|[from] ability: Cursed Body|[of] p1a: Polteageist\n|faint|p1a: Polteageist\n|\n|-heal|p2a: Passimian|61/100|[from] item: Leftovers\n|upkeep\n|inactive|Time left: 300 sec this turn | 300 sec total | 5 sec grace\n|\n|t:|1783573918\n|switch|p1a: Blaziken|Blaziken, L76, F|247/247\n|turn|13\n|inactive|Time left: 300 sec this turn | 300 sec total\n|\n|t:|1783573919\n|move|p2a: Passimian|Drain Punch|p1a: Blaziken\n|-damage|p1a: Blaziken|136/247\n|-heal|p2a: Passimian|79/100|[from] drain|[of] p1a: Blaziken\n|move|p1a: Blaziken|Swords Dance|p1a: Blaziken\n|-boost|p1a: Blaziken|atk|2\n|\n|-heal|p2a: Passimian|85/100|[from] item: Leftovers\n|-ability|p1a: Blaziken|Speed Boost|boost\n|-boost|p1a: Blaziken|spe|1\n|upkeep\n|turn|14\n|inactive|Time left: 300 sec this turn | 300 sec total\n|\n|t:|1783573920\n|switch|p2a: Leavanny|Leavanny, L86, M|100/100\n|move|p1a: Blaziken|Close Combat|p2a: Leavanny\n|-resisted|p2a: Leavanny\n|-damage|p2a: Leavanny|38/100\n|-unboost|p1a: Blaziken|def|1\n|-unboost|p1a: Blaziken|spd|1\n|-damage|p1a: Blaziken|112/247|[from] item: Life Orb\n|\n|-ability|p1a: Blaziken|Speed Boost|boost\n|-boost|p1a: Blaziken|spe|1\n|upkeep\n|turn|15\n|inactive|Time left: 300 sec this turn | 300 sec total\n|\n|t:|1783573921\n|move|p1a: Blaziken|Close Combat|p2a: Leavanny\n|-resisted|p2a: Leavanny\n|-damage|p2a: Leavanny|0 fnt\n|-unboost|p1a: Blaziken|def|1\n|-unboost|p1a: Blaziken|spd|1\n|faint|p2a: Leavanny\n|-damage|p1a: Blaziken|88/247|[from] item: Life Orb\n|\n|-ability|p1a: Blaziken|Speed Boost|boost\n|-boost|p1a: Blaziken|spe|1\n|upkeep\n|\n|t:|1783573922\n|switch|p2a: Electivire|Electivire, L84, M|100/100\n|turn|16\n|inactive|Time left: 300 sec this turn | 300 sec total\n|\n|t:|1783573923\n|move|p1a: Blaziken|Close Combat|p2a: Electivire\n|-damage|p2a: Electivire|0 fnt\n|-unboost|p1a: Blaziken|def|1\n|-unboost|p1a: Blaziken|spd|1\n|faint|p2a: Electivire\n|-damage|p1a: Blaziken|64/247|[from] item: Life Orb\n|\n|-ability|p1a: Blaziken|Speed Boost|boost\n|-boost|p1a: Blaziken|spe|1\n|upkeep\n|\n|t:|1783573924\n|switch|p2a: Passimian|Passimian, L83, F, tera:Steel|85/100\n|turn|17\n|inactive|Time left: 300 sec this turn | 300 sec total\n|\n|t:|1783573925\n|-terastallize|p1a: Blaziken|Fighting\n|move|p1a: Blaziken|Flare Blitz|p2a: Passimian\n|-supereffective|p2a: Passimian\n|-damage|p2a: Passimian|0 fnt\n|faint|p2a: Passimian\n|-damage|p1a: Blaziken|0 fnt|[from] Recoil\n|faint|p1a: Blaziken\n|\n|win|p0x2944b6ba", "uploadtime": 1783573925, "views": 0, "rating": 0, "private": 0, "password": null, "_winner": "p0x2944b6ba", "_our_name": "p0x2944b6ba"}