{"id": "battle-gen9randombattle-1288", "formatid": "gen9randombattle", "format": "[Gen 9] Random Battle", "players": ["p0x1288f49c", "p0y1288a200"], "log": "|init|battle\n|title|p0x1288f49c vs. p0y1288a200\n|j|\u2606p0x1288f49c\n|j|\u2606p0y1288a200\n|t:|1783554969\n|gametype|singles\n|player|p1|p0x1288f49c|2|\n|player|p2|p0y1288a200|265|\n|gen|9\n|tier|[Gen 9] Random Battle\n|rule|Species Clause: Limit one of each Pok\u00e9mon\n|rule|HP Percentage Mod: HP is shown in percentages\n|rule|Sleep Clause Mod: Limit one foe put to sleep\n|rule|Illusion Level Mod: Illusion disguises the Pok\u00e9mon's true level\n|\n|t:|1783554969\n|teamsize|p1|6\n|teamsize|p2|6\n|start\n|switch|p1a: Houndoom|Houndoom, L87, F|100/100\n|switch|p2a: Polteageist|Polteageist-Antique, L78|222/222\n|turn|1\n|inactive|Battle timer is ON: inactive players will automatically lose when time's up. (requested by p0x1288f49c)\n|inactive|Time left: 300 sec this turn | 300 sec total | 60 sec grace\n|inactive|p0y1288a200 also wants the timer to be on.\n|\n|t:|1783554970\n|-terastallize|p2a: Polteageist|Fighting\n|move|p1a: Houndoom|Dark Pulse|p2a: Polteageist\n|-resisted|p2a: Polteageist\n|-damage|p2a: Polteageist|176/222\n|-start|p1a: Houndoom|Disable|Dark Pulse|[from] ability: Cursed Body|[of] p2a: Polteageist\n|move|p2a: Polteageist|Shell Smash|p2a: Polteageist\n|-unboost|p2a: Polteageist|def|1\n|-unboost|p2a: Polteageist|spd|1\n|-boost|p2a: Polteageist|atk|2\n|-boost|p2a: Polteageist|spa|2\n|-boost|p2a: Polteageist|spe|2\n|-enditem|p2a: Polteageist|White Herb\n|-clearnegativeboost|p2a: Polteageist|[silent]\n|\n|upkeep\n|turn|2\n|inactive|Time left: 300 sec this turn | 300 sec total\n|\n|t:|1783554970\n|switch|p1a: Chansey|Chansey, L85, F|100/100\n|move|p2a: Polteageist|Tera Blast|p1a: Chansey|[anim] Tera Blast Fighting\n|-supereffective|p1a: Chansey\n|-damage|p1a: Chansey|62/100\n|\n|upkeep\n|turn|3\n|inactive|Time left: 300 sec this turn | 300 sec total\n|\n|t:|1783554971\n|move|p2a: Polteageist|Shell Smash|p2a: Polteageist\n|-unboost|p2a: Polteageist|def|1\n|-unboost|p2a: Polteageist|spd|1\n|-boost|p2a: Polteageist|atk|2\n|-boost|p2a: Polteageist|spa|2\n|-boost|p2a: Polteageist|spe|2\n|move|p1a: Chansey|Seismic Toss|p2a: Polteageist\n|-damage|p2a: Polteageist|91/222\n|\n|upkeep\n|turn|4\n|inactive|Time left: 300 sec this turn | 300 sec total\n|\n|t:|1783554972\n|-terastallize|p1a: Chansey|Fairy\n|move|p2a: Polteageist|Tera Blast|p1a: Chansey|[anim] Tera Blast Fighting\n|-resisted|p1a: Chansey\n|-damage|p1a: Chansey|48/100\n|move|p1a: Chansey|Seismic Toss|p2a: Polteageist\n|-damage|p2a: Polteageist|6/222\n|-start|p1a: Chansey|Disable|Seismic Toss|[from] ability: Cursed Body|[of] p2a: Polteageist\n|\n|upkeep\n|turn|5\n|inactive|Time left: 300 sec this turn | 300 sec total\n|\n|t:|1783554972\n|move|p2a: Polteageist|Stored Power|p1a: Chansey\n|-damage|p1a: Chansey|0 fnt\n|faint|p1a: Chansey\n|\n|upkeep\n|\n|t:|1783554973\n|switch|p1a: Houndoom|Houndoom, L87, F|100/100\n|turn|6\n|inactive|Time left: 300 sec this turn | 300 sec total\n|\n|t:|1783554974\n|move|p1a: Houndoom|Sucker Punch|p2a: Polteageist\n|-resisted|p2a: Polteageist\n|-damage|p2a: Polteageist|0 fnt\n|faint|p2a: Polteageist\n|\n|upkeep\n|inactive|Time left: 300 sec this turn | 300 sec total | 5 sec grace\n|\n|t:|1783554975\n|switch|p2a: Glimmora|Glimmora, L75, M|248/248\n|turn|7\n|inactive|Time left: 300 sec this turn | 300 sec total\n|\n|t:|1783554976\n|move|p1a: Houndoom|Dark Pulse|p2a: Glimmora\n|-crit|p2a: Glimmora\n|-damage|p2a: Glimmora|122/248\n|move|p2a: Glimmora|Power Gem|p1a: Houndoom\n|-supereffective|p1a: Houndoom\n|-damage|p1a: Houndoom|30/100\n|\n|upkeep\n|turn|8\n|inactive|Time left: 300 sec this turn | 300 sec total\n|\n|t:|1783554977\n|move|p1a: Houndoom|Dark Pulse|p2a: Glimmora\n|-damage|p2a: Glimmora|35/248\n|cant|p2a: Glimmora|flinch\n|\n|upkeep\n|turn|9\n|inactive|Time left: 300 sec this turn | 300 sec total\n|\n|t:|1783554978\n|move|p1a: Houndoom|Fire Blast|p2a: Glimmora\n|-resisted|p2a: Glimmora\n|-damage|p2a: Glimmora|0 fnt\n|faint|p2a: Glimmora\n|\n|upkeep\n|inactive|Time left: 300 sec this turn | 300 sec total | 5 sec grace\n|\n|t:|1783554979\n|switch|p2a: Galvantula|Galvantula, L82, M|249/249\n|turn|10\n|inactive|Time left: 300 sec this turn | 300 sec total\n|\n|t:|1783554980\n|move|p2a: Galvantula|Bug Buzz|p1a: Houndoom\n|-damage|p1a: Houndoom|0 fnt\n|faint|p1a: Houndoom\n|\n|upkeep\n|\n|t:|1783554981\n|switch|p1a: Chandelure|Chandelure, L83, F|100/100\n|turn|11\n|inactive|Time left: 300 sec this turn | 300 sec total\n|\n|t:|1783554982\n|switch|p2a: Wo-Chien|Wo-Chien, L83|277/277\n|-ability|p2a: Wo-Chien|Tablets of Ruin\n|move|p1a: Chandelure|Fire Blast|p2a: Wo-Chien\n|-supereffective|p2a: Wo-Chien\n|-damage|p2a: Wo-Chien|67/277\n|\n|-heal|p2a: Wo-Chien|84/277|[from] item: Leftovers\n|upkeep\n|turn|12\n|inactive|Time left: 300 sec this turn | 300 sec total\n|\n|t:|1783554983\n|move|p2a: Wo-Chien|Protect|p2a: Wo-Chien\n|-singleturn|p2a: Wo-Chien|Protect\n|move|p1a: Chandelure|Fire Blast|p2a: Wo-Chien\n|-activate|p2a: Wo-Chien|move: Protect\n|\n|-heal|p2a: Wo-Chien|101/277|[from] item: Leftovers\n|upkeep\n|turn|13\n|inactive|Time left: 300 sec this turn | 300 sec total\n|\n|t:|1783554984\n|switch|p2a: Reuniclus|Reuniclus, L88, M|337/337\n|move|p1a: Chandelure|Fire Blast|p2a: Reuniclus\n|-damage|p2a: Reuniclus|181/337\n|\n|upkeep\n|turn|14\n|inactive|Time left: 300 sec this turn | 300 sec total\n|\n|t:|1783554986\n|move|p1a: Chandelure|Fire Blast|p2a: Reuniclus\n|-damage|p2a: Reuniclus|27/337\n|move|p2a: Reuniclus|Psyshock|p1a: Chandelure\n|-damage|p1a: Chandelure|34/100\n|\n|upkeep\n|turn|15\n|inactive|Time left: 300 sec this turn | 300 sec total\n|\n|t:|1783554987\n|move|p1a: Chandelure|Fire Blast|p2a: Reuniclus\n|-crit|p2a: Reuniclus\n|-damage|p2a: Reuniclus|0 fnt\n|faint|p2a: Reuniclus\n|\n|upkeep\n|inactive|Time left: 300 sec this turn | 300 sec total | 5 sec grace\n|\n|t:|1783554988\n|switch|p2a: Galvantula|Galvantula, L82, M|249/249\n|turn|16\n|inactive|Time left: 300 sec this turn | 300 sec total\n|\n|t:|1783554989\n|switch|p2a: Wo-Chien|Wo-Chien, L83|101/277\n|-ability|p2a: Wo-Chien|Tablets of Ruin\n|move|p1a: Chandelure|Fire Blast|p2a: Wo-Chien|[miss]\n|-miss|p1a: Chandelure|p2a: Wo-Chien\n|\n|-heal|p2a: Wo-Chien|118/277|[from] item: Leftovers\n|upkeep\n|turn|17\n|inactive|Time left: 300 sec this turn | 300 sec total\n|\n|t:|1783554990\n|move|p2a: Wo-Chien|Protect|p2a: Wo-Chien\n|-singleturn|p2a: Wo-Chien|Protect\n|move|p1a: Chandelure|Fire Blast|p2a: Wo-Chien\n|-activate|p2a: Wo-Chien|move: Protect\n|\n|-heal|p2a: Wo-Chien|135/277|[from] item: Leftovers\n|upkeep\n|turn|18\n|inactive|Time left: 300 sec this turn | 300 sec total\n|\n|t:|1783554991\n|move|p2a: Wo-Chien|Protect||[still]\n|-fail|p2a: Wo-Chien\n|move|p1a: Chandelure|Fire Blast|p2a: Wo-Chien\n|-supereffective|p2a: Wo-Chien\n|-damage|p2a: Wo-Chien|0 fnt\n|faint|p2a: Wo-Chien\n|\n|upkeep\n|inactive|Time left: 300 sec this turn | 300 sec total | 5 sec grace\n|\n|t:|1783554992\n|switch|p2a: Galvantula|Galvantula, L82, M|249/249\n|turn|19\n|inactive|Time left: 300 sec this turn | 300 sec total\n|\n|t:|1783554993\n|switch|p1a: Victreebel|Victreebel, L90, F|100/100\n|move|p2a: Galvantula|Thunder|p1a: Victreebel\n|-resisted|p1a: Victreebel\n|-damage|p1a: Victreebel|78/100\n|\n|upkeep\n|turn|20\n|inactive|Time left: 300 sec this turn | 300 sec total\n|\n|t:|1783554994\n|move|p2a: Galvantula|Sticky Web|p1a: Victreebel\n|-sidestart|p1: p0x1288f49c|move: Sticky Web\n|move|p1a: Victreebel|Sludge Wave|p2a: Galvantula\n|-damage|p2a: Galvantula|27/249\n|-damage|p1a: Victreebel|68/100|[from] item: Life Orb\n|\n|upkeep\n|turn|21\n|inactive|Time left: 300 sec this turn | 300 sec total\n|\n|t:|1783554995\n|move|p2a: Galvantula|Thunder|p1a: Victreebel\n|-resisted|p1a: Victreebel\n|-damage|p1a: Victreebel|47/100\n|-status|p1a: Victreebel|par\n|move|p1a: Victreebel|Strength Sap|p2a: Galvantula\n|-unboost|p2a: Galvantula|atk|1\n|-heal|p1a: Victreebel|93/100 par\n|\n|upkeep\n|turn|22\n|inactive|Time left: 300 sec this turn | 300 sec total\n|\n|t:|1783554996\n|move|p2a: Galvantula|Bug Buzz|p1a: Victreebel\n|-damage|p1a: Victreebel|58/100 par\n|move|p1a: Victreebel|Sludge Wave|p2a: Galvantula\n|-damage|p2a: Galvantula|0 fnt\n|faint|p2a: Galvantula\n|-damage|p1a: Victreebel|48/100 par|[from] item: Life Orb\n|\n|upkeep\n|inactive|Time left: 300 sec this turn | 300 sec total | 5 sec grace\n|\n|t:|1783554997\n|switch|p2a: Maushold|Maushold-Four, L76|238/238\n|turn|23\n|inactive|Time left: 300 sec this turn | 300 sec total\n|\n|t:|1783554998\n|switch|p1a: Perrserker|Perrserker, L89, F|100/100\n|-activate|p1a: Perrserker|move: Sticky Web\n|-unboost|p1a: Perrserker|spe|1\n|move|p2a: Maushold|Population Bomb|p1a: Perrserker\n|-resisted|p1a: Perrserker\n|-damage|p1a: Perrserker|97/100\n|-resisted|p1a: Perrserker\n|-damage|p1a: Perrserker|93/100\n|-resisted|p1a: Perrserker\n|-damage|p1a: Perrserker|89/100\n|-resisted|p1a: Perrserker\n|-damage|p1a: Perrserker|86/100\n|-resisted|p1a: Perrserker\n|-damage|p1a: Perrserker|83/100\n|-resisted|p1a: Perrserker\n|-damage|p1a: Perrserker|79/100\n|-resisted|p1a: Perrserker\n|-damage|p1a: Perrserker|76/100\n|-resisted|p1a: Perrserker\n|-damage|p1a: Perrserker|72/100\n|-resisted|p1a: Perrserker\n|-damage|p1a: Perrserker|69/100\n|-resisted|p1a: Perrserker\n|-damage|p1a: Perrserker|65/100\n|-hitcount|p1a: Perrserker|10\n|\n|upkeep\n|turn|24\n|inactive|Time left: 300 sec this turn | 300 sec total\n|\n|t:|1783554999\n|move|p2a: Maushold|Bite|p1a: Perrserker\n|-damage|p1a: Perrserker|52/100\n|move|p1a: Perrserker|Iron Head|p2a: Maushold\n|-damage|p2a: Maushold|0 fnt\n|faint|p2a: Maushold\n|\n|win|p0x1288f49c", "uploadtime": 1783554999, "views": 0, "rating": 0, "private": 0, "password": null, "_winner": "p0x1288f49c", "_our_name": "p0y1288a200"}