{"id": "battle-gen9randombattle-975", "formatid": "gen9randombattle", "format": "[Gen 9] Random Battle", "players": ["p0x975360b", "p0y9757d9e"], "log": "|init|battle\n|title|p0x975360b vs. p0y9757d9e\n|j|\u2606p0x975360b\n|j|\u2606p0y9757d9e\n|t:|1783550458\n|gametype|singles\n|player|p1|p0x975360b|265|\n|player|p2|p0y9757d9e|102|\n|gen|9\n|tier|[Gen 9] Random Battle\n|rule|Species Clause: Limit one of each Pok\u00e9mon\n|rule|HP Percentage Mod: HP is shown in percentages\n|rule|Sleep Clause Mod: Limit one foe put to sleep\n|rule|Illusion Level Mod: Illusion disguises the Pok\u00e9mon's true level\n|\n|t:|1783550458\n|teamsize|p1|6\n|teamsize|p2|6\n|start\n|switch|p1a: Klefki|Klefki, L84, F|100/100\n|switch|p2a: Volcarona|Volcarona, L77, F|257/257\n|turn|1\n|inactive|Battle timer is ON: inactive players will automatically lose when time's up. (requested by p0x975360b)\n|inactive|Time left: 300 sec this turn | 300 sec total | 60 sec grace\n|inactive|p0y9757d9e also wants the timer to be on.\n|\n|t:|1783550459\n|switch|p1a: Slaking|Slaking, L84, M|100/100\n|move|p2a: Volcarona|Fiery Dance|p1a: Slaking\n|-damage|p1a: Slaking|70/100\n|\n|upkeep\n|turn|2\n|inactive|Time left: 300 sec this turn | 300 sec total\n|\n|t:|1783550460\n|switch|p2a: Stantler|Stantler, L92, F|284/284\n|-ability|p2a: Stantler|Intimidate|boost\n|-unboost|p1a: Slaking|atk|1\n|move|p1a: Slaking|Giga Impact|p2a: Stantler\n|-damage|p2a: Stantler|158/284\n|-mustrecharge|p1a: Slaking\n|\n|upkeep\n|turn|3\n|inactive|Time left: 300 sec this turn | 300 sec total\n|\n|t:|1783550461\n|switch|p2a: Tsareena|Tsareena, L87, F|267/267\n|cant|p1a: Slaking|recharge\n|\n|upkeep\n|turn|4\n|inactive|Time left: 300 sec this turn | 300 sec total\n|\n|t:|1783550462\n|move|p1a: Slaking|Giga Impact|p2a: Tsareena\n|-damage|p2a: Tsareena|126/267\n|-mustrecharge|p1a: Slaking\n|move|p2a: Tsareena|Power Whip|p1a: Slaking\n|-damage|p1a: Slaking|32/100\n|\n|upkeep\n|turn|5\n|inactive|Time left: 300 sec this turn | 300 sec total\n|\n|t:|1783550463\n|cant|p1a: Slaking|recharge\n|move|p2a: Tsareena|Power Whip|p1a: Slaking\n|-damage|p1a: Slaking|0 fnt\n|faint|p1a: Slaking\n|\n|upkeep\n|\n|t:|1783550464\n|switch|p1a: Palossand|Palossand, L89, F|100/100\n|turn|6\n|inactive|Time left: 300 sec this turn | 300 sec total\n|\n|t:|1783550465\n|move|p2a: Tsareena|Power Whip|p1a: Palossand\n|-supereffective|p1a: Palossand\n|-damage|p1a: Palossand|19/100\n|move|p1a: Palossand|Sludge Bomb|p2a: Tsareena\n|-supereffective|p2a: Tsareena\n|-damage|p2a: Tsareena|0 fnt\n|faint|p2a: Tsareena\n|\n|-heal|p1a: Palossand|25/100|[from] item: Leftovers\n|upkeep\n|inactive|Time left: 300 sec this turn | 300 sec total | 5 sec grace\n|\n|t:|1783550466\n|switch|p2a: Volcarona|Volcarona, L77, F|257/257\n|turn|7\n|inactive|Time left: 300 sec this turn | 300 sec total\n|\n|t:|1783550467\n|switch|p1a: Latias|Latias, L79, F|100/100\n|move|p2a: Volcarona|Fiery Dance|p1a: Latias\n|-resisted|p1a: Latias\n|-damage|p1a: Latias|86/100\n|-boost|p2a: Volcarona|spa|1\n|\n|upkeep\n|turn|8\n|inactive|Time left: 300 sec this turn | 300 sec total\n|\n|t:|1783550468\n|move|p1a: Latias|Psyshock|p2a: Volcarona\n|-damage|p2a: Volcarona|115/257\n|move|p2a: Volcarona|Bug Buzz|p1a: Latias\n|-supereffective|p1a: Latias\n|-damage|p1a: Latias|0 fnt\n|faint|p1a: Latias\n|\n|upkeep\n|\n|t:|1783550469\n|switch|p1a: Plusle|Plusle, L95, M|100/100\n|turn|9\n|inactive|Time left: 300 sec this turn | 300 sec total\n|\n|t:|1783550470\n|-terastallize|p2a: Volcarona|Grass\n|move|p1a: Plusle|Thunderbolt|p2a: Volcarona\n|-resisted|p2a: Volcarona\n|-damage|p2a: Volcarona|53/257\n|-damage|p1a: Plusle|91/100|[from] item: Life Orb\n|move|p2a: Volcarona|Giga Drain|p1a: Plusle\n|-damage|p1a: Plusle|42/100\n|-heal|p2a: Volcarona|118/257|[from] drain|[of] p1a: Plusle\n|\n|upkeep\n|turn|10\n|inactive|Time left: 300 sec this turn | 300 sec total\n|\n|t:|1783550471\n|move|p1a: Plusle|Thunderbolt|p2a: Volcarona\n|-resisted|p2a: Volcarona\n|-crit|p2a: Volcarona\n|-damage|p2a: Volcarona|10/257\n|-damage|p1a: Plusle|33/100|[from] item: Life Orb\n|move|p2a: Volcarona|Fiery Dance|p1a: Plusle\n|-damage|p1a: Plusle|0 fnt\n|faint|p1a: Plusle\n|\n|upkeep\n|\n|t:|1783550472\n|switch|p1a: Duraludon|Duraludon, L82, M|100/100\n|turn|11\n|inactive|Time left: 300 sec this turn | 300 sec total\n|\n|t:|1783550473\n|move|p2a: Volcarona|Fiery Dance|p1a: Duraludon\n|-damage|p1a: Duraludon|49/100\n|move|p1a: Duraludon|Flash Cannon|p2a: Volcarona\n|-damage|p2a: Volcarona|0 fnt\n|faint|p2a: Volcarona\n|\n|upkeep\n|inactive|Time left: 300 sec this turn | 300 sec total | 5 sec grace\n|\n|t:|1783550474\n|switch|p2a: Stantler|Stantler, L92, F|158/284\n|-ability|p2a: Stantler|Intimidate|boost\n|-unboost|p1a: Duraludon|atk|1\n|turn|12\n|inactive|Time left: 300 sec this turn | 300 sec total\n|\n|t:|1783550475\n|switch|p1a: Palossand|Palossand, L89, F|25/100\n|move|p2a: Stantler|Earth Power|p1a: Palossand\n|-damage|p1a: Palossand|0 fnt\n|faint|p1a: Palossand\n|\n|upkeep\n|\n|t:|1783550476\n|switch|p1a: Duraludon|Duraludon, L82, M|49/100\n|turn|13\n|inactive|Time left: 300 sec this turn | 300 sec total\n|\n|t:|1783550477\n|-terastallize|p1a: Duraludon|Fighting\n|move|p2a: Stantler|Earth Power|p1a: Duraludon\n|-damage|p1a: Duraludon|21/100\n|move|p1a: Duraludon|Body Press|p2a: Stantler\n|-supereffective|p2a: Stantler\n|-damage|p2a: Stantler|18/284\n|\n|upkeep\n|turn|14\n|inactive|Time left: 300 sec this turn | 300 sec total\n|\n|t:|1783550478\n|move|p2a: Stantler|Earth Power|p1a: Duraludon\n|-damage|p1a: Duraludon|0 fnt\n|faint|p1a: Duraludon\n|\n|upkeep\n|\n|t:|1783550479\n|switch|p1a: Klefki|Klefki, L84, F|100/100\n|turn|15\n|inactive|Time left: 300 sec this turn | 300 sec total\n|\n|t:|1783550480\n|move|p1a: Klefki|Thunder Wave|p2a: Stantler\n|-status|p2a: Stantler|par\n|cant|p2a: Stantler|par\n|\n|upkeep\n|turn|16\n|inactive|Time left: 300 sec this turn | 300 sec total\n|\n|t:|1783550481\n|switch|p2a: Primarina|Primarina, L83, M|268/268\n|move|p1a: Klefki|Dazzling Gleam|p2a: Primarina\n|-damage|p2a: Primarina|211/268\n|\n|-heal|p2a: Primarina|227/268|[from] item: Leftovers\n|upkeep\n|turn|17\n|inactive|Time left: 300 sec this turn | 300 sec total\n|\n|t:|1783550482\n|move|p1a: Klefki|Thunder Wave|p2a: Primarina\n|-status|p2a: Primarina|par\n|move|p2a: Primarina|Sparkling Aria|p1a: Klefki\n|-damage|p1a: Klefki|46/100\n|\n|-heal|p1a: Klefki|52/100|[from] item: Leftovers\n|-heal|p2a: Primarina|243/268 par|[from] item: Leftovers\n|upkeep\n|turn|18\n|inactive|Time left: 300 sec this turn | 300 sec total\n|\n|t:|1783550483\n|move|p1a: Klefki|Dazzling Gleam|p2a: Primarina\n|-damage|p2a: Primarina|185/268 par\n|cant|p2a: Primarina|par\n|\n|-heal|p1a: Klefki|58/100|[from] item: Leftovers\n|-heal|p2a: Primarina|201/268 par|[from] item: Leftovers\n|upkeep\n|turn|19\n|inactive|Time left: 300 sec this turn | 300 sec total\n|\n|t:|1783550484\n|move|p1a: Klefki|Foul Play|p2a: Primarina\n|-resisted|p2a: Primarina\n|-damage|p2a: Primarina|177/268 par\n|cant|p2a: Primarina|par\n|\n|-heal|p1a: Klefki|64/100|[from] item: Leftovers\n|-heal|p2a: Primarina|193/268 par|[from] item: Leftovers\n|upkeep\n|turn|20\n|inactive|Time left: 300 sec this turn | 300 sec total\n|\n|t:|1783550485\n|move|p1a: Klefki|Spikes|p2a: Primarina\n|-sidestart|p2: p0y9757d9e|Spikes\n|move|p2a: Primarina|Sparkling Aria|p1a: Klefki\n|-damage|p1a: Klefki|14/100\n|\n|-heal|p1a: Klefki|20/100|[from] item: Leftovers\n|-heal|p2a: Primarina|209/268 par|[from] item: Leftovers\n|upkeep\n|turn|21\n|inactive|Time left: 300 sec this turn | 300 sec total\n|\n|t:|1783550486\n|move|p1a: Klefki|Foul Play|p2a: Primarina\n|-resisted|p2a: Primarina\n|-crit|p2a: Primarina\n|-damage|p2a: Primarina|173/268 par\n|move|p2a: Primarina|Sparkling Aria|p1a: Klefki\n|-damage|p1a: Klefki|0 fnt\n|faint|p1a: Klefki\n|\n|win|p0y9757d9e", "uploadtime": 1783550486, "views": 0, "rating": 0, "private": 0, "password": null, "_winner": "p0y9757d9e", "_our_name": "p0y9757d9e"}