{"id": "battle-gen9randombattle-1739", "formatid": "gen9randombattle", "format": "[Gen 9] Random Battle", "players": ["p0x1739b65a", "p0y173985cf"], "log": "|init|battle\n|title|p0x1739b65a vs. p0y173985cf\n|j|\u2606p0x1739b65a\n|j|\u2606p0y173985cf\n|t:|1783559376\n|gametype|singles\n|player|p1|p0x1739b65a|2|\n|player|p2|p0y173985cf|266|\n|gen|9\n|tier|[Gen 9] Random Battle\n|rule|Species Clause: Limit one of each Pok\u00e9mon\n|rule|HP Percentage Mod: HP is shown in percentages\n|rule|Sleep Clause Mod: Limit one foe put to sleep\n|rule|Illusion Level Mod: Illusion disguises the Pok\u00e9mon's true level\n|\n|t:|1783559376\n|teamsize|p1|6\n|teamsize|p2|6\n|start\n|switch|p1a: Muk|Muk, L86, F|100/100\n|switch|p2a: Forretress|Forretress, L84, F|263/263\n|turn|1\n|inactive|Battle timer is ON: inactive players will automatically lose when time's up. (requested by p0y173985cf)\n|inactive|p0x1739b65a also wants the timer to be on.\n|\n|t:|1783559377\n|move|p1a: Muk|Knock Off|p2a: Forretress\n|-damage|p2a: Forretress|210/263\n|-enditem|p2a: Forretress|Leftovers|[from] move: Knock Off|[of] p1a: Muk\n|move|p2a: Forretress|Stealth Rock|p1a: Muk\n|-sidestart|p1: p0x1739b65a|move: Stealth Rock\n|\n|upkeep\n|turn|2\n|inactive|Time left: 300 sec this turn | 300 sec total\n|\n|t:|1783559379\n|move|p1a: Muk|Knock Off|p2a: Forretress\n|-crit|p2a: Forretress\n|-damage|p2a: Forretress|150/263\n|move|p2a: Forretress|Rapid Spin|p1a: Muk\n|-damage|p1a: Muk|90/100\n|-boost|p2a: Forretress|spe|1\n|\n|-heal|p1a: Muk|96/100|[from] item: Leftovers\n|upkeep\n|turn|3\n|inactive|Time left: 300 sec this turn | 300 sec total\n|\n|t:|1783559380\n|move|p2a: Forretress|Rapid Spin|p1a: Muk\n|-damage|p1a: Muk|84/100\n|-boost|p2a: Forretress|spe|1\n|move|p1a: Muk|Haze|p1a: Muk\n|-clearallboost\n|\n|-heal|p1a: Muk|90/100|[from] item: Leftovers\n|upkeep\n|turn|4\n|inactive|Time left: 300 sec this turn | 300 sec total\n|\n|t:|1783559381\n|move|p1a: Muk|Knock Off|p2a: Forretress\n|-damage|p2a: Forretress|112/263\n|move|p2a: Forretress|Rapid Spin|p1a: Muk\n|-damage|p1a: Muk|77/100\n|-boost|p2a: Forretress|spe|1\n|\n|-heal|p1a: Muk|84/100|[from] item: Leftovers\n|upkeep\n|turn|5\n|inactive|Time left: 300 sec this turn | 300 sec total\n|\n|t:|1783559382\n|move|p2a: Forretress|Iron Head|p1a: Muk\n|-damage|p1a: Muk|57/100\n|cant|p1a: Muk|flinch\n|\n|-heal|p1a: Muk|63/100|[from] item: Leftovers\n|upkeep\n|turn|6\n|inactive|Time left: 300 sec this turn | 300 sec total\n|\n|t:|1783559383\n|move|p2a: Forretress|Thunder Wave|p1a: Muk\n|-status|p1a: Muk|par\n|move|p1a: Muk|Ice Punch|p2a: Forretress\n|-resisted|p2a: Forretress\n|-damage|p2a: Forretress|92/263\n|\n|-heal|p1a: Muk|69/100 par|[from] item: Leftovers\n|upkeep\n|turn|7\n|inactive|Time left: 300 sec this turn | 300 sec total\n|\n|t:|1783559384\n|move|p2a: Forretress|Iron Head|p1a: Muk\n|-damage|p1a: Muk|40/100 par\n|move|p1a: Muk|Haze|p1a: Muk\n|-clearallboost\n|\n|-heal|p1a: Muk|46/100 par|[from] item: Leftovers\n|upkeep\n|turn|8\n|inactive|Time left: 300 sec this turn | 300 sec total\n|\n|t:|1783559385\n|move|p2a: Forretress|Iron Head|p1a: Muk\n|-damage|p1a: Muk|18/100 par\n|move|p1a: Muk|Ice Punch|p2a: Forretress\n|-resisted|p2a: Forretress\n|-damage|p2a: Forretress|72/263\n|\n|-heal|p1a: Muk|24/100 par|[from] item: Leftovers\n|upkeep\n|turn|9\n|inactive|Time left: 300 sec this turn | 300 sec total\n|\n|t:|1783559387\n|move|p2a: Forretress|Iron Head|p1a: Muk\n|-damage|p1a: Muk|0 fnt\n|faint|p1a: Muk\n|\n|upkeep\n|\n|t:|1783559388\n|switch|p1a: Toucannon|Toucannon, L88, M|100/100\n|turn|10\n|inactive|Time left: 300 sec this turn | 300 sec total\n|\n|t:|1783559389\n|switch|p2a: Noctowl|Noctowl, L95, F|344/344\n|move|p1a: Toucannon|Boomburst|p2a: Noctowl\n|-damage|p2a: Noctowl|227/344\n|\n|upkeep\n|turn|11\n|inactive|Time left: 300 sec this turn | 300 sec total\n|\n|t:|1783559390\n|-singleturn|p1a: Toucannon|move: Beak Blast\n|move|p2a: Noctowl|Hurricane|p1a: Toucannon\n|-damage|p1a: Toucannon|46/100\n|move|p1a: Toucannon|Beak Blast|p2a: Noctowl\n|-damage|p2a: Noctowl|59/344\n|\n|upkeep\n|turn|12\n|inactive|Time left: 300 sec this turn | 300 sec total\n|\n|t:|1783559391\n|move|p2a: Noctowl|Hurricane|p1a: Toucannon\n|-damage|p1a: Toucannon|0 fnt\n|faint|p1a: Toucannon\n|\n|upkeep\n|\n|t:|1783559392\n|switch|p1a: Enamorus|Enamorus, L79, F|100/100\n|-damage|p1a: Enamorus|76/100|[from] Stealth Rock\n|turn|13\n|inactive|Time left: 300 sec this turn | 300 sec total\n|\n|t:|1783559393\n|move|p1a: Enamorus|Superpower|p2a: Noctowl\n|-damage|p2a: Noctowl|0 fnt\n|-boost|p1a: Enamorus|atk|1\n|-boost|p1a: Enamorus|def|1\n|faint|p2a: Noctowl\n|\n|-heal|p1a: Enamorus|82/100|[from] item: Leftovers\n|upkeep\n|inactive|Time left: 300 sec this turn | 300 sec total | 5 sec grace\n|\n|t:|1783559395\n|switch|p2a: Iron Valiant|Iron Valiant, L78|244/244\n|turn|14\n|inactive|Time left: 300 sec this turn | 300 sec total\n|\n|t:|1783559396\n|-terastallize|p2a: Iron Valiant|Fairy\n|move|p2a: Iron Valiant|Moonblast|p1a: Enamorus\n|-damage|p1a: Enamorus|4/100\n|-boost|p1a: Enamorus|spa|1\n|-damage|p2a: Iron Valiant|220/244|[from] item: Life Orb\n|move|p1a: Enamorus|Play Rough|p2a: Iron Valiant\n|-damage|p2a: Iron Valiant|69/244\n|\n|-heal|p1a: Enamorus|10/100|[from] item: Leftovers\n|upkeep\n|turn|15\n|inactive|Time left: 300 sec this turn | 300 sec total\n|\n|t:|1783559397\n|move|p2a: Iron Valiant|Moonblast|p1a: Enamorus\n|-damage|p1a: Enamorus|0 fnt\n|faint|p1a: Enamorus\n|-damage|p2a: Iron Valiant|45/244|[from] item: Life Orb\n|\n|upkeep\n|\n|t:|1783559398\n|switch|p1a: Tinkaton|Tinkaton, L82, F|100/100\n|-damage|p1a: Tinkaton|94/100|[from] Stealth Rock\n|-ability|p1a: Tinkaton|Mold Breaker\n|turn|16\n|inactive|Time left: 300 sec this turn | 300 sec total\n|\n|t:|1783559399\n|move|p2a: Iron Valiant|Close Combat|p1a: Tinkaton\n|-damage|p1a: Tinkaton|15/100\n|-unboost|p2a: Iron Valiant|def|1\n|-unboost|p2a: Iron Valiant|spd|1\n|-damage|p2a: Iron Valiant|21/244|[from] item: Life Orb\n|move|p1a: Tinkaton|Gigaton Hammer|p2a: Iron Valiant\n|-supereffective|p2a: Iron Valiant\n|-damage|p2a: Iron Valiant|0 fnt\n|faint|p2a: Iron Valiant\n|-end|p2a: Iron Valiant|Quark Drive|[silent]\n|\n|-heal|p1a: Tinkaton|22/100|[from] item: Leftovers\n|upkeep\n|inactive|Time left: 300 sec this turn | 300 sec total | 5 sec grace\n|\n|t:|1783559400\n|switch|p2a: Sawsbuck|Sawsbuck-Winter, L88, F|284/284\n|turn|17\n|inactive|Time left: 300 sec this turn | 300 sec total\n|\n|t:|1783559401\n|switch|p1a: Gurdurr|Gurdurr, L85, F|100/100\n|-damage|p1a: Gurdurr|94/100|[from] Stealth Rock\n|move|p2a: Sawsbuck|Double-Edge|p1a: Gurdurr\n|-damage|p1a: Gurdurr|52/100\n|-damage|p2a: Sawsbuck|244/284|[from] Recoil\n|-damage|p2a: Sawsbuck|216/284|[from] item: Life Orb\n|\n|upkeep\n|turn|18\n|inactive|Time left: 300 sec this turn | 300 sec total\n|\n|t:|1783559402\n|switch|p2a: Medicham|Medicham, L86, M|243/243\n|move|p1a: Gurdurr|Drain Punch|p2a: Medicham\n|-resisted|p2a: Medicham\n|-damage|p2a: Medicham|196/243\n|-heal|p1a: Gurdurr|60/100|[from] drain|[of] p2a: Medicham\n|\n|upkeep\n|turn|19\n|inactive|Time left: 300 sec this turn | 300 sec total\n|\n|t:|1783559403\n|move|p2a: Medicham|Close Combat|p1a: Gurdurr\n|-damage|p1a: Gurdurr|0 fnt\n|-unboost|p2a: Medicham|def|1\n|-unboost|p2a: Medicham|spd|1\n|faint|p1a: Gurdurr\n|\n|upkeep\n|\n|t:|1783559404\n|switch|p1a: Tinkaton|Tinkaton, L82, F|22/100\n|-damage|p1a: Tinkaton|15/100|[from] Stealth Rock\n|-ability|p1a: Tinkaton|Mold Breaker\n|turn|20\n|inactive|Time left: 300 sec this turn | 300 sec total\n|\n|t:|1783559405\n|switch|p2a: Sawsbuck|Sawsbuck-Winter, L88, F|216/284\n|move|p1a: Tinkaton|Gigaton Hammer|p2a: Sawsbuck\n|-damage|p2a: Sawsbuck|57/284\n|\n|-heal|p1a: Tinkaton|22/100|[from] item: Leftovers\n|upkeep\n|turn|21\n|inactive|Time left: 300 sec this turn | 300 sec total\n|\n|t:|1783559407\n|move|p2a: Sawsbuck|Horn Leech|p1a: Tinkaton\n|-resisted|p1a: Tinkaton\n|-damage|p1a: Tinkaton|0 fnt\n|-heal|p2a: Sawsbuck|86/284|[from] drain|[of] p1a: Tinkaton\n|faint|p1a: Tinkaton\n|-damage|p2a: Sawsbuck|58/284|[from] item: Life Orb\n|\n|upkeep\n|\n|t:|1783559408\n|switch|p1a: Terrakion|Terrakion, L79|100/100\n|-damage|p1a: Terrakion|94/100|[from] Stealth Rock\n|turn|22\n|inactive|Time left: 300 sec this turn | 300 sec total\n|\n|t:|1783559409\n|-terastallize|p1a: Terrakion|Fighting\n|move|p1a: Terrakion|Quick Attack|p2a: Sawsbuck\n|-damage|p2a: Sawsbuck|3/284\n|move|p2a: Sawsbuck|Horn Leech|p1a: Terrakion\n|-damage|p1a: Terrakion|47/100\n|-heal|p2a: Sawsbuck|68/284|[from] drain|[of] p1a: Terrakion\n|-damage|p2a: Sawsbuck|40/284|[from] item: Life Orb\n|\n|upkeep\n|turn|23\n|inactive|Time left: 300 sec this turn | 300 sec total\n|\n|t:|1783559410\n|move|p1a: Terrakion|Quick Attack|p2a: Sawsbuck\n|-damage|p2a: Sawsbuck|0 fnt\n|faint|p2a: Sawsbuck\n|\n|upkeep\n|inactive|Time left: 300 sec this turn | 300 sec total | 5 sec grace\n|\n|t:|1783559411\n|switch|p2a: Medicham|Medicham, L86, M|196/243\n|turn|24\n|inactive|Time left: 300 sec this turn | 300 sec total\n|\n|t:|1783559411\n|move|p1a: Terrakion|Quick Attack|p2a: Medicham\n|-damage|p2a: Medicham|145/243\n|move|p2a: Medicham|Close Combat|p1a: Terrakion\n|-damage|p1a: Terrakion|0 fnt\n|-unboost|p2a: Medicham|def|1\n|-unboost|p2a: Medicham|spd|1\n|faint|p1a: Terrakion\n|\n|win|p0y173985cf", "uploadtime": 1783559411, "views": 0, "rating": 0, "private": 0, "password": null, "_winner": "p0y173985cf", "_our_name": "p0y173985cf"}