{"id": "battle-gen9randombattle-1069", "formatid": "gen9randombattle", "format": "[Gen 9] Random Battle", "players": ["p0x10690acf", "p0y10692d5f"], "log": "|init|battle\n|title|p0x10690acf vs. p0y10692d5f\n|j|\u2606p0x10690acf\n|j|\u2606p0y10692d5f\n|t:|1783552293\n|gametype|singles\n|player|p1|p0x10690acf|265|\n|player|p2|p0y10692d5f|101|\n|gen|9\n|tier|[Gen 9] Random Battle\n|rule|Species Clause: Limit one of each Pok\u00e9mon\n|rule|HP Percentage Mod: HP is shown in percentages\n|rule|Sleep Clause Mod: Limit one foe put to sleep\n|rule|Illusion Level Mod: Illusion disguises the Pok\u00e9mon's true level\n|\n|t:|1783552293\n|teamsize|p1|6\n|teamsize|p2|6\n|start\n|switch|p1a: Volcarona|Volcarona, L77, M|100/100\n|switch|p2a: Clefable|Clefable, L83, F|293/293\n|turn|1\n|inactive|Battle timer is ON: inactive players will automatically lose when time's up. (requested by p0x10690acf)\n|inactive|Time left: 300 sec this turn | 300 sec total | 60 sec grace\n|inactive|p0y10692d5f also wants the timer to be on.\n|\n|t:|1783552294\n|move|p1a: Volcarona|Quiver Dance|p1a: Volcarona\n|-boost|p1a: Volcarona|spa|1\n|-boost|p1a: Volcarona|spd|1\n|-boost|p1a: Volcarona|spe|1\n|move|p2a: Clefable|Stealth Rock|p1a: Volcarona\n|-sidestart|p1: p0x10690acf|move: Stealth Rock\n|\n|upkeep\n|turn|2\n|inactive|Time left: 300 sec this turn | 300 sec total\n|\n|t:|1783552295\n|switch|p2a: Kyogre|Kyogre, L71|259/259\n|-weather|RainDance|[from] ability: Drizzle|[of] p2a: Kyogre\n|move|p1a: Volcarona|Fiery Dance|p2a: Kyogre\n|-resisted|p2a: Kyogre\n|-damage|p2a: Kyogre|231/259\n|\n|-weather|RainDance|[upkeep]\n|-heal|p2a: Kyogre|247/259|[from] item: Leftovers\n|upkeep\n|turn|3\n|inactive|Time left: 300 sec this turn | 300 sec total\n|\n|t:|1783552296\n|move|p1a: Volcarona|Quiver Dance|p1a: Volcarona\n|-boost|p1a: Volcarona|spa|1\n|-boost|p1a: Volcarona|spd|1\n|-boost|p1a: Volcarona|spe|1\n|move|p2a: Kyogre|Origin Pulse|p1a: Volcarona\n|-supereffective|p1a: Volcarona\n|-damage|p1a: Volcarona|37/100\n|\n|-weather|RainDance|[upkeep]\n|-heal|p2a: Kyogre|259/259|[from] item: Leftovers\n|upkeep\n|turn|4\n|inactive|Time left: 300 sec this turn | 300 sec total\n|\n|t:|1783552297\n|-terastallize|p2a: Kyogre|Dragon\n|move|p1a: Volcarona|Giga Drain|p2a: Kyogre\n|-resisted|p2a: Kyogre\n|-damage|p2a: Kyogre|212/259\n|-heal|p1a: Volcarona|47/100|[from] drain|[of] p2a: Kyogre\n|move|p2a: Kyogre|Origin Pulse|p1a: Volcarona\n|-supereffective|p1a: Volcarona\n|-crit|p1a: Volcarona\n|-damage|p1a: Volcarona|0 fnt\n|faint|p1a: Volcarona\n|\n|-weather|RainDance|[upkeep]\n|-heal|p2a: Kyogre|228/259|[from] item: Leftovers\n|upkeep\n|\n|t:|1783552297\n|switch|p1a: Banette|Banette, L93, M|100/100\n|-damage|p1a: Banette|88/100|[from] Stealth Rock\n|turn|5\n|inactive|Time left: 300 sec this turn | 300 sec total\n|\n|t:|1783552299\n|switch|p2a: Magnezone|Magnezone, L85|258/258\n|move|p1a: Banette|Poltergeist|p2a: Magnezone\n|-activate|p2a: Magnezone|move: Poltergeist|Assault Vest\n|-crit|p2a: Magnezone\n|-damage|p2a: Magnezone|0 fnt\n|faint|p2a: Magnezone\n|-damage|p1a: Banette|78/100|[from] item: Life Orb\n|\n|-weather|RainDance|[upkeep]\n|upkeep\n|inactive|Time left: 300 sec this turn | 300 sec total | 5 sec grace\n|\n|t:|1783552299\n|switch|p2a: Dragalge|Dragalge, L88, M|258/258\n|turn|6\n|inactive|Time left: 300 sec this turn | 300 sec total\n|\n|t:|1783552301\n|-terastallize|p1a: Banette|Ghost\n|move|p1a: Banette|Poltergeist|p2a: Dragalge|[miss]\n|-miss|p1a: Banette|p2a: Dragalge\n|move|p2a: Dragalge|Draco Meteor|p1a: Banette|[miss]\n|-miss|p2a: Dragalge|p1a: Banette\n|\n|-weather|none\n|upkeep\n|turn|7\n|inactive|Time left: 300 sec this turn | 300 sec total\n|\n|t:|1783552302\n|move|p1a: Banette|Poltergeist|p2a: Dragalge\n|-activate|p2a: Dragalge|move: Poltergeist|Leftovers\n|-damage|p2a: Dragalge|11/258\n|-damage|p1a: Banette|68/100|[from] item: Life Orb\n|move|p2a: Dragalge|Draco Meteor|p1a: Banette\n|-damage|p1a: Banette|0 fnt\n|-unboost|p2a: Dragalge|spa|2\n|faint|p1a: Banette\n|\n|-heal|p2a: Dragalge|27/258|[from] item: Leftovers\n|upkeep\n|\n|t:|1783552303\n|switch|p1a: Hatterene|Hatterene, L85, F|100/100\n|-damage|p1a: Hatterene|88/100|[from] Stealth Rock\n|turn|8\n|inactive|Time left: 300 sec this turn | 300 sec total\n|\n|t:|1783552304\n|move|p2a: Dragalge|Sludge Wave|p1a: Hatterene\n|-supereffective|p1a: Hatterene\n|-damage|p1a: Hatterene|31/100\n|move|p1a: Hatterene|Calm Mind|p1a: Hatterene\n|-boost|p1a: Hatterene|spa|1\n|-boost|p1a: Hatterene|spd|1\n|\n|-heal|p2a: Dragalge|43/258|[from] item: Leftovers\n|-heal|p1a: Hatterene|37/100|[from] item: Leftovers\n|upkeep\n|turn|9\n|inactive|Time left: 300 sec this turn | 300 sec total\n|\n|t:|1783552305\n|move|p2a: Dragalge|Sludge Wave|p1a: Hatterene\n|-supereffective|p1a: Hatterene\n|-damage|p1a: Hatterene|0 fnt\n|faint|p1a: Hatterene\n|\n|-heal|p2a: Dragalge|59/258|[from] item: Leftovers\n|upkeep\n|\n|t:|1783552306\n|switch|p1a: Kyurem|Kyurem-White, L73|100/100\n|-damage|p1a: Kyurem|76/100|[from] Stealth Rock\n|-ability|p1a: Kyurem|Turboblaze\n|turn|10\n|inactive|Time left: 300 sec this turn | 300 sec total\n|\n|t:|1783552307\n|move|p1a: Kyurem|Freeze-Dry|p2a: Dragalge\n|-supereffective|p2a: Dragalge\n|-damage|p2a: Dragalge|0 fnt\n|faint|p2a: Dragalge\n|\n|upkeep\n|inactive|Time left: 300 sec this turn | 300 sec total | 5 sec grace\n|\n|t:|1783552308\n|switch|p2a: Polteageist|Polteageist, L78|222/222\n|turn|11\n|inactive|Time left: 300 sec this turn | 300 sec total\n|\n|t:|1783552309\n|move|p1a: Kyurem|Freeze-Dry|p2a: Polteageist\n|-damage|p2a: Polteageist|98/222\n|move|p2a: Polteageist|Shell Smash|p2a: Polteageist\n|-unboost|p2a: Polteageist|def|1\n|-unboost|p2a: Polteageist|spd|1\n|-boost|p2a: Polteageist|atk|2\n|-boost|p2a: Polteageist|spa|2\n|-boost|p2a: Polteageist|spe|2\n|-enditem|p2a: Polteageist|White Herb\n|-clearnegativeboost|p2a: Polteageist|[silent]\n|\n|upkeep\n|turn|12\n|inactive|Time left: 300 sec this turn | 300 sec total\n|\n|t:|1783552310\n|move|p2a: Polteageist|Stored Power|p1a: Kyurem\n|-damage|p1a: Kyurem|5/100\n|move|p1a: Kyurem|Freeze-Dry|p2a: Polteageist\n|-damage|p2a: Polteageist|0 fnt\n|faint|p2a: Polteageist\n|\n|upkeep\n|inactive|Time left: 300 sec this turn | 300 sec total | 5 sec grace\n|\n|t:|1783552311\n|switch|p2a: Electrode|Electrode-Hisui, L87|246/246\n|turn|13\n|inactive|Time left: 300 sec this turn | 300 sec total\n|\n|t:|1783552312\n|move|p2a: Electrode|Thunderbolt|p1a: Kyurem\n|-resisted|p1a: Kyurem\n|-damage|p1a: Kyurem|0 fnt\n|faint|p1a: Kyurem\n|-damage|p2a: Electrode|222/246|[from] item: Life Orb\n|\n|upkeep\n|\n|t:|1783552313\n|switch|p1a: Blissey|Blissey, L85, F|100/100\n|-damage|p1a: Blissey|88/100|[from] Stealth Rock\n|turn|14\n|inactive|Time left: 300 sec this turn | 300 sec total\n|\n|t:|1783552314\n|switch|p2a: Kyogre|Kyogre, L71, tera:Dragon|228/259\n|-weather|RainDance|[from] ability: Drizzle|[of] p2a: Kyogre\n|move|p1a: Blissey|Seismic Toss|p2a: Kyogre\n|-damage|p2a: Kyogre|143/259\n|\n|-weather|RainDance|[upkeep]\n|-heal|p2a: Kyogre|159/259|[from] item: Leftovers\n|-heal|p1a: Blissey|94/100|[from] item: Leftovers\n|upkeep\n|turn|15\n|inactive|Time left: 300 sec this turn | 300 sec total\n|\n|t:|1783552315\n|move|p2a: Kyogre|Calm Mind|p2a: Kyogre\n|-boost|p2a: Kyogre|spa|1\n|-boost|p2a: Kyogre|spd|1\n|move|p1a: Blissey|Seismic Toss|p2a: Kyogre\n|-damage|p2a: Kyogre|74/259\n|\n|-weather|RainDance|[upkeep]\n|-heal|p2a: Kyogre|90/259|[from] item: Leftovers\n|-heal|p1a: Blissey|99/100|[from] item: Leftovers\n|upkeep\n|turn|16\n|inactive|Time left: 300 sec this turn | 300 sec total\n|\n|t:|1783552316\n|move|p2a: Kyogre|Origin Pulse|p1a: Blissey|[miss]\n|-miss|p2a: Kyogre|p1a: Blissey\n|move|p1a: Blissey|Seismic Toss|p2a: Kyogre\n|-damage|p2a: Kyogre|5/259\n|\n|-weather|RainDance|[upkeep]\n|-heal|p2a: Kyogre|21/259|[from] item: Leftovers\n|-heal|p1a: Blissey|100/100|[from] item: Leftovers\n|upkeep\n|turn|17\n|inactive|Time left: 300 sec this turn | 300 sec total\n|\n|t:|1783552317\n|move|p2a: Kyogre|Origin Pulse|p1a: Blissey|[miss]\n|-miss|p2a: Kyogre|p1a: Blissey\n|move|p1a: Blissey|Seismic Toss|p2a: Kyogre\n|-damage|p2a: Kyogre|0 fnt\n|faint|p2a: Kyogre\n|\n|-weather|RainDance|[upkeep]\n|upkeep\n|inactive|Time left: 300 sec this turn | 300 sec total | 5 sec grace\n|\n|t:|1783552318\n|switch|p2a: Clefable|Clefable, L83, F|293/293\n|turn|18\n|inactive|Time left: 300 sec this turn | 300 sec total\n|\n|t:|1783552319\n|move|p2a: Clefable|Moonblast|p1a: Blissey\n|-damage|p1a: Blissey|84/100\n|move|p1a: Blissey|Stealth Rock|p2a: Clefable\n|-sidestart|p2: p0y10692d5f|move: Stealth Rock\n|\n|-weather|none\n|-heal|p1a: Blissey|90/100|[from] item: Leftovers\n|upkeep\n|turn|19\n|inactive|Time left: 300 sec this turn | 300 sec total\n|\n|t:|1783552320\n|move|p2a: Clefable|Moonblast|p1a: Blissey\n|-damage|p1a: Blissey|74/100\n|move|p1a: Blissey|Seismic Toss|p2a: Clefable\n|-damage|p2a: Clefable|208/293\n|\n|-heal|p1a: Blissey|80/100|[from] item: Leftovers\n|upkeep\n|turn|20\n|inactive|Time left: 300 sec this turn | 300 sec total\n|\n|t:|1783552322\n|move|p2a: Clefable|Moonlight|p2a: Clefable\n|-heal|p2a: Clefable|293/293\n|move|p1a: Blissey|Seismic Toss|p2a: Clefable\n|-damage|p2a: Clefable|208/293\n|\n|-heal|p1a: Blissey|86/100|[from] item: Leftovers\n|upkeep\n|turn|21\n|inactive|Time left: 300 sec this turn | 300 sec total\n|\n|t:|1783552323\n|move|p2a: Clefable|Moonlight|p2a: Clefable\n|-heal|p2a: Clefable|293/293\n|move|p1a: Blissey|Seismic Toss|p2a: Clefable\n|-damage|p2a: Clefable|208/293\n|\n|-heal|p1a: Blissey|92/100|[from] item: Leftovers\n|upkeep\n|turn|22\n|inactive|Time left: 300 sec this turn | 300 sec total\n|\n|t:|1783552324\n|move|p2a: Clefable|Moonlight|p2a: Clefable\n|-heal|p2a: Clefable|293/293\n|move|p1a: Blissey|Seismic Toss|p2a: Clefable\n|-damage|p2a: Clefable|208/293\n|\n|-heal|p1a: Blissey|98/100|[from] item: Leftovers\n|upkeep\n|turn|23\n|inactive|Time left: 300 sec this turn | 300 sec total\n|\n|t:|1783552325\n|move|p2a: Clefable|Moonblast|p1a: Blissey\n|-damage|p1a: Blissey|83/100\n|move|p1a: Blissey|Thunder Wave|p2a: Clefable\n|-status|p2a: Clefable|par\n|\n|-heal|p1a: Blissey|89/100|[from] item: Leftovers\n|upkeep\n|turn|24\n|inactive|Time left: 300 sec this turn | 300 sec total\n|\n|t:|1783552327\n|move|p1a: Blissey|Seismic Toss|p2a: Clefable\n|-damage|p2a: Clefable|123/293 par\n|move|p2a: Clefable|Moonlight|p2a: Clefable\n|-heal|p2a: Clefable|269/293 par\n|\n|-heal|p1a: Blissey|95/100|[from] item: Leftovers\n|upkeep\n|turn|25\n|inactive|Time left: 300 sec this turn | 300 sec total\n|\n|t:|1783552328\n|move|p1a: Blissey|Seismic Toss|p2a: Clefable\n|-damage|p2a: Clefable|184/293 par\n|move|p2a: Clefable|Moonlight|p2a: Clefable\n|-heal|p2a: Clefable|293/293 par\n|\n|-heal|p1a: Blissey|100/100|[from] item: Leftovers\n|upkeep\n|turn|26\n|inactive|Time left: 300 sec this turn | 300 sec total\n|\n|t:|1783552329\n|move|p1a: Blissey|Seismic Toss|p2a: Clefable\n|-damage|p2a: Clefable|208/293 par\n|move|p2a: Clefable|Moonblast|p1a: Blissey\n|-damage|p1a: Blissey|85/100\n|\n|-heal|p1a: Blissey|91/100|[from] item: Leftovers\n|upkeep\n|turn|27\n|inactive|Time left: 300 sec this turn | 300 sec total\n|\n|t:|1783552330\n|move|p1a: Blissey|Seismic Toss|p2a: Clefable\n|-damage|p2a: Clefable|123/293 par\n|move|p2a: Clefable|Moonlight|p2a: Clefable\n|-heal|p2a: Clefable|269/293 par\n|\n|-heal|p1a: Blissey|97/100|[from] item: Leftovers\n|upkeep\n|turn|28\n|inactive|Time left: 300 sec this turn | 300 sec total\n|\n|t:|1783552331\n|move|p1a: Blissey|Seismic Toss|p2a: Clefable\n|-damage|p2a: Clefable|184/293 par\n|move|p2a: Clefable|Moonblast|p1a: Blissey\n|-damage|p1a: Blissey|81/100\n|-unboost|p1a: Blissey|spa|1\n|\n|-heal|p1a: Blissey|87/100|[from] item: Leftovers\n|upkeep\n|turn|29\n|inactive|Time left: 300 sec this turn | 300 sec total\n|\n|t:|1783552333\n|switch|p1a: Tropius|Tropius, L91, M|100/100\n|-damage|p1a: Tropius|75/100|[from] Stealth Rock\n|move|p2a: Clefable|Moonlight|p2a: Clefable\n|-heal|p2a: Clefable|293/293 par\n|\n|upkeep\n|turn|30\n|inactive|Time left: 300 sec this turn | 300 sec total\n|\n|t:|1783552334\n|move|p1a: Tropius|Dragon Dance|p1a: Tropius\n|-boost|p1a: Tropius|atk|1\n|-boost|p1a: Tropius|spe|1\n|move|p2a: Clefable|Fire Blast|p1a: Tropius\n|-supereffective|p1a: Tropius\n|-damage|p1a: Tropius|19/100\n|-enditem|p1a: Tropius|Sitrus Berry|[eat]\n|-heal|p1a: Tropius|44/100|[from] item: Sitrus Berry\n|\n|-item|p1a: Tropius|Sitrus Berry|[from] ability: Harvest\n|upkeep\n|-enditem|p1a: Tropius|Sitrus Berry|[eat]\n|-heal|p1a: Tropius|69/100|[from] item: Sitrus Berry\n|turn|31\n|inactive|Time left: 300 sec this turn | 300 sec total\n|\n|t:|1783552335\n|move|p1a: Tropius|Dragon Dance|p1a: Tropius\n|-boost|p1a: Tropius|atk|1\n|-boost|p1a: Tropius|spe|1\n|move|p2a: Clefable|Fire Blast|p1a: Tropius\n|-supereffective|p1a: Tropius\n|-damage|p1a: Tropius|14/100\n|\n|-item|p1a: Tropius|Sitrus Berry|[from] ability: Harvest\n|upkeep\n|-enditem|p1a: Tropius|Sitrus Berry|[eat]\n|-heal|p1a: Tropius|39/100|[from] item: Sitrus Berry\n|turn|32\n|inactive|Time left: 300 sec this turn | 300 sec total\n|\n|t:|1783552336\n|move|p1a: Tropius|Synthesis|p1a: Tropius\n|-heal|p1a: Tropius|89/100\n|move|p2a: Clefable|Fire Blast|p1a: Tropius|[miss]\n|-miss|p2a: Clefable|p1a: Tropius\n|\n|upkeep\n|turn|33\n|inactive|Time left: 300 sec this turn | 300 sec total\n|\n|t:|1783552337\n|move|p1a: Tropius|Earthquake|p2a: Clefable\n|-damage|p2a: Clefable|143/293 par\n|cant|p2a: Clefable|par\n|\n|-item|p1a: Tropius|Sitrus Berry|[from] ability: Harvest\n|upkeep\n|turn|34\n|inactive|Time left: 300 sec this turn | 300 sec total\n|\n|t:|1783552338\n|switch|p2a: Electrode|Electrode-Hisui, L87|222/246\n|-damage|p2a: Electrode|192/246|[from] Stealth Rock\n|move|p1a: Tropius|Dual Wingbeat|p2a: Electrode\n|-damage|p2a: Electrode|111/246\n|-damage|p2a: Electrode|18/246\n|-hitcount|p2a: Electrode|2\n|\n|upkeep\n|turn|35\n|inactive|Time left: 300 sec this turn | 300 sec total\n|\n|t:|1783552340\n|move|p2a: Electrode|Thunder Wave|p1a: Tropius\n|-status|p1a: Tropius|par\n|move|p1a: Tropius|Earthquake|p2a: Electrode\n|-damage|p2a: Electrode|0 fnt\n|faint|p2a: Electrode\n|\n|upkeep\n|inactive|Time left: 300 sec this turn | 300 sec total | 5 sec grace\n|\n|t:|1783552341\n|switch|p2a: Clefable|Clefable, L83, F|143/293 par\n|turn|36\n|inactive|Time left: 300 sec this turn | 300 sec total\n|\n|t:|1783552342\n|move|p1a: Tropius|Dual Wingbeat|p2a: Clefable\n|-crit|p2a: Clefable\n|-damage|p2a: Clefable|0 fnt\n|faint|p2a: Clefable\n|-hitcount|p2: Clefable|1\n|\n|win|p0x10690acf", "uploadtime": 1783552342, "views": 0, "rating": 0, "private": 0, "password": null, "_winner": "p0x10690acf", "_our_name": "p0y10692d5f"}