{"id": "battle-gen9randombattle-349", "formatid": "gen9randombattle", "format": "[Gen 9] Random Battle", "players": ["p0x3496b89", "p0y349ab6a"], "log": "|init|battle\n|title|p0x3496b89 vs. p0y349ab6a\n|j|\u2606p0x3496b89\n|j|\u2606p0y349ab6a\n|t:|1783543708\n|gametype|singles\n|player|p1|p0x3496b89|2|\n|player|p2|p0y349ab6a|101|\n|gen|9\n|tier|[Gen 9] Random Battle\n|rule|Species Clause: Limit one of each Pok\u00e9mon\n|rule|HP Percentage Mod: HP is shown in percentages\n|rule|Sleep Clause Mod: Limit one foe put to sleep\n|rule|Illusion Level Mod: Illusion disguises the Pok\u00e9mon's true level\n|\n|t:|1783543708\n|teamsize|p1|6\n|teamsize|p2|6\n|start\n|switch|p1a: Hypno|Hypno, L95, F|315/315\n|switch|p2a: Giratina|Giratina-Origin, L72|100/100\n|turn|1\n|inactive|Battle timer is ON: inactive players will automatically lose when time's up. (requested by p0y349ab6a)\n|inactive|Time left: 300 sec this turn | 300 sec total | 60 sec grace\n|\n|t:|1783543709\n|switch|p1a: Komala|Komala, L87, M|255/255\n|-ability|p1a: Komala|Comatose\n|move|p2a: Giratina|Poltergeist|p1a: Komala\n|-immune|p1a: Komala\n|\n|upkeep\n|turn|2\n|inactive|Time left: 300 sec this turn | 300 sec total\n|inactive|p0x3496b89 also wants the timer to be on.\n|\n|t:|1783543710\n|move|p2a: Giratina|Poltergeist|p1a: Komala\n|-immune|p1a: Komala\n|move|p1a: Komala|Knock Off|p2a: Giratina\n|-supereffective|p2a: Giratina\n|-damage|p2a: Giratina|65/100\n|\n|upkeep\n|turn|3\n|inactive|Time left: 300 sec this turn | 300 sec total\n|\n|t:|1783543711\n|move|p2a: Giratina|Poltergeist|p1a: Komala\n|-immune|p1a: Komala\n|move|p1a: Komala|Knock Off|p2a: Giratina\n|-supereffective|p2a: Giratina\n|-damage|p2a: Giratina|28/100\n|\n|upkeep\n|turn|4\n|inactive|Time left: 300 sec this turn | 300 sec total\n|\n|t:|1783543712\n|move|p2a: Giratina|Draco Meteor|p1a: Komala\n|-damage|p1a: Komala|162/255\n|-unboost|p2a: Giratina|spa|2\n|move|p1a: Komala|Knock Off|p2a: Giratina\n|-supereffective|p2a: Giratina\n|-damage|p2a: Giratina|0 fnt\n|faint|p2a: Giratina\n|\n|upkeep\n|\n|t:|1783543713\n|switch|p2a: Bombirdier|Bombirdier, L85, F|100/100\n|turn|5\n|inactive|Time left: 300 sec this turn | 300 sec total\n|\n|t:|1783543714\n|move|p2a: Bombirdier|Knock Off|p1a: Komala\n|-damage|p1a: Komala|0 fnt\n|-enditem|p1a: Komala|Assault Vest|[from] move: Knock Off|[of] p2a: Bombirdier\n|faint|p1a: Komala\n|\n|upkeep\n|inactive|Time left: 300 sec this turn | 300 sec total | 5 sec grace\n|\n|t:|1783543715\n|switch|p1a: Cinderace|Cinderace, L77, M|249/249\n|turn|6\n|inactive|Time left: 300 sec this turn | 300 sec total\n|\n|t:|1783543717\n|move|p1a: Cinderace|High Jump Kick|p2a: Bombirdier\n|-start|p1a: Cinderace|typechange|Fighting|[from] ability: Libero\n|-damage|p2a: Bombirdier|52/100\n|move|p2a: Bombirdier|Knock Off|p1a: Cinderace\n|-resisted|p1a: Cinderace\n|-damage|p1a: Cinderace|144/249\n|-enditem|p1a: Cinderace|Heavy-Duty Boots|[from] move: Knock Off|[of] p2a: Bombirdier\n|\n|upkeep\n|turn|7\n|inactive|Time left: 300 sec this turn | 300 sec total\n|\n|t:|1783543718\n|move|p1a: Cinderace|High Jump Kick|p2a: Bombirdier\n|-damage|p2a: Bombirdier|0 fnt\n|faint|p2a: Bombirdier\n|\n|upkeep\n|\n|t:|1783543719\n|switch|p2a: Glastrier|Glastrier, L86|100/100\n|turn|8\n|inactive|Time left: 300 sec this turn | 300 sec total\n|\n|t:|1783543720\n|move|p1a: Cinderace|High Jump Kick|p2a: Glastrier\n|-supereffective|p2a: Glastrier\n|-damage|p2a: Glastrier|41/100\n|move|p2a: Glastrier|Icicle Crash|p1a: Cinderace|[miss]\n|-miss|p2a: Glastrier|p1a: Cinderace\n|\n|upkeep\n|turn|9\n|inactive|Time left: 300 sec this turn | 300 sec total\n|\n|t:|1783543722\n|move|p1a: Cinderace|High Jump Kick|p2a: Glastrier|[miss]\n|-miss|p1a: Cinderace|p2a: Glastrier\n|-damage|p1a: Cinderace|20/249|[from] highjumpkick\n|move|p2a: Glastrier|Heavy Slam|p1a: Cinderace\n|-damage|p1a: Cinderace|0 fnt\n|faint|p1a: Cinderace\n|-ability|p2a: Glastrier|Chilling Neigh|boost\n|-boost|p2a: Glastrier|atk|1\n|\n|upkeep\n|inactive|Time left: 300 sec this turn | 300 sec total | 5 sec grace\n|\n|t:|1783543723\n|switch|p1a: Golurk|Golurk, L87|297/297\n|turn|10\n|inactive|Time left: 300 sec this turn | 300 sec total\n|\n|t:|1783543724\n|switch|p2a: Flapple|Flapple, L88, F|100/100\n|move|p1a: Golurk|Earthquake|p2a: Flapple\n|-resisted|p2a: Flapple\n|-damage|p2a: Flapple|61/100\n|\n|upkeep\n|turn|11\n|inactive|Time left: 300 sec this turn | 300 sec total\n|\n|t:|1783543725\n|switch|p1a: Shaymin|Shaymin, L82|298/298\n|-terastallize|p2a: Flapple|Dragon\n|move|p2a: Flapple|Outrage|p1a: Shaymin\n|-damage|p1a: Shaymin|0 fnt\n|faint|p1a: Shaymin\n|\n|upkeep\n|inactive|Time left: 300 sec this turn | 300 sec total | 5 sec grace\n|\n|t:|1783543726\n|switch|p1a: Gengar|Gengar, L81, F|230/230\n|turn|12\n|inactive|Time left: 300 sec this turn | 300 sec total\n|\n|t:|1783543728\n|move|p1a: Gengar|Shadow Ball|p2a: Flapple\n|-damage|p2a: Flapple|0 fnt\n|faint|p2a: Flapple\n|\n|upkeep\n|\n|t:|1783543729\n|switch|p2a: Minun|Minun, L95, F|100/100\n|turn|13\n|inactive|Time left: 300 sec this turn | 300 sec total\n|\n|t:|1783543730\n|move|p2a: Minun|Nasty Plot|p2a: Minun\n|-boost|p2a: Minun|spa|2\n|move|p1a: Gengar|Shadow Ball|p2a: Minun\n|-damage|p2a: Minun|50/100\n|\n|upkeep\n|turn|14\n|inactive|Time left: 300 sec this turn | 300 sec total\n|\n|t:|1783543731\n|switch|p1a: Golurk|Golurk, L87|297/297\n|move|p2a: Minun|Thunderbolt|p1a: Golurk\n|-immune|p1a: Golurk\n|\n|upkeep\n|turn|15\n|inactive|Time left: 300 sec this turn | 300 sec total\n|\n|t:|1783543732\n|-terastallize|p1a: Golurk|Ghost\n|move|p2a: Minun|Grass Knot|p1a: Golurk\n|-damage|p1a: Golurk|47/297\n|-damage|p2a: Minun|40/100|[from] item: Life Orb\n|move|p1a: Golurk|Poltergeist|p2a: Minun\n|-activate|p2a: Minun|move: Poltergeist|Life Orb\n|-damage|p2a: Minun|0 fnt\n|faint|p2a: Minun\n|\n|upkeep\n|\n|t:|1783543733\n|switch|p2a: Magcargo|Magcargo, L95, F|100/100\n|turn|16\n|inactive|Time left: 300 sec this turn | 300 sec total\n|\n|t:|1783543734\n|switch|p2a: Glastrier|Glastrier, L86|41/100\n|move|p1a: Golurk|Poltergeist|p2a: Glastrier\n|-activate|p2a: Glastrier|move: Poltergeist|Heavy-Duty Boots\n|-damage|p2a: Glastrier|0 fnt\n|faint|p2a: Glastrier\n|\n|upkeep\n|\n|t:|1783543735\n|switch|p2a: Magcargo|Magcargo, L95, F|100/100\n|turn|17\n|inactive|Time left: 300 sec this turn | 300 sec total\n|\n|t:|1783543736\n|move|p1a: Golurk|Poltergeist|p2a: Magcargo\n|-activate|p2a: Magcargo|move: Poltergeist|Heavy-Duty Boots\n|-damage|p2a: Magcargo|20/100\n|move|p2a: Magcargo|Lava Plume|p1a: Golurk\n|-damage|p1a: Golurk|0 fnt\n|faint|p1a: Golurk\n|\n|upkeep\n|inactive|Time left: 300 sec this turn | 300 sec total | 5 sec grace\n|\n|t:|1783543737\n|switch|p1a: Gengar|Gengar, L81, F|230/230\n|turn|18\n|inactive|Time left: 300 sec this turn | 300 sec total\n|\n|t:|1783543738\n|move|p1a: Gengar|Shadow Ball|p2a: Magcargo\n|-damage|p2a: Magcargo|0 fnt\n|faint|p2a: Magcargo\n|\n|win|p0x3496b89", "uploadtime": 1783543738, "views": 0, "rating": 0, "private": 0, "password": null, "_winner": "p0x3496b89", "_our_name": "p0x3496b89"}