{"id": "battle-gen9randombattle-5", "formatid": "gen9randombattle", "format": "[Gen 9] Random Battle", "players": ["p0x0053048", "p0y005718e"], "log": "|init|battle\n|title|p0x0053048 vs. p0y005718e\n|j|\u2606p0x0053048\n|j|\u2606p0y005718e\n|t:|1783533319\n|gametype|singles\n|player|p1|p0x0053048|101|\n|player|p2|p0y005718e|265|\n|gen|9\n|tier|[Gen 9] Random Battle\n|rule|Species Clause: Limit one of each Pok\u00e9mon\n|rule|HP Percentage Mod: HP is shown in percentages\n|rule|Sleep Clause Mod: Limit one foe put to sleep\n|rule|Illusion Level Mod: Illusion disguises the Pok\u00e9mon's true level\n|\n|t:|1783533319\n|teamsize|p1|6\n|teamsize|p2|6\n|start\n|switch|p1a: Deoxys|Deoxys-Speed, L82|216/216\n|switch|p2a: Flygon|Flygon, L82, M|100/100\n|-ability|p1a: Deoxys|Pressure\n|turn|1\n|inactive|Battle timer is ON: inactive players will automatically lose when time's up. (requested by p0y005718e)\n|inactive|Time left: 300 sec this turn | 300 sec total | 60 sec grace\n|inactive|p0x0053048 also wants the timer to be on.\n|\n|t:|1783533320\n|move|p1a: Deoxys|Nasty Plot|p1a: Deoxys\n|-boost|p1a: Deoxys|spa|2\n|move|p2a: Flygon|Outrage|p1a: Deoxys\n|-damage|p1a: Deoxys|87/216\n|\n|upkeep\n|turn|2\n|inactive|Time left: 300 sec this turn | 300 sec total\n|\n|t:|1783533321\n|move|p1a: Deoxys|Psycho Boost|p2a: Flygon\n|-damage|p2a: Flygon|0 fnt\n|-unboost|p1a: Deoxys|spa|2\n|faint|p2a: Flygon\n|-damage|p1a: Deoxys|66/216|[from] item: Life Orb\n|\n|upkeep\n|\n|t:|1783533322\n|switch|p2a: Kricketune|Kricketune, L99, M|100/100\n|turn|3\n|inactive|Time left: 300 sec this turn | 300 sec total\n|\n|t:|1783533324\n|move|p1a: Deoxys|Psycho Boost|p2a: Kricketune\n|-damage|p2a: Kricketune|27/100\n|-unboost|p1a: Deoxys|spa|2\n|-damage|p1a: Deoxys|45/216|[from] item: Life Orb\n|move|p2a: Kricketune|Sticky Web|p1a: Deoxys\n|-sidestart|p1: p0x0053048|move: Sticky Web\n|\n|upkeep\n|turn|4\n|inactive|Time left: 300 sec this turn | 300 sec total\n|\n|t:|1783533325\n|switch|p2a: Polteageist|Polteageist, L78|100/100\n|move|p1a: Deoxys|Psycho Boost|p2a: Polteageist\n|-damage|p2a: Polteageist|65/100\n|-unboost|p1a: Deoxys|spa|2\n|-damage|p1a: Deoxys|24/216|[from] item: Life Orb\n|\n|upkeep\n|turn|5\n|inactive|Time left: 300 sec this turn | 300 sec total\n|\n|t:|1783533326\n|switch|p1a: Tsareena|Tsareena, L87, F|267/267\n|-activate|p1a: Tsareena|move: Sticky Web\n|-unboost|p1a: Tsareena|spe|1\n|move|p2a: Polteageist|Shell Smash|p2a: Polteageist\n|-unboost|p2a: Polteageist|def|1\n|-unboost|p2a: Polteageist|spd|1\n|-boost|p2a: Polteageist|atk|2\n|-boost|p2a: Polteageist|spa|2\n|-boost|p2a: Polteageist|spe|2\n|-enditem|p2a: Polteageist|White Herb\n|-clearnegativeboost|p2a: Polteageist|[silent]\n|\n|upkeep\n|turn|6\n|inactive|Time left: 300 sec this turn | 300 sec total\n|\n|t:|1783533327\n|move|p2a: Polteageist|Strength Sap|p1a: Tsareena\n|-unboost|p1a: Tsareena|atk|1\n|-heal|p2a: Polteageist|100/100\n|move|p1a: Tsareena|Power Whip|p2a: Polteageist\n|-damage|p2a: Polteageist|11/100\n|\n|upkeep\n|turn|7\n|inactive|Time left: 300 sec this turn | 300 sec total\n|\n|t:|1783533329\n|move|p2a: Polteageist|Strength Sap|p1a: Tsareena\n|-unboost|p1a: Tsareena|atk|1\n|-heal|p2a: Polteageist|89/100\n|move|p1a: Tsareena|Power Whip|p2a: Polteageist\n|-damage|p2a: Polteageist|21/100\n|\n|upkeep\n|turn|8\n|inactive|Time left: 300 sec this turn | 300 sec total\n|\n|t:|1783533330\n|move|p2a: Polteageist|Strength Sap|p1a: Tsareena\n|-unboost|p1a: Tsareena|atk|1\n|-heal|p2a: Polteageist|79/100\n|move|p1a: Tsareena|Power Whip|p2a: Polteageist|[miss]\n|-miss|p1a: Tsareena|p2a: Polteageist\n|\n|upkeep\n|turn|9\n|inactive|Time left: 300 sec this turn | 300 sec total\n|\n|t:|1783533331\n|move|p2a: Polteageist|Shadow Ball|p1a: Tsareena\n|-damage|p1a: Tsareena|102/267\n|-unboost|p1a: Tsareena|spd|1\n|move|p1a: Tsareena|Power Whip|p2a: Polteageist\n|-damage|p2a: Polteageist|25/100\n|-start|p1a: Tsareena|Disable|Power Whip|[from] ability: Cursed Body|[of] p2a: Polteageist\n|\n|upkeep\n|turn|10\n|inactive|Time left: 300 sec this turn | 300 sec total\n|\n|t:|1783533333\n|move|p2a: Polteageist|Strength Sap|p1a: Tsareena\n|-unboost|p1a: Tsareena|atk|1\n|-heal|p2a: Polteageist|71/100\n|-activate|p1a: Tsareena|move: Struggle\n|move|p1a: Tsareena|Struggle|p2a: Polteageist\n|-damage|p2a: Polteageist|57/100\n|-damage|p1a: Tsareena|35/267|[from] recoil\n|\n|upkeep\n|turn|11\n|inactive|Time left: 300 sec this turn | 300 sec total\n|\n|t:|1783533334\n|switch|p1a: Deoxys|Deoxys-Speed, L82|24/216\n|-activate|p1a: Deoxys|move: Sticky Web\n|-unboost|p1a: Deoxys|spe|1\n|-ability|p1a: Deoxys|Pressure\n|move|p2a: Polteageist|Strength Sap|p1a: Deoxys\n|-unboost|p1a: Deoxys|atk|1\n|-heal|p2a: Polteageist|100/100\n|\n|upkeep\n|turn|12\n|inactive|Time left: 300 sec this turn | 300 sec total\n|\n|t:|1783533335\n|move|p2a: Polteageist|Tera Blast|p1a: Deoxys\n|-damage|p1a: Deoxys|0 fnt\n|faint|p1a: Deoxys\n|\n|upkeep\n|inactive|Time left: 300 sec this turn | 300 sec total | 5 sec grace\n|\n|t:|1783533336\n|switch|p1a: Gouging Fire|Gouging Fire, L74|277/277\n|turn|13\n|inactive|Time left: 300 sec this turn | 300 sec total\n|\n|t:|1783533337\n|move|p2a: Polteageist|Shadow Ball|p1a: Gouging Fire\n|-damage|p1a: Gouging Fire|70/277\n|move|p1a: Gouging Fire|Outrage|p2a: Polteageist\n|-damage|p2a: Polteageist|30/100\n|-start|p1a: Gouging Fire|Disable|Outrage|[from] ability: Cursed Body|[of] p2a: Polteageist\n|\n|upkeep\n|turn|14\n|inactive|Time left: 300 sec this turn | 300 sec total\n|\n|t:|1783533338\n|move|p2a: Polteageist|Shadow Ball|p1a: Gouging Fire\n|-damage|p1a: Gouging Fire|0 fnt\n|faint|p1a: Gouging Fire\n|-end|p1a: Gouging Fire|Protosynthesis|[silent]\n|\n|upkeep\n|inactive|Time left: 300 sec this turn | 300 sec total | 5 sec grace\n|\n|t:|1783533339\n|switch|p1a: Walking Wake|Walking Wake, L79|286/286\n|-activate|p1a: Walking Wake|move: Sticky Web\n|-unboost|p1a: Walking Wake|spe|1\n|turn|15\n|inactive|Time left: 300 sec this turn | 300 sec total\n|\n|t:|1783533340\n|move|p2a: Polteageist|Strength Sap|p1a: Walking Wake\n|-unboost|p1a: Walking Wake|atk|1\n|-heal|p2a: Polteageist|91/100\n|move|p1a: Walking Wake|Hydro Steam|p2a: Polteageist\n|-damage|p2a: Polteageist|40/100\n|-start|p1a: Walking Wake|Disable|Hydro Steam|[from] ability: Cursed Body|[of] p2a: Polteageist\n|-damage|p1a: Walking Wake|258/286|[from] item: Life Orb\n|\n|upkeep\n|turn|16\n|inactive|Time left: 300 sec this turn | 300 sec total\n|\n|t:|1783533341\n|-terastallize|p1a: Walking Wake|Fire\n|move|p2a: Polteageist|Strength Sap|p1a: Walking Wake\n|-unboost|p1a: Walking Wake|atk|1\n|-heal|p2a: Polteageist|81/100\n|move|p1a: Walking Wake|Flamethrower|p2a: Polteageist\n|-damage|p2a: Polteageist|24/100\n|-damage|p1a: Walking Wake|230/286|[from] item: Life Orb\n|\n|upkeep\n|turn|17\n|inactive|Time left: 300 sec this turn | 300 sec total\n|\n|t:|1783533342\n|move|p2a: Polteageist|Strength Sap|p1a: Walking Wake\n|-unboost|p1a: Walking Wake|atk|1\n|-heal|p2a: Polteageist|55/100\n|move|p1a: Walking Wake|Flamethrower|p2a: Polteageist\n|-damage|p2a: Polteageist|4/100\n|-damage|p1a: Walking Wake|202/286|[from] item: Life Orb\n|\n|upkeep\n|turn|18\n|inactive|Time left: 300 sec this turn | 300 sec total\n|\n|t:|1783533343\n|move|p2a: Polteageist|Shadow Ball|p1a: Walking Wake\n|-damage|p1a: Walking Wake|3/286\n|-unboost|p1a: Walking Wake|spd|1\n|move|p1a: Walking Wake|Flamethrower|p2a: Polteageist\n|-damage|p2a: Polteageist|0 fnt\n|faint|p2a: Polteageist\n|-damage|p1a: Walking Wake|0 fnt|[from] item: Life Orb\n|faint|p1a: Walking Wake\n|-end|p1a: Walking Wake|Protosynthesis|[silent]\n|\n|upkeep\n|inactive|Time left: 300 sec this turn | 300 sec total | 5 sec grace\n|\n|t:|1783533344\n|switch|p1a: Meowstic|Meowstic, L89, M|277/277\n|switch|p2a: Tsareena|Tsareena, L87, F|100/100\n|-activate|p1a: Meowstic|move: Sticky Web\n|-unboost|p1a: Meowstic|spe|1\n|turn|19\n|inactive|Time left: 300 sec this turn | 300 sec total\n|\n|t:|1783533345\n|move|p1a: Meowstic|Reflect|p1a: Meowstic\n|-sidestart|p1: p0x0053048|Reflect\n|move|p2a: Tsareena|Rapid Spin|p1a: Meowstic\n|-damage|p1a: Meowstic|252/277\n|-boost|p2a: Tsareena|spe|1\n|\n|upkeep\n|turn|20\n|inactive|Time left: 300 sec this turn | 300 sec total\n|\n|t:|1783533347\n|switch|p1a: Tornadus|Tornadus-Therian, L79, M|254/254\n|move|p2a: Tsareena|Rapid Spin|p1a: Tornadus\n|-damage|p1a: Tornadus|231/254\n|-boost|p2a: Tsareena|spe|1\n|\n|upkeep\n|turn|21\n|inactive|Time left: 300 sec this turn | 300 sec total\n|\n|t:|1783533348\n|move|p2a: Tsareena|Triple Axel|p1a: Tornadus|[miss]\n|-miss|p2a: Tsareena|p1a: Tornadus\n|move|p1a: Tornadus|Heat Wave|p2a: Tsareena\n|-supereffective|p2a: Tsareena\n|-damage|p2a: Tsareena|69/100\n|\n|upkeep\n|turn|22\n|inactive|Time left: 300 sec this turn | 300 sec total\n|\n|t:|1783533349\n|move|p2a: Tsareena|Triple Axel|p1a: Tornadus|[miss]\n|-miss|p2a: Tsareena|p1a: Tornadus\n|move|p1a: Tornadus|Bleakwind Storm|p2a: Tsareena\n|-supereffective|p2a: Tsareena\n|-damage|p2a: Tsareena|22/100\n|-unboost|p2a: Tsareena|spe|1\n|\n|upkeep\n|turn|23\n|inactive|Time left: 300 sec this turn | 300 sec total\n|\n|t:|1783533350\n|move|p2a: Tsareena|Triple Axel|p1a: Tornadus\n|-supereffective|p1a: Tornadus\n|-damage|p1a: Tornadus|209/254\n|-supereffective|p1a: Tornadus\n|-damage|p1a: Tornadus|167/254\n|-supereffective|p1a: Tornadus\n|-crit|p1a: Tornadus\n|-damage|p1a: Tornadus|0 fnt\n|faint|p1a: Tornadus\n|-hitcount|p1: Tornadus|3\n|\n|upkeep\n|inactive|Time left: 300 sec this turn | 300 sec total | 5 sec grace\n|\n|t:|1783533351\n|switch|p1a: Meowstic|Meowstic, L89, M|252/277\n|-activate|p1a: Meowstic|move: Sticky Web\n|-unboost|p1a: Meowstic|spe|1\n|turn|24\n|inactive|Time left: 300 sec this turn | 300 sec total\n|\n|t:|1783533352\n|move|p2a: Tsareena|Power Whip|p1a: Meowstic\n|-damage|p1a: Meowstic|164/277\n|move|p1a: Meowstic|Psychic Noise|p2a: Tsareena\n|-damage|p2a: Tsareena|5/100\n|-start|p2a: Tsareena|move: Heal Block\n|\n|upkeep\n|turn|25\n|inactive|Time left: 300 sec this turn | 300 sec total\n|\n|t:|1783533353\n|move|p2a: Tsareena|Power Whip|p1a: Meowstic\n|-damage|p1a: Meowstic|83/277\n|move|p1a: Meowstic|Alluring Voice|p2a: Tsareena\n|-damage|p2a: Tsareena|0 fnt\n|faint|p2a: Tsareena\n|\n|upkeep\n|\n|t:|1783533354\n|switch|p2a: Feraligatr|Feraligatr, L79, M|100/100\n|turn|26\n|inactive|Time left: 300 sec this turn | 300 sec total\n|\n|t:|1783533355\n|-terastallize|p2a: Feraligatr|Steel\n|move|p2a: Feraligatr|Crunch|p1a: Meowstic\n|-supereffective|p1a: Meowstic\n|-damage|p1a: Meowstic|0 fnt\n|faint|p1a: Meowstic\n|\n|-sideend|p1: p0x0053048|Reflect\n|upkeep\n|inactive|Time left: 300 sec this turn | 300 sec total | 5 sec grace\n|\n|t:|1783533356\n|switch|p1a: Tsareena|Tsareena, L87, F|35/267\n|-activate|p1a: Tsareena|move: Sticky Web\n|-unboost|p1a: Tsareena|spe|1\n|turn|27\n|inactive|Time left: 300 sec this turn | 300 sec total\n|\n|t:|1783533357\n|move|p2a: Feraligatr|Crunch|p1a: Tsareena\n|-damage|p1a: Tsareena|0 fnt\n|faint|p1a: Tsareena\n|\n|win|p0y005718e", "uploadtime": 1783533357, "views": 0, "rating": 0, "private": 0, "password": null, "_winner": "p0y005718e", "_our_name": "p0x0053048"}