{"id": "battle-gen9randombattle-604", "formatid": "gen9randombattle", "format": "[Gen 9] Random Battle", "players": ["p0x6048b22", "p0y604527f"], "log": "|init|battle\n|title|p0x6048b22 vs. p0y604527f\n|j|\u2606p0x6048b22\n|j|\u2606p0y604527f\n|t:|1783546097\n|gametype|singles\n|player|p1|p0x6048b22|170|\n|player|p2|p0y604527f|101|\n|gen|9\n|tier|[Gen 9] Random Battle\n|rule|Species Clause: Limit one of each Pok\u00e9mon\n|rule|HP Percentage Mod: HP is shown in percentages\n|rule|Sleep Clause Mod: Limit one foe put to sleep\n|rule|Illusion Level Mod: Illusion disguises the Pok\u00e9mon's true level\n|\n|t:|1783546097\n|teamsize|p1|6\n|teamsize|p2|6\n|start\n|switch|p1a: Eelektross|Eelektross, L87, M|100/100\n|switch|p2a: Weavile|Weavile, L79, F|240/240\n|turn|1\n|inactive|Battle timer is ON: inactive players will automatically lose when time's up. (requested by p0y604527f)\n|inactive|p0x6048b22 also wants the timer to be on.\n|\n|t:|1783546099\n|move|p2a: Weavile|Knock Off|p1a: Eelektross\n|-damage|p1a: Eelektross|63/100\n|-enditem|p1a: Eelektross|Leftovers|[from] move: Knock Off|[of] p2a: Weavile\n|move|p1a: Eelektross|Drain Punch|p2a: Weavile\n|-supereffective|p2a: Weavile\n|-damage|p2a: Weavile|0 fnt\n|-heal|p1a: Eelektross|100/100|[from] drain|[of] p2a: Weavile\n|faint|p2a: Weavile\n|\n|upkeep\n|inactive|Time left: 300 sec this turn | 300 sec total | 65 sec grace\n|\n|t:|1783546101\n|switch|p2a: Mesprit|Mesprit, L85|275/275\n|turn|2\n|inactive|Time left: 300 sec this turn | 300 sec total\n|\n|t:|1783546102\n|move|p2a: Mesprit|Nasty Plot|p2a: Mesprit\n|-boost|p2a: Mesprit|spa|2\n|move|p1a: Eelektross|Supercell Slam|p2a: Mesprit|[miss]\n|-miss|p1a: Eelektross|p2a: Mesprit\n|-damage|p1a: Eelektross|50/100|[from] supercellslam\n|\n|upkeep\n|turn|3\n|inactive|Time left: 300 sec this turn | 300 sec total\n|\n|t:|1783546103\n|switch|p1a: Delphox|Delphox, L84, M|100/100\n|move|p2a: Mesprit|Psychic|p1a: Delphox\n|-resisted|p1a: Delphox\n|-damage|p1a: Delphox|51/100\n|-damage|p2a: Mesprit|248/275|[from] item: Life Orb\n|\n|upkeep\n|turn|4\n|inactive|Time left: 300 sec this turn | 300 sec total\n|\n|t:|1783546104\n|move|p1a: Delphox|Fire Blast|p2a: Mesprit\n|-crit|p2a: Mesprit\n|-damage|p2a: Mesprit|0 fnt\n|faint|p2a: Mesprit\n|\n|upkeep\n|inactive|Time left: 300 sec this turn | 300 sec total | 5 sec grace\n|\n|t:|1783546105\n|switch|p2a: Emboar|Emboar, L84, M|322/322\n|turn|5\n|inactive|Time left: 300 sec this turn | 300 sec total\n|\n|t:|1783546107\n|move|p2a: Emboar|Knock Off|p1a: Delphox\n|-supereffective|p1a: Delphox\n|-damage|p1a: Delphox|0 fnt\n|-enditem|p1a: Delphox|Choice Specs|[from] move: Knock Off|[of] p2a: Emboar\n|faint|p1a: Delphox\n|\n|upkeep\n|\n|t:|1783546108\n|switch|p1a: Eelektross|Eelektross, L87, M|50/100\n|turn|6\n|inactive|Time left: 300 sec this turn | 300 sec total\n|\n|t:|1783546109\n|switch|p2a: Giratina|Giratina, L75|349/349\n|-ability|p2a: Giratina|Pressure\n|move|p1a: Eelektross|Supercell Slam|p2a: Giratina\n|-resisted|p2a: Giratina\n|-damage|p2a: Giratina|289/349\n|\n|-heal|p2a: Giratina|310/349|[from] item: Leftovers\n|upkeep\n|turn|7\n|inactive|Time left: 300 sec this turn | 300 sec total\n|\n|t:|1783546110\n|move|p2a: Giratina|Shadow Ball|p1a: Eelektross\n|-damage|p1a: Eelektross|24/100\n|move|p1a: Eelektross|Coil|p1a: Eelektross\n|-boost|p1a: Eelektross|atk|1\n|-boost|p1a: Eelektross|def|1\n|-boost|p1a: Eelektross|accuracy|1\n|\n|-heal|p2a: Giratina|331/349|[from] item: Leftovers\n|upkeep\n|turn|8\n|inactive|Time left: 300 sec this turn | 300 sec total\n|\n|t:|1783546111\n|switch|p1a: Noctowl|Noctowl, L95, F|100/100\n|move|p2a: Giratina|Shadow Ball|p1a: Noctowl\n|-immune|p1a: Noctowl\n|\n|-heal|p2a: Giratina|349/349|[from] item: Leftovers\n|upkeep\n|turn|9\n|inactive|Time left: 300 sec this turn | 300 sec total\n|\n|t:|1783546113\n|move|p1a: Noctowl|Hurricane|p2a: Giratina|[miss]\n|-miss|p1a: Noctowl|p2a: Giratina\n|move|p2a: Giratina|Dragon Tail|p1a: Noctowl\n|-damage|p1a: Noctowl|81/100\n|drag|p1a: Lokix|Lokix, L82, F|100/100\n|\n|upkeep\n|turn|10\n|inactive|Time left: 300 sec this turn | 300 sec total\n|\n|t:|1783546114\n|move|p1a: Lokix|Knock Off|p2a: Giratina\n|-supereffective|p2a: Giratina\n|-crit|p2a: Giratina\n|-damage|p2a: Giratina|0 fnt\n|-enditem|p2a: Giratina|Leftovers|[from] move: Knock Off|[of] p1a: Lokix\n|faint|p2a: Giratina\n|-damage|p1a: Lokix|91/100|[from] item: Life Orb\n|\n|upkeep\n|inactive|Time left: 300 sec this turn | 300 sec total | 5 sec grace\n|\n|t:|1783546115\n|switch|p2a: Emboar|Emboar, L84, M|322/322\n|turn|11\n|inactive|Time left: 300 sec this turn | 300 sec total\n|\n|t:|1783546116\n|move|p1a: Lokix|Sucker Punch|p2a: Emboar\n|-resisted|p2a: Emboar\n|-damage|p2a: Emboar|213/322\n|-damage|p1a: Lokix|81/100|[from] item: Life Orb\n|move|p2a: Emboar|Flare Blitz|p1a: Lokix\n|-supereffective|p1a: Lokix\n|-damage|p1a: Lokix|0 fnt\n|faint|p1a: Lokix\n|-damage|p2a: Emboar|147/322|[from] Recoil\n|\n|upkeep\n|\n|t:|1783546117\n|switch|p1a: Banette|Banette, L93, F|100/100\n|turn|12\n|inactive|Time left: 300 sec this turn | 300 sec total\n|\n|t:|1783546118\n|move|p1a: Banette|Shadow Sneak|p2a: Emboar\n|-damage|p2a: Emboar|56/322\n|-damage|p1a: Banette|90/100|[from] item: Life Orb\n|move|p2a: Emboar|Flare Blitz|p1a: Banette\n|-damage|p1a: Banette|10/100\n|-damage|p2a: Emboar|0 fnt|[from] Recoil\n|faint|p2a: Emboar\n|\n|upkeep\n|inactive|Time left: 300 sec this turn | 300 sec total | 5 sec grace\n|\n|t:|1783546119\n|switch|p2a: Orthworm|Orthworm, L88, M|266/266\n|turn|13\n|inactive|Time left: 300 sec this turn | 300 sec total\n|\n|t:|1783546120\n|move|p1a: Banette|Poltergeist|p2a: Orthworm\n|-activate|p2a: Orthworm|move: Poltergeist|Chesto Berry\n|-crit|p2a: Orthworm\n|-damage|p2a: Orthworm|70/266\n|-damage|p1a: Banette|0 fnt|[from] item: Life Orb\n|faint|p1a: Banette\n|move|p2a: Orthworm|Coil|p2a: Orthworm\n|-boost|p2a: Orthworm|atk|1\n|-boost|p2a: Orthworm|def|1\n|-boost|p2a: Orthworm|accuracy|1\n|\n|upkeep\n|\n|t:|1783546121\n|switch|p1a: Noctowl|Noctowl, L95, F|81/100\n|turn|14\n|inactive|Time left: 300 sec this turn | 300 sec total\n|\n|t:|1783546122\n|switch|p2a: Volbeat|Volbeat, L90, M|263/263\n|move|p1a: Noctowl|Hyper Voice|p2a: Volbeat\n|-damage|p2a: Volbeat|149/263\n|\n|upkeep\n|turn|15\n|inactive|Time left: 300 sec this turn | 300 sec total\n|\n|t:|1783546123\n|move|p2a: Volbeat|Thunder Wave|p1a: Noctowl\n|-status|p1a: Noctowl|par\n|move|p1a: Noctowl|Hurricane|p2a: Volbeat\n|-supereffective|p2a: Volbeat\n|-damage|p2a: Volbeat|0 fnt\n|faint|p2a: Volbeat\n|\n|upkeep\n|inactive|Time left: 300 sec this turn | 300 sec total | 5 sec grace\n|\n|t:|1783546123\n|switch|p2a: Orthworm|Orthworm, L88, M|70/266\n|turn|16\n|inactive|Time left: 300 sec this turn | 300 sec total\n|\n|t:|1783546124\n|move|p2a: Orthworm|Rest|p2a: Orthworm\n|-status|p2a: Orthworm|slp|[from] move: Rest\n|-heal|p2a: Orthworm|266/266 slp|[silent]\n|-enditem|p2a: Orthworm|Chesto Berry|[eat]\n|-curestatus|p2a: Orthworm|slp|[msg]\n|move|p1a: Noctowl|Hyper Voice|p2a: Orthworm\n|-resisted|p2a: Orthworm\n|-damage|p2a: Orthworm|116/266\n|\n|upkeep\n|turn|17\n|inactive|Time left: 300 sec this turn | 300 sec total\n|\n|t:|1783546125\n|move|p2a: Orthworm|Rest|p2a: Orthworm\n|-status|p2a: Orthworm|slp|[from] move: Rest\n|-heal|p2a: Orthworm|266/266 slp|[silent]\n|move|p1a: Noctowl|Hyper Voice|p2a: Orthworm\n|-resisted|p2a: Orthworm\n|-damage|p2a: Orthworm|118/266 slp\n|\n|upkeep\n|turn|18\n|inactive|Time left: 300 sec this turn | 300 sec total\n|\n|t:|1783546126\n|cant|p2a: Orthworm|slp\n|move|p1a: Noctowl|Hyper Voice|p2a: Orthworm\n|-resisted|p2a: Orthworm\n|-damage|p2a: Orthworm|0 fnt\n|faint|p2a: Orthworm\n|\n|win|p0x6048b22", "uploadtime": 1783546126, "views": 0, "rating": 0, "private": 0, "password": null, "_winner": "p0x6048b22", "_our_name": "p0y604527f"}