{"id": "battle-gen9randombattle-2743", "formatid": "gen9randombattle", "format": "[Gen 9] Random Battle", "players": ["p0x27434387", "p0y2743fd1d"], "log": "|init|battle\n|title|p0x27434387 vs. p0y2743fd1d\n|j|\u2606p0x27434387\n|j|\u2606p0y2743fd1d\n|t:|1783570610\n|gametype|singles\n|player|p1|p0x27434387|170|\n|player|p2|p0y2743fd1d|266|\n|gen|9\n|tier|[Gen 9] Random Battle\n|rule|Species Clause: Limit one of each Pok\u00e9mon\n|rule|HP Percentage Mod: HP is shown in percentages\n|rule|Sleep Clause Mod: Limit one foe put to sleep\n|rule|Illusion Level Mod: Illusion disguises the Pok\u00e9mon's true level\n|\n|t:|1783570610\n|teamsize|p1|6\n|teamsize|p2|6\n|start\n|switch|p1a: Toxicroak|Toxicroak, L84, F|277/277\n|switch|p2a: Houndstone|Houndstone, L86, F|100/100\n|turn|1\n|inactive|Battle timer is ON: inactive players will automatically lose when time's up. (requested by p0x27434387)\n|inactive|p0y2743fd1d also wants the timer to be on.\n|\n|t:|1783570612\n|move|p1a: Toxicroak|Gunk Shot|p2a: Houndstone\n|-resisted|p2a: Houndstone\n|-damage|p2a: Houndstone|66/100\n|-status|p2a: Houndstone|psn\n|move|p2a: Houndstone|Poltergeist|p1a: Toxicroak\n|-activate|p1a: Toxicroak|move: Poltergeist|Choice Band\n|-damage|p1a: Toxicroak|117/277\n|\n|-damage|p2a: Houndstone|54/100 psn|[from] psn\n|upkeep\n|turn|2\n|inactive|Time left: 300 sec this turn | 300 sec total\n|\n|t:|1783570613\n|move|p1a: Toxicroak|Gunk Shot|p2a: Houndstone|[miss]\n|-miss|p1a: Toxicroak|p2a: Houndstone\n|move|p2a: Houndstone|Poltergeist|p1a: Toxicroak\n|-activate|p1a: Toxicroak|move: Poltergeist|Choice Band\n|-damage|p1a: Toxicroak|0 fnt\n|faint|p1a: Toxicroak\n|\n|-damage|p2a: Houndstone|41/100 psn|[from] psn\n|upkeep\n|inactive|Time left: 300 sec this turn | 300 sec total | 5 sec grace\n|\n|t:|1783570614\n|switch|p1a: Abomasnow|Abomasnow, L84, F|287/287\n|-weather|Snowscape|[from] ability: Snow Warning|[of] p1a: Abomasnow\n|turn|3\n|inactive|Time left: 300 sec this turn | 300 sec total\n|\n|t:|1783570615\n|switch|p2a: Eiscue|Eiscue, L88, M|100/100\n|move|p1a: Abomasnow|Aurora Veil|p1a: Abomasnow\n|-sidestart|p1: p0x27434387|move: Aurora Veil\n|\n|-weather|Snowscape|[upkeep]\n|upkeep\n|turn|4\n|inactive|Time left: 300 sec this turn | 300 sec total\n|\n|t:|1783570616\n|move|p1a: Abomasnow|Ice Shard|p2a: Eiscue\n|-activate|p2a: Eiscue|ability: Ice Face\n|-damage|p2a: Eiscue|100/100\n|detailschange|p2a: Eiscue|Eiscue-Noice, L88, M\n|move|p2a: Eiscue|Belly Drum|p2a: Eiscue\n|-damage|p2a: Eiscue|50/100\n|-setboost|p2a: Eiscue|atk|6|[from] move: Belly Drum\n|-enditem|p2a: Eiscue|Sitrus Berry|[eat]\n|-heal|p2a: Eiscue|75/100|[from] item: Sitrus Berry\n|\n|-weather|Snowscape|[upkeep]\n|upkeep\n|turn|5\n|inactive|Time left: 300 sec this turn | 300 sec total\n|\n|t:|1783570617\n|switch|p1a: Kingambit|Kingambit, L74, M|270/270\n|-activate|p1a: Kingambit|ability: Supreme Overlord\n|-start|p1a: Kingambit|fallen1|[silent]\n|move|p2a: Eiscue|Ice Spinner|p1a: Kingambit\n|-resisted|p1a: Kingambit\n|-damage|p1a: Kingambit|205/270\n|\n|-weather|Snowscape|[upkeep]\n|-heal|p1a: Kingambit|221/270|[from] item: Leftovers\n|upkeep\n|turn|6\n|inactive|Time left: 300 sec this turn | 300 sec total\n|\n|t:|1783570618\n|move|p2a: Eiscue|Ice Spinner|p1a: Kingambit\n|-resisted|p1a: Kingambit\n|-damage|p1a: Kingambit|147/270\n|move|p1a: Kingambit|Iron Head|p2a: Eiscue\n|-supereffective|p2a: Eiscue\n|-damage|p2a: Eiscue|25/100\n|\n|-weather|Snowscape|[upkeep]\n|-heal|p1a: Kingambit|163/270|[from] item: Leftovers\n|upkeep\n|turn|7\n|inactive|Time left: 300 sec this turn | 300 sec total\n|\n|t:|1783570619\n|move|p2a: Eiscue|Ice Spinner|p1a: Kingambit\n|-resisted|p1a: Kingambit\n|-damage|p1a: Kingambit|89/270\n|move|p1a: Kingambit|Kowtow Cleave|p2a: Eiscue\n|-damage|p2a: Eiscue|0 fnt\n|faint|p2a: Eiscue\n|\n|-weather|none\n|-heal|p1a: Kingambit|105/270|[from] item: Leftovers\n|upkeep\n|\n|t:|1783570620\n|switch|p2a: Scream Tail|Scream Tail, L84|100/100\n|turn|8\n|inactive|Time left: 300 sec this turn | 300 sec total\n|\n|t:|1783570621\n|move|p2a: Scream Tail|Thunder Wave|p1a: Kingambit\n|-status|p1a: Kingambit|par\n|move|p1a: Kingambit|Swords Dance|p1a: Kingambit\n|-boost|p1a: Kingambit|atk|2\n|\n|-heal|p1a: Kingambit|121/270 par|[from] item: Leftovers\n|upkeep\n|turn|9\n|inactive|Time left: 300 sec this turn | 300 sec total\n|\n|t:|1783570622\n|move|p2a: Scream Tail|Protect|p2a: Scream Tail\n|-singleturn|p2a: Scream Tail|Protect\n|move|p1a: Kingambit|Iron Head|p2a: Scream Tail\n|-activate|p2a: Scream Tail|move: Protect\n|\n|-heal|p1a: Kingambit|137/270 par|[from] item: Leftovers\n|upkeep\n|turn|10\n|inactive|Time left: 300 sec this turn | 300 sec total\n|\n|t:|1783570623\n|move|p2a: Scream Tail|Dazzling Gleam|p1a: Kingambit\n|-damage|p1a: Kingambit|101/270 par\n|move|p1a: Kingambit|Iron Head|p2a: Scream Tail\n|-supereffective|p2a: Scream Tail\n|-damage|p2a: Scream Tail|0 fnt\n|faint|p2a: Scream Tail\n|-end|p2a: Scream Tail|Protosynthesis|[silent]\n|\n|-heal|p1a: Kingambit|117/270 par|[from] item: Leftovers\n|-sideend|p1: p0x27434387|move: Aurora Veil\n|upkeep\n|\n|t:|1783570624\n|switch|p2a: Raichu|Raichu-Alola, L87, F|100/100\n|turn|11\n|inactive|Time left: 300 sec this turn | 300 sec total\n|\n|t:|1783570625\n|cant|p1a: Kingambit|par\n|move|p2a: Raichu|Nasty Plot|p2a: Raichu\n|-boost|p2a: Raichu|spa|2\n|\n|-heal|p1a: Kingambit|133/270 par|[from] item: Leftovers\n|upkeep\n|turn|12\n|inactive|Time left: 300 sec this turn | 300 sec total\n|\n|t:|1783570626\n|-terastallize|p2a: Raichu|Fairy\n|move|p1a: Kingambit|Sucker Punch|p2a: Raichu\n|-resisted|p2a: Raichu\n|-damage|p2a: Raichu|50/100\n|move|p2a: Raichu|Thunderbolt|p1a: Kingambit\n|-damage|p1a: Kingambit|0 fnt\n|faint|p1a: Kingambit\n|-end|p1a: Kingambit|fallen1|[silent]\n|-damage|p2a: Raichu|41/100|[from] item: Life Orb\n|\n|upkeep\n|inactive|Time left: 300 sec this turn | 300 sec total | 5 sec grace\n|\n|t:|1783570627\n|switch|p1a: Grumpig|Grumpig, L92, F|297/297\n|turn|13\n|inactive|Time left: 300 sec this turn | 300 sec total\n|\n|t:|1783570628\n|move|p1a: Grumpig|Psychic|p2a: Raichu\n|-damage|p2a: Raichu|0 fnt\n|faint|p2a: Raichu\n|\n|upkeep\n|\n|t:|1783570629\n|switch|p2a: Houndstone|Houndstone, L86, F|41/100 psn\n|turn|14\n|inactive|Time left: 300 sec this turn | 300 sec total\n|\n|t:|1783570630\n|switch|p1a: Abomasnow|Abomasnow, L84, F|287/287\n|-weather|Snowscape|[from] ability: Snow Warning|[of] p1a: Abomasnow\n|move|p2a: Houndstone|Poltergeist|p1a: Abomasnow\n|-activate|p1a: Abomasnow|move: Poltergeist|Light Clay\n|-damage|p1a: Abomasnow|200/287\n|\n|-weather|Snowscape|[upkeep]\n|-damage|p2a: Houndstone|29/100 psn|[from] psn\n|upkeep\n|turn|15\n|inactive|Time left: 300 sec this turn | 300 sec total\n|\n|t:|1783570631\n|move|p2a: Houndstone|Poltergeist|p1a: Abomasnow\n|-activate|p1a: Abomasnow|move: Poltergeist|Light Clay\n|-damage|p1a: Abomasnow|103/287\n|move|p1a: Abomasnow|Aurora Veil|p1a: Abomasnow\n|-sidestart|p1: p0x27434387|move: Aurora Veil\n|\n|-weather|Snowscape|[upkeep]\n|-damage|p2a: Houndstone|16/100 psn|[from] psn\n|upkeep\n|turn|16\n|inactive|Time left: 300 sec this turn | 300 sec total\n|\n|t:|1783570632\n|switch|p2a: Luvdisc|Luvdisc, F|100/100\n|switch|p1a: Oricorio|Oricorio, L84, M|263/263\n|\n|-weather|Snowscape|[upkeep]\n|upkeep\n|turn|17\n|inactive|Time left: 300 sec this turn | 300 sec total\n|\n|t:|1783570633\n|move|p2a: Luvdisc|Surf|p1a: Oricorio\n|-supereffective|p1a: Oricorio\n|-damage|p1a: Oricorio|176/263\n|move|p1a: Oricorio|Quiver Dance|p1a: Oricorio\n|-boost|p1a: Oricorio|spa|1\n|-boost|p1a: Oricorio|spd|1\n|-boost|p1a: Oricorio|spe|1\n|\n|-weather|Snowscape|[upkeep]\n|upkeep\n|turn|18\n|inactive|Time left: 300 sec this turn | 300 sec total\n|\n|t:|1783570634\n|move|p1a: Oricorio|Quiver Dance|p1a: Oricorio\n|-boost|p1a: Oricorio|spa|1\n|-boost|p1a: Oricorio|spd|1\n|-boost|p1a: Oricorio|spe|1\n|move|p2a: Luvdisc|Substitute|p2a: Luvdisc\n|-start|p2a: Luvdisc|Substitute\n|-damage|p2a: Luvdisc|76/100\n|\n|-weather|none\n|upkeep\n|turn|19\n|inactive|Time left: 300 sec this turn | 300 sec total\n|\n|t:|1783570635\n|move|p1a: Oricorio|Revelation Dance|p2a: Luvdisc\n|-resisted|p2a: Luvdisc\n|-end|p2a: Luvdisc|Substitute\n|move|p2a: Luvdisc|Substitute|p2a: Luvdisc\n|-start|p2a: Luvdisc|Substitute\n|-damage|p2a: Luvdisc|51/100\n|\n|upkeep\n|turn|20\n|inactive|Time left: 300 sec this turn | 300 sec total\n|\n|t:|1783570636\n|move|p1a: Oricorio|Hurricane|p2a: Luvdisc\n|-end|p2a: Luvdisc|Substitute\n|move|p2a: Luvdisc|Substitute|p2a: Luvdisc\n|-start|p2a: Luvdisc|Substitute\n|-damage|p2a: Luvdisc|26/100\n|\n|upkeep\n|turn|21\n|inactive|Time left: 300 sec this turn | 300 sec total\n|\n|t:|1783570637\n|move|p1a: Oricorio|Quiver Dance|p1a: Oricorio\n|-boost|p1a: Oricorio|spa|1\n|-boost|p1a: Oricorio|spd|1\n|-boost|p1a: Oricorio|spe|1\n|move|p2a: Luvdisc|Endeavor|p1a: Oricorio\n|-damage|p1a: Oricorio|64/263\n|\n|upkeep\n|turn|22\n|inactive|Time left: 300 sec this turn | 300 sec total\n|\n|t:|1783570638\n|move|p1a: Oricorio|Roost|p1a: Oricorio\n|-heal|p1a: Oricorio|196/263\n|-singleturn|p1a: Oricorio|move: Roost\n|move|p2a: Luvdisc|Whirlpool|p1a: Oricorio|[miss]\n|-miss|p2a: Luvdisc|p1a: Oricorio\n|\n|-sideend|p1: p0x27434387|move: Aurora Veil\n|upkeep\n|turn|23\n|inactive|Time left: 300 sec this turn | 300 sec total\n|\n|t:|1783570639\n|move|p1a: Oricorio|Revelation Dance|p2a: Luvdisc\n|-resisted|p2a: Luvdisc\n|-end|p2a: Luvdisc|Substitute\n|move|p2a: Luvdisc|Endeavor|p1a: Oricorio\n|-damage|p1a: Oricorio|64/263\n|\n|upkeep\n|turn|24\n|inactive|Time left: 300 sec this turn | 300 sec total\n|\n|t:|1783570640\n|move|p1a: Oricorio|Roost|p1a: Oricorio\n|-heal|p1a: Oricorio|196/263\n|-singleturn|p1a: Oricorio|move: Roost\n|move|p2a: Luvdisc|Substitute|p2a: Luvdisc\n|-start|p2a: Luvdisc|Substitute\n|-damage|p2a: Luvdisc|2/100\n|\n|upkeep\n|turn|25\n|inactive|Time left: 300 sec this turn | 300 sec total\n|\n|t:|1783570641\n|move|p1a: Oricorio|Revelation Dance|p2a: Luvdisc\n|-resisted|p2a: Luvdisc\n|-end|p2a: Luvdisc|Substitute\n|move|p2a: Luvdisc|Endeavor|p1a: Oricorio\n|-damage|p1a: Oricorio|3/263\n|\n|upkeep\n|turn|26\n|inactive|Time left: 300 sec this turn | 300 sec total\n|\n|t:|1783570642\n|move|p1a: Oricorio|Roost|p1a: Oricorio\n|-heal|p1a: Oricorio|135/263\n|-singleturn|p1a: Oricorio|move: Roost\n|move|p2a: Luvdisc|Whirlpool|p1a: Oricorio\n|-supereffective|p1a: Oricorio\n|-damage|p1a: Oricorio|109/263\n|-activate|p1a: Oricorio|move: Whirlpool|[of] p2a: Luvdisc\n|\n|-damage|p1a: Oricorio|77/263|[from] move: Whirlpool|[partiallytrapped]\n|upkeep\n|turn|27\n|inactive|Time left: 300 sec this turn | 300 sec total\n|\n|t:|1783570643\n|move|p1a: Oricorio|Revelation Dance|p2a: Luvdisc\n|-resisted|p2a: Luvdisc\n|-damage|p2a: Luvdisc|0 fnt\n|faint|p2a: Luvdisc\n|\n|-end|p1a: Oricorio|Whirlpool|[partiallytrapped]|[silent]\n|upkeep\n|\n|t:|1783570644\n|switch|p2a: Houndstone|Houndstone, L86, F|16/100 psn\n|turn|28\n|inactive|Time left: 300 sec this turn | 300 sec total\n|\n|t:|1783570645\n|-terastallize|p1a: Oricorio|Ground\n|move|p2a: Houndstone|Shadow Sneak|p1a: Oricorio\n|-damage|p1a: Oricorio|22/263\n|move|p1a: Oricorio|Revelation Dance|p2a: Houndstone\n|-damage|p2a: Houndstone|0 fnt\n|faint|p2a: Houndstone\n|\n|upkeep\n|\n|t:|1783570645\n|switch|p2a: Regieleki|Regieleki, L79|100/100\n|turn|29\n|inactive|Time left: 300 sec this turn | 300 sec total\n|\n|t:|1783570646\n|move|p1a: Oricorio|Revelation Dance|p2a: Regieleki\n|-supereffective|p2a: Regieleki\n|-damage|p2a: Regieleki|0 fnt\n|faint|p2a: Regieleki\n|\n|win|p0x27434387", "uploadtime": 1783570646, "views": 0, "rating": 0, "private": 0, "password": null, "_winner": "p0x27434387", "_our_name": "p0x27434387"}