{"id": "battle-gen9randombattle-226", "formatid": "gen9randombattle", "format": "[Gen 9] Random Battle", "players": ["p0x2267d41", "p0y226d9b4"], "log": "|init|battle\n|title|p0x2267d41 vs. p0y226d9b4\n|j|\u2606p0x2267d41\n|j|\u2606p0y226d9b4\n|t:|1783536405\n|gametype|singles\n|player|p1|p0x2267d41|170|\n|player|p2|p0y226d9b4|1|\n|gen|9\n|tier|[Gen 9] Random Battle\n|rule|Species Clause: Limit one of each Pok\u00e9mon\n|rule|HP Percentage Mod: HP is shown in percentages\n|rule|Sleep Clause Mod: Limit one foe put to sleep\n|rule|Illusion Level Mod: Illusion disguises the Pok\u00e9mon's true level\n|\n|t:|1783536405\n|teamsize|p1|6\n|teamsize|p2|6\n|start\n|switch|p1a: Cinccino|Cinccino, L83, M|260/260\n|switch|p2a: Deoxys|Deoxys, L74|100/100\n|-ability|p2a: Deoxys|Pressure\n|turn|1\n|inactive|Battle timer is ON: inactive players will automatically lose when time's up. (requested by p0y226d9b4)\n|inactive|Time left: 300 sec this turn | 300 sec total | 60 sec grace\n|inactive|p0x2267d41 also wants the timer to be on.\n|\n|t:|1783536406\n|switch|p1a: Qwilfish|Qwilfish-Hisui, L83, M|244/244\n|-ability|p1a: Qwilfish|Intimidate|boost\n|-unboost|p2a: Deoxys|atk|1\n|move|p2a: Deoxys|Psycho Boost|p1a: Qwilfish\n|-immune|p1a: Qwilfish\n|\n|upkeep\n|turn|2\n|inactive|Time left: 300 sec this turn | 300 sec total\n|\n|t:|1783536408\n|switch|p2a: Sandslash|Sandslash-Alola, L88, M|100/100\n|move|p1a: Qwilfish|Gunk Shot|p2a: Sandslash\n|-immune|p2a: Sandslash\n|\n|upkeep\n|turn|3\n|inactive|Time left: 300 sec this turn | 300 sec total\n|\n|t:|1783536409\n|move|p1a: Qwilfish|Spikes|p2a: Sandslash\n|-sidestart|p2: p0y226d9b4|Spikes\n|move|p2a: Sandslash|Triple Axel|p1a: Qwilfish\n|-damage|p1a: Qwilfish|228/244\n|-crit|p1a: Qwilfish\n|-damage|p1a: Qwilfish|177/244\n|-damage|p1a: Qwilfish|126/244\n|-hitcount|p1a: Qwilfish|3\n|\n|upkeep\n|turn|4\n|inactive|Time left: 300 sec this turn | 300 sec total\n|\n|t:|1783536410\n|move|p1a: Qwilfish|Crunch|p2a: Sandslash\n|-damage|p2a: Sandslash|76/100\n|move|p2a: Sandslash|Rapid Spin|p1a: Qwilfish\n|-damage|p1a: Qwilfish|98/244\n|-boost|p2a: Sandslash|spe|1\n|-sideend|p2: p0y226d9b4|Spikes|[from] move: Rapid Spin|[of] p2a: Sandslash\n|\n|-heal|p2a: Sandslash|82/100|[from] item: Leftovers\n|upkeep\n|turn|5\n|inactive|Time left: 300 sec this turn | 300 sec total\n|\n|t:|1783536411\n|switch|p1a: Mamoswine|Mamoswine, L81, F|311/311\n|move|p2a: Sandslash|Triple Axel|p1a: Mamoswine\n|-damage|p1a: Mamoswine|298/311\n|-damage|p1a: Mamoswine|271/311\n|-damage|p1a: Mamoswine|232/311\n|-hitcount|p1a: Mamoswine|3\n|\n|-heal|p2a: Sandslash|88/100|[from] item: Leftovers\n|upkeep\n|turn|6\n|inactive|Time left: 300 sec this turn | 300 sec total\n|\n|t:|1783536412\n|move|p2a: Sandslash|Iron Head|p1a: Mamoswine\n|-supereffective|p1a: Mamoswine\n|-damage|p1a: Mamoswine|26/311\n|move|p1a: Mamoswine|Earthquake|p2a: Sandslash\n|-supereffective|p2a: Sandslash\n|-damage|p2a: Sandslash|0 fnt\n|faint|p2a: Sandslash\n|-damage|p1a: Mamoswine|0 fnt|[from] item: Life Orb\n|faint|p1a: Mamoswine\n|\n|upkeep\n|inactive|Time left: 300 sec this turn | 300 sec total | 5 sec grace\n|\n|t:|1783536413\n|switch|p1a: Pikachu|Pikachu, L93, F|216/216\n|switch|p2a: Magmortar|Magmortar, L88, M|100/100\n|turn|7\n|inactive|Time left: 300 sec this turn | 300 sec total\n|\n|t:|1783536414\n|move|p1a: Pikachu|Fake Out|p2a: Magmortar\n|-damage|p2a: Magmortar|79/100\n|cant|p2a: Magmortar|flinch\n|\n|upkeep\n|turn|8\n|inactive|Time left: 300 sec this turn | 300 sec total\n|\n|t:|1783536415\n|switch|p2a: Meganium|Meganium, L90, M|100/100\n|move|p1a: Pikachu|Volt Tackle|p2a: Meganium\n|-resisted|p2a: Meganium\n|-damage|p2a: Meganium|72/100\n|-damage|p1a: Pikachu|189/216|[from] Recoil\n|\n|-heal|p2a: Meganium|78/100|[from] item: Leftovers\n|upkeep\n|turn|9\n|inactive|Time left: 300 sec this turn | 300 sec total\n|\n|t:|1783536416\n|switch|p1a: Goodra|Goodra, L85, F|292/292\n|move|p2a: Meganium|Swords Dance|p2a: Meganium\n|-boost|p2a: Meganium|atk|2\n|\n|-heal|p2a: Meganium|84/100|[from] item: Leftovers\n|upkeep\n|turn|10\n|inactive|Time left: 300 sec this turn | 300 sec total\n|\n|t:|1783536417\n|move|p2a: Meganium|Knock Off|p1a: Goodra\n|-damage|p1a: Goodra|122/292\n|-enditem|p1a: Goodra|Assault Vest|[from] move: Knock Off|[of] p2a: Meganium\n|move|p1a: Goodra|Sludge Bomb|p2a: Meganium\n|-supereffective|p2a: Meganium\n|-damage|p2a: Meganium|39/100\n|\n|-heal|p2a: Meganium|46/100|[from] item: Leftovers\n|upkeep\n|turn|11\n|inactive|Time left: 300 sec this turn | 300 sec total\n|\n|t:|1783536419\n|move|p2a: Meganium|Earthquake|p1a: Goodra\n|-damage|p1a: Goodra|0 fnt\n|faint|p1a: Goodra\n|\n|-heal|p2a: Meganium|52/100|[from] item: Leftovers\n|upkeep\n|inactive|Time left: 300 sec this turn | 300 sec total | 5 sec grace\n|\n|t:|1783536420\n|switch|p1a: Cinccino|Cinccino, L83, M|260/260\n|turn|12\n|inactive|Time left: 300 sec this turn | 300 sec total\n|\n|t:|1783536420\n|move|p1a: Cinccino|Triple Axel|p2a: Meganium\n|-supereffective|p2a: Meganium\n|-damage|p2a: Meganium|40/100\n|-supereffective|p2a: Meganium\n|-damage|p2a: Meganium|15/100\n|-supereffective|p2a: Meganium\n|-damage|p2a: Meganium|0 fnt\n|faint|p2a: Meganium\n|-hitcount|p2: Meganium|3\n|\n|upkeep\n|\n|t:|1783536421\n|switch|p2a: Tinkaton|Tinkaton, L82, F|100/100\n|-ability|p2a: Tinkaton|Mold Breaker\n|turn|13\n|inactive|Time left: 300 sec this turn | 300 sec total\n|\n|t:|1783536422\n|move|p1a: Cinccino|Tidy Up|p1a: Cinccino\n|-boost|p1a: Cinccino|atk|1\n|-boost|p1a: Cinccino|spe|1\n|move|p2a: Tinkaton|Swords Dance|p2a: Tinkaton\n|-boost|p2a: Tinkaton|atk|2\n|\n|upkeep\n|turn|14\n|inactive|Time left: 300 sec this turn | 300 sec total\n|\n|t:|1783536424\n|switch|p1a: Qwilfish|Qwilfish-Hisui, L83, M|98/244\n|-ability|p1a: Qwilfish|Intimidate|boost\n|-unboost|p2a: Tinkaton|atk|1\n|move|p2a: Tinkaton|Gigaton Hammer|p1a: Qwilfish\n|-damage|p1a: Qwilfish|0 fnt\n|faint|p1a: Qwilfish\n|\n|upkeep\n|inactive|Time left: 300 sec this turn | 300 sec total | 5 sec grace\n|\n|t:|1783536424\n|switch|p1a: Pikachu|Pikachu, L93, F|189/216\n|turn|15\n|inactive|Time left: 300 sec this turn | 300 sec total\n|\n|t:|1783536426\n|move|p1a: Pikachu|Volt Tackle|p2a: Tinkaton\n|-damage|p2a: Tinkaton|11/100\n|-damage|p1a: Pikachu|108/216|[from] Recoil\n|move|p2a: Tinkaton|Play Rough|p1a: Pikachu\n|-damage|p1a: Pikachu|0 fnt\n|faint|p1a: Pikachu\n|\n|-heal|p2a: Tinkaton|18/100|[from] item: Leftovers\n|upkeep\n|inactive|Time left: 300 sec this turn | 300 sec total | 5 sec grace\n|\n|t:|1783536427\n|switch|p1a: Cinccino|Cinccino, L83, M|260/260\n|turn|16\n|inactive|Time left: 300 sec this turn | 300 sec total\n|\n|t:|1783536428\n|move|p1a: Cinccino|Bullet Seed|p2a: Tinkaton\n|-resisted|p2a: Tinkaton\n|-damage|p2a: Tinkaton|12/100\n|-resisted|p2a: Tinkaton\n|-damage|p2a: Tinkaton|7/100\n|-resisted|p2a: Tinkaton\n|-damage|p2a: Tinkaton|2/100\n|-resisted|p2a: Tinkaton\n|-damage|p2a: Tinkaton|0 fnt\n|faint|p2a: Tinkaton\n|-hitcount|p2: Tinkaton|4\n|\n|upkeep\n|\n|t:|1783536428\n|switch|p2a: Deoxys|Deoxys, L74|100/100\n|-ability|p2a: Deoxys|Pressure\n|turn|17\n|inactive|Time left: 300 sec this turn | 300 sec total\n|\n|t:|1783536429\n|move|p2a: Deoxys|Psycho Boost|p1a: Cinccino\n|-damage|p1a: Cinccino|0 fnt\n|-unboost|p2a: Deoxys|spa|2\n|faint|p1a: Cinccino\n|-damage|p2a: Deoxys|91/100|[from] item: Life Orb\n|\n|upkeep\n|inactive|Time left: 300 sec this turn | 300 sec total | 5 sec grace\n|\n|t:|1783536430\n|switch|p1a: Palafin|Palafin, L77, F|281/281\n|turn|18\n|inactive|Time left: 300 sec this turn | 300 sec total\n|\n|t:|1783536431\n|-terastallize|p2a: Deoxys|Fighting\n|move|p2a: Deoxys|Superpower|p1a: Palafin\n|-damage|p1a: Palafin|55/281\n|-unboost|p2a: Deoxys|atk|1\n|-unboost|p2a: Deoxys|def|1\n|-damage|p2a: Deoxys|81/100|[from] item: Life Orb\n|move|p1a: Palafin|Bulk Up|p1a: Palafin\n|-boost|p1a: Palafin|atk|1\n|-boost|p1a: Palafin|def|1\n|\n|-heal|p1a: Palafin|72/281|[from] item: Leftovers\n|upkeep\n|turn|19\n|inactive|Time left: 300 sec this turn | 300 sec total\n|\n|t:|1783536432\n|move|p1a: Palafin|Jet Punch|p2a: Deoxys\n|-damage|p2a: Deoxys|0 fnt\n|faint|p2a: Deoxys\n|\n|-heal|p1a: Palafin|89/281|[from] item: Leftovers\n|upkeep\n|\n|t:|1783536433\n|switch|p2a: Magmortar|Magmortar, L88, M|79/100\n|turn|20\n|inactive|Time left: 300 sec this turn | 300 sec total\n|\n|t:|1783536433\n|move|p1a: Palafin|Jet Punch|p2a: Magmortar\n|-supereffective|p2a: Magmortar\n|-damage|p2a: Magmortar|26/100\n|move|p2a: Magmortar|Thunderbolt|p1a: Palafin\n|-supereffective|p1a: Palafin\n|-damage|p1a: Palafin|0 fnt\n|faint|p1a: Palafin\n|\n|win|p0y226d9b4", "uploadtime": 1783536433, "views": 0, "rating": 0, "private": 0, "password": null, "_winner": "p0y226d9b4", "_our_name": "p0x2267d41"}