{"id": "battle-gen9randombattle-1756", "formatid": "gen9randombattle", "format": "[Gen 9] Random Battle", "players": ["p0x17566ec7", "p0y175635ff"], "log": "|init|battle\n|title|p0x17566ec7 vs. p0y175635ff\n|j|\u2606p0x17566ec7\n|j|\u2606p0y175635ff\n|t:|1783559597\n|gametype|singles\n|player|p1|p0x17566ec7|265|\n|player|p2|p0y175635ff|266|\n|gen|9\n|tier|[Gen 9] Random Battle\n|rule|Species Clause: Limit one of each Pok\u00e9mon\n|rule|HP Percentage Mod: HP is shown in percentages\n|rule|Sleep Clause Mod: Limit one foe put to sleep\n|rule|Illusion Level Mod: Illusion disguises the Pok\u00e9mon's true level\n|\n|t:|1783559597\n|teamsize|p1|6\n|teamsize|p2|6\n|start\n|switch|p1a: Wigglytuff|Wigglytuff, L96, F|424/424\n|switch|p2a: Magnezone|Magnezone, L85|100/100\n|turn|1\n|inactive|Battle timer is ON: inactive players will automatically lose when time's up. (requested by p0y175635ff)\n|inactive|Time left: 300 sec this turn | 300 sec total | 60 sec grace\n|inactive|p0x17566ec7 also wants the timer to be on.\n|\n|t:|1783559599\n|move|p2a: Magnezone|Flash Cannon|p1a: Wigglytuff\n|-supereffective|p1a: Wigglytuff\n|-damage|p1a: Wigglytuff|118/424\n|move|p1a: Wigglytuff|Knock Off|p2a: Magnezone\n|-damage|p2a: Magnezone|79/100\n|-enditem|p2a: Magnezone|Assault Vest|[from] move: Knock Off|[of] p1a: Wigglytuff\n|\n|-heal|p1a: Wigglytuff|144/424|[from] item: Leftovers\n|upkeep\n|turn|2\n|inactive|Time left: 300 sec this turn | 300 sec total\n|\n|t:|1783559600\n|move|p1a: Wigglytuff|Protect|p1a: Wigglytuff\n|-singleturn|p1a: Wigglytuff|Protect\n|move|p2a: Magnezone|Flash Cannon|p1a: Wigglytuff\n|-activate|p1a: Wigglytuff|move: Protect\n|\n|-heal|p1a: Wigglytuff|170/424|[from] item: Leftovers\n|upkeep\n|turn|3\n|inactive|Time left: 300 sec this turn | 300 sec total\n|\n|t:|1783559601\n|switch|p1a: Virizion|Virizion, L82|283/283\n|move|p2a: Magnezone|Flash Cannon|p1a: Virizion\n|-damage|p1a: Virizion|199/283\n|-unboost|p1a: Virizion|spd|1\n|\n|upkeep\n|turn|4\n|inactive|Time left: 300 sec this turn | 300 sec total\n|\n|t:|1783559602\n|move|p1a: Virizion|Close Combat|p2a: Magnezone\n|-supereffective|p2a: Magnezone\n|-damage|p2a: Magnezone|0 fnt\n|-unboost|p1a: Virizion|def|1\n|-unboost|p1a: Virizion|spd|1\n|faint|p2a: Magnezone\n|-damage|p1a: Virizion|171/283|[from] item: Life Orb\n|\n|upkeep\n|\n|t:|1783559603\n|switch|p2a: Ludicolo|Ludicolo, L90, F|100/100\n|turn|5\n|inactive|Time left: 300 sec this turn | 300 sec total\n|\n|t:|1783559604\n|switch|p1a: Greedent|Greedent, L86, M|347/347\n|move|p2a: Ludicolo|Ice Beam|p1a: Greedent\n|-damage|p1a: Greedent|238/347\n|\n|upkeep\n|turn|6\n|inactive|Time left: 300 sec this turn | 300 sec total\n|\n|t:|1783559605\n|move|p2a: Ludicolo|Ice Beam|p1a: Greedent\n|-damage|p1a: Greedent|132/347\n|-enditem|p1a: Greedent|Sitrus Berry|[eat]\n|-heal|p1a: Greedent|218/347|[from] item: Sitrus Berry\n|-heal|p1a: Greedent|333/347|[from] ability: Cheek Pouch\n|move|p1a: Greedent|Knock Off|p2a: Ludicolo\n|-damage|p2a: Ludicolo|75/100\n|-enditem|p2a: Ludicolo|Choice Specs|[from] move: Knock Off|[of] p1a: Greedent\n|\n|upkeep\n|turn|7\n|inactive|Time left: 300 sec this turn | 300 sec total\n|\n|t:|1783559606\n|move|p2a: Ludicolo|Giga Drain|p1a: Greedent\n|-damage|p1a: Greedent|231/347\n|-heal|p2a: Ludicolo|92/100|[from] drain|[of] p1a: Greedent\n|move|p1a: Greedent|Swords Dance|p1a: Greedent\n|-boost|p1a: Greedent|atk|2\n|\n|upkeep\n|turn|8\n|inactive|Time left: 300 sec this turn | 300 sec total\n|\n|t:|1783559607\n|move|p2a: Ludicolo|Giga Drain|p1a: Greedent\n|-damage|p1a: Greedent|138/347\n|-heal|p2a: Ludicolo|100/100|[from] drain|[of] p1a: Greedent\n|move|p1a: Greedent|Body Slam|p2a: Ludicolo\n|-damage|p2a: Ludicolo|27/100\n|-status|p2a: Ludicolo|par\n|\n|upkeep\n|turn|9\n|inactive|Time left: 300 sec this turn | 300 sec total\n|\n|t:|1783559608\n|move|p2a: Ludicolo|Leaf Storm|p1a: Greedent\n|-damage|p1a: Greedent|0 fnt\n|-unboost|p2a: Ludicolo|spa|2\n|faint|p1a: Greedent\n|\n|upkeep\n|inactive|Time left: 300 sec this turn | 300 sec total | 5 sec grace\n|\n|t:|1783559609\n|switch|p1a: Wigglytuff|Wigglytuff, L96, F|170/424\n|turn|10\n|inactive|Time left: 300 sec this turn | 300 sec total\n|\n|t:|1783559610\n|switch|p2a: Articuno|Articuno, L86|100/100\n|-ability|p2a: Articuno|Pressure\n|move|p1a: Wigglytuff|Wish|p1a: Wigglytuff\n|\n|-heal|p1a: Wigglytuff|196/424|[from] item: Leftovers\n|upkeep\n|turn|11\n|inactive|Time left: 300 sec this turn | 300 sec total\n|\n|t:|1783559611\n|move|p2a: Articuno|Brave Bird|p1a: Wigglytuff\n|-damage|p1a: Wigglytuff|28/424\n|-damage|p2a: Articuno|82/100|[from] Recoil\n|move|p1a: Wigglytuff|Alluring Voice|p2a: Articuno\n|-damage|p2a: Articuno|56/100\n|\n|-heal|p1a: Wigglytuff|240/424|[from] move: Wish|[wisher] Wigglytuff\n|-heal|p1a: Wigglytuff|266/424|[from] item: Leftovers\n|upkeep\n|turn|12\n|inactive|Time left: 300 sec this turn | 300 sec total\n|\n|t:|1783559612\n|move|p2a: Articuno|Roost|p2a: Articuno\n|-heal|p2a: Articuno|100/100\n|-singleturn|p2a: Articuno|move: Roost\n|move|p1a: Wigglytuff|Knock Off|p2a: Articuno\n|-damage|p2a: Articuno|80/100\n|-enditem|p2a: Articuno|Heavy-Duty Boots|[from] move: Knock Off|[of] p1a: Wigglytuff\n|\n|-heal|p1a: Wigglytuff|292/424|[from] item: Leftovers\n|upkeep\n|turn|13\n|inactive|Time left: 300 sec this turn | 300 sec total\n|\n|t:|1783559613\n|move|p2a: Articuno|Brave Bird|p1a: Wigglytuff\n|-damage|p1a: Wigglytuff|130/424\n|-damage|p2a: Articuno|62/100|[from] Recoil\n|move|p1a: Wigglytuff|Wish|p1a: Wigglytuff\n|\n|-heal|p1a: Wigglytuff|156/424|[from] item: Leftovers\n|upkeep\n|turn|14\n|inactive|Time left: 300 sec this turn | 300 sec total\n|\n|t:|1783559614\n|move|p1a: Wigglytuff|Protect|p1a: Wigglytuff\n|-singleturn|p1a: Wigglytuff|Protect\n|move|p2a: Articuno|Brave Bird|p1a: Wigglytuff\n|-activate|p1a: Wigglytuff|move: Protect\n|\n|-heal|p1a: Wigglytuff|368/424|[from] move: Wish|[wisher] Wigglytuff\n|-heal|p1a: Wigglytuff|394/424|[from] item: Leftovers\n|upkeep\n|turn|15\n|inactive|Time left: 300 sec this turn | 300 sec total\n|\n|t:|1783559615\n|move|p2a: Articuno|Roost|p2a: Articuno\n|-heal|p2a: Articuno|100/100\n|-singleturn|p2a: Articuno|move: Roost\n|move|p1a: Wigglytuff|Alluring Voice|p2a: Articuno\n|-damage|p2a: Articuno|76/100\n|\n|-heal|p1a: Wigglytuff|420/424|[from] item: Leftovers\n|upkeep\n|turn|16\n|inactive|Time left: 300 sec this turn | 300 sec total\n|\n|t:|1783559617\n|move|p2a: Articuno|Freeze-Dry|p1a: Wigglytuff\n|-damage|p1a: Wigglytuff|327/424\n|move|p1a: Wigglytuff|Alluring Voice|p2a: Articuno\n|-crit|p2a: Articuno\n|-damage|p2a: Articuno|39/100\n|\n|-heal|p1a: Wigglytuff|353/424|[from] item: Leftovers\n|upkeep\n|turn|17\n|inactive|Time left: 300 sec this turn | 300 sec total\n|\n|t:|1783559617\n|move|p2a: Articuno|Roost|p2a: Articuno\n|-heal|p2a: Articuno|90/100\n|-singleturn|p2a: Articuno|move: Roost\n|move|p1a: Wigglytuff|Alluring Voice|p2a: Articuno\n|-damage|p2a: Articuno|65/100\n|\n|-heal|p1a: Wigglytuff|379/424|[from] item: Leftovers\n|upkeep\n|turn|18\n|inactive|Time left: 300 sec this turn | 300 sec total\n|\n|t:|1783559618\n|move|p2a: Articuno|Roost|p2a: Articuno\n|-heal|p2a: Articuno|100/100\n|-singleturn|p2a: Articuno|move: Roost\n|move|p1a: Wigglytuff|Alluring Voice|p2a: Articuno\n|-damage|p2a: Articuno|75/100\n|\n|-heal|p1a: Wigglytuff|405/424|[from] item: Leftovers\n|upkeep\n|turn|19\n|inactive|Time left: 300 sec this turn | 300 sec total\n|\n|t:|1783559619\n|move|p2a: Articuno|Roost|p2a: Articuno\n|-heal|p2a: Articuno|100/100\n|-singleturn|p2a: Articuno|move: Roost\n|move|p1a: Wigglytuff|Alluring Voice|p2a: Articuno\n|-damage|p2a: Articuno|76/100\n|\n|-heal|p1a: Wigglytuff|424/424|[from] item: Leftovers\n|upkeep\n|turn|20\n|inactive|Time left: 300 sec this turn | 300 sec total\n|\n|t:|1783559620\n|move|p2a: Articuno|Freeze-Dry|p1a: Wigglytuff\n|-crit|p1a: Wigglytuff\n|-damage|p1a: Wigglytuff|276/424\n|move|p1a: Wigglytuff|Alluring Voice|p2a: Articuno\n|-damage|p2a: Articuno|50/100\n|\n|-heal|p1a: Wigglytuff|302/424|[from] item: Leftovers\n|upkeep\n|turn|21\n|inactive|Time left: 300 sec this turn | 300 sec total\n|\n|t:|1783559621\n|move|p2a: Articuno|Roost|p2a: Articuno\n|-heal|p2a: Articuno|100/100\n|-singleturn|p2a: Articuno|move: Roost\n|move|p1a: Wigglytuff|Wish|p1a: Wigglytuff\n|\n|-heal|p1a: Wigglytuff|328/424|[from] item: Leftovers\n|upkeep\n|turn|22\n|inactive|Time left: 300 sec this turn | 300 sec total\n|\n|t:|1783559622\n|move|p2a: Articuno|Substitute|p2a: Articuno\n|-start|p2a: Articuno|Substitute\n|-damage|p2a: Articuno|76/100\n|move|p1a: Wigglytuff|Alluring Voice|p2a: Articuno\n|-damage|p2a: Articuno|51/100\n|\n|-heal|p1a: Wigglytuff|424/424|[from] move: Wish|[wisher] Wigglytuff\n|upkeep\n|turn|23\n|inactive|Time left: 300 sec this turn | 300 sec total\n|\n|t:|1783559623\n|move|p2a: Articuno|Roost|p2a: Articuno\n|-heal|p2a: Articuno|100/100\n|-singleturn|p2a: Articuno|move: Roost\n|move|p1a: Wigglytuff|Wish|p1a: Wigglytuff\n|\n|upkeep\n|turn|24\n|inactive|Time left: 300 sec this turn | 300 sec total\n|\n|t:|1783559625\n|switch|p1a: Virizion|Virizion, L82|171/283\n|move|p2a: Articuno|Brave Bird|p1a: Virizion\n|-supereffective|p1a: Virizion\n|-damage|p1a: Virizion|0 fnt\n|faint|p1a: Virizion\n|-damage|p2a: Articuno|82/100|[from] Recoil\n|\n|upkeep\n|inactive|Time left: 300 sec this turn | 300 sec total | 5 sec grace\n|\n|t:|1783559625\n|switch|p1a: Iron Boulder|Iron Boulder, L77|265/265\n|turn|25\n|inactive|Time left: 300 sec this turn | 300 sec total\n|\n|t:|1783559627\n|move|p1a: Iron Boulder|Swords Dance|p1a: Iron Boulder\n|-boost|p1a: Iron Boulder|atk|2\n|move|p2a: Articuno|Freeze-Dry|p1a: Iron Boulder\n|-damage|p1a: Iron Boulder|190/265\n|\n|upkeep\n|turn|26\n|inactive|Time left: 300 sec this turn | 300 sec total\n|\n|t:|1783559628\n|move|p1a: Iron Boulder|Mighty Cleave|p2a: Articuno\n|-supereffective|p2a: Articuno\n|-end|p2a: Articuno|Substitute\n|-damage|p1a: Iron Boulder|164/265|[from] item: Life Orb\n|move|p2a: Articuno|Freeze-Dry|p1a: Iron Boulder\n|-damage|p1a: Iron Boulder|97/265\n|\n|upkeep\n|turn|27\n|inactive|Time left: 300 sec this turn | 300 sec total\n|\n|t:|1783559629\n|switch|p2a: Ludicolo|Ludicolo, L90, F|27/100 par\n|move|p1a: Iron Boulder|Mighty Cleave|p2a: Ludicolo\n|-damage|p2a: Ludicolo|0 fnt\n|faint|p2a: Ludicolo\n|-damage|p1a: Iron Boulder|71/265|[from] item: Life Orb\n|\n|upkeep\n|\n|t:|1783559630\n|switch|p2a: Articuno|Articuno, L86|82/100\n|-ability|p2a: Articuno|Pressure\n|turn|28\n|inactive|Time left: 300 sec this turn | 300 sec total\n|\n|t:|1783559631\n|move|p1a: Iron Boulder|Mighty Cleave|p2a: Articuno\n|-supereffective|p2a: Articuno\n|-damage|p2a: Articuno|0 fnt\n|faint|p2a: Articuno\n|-damage|p1a: Iron Boulder|45/265|[from] item: Life Orb\n|\n|upkeep\n|\n|t:|1783559632\n|switch|p2a: Feraligatr|Feraligatr, L79, F|100/100\n|turn|29\n|inactive|Time left: 300 sec this turn | 300 sec total\n|\n|t:|1783559633\n|move|p1a: Iron Boulder|Mighty Cleave|p2a: Feraligatr\n|-damage|p2a: Feraligatr|11/100\n|-damage|p1a: Iron Boulder|19/265|[from] item: Life Orb\n|move|p2a: Feraligatr|Ice Punch|p1a: Iron Boulder\n|-damage|p1a: Iron Boulder|0 fnt\n|faint|p1a: Iron Boulder\n|-end|p1a: Iron Boulder|Quark Drive|[silent]\n|\n|upkeep\n|inactive|Time left: 300 sec this turn | 300 sec total | 5 sec grace\n|\n|t:|1783559634\n|switch|p1a: Bruxish|Bruxish, L85, F|254/254\n|turn|30\n|inactive|Time left: 300 sec this turn | 300 sec total\n|\n|t:|1783559635\n|move|p1a: Bruxish|Crunch|p2a: Feraligatr\n|-damage|p2a: Feraligatr|0 fnt\n|faint|p2a: Feraligatr\n|-damage|p1a: Bruxish|229/254|[from] item: Life Orb\n|\n|upkeep\n|\n|t:|1783559636\n|switch|p2a: Lilligant|Lilligant-Hisui, L79, F|100/100\n|turn|31\n|inactive|Time left: 300 sec this turn | 300 sec total\n|\n|t:|1783559637\n|-terastallize|p1a: Bruxish|Dark\n|move|p2a: Lilligant|Sleep Powder|p1a: Bruxish\n|-status|p1a: Bruxish|slp|[from] move: Sleep Powder\n|cant|p1a: Bruxish|slp\n|\n|upkeep\n|turn|32\n|inactive|Time left: 300 sec this turn | 300 sec total\n|\n|t:|1783559638\n|move|p2a: Lilligant|Victory Dance|p2a: Lilligant\n|-boost|p2a: Lilligant|atk|1\n|-boost|p2a: Lilligant|def|1\n|-boost|p2a: Lilligant|spe|1\n|cant|p1a: Bruxish|slp\n|\n|upkeep\n|turn|33\n|inactive|Time left: 300 sec this turn | 300 sec total\n|\n|t:|1783559639\n|move|p2a: Lilligant|Leaf Blade|p1a: Bruxish\n|-damage|p1a: Bruxish|0 fnt\n|faint|p1a: Bruxish\n|-damage|p2a: Lilligant|90/100|[from] item: Life Orb\n|\n|upkeep\n|inactive|Time left: 300 sec this turn | 300 sec total | 5 sec grace\n|\n|t:|1783559640\n|switch|p1a: Arbok|Arbok, L87, M|246/246\n|-ability|p1a: Arbok|Intimidate|boost\n|-unboost|p2a: Lilligant|atk|1\n|turn|34\n|inactive|Time left: 300 sec this turn | 300 sec total\n|\n|t:|1783559641\n|-terastallize|p2a: Lilligant|Steel\n|move|p2a: Lilligant|Victory Dance|p2a: Lilligant\n|-boost|p2a: Lilligant|atk|1\n|-boost|p2a: Lilligant|def|1\n|-boost|p2a: Lilligant|spe|1\n|move|p1a: Arbok|Gunk Shot|p2a: Lilligant\n|-immune|p2a: Lilligant\n|\n|upkeep\n|turn|35\n|inactive|Time left: 300 sec this turn | 300 sec total\n|\n|t:|1783559641\n|move|p2a: Lilligant|Victory Dance|p2a: Lilligant\n|-boost|p2a: Lilligant|atk|1\n|-boost|p2a: Lilligant|def|1\n|-boost|p2a: Lilligant|spe|1\n|move|p1a: Arbok|Knock Off|p2a: Lilligant\n|-damage|p2a: Lilligant|70/100\n|-enditem|p2a: Lilligant|Life Orb|[from] move: Knock Off|[of] p1a: Arbok\n|-damage|p1a: Arbok|222/246|[from] item: Life Orb\n|\n|upkeep\n|turn|36\n|inactive|Time left: 300 sec this turn | 300 sec total\n|\n|t:|1783559642\n|move|p2a: Lilligant|Close Combat|p1a: Arbok|[miss]\n|-miss|p2a: Lilligant|p1a: Arbok\n|move|p1a: Arbok|Glare|p2a: Lilligant\n|-status|p2a: Lilligant|par\n|\n|upkeep\n|turn|37\n|inactive|Time left: 300 sec this turn | 300 sec total\n|\n|t:|1783559643\n|move|p2a: Lilligant|Close Combat|p1a: Arbok|[miss]\n|-miss|p2a: Lilligant|p1a: Arbok\n|move|p1a: Arbok|Earthquake|p2a: Lilligant\n|-supereffective|p2a: Lilligant\n|-damage|p2a: Lilligant|33/100 par\n|-damage|p1a: Arbok|198/246|[from] item: Life Orb\n|\n|upkeep\n|turn|38\n|inactive|Time left: 300 sec this turn | 300 sec total\n|\n|t:|1783559644\n|move|p2a: Lilligant|Close Combat|p1a: Arbok\n|-resisted|p1a: Arbok\n|-damage|p1a: Arbok|0 fnt\n|-unboost|p2a: Lilligant|def|1\n|-unboost|p2a: Lilligant|spd|1\n|faint|p1a: Arbok\n|\n|upkeep\n|inactive|Time left: 300 sec this turn | 300 sec total | 5 sec grace\n|\n|t:|1783559644\n|switch|p1a: Wigglytuff|Wigglytuff, L96, F|424/424\n|turn|39\n|inactive|Time left: 300 sec this turn | 300 sec total\n|\n|t:|1783559645\n|move|p1a: Wigglytuff|Protect|p1a: Wigglytuff\n|-singleturn|p1a: Wigglytuff|Protect\n|move|p2a: Lilligant|Close Combat|p1a: Wigglytuff\n|-activate|p1a: Wigglytuff|move: Protect\n|\n|upkeep\n|turn|40\n|inactive|Time left: 300 sec this turn | 300 sec total\n|\n|t:|1783559646\n|move|p1a: Wigglytuff|Protect||[still]\n|-fail|p1a: Wigglytuff\n|cant|p2a: Lilligant|par\n|\n|upkeep\n|turn|41\n|inactive|Time left: 300 sec this turn | 300 sec total\n|\n|t:|1783559647\n|move|p1a: Wigglytuff|Protect|p1a: Wigglytuff\n|-singleturn|p1a: Wigglytuff|Protect\n|move|p2a: Lilligant|Close Combat|p1a: Wigglytuff\n|-activate|p1a: Wigglytuff|move: Protect\n|\n|upkeep\n|turn|42\n|inactive|Time left: 300 sec this turn | 300 sec total\n|\n|t:|1783559648\n|move|p1a: Wigglytuff|Protect|p1a: Wigglytuff\n|-singleturn|p1a: Wigglytuff|Protect\n|move|p2a: Lilligant|Close Combat|p1a: Wigglytuff\n|-activate|p1a: Wigglytuff|move: Protect\n|\n|upkeep\n|turn|43\n|inactive|Time left: 300 sec this turn | 300 sec total\n|\n|t:|1783559649\n|move|p2a: Lilligant|Close Combat|p1a: Wigglytuff|[miss]\n|-miss|p2a: Lilligant|p1a: Wigglytuff\n|move|p1a: Wigglytuff|Knock Off|p2a: Lilligant\n|-damage|p2a: Lilligant|22/100 par\n|\n|upkeep\n|turn|44\n|inactive|Time left: 300 sec this turn | 300 sec total\n|\n|t:|1783559650\n|move|p1a: Wigglytuff|Protect|p1a: Wigglytuff\n|-singleturn|p1a: Wigglytuff|Protect\n|cant|p2a: Lilligant|par\n|\n|upkeep\n|turn|45\n|inactive|Time left: 300 sec this turn | 300 sec total\n|\n|t:|1783559651\n|move|p2a: Lilligant|Close Combat|p1a: Wigglytuff\n|-damage|p1a: Wigglytuff|0 fnt\n|-unboost|p2a: Lilligant|def|1\n|-unboost|p2a: Lilligant|spd|1\n|faint|p1a: Wigglytuff\n|\n|win|p0y175635ff", "uploadtime": 1783559651, "views": 0, "rating": 0, "private": 0, "password": null, "_winner": "p0y175635ff", "_our_name": "p0x17566ec7"}