{"id": "battle-gen9randombattle-2329", "formatid": "gen9randombattle", "format": "[Gen 9] Random Battle", "players": ["p0x23293082", "p0y23299091"], "log": "|init|battle\n|title|p0x23293082 vs. p0y23299091\n|j|\u2606p0x23293082\n|j|\u2606p0y23299091\n|t:|1783567025\n|gametype|singles\n|player|p1|p0x23293082|169|\n|player|p2|p0y23299091|170|\n|gen|9\n|tier|[Gen 9] Random Battle\n|rule|Species Clause: Limit one of each Pok\u00e9mon\n|rule|HP Percentage Mod: HP is shown in percentages\n|rule|Sleep Clause Mod: Limit one foe put to sleep\n|rule|Illusion Level Mod: Illusion disguises the Pok\u00e9mon's true level\n|\n|t:|1783567025\n|teamsize|p1|6\n|teamsize|p2|6\n|start\n|switch|p1a: Dunsparce|Dunsparce, L86, M|100/100\n|switch|p2a: Metagross|Metagross, L79|256/256\n|turn|1\n|inactive|Battle timer is ON: inactive players will automatically lose when time's up. (requested by p0y23299091)\n|inactive|p0x23293082 also wants the timer to be on.\n|\n|t:|1783567026\n|move|p2a: Metagross|Agility|p2a: Metagross\n|-boost|p2a: Metagross|spe|2\n|move|p1a: Dunsparce|Coil|p1a: Dunsparce\n|-boost|p1a: Dunsparce|atk|1\n|-boost|p1a: Dunsparce|def|1\n|-boost|p1a: Dunsparce|accuracy|1\n|\n|upkeep\n|turn|2\n|inactive|Time left: 300 sec this turn | 300 sec total\n|\n|t:|1783567027\n|move|p2a: Metagross|Heavy Slam|p1a: Dunsparce\n|-damage|p1a: Dunsparce|75/100\n|move|p1a: Dunsparce|Earthquake|p2a: Metagross\n|-supereffective|p2a: Metagross\n|-damage|p2a: Metagross|118/256\n|-enditem|p2a: Metagross|Weakness Policy\n|-boost|p2a: Metagross|atk|2|[from] item: Weakness Policy\n|-boost|p2a: Metagross|spa|2|[from] item: Weakness Policy\n|\n|upkeep\n|turn|3\n|inactive|Time left: 300 sec this turn | 300 sec total\n|\n|t:|1783567028\n|-terastallize|p2a: Metagross|Ground\n|move|p2a: Metagross|Heavy Slam|p1a: Dunsparce\n|-damage|p1a: Dunsparce|28/100\n|move|p1a: Dunsparce|Roost|p1a: Dunsparce\n|-heal|p1a: Dunsparce|78/100\n|-singleturn|p1a: Dunsparce|move: Roost\n|\n|upkeep\n|turn|4\n|inactive|Time left: 300 sec this turn | 300 sec total\n|\n|t:|1783567029\n|move|p2a: Metagross|Heavy Slam|p1a: Dunsparce\n|-damage|p1a: Dunsparce|29/100\n|move|p1a: Dunsparce|Body Slam|p2a: Metagross\n|-damage|p2a: Metagross|34/256\n|-status|p2a: Metagross|par\n|\n|upkeep\n|turn|5\n|inactive|Time left: 300 sec this turn | 300 sec total\n|\n|t:|1783567030\n|move|p2a: Metagross|Earthquake|p1a: Dunsparce\n|-damage|p1a: Dunsparce|0 fnt\n|faint|p1a: Dunsparce\n|\n|upkeep\n|\n|t:|1783567031\n|switch|p1a: Blaziken|Blaziken, L76, M|100/100\n|turn|6\n|inactive|Time left: 300 sec this turn | 300 sec total\n|\n|t:|1783567032\n|move|p1a: Blaziken|Flare Blitz|p2a: Metagross\n|-damage|p2a: Metagross|0 fnt\n|faint|p2a: Metagross\n|-damage|p1a: Blaziken|96/100|[from] Recoil\n|-damage|p1a: Blaziken|86/100|[from] item: Life Orb\n|\n|-ability|p1a: Blaziken|Speed Boost|boost\n|-boost|p1a: Blaziken|spe|1\n|upkeep\n|inactive|Time left: 300 sec this turn | 300 sec total | 5 sec grace\n|\n|t:|1783567033\n|switch|p2a: Suicune|Suicune, L82|298/298\n|-ability|p2a: Suicune|Pressure\n|turn|7\n|inactive|Time left: 300 sec this turn | 300 sec total\n|\n|t:|1783567034\n|move|p1a: Blaziken|Swords Dance|p1a: Blaziken\n|-boost|p1a: Blaziken|atk|2\n|move|p2a: Suicune|Scald|p1a: Blaziken\n|-supereffective|p1a: Blaziken\n|-damage|p1a: Blaziken|8/100\n|\n|-ability|p1a: Blaziken|Speed Boost|boost\n|-boost|p1a: Blaziken|spe|1\n|upkeep\n|turn|8\n|inactive|Time left: 300 sec this turn | 300 sec total\n|\n|t:|1783567035\n|move|p1a: Blaziken|Close Combat|p2a: Suicune\n|-damage|p2a: Suicune|48/298\n|-unboost|p1a: Blaziken|def|1\n|-unboost|p1a: Blaziken|spd|1\n|-damage|p1a: Blaziken|0 fnt|[from] item: Life Orb\n|faint|p1a: Blaziken\n|move|p2a: Suicune|Ice Beam|p1: Blaziken|[notarget]\n|-fail|p2a: Suicune\n|\n|-heal|p2a: Suicune|66/298|[from] item: Leftovers\n|upkeep\n|\n|t:|1783567036\n|switch|p1a: Calyrex|Calyrex-Shadow, L64|100/100\n|-ability|p1a: Calyrex|As One\n|-ability|p1a: Calyrex|Unnerve\n|turn|9\n|inactive|Time left: 300 sec this turn | 300 sec total\n|\n|t:|1783567037\n|switch|p2a: Mightyena|Mightyena, L96, M|290/290\n|-ability|p2a: Mightyena|Intimidate|boost\n|-unboost|p1a: Calyrex|atk|1\n|move|p1a: Calyrex|Astral Barrage|p2a: Mightyena\n|-resisted|p2a: Mightyena\n|-damage|p2a: Mightyena|223/290\n|\n|upkeep\n|turn|10\n|inactive|Time left: 300 sec this turn | 300 sec total\n|\n|t:|1783567039\n|switch|p1a: Hippowdon|Hippowdon, L82, M|100/100\n|-weather|Sandstorm|[from] ability: Sand Stream|[of] p1a: Hippowdon\n|move|p2a: Mightyena|Throat Chop|p1a: Hippowdon\n|-damage|p1a: Hippowdon|72/100\n|-start|p1a: Hippowdon|Throat Chop|[silent]\n|\n|-weather|Sandstorm|[upkeep]\n|-damage|p2a: Mightyena|205/290|[from] Sandstorm\n|-heal|p1a: Hippowdon|78/100|[from] item: Leftovers\n|upkeep\n|turn|11\n|inactive|Time left: 300 sec this turn | 300 sec total\n|\n|t:|1783567040\n|switch|p2a: Inteleon|Inteleon, L81, M|246/246\n|move|p1a: Hippowdon|Earthquake|p2a: Inteleon\n|-damage|p2a: Inteleon|89/246\n|\n|-weather|Sandstorm|[upkeep]\n|-damage|p2a: Inteleon|74/246|[from] Sandstorm\n|-heal|p1a: Hippowdon|84/100|[from] item: Leftovers\n|-end|p1a: Hippowdon|Throat Chop|[silent]\n|upkeep\n|turn|12\n|inactive|Time left: 300 sec this turn | 300 sec total\n|\n|t:|1783567041\n|switch|p1a: Victreebel|Victreebel, L90, F|100/100\n|move|p2a: Inteleon|Scald|p1a: Victreebel\n|-resisted|p1a: Victreebel\n|-damage|p1a: Victreebel|59/100\n|\n|-weather|Sandstorm|[upkeep]\n|-damage|p2a: Inteleon|59/246|[from] Sandstorm\n|-damage|p1a: Victreebel|53/100|[from] Sandstorm\n|upkeep\n|turn|13\n|inactive|Time left: 300 sec this turn | 300 sec total\n|\n|t:|1783567042\n|move|p2a: Inteleon|Scald|p1a: Victreebel\n|-resisted|p1a: Victreebel\n|-damage|p1a: Victreebel|10/100\n|move|p1a: Victreebel|Weather Ball|p2a: Inteleon\n|-damage|p2a: Inteleon|0 fnt\n|faint|p2a: Inteleon\n|-damage|p1a: Victreebel|0 fnt|[from] item: Life Orb\n|faint|p1a: Victreebel\n|\n|-weather|Sandstorm|[upkeep]\n|upkeep\n|inactive|Time left: 300 sec this turn | 300 sec total | 5 sec grace\n|\n|t:|1783567043\n|switch|p2a: Grafaiai|Grafaiai, L86, F|249/249\n|switch|p1a: Hippowdon|Hippowdon, L82, M|84/100\n|turn|14\n|inactive|Time left: 300 sec this turn | 300 sec total\n|\n|t:|1783567044\n|move|p2a: Grafaiai|Parting Shot|p1a: Hippowdon\n|-unboost|p1a: Hippowdon|atk|1\n|-unboost|p1a: Hippowdon|spa|1\n|inactive|Time left: 300 sec this turn | 300 sec total | 5 sec grace\n|\n|t:|1783567045\n|switch|p2a: Mightyena|Mightyena, L96, M|205/290|[from] Parting Shot\n|-ability|p2a: Mightyena|Intimidate|boost\n|-unboost|p1a: Hippowdon|atk|1\n|move|p1a: Hippowdon|Earthquake|p2a: Mightyena\n|-damage|p2a: Mightyena|148/290\n|\n|-weather|none\n|-heal|p1a: Hippowdon|90/100|[from] item: Leftovers\n|upkeep\n|turn|15\n|inactive|Time left: 300 sec this turn | 300 sec total\n|\n|t:|1783567047\n|switch|p1a: Cryogonal|Cryogonal, L89|100/100\n|move|p2a: Mightyena|Throat Chop|p1a: Cryogonal\n|-crit|p1a: Cryogonal\n|-damage|p1a: Cryogonal|26/100\n|-start|p1a: Cryogonal|Throat Chop|[silent]\n|\n|upkeep\n|turn|16\n|inactive|Time left: 300 sec this turn | 300 sec total\n|\n|t:|1783567048\n|switch|p1a: Hippowdon|Hippowdon, L82, M|90/100\n|-weather|Sandstorm|[from] ability: Sand Stream|[of] p1a: Hippowdon\n|move|p2a: Mightyena|Throat Chop|p1a: Hippowdon\n|-damage|p1a: Hippowdon|63/100\n|-start|p1a: Hippowdon|Throat Chop|[silent]\n|\n|-weather|Sandstorm|[upkeep]\n|-damage|p2a: Mightyena|130/290|[from] Sandstorm\n|-heal|p1a: Hippowdon|69/100|[from] item: Leftovers\n|upkeep\n|turn|17\n|inactive|Time left: 300 sec this turn | 300 sec total\n|\n|t:|1783567049\n|switch|p2a: Weezing|Weezing, L88, F|258/258\n|move|p1a: Hippowdon|Earthquake|p2a: Weezing\n|-immune|p2a: Weezing|[from] ability: Levitate\n|\n|-weather|Sandstorm|[upkeep]\n|-damage|p2a: Weezing|242/258|[from] Sandstorm\n|-heal|p2a: Weezing|258/258|[from] item: Leftovers\n|-heal|p1a: Hippowdon|75/100|[from] item: Leftovers\n|-end|p1a: Hippowdon|Throat Chop|[silent]\n|upkeep\n|turn|18\n|inactive|Time left: 300 sec this turn | 300 sec total\n|\n|t:|1783567050\n|move|p2a: Weezing|Will-O-Wisp|p1a: Hippowdon\n|-status|p1a: Hippowdon|brn\n|move|p1a: Hippowdon|Stone Edge|p2a: Weezing\n|-damage|p2a: Weezing|232/258\n|\n|-weather|Sandstorm|[upkeep]\n|-damage|p2a: Weezing|216/258|[from] Sandstorm\n|-heal|p2a: Weezing|232/258|[from] item: Leftovers\n|-heal|p1a: Hippowdon|81/100 brn|[from] item: Leftovers\n|-damage|p1a: Hippowdon|75/100 brn|[from] brn\n|upkeep\n|turn|19\n|inactive|Time left: 300 sec this turn | 300 sec total\n|\n|t:|1783567051\n|move|p2a: Weezing|Gunk Shot|p1a: Hippowdon|[miss]\n|-miss|p2a: Weezing|p1a: Hippowdon\n|move|p1a: Hippowdon|Slack Off|p1a: Hippowdon\n|-heal|p1a: Hippowdon|100/100 brn\n|\n|-weather|Sandstorm|[upkeep]\n|-damage|p2a: Weezing|216/258|[from] Sandstorm\n|-heal|p2a: Weezing|232/258|[from] item: Leftovers\n|-damage|p1a: Hippowdon|94/100 brn|[from] brn\n|upkeep\n|turn|20\n|inactive|Time left: 300 sec this turn | 300 sec total\n|\n|t:|1783567052\n|switch|p1a: Calyrex|Calyrex-Shadow, L64|100/100\n|-ability|p1a: Calyrex|As One\n|-ability|p1a: Calyrex|Unnerve\n|move|p2a: Weezing|Gunk Shot|p1a: Calyrex\n|-resisted|p1a: Calyrex\n|-damage|p1a: Calyrex|61/100\n|-status|p1a: Calyrex|psn\n|\n|-weather|none\n|-heal|p2a: Weezing|248/258|[from] item: Leftovers\n|-damage|p1a: Calyrex|49/100 psn|[from] psn\n|upkeep\n|turn|21\n|inactive|Time left: 300 sec this turn | 300 sec total\n|\n|t:|1783567053\n|move|p1a: Calyrex|Astral Barrage|p2a: Weezing\n|-damage|p2a: Weezing|62/258\n|move|p2a: Weezing|Fire Blast|p1a: Calyrex\n|-damage|p1a: Calyrex|7/100 psn\n|\n|-heal|p2a: Weezing|78/258|[from] item: Leftovers\n|-damage|p1a: Calyrex|0 fnt|[from] psn\n|faint|p1a: Calyrex\n|upkeep\n|\n|t:|1783567054\n|switch|p1a: Cryogonal|Cryogonal, L89|26/100\n|turn|22\n|inactive|Time left: 300 sec this turn | 300 sec total\n|\n|t:|1783567055\n|switch|p2a: Mightyena|Mightyena, L96, M|130/290\n|-ability|p2a: Mightyena|Intimidate|boost\n|-unboost|p1a: Cryogonal|atk|1\n|move|p1a: Cryogonal|Ice Beam|p2a: Mightyena\n|-damage|p2a: Mightyena|42/290\n|\n|upkeep\n|turn|23\n|inactive|Time left: 300 sec this turn | 300 sec total\n|\n|t:|1783567056\n|move|p2a: Mightyena|Sucker Punch|p1a: Cryogonal\n|-damage|p1a: Cryogonal|0 fnt\n|faint|p1a: Cryogonal\n|\n|upkeep\n|\n|t:|1783567057\n|switch|p1a: Hippowdon|Hippowdon, L82, M|94/100 brn\n|-weather|Sandstorm|[from] ability: Sand Stream|[of] p1a: Hippowdon\n|turn|24\n|inactive|Time left: 300 sec this turn | 300 sec total\n|\n|t:|1783567058\n|switch|p2a: Weezing|Weezing, L88, F|78/258\n|move|p1a: Hippowdon|Stone Edge|p2a: Weezing\n|-damage|p2a: Weezing|48/258\n|\n|-weather|Sandstorm|[upkeep]\n|-damage|p2a: Weezing|32/258|[from] Sandstorm\n|-heal|p2a: Weezing|48/258|[from] item: Leftovers\n|-heal|p1a: Hippowdon|100/100 brn|[from] item: Leftovers\n|-damage|p1a: Hippowdon|94/100 brn|[from] brn\n|upkeep\n|turn|25\n|inactive|Time left: 300 sec this turn | 300 sec total\n|\n|t:|1783567059\n|move|p2a: Weezing|Pain Split|p1a: Hippowdon\n|-sethp|p1a: Hippowdon|55/100 brn|[from] move: Pain Split|[silent]\n|-sethp|p2a: Weezing|170/258|[from] move: Pain Split\n|move|p1a: Hippowdon|Curse|p1a: Hippowdon\n|-unboost|p1a: Hippowdon|spe|1\n|-boost|p1a: Hippowdon|atk|1\n|-boost|p1a: Hippowdon|def|1\n|\n|-weather|Sandstorm|[upkeep]\n|-damage|p2a: Weezing|154/258|[from] Sandstorm\n|-heal|p2a: Weezing|170/258|[from] item: Leftovers\n|-heal|p1a: Hippowdon|61/100 brn|[from] item: Leftovers\n|-damage|p1a: Hippowdon|55/100 brn|[from] brn\n|upkeep\n|turn|26\n|inactive|Time left: 300 sec this turn | 300 sec total\n|\n|t:|1783567060\n|move|p2a: Weezing|Fire Blast|p1a: Hippowdon\n|-damage|p1a: Hippowdon|27/100 brn\n|move|p1a: Hippowdon|Slack Off|p1a: Hippowdon\n|-heal|p1a: Hippowdon|77/100 brn\n|\n|-weather|Sandstorm|[upkeep]\n|-damage|p2a: Weezing|154/258|[from] Sandstorm\n|-heal|p2a: Weezing|170/258|[from] item: Leftovers\n|-heal|p1a: Hippowdon|83/100 brn|[from] item: Leftovers\n|-damage|p1a: Hippowdon|77/100 brn|[from] brn\n|upkeep\n|turn|27\n|inactive|Time left: 300 sec this turn | 300 sec total\n|\n|t:|1783567062\n|move|p2a: Weezing|Pain Split|p1a: Hippowdon\n|-sethp|p1a: Hippowdon|66/100 brn|[from] move: Pain Split|[silent]\n|-sethp|p2a: Weezing|203/258|[from] move: Pain Split\n|move|p1a: Hippowdon|Slack Off|p1a: Hippowdon\n|-heal|p1a: Hippowdon|100/100 brn\n|\n|-weather|Sandstorm|[upkeep]\n|-damage|p2a: Weezing|187/258|[from] Sandstorm\n|-heal|p2a: Weezing|203/258|[from] item: Leftovers\n|-damage|p1a: Hippowdon|94/100 brn|[from] brn\n|upkeep\n|turn|28\n|inactive|Time left: 300 sec this turn | 300 sec total\n|\n|t:|1783567063\n|move|p2a: Weezing|Pain Split|p1a: Hippowdon\n|-sethp|p1a: Hippowdon|80/100 brn|[from] move: Pain Split|[silent]\n|-sethp|p2a: Weezing|247/258|[from] move: Pain Split\n|move|p1a: Hippowdon|Curse|p1a: Hippowdon\n|-unboost|p1a: Hippowdon|spe|1\n|-boost|p1a: Hippowdon|atk|1\n|-boost|p1a: Hippowdon|def|1\n|\n|-weather|none\n|-heal|p2a: Weezing|258/258|[from] item: Leftovers\n|-heal|p1a: Hippowdon|86/100 brn|[from] item: Leftovers\n|-damage|p1a: Hippowdon|80/100 brn|[from] brn\n|upkeep\n|turn|29\n|inactive|Time left: 300 sec this turn | 300 sec total\n|\n|t:|1783567064\n|move|p2a: Weezing|Fire Blast|p1a: Hippowdon\n|-damage|p1a: Hippowdon|50/100 brn\n|move|p1a: Hippowdon|Slack Off|p1a: Hippowdon\n|-heal|p1a: Hippowdon|99/100 brn\n|\n|-heal|p1a: Hippowdon|100/100 brn|[from] item: Leftovers\n|-damage|p1a: Hippowdon|94/100 brn|[from] brn\n|upkeep\n|turn|30\n|inactive|Time left: 300 sec this turn | 300 sec total\n|\n|t:|1783567065\n|move|p2a: Weezing|Fire Blast|p1a: Hippowdon\n|-damage|p1a: Hippowdon|62/100 brn\n|move|p1a: Hippowdon|Curse|p1a: Hippowdon\n|-unboost|p1a: Hippowdon|spe|1\n|-boost|p1a: Hippowdon|atk|1\n|-boost|p1a: Hippowdon|def|1\n|\n|-heal|p1a: Hippowdon|68/100 brn|[from] item: Leftovers\n|-damage|p1a: Hippowdon|62/100 brn|[from] brn\n|upkeep\n|turn|31\n|inactive|Time left: 300 sec this turn | 300 sec total\n|\n|t:|1783567066\n|move|p2a: Weezing|Fire Blast|p1a: Hippowdon\n|-damage|p1a: Hippowdon|35/100 brn\n|move|p1a: Hippowdon|Slack Off|p1a: Hippowdon\n|-heal|p1a: Hippowdon|85/100 brn\n|\n|-heal|p1a: Hippowdon|91/100 brn|[from] item: Leftovers\n|-damage|p1a: Hippowdon|85/100 brn|[from] brn\n|upkeep\n|turn|32\n|inactive|Time left: 300 sec this turn | 300 sec total\n|\n|t:|1783567067\n|move|p2a: Weezing|Fire Blast|p1a: Hippowdon\n|-damage|p1a: Hippowdon|56/100 brn\n|move|p1a: Hippowdon|Stone Edge|p2a: Weezing\n|-damage|p2a: Weezing|184/258\n|\n|-heal|p2a: Weezing|200/258|[from] item: Leftovers\n|-heal|p1a: Hippowdon|62/100 brn|[from] item: Leftovers\n|-damage|p1a: Hippowdon|56/100 brn|[from] brn\n|upkeep\n|turn|33\n|inactive|Time left: 300 sec this turn | 300 sec total\n|\n|t:|1783567068\n|move|p2a: Weezing|Fire Blast|p1a: Hippowdon\n|-damage|p1a: Hippowdon|27/100 brn\n|move|p1a: Hippowdon|Slack Off|p1a: Hippowdon\n|-heal|p1a: Hippowdon|77/100 brn\n|\n|-heal|p2a: Weezing|216/258|[from] item: Leftovers\n|-heal|p1a: Hippowdon|83/100 brn|[from] item: Leftovers\n|-damage|p1a: Hippowdon|77/100 brn|[from] brn\n|upkeep\n|turn|34\n|inactive|Time left: 300 sec this turn | 300 sec total\n|\n|t:|1783567069\n|move|p2a: Weezing|Pain Split|p1a: Hippowdon\n|-sethp|p1a: Hippowdon|73/100 brn|[from] move: Pain Split|[silent]\n|-sethp|p2a: Weezing|227/258|[from] move: Pain Split\n|move|p1a: Hippowdon|Stone Edge|p2a: Weezing|[miss]\n|-miss|p1a: Hippowdon|p2a: Weezing\n|\n|-heal|p2a: Weezing|243/258|[from] item: Leftovers\n|-heal|p1a: Hippowdon|80/100 brn|[from] item: Leftovers\n|-damage|p1a: Hippowdon|73/100 brn|[from] brn\n|upkeep\n|turn|35\n|inactive|Time left: 300 sec this turn | 300 sec total\n|\n|t:|1783567070\n|move|p2a: Weezing|Gunk Shot|p1a: Hippowdon|[miss]\n|-miss|p2a: Weezing|p1a: Hippowdon\n|move|p1a: Hippowdon|Stone Edge|p2a: Weezing\n|-damage|p2a: Weezing|167/258\n|\n|-heal|p2a: Weezing|183/258|[from] item: Leftovers\n|-heal|p1a: Hippowdon|80/100 brn|[from] item: Leftovers\n|-damage|p1a: Hippowdon|73/100 brn|[from] brn\n|upkeep\n|turn|36\n|inactive|Time left: 300 sec this turn | 300 sec total\n|\n|t:|1783567071\n|move|p2a: Weezing|Pain Split|p1a: Hippowdon\n|-sethp|p1a: Hippowdon|66/100 brn|[from] move: Pain Split|[silent]\n|-sethp|p2a: Weezing|205/258|[from] move: Pain Split\n|move|p1a: Hippowdon|Slack Off|p1a: Hippowdon\n|-heal|p1a: Hippowdon|100/100 brn\n|\n|-heal|p2a: Weezing|221/258|[from] item: Leftovers\n|-damage|p1a: Hippowdon|94/100 brn|[from] brn\n|upkeep\n|turn|37\n|inactive|Time left: 300 sec this turn | 300 sec total\n|\n|t:|1783567072\n|move|p2a: Weezing|Pain Split|p1a: Hippowdon\n|-sethp|p1a: Hippowdon|83/100 brn|[from] move: Pain Split|[silent]\n|-sethp|p2a: Weezing|256/258|[from] move: Pain Split\n|move|p1a: Hippowdon|Stone Edge|p2a: Weezing\n|-damage|p2a: Weezing|192/258\n|\n|-heal|p2a: Weezing|208/258|[from] item: Leftovers\n|-heal|p1a: Hippowdon|89/100 brn|[from] item: Leftovers\n|-damage|p1a: Hippowdon|83/100 brn|[from] brn\n|upkeep\n|turn|38\n|inactive|Time left: 300 sec this turn | 300 sec total\n|\n|t:|1783567073\n|move|p2a: Weezing|Pain Split|p1a: Hippowdon\n|-sethp|p1a: Hippowdon|75/100 brn|[from] move: Pain Split|[silent]\n|-sethp|p2a: Weezing|232/258|[from] move: Pain Split\n|move|p1a: Hippowdon|Stone Edge|p2a: Weezing\n|-crit|p2a: Weezing\n|-damage|p2a: Weezing|136/258\n|\n|-heal|p2a: Weezing|152/258|[from] item: Leftovers\n|-heal|p1a: Hippowdon|81/100 brn|[from] item: Leftovers\n|-damage|p1a: Hippowdon|75/100 brn|[from] brn\n|upkeep\n|turn|39\n|inactive|Time left: 300 sec this turn | 300 sec total\n|\n|t:|1783567074\n|move|p2a: Weezing|Pain Split|p1a: Hippowdon\n|-sethp|p1a: Hippowdon|62/100 brn|[from] move: Pain Split|[silent]\n|-sethp|p2a: Weezing|192/258|[from] move: Pain Split\n|move|p1a: Hippowdon|Stone Edge|p2a: Weezing|[miss]\n|-miss|p1a: Hippowdon|p2a: Weezing\n|\n|-heal|p2a: Weezing|208/258|[from] item: Leftovers\n|-heal|p1a: Hippowdon|68/100 brn|[from] item: Leftovers\n|-damage|p1a: Hippowdon|62/100 brn|[from] brn\n|upkeep\n|turn|40\n|inactive|Time left: 300 sec this turn | 300 sec total\n|\n|t:|1783567075\n|move|p2a: Weezing|Will-O-Wisp|p1a: Hippowdon\n|-fail|p1a: Hippowdon|brn\n|move|p1a: Hippowdon|Slack Off|p1a: Hippowdon\n|-heal|p1a: Hippowdon|100/100 brn\n|\n|-heal|p2a: Weezing|224/258|[from] item: Leftovers\n|-damage|p1a: Hippowdon|94/100 brn|[from] brn\n|upkeep\n|turn|41\n|inactive|Time left: 300 sec this turn | 300 sec total\n|\n|t:|1783567076\n|move|p2a: Weezing|Pain Split|p1a: Hippowdon\n|-sethp|p1a: Hippowdon|83/100 brn|[from] move: Pain Split|[silent]\n|-sethp|p2a: Weezing|258/258|[from] move: Pain Split\n|move|p1a: Hippowdon|Curse|p1a: Hippowdon\n|-unboost|p1a: Hippowdon|spe|1\n|-boost|p1a: Hippowdon|atk|1\n|-boost|p1a: Hippowdon|def|1\n|\n|-heal|p1a: Hippowdon|90/100 brn|[from] item: Leftovers\n|-damage|p1a: Hippowdon|83/100 brn|[from] brn\n|upkeep\n|turn|42\n|inactive|Time left: 300 sec this turn | 300 sec total\n|\n|t:|1783567077\n|move|p2a: Weezing|Gunk Shot|p1a: Hippowdon\n|-resisted|p1a: Hippowdon\n|-damage|p1a: Hippowdon|78/100 brn\n|move|p1a: Hippowdon|Curse|p1a: Hippowdon\n|-unboost|p1a: Hippowdon|spe|1\n|-boost|p1a: Hippowdon|atk|1\n|-boost|p1a: Hippowdon|def|1\n|\n|-heal|p1a: Hippowdon|84/100 brn|[from] item: Leftovers\n|-damage|p1a: Hippowdon|78/100 brn|[from] brn\n|upkeep\n|turn|43\n|inactive|Time left: 300 sec this turn | 300 sec total\n|\n|t:|1783567078\n|move|p2a: Weezing|Fire Blast|p1a: Hippowdon\n|-damage|p1a: Hippowdon|51/100 brn\n|move|p1a: Hippowdon|Earthquake|p2a: Weezing\n|-immune|p2a: Weezing|[from] ability: Levitate\n|\n|-heal|p1a: Hippowdon|57/100 brn|[from] item: Leftovers\n|-damage|p1a: Hippowdon|51/100 brn|[from] brn\n|upkeep\n|turn|44\n|inactive|Time left: 300 sec this turn | 300 sec total\n|\n|t:|1783567079\n|move|p2a: Weezing|Gunk Shot|p1a: Hippowdon\n|-resisted|p1a: Hippowdon\n|-damage|p1a: Hippowdon|46/100 brn\n|move|p1a: Hippowdon|Earthquake|p2a: Weezing\n|-immune|p2a: Weezing|[from] ability: Levitate\n|\n|-heal|p1a: Hippowdon|52/100 brn|[from] item: Leftovers\n|-damage|p1a: Hippowdon|46/100 brn|[from] brn\n|upkeep\n|turn|45\n|inactive|Time left: 300 sec this turn | 300 sec total\n|\n|t:|1783567079\n|switch|p2a: Grafaiai|Grafaiai, L86, F|249/249\n|move|p1a: Hippowdon|Earthquake|p2a: Grafaiai\n|-supereffective|p2a: Grafaiai\n|-damage|p2a: Grafaiai|0 fnt\n|faint|p2a: Grafaiai\n|\n|-heal|p1a: Hippowdon|52/100 brn|[from] item: Leftovers\n|-damage|p1a: Hippowdon|46/100 brn|[from] brn\n|upkeep\n|inactive|Time left: 300 sec this turn | 300 sec total | 5 sec grace\n|\n|t:|1783567080\n|switch|p2a: Suicune|Suicune, L82|66/298\n|-ability|p2a: Suicune|Pressure\n|turn|46\n|inactive|Time left: 300 sec this turn | 300 sec total\n|\n|t:|1783567081\n|-terastallize|p1a: Hippowdon|Steel\n|move|p2a: Suicune|Scald|p1a: Hippowdon\n|-damage|p1a: Hippowdon|15/100 brn\n|move|p1a: Hippowdon|Earthquake|p2a: Suicune\n|-damage|p2a: Suicune|0 fnt\n|faint|p2a: Suicune\n|\n|-heal|p1a: Hippowdon|21/100 brn|[from] item: Leftovers\n|-damage|p1a: Hippowdon|15/100 brn|[from] brn\n|upkeep\n|inactive|Time left: 300 sec this turn | 300 sec total | 5 sec grace\n|\n|t:|1783567082\n|switch|p2a: Weezing|Weezing, L88, F|258/258\n|turn|47\n|inactive|Time left: 300 sec this turn | 300 sec total\n|\n|t:|1783567083\n|move|p2a: Weezing|Gunk Shot|p1a: Hippowdon\n|-immune|p1a: Hippowdon\n|move|p1a: Hippowdon|Earthquake|p2a: Weezing\n|-immune|p2a: Weezing|[from] ability: Levitate\n|\n|-heal|p1a: Hippowdon|21/100 brn|[from] item: Leftovers\n|-damage|p1a: Hippowdon|15/100 brn|[from] brn\n|upkeep\n|turn|48\n|inactive|Time left: 300 sec this turn | 300 sec total\n|\n|t:|1783567084\n|move|p2a: Weezing|Will-O-Wisp|p1a: Hippowdon\n|-fail|p1a: Hippowdon|brn\n|move|p1a: Hippowdon|Earthquake|p2a: Weezing\n|-immune|p2a: Weezing|[from] ability: Levitate\n|\n|-heal|p1a: Hippowdon|21/100 brn|[from] item: Leftovers\n|-damage|p1a: Hippowdon|15/100 brn|[from] brn\n|upkeep\n|turn|49\n|inactive|Time left: 300 sec this turn | 300 sec total\n|\n|t:|1783567084\n|move|p2a: Weezing|Will-O-Wisp|p1a: Hippowdon\n|-fail|p1a: Hippowdon|brn\n|move|p1a: Hippowdon|Earthquake|p2a: Weezing\n|-immune|p2a: Weezing|[from] ability: Levitate\n|\n|-heal|p1a: Hippowdon|21/100 brn|[from] item: Leftovers\n|-damage|p1a: Hippowdon|15/100 brn|[from] brn\n|upkeep\n|turn|50\n|inactive|Time left: 300 sec this turn | 300 sec total\n|\n|t:|1783567086\n|move|p2a: Weezing|Will-O-Wisp|p1a: Hippowdon\n|-fail|p1a: Hippowdon|brn\n|move|p1a: Hippowdon|Earthquake|p2a: Weezing\n|-immune|p2a: Weezing|[from] ability: Levitate\n|\n|-heal|p1a: Hippowdon|21/100 brn|[from] item: Leftovers\n|-damage|p1a: Hippowdon|15/100 brn|[from] brn\n|upkeep\n|turn|51\n|inactive|Time left: 300 sec this turn | 300 sec total\n|\n|t:|1783567087\n|move|p2a: Weezing|Gunk Shot|p1a: Hippowdon\n|-immune|p1a: Hippowdon\n|move|p1a: Hippowdon|Earthquake|p2a: Weezing\n|-immune|p2a: Weezing|[from] ability: Levitate\n|\n|-heal|p1a: Hippowdon|21/100 brn|[from] item: Leftovers\n|-damage|p1a: Hippowdon|15/100 brn|[from] brn\n|upkeep\n|turn|52\n|inactive|Time left: 300 sec this turn | 300 sec total\n|\n|t:|1783567088\n|move|p2a: Weezing|Will-O-Wisp|p1a: Hippowdon\n|-fail|p1a: Hippowdon|brn\n|move|p1a: Hippowdon|Earthquake|p2a: Weezing\n|-immune|p2a: Weezing|[from] ability: Levitate\n|\n|-heal|p1a: Hippowdon|21/100 brn|[from] item: Leftovers\n|-damage|p1a: Hippowdon|15/100 brn|[from] brn\n|upkeep\n|turn|53\n|inactive|Time left: 300 sec this turn | 300 sec total\n|\n|t:|1783567089\n|move|p2a: Weezing|Will-O-Wisp|p1a: Hippowdon\n|-fail|p1a: Hippowdon|brn\n|move|p1a: Hippowdon|Curse|p1a: Hippowdon\n|-unboost|p1a: Hippowdon|spe|1\n|-boost|p1a: Hippowdon|atk|1\n|-boost|p1a: Hippowdon|def|1\n|\n|-heal|p1a: Hippowdon|21/100 brn|[from] item: Leftovers\n|-damage|p1a: Hippowdon|15/100 brn|[from] brn\n|upkeep\n|turn|54\n|inactive|Time left: 300 sec this turn | 300 sec total\n|\n|t:|1783567090\n|move|p2a: Weezing|Will-O-Wisp|p1a: Hippowdon|[miss]\n|-miss|p2a: Weezing|p1a: Hippowdon\n|move|p1a: Hippowdon|Curse|p1a: Hippowdon\n|\n|-heal|p1a: Hippowdon|21/100 brn|[from] item: Leftovers\n|-damage|p1a: Hippowdon|15/100 brn|[from] brn\n|upkeep\n|turn|55\n|inactive|Time left: 300 sec this turn | 300 sec total\n|\n|t:|1783567091\n|move|p2a: Weezing|Will-O-Wisp|p1a: Hippowdon\n|-fail|p1a: Hippowdon|brn\n|move|p1a: Hippowdon|Curse|p1a: Hippowdon\n|\n|-heal|p1a: Hippowdon|21/100 brn|[from] item: Leftovers\n|-damage|p1a: Hippowdon|15/100 brn|[from] brn\n|upkeep\n|turn|56\n|inactive|Time left: 300 sec this turn | 300 sec total\n|\n|t:|1783567092\n|move|p2a: Weezing|Will-O-Wisp|p1a: Hippowdon\n|-fail|p1a: Hippowdon|brn\n|move|p1a: Hippowdon|Curse|p1a: Hippowdon\n|\n|-heal|p1a: Hippowdon|21/100 brn|[from] item: Leftovers\n|-damage|p1a: Hippowdon|15/100 brn|[from] brn\n|upkeep\n|turn|57\n|inactive|Time left: 300 sec this turn | 300 sec total\n|\n|t:|1783567093\n|move|p2a: Weezing|Will-O-Wisp|p1a: Hippowdon\n|-fail|p1a: Hippowdon|brn\n|move|p1a: Hippowdon|Curse|p1a: Hippowdon\n|\n|-heal|p1a: Hippowdon|21/100 brn|[from] item: Leftovers\n|-damage|p1a: Hippowdon|15/100 brn|[from] brn\n|upkeep\n|turn|58\n|inactive|Time left: 300 sec this turn | 300 sec total\n|\n|t:|1783567094\n|move|p2a: Weezing|Will-O-Wisp|p1a: Hippowdon\n|-fail|p1a: Hippowdon|brn\n|move|p1a: Hippowdon|Curse|p1a: Hippowdon\n|\n|-heal|p1a: Hippowdon|21/100 brn|[from] item: Leftovers\n|-damage|p1a: Hippowdon|15/100 brn|[from] brn\n|upkeep\n|turn|59\n|inactive|Time left: 300 sec this turn | 300 sec total\n|\n|t:|1783567095\n|move|p2a: Weezing|Will-O-Wisp|p1a: Hippowdon\n|-fail|p1a: Hippowdon|brn\n|move|p1a: Hippowdon|Curse|p1a: Hippowdon\n|\n|-heal|p1a: Hippowdon|21/100 brn|[from] item: Leftovers\n|-damage|p1a: Hippowdon|15/100 brn|[from] brn\n|upkeep\n|turn|60\n|inactive|Time left: 300 sec this turn | 300 sec total\n|\n|t:|1783567096\n|move|p2a: Weezing|Will-O-Wisp|p1a: Hippowdon\n|-fail|p1a: Hippowdon|brn\n|move|p1a: Hippowdon|Curse|p1a: Hippowdon\n|\n|-heal|p1a: Hippowdon|21/100 brn|[from] item: Leftovers\n|-damage|p1a: Hippowdon|15/100 brn|[from] brn\n|upkeep\n|turn|61\n|inactive|Time left: 300 sec this turn | 300 sec total\n|\n|t:|1783567097\n|move|p2a: Weezing|Will-O-Wisp|p1a: Hippowdon\n|-fail|p1a: Hippowdon|brn\n|move|p1a: Hippowdon|Curse|p1a: Hippowdon\n|\n|-heal|p1a: Hippowdon|21/100 brn|[from] item: Leftovers\n|-damage|p1a: Hippowdon|15/100 brn|[from] brn\n|upkeep\n|turn|62\n|inactive|Time left: 300 sec this turn | 300 sec total\n|\n|t:|1783567097\n|move|p2a: Weezing|Gunk Shot|p1a: Hippowdon\n|-immune|p1a: Hippowdon\n|move|p1a: Hippowdon|Curse|p1a: Hippowdon\n|\n|-heal|p1a: Hippowdon|21/100 brn|[from] item: Leftovers\n|-damage|p1a: Hippowdon|15/100 brn|[from] brn\n|upkeep\n|turn|63\n|inactive|Time left: 300 sec this turn | 300 sec total\n|\n|t:|1783567098\n|move|p2a: Weezing|Will-O-Wisp|p1a: Hippowdon\n|-fail|p1a: Hippowdon|brn\n|move|p1a: Hippowdon|Earthquake|p2a: Weezing\n|-immune|p2a: Weezing|[from] ability: Levitate\n|\n|-heal|p1a: Hippowdon|21/100 brn|[from] item: Leftovers\n|-damage|p1a: Hippowdon|15/100 brn|[from] brn\n|upkeep\n|turn|64\n|inactive|Time left: 300 sec this turn | 300 sec total\n|\n|t:|1783567099\n|move|p2a: Weezing|Will-O-Wisp|p1a: Hippowdon\n|-fail|p1a: Hippowdon|brn\n|move|p1a: Hippowdon|Curse|p1a: Hippowdon\n|\n|-heal|p1a: Hippowdon|21/100 brn|[from] item: Leftovers\n|-damage|p1a: Hippowdon|15/100 brn|[from] brn\n|upkeep\n|turn|65\n|inactive|Time left: 300 sec this turn | 300 sec total\n|\n|t:|1783567100\n|move|p2a: Weezing|Will-O-Wisp|p1a: Hippowdon\n|-fail|p1a: Hippowdon|brn\n|move|p1a: Hippowdon|Earthquake|p2a: Weezing\n|-immune|p2a: Weezing|[from] ability: Levitate\n|\n|-heal|p1a: Hippowdon|21/100 brn|[from] item: Leftovers\n|-damage|p1a: Hippowdon|15/100 brn|[from] brn\n|upkeep\n|turn|66\n|inactive|Time left: 300 sec this turn | 300 sec total\n|\n|t:|1783567101\n|switch|p2a: Mightyena|Mightyena, L96, M|42/290\n|-ability|p2a: Mightyena|Intimidate|boost\n|-unboost|p1a: Hippowdon|atk|1\n|-activate|p1a: Hippowdon|move: Struggle\n|move|p1a: Hippowdon|Struggle|p2a: Mightyena\n|-damage|p2a: Mightyena|0 fnt\n|faint|p2a: Mightyena\n|-damage|p1a: Hippowdon|0 fnt|[from] recoil\n|faint|p1a: Hippowdon\n|\n|win|p0y23299091", "uploadtime": 1783567101, "views": 0, "rating": 0, "private": 0, "password": null, "_winner": "p0y23299091", "_our_name": "p0y23299091"}