{"id": "battle-gen9randombattle-2572", "formatid": "gen9randombattle", "format": "[Gen 9] Random Battle", "players": ["p0x25723356", "p0y2572f0d3"], "log": "|init|battle\n|title|p0x25723356 vs. p0y2572f0d3\n|j|\u2606p0x25723356\n|j|\u2606p0y2572f0d3\n|t:|1783568796\n|gametype|singles\n|player|p1|p0x25723356|266|\n|player|p2|p0y2572f0d3|265|\n|gen|9\n|tier|[Gen 9] Random Battle\n|rule|Species Clause: Limit one of each Pok\u00e9mon\n|rule|HP Percentage Mod: HP is shown in percentages\n|rule|Sleep Clause Mod: Limit one foe put to sleep\n|rule|Illusion Level Mod: Illusion disguises the Pok\u00e9mon's true level\n|\n|t:|1783568796\n|teamsize|p1|6\n|teamsize|p2|6\n|start\n|switch|p1a: Enamorus|Enamorus-Therian, L83, F|259/259\n|switch|p2a: Mudsdale|Mudsdale, L83, M|100/100\n|turn|1\n|inactive|Battle timer is ON: inactive players will automatically lose when time's up. (requested by p0x25723356)\n|inactive|p0y2572f0d3 also wants the timer to be on.\n|\n|t:|1783568798\n|move|p1a: Enamorus|Moonblast|p2a: Mudsdale\n|-damage|p2a: Mudsdale|58/100\n|-unboost|p2a: Mudsdale|spa|1\n|-ability|p2a: Mudsdale|Stamina|boost\n|-boost|p2a: Mudsdale|def|1\n|move|p2a: Mudsdale|Heavy Slam|p1a: Enamorus\n|-supereffective|p1a: Enamorus\n|-damage|p1a: Enamorus|93/259\n|-enditem|p1a: Enamorus|Weakness Policy\n|-boost|p1a: Enamorus|atk|2|[from] item: Weakness Policy\n|-boost|p1a: Enamorus|spa|2|[from] item: Weakness Policy\n|\n|-heal|p2a: Mudsdale|64/100|[from] item: Leftovers\n|upkeep\n|turn|2\n|inactive|Time left: 300 sec this turn | 300 sec total\n|\n|t:|1783568799\n|move|p1a: Enamorus|Moonblast|p2a: Mudsdale\n|-damage|p2a: Mudsdale|0 fnt\n|faint|p2a: Mudsdale\n|\n|upkeep\n|\n|t:|1783568800\n|switch|p2a: Furret|Furret, L94, M|100/100\n|turn|3\n|inactive|Time left: 300 sec this turn | 300 sec total\n|\n|t:|1783568801\n|move|p2a: Furret|Double-Edge|p1a: Enamorus\n|-damage|p1a: Enamorus|0 fnt\n|faint|p1a: Enamorus\n|-damage|p2a: Furret|91/100|[from] Recoil\n|\n|upkeep\n|inactive|Time left: 300 sec this turn | 300 sec total | 5 sec grace\n|\n|t:|1783568801\n|switch|p1a: Heatran|Heatran, L79, M|273/273\n|-item|p1a: Heatran|Air Balloon\n|turn|4\n|inactive|Time left: 300 sec this turn | 300 sec total\n|\n|t:|1783568802\n|move|p2a: Furret|Double-Edge|p1a: Heatran\n|-resisted|p1a: Heatran\n|-crit|p1a: Heatran\n|-damage|p1a: Heatran|149/273\n|-enditem|p1a: Heatran|Air Balloon\n|-damage|p2a: Furret|77/100|[from] Recoil\n|move|p1a: Heatran|Magma Storm|p2a: Furret\n|-damage|p2a: Furret|31/100\n|-activate|p2a: Furret|move: Magma Storm|[of] p1a: Heatran\n|\n|-damage|p2a: Furret|19/100|[from] move: Magma Storm|[partiallytrapped]\n|upkeep\n|turn|5\n|inactive|Time left: 300 sec this turn | 300 sec total\n|\n|t:|1783568803\n|move|p2a: Furret|Double-Edge|p1a: Heatran\n|-resisted|p1a: Heatran\n|-damage|p1a: Heatran|60/273\n|-damage|p2a: Furret|9/100|[from] Recoil\n|move|p1a: Heatran|Stealth Rock|p2a: Furret\n|-sidestart|p2: p0y2572f0d3|move: Stealth Rock\n|\n|-damage|p2a: Furret|0 fnt|[from] move: Magma Storm|[partiallytrapped]\n|faint|p2a: Furret\n|upkeep\n|\n|t:|1783568804\n|switch|p2a: Dugtrio|Dugtrio, L84, M|100/100\n|-damage|p2a: Dugtrio|94/100|[from] Stealth Rock\n|turn|6\n|inactive|Time left: 300 sec this turn | 300 sec total\n|\n|t:|1783568805\n|move|p2a: Dugtrio|Throat Chop|p1a: Heatran\n|-damage|p1a: Heatran|0 fnt\n|faint|p1a: Heatran\n|\n|upkeep\n|inactive|Time left: 300 sec this turn | 300 sec total | 5 sec grace\n|\n|t:|1783568806\n|switch|p1a: Leafeon|Leafeon, L88, M|258/258\n|turn|7\n|inactive|Time left: 300 sec this turn | 300 sec total\n|\n|t:|1783568807\n|switch|p2a: Mandibuzz|Mandibuzz, L85, F|100/100\n|move|p1a: Leafeon|Swords Dance|p1a: Leafeon\n|-boost|p1a: Leafeon|atk|2\n|\n|upkeep\n|turn|8\n|inactive|Time left: 300 sec this turn | 300 sec total\n|\n|t:|1783568808\n|-terastallize|p1a: Leafeon|Normal\n|move|p1a: Leafeon|Double-Edge|p2a: Mandibuzz\n|-damage|p2a: Mandibuzz|0 fnt\n|faint|p2a: Mandibuzz\n|-damage|p1a: Leafeon|150/258|[from] Recoil\n|-damage|p1a: Leafeon|125/258|[from] item: Life Orb\n|\n|upkeep\n|\n|t:|1783568808\n|switch|p2a: Kingambit|Kingambit, L74, M|100/100\n|-damage|p2a: Kingambit|95/100|[from] Stealth Rock\n|-activate|p2a: Kingambit|ability: Supreme Overlord\n|-start|p2a: Kingambit|fallen3|[silent]\n|turn|9\n|inactive|Time left: 300 sec this turn | 300 sec total\n|\n|t:|1783568809\n|move|p1a: Leafeon|Leaf Blade|p2a: Kingambit\n|-resisted|p2a: Kingambit\n|-damage|p2a: Kingambit|44/100\n|-damage|p1a: Leafeon|100/258|[from] item: Life Orb\n|move|p2a: Kingambit|Swords Dance|p2a: Kingambit\n|-boost|p2a: Kingambit|atk|2\n|\n|-heal|p2a: Kingambit|50/100|[from] item: Leftovers\n|upkeep\n|turn|10\n|inactive|Time left: 300 sec this turn | 300 sec total\n|\n|t:|1783568810\n|move|p2a: Kingambit|Sucker Punch||[still]\n|-fail|p2a: Kingambit\n|move|p1a: Leafeon|Synthesis|p1a: Leafeon\n|-heal|p1a: Leafeon|229/258\n|\n|-heal|p2a: Kingambit|56/100|[from] item: Leftovers\n|upkeep\n|turn|11\n|inactive|Time left: 300 sec this turn | 300 sec total\n|\n|t:|1783568811\n|move|p2a: Kingambit|Sucker Punch|p1a: Leafeon\n|-damage|p1a: Leafeon|82/258\n|move|p1a: Leafeon|Double-Edge|p2a: Kingambit\n|-resisted|p2a: Kingambit\n|-damage|p2a: Kingambit|0 fnt\n|faint|p2a: Kingambit\n|-end|p2a: Kingambit|fallen3|[silent]\n|-damage|p1a: Leafeon|32/258|[from] Recoil\n|-damage|p1a: Leafeon|7/258|[from] item: Life Orb\n|\n|upkeep\n|\n|t:|1783568812\n|switch|p2a: Dugtrio|Dugtrio, L84, M|94/100\n|-damage|p2a: Dugtrio|88/100|[from] Stealth Rock\n|turn|12\n|inactive|Time left: 300 sec this turn | 300 sec total\n|\n|t:|1783568813\n|move|p2a: Dugtrio|Earthquake|p1a: Leafeon\n|-damage|p1a: Leafeon|0 fnt\n|faint|p1a: Leafeon\n|\n|upkeep\n|inactive|Time left: 300 sec this turn | 300 sec total | 5 sec grace\n|\n|t:|1783568814\n|switch|p1a: Vespiquen|Vespiquen, L99, F|299/299\n|-ability|p1a: Vespiquen|Pressure\n|turn|13\n|inactive|Time left: 300 sec this turn | 300 sec total\n|\n|t:|1783568815\n|move|p2a: Dugtrio|Earthquake|p1a: Vespiquen\n|-immune|p1a: Vespiquen\n|move|p1a: Vespiquen|U-turn|p2a: Dugtrio\n|-damage|p2a: Dugtrio|25/100\n|inactive|Time left: 300 sec this turn | 300 sec total | 5 sec grace\n|\n|t:|1783568816\n|switch|p1a: Girafarig|Girafarig, L89, M|269/269|[from] U-turn\n|\n|upkeep\n|turn|14\n|inactive|Time left: 300 sec this turn | 300 sec total\n|\n|t:|1783568817\n|move|p2a: Dugtrio|Earthquake|p1a: Girafarig\n|-damage|p1a: Girafarig|146/269\n|move|p1a: Girafarig|Dazzling Gleam|p2a: Dugtrio\n|-damage|p2a: Dugtrio|0 fnt\n|faint|p2a: Dugtrio\n|\n|upkeep\n|\n|t:|1783568818\n|switch|p2a: Chimecho|Chimecho, L93, M|100/100\n|-damage|p2a: Chimecho|88/100|[from] Stealth Rock\n|turn|15\n|inactive|Time left: 300 sec this turn | 300 sec total\n|\n|t:|1783568819\n|move|p1a: Girafarig|Nasty Plot|p1a: Girafarig\n|-boost|p1a: Girafarig|spa|2\n|move|p2a: Chimecho|Knock Off|p1a: Girafarig\n|-supereffective|p1a: Girafarig\n|-damage|p1a: Girafarig|60/269\n|-enditem|p1a: Girafarig|Eviolite|[from] move: Knock Off|[of] p2a: Chimecho\n|\n|-heal|p2a: Chimecho|94/100|[from] item: Leftovers\n|upkeep\n|turn|16\n|inactive|Time left: 300 sec this turn | 300 sec total\n|\n|t:|1783568820\n|-terastallize|p2a: Chimecho|Electric\n|move|p1a: Girafarig|Thunderbolt|p2a: Chimecho\n|-resisted|p2a: Chimecho\n|-damage|p2a: Chimecho|74/100\n|move|p2a: Chimecho|Knock Off|p1a: Girafarig\n|-supereffective|p1a: Girafarig\n|-damage|p1a: Girafarig|0 fnt\n|faint|p1a: Girafarig\n|\n|-heal|p2a: Chimecho|80/100|[from] item: Leftovers\n|upkeep\n|inactive|Time left: 300 sec this turn | 300 sec total | 5 sec grace\n|\n|t:|1783568821\n|switch|p1a: Delphox|Delphox, L84, F|263/263\n|turn|17\n|inactive|Time left: 300 sec this turn | 300 sec total\n|\n|t:|1783568822\n|move|p1a: Delphox|Nasty Plot|p1a: Delphox\n|-boost|p1a: Delphox|spa|2\n|move|p2a: Chimecho|Recover|p2a: Chimecho\n|-heal|p2a: Chimecho|100/100\n|\n|upkeep\n|turn|18\n|inactive|Time left: 300 sec this turn | 300 sec total\n|\n|t:|1783568823\n|move|p1a: Delphox|Fire Blast|p2a: Chimecho\n|-damage|p2a: Chimecho|25/100\n|move|p2a: Chimecho|Recover|p2a: Chimecho\n|-heal|p2a: Chimecho|75/100\n|\n|-heal|p2a: Chimecho|81/100|[from] item: Leftovers\n|upkeep\n|turn|19\n|inactive|Time left: 300 sec this turn | 300 sec total\n|\n|t:|1783568824\n|move|p1a: Delphox|Fire Blast|p2a: Chimecho|[miss]\n|-miss|p1a: Delphox|p2a: Chimecho\n|move|p2a: Chimecho|Recover|p2a: Chimecho\n|-heal|p2a: Chimecho|100/100\n|\n|upkeep\n|turn|20\n|inactive|Time left: 300 sec this turn | 300 sec total\n|\n|t:|1783568825\n|move|p1a: Delphox|Nasty Plot|p1a: Delphox\n|-boost|p1a: Delphox|spa|2\n|move|p2a: Chimecho|Recover||[still]\n|-fail|p2a: Chimecho|heal\n|\n|upkeep\n|turn|21\n|inactive|Time left: 300 sec this turn | 300 sec total\n|\n|t:|1783568826\n|move|p1a: Delphox|Fire Blast|p2a: Chimecho\n|-crit|p2a: Chimecho\n|-damage|p2a: Chimecho|0 fnt\n|faint|p2a: Chimecho\n|\n|win|p0x25723356", "uploadtime": 1783568826, "views": 0, "rating": 0, "private": 0, "password": null, "_winner": "p0x25723356", "_our_name": "p0x25723356"}