{"id": "battle-gen9randombattle-744", "formatid": "gen9randombattle", "format": "[Gen 9] Random Battle", "players": ["p0x74404fc", "p0y744d2a7"], "log": "|init|battle\n|title|p0x74404fc vs. p0y744d2a7\n|j|\u2606p0x74404fc\n|j|\u2606p0y744d2a7\n|t:|1783547761\n|gametype|singles\n|player|p1|p0x74404fc|266|\n|player|p2|p0y744d2a7|1|\n|gen|9\n|tier|[Gen 9] Random Battle\n|rule|Species Clause: Limit one of each Pok\u00e9mon\n|rule|HP Percentage Mod: HP is shown in percentages\n|rule|Sleep Clause Mod: Limit one foe put to sleep\n|rule|Illusion Level Mod: Illusion disguises the Pok\u00e9mon's true level\n|\n|t:|1783547761\n|teamsize|p1|6\n|teamsize|p2|6\n|start\n|switch|p1a: Sandaconda|Sandaconda, L84, F|100/100\n|switch|p2a: Probopass|Probopass, L91, F|257/257\n|turn|1\n|inactive|Battle timer is ON: inactive players will automatically lose when time's up. (requested by p0x74404fc)\n|inactive|Time left: 300 sec this turn | 300 sec total | 60 sec grace\n|inactive|p0y744d2a7 also wants the timer to be on.\n|\n|t:|1783547762\n|switch|p2a: Vikavolt|Vikavolt, L83, M|263/263\n|move|p1a: Sandaconda|Earthquake|p2a: Vikavolt\n|-immune|p2a: Vikavolt|[from] ability: Levitate\n|\n|upkeep\n|turn|2\n|inactive|Time left: 300 sec this turn | 300 sec total\n|\n|t:|1783547763\n|move|p1a: Sandaconda|Coil|p1a: Sandaconda\n|-boost|p1a: Sandaconda|atk|1\n|-boost|p1a: Sandaconda|def|1\n|-boost|p1a: Sandaconda|accuracy|1\n|move|p2a: Vikavolt|Sticky Web|p1a: Sandaconda\n|-sidestart|p1: p0x74404fc|move: Sticky Web\n|\n|upkeep\n|turn|3\n|inactive|Time left: 300 sec this turn | 300 sec total\n|\n|t:|1783547764\n|move|p1a: Sandaconda|Stone Edge|p2a: Vikavolt\n|-supereffective|p2a: Vikavolt\n|-damage|p2a: Vikavolt|37/263\n|move|p2a: Vikavolt|Bug Buzz|p1a: Sandaconda\n|-damage|p1a: Sandaconda|40/100\n|\n|-heal|p1a: Sandaconda|46/100|[from] item: Leftovers\n|upkeep\n|turn|4\n|inactive|Time left: 300 sec this turn | 300 sec total\n|\n|t:|1783547765\n|move|p1a: Sandaconda|Stone Edge|p2a: Vikavolt\n|-supereffective|p2a: Vikavolt\n|-damage|p2a: Vikavolt|0 fnt\n|faint|p2a: Vikavolt\n|\n|-heal|p1a: Sandaconda|52/100|[from] item: Leftovers\n|upkeep\n|inactive|Time left: 300 sec this turn | 300 sec total | 5 sec grace\n|\n|t:|1783547766\n|switch|p2a: Politoed|Politoed, L88, F|302/302\n|-weather|RainDance|[from] ability: Drizzle|[of] p2a: Politoed\n|turn|5\n|inactive|Time left: 300 sec this turn | 300 sec total\n|\n|t:|1783547767\n|move|p2a: Politoed|Weather Ball|p1a: Sandaconda\n|-supereffective|p1a: Sandaconda\n|-damage|p1a: Sandaconda|0 fnt\n|faint|p1a: Sandaconda\n|\n|-weather|RainDance|[upkeep]\n|upkeep\n|\n|t:|1783547768\n|switch|p1a: Suicune|Suicune, L82|100/100\n|-activate|p1a: Suicune|move: Sticky Web\n|-unboost|p1a: Suicune|spe|1\n|-ability|p1a: Suicune|Pressure\n|turn|6\n|inactive|Time left: 300 sec this turn | 300 sec total\n|\n|t:|1783547770\n|move|p2a: Politoed|Weather Ball|p1a: Suicune\n|-resisted|p1a: Suicune\n|-crit|p1a: Suicune\n|-damage|p1a: Suicune|47/100\n|move|p1a: Suicune|Calm Mind|p1a: Suicune\n|-boost|p1a: Suicune|spa|1\n|-boost|p1a: Suicune|spd|1\n|\n|-weather|RainDance|[upkeep]\n|-heal|p1a: Suicune|53/100|[from] item: Leftovers\n|upkeep\n|turn|7\n|inactive|Time left: 300 sec this turn | 300 sec total\n|\n|t:|1783547771\n|move|p2a: Politoed|Weather Ball|p1a: Suicune\n|-resisted|p1a: Suicune\n|-damage|p1a: Suicune|31/100\n|move|p1a: Suicune|Calm Mind|p1a: Suicune\n|-boost|p1a: Suicune|spa|1\n|-boost|p1a: Suicune|spd|1\n|\n|-weather|RainDance|[upkeep]\n|-heal|p1a: Suicune|37/100|[from] item: Leftovers\n|upkeep\n|turn|8\n|inactive|Time left: 300 sec this turn | 300 sec total\n|\n|t:|1783547772\n|move|p2a: Politoed|Weather Ball|p1a: Suicune\n|-resisted|p1a: Suicune\n|-damage|p1a: Suicune|20/100\n|move|p1a: Suicune|Scald|p2a: Politoed\n|-resisted|p2a: Politoed\n|-damage|p2a: Politoed|207/302\n|\n|-weather|RainDance|[upkeep]\n|-heal|p1a: Suicune|26/100|[from] item: Leftovers\n|upkeep\n|turn|9\n|inactive|Time left: 300 sec this turn | 300 sec total\n|\n|t:|1783547773\n|move|p2a: Politoed|Weather Ball|p1a: Suicune\n|-resisted|p1a: Suicune\n|-damage|p1a: Suicune|9/100\n|move|p1a: Suicune|Scald|p2a: Politoed\n|-resisted|p2a: Politoed\n|-damage|p2a: Politoed|113/302\n|\n|-weather|none\n|-heal|p1a: Suicune|15/100|[from] item: Leftovers\n|upkeep\n|turn|10\n|inactive|Time left: 300 sec this turn | 300 sec total\n|\n|t:|1783547774\n|switch|p2a: Basculegion|Basculegion, L80, M|323/323\n|move|p1a: Suicune|Scald|p2a: Basculegion\n|-resisted|p2a: Basculegion\n|-crit|p2a: Basculegion\n|-damage|p2a: Basculegion|229/323\n|-status|p2a: Basculegion|brn\n|\n|-heal|p1a: Suicune|21/100|[from] item: Leftovers\n|-damage|p2a: Basculegion|209/323 brn|[from] brn\n|upkeep\n|turn|11\n|inactive|Time left: 300 sec this turn | 300 sec total\n|\n|t:|1783547775\n|move|p2a: Basculegion|Shadow Ball|p1a: Suicune\n|-damage|p1a: Suicune|9/100\n|move|p1a: Suicune|Ice Beam|p2a: Basculegion\n|-resisted|p2a: Basculegion\n|-damage|p2a: Basculegion|165/323 brn\n|\n|-heal|p1a: Suicune|15/100|[from] item: Leftovers\n|-damage|p2a: Basculegion|145/323 brn|[from] brn\n|upkeep\n|turn|12\n|inactive|Time left: 300 sec this turn | 300 sec total\n|\n|t:|1783547777\n|move|p2a: Basculegion|Wave Crash|p1a: Suicune\n|-resisted|p1a: Suicune\n|-damage|p1a: Suicune|3/100\n|-damage|p2a: Basculegion|134/323 brn|[from] Recoil\n|move|p1a: Suicune|Calm Mind|p1a: Suicune\n|-boost|p1a: Suicune|spa|1\n|-boost|p1a: Suicune|spd|1\n|\n|-heal|p1a: Suicune|9/100|[from] item: Leftovers\n|-damage|p2a: Basculegion|114/323 brn|[from] brn\n|upkeep\n|turn|13\n|inactive|Time left: 300 sec this turn | 300 sec total\n|\n|t:|1783547778\n|move|p2a: Basculegion|Wave Crash|p1a: Suicune\n|-resisted|p1a: Suicune\n|-damage|p1a: Suicune|0 fnt\n|faint|p1a: Suicune\n|-damage|p2a: Basculegion|105/323 brn|[from] Recoil\n|\n|-damage|p2a: Basculegion|85/323 brn|[from] brn\n|upkeep\n|\n|t:|1783547779\n|switch|p1a: Zamazenta|Zamazenta, L71|100/100\n|-activate|p1a: Zamazenta|move: Sticky Web\n|-unboost|p1a: Zamazenta|spe|1\n|-ability|p1a: Zamazenta|Dauntless Shield|boost\n|-boost|p1a: Zamazenta|def|1\n|turn|14\n|inactive|Time left: 300 sec this turn | 300 sec total\n|\n|t:|1783547780\n|move|p2a: Basculegion|Shadow Ball|p1a: Zamazenta\n|-crit|p1a: Zamazenta\n|-damage|p1a: Zamazenta|46/100\n|-unboost|p1a: Zamazenta|spd|1\n|move|p1a: Zamazenta|Body Press|p2a: Basculegion\n|-immune|p2a: Basculegion\n|\n|-heal|p1a: Zamazenta|53/100|[from] item: Leftovers\n|-damage|p2a: Basculegion|65/323 brn|[from] brn\n|upkeep\n|turn|15\n|inactive|Time left: 300 sec this turn | 300 sec total\n|\n|t:|1783547781\n|move|p2a: Basculegion|Shadow Ball|p1a: Zamazenta\n|-damage|p1a: Zamazenta|2/100\n|move|p1a: Zamazenta|Crunch|p2a: Basculegion\n|-supereffective|p2a: Basculegion\n|-damage|p2a: Basculegion|0 fnt\n|faint|p2a: Basculegion\n|\n|-heal|p1a: Zamazenta|8/100|[from] item: Leftovers\n|upkeep\n|inactive|Time left: 300 sec this turn | 300 sec total | 5 sec grace\n|\n|t:|1783547782\n|switch|p2a: Politoed|Politoed, L88, F|113/302\n|-weather|RainDance|[from] ability: Drizzle|[of] p2a: Politoed\n|turn|16\n|inactive|Time left: 300 sec this turn | 300 sec total\n|\n|t:|1783547782\n|move|p2a: Politoed|Weather Ball|p1a: Zamazenta\n|-damage|p1a: Zamazenta|0 fnt\n|faint|p1a: Zamazenta\n|\n|-weather|RainDance|[upkeep]\n|upkeep\n|\n|t:|1783547783\n|switch|p1a: Bellibolt|Bellibolt, L84, M|100/100\n|-activate|p1a: Bellibolt|move: Sticky Web\n|-unboost|p1a: Bellibolt|spe|1\n|turn|17\n|inactive|Time left: 300 sec this turn | 300 sec total\n|\n|t:|1783547784\n|-terastallize|p2a: Politoed|Water\n|-terastallize|p1a: Bellibolt|Water\n|move|p2a: Politoed|Weather Ball|p1a: Bellibolt\n|-resisted|p1a: Bellibolt\n|-damage|p1a: Bellibolt|48/100\n|-start|p1a: Bellibolt|Charge|Weather Ball|[from] ability: Electromorphosis\n|move|p1a: Bellibolt|Thunderbolt|p2a: Politoed\n|-supereffective|p2a: Politoed\n|-damage|p2a: Politoed|0 fnt\n|faint|p2a: Politoed\n|-end|p1a: Bellibolt|Charge|[silent]\n|\n|-weather|RainDance|[upkeep]\n|-heal|p1a: Bellibolt|54/100|[from] item: Leftovers\n|upkeep\n|inactive|Time left: 300 sec this turn | 300 sec total | 5 sec grace\n|\n|t:|1783547785\n|switch|p2a: Gurdurr|Gurdurr, L85, M|283/283\n|turn|18\n|inactive|Time left: 300 sec this turn | 300 sec total\n|\n|t:|1783547786\n|move|p2a: Gurdurr|Bulk Up|p2a: Gurdurr\n|-boost|p2a: Gurdurr|atk|1\n|-boost|p2a: Gurdurr|def|1\n|move|p1a: Bellibolt|Muddy Water|p2a: Gurdurr\n|-damage|p2a: Gurdurr|124/283\n|\n|-weather|RainDance|[upkeep]\n|-heal|p1a: Bellibolt|60/100|[from] item: Leftovers\n|upkeep\n|turn|19\n|inactive|Time left: 300 sec this turn | 300 sec total\n|\n|t:|1783547786\n|move|p2a: Gurdurr|Drain Punch|p1a: Bellibolt\n|-damage|p1a: Bellibolt|23/100\n|-heal|p2a: Gurdurr|185/283|[from] drain|[of] p1a: Bellibolt\n|-start|p1a: Bellibolt|Charge|Drain Punch|[from] ability: Electromorphosis\n|move|p1a: Bellibolt|Muddy Water|p2a: Gurdurr\n|-damage|p2a: Gurdurr|46/283\n|-unboost|p2a: Gurdurr|accuracy|1\n|\n|-weather|RainDance|[upkeep]\n|-heal|p1a: Bellibolt|29/100|[from] item: Leftovers\n|upkeep\n|turn|20\n|inactive|Time left: 300 sec this turn | 300 sec total\n|\n|t:|1783547787\n|move|p2a: Gurdurr|Drain Punch|p1a: Bellibolt\n|-damage|p1a: Bellibolt|0 fnt\n|-heal|p2a: Gurdurr|92/283|[from] drain|[of] p1a: Bellibolt\n|faint|p1a: Bellibolt\n|\n|-weather|none\n|upkeep\n|\n|t:|1783547788\n|switch|p1a: Gengar|Gengar, L81, F|100/100\n|-activate|p1a: Gengar|move: Sticky Web\n|-unboost|p1a: Gengar|spe|1\n|turn|21\n|inactive|Time left: 300 sec this turn | 300 sec total\n|\n|t:|1783547789\n|move|p1a: Gengar|Sludge Wave|p2a: Gurdurr\n|-damage|p2a: Gurdurr|0 fnt\n|faint|p2a: Gurdurr\n|-damage|p1a: Gengar|90/100|[from] item: Life Orb\n|\n|upkeep\n|inactive|Time left: 300 sec this turn | 300 sec total | 5 sec grace\n|\n|t:|1783547790\n|switch|p2a: Copperajah|Copperajah, L86, F|350/350\n|turn|22\n|inactive|Time left: 300 sec this turn | 300 sec total\n|\n|t:|1783547791\n|move|p1a: Gengar|Will-O-Wisp|p2a: Copperajah\n|-status|p2a: Copperajah|brn\n|move|p2a: Copperajah|Iron Head|p1a: Gengar\n|-damage|p1a: Gengar|40/100\n|-start|p2a: Copperajah|Disable|Iron Head|[from] ability: Cursed Body|[of] p1a: Gengar\n|\n|-damage|p2a: Copperajah|329/350 brn|[from] brn\n|upkeep\n|turn|23\n|inactive|Time left: 300 sec this turn | 300 sec total\n|\n|t:|1783547792\n|move|p1a: Gengar|Shadow Ball|p2a: Copperajah\n|-damage|p2a: Copperajah|185/350 brn\n|-damage|p1a: Gengar|30/100|[from] item: Life Orb\n|move|p2a: Copperajah|Stealth Rock|p1a: Gengar\n|-sidestart|p1: p0x74404fc|move: Stealth Rock\n|\n|-damage|p2a: Copperajah|164/350 brn|[from] brn\n|upkeep\n|turn|24\n|inactive|Time left: 300 sec this turn | 300 sec total\n|\n|t:|1783547793\n|move|p1a: Gengar|Focus Blast|p2a: Copperajah|[miss]\n|-miss|p1a: Gengar|p2a: Copperajah\n|move|p2a: Copperajah|Earthquake|p1a: Gengar\n|-supereffective|p1a: Gengar\n|-damage|p1a: Gengar|0 fnt\n|faint|p1a: Gengar\n|-damage|p2a: Copperajah|129/350 brn|[from] item: Life Orb\n|\n|-damage|p2a: Copperajah|108/350 brn|[from] brn\n|upkeep\n|\n|t:|1783547794\n|switch|p1a: Grafaiai|Grafaiai, L86, M|100/100\n|-activate|p1a: Grafaiai|move: Sticky Web\n|-unboost|p1a: Grafaiai|spe|1\n|-damage|p1a: Grafaiai|88/100|[from] Stealth Rock\n|turn|25\n|inactive|Time left: 300 sec this turn | 300 sec total\n|\n|t:|1783547795\n|move|p1a: Grafaiai|Knock Off|p2a: Copperajah\n|-damage|p2a: Copperajah|19/350 brn\n|-enditem|p2a: Copperajah|Life Orb|[from] move: Knock Off|[of] p1a: Grafaiai\n|move|p2a: Copperajah|Earthquake|p1a: Grafaiai\n|-supereffective|p1a: Grafaiai\n|-damage|p1a: Grafaiai|45/100\n|\n|-damage|p2a: Copperajah|0 fnt|[from] brn\n|faint|p2a: Copperajah\n|upkeep\n|inactive|Time left: 300 sec this turn | 300 sec total | 5 sec grace\n|\n|t:|1783547796\n|switch|p2a: Probopass|Probopass, L91, F|257/257\n|turn|26\n|inactive|Time left: 300 sec this turn | 300 sec total\n|\n|t:|1783547797\n|move|p1a: Grafaiai|Knock Off|p2a: Probopass\n|-damage|p2a: Probopass|215/257\n|-enditem|p2a: Probopass|Leftovers|[from] move: Knock Off|[of] p1a: Grafaiai\n|move|p2a: Probopass|Body Press|p1a: Grafaiai\n|-damage|p1a: Grafaiai|0 fnt\n|faint|p1a: Grafaiai\n|\n|win|p0y744d2a7", "uploadtime": 1783547797, "views": 0, "rating": 0, "private": 0, "password": null, "_winner": "p0y744d2a7", "_our_name": "p0y744d2a7"}