{"id": "battle-gen9randombattle-1580", "formatid": "gen9randombattle", "format": "[Gen 9] Random Battle", "players": ["p0x15809b6b", "p0y15803b96"], "log": "|init|battle\n|title|p0x15809b6b vs. p0y15803b96\n|j|\u2606p0x15809b6b\n|j|\u2606p0y15803b96\n|t:|1783558300\n|gametype|singles\n|player|p1|p0x15809b6b|102|\n|player|p2|p0y15803b96|101|\n|gen|9\n|tier|[Gen 9] Random Battle\n|rule|Species Clause: Limit one of each Pok\u00e9mon\n|rule|HP Percentage Mod: HP is shown in percentages\n|rule|Sleep Clause Mod: Limit one foe put to sleep\n|rule|Illusion Level Mod: Illusion disguises the Pok\u00e9mon's true level\n|\n|t:|1783558300\n|teamsize|p1|6\n|teamsize|p2|6\n|start\n|switch|p1a: Krookodile|Krookodile, L79, F|280/280\n|switch|p2a: Skuntank|Skuntank, L84, M|100/100\n|-ability|p1a: Krookodile|Intimidate|boost\n|-unboost|p2a: Skuntank|atk|1\n|turn|1\n|inactive|Battle timer is ON: inactive players will automatically lose when time's up. (requested by p0x15809b6b)\n|inactive|p0y15803b96 also wants the timer to be on.\n|\n|t:|1783558302\n|switch|p2a: Gumshoos|Gumshoos, L95, M|100/100\n|move|p1a: Krookodile|Knock Off|p2a: Gumshoos\n|-damage|p2a: Gumshoos|66/100\n|-enditem|p2a: Gumshoos|Choice Band|[from] move: Knock Off|[of] p1a: Krookodile\n|\n|upkeep\n|turn|2\n|inactive|Time left: 300 sec this turn | 300 sec total\n|\n|t:|1783558303\n|move|p1a: Krookodile|Bulk Up|p1a: Krookodile\n|-boost|p1a: Krookodile|atk|1\n|-boost|p1a: Krookodile|def|1\n|move|p2a: Gumshoos|Double-Edge|p1a: Krookodile\n|-damage|p1a: Krookodile|147/280\n|-damage|p2a: Gumshoos|52/100|[from] Recoil\n|\n|-heal|p1a: Krookodile|164/280|[from] item: Leftovers\n|upkeep\n|turn|3\n|inactive|Time left: 300 sec this turn | 300 sec total\n|\n|t:|1783558304\n|move|p1a: Krookodile|Earthquake|p2a: Gumshoos\n|-damage|p2a: Gumshoos|0 fnt\n|faint|p2a: Gumshoos\n|\n|-heal|p1a: Krookodile|181/280|[from] item: Leftovers\n|upkeep\n|\n|t:|1783558305\n|switch|p2a: Espeon|Espeon, L84, M|100/100\n|turn|4\n|inactive|Time left: 300 sec this turn | 300 sec total\n|\n|t:|1783558306\n|move|p2a: Espeon|Alluring Voice|p1a: Krookodile\n|-supereffective|p1a: Krookodile\n|-damage|p1a: Krookodile|0 fnt\n|faint|p1a: Krookodile\n|\n|upkeep\n|inactive|Time left: 300 sec this turn | 300 sec total | 5 sec grace\n|\n|t:|1783558307\n|switch|p1a: Diancie|Diancie, L82|216/216\n|turn|5\n|inactive|Time left: 300 sec this turn | 300 sec total\n|\n|t:|1783558308\n|move|p2a: Espeon|Alluring Voice|p1a: Diancie\n|-damage|p1a: Diancie|149/216\n|move|p1a: Diancie|Diamond Storm|p2a: Espeon\n|-damage|p2a: Espeon|46/100\n|-boost|p1a: Diancie|def|2\n|\n|-heal|p1a: Diancie|162/216|[from] item: Leftovers\n|upkeep\n|turn|6\n|inactive|Time left: 300 sec this turn | 300 sec total\n|\n|t:|1783558309\n|switch|p2a: Clodsire|Clodsire, L81, M|100/100\n|move|p1a: Diancie|Diamond Storm|p2a: Clodsire\n|-resisted|p2a: Clodsire\n|-damage|p2a: Clodsire|81/100\n|\n|-heal|p1a: Diancie|175/216|[from] item: Leftovers\n|-heal|p2a: Clodsire|87/100|[from] item: Leftovers\n|upkeep\n|turn|7\n|inactive|Time left: 300 sec this turn | 300 sec total\n|\n|t:|1783558310\n|move|p1a: Diancie|Calm Mind|p1a: Diancie\n|-boost|p1a: Diancie|spa|1\n|-boost|p1a: Diancie|spd|1\n|move|p2a: Clodsire|Earthquake|p1a: Diancie\n|-supereffective|p1a: Diancie\n|-damage|p1a: Diancie|73/216\n|\n|-heal|p1a: Diancie|86/216|[from] item: Leftovers\n|-heal|p2a: Clodsire|93/100|[from] item: Leftovers\n|upkeep\n|turn|8\n|inactive|Time left: 300 sec this turn | 300 sec total\n|\n|t:|1783558311\n|move|p1a: Diancie|Earth Power|p2a: Clodsire\n|-supereffective|p2a: Clodsire\n|-damage|p2a: Clodsire|59/100\n|move|p2a: Clodsire|Earthquake|p1a: Diancie\n|-supereffective|p1a: Diancie\n|-damage|p1a: Diancie|0 fnt\n|faint|p1a: Diancie\n|\n|-heal|p2a: Clodsire|65/100|[from] item: Leftovers\n|upkeep\n|inactive|Time left: 300 sec this turn | 300 sec total | 5 sec grace\n|\n|t:|1783558312\n|switch|p1a: Garchomp|Garchomp, L74, F|282/282\n|turn|9\n|inactive|Time left: 300 sec this turn | 300 sec total\n|\n|t:|1783558313\n|switch|p2a: Hatterene|Hatterene, L85, F|100/100\n|move|p1a: Garchomp|Earthquake|p2a: Hatterene\n|-damage|p2a: Hatterene|62/100\n|\n|-heal|p2a: Hatterene|68/100|[from] item: Leftovers\n|upkeep\n|turn|10\n|inactive|Time left: 300 sec this turn | 300 sec total\n|\n|t:|1783558314\n|-terastallize|p1a: Garchomp|Steel\n|move|p1a: Garchomp|Earthquake|p2a: Hatterene\n|-damage|p2a: Hatterene|27/100\n|move|p2a: Hatterene|Draining Kiss|p1a: Garchomp\n|-resisted|p1a: Garchomp\n|-damage|p1a: Garchomp|240/282\n|-heal|p2a: Hatterene|40/100|[from] drain|[of] p1a: Garchomp\n|-damage|p2a: Hatterene|28/100|[from] ability: Rough Skin|[of] p1a: Garchomp\n|-damage|p2a: Hatterene|12/100|[from] item: Rocky Helmet|[of] p1a: Garchomp\n|\n|-heal|p2a: Hatterene|17/100|[from] item: Leftovers\n|upkeep\n|turn|11\n|inactive|Time left: 300 sec this turn | 300 sec total\n|\n|t:|1783558315\n|move|p1a: Garchomp|Earthquake|p2a: Hatterene\n|-damage|p2a: Hatterene|0 fnt\n|faint|p2a: Hatterene\n|\n|upkeep\n|\n|t:|1783558316\n|switch|p2a: Raging Bolt|Raging Bolt, L78|100/100\n|-enditem|p2a: Raging Bolt|Booster Energy\n|-activate|p2a: Raging Bolt|ability: Protosynthesis|[fromitem]\n|-start|p2a: Raging Bolt|protosynthesisspa\n|turn|12\n|inactive|Time left: 300 sec this turn | 300 sec total\n|\n|t:|1783558317\n|move|p1a: Garchomp|Earthquake|p2a: Raging Bolt\n|-supereffective|p2a: Raging Bolt\n|-damage|p2a: Raging Bolt|31/100\n|move|p2a: Raging Bolt|Thunderbolt|p1a: Garchomp\n|-damage|p1a: Garchomp|78/282\n|\n|upkeep\n|turn|13\n|inactive|Time left: 300 sec this turn | 300 sec total\n|\n|t:|1783558318\n|move|p2a: Raging Bolt|Thunderclap|p1a: Garchomp\n|-damage|p1a: Garchomp|0 fnt\n|faint|p1a: Garchomp\n|\n|upkeep\n|inactive|Time left: 300 sec this turn | 300 sec total | 5 sec grace\n|\n|t:|1783558319\n|switch|p1a: Arceus|Arceus-Dark, L71|288/288\n|turn|14\n|inactive|Time left: 300 sec this turn | 300 sec total\n|\n|t:|1783558320\n|-end|p2a: Raging Bolt|Protosynthesis|[silent]\n|switch|p2a: Clodsire|Clodsire, L81, M|65/100\n|move|p1a: Arceus|Calm Mind|p1a: Arceus\n|-boost|p1a: Arceus|spa|1\n|-boost|p1a: Arceus|spd|1\n|\n|-heal|p2a: Clodsire|71/100|[from] item: Leftovers\n|upkeep\n|turn|15\n|inactive|Time left: 300 sec this turn | 300 sec total\n|\n|t:|1783558321\n|move|p1a: Arceus|Judgment|p2a: Clodsire\n|-damage|p2a: Clodsire|40/100\n|move|p2a: Clodsire|Toxic|p1a: Arceus\n|-status|p1a: Arceus|tox\n|\n|-heal|p2a: Clodsire|46/100|[from] item: Leftovers\n|-damage|p1a: Arceus|270/288 tox|[from] psn\n|upkeep\n|turn|16\n|inactive|Time left: 300 sec this turn | 300 sec total\n|\n|t:|1783558322\n|move|p1a: Arceus|Judgment|p2a: Clodsire\n|-damage|p2a: Clodsire|14/100\n|move|p2a: Clodsire|Recover|p2a: Clodsire\n|-heal|p2a: Clodsire|64/100\n|\n|-heal|p2a: Clodsire|70/100|[from] item: Leftovers\n|-damage|p1a: Arceus|234/288 tox|[from] psn\n|upkeep\n|turn|17\n|inactive|Time left: 300 sec this turn | 300 sec total\n|\n|t:|1783558323\n|move|p1a: Arceus|Judgment|p2a: Clodsire\n|-damage|p2a: Clodsire|37/100\n|move|p2a: Clodsire|Earthquake|p1a: Arceus\n|-damage|p1a: Arceus|156/288 tox\n|\n|-heal|p2a: Clodsire|43/100|[from] item: Leftovers\n|-damage|p1a: Arceus|102/288 tox|[from] psn\n|upkeep\n|turn|18\n|inactive|Time left: 300 sec this turn | 300 sec total\n|\n|t:|1783558324\n|move|p1a: Arceus|Judgment|p2a: Clodsire\n|-damage|p2a: Clodsire|12/100\n|move|p2a: Clodsire|Recover|p2a: Clodsire\n|-heal|p2a: Clodsire|63/100\n|\n|-heal|p2a: Clodsire|69/100|[from] item: Leftovers\n|-damage|p1a: Arceus|30/288 tox|[from] psn\n|upkeep\n|turn|19\n|inactive|Time left: 300 sec this turn | 300 sec total\n|\n|t:|1783558325\n|move|p1a: Arceus|Judgment|p2a: Clodsire\n|-damage|p2a: Clodsire|38/100\n|move|p2a: Clodsire|Recover|p2a: Clodsire\n|-heal|p2a: Clodsire|88/100\n|\n|-heal|p2a: Clodsire|94/100|[from] item: Leftovers\n|-damage|p1a: Arceus|0 fnt|[from] psn\n|faint|p1a: Arceus\n|upkeep\n|inactive|Time left: 300 sec this turn | 300 sec total | 5 sec grace\n|\n|t:|1783558326\n|switch|p1a: Smeargle|Smeargle, L95, M|258/258\n|turn|20\n|inactive|Time left: 300 sec this turn | 300 sec total\n|\n|t:|1783558327\n|switch|p2a: Espeon|Espeon, L84, M|46/100\n|move|p1a: Smeargle|Shell Smash|p1a: Smeargle\n|-unboost|p1a: Smeargle|def|1\n|-unboost|p1a: Smeargle|spd|1\n|-boost|p1a: Smeargle|atk|2\n|-boost|p1a: Smeargle|spa|2\n|-boost|p1a: Smeargle|spe|2\n|\n|upkeep\n|turn|21\n|inactive|Time left: 300 sec this turn | 300 sec total\n|\n|t:|1783558328\n|move|p1a: Smeargle|Population Bomb|p2a: Espeon\n|-damage|p2a: Espeon|30/100\n|-damage|p2a: Espeon|13/100\n|-damage|p2a: Espeon|0 fnt\n|faint|p2a: Espeon\n|-hitcount|p2: Espeon|3\n|\n|upkeep\n|\n|t:|1783558329\n|switch|p2a: Clodsire|Clodsire, L81, M|94/100\n|turn|22\n|inactive|Time left: 300 sec this turn | 300 sec total\n|\n|t:|1783558329\n|move|p1a: Smeargle|Population Bomb|p2a: Clodsire\n|-damage|p2a: Clodsire|88/100\n|-damage|p2a: Clodsire|82/100\n|-damage|p2a: Clodsire|75/100\n|-crit|p2a: Clodsire\n|-damage|p2a: Clodsire|66/100\n|-damage|p2a: Clodsire|59/100\n|-damage|p2a: Clodsire|53/100\n|-damage|p2a: Clodsire|46/100\n|-damage|p2a: Clodsire|40/100\n|-damage|p2a: Clodsire|33/100\n|-damage|p2a: Clodsire|26/100\n|-hitcount|p2a: Clodsire|10\n|move|p2a: Clodsire|Earthquake|p1a: Smeargle\n|-damage|p1a: Smeargle|126/258\n|\n|-heal|p2a: Clodsire|33/100|[from] item: Leftovers\n|upkeep\n|turn|23\n|inactive|Time left: 300 sec this turn | 300 sec total\n|\n|t:|1783558330\n|-terastallize|p2a: Clodsire|Steel\n|move|p1a: Smeargle|Spore|p2a: Clodsire\n|-status|p2a: Clodsire|slp|[from] move: Spore\n|cant|p2a: Clodsire|slp\n|\n|-heal|p2a: Clodsire|39/100 slp|[from] item: Leftovers\n|upkeep\n|turn|24\n|inactive|Time left: 300 sec this turn | 300 sec total\n|\n|t:|1783558331\n|move|p1a: Smeargle|Population Bomb|p2a: Clodsire\n|-resisted|p2a: Clodsire\n|-damage|p2a: Clodsire|35/100 slp\n|-resisted|p2a: Clodsire\n|-damage|p2a: Clodsire|32/100 slp\n|-resisted|p2a: Clodsire\n|-damage|p2a: Clodsire|28/100 slp\n|-resisted|p2a: Clodsire\n|-damage|p2a: Clodsire|25/100 slp\n|-resisted|p2a: Clodsire\n|-damage|p2a: Clodsire|22/100 slp\n|-resisted|p2a: Clodsire\n|-damage|p2a: Clodsire|19/100 slp\n|-resisted|p2a: Clodsire\n|-damage|p2a: Clodsire|16/100 slp\n|-resisted|p2a: Clodsire\n|-damage|p2a: Clodsire|12/100 slp\n|-resisted|p2a: Clodsire\n|-damage|p2a: Clodsire|9/100 slp\n|-resisted|p2a: Clodsire\n|-damage|p2a: Clodsire|6/100 slp\n|-hitcount|p2a: Clodsire|10\n|cant|p2a: Clodsire|slp\n|\n|-heal|p2a: Clodsire|12/100 slp|[from] item: Leftovers\n|upkeep\n|turn|25\n|inactive|Time left: 300 sec this turn | 300 sec total\n|\n|t:|1783558332\n|switch|p2a: Raging Bolt|Raging Bolt, L78|31/100\n|move|p1a: Smeargle|Population Bomb|p2a: Raging Bolt\n|-damage|p2a: Raging Bolt|20/100\n|-damage|p2a: Raging Bolt|10/100\n|-damage|p2a: Raging Bolt|1/100\n|-damage|p2a: Raging Bolt|0 fnt\n|faint|p2a: Raging Bolt\n|-end|p2a: Raging Bolt|Protosynthesis|[silent]\n|-hitcount|p2: Raging Bolt|4\n|\n|upkeep\n|\n|t:|1783558332\n|switch|p2a: Skuntank|Skuntank, L84, M|100/100\n|turn|26\n|inactive|Time left: 300 sec this turn | 300 sec total\n|\n|t:|1783558333\n|move|p2a: Skuntank|Sucker Punch|p1a: Smeargle\n|-damage|p1a: Smeargle|0 fnt\n|faint|p1a: Smeargle\n|\n|upkeep\n|inactive|Time left: 300 sec this turn | 300 sec total | 5 sec grace\n|\n|t:|1783558334\n|switch|p1a: Sneasler|Sneasler, L74, M|240/240\n|turn|27\n|inactive|Time left: 300 sec this turn | 300 sec total\n|\n|t:|1783558335\n|move|p1a: Sneasler|Dire Claw|p2a: Skuntank\n|-resisted|p2a: Skuntank\n|-damage|p2a: Skuntank|78/100\n|-message|Sleep Clause Mod activated.\n|-hint|Sleep Clause Mod prevents players from putting more than one of their opponent's Pok\u00e9mon to sleep at a time\n|move|p2a: Skuntank|Gunk Shot|p1a: Sneasler|[miss]\n|-miss|p2a: Skuntank|p1a: Sneasler\n|\n|upkeep\n|turn|28\n|inactive|Time left: 300 sec this turn | 300 sec total\n|\n|t:|1783558335\n|switch|p2a: Clodsire|Clodsire, L81, M, tera:Steel|12/100 slp\n|move|p1a: Sneasler|Dire Claw|p2a: Clodsire\n|-immune|p2a: Clodsire\n|\n|-heal|p2a: Clodsire|18/100 slp|[from] item: Leftovers\n|upkeep\n|turn|29\n|inactive|Time left: 300 sec this turn | 300 sec total\n|\n|t:|1783558336\n|move|p1a: Sneasler|Dire Claw|p2a: Clodsire\n|-immune|p2a: Clodsire\n|-curestatus|p2a: Clodsire|slp|[msg]\n|move|p2a: Clodsire|Earthquake|p1a: Sneasler\n|-supereffective|p1a: Sneasler\n|-damage|p1a: Sneasler|0 fnt\n|faint|p1a: Sneasler\n|\n|win|p0y15803b96", "uploadtime": 1783558336, "views": 0, "rating": 0, "private": 0, "password": null, "_winner": "p0y15803b96", "_our_name": "p0x15809b6b"}