{"id": "battle-gen9randombattle-2720", "formatid": "gen9randombattle", "format": "[Gen 9] Random Battle", "players": ["p0x27208e95", "p0y2720109d"], "log": "|init|battle\n|title|p0x27208e95 vs. p0y2720109d\n|j|\u2606p0x27208e95\n|j|\u2606p0y2720109d\n|t:|1783571366\n|gametype|singles\n|player|p1|p0x27208e95|169|\n|player|p2|p0y2720109d|265|\n|gen|9\n|tier|[Gen 9] Random Battle\n|rule|Species Clause: Limit one of each Pok\u00e9mon\n|rule|HP Percentage Mod: HP is shown in percentages\n|rule|Sleep Clause Mod: Limit one foe put to sleep\n|rule|Illusion Level Mod: Illusion disguises the Pok\u00e9mon's true level\n|\n|t:|1783571366\n|teamsize|p1|6\n|teamsize|p2|6\n|start\n|switch|p1a: Haxorus|Haxorus, L77, M|244/244\n|switch|p2a: Entei|Entei, L78|100/100\n|-ability|p1a: Haxorus|Mold Breaker\n|turn|1\n|inactive|Battle timer is ON: inactive players will automatically lose when time's up. (requested by p0x27208e95)\n|inactive|p0y2720109d also wants the timer to be on.\n|\n|t:|1783571368\n|move|p2a: Entei|Sacred Fire|p1a: Haxorus\n|-resisted|p1a: Haxorus\n|-damage|p1a: Haxorus|166/244\n|move|p1a: Haxorus|Swords Dance|p1a: Haxorus\n|-boost|p1a: Haxorus|atk|2\n|\n|upkeep\n|turn|2\n|inactive|Time left: 300 sec this turn | 300 sec total\n|\n|t:|1783571369\n|move|p2a: Entei|Sacred Fire|p1a: Haxorus|[miss]\n|-miss|p2a: Entei|p1a: Haxorus\n|move|p1a: Haxorus|Scale Shot|p2a: Entei\n|-damage|p2a: Entei|77/100\n|-damage|p2a: Entei|55/100\n|-damage|p2a: Entei|33/100\n|-damage|p2a: Entei|13/100\n|-hitcount|p2a: Entei|4\n|-unboost|p1a: Haxorus|def|1\n|-boost|p1a: Haxorus|spe|1\n|\n|upkeep\n|turn|3\n|inactive|Time left: 300 sec this turn | 300 sec total\n|\n|t:|1783571370\n|move|p1a: Haxorus|Scale Shot|p2a: Entei\n|-damage|p2a: Entei|0 fnt\n|faint|p2a: Entei\n|-hitcount|p2: Entei|1\n|-unboost|p1a: Haxorus|def|1\n|-boost|p1a: Haxorus|spe|1\n|\n|upkeep\n|\n|t:|1783571371\n|switch|p2a: Stonjourner|Stonjourner, L91, F|100/100\n|turn|4\n|inactive|Time left: 300 sec this turn | 300 sec total\n|\n|t:|1783571372\n|move|p1a: Haxorus|Iron Head|p2a: Stonjourner\n|-supereffective|p2a: Stonjourner\n|-damage|p2a: Stonjourner|48/100\n|move|p2a: Stonjourner|Earthquake|p1a: Haxorus\n|-damage|p1a: Haxorus|0 fnt\n|faint|p1a: Haxorus\n|-damage|p2a: Stonjourner|38/100|[from] item: Life Orb\n|\n|upkeep\n|inactive|Time left: 300 sec this turn | 300 sec total | 5 sec grace\n|\n|t:|1783571373\n|switch|p1a: Weavile|Weavile, L79, M|239/239\n|turn|5\n|inactive|Time left: 300 sec this turn | 300 sec total\n|\n|t:|1783571374\n|move|p1a: Weavile|Triple Axel|p2a: Stonjourner\n|-damage|p2a: Stonjourner|32/100\n|-damage|p2a: Stonjourner|17/100\n|-damage|p2a: Stonjourner|0 fnt\n|faint|p2a: Stonjourner\n|-hitcount|p2: Stonjourner|3\n|\n|upkeep\n|\n|t:|1783571375\n|switch|p2a: Morpeko|Morpeko, L88, F|100/100\n|turn|6\n|inactive|Time left: 300 sec this turn | 300 sec total\n|\n|t:|1783571376\n|move|p1a: Weavile|Triple Axel|p2a: Morpeko\n|-damage|p2a: Morpeko|83/100\n|-damage|p2a: Morpeko|50/100\n|-hitcount|p2a: Morpeko|2\n|move|p2a: Morpeko|Aura Wheel|p1a: Weavile\n|-damage|p1a: Weavile|64/239\n|-boost|p2a: Morpeko|spe|1\n|\n|-heal|p2a: Morpeko|56/100|[from] item: Leftovers\n|-formechange|p2a: Morpeko|Morpeko-Hangry||[from] ability: Hunger Switch\n|upkeep\n|turn|7\n|inactive|Time left: 300 sec this turn | 300 sec total\n|\n|t:|1783571377\n|switch|p1a: Overqwil|Overqwil, L82, M|274/274\n|-ability|p1a: Overqwil|Intimidate|boost\n|-unboost|p2a: Morpeko|atk|1\n|move|p2a: Morpeko|Aura Wheel|p1a: Overqwil\n|-resisted|p1a: Overqwil\n|-damage|p1a: Overqwil|237/274\n|-boost|p2a: Morpeko|spe|1\n|\n|-heal|p2a: Morpeko|62/100|[from] item: Leftovers\n|-formechange|p2a: Morpeko|Morpeko||[from] ability: Hunger Switch\n|upkeep\n|turn|8\n|inactive|Time left: 300 sec this turn | 300 sec total\n|\n|t:|1783571378\n|move|p2a: Morpeko|Knock Off|p1a: Overqwil\n|-resisted|p1a: Overqwil\n|-damage|p1a: Overqwil|198/274\n|-enditem|p1a: Overqwil|Life Orb|[from] move: Knock Off|[of] p2a: Morpeko\n|move|p1a: Overqwil|Swords Dance|p1a: Overqwil\n|-boost|p1a: Overqwil|atk|2\n|\n|-heal|p2a: Morpeko|68/100|[from] item: Leftovers\n|-formechange|p2a: Morpeko|Morpeko-Hangry||[from] ability: Hunger Switch\n|upkeep\n|turn|9\n|inactive|Time left: 300 sec this turn | 300 sec total\n|\n|t:|1783571378\n|move|p2a: Morpeko|Protect|p2a: Morpeko\n|-singleturn|p2a: Morpeko|Protect\n|move|p1a: Overqwil|Gunk Shot|p2a: Morpeko\n|-activate|p2a: Morpeko|move: Protect\n|\n|-heal|p2a: Morpeko|74/100|[from] item: Leftovers\n|-formechange|p2a: Morpeko|Morpeko||[from] ability: Hunger Switch\n|upkeep\n|turn|10\n|inactive|Time left: 300 sec this turn | 300 sec total\n|\n|t:|1783571379\n|-terastallize|p2a: Morpeko|Electric\n|move|p2a: Morpeko|Aura Wheel|p1a: Overqwil\n|-damage|p1a: Overqwil|98/274\n|-boost|p2a: Morpeko|spe|1\n|move|p1a: Overqwil|Gunk Shot|p2a: Morpeko\n|-crit|p2a: Morpeko\n|-damage|p2a: Morpeko|0 fnt\n|faint|p2a: Morpeko\n|\n|upkeep\n|\n|t:|1783571380\n|switch|p2a: Hawlucha|Hawlucha, L80, M|100/100\n|turn|11\n|inactive|Time left: 300 sec this turn | 300 sec total\n|\n|t:|1783571381\n|switch|p1a: Armarouge|Armarouge, L80, M|267/267\n|move|p2a: Hawlucha|Close Combat|p1a: Armarouge\n|-resisted|p1a: Armarouge\n|-damage|p1a: Armarouge|217/267\n|-unboost|p2a: Hawlucha|def|1\n|-unboost|p2a: Hawlucha|spd|1\n|-ability|p1a: Armarouge|Weak Armor|boost\n|-unboost|p1a: Armarouge|def|1\n|-boost|p1a: Armarouge|spe|2\n|-enditem|p2a: Hawlucha|White Herb\n|-clearnegativeboost|p2a: Hawlucha|[silent]\n|\n|upkeep\n|turn|12\n|inactive|Time left: 300 sec this turn | 300 sec total\n|\n|t:|1783571382\n|move|p2a: Hawlucha|Swords Dance|p2a: Hawlucha\n|-boost|p2a: Hawlucha|atk|2\n|move|p1a: Armarouge|Psyshock|p2a: Hawlucha\n|-supereffective|p2a: Hawlucha\n|-damage|p2a: Hawlucha|7/100\n|\n|upkeep\n|turn|13\n|inactive|Time left: 300 sec this turn | 300 sec total\n|\n|t:|1783571383\n|switch|p1a: Iron Hands|Iron Hands, L79|373/373\n|move|p2a: Hawlucha|Acrobatics|p1a: Iron Hands\n|-damage|p1a: Iron Hands|174/373\n|\n|upkeep\n|turn|14\n|inactive|Time left: 300 sec this turn | 300 sec total\n|\n|t:|1783571384\n|move|p1a: Iron Hands|Fake Out|p2a: Hawlucha\n|-damage|p2a: Hawlucha|0 fnt\n|faint|p2a: Hawlucha\n|\n|upkeep\n|\n|t:|1783571385\n|switch|p2a: Torterra|Torterra, L78, F|100/100\n|turn|15\n|inactive|Time left: 300 sec this turn | 300 sec total\n|\n|t:|1783571386\n|-terastallize|p1a: Iron Hands|Fighting\n|move|p2a: Torterra|Shell Smash|p2a: Torterra\n|-unboost|p2a: Torterra|def|1\n|-unboost|p2a: Torterra|spd|1\n|-boost|p2a: Torterra|atk|2\n|-boost|p2a: Torterra|spa|2\n|-boost|p2a: Torterra|spe|2\n|move|p1a: Iron Hands|Close Combat|p2a: Torterra\n|-damage|p2a: Torterra|0 fnt\n|-unboost|p1a: Iron Hands|def|1\n|-unboost|p1a: Iron Hands|spd|1\n|faint|p2a: Torterra\n|\n|upkeep\n|\n|t:|1783571387\n|switch|p2a: Hypno|Hypno, L95, F|100/100\n|turn|16\n|inactive|Time left: 300 sec this turn | 300 sec total\n|\n|t:|1783571388\n|-end|p1a: Iron Hands|Quark Drive|[silent]\n|switch|p1a: Overqwil|Overqwil, L82, M|98/274\n|-ability|p1a: Overqwil|Intimidate|boost\n|-unboost|p2a: Hypno|atk|1\n|move|p2a: Hypno|Focus Blast|p1a: Overqwil\n|-damage|p1a: Overqwil|0 fnt\n|faint|p1a: Overqwil\n|\n|upkeep\n|inactive|Time left: 300 sec this turn | 300 sec total | 5 sec grace\n|\n|t:|1783571389\n|switch|p1a: Weavile|Weavile, L79, M|64/239\n|turn|17\n|inactive|Time left: 300 sec this turn | 300 sec total\n|\n|t:|1783571390\n|move|p2a: Hypno|Protect|p2a: Hypno\n|-singleturn|p2a: Hypno|Protect\n|move|p1a: Weavile|Knock Off|p2a: Hypno\n|-activate|p2a: Hypno|move: Protect\n|\n|upkeep\n|turn|18\n|inactive|Time left: 300 sec this turn | 300 sec total\n|\n|t:|1783571391\n|move|p2a: Hypno|Protect||[still]\n|-fail|p2a: Hypno\n|move|p1a: Weavile|Knock Off|p2a: Hypno\n|-supereffective|p2a: Hypno\n|-damage|p2a: Hypno|0 fnt\n|-enditem|p2a: Hypno|Leftovers|[from] move: Knock Off|[of] p1a: Weavile\n|faint|p2a: Hypno\n|\n|win|p0x27208e95", "uploadtime": 1783571391, "views": 0, "rating": 0, "private": 0, "password": null, "_winner": "p0x27208e95", "_our_name": "p0x27208e95"}