{"id": "battle-gen9randombattle-2812", "formatid": "gen9randombattle", "format": "[Gen 9] Random Battle", "players": ["p0x28128bbe", "p0y2812bdae"], "log": "|init|battle\n|title|p0x28128bbe vs. p0y2812bdae\n|j|\u2606p0x28128bbe\n|j|\u2606p0y2812bdae\n|t:|1783572398\n|gametype|singles\n|player|p1|p0x28128bbe|2|\n|player|p2|p0y2812bdae|101|\n|gen|9\n|tier|[Gen 9] Random Battle\n|rule|Species Clause: Limit one of each Pok\u00e9mon\n|rule|HP Percentage Mod: HP is shown in percentages\n|rule|Sleep Clause Mod: Limit one foe put to sleep\n|rule|Illusion Level Mod: Illusion disguises the Pok\u00e9mon's true level\n|\n|t:|1783572398\n|teamsize|p1|6\n|teamsize|p2|6\n|start\n|switch|p1a: Samurott|Samurott, L88, M|100/100\n|switch|p2a: Drednaw|Drednaw, L81, F|278/278\n|turn|1\n|inactive|Battle timer is ON: inactive players will automatically lose when time's up. (requested by p0y2812bdae)\n|inactive|p0x28128bbe also wants the timer to be on.\n|\n|t:|1783572399\n|move|p1a: Samurott|Grass Knot|p2a: Drednaw\n|-supereffective|p2a: Drednaw\n|-damage|p2a: Drednaw|0 fnt\n|faint|p2a: Drednaw\n|\n|upkeep\n|inactive|Time left: 300 sec this turn | 300 sec total | 65 sec grace\n|\n|t:|1783572400\n|switch|p2a: Pecharunt|Pecharunt, L77|262/262\n|turn|2\n|inactive|Time left: 300 sec this turn | 300 sec total\n|\n|t:|1783572402\n|move|p2a: Pecharunt|Malignant Chain|p1a: Samurott\n|-damage|p1a: Samurott|79/100\n|-status|p1a: Samurott|tox\n|-start|p1a: Samurott|confusion|[from] ability: Poison Puppeteer|[of] p2a: Pecharunt\n|-activate|p1a: Samurott|confusion\n|move|p1a: Samurott|Hydro Pump|p2a: Pecharunt\n|-damage|p2a: Pecharunt|114/262\n|\n|-heal|p2a: Pecharunt|130/262|[from] item: Leftovers\n|-damage|p1a: Samurott|73/100 tox|[from] psn\n|upkeep\n|turn|3\n|inactive|Time left: 300 sec this turn | 300 sec total\n|\n|t:|1783572403\n|switch|p1a: Regidrago|Regidrago, L77|100/100\n|move|p2a: Pecharunt|Recover|p2a: Pecharunt\n|-heal|p2a: Pecharunt|261/262\n|\n|-heal|p2a: Pecharunt|262/262|[from] item: Leftovers\n|upkeep\n|turn|4\n|inactive|Time left: 300 sec this turn | 300 sec total\n|\n|t:|1783572404\n|-terastallize|p1a: Regidrago|Dragon\n|move|p1a: Regidrago|Dragon Energy|p2a: Pecharunt\n|-damage|p2a: Pecharunt|0 fnt\n|faint|p2a: Pecharunt\n|\n|upkeep\n|inactive|Time left: 300 sec this turn | 300 sec total | 5 sec grace\n|\n|t:|1783572405\n|switch|p2a: Frosmoth|Frosmoth, L82, M|249/249\n|turn|5\n|inactive|Time left: 300 sec this turn | 300 sec total\n|\n|t:|1783572407\n|move|p1a: Regidrago|Dragon Energy|p2a: Frosmoth\n|-damage|p2a: Frosmoth|122/249\n|move|p2a: Frosmoth|Ice Beam|p1a: Regidrago\n|-supereffective|p1a: Regidrago\n|-damage|p1a: Regidrago|23/100\n|\n|upkeep\n|turn|6\n|inactive|Time left: 300 sec this turn | 300 sec total\n|\n|t:|1783572408\n|switch|p1a: Dewgong|Dewgong, L94, F|100/100\n|move|p2a: Frosmoth|Quiver Dance|p2a: Frosmoth\n|-boost|p2a: Frosmoth|spa|1\n|-boost|p2a: Frosmoth|spd|1\n|-boost|p2a: Frosmoth|spe|1\n|\n|upkeep\n|turn|7\n|inactive|Time left: 300 sec this turn | 300 sec total\n|\n|t:|1783572409\n|move|p2a: Frosmoth|Hurricane|p1a: Dewgong\n|-damage|p1a: Dewgong|67/100\n|move|p1a: Dewgong|Knock Off|p2a: Frosmoth\n|-crit|p2a: Frosmoth\n|-damage|p2a: Frosmoth|0 fnt\n|-enditem|p2a: Frosmoth|Heavy-Duty Boots|[from] move: Knock Off|[of] p1a: Dewgong\n|faint|p2a: Frosmoth\n|\n|upkeep\n|inactive|Time left: 300 sec this turn | 300 sec total | 5 sec grace\n|\n|t:|1783572410\n|switch|p2a: Suicune|Suicune, L82|298/298\n|-ability|p2a: Suicune|Pressure\n|turn|8\n|inactive|Time left: 300 sec this turn | 300 sec total\n|\n|t:|1783572411\n|move|p2a: Suicune|Calm Mind|p2a: Suicune\n|-boost|p2a: Suicune|spa|1\n|-boost|p2a: Suicune|spd|1\n|move|p1a: Dewgong|Encore|p2a: Suicune\n|-start|p2a: Suicune|Encore\n|\n|upkeep\n|turn|9\n|inactive|Time left: 300 sec this turn | 300 sec total\n|\n|t:|1783572412\n|switch|p1a: Regidrago|Regidrago, L77, tera:Dragon|23/100\n|move|p2a: Suicune|Calm Mind|p2a: Suicune\n|-boost|p2a: Suicune|spa|1\n|-boost|p2a: Suicune|spd|1\n|\n|upkeep\n|turn|10\n|inactive|Time left: 300 sec this turn | 300 sec total\n|\n|t:|1783572413\n|move|p1a: Regidrago|Outrage|p2a: Suicune\n|-damage|p2a: Suicune|128/298\n|move|p2a: Suicune|Calm Mind|p2a: Suicune\n|-boost|p2a: Suicune|spa|1\n|-boost|p2a: Suicune|spd|1\n|\n|-heal|p2a: Suicune|146/298|[from] item: Leftovers\n|upkeep\n|turn|11\n|inactive|Time left: 300 sec this turn | 300 sec total\n|\n|t:|1783572414\n|switch|p2a: Wigglytuff|Wigglytuff, L96, M|424/424\n|move|p1a: Regidrago|Outrage|p2a: Wigglytuff|[from] lockedmove\n|-immune|p2a: Wigglytuff\n|\n|upkeep\n|turn|12\n|inactive|Time left: 300 sec this turn | 300 sec total\n|\n|t:|1783572415\n|move|p1a: Regidrago|Outrage|p2a: Wigglytuff\n|-immune|p2a: Wigglytuff\n|move|p2a: Wigglytuff|Dazzling Gleam|p1a: Regidrago\n|-supereffective|p1a: Regidrago\n|-damage|p1a: Regidrago|0 fnt\n|faint|p1a: Regidrago\n|\n|upkeep\n|\n|t:|1783572416\n|switch|p1a: Vileplume|Vileplume, L85, M|100/100\n|turn|13\n|inactive|Time left: 300 sec this turn | 300 sec total\n|\n|t:|1783572417\n|move|p2a: Wigglytuff|Thunder Wave|p1a: Vileplume|[miss]\n|-miss|p2a: Wigglytuff|p1a: Vileplume\n|move|p1a: Vileplume|Sludge Bomb|p2a: Wigglytuff\n|-supereffective|p2a: Wigglytuff\n|-damage|p2a: Wigglytuff|134/424\n|\n|-heal|p2a: Wigglytuff|160/424|[from] item: Leftovers\n|upkeep\n|turn|14\n|inactive|Time left: 300 sec this turn | 300 sec total\n|\n|t:|1783572418\n|move|p2a: Wigglytuff|Wish|p2a: Wigglytuff\n|move|p1a: Vileplume|Sludge Bomb|p2a: Wigglytuff\n|-supereffective|p2a: Wigglytuff\n|-damage|p2a: Wigglytuff|0 fnt\n|faint|p2a: Wigglytuff\n|\n|upkeep\n|inactive|Time left: 300 sec this turn | 300 sec total | 5 sec grace\n|\n|t:|1783572419\n|switch|p2a: Suicune|Suicune, L82|146/298\n|-ability|p2a: Suicune|Pressure\n|turn|15\n|inactive|Time left: 300 sec this turn | 300 sec total\n|\n|t:|1783572420\n|move|p2a: Suicune|Calm Mind|p2a: Suicune\n|-boost|p2a: Suicune|spa|1\n|-boost|p2a: Suicune|spd|1\n|move|p1a: Vileplume|Strength Sap|p2a: Suicune\n|-unboost|p2a: Suicune|atk|1\n|\n|-heal|p2a: Suicune|298/298|[from] move: Wish|[wisher] Wigglytuff\n|upkeep\n|turn|16\n|inactive|Time left: 300 sec this turn | 300 sec total\n|\n|t:|1783572421\n|move|p2a: Suicune|Substitute|p2a: Suicune\n|-start|p2a: Suicune|Substitute\n|-damage|p2a: Suicune|224/298\n|move|p1a: Vileplume|Sleep Powder||[still]\n|-fail|p1a: Vileplume\n|\n|-heal|p2a: Suicune|242/298|[from] item: Leftovers\n|upkeep\n|turn|17\n|inactive|Time left: 300 sec this turn | 300 sec total\n|\n|t:|1783572421\n|move|p2a: Suicune|Calm Mind|p2a: Suicune\n|-boost|p2a: Suicune|spa|1\n|-boost|p2a: Suicune|spd|1\n|move|p1a: Vileplume|Giga Drain|p2a: Suicune\n|-supereffective|p2a: Suicune\n|-end|p2a: Suicune|Substitute\n|\n|-heal|p2a: Suicune|260/298|[from] item: Leftovers\n|upkeep\n|turn|18\n|inactive|Time left: 300 sec this turn | 300 sec total\n|\n|t:|1783572422\n|move|p2a: Suicune|Substitute|p2a: Suicune\n|-start|p2a: Suicune|Substitute\n|-damage|p2a: Suicune|186/298\n|move|p1a: Vileplume|Strength Sap||[still]\n|-fail|p1a: Vileplume\n|\n|-heal|p2a: Suicune|204/298|[from] item: Leftovers\n|upkeep\n|turn|19\n|inactive|Time left: 300 sec this turn | 300 sec total\n|\n|t:|1783572423\n|move|p2a: Suicune|Calm Mind|p2a: Suicune\n|-boost|p2a: Suicune|spa|1\n|-boost|p2a: Suicune|spd|1\n|move|p1a: Vileplume|Giga Drain|p2a: Suicune\n|-supereffective|p2a: Suicune\n|-activate|p2a: Suicune|move: Substitute|[damage]\n|\n|-heal|p2a: Suicune|222/298|[from] item: Leftovers\n|upkeep\n|turn|20\n|inactive|Time left: 300 sec this turn | 300 sec total\n|\n|t:|1783572424\n|move|p2a: Suicune|Scald|p1a: Vileplume\n|-resisted|p1a: Vileplume\n|-damage|p1a: Vileplume|68/100\n|move|p1a: Vileplume|Giga Drain|p2a: Suicune\n|-supereffective|p2a: Suicune\n|-end|p2a: Suicune|Substitute\n|-heal|p1a: Vileplume|71/100|[from] drain|[of] p2a: Suicune\n|\n|-heal|p2a: Suicune|240/298|[from] item: Leftovers\n|-heal|p1a: Vileplume|77/100|[from] item: Leftovers\n|upkeep\n|turn|21\n|inactive|Time left: 300 sec this turn | 300 sec total\n|\n|t:|1783572425\n|switch|p1a: Dewgong|Dewgong, L94, F|67/100\n|move|p2a: Suicune|Substitute|p2a: Suicune\n|-start|p2a: Suicune|Substitute\n|-damage|p2a: Suicune|166/298\n|\n|-heal|p2a: Suicune|184/298|[from] item: Leftovers\n|upkeep\n|turn|22\n|inactive|Time left: 300 sec this turn | 300 sec total\n|\n|t:|1783572426\n|move|p2a: Suicune|Scald|p1a: Dewgong\n|-resisted|p1a: Dewgong\n|-damage|p1a: Dewgong|41/100\n|move|p1a: Dewgong|Knock Off|p2a: Suicune\n|-activate|p2a: Suicune|move: Substitute|[damage]\n|\n|-heal|p2a: Suicune|202/298|[from] item: Leftovers\n|upkeep\n|turn|23\n|inactive|Time left: 300 sec this turn | 300 sec total\n|\n|t:|1783572428\n|move|p2a: Suicune|Scald|p1a: Dewgong\n|-resisted|p1a: Dewgong\n|-damage|p1a: Dewgong|16/100\n|move|p1a: Dewgong|Encore|p2a: Suicune\n|-start|p2a: Suicune|Encore\n|\n|-heal|p2a: Suicune|220/298|[from] item: Leftovers\n|upkeep\n|turn|24\n|inactive|Time left: 300 sec this turn | 300 sec total\n|\n|t:|1783572429\n|move|p2a: Suicune|Scald|p1a: Dewgong\n|-resisted|p1a: Dewgong\n|-damage|p1a: Dewgong|0 fnt\n|faint|p1a: Dewgong\n|\n|-heal|p2a: Suicune|238/298|[from] item: Leftovers\n|upkeep\n|\n|t:|1783572429\n|switch|p1a: Vileplume|Vileplume, L85, M|77/100\n|turn|25\n|inactive|Time left: 300 sec this turn | 300 sec total\n|\n|t:|1783572430\n|move|p2a: Suicune|Scald|p1a: Vileplume\n|-resisted|p1a: Vileplume\n|-damage|p1a: Vileplume|41/100\n|-status|p1a: Vileplume|brn\n|move|p1a: Vileplume|Strength Sap||[still]\n|-fail|p1a: Vileplume\n|\n|-heal|p2a: Suicune|256/298|[from] item: Leftovers\n|-heal|p1a: Vileplume|47/100 brn|[from] item: Leftovers\n|-damage|p1a: Vileplume|41/100 brn|[from] brn\n|upkeep\n|turn|26\n|inactive|Time left: 300 sec this turn | 300 sec total\n|\n|t:|1783572431\n|move|p2a: Suicune|Scald|p1a: Vileplume\n|-resisted|p1a: Vileplume\n|-crit|p1a: Vileplume\n|-damage|p1a: Vileplume|0 fnt\n|faint|p1a: Vileplume\n|\n|-heal|p2a: Suicune|274/298|[from] item: Leftovers\n|-end|p2a: Suicune|Encore\n|upkeep\n|\n|t:|1783572432\n|switch|p1a: Samurott|Samurott, L88, M|73/100 tox\n|turn|27\n|inactive|Time left: 300 sec this turn | 300 sec total\n|\n|t:|1783572432\n|move|p2a: Suicune|Scald|p1a: Samurott\n|-resisted|p1a: Samurott\n|-damage|p1a: Samurott|51/100 tox\n|move|p1a: Samurott|Knock Off|p2a: Suicune\n|-end|p2a: Suicune|Substitute\n|\n|-heal|p2a: Suicune|292/298|[from] item: Leftovers\n|-damage|p1a: Samurott|45/100 tox|[from] psn\n|upkeep\n|turn|28\n|inactive|Time left: 300 sec this turn | 300 sec total\n|\n|t:|1783572433\n|move|p2a: Suicune|Scald|p1a: Samurott\n|-resisted|p1a: Samurott\n|-damage|p1a: Samurott|23/100 tox\n|move|p1a: Samurott|Knock Off|p2a: Suicune\n|-damage|p2a: Suicune|229/298\n|-enditem|p2a: Suicune|Leftovers|[from] move: Knock Off|[of] p1a: Samurott\n|\n|-damage|p1a: Samurott|11/100 tox|[from] psn\n|upkeep\n|turn|29\n|inactive|Time left: 300 sec this turn | 300 sec total\n|\n|t:|1783572434\n|move|p1a: Samurott|Aqua Jet|p2a: Suicune\n|-resisted|p2a: Suicune\n|-damage|p2a: Suicune|199/298\n|move|p2a: Suicune|Calm Mind|p2a: Suicune\n|-boost|p2a: Suicune|spa|1\n|-boost|p2a: Suicune|spd|1\n|\n|-damage|p1a: Samurott|0 fnt|[from] psn\n|faint|p1a: Samurott\n|upkeep\n|\n|t:|1783572435\n|switch|p1a: Mew|Mew, L82|100/100\n|turn|30\n|inactive|Time left: 300 sec this turn | 300 sec total\n|\n|t:|1783572436\n|move|p1a: Mew|Encore|p2a: Suicune\n|-start|p2a: Suicune|Encore\n|move|p2a: Suicune|Calm Mind|p2a: Suicune\n|-boost|p2a: Suicune|spa|1\n|-boost|p2a: Suicune|spd|1\n|\n|upkeep\n|turn|31\n|inactive|Time left: 300 sec this turn | 300 sec total\n|\n|t:|1783572436\n|switch|p1a: Garchomp|Garchomp, L74, F|100/100\n|switch|p2a: Pyroar|Pyroar, L88, M|295/295\n|-ability|p2a: Pyroar|Unnerve\n|\n|upkeep\n|turn|32\n|inactive|Time left: 300 sec this turn | 300 sec total\n|\n|t:|1783572437\n|move|p2a: Pyroar|Hyper Voice|p1a: Garchomp\n|-damage|p1a: Garchomp|52/100\n|move|p1a: Garchomp|Earthquake|p2a: Pyroar\n|-supereffective|p2a: Pyroar\n|-damage|p2a: Pyroar|47/295\n|\n|upkeep\n|turn|33\n|inactive|Time left: 300 sec this turn | 300 sec total\n|\n|t:|1783572438\n|move|p2a: Pyroar|Hyper Voice|p1a: Garchomp\n|-damage|p1a: Garchomp|5/100\n|move|p1a: Garchomp|Outrage|p2a: Pyroar\n|-damage|p2a: Pyroar|0 fnt\n|faint|p2a: Pyroar\n|\n|upkeep\n|inactive|Time left: 300 sec this turn | 300 sec total | 5 sec grace\n|\n|t:|1783572439\n|switch|p2a: Suicune|Suicune, L82|199/298\n|-ability|p2a: Suicune|Pressure\n|turn|34\n|inactive|Time left: 300 sec this turn | 300 sec total\n|\n|t:|1783572440\n|-terastallize|p2a: Suicune|Steel\n|move|p1a: Garchomp|Outrage|p2a: Suicune|[from] lockedmove\n|-resisted|p2a: Suicune\n|-damage|p2a: Suicune|148/298\n|move|p2a: Suicune|Calm Mind|p2a: Suicune\n|-boost|p2a: Suicune|spa|1\n|-boost|p2a: Suicune|spd|1\n|\n|upkeep\n|turn|35\n|inactive|Time left: 300 sec this turn | 300 sec total\n|\n|t:|1783572441\n|move|p2a: Suicune|Protect|p2a: Suicune\n|-singleturn|p2a: Suicune|Protect\n|move|p1a: Garchomp|Outrage|p2a: Suicune|[from] lockedmove\n|-activate|p2a: Suicune|move: Protect\n|-start|p1a: Garchomp|confusion|[fatigue]\n|\n|upkeep\n|turn|36\n|inactive|Time left: 300 sec this turn | 300 sec total\n|\n|t:|1783572442\n|-activate|p1a: Garchomp|confusion\n|-damage|p1a: Garchomp|0 fnt|[from] confusion\n|faint|p1a: Garchomp\n|move|p2a: Suicune|Calm Mind|p2a: Suicune\n|-boost|p2a: Suicune|spa|1\n|-boost|p2a: Suicune|spd|1\n|\n|upkeep\n|\n|t:|1783572443\n|switch|p1a: Mew|Mew, L82|100/100\n|turn|37\n|inactive|Time left: 300 sec this turn | 300 sec total\n|\n|t:|1783572443\n|move|p1a: Mew|Encore|p2a: Suicune\n|-start|p2a: Suicune|Encore\n|move|p2a: Suicune|Calm Mind|p2a: Suicune\n|-boost|p2a: Suicune|spa|1\n|-boost|p2a: Suicune|spd|1\n|\n|upkeep\n|turn|38\n|inactive|Time left: 300 sec this turn | 300 sec total\n|\n|t:|1783572444\n|move|p1a: Mew|Knock Off|p2a: Suicune\n|-crit|p2a: Suicune\n|-damage|p2a: Suicune|91/298\n|move|p2a: Suicune|Calm Mind|p2a: Suicune\n|-boost|p2a: Suicune|spa|1\n|-boost|p2a: Suicune|spd|1\n|\n|upkeep\n|turn|39\n|inactive|Time left: 300 sec this turn | 300 sec total\n|\n|t:|1783572446\n|move|p1a: Mew|Knock Off|p2a: Suicune\n|-damage|p2a: Suicune|51/298\n|move|p2a: Suicune|Calm Mind|p2a: Suicune\n|-boost|p2a: Suicune|spa|1\n|-boost|p2a: Suicune|spd|1\n|\n|-end|p2a: Suicune|Encore\n|upkeep\n|turn|40\n|inactive|Time left: 300 sec this turn | 300 sec total\n|\n|t:|1783572447\n|move|p2a: Suicune|Protect|p2a: Suicune\n|-singleturn|p2a: Suicune|Protect\n|move|p1a: Mew|Knock Off|p2a: Suicune\n|-activate|p2a: Suicune|move: Protect\n|\n|upkeep\n|turn|41\n|inactive|Time left: 300 sec this turn | 300 sec total\n|\n|t:|1783572448\n|move|p1a: Mew|Knock Off|p2a: Suicune\n|-damage|p2a: Suicune|11/298\n|move|p2a: Suicune|Scald|p1a: Mew\n|-damage|p1a: Mew|17/100\n|-status|p1a: Mew|brn\n|-activate|p1a: Mew|ability: Synchronize\n|-status|p2a: Suicune|brn\n|\n|-heal|p1a: Mew|23/100 brn|[from] item: Leftovers\n|-damage|p1a: Mew|17/100 brn|[from] brn\n|-damage|p2a: Suicune|0 fnt|[from] brn\n|faint|p2a: Suicune\n|\n|win|p0x28128bbe", "uploadtime": 1783572448, "views": 0, "rating": 0, "private": 0, "password": null, "_winner": "p0x28128bbe", "_our_name": "p0y2812bdae"}