{"id": "battle-gen9randombattle-2447", "formatid": "gen9randombattle", "format": "[Gen 9] Random Battle", "players": ["p0x24471d74", "p0y2447379f"], "log": "|init|battle\n|title|p0x24471d74 vs. p0y2447379f\n|j|\u2606p0x24471d74\n|j|\u2606p0y2447379f\n|t:|1783568358\n|gametype|singles\n|player|p1|p0x24471d74|101|\n|player|p2|p0y2447379f|265|\n|gen|9\n|tier|[Gen 9] Random Battle\n|rule|Species Clause: Limit one of each Pok\u00e9mon\n|rule|HP Percentage Mod: HP is shown in percentages\n|rule|Sleep Clause Mod: Limit one foe put to sleep\n|rule|Illusion Level Mod: Illusion disguises the Pok\u00e9mon's true level\n|\n|t:|1783568358\n|teamsize|p1|6\n|teamsize|p2|6\n|start\n|switch|p1a: Granbull|Granbull, L88, F|100/100\n|switch|p2a: Braviary|Braviary-Hisui, L85, M|326/326\n|-ability|p1a: Granbull|Intimidate|boost\n|-unboost|p2a: Braviary|atk|1\n|turn|1\n|inactive|Battle timer is ON: inactive players will automatically lose when time's up. (requested by p0y2447379f)\n|inactive|p0x24471d74 also wants the timer to be on.\n|\n|t:|1783568360\n|move|p2a: Braviary|Esper Wing|p1a: Granbull\n|-damage|p1a: Granbull|44/100\n|-boost|p2a: Braviary|spe|1\n|move|p1a: Granbull|Play Rough|p2a: Braviary\n|-damage|p2a: Braviary|185/326\n|\n|-heal|p1a: Granbull|50/100|[from] item: Leftovers\n|upkeep\n|turn|2\n|inactive|Time left: 300 sec this turn | 300 sec total\n|\n|t:|1783568361\n|move|p2a: Braviary|Esper Wing|p1a: Granbull\n|-damage|p1a: Granbull|0 fnt\n|-boost|p2a: Braviary|spe|1\n|faint|p1a: Granbull\n|\n|upkeep\n|\n|t:|1783568362\n|switch|p1a: Smeargle|Smeargle, L95, M|100/100\n|turn|3\n|inactive|Time left: 300 sec this turn | 300 sec total\n|\n|t:|1783568363\n|move|p2a: Braviary|Esper Wing|p1a: Smeargle\n|-damage|p1a: Smeargle|20/100\n|-boost|p2a: Braviary|spe|1\n|move|p1a: Smeargle|Spore|p2a: Braviary\n|-status|p2a: Braviary|slp|[from] move: Spore\n|\n|upkeep\n|turn|4\n|inactive|Time left: 300 sec this turn | 300 sec total\n|\n|t:|1783568365\n|switch|p2a: Abomasnow|Abomasnow, L84, M|287/287\n|-weather|Snowscape|[from] ability: Snow Warning|[of] p2a: Abomasnow\n|move|p1a: Smeargle|Sticky Web|p2a: Abomasnow\n|-sidestart|p2: p0y2447379f|move: Sticky Web\n|\n|-weather|Snowscape|[upkeep]\n|upkeep\n|turn|5\n|inactive|Time left: 300 sec this turn | 300 sec total\n|\n|t:|1783568366\n|move|p1a: Smeargle|Stealth Rock|p2a: Abomasnow\n|-sidestart|p2: p0y2447379f|move: Stealth Rock\n|move|p2a: Abomasnow|Aurora Veil|p2a: Abomasnow\n|-sidestart|p2: p0y2447379f|move: Aurora Veil\n|\n|-weather|Snowscape|[upkeep]\n|upkeep\n|turn|6\n|inactive|Time left: 300 sec this turn | 300 sec total\n|\n|t:|1783568367\n|switch|p1a: Chesnaught|Chesnaught, L84, F|100/100\n|move|p2a: Abomasnow|Blizzard|p1a: Chesnaught\n|-supereffective|p1a: Chesnaught\n|-damage|p1a: Chesnaught|16/100\n|\n|-weather|Snowscape|[upkeep]\n|-heal|p1a: Chesnaught|22/100|[from] item: Leftovers\n|upkeep\n|turn|7\n|inactive|Time left: 300 sec this turn | 300 sec total\n|\n|t:|1783568368\n|move|p1a: Chesnaught|Iron Defense|p1a: Chesnaught\n|-boost|p1a: Chesnaught|def|2\n|move|p2a: Abomasnow|Blizzard|p1a: Chesnaught\n|-supereffective|p1a: Chesnaught\n|-damage|p1a: Chesnaught|0 fnt\n|faint|p1a: Chesnaught\n|\n|-weather|Snowscape|[upkeep]\n|upkeep\n|\n|t:|1783568369\n|switch|p1a: Carbink|Carbink, L90|100/100\n|turn|8\n|inactive|Time left: 300 sec this turn | 300 sec total\n|\n|t:|1783568370\n|move|p2a: Abomasnow|Blizzard|p1a: Carbink\n|-damage|p1a: Carbink|70/100\n|move|p1a: Carbink|Body Press|p2a: Abomasnow\n|-supereffective|p2a: Abomasnow\n|-damage|p2a: Abomasnow|217/287\n|\n|-weather|none\n|upkeep\n|turn|9\n|inactive|Time left: 300 sec this turn | 300 sec total\n|\n|t:|1783568372\n|move|p2a: Abomasnow|Blizzard|p1a: Carbink\n|-damage|p1a: Carbink|43/100\n|move|p1a: Carbink|Rest|p1a: Carbink\n|-status|p1a: Carbink|slp|[from] move: Rest\n|-heal|p1a: Carbink|100/100 slp|[silent]\n|-enditem|p1a: Carbink|Chesto Berry|[eat]\n|-curestatus|p1a: Carbink|slp|[msg]\n|\n|upkeep\n|turn|10\n|inactive|Time left: 300 sec this turn | 300 sec total\n|\n|t:|1783568373\n|move|p2a: Abomasnow|Blizzard|p1a: Carbink\n|-damage|p1a: Carbink|69/100\n|move|p1a: Carbink|Iron Defense|p1a: Carbink\n|-boost|p1a: Carbink|def|2\n|\n|upkeep\n|turn|11\n|inactive|Time left: 300 sec this turn | 300 sec total\n|\n|t:|1783568374\n|switch|p2a: Ceruledge|Ceruledge, L78, F|245/245\n|move|p1a: Carbink|Body Press|p2a: Ceruledge\n|-immune|p2a: Ceruledge\n|\n|upkeep\n|turn|12\n|inactive|Time left: 300 sec this turn | 300 sec total\n|\n|t:|1783568375\n|move|p2a: Ceruledge|Swords Dance|p2a: Ceruledge\n|-boost|p2a: Ceruledge|atk|2\n|move|p1a: Carbink|Iron Defense|p1a: Carbink\n|-boost|p1a: Carbink|def|2\n|\n|-sideend|p2: p0y2447379f|move: Aurora Veil\n|upkeep\n|turn|13\n|inactive|Time left: 300 sec this turn | 300 sec total\n|\n|t:|1783568376\n|move|p2a: Ceruledge|Swords Dance|p2a: Ceruledge\n|-boost|p2a: Ceruledge|atk|2\n|move|p1a: Carbink|Moonblast|p2a: Ceruledge\n|-resisted|p2a: Ceruledge\n|-damage|p2a: Ceruledge|207/245\n|-unboost|p2a: Ceruledge|spa|1\n|\n|upkeep\n|turn|14\n|inactive|Time left: 300 sec this turn | 300 sec total\n|\n|t:|1783568377\n|move|p2a: Ceruledge|Bitter Blade|p1a: Carbink\n|-resisted|p1a: Carbink\n|-damage|p1a: Carbink|56/100\n|-heal|p2a: Ceruledge|222/245|[from] drain|[of] p1a: Carbink\n|move|p1a: Carbink|Moonblast|p2a: Ceruledge\n|-resisted|p2a: Ceruledge\n|-damage|p2a: Ceruledge|187/245\n|-unboost|p2a: Ceruledge|spa|1\n|\n|upkeep\n|turn|15\n|inactive|Time left: 300 sec this turn | 300 sec total\n|\n|t:|1783568378\n|move|p2a: Ceruledge|Bitter Blade|p1a: Carbink\n|-resisted|p1a: Carbink\n|-damage|p1a: Carbink|42/100\n|-heal|p2a: Ceruledge|204/245|[from] drain|[of] p1a: Carbink\n|move|p1a: Carbink|Moonblast|p2a: Ceruledge\n|-resisted|p2a: Ceruledge\n|-damage|p2a: Ceruledge|168/245\n|\n|upkeep\n|turn|16\n|inactive|Time left: 300 sec this turn | 300 sec total\n|\n|t:|1783568379\n|move|p2a: Ceruledge|Bitter Blade|p1a: Carbink\n|-resisted|p1a: Carbink\n|-damage|p1a: Carbink|29/100\n|-heal|p2a: Ceruledge|183/245|[from] drain|[of] p1a: Carbink\n|move|p1a: Carbink|Moonblast|p2a: Ceruledge\n|-resisted|p2a: Ceruledge\n|-damage|p2a: Ceruledge|150/245\n|\n|upkeep\n|turn|17\n|inactive|Time left: 300 sec this turn | 300 sec total\n|\n|t:|1783568381\n|move|p2a: Ceruledge|Bitter Blade|p1a: Carbink\n|-resisted|p1a: Carbink\n|-damage|p1a: Carbink|15/100\n|-heal|p2a: Ceruledge|167/245|[from] drain|[of] p1a: Carbink\n|move|p1a: Carbink|Rest|p1a: Carbink\n|-status|p1a: Carbink|slp|[from] move: Rest\n|-heal|p1a: Carbink|100/100 slp|[silent]\n|\n|upkeep\n|turn|18\n|inactive|Time left: 300 sec this turn | 300 sec total\n|\n|t:|1783568382\n|move|p2a: Ceruledge|Bitter Blade|p1a: Carbink\n|-resisted|p1a: Carbink\n|-damage|p1a: Carbink|86/100 slp\n|-heal|p2a: Ceruledge|184/245|[from] drain|[of] p1a: Carbink\n|cant|p1a: Carbink|slp\n|\n|upkeep\n|turn|19\n|inactive|Time left: 300 sec this turn | 300 sec total\n|\n|t:|1783568383\n|move|p2a: Ceruledge|Bitter Blade|p1a: Carbink\n|-resisted|p1a: Carbink\n|-crit|p1a: Carbink\n|-damage|p1a: Carbink|23/100 slp\n|-heal|p2a: Ceruledge|245/245|[from] drain|[of] p1a: Carbink\n|cant|p1a: Carbink|slp\n|\n|upkeep\n|turn|20\n|inactive|Time left: 300 sec this turn | 300 sec total\n|\n|t:|1783568384\n|move|p2a: Ceruledge|Close Combat|p1a: Carbink\n|-damage|p1a: Carbink|0 fnt\n|-unboost|p2a: Ceruledge|def|1\n|-unboost|p2a: Ceruledge|spd|1\n|faint|p1a: Carbink\n|\n|upkeep\n|\n|t:|1783568385\n|switch|p1a: Barraskewda|Barraskewda, L81, M|100/100\n|turn|21\n|inactive|Time left: 300 sec this turn | 300 sec total\n|\n|t:|1783568386\n|switch|p2a: Abomasnow|Abomasnow, L84, M|217/287\n|-activate|p2a: Abomasnow|move: Sticky Web\n|-unboost|p2a: Abomasnow|spe|1\n|-damage|p2a: Abomasnow|146/287|[from] Stealth Rock\n|-weather|Snowscape|[from] ability: Snow Warning|[of] p2a: Abomasnow\n|move|p1a: Barraskewda|Waterfall|p2a: Abomasnow\n|-resisted|p2a: Abomasnow\n|-damage|p2a: Abomasnow|92/287\n|\n|-weather|Snowscape|[upkeep]\n|upkeep\n|turn|22\n|inactive|Time left: 300 sec this turn | 300 sec total\n|\n|t:|1783568387\n|move|p1a: Barraskewda|Waterfall|p2a: Abomasnow\n|-resisted|p2a: Abomasnow\n|-damage|p2a: Abomasnow|42/287\n|move|p2a: Abomasnow|Aurora Veil|p2a: Abomasnow\n|-sidestart|p2: p0y2447379f|move: Aurora Veil\n|\n|-weather|Snowscape|[upkeep]\n|upkeep\n|turn|23\n|inactive|Time left: 300 sec this turn | 300 sec total\n|\n|t:|1783568388\n|move|p1a: Barraskewda|Waterfall|p2a: Abomasnow\n|-resisted|p2a: Abomasnow\n|-damage|p2a: Abomasnow|15/287\n|cant|p2a: Abomasnow|flinch\n|\n|-weather|Snowscape|[upkeep]\n|upkeep\n|turn|24\n|inactive|Time left: 300 sec this turn | 300 sec total\n|\n|t:|1783568389\n|move|p1a: Barraskewda|Waterfall|p2a: Abomasnow\n|-resisted|p2a: Abomasnow\n|-damage|p2a: Abomasnow|0 fnt\n|faint|p2a: Abomasnow\n|\n|-weather|Snowscape|[upkeep]\n|upkeep\n|inactive|Time left: 300 sec this turn | 300 sec total | 5 sec grace\n|\n|t:|1783568390\n|switch|p2a: Pikachu|Pikachu-Kalos, L93, F|216/216\n|-activate|p2a: Pikachu|move: Sticky Web\n|-unboost|p2a: Pikachu|spe|1\n|-damage|p2a: Pikachu|189/216|[from] Stealth Rock\n|turn|25\n|inactive|Time left: 300 sec this turn | 300 sec total\n|\n|t:|1783568391\n|move|p1a: Barraskewda|Waterfall|p2a: Pikachu\n|-damage|p2a: Pikachu|87/216\n|move|p2a: Pikachu|Volt Switch|p1a: Barraskewda\n|-supereffective|p1a: Barraskewda\n|-damage|p1a: Barraskewda|0 fnt\n|faint|p1a: Barraskewda\n|inactive|Time left: 300 sec this turn | 300 sec total | 5 sec grace\n|\n|t:|1783568392\n|switch|p2a: Ceruledge|Ceruledge, L78, F|245/245|[from] Volt Switch\n|\n|-weather|none\n|upkeep\n|\n|t:|1783568393\n|switch|p1a: Scyther|Scyther, L82, M|100/100\n|turn|26\n|inactive|Time left: 300 sec this turn | 300 sec total\n|\n|t:|1783568394\n|-terastallize|p1a: Scyther|Fighting\n|-terastallize|p2a: Ceruledge|Fire\n|move|p1a: Scyther|Swords Dance|p1a: Scyther\n|-boost|p1a: Scyther|atk|2\n|move|p2a: Ceruledge|Bitter Blade|p1a: Scyther\n|-damage|p1a: Scyther|39/100\n|\n|upkeep\n|turn|27\n|inactive|Time left: 300 sec this turn | 300 sec total\n|\n|t:|1783568395\n|move|p1a: Scyther|Close Combat|p2a: Ceruledge\n|-damage|p2a: Ceruledge|101/245\n|-unboost|p1a: Scyther|def|1\n|-unboost|p1a: Scyther|spd|1\n|-ability|p2a: Ceruledge|Weak Armor|boost\n|-unboost|p2a: Ceruledge|def|1\n|-boost|p2a: Ceruledge|spe|2\n|move|p2a: Ceruledge|Bitter Blade|p1a: Scyther\n|-damage|p1a: Scyther|0 fnt\n|-heal|p2a: Ceruledge|150/245|[from] drain|[of] p1a: Scyther\n|faint|p1a: Scyther\n|\n|upkeep\n|\n|t:|1783568395\n|switch|p1a: Smeargle|Smeargle, L95, M|20/100\n|turn|28\n|inactive|Time left: 300 sec this turn | 300 sec total\n|\n|t:|1783568396\n|move|p2a: Ceruledge|Bitter Blade|p1a: Smeargle\n|-damage|p1a: Smeargle|0 fnt\n|-heal|p2a: Ceruledge|176/245|[from] drain|[of] p1a: Smeargle\n|faint|p1a: Smeargle\n|\n|win|p0y2447379f", "uploadtime": 1783568396, "views": 0, "rating": 0, "private": 0, "password": null, "_winner": "p0y2447379f", "_our_name": "p0y2447379f"}