{"id": "battle-gen9randombattle-218", "formatid": "gen9randombattle", "format": "[Gen 9] Random Battle", "players": ["p0x218df19", "p0y2184fb5"], "log": "|init|battle\n|title|p0x218df19 vs. p0y2184fb5\n|j|\u2606p0x218df19\n|j|\u2606p0y2184fb5\n|t:|1783535783\n|gametype|singles\n|player|p1|p0x218df19|265|\n|player|p2|p0y2184fb5|170|\n|gen|9\n|tier|[Gen 9] Random Battle\n|rule|Species Clause: Limit one of each Pok\u00e9mon\n|rule|HP Percentage Mod: HP is shown in percentages\n|rule|Sleep Clause Mod: Limit one foe put to sleep\n|rule|Illusion Level Mod: Illusion disguises the Pok\u00e9mon's true level\n|\n|t:|1783535783\n|teamsize|p1|6\n|teamsize|p2|6\n|start\n|switch|p1a: Cinderace|Cinderace, L77, F|100/100\n|switch|p2a: Annihilape|Annihilape, L76, M|292/292\n|turn|1\n|inactive|Battle timer is ON: inactive players will automatically lose when time's up. (requested by p0x218df19)\n|inactive|Time left: 300 sec this turn | 300 sec total | 60 sec grace\n|inactive|p0y2184fb5 also wants the timer to be on.\n|\n|t:|1783535785\n|move|p1a: Cinderace|Pyro Ball|p2a: Annihilape\n|-damage|p2a: Annihilape|73/292\n|move|p2a: Annihilape|Bulk Up|p2a: Annihilape\n|-boost|p2a: Annihilape|atk|1\n|-boost|p2a: Annihilape|def|1\n|\n|upkeep\n|turn|2\n|inactive|Time left: 300 sec this turn | 300 sec total\n|\n|t:|1783535786\n|move|p1a: Cinderace|Pyro Ball|p2a: Annihilape\n|-damage|p2a: Annihilape|0 fnt\n|faint|p2a: Annihilape\n|\n|upkeep\n|inactive|Time left: 300 sec this turn | 300 sec total | 5 sec grace\n|\n|t:|1783535787\n|switch|p2a: Swampert|Swampert, L83, M|302/302\n|turn|3\n|inactive|Time left: 300 sec this turn | 300 sec total\n|\n|t:|1783535788\n|move|p1a: Cinderace|Pyro Ball|p2a: Swampert\n|-resisted|p2a: Swampert\n|-damage|p2a: Swampert|205/302\n|move|p2a: Swampert|Earthquake|p1a: Cinderace\n|-supereffective|p1a: Cinderace\n|-damage|p1a: Cinderace|0 fnt\n|faint|p1a: Cinderace\n|\n|-heal|p2a: Swampert|223/302|[from] item: Leftovers\n|upkeep\n|\n|t:|1783535789\n|switch|p1a: Beartic|Beartic, L91, M|100/100\n|turn|4\n|inactive|Time left: 300 sec this turn | 300 sec total\n|\n|t:|1783535790\n|move|p2a: Swampert|Stealth Rock|p1a: Beartic\n|-sidestart|p1: p0x218df19|move: Stealth Rock\n|move|p1a: Beartic|Swords Dance|p1a: Beartic\n|-boost|p1a: Beartic|atk|2\n|\n|-heal|p2a: Swampert|241/302|[from] item: Leftovers\n|upkeep\n|turn|5\n|inactive|Time left: 300 sec this turn | 300 sec total\n|\n|t:|1783535791\n|move|p2a: Swampert|Flip Turn|p1a: Beartic\n|-damage|p1a: Beartic|77/100\n|inactive|Time left: 300 sec this turn | 300 sec total | 5 sec grace\n|\n|t:|1783535792\n|switch|p2a: Suicune|Suicune, L82|298/298|[from] Flip Turn\n|-ability|p2a: Suicune|Pressure\n|move|p1a: Beartic|Icicle Crash|p2a: Suicune\n|-resisted|p2a: Suicune\n|-damage|p2a: Suicune|194/298\n|\n|-heal|p2a: Suicune|212/298|[from] item: Leftovers\n|upkeep\n|turn|6\n|inactive|Time left: 300 sec this turn | 300 sec total\n|\n|t:|1783535793\n|move|p2a: Suicune|Scald|p1a: Beartic\n|-damage|p1a: Beartic|51/100\n|-status|p1a: Beartic|brn\n|move|p1a: Beartic|Earthquake|p2a: Suicune\n|-damage|p2a: Suicune|122/298\n|\n|-heal|p2a: Suicune|140/298|[from] item: Leftovers\n|-damage|p1a: Beartic|45/100 brn|[from] brn\n|upkeep\n|turn|7\n|inactive|Time left: 300 sec this turn | 300 sec total\n|\n|t:|1783535794\n|move|p2a: Suicune|Calm Mind|p2a: Suicune\n|-boost|p2a: Suicune|spa|1\n|-boost|p2a: Suicune|spd|1\n|move|p1a: Beartic|Earthquake|p2a: Suicune\n|-damage|p2a: Suicune|49/298\n|\n|-heal|p2a: Suicune|67/298|[from] item: Leftovers\n|-damage|p1a: Beartic|39/100 brn|[from] brn\n|upkeep\n|turn|8\n|inactive|Time left: 300 sec this turn | 300 sec total\n|\n|t:|1783535795\n|move|p2a: Suicune|Scald|p1a: Beartic\n|-damage|p1a: Beartic|4/100 brn\n|move|p1a: Beartic|Earthquake|p2a: Suicune\n|-damage|p2a: Suicune|0 fnt\n|faint|p2a: Suicune\n|\n|-damage|p1a: Beartic|0 fnt|[from] brn\n|faint|p1a: Beartic\n|upkeep\n|inactive|Time left: 300 sec this turn | 300 sec total | 5 sec grace\n|\n|t:|1783535796\n|switch|p2a: Dudunsparce|Dudunsparce-Three-Segment, L83, M|343/343\n|switch|p1a: Dusknoir|Dusknoir, L89, M|100/100\n|-damage|p1a: Dusknoir|88/100|[from] Stealth Rock\n|-item|p2a: Dudunsparce|Leftovers|[from] ability: Frisk|[of] p1a: Dusknoir\n|turn|9\n|inactive|Time left: 300 sec this turn | 300 sec total\n|\n|t:|1783535797\n|move|p2a: Dudunsparce|Calm Mind|p2a: Dudunsparce\n|-boost|p2a: Dudunsparce|spa|1\n|-boost|p2a: Dudunsparce|spd|1\n|move|p1a: Dusknoir|Pain Split|p2a: Dudunsparce\n|-sethp|p2a: Dudunsparce|270/343|[from] move: Pain Split|[silent]\n|-sethp|p1a: Dusknoir|100/100|[from] move: Pain Split\n|\n|-heal|p2a: Dudunsparce|291/343|[from] item: Leftovers\n|upkeep\n|turn|10\n|inactive|Time left: 300 sec this turn | 300 sec total\n|\n|t:|1783535798\n|move|p2a: Dudunsparce|Calm Mind|p2a: Dudunsparce\n|-boost|p2a: Dudunsparce|spa|1\n|-boost|p2a: Dudunsparce|spd|1\n|move|p1a: Dusknoir|Earthquake|p2a: Dudunsparce\n|-damage|p2a: Dudunsparce|202/343\n|\n|-heal|p2a: Dudunsparce|223/343|[from] item: Leftovers\n|upkeep\n|turn|11\n|inactive|Time left: 300 sec this turn | 300 sec total\n|\n|t:|1783535799\n|switch|p1a: Luxray|Luxray, L88, F|100/100\n|-damage|p1a: Luxray|88/100|[from] Stealth Rock\n|-ability|p1a: Luxray|Intimidate|boost\n|-unboost|p2a: Dudunsparce|atk|1\n|-ability|p2a: Dudunsparce|Rattled|boost\n|-boost|p2a: Dudunsparce|spe|1\n|move|p2a: Dudunsparce|Calm Mind|p2a: Dudunsparce\n|-boost|p2a: Dudunsparce|spa|1\n|-boost|p2a: Dudunsparce|spd|1\n|\n|-heal|p2a: Dudunsparce|244/343|[from] item: Leftovers\n|upkeep\n|turn|12\n|inactive|Time left: 300 sec this turn | 300 sec total\n|\n|t:|1783535800\n|move|p2a: Dudunsparce|Earth Power|p1a: Luxray\n|-supereffective|p1a: Luxray\n|-damage|p1a: Luxray|16/100\n|move|p1a: Luxray|Wild Charge|p2a: Dudunsparce\n|-damage|p2a: Dudunsparce|99/343\n|-damage|p1a: Luxray|4/100|[from] Recoil\n|\n|-heal|p2a: Dudunsparce|120/343|[from] item: Leftovers\n|upkeep\n|turn|13\n|inactive|Time left: 300 sec this turn | 300 sec total\n|\n|t:|1783535802\n|move|p2a: Dudunsparce|Roost|p2a: Dudunsparce\n|-heal|p2a: Dudunsparce|292/343\n|-singleturn|p2a: Dudunsparce|move: Roost\n|move|p1a: Luxray|Wild Charge|p2a: Dudunsparce\n|-damage|p2a: Dudunsparce|166/343\n|-damage|p1a: Luxray|0 fnt|[from] Recoil\n|faint|p1a: Luxray\n|\n|-heal|p2a: Dudunsparce|187/343|[from] item: Leftovers\n|upkeep\n|\n|t:|1783535802\n|switch|p1a: Iron Boulder|Iron Boulder, L77|100/100\n|-damage|p1a: Iron Boulder|88/100|[from] Stealth Rock\n|turn|14\n|inactive|Time left: 300 sec this turn | 300 sec total\n|\n|t:|1783535803\n|move|p1a: Iron Boulder|Zen Headbutt|p2a: Dudunsparce\n|-damage|p2a: Dudunsparce|61/343\n|-damage|p1a: Iron Boulder|78/100|[from] item: Life Orb\n|move|p2a: Dudunsparce|Earth Power|p1a: Iron Boulder\n|-supereffective|p1a: Iron Boulder\n|-damage|p1a: Iron Boulder|0 fnt\n|faint|p1a: Iron Boulder\n|-end|p1a: Iron Boulder|Quark Drive|[silent]\n|\n|-heal|p2a: Dudunsparce|82/343|[from] item: Leftovers\n|upkeep\n|\n|t:|1783535804\n|switch|p1a: Dusknoir|Dusknoir, L89, M|100/100\n|-damage|p1a: Dusknoir|88/100|[from] Stealth Rock\n|-item|p2a: Dudunsparce|Leftovers|[from] ability: Frisk|[of] p1a: Dusknoir\n|turn|15\n|inactive|Time left: 300 sec this turn | 300 sec total\n|\n|t:|1783535805\n|move|p2a: Dudunsparce|Roost|p2a: Dudunsparce\n|-heal|p2a: Dudunsparce|254/343\n|-singleturn|p2a: Dudunsparce|move: Roost\n|move|p1a: Dusknoir|Earthquake|p2a: Dudunsparce\n|-damage|p2a: Dudunsparce|165/343\n|\n|-heal|p2a: Dudunsparce|186/343|[from] item: Leftovers\n|-heal|p1a: Dusknoir|94/100|[from] item: Leftovers\n|upkeep\n|turn|16\n|inactive|Time left: 300 sec this turn | 300 sec total\n|\n|t:|1783535806\n|move|p2a: Dudunsparce|Roost|p2a: Dudunsparce\n|-heal|p2a: Dudunsparce|343/343\n|-singleturn|p2a: Dudunsparce|move: Roost\n|move|p1a: Dusknoir|Earthquake|p2a: Dudunsparce\n|-damage|p2a: Dudunsparce|256/343\n|\n|-heal|p2a: Dudunsparce|277/343|[from] item: Leftovers\n|-heal|p1a: Dusknoir|100/100|[from] item: Leftovers\n|upkeep\n|turn|17\n|inactive|Time left: 300 sec this turn | 300 sec total\n|\n|t:|1783535807\n|move|p2a: Dudunsparce|Earth Power|p1a: Dusknoir\n|-damage|p1a: Dusknoir|60/100\n|move|p1a: Dusknoir|Pain Split|p2a: Dudunsparce\n|-sethp|p2a: Dudunsparce|206/343|[from] move: Pain Split|[silent]\n|-sethp|p1a: Dusknoir|92/100|[from] move: Pain Split\n|\n|-heal|p2a: Dudunsparce|227/343|[from] item: Leftovers\n|-heal|p1a: Dusknoir|98/100|[from] item: Leftovers\n|upkeep\n|turn|18\n|inactive|Time left: 300 sec this turn | 300 sec total\n|\n|t:|1783535807\n|move|p2a: Dudunsparce|Earth Power|p1a: Dusknoir\n|-damage|p1a: Dusknoir|58/100\n|move|p1a: Dusknoir|Earthquake|p2a: Dudunsparce\n|-damage|p2a: Dudunsparce|139/343\n|\n|-heal|p2a: Dudunsparce|160/343|[from] item: Leftovers\n|-heal|p1a: Dusknoir|64/100|[from] item: Leftovers\n|upkeep\n|turn|19\n|inactive|Time left: 300 sec this turn | 300 sec total\n|\n|t:|1783535808\n|move|p2a: Dudunsparce|Earth Power|p1a: Dusknoir\n|-crit|p1a: Dusknoir\n|-damage|p1a: Dusknoir|1/100\n|move|p1a: Dusknoir|Pain Split|p2a: Dudunsparce\n|-sethp|p2a: Dudunsparce|80/343|[from] move: Pain Split|[silent]\n|-sethp|p1a: Dusknoir|36/100|[from] move: Pain Split\n|\n|-heal|p2a: Dudunsparce|101/343|[from] item: Leftovers\n|-heal|p1a: Dusknoir|42/100|[from] item: Leftovers\n|upkeep\n|turn|20\n|inactive|Time left: 300 sec this turn | 300 sec total\n|\n|t:|1783535809\n|move|p2a: Dudunsparce|Earth Power|p1a: Dusknoir\n|-damage|p1a: Dusknoir|2/100\n|move|p1a: Dusknoir|Pain Split|p2a: Dudunsparce\n|-sethp|p2a: Dudunsparce|52/343|[from] move: Pain Split|[silent]\n|-sethp|p1a: Dusknoir|24/100|[from] move: Pain Split\n|\n|-heal|p2a: Dudunsparce|73/343|[from] item: Leftovers\n|-heal|p1a: Dusknoir|30/100|[from] item: Leftovers\n|upkeep\n|turn|21\n|inactive|Time left: 300 sec this turn | 300 sec total\n|\n|t:|1783535811\n|switch|p1a: Scovillain|Scovillain, L91, F|100/100\n|-damage|p1a: Scovillain|76/100|[from] Stealth Rock\n|move|p2a: Dudunsparce|Earth Power|p1a: Scovillain\n|-damage|p1a: Scovillain|13/100\n|\n|-heal|p2a: Dudunsparce|94/343|[from] item: Leftovers\n|-heal|p1a: Scovillain|19/100|[from] item: Leftovers\n|upkeep\n|turn|22\n|inactive|Time left: 300 sec this turn | 300 sec total\n|\n|t:|1783535811\n|move|p1a: Scovillain|Protect|p1a: Scovillain\n|-singleturn|p1a: Scovillain|Protect\n|move|p2a: Dudunsparce|Earth Power|p1a: Scovillain\n|-activate|p1a: Scovillain|move: Protect\n|\n|-heal|p2a: Dudunsparce|115/343|[from] item: Leftovers\n|-heal|p1a: Scovillain|25/100|[from] item: Leftovers\n|upkeep\n|turn|23\n|inactive|Time left: 300 sec this turn | 300 sec total\n|\n|t:|1783535813\n|move|p1a: Scovillain|Protect|p1a: Scovillain\n|-singleturn|p1a: Scovillain|Protect\n|move|p2a: Dudunsparce|Earth Power|p1a: Scovillain\n|-activate|p1a: Scovillain|move: Protect\n|\n|-heal|p2a: Dudunsparce|136/343|[from] item: Leftovers\n|-heal|p1a: Scovillain|31/100|[from] item: Leftovers\n|upkeep\n|turn|24\n|inactive|Time left: 300 sec this turn | 300 sec total\n|\n|t:|1783535813\n|move|p1a: Scovillain|Protect||[still]\n|-fail|p1a: Scovillain\n|move|p2a: Dudunsparce|Earth Power|p1a: Scovillain\n|-damage|p1a: Scovillain|0 fnt\n|faint|p1a: Scovillain\n|\n|-heal|p2a: Dudunsparce|157/343|[from] item: Leftovers\n|upkeep\n|\n|t:|1783535814\n|switch|p1a: Dusknoir|Dusknoir, L89, M|30/100\n|-damage|p1a: Dusknoir|17/100|[from] Stealth Rock\n|-item|p2a: Dudunsparce|Leftovers|[from] ability: Frisk|[of] p1a: Dusknoir\n|turn|25\n|inactive|Time left: 300 sec this turn | 300 sec total\n|\n|t:|1783535815\n|-terastallize|p2a: Dudunsparce|Poison\n|move|p2a: Dudunsparce|Earth Power|p1a: Dusknoir\n|-damage|p1a: Dusknoir|0 fnt\n|faint|p1a: Dusknoir\n|\n|win|p0y2184fb5", "uploadtime": 1783535815, "views": 0, "rating": 0, "private": 0, "password": null, "_winner": "p0y2184fb5", "_our_name": "p0y2184fb5"}