{"id": "battle-gen9randombattle-229", "formatid": "gen9randombattle", "format": "[Gen 9] Random Battle", "players": ["p0x229fbcc", "p0y22948de"], "log": "|init|battle\n|title|p0x229fbcc vs. p0y22948de\n|j|\u2606p0x229fbcc\n|j|\u2606p0y22948de\n|t:|1783542222\n|gametype|singles\n|player|p1|p0x229fbcc|2|\n|player|p2|p0y22948de|265|\n|gen|9\n|tier|[Gen 9] Random Battle\n|rule|Species Clause: Limit one of each Pok\u00e9mon\n|rule|HP Percentage Mod: HP is shown in percentages\n|rule|Sleep Clause Mod: Limit one foe put to sleep\n|rule|Illusion Level Mod: Illusion disguises the Pok\u00e9mon's true level\n|\n|t:|1783542222\n|teamsize|p1|6\n|teamsize|p2|6\n|start\n|switch|p1a: Infernape|Infernape, L82, M|259/259\n|switch|p2a: Decidueye|Decidueye-Hisui, L87, M|100/100\n|turn|1\n|inactive|Battle timer is ON: inactive players will automatically lose when time's up. (requested by p0x229fbcc)\n|\n|t:|1783542223\n|move|p1a: Infernape|Overheat|p2a: Decidueye\n|-supereffective|p2a: Decidueye\n|-damage|p2a: Decidueye|0 fnt\n|-unboost|p1a: Infernape|spa|2\n|faint|p2a: Decidueye\n|-damage|p1a: Infernape|234/259|[from] item: Life Orb\n|\n|upkeep\n|inactive|p0y22948de also wants the timer to be on.\n|\n|t:|1783542225\n|switch|p2a: Blastoise|Blastoise, L80, M|100/100\n|turn|2\n|inactive|Time left: 300 sec this turn | 300 sec total\n|\n|t:|1783542226\n|move|p1a: Infernape|Knock Off|p2a: Blastoise\n|-damage|p2a: Blastoise|70/100\n|-enditem|p2a: Blastoise|White Herb|[from] move: Knock Off|[of] p1a: Infernape\n|-damage|p1a: Infernape|209/259|[from] item: Life Orb\n|move|p2a: Blastoise|Shell Smash|p2a: Blastoise\n|-unboost|p2a: Blastoise|def|1\n|-unboost|p2a: Blastoise|spd|1\n|-boost|p2a: Blastoise|atk|2\n|-boost|p2a: Blastoise|spa|2\n|-boost|p2a: Blastoise|spe|2\n|\n|upkeep\n|turn|3\n|inactive|Time left: 300 sec this turn | 300 sec total\n|\n|t:|1783542227\n|move|p2a: Blastoise|Hydro Pump|p1a: Infernape\n|-supereffective|p1a: Infernape\n|-damage|p1a: Infernape|0 fnt\n|faint|p1a: Infernape\n|\n|upkeep\n|inactive|Time left: 300 sec this turn | 300 sec total | 5 sec grace\n|\n|t:|1783542228\n|switch|p1a: Kingdra|Kingdra, L84, F|263/263\n|turn|4\n|inactive|Time left: 300 sec this turn | 300 sec total\n|\n|t:|1783542229\n|move|p2a: Blastoise|Ice Beam|p1a: Kingdra\n|-damage|p1a: Kingdra|161/263\n|move|p1a: Kingdra|Draco Meteor|p2a: Blastoise\n|-crit|p2a: Blastoise\n|-damage|p2a: Blastoise|0 fnt\n|-unboost|p1a: Kingdra|spa|2\n|faint|p2a: Blastoise\n|-damage|p1a: Kingdra|135/263|[from] item: Life Orb\n|\n|upkeep\n|\n|t:|1783542231\n|switch|p2a: Hydreigon|Hydreigon, L79, M|100/100\n|turn|5\n|inactive|Time left: 300 sec this turn | 300 sec total\n|\n|t:|1783542232\n|switch|p1a: Arbok|Arbok, L87, M|246/246\n|-ability|p1a: Arbok|Intimidate|boost\n|-unboost|p2a: Hydreigon|atk|1\n|move|p2a: Hydreigon|Dark Pulse|p1a: Arbok\n|-damage|p1a: Arbok|98/246\n|\n|-heal|p1a: Arbok|113/246|[from] item: Leftovers\n|upkeep\n|turn|6\n|inactive|Time left: 300 sec this turn | 300 sec total\n|\n|t:|1783542233\n|switch|p1a: Serperior|Serperior, L79, F|248/248\n|move|p2a: Hydreigon|Dark Pulse|p1a: Serperior\n|-damage|p1a: Serperior|119/248\n|\n|-heal|p1a: Serperior|134/248|[from] item: Leftovers\n|upkeep\n|turn|7\n|inactive|Time left: 300 sec this turn | 300 sec total\n|\n|t:|1783542234\n|move|p1a: Serperior|Substitute|p1a: Serperior\n|-start|p1a: Serperior|Substitute\n|-damage|p1a: Serperior|72/248\n|move|p2a: Hydreigon|Dark Pulse|p1a: Serperior\n|-end|p1a: Serperior|Substitute\n|\n|-heal|p1a: Serperior|87/248|[from] item: Leftovers\n|upkeep\n|turn|8\n|inactive|Time left: 300 sec this turn | 300 sec total\n|\n|t:|1783542235\n|move|p1a: Serperior|Substitute|p1a: Serperior\n|-start|p1a: Serperior|Substitute\n|-damage|p1a: Serperior|25/248\n|move|p2a: Hydreigon|Dark Pulse|p1a: Serperior\n|-end|p1a: Serperior|Substitute\n|\n|-heal|p1a: Serperior|40/248|[from] item: Leftovers\n|upkeep\n|turn|9\n|inactive|Time left: 300 sec this turn | 300 sec total\n|\n|t:|1783542236\n|move|p1a: Serperior|Leech Seed|p2a: Hydreigon\n|-start|p2a: Hydreigon|move: Leech Seed\n|move|p2a: Hydreigon|Dark Pulse|p1a: Serperior\n|-damage|p1a: Serperior|0 fnt\n|faint|p1a: Serperior\n|\n|upkeep\n|inactive|Time left: 300 sec this turn | 300 sec total | 5 sec grace\n|\n|t:|1783542238\n|switch|p1a: Eiscue|Eiscue, L88, M|274/274\n|turn|10\n|inactive|Time left: 300 sec this turn | 300 sec total\n|\n|t:|1783542239\n|move|p2a: Hydreigon|Dark Pulse|p1a: Eiscue\n|-damage|p1a: Eiscue|139/274\n|move|p1a: Eiscue|Ice Spinner|p2a: Hydreigon\n|-supereffective|p2a: Hydreigon\n|-damage|p2a: Hydreigon|35/100\n|\n|-damage|p2a: Hydreigon|23/100|[from] Leech Seed|[of] p1a: Eiscue\n|-heal|p1a: Eiscue|173/274|[silent]\n|upkeep\n|turn|11\n|inactive|Time left: 300 sec this turn | 300 sec total\n|\n|t:|1783542240\n|move|p2a: Hydreigon|Dark Pulse|p1a: Eiscue\n|-damage|p1a: Eiscue|38/274\n|-enditem|p1a: Eiscue|Sitrus Berry|[eat]\n|-heal|p1a: Eiscue|106/274|[from] item: Sitrus Berry\n|move|p1a: Eiscue|Liquidation|p2a: Hydreigon\n|-resisted|p2a: Hydreigon\n|-damage|p2a: Hydreigon|12/100\n|\n|-damage|p2a: Hydreigon|0 fnt|[from] Leech Seed|[of] p1a: Eiscue\n|-heal|p1a: Eiscue|138/274|[silent]\n|faint|p2a: Hydreigon\n|upkeep\n|\n|t:|1783542241\n|switch|p2a: Magcargo|Magcargo, L95, M|100/100\n|turn|12\n|inactive|Time left: 300 sec this turn | 300 sec total\n|\n|t:|1783542242\n|-terastallize|p1a: Eiscue|Water\n|move|p1a: Eiscue|Liquidation|p2a: Magcargo\n|-supereffective|p2a: Magcargo\n|-damage|p2a: Magcargo|14/100\n|move|p2a: Magcargo|Power Gem|p1a: Eiscue\n|-damage|p1a: Eiscue|41/274\n|\n|upkeep\n|turn|13\n|inactive|Time left: 300 sec this turn | 300 sec total\n|\n|t:|1783542243\n|move|p1a: Eiscue|Iron Head|p2a: Magcargo\n|-damage|p2a: Magcargo|0 fnt\n|faint|p2a: Magcargo\n|\n|upkeep\n|\n|t:|1783542245\n|switch|p2a: Pachirisu|Pachirisu, L96, F|100/100\n|turn|14\n|inactive|Time left: 300 sec this turn | 300 sec total\n|\n|t:|1783542246\n|move|p2a: Pachirisu|Thunderbolt|p1a: Eiscue\n|-supereffective|p1a: Eiscue\n|-damage|p1a: Eiscue|0 fnt\n|faint|p1a: Eiscue\n|\n|upkeep\n|inactive|Time left: 300 sec this turn | 300 sec total | 5 sec grace\n|\n|t:|1783542247\n|switch|p1a: Arbok|Arbok, L87, M|113/246\n|-ability|p1a: Arbok|Intimidate|boost\n|-unboost|p2a: Pachirisu|atk|1\n|turn|15\n|inactive|Time left: 300 sec this turn | 300 sec total\n|\n|t:|1783542248\n|move|p2a: Pachirisu|U-turn|p1a: Arbok\n|-resisted|p1a: Arbok\n|-damage|p1a: Arbok|98/246\n|\n|t:|1783542249\n|switch|p2a: Great Tusk|Great Tusk, L77|100/100|[from] U-turn\n|move|p1a: Arbok|Gunk Shot|p2a: Great Tusk\n|-resisted|p2a: Great Tusk\n|-damage|p2a: Great Tusk|84/100\n|-status|p2a: Great Tusk|psn\n|\n|-heal|p1a: Arbok|113/246|[from] item: Leftovers\n|-damage|p2a: Great Tusk|71/100 psn|[from] psn\n|upkeep\n|turn|16\n|inactive|Time left: 300 sec this turn | 300 sec total\n|\n|t:|1783542250\n|switch|p1a: Moltres|Moltres, L81|278/278\n|move|p2a: Great Tusk|Headlong Rush|p1a: Moltres\n|-immune|p1a: Moltres\n|\n|-damage|p2a: Great Tusk|59/100 psn|[from] psn\n|upkeep\n|turn|17\n|inactive|Time left: 300 sec this turn | 300 sec total\n|\n|t:|1783542251\n|-end|p2a: Great Tusk|Protosynthesis|[silent]\n|switch|p2a: Pachirisu|Pachirisu, L96, F|100/100\n|move|p1a: Moltres|Brave Bird|p2a: Pachirisu\n|-resisted|p2a: Pachirisu\n|-damage|p2a: Pachirisu|77/100\n|-damage|p1a: Moltres|257/278|[from] Recoil\n|\n|upkeep\n|turn|18\n|inactive|Time left: 300 sec this turn | 300 sec total\n|\n|t:|1783542252\n|move|p2a: Pachirisu|Thunderbolt|p1a: Moltres\n|-supereffective|p1a: Moltres\n|-damage|p1a: Moltres|107/278\n|move|p1a: Moltres|Roost|p1a: Moltres\n|-heal|p1a: Moltres|246/278\n|-singleturn|p1a: Moltres|move: Roost\n|\n|upkeep\n|turn|19\n|inactive|Time left: 300 sec this turn | 300 sec total\n|\n|t:|1783542253\n|move|p2a: Pachirisu|Thunderbolt|p1a: Moltres\n|-supereffective|p1a: Moltres\n|-damage|p1a: Moltres|100/278\n|move|p1a: Moltres|Roost|p1a: Moltres\n|-heal|p1a: Moltres|239/278\n|-singleturn|p1a: Moltres|move: Roost\n|\n|upkeep\n|turn|20\n|inactive|Time left: 300 sec this turn | 300 sec total\n|\n|t:|1783542254\n|move|p2a: Pachirisu|Thunderbolt|p1a: Moltres\n|-supereffective|p1a: Moltres\n|-crit|p1a: Moltres\n|-damage|p1a: Moltres|0 fnt\n|faint|p1a: Moltres\n|\n|upkeep\n|inactive|Time left: 300 sec this turn | 300 sec total | 5 sec grace\n|\n|t:|1783542255\n|switch|p1a: Arbok|Arbok, L87, M|113/246\n|-ability|p1a: Arbok|Intimidate|boost\n|-unboost|p2a: Pachirisu|atk|1\n|turn|21\n|inactive|Time left: 300 sec this turn | 300 sec total\n|\n|t:|1783542255\n|move|p2a: Pachirisu|Thunderbolt|p1a: Arbok\n|-damage|p1a: Arbok|34/246\n|move|p1a: Arbok|Gunk Shot|p2a: Pachirisu|[miss]\n|-miss|p1a: Arbok|p2a: Pachirisu\n|\n|-heal|p1a: Arbok|49/246|[from] item: Leftovers\n|upkeep\n|turn|22\n|inactive|Time left: 300 sec this turn | 300 sec total\n|\n|t:|1783542257\n|switch|p1a: Kingdra|Kingdra, L84, F|135/263\n|move|p2a: Pachirisu|Thunderbolt|p1a: Kingdra\n|-damage|p1a: Kingdra|71/263\n|\n|upkeep\n|turn|23\n|inactive|Time left: 300 sec this turn | 300 sec total\n|\n|t:|1783542257\n|move|p2a: Pachirisu|Thunderbolt|p1a: Kingdra\n|-damage|p1a: Kingdra|0 fnt\n|faint|p1a: Kingdra\n|\n|upkeep\n|inactive|Time left: 300 sec this turn | 300 sec total | 5 sec grace\n|\n|t:|1783542258\n|switch|p1a: Arbok|Arbok, L87, M|49/246\n|-ability|p1a: Arbok|Intimidate|boost\n|-unboost|p2a: Pachirisu|atk|1\n|turn|24\n|inactive|Time left: 300 sec this turn | 300 sec total\n|\n|t:|1783542259\n|-terastallize|p2a: Pachirisu|Flying\n|move|p2a: Pachirisu|Thunderbolt|p1a: Arbok\n|-damage|p1a: Arbok|0 fnt\n|faint|p1a: Arbok\n|\n|win|p0y22948de", "uploadtime": 1783542259, "views": 0, "rating": 0, "private": 0, "password": null, "_winner": "p0y22948de", "_our_name": "p0x229fbcc"}