{"id": "battle-gen9randombattle-1600", "formatid": "gen9randombattle", "format": "[Gen 9] Random Battle", "players": ["p0x16005874", "p0y16004ee0"], "log": "|init|battle\n|title|p0x16005874 vs. p0y16004ee0\n|j|\u2606p0x16005874\n|j|\u2606p0y16004ee0\n|t:|1783558509\n|gametype|singles\n|player|p1|p0x16005874|102|\n|player|p2|p0y16004ee0|169|\n|gen|9\n|tier|[Gen 9] Random Battle\n|rule|Species Clause: Limit one of each Pok\u00e9mon\n|rule|HP Percentage Mod: HP is shown in percentages\n|rule|Sleep Clause Mod: Limit one foe put to sleep\n|rule|Illusion Level Mod: Illusion disguises the Pok\u00e9mon's true level\n|\n|t:|1783558509\n|teamsize|p1|6\n|teamsize|p2|6\n|start\n|switch|p1a: Slaking|Slaking, L84, F|100/100\n|switch|p2a: Enamorus|Enamorus, L79, F|247/247\n|turn|1\n|inactive|Battle timer is ON: inactive players will automatically lose when time's up. (requested by p0x16005874)\n|inactive|Time left: 300 sec this turn | 300 sec total | 60 sec grace\n|inactive|p0y16004ee0 also wants the timer to be on.\n|\n|t:|1783558510\n|move|p1a: Slaking|Giga Impact|p2a: Enamorus\n|-damage|p2a: Enamorus|0 fnt\n|-mustrecharge|p1a: Slaking\n|faint|p2a: Enamorus\n|\n|upkeep\n|inactive|Time left: 300 sec this turn | 300 sec total | 65 sec grace\n|\n|t:|1783558511\n|switch|p2a: Cyclizar|Cyclizar, L84, M|255/255\n|turn|2\n|inactive|Time left: 300 sec this turn | 300 sec total\n|\n|t:|1783558513\n|move|p2a: Cyclizar|Shed Tail|p2a: Cyclizar\n|-start|p2a: Cyclizar|Substitute|[from] move: Shed Tail\n|-damage|p2a: Cyclizar|127/255\n|inactive|Time left: 300 sec this turn | 300 sec total | 5 sec grace\n|\n|t:|1783558514\n|switch|p2a: Clawitzer|Clawitzer, L87, M|265/265|[from] Shed Tail\n|cant|p1a: Slaking|recharge\n|\n|upkeep\n|turn|3\n|inactive|Time left: 300 sec this turn | 300 sec total\n|\n|t:|1783558515\n|switch|p1a: Chesnaught|Chesnaught, L84, F|100/100\n|move|p2a: Clawitzer|Aura Sphere|p1a: Chesnaught\n|-immune|p1a: Chesnaught|[from] ability: Bulletproof\n|\n|upkeep\n|turn|4\n|inactive|Time left: 300 sec this turn | 300 sec total\n|\n|t:|1783558516\n|move|p1a: Chesnaught|Spikes|p2a: Clawitzer\n|-sidestart|p2: p0y16004ee0|Spikes\n|move|p2a: Clawitzer|Aura Sphere|p1a: Chesnaught\n|-immune|p1a: Chesnaught|[from] ability: Bulletproof\n|\n|upkeep\n|turn|5\n|inactive|Time left: 300 sec this turn | 300 sec total\n|\n|t:|1783558517\n|move|p1a: Chesnaught|Body Press|p2a: Clawitzer\n|-end|p2a: Clawitzer|Substitute\n|move|p2a: Clawitzer|Aura Sphere|p1a: Chesnaught\n|-immune|p1a: Chesnaught|[from] ability: Bulletproof\n|\n|upkeep\n|turn|6\n|inactive|Time left: 300 sec this turn | 300 sec total\n|\n|t:|1783558517\n|switch|p2a: Iron Jugulis|Iron Jugulis, L77|271/271\n|move|p1a: Chesnaught|Wood Hammer|p2a: Iron Jugulis\n|-resisted|p2a: Iron Jugulis\n|-damage|p2a: Iron Jugulis|194/271\n|-damage|p1a: Chesnaught|92/100|[from] Recoil\n|\n|-heal|p1a: Chesnaught|98/100|[from] item: Leftovers\n|upkeep\n|turn|7\n|inactive|Time left: 300 sec this turn | 300 sec total\n|\n|t:|1783558519\n|switch|p1a: Slaking|Slaking, L84, F|100/100\n|move|p2a: Iron Jugulis|Hurricane|p1a: Slaking|[miss]\n|-miss|p2a: Iron Jugulis|p1a: Slaking\n|\n|upkeep\n|turn|8\n|inactive|Time left: 300 sec this turn | 300 sec total\n|\n|t:|1783558520\n|move|p1a: Slaking|Giga Impact|p2a: Iron Jugulis\n|-damage|p2a: Iron Jugulis|0 fnt\n|-mustrecharge|p1a: Slaking\n|faint|p2a: Iron Jugulis\n|-end|p2a: Iron Jugulis|Quark Drive|[silent]\n|\n|upkeep\n|inactive|Time left: 300 sec this turn | 300 sec total | 5 sec grace\n|\n|t:|1783558521\n|switch|p2a: Cyclizar|Cyclizar, L84, M|212/255\n|turn|9\n|inactive|Time left: 300 sec this turn | 300 sec total\n|\n|t:|1783558522\n|move|p2a: Cyclizar|Shed Tail|p2a: Cyclizar\n|-start|p2a: Cyclizar|Substitute|[from] move: Shed Tail\n|-damage|p2a: Cyclizar|84/255\n|inactive|Time left: 300 sec this turn | 300 sec total | 5 sec grace\n|\n|t:|1783558522\n|switch|p2a: Clawitzer|Clawitzer, L87, M|265/265|[from] Shed Tail\n|-damage|p2a: Clawitzer|232/265|[from] Spikes\n|cant|p1a: Slaking|recharge\n|\n|upkeep\n|turn|10\n|inactive|Time left: 300 sec this turn | 300 sec total\n|\n|t:|1783558523\n|switch|p1a: Chesnaught|Chesnaught, L84, F|98/100\n|move|p2a: Clawitzer|Dragon Pulse|p1a: Chesnaught\n|-damage|p1a: Chesnaught|37/100\n|\n|-heal|p1a: Chesnaught|43/100|[from] item: Leftovers\n|upkeep\n|turn|11\n|inactive|Time left: 300 sec this turn | 300 sec total\n|\n|t:|1783558524\n|move|p1a: Chesnaught|Body Press|p2a: Clawitzer\n|-crit|p2a: Clawitzer\n|-end|p2a: Clawitzer|Substitute\n|move|p2a: Clawitzer|Dragon Pulse|p1a: Chesnaught\n|-damage|p1a: Chesnaught|0 fnt\n|faint|p1a: Chesnaught\n|\n|upkeep\n|\n|t:|1783558525\n|switch|p1a: Slaking|Slaking, L84, F|100/100\n|turn|12\n|inactive|Time left: 300 sec this turn | 300 sec total\n|\n|t:|1783558526\n|move|p1a: Slaking|Giga Impact|p2a: Clawitzer\n|-damage|p2a: Clawitzer|0 fnt\n|-mustrecharge|p1a: Slaking\n|faint|p2a: Clawitzer\n|\n|upkeep\n|inactive|Time left: 300 sec this turn | 300 sec total | 5 sec grace\n|\n|t:|1783558527\n|switch|p2a: Cyclizar|Cyclizar, L84, M|169/255\n|turn|13\n|inactive|Time left: 300 sec this turn | 300 sec total\n|\n|t:|1783558528\n|move|p2a: Cyclizar|Shed Tail|p2a: Cyclizar\n|-start|p2a: Cyclizar|Substitute|[from] move: Shed Tail\n|-damage|p2a: Cyclizar|41/255\n|inactive|Time left: 300 sec this turn | 300 sec total | 5 sec grace\n|\n|t:|1783558529\n|switch|p2a: Alcremie|Alcremie-Ruby-Swirl, L90, F|263/263|[from] Shed Tail\n|-damage|p2a: Alcremie|231/263|[from] Spikes\n|cant|p1a: Slaking|recharge\n|\n|-heal|p2a: Alcremie|247/263|[from] item: Leftovers\n|upkeep\n|turn|14\n|inactive|Time left: 300 sec this turn | 300 sec total\n|\n|t:|1783558530\n|move|p1a: Slaking|Giga Impact|p2a: Alcremie\n|-end|p2a: Alcremie|Substitute\n|-mustrecharge|p1a: Slaking\n|move|p2a: Alcremie|Calm Mind|p2a: Alcremie\n|-boost|p2a: Alcremie|spa|1\n|-boost|p2a: Alcremie|spd|1\n|\n|-heal|p2a: Alcremie|263/263|[from] item: Leftovers\n|upkeep\n|turn|15\n|inactive|Time left: 300 sec this turn | 300 sec total\n|\n|t:|1783558531\n|-terastallize|p2a: Alcremie|Steel\n|cant|p1a: Slaking|recharge\n|move|p2a: Alcremie|Alluring Voice|p1a: Slaking\n|-damage|p1a: Slaking|52/100\n|\n|upkeep\n|turn|16\n|inactive|Time left: 300 sec this turn | 300 sec total\n|\n|t:|1783558532\n|move|p1a: Slaking|Giga Impact|p2a: Alcremie\n|-resisted|p2a: Alcremie\n|-damage|p2a: Alcremie|68/263\n|-mustrecharge|p1a: Slaking\n|move|p2a: Alcremie|Alluring Voice|p1a: Slaking\n|-damage|p1a: Slaking|2/100\n|\n|-heal|p2a: Alcremie|84/263|[from] item: Leftovers\n|upkeep\n|turn|17\n|inactive|Time left: 300 sec this turn | 300 sec total\n|\n|t:|1783558533\n|cant|p1a: Slaking|recharge\n|move|p2a: Alcremie|Recover|p2a: Alcremie\n|-heal|p2a: Alcremie|216/263\n|\n|-heal|p2a: Alcremie|232/263|[from] item: Leftovers\n|upkeep\n|turn|18\n|inactive|Time left: 300 sec this turn | 300 sec total\n|\n|t:|1783558534\n|-terastallize|p1a: Slaking|Normal\n|move|p1a: Slaking|Giga Impact|p2a: Alcremie|[miss]\n|-miss|p1a: Slaking|p2a: Alcremie\n|move|p2a: Alcremie|Calm Mind|p2a: Alcremie\n|-boost|p2a: Alcremie|spa|1\n|-boost|p2a: Alcremie|spd|1\n|\n|-heal|p2a: Alcremie|248/263|[from] item: Leftovers\n|upkeep\n|turn|19\n|inactive|Time left: 300 sec this turn | 300 sec total\n|\n|t:|1783558535\n|switch|p1a: Dodrio|Dodrio, L85, F|100/100\n|move|p2a: Alcremie|Alluring Voice|p1a: Dodrio\n|-damage|p1a: Dodrio|0 fnt\n|faint|p1a: Dodrio\n|\n|-heal|p2a: Alcremie|263/263|[from] item: Leftovers\n|upkeep\n|\n|t:|1783558536\n|switch|p1a: Slaking|Slaking, L84, F, tera:Normal|2/100\n|turn|20\n|inactive|Time left: 300 sec this turn | 300 sec total\n|\n|t:|1783558537\n|move|p1a: Slaking|Earthquake|p2a: Alcremie\n|-supereffective|p2a: Alcremie\n|-damage|p2a: Alcremie|0 fnt\n|faint|p2a: Alcremie\n|\n|upkeep\n|inactive|Time left: 300 sec this turn | 300 sec total | 5 sec grace\n|\n|t:|1783558538\n|switch|p2a: Cyclizar|Cyclizar, L84, M|126/255\n|turn|21\n|inactive|Time left: 300 sec this turn | 300 sec total\n|\n|t:|1783558539\n|move|p2a: Cyclizar|Knock Off|p1a: Slaking\n|-damage|p1a: Slaking|0 fnt\n|-enditem|p1a: Slaking|Choice Band|[from] move: Knock Off|[of] p2a: Cyclizar\n|faint|p1a: Slaking\n|\n|upkeep\n|\n|t:|1783558540\n|switch|p1a: Arceus|Arceus-Dark, L71|100/100\n|turn|22\n|inactive|Time left: 300 sec this turn | 300 sec total\n|\n|t:|1783558541\n|move|p2a: Cyclizar|Rapid Spin|p1a: Arceus\n|-damage|p1a: Arceus|82/100\n|-boost|p2a: Cyclizar|spe|1\n|-sideend|p2: p0y16004ee0|Spikes|[from] move: Rapid Spin|[of] p2a: Cyclizar\n|move|p1a: Arceus|Judgment|p2a: Cyclizar\n|-damage|p2a: Cyclizar|0 fnt\n|faint|p2a: Cyclizar\n|\n|upkeep\n|inactive|Time left: 300 sec this turn | 300 sec total | 5 sec grace\n|\n|t:|1783558542\n|switch|p2a: Gothitelle|Gothitelle, L90, M|272/272\n|turn|23\n|inactive|Time left: 300 sec this turn | 300 sec total\n|\n|t:|1783558543\n|move|p2a: Gothitelle|Focus Blast|p1a: Arceus|[miss]\n|-miss|p2a: Gothitelle|p1a: Arceus\n|move|p1a: Arceus|Judgment|p2a: Gothitelle\n|-supereffective|p2a: Gothitelle\n|-damage|p2a: Gothitelle|90/272\n|\n|upkeep\n|turn|24\n|inactive|Time left: 300 sec this turn | 300 sec total\n|\n|t:|1783558544\n|move|p2a: Gothitelle|Focus Blast|p1a: Arceus|[miss]\n|-miss|p2a: Gothitelle|p1a: Arceus\n|move|p1a: Arceus|Judgment|p2a: Gothitelle\n|-supereffective|p2a: Gothitelle\n|-damage|p2a: Gothitelle|0 fnt\n|faint|p2a: Gothitelle\n|\n|win|p0x16005874", "uploadtime": 1783558544, "views": 0, "rating": 0, "private": 0, "password": null, "_winner": "p0x16005874", "_our_name": "p0y16004ee0"}