{"id": "battle-gen9randombattle-1057", "formatid": "gen9randombattle", "format": "[Gen 9] Random Battle", "players": ["p0x1057a365", "p0y1057fdd4"], "log": "|init|battle\n|title|p0x1057a365 vs. p0y1057fdd4\n|j|\u2606p0x1057a365\n|j|\u2606p0y1057fdd4\n|t:|1783551423\n|gametype|singles\n|player|p1|p0x1057a365|169|\n|player|p2|p0y1057fdd4|170|\n|gen|9\n|tier|[Gen 9] Random Battle\n|rule|Species Clause: Limit one of each Pok\u00e9mon\n|rule|HP Percentage Mod: HP is shown in percentages\n|rule|Sleep Clause Mod: Limit one foe put to sleep\n|rule|Illusion Level Mod: Illusion disguises the Pok\u00e9mon's true level\n|\n|t:|1783551423\n|teamsize|p1|6\n|teamsize|p2|6\n|start\n|switch|p1a: Regieleki|Regieleki, L79|256/256\n|switch|p2a: Serperior|Serperior, L79, F|100/100\n|turn|1\n|inactive|Battle timer is ON: inactive players will automatically lose when time's up. (requested by p0x1057a365)\n|inactive|p0y1057fdd4 also wants the timer to be on.\n|\n|t:|1783551425\n|move|p1a: Regieleki|Thunderbolt|p2a: Serperior\n|-resisted|p2a: Serperior\n|-damage|p2a: Serperior|72/100\n|-status|p2a: Serperior|par\n|move|p2a: Serperior|Leaf Storm|p1a: Regieleki|[miss]\n|-miss|p2a: Serperior|p1a: Regieleki\n|\n|-heal|p2a: Serperior|78/100 par|[from] item: Leftovers\n|upkeep\n|turn|2\n|inactive|Time left: 300 sec this turn | 300 sec total\n|\n|t:|1783551426\n|switch|p1a: Abomasnow|Abomasnow, L84, M|287/287\n|-weather|Snowscape|[from] ability: Snow Warning|[of] p1a: Abomasnow\n|move|p2a: Serperior|Leaf Storm|p1a: Abomasnow\n|-resisted|p1a: Abomasnow\n|-damage|p1a: Abomasnow|232/287\n|-boost|p2a: Serperior|spa|2\n|\n|-weather|Snowscape|[upkeep]\n|-heal|p2a: Serperior|84/100 par|[from] item: Leftovers\n|upkeep\n|turn|3\n|inactive|Time left: 300 sec this turn | 300 sec total\n|\n|t:|1783551427\n|move|p1a: Abomasnow|Aurora Veil|p1a: Abomasnow\n|-sidestart|p1: p0x1057a365|move: Aurora Veil\n|move|p2a: Serperior|Leaf Storm|p1a: Abomasnow|[miss]\n|-miss|p2a: Serperior|p1a: Abomasnow\n|\n|-weather|Snowscape|[upkeep]\n|-heal|p2a: Serperior|90/100 par|[from] item: Leftovers\n|upkeep\n|turn|4\n|inactive|Time left: 300 sec this turn | 300 sec total\n|\n|t:|1783551428\n|move|p1a: Abomasnow|Blizzard|p2a: Serperior\n|-supereffective|p2a: Serperior\n|-damage|p2a: Serperior|0 fnt\n|faint|p2a: Serperior\n|\n|-weather|Snowscape|[upkeep]\n|upkeep\n|\n|t:|1783551429\n|switch|p2a: Drednaw|Drednaw, L81, F|100/100\n|turn|5\n|inactive|Time left: 300 sec this turn | 300 sec total\n|\n|t:|1783551431\n|move|p2a: Drednaw|Shell Smash|p2a: Drednaw\n|-unboost|p2a: Drednaw|def|1\n|-unboost|p2a: Drednaw|spd|1\n|-boost|p2a: Drednaw|atk|2\n|-boost|p2a: Drednaw|spa|2\n|-boost|p2a: Drednaw|spe|2\n|-enditem|p2a: Drednaw|White Herb\n|-clearnegativeboost|p2a: Drednaw|[silent]\n|move|p1a: Abomasnow|Blizzard|p2a: Drednaw\n|-resisted|p2a: Drednaw\n|-damage|p2a: Drednaw|74/100\n|\n|-weather|Snowscape|[upkeep]\n|upkeep\n|turn|6\n|inactive|Time left: 300 sec this turn | 300 sec total\n|\n|t:|1783551432\n|-terastallize|p2a: Drednaw|Dark\n|move|p2a: Drednaw|Crunch|p1a: Abomasnow\n|-damage|p1a: Abomasnow|139/287\n|move|p1a: Abomasnow|Earthquake|p2a: Drednaw\n|-damage|p2a: Drednaw|51/100\n|\n|-weather|none\n|upkeep\n|turn|7\n|inactive|Time left: 300 sec this turn | 300 sec total\n|\n|t:|1783551433\n|move|p2a: Drednaw|Crunch|p1a: Abomasnow\n|-damage|p1a: Abomasnow|0 fnt\n|faint|p1a: Abomasnow\n|\n|upkeep\n|inactive|Time left: 300 sec this turn | 300 sec total | 5 sec grace\n|\n|t:|1783551434\n|switch|p1a: Regieleki|Regieleki, L79|256/256\n|turn|8\n|inactive|Time left: 300 sec this turn | 300 sec total\n|\n|t:|1783551435\n|switch|p2a: Sylveon|Sylveon, L85, F|100/100\n|move|p1a: Regieleki|Thunderbolt|p2a: Sylveon\n|-damage|p2a: Sylveon|70/100\n|\n|-heal|p2a: Sylveon|76/100|[from] item: Leftovers\n|upkeep\n|turn|9\n|inactive|Time left: 300 sec this turn | 300 sec total\n|\n|t:|1783551436\n|move|p1a: Regieleki|Thunderbolt|p2a: Sylveon\n|-damage|p2a: Sylveon|43/100\n|move|p2a: Sylveon|Calm Mind|p2a: Sylveon\n|-boost|p2a: Sylveon|spa|1\n|-boost|p2a: Sylveon|spd|1\n|\n|-heal|p2a: Sylveon|49/100|[from] item: Leftovers\n|upkeep\n|turn|10\n|inactive|Time left: 300 sec this turn | 300 sec total\n|\n|t:|1783551437\n|move|p1a: Regieleki|Volt Switch|p2a: Sylveon\n|-damage|p2a: Sylveon|33/100\n|inactive|Time left: 300 sec this turn | 300 sec total | 5 sec grace\n|\n|t:|1783551438\n|switch|p1a: Froslass|Froslass, L87, F|263/263|[from] Volt Switch\n|move|p2a: Sylveon|Hyper Voice|p1a: Froslass\n|-damage|p1a: Froslass|155/263\n|\n|-heal|p2a: Sylveon|39/100|[from] item: Leftovers\n|-sideend|p1: p0x1057a365|move: Aurora Veil\n|upkeep\n|turn|11\n|inactive|Time left: 300 sec this turn | 300 sec total\n|\n|t:|1783551439\n|move|p2a: Sylveon|Protect|p2a: Sylveon\n|-singleturn|p2a: Sylveon|Protect\n|move|p1a: Froslass|Triple Axel|p2a: Sylveon\n|-activate|p2a: Sylveon|move: Protect\n|\n|-heal|p2a: Sylveon|45/100|[from] item: Leftovers\n|upkeep\n|turn|12\n|inactive|Time left: 300 sec this turn | 300 sec total\n|\n|t:|1783551440\n|move|p1a: Froslass|Triple Axel|p2a: Sylveon\n|-damage|p2a: Sylveon|37/100\n|-damage|p2a: Sylveon|22/100\n|-damage|p2a: Sylveon|0 fnt\n|faint|p2a: Sylveon\n|-hitcount|p2: Sylveon|3\n|\n|upkeep\n|\n|t:|1783551442\n|switch|p2a: Drednaw|Drednaw, L81, F, tera:Dark|51/100\n|turn|13\n|inactive|Time left: 300 sec this turn | 300 sec total\n|\n|t:|1783551443\n|move|p1a: Froslass|Will-O-Wisp|p2a: Drednaw\n|-status|p2a: Drednaw|brn\n|move|p2a: Drednaw|Shell Smash|p2a: Drednaw\n|-unboost|p2a: Drednaw|def|1\n|-unboost|p2a: Drednaw|spd|1\n|-boost|p2a: Drednaw|atk|2\n|-boost|p2a: Drednaw|spa|2\n|-boost|p2a: Drednaw|spe|2\n|\n|-damage|p2a: Drednaw|45/100 brn|[from] brn\n|upkeep\n|turn|14\n|inactive|Time left: 300 sec this turn | 300 sec total\n|\n|t:|1783551444\n|switch|p1a: Toxapex|Toxapex, L82, M|216/216\n|move|p2a: Drednaw|Crunch|p1a: Toxapex\n|-damage|p1a: Toxapex|121/216\n|\n|-heal|p1a: Toxapex|134/216|[from] item: Leftovers\n|-damage|p2a: Drednaw|39/100 brn|[from] brn\n|upkeep\n|turn|15\n|inactive|Time left: 300 sec this turn | 300 sec total\n|\n|t:|1783551445\n|move|p2a: Drednaw|Crunch|p1a: Toxapex\n|-damage|p1a: Toxapex|51/216\n|-unboost|p1a: Toxapex|def|1\n|move|p1a: Toxapex|Liquidation|p2a: Drednaw\n|-damage|p2a: Drednaw|5/100 brn\n|\n|-heal|p1a: Toxapex|64/216|[from] item: Leftovers\n|-damage|p2a: Drednaw|0 fnt|[from] brn\n|faint|p2a: Drednaw\n|upkeep\n|\n|t:|1783551446\n|switch|p2a: Zacian|Zacian, L69|100/100\n|-ability|p2a: Zacian|Intrepid Sword|boost\n|-boost|p2a: Zacian|atk|1\n|turn|16\n|inactive|Time left: 300 sec this turn | 300 sec total\n|\n|t:|1783551447\n|switch|p1a: Wyrdeer|Wyrdeer, L87, M|321/321\n|-ability|p1a: Wyrdeer|Intimidate|boost\n|-unboost|p2a: Zacian|atk|1\n|move|p2a: Zacian|Play Rough|p1a: Wyrdeer\n|-damage|p1a: Wyrdeer|216/321\n|-unboost|p1a: Wyrdeer|atk|1\n|-damage|p2a: Zacian|91/100|[from] item: Life Orb\n|\n|-heal|p1a: Wyrdeer|236/321|[from] item: Leftovers\n|upkeep\n|turn|17\n|inactive|Time left: 300 sec this turn | 300 sec total\n|\n|t:|1783551448\n|switch|p1a: Toxapex|Toxapex, L82, M|136/216\n|move|p2a: Zacian|Swords Dance|p2a: Zacian\n|-boost|p2a: Zacian|atk|2\n|\n|-heal|p1a: Toxapex|149/216|[from] item: Leftovers\n|upkeep\n|turn|18\n|inactive|Time left: 300 sec this turn | 300 sec total\n|\n|t:|1783551449\n|switch|p1a: Wyrdeer|Wyrdeer, L87, M|236/321\n|-ability|p1a: Wyrdeer|Intimidate|boost\n|-unboost|p2a: Zacian|atk|1\n|move|p2a: Zacian|Wild Charge|p1a: Wyrdeer\n|-damage|p1a: Wyrdeer|119/321\n|-damage|p2a: Zacian|79/100|[from] Recoil\n|-damage|p2a: Zacian|69/100|[from] item: Life Orb\n|\n|-heal|p1a: Wyrdeer|139/321|[from] item: Leftovers\n|upkeep\n|turn|19\n|inactive|Time left: 300 sec this turn | 300 sec total\n|\n|t:|1783551450\n|switch|p1a: Toxapex|Toxapex, L82, M|216/216\n|move|p2a: Zacian|Play Rough|p1a: Toxapex\n|-resisted|p1a: Toxapex\n|-damage|p1a: Toxapex|168/216\n|-damage|p2a: Zacian|59/100|[from] item: Life Orb\n|\n|-heal|p1a: Toxapex|181/216|[from] item: Leftovers\n|upkeep\n|turn|20\n|inactive|Time left: 300 sec this turn | 300 sec total\n|\n|t:|1783551451\n|move|p2a: Zacian|Swords Dance|p2a: Zacian\n|-boost|p2a: Zacian|atk|2\n|move|p1a: Toxapex|Toxic|p2a: Zacian\n|-status|p2a: Zacian|tox\n|\n|-heal|p1a: Toxapex|194/216|[from] item: Leftovers\n|-damage|p2a: Zacian|52/100 tox|[from] psn\n|upkeep\n|turn|21\n|inactive|Time left: 300 sec this turn | 300 sec total\n|\n|t:|1783551452\n|switch|p1a: Wyrdeer|Wyrdeer, L87, M|139/321\n|-ability|p1a: Wyrdeer|Intimidate|boost\n|-unboost|p2a: Zacian|atk|1\n|move|p2a: Zacian|Wild Charge|p1a: Wyrdeer\n|-damage|p1a: Wyrdeer|0 fnt\n|faint|p1a: Wyrdeer\n|-damage|p2a: Zacian|38/100 tox|[from] Recoil\n|-damage|p2a: Zacian|28/100 tox|[from] item: Life Orb\n|\n|-damage|p2a: Zacian|15/100 tox|[from] psn\n|upkeep\n|inactive|Time left: 300 sec this turn | 300 sec total | 5 sec grace\n|\n|t:|1783551452\n|switch|p1a: Regieleki|Regieleki, L79|256/256\n|turn|22\n|inactive|Time left: 300 sec this turn | 300 sec total\n|\n|t:|1783551453\n|move|p1a: Regieleki|Volt Switch|p2a: Zacian\n|-damage|p2a: Zacian|0 fnt\n|faint|p2a: Zacian\n|inactive|Time left: 300 sec this turn | 300 sec total | 5 sec grace\n|\n|t:|1783551454\n|switch|p1a: Jolteon|Jolteon, L84, F|246/246|[from] Volt Switch\n|\n|upkeep\n|\n|t:|1783551455\n|switch|p2a: Smeargle|Smeargle, L95, F|100/100\n|turn|23\n|inactive|Time left: 300 sec this turn | 300 sec total\n|\n|t:|1783551456\n|move|p1a: Jolteon|Thunderbolt|p2a: Smeargle\n|-damage|p2a: Smeargle|23/100\n|-damage|p1a: Jolteon|222/246|[from] item: Life Orb\n|move|p2a: Smeargle|Shell Smash|p2a: Smeargle\n|-unboost|p2a: Smeargle|def|1\n|-unboost|p2a: Smeargle|spd|1\n|-boost|p2a: Smeargle|atk|2\n|-boost|p2a: Smeargle|spa|2\n|-boost|p2a: Smeargle|spe|2\n|\n|upkeep\n|turn|24\n|inactive|Time left: 300 sec this turn | 300 sec total\n|\n|t:|1783551457\n|switch|p1a: Froslass|Froslass, L87, F|155/263\n|move|p2a: Smeargle|Population Bomb|p1a: Froslass\n|-immune|p1a: Froslass\n|\n|upkeep\n|turn|25\n|inactive|Time left: 300 sec this turn | 300 sec total\n|\n|t:|1783551458\n|switch|p1a: Toxapex|Toxapex, L82, M|216/216\n|move|p2a: Smeargle|Power Trip|p1a: Toxapex\n|-damage|p1a: Toxapex|153/216\n|\n|-heal|p1a: Toxapex|166/216|[from] item: Leftovers\n|upkeep\n|turn|26\n|inactive|Time left: 300 sec this turn | 300 sec total\n|\n|t:|1783551458\n|-terastallize|p1a: Toxapex|Steel\n|move|p2a: Smeargle|Population Bomb|p1a: Toxapex\n|-resisted|p1a: Toxapex\n|-damage|p1a: Toxapex|156/216\n|-resisted|p1a: Toxapex\n|-damage|p1a: Toxapex|146/216\n|-resisted|p1a: Toxapex\n|-damage|p1a: Toxapex|135/216\n|-resisted|p1a: Toxapex\n|-damage|p1a: Toxapex|124/216\n|-resisted|p1a: Toxapex\n|-damage|p1a: Toxapex|113/216\n|-resisted|p1a: Toxapex\n|-damage|p1a: Toxapex|103/216\n|-resisted|p1a: Toxapex\n|-damage|p1a: Toxapex|92/216\n|-resisted|p1a: Toxapex\n|-damage|p1a: Toxapex|83/216\n|-resisted|p1a: Toxapex\n|-damage|p1a: Toxapex|73/216\n|-resisted|p1a: Toxapex\n|-damage|p1a: Toxapex|62/216\n|-hitcount|p1a: Toxapex|10\n|move|p1a: Toxapex|Liquidation|p2a: Smeargle\n|-damage|p2a: Smeargle|0 fnt\n|faint|p2a: Smeargle\n|\n|-heal|p1a: Toxapex|75/216|[from] item: Leftovers\n|upkeep\n|\n|t:|1783551459\n|switch|p2a: Scyther|Scyther, L82, M|100/100\n|turn|27\n|inactive|Time left: 300 sec this turn | 300 sec total\n|\n|t:|1783551460\n|switch|p1a: Regieleki|Regieleki, L79|256/256\n|move|p2a: Scyther|Dual Wingbeat|p1a: Regieleki\n|-resisted|p1a: Regieleki\n|-damage|p1a: Regieleki|205/256\n|-resisted|p1a: Regieleki\n|-damage|p1a: Regieleki|154/256\n|-hitcount|p1a: Regieleki|2\n|\n|upkeep\n|turn|28\n|inactive|Time left: 300 sec this turn | 300 sec total\n|\n|t:|1783551461\n|move|p1a: Regieleki|Thunderbolt|p2a: Scyther\n|-supereffective|p2a: Scyther\n|-damage|p2a: Scyther|0 fnt\n|faint|p2a: Scyther\n|\n|win|p0x1057a365", "uploadtime": 1783551461, "views": 0, "rating": 0, "private": 0, "password": null, "_winner": "p0x1057a365", "_our_name": "p0x1057a365"}