{"id": "battle-gen9randombattle-595", "formatid": "gen9randombattle", "format": "[Gen 9] Random Battle", "players": ["p0x595338c", "p0y59503ff"], "log": "|init|battle\n|title|p0x595338c vs. p0y59503ff\n|j|\u2606p0x595338c\n|j|\u2606p0y59503ff\n|t:|1783545988\n|gametype|singles\n|player|p1|p0x595338c|266|\n|player|p2|p0y59503ff|266|\n|gen|9\n|tier|[Gen 9] Random Battle\n|rule|Species Clause: Limit one of each Pok\u00e9mon\n|rule|HP Percentage Mod: HP is shown in percentages\n|rule|Sleep Clause Mod: Limit one foe put to sleep\n|rule|Illusion Level Mod: Illusion disguises the Pok\u00e9mon's true level\n|\n|t:|1783545988\n|teamsize|p1|6\n|teamsize|p2|6\n|start\n|switch|p1a: Scrafty|Scrafty, L83, F|244/244\n|switch|p2a: Pyroar|Pyroar, L88, F|100/100\n|-ability|p2a: Pyroar|Unnerve\n|turn|1\n|inactive|Battle timer is ON: inactive players will automatically lose when time's up. (requested by p0y59503ff)\n|inactive|Time left: 300 sec this turn | 300 sec total | 60 sec grace\n|inactive|p0x595338c also wants the timer to be on.\n|\n|t:|1783545990\n|switch|p2a: Yanmega|Yanmega, L82, F|100/100\n|move|p1a: Scrafty|Drain Punch|p2a: Yanmega\n|-resisted|p2a: Yanmega\n|-damage|p2a: Yanmega|94/100\n|\n|upkeep\n|turn|2\n|inactive|Time left: 300 sec this turn | 300 sec total\n|\n|t:|1783545992\n|move|p2a: Yanmega|Air Slash|p1a: Scrafty\n|-supereffective|p1a: Scrafty\n|-damage|p1a: Scrafty|110/244\n|cant|p1a: Scrafty|flinch\n|\n|-heal|p1a: Scrafty|125/244|[from] item: Leftovers\n|-ability|p2a: Yanmega|Speed Boost|boost\n|-boost|p2a: Yanmega|spe|1\n|upkeep\n|turn|3\n|inactive|Time left: 300 sec this turn | 300 sec total\n|\n|t:|1783545993\n|switch|p1a: Lugia|Lugia, L73|275/275\n|move|p2a: Yanmega|Air Slash|p1a: Lugia\n|-damage|p1a: Lugia|242/275\n|\n|-ability|p2a: Yanmega|Speed Boost|boost\n|-boost|p2a: Yanmega|spe|1\n|upkeep\n|turn|4\n|inactive|Time left: 300 sec this turn | 300 sec total\n|\n|t:|1783545994\n|move|p2a: Yanmega|Air Slash|p1a: Lugia\n|-damage|p1a: Lugia|176/275\n|move|p1a: Lugia|Aeroblast|p2a: Yanmega\n|-supereffective|p2a: Yanmega\n|-crit|p2a: Yanmega\n|-damage|p2a: Yanmega|0 fnt\n|faint|p2a: Yanmega\n|\n|upkeep\n|\n|t:|1783545995\n|switch|p2a: Ceruledge|Ceruledge, L78, M|100/100\n|turn|5\n|inactive|Time left: 300 sec this turn | 300 sec total\n|\n|t:|1783545996\n|move|p1a: Lugia|Recover|p1a: Lugia\n|-heal|p1a: Lugia|275/275\n|move|p2a: Ceruledge|Swords Dance|p2a: Ceruledge\n|-boost|p2a: Ceruledge|atk|2\n|\n|upkeep\n|turn|6\n|inactive|Time left: 300 sec this turn | 300 sec total\n|\n|t:|1783545997\n|move|p1a: Lugia|Earth Power|p2a: Ceruledge\n|-supereffective|p2a: Ceruledge\n|-damage|p2a: Ceruledge|62/100\n|-unboost|p2a: Ceruledge|spd|1\n|move|p2a: Ceruledge|Poltergeist|p1a: Lugia\n|-activate|p1a: Lugia|move: Poltergeist|Heavy-Duty Boots\n|-supereffective|p1a: Lugia\n|-damage|p1a: Lugia|64/275\n|\n|upkeep\n|turn|7\n|inactive|Time left: 300 sec this turn | 300 sec total\n|\n|t:|1783545998\n|move|p1a: Lugia|Aeroblast|p2a: Ceruledge\n|-damage|p2a: Ceruledge|13/100\n|move|p2a: Ceruledge|Bitter Blade|p1a: Lugia\n|-damage|p1a: Lugia|0 fnt\n|-heal|p2a: Ceruledge|26/100|[from] drain|[of] p1a: Lugia\n|faint|p1a: Lugia\n|\n|upkeep\n|inactive|Time left: 300 sec this turn | 300 sec total | 5 sec grace\n|\n|t:|1783545999\n|switch|p1a: Salamence|Salamence, L77, F|273/273\n|turn|8\n|inactive|Time left: 300 sec this turn | 300 sec total\n|\n|t:|1783546000\n|switch|p2a: Alomomola|Alomomola, L87, F|100/100\n|move|p1a: Salamence|Earthquake|p2a: Alomomola\n|-damage|p2a: Alomomola|83/100\n|\n|upkeep\n|turn|9\n|inactive|Time left: 300 sec this turn | 300 sec total\n|\n|t:|1783546001\n|move|p1a: Salamence|Dragon Dance|p1a: Salamence\n|-boost|p1a: Salamence|atk|1\n|-boost|p1a: Salamence|spe|1\n|move|p2a: Alomomola|Scald|p1a: Salamence\n|-resisted|p1a: Salamence\n|-damage|p1a: Salamence|246/273\n|\n|upkeep\n|turn|10\n|inactive|Time left: 300 sec this turn | 300 sec total\n|\n|t:|1783546002\n|move|p1a: Salamence|Outrage|p2a: Alomomola\n|-damage|p2a: Alomomola|34/100\n|-damage|p1a: Salamence|201/273|[from] item: Rocky Helmet|[of] p2a: Alomomola\n|move|p2a: Alomomola|Flip Turn|p1a: Salamence\n|-resisted|p1a: Salamence\n|-damage|p1a: Salamence|171/273\n|\n|t:|1783546003\n|switch|p2a: Whimsicott|Whimsicott, L84, M|100/100|[from] Flip Turn\n|\n|upkeep\n|turn|11\n|inactive|Time left: 300 sec this turn | 300 sec total\n|\n|t:|1783546004\n|move|p1a: Salamence|Outrage|p2a: Whimsicott|[from] lockedmove\n|-immune|p2a: Whimsicott\n|move|p2a: Whimsicott|Moonblast|p1a: Salamence\n|-supereffective|p1a: Salamence\n|-damage|p1a: Salamence|0 fnt\n|faint|p1a: Salamence\n|\n|upkeep\n|inactive|Time left: 300 sec this turn | 300 sec total | 5 sec grace\n|\n|t:|1783546005\n|switch|p1a: Azelf|Azelf, L82|257/257\n|turn|12\n|inactive|Time left: 300 sec this turn | 300 sec total\n|\n|t:|1783546006\n|move|p2a: Whimsicott|Moonblast|p1a: Azelf\n|-damage|p1a: Azelf|148/257\n|-unboost|p1a: Azelf|spa|1\n|move|p1a: Azelf|Psychic|p2a: Whimsicott\n|-damage|p2a: Whimsicott|56/100\n|-damage|p1a: Azelf|123/257|[from] item: Life Orb\n|\n|-heal|p2a: Whimsicott|62/100|[from] item: Leftovers\n|upkeep\n|turn|13\n|inactive|Time left: 300 sec this turn | 300 sec total\n|\n|t:|1783546007\n|move|p2a: Whimsicott|Moonblast|p1a: Azelf\n|-damage|p1a: Azelf|21/257\n|move|p1a: Azelf|Fire Blast|p2a: Whimsicott\n|-supereffective|p2a: Whimsicott\n|-damage|p2a: Whimsicott|0 fnt\n|faint|p2a: Whimsicott\n|-damage|p1a: Azelf|0 fnt|[from] item: Life Orb\n|faint|p1a: Azelf\n|\n|upkeep\n|inactive|Time left: 300 sec this turn | 300 sec total | 5 sec grace\n|\n|t:|1783546008\n|switch|p2a: Pyroar|Pyroar, L88, F|100/100\n|switch|p1a: Scrafty|Scrafty, L83, F|125/244\n|-ability|p2a: Pyroar|Unnerve\n|turn|14\n|inactive|Time left: 300 sec this turn | 300 sec total\n|\n|t:|1783546009\n|-terastallize|p2a: Pyroar|Fire\n|move|p2a: Pyroar|Fire Blast|p1a: Scrafty\n|-damage|p1a: Scrafty|0 fnt\n|faint|p1a: Scrafty\n|\n|upkeep\n|inactive|Time left: 300 sec this turn | 300 sec total | 5 sec grace\n|\n|t:|1783546010\n|switch|p1a: Ting-Lu|Ting-Lu, L78|370/370\n|-ability|p1a: Ting-Lu|Vessel of Ruin\n|turn|15\n|inactive|Time left: 300 sec this turn | 300 sec total\n|\n|t:|1783546011\n|move|p2a: Pyroar|Will-O-Wisp|p1a: Ting-Lu\n|-status|p1a: Ting-Lu|brn\n|move|p1a: Ting-Lu|Earthquake|p2a: Pyroar\n|-supereffective|p2a: Pyroar\n|-damage|p2a: Pyroar|65/100\n|\n|-damage|p1a: Ting-Lu|347/370 brn|[from] brn\n|upkeep\n|turn|16\n|inactive|Time left: 300 sec this turn | 300 sec total\n|\n|t:|1783546012\n|switch|p2a: Alomomola|Alomomola, L87, F|67/100\n|move|p1a: Ting-Lu|Earthquake|p2a: Alomomola\n|-damage|p2a: Alomomola|54/100\n|\n|-heal|p1a: Ting-Lu|370/370 brn|[from] item: Leftovers\n|-damage|p1a: Ting-Lu|347/370 brn|[from] brn\n|upkeep\n|turn|17\n|inactive|Time left: 300 sec this turn | 300 sec total\n|\n|t:|1783546013\n|switch|p2a: Chesnaught|Chesnaught, L84, M|100/100\n|move|p1a: Ting-Lu|Spikes|p2a: Chesnaught\n|-sidestart|p2: p0y59503ff|Spikes\n|\n|-heal|p1a: Ting-Lu|370/370 brn|[from] item: Leftovers\n|-damage|p1a: Ting-Lu|347/370 brn|[from] brn\n|upkeep\n|turn|18\n|inactive|Time left: 300 sec this turn | 300 sec total\n|\n|t:|1783546014\n|move|p2a: Chesnaught|Body Press|p1a: Ting-Lu\n|-supereffective|p1a: Ting-Lu\n|-damage|p1a: Ting-Lu|167/370 brn\n|move|p1a: Ting-Lu|Stealth Rock|p2a: Chesnaught\n|-sidestart|p2: p0y59503ff|move: Stealth Rock\n|\n|-heal|p1a: Ting-Lu|190/370 brn|[from] item: Leftovers\n|-damage|p1a: Ting-Lu|167/370 brn|[from] brn\n|upkeep\n|turn|19\n|inactive|Time left: 300 sec this turn | 300 sec total\n|\n|t:|1783546015\n|move|p2a: Chesnaught|Trailblaze|p1a: Ting-Lu\n|-supereffective|p1a: Ting-Lu\n|-damage|p1a: Ting-Lu|69/370 brn\n|-boost|p2a: Chesnaught|spe|1\n|move|p1a: Ting-Lu|Spikes|p2a: Chesnaught\n|-sidestart|p2: p0y59503ff|Spikes\n|\n|-heal|p1a: Ting-Lu|92/370 brn|[from] item: Leftovers\n|-damage|p1a: Ting-Lu|69/370 brn|[from] brn\n|upkeep\n|turn|20\n|inactive|Time left: 300 sec this turn | 300 sec total\n|\n|t:|1783546016\n|move|p2a: Chesnaught|Trailblaze|p1a: Ting-Lu\n|-supereffective|p1a: Ting-Lu\n|-damage|p1a: Ting-Lu|0 fnt\n|-boost|p2a: Chesnaught|spe|1\n|faint|p1a: Ting-Lu\n|\n|upkeep\n|inactive|Time left: 300 sec this turn | 300 sec total | 5 sec grace\n|\n|t:|1783546017\n|switch|p1a: Dudunsparce|Dudunsparce-Three-Segment, L83, M|343/343\n|turn|21\n|inactive|Time left: 300 sec this turn | 300 sec total\n|\n|t:|1783546018\n|-terastallize|p1a: Dudunsparce|Ghost\n|move|p2a: Chesnaught|Iron Defense|p2a: Chesnaught\n|-boost|p2a: Chesnaught|def|2\n|move|p1a: Dudunsparce|Glare|p2a: Chesnaught\n|-status|p2a: Chesnaught|par\n|\n|upkeep\n|turn|22\n|inactive|Time left: 300 sec this turn | 300 sec total\n|\n|t:|1783546019\n|move|p2a: Chesnaught|Iron Defense|p2a: Chesnaught\n|-boost|p2a: Chesnaught|def|2\n|move|p1a: Dudunsparce|Roost||[still]\n|-fail|p1a: Dudunsparce|heal\n|\n|upkeep\n|turn|23\n|inactive|Time left: 300 sec this turn | 300 sec total\n|\n|t:|1783546020\n|move|p2a: Chesnaught|Trailblaze|p1a: Dudunsparce\n|-damage|p1a: Dudunsparce|282/343\n|-boost|p2a: Chesnaught|spe|1\n|move|p1a: Dudunsparce|Earthquake|p2a: Chesnaught\n|-resisted|p2a: Chesnaught\n|-damage|p2a: Chesnaught|97/100 par\n|\n|-heal|p2a: Chesnaught|100/100 par|[from] item: Leftovers\n|-heal|p1a: Dudunsparce|303/343|[from] item: Leftovers\n|upkeep\n|turn|24\n|inactive|Time left: 300 sec this turn | 300 sec total\n|\n|t:|1783546022\n|move|p2a: Chesnaught|Trailblaze|p1a: Dudunsparce\n|-damage|p1a: Dudunsparce|234/343\n|-boost|p2a: Chesnaught|spe|1\n|move|p1a: Dudunsparce|Glare|p2a: Chesnaught\n|-fail|p2a: Chesnaught|par\n|\n|-heal|p1a: Dudunsparce|255/343|[from] item: Leftovers\n|upkeep\n|turn|25\n|inactive|Time left: 300 sec this turn | 300 sec total\n|\n|t:|1783546023\n|move|p2a: Chesnaught|Trailblaze|p1a: Dudunsparce\n|-damage|p1a: Dudunsparce|191/343\n|-boost|p2a: Chesnaught|spe|1\n|move|p1a: Dudunsparce|Roost|p1a: Dudunsparce\n|-heal|p1a: Dudunsparce|343/343\n|\n|upkeep\n|turn|26\n|inactive|Time left: 300 sec this turn | 300 sec total\n|\n|t:|1783546024\n|move|p2a: Chesnaught|Iron Defense|p2a: Chesnaught\n|-boost|p2a: Chesnaught|def|2\n|move|p1a: Dudunsparce|Earthquake|p2a: Chesnaught\n|-resisted|p2a: Chesnaught\n|-damage|p2a: Chesnaught|98/100 par\n|\n|-heal|p2a: Chesnaught|100/100 par|[from] item: Leftovers\n|upkeep\n|turn|27\n|inactive|Time left: 300 sec this turn | 300 sec total\n|\n|t:|1783546025\n|move|p2a: Chesnaught|Body Press|p1a: Dudunsparce\n|-immune|p1a: Dudunsparce\n|move|p1a: Dudunsparce|Roost||[still]\n|-fail|p1a: Dudunsparce|heal\n|\n|upkeep\n|turn|28\n|inactive|Time left: 300 sec this turn | 300 sec total\n|\n|t:|1783546027\n|move|p2a: Chesnaught|Body Press|p1a: Dudunsparce\n|-immune|p1a: Dudunsparce\n|move|p1a: Dudunsparce|Glare|p2a: Chesnaught\n|-fail|p2a: Chesnaught|par\n|\n|upkeep\n|turn|29\n|inactive|Time left: 300 sec this turn | 300 sec total\n|\n|t:|1783546028\n|cant|p2a: Chesnaught|par\n|move|p1a: Dudunsparce|Headbutt|p2a: Chesnaught\n|-damage|p2a: Chesnaught|95/100 par\n|\n|-heal|p2a: Chesnaught|100/100 par|[from] item: Leftovers\n|upkeep\n|turn|30\n|inactive|Time left: 300 sec this turn | 300 sec total\n|\n|t:|1783546029\n|move|p2a: Chesnaught|Trailblaze|p1a: Dudunsparce\n|-damage|p1a: Dudunsparce|276/343\n|-boost|p2a: Chesnaught|spe|1\n|move|p1a: Dudunsparce|Glare|p2a: Chesnaught\n|-fail|p2a: Chesnaught|par\n|\n|-heal|p1a: Dudunsparce|297/343|[from] item: Leftovers\n|upkeep\n|turn|31\n|inactive|Time left: 300 sec this turn | 300 sec total\n|\n|t:|1783546030\n|cant|p2a: Chesnaught|par\n|move|p1a: Dudunsparce|Roost|p1a: Dudunsparce\n|-heal|p1a: Dudunsparce|343/343\n|\n|upkeep\n|turn|32\n|inactive|Time left: 300 sec this turn | 300 sec total\n|\n|t:|1783546031\n|move|p2a: Chesnaught|Body Press|p1a: Dudunsparce\n|-immune|p1a: Dudunsparce\n|move|p1a: Dudunsparce|Glare|p2a: Chesnaught\n|-fail|p2a: Chesnaught|par\n|\n|upkeep\n|turn|33\n|inactive|Time left: 300 sec this turn | 300 sec total\n|\n|t:|1783546032\n|move|p2a: Chesnaught|Iron Defense|p2a: Chesnaught\n|-boost|p2a: Chesnaught|def|0\n|move|p1a: Dudunsparce|Earthquake|p2a: Chesnaught\n|-resisted|p2a: Chesnaught\n|-damage|p2a: Chesnaught|98/100 par\n|\n|-heal|p2a: Chesnaught|100/100 par|[from] item: Leftovers\n|upkeep\n|turn|34\n|inactive|Time left: 300 sec this turn | 300 sec total\n|\n|t:|1783546033\n|move|p2a: Chesnaught|Trailblaze|p1a: Dudunsparce\n|-damage|p1a: Dudunsparce|282/343\n|move|p1a: Dudunsparce|Headbutt|p2a: Chesnaught\n|-damage|p2a: Chesnaught|95/100 par\n|\n|-heal|p2a: Chesnaught|100/100 par|[from] item: Leftovers\n|-heal|p1a: Dudunsparce|303/343|[from] item: Leftovers\n|upkeep\n|turn|35\n|inactive|Time left: 300 sec this turn | 300 sec total\n|\n|t:|1783546034\n|move|p2a: Chesnaught|Trailblaze|p1a: Dudunsparce\n|-damage|p1a: Dudunsparce|245/343\n|move|p1a: Dudunsparce|Earthquake|p2a: Chesnaught\n|-resisted|p2a: Chesnaught\n|-damage|p2a: Chesnaught|98/100 par\n|\n|-heal|p2a: Chesnaught|100/100 par|[from] item: Leftovers\n|-heal|p1a: Dudunsparce|266/343|[from] item: Leftovers\n|upkeep\n|turn|36\n|inactive|Time left: 300 sec this turn | 300 sec total\n|\n|t:|1783546035\n|move|p2a: Chesnaught|Iron Defense|p2a: Chesnaught\n|-boost|p2a: Chesnaught|def|0\n|move|p1a: Dudunsparce|Glare|p2a: Chesnaught\n|-fail|p2a: Chesnaught|par\n|\n|-heal|p1a: Dudunsparce|287/343|[from] item: Leftovers\n|upkeep\n|turn|37\n|inactive|Time left: 300 sec this turn | 300 sec total\n|\n|t:|1783546036\n|move|p2a: Chesnaught|Body Press|p1a: Dudunsparce\n|-immune|p1a: Dudunsparce\n|move|p1a: Dudunsparce|Roost|p1a: Dudunsparce\n|-heal|p1a: Dudunsparce|343/343\n|\n|upkeep\n|turn|38\n|inactive|Time left: 300 sec this turn | 300 sec total\n|\n|t:|1783546037\n|move|p2a: Chesnaught|Body Press|p1a: Dudunsparce\n|-immune|p1a: Dudunsparce\n|move|p1a: Dudunsparce|Earthquake|p2a: Chesnaught\n|-resisted|p2a: Chesnaught\n|-damage|p2a: Chesnaught|98/100 par\n|\n|-heal|p2a: Chesnaught|100/100 par|[from] item: Leftovers\n|upkeep\n|turn|39\n|inactive|Time left: 300 sec this turn | 300 sec total\n|\n|t:|1783546038\n|move|p2a: Chesnaught|Body Press|p1a: Dudunsparce\n|-immune|p1a: Dudunsparce\n|move|p1a: Dudunsparce|Roost||[still]\n|-fail|p1a: Dudunsparce|heal\n|\n|upkeep\n|turn|40\n|inactive|Time left: 300 sec this turn | 300 sec total\n|\n|t:|1783546039\n|move|p2a: Chesnaught|Iron Defense|p2a: Chesnaught\n|-boost|p2a: Chesnaught|def|0\n|move|p1a: Dudunsparce|Glare|p2a: Chesnaught\n|-fail|p2a: Chesnaught|par\n|\n|upkeep\n|turn|41\n|inactive|Time left: 300 sec this turn | 300 sec total\n|\n|t:|1783546040\n|move|p2a: Chesnaught|Trailblaze|p1a: Dudunsparce\n|-damage|p1a: Dudunsparce|282/343\n|move|p1a: Dudunsparce|Roost|p1a: Dudunsparce\n|-heal|p1a: Dudunsparce|343/343\n|\n|upkeep\n|turn|42\n|inactive|Time left: 300 sec this turn | 300 sec total\n|\n|t:|1783546041\n|move|p2a: Chesnaught|Synthesis|p2a: Chesnaught\n|-fail|p2a: Chesnaught|heal\n|move|p1a: Dudunsparce|Headbutt|p2a: Chesnaught\n|-damage|p2a: Chesnaught|95/100 par\n|\n|-heal|p2a: Chesnaught|100/100 par|[from] item: Leftovers\n|upkeep\n|turn|43\n|inactive|Time left: 300 sec this turn | 300 sec total\n|\n|t:|1783546042\n|move|p2a: Chesnaught|Synthesis|p2a: Chesnaught\n|-fail|p2a: Chesnaught|heal\n|move|p1a: Dudunsparce|Roost||[still]\n|-fail|p1a: Dudunsparce|heal\n|\n|upkeep\n|turn|44\n|inactive|Time left: 300 sec this turn | 300 sec total\n|\n|t:|1783546043\n|cant|p2a: Chesnaught|par\n|move|p1a: Dudunsparce|Headbutt|p2a: Chesnaught\n|-damage|p2a: Chesnaught|95/100 par\n|\n|-heal|p2a: Chesnaught|100/100 par|[from] item: Leftovers\n|upkeep\n|turn|45\n|inactive|Time left: 300 sec this turn | 300 sec total\n|\n|t:|1783546044\n|move|p2a: Chesnaught|Trailblaze|p1a: Dudunsparce\n|-damage|p1a: Dudunsparce|282/343\n|move|p1a: Dudunsparce|Earthquake|p2a: Chesnaught\n|-resisted|p2a: Chesnaught\n|-damage|p2a: Chesnaught|98/100 par\n|\n|-heal|p2a: Chesnaught|100/100 par|[from] item: Leftovers\n|-heal|p1a: Dudunsparce|303/343|[from] item: Leftovers\n|upkeep\n|turn|46\n|inactive|Time left: 300 sec this turn | 300 sec total\n|\n|t:|1783546045\n|move|p2a: Chesnaught|Trailblaze|p1a: Dudunsparce\n|-damage|p1a: Dudunsparce|237/343\n|move|p1a: Dudunsparce|Glare|p2a: Chesnaught\n|-fail|p2a: Chesnaught|par\n|\n|-heal|p1a: Dudunsparce|258/343|[from] item: Leftovers\n|upkeep\n|turn|47\n|inactive|Time left: 300 sec this turn | 300 sec total\n|\n|t:|1783546045\n|move|p2a: Chesnaught|Trailblaze|p1a: Dudunsparce\n|-damage|p1a: Dudunsparce|192/343\n|move|p1a: Dudunsparce|Glare|p2a: Chesnaught\n|-fail|p2a: Chesnaught|par\n|\n|-heal|p1a: Dudunsparce|213/343|[from] item: Leftovers\n|upkeep\n|turn|48\n|inactive|Time left: 300 sec this turn | 300 sec total\n|\n|t:|1783546046\n|move|p2a: Chesnaught|Trailblaze|p1a: Dudunsparce\n|-damage|p1a: Dudunsparce|149/343\n|move|p1a: Dudunsparce|Glare|p2a: Chesnaught\n|-fail|p2a: Chesnaught|par\n|\n|-heal|p1a: Dudunsparce|170/343|[from] item: Leftovers\n|upkeep\n|turn|49\n|inactive|Time left: 300 sec this turn | 300 sec total\n|\n|t:|1783546047\n|switch|p2a: Pyroar|Pyroar, L88, F, tera:Fire|65/100\n|-ability|p2a: Pyroar|Unnerve\n|move|p1a: Dudunsparce|Glare|p2a: Pyroar\n|-status|p2a: Pyroar|par\n|\n|-heal|p1a: Dudunsparce|191/343|[from] item: Leftovers\n|upkeep\n|turn|50\n|inactive|Time left: 300 sec this turn | 300 sec total\n|\n|t:|1783546048\n|move|p1a: Dudunsparce|Headbutt|p2a: Pyroar\n|-damage|p2a: Pyroar|37/100 par\n|cant|p2a: Pyroar|flinch\n|\n|-heal|p1a: Dudunsparce|212/343|[from] item: Leftovers\n|upkeep\n|turn|51\n|inactive|Time left: 300 sec this turn | 300 sec total\n|\n|t:|1783546049\n|move|p1a: Dudunsparce|Headbutt|p2a: Pyroar\n|-damage|p2a: Pyroar|10/100 par\n|move|p2a: Pyroar|Fire Blast|p1a: Dudunsparce\n|-damage|p1a: Dudunsparce|0 fnt\n|faint|p1a: Dudunsparce\n|\n|win|p0y59503ff", "uploadtime": 1783546049, "views": 0, "rating": 0, "private": 0, "password": null, "_winner": "p0y59503ff", "_our_name": "p0x595338c"}