{"id": "battle-gen9randombattle-1012", "formatid": "gen9randombattle", "format": "[Gen 9] Random Battle", "players": ["p0x10129932", "p0y10129437"], "log": "|init|battle\n|title|p0x10129932 vs. p0y10129437\n|j|\u2606p0x10129932\n|j|\u2606p0y10129437\n|t:|1783550924\n|gametype|singles\n|player|p1|p0x10129932|170|\n|player|p2|p0y10129437|266|\n|gen|9\n|tier|[Gen 9] Random Battle\n|rule|Species Clause: Limit one of each Pok\u00e9mon\n|rule|HP Percentage Mod: HP is shown in percentages\n|rule|Sleep Clause Mod: Limit one foe put to sleep\n|rule|Illusion Level Mod: Illusion disguises the Pok\u00e9mon's true level\n|\n|t:|1783550924\n|teamsize|p1|6\n|teamsize|p2|6\n|start\n|switch|p1a: Groudon|Groudon, L72|100/100\n|switch|p2a: Gyarados|Gyarados, L79, M|280/280\n|-ability|p2a: Gyarados|Intimidate|boost\n|-unboost|p1a: Groudon|atk|1\n|-weather|SunnyDay|[from] ability: Drought|[of] p1a: Groudon\n|turn|1\n|inactive|Battle timer is ON: inactive players will automatically lose when time's up. (requested by p0x10129932)\n|inactive|Time left: 300 sec this turn | 300 sec total | 60 sec grace\n|inactive|p0y10129437 also wants the timer to be on.\n|\n|t:|1783550925\n|move|p2a: Gyarados|Dragon Dance|p2a: Gyarados\n|-boost|p2a: Gyarados|atk|1\n|-boost|p2a: Gyarados|spe|1\n|move|p1a: Groudon|Swords Dance|p1a: Groudon\n|-boost|p1a: Groudon|atk|2\n|\n|-weather|SunnyDay|[upkeep]\n|upkeep\n|turn|2\n|inactive|Time left: 300 sec this turn | 300 sec total\n|\n|t:|1783550926\n|move|p2a: Gyarados|Dragon Dance|p2a: Gyarados\n|-boost|p2a: Gyarados|atk|1\n|-boost|p2a: Gyarados|spe|1\n|move|p1a: Groudon|Heat Crash|p2a: Gyarados\n|-resisted|p2a: Gyarados\n|-damage|p2a: Gyarados|186/280\n|\n|-weather|SunnyDay|[upkeep]\n|upkeep\n|turn|3\n|inactive|Time left: 300 sec this turn | 300 sec total\n|\n|t:|1783550927\n|move|p2a: Gyarados|Waterfall|p1a: Groudon\n|-supereffective|p1a: Groudon\n|-damage|p1a: Groudon|50/100\n|cant|p1a: Groudon|flinch\n|\n|-weather|SunnyDay|[upkeep]\n|-heal|p1a: Groudon|56/100|[from] item: Leftovers\n|upkeep\n|turn|4\n|inactive|Time left: 300 sec this turn | 300 sec total\n|\n|t:|1783550928\n|switch|p1a: Manaphy|Manaphy, L78|100/100\n|move|p2a: Gyarados|Waterfall|p1a: Manaphy\n|-resisted|p1a: Manaphy\n|-damage|p1a: Manaphy|86/100\n|\n|-weather|SunnyDay|[upkeep]\n|-heal|p1a: Manaphy|92/100|[from] item: Leftovers\n|upkeep\n|turn|5\n|inactive|Time left: 300 sec this turn | 300 sec total\n|\n|t:|1783550930\n|move|p2a: Gyarados|Earthquake|p1a: Manaphy\n|-damage|p1a: Manaphy|39/100\n|move|p1a: Manaphy|Tail Glow|p1a: Manaphy\n|-boost|p1a: Manaphy|spa|3\n|\n|-weather|none\n|-heal|p1a: Manaphy|45/100|[from] item: Leftovers\n|upkeep\n|turn|6\n|inactive|Time left: 300 sec this turn | 300 sec total\n|\n|t:|1783550931\n|-terastallize|p1a: Manaphy|Grass\n|move|p2a: Gyarados|Stone Edge|p1a: Manaphy\n|-damage|p1a: Manaphy|0 fnt\n|faint|p1a: Manaphy\n|\n|upkeep\n|\n|t:|1783550932\n|switch|p1a: Gurdurr|Gurdurr, L85, F|100/100\n|turn|7\n|inactive|Time left: 300 sec this turn | 300 sec total\n|\n|t:|1783550933\n|move|p2a: Gyarados|Waterfall|p1a: Gurdurr\n|-damage|p1a: Gurdurr|58/100\n|move|p1a: Gurdurr|Bulk Up|p1a: Gurdurr\n|-boost|p1a: Gurdurr|atk|1\n|-boost|p1a: Gurdurr|def|1\n|\n|upkeep\n|turn|8\n|inactive|Time left: 300 sec this turn | 300 sec total\n|\n|t:|1783550935\n|move|p2a: Gyarados|Waterfall|p1a: Gurdurr\n|-damage|p1a: Gurdurr|26/100\n|cant|p1a: Gurdurr|flinch\n|\n|upkeep\n|turn|9\n|inactive|Time left: 300 sec this turn | 300 sec total\n|\n|t:|1783550936\n|move|p1a: Gurdurr|Mach Punch|p2a: Gyarados\n|-resisted|p2a: Gyarados\n|-damage|p2a: Gyarados|148/280\n|move|p2a: Gyarados|Waterfall|p1a: Gurdurr\n|-damage|p1a: Gurdurr|0 fnt\n|faint|p1a: Gurdurr\n|\n|upkeep\n|\n|t:|1783550936\n|switch|p1a: Oinkologne|Oinkologne-F, L92, F|100/100\n|turn|10\n|inactive|Time left: 300 sec this turn | 300 sec total\n|\n|t:|1783550938\n|move|p2a: Gyarados|Waterfall|p1a: Oinkologne\n|-damage|p1a: Oinkologne|43/100\n|move|p1a: Oinkologne|Curse|p1a: Oinkologne\n|-unboost|p1a: Oinkologne|spe|1\n|-boost|p1a: Oinkologne|atk|1\n|-boost|p1a: Oinkologne|def|1\n|\n|-heal|p1a: Oinkologne|49/100|[from] item: Leftovers\n|upkeep\n|turn|11\n|inactive|Time left: 300 sec this turn | 300 sec total\n|\n|t:|1783550939\n|move|p2a: Gyarados|Waterfall|p1a: Oinkologne\n|-damage|p1a: Oinkologne|12/100\n|move|p1a: Oinkologne|Body Slam|p2a: Gyarados\n|-crit|p2a: Gyarados\n|-damage|p2a: Gyarados|0 fnt\n|faint|p2a: Gyarados\n|\n|-heal|p1a: Oinkologne|18/100|[from] item: Leftovers\n|upkeep\n|inactive|Time left: 300 sec this turn | 300 sec total | 5 sec grace\n|\n|t:|1783550939\n|switch|p2a: Baxcalibur|Baxcalibur, L75, F|295/295\n|turn|12\n|inactive|Time left: 300 sec this turn | 300 sec total\n|\n|t:|1783550941\n|move|p2a: Baxcalibur|Glaive Rush|p1a: Oinkologne\n|-damage|p1a: Oinkologne|0 fnt\n|-singlemove|p2a: Baxcalibur|Glaive Rush|[silent]\n|faint|p1a: Oinkologne\n|\n|upkeep\n|\n|t:|1783550942\n|switch|p1a: Drednaw|Drednaw, L81, F|100/100\n|turn|13\n|inactive|Time left: 300 sec this turn | 300 sec total\n|\n|t:|1783550943\n|-terastallize|p2a: Baxcalibur|Dragon\n|move|p2a: Baxcalibur|Glaive Rush|p1a: Drednaw\n|-damage|p1a: Drednaw|0 fnt\n|-singlemove|p2a: Baxcalibur|Glaive Rush|[silent]\n|faint|p1a: Drednaw\n|\n|upkeep\n|\n|t:|1783550944\n|switch|p1a: Chandelure|Chandelure, L83, M|100/100\n|turn|14\n|inactive|Time left: 300 sec this turn | 300 sec total\n|\n|t:|1783550944\n|move|p1a: Chandelure|Shadow Ball|p2a: Baxcalibur\n|-damage|p2a: Baxcalibur|43/295\n|move|p2a: Baxcalibur|Glaive Rush|p1a: Chandelure\n|-damage|p1a: Chandelure|0 fnt\n|-singlemove|p2a: Baxcalibur|Glaive Rush|[silent]\n|faint|p1a: Chandelure\n|\n|upkeep\n|\n|t:|1783550945\n|switch|p1a: Groudon|Groudon, L72|56/100\n|-weather|SunnyDay|[from] ability: Drought|[of] p1a: Groudon\n|turn|15\n|inactive|Time left: 300 sec this turn | 300 sec total\n|\n|t:|1783550946\n|move|p2a: Baxcalibur|Glaive Rush|p1a: Groudon\n|-damage|p1a: Groudon|0 fnt\n|-singlemove|p2a: Baxcalibur|Glaive Rush|[silent]\n|faint|p1a: Groudon\n|\n|win|p0y10129437", "uploadtime": 1783550946, "views": 0, "rating": 0, "private": 0, "password": null, "_winner": "p0y10129437", "_our_name": "p0y10129437"}