{"id": "battle-gen9randombattle-690", "formatid": "gen9randombattle", "format": "[Gen 9] Random Battle", "players": ["p0x6900f7a", "p0y690c883"], "log": "|init|battle\n|title|p0x6900f7a vs. p0y690c883\n|j|\u2606p0x6900f7a\n|j|\u2606p0y690c883\n|t:|1783547143\n|gametype|singles\n|player|p1|p0x6900f7a|102|\n|player|p2|p0y690c883|265|\n|gen|9\n|tier|[Gen 9] Random Battle\n|rule|Species Clause: Limit one of each Pok\u00e9mon\n|rule|HP Percentage Mod: HP is shown in percentages\n|rule|Sleep Clause Mod: Limit one foe put to sleep\n|rule|Illusion Level Mod: Illusion disguises the Pok\u00e9mon's true level\n|\n|t:|1783547143\n|teamsize|p1|6\n|teamsize|p2|6\n|start\n|switch|p1a: Krookodile|Krookodile, L79, F|280/280\n|switch|p2a: Klefki|Klefki, L84, F|100/100\n|-ability|p1a: Krookodile|Intimidate|boost\n|-unboost|p2a: Klefki|atk|1\n|turn|1\n|inactive|Battle timer is ON: inactive players will automatically lose when time's up. (requested by p0y690c883)\n|inactive|Time left: 300 sec this turn | 300 sec total | 60 sec grace\n|inactive|p0x6900f7a also wants the timer to be on.\n|\n|t:|1783547144\n|switch|p2a: Landorus|Landorus, L75, M|100/100\n|move|p1a: Krookodile|Earthquake|p2a: Landorus\n|-immune|p2a: Landorus\n|\n|upkeep\n|turn|2\n|inactive|Time left: 300 sec this turn | 300 sec total\n|\n|t:|1783547145\n|move|p2a: Landorus|Focus Blast|p1a: Krookodile|[miss]\n|-miss|p2a: Landorus|p1a: Krookodile\n|move|p1a: Krookodile|Earthquake|p2a: Landorus\n|-immune|p2a: Landorus\n|\n|upkeep\n|turn|3\n|inactive|Time left: 300 sec this turn | 300 sec total\n|\n|t:|1783547146\n|switch|p1a: Talonflame|Talonflame, L83, F|265/265\n|move|p2a: Landorus|Earth Power|p1a: Talonflame\n|-immune|p1a: Talonflame\n|\n|upkeep\n|turn|4\n|inactive|Time left: 300 sec this turn | 300 sec total\n|\n|t:|1783547147\n|move|p1a: Talonflame|Swords Dance|p1a: Talonflame\n|-boost|p1a: Talonflame|atk|2\n|move|p2a: Landorus|Rock Slide|p1a: Talonflame\n|-supereffective|p1a: Talonflame\n|-damage|p1a: Talonflame|0 fnt\n|faint|p1a: Talonflame\n|\n|upkeep\n|inactive|Time left: 300 sec this turn | 300 sec total | 5 sec grace\n|\n|t:|1783547147\n|switch|p1a: Krookodile|Krookodile, L79, F|280/280\n|-ability|p1a: Krookodile|Intimidate|boost\n|-unboost|p2a: Landorus|atk|1\n|turn|5\n|inactive|Time left: 300 sec this turn | 300 sec total\n|\n|t:|1783547148\n|move|p2a: Landorus|Focus Blast|p1a: Krookodile|[miss]\n|-miss|p2a: Landorus|p1a: Krookodile\n|move|p1a: Krookodile|Knock Off|p2a: Landorus\n|-damage|p2a: Landorus|33/100\n|-enditem|p2a: Landorus|Life Orb|[from] move: Knock Off|[of] p1a: Krookodile\n|\n|upkeep\n|turn|6\n|inactive|Time left: 300 sec this turn | 300 sec total\n|\n|t:|1783547149\n|move|p2a: Landorus|Earth Power|p1a: Krookodile\n|-damage|p1a: Krookodile|145/280\n|move|p1a: Krookodile|Knock Off|p2a: Landorus\n|-damage|p2a: Landorus|0 fnt\n|faint|p2a: Landorus\n|\n|upkeep\n|\n|t:|1783547150\n|switch|p2a: Quaquaval|Quaquaval, L79, F|100/100\n|turn|7\n|inactive|Time left: 300 sec this turn | 300 sec total\n|\n|t:|1783547151\n|switch|p1a: Ampharos|Ampharos, L88, F|302/302\n|move|p2a: Quaquaval|Aqua Step|p1a: Ampharos\n|-damage|p1a: Ampharos|167/302\n|-boost|p2a: Quaquaval|spe|1\n|-status|p2a: Quaquaval|par|[from] ability: Static|[of] p1a: Ampharos\n|\n|upkeep\n|turn|8\n|inactive|Time left: 300 sec this turn | 300 sec total\n|\n|t:|1783547153\n|move|p1a: Ampharos|Thunderbolt|p2a: Quaquaval\n|-supereffective|p2a: Quaquaval\n|-damage|p2a: Quaquaval|0 fnt\n|faint|p2a: Quaquaval\n|-damage|p1a: Ampharos|137/302|[from] item: Life Orb\n|\n|upkeep\n|\n|t:|1783547154\n|switch|p2a: Porygon-Z|Porygon-Z, L83|100/100\n|turn|9\n|inactive|Time left: 300 sec this turn | 300 sec total\n|\n|t:|1783547155\n|move|p2a: Porygon-Z|Tri Attack|p1a: Ampharos\n|-damage|p1a: Ampharos|0 fnt\n|faint|p1a: Ampharos\n|\n|upkeep\n|inactive|Time left: 300 sec this turn | 300 sec total | 5 sec grace\n|\n|t:|1783547156\n|switch|p1a: Chandelure|Chandelure, L83, F|235/235\n|turn|10\n|inactive|Time left: 300 sec this turn | 300 sec total\n|\n|t:|1783547157\n|switch|p2a: Palkia|Palkia-Origin, L72|100/100\n|-ability|p2a: Palkia|Pressure\n|move|p1a: Chandelure|Fire Blast|p2a: Palkia\n|-resisted|p2a: Palkia\n|-damage|p2a: Palkia|86/100\n|\n|upkeep\n|turn|11\n|inactive|Time left: 300 sec this turn | 300 sec total\n|\n|t:|1783547158\n|move|p1a: Chandelure|Fire Blast|p2a: Palkia\n|-resisted|p2a: Palkia\n|-damage|p2a: Palkia|72/100\n|move|p2a: Palkia|Hydro Pump|p1a: Chandelure\n|-supereffective|p1a: Chandelure\n|-damage|p1a: Chandelure|0 fnt\n|faint|p1a: Chandelure\n|\n|upkeep\n|inactive|Time left: 300 sec this turn | 300 sec total | 5 sec grace\n|\n|t:|1783547159\n|switch|p1a: Malamar|Malamar, L82, M|275/275\n|turn|12\n|inactive|Time left: 300 sec this turn | 300 sec total\n|\n|t:|1783547160\n|move|p2a: Palkia|Hydro Pump|p1a: Malamar\n|-damage|p1a: Malamar|97/275\n|move|p1a: Malamar|Superpower|p2a: Palkia\n|-damage|p2a: Palkia|37/100\n|-boost|p1a: Malamar|atk|1\n|-boost|p1a: Malamar|def|1\n|\n|upkeep\n|turn|13\n|inactive|Time left: 300 sec this turn | 300 sec total\n|\n|t:|1783547161\n|move|p2a: Palkia|Hydro Pump|p1a: Malamar\n|-damage|p1a: Malamar|0 fnt\n|faint|p1a: Malamar\n|\n|upkeep\n|inactive|Time left: 300 sec this turn | 300 sec total | 5 sec grace\n|\n|t:|1783547162\n|switch|p1a: Altaria|Altaria, L89, F|278/278\n|turn|14\n|inactive|Time left: 300 sec this turn | 300 sec total\n|\n|t:|1783547163\n|move|p2a: Palkia|Draco Meteor|p1a: Altaria|[miss]\n|-miss|p2a: Palkia|p1a: Altaria\n|move|p1a: Altaria|Brave Bird|p2a: Palkia\n|-damage|p2a: Palkia|0 fnt\n|faint|p2a: Palkia\n|-damage|p1a: Altaria|248/278|[from] Recoil\n|\n|upkeep\n|\n|t:|1783547164\n|switch|p2a: Porygon-Z|Porygon-Z, L83|100/100\n|turn|15\n|inactive|Time left: 300 sec this turn | 300 sec total\n|\n|t:|1783547165\n|-terastallize|p1a: Altaria|Steel\n|move|p2a: Porygon-Z|Ice Beam|p1a: Altaria\n|-resisted|p1a: Altaria\n|-damage|p1a: Altaria|213/278\n|move|p1a: Altaria|Brave Bird|p2a: Porygon-Z\n|-damage|p2a: Porygon-Z|55/100\n|-damage|p1a: Altaria|171/278|[from] Recoil\n|\n|upkeep\n|turn|16\n|inactive|Time left: 300 sec this turn | 300 sec total\n|\n|t:|1783547167\n|move|p2a: Porygon-Z|Ice Beam|p1a: Altaria\n|-resisted|p1a: Altaria\n|-damage|p1a: Altaria|140/278\n|move|p1a: Altaria|Roost|p1a: Altaria\n|-heal|p1a: Altaria|278/278\n|\n|upkeep\n|turn|17\n|inactive|Time left: 300 sec this turn | 300 sec total\n|\n|t:|1783547168\n|move|p2a: Porygon-Z|Ice Beam|p1a: Altaria\n|-resisted|p1a: Altaria\n|-damage|p1a: Altaria|243/278\n|move|p1a: Altaria|Brave Bird|p2a: Porygon-Z\n|-damage|p2a: Porygon-Z|8/100\n|-damage|p1a: Altaria|200/278|[from] Recoil\n|\n|upkeep\n|turn|18\n|inactive|Time left: 300 sec this turn | 300 sec total\n|\n|t:|1783547169\n|move|p2a: Porygon-Z|Ice Beam|p1a: Altaria\n|-resisted|p1a: Altaria\n|-damage|p1a: Altaria|164/278\n|move|p1a: Altaria|Brave Bird|p2a: Porygon-Z\n|-damage|p2a: Porygon-Z|0 fnt\n|faint|p2a: Porygon-Z\n|-damage|p1a: Altaria|157/278|[from] Recoil\n|\n|upkeep\n|\n|t:|1783547170\n|switch|p2a: Klefki|Klefki, L84, F|100/100\n|turn|19\n|inactive|Time left: 300 sec this turn | 300 sec total\n|\n|t:|1783547171\n|move|p1a: Altaria|Roost|p1a: Altaria\n|-heal|p1a: Altaria|278/278\n|move|p2a: Klefki|Play Rough|p1a: Altaria\n|-resisted|p1a: Altaria\n|-damage|p1a: Altaria|239/278\n|\n|upkeep\n|turn|20\n|inactive|Time left: 300 sec this turn | 300 sec total\n|\n|t:|1783547172\n|switch|p1a: Krookodile|Krookodile, L79, F|145/280\n|-ability|p1a: Krookodile|Intimidate|boost\n|-unboost|p2a: Klefki|atk|1\n|move|p2a: Klefki|Play Rough|p1a: Krookodile\n|-supereffective|p1a: Krookodile\n|-damage|p1a: Krookodile|29/280\n|\n|upkeep\n|turn|21\n|inactive|Time left: 300 sec this turn | 300 sec total\n|\n|t:|1783547173\n|-terastallize|p2a: Klefki|Water\n|move|p1a: Krookodile|Earthquake|p2a: Klefki\n|-damage|p2a: Klefki|35/100\n|move|p2a: Klefki|Play Rough|p1a: Krookodile\n|-supereffective|p1a: Krookodile\n|-damage|p1a: Krookodile|0 fnt\n|faint|p1a: Krookodile\n|\n|-heal|p2a: Klefki|41/100|[from] item: Leftovers\n|upkeep\n|inactive|Time left: 300 sec this turn | 300 sec total | 5 sec grace\n|\n|t:|1783547174\n|switch|p1a: Altaria|Altaria, L89, F, tera:Steel|239/278\n|turn|22\n|inactive|Time left: 300 sec this turn | 300 sec total\n|\n|t:|1783547175\n|move|p2a: Klefki|Thunder Wave|p1a: Altaria\n|-status|p1a: Altaria|par\n|move|p1a: Altaria|Will-O-Wisp|p2a: Klefki\n|-status|p2a: Klefki|brn\n|\n|-heal|p2a: Klefki|47/100 brn|[from] item: Leftovers\n|-damage|p2a: Klefki|41/100 brn|[from] brn\n|upkeep\n|turn|23\n|inactive|Time left: 300 sec this turn | 300 sec total\n|\n|t:|1783547176\n|move|p2a: Klefki|Play Rough|p1a: Altaria\n|-resisted|p1a: Altaria\n|-damage|p1a: Altaria|227/278 par\n|move|p1a: Altaria|Brave Bird|p2a: Klefki\n|-damage|p2a: Klefki|0 fnt\n|faint|p2a: Klefki\n|-damage|p1a: Altaria|196/278 par|[from] Recoil\n|\n|upkeep\n|\n|t:|1783547177\n|switch|p2a: Kleavor|Kleavor, L78, F|100/100\n|turn|24\n|inactive|Time left: 300 sec this turn | 300 sec total\n|\n|t:|1783547178\n|move|p2a: Kleavor|X-Scissor|p1a: Altaria\n|-resisted|p1a: Altaria\n|-damage|p1a: Altaria|130/278 par\n|move|p1a: Altaria|Roost|p1a: Altaria\n|-heal|p1a: Altaria|269/278 par\n|\n|upkeep\n|turn|25\n|inactive|Time left: 300 sec this turn | 300 sec total\n|\n|t:|1783547179\n|move|p2a: Kleavor|X-Scissor|p1a: Altaria\n|-resisted|p1a: Altaria\n|-damage|p1a: Altaria|205/278 par\n|move|p1a: Altaria|Will-O-Wisp|p2a: Kleavor\n|-status|p2a: Kleavor|brn\n|\n|-damage|p2a: Kleavor|95/100 brn|[from] brn\n|upkeep\n|turn|26\n|inactive|Time left: 300 sec this turn | 300 sec total\n|\n|t:|1783547180\n|move|p2a: Kleavor|X-Scissor|p1a: Altaria\n|-resisted|p1a: Altaria\n|-damage|p1a: Altaria|169/278 par\n|move|p1a: Altaria|Brave Bird|p2a: Kleavor\n|-damage|p2a: Kleavor|45/100 brn\n|-damage|p1a: Altaria|130/278 par|[from] Recoil\n|\n|-damage|p2a: Kleavor|39/100 brn|[from] brn\n|upkeep\n|turn|27\n|inactive|Time left: 300 sec this turn | 300 sec total\n|\n|t:|1783547181\n|move|p2a: Kleavor|Stone Axe|p1a: Altaria|[miss]\n|-miss|p2a: Kleavor|p1a: Altaria\n|move|p1a: Altaria|Brave Bird|p2a: Kleavor\n|-damage|p2a: Kleavor|0 fnt\n|faint|p2a: Kleavor\n|-damage|p1a: Altaria|100/278 par|[from] Recoil\n|\n|win|p0x6900f7a", "uploadtime": 1783547181, "views": 0, "rating": 0, "private": 0, "password": null, "_winner": "p0x6900f7a", "_our_name": "p0x6900f7a"}