{"id": "battle-gen9randombattle-1301", "formatid": "gen9randombattle", "format": "[Gen 9] Random Battle", "players": ["p0x1301b3ad", "p0y13019cf2"], "log": "|init|battle\n|title|p0x1301b3ad vs. p0y13019cf2\n|j|\u2606p0x1301b3ad\n|j|\u2606p0y13019cf2\n|t:|1783555101\n|gametype|singles\n|player|p1|p0x1301b3ad|102|\n|player|p2|p0y13019cf2|1|\n|gen|9\n|tier|[Gen 9] Random Battle\n|rule|Species Clause: Limit one of each Pok\u00e9mon\n|rule|HP Percentage Mod: HP is shown in percentages\n|rule|Sleep Clause Mod: Limit one foe put to sleep\n|rule|Illusion Level Mod: Illusion disguises the Pok\u00e9mon's true level\n|\n|t:|1783555101\n|teamsize|p1|6\n|teamsize|p2|6\n|start\n|switch|p1a: Iron Crown|Iron Crown, L78|100/100\n|switch|p2a: Drednaw|Drednaw, L81, M|278/278\n|turn|1\n|inactive|Battle timer is ON: inactive players will automatically lose when time's up. (requested by p0x1301b3ad)\n|inactive|Time left: 300 sec this turn | 300 sec total | 60 sec grace\n|inactive|p0y13019cf2 also wants the timer to be on.\n|\n|t:|1783555102\n|move|p1a: Iron Crown|Tachyon Cutter|p2a: Drednaw\n|-damage|p2a: Drednaw|211/278\n|-damage|p2a: Drednaw|141/278\n|-hitcount|p2a: Drednaw|2\n|move|p2a: Drednaw|Shell Smash|p2a: Drednaw\n|-unboost|p2a: Drednaw|def|1\n|-unboost|p2a: Drednaw|spd|1\n|-boost|p2a: Drednaw|atk|2\n|-boost|p2a: Drednaw|spa|2\n|-boost|p2a: Drednaw|spe|2\n|-enditem|p2a: Drednaw|White Herb\n|-clearnegativeboost|p2a: Drednaw|[silent]\n|\n|upkeep\n|turn|2\n|inactive|Time left: 300 sec this turn | 300 sec total\n|\n|t:|1783555103\n|-terastallize|p2a: Drednaw|Dark\n|-terastallize|p1a: Iron Crown|Steel\n|move|p2a: Drednaw|Crunch|p1a: Iron Crown\n|-damage|p1a: Iron Crown|6/100\n|move|p1a: Iron Crown|Tachyon Cutter|p2a: Drednaw\n|-damage|p2a: Drednaw|45/278\n|-damage|p2a: Drednaw|0 fnt\n|faint|p2a: Drednaw\n|-hitcount|p2: Drednaw|2\n|\n|-heal|p1a: Iron Crown|12/100|[from] item: Leftovers\n|upkeep\n|inactive|Time left: 300 sec this turn | 300 sec total | 5 sec grace\n|\n|t:|1783555104\n|switch|p2a: Girafarig|Girafarig, L89, F|269/269\n|turn|3\n|inactive|Time left: 300 sec this turn | 300 sec total\n|\n|t:|1783555105\n|-end|p1a: Iron Crown|Quark Drive|[silent]\n|switch|p1a: Pincurchin|Pincurchin, M|100/100\n|-fieldstart|move: Electric Terrain|[from] ability: Electric Surge|[of] p1a: Pincurchin\n|move|p2a: Girafarig|Nasty Plot|p2a: Girafarig\n|-boost|p2a: Girafarig|spa|2\n|\n|upkeep\n|turn|4\n|inactive|Time left: 300 sec this turn | 300 sec total\n|\n|t:|1783555106\n|move|p2a: Girafarig|Psyshock|p1a: Pincurchin\n|-damage|p1a: Pincurchin|45/100\n|move|p1a: Pincurchin|Zing Zap|p2a: Girafarig\n|-damage|p2a: Girafarig|136/269\n|\n|-heal|p1a: Pincurchin|51/100|[from] item: Leftovers\n|upkeep\n|turn|5\n|inactive|Time left: 300 sec this turn | 300 sec total\n|\n|t:|1783555108\n|switch|p1a: Iron Crown|Iron Crown, L78, tera:Steel|12/100\n|-activate|p1a: Iron Crown|ability: Quark Drive\n|-start|p1a: Iron Crown|quarkdrivespa\n|move|p2a: Girafarig|Psyshock|p1a: Iron Crown\n|-resisted|p1a: Iron Crown\n|-damage|p1a: Iron Crown|0 fnt\n|faint|p1a: Iron Crown\n|-end|p1a: Iron Crown|Quark Drive|[silent]\n|\n|upkeep\n|\n|t:|1783555108\n|switch|p1a: Exeggutor|Exeggutor-Alola, L89, M|100/100\n|turn|6\n|inactive|Time left: 300 sec this turn | 300 sec total\n|\n|t:|1783555109\n|move|p2a: Girafarig|Psyshock|p1a: Exeggutor\n|-damage|p1a: Exeggutor|43/100\n|-enditem|p1a: Exeggutor|Sitrus Berry|[eat]\n|-heal|p1a: Exeggutor|68/100|[from] item: Sitrus Berry\n|move|p1a: Exeggutor|Draco Meteor|p2a: Girafarig\n|-damage|p2a: Girafarig|0 fnt\n|-unboost|p1a: Exeggutor|spa|2\n|faint|p2a: Girafarig\n|\n|-item|p1a: Exeggutor|Sitrus Berry|[from] ability: Harvest\n|upkeep\n|inactive|Time left: 300 sec this turn | 300 sec total | 5 sec grace\n|\n|t:|1783555111\n|switch|p2a: Scovillain|Scovillain, L91, M|266/266\n|turn|7\n|inactive|Time left: 300 sec this turn | 300 sec total\n|\n|t:|1783555112\n|switch|p1a: Pelipper|Pelipper, L86, F|100/100\n|-weather|RainDance|[from] ability: Drizzle|[of] p1a: Pelipper\n|move|p2a: Scovillain|Flamethrower|p1a: Pelipper\n|-resisted|p1a: Pelipper\n|-damage|p1a: Pelipper|86/100\n|\n|-weather|RainDance|[upkeep]\n|-fieldend|move: Electric Terrain\n|upkeep\n|turn|8\n|inactive|Time left: 300 sec this turn | 300 sec total\n|\n|t:|1783555113\n|move|p2a: Scovillain|Substitute|p2a: Scovillain\n|-start|p2a: Scovillain|Substitute\n|-damage|p2a: Scovillain|200/266\n|move|p1a: Pelipper|Hurricane|p2a: Scovillain\n|-supereffective|p2a: Scovillain\n|-end|p2a: Scovillain|Substitute\n|\n|-weather|RainDance|[upkeep]\n|-heal|p2a: Scovillain|216/266|[from] item: Leftovers\n|upkeep\n|turn|9\n|inactive|Time left: 300 sec this turn | 300 sec total\n|\n|t:|1783555114\n|move|p2a: Scovillain|Substitute|p2a: Scovillain\n|-start|p2a: Scovillain|Substitute\n|-damage|p2a: Scovillain|150/266\n|move|p1a: Pelipper|Hurricane|p2a: Scovillain\n|-supereffective|p2a: Scovillain\n|-end|p2a: Scovillain|Substitute\n|\n|-weather|RainDance|[upkeep]\n|-heal|p2a: Scovillain|166/266|[from] item: Leftovers\n|upkeep\n|turn|10\n|inactive|Time left: 300 sec this turn | 300 sec total\n|\n|t:|1783555115\n|move|p2a: Scovillain|Substitute|p2a: Scovillain\n|-start|p2a: Scovillain|Substitute\n|-damage|p2a: Scovillain|100/266\n|move|p1a: Pelipper|Hurricane|p2a: Scovillain\n|-supereffective|p2a: Scovillain\n|-end|p2a: Scovillain|Substitute\n|\n|-weather|RainDance|[upkeep]\n|-heal|p2a: Scovillain|116/266|[from] item: Leftovers\n|upkeep\n|turn|11\n|inactive|Time left: 300 sec this turn | 300 sec total\n|\n|t:|1783555116\n|move|p2a: Scovillain|Protect|p2a: Scovillain\n|-singleturn|p2a: Scovillain|Protect\n|move|p1a: Pelipper|Hurricane|p2a: Scovillain\n|-activate|p2a: Scovillain|move: Protect\n|\n|-weather|none\n|-heal|p2a: Scovillain|132/266|[from] item: Leftovers\n|upkeep\n|turn|12\n|inactive|Time left: 300 sec this turn | 300 sec total\n|\n|t:|1783555117\n|move|p2a: Scovillain|Substitute|p2a: Scovillain\n|-start|p2a: Scovillain|Substitute\n|-damage|p2a: Scovillain|66/266\n|move|p1a: Pelipper|Hydro Pump|p2a: Scovillain\n|-end|p2a: Scovillain|Substitute\n|\n|-heal|p2a: Scovillain|82/266|[from] item: Leftovers\n|upkeep\n|turn|13\n|inactive|Time left: 300 sec this turn | 300 sec total\n|\n|t:|1783555118\n|move|p2a: Scovillain|Substitute|p2a: Scovillain\n|-start|p2a: Scovillain|Substitute\n|-damage|p2a: Scovillain|16/266\n|move|p1a: Pelipper|Hurricane|p2a: Scovillain\n|-supereffective|p2a: Scovillain\n|-end|p2a: Scovillain|Substitute\n|\n|-heal|p2a: Scovillain|32/266|[from] item: Leftovers\n|upkeep\n|turn|14\n|inactive|Time left: 300 sec this turn | 300 sec total\n|\n|t:|1783555119\n|move|p2a: Scovillain|Flamethrower|p1a: Pelipper\n|-resisted|p1a: Pelipper\n|-damage|p1a: Pelipper|59/100\n|move|p1a: Pelipper|Hydro Pump|p2a: Scovillain\n|-damage|p2a: Scovillain|0 fnt\n|faint|p2a: Scovillain\n|\n|upkeep\n|inactive|Time left: 300 sec this turn | 300 sec total | 5 sec grace\n|\n|t:|1783555120\n|switch|p2a: Honchkrow|Honchkrow, L86, F|312/312\n|turn|15\n|inactive|Time left: 300 sec this turn | 300 sec total\n|\n|t:|1783555121\n|switch|p1a: Pincurchin|Pincurchin, M|51/100\n|-fieldstart|move: Electric Terrain|[from] ability: Electric Surge|[of] p1a: Pincurchin\n|move|p2a: Honchkrow|Brave Bird|p1a: Pincurchin\n|-resisted|p1a: Pincurchin\n|-damage|p1a: Pincurchin|24/100\n|-damage|p2a: Honchkrow|289/312|[from] Recoil\n|\n|-heal|p1a: Pincurchin|30/100|[from] item: Leftovers\n|upkeep\n|turn|16\n|inactive|Time left: 300 sec this turn | 300 sec total\n|\n|t:|1783555122\n|move|p2a: Honchkrow|Brave Bird|p1a: Pincurchin\n|-resisted|p1a: Pincurchin\n|-damage|p1a: Pincurchin|7/100\n|-damage|p2a: Honchkrow|270/312|[from] Recoil\n|move|p1a: Pincurchin|Recover|p1a: Pincurchin\n|-heal|p1a: Pincurchin|57/100\n|\n|-heal|p1a: Pincurchin|63/100|[from] item: Leftovers\n|upkeep\n|turn|17\n|inactive|Time left: 300 sec this turn | 300 sec total\n|\n|t:|1783555123\n|move|p2a: Honchkrow|U-turn|p1a: Pincurchin\n|-damage|p1a: Pincurchin|43/100\n|inactive|Time left: 300 sec this turn | 300 sec total | 5 sec grace\n|\n|t:|1783555124\n|switch|p2a: Cinderace|Cinderace, L77, M|250/250|[from] U-turn\n|move|p1a: Pincurchin|Zing Zap|p2a: Cinderace\n|-damage|p2a: Cinderace|48/250\n|\n|-heal|p1a: Pincurchin|49/100|[from] item: Leftovers\n|upkeep\n|turn|18\n|inactive|Time left: 300 sec this turn | 300 sec total\n|\n|t:|1783555125\n|move|p2a: Cinderace|Pyro Ball|p1a: Pincurchin\n|-damage|p1a: Pincurchin|12/100\n|move|p1a: Pincurchin|Recover|p1a: Pincurchin\n|-heal|p1a: Pincurchin|62/100\n|\n|-heal|p1a: Pincurchin|68/100|[from] item: Leftovers\n|upkeep\n|turn|19\n|inactive|Time left: 300 sec this turn | 300 sec total\n|\n|t:|1783555126\n|switch|p1a: Pelipper|Pelipper, L86, F|59/100\n|-weather|RainDance|[from] ability: Drizzle|[of] p1a: Pelipper\n|move|p2a: Cinderace|Will-O-Wisp|p1a: Pelipper\n|-status|p1a: Pelipper|brn\n|\n|-weather|RainDance|[upkeep]\n|-damage|p1a: Pelipper|52/100 brn|[from] brn\n|-fieldend|move: Electric Terrain\n|upkeep\n|turn|20\n|inactive|Time left: 300 sec this turn | 300 sec total\n|\n|t:|1783555127\n|move|p2a: Cinderace|U-turn|p1a: Pelipper\n|-start|p2a: Cinderace|typechange|Bug|[from] ability: Libero\n|-resisted|p1a: Pelipper\n|-damage|p1a: Pelipper|40/100 brn\n|inactive|Time left: 300 sec this turn | 300 sec total | 5 sec grace\n|\n|t:|1783555128\n|switch|p2a: Corviknight|Corviknight, L80, M|288/288|[from] U-turn\n|-ability|p2a: Corviknight|Pressure\n|move|p1a: Pelipper|Roost|p1a: Pelipper\n|-heal|p1a: Pelipper|90/100 brn\n|-singleturn|p1a: Pelipper|move: Roost\n|\n|-weather|RainDance|[upkeep]\n|-damage|p1a: Pelipper|84/100 brn|[from] brn\n|upkeep\n|turn|21\n|inactive|Time left: 300 sec this turn | 300 sec total\n|\n|t:|1783555129\n|switch|p1a: Pincurchin|Pincurchin, M|68/100\n|-fieldstart|move: Electric Terrain|[from] ability: Electric Surge|[of] p1a: Pincurchin\n|move|p2a: Corviknight|Brave Bird|p1a: Pincurchin\n|-resisted|p1a: Pincurchin\n|-damage|p1a: Pincurchin|50/100\n|-damage|p2a: Corviknight|273/288|[from] Recoil\n|\n|-weather|RainDance|[upkeep]\n|-heal|p1a: Pincurchin|57/100|[from] item: Leftovers\n|upkeep\n|turn|22\n|inactive|Time left: 300 sec this turn | 300 sec total\n|\n|t:|1783555129\n|move|p2a: Corviknight|Roost|p2a: Corviknight\n|-heal|p2a: Corviknight|288/288\n|-singleturn|p2a: Corviknight|move: Roost\n|move|p1a: Pincurchin|Zing Zap|p2a: Corviknight\n|-damage|p2a: Corviknight|143/288\n|-damage|p1a: Pincurchin|40/100|[from] item: Rocky Helmet|[of] p2a: Corviknight\n|\n|-weather|RainDance|[upkeep]\n|-heal|p1a: Pincurchin|46/100|[from] item: Leftovers\n|upkeep\n|turn|23\n|inactive|Time left: 300 sec this turn | 300 sec total\n|\n|t:|1783555130\n|move|p2a: Corviknight|Roost|p2a: Corviknight\n|-heal|p2a: Corviknight|287/288\n|-singleturn|p2a: Corviknight|move: Roost\n|move|p1a: Pincurchin|Recover|p1a: Pincurchin\n|-heal|p1a: Pincurchin|96/100\n|\n|-weather|none\n|-heal|p1a: Pincurchin|100/100|[from] item: Leftovers\n|upkeep\n|turn|24\n|inactive|Time left: 300 sec this turn | 300 sec total\n|\n|t:|1783555131\n|move|p2a: Corviknight|Roost|p2a: Corviknight\n|-heal|p2a: Corviknight|288/288\n|-singleturn|p2a: Corviknight|move: Roost\n|move|p1a: Pincurchin|Zing Zap|p2a: Corviknight\n|-damage|p2a: Corviknight|149/288\n|-damage|p1a: Pincurchin|84/100|[from] item: Rocky Helmet|[of] p2a: Corviknight\n|\n|-heal|p1a: Pincurchin|90/100|[from] item: Leftovers\n|upkeep\n|turn|25\n|inactive|Time left: 300 sec this turn | 300 sec total\n|\n|t:|1783555132\n|move|p2a: Corviknight|Roost|p2a: Corviknight\n|-heal|p2a: Corviknight|288/288\n|-singleturn|p2a: Corviknight|move: Roost\n|move|p1a: Pincurchin|Zing Zap|p2a: Corviknight\n|-damage|p2a: Corviknight|128/288\n|-damage|p1a: Pincurchin|73/100|[from] item: Rocky Helmet|[of] p2a: Corviknight\n|\n|-heal|p1a: Pincurchin|80/100|[from] item: Leftovers\n|-fieldend|move: Electric Terrain\n|upkeep\n|turn|26\n|inactive|Time left: 300 sec this turn | 300 sec total\n|\n|t:|1783555134\n|move|p2a: Corviknight|Roost|p2a: Corviknight\n|-heal|p2a: Corviknight|272/288\n|-singleturn|p2a: Corviknight|move: Roost\n|move|p1a: Pincurchin|Curse|p1a: Pincurchin\n|-unboost|p1a: Pincurchin|spe|1\n|-boost|p1a: Pincurchin|atk|1\n|-boost|p1a: Pincurchin|def|1\n|\n|-heal|p1a: Pincurchin|86/100|[from] item: Leftovers\n|upkeep\n|turn|27\n|inactive|Time left: 300 sec this turn | 300 sec total\n|\n|t:|1783555135\n|move|p2a: Corviknight|Roost|p2a: Corviknight\n|-heal|p2a: Corviknight|288/288\n|-singleturn|p2a: Corviknight|move: Roost\n|move|p1a: Pincurchin|Zing Zap|p2a: Corviknight\n|-damage|p2a: Corviknight|104/288\n|-damage|p1a: Pincurchin|69/100|[from] item: Rocky Helmet|[of] p2a: Corviknight\n|\n|-heal|p1a: Pincurchin|75/100|[from] item: Leftovers\n|upkeep\n|turn|28\n|inactive|Time left: 300 sec this turn | 300 sec total\n|\n|t:|1783555136\n|move|p2a: Corviknight|Roost|p2a: Corviknight\n|-heal|p2a: Corviknight|248/288\n|-singleturn|p2a: Corviknight|move: Roost\n|move|p1a: Pincurchin|Zing Zap|p2a: Corviknight\n|-damage|p2a: Corviknight|88/288\n|-damage|p1a: Pincurchin|59/100|[from] item: Rocky Helmet|[of] p2a: Corviknight\n|\n|-heal|p1a: Pincurchin|65/100|[from] item: Leftovers\n|upkeep\n|turn|29\n|inactive|Time left: 300 sec this turn | 300 sec total\n|\n|t:|1783555137\n|move|p2a: Corviknight|Roost|p2a: Corviknight\n|-heal|p2a: Corviknight|232/288\n|-singleturn|p2a: Corviknight|move: Roost\n|move|p1a: Pincurchin|Zing Zap|p2a: Corviknight\n|-damage|p2a: Corviknight|60/288\n|-damage|p1a: Pincurchin|48/100|[from] item: Rocky Helmet|[of] p2a: Corviknight\n|\n|-heal|p1a: Pincurchin|54/100|[from] item: Leftovers\n|upkeep\n|turn|30\n|inactive|Time left: 300 sec this turn | 300 sec total\n|\n|t:|1783555138\n|move|p2a: Corviknight|Brave Bird|p1a: Pincurchin\n|-resisted|p1a: Pincurchin\n|-damage|p1a: Pincurchin|44/100\n|-damage|p2a: Corviknight|51/288|[from] Recoil\n|move|p1a: Pincurchin|Recover|p1a: Pincurchin\n|-heal|p1a: Pincurchin|94/100\n|\n|-heal|p1a: Pincurchin|100/100|[from] item: Leftovers\n|upkeep\n|turn|31\n|inactive|Time left: 300 sec this turn | 300 sec total\n|\n|t:|1783555139\n|move|p2a: Corviknight|Brave Bird|p1a: Pincurchin\n|-resisted|p1a: Pincurchin\n|-damage|p1a: Pincurchin|89/100\n|-damage|p2a: Corviknight|41/288|[from] Recoil\n|move|p1a: Pincurchin|Liquidation|p2a: Corviknight\n|-damage|p2a: Corviknight|0 fnt\n|-damage|p1a: Pincurchin|72/100|[from] item: Rocky Helmet|[of] p2a: Corviknight\n|faint|p2a: Corviknight\n|\n|-heal|p1a: Pincurchin|78/100|[from] item: Leftovers\n|upkeep\n|inactive|Time left: 300 sec this turn | 300 sec total | 5 sec grace\n|\n|t:|1783555140\n|switch|p2a: Cinderace|Cinderace, L77, M|48/250\n|turn|32\n|inactive|Time left: 300 sec this turn | 300 sec total\n|\n|t:|1783555141\n|move|p2a: Cinderace|Will-O-Wisp|p1a: Pincurchin\n|-status|p1a: Pincurchin|brn\n|move|p1a: Pincurchin|Zing Zap|p2a: Cinderace\n|-damage|p2a: Cinderace|0 fnt\n|faint|p2a: Cinderace\n|\n|-heal|p1a: Pincurchin|85/100 brn|[from] item: Leftovers\n|-damage|p1a: Pincurchin|78/100 brn|[from] brn\n|upkeep\n|inactive|Time left: 300 sec this turn | 300 sec total | 5 sec grace\n|\n|t:|1783555142\n|switch|p2a: Honchkrow|Honchkrow, L86, F|270/312\n|turn|33\n|inactive|Time left: 300 sec this turn | 300 sec total\n|\n|t:|1783555143\n|move|p2a: Honchkrow|Heat Wave|p1a: Pincurchin\n|-damage|p1a: Pincurchin|51/100 brn\n|move|p1a: Pincurchin|Zing Zap|p2a: Honchkrow\n|-supereffective|p2a: Honchkrow\n|-damage|p2a: Honchkrow|0 fnt\n|faint|p2a: Honchkrow\n|\n|win|p0x1301b3ad", "uploadtime": 1783555143, "views": 0, "rating": 0, "private": 0, "password": null, "_winner": "p0x1301b3ad", "_our_name": "p0y13019cf2"}