{"id": "battle-gen9randombattle-1833", "formatid": "gen9randombattle", "format": "[Gen 9] Random Battle", "players": ["p0x18332189", "p0y18334d73"], "log": "|init|battle\n|title|p0x18332189 vs. p0y18334d73\n|j|\u2606p0x18332189\n|j|\u2606p0y18334d73\n|t:|1783560483\n|gametype|singles\n|player|p1|p0x18332189|265|\n|player|p2|p0y18334d73|170|\n|gen|9\n|tier|[Gen 9] Random Battle\n|rule|Species Clause: Limit one of each Pok\u00e9mon\n|rule|HP Percentage Mod: HP is shown in percentages\n|rule|Sleep Clause Mod: Limit one foe put to sleep\n|rule|Illusion Level Mod: Illusion disguises the Pok\u00e9mon's true level\n|\n|t:|1783560483\n|teamsize|p1|6\n|teamsize|p2|6\n|start\n|switch|p1a: Regirock|Regirock, L83|268/268\n|switch|p2a: Toxtricity|Toxtricity, L82, M|100/100\n|turn|1\n|inactive|Battle timer is ON: inactive players will automatically lose when time's up. (requested by p0y18334d73)\n|inactive|Time left: 300 sec this turn | 300 sec total | 60 sec grace\n|inactive|p0x18332189 also wants the timer to be on.\n|\n|t:|1783560485\n|move|p2a: Toxtricity|Shift Gear|p2a: Toxtricity\n|-boost|p2a: Toxtricity|spe|2\n|-boost|p2a: Toxtricity|atk|1\n|move|p1a: Regirock|Stone Edge|p2a: Toxtricity|[miss]\n|-miss|p1a: Regirock|p2a: Toxtricity\n|\n|upkeep\n|turn|2\n|inactive|Time left: 300 sec this turn | 300 sec total\n|\n|t:|1783560486\n|move|p2a: Toxtricity|Overdrive|p1a: Regirock\n|-damage|p1a: Regirock|160/268\n|-enditem|p2a: Toxtricity|Throat Spray\n|-boost|p2a: Toxtricity|spa|1|[from] item: Throat Spray\n|move|p1a: Regirock|Stone Edge|p2a: Toxtricity\n|-damage|p2a: Toxtricity|55/100\n|\n|upkeep\n|turn|3\n|inactive|Time left: 300 sec this turn | 300 sec total\n|\n|t:|1783560487\n|move|p2a: Toxtricity|Overdrive|p1a: Regirock\n|-damage|p1a: Regirock|0 fnt\n|faint|p1a: Regirock\n|\n|upkeep\n|inactive|Time left: 300 sec this turn | 300 sec total | 5 sec grace\n|\n|t:|1783560488\n|switch|p1a: Regigigas|Regigigas, L84|322/322\n|-start|p1a: Regigigas|ability: Slow Start\n|turn|4\n|inactive|Time left: 300 sec this turn | 300 sec total\n|\n|t:|1783560489\n|move|p2a: Toxtricity|Gunk Shot|p1a: Regigigas\n|-damage|p1a: Regigigas|165/322\n|move|p1a: Regigigas|Body Slam|p2a: Toxtricity\n|-damage|p2a: Toxtricity|22/100\n|\n|-heal|p1a: Regigigas|185/322|[from] item: Leftovers\n|upkeep\n|turn|5\n|inactive|Time left: 300 sec this turn | 300 sec total\n|\n|t:|1783560490\n|-terastallize|p2a: Toxtricity|Normal\n|move|p2a: Toxtricity|Boomburst|p1a: Regigigas\n|-damage|p1a: Regigigas|0 fnt\n|faint|p1a: Regigigas\n|-end|p1a: Regigigas|Slow Start|[silent]\n|\n|upkeep\n|inactive|Time left: 300 sec this turn | 300 sec total | 5 sec grace\n|\n|t:|1783560491\n|switch|p1a: Deoxys|Deoxys-Attack, L72|191/191\n|-ability|p1a: Deoxys|Pressure\n|turn|6\n|inactive|Time left: 300 sec this turn | 300 sec total\n|\n|t:|1783560492\n|move|p1a: Deoxys|Extreme Speed|p2a: Toxtricity\n|-damage|p2a: Toxtricity|0 fnt\n|faint|p2a: Toxtricity\n|-damage|p1a: Deoxys|172/191|[from] item: Life Orb\n|\n|upkeep\n|\n|t:|1783560493\n|switch|p2a: Clawitzer|Clawitzer, L87, F|100/100\n|turn|7\n|inactive|Time left: 300 sec this turn | 300 sec total\n|\n|t:|1783560494\n|-terastallize|p1a: Deoxys|Psychic\n|move|p1a: Deoxys|Psycho Boost|p2a: Clawitzer\n|-damage|p2a: Clawitzer|0 fnt\n|-unboost|p1a: Deoxys|spa|2\n|faint|p2a: Clawitzer\n|-damage|p1a: Deoxys|153/191|[from] item: Life Orb\n|\n|upkeep\n|\n|t:|1783560495\n|switch|p2a: Regirock|Regirock, L83|100/100\n|turn|8\n|inactive|Time left: 300 sec this turn | 300 sec total\n|\n|t:|1783560497\n|switch|p1a: Bellibolt|Bellibolt, L84, M|320/320\n|move|p2a: Regirock|Body Press|p1a: Bellibolt\n|-damage|p1a: Bellibolt|221/320\n|-start|p1a: Bellibolt|Charge|Body Press|[from] ability: Electromorphosis\n|\n|-heal|p1a: Bellibolt|241/320|[from] item: Leftovers\n|upkeep\n|turn|9\n|inactive|Time left: 300 sec this turn | 300 sec total\n|\n|t:|1783560498\n|move|p2a: Regirock|Stone Edge|p1a: Bellibolt\n|-damage|p1a: Bellibolt|138/320\n|-start|p1a: Bellibolt|Charge|Stone Edge|[from] ability: Electromorphosis\n|move|p1a: Bellibolt|Thunderbolt|p2a: Regirock\n|-damage|p2a: Regirock|33/100\n|-end|p1a: Bellibolt|Charge|[silent]\n|\n|-heal|p2a: Regirock|39/100|[from] item: Leftovers\n|-heal|p1a: Bellibolt|158/320|[from] item: Leftovers\n|upkeep\n|turn|10\n|inactive|Time left: 300 sec this turn | 300 sec total\n|\n|t:|1783560499\n|move|p2a: Regirock|Stone Edge|p1a: Bellibolt|[miss]\n|-miss|p2a: Regirock|p1a: Bellibolt\n|move|p1a: Bellibolt|Slack Off|p1a: Bellibolt\n|-heal|p1a: Bellibolt|318/320\n|\n|-heal|p2a: Regirock|45/100|[from] item: Leftovers\n|-heal|p1a: Bellibolt|320/320|[from] item: Leftovers\n|upkeep\n|turn|11\n|inactive|Time left: 300 sec this turn | 300 sec total\n|\n|t:|1783560500\n|move|p2a: Regirock|Stealth Rock|p1a: Bellibolt\n|-sidestart|p1: p0x18332189|move: Stealth Rock\n|move|p1a: Bellibolt|Thunderbolt|p2a: Regirock\n|-damage|p2a: Regirock|14/100\n|\n|-heal|p2a: Regirock|20/100|[from] item: Leftovers\n|upkeep\n|turn|12\n|inactive|Time left: 300 sec this turn | 300 sec total\n|\n|t:|1783560501\n|switch|p2a: Weezing|Weezing, L88, M|100/100\n|move|p1a: Bellibolt|Thunderbolt|p2a: Weezing\n|-damage|p2a: Weezing|55/100\n|\n|-heal|p2a: Weezing|61/100|[from] item: Leftovers\n|upkeep\n|turn|13\n|inactive|Time left: 300 sec this turn | 300 sec total\n|\n|t:|1783560502\n|move|p2a: Weezing|Pain Split|p1a: Bellibolt\n|-sethp|p1a: Bellibolt|238/320|[from] move: Pain Split|[silent]\n|-sethp|p2a: Weezing|93/100|[from] move: Pain Split\n|move|p1a: Bellibolt|Thunderbolt|p2a: Weezing\n|-damage|p2a: Weezing|46/100\n|\n|-heal|p2a: Weezing|52/100|[from] item: Leftovers\n|-heal|p1a: Bellibolt|258/320|[from] item: Leftovers\n|upkeep\n|turn|14\n|inactive|Time left: 300 sec this turn | 300 sec total\n|\n|t:|1783560503\n|move|p2a: Weezing|Toxic Spikes|p1a: Bellibolt\n|-sidestart|p1: p0x18332189|move: Toxic Spikes\n|move|p1a: Bellibolt|Thunderbolt|p2a: Weezing\n|-damage|p2a: Weezing|10/100\n|\n|-heal|p2a: Weezing|16/100|[from] item: Leftovers\n|-heal|p1a: Bellibolt|278/320|[from] item: Leftovers\n|upkeep\n|turn|15\n|inactive|Time left: 300 sec this turn | 300 sec total\n|\n|t:|1783560504\n|move|p2a: Weezing|Pain Split|p1a: Bellibolt\n|-sethp|p1a: Bellibolt|159/320|[from] move: Pain Split|[silent]\n|-sethp|p2a: Weezing|62/100|[from] move: Pain Split\n|move|p1a: Bellibolt|Thunderbolt|p2a: Weezing\n|-damage|p2a: Weezing|19/100\n|-status|p2a: Weezing|par\n|\n|-heal|p1a: Bellibolt|179/320|[from] item: Leftovers\n|-heal|p2a: Weezing|25/100 par|[from] item: Leftovers\n|upkeep\n|turn|16\n|inactive|Time left: 300 sec this turn | 300 sec total\n|\n|t:|1783560505\n|move|p1a: Bellibolt|Thunderbolt|p2a: Weezing\n|-damage|p2a: Weezing|0 fnt\n|faint|p2a: Weezing\n|\n|-heal|p1a: Bellibolt|199/320|[from] item: Leftovers\n|upkeep\n|\n|t:|1783560506\n|switch|p2a: Vigoroth|Vigoroth, L85, F|100/100\n|turn|17\n|inactive|Time left: 300 sec this turn | 300 sec total\n|\n|t:|1783560506\n|move|p2a: Vigoroth|Bulk Up|p2a: Vigoroth\n|-boost|p2a: Vigoroth|atk|1\n|-boost|p2a: Vigoroth|def|1\n|move|p1a: Bellibolt|Toxic|p2a: Vigoroth|[miss]\n|-miss|p1a: Bellibolt|p2a: Vigoroth\n|\n|-heal|p1a: Bellibolt|219/320|[from] item: Leftovers\n|upkeep\n|turn|18\n|inactive|Time left: 300 sec this turn | 300 sec total\n|\n|t:|1783560507\n|move|p2a: Vigoroth|Bulk Up|p2a: Vigoroth\n|-boost|p2a: Vigoroth|atk|1\n|-boost|p2a: Vigoroth|def|1\n|move|p1a: Bellibolt|Slack Off|p1a: Bellibolt\n|-heal|p1a: Bellibolt|320/320\n|\n|upkeep\n|turn|19\n|inactive|Time left: 300 sec this turn | 300 sec total\n|\n|t:|1783560508\n|move|p2a: Vigoroth|Bulk Up|p2a: Vigoroth\n|-boost|p2a: Vigoroth|atk|1\n|-boost|p2a: Vigoroth|def|1\n|move|p1a: Bellibolt|Toxic|p2a: Vigoroth\n|-status|p2a: Vigoroth|tox\n|\n|-damage|p2a: Vigoroth|94/100 tox|[from] psn\n|upkeep\n|turn|20\n|inactive|Time left: 300 sec this turn | 300 sec total\n|\n|t:|1783560509\n|move|p2a: Vigoroth|Body Slam|p1a: Bellibolt\n|-damage|p1a: Bellibolt|136/320\n|-start|p1a: Bellibolt|Charge|Body Slam|[from] ability: Electromorphosis\n|move|p1a: Bellibolt|Slack Off|p1a: Bellibolt\n|-heal|p1a: Bellibolt|296/320\n|\n|-heal|p1a: Bellibolt|316/320|[from] item: Leftovers\n|-damage|p2a: Vigoroth|82/100 tox|[from] psn\n|upkeep\n|turn|21\n|inactive|Time left: 300 sec this turn | 300 sec total\n|\n|t:|1783560510\n|move|p2a: Vigoroth|Knock Off|p1a: Bellibolt\n|-damage|p1a: Bellibolt|172/320\n|-start|p1a: Bellibolt|Charge|Knock Off|[from] ability: Electromorphosis\n|-enditem|p1a: Bellibolt|Leftovers|[from] move: Knock Off|[of] p2a: Vigoroth\n|move|p1a: Bellibolt|Thunderbolt|p2a: Vigoroth\n|-damage|p2a: Vigoroth|18/100 tox\n|-end|p1a: Bellibolt|Charge|[silent]\n|\n|-damage|p2a: Vigoroth|0 fnt|[from] psn\n|faint|p2a: Vigoroth\n|upkeep\n|\n|t:|1783560512\n|switch|p2a: Vaporeon|Vaporeon, L86, M|100/100\n|turn|22\n|inactive|Time left: 300 sec this turn | 300 sec total\n|\n|t:|1783560513\n|move|p2a: Vaporeon|Scald|p1a: Bellibolt\n|-damage|p1a: Bellibolt|63/320\n|-start|p1a: Bellibolt|Charge|Scald|[from] ability: Electromorphosis\n|move|p1a: Bellibolt|Slack Off|p1a: Bellibolt\n|-heal|p1a: Bellibolt|223/320\n|\n|upkeep\n|turn|23\n|inactive|Time left: 300 sec this turn | 300 sec total\n|\n|t:|1783560514\n|move|p2a: Vaporeon|Protect|p2a: Vaporeon\n|-singleturn|p2a: Vaporeon|Protect\n|move|p1a: Bellibolt|Thunderbolt|p2a: Vaporeon\n|-activate|p2a: Vaporeon|move: Protect\n|-end|p1a: Bellibolt|Charge|[silent]\n|\n|upkeep\n|turn|24\n|inactive|Time left: 300 sec this turn | 300 sec total\n|\n|t:|1783560515\n|move|p2a: Vaporeon|Scald|p1a: Bellibolt\n|-damage|p1a: Bellibolt|129/320\n|-status|p1a: Bellibolt|brn\n|-start|p1a: Bellibolt|Charge|Scald|[from] ability: Electromorphosis\n|move|p1a: Bellibolt|Thunderbolt|p2a: Vaporeon\n|-supereffective|p2a: Vaporeon\n|-damage|p2a: Vaporeon|8/100\n|-end|p1a: Bellibolt|Charge|[silent]\n|\n|-heal|p2a: Vaporeon|14/100|[from] item: Leftovers\n|-damage|p1a: Bellibolt|109/320 brn|[from] brn\n|upkeep\n|turn|25\n|inactive|Time left: 300 sec this turn | 300 sec total\n|\n|t:|1783560516\n|move|p2a: Vaporeon|Wish|p2a: Vaporeon\n|move|p1a: Bellibolt|Thunderbolt|p2a: Vaporeon\n|-supereffective|p2a: Vaporeon\n|-damage|p2a: Vaporeon|0 fnt\n|faint|p2a: Vaporeon\n|\n|-damage|p1a: Bellibolt|89/320 brn|[from] brn\n|upkeep\n|\n|t:|1783560516\n|switch|p2a: Regirock|Regirock, L83|20/100\n|turn|26\n|inactive|Time left: 300 sec this turn | 300 sec total\n|\n|t:|1783560517\n|move|p2a: Regirock|Body Press|p1a: Bellibolt\n|-damage|p1a: Bellibolt|0 fnt\n|faint|p1a: Bellibolt\n|\n|-heal|p2a: Regirock|88/100|[from] move: Wish|[wisher] Vaporeon\n|-heal|p2a: Regirock|94/100|[from] item: Leftovers\n|upkeep\n|inactive|Time left: 300 sec this turn | 300 sec total | 5 sec grace\n|\n|t:|1783560518\n|switch|p1a: Deoxys|Deoxys-Attack, L72, tera:Psychic|153/191\n|-damage|p1a: Deoxys|130/191|[from] Stealth Rock\n|-status|p1a: Deoxys|psn\n|-ability|p1a: Deoxys|Pressure\n|turn|27\n|inactive|Time left: 300 sec this turn | 300 sec total\n|\n|t:|1783560519\n|move|p1a: Deoxys|Psycho Boost|p2a: Regirock|[miss]\n|-miss|p1a: Deoxys|p2a: Regirock\n|move|p2a: Regirock|Body Press|p1a: Deoxys\n|-resisted|p1a: Deoxys\n|-damage|p1a: Deoxys|0 fnt\n|faint|p1a: Deoxys\n|\n|-heal|p2a: Regirock|99/100|[from] item: Leftovers\n|upkeep\n|inactive|Time left: 300 sec this turn | 300 sec total | 5 sec grace\n|\n|t:|1783560520\n|switch|p1a: Iron Jugulis|Iron Jugulis, L77|271/271\n|-damage|p1a: Iron Jugulis|204/271|[from] Stealth Rock\n|turn|28\n|inactive|Time left: 300 sec this turn | 300 sec total\n|\n|t:|1783560520\n|move|p1a: Iron Jugulis|Earth Power|p2a: Regirock\n|-supereffective|p2a: Regirock\n|-damage|p2a: Regirock|40/100\n|move|p2a: Regirock|Thunder Wave|p1a: Iron Jugulis\n|-status|p1a: Iron Jugulis|par\n|\n|-heal|p2a: Regirock|46/100|[from] item: Leftovers\n|upkeep\n|turn|29\n|inactive|Time left: 300 sec this turn | 300 sec total\n|\n|t:|1783560522\n|move|p2a: Regirock|Stone Edge|p1a: Iron Jugulis\n|-supereffective|p1a: Iron Jugulis\n|-crit|p1a: Iron Jugulis\n|-damage|p1a: Iron Jugulis|0 fnt\n|faint|p1a: Iron Jugulis\n|-end|p1a: Iron Jugulis|Quark Drive|[silent]\n|\n|-heal|p2a: Regirock|52/100|[from] item: Leftovers\n|upkeep\n|inactive|Time left: 300 sec this turn | 300 sec total | 5 sec grace\n|\n|t:|1783560522\n|switch|p1a: Spectrier|Spectrier, L75|274/274\n|-damage|p1a: Spectrier|240/274|[from] Stealth Rock\n|-status|p1a: Spectrier|psn\n|turn|30\n|inactive|Time left: 300 sec this turn | 300 sec total\n|\n|t:|1783560523\n|move|p1a: Spectrier|Nasty Plot|p1a: Spectrier\n|-boost|p1a: Spectrier|spa|2\n|move|p2a: Regirock|Stone Edge|p1a: Spectrier\n|-damage|p1a: Spectrier|71/274 psn\n|\n|-heal|p1a: Spectrier|88/274 psn|[from] item: Leftovers\n|-heal|p2a: Regirock|58/100|[from] item: Leftovers\n|-damage|p1a: Spectrier|54/274 psn|[from] psn\n|upkeep\n|turn|31\n|inactive|Time left: 300 sec this turn | 300 sec total\n|\n|t:|1783560524\n|move|p1a: Spectrier|Shadow Ball|p2a: Regirock\n|-damage|p2a: Regirock|0 fnt\n|faint|p2a: Regirock\n|\n|win|p0x18332189", "uploadtime": 1783560524, "views": 0, "rating": 0, "private": 0, "password": null, "_winner": "p0x18332189", "_our_name": "p0x18332189"}