{"id": "battle-gen9randombattle-1700", "formatid": "gen9randombattle", "format": "[Gen 9] Random Battle", "players": ["p0x17001696", "p0y170067b1"], "log": "|init|battle\n|title|p0x17001696 vs. p0y170067b1\n|j|\u2606p0x17001696\n|j|\u2606p0y170067b1\n|t:|1783559715\n|gametype|singles\n|player|p1|p0x17001696|169|\n|player|p2|p0y170067b1|1|\n|gen|9\n|tier|[Gen 9] Random Battle\n|rule|Species Clause: Limit one of each Pok\u00e9mon\n|rule|HP Percentage Mod: HP is shown in percentages\n|rule|Sleep Clause Mod: Limit one foe put to sleep\n|rule|Illusion Level Mod: Illusion disguises the Pok\u00e9mon's true level\n|\n|t:|1783559715\n|teamsize|p1|6\n|teamsize|p2|6\n|start\n|switch|p1a: Braviary|Braviary, L85, M|100/100\n|switch|p2a: Vigoroth|Vigoroth, L85, F|275/275\n|turn|1\n|inactive|Battle timer is ON: inactive players will automatically lose when time's up. (requested by p0y170067b1)\n|inactive|p0x17001696 also wants the timer to be on.\n|\n|t:|1783559716\n|move|p2a: Vigoroth|Bulk Up|p2a: Vigoroth\n|-boost|p2a: Vigoroth|atk|1\n|-boost|p2a: Vigoroth|def|1\n|move|p1a: Braviary|Bulk Up|p1a: Braviary\n|-boost|p1a: Braviary|atk|1\n|-boost|p1a: Braviary|def|1\n|\n|upkeep\n|turn|2\n|inactive|Time left: 300 sec this turn | 300 sec total\n|\n|t:|1783559717\n|move|p2a: Vigoroth|Bulk Up|p2a: Vigoroth\n|-boost|p2a: Vigoroth|atk|1\n|-boost|p2a: Vigoroth|def|1\n|move|p1a: Braviary|Bulk Up|p1a: Braviary\n|-boost|p1a: Braviary|atk|1\n|-boost|p1a: Braviary|def|1\n|\n|upkeep\n|turn|3\n|inactive|Time left: 300 sec this turn | 300 sec total\n|\n|t:|1783559718\n|move|p2a: Vigoroth|Bulk Up|p2a: Vigoroth\n|-boost|p2a: Vigoroth|atk|1\n|-boost|p2a: Vigoroth|def|1\n|move|p1a: Braviary|Bulk Up|p1a: Braviary\n|-boost|p1a: Braviary|atk|1\n|-boost|p1a: Braviary|def|1\n|\n|upkeep\n|turn|4\n|inactive|Time left: 300 sec this turn | 300 sec total\n|\n|t:|1783559719\n|move|p2a: Vigoroth|Body Slam|p1a: Braviary\n|-damage|p1a: Braviary|70/100\n|move|p1a: Braviary|Brave Bird|p2a: Vigoroth\n|-crit|p2a: Vigoroth\n|-damage|p2a: Vigoroth|0 fnt\n|faint|p2a: Vigoroth\n|-damage|p1a: Braviary|41/100|[from] Recoil\n|\n|upkeep\n|inactive|Time left: 300 sec this turn | 300 sec total | 5 sec grace\n|\n|t:|1783559720\n|switch|p2a: Klawf|Klawf, L90, M|272/272\n|turn|5\n|inactive|Time left: 300 sec this turn | 300 sec total\n|\n|t:|1783559721\n|move|p2a: Klawf|Stone Edge|p1a: Braviary\n|-supereffective|p1a: Braviary\n|-damage|p1a: Braviary|0 fnt\n|faint|p1a: Braviary\n|-damage|p2a: Klawf|245/272|[from] item: Life Orb\n|\n|upkeep\n|\n|t:|1783559722\n|switch|p1a: Wo-Chien|Wo-Chien, L83|100/100\n|-ability|p1a: Wo-Chien|Tablets of Ruin\n|turn|6\n|inactive|Time left: 300 sec this turn | 300 sec total\n|\n|t:|1783559723\n|move|p2a: Klawf|Stealth Rock|p1a: Wo-Chien\n|-sidestart|p1: p0x17001696|move: Stealth Rock\n|move|p1a: Wo-Chien|Giga Drain|p2a: Klawf\n|-supereffective|p2a: Klawf\n|-damage|p2a: Klawf|47/272\n|\n|upkeep\n|turn|7\n|inactive|Time left: 300 sec this turn | 300 sec total\n|\n|t:|1783559724\n|switch|p2a: Solgaleo|Solgaleo, L74|325/325\n|move|p1a: Wo-Chien|Knock Off|p2a: Solgaleo\n|-supereffective|p2a: Solgaleo\n|-damage|p2a: Solgaleo|149/325\n|-enditem|p2a: Solgaleo|Weakness Policy\n|-boost|p2a: Solgaleo|atk|2|[from] item: Weakness Policy\n|-boost|p2a: Solgaleo|spa|2|[from] item: Weakness Policy\n|\n|upkeep\n|turn|8\n|inactive|Time left: 300 sec this turn | 300 sec total\n|\n|t:|1783559725\n|move|p2a: Solgaleo|Sunsteel Strike|p1a: Wo-Chien\n|-crit|p1a: Wo-Chien\n|-damage|p1a: Wo-Chien|18/100\n|move|p1a: Wo-Chien|Knock Off|p2a: Solgaleo\n|-supereffective|p2a: Solgaleo\n|-damage|p2a: Solgaleo|35/325\n|\n|-heal|p1a: Wo-Chien|24/100|[from] item: Leftovers\n|upkeep\n|turn|9\n|inactive|Time left: 300 sec this turn | 300 sec total\n|\n|t:|1783559727\n|move|p1a: Wo-Chien|Protect|p1a: Wo-Chien\n|-singleturn|p1a: Wo-Chien|Protect\n|move|p2a: Solgaleo|Sunsteel Strike|p1a: Wo-Chien\n|-activate|p1a: Wo-Chien|move: Protect\n|\n|-heal|p1a: Wo-Chien|30/100|[from] item: Leftovers\n|upkeep\n|turn|10\n|inactive|Time left: 300 sec this turn | 300 sec total\n|\n|t:|1783559728\n|move|p2a: Solgaleo|Flame Charge|p1a: Wo-Chien\n|-supereffective|p1a: Wo-Chien\n|-damage|p1a: Wo-Chien|0 fnt\n|-boost|p2a: Solgaleo|spe|1\n|faint|p1a: Wo-Chien\n|\n|upkeep\n|\n|t:|1783559729\n|switch|p1a: Diancie|Diancie, L82|100/100\n|-damage|p1a: Diancie|88/100|[from] Stealth Rock\n|turn|11\n|inactive|Time left: 300 sec this turn | 300 sec total\n|\n|t:|1783559730\n|-terastallize|p1a: Diancie|Water\n|move|p2a: Solgaleo|Sunsteel Strike|p1a: Diancie\n|-resisted|p1a: Diancie\n|-damage|p1a: Diancie|56/100\n|move|p1a: Diancie|Earth Power|p2a: Solgaleo\n|-supereffective|p2a: Solgaleo\n|-damage|p2a: Solgaleo|0 fnt\n|faint|p2a: Solgaleo\n|\n|-heal|p1a: Diancie|62/100|[from] item: Leftovers\n|upkeep\n|inactive|Time left: 300 sec this turn | 300 sec total | 5 sec grace\n|\n|t:|1783559731\n|switch|p2a: Dugtrio|Dugtrio-Alola, L84, F|196/196\n|turn|12\n|inactive|Time left: 300 sec this turn | 300 sec total\n|\n|t:|1783559732\n|-terastallize|p2a: Dugtrio|Ground\n|move|p2a: Dugtrio|Earthquake|p1a: Diancie\n|-damage|p1a: Diancie|0 fnt\n|faint|p1a: Diancie\n|\n|upkeep\n|\n|t:|1783559733\n|switch|p1a: Chimecho|Chimecho, L93, F|100/100\n|-damage|p1a: Chimecho|88/100|[from] Stealth Rock\n|turn|13\n|inactive|Time left: 300 sec this turn | 300 sec total\n|\n|t:|1783559734\n|switch|p2a: Klawf|Klawf, L90, M|137/272\n|move|p1a: Chimecho|Psychic Noise|p2a: Klawf\n|-damage|p2a: Klawf|22/272\n|-start|p2a: Klawf|move: Heal Block\n|\n|-heal|p1a: Chimecho|94/100|[from] item: Leftovers\n|upkeep\n|turn|14\n|inactive|Time left: 300 sec this turn | 300 sec total\n|\n|t:|1783559735\n|switch|p2a: Exeggutor|Exeggutor, L89, F|312/312\n|move|p1a: Chimecho|Psychic Noise|p2a: Exeggutor\n|-resisted|p2a: Exeggutor\n|-damage|p2a: Exeggutor|258/312\n|-start|p2a: Exeggutor|move: Heal Block\n|\n|-heal|p1a: Chimecho|100/100|[from] item: Leftovers\n|upkeep\n|turn|15\n|inactive|Time left: 300 sec this turn | 300 sec total\n|\n|t:|1783559736\n|move|p1a: Chimecho|Knock Off|p2a: Exeggutor\n|-supereffective|p2a: Exeggutor\n|-damage|p2a: Exeggutor|156/312\n|-enditem|p2a: Exeggutor|Sitrus Berry|[from] move: Knock Off|[of] p1a: Chimecho\n|move|p2a: Exeggutor|Leech Seed|p1a: Chimecho\n|-start|p1a: Chimecho|move: Leech Seed\n|\n|-damage|p1a: Chimecho|88/100|[from] Leech Seed|[of] p2a: Exeggutor\n|-end|p2a: Exeggutor|move: Heal Block\n|upkeep\n|turn|16\n|inactive|Time left: 300 sec this turn | 300 sec total\n|\n|t:|1783559737\n|switch|p1a: Zekrom|Zekrom, L71|100/100\n|-damage|p1a: Zekrom|88/100|[from] Stealth Rock\n|-ability|p1a: Zekrom|Teravolt\n|move|p2a: Exeggutor|Sleep Powder|p1a: Zekrom|[miss]\n|-miss|p2a: Exeggutor|p1a: Zekrom\n|\n|-heal|p1a: Zekrom|94/100|[from] item: Leftovers\n|upkeep\n|turn|17\n|inactive|Time left: 300 sec this turn | 300 sec total\n|\n|t:|1783559738\n|move|p1a: Zekrom|Dragon Dance|p1a: Zekrom\n|-boost|p1a: Zekrom|atk|1\n|-boost|p1a: Zekrom|spe|1\n|move|p2a: Exeggutor|Sleep Powder|p1a: Zekrom\n|-status|p1a: Zekrom|slp|[from] move: Sleep Powder\n|\n|-heal|p1a: Zekrom|100/100 slp|[from] item: Leftovers\n|upkeep\n|turn|18\n|inactive|Time left: 300 sec this turn | 300 sec total\n|\n|t:|1783559739\n|cant|p1a: Zekrom|slp\n|move|p2a: Exeggutor|Leech Seed|p1a: Zekrom\n|-start|p1a: Zekrom|move: Leech Seed\n|\n|-damage|p1a: Zekrom|88/100 slp|[from] Leech Seed|[of] p2a: Exeggutor\n|-heal|p2a: Exeggutor|188/312|[silent]\n|upkeep\n|turn|19\n|inactive|Time left: 300 sec this turn | 300 sec total\n|\n|t:|1783559740\n|cant|p1a: Zekrom|slp\n|move|p2a: Exeggutor|Psychic|p1a: Zekrom\n|-damage|p1a: Zekrom|36/100 slp\n|\n|-heal|p1a: Zekrom|42/100 slp|[from] item: Leftovers\n|-damage|p1a: Zekrom|30/100 slp|[from] Leech Seed|[of] p2a: Exeggutor\n|-heal|p2a: Exeggutor|220/312|[silent]\n|upkeep\n|turn|20\n|inactive|Time left: 300 sec this turn | 300 sec total\n|\n|t:|1783559741\n|cant|p1a: Zekrom|slp\n|move|p2a: Exeggutor|Psychic|p1a: Zekrom\n|-damage|p1a: Zekrom|0 fnt\n|faint|p1a: Zekrom\n|\n|upkeep\n|\n|t:|1783559742\n|switch|p1a: Hitmonchan|Hitmonchan, L87, M|100/100\n|-damage|p1a: Hitmonchan|94/100|[from] Stealth Rock\n|turn|21\n|inactive|Time left: 300 sec this turn | 300 sec total\n|\n|t:|1783559743\n|move|p1a: Hitmonchan|Poison Jab|p2a: Exeggutor\n|-supereffective|p2a: Exeggutor\n|-damage|p2a: Exeggutor|90/312\n|-status|p2a: Exeggutor|psn\n|move|p2a: Exeggutor|Psychic|p1a: Hitmonchan\n|-supereffective|p1a: Hitmonchan\n|-damage|p1a: Hitmonchan|36/100\n|\n|-damage|p2a: Exeggutor|51/312 psn|[from] psn\n|upkeep\n|turn|22\n|inactive|Time left: 300 sec this turn | 300 sec total\n|\n|t:|1783559744\n|move|p1a: Hitmonchan|Rapid Spin|p2a: Exeggutor\n|-damage|p2a: Exeggutor|8/312 psn\n|-boost|p1a: Hitmonchan|spe|1\n|-sideend|p1: p0x17001696|Stealth Rock|[from] move: Rapid Spin|[of] p1a: Hitmonchan\n|move|p2a: Exeggutor|Psychic|p1a: Hitmonchan\n|-supereffective|p1a: Hitmonchan\n|-damage|p1a: Hitmonchan|0 fnt\n|faint|p1a: Hitmonchan\n|\n|-damage|p2a: Exeggutor|0 fnt|[from] psn\n|faint|p2a: Exeggutor\n|upkeep\n|inactive|Time left: 300 sec this turn | 300 sec total | 5 sec grace\n|\n|t:|1783559745\n|switch|p1a: Chimecho|Chimecho, L93, F|88/100\n|switch|p2a: Klawf|Klawf, L90, M|112/272\n|turn|23\n|inactive|Time left: 300 sec this turn | 300 sec total\n|\n|t:|1783559746\n|move|p2a: Klawf|Knock Off|p1a: Chimecho\n|-supereffective|p1a: Chimecho\n|-damage|p1a: Chimecho|15/100\n|-enditem|p1a: Chimecho|Leftovers|[from] move: Knock Off|[of] p2a: Klawf\n|-damage|p2a: Klawf|85/272|[from] item: Life Orb\n|move|p1a: Chimecho|Recover|p1a: Chimecho\n|-heal|p1a: Chimecho|65/100\n|\n|upkeep\n|turn|24\n|inactive|Time left: 300 sec this turn | 300 sec total\n|\n|t:|1783559748\n|move|p2a: Klawf|Stone Edge|p1a: Chimecho\n|-damage|p1a: Chimecho|14/100\n|-damage|p2a: Klawf|58/272|[from] item: Life Orb\n|move|p1a: Chimecho|Recover|p1a: Chimecho\n|-heal|p1a: Chimecho|64/100\n|\n|upkeep\n|turn|25\n|inactive|Time left: 300 sec this turn | 300 sec total\n|\n|t:|1783559749\n|move|p2a: Klawf|Knock Off|p1a: Chimecho\n|-supereffective|p1a: Chimecho\n|-damage|p1a: Chimecho|14/100\n|-damage|p2a: Klawf|31/272|[from] item: Life Orb\n|move|p1a: Chimecho|Recover|p1a: Chimecho\n|-heal|p1a: Chimecho|64/100\n|\n|upkeep\n|turn|26\n|inactive|Time left: 300 sec this turn | 300 sec total\n|\n|t:|1783559750\n|move|p2a: Klawf|Knock Off|p1a: Chimecho\n|-supereffective|p1a: Chimecho\n|-damage|p1a: Chimecho|15/100\n|-damage|p2a: Klawf|4/272|[from] item: Life Orb\n|move|p1a: Chimecho|Recover|p1a: Chimecho\n|-heal|p1a: Chimecho|65/100\n|\n|upkeep\n|turn|27\n|inactive|Time left: 300 sec this turn | 300 sec total\n|\n|t:|1783559751\n|move|p2a: Klawf|Knock Off|p1a: Chimecho\n|-supereffective|p1a: Chimecho\n|-damage|p1a: Chimecho|16/100\n|-damage|p2a: Klawf|0 fnt|[from] item: Life Orb\n|faint|p2a: Klawf\n|move|p1a: Chimecho|Recover|p1a: Chimecho\n|-heal|p1a: Chimecho|66/100\n|\n|upkeep\n|inactive|Time left: 300 sec this turn | 300 sec total | 5 sec grace\n|\n|t:|1783559751\n|switch|p2a: Dugtrio|Dugtrio-Alola, L84, F, tera:Ground|196/196\n|turn|28\n|inactive|Time left: 300 sec this turn | 300 sec total\n|\n|t:|1783559752\n|move|p2a: Dugtrio|Iron Head|p1a: Chimecho\n|-damage|p1a: Chimecho|24/100\n|cant|p1a: Chimecho|flinch\n|\n|upkeep\n|turn|29\n|inactive|Time left: 300 sec this turn | 300 sec total\n|\n|t:|1783559753\n|move|p2a: Dugtrio|Iron Head|p1a: Chimecho\n|-damage|p1a: Chimecho|0 fnt\n|faint|p1a: Chimecho\n|\n|win|p0y170067b1", "uploadtime": 1783559753, "views": 0, "rating": 0, "private": 0, "password": null, "_winner": "p0y170067b1", "_our_name": "p0y170067b1"}