{"id": "battle-gen9randombattle-1140", "formatid": "gen9randombattle", "format": "[Gen 9] Random Battle", "players": ["p0x11407943", "p0y114084a4"], "log": "|init|battle\n|title|p0x11407943 vs. p0y114084a4\n|j|\u2606p0x11407943\n|j|\u2606p0y114084a4\n|t:|1783553211\n|gametype|singles\n|player|p1|p0x11407943|2|\n|player|p2|p0y114084a4|2|\n|gen|9\n|tier|[Gen 9] Random Battle\n|rule|Species Clause: Limit one of each Pok\u00e9mon\n|rule|HP Percentage Mod: HP is shown in percentages\n|rule|Sleep Clause Mod: Limit one foe put to sleep\n|rule|Illusion Level Mod: Illusion disguises the Pok\u00e9mon's true level\n|\n|t:|1783553211\n|teamsize|p1|6\n|teamsize|p2|6\n|start\n|switch|p1a: Darkrai|Darkrai, L77|100/100\n|switch|p2a: Avalugg|Avalugg-Hisui, L90, M|317/317\n|turn|1\n|inactive|Battle timer is ON: inactive players will automatically lose when time's up. (requested by p0y114084a4)\n|inactive|p0x11407943 also wants the timer to be on.\n|\n|t:|1783553213\n|move|p1a: Darkrai|Dark Pulse|p2a: Avalugg\n|-damage|p2a: Avalugg|97/317\n|-damage|p1a: Darkrai|91/100|[from] item: Life Orb\n|move|p2a: Avalugg|Avalanche|p1a: Darkrai\n|-damage|p1a: Darkrai|8/100\n|\n|upkeep\n|turn|2\n|inactive|Time left: 300 sec this turn | 300 sec total\n|\n|t:|1783553214\n|move|p1a: Darkrai|Dark Pulse|p2a: Avalugg\n|-damage|p2a: Avalugg|0 fnt\n|faint|p2a: Avalugg\n|-damage|p1a: Darkrai|0 fnt|[from] item: Life Orb\n|faint|p1a: Darkrai\n|\n|upkeep\n|inactive|Time left: 300 sec this turn | 300 sec total | 5 sec grace\n|\n|t:|1783553215\n|switch|p1a: Regieleki|Regieleki, L79|100/100\n|switch|p2a: Sudowoodo|Sudowoodo, L94, M|284/284\n|turn|3\n|inactive|Time left: 300 sec this turn | 300 sec total\n|\n|t:|1783553216\n|move|p1a: Regieleki|Volt Switch|p2a: Sudowoodo\n|-damage|p2a: Sudowoodo|163/284\n|\n|t:|1783553217\n|switch|p1a: Hariyama|Hariyama, L87, F|100/100|[from] Volt Switch\n|move|p2a: Sudowoodo|Head Smash|p1a: Hariyama\n|-resisted|p1a: Hariyama\n|-damage|p1a: Hariyama|48/100\n|\n|upkeep\n|turn|4\n|inactive|Time left: 300 sec this turn | 300 sec total\n|\n|t:|1783553218\n|switch|p2a: Quaquaval|Quaquaval, L79, F|264/264\n|move|p1a: Hariyama|Close Combat|p2a: Quaquaval\n|-damage|p2a: Quaquaval|90/264\n|-unboost|p1a: Hariyama|def|1\n|-unboost|p1a: Hariyama|spd|1\n|\n|upkeep\n|turn|5\n|inactive|Time left: 300 sec this turn | 300 sec total\n|\n|t:|1783553220\n|move|p2a: Quaquaval|Aqua Step|p1a: Hariyama\n|-damage|p1a: Hariyama|0 fnt\n|-boost|p2a: Quaquaval|spe|1\n|faint|p1a: Hariyama\n|-ability|p2a: Quaquaval|Moxie|boost\n|-boost|p2a: Quaquaval|atk|1\n|\n|upkeep\n|\n|t:|1783553221\n|switch|p1a: Cacturne|Cacturne, L92, F|100/100\n|turn|6\n|inactive|Time left: 300 sec this turn | 300 sec total\n|\n|t:|1783553222\n|switch|p2a: Wo-Chien|Wo-Chien, L83|277/277\n|-ability|p2a: Wo-Chien|Tablets of Ruin\n|move|p1a: Cacturne|Knock Off|p2a: Wo-Chien\n|-resisted|p2a: Wo-Chien\n|-damage|p2a: Wo-Chien|219/277\n|-enditem|p2a: Wo-Chien|Leftovers|[from] move: Knock Off|[of] p1a: Cacturne\n|-damage|p1a: Cacturne|91/100|[from] item: Life Orb\n|\n|upkeep\n|turn|7\n|inactive|Time left: 300 sec this turn | 300 sec total\n|\n|t:|1783553223\n|move|p2a: Wo-Chien|Ruination|p1a: Cacturne\n|-damage|p1a: Cacturne|46/100\n|move|p1a: Cacturne|Swords Dance|p1a: Cacturne\n|-boost|p1a: Cacturne|atk|2\n|\n|upkeep\n|turn|8\n|inactive|Time left: 300 sec this turn | 300 sec total\n|\n|t:|1783553224\n|move|p2a: Wo-Chien|Ruination|p1a: Cacturne\n|-damage|p1a: Cacturne|23/100\n|move|p1a: Cacturne|Swords Dance|p1a: Cacturne\n|-boost|p1a: Cacturne|atk|2\n|\n|upkeep\n|turn|9\n|inactive|Time left: 300 sec this turn | 300 sec total\n|\n|t:|1783553226\n|move|p2a: Wo-Chien|Ruination|p1a: Cacturne\n|-damage|p1a: Cacturne|12/100\n|move|p1a: Cacturne|Seed Bomb|p2a: Wo-Chien\n|-resisted|p2a: Wo-Chien\n|-damage|p2a: Wo-Chien|55/277\n|-damage|p1a: Cacturne|2/100|[from] item: Life Orb\n|\n|upkeep\n|turn|10\n|inactive|Time left: 300 sec this turn | 300 sec total\n|\n|t:|1783553227\n|move|p1a: Cacturne|Sucker Punch|p2a: Wo-Chien\n|-resisted|p2a: Wo-Chien\n|-damage|p2a: Wo-Chien|0 fnt\n|faint|p2a: Wo-Chien\n|-damage|p1a: Cacturne|0 fnt|[from] item: Life Orb\n|faint|p1a: Cacturne\n|\n|upkeep\n|inactive|Time left: 300 sec this turn | 300 sec total | 5 sec grace\n|\n|t:|1783553228\n|switch|p2a: Sudowoodo|Sudowoodo, L94, M|163/284\n|switch|p1a: Excadrill|Excadrill, L79, F|100/100\n|-ability|p1a: Excadrill|Mold Breaker\n|turn|11\n|inactive|Time left: 300 sec this turn | 300 sec total\n|\n|t:|1783553228\n|-terastallize|p2a: Sudowoodo|Grass\n|move|p1a: Excadrill|Earthquake|p2a: Sudowoodo\n|-resisted|p2a: Sudowoodo\n|-damage|p2a: Sudowoodo|118/284\n|move|p2a: Sudowoodo|Wood Hammer|p1a: Excadrill\n|-damage|p1a: Excadrill|0 fnt\n|faint|p1a: Excadrill\n|\n|upkeep\n|\n|t:|1783553229\n|switch|p1a: Emboar|Emboar, L84, M|100/100\n|turn|12\n|inactive|Time left: 300 sec this turn | 300 sec total\n|\n|t:|1783553230\n|move|p1a: Emboar|Flare Blitz|p2a: Sudowoodo\n|-supereffective|p2a: Sudowoodo\n|-damage|p2a: Sudowoodo|0 fnt\n|faint|p2a: Sudowoodo\n|-damage|p1a: Emboar|88/100|[from] Recoil\n|\n|upkeep\n|inactive|Time left: 300 sec this turn | 300 sec total | 5 sec grace\n|\n|t:|1783553231\n|switch|p2a: Quaquaval|Quaquaval, L79, F|90/264\n|turn|13\n|inactive|Time left: 300 sec this turn | 300 sec total\n|\n|t:|1783553232\n|move|p2a: Quaquaval|Close Combat|p1a: Emboar\n|-damage|p1a: Emboar|9/100\n|-unboost|p2a: Quaquaval|def|1\n|-unboost|p2a: Quaquaval|spd|1\n|move|p1a: Emboar|Wild Charge|p2a: Quaquaval\n|-supereffective|p2a: Quaquaval\n|-damage|p2a: Quaquaval|0 fnt\n|faint|p2a: Quaquaval\n|-damage|p1a: Emboar|2/100|[from] Recoil\n|\n|upkeep\n|inactive|Time left: 300 sec this turn | 300 sec total | 5 sec grace\n|\n|t:|1783553233\n|switch|p2a: Noivern|Noivern, L82, F|274/274\n|turn|14\n|inactive|Time left: 300 sec this turn | 300 sec total\n|\n|t:|1783553234\n|move|p2a: Noivern|Boomburst|p1a: Emboar\n|-damage|p1a: Emboar|0 fnt\n|faint|p1a: Emboar\n|\n|upkeep\n|\n|t:|1783553235\n|switch|p1a: Regieleki|Regieleki, L79|100/100\n|turn|15\n|inactive|Time left: 300 sec this turn | 300 sec total\n|\n|t:|1783553236\n|switch|p2a: Oricorio|Oricorio, L84, F|263/263\n|-terastallize|p1a: Regieleki|Ice\n|move|p1a: Regieleki|Tera Blast|p2a: Oricorio|[anim] Tera Blast Ice\n|-damage|p2a: Oricorio|169/263\n|\n|upkeep\n|turn|16\n|inactive|Time left: 300 sec this turn | 300 sec total\n|\n|t:|1783553237\n|switch|p2a: Noivern|Noivern, L82, F|274/274\n|move|p1a: Regieleki|Thunderbolt|p2a: Noivern\n|-damage|p2a: Noivern|129/274\n|\n|upkeep\n|turn|17\n|inactive|Time left: 300 sec this turn | 300 sec total\n|\n|t:|1783553237\n|switch|p2a: Oricorio|Oricorio, L84, F|169/263\n|move|p1a: Regieleki|Thunderbolt|p2a: Oricorio\n|-supereffective|p2a: Oricorio\n|-damage|p2a: Oricorio|0 fnt\n|faint|p2a: Oricorio\n|\n|upkeep\n|inactive|Time left: 300 sec this turn | 300 sec total | 5 sec grace\n|\n|t:|1783553238\n|switch|p2a: Noivern|Noivern, L82, F|129/274\n|turn|18\n|inactive|Time left: 300 sec this turn | 300 sec total\n|\n|t:|1783553239\n|move|p1a: Regieleki|Thunderbolt|p2a: Noivern\n|-damage|p2a: Noivern|0 fnt\n|faint|p2a: Noivern\n|\n|win|p0x11407943", "uploadtime": 1783553239, "views": 0, "rating": 0, "private": 0, "password": null, "_winner": "p0x11407943", "_our_name": "p0y114084a4"}