{"id": "battle-gen9randombattle-2148", "formatid": "gen9randombattle", "format": "[Gen 9] Random Battle", "players": ["p0x2148f293", "p0y2148a35c"], "log": "|init|battle\n|title|p0x2148f293 vs. p0y2148a35c\n|j|\u2606p0x2148f293\n|j|\u2606p0y2148a35c\n|t:|1783564046\n|gametype|singles\n|player|p1|p0x2148f293|101|\n|player|p2|p0y2148a35c|2|\n|gen|9\n|tier|[Gen 9] Random Battle\n|rule|Species Clause: Limit one of each Pok\u00e9mon\n|rule|HP Percentage Mod: HP is shown in percentages\n|rule|Sleep Clause Mod: Limit one foe put to sleep\n|rule|Illusion Level Mod: Illusion disguises the Pok\u00e9mon's true level\n|\n|t:|1783564046\n|teamsize|p1|6\n|teamsize|p2|6\n|start\n|switch|p1a: Goodra|Goodra, L85, M|100/100\n|switch|p2a: Lugia|Lugia, L73|275/275\n|turn|1\n|inactive|Battle timer is ON: inactive players will automatically lose when time's up. (requested by p0y2148a35c)\n|inactive|p0x2148f293 also wants the timer to be on.\n|\n|t:|1783564048\n|move|p2a: Lugia|Calm Mind|p2a: Lugia\n|-boost|p2a: Lugia|spa|1\n|-boost|p2a: Lugia|spd|1\n|move|p1a: Goodra|Fire Blast|p2a: Lugia\n|-damage|p2a: Lugia|254/275\n|\n|upkeep\n|turn|2\n|inactive|Time left: 300 sec this turn | 300 sec total\n|\n|t:|1783564049\n|switch|p1a: Lycanroc|Lycanroc-Midnight, L89, M|100/100\n|move|p2a: Lugia|Calm Mind|p2a: Lugia\n|-boost|p2a: Lugia|spa|1\n|-boost|p2a: Lugia|spd|1\n|\n|upkeep\n|turn|3\n|inactive|Time left: 300 sec this turn | 300 sec total\n|\n|t:|1783564050\n|move|p2a: Lugia|Recover|p2a: Lugia\n|-heal|p2a: Lugia|275/275\n|move|p1a: Lycanroc|Stone Edge|p2a: Lugia\n|-supereffective|p2a: Lugia\n|-damage|p2a: Lugia|123/275\n|-damage|p1a: Lycanroc|91/100|[from] item: Life Orb\n|\n|upkeep\n|turn|4\n|inactive|Time left: 300 sec this turn | 300 sec total\n|\n|t:|1783564050\n|-terastallize|p2a: Lugia|Steel\n|move|p2a: Lugia|Recover|p2a: Lugia\n|-heal|p2a: Lugia|261/275\n|move|p1a: Lycanroc|Stone Edge|p2a: Lugia\n|-resisted|p2a: Lugia\n|-damage|p2a: Lugia|187/275\n|-damage|p1a: Lycanroc|81/100|[from] item: Life Orb\n|\n|upkeep\n|turn|5\n|inactive|Time left: 300 sec this turn | 300 sec total\n|\n|t:|1783564051\n|move|p2a: Lugia|Recover|p2a: Lugia\n|-heal|p2a: Lugia|275/275\n|move|p1a: Lycanroc|Close Combat|p2a: Lugia\n|-supereffective|p2a: Lugia\n|-damage|p2a: Lugia|165/275\n|-unboost|p1a: Lycanroc|def|1\n|-unboost|p1a: Lycanroc|spd|1\n|-damage|p1a: Lycanroc|71/100|[from] item: Life Orb\n|\n|upkeep\n|turn|6\n|inactive|Time left: 300 sec this turn | 300 sec total\n|\n|t:|1783564052\n|move|p2a: Lugia|Recover|p2a: Lugia\n|-heal|p2a: Lugia|275/275\n|move|p1a: Lycanroc|Close Combat|p2a: Lugia\n|-supereffective|p2a: Lugia\n|-damage|p2a: Lugia|166/275\n|-unboost|p1a: Lycanroc|def|1\n|-unboost|p1a: Lycanroc|spd|1\n|-damage|p1a: Lycanroc|61/100|[from] item: Life Orb\n|\n|upkeep\n|turn|7\n|inactive|Time left: 300 sec this turn | 300 sec total\n|\n|t:|1783564053\n|switch|p1a: Goodra|Goodra, L85, M|100/100\n|move|p2a: Lugia|Recover|p2a: Lugia\n|-heal|p2a: Lugia|275/275\n|\n|upkeep\n|turn|8\n|inactive|Time left: 300 sec this turn | 300 sec total\n|\n|t:|1783564054\n|move|p2a: Lugia|Aeroblast|p1a: Goodra\n|-crit|p1a: Goodra\n|-damage|p1a: Goodra|69/100\n|move|p1a: Goodra|Earthquake|p2a: Lugia\n|-supereffective|p2a: Lugia\n|-damage|p2a: Lugia|206/275\n|\n|upkeep\n|turn|9\n|inactive|Time left: 300 sec this turn | 300 sec total\n|\n|t:|1783564056\n|-terastallize|p1a: Goodra|Ground\n|move|p2a: Lugia|Recover|p2a: Lugia\n|-heal|p2a: Lugia|275/275\n|move|p1a: Goodra|Earthquake|p2a: Lugia\n|-supereffective|p2a: Lugia\n|-damage|p2a: Lugia|182/275\n|\n|upkeep\n|turn|10\n|inactive|Time left: 300 sec this turn | 300 sec total\n|\n|t:|1783564057\n|move|p2a: Lugia|Recover|p2a: Lugia\n|-heal|p2a: Lugia|275/275\n|move|p1a: Goodra|Earthquake|p2a: Lugia\n|-supereffective|p2a: Lugia\n|-damage|p2a: Lugia|176/275\n|\n|upkeep\n|turn|11\n|inactive|Time left: 300 sec this turn | 300 sec total\n|\n|t:|1783564058\n|move|p2a: Lugia|Recover|p2a: Lugia\n|-heal|p2a: Lugia|275/275\n|move|p1a: Goodra|Earthquake|p2a: Lugia\n|-supereffective|p2a: Lugia\n|-damage|p2a: Lugia|184/275\n|\n|upkeep\n|turn|12\n|inactive|Time left: 300 sec this turn | 300 sec total\n|\n|t:|1783564059\n|switch|p2a: Orthworm|Orthworm, L88, M|266/266\n|move|p1a: Goodra|Earthquake|p2a: Orthworm\n|-immune|p2a: Orthworm|[from] ability: Earth Eater\n|\n|upkeep\n|turn|13\n|inactive|Time left: 300 sec this turn | 300 sec total\n|\n|t:|1783564061\n|move|p1a: Goodra|Fire Blast|p2a: Orthworm\n|-supereffective|p2a: Orthworm\n|-damage|p2a: Orthworm|14/266\n|move|p2a: Orthworm|Body Press|p1a: Goodra\n|-damage|p1a: Goodra|35/100\n|\n|upkeep\n|turn|14\n|inactive|Time left: 300 sec this turn | 300 sec total\n|\n|t:|1783564062\n|move|p1a: Goodra|Scald|p2a: Orthworm\n|-damage|p2a: Orthworm|0 fnt\n|faint|p2a: Orthworm\n|\n|upkeep\n|inactive|Time left: 300 sec this turn | 300 sec total | 5 sec grace\n|\n|t:|1783564063\n|switch|p2a: Tauros|Tauros-Paldea-Combat, L82, M|257/257\n|-ability|p2a: Tauros|Intimidate|boost\n|-unboost|p1a: Goodra|atk|1\n|turn|15\n|inactive|Time left: 300 sec this turn | 300 sec total\n|\n|t:|1783564065\n|switch|p1a: Eternatus|Eternatus, L69|100/100\n|-ability|p1a: Eternatus|Pressure\n|move|p2a: Tauros|Close Combat|p1a: Eternatus\n|-resisted|p1a: Eternatus\n|-damage|p1a: Eternatus|64/100\n|-unboost|p2a: Tauros|def|1\n|-unboost|p2a: Tauros|spd|1\n|-damage|p2a: Tauros|215/257|[from] item: Rocky Helmet|[of] p1a: Eternatus\n|\n|upkeep\n|turn|16\n|inactive|Time left: 300 sec this turn | 300 sec total\n|\n|t:|1783564066\n|switch|p2a: Lugia|Lugia, L73, tera:Steel|184/275\n|move|p1a: Eternatus|Dynamax Cannon|p2a: Lugia\n|-resisted|p2a: Lugia\n|-damage|p2a: Lugia|148/275\n|\n|upkeep\n|turn|17\n|inactive|Time left: 300 sec this turn | 300 sec total\n|\n|t:|1783564067\n|move|p1a: Eternatus|Flamethrower|p2a: Lugia\n|-supereffective|p2a: Lugia\n|-damage|p2a: Lugia|52/275\n|move|p2a: Lugia|Psychic Noise|p1a: Eternatus\n|-supereffective|p1a: Eternatus\n|-damage|p1a: Eternatus|23/100\n|-start|p1a: Eternatus|move: Heal Block\n|\n|upkeep\n|turn|18\n|inactive|Time left: 300 sec this turn | 300 sec total\n|\n|t:|1783564068\n|move|p1a: Eternatus|Flamethrower|p2a: Lugia\n|-supereffective|p2a: Lugia\n|-damage|p2a: Lugia|0 fnt\n|faint|p2a: Lugia\n|\n|-end|p1a: Eternatus|move: Heal Block\n|upkeep\n|inactive|Time left: 300 sec this turn | 300 sec total | 5 sec grace\n|\n|t:|1783564069\n|switch|p2a: Cyclizar|Cyclizar, L84, F|255/255\n|turn|19\n|inactive|Time left: 300 sec this turn | 300 sec total\n|\n|t:|1783564070\n|move|p2a: Cyclizar|Knock Off|p1a: Eternatus\n|-damage|p1a: Eternatus|0 fnt\n|-damage|p2a: Cyclizar|213/255|[from] item: Rocky Helmet|[of] p1a: Eternatus\n|-enditem|p1a: Eternatus|Rocky Helmet|[from] move: Knock Off|[of] p2a: Cyclizar\n|faint|p1a: Eternatus\n|\n|upkeep\n|\n|t:|1783564070\n|switch|p1a: Rabsca|Rabsca, L91, M|100/100\n|turn|20\n|inactive|Time left: 300 sec this turn | 300 sec total\n|\n|t:|1783564071\n|move|p2a: Cyclizar|Knock Off|p1a: Rabsca\n|-supereffective|p1a: Rabsca\n|-damage|p1a: Rabsca|58/100\n|-enditem|p1a: Rabsca|Heavy-Duty Boots|[from] move: Knock Off|[of] p2a: Cyclizar\n|move|p1a: Rabsca|Psychic|p2a: Cyclizar\n|-damage|p2a: Cyclizar|59/255\n|\n|upkeep\n|turn|21\n|inactive|Time left: 300 sec this turn | 300 sec total\n|\n|t:|1783564072\n|move|p2a: Cyclizar|Draco Meteor|p1a: Rabsca\n|-damage|p1a: Rabsca|20/100\n|-unboost|p2a: Cyclizar|spa|2\n|move|p1a: Rabsca|Psychic|p2a: Cyclizar\n|-crit|p2a: Cyclizar\n|-damage|p2a: Cyclizar|0 fnt\n|faint|p2a: Cyclizar\n|\n|upkeep\n|inactive|Time left: 300 sec this turn | 300 sec total | 5 sec grace\n|\n|t:|1783564073\n|switch|p2a: Toxtricity|Toxtricity, L82, F|257/257\n|turn|22\n|inactive|Time left: 300 sec this turn | 300 sec total\n|\n|t:|1783564074\n|switch|p1a: Goodra|Goodra, L85, M, tera:Ground|35/100\n|move|p2a: Toxtricity|Boomburst|p1a: Goodra\n|-damage|p1a: Goodra|7/100\n|\n|upkeep\n|turn|23\n|inactive|Time left: 300 sec this turn | 300 sec total\n|\n|t:|1783564075\n|switch|p2a: Tauros|Tauros-Paldea-Combat, L82, M|215/257\n|-ability|p2a: Tauros|Intimidate|boost\n|-unboost|p1a: Goodra|atk|1\n|move|p1a: Goodra|Earthquake|p2a: Tauros\n|-damage|p2a: Tauros|142/257\n|\n|upkeep\n|turn|24\n|inactive|Time left: 300 sec this turn | 300 sec total\n|\n|t:|1783564076\n|move|p2a: Tauros|Iron Head|p1a: Goodra\n|-damage|p1a: Goodra|0 fnt\n|faint|p1a: Goodra\n|\n|upkeep\n|\n|t:|1783564077\n|switch|p1a: Rabsca|Rabsca, L91, M|100/100\n|turn|25\n|inactive|Time left: 300 sec this turn | 300 sec total\n|\n|t:|1783564078\n|move|p1a: Rabsca|Bitter Malice|p2a: Tauros\n|-damage|p2a: Tauros|0 fnt\n|faint|p2a: Tauros\n|\n|upkeep\n|inactive|Time left: 300 sec this turn | 300 sec total | 5 sec grace\n|\n|t:|1783564079\n|switch|p2a: Toxtricity|Toxtricity, L82, F|257/257\n|turn|26\n|inactive|Time left: 300 sec this turn | 300 sec total\n|\n|t:|1783564080\n|move|p1a: Rabsca|Bitter Malice|p2a: Toxtricity\n|-damage|p2a: Toxtricity|95/257\n|-unboost|p2a: Toxtricity|atk|1\n|move|p2a: Toxtricity|Volt Switch|p1a: Rabsca\n|-damage|p1a: Rabsca|30/100\n|replace|p1a: Zoroark|Zoroark-Hisui, L80, M\n|-end|p1a: Zoroark|Illusion\n|-hint|Illusion Level Mod is active, so this Pok\u00e9mon's true level was hidden.\n|inactive|Time left: 300 sec this turn | 300 sec total | 5 sec grace\n|\n|t:|1783564081\n|switch|p2a: Kilowattrel|Kilowattrel, L83, M|252/252|[from] Volt Switch\n|\n|upkeep\n|turn|27\n|inactive|Time left: 300 sec this turn | 300 sec total\n|\n|t:|1783564082\n|move|p2a: Kilowattrel|Thunderbolt|p1a: Zoroark\n|-damage|p1a: Zoroark|0 fnt\n|faint|p1a: Zoroark\n|\n|upkeep\n|\n|t:|1783564083\n|switch|p1a: Lycanroc|Lycanroc-Midnight, L89, M|61/100\n|turn|28\n|inactive|Time left: 300 sec this turn | 300 sec total\n|\n|t:|1783564084\n|move|p2a: Kilowattrel|Hurricane|p1a: Lycanroc\n|-resisted|p1a: Lycanroc\n|-crit|p1a: Lycanroc\n|-damage|p1a: Lycanroc|29/100\n|move|p1a: Lycanroc|Stone Edge|p2a: Kilowattrel\n|-supereffective|p2a: Kilowattrel\n|-damage|p2a: Kilowattrel|0 fnt\n|faint|p2a: Kilowattrel\n|-damage|p1a: Lycanroc|19/100|[from] item: Life Orb\n|\n|upkeep\n|inactive|Time left: 300 sec this turn | 300 sec total | 5 sec grace\n|\n|t:|1783564085\n|switch|p2a: Toxtricity|Toxtricity, L82, F|95/257\n|turn|29\n|inactive|Time left: 300 sec this turn | 300 sec total\n|\n|t:|1783564086\n|move|p1a: Lycanroc|Knock Off|p2a: Toxtricity\n|-damage|p2a: Toxtricity|0 fnt\n|-enditem|p2a: Toxtricity|Choice Specs|[from] move: Knock Off|[of] p1a: Lycanroc\n|faint|p2a: Toxtricity\n|-damage|p1a: Lycanroc|9/100|[from] item: Life Orb\n|\n|win|p0x2148f293", "uploadtime": 1783564086, "views": 0, "rating": 0, "private": 0, "password": null, "_winner": "p0x2148f293", "_our_name": "p0y2148a35c"}