{"id": "battle-gen9randombattle-2586", "formatid": "gen9randombattle", "format": "[Gen 9] Random Battle", "players": ["p0x2586fb74", "p0y258668c7"], "log": "|init|battle\n|title|p0x2586fb74 vs. p0y258668c7\n|j|\u2606p0x2586fb74\n|j|\u2606p0y258668c7\n|t:|1783568935\n|gametype|singles\n|player|p1|p0x2586fb74|170|\n|player|p2|p0y258668c7|266|\n|gen|9\n|tier|[Gen 9] Random Battle\n|rule|Species Clause: Limit one of each Pok\u00e9mon\n|rule|HP Percentage Mod: HP is shown in percentages\n|rule|Sleep Clause Mod: Limit one foe put to sleep\n|rule|Illusion Level Mod: Illusion disguises the Pok\u00e9mon's true level\n|\n|t:|1783568935\n|teamsize|p1|6\n|teamsize|p2|6\n|start\n|switch|p1a: Uxie|Uxie, L83|100/100\n|switch|p2a: Zapdos|Zapdos-Galar, L77|265/265\n|turn|1\n|inactive|Battle timer is ON: inactive players will automatically lose when time's up. (requested by p0y258668c7)\n|\n|t:|1783568936\n|move|p1a: Uxie|Psychic Noise|p2a: Zapdos\n|-supereffective|p2a: Zapdos\n|-damage|p2a: Zapdos|119/265\n|-start|p2a: Zapdos|move: Heal Block\n|move|p2a: Zapdos|Bulk Up|p2a: Zapdos\n|-boost|p2a: Zapdos|atk|1\n|-boost|p2a: Zapdos|def|1\n|\n|upkeep\n|turn|2\n|inactive|Time left: 300 sec this turn | 300 sec total\n|inactive|p0x2586fb74 also wants the timer to be on.\n|\n|t:|1783568937\n|-terastallize|p2a: Zapdos|Steel\n|move|p1a: Uxie|Psychic Noise|p2a: Zapdos\n|-resisted|p2a: Zapdos\n|-damage|p2a: Zapdos|86/265\n|move|p2a: Zapdos|Knock Off|p1a: Uxie\n|-supereffective|p1a: Uxie\n|-damage|p1a: Uxie|22/100\n|-enditem|p1a: Uxie|Leftovers|[from] move: Knock Off|[of] p2a: Zapdos\n|-damage|p2a: Zapdos|60/265|[from] item: Life Orb\n|\n|-end|p2a: Zapdos|move: Heal Block\n|upkeep\n|turn|3\n|inactive|Time left: 300 sec this turn | 300 sec total\n|\n|t:|1783568939\n|move|p1a: Uxie|Psychic Noise|p2a: Zapdos\n|-resisted|p2a: Zapdos\n|-damage|p2a: Zapdos|27/265\n|-start|p2a: Zapdos|move: Heal Block\n|move|p2a: Zapdos|Knock Off|p1a: Uxie\n|-supereffective|p1a: Uxie\n|-damage|p1a: Uxie|0 fnt\n|faint|p1a: Uxie\n|-damage|p2a: Zapdos|1/265|[from] item: Life Orb\n|\n|upkeep\n|\n|t:|1783568939\n|switch|p1a: Typhlosion|Typhlosion, L84, M|100/100\n|turn|4\n|inactive|Time left: 300 sec this turn | 300 sec total\n|\n|t:|1783568940\n|switch|p2a: Tatsugiri|Tatsugiri, L87, M|260/260\n|move|p1a: Typhlosion|Eruption|p2a: Tatsugiri\n|-resisted|p2a: Tatsugiri\n|-damage|p2a: Tatsugiri|205/260\n|\n|upkeep\n|turn|5\n|inactive|Time left: 300 sec this turn | 300 sec total\n|\n|t:|1783568942\n|switch|p1a: Azumarill|Azumarill, L82, F|100/100\n|move|p2a: Tatsugiri|Surf|p1a: Azumarill\n|-resisted|p1a: Azumarill\n|-damage|p1a: Azumarill|77/100\n|\n|upkeep\n|turn|6\n|inactive|Time left: 300 sec this turn | 300 sec total\n|\n|t:|1783568943\n|move|p2a: Tatsugiri|Surf|p1a: Azumarill\n|-resisted|p1a: Azumarill\n|-damage|p1a: Azumarill|56/100\n|move|p1a: Azumarill|Play Rough|p2a: Tatsugiri\n|-supereffective|p2a: Tatsugiri\n|-damage|p2a: Tatsugiri|0 fnt\n|faint|p2a: Tatsugiri\n|\n|upkeep\n|inactive|Time left: 300 sec this turn | 300 sec total | 5 sec grace\n|\n|t:|1783568944\n|switch|p2a: Lanturn|Lanturn, L89, M|367/367\n|turn|7\n|inactive|Time left: 300 sec this turn | 300 sec total\n|\n|t:|1783568945\n|switch|p1a: Toxtricity|Toxtricity, L82, F|100/100\n|move|p2a: Lanturn|Thunderbolt|p1a: Toxtricity\n|-resisted|p1a: Toxtricity\n|-damage|p1a: Toxtricity|80/100\n|\n|upkeep\n|turn|8\n|inactive|Time left: 300 sec this turn | 300 sec total\n|\n|t:|1783568946\n|move|p1a: Toxtricity|Boomburst|p2a: Lanturn\n|-damage|p2a: Lanturn|151/367\n|move|p2a: Lanturn|Scald|p1a: Toxtricity\n|-damage|p1a: Toxtricity|43/100\n|\n|-heal|p2a: Lanturn|173/367|[from] item: Leftovers\n|upkeep\n|turn|9\n|inactive|Time left: 300 sec this turn | 300 sec total\n|\n|t:|1783568947\n|move|p1a: Toxtricity|Boomburst|p2a: Lanturn\n|-damage|p2a: Lanturn|0 fnt\n|faint|p2a: Lanturn\n|\n|upkeep\n|inactive|Time left: 300 sec this turn | 300 sec total | 5 sec grace\n|\n|t:|1783568948\n|switch|p2a: Ceruledge|Ceruledge, L78, M|245/245\n|turn|10\n|inactive|Time left: 300 sec this turn | 300 sec total\n|\n|t:|1783568949\n|switch|p1a: Azumarill|Azumarill, L82, F|56/100\n|move|p2a: Ceruledge|Swords Dance|p2a: Ceruledge\n|-boost|p2a: Ceruledge|atk|2\n|\n|upkeep\n|turn|11\n|inactive|Time left: 300 sec this turn | 300 sec total\n|\n|t:|1783568949\n|-terastallize|p1a: Azumarill|Water\n|move|p1a: Azumarill|Aqua Jet|p2a: Ceruledge\n|-supereffective|p2a: Ceruledge\n|-damage|p2a: Ceruledge|21/245\n|-ability|p2a: Ceruledge|Weak Armor|boost\n|-unboost|p2a: Ceruledge|def|1\n|-boost|p2a: Ceruledge|spe|2\n|move|p2a: Ceruledge|Poltergeist|p1a: Azumarill\n|-activate|p1a: Azumarill|move: Poltergeist|Choice Band\n|-damage|p1a: Azumarill|0 fnt\n|faint|p1a: Azumarill\n|\n|upkeep\n|\n|t:|1783568950\n|switch|p1a: Typhlosion|Typhlosion, L84, M|100/100\n|turn|12\n|inactive|Time left: 300 sec this turn | 300 sec total\n|\n|t:|1783568951\n|move|p2a: Ceruledge|Poltergeist|p1a: Typhlosion|[miss]\n|-miss|p2a: Ceruledge|p1a: Typhlosion\n|move|p1a: Typhlosion|Scorching Sands|p2a: Ceruledge\n|-supereffective|p2a: Ceruledge\n|-crit|p2a: Ceruledge\n|-damage|p2a: Ceruledge|0 fnt\n|faint|p2a: Ceruledge\n|\n|upkeep\n|inactive|Time left: 300 sec this turn | 300 sec total | 5 sec grace\n|\n|t:|1783568952\n|switch|p2a: Brambleghast|Brambleghast, L88, M|240/240\n|turn|13\n|inactive|Time left: 300 sec this turn | 300 sec total\n|\n|t:|1783568953\n|move|p1a: Typhlosion|Scorching Sands|p2a: Brambleghast\n|-resisted|p2a: Brambleghast\n|-damage|p2a: Brambleghast|191/240\n|move|p2a: Brambleghast|Rapid Spin|p1a: Typhlosion\n|-damage|p1a: Typhlosion|81/100\n|-boost|p2a: Brambleghast|spe|1\n|\n|upkeep\n|turn|14\n|inactive|Time left: 300 sec this turn | 300 sec total\n|\n|t:|1783568954\n|move|p2a: Brambleghast|Power Whip|p1a: Typhlosion\n|-resisted|p1a: Typhlosion\n|-damage|p1a: Typhlosion|47/100\n|move|p1a: Typhlosion|Scorching Sands|p2a: Brambleghast\n|-resisted|p2a: Brambleghast\n|-damage|p2a: Brambleghast|146/240\n|\n|upkeep\n|turn|15\n|inactive|Time left: 300 sec this turn | 300 sec total\n|\n|t:|1783568955\n|switch|p1a: Terapagos|Terapagos, L77, F|100/100\n|-activate|p1a: Terapagos|ability: Tera Shift\n|detailschange|p1a: Terapagos|Terapagos-Terastal, L77, F\n|-heal|p1a: Terapagos|100/100|[silent]\n|move|p2a: Brambleghast|Poltergeist|p1a: Terapagos\n|-immune|p1a: Terapagos\n|\n|upkeep\n|turn|16\n|inactive|Time left: 300 sec this turn | 300 sec total\n|\n|t:|1783568956\n|move|p2a: Brambleghast|Power Whip|p1a: Terapagos\n|-activate|p1a: Terapagos|ability: Tera Shell\n|-resisted|p1a: Terapagos\n|-damage|p1a: Terapagos|73/100\n|move|p1a: Terapagos|Dark Pulse|p2a: Brambleghast\n|-supereffective|p2a: Brambleghast\n|-damage|p2a: Brambleghast|38/240\n|\n|upkeep\n|turn|17\n|inactive|Time left: 300 sec this turn | 300 sec total\n|\n|t:|1783568957\n|move|p2a: Brambleghast|Strength Sap|p1a: Terapagos\n|-unboost|p1a: Terapagos|atk|1\n|-heal|p2a: Brambleghast|229/240\n|move|p1a: Terapagos|Dark Pulse|p2a: Brambleghast\n|-supereffective|p2a: Brambleghast\n|-damage|p2a: Brambleghast|119/240\n|\n|upkeep\n|turn|18\n|inactive|Time left: 300 sec this turn | 300 sec total\n|\n|t:|1783568958\n|move|p2a: Brambleghast|Strength Sap|p1a: Terapagos\n|-unboost|p1a: Terapagos|atk|1\n|-heal|p2a: Brambleghast|240/240\n|move|p1a: Terapagos|Dark Pulse|p2a: Brambleghast\n|-supereffective|p2a: Brambleghast\n|-damage|p2a: Brambleghast|134/240\n|\n|upkeep\n|turn|19\n|inactive|Time left: 300 sec this turn | 300 sec total\n|\n|t:|1783568959\n|move|p2a: Brambleghast|Power Whip|p1a: Terapagos\n|-damage|p1a: Terapagos|21/100\n|move|p1a: Terapagos|Dark Pulse|p2a: Brambleghast\n|-supereffective|p2a: Brambleghast\n|-damage|p2a: Brambleghast|22/240\n|\n|upkeep\n|turn|20\n|inactive|Time left: 300 sec this turn | 300 sec total\n|\n|t:|1783568959\n|move|p2a: Brambleghast|Power Whip|p1a: Terapagos\n|-damage|p1a: Terapagos|0 fnt\n|faint|p1a: Terapagos\n|\n|upkeep\n|\n|t:|1783568960\n|switch|p1a: Mew|Mew, L82|100/100\n|turn|21\n|inactive|Time left: 300 sec this turn | 300 sec total\n|\n|t:|1783568961\n|move|p2a: Brambleghast|Strength Sap|p1a: Mew\n|-unboost|p1a: Mew|atk|1\n|-heal|p2a: Brambleghast|233/240\n|move|p1a: Mew|Psychic Noise|p2a: Brambleghast\n|-damage|p2a: Brambleghast|146/240\n|-start|p2a: Brambleghast|move: Heal Block\n|\n|upkeep\n|turn|22\n|inactive|Time left: 300 sec this turn | 300 sec total\n|\n|t:|1783568962\n|move|p2a: Brambleghast|Poltergeist|p1a: Mew\n|-activate|p1a: Mew|move: Poltergeist|Leftovers\n|-supereffective|p1a: Mew\n|-damage|p1a: Mew|12/100\n|move|p1a: Mew|Knock Off|p2a: Brambleghast\n|-supereffective|p2a: Brambleghast\n|-damage|p2a: Brambleghast|54/240\n|-enditem|p2a: Brambleghast|Heavy-Duty Boots|[from] move: Knock Off|[of] p1a: Mew\n|\n|-heal|p1a: Mew|18/100|[from] item: Leftovers\n|-end|p2a: Brambleghast|move: Heal Block\n|upkeep\n|turn|23\n|inactive|Time left: 300 sec this turn | 300 sec total\n|\n|t:|1783568963\n|move|p2a: Brambleghast|Poltergeist|p1a: Mew\n|-activate|p1a: Mew|move: Poltergeist|Leftovers\n|-supereffective|p1a: Mew\n|-damage|p1a: Mew|0 fnt\n|faint|p1a: Mew\n|\n|upkeep\n|\n|t:|1783568964\n|switch|p1a: Toxtricity|Toxtricity, L82, F|43/100\n|turn|24\n|inactive|Time left: 300 sec this turn | 300 sec total\n|\n|t:|1783568965\n|move|p2a: Brambleghast|Poltergeist|p1a: Toxtricity\n|-activate|p1a: Toxtricity|move: Poltergeist|Choice Specs\n|-damage|p1a: Toxtricity|0 fnt\n|faint|p1a: Toxtricity\n|\n|upkeep\n|\n|t:|1783568966\n|switch|p1a: Typhlosion|Typhlosion, L84, M|47/100\n|turn|25\n|inactive|Time left: 300 sec this turn | 300 sec total\n|\n|t:|1783568966\n|move|p2a: Brambleghast|Poltergeist|p1a: Typhlosion\n|-activate|p1a: Typhlosion|move: Poltergeist|Choice Specs\n|-damage|p1a: Typhlosion|0 fnt\n|faint|p1a: Typhlosion\n|\n|win|p0y258668c7", "uploadtime": 1783568966, "views": 0, "rating": 0, "private": 0, "password": null, "_winner": "p0y258668c7", "_our_name": "p0y258668c7"}