{"id": "battle-gen9randombattle-387", "formatid": "gen9randombattle", "format": "[Gen 9] Random Battle", "players": ["p0x3877474", "p0y387ff6c"], "log": "|init|battle\n|title|p0x3877474 vs. p0y387ff6c\n|j|\u2606p0x3877474\n|j|\u2606p0y387ff6c\n|t:|1783543583\n|gametype|singles\n|player|p1|p0x3877474|170|\n|player|p2|p0y387ff6c|2|\n|gen|9\n|tier|[Gen 9] Random Battle\n|rule|Species Clause: Limit one of each Pok\u00e9mon\n|rule|HP Percentage Mod: HP is shown in percentages\n|rule|Sleep Clause Mod: Limit one foe put to sleep\n|rule|Illusion Level Mod: Illusion disguises the Pok\u00e9mon's true level\n|\n|t:|1783543583\n|teamsize|p1|6\n|teamsize|p2|6\n|start\n|switch|p1a: Venusaur|Venusaur, L84, F|272/272\n|switch|p2a: Mudsdale|Mudsdale, L83, F|100/100\n|turn|1\n|inactive|Battle timer is ON: inactive players will automatically lose when time's up. (requested by p0y387ff6c)\n|inactive|Time left: 300 sec this turn | 300 sec total | 60 sec grace\n|inactive|p0x3877474 also wants the timer to be on.\n|\n|t:|1783543584\n|move|p1a: Venusaur|Sleep Powder|p2a: Mudsdale\n|-status|p2a: Mudsdale|slp|[from] move: Sleep Powder\n|cant|p2a: Mudsdale|slp\n|\n|upkeep\n|turn|2\n|inactive|Time left: 300 sec this turn | 300 sec total\n|\n|t:|1783543585\n|move|p1a: Venusaur|Leech Seed|p2a: Mudsdale\n|-start|p2a: Mudsdale|move: Leech Seed\n|cant|p2a: Mudsdale|slp\n|\n|-damage|p2a: Mudsdale|88/100 slp|[from] Leech Seed|[of] p1a: Venusaur\n|upkeep\n|turn|3\n|inactive|Time left: 300 sec this turn | 300 sec total\n|\n|t:|1783543587\n|move|p1a: Venusaur|Sludge Bomb|p2a: Mudsdale\n|-resisted|p2a: Mudsdale\n|-damage|p2a: Mudsdale|70/100 slp\n|-ability|p2a: Mudsdale|Stamina|boost\n|-boost|p2a: Mudsdale|def|1\n|cant|p2a: Mudsdale|slp\n|\n|-heal|p2a: Mudsdale|76/100 slp|[from] item: Leftovers\n|-damage|p2a: Mudsdale|64/100 slp|[from] Leech Seed|[of] p1a: Venusaur\n|upkeep\n|turn|4\n|inactive|Time left: 300 sec this turn | 300 sec total\n|\n|t:|1783543588\n|move|p1a: Venusaur|Sludge Bomb|p2a: Mudsdale\n|-resisted|p2a: Mudsdale\n|-damage|p2a: Mudsdale|48/100 slp\n|-ability|p2a: Mudsdale|Stamina|boost\n|-boost|p2a: Mudsdale|def|1\n|-curestatus|p2a: Mudsdale|slp|[msg]\n|move|p2a: Mudsdale|Stealth Rock|p1a: Venusaur\n|-sidestart|p1: p0x3877474|move: Stealth Rock\n|\n|-heal|p2a: Mudsdale|54/100|[from] item: Leftovers\n|-damage|p2a: Mudsdale|42/100|[from] Leech Seed|[of] p1a: Venusaur\n|upkeep\n|turn|5\n|inactive|Time left: 300 sec this turn | 300 sec total\n|\n|t:|1783543589\n|move|p1a: Venusaur|Sludge Bomb|p2a: Mudsdale\n|-resisted|p2a: Mudsdale\n|-damage|p2a: Mudsdale|25/100\n|-ability|p2a: Mudsdale|Stamina|boost\n|-boost|p2a: Mudsdale|def|1\n|move|p2a: Mudsdale|Earthquake|p1a: Venusaur\n|-damage|p1a: Venusaur|140/272\n|\n|-heal|p1a: Venusaur|157/272|[from] item: Leftovers\n|-heal|p2a: Mudsdale|31/100|[from] item: Leftovers\n|-damage|p2a: Mudsdale|19/100|[from] Leech Seed|[of] p1a: Venusaur\n|-heal|p1a: Venusaur|194/272|[silent]\n|upkeep\n|turn|6\n|inactive|Time left: 300 sec this turn | 300 sec total\n|\n|t:|1783543590\n|move|p1a: Venusaur|Sleep Powder|p2a: Mudsdale|[miss]\n|-miss|p1a: Venusaur|p2a: Mudsdale\n|move|p2a: Mudsdale|Earthquake|p1a: Venusaur\n|-damage|p1a: Venusaur|70/272\n|\n|-heal|p1a: Venusaur|87/272|[from] item: Leftovers\n|-heal|p2a: Mudsdale|25/100|[from] item: Leftovers\n|-damage|p2a: Mudsdale|13/100|[from] Leech Seed|[of] p1a: Venusaur\n|-heal|p1a: Venusaur|124/272|[silent]\n|upkeep\n|turn|7\n|inactive|Time left: 300 sec this turn | 300 sec total\n|\n|t:|1783543591\n|move|p1a: Venusaur|Sleep Powder|p2a: Mudsdale\n|-status|p2a: Mudsdale|slp|[from] move: Sleep Powder\n|cant|p2a: Mudsdale|slp\n|\n|-heal|p1a: Venusaur|141/272|[from] item: Leftovers\n|-heal|p2a: Mudsdale|19/100 slp|[from] item: Leftovers\n|-damage|p2a: Mudsdale|6/100 slp|[from] Leech Seed|[of] p1a: Venusaur\n|-heal|p1a: Venusaur|178/272|[silent]\n|upkeep\n|turn|8\n|inactive|Time left: 300 sec this turn | 300 sec total\n|\n|t:|1783543592\n|switch|p2a: Garchomp|Garchomp, L74, M|100/100\n|move|p1a: Venusaur|Sludge Bomb|p2a: Garchomp\n|-resisted|p2a: Garchomp\n|-damage|p2a: Garchomp|81/100\n|\n|-heal|p1a: Venusaur|195/272|[from] item: Leftovers\n|upkeep\n|turn|9\n|inactive|Time left: 300 sec this turn | 300 sec total\n|\n|t:|1783543594\n|move|p2a: Garchomp|Swords Dance|p2a: Garchomp\n|-boost|p2a: Garchomp|atk|2\n|move|p1a: Venusaur|Leech Seed|p2a: Garchomp\n|-start|p2a: Garchomp|move: Leech Seed\n|\n|-heal|p1a: Venusaur|212/272|[from] item: Leftovers\n|-damage|p2a: Garchomp|69/100|[from] Leech Seed|[of] p1a: Venusaur\n|-heal|p1a: Venusaur|247/272|[silent]\n|upkeep\n|turn|10\n|inactive|Time left: 300 sec this turn | 300 sec total\n|\n|t:|1783543594\n|move|p2a: Garchomp|Scale Shot|p1a: Venusaur\n|-damage|p1a: Venusaur|193/272\n|-crit|p1a: Venusaur\n|-damage|p1a: Venusaur|115/272\n|-damage|p1a: Venusaur|63/272\n|-damage|p1a: Venusaur|12/272\n|-damage|p1a: Venusaur|0 fnt\n|faint|p1a: Venusaur\n|-hitcount|p1: Venusaur|5\n|-unboost|p2a: Garchomp|def|1\n|-boost|p2a: Garchomp|spe|1\n|\n|upkeep\n|inactive|Time left: 300 sec this turn | 300 sec total | 5 sec grace\n|\n|t:|1783543595\n|switch|p1a: Sandaconda|Sandaconda, L84, M|258/258\n|-damage|p1a: Sandaconda|242/258|[from] Stealth Rock\n|turn|11\n|inactive|Time left: 300 sec this turn | 300 sec total\n|\n|t:|1783543596\n|move|p2a: Garchomp|Scale Shot|p1a: Sandaconda\n|-damage|p1a: Sandaconda|197/258\n|-damage|p1a: Sandaconda|155/258\n|-damage|p1a: Sandaconda|118/258\n|-damage|p1a: Sandaconda|78/258\n|-hitcount|p1a: Sandaconda|4\n|-unboost|p2a: Garchomp|def|1\n|-boost|p2a: Garchomp|spe|1\n|move|p1a: Sandaconda|Earthquake|p2a: Garchomp\n|-damage|p2a: Garchomp|0 fnt\n|faint|p2a: Garchomp\n|\n|-heal|p1a: Sandaconda|94/258|[from] item: Leftovers\n|upkeep\n|\n|t:|1783543597\n|switch|p2a: Medicham|Medicham, L86, M|100/100\n|turn|12\n|inactive|Time left: 300 sec this turn | 300 sec total\n|\n|t:|1783543598\n|move|p2a: Medicham|Close Combat|p1a: Sandaconda\n|-damage|p1a: Sandaconda|0 fnt\n|-unboost|p2a: Medicham|def|1\n|-unboost|p2a: Medicham|spd|1\n|faint|p1a: Sandaconda\n|\n|upkeep\n|inactive|Time left: 300 sec this turn | 300 sec total | 5 sec grace\n|\n|t:|1783543599\n|switch|p1a: Indeedee|Indeedee-F, L90, F|272/272\n|-damage|p1a: Indeedee|238/272|[from] Stealth Rock\n|-fieldstart|move: Psychic Terrain|[from] ability: Psychic Surge|[of] p1a: Indeedee\n|turn|13\n|inactive|Time left: 300 sec this turn | 300 sec total\n|\n|t:|1783543600\n|switch|p2a: Mudsdale|Mudsdale, L83, F|6/100 slp\n|move|p1a: Indeedee|Psychic|p2a: Mudsdale\n|-damage|p2a: Mudsdale|0 fnt\n|faint|p2a: Mudsdale\n|\n|upkeep\n|\n|t:|1783543601\n|switch|p2a: Scizor|Scizor, L79, M|100/100\n|turn|14\n|inactive|Time left: 300 sec this turn | 300 sec total\n|\n|t:|1783543602\n|move|p1a: Indeedee|Psychic|p2a: Scizor\n|-resisted|p2a: Scizor\n|-damage|p2a: Scizor|67/100\n|move|p2a: Scizor|U-turn|p1a: Indeedee\n|-supereffective|p1a: Indeedee\n|-damage|p1a: Indeedee|26/272\n|\n|t:|1783543603\n|switch|p2a: Arceus|Arceus-Electric, L70|100/100|[from] U-turn\n|\n|upkeep\n|turn|15\n|inactive|Time left: 300 sec this turn | 300 sec total\n|\n|t:|1783543604\n|move|p1a: Indeedee|Psychic|p2a: Arceus\n|-damage|p2a: Arceus|50/100\n|move|p2a: Arceus|Judgment|p1a: Indeedee\n|-damage|p1a: Indeedee|0 fnt\n|faint|p1a: Indeedee\n|\n|upkeep\n|inactive|Time left: 300 sec this turn | 300 sec total | 5 sec grace\n|\n|t:|1783543605\n|switch|p1a: Crabominable|Crabominable, L90, M|321/321\n|-damage|p1a: Crabominable|281/321|[from] Stealth Rock\n|turn|16\n|inactive|Time left: 300 sec this turn | 300 sec total\n|\n|t:|1783543606\n|switch|p2a: Medicham|Medicham, L86, M|100/100\n|move|p1a: Crabominable|Earthquake|p2a: Medicham\n|-damage|p2a: Medicham|30/100\n|\n|upkeep\n|turn|17\n|inactive|Time left: 300 sec this turn | 300 sec total\n|\n|t:|1783543607\n|switch|p1a: Girafarig|Girafarig, L89, M|269/269\n|-damage|p1a: Girafarig|236/269|[from] Stealth Rock\n|move|p2a: Medicham|Close Combat|p1a: Girafarig\n|-damage|p1a: Girafarig|7/269\n|-unboost|p2a: Medicham|def|1\n|-unboost|p2a: Medicham|spd|1\n|\n|-fieldend|move: Psychic Terrain\n|upkeep\n|turn|18\n|inactive|Time left: 300 sec this turn | 300 sec total\n|\n|t:|1783543608\n|switch|p2a: Arceus|Arceus-Electric, L70|50/100\n|move|p1a: Girafarig|Psyshock|p2a: Arceus\n|-damage|p2a: Arceus|20/100\n|\n|upkeep\n|turn|19\n|inactive|Time left: 300 sec this turn | 300 sec total\n|\n|t:|1783543609\n|move|p2a: Arceus|Recover|p2a: Arceus\n|-heal|p2a: Arceus|70/100\n|move|p1a: Girafarig|Hyper Voice|p2a: Arceus\n|-crit|p2a: Arceus\n|-damage|p2a: Arceus|20/100\n|\n|upkeep\n|turn|20\n|inactive|Time left: 300 sec this turn | 300 sec total\n|\n|t:|1783543610\n|move|p2a: Arceus|Recover|p2a: Arceus\n|-heal|p2a: Arceus|70/100\n|move|p1a: Girafarig|Nasty Plot|p1a: Girafarig\n|-boost|p1a: Girafarig|spa|2\n|\n|upkeep\n|turn|21\n|inactive|Time left: 300 sec this turn | 300 sec total\n|\n|t:|1783543611\n|move|p2a: Arceus|Ice Beam|p1a: Girafarig\n|-damage|p1a: Girafarig|0 fnt\n|faint|p1a: Girafarig\n|\n|upkeep\n|inactive|Time left: 300 sec this turn | 300 sec total | 5 sec grace\n|\n|t:|1783543612\n|switch|p1a: Crabominable|Crabominable, L90, M|281/321\n|-damage|p1a: Crabominable|241/321|[from] Stealth Rock\n|turn|22\n|inactive|Time left: 300 sec this turn | 300 sec total\n|\n|t:|1783543613\n|move|p2a: Arceus|Judgment|p1a: Crabominable\n|-damage|p1a: Crabominable|120/321\n|move|p1a: Crabominable|Earthquake|p2a: Arceus\n|-supereffective|p2a: Arceus\n|-damage|p2a: Arceus|0 fnt\n|faint|p2a: Arceus\n|\n|upkeep\n|\n|t:|1783543614\n|switch|p2a: Medicham|Medicham, L86, M|30/100\n|turn|23\n|inactive|Time left: 300 sec this turn | 300 sec total\n|\n|t:|1783543615\n|move|p2a: Medicham|Close Combat|p1a: Crabominable\n|-supereffective|p1a: Crabominable\n|-damage|p1a: Crabominable|0 fnt\n|-unboost|p2a: Medicham|def|1\n|-unboost|p2a: Medicham|spd|1\n|faint|p1a: Crabominable\n|\n|upkeep\n|inactive|Time left: 300 sec this turn | 300 sec total | 5 sec grace\n|\n|t:|1783543616\n|switch|p1a: Zamazenta|Zamazenta-Crowned, L68|238/238\n|-damage|p1a: Zamazenta|231/238|[from] Stealth Rock\n|-ability|p1a: Zamazenta|Dauntless Shield|boost\n|-boost|p1a: Zamazenta|def|1\n|turn|24\n|inactive|Time left: 300 sec this turn | 300 sec total\n|\n|t:|1783543617\n|switch|p2a: Scizor|Scizor, L79, M|67/100\n|-terastallize|p1a: Zamazenta|Ghost\n|move|p1a: Zamazenta|Iron Defense|p1a: Zamazenta\n|-boost|p1a: Zamazenta|def|2\n|\n|-heal|p2a: Scizor|73/100|[from] item: Leftovers\n|upkeep\n|turn|25\n|inactive|Time left: 300 sec this turn | 300 sec total\n|\n|t:|1783543618\n|move|p2a: Scizor|Bullet Punch|p1a: Zamazenta\n|-damage|p1a: Zamazenta|206/238\n|move|p1a: Zamazenta|Body Press|p2a: Scizor\n|-damage|p2a: Scizor|0 fnt\n|faint|p2a: Scizor\n|\n|upkeep\n|\n|t:|1783543619\n|switch|p2a: Medicham|Medicham, L86, M|30/100\n|turn|26\n|inactive|Time left: 300 sec this turn | 300 sec total\n|\n|t:|1783543620\n|move|p1a: Zamazenta|Iron Defense|p1a: Zamazenta\n|-boost|p1a: Zamazenta|def|2\n|move|p2a: Medicham|Ice Punch|p1a: Zamazenta\n|-damage|p1a: Zamazenta|179/238\n|\n|upkeep\n|turn|27\n|inactive|Time left: 300 sec this turn | 300 sec total\n|\n|t:|1783543621\n|move|p1a: Zamazenta|Body Press|p2a: Medicham\n|-resisted|p2a: Medicham\n|-damage|p2a: Medicham|0 fnt\n|faint|p2a: Medicham\n|\n|upkeep\n|\n|t:|1783543622\n|switch|p2a: Cetitan|Cetitan, L82, F|100/100\n|turn|28\n|inactive|Time left: 300 sec this turn | 300 sec total\n|\n|t:|1783543623\n|move|p1a: Zamazenta|Body Press|p2a: Cetitan\n|-supereffective|p2a: Cetitan\n|-damage|p2a: Cetitan|0 fnt\n|faint|p2a: Cetitan\n|\n|win|p0x3877474", "uploadtime": 1783543623, "views": 0, "rating": 0, "private": 0, "password": null, "_winner": "p0x3877474", "_our_name": "p0x3877474"}