{"id": "battle-gen9randombattle-811", "formatid": "gen9randombattle", "format": "[Gen 9] Random Battle", "players": ["p0x8111c7c", "p0y811ad0c"], "log": "|init|battle\n|title|p0x8111c7c vs. p0y811ad0c\n|j|\u2606p0x8111c7c\n|j|\u2606p0y811ad0c\n|t:|1783549321\n|gametype|singles\n|player|p1|p0x8111c7c|169|\n|player|p2|p0y811ad0c|2|\n|gen|9\n|tier|[Gen 9] Random Battle\n|rule|Species Clause: Limit one of each Pok\u00e9mon\n|rule|HP Percentage Mod: HP is shown in percentages\n|rule|Sleep Clause Mod: Limit one foe put to sleep\n|rule|Illusion Level Mod: Illusion disguises the Pok\u00e9mon's true level\n|\n|t:|1783549321\n|teamsize|p1|6\n|teamsize|p2|6\n|start\n|switch|p1a: Empoleon|Empoleon, L84, M|278/278\n|switch|p2a: Brambleghast|Brambleghast, L88, M|100/100\n|turn|1\n|inactive|Battle timer is ON: inactive players will automatically lose when time's up. (requested by p0x8111c7c)\n|inactive|p0y811ad0c also wants the timer to be on.\n|\n|t:|1783549322\n|move|p2a: Brambleghast|Power Whip|p1a: Empoleon\n|-damage|p1a: Empoleon|122/278\n|move|p1a: Empoleon|Stealth Rock|p2a: Brambleghast\n|-sidestart|p2: p0y811ad0c|move: Stealth Rock\n|\n|-heal|p1a: Empoleon|139/278|[from] item: Leftovers\n|upkeep\n|turn|2\n|inactive|Time left: 300 sec this turn | 300 sec total\n|\n|t:|1783549323\n|switch|p1a: Passimian|Passimian, L83, F|302/302\n|move|p2a: Brambleghast|Poltergeist|p1a: Passimian\n|-activate|p1a: Passimian|move: Poltergeist|Leftovers\n|-damage|p1a: Passimian|143/302\n|\n|-heal|p1a: Passimian|161/302|[from] item: Leftovers\n|upkeep\n|turn|3\n|inactive|Time left: 300 sec this turn | 300 sec total\n|\n|t:|1783549324\n|move|p2a: Brambleghast|Power Whip|p1a: Passimian\n|-damage|p1a: Passimian|5/302\n|move|p1a: Passimian|Knock Off|p2a: Brambleghast\n|-supereffective|p2a: Brambleghast\n|-damage|p2a: Brambleghast|20/100\n|-enditem|p2a: Brambleghast|Heavy-Duty Boots|[from] move: Knock Off|[of] p1a: Passimian\n|\n|-heal|p1a: Passimian|23/302|[from] item: Leftovers\n|upkeep\n|turn|4\n|inactive|Time left: 300 sec this turn | 300 sec total\n|\n|t:|1783549325\n|switch|p1a: Urshifu|Urshifu, L74, F|270/270\n|move|p2a: Brambleghast|Rapid Spin|p1a: Urshifu\n|-damage|p1a: Urshifu|224/270\n|-boost|p2a: Brambleghast|spe|1\n|-sideend|p2: p0y811ad0c|Stealth Rock|[from] move: Rapid Spin|[of] p2a: Brambleghast\n|\n|upkeep\n|turn|5\n|inactive|Time left: 300 sec this turn | 300 sec total\n|\n|t:|1783549326\n|move|p2a: Brambleghast|Power Whip|p1a: Urshifu\n|-damage|p1a: Urshifu|68/270\n|move|p1a: Urshifu|Wicked Blow|p2a: Brambleghast\n|-supereffective|p2a: Brambleghast\n|-crit|p2a: Brambleghast\n|-damage|p2a: Brambleghast|0 fnt\n|faint|p2a: Brambleghast\n|\n|upkeep\n|\n|t:|1783549327\n|switch|p2a: Bisharp|Bisharp, L79, M|100/100\n|turn|6\n|inactive|Time left: 300 sec this turn | 300 sec total\n|\n|t:|1783549328\n|switch|p1a: Politoed|Politoed, L88, F|302/302\n|-weather|RainDance|[from] ability: Drizzle|[of] p1a: Politoed\n|move|p2a: Bisharp|Stealth Rock|p1a: Politoed\n|-sidestart|p1: p0x8111c7c|move: Stealth Rock\n|\n|-weather|RainDance|[upkeep]\n|upkeep\n|turn|7\n|inactive|Time left: 300 sec this turn | 300 sec total\n|\n|t:|1783549329\n|switch|p2a: Archaludon|Archaludon, L78, M|100/100\n|move|p1a: Politoed|Weather Ball|p2a: Archaludon\n|-resisted|p2a: Archaludon\n|-damage|p2a: Archaludon|62/100\n|-ability|p2a: Archaludon|Stamina|boost\n|-boost|p2a: Archaludon|def|1\n|\n|-weather|RainDance|[upkeep]\n|upkeep\n|turn|8\n|inactive|Time left: 300 sec this turn | 300 sec total\n|\n|t:|1783549330\n|move|p1a: Politoed|Weather Ball|p2a: Archaludon\n|-resisted|p2a: Archaludon\n|-damage|p2a: Archaludon|21/100\n|-ability|p2a: Archaludon|Stamina|boost\n|-boost|p2a: Archaludon|def|1\n|move|p2a: Archaludon|Dragon Tail|p1a: Politoed\n|-damage|p1a: Politoed|233/302\n|drag|p1a: Empoleon|Empoleon, L84, M|139/278\n|-damage|p1a: Empoleon|122/278|[from] Stealth Rock\n|\n|-weather|RainDance|[upkeep]\n|-heal|p1a: Empoleon|139/278|[from] item: Leftovers\n|upkeep\n|turn|9\n|inactive|Time left: 300 sec this turn | 300 sec total\n|\n|t:|1783549331\n|-terastallize|p1a: Empoleon|Flying\n|move|p2a: Archaludon|Body Press|p1a: Empoleon\n|-resisted|p1a: Empoleon\n|-damage|p1a: Empoleon|81/278\n|move|p1a: Empoleon|Surf|p2a: Archaludon\n|-resisted|p2a: Archaludon\n|-damage|p2a: Archaludon|0 fnt\n|faint|p2a: Archaludon\n|\n|-weather|RainDance|[upkeep]\n|-heal|p1a: Empoleon|98/278|[from] item: Leftovers\n|upkeep\n|\n|t:|1783549333\n|switch|p2a: Houndstone|Houndstone, L86, M|100/100\n|turn|10\n|inactive|Time left: 300 sec this turn | 300 sec total\n|\n|t:|1783549334\n|move|p2a: Houndstone|Poltergeist|p1a: Empoleon|[miss]\n|-miss|p2a: Houndstone|p1a: Empoleon\n|move|p1a: Empoleon|Roost|p1a: Empoleon\n|-heal|p1a: Empoleon|237/278\n|-hint|If a Terastallized Pokemon uses Roost, it remains Flying-type.\n|\n|-weather|none\n|-heal|p1a: Empoleon|254/278|[from] item: Leftovers\n|upkeep\n|turn|11\n|inactive|Time left: 300 sec this turn | 300 sec total\n|\n|t:|1783549335\n|move|p2a: Houndstone|Poltergeist|p1a: Empoleon\n|-activate|p1a: Empoleon|move: Poltergeist|Leftovers\n|-damage|p1a: Empoleon|134/278\n|move|p1a: Empoleon|Stealth Rock|p2a: Houndstone\n|-sidestart|p2: p0y811ad0c|move: Stealth Rock\n|\n|-heal|p1a: Empoleon|151/278|[from] item: Leftovers\n|upkeep\n|turn|12\n|inactive|Time left: 300 sec this turn | 300 sec total\n|\n|t:|1783549336\n|move|p2a: Houndstone|Poltergeist|p1a: Empoleon\n|-activate|p1a: Empoleon|move: Poltergeist|Leftovers\n|-damage|p1a: Empoleon|18/278\n|move|p1a: Empoleon|Roost|p1a: Empoleon\n|-heal|p1a: Empoleon|157/278\n|-hint|If a Terastallized Pokemon uses Roost, it remains Flying-type.\n|\n|-heal|p1a: Empoleon|174/278|[from] item: Leftovers\n|upkeep\n|turn|13\n|inactive|Time left: 300 sec this turn | 300 sec total\n|\n|t:|1783549337\n|move|p2a: Houndstone|Poltergeist|p1a: Empoleon\n|-activate|p1a: Empoleon|move: Poltergeist|Leftovers\n|-damage|p1a: Empoleon|42/278\n|move|p1a: Empoleon|Roost|p1a: Empoleon\n|-heal|p1a: Empoleon|181/278\n|-hint|If a Terastallized Pokemon uses Roost, it remains Flying-type.\n|\n|-heal|p1a: Empoleon|198/278|[from] item: Leftovers\n|upkeep\n|turn|14\n|inactive|Time left: 300 sec this turn | 300 sec total\n|\n|t:|1783549339\n|move|p2a: Houndstone|Poltergeist|p1a: Empoleon\n|-activate|p1a: Empoleon|move: Poltergeist|Leftovers\n|-crit|p1a: Empoleon\n|-damage|p1a: Empoleon|12/278\n|move|p1a: Empoleon|Roost|p1a: Empoleon\n|-heal|p1a: Empoleon|151/278\n|-hint|If a Terastallized Pokemon uses Roost, it remains Flying-type.\n|\n|-heal|p1a: Empoleon|168/278|[from] item: Leftovers\n|upkeep\n|turn|15\n|inactive|Time left: 300 sec this turn | 300 sec total\n|\n|t:|1783549340\n|move|p2a: Houndstone|Poltergeist|p1a: Empoleon|[miss]\n|-miss|p2a: Houndstone|p1a: Empoleon\n|move|p1a: Empoleon|Roost|p1a: Empoleon\n|-heal|p1a: Empoleon|278/278\n|-hint|If a Terastallized Pokemon uses Roost, it remains Flying-type.\n|\n|upkeep\n|turn|16\n|inactive|Time left: 300 sec this turn | 300 sec total\n|\n|t:|1783549341\n|move|p2a: Houndstone|Poltergeist|p1a: Empoleon|[miss]\n|-miss|p2a: Houndstone|p1a: Empoleon\n|move|p1a: Empoleon|Surf|p2a: Houndstone\n|-damage|p2a: Houndstone|75/100\n|\n|upkeep\n|turn|17\n|inactive|Time left: 300 sec this turn | 300 sec total\n|\n|t:|1783549342\n|move|p2a: Houndstone|Poltergeist|p1a: Empoleon\n|-activate|p1a: Empoleon|move: Poltergeist|Leftovers\n|-damage|p1a: Empoleon|152/278\n|move|p1a: Empoleon|Surf|p2a: Houndstone\n|-damage|p2a: Houndstone|53/100\n|\n|-heal|p1a: Empoleon|169/278|[from] item: Leftovers\n|upkeep\n|turn|18\n|inactive|Time left: 300 sec this turn | 300 sec total\n|\n|t:|1783549343\n|move|p2a: Houndstone|Shadow Sneak|p1a: Empoleon\n|-damage|p1a: Empoleon|123/278\n|move|p1a: Empoleon|Surf|p2a: Houndstone\n|-crit|p2a: Houndstone\n|-damage|p2a: Houndstone|13/100\n|\n|-heal|p1a: Empoleon|140/278|[from] item: Leftovers\n|upkeep\n|turn|19\n|inactive|Time left: 300 sec this turn | 300 sec total\n|\n|t:|1783549344\n|move|p2a: Houndstone|Play Rough|p1a: Empoleon\n|-damage|p1a: Empoleon|73/278\n|move|p1a: Empoleon|Roost|p1a: Empoleon\n|-heal|p1a: Empoleon|212/278\n|-hint|If a Terastallized Pokemon uses Roost, it remains Flying-type.\n|\n|-heal|p1a: Empoleon|229/278|[from] item: Leftovers\n|upkeep\n|turn|20\n|inactive|Time left: 300 sec this turn | 300 sec total\n|\n|t:|1783549346\n|move|p2a: Houndstone|Body Press|p1a: Empoleon\n|-resisted|p1a: Empoleon\n|-damage|p1a: Empoleon|198/278\n|move|p1a: Empoleon|Surf|p2a: Houndstone\n|-damage|p2a: Houndstone|0 fnt\n|faint|p2a: Houndstone\n|\n|-heal|p1a: Empoleon|215/278|[from] item: Leftovers\n|upkeep\n|\n|t:|1783549347\n|switch|p2a: Clefable|Clefable, L83, F|100/100\n|-damage|p2a: Clefable|88/100|[from] Stealth Rock\n|turn|21\n|inactive|Time left: 300 sec this turn | 300 sec total\n|\n|t:|1783549348\n|move|p1a: Empoleon|Yawn|p2a: Clefable\n|-start|p2a: Clefable|move: Yawn|[of] p1a: Empoleon\n|move|p2a: Clefable|Calm Mind|p2a: Clefable\n|-boost|p2a: Clefable|spa|1\n|-boost|p2a: Clefable|spd|1\n|\n|-heal|p1a: Empoleon|232/278|[from] item: Leftovers\n|-heal|p2a: Clefable|94/100|[from] item: Leftovers\n|upkeep\n|turn|22\n|inactive|Time left: 300 sec this turn | 300 sec total\n|\n|t:|1783549349\n|move|p1a: Empoleon|Surf|p2a: Clefable\n|-damage|p2a: Clefable|68/100\n|move|p2a: Clefable|Moonblast|p1a: Empoleon\n|-damage|p1a: Empoleon|109/278\n|-unboost|p1a: Empoleon|spa|1\n|-ability|p1a: Empoleon|Competitive|boost\n|-boost|p1a: Empoleon|spa|2\n|\n|-heal|p1a: Empoleon|126/278|[from] item: Leftovers\n|-heal|p2a: Clefable|74/100|[from] item: Leftovers\n|-end|p2a: Clefable|move: Yawn|[silent]\n|-status|p2a: Clefable|slp\n|upkeep\n|turn|23\n|inactive|Time left: 300 sec this turn | 300 sec total\n|\n|t:|1783549350\n|move|p1a: Empoleon|Roost|p1a: Empoleon\n|-heal|p1a: Empoleon|265/278\n|-hint|If a Terastallized Pokemon uses Roost, it remains Flying-type.\n|cant|p2a: Clefable|slp\n|\n|-heal|p1a: Empoleon|278/278|[from] item: Leftovers\n|-heal|p2a: Clefable|80/100 slp|[from] item: Leftovers\n|upkeep\n|turn|24\n|inactive|Time left: 300 sec this turn | 300 sec total\n|\n|t:|1783549351\n|move|p1a: Empoleon|Surf|p2a: Clefable\n|-damage|p2a: Clefable|57/100 slp\n|-curestatus|p2a: Clefable|slp|[msg]\n|move|p2a: Clefable|Moonblast|p1a: Empoleon\n|-damage|p1a: Empoleon|146/278\n|\n|-heal|p1a: Empoleon|163/278|[from] item: Leftovers\n|-heal|p2a: Clefable|64/100|[from] item: Leftovers\n|upkeep\n|turn|25\n|inactive|Time left: 300 sec this turn | 300 sec total\n|\n|t:|1783549353\n|move|p1a: Empoleon|Yawn|p2a: Clefable\n|-start|p2a: Clefable|move: Yawn|[of] p1a: Empoleon\n|move|p2a: Clefable|Moonblast|p1a: Empoleon\n|-damage|p1a: Empoleon|30/278\n|\n|-heal|p1a: Empoleon|47/278|[from] item: Leftovers\n|-heal|p2a: Clefable|70/100|[from] item: Leftovers\n|upkeep\n|turn|26\n|inactive|Time left: 300 sec this turn | 300 sec total\n|\n|t:|1783549354\n|move|p1a: Empoleon|Roost|p1a: Empoleon\n|-heal|p1a: Empoleon|186/278\n|-hint|If a Terastallized Pokemon uses Roost, it remains Flying-type.\n|move|p2a: Clefable|Moonblast|p1a: Empoleon\n|-damage|p1a: Empoleon|50/278\n|-unboost|p1a: Empoleon|spa|1\n|-ability|p1a: Empoleon|Competitive|boost\n|-boost|p1a: Empoleon|spa|2\n|\n|-heal|p1a: Empoleon|67/278|[from] item: Leftovers\n|-heal|p2a: Clefable|76/100|[from] item: Leftovers\n|-end|p2a: Clefable|move: Yawn|[silent]\n|-status|p2a: Clefable|slp\n|upkeep\n|turn|27\n|inactive|Time left: 300 sec this turn | 300 sec total\n|\n|t:|1783549355\n|move|p1a: Empoleon|Surf|p2a: Clefable\n|-damage|p2a: Clefable|50/100 slp\n|cant|p2a: Clefable|slp\n|\n|-heal|p1a: Empoleon|84/278|[from] item: Leftovers\n|-heal|p2a: Clefable|56/100 slp|[from] item: Leftovers\n|upkeep\n|turn|28\n|inactive|Time left: 300 sec this turn | 300 sec total\n|\n|t:|1783549357\n|move|p1a: Empoleon|Surf|p2a: Clefable\n|-damage|p2a: Clefable|34/100 slp\n|cant|p2a: Clefable|slp\n|\n|-heal|p1a: Empoleon|101/278|[from] item: Leftovers\n|-heal|p2a: Clefable|40/100 slp|[from] item: Leftovers\n|upkeep\n|turn|29\n|inactive|Time left: 300 sec this turn | 300 sec total\n|\n|t:|1783549358\n|move|p1a: Empoleon|Surf|p2a: Clefable\n|-damage|p2a: Clefable|14/100 slp\n|cant|p2a: Clefable|slp\n|\n|-heal|p1a: Empoleon|118/278|[from] item: Leftovers\n|-heal|p2a: Clefable|20/100 slp|[from] item: Leftovers\n|upkeep\n|turn|30\n|inactive|Time left: 300 sec this turn | 300 sec total\n|\n|t:|1783549359\n|move|p1a: Empoleon|Surf|p2a: Clefable\n|-damage|p2a: Clefable|0 fnt\n|faint|p2a: Clefable\n|\n|-heal|p1a: Empoleon|135/278|[from] item: Leftovers\n|upkeep\n|\n|t:|1783549360\n|switch|p2a: Bisharp|Bisharp, L79, M|100/100\n|-damage|p2a: Bisharp|94/100|[from] Stealth Rock\n|turn|31\n|inactive|Time left: 300 sec this turn | 300 sec total\n|\n|t:|1783549360\n|move|p2a: Bisharp|Iron Head|p1a: Empoleon\n|-damage|p1a: Empoleon|42/278\n|move|p1a: Empoleon|Surf|p2a: Bisharp\n|-damage|p2a: Bisharp|16/100\n|\n|-heal|p1a: Empoleon|59/278|[from] item: Leftovers\n|upkeep\n|turn|32\n|inactive|Time left: 300 sec this turn | 300 sec total\n|\n|t:|1783549361\n|switch|p1a: Iron Treads|Iron Treads, L77|265/265\n|-damage|p1a: Iron Treads|257/265|[from] Stealth Rock\n|move|p2a: Bisharp|Throat Chop|p1a: Iron Treads\n|-damage|p1a: Iron Treads|173/265\n|-start|p1a: Iron Treads|Throat Chop|[silent]\n|\n|upkeep\n|turn|33\n|inactive|Time left: 300 sec this turn | 300 sec total\n|\n|t:|1783549362\n|move|p1a: Iron Treads|Rapid Spin|p2a: Bisharp\n|-resisted|p2a: Bisharp\n|-damage|p2a: Bisharp|11/100\n|-boost|p1a: Iron Treads|spe|1\n|-sideend|p1: p0x8111c7c|Stealth Rock|[from] move: Rapid Spin|[of] p1a: Iron Treads\n|move|p2a: Bisharp|Throat Chop|p1a: Iron Treads\n|-damage|p1a: Iron Treads|89/265\n|\n|-end|p1a: Iron Treads|Throat Chop|[silent]\n|upkeep\n|turn|34\n|inactive|Time left: 300 sec this turn | 300 sec total\n|\n|t:|1783549363\n|move|p2a: Bisharp|Sucker Punch|p1a: Iron Treads\n|-damage|p1a: Iron Treads|17/265\n|move|p1a: Iron Treads|Volt Switch|p2a: Bisharp\n|-damage|p2a: Bisharp|0 fnt\n|faint|p2a: Bisharp\n|inactive|Time left: 300 sec this turn | 300 sec total | 5 sec grace\n|\n|t:|1783549364\n|-end|p1a: Iron Treads|Quark Drive|[silent]\n|switch|p1a: Politoed|Politoed, L88, F|233/302|[from] Volt Switch\n|-weather|RainDance|[from] ability: Drizzle|[of] p1a: Politoed\n|\n|-weather|RainDance|[upkeep]\n|upkeep\n|\n|t:|1783549365\n|switch|p2a: Pachirisu|Pachirisu, L96, M|100/100\n|turn|35\n|inactive|Time left: 300 sec this turn | 300 sec total\n|\n|t:|1783549366\n|move|p2a: Pachirisu|Discharge|p1a: Politoed\n|-supereffective|p1a: Politoed\n|-damage|p1a: Politoed|125/302\n|move|p1a: Politoed|Weather Ball|p2a: Pachirisu\n|-damage|p2a: Pachirisu|23/100\n|\n|-weather|RainDance|[upkeep]\n|upkeep\n|turn|36\n|inactive|Time left: 300 sec this turn | 300 sec total\n|\n|t:|1783549366\n|-terastallize|p2a: Pachirisu|Flying\n|move|p2a: Pachirisu|Discharge|p1a: Politoed\n|-supereffective|p1a: Politoed\n|-damage|p1a: Politoed|11/302\n|move|p1a: Politoed|Weather Ball|p2a: Pachirisu\n|-damage|p2a: Pachirisu|0 fnt\n|faint|p2a: Pachirisu\n|\n|win|p0x8111c7c", "uploadtime": 1783549366, "views": 0, "rating": 0, "private": 0, "password": null, "_winner": "p0x8111c7c", "_our_name": "p0x8111c7c"}