{"id": "battle-gen9randombattle-179", "formatid": "gen9randombattle", "format": "[Gen 9] Random Battle", "players": ["p0x17980b3", "p0y179bcff"], "log": "|init|battle\n|title|p0x17980b3 vs. p0y179bcff\n|j|\u2606p0x17980b3\n|j|\u2606p0y179bcff\n|t:|1783541197\n|gametype|singles\n|player|p1|p0x17980b3|265|\n|player|p2|p0y179bcff|266|\n|gen|9\n|tier|[Gen 9] Random Battle\n|rule|Species Clause: Limit one of each Pok\u00e9mon\n|rule|HP Percentage Mod: HP is shown in percentages\n|rule|Sleep Clause Mod: Limit one foe put to sleep\n|rule|Illusion Level Mod: Illusion disguises the Pok\u00e9mon's true level\n|\n|t:|1783541197\n|teamsize|p1|6\n|teamsize|p2|6\n|start\n|switch|p1a: Plusle|Plusle, L95, M|100/100\n|switch|p2a: Ribombee|Ribombee, L83, F|235/235\n|turn|1\n|inactive|Battle timer is ON: inactive players will automatically lose when time's up. (requested by p0y179bcff)\n|\n|t:|1783541199\n|move|p2a: Ribombee|Quiver Dance|p2a: Ribombee\n|-boost|p2a: Ribombee|spa|1\n|-boost|p2a: Ribombee|spd|1\n|-boost|p2a: Ribombee|spe|1\n|move|p1a: Plusle|Nasty Plot|p1a: Plusle\n|-boost|p1a: Plusle|spa|2\n|\n|upkeep\n|turn|2\n|inactive|Time left: 300 sec this turn | 300 sec total\n|inactive|p0x17980b3 also wants the timer to be on.\n|\n|t:|1783541199\n|-terastallize|p2a: Ribombee|Ground\n|move|p2a: Ribombee|Tera Blast|p1a: Plusle|[anim] Tera Blast Ground\n|-supereffective|p1a: Plusle\n|-damage|p1a: Plusle|17/100\n|move|p1a: Plusle|Thunderbolt|p2a: Ribombee\n|-immune|p2a: Ribombee\n|\n|upkeep\n|turn|3\n|inactive|Time left: 300 sec this turn | 300 sec total\n|\n|t:|1783541200\n|move|p2a: Ribombee|Moonblast|p1a: Plusle\n|-damage|p1a: Plusle|0 fnt\n|faint|p1a: Plusle\n|\n|upkeep\n|\n|t:|1783541201\n|switch|p1a: Granbull|Granbull, L88, F|100/100\n|-ability|p1a: Granbull|Intimidate|boost\n|-unboost|p2a: Ribombee|atk|1\n|turn|4\n|inactive|Time left: 300 sec this turn | 300 sec total\n|\n|t:|1783541202\n|move|p2a: Ribombee|Moonblast|p1a: Granbull\n|-damage|p1a: Granbull|45/100\n|move|p1a: Granbull|Play Rough|p2a: Ribombee|[miss]\n|-miss|p1a: Granbull|p2a: Ribombee\n|\n|-heal|p1a: Granbull|50/100|[from] item: Leftovers\n|upkeep\n|turn|5\n|inactive|Time left: 300 sec this turn | 300 sec total\n|\n|t:|1783541203\n|switch|p1a: Bastiodon|Bastiodon, L89, M|100/100\n|move|p2a: Ribombee|Moonblast|p1a: Bastiodon\n|-resisted|p1a: Bastiodon\n|-damage|p1a: Bastiodon|81/100\n|\n|upkeep\n|turn|6\n|inactive|Time left: 300 sec this turn | 300 sec total\n|\n|t:|1783541204\n|-terastallize|p1a: Bastiodon|Fighting\n|move|p2a: Ribombee|Tera Blast|p1a: Bastiodon|[anim] Tera Blast Ground\n|-damage|p1a: Bastiodon|46/100\n|move|p1a: Bastiodon|Body Press|p2a: Ribombee\n|-damage|p2a: Ribombee|46/235\n|\n|upkeep\n|turn|7\n|inactive|Time left: 300 sec this turn | 300 sec total\n|\n|t:|1783541205\n|move|p2a: Ribombee|Moonblast|p1a: Bastiodon\n|-supereffective|p1a: Bastiodon\n|-damage|p1a: Bastiodon|0 fnt\n|faint|p1a: Bastiodon\n|\n|upkeep\n|\n|t:|1783541205\n|switch|p1a: Zangoose|Zangoose, L85, M|100/100\n|turn|8\n|inactive|Time left: 300 sec this turn | 300 sec total\n|\n|t:|1783541206\n|move|p1a: Zangoose|Quick Attack|p2a: Ribombee\n|-damage|p2a: Ribombee|0 fnt\n|faint|p2a: Ribombee\n|\n|-status|p1a: Zangoose|tox|[from] item: Toxic Orb\n|upkeep\n|inactive|Time left: 300 sec this turn | 300 sec total | 5 sec grace\n|\n|t:|1783541207\n|switch|p2a: Rhydon|Rhydon, L85, F|317/317\n|turn|9\n|inactive|Time left: 300 sec this turn | 300 sec total\n|\n|t:|1783541208\n|switch|p1a: Granbull|Granbull, L88, F|50/100\n|-ability|p1a: Granbull|Intimidate|boost\n|-unboost|p2a: Rhydon|atk|1\n|move|p2a: Rhydon|Earthquake|p1a: Granbull\n|-damage|p1a: Granbull|17/100\n|\n|-heal|p1a: Granbull|23/100|[from] item: Leftovers\n|upkeep\n|turn|10\n|inactive|Time left: 300 sec this turn | 300 sec total\n|\n|t:|1783541209\n|move|p1a: Granbull|Play Rough|p2a: Rhydon\n|-damage|p2a: Rhydon|257/317\n|move|p2a: Rhydon|Earthquake|p1a: Granbull\n|-damage|p1a: Granbull|0 fnt\n|faint|p1a: Granbull\n|\n|upkeep\n|\n|t:|1783541210\n|switch|p1a: Mabosstiff|Mabosstiff, L86, F|100/100\n|turn|11\n|inactive|Time left: 300 sec this turn | 300 sec total\n|\n|t:|1783541211\n|move|p1a: Mabosstiff|Crunch|p2a: Rhydon\n|-damage|p2a: Rhydon|179/317\n|move|p2a: Rhydon|Megahorn|p1a: Mabosstiff\n|-supereffective|p1a: Mabosstiff\n|-damage|p1a: Mabosstiff|53/100\n|\n|upkeep\n|turn|12\n|inactive|Time left: 300 sec this turn | 300 sec total\n|\n|t:|1783541212\n|move|p1a: Mabosstiff|Crunch|p2a: Rhydon\n|-damage|p2a: Rhydon|91/317\n|move|p2a: Rhydon|Megahorn|p1a: Mabosstiff\n|-supereffective|p1a: Mabosstiff\n|-damage|p1a: Mabosstiff|5/100\n|\n|upkeep\n|turn|13\n|inactive|Time left: 300 sec this turn | 300 sec total\n|\n|t:|1783541213\n|move|p1a: Mabosstiff|Crunch|p2a: Rhydon\n|-damage|p2a: Rhydon|9/317\n|move|p2a: Rhydon|Earthquake|p1a: Mabosstiff\n|-damage|p1a: Mabosstiff|0 fnt\n|faint|p1a: Mabosstiff\n|\n|upkeep\n|\n|t:|1783541214\n|switch|p1a: Altaria|Altaria, L89, F|100/100\n|turn|14\n|inactive|Time left: 300 sec this turn | 300 sec total\n|\n|t:|1783541215\n|switch|p2a: Garganacl|Garganacl, L80, F|291/291\n|move|p1a: Altaria|Dragon Dance|p1a: Altaria\n|-boost|p1a: Altaria|atk|1\n|-boost|p1a: Altaria|spe|1\n|\n|upkeep\n|turn|15\n|inactive|Time left: 300 sec this turn | 300 sec total\n|\n|t:|1783541216\n|move|p1a: Altaria|Dragon Dance|p1a: Altaria\n|-boost|p1a: Altaria|atk|1\n|-boost|p1a: Altaria|spe|1\n|move|p2a: Garganacl|Salt Cure|p1a: Altaria\n|-supereffective|p1a: Altaria\n|-damage|p1a: Altaria|75/100\n|-start|p1a: Altaria|Salt Cure\n|\n|-damage|p1a: Altaria|62/100|[from] Salt Cure\n|upkeep\n|turn|16\n|inactive|Time left: 300 sec this turn | 300 sec total\n|\n|t:|1783541217\n|move|p1a: Altaria|Roost|p1a: Altaria\n|-heal|p1a: Altaria|100/100\n|-singleturn|p1a: Altaria|move: Roost\n|move|p2a: Garganacl|Iron Defense|p2a: Garganacl\n|-boost|p2a: Garganacl|def|2\n|\n|-damage|p1a: Altaria|88/100|[from] Salt Cure\n|upkeep\n|turn|17\n|inactive|Time left: 300 sec this turn | 300 sec total\n|\n|t:|1783541218\n|move|p1a: Altaria|Dragon Dance|p1a: Altaria\n|-boost|p1a: Altaria|atk|1\n|-boost|p1a: Altaria|spe|1\n|move|p2a: Garganacl|Salt Cure|p1a: Altaria\n|-supereffective|p1a: Altaria\n|-damage|p1a: Altaria|60/100\n|\n|-damage|p1a: Altaria|48/100|[from] Salt Cure\n|upkeep\n|turn|18\n|inactive|Time left: 300 sec this turn | 300 sec total\n|\n|t:|1783541219\n|move|p1a: Altaria|Roost|p1a: Altaria\n|-heal|p1a: Altaria|98/100\n|-singleturn|p1a: Altaria|move: Roost\n|move|p2a: Garganacl|Body Press|p1a: Altaria\n|-damage|p1a: Altaria|57/100\n|\n|-damage|p1a: Altaria|45/100|[from] Salt Cure\n|upkeep\n|turn|19\n|inactive|Time left: 300 sec this turn | 300 sec total\n|\n|t:|1783541220\n|move|p1a: Altaria|Roost|p1a: Altaria\n|-heal|p1a: Altaria|95/100\n|-singleturn|p1a: Altaria|move: Roost\n|move|p2a: Garganacl|Iron Defense|p2a: Garganacl\n|-boost|p2a: Garganacl|def|2\n|\n|-damage|p1a: Altaria|83/100|[from] Salt Cure\n|upkeep\n|turn|20\n|inactive|Time left: 300 sec this turn | 300 sec total\n|\n|t:|1783541221\n|move|p1a: Altaria|Earthquake|p2a: Garganacl\n|-supereffective|p2a: Garganacl\n|-damage|p2a: Garganacl|217/291\n|move|p2a: Garganacl|Body Press|p1a: Altaria\n|-resisted|p1a: Altaria\n|-damage|p1a: Altaria|51/100\n|\n|-heal|p2a: Garganacl|235/291|[from] item: Leftovers\n|-damage|p1a: Altaria|39/100|[from] Salt Cure\n|upkeep\n|turn|21\n|inactive|Time left: 300 sec this turn | 300 sec total\n|\n|t:|1783541223\n|move|p1a: Altaria|Roost|p1a: Altaria\n|-heal|p1a: Altaria|89/100\n|-singleturn|p1a: Altaria|move: Roost\n|move|p2a: Garganacl|Body Press|p1a: Altaria\n|-damage|p1a: Altaria|28/100\n|\n|-heal|p2a: Garganacl|253/291|[from] item: Leftovers\n|-damage|p1a: Altaria|16/100|[from] Salt Cure\n|upkeep\n|turn|22\n|inactive|Time left: 300 sec this turn | 300 sec total\n|\n|t:|1783541224\n|move|p1a: Altaria|Roost|p1a: Altaria\n|-heal|p1a: Altaria|66/100\n|-singleturn|p1a: Altaria|move: Roost\n|move|p2a: Garganacl|Body Press|p1a: Altaria\n|-damage|p1a: Altaria|6/100\n|\n|-heal|p2a: Garganacl|271/291|[from] item: Leftovers\n|-damage|p1a: Altaria|0 fnt|[from] Salt Cure\n|faint|p1a: Altaria\n|upkeep\n|\n|t:|1783541225\n|switch|p1a: Zangoose|Zangoose, L85, M|100/100 tox\n|turn|23\n|inactive|Time left: 300 sec this turn | 300 sec total\n|\n|t:|1783541226\n|move|p1a: Zangoose|Close Combat|p2a: Garganacl\n|-supereffective|p2a: Garganacl\n|-damage|p2a: Garganacl|195/291\n|-unboost|p1a: Zangoose|def|1\n|-unboost|p1a: Zangoose|spd|1\n|move|p2a: Garganacl|Body Press|p1a: Zangoose\n|-supereffective|p1a: Zangoose\n|-damage|p1a: Zangoose|0 fnt\n|faint|p1a: Zangoose\n|\n|win|p0y179bcff", "uploadtime": 1783541226, "views": 0, "rating": 0, "private": 0, "password": null, "_winner": "p0y179bcff", "_our_name": "p0y179bcff"}