{"id": "battle-gen9randombattle-1658", "formatid": "gen9randombattle", "format": "[Gen 9] Random Battle", "players": ["p0x16586402", "p0y1658cc9b"], "log": "|init|battle\n|title|p0x16586402 vs. p0y1658cc9b\n|j|\u2606p0x16586402\n|j|\u2606p0y1658cc9b\n|t:|1783558438\n|gametype|singles\n|player|p1|p0x16586402|2|\n|player|p2|p0y1658cc9b|170|\n|gen|9\n|tier|[Gen 9] Random Battle\n|rule|Species Clause: Limit one of each Pok\u00e9mon\n|rule|HP Percentage Mod: HP is shown in percentages\n|rule|Sleep Clause Mod: Limit one foe put to sleep\n|rule|Illusion Level Mod: Illusion disguises the Pok\u00e9mon's true level\n|\n|t:|1783558438\n|teamsize|p1|6\n|teamsize|p2|6\n|start\n|switch|p1a: Avalugg|Avalugg, L88, M|100/100\n|switch|p2a: Arceus|Arceus-Ice, L72|291/291\n|turn|1\n|inactive|Battle timer is ON: inactive players will automatically lose when time's up. (requested by p0y1658cc9b)\n|inactive|p0x16586402 also wants the timer to be on.\n|\n|t:|1783558440\n|move|p2a: Arceus|Calm Mind|p2a: Arceus\n|-boost|p2a: Arceus|spa|1\n|-boost|p2a: Arceus|spd|1\n|move|p1a: Avalugg|Body Press|p2a: Arceus\n|-supereffective|p2a: Arceus\n|-crit|p2a: Arceus\n|-damage|p2a: Arceus|11/291\n|\n|upkeep\n|turn|2\n|inactive|Time left: 300 sec this turn | 300 sec total\n|\n|t:|1783558441\n|move|p2a: Arceus|Judgment|p1a: Avalugg\n|-resisted|p1a: Avalugg\n|-damage|p1a: Avalugg|61/100\n|move|p1a: Avalugg|Body Press|p2a: Arceus\n|-supereffective|p2a: Arceus\n|-damage|p2a: Arceus|0 fnt\n|faint|p2a: Arceus\n|\n|upkeep\n|inactive|Time left: 300 sec this turn | 300 sec total | 5 sec grace\n|\n|t:|1783558442\n|switch|p2a: Masquerain|Masquerain, L87, M|264/264\n|-ability|p2a: Masquerain|Intimidate|boost\n|-unboost|p1a: Avalugg|atk|1\n|turn|3\n|inactive|Time left: 300 sec this turn | 300 sec total\n|\n|t:|1783558444\n|move|p2a: Masquerain|Sticky Web|p1a: Avalugg\n|-sidestart|p1: p0x16586402|move: Sticky Web\n|move|p1a: Avalugg|Avalanche|p2a: Masquerain\n|-supereffective|p2a: Masquerain\n|-damage|p2a: Masquerain|124/264\n|\n|upkeep\n|turn|4\n|inactive|Time left: 300 sec this turn | 300 sec total\n|\n|t:|1783558445\n|move|p2a: Masquerain|Hurricane|p1a: Avalugg\n|-damage|p1a: Avalugg|5/100\n|move|p1a: Avalugg|Rapid Spin|p2a: Masquerain\n|-damage|p2a: Masquerain|88/264\n|-boost|p1a: Avalugg|spe|1\n|-sideend|p1: p0x16586402|Sticky Web|[from] move: Rapid Spin|[of] p1a: Avalugg\n|\n|upkeep\n|turn|5\n|inactive|Time left: 300 sec this turn | 300 sec total\n|\n|t:|1783558446\n|move|p2a: Masquerain|Sticky Web|p1a: Avalugg\n|-sidestart|p1: p0x16586402|move: Sticky Web\n|move|p1a: Avalugg|Rapid Spin|p2a: Masquerain\n|-damage|p2a: Masquerain|52/264\n|-boost|p1a: Avalugg|spe|1\n|-sideend|p1: p0x16586402|Sticky Web|[from] move: Rapid Spin|[of] p1a: Avalugg\n|\n|upkeep\n|turn|6\n|inactive|Time left: 300 sec this turn | 300 sec total\n|\n|t:|1783558447\n|move|p1a: Avalugg|Recover|p1a: Avalugg\n|-heal|p1a: Avalugg|55/100\n|move|p2a: Masquerain|Hurricane|p1a: Avalugg|[miss]\n|-miss|p2a: Masquerain|p1a: Avalugg\n|\n|upkeep\n|turn|7\n|inactive|Time left: 300 sec this turn | 300 sec total\n|\n|t:|1783558448\n|move|p1a: Avalugg|Recover|p1a: Avalugg\n|-heal|p1a: Avalugg|100/100\n|move|p2a: Masquerain|Hurricane|p1a: Avalugg\n|-damage|p1a: Avalugg|38/100\n|\n|upkeep\n|turn|8\n|inactive|Time left: 300 sec this turn | 300 sec total\n|\n|t:|1783558449\n|move|p1a: Avalugg|Recover|p1a: Avalugg\n|-heal|p1a: Avalugg|88/100\n|move|p2a: Masquerain|Bug Buzz|p1a: Avalugg\n|-damage|p1a: Avalugg|33/100\n|\n|upkeep\n|turn|9\n|inactive|Time left: 300 sec this turn | 300 sec total\n|\n|t:|1783558450\n|move|p1a: Avalugg|Recover|p1a: Avalugg\n|-heal|p1a: Avalugg|83/100\n|move|p2a: Masquerain|Bug Buzz|p1a: Avalugg\n|-damage|p1a: Avalugg|32/100\n|-unboost|p1a: Avalugg|spd|1\n|\n|upkeep\n|turn|10\n|inactive|Time left: 300 sec this turn | 300 sec total\n|\n|t:|1783558451\n|move|p1a: Avalugg|Recover|p1a: Avalugg\n|-heal|p1a: Avalugg|82/100\n|move|p2a: Masquerain|Sticky Web|p1a: Avalugg\n|-sidestart|p1: p0x16586402|move: Sticky Web\n|\n|upkeep\n|turn|11\n|inactive|Time left: 300 sec this turn | 300 sec total\n|\n|t:|1783558453\n|move|p1a: Avalugg|Rapid Spin|p2a: Masquerain\n|-damage|p2a: Masquerain|11/264\n|-boost|p1a: Avalugg|spe|1\n|-sideend|p1: p0x16586402|Sticky Web|[from] move: Rapid Spin|[of] p1a: Avalugg\n|move|p2a: Masquerain|Hurricane|p1a: Avalugg|[miss]\n|-miss|p2a: Masquerain|p1a: Avalugg\n|\n|upkeep\n|turn|12\n|inactive|Time left: 300 sec this turn | 300 sec total\n|\n|t:|1783558454\n|switch|p2a: Vaporeon|Vaporeon, L86, M|364/364\n|move|p1a: Avalugg|Rapid Spin|p2a: Vaporeon\n|-damage|p2a: Vaporeon|321/364\n|-boost|p1a: Avalugg|spe|1\n|\n|-heal|p2a: Vaporeon|343/364|[from] item: Leftovers\n|upkeep\n|turn|13\n|inactive|Time left: 300 sec this turn | 300 sec total\n|\n|t:|1783558455\n|switch|p1a: Moltres|Moltres-Galar, L79|100/100\n|move|p2a: Vaporeon|Scald|p1a: Moltres\n|-damage|p1a: Moltres|70/100\n|-status|p1a: Moltres|brn\n|\n|-heal|p2a: Vaporeon|364/364|[from] item: Leftovers\n|-damage|p1a: Moltres|64/100 brn|[from] brn\n|upkeep\n|turn|14\n|inactive|Time left: 300 sec this turn | 300 sec total\n|\n|t:|1783558456\n|move|p1a: Moltres|Hurricane|p2a: Vaporeon\n|-damage|p2a: Vaporeon|265/364\n|move|p2a: Vaporeon|Scald|p1a: Moltres\n|-damage|p1a: Moltres|36/100 brn\n|-ability|p1a: Moltres|Berserk|boost\n|-boost|p1a: Moltres|spa|1\n|\n|-heal|p2a: Vaporeon|287/364|[from] item: Leftovers\n|-damage|p1a: Moltres|30/100 brn|[from] brn\n|upkeep\n|turn|15\n|inactive|Time left: 300 sec this turn | 300 sec total\n|\n|t:|1783558457\n|move|p1a: Moltres|Fiery Wrath|p2a: Vaporeon\n|-damage|p2a: Vaporeon|160/364\n|move|p2a: Vaporeon|Scald|p1a: Moltres\n|-damage|p1a: Moltres|0 fnt\n|faint|p1a: Moltres\n|\n|-heal|p2a: Vaporeon|182/364|[from] item: Leftovers\n|upkeep\n|\n|t:|1783558459\n|switch|p1a: Braviary|Braviary, L85, M|100/100\n|turn|16\n|inactive|Time left: 300 sec this turn | 300 sec total\n|\n|t:|1783558460\n|move|p2a: Vaporeon|Protect|p2a: Vaporeon\n|-singleturn|p2a: Vaporeon|Protect\n|move|p1a: Braviary|Brave Bird|p2a: Vaporeon\n|-activate|p2a: Vaporeon|move: Protect\n|\n|-heal|p2a: Vaporeon|204/364|[from] item: Leftovers\n|upkeep\n|turn|17\n|inactive|Time left: 300 sec this turn | 300 sec total\n|\n|t:|1783558461\n|move|p1a: Braviary|Brave Bird|p2a: Vaporeon\n|-damage|p2a: Vaporeon|0 fnt\n|faint|p2a: Vaporeon\n|-damage|p1a: Braviary|79/100|[from] Recoil\n|\n|upkeep\n|inactive|Time left: 300 sec this turn | 300 sec total | 5 sec grace\n|\n|t:|1783558462\n|switch|p2a: Masquerain|Masquerain, L87, M|11/264\n|-ability|p2a: Masquerain|Intimidate|boost\n|-unboost|p1a: Braviary|atk|1\n|-ability|p1a: Braviary|Defiant|boost\n|-boost|p1a: Braviary|atk|2\n|turn|18\n|inactive|Time left: 300 sec this turn | 300 sec total\n|\n|t:|1783558463\n|move|p2a: Masquerain|Sticky Web|p1a: Braviary\n|-sidestart|p1: p0x16586402|move: Sticky Web\n|move|p1a: Braviary|Brave Bird|p2a: Masquerain\n|-supereffective|p2a: Masquerain\n|-damage|p2a: Masquerain|0 fnt\n|faint|p2a: Masquerain\n|-damage|p1a: Braviary|78/100|[from] Recoil\n|\n|upkeep\n|inactive|Time left: 300 sec this turn | 300 sec total | 5 sec grace\n|\n|t:|1783558464\n|switch|p2a: Passimian|Passimian, L83, F|302/302\n|turn|19\n|inactive|Time left: 300 sec this turn | 300 sec total\n|\n|t:|1783558465\n|-terastallize|p2a: Passimian|Poison\n|move|p1a: Braviary|Brave Bird|p2a: Passimian\n|-damage|p2a: Passimian|59/302\n|-damage|p1a: Braviary|52/100|[from] Recoil\n|move|p2a: Passimian|Close Combat|p1a: Braviary\n|-damage|p1a: Braviary|0 fnt\n|-unboost|p2a: Passimian|def|1\n|-unboost|p2a: Passimian|spd|1\n|faint|p1a: Braviary\n|\n|upkeep\n|\n|t:|1783558465\n|switch|p1a: Avalugg|Avalugg, L88, M|82/100\n|turn|20\n|inactive|Time left: 300 sec this turn | 300 sec total\n|\n|t:|1783558466\n|-terastallize|p1a: Avalugg|Fighting\n|move|p2a: Passimian|Close Combat|p1a: Avalugg\n|-damage|p1a: Avalugg|47/100\n|-unboost|p2a: Passimian|def|1\n|-unboost|p2a: Passimian|spd|1\n|move|p1a: Avalugg|Rapid Spin|p2a: Passimian\n|-damage|p2a: Passimian|0 fnt\n|-boost|p1a: Avalugg|spe|1\n|-sideend|p1: p0x16586402|Sticky Web|[from] move: Rapid Spin|[of] p1a: Avalugg\n|faint|p2a: Passimian\n|\n|upkeep\n|inactive|Time left: 300 sec this turn | 300 sec total | 5 sec grace\n|\n|t:|1783558467\n|switch|p2a: Hawlucha|Hawlucha, L80, F|256/256\n|turn|21\n|inactive|Time left: 300 sec this turn | 300 sec total\n|\n|t:|1783558467\n|move|p2a: Hawlucha|Brave Bird|p1a: Avalugg\n|-supereffective|p1a: Avalugg\n|-damage|p1a: Avalugg|5/100\n|-damage|p2a: Hawlucha|214/256|[from] Recoil\n|move|p1a: Avalugg|Recover|p1a: Avalugg\n|-heal|p1a: Avalugg|55/100\n|\n|upkeep\n|turn|22\n|inactive|Time left: 300 sec this turn | 300 sec total\n|\n|t:|1783558468\n|move|p2a: Hawlucha|Brave Bird|p1a: Avalugg\n|-supereffective|p1a: Avalugg\n|-damage|p1a: Avalugg|17/100\n|-damage|p2a: Hawlucha|174/256|[from] Recoil\n|move|p1a: Avalugg|Recover|p1a: Avalugg\n|-heal|p1a: Avalugg|67/100\n|\n|upkeep\n|turn|23\n|inactive|Time left: 300 sec this turn | 300 sec total\n|\n|t:|1783558469\n|switch|p2a: Iron Treads|Iron Treads, L77|265/265\n|move|p1a: Avalugg|Avalanche|p2a: Iron Treads\n|-damage|p2a: Iron Treads|201/265\n|\n|upkeep\n|turn|24\n|inactive|Time left: 300 sec this turn | 300 sec total\n|\n|t:|1783558470\n|move|p2a: Iron Treads|Volt Switch|p1a: Avalugg\n|-damage|p1a: Avalugg|50/100\n|inactive|Time left: 300 sec this turn | 300 sec total | 5 sec grace\n|\n|t:|1783558470\n|-end|p2a: Iron Treads|Quark Drive|[silent]\n|switch|p2a: Hawlucha|Hawlucha, L80, F|174/256|[from] Volt Switch\n|move|p1a: Avalugg|Body Press|p2a: Hawlucha\n|-resisted|p2a: Hawlucha\n|-damage|p2a: Hawlucha|87/256\n|\n|upkeep\n|turn|25\n|inactive|Time left: 300 sec this turn | 300 sec total\n|\n|t:|1783558471\n|move|p2a: Hawlucha|Brave Bird|p1a: Avalugg\n|-supereffective|p1a: Avalugg\n|-damage|p1a: Avalugg|14/100\n|-damage|p2a: Hawlucha|51/256|[from] Recoil\n|move|p1a: Avalugg|Recover|p1a: Avalugg\n|-heal|p1a: Avalugg|64/100\n|\n|upkeep\n|turn|26\n|inactive|Time left: 300 sec this turn | 300 sec total\n|\n|t:|1783558472\n|move|p2a: Hawlucha|Brave Bird|p1a: Avalugg\n|-supereffective|p1a: Avalugg\n|-damage|p1a: Avalugg|23/100\n|-damage|p2a: Hawlucha|9/256|[from] Recoil\n|move|p1a: Avalugg|Body Press|p2a: Hawlucha\n|-resisted|p2a: Hawlucha\n|-damage|p2a: Hawlucha|0 fnt\n|faint|p2a: Hawlucha\n|\n|upkeep\n|inactive|Time left: 300 sec this turn | 300 sec total | 5 sec grace\n|\n|t:|1783558473\n|switch|p2a: Iron Treads|Iron Treads, L77|201/265\n|turn|27\n|inactive|Time left: 300 sec this turn | 300 sec total\n|\n|t:|1783558474\n|move|p2a: Iron Treads|Iron Head|p1a: Avalugg\n|-crit|p1a: Avalugg\n|-damage|p1a: Avalugg|1/100\n|cant|p1a: Avalugg|flinch\n|\n|upkeep\n|turn|28\n|inactive|Time left: 300 sec this turn | 300 sec total\n|\n|t:|1783558475\n|switch|p1a: Tauros|Tauros-Paldea-Blaze, L81, M|100/100\n|move|p2a: Iron Treads|Rapid Spin|p1a: Tauros\n|-damage|p1a: Tauros|88/100\n|-boost|p2a: Iron Treads|spe|1\n|\n|upkeep\n|turn|29\n|inactive|Time left: 300 sec this turn | 300 sec total\n|\n|t:|1783558476\n|move|p2a: Iron Treads|Iron Head|p1a: Tauros\n|-resisted|p1a: Tauros\n|-damage|p1a: Tauros|74/100\n|cant|p1a: Tauros|flinch\n|\n|upkeep\n|turn|30\n|inactive|Time left: 300 sec this turn | 300 sec total\n|\n|t:|1783558477\n|switch|p1a: Avalugg|Avalugg, L88, M, tera:Fighting|1/100\n|move|p2a: Iron Treads|Iron Head|p1a: Avalugg\n|-damage|p1a: Avalugg|0 fnt\n|faint|p1a: Avalugg\n|\n|upkeep\n|\n|t:|1783558477\n|switch|p1a: Tauros|Tauros-Paldea-Blaze, L81, M|74/100\n|turn|31\n|inactive|Time left: 300 sec this turn | 300 sec total\n|\n|t:|1783558478\n|move|p2a: Iron Treads|Iron Head|p1a: Tauros\n|-resisted|p1a: Tauros\n|-damage|p1a: Tauros|59/100\n|move|p1a: Tauros|Close Combat|p2a: Iron Treads\n|-supereffective|p2a: Iron Treads\n|-damage|p2a: Iron Treads|0 fnt\n|-unboost|p1a: Tauros|def|1\n|-unboost|p1a: Tauros|spd|1\n|faint|p2a: Iron Treads\n|-end|p2a: Iron Treads|Quark Drive|[silent]\n|\n|win|p0x16586402", "uploadtime": 1783558478, "views": 0, "rating": 0, "private": 0, "password": null, "_winner": "p0x16586402", "_our_name": "p0y1658cc9b"}