{"id": "battle-gen9randombattle-441", "formatid": "gen9randombattle", "format": "[Gen 9] Random Battle", "players": ["p0x441776d", "p0y441fd99"], "log": "|init|battle\n|title|p0x441776d vs. p0y441fd99\n|j|\u2606p0x441776d\n|j|\u2606p0y441fd99\n|t:|1783544184\n|gametype|singles\n|player|p1|p0x441776d|101|\n|player|p2|p0y441fd99|1|\n|gen|9\n|tier|[Gen 9] Random Battle\n|rule|Species Clause: Limit one of each Pok\u00e9mon\n|rule|HP Percentage Mod: HP is shown in percentages\n|rule|Sleep Clause Mod: Limit one foe put to sleep\n|rule|Illusion Level Mod: Illusion disguises the Pok\u00e9mon's true level\n|\n|t:|1783544184\n|teamsize|p1|6\n|teamsize|p2|6\n|start\n|switch|p1a: Hatterene|Hatterene, L85, F|100/100\n|switch|p2a: Klefki|Klefki, L84, F|233/233\n|turn|1\n|inactive|Battle timer is ON: inactive players will automatically lose when time's up. (requested by p0y441fd99)\n|inactive|p0x441776d also wants the timer to be on.\n|\n|t:|1783544186\n|move|p2a: Klefki|Dazzling Gleam|p1a: Hatterene\n|-crit|p1a: Hatterene\n|-damage|p1a: Hatterene|72/100\n|move|p1a: Hatterene|Psychic|p2a: Klefki\n|-resisted|p2a: Klefki\n|-damage|p2a: Klefki|169/233\n|\n|-heal|p2a: Klefki|183/233|[from] item: Leftovers\n|upkeep\n|turn|2\n|inactive|Time left: 300 sec this turn | 300 sec total\n|\n|t:|1783544187\n|move|p2a: Klefki|Foul Play|p1a: Hatterene\n|-damage|p1a: Hatterene|48/100\n|move|p1a: Hatterene|Mystical Fire|p2a: Klefki\n|-supereffective|p2a: Klefki\n|-damage|p2a: Klefki|37/233\n|-unboost|p2a: Klefki|spa|1\n|\n|-heal|p2a: Klefki|51/233|[from] item: Leftovers\n|upkeep\n|turn|3\n|inactive|Time left: 300 sec this turn | 300 sec total\n|\n|t:|1783544188\n|move|p2a: Klefki|Foul Play|p1a: Hatterene\n|-damage|p1a: Hatterene|23/100\n|move|p1a: Hatterene|Draining Kiss|p2a: Klefki\n|-resisted|p2a: Klefki\n|-damage|p2a: Klefki|16/233\n|-heal|p1a: Hatterene|34/100|[from] drain|[of] p2a: Klefki\n|\n|-heal|p2a: Klefki|30/233|[from] item: Leftovers\n|upkeep\n|turn|4\n|inactive|Time left: 300 sec this turn | 300 sec total\n|\n|t:|1783544189\n|move|p2a: Klefki|Foul Play|p1a: Hatterene\n|-damage|p1a: Hatterene|10/100\n|move|p1a: Hatterene|Draining Kiss|p2a: Klefki\n|-resisted|p2a: Klefki\n|-damage|p2a: Klefki|0 fnt\n|-heal|p1a: Hatterene|20/100|[from] drain|[of] p2a: Klefki\n|faint|p2a: Klefki\n|\n|upkeep\n|inactive|Time left: 300 sec this turn | 300 sec total | 5 sec grace\n|\n|t:|1783544190\n|switch|p2a: Torterra|Torterra, L78, F|276/276\n|turn|5\n|inactive|Time left: 300 sec this turn | 300 sec total\n|\n|t:|1783544192\n|move|p2a: Torterra|Shell Smash|p2a: Torterra\n|-unboost|p2a: Torterra|def|1\n|-unboost|p2a: Torterra|spd|1\n|-boost|p2a: Torterra|atk|2\n|-boost|p2a: Torterra|spa|2\n|-boost|p2a: Torterra|spe|2\n|move|p1a: Hatterene|Mystical Fire|p2a: Torterra\n|-supereffective|p2a: Torterra\n|-damage|p2a: Torterra|16/276\n|-unboost|p2a: Torterra|spa|1\n|\n|upkeep\n|turn|6\n|inactive|Time left: 300 sec this turn | 300 sec total\n|\n|t:|1783544193\n|move|p2a: Torterra|Headlong Rush|p1a: Hatterene\n|-damage|p1a: Hatterene|0 fnt\n|-unboost|p2a: Torterra|def|1\n|-unboost|p2a: Torterra|spd|1\n|faint|p1a: Hatterene\n|\n|upkeep\n|\n|t:|1783544194\n|switch|p1a: Spidops|Spidops, L96, M|100/100\n|turn|7\n|inactive|Time left: 300 sec this turn | 300 sec total\n|\n|t:|1783544195\n|move|p2a: Torterra|Rock Blast|p1a: Spidops\n|-supereffective|p1a: Spidops\n|-damage|p1a: Spidops|79/100\n|-supereffective|p1a: Spidops\n|-damage|p1a: Spidops|58/100\n|-supereffective|p1a: Spidops\n|-damage|p1a: Spidops|36/100\n|-supereffective|p1a: Spidops\n|-damage|p1a: Spidops|13/100\n|-hitcount|p1a: Spidops|4\n|move|p1a: Spidops|U-turn|p2a: Torterra\n|-supereffective|p2a: Torterra\n|-damage|p2a: Torterra|0 fnt\n|faint|p2a: Torterra\n|\n|t:|1783544196\n|switch|p1a: Bellibolt|Bellibolt, L84, F|100/100|[from] U-turn\n|\n|upkeep\n|inactive|Time left: 300 sec this turn | 300 sec total | 10 sec grace\n|\n|t:|1783544197\n|switch|p2a: Gurdurr|Gurdurr, L85, F|283/283\n|turn|8\n|inactive|Time left: 300 sec this turn | 300 sec total\n|\n|t:|1783544198\n|move|p1a: Bellibolt|Thunderbolt|p2a: Gurdurr\n|-damage|p2a: Gurdurr|180/283\n|move|p2a: Gurdurr|Drain Punch|p1a: Bellibolt\n|-crit|p1a: Bellibolt\n|-damage|p1a: Bellibolt|63/100\n|-heal|p2a: Gurdurr|240/283|[from] drain|[of] p1a: Bellibolt\n|-start|p1a: Bellibolt|Charge|Drain Punch|[from] ability: Electromorphosis\n|\n|-heal|p1a: Bellibolt|69/100|[from] item: Leftovers\n|upkeep\n|turn|9\n|inactive|Time left: 300 sec this turn | 300 sec total\n|\n|t:|1783544199\n|move|p1a: Bellibolt|Thunderbolt|p2a: Gurdurr\n|-damage|p2a: Gurdurr|45/283\n|-status|p2a: Gurdurr|par\n|-end|p1a: Bellibolt|Charge|[silent]\n|cant|p2a: Gurdurr|par\n|\n|-heal|p1a: Bellibolt|75/100|[from] item: Leftovers\n|upkeep\n|turn|10\n|inactive|Time left: 300 sec this turn | 300 sec total\n|\n|t:|1783544200\n|move|p1a: Bellibolt|Thunderbolt|p2a: Gurdurr\n|-damage|p2a: Gurdurr|0 fnt\n|faint|p2a: Gurdurr\n|\n|-heal|p1a: Bellibolt|82/100|[from] item: Leftovers\n|upkeep\n|inactive|Time left: 300 sec this turn | 300 sec total | 5 sec grace\n|\n|t:|1783544201\n|switch|p2a: Vaporeon|Vaporeon, L86, M|364/364\n|turn|11\n|inactive|Time left: 300 sec this turn | 300 sec total\n|\n|t:|1783544201\n|move|p2a: Vaporeon|Scald|p1a: Bellibolt\n|-damage|p1a: Bellibolt|50/100\n|-status|p1a: Bellibolt|brn\n|-start|p1a: Bellibolt|Charge|Scald|[from] ability: Electromorphosis\n|move|p1a: Bellibolt|Thunderbolt|p2a: Vaporeon\n|-supereffective|p2a: Vaporeon\n|-damage|p2a: Vaporeon|0 fnt\n|faint|p2a: Vaporeon\n|-end|p1a: Bellibolt|Charge|[silent]\n|\n|-heal|p1a: Bellibolt|56/100 brn|[from] item: Leftovers\n|-damage|p1a: Bellibolt|50/100 brn|[from] brn\n|upkeep\n|inactive|Time left: 300 sec this turn | 300 sec total | 5 sec grace\n|\n|t:|1783544202\n|switch|p2a: Persian|Persian-Alola, L86, F|252/252\n|turn|12\n|inactive|Time left: 300 sec this turn | 300 sec total\n|\n|t:|1783544203\n|move|p2a: Persian|Nasty Plot|p2a: Persian\n|-boost|p2a: Persian|spa|2\n|move|p1a: Bellibolt|Slack Off|p1a: Bellibolt\n|-heal|p1a: Bellibolt|99/100 brn\n|\n|-heal|p1a: Bellibolt|100/100 brn|[from] item: Leftovers\n|-damage|p1a: Bellibolt|94/100 brn|[from] brn\n|upkeep\n|turn|13\n|inactive|Time left: 300 sec this turn | 300 sec total\n|\n|t:|1783544204\n|move|p2a: Persian|Dark Pulse|p1a: Bellibolt\n|-damage|p1a: Bellibolt|28/100 brn\n|-start|p1a: Bellibolt|Charge|Dark Pulse|[from] ability: Electromorphosis\n|-damage|p2a: Persian|227/252|[from] item: Life Orb\n|move|p1a: Bellibolt|Thunderbolt|p2a: Persian\n|-damage|p2a: Persian|7/252\n|-end|p1a: Bellibolt|Charge|[silent]\n|\n|-heal|p1a: Bellibolt|34/100 brn|[from] item: Leftovers\n|-damage|p1a: Bellibolt|28/100 brn|[from] brn\n|upkeep\n|turn|14\n|inactive|Time left: 300 sec this turn | 300 sec total\n|\n|t:|1783544205\n|switch|p1a: Roaring Moon|Roaring Moon, L72|100/100\n|move|p2a: Persian|Dark Pulse|p1a: Roaring Moon\n|-resisted|p1a: Roaring Moon\n|-damage|p1a: Roaring Moon|65/100\n|-damage|p2a: Persian|0 fnt|[from] item: Life Orb\n|faint|p2a: Persian\n|\n|upkeep\n|inactive|Time left: 300 sec this turn | 300 sec total | 5 sec grace\n|\n|t:|1783544205\n|switch|p2a: Palafin|Palafin, L77, M|281/281\n|turn|15\n|inactive|Time left: 300 sec this turn | 300 sec total\n|\n|t:|1783544206\n|-terastallize|p1a: Roaring Moon|Dragon\n|move|p1a: Roaring Moon|Outrage|p2a: Palafin\n|-damage|p2a: Palafin|53/281\n|move|p2a: Palafin|Close Combat|p1a: Roaring Moon\n|-damage|p1a: Roaring Moon|23/100\n|-unboost|p2a: Palafin|def|1\n|-unboost|p2a: Palafin|spd|1\n|\n|upkeep\n|turn|16\n|inactive|Time left: 300 sec this turn | 300 sec total\n|\n|t:|1783544207\n|move|p1a: Roaring Moon|Outrage|p2a: Palafin|[from] lockedmove\n|-damage|p2a: Palafin|0 fnt\n|faint|p2a: Palafin\n|-start|p1a: Roaring Moon|confusion|[fatigue]\n|\n|win|p0x441776d", "uploadtime": 1783544207, "views": 0, "rating": 0, "private": 0, "password": null, "_winner": "p0x441776d", "_our_name": "p0y441fd99"}