{"id": "battle-gen9randombattle-1655", "formatid": "gen9randombattle", "format": "[Gen 9] Random Battle", "players": ["p0x16554134", "p0y16554c53"], "log": "|init|battle\n|title|p0x16554134 vs. p0y16554c53\n|j|\u2606p0x16554134\n|j|\u2606p0y16554c53\n|t:|1783558413\n|gametype|singles\n|player|p1|p0x16554134|101|\n|player|p2|p0y16554c53|2|\n|gen|9\n|tier|[Gen 9] Random Battle\n|rule|Species Clause: Limit one of each Pok\u00e9mon\n|rule|HP Percentage Mod: HP is shown in percentages\n|rule|Sleep Clause Mod: Limit one foe put to sleep\n|rule|Illusion Level Mod: Illusion disguises the Pok\u00e9mon's true level\n|\n|t:|1783558413\n|teamsize|p1|6\n|teamsize|p2|6\n|start\n|switch|p1a: Raikou|Raikou, L81|100/100\n|switch|p2a: Klefki|Klefki, L84, F|233/233\n|-ability|p1a: Raikou|Pressure\n|turn|1\n|inactive|Battle timer is ON: inactive players will automatically lose when time's up. (requested by p0y16554c53)\n|\n|t:|1783558415\n|move|p2a: Klefki|Spikes|p1a: Raikou\n|-sidestart|p1: p0x16554134|Spikes\n|move|p1a: Raikou|Calm Mind|p1a: Raikou\n|-boost|p1a: Raikou|spa|1\n|-boost|p1a: Raikou|spd|1\n|\n|upkeep\n|turn|2\n|inactive|Time left: 300 sec this turn | 300 sec total\n|inactive|p0x16554134 also wants the timer to be on.\n|\n|t:|1783558416\n|switch|p2a: Tropius|Tropius, L91, F|328/328\n|move|p1a: Raikou|Thunderbolt|p2a: Tropius\n|-damage|p2a: Tropius|189/328\n|\n|upkeep\n|turn|3\n|inactive|Time left: 300 sec this turn | 300 sec total\n|\n|t:|1783558417\n|move|p1a: Raikou|Calm Mind|p1a: Raikou\n|-boost|p1a: Raikou|spa|1\n|-boost|p1a: Raikou|spd|1\n|move|p2a: Tropius|Synthesis|p2a: Tropius\n|-heal|p2a: Tropius|328/328\n|\n|upkeep\n|turn|4\n|inactive|Time left: 300 sec this turn | 300 sec total\n|\n|t:|1783558418\n|move|p1a: Raikou|Thunderbolt|p2a: Tropius\n|-damage|p2a: Tropius|142/328\n|-enditem|p2a: Tropius|Sitrus Berry|[eat]\n|-heal|p2a: Tropius|224/328|[from] item: Sitrus Berry\n|move|p2a: Tropius|Earthquake|p1a: Raikou\n|-supereffective|p1a: Raikou\n|-damage|p1a: Raikou|49/100\n|\n|-heal|p1a: Raikou|56/100|[from] item: Leftovers\n|-item|p2a: Tropius|Sitrus Berry|[from] ability: Harvest\n|upkeep\n|turn|5\n|inactive|Time left: 300 sec this turn | 300 sec total\n|\n|t:|1783558419\n|move|p1a: Raikou|Scald|p2a: Tropius\n|-resisted|p2a: Tropius\n|-damage|p2a: Tropius|167/328\n|move|p2a: Tropius|Earthquake|p1a: Raikou\n|-supereffective|p1a: Raikou\n|-damage|p1a: Raikou|4/100\n|\n|-heal|p1a: Raikou|11/100|[from] item: Leftovers\n|upkeep\n|turn|6\n|inactive|Time left: 300 sec this turn | 300 sec total\n|\n|t:|1783558420\n|-terastallize|p2a: Tropius|Ground\n|move|p1a: Raikou|Thunderbolt|p2a: Tropius\n|-immune|p2a: Tropius\n|move|p2a: Tropius|Earthquake|p1a: Raikou\n|-supereffective|p1a: Raikou\n|-damage|p1a: Raikou|0 fnt\n|faint|p1a: Raikou\n|\n|upkeep\n|\n|t:|1783558421\n|switch|p1a: Urshifu|Urshifu-Rapid-Strike, L75, M|100/100\n|-damage|p1a: Urshifu|88/100|[from] Spikes\n|turn|7\n|inactive|Time left: 300 sec this turn | 300 sec total\n|\n|t:|1783558422\n|switch|p2a: Suicune|Suicune, L82|298/298\n|-ability|p2a: Suicune|Pressure\n|move|p1a: Urshifu|Surging Strikes|p2a: Suicune\n|-resisted|p2a: Suicune\n|-crit|p2a: Suicune\n|-damage|p2a: Suicune|272/298\n|-resisted|p2a: Suicune\n|-crit|p2a: Suicune\n|-damage|p2a: Suicune|244/298\n|-resisted|p2a: Suicune\n|-crit|p2a: Suicune\n|-damage|p2a: Suicune|218/298\n|-hitcount|p2a: Suicune|3\n|\n|-heal|p2a: Suicune|236/298|[from] item: Leftovers\n|upkeep\n|turn|8\n|inactive|Time left: 300 sec this turn | 300 sec total\n|\n|t:|1783558423\n|move|p1a: Urshifu|Surging Strikes|p2a: Suicune\n|-resisted|p2a: Suicune\n|-crit|p2a: Suicune\n|-damage|p2a: Suicune|210/298\n|-resisted|p2a: Suicune\n|-crit|p2a: Suicune\n|-damage|p2a: Suicune|186/298\n|-resisted|p2a: Suicune\n|-crit|p2a: Suicune\n|-damage|p2a: Suicune|160/298\n|-hitcount|p2a: Suicune|3\n|move|p2a: Suicune|Scald|p1a: Urshifu\n|-resisted|p1a: Urshifu\n|-damage|p1a: Urshifu|68/100\n|-status|p1a: Urshifu|brn\n|\n|-heal|p2a: Suicune|178/298|[from] item: Leftovers\n|-damage|p1a: Urshifu|62/100 brn|[from] brn\n|upkeep\n|turn|9\n|inactive|Time left: 300 sec this turn | 300 sec total\n|\n|t:|1783558425\n|move|p1a: Urshifu|Surging Strikes|p2a: Suicune\n|-resisted|p2a: Suicune\n|-crit|p2a: Suicune\n|-damage|p2a: Suicune|165/298\n|-resisted|p2a: Suicune\n|-crit|p2a: Suicune\n|-damage|p2a: Suicune|153/298\n|-resisted|p2a: Suicune\n|-crit|p2a: Suicune\n|-damage|p2a: Suicune|141/298\n|-hitcount|p2a: Suicune|3\n|move|p2a: Suicune|Calm Mind|p2a: Suicune\n|-boost|p2a: Suicune|spa|1\n|-boost|p2a: Suicune|spd|1\n|\n|-heal|p2a: Suicune|159/298|[from] item: Leftovers\n|-damage|p1a: Urshifu|56/100 brn|[from] brn\n|upkeep\n|turn|10\n|inactive|Time left: 300 sec this turn | 300 sec total\n|\n|t:|1783558426\n|move|p1a: Urshifu|Surging Strikes|p2a: Suicune\n|-resisted|p2a: Suicune\n|-crit|p2a: Suicune\n|-damage|p2a: Suicune|146/298\n|-resisted|p2a: Suicune\n|-crit|p2a: Suicune\n|-damage|p2a: Suicune|132/298\n|-resisted|p2a: Suicune\n|-crit|p2a: Suicune\n|-damage|p2a: Suicune|118/298\n|-hitcount|p2a: Suicune|3\n|move|p2a: Suicune|Calm Mind|p2a: Suicune\n|-boost|p2a: Suicune|spa|1\n|-boost|p2a: Suicune|spd|1\n|\n|-heal|p2a: Suicune|136/298|[from] item: Leftovers\n|-damage|p1a: Urshifu|49/100 brn|[from] brn\n|upkeep\n|turn|11\n|inactive|Time left: 300 sec this turn | 300 sec total\n|\n|t:|1783558427\n|switch|p1a: Muk|Muk, L86, M|100/100\n|-damage|p1a: Muk|88/100|[from] Spikes\n|move|p2a: Suicune|Ice Beam|p1a: Muk\n|-crit|p1a: Muk\n|-damage|p1a: Muk|37/100\n|-status|p1a: Muk|frz\n|\n|-heal|p2a: Suicune|154/298|[from] item: Leftovers\n|-heal|p1a: Muk|43/100 frz|[from] item: Leftovers\n|upkeep\n|turn|12\n|inactive|Time left: 300 sec this turn | 300 sec total\n|\n|t:|1783558428\n|move|p2a: Suicune|Scald|p1a: Muk\n|-damage|p1a: Muk|2/100 frz\n|-curestatus|p1a: Muk|frz|[msg]\n|move|p1a: Muk|Knock Off|p2a: Suicune\n|-damage|p2a: Suicune|84/298\n|-status|p2a: Suicune|psn|[from] ability: Poison Touch|[of] p1a: Muk\n|-enditem|p2a: Suicune|Leftovers|[from] move: Knock Off|[of] p1a: Muk\n|\n|-heal|p1a: Muk|8/100|[from] item: Leftovers\n|-damage|p2a: Suicune|47/298 psn|[from] psn\n|upkeep\n|turn|13\n|inactive|Time left: 300 sec this turn | 300 sec total\n|\n|t:|1783558429\n|move|p2a: Suicune|Scald|p1a: Muk\n|-damage|p1a: Muk|0 fnt\n|faint|p1a: Muk\n|\n|-damage|p2a: Suicune|10/298 psn|[from] psn\n|upkeep\n|\n|t:|1783558430\n|switch|p1a: Staraptor|Staraptor, L79, F|100/100\n|turn|14\n|inactive|Time left: 300 sec this turn | 300 sec total\n|\n|t:|1783558431\n|switch|p2a: Magnezone|Magnezone, L85|258/258\n|move|p1a: Staraptor|Brave Bird|p2a: Magnezone\n|-resisted|p2a: Magnezone\n|-damage|p2a: Magnezone|213/258\n|-damage|p1a: Staraptor|95/100|[from] Recoil\n|\n|-heal|p2a: Magnezone|229/258|[from] item: Leftovers\n|upkeep\n|turn|15\n|inactive|Time left: 300 sec this turn | 300 sec total\n|\n|t:|1783558432\n|switch|p1a: Magcargo|Magcargo, L95, M|100/100\n|move|p2a: Magnezone|Discharge|p1a: Magcargo\n|-damage|p1a: Magcargo|60/100\n|\n|-heal|p2a: Magnezone|245/258|[from] item: Leftovers\n|upkeep\n|turn|16\n|inactive|Time left: 300 sec this turn | 300 sec total\n|\n|t:|1783558432\n|switch|p2a: Vaporeon|Vaporeon, L86, M|364/364\n|move|p1a: Magcargo|Shell Smash|p1a: Magcargo\n|-unboost|p1a: Magcargo|def|1\n|-unboost|p1a: Magcargo|spd|1\n|-boost|p1a: Magcargo|atk|2\n|-boost|p1a: Magcargo|spa|2\n|-boost|p1a: Magcargo|spe|2\n|\n|upkeep\n|turn|17\n|inactive|Time left: 300 sec this turn | 300 sec total\n|\n|t:|1783558433\n|-terastallize|p1a: Magcargo|Grass\n|move|p1a: Magcargo|Power Gem|p2a: Vaporeon\n|-crit|p2a: Vaporeon\n|-damage|p2a: Vaporeon|97/364\n|move|p2a: Vaporeon|Haze|p2a: Vaporeon\n|-clearallboost\n|\n|-heal|p2a: Vaporeon|119/364|[from] item: Leftovers\n|upkeep\n|turn|18\n|inactive|Time left: 300 sec this turn | 300 sec total\n|\n|t:|1783558434\n|move|p2a: Vaporeon|Wish|p2a: Vaporeon\n|move|p1a: Magcargo|Shell Smash|p1a: Magcargo\n|-unboost|p1a: Magcargo|def|1\n|-unboost|p1a: Magcargo|spd|1\n|-boost|p1a: Magcargo|atk|2\n|-boost|p1a: Magcargo|spa|2\n|-boost|p1a: Magcargo|spe|2\n|\n|-heal|p2a: Vaporeon|141/364|[from] item: Leftovers\n|upkeep\n|turn|19\n|inactive|Time left: 300 sec this turn | 300 sec total\n|\n|t:|1783558435\n|move|p2a: Vaporeon|Protect|p2a: Vaporeon\n|-singleturn|p2a: Vaporeon|Protect\n|move|p1a: Magcargo|Power Gem|p2a: Vaporeon\n|-activate|p2a: Vaporeon|move: Protect\n|\n|-heal|p2a: Vaporeon|323/364|[from] move: Wish|[wisher] Vaporeon\n|-heal|p2a: Vaporeon|345/364|[from] item: Leftovers\n|upkeep\n|turn|20\n|inactive|Time left: 300 sec this turn | 300 sec total\n|\n|t:|1783558436\n|move|p1a: Magcargo|Power Gem|p2a: Vaporeon\n|-damage|p2a: Vaporeon|171/364\n|move|p2a: Vaporeon|Haze|p2a: Vaporeon\n|-clearallboost\n|\n|-heal|p2a: Vaporeon|193/364|[from] item: Leftovers\n|upkeep\n|turn|21\n|inactive|Time left: 300 sec this turn | 300 sec total\n|\n|t:|1783558436\n|move|p2a: Vaporeon|Wish|p2a: Vaporeon\n|move|p1a: Magcargo|Shell Smash|p1a: Magcargo\n|-unboost|p1a: Magcargo|def|1\n|-unboost|p1a: Magcargo|spd|1\n|-boost|p1a: Magcargo|atk|2\n|-boost|p1a: Magcargo|spa|2\n|-boost|p1a: Magcargo|spe|2\n|\n|-heal|p2a: Vaporeon|215/364|[from] item: Leftovers\n|upkeep\n|turn|22\n|inactive|Time left: 300 sec this turn | 300 sec total\n|\n|t:|1783558437\n|move|p1a: Magcargo|Power Gem|p2a: Vaporeon\n|-damage|p2a: Vaporeon|37/364\n|move|p2a: Vaporeon|Haze|p2a: Vaporeon\n|-clearallboost\n|\n|-heal|p2a: Vaporeon|219/364|[from] move: Wish|[wisher] Vaporeon\n|-heal|p2a: Vaporeon|241/364|[from] item: Leftovers\n|upkeep\n|turn|23\n|inactive|Time left: 300 sec this turn | 300 sec total\n|\n|t:|1783558438\n|move|p2a: Vaporeon|Wish|p2a: Vaporeon\n|move|p1a: Magcargo|Shell Smash|p1a: Magcargo\n|-unboost|p1a: Magcargo|def|1\n|-unboost|p1a: Magcargo|spd|1\n|-boost|p1a: Magcargo|atk|2\n|-boost|p1a: Magcargo|spa|2\n|-boost|p1a: Magcargo|spe|2\n|\n|-heal|p2a: Vaporeon|263/364|[from] item: Leftovers\n|upkeep\n|turn|24\n|inactive|Time left: 300 sec this turn | 300 sec total\n|\n|t:|1783558439\n|move|p1a: Magcargo|Power Gem|p2a: Vaporeon\n|-damage|p2a: Vaporeon|74/364\n|move|p2a: Vaporeon|Haze|p2a: Vaporeon\n|-clearallboost\n|\n|-heal|p2a: Vaporeon|256/364|[from] move: Wish|[wisher] Vaporeon\n|-heal|p2a: Vaporeon|278/364|[from] item: Leftovers\n|upkeep\n|turn|25\n|inactive|Time left: 300 sec this turn | 300 sec total\n|\n|t:|1783558440\n|move|p2a: Vaporeon|Scald|p1a: Magcargo\n|-resisted|p1a: Magcargo\n|-damage|p1a: Magcargo|43/100\n|-status|p1a: Magcargo|brn\n|move|p1a: Magcargo|Shell Smash|p1a: Magcargo\n|-unboost|p1a: Magcargo|def|1\n|-unboost|p1a: Magcargo|spd|1\n|-boost|p1a: Magcargo|atk|2\n|-boost|p1a: Magcargo|spa|2\n|-boost|p1a: Magcargo|spe|2\n|\n|-heal|p2a: Vaporeon|300/364|[from] item: Leftovers\n|-damage|p1a: Magcargo|37/100 brn|[from] brn\n|upkeep\n|turn|26\n|inactive|Time left: 300 sec this turn | 300 sec total\n|\n|t:|1783558442\n|move|p1a: Magcargo|Power Gem|p2a: Vaporeon\n|-damage|p2a: Vaporeon|119/364\n|move|p2a: Vaporeon|Scald|p1a: Magcargo\n|-resisted|p1a: Magcargo\n|-damage|p1a: Magcargo|11/100 brn\n|\n|-heal|p2a: Vaporeon|141/364|[from] item: Leftovers\n|-damage|p1a: Magcargo|5/100 brn|[from] brn\n|upkeep\n|turn|27\n|inactive|Time left: 300 sec this turn | 300 sec total\n|\n|t:|1783558443\n|move|p2a: Vaporeon|Protect|p2a: Vaporeon\n|-singleturn|p2a: Vaporeon|Protect\n|move|p1a: Magcargo|Fire Blast|p2a: Vaporeon\n|-activate|p2a: Vaporeon|move: Protect\n|\n|-heal|p2a: Vaporeon|163/364|[from] item: Leftovers\n|-damage|p1a: Magcargo|0 fnt|[from] brn\n|faint|p1a: Magcargo\n|upkeep\n|\n|t:|1783558444\n|switch|p1a: Staraptor|Staraptor, L79, F|95/100\n|turn|28\n|inactive|Time left: 300 sec this turn | 300 sec total\n|\n|t:|1783558445\n|switch|p2a: Magnezone|Magnezone, L85|245/258\n|move|p1a: Staraptor|Close Combat|p2a: Magnezone\n|-supereffective|p2a: Magnezone\n|-damage|p2a: Magnezone|41/258\n|-unboost|p1a: Staraptor|def|1\n|-unboost|p1a: Staraptor|spd|1\n|\n|-heal|p2a: Magnezone|57/258|[from] item: Leftovers\n|upkeep\n|turn|29\n|inactive|Time left: 300 sec this turn | 300 sec total\n|\n|t:|1783558446\n|switch|p2a: Suicune|Suicune, L82|10/298 psn\n|-ability|p2a: Suicune|Pressure\n|move|p1a: Staraptor|Close Combat|p2a: Suicune\n|-damage|p2a: Suicune|0 fnt\n|-unboost|p1a: Staraptor|def|1\n|-unboost|p1a: Staraptor|spd|1\n|faint|p2a: Suicune\n|\n|upkeep\n|inactive|Time left: 300 sec this turn | 300 sec total | 5 sec grace\n|\n|t:|1783558447\n|switch|p2a: Tropius|Tropius, L91, F, tera:Ground|167/328\n|turn|30\n|inactive|Time left: 300 sec this turn | 300 sec total\n|\n|t:|1783558448\n|move|p1a: Staraptor|Close Combat|p2a: Tropius\n|-damage|p2a: Tropius|34/328\n|-unboost|p1a: Staraptor|def|1\n|-unboost|p1a: Staraptor|spd|1\n|-enditem|p2a: Tropius|Sitrus Berry|[eat]\n|-heal|p2a: Tropius|116/328|[from] item: Sitrus Berry\n|move|p2a: Tropius|Synthesis|p2a: Tropius\n|-heal|p2a: Tropius|280/328\n|\n|upkeep\n|turn|31\n|inactive|Time left: 300 sec this turn | 300 sec total\n|\n|t:|1783558449\n|switch|p1a: Urshifu|Urshifu-Rapid-Strike, L75, M|49/100 brn\n|-damage|p1a: Urshifu|37/100 brn|[from] Spikes\n|move|p2a: Tropius|Dual Wingbeat|p1a: Urshifu\n|-supereffective|p1a: Urshifu\n|-crit|p1a: Urshifu\n|-damage|p1a: Urshifu|0 fnt\n|faint|p1a: Urshifu\n|-hitcount|p1: Urshifu|1\n|\n|upkeep\n|\n|t:|1783558450\n|switch|p1a: Staraptor|Staraptor, L79, F|95/100\n|turn|32\n|inactive|Time left: 300 sec this turn | 300 sec total\n|\n|t:|1783558451\n|move|p1a: Staraptor|Brave Bird|p2a: Tropius\n|-damage|p2a: Tropius|39/328\n|-damage|p1a: Staraptor|64/100|[from] Recoil\n|move|p2a: Tropius|Synthesis|p2a: Tropius\n|-heal|p2a: Tropius|203/328\n|\n|upkeep\n|turn|33\n|inactive|Time left: 300 sec this turn | 300 sec total\n|\n|t:|1783558452\n|switch|p2a: Klefki|Klefki, L84, F|233/233\n|move|p1a: Staraptor|Brave Bird|p2a: Klefki\n|-resisted|p2a: Klefki\n|-damage|p2a: Klefki|112/233\n|-damage|p1a: Staraptor|49/100|[from] Recoil\n|\n|-heal|p2a: Klefki|126/233|[from] item: Leftovers\n|upkeep\n|turn|34\n|inactive|Time left: 300 sec this turn | 300 sec total\n|\n|t:|1783558453\n|move|p2a: Klefki|Thunder Wave|p1a: Staraptor\n|-status|p1a: Staraptor|par\n|move|p1a: Staraptor|Brave Bird|p2a: Klefki\n|-resisted|p2a: Klefki\n|-damage|p2a: Klefki|13/233\n|-damage|p1a: Staraptor|35/100 par|[from] Recoil\n|\n|-heal|p2a: Klefki|27/233|[from] item: Leftovers\n|upkeep\n|turn|35\n|inactive|Time left: 300 sec this turn | 300 sec total\n|\n|t:|1783558454\n|move|p2a: Klefki|Play Rough|p1a: Staraptor\n|-damage|p1a: Staraptor|0 fnt\n|faint|p1a: Staraptor\n|\n|-heal|p2a: Klefki|41/233|[from] item: Leftovers\n|upkeep\n|\n|t:|1783558455\n|switch|p1a: Illumise|Illumise, L91, F|100/100\n|turn|36\n|inactive|Time left: 300 sec this turn | 300 sec total\n|\n|t:|1783558457\n|move|p2a: Klefki|Thunder Wave|p1a: Illumise\n|-status|p1a: Illumise|par\n|move|p1a: Illumise|Bug Buzz|p2a: Klefki\n|-resisted|p2a: Klefki\n|-damage|p2a: Klefki|17/233\n|\n|-heal|p2a: Klefki|31/233|[from] item: Leftovers\n|upkeep\n|turn|37\n|inactive|Time left: 300 sec this turn | 300 sec total\n|\n|t:|1783558458\n|switch|p2a: Tropius|Tropius, L91, F, tera:Ground|203/328\n|move|p1a: Illumise|Bug Buzz|p2a: Tropius\n|-damage|p2a: Tropius|112/328\n|\n|-item|p2a: Tropius|Sitrus Berry|[from] ability: Harvest\n|upkeep\n|-enditem|p2a: Tropius|Sitrus Berry|[eat]\n|-heal|p2a: Tropius|194/328|[from] item: Sitrus Berry\n|turn|38\n|inactive|Time left: 300 sec this turn | 300 sec total\n|\n|t:|1783558459\n|move|p2a: Tropius|Dual Wingbeat|p1a: Illumise\n|-supereffective|p1a: Illumise\n|-damage|p1a: Illumise|69/100 par\n|-supereffective|p1a: Illumise\n|-damage|p1a: Illumise|41/100 par\n|-hitcount|p1a: Illumise|2\n|cant|p1a: Illumise|par\n|\n|upkeep\n|turn|39\n|inactive|Time left: 300 sec this turn | 300 sec total\n|\n|t:|1783558460\n|move|p1a: Illumise|Roost|p1a: Illumise\n|-heal|p1a: Illumise|91/100 par\n|-singleturn|p1a: Illumise|move: Roost\n|move|p2a: Tropius|Dual Wingbeat|p1a: Illumise\n|-supereffective|p1a: Illumise\n|-damage|p1a: Illumise|60/100 par\n|-supereffective|p1a: Illumise\n|-damage|p1a: Illumise|32/100 par\n|-hitcount|p1a: Illumise|2\n|\n|-item|p2a: Tropius|Sitrus Berry|[from] ability: Harvest\n|upkeep\n|turn|40\n|inactive|Time left: 300 sec this turn | 300 sec total\n|\n|t:|1783558461\n|move|p1a: Illumise|Roost|p1a: Illumise\n|-heal|p1a: Illumise|82/100 par\n|-singleturn|p1a: Illumise|move: Roost\n|move|p2a: Tropius|Dual Wingbeat|p1a: Illumise\n|-supereffective|p1a: Illumise\n|-damage|p1a: Illumise|52/100 par\n|-supereffective|p1a: Illumise\n|-damage|p1a: Illumise|24/100 par\n|-hitcount|p1a: Illumise|2\n|\n|upkeep\n|turn|41\n|inactive|Time left: 300 sec this turn | 300 sec total\n|\n|t:|1783558461\n|move|p1a: Illumise|Roost|p1a: Illumise\n|-heal|p1a: Illumise|74/100 par\n|-singleturn|p1a: Illumise|move: Roost\n|move|p2a: Tropius|Dual Wingbeat|p1a: Illumise\n|-supereffective|p1a: Illumise\n|-damage|p1a: Illumise|41/100 par\n|-supereffective|p1a: Illumise\n|-damage|p1a: Illumise|11/100 par\n|-hitcount|p1a: Illumise|2\n|\n|upkeep\n|turn|42\n|inactive|Time left: 300 sec this turn | 300 sec total\n|\n|t:|1783558462\n|cant|p1a: Illumise|par\n|move|p2a: Tropius|Dual Wingbeat|p1a: Illumise\n|-supereffective|p1a: Illumise\n|-damage|p1a: Illumise|0 fnt\n|faint|p1a: Illumise\n|-hitcount|p1: Illumise|1\n|\n|win|p0y16554c53", "uploadtime": 1783558462, "views": 0, "rating": 0, "private": 0, "password": null, "_winner": "p0y16554c53", "_our_name": "p0y16554c53"}