{"id": "battle-gen9randombattle-421", "formatid": "gen9randombattle", "format": "[Gen 9] Random Battle", "players": ["p0x4212fef", "p0y421e2f8"], "log": "|init|battle\n|title|p0x4212fef vs. p0y421e2f8\n|j|\u2606p0x4212fef\n|j|\u2606p0y421e2f8\n|t:|1783543932\n|gametype|singles\n|player|p1|p0x4212fef|266|\n|player|p2|p0y421e2f8|265|\n|gen|9\n|tier|[Gen 9] Random Battle\n|rule|Species Clause: Limit one of each Pok\u00e9mon\n|rule|HP Percentage Mod: HP is shown in percentages\n|rule|Sleep Clause Mod: Limit one foe put to sleep\n|rule|Illusion Level Mod: Illusion disguises the Pok\u00e9mon's true level\n|\n|t:|1783543932\n|teamsize|p1|6\n|teamsize|p2|6\n|start\n|switch|p1a: Gengar|Gengar, L81, M|230/230\n|switch|p2a: Tinkaton|Tinkaton, L82, F|100/100\n|-ability|p2a: Tinkaton|Mold Breaker\n|turn|1\n|inactive|Battle timer is ON: inactive players will automatically lose when time's up. (requested by p0x4212fef)\n|inactive|p0y421e2f8 also wants the timer to be on.\n|\n|t:|1783543933\n|move|p1a: Gengar|Nasty Plot|p1a: Gengar\n|-boost|p1a: Gengar|spa|2\n|move|p2a: Tinkaton|Gigaton Hammer|p1a: Gengar\n|-damage|p1a: Gengar|47/230\n|-start|p2a: Tinkaton|Disable|Gigaton Hammer|[from] ability: Cursed Body|[of] p1a: Gengar\n|\n|upkeep\n|turn|2\n|inactive|Time left: 300 sec this turn | 300 sec total\n|\n|t:|1783543935\n|move|p1a: Gengar|Shadow Ball|p2a: Tinkaton\n|-damage|p2a: Tinkaton|9/100\n|-damage|p1a: Gengar|24/230|[from] item: Life Orb\n|move|p2a: Tinkaton|Knock Off|p1a: Gengar\n|-supereffective|p1a: Gengar\n|-damage|p1a: Gengar|0 fnt\n|-enditem|p1a: Gengar|Life Orb|[from] move: Knock Off|[of] p2a: Tinkaton\n|faint|p1a: Gengar\n|\n|-heal|p2a: Tinkaton|15/100|[from] item: Leftovers\n|upkeep\n|inactive|Time left: 300 sec this turn | 300 sec total | 5 sec grace\n|\n|t:|1783543936\n|switch|p1a: Rampardos|Rampardos, L90, M|321/321\n|turn|3\n|inactive|Time left: 300 sec this turn | 300 sec total\n|\n|t:|1783543937\n|move|p1a: Rampardos|Rock Slide|p2a: Tinkaton\n|-resisted|p2a: Tinkaton\n|-damage|p2a: Tinkaton|0 fnt\n|faint|p2a: Tinkaton\n|\n|upkeep\n|\n|t:|1783543938\n|switch|p2a: Iron Leaves|Iron Leaves, L80|100/100\n|turn|4\n|inactive|Time left: 300 sec this turn | 300 sec total\n|\n|t:|1783543939\n|move|p1a: Rampardos|Rock Slide|p2a: Iron Leaves\n|-damage|p2a: Iron Leaves|34/100\n|move|p2a: Iron Leaves|Leaf Blade|p1a: Rampardos\n|-supereffective|p1a: Rampardos\n|-damage|p1a: Rampardos|0 fnt\n|faint|p1a: Rampardos\n|\n|upkeep\n|inactive|Time left: 300 sec this turn | 300 sec total | 5 sec grace\n|\n|t:|1783543940\n|switch|p1a: Malamar|Malamar, L82, M|275/275\n|turn|5\n|inactive|Time left: 300 sec this turn | 300 sec total\n|\n|t:|1783543942\n|-end|p2a: Iron Leaves|Quark Drive|[silent]\n|switch|p2a: Yanmega|Yanmega, L82, M|100/100\n|move|p1a: Malamar|Knock Off|p2a: Yanmega\n|-damage|p2a: Yanmega|68/100\n|-enditem|p2a: Yanmega|Heavy-Duty Boots|[from] move: Knock Off|[of] p1a: Malamar\n|\n|upkeep\n|turn|6\n|inactive|Time left: 300 sec this turn | 300 sec total\n|\n|t:|1783543943\n|switch|p1a: Sylveon|Sylveon, L85, F|300/300\n|move|p2a: Yanmega|Bug Buzz|p1a: Sylveon\n|-resisted|p1a: Sylveon\n|-damage|p1a: Sylveon|265/300\n|\n|-heal|p1a: Sylveon|283/300|[from] item: Leftovers\n|-ability|p2a: Yanmega|Speed Boost|boost\n|-boost|p2a: Yanmega|spe|1\n|upkeep\n|turn|7\n|inactive|Time left: 300 sec this turn | 300 sec total\n|\n|t:|1783543944\n|move|p2a: Yanmega|Protect|p2a: Yanmega\n|-singleturn|p2a: Yanmega|Protect\n|move|p1a: Sylveon|Hyper Voice|p2a: Yanmega\n|-activate|p2a: Yanmega|move: Protect\n|\n|-heal|p1a: Sylveon|300/300|[from] item: Leftovers\n|-ability|p2a: Yanmega|Speed Boost|boost\n|-boost|p2a: Yanmega|spe|1\n|upkeep\n|turn|8\n|inactive|Time left: 300 sec this turn | 300 sec total\n|\n|t:|1783543945\n|move|p2a: Yanmega|Air Slash|p1a: Sylveon\n|-damage|p1a: Sylveon|240/300\n|move|p1a: Sylveon|Hyper Voice|p2a: Yanmega\n|-damage|p2a: Yanmega|5/100\n|\n|-heal|p1a: Sylveon|258/300|[from] item: Leftovers\n|-ability|p2a: Yanmega|Speed Boost|boost\n|-boost|p2a: Yanmega|spe|1\n|upkeep\n|turn|9\n|inactive|Time left: 300 sec this turn | 300 sec total\n|\n|t:|1783543946\n|move|p2a: Yanmega|Air Slash|p1a: Sylveon\n|-damage|p1a: Sylveon|191/300\n|move|p1a: Sylveon|Hyper Voice|p2a: Yanmega\n|-damage|p2a: Yanmega|0 fnt\n|faint|p2a: Yanmega\n|\n|-heal|p1a: Sylveon|209/300|[from] item: Leftovers\n|upkeep\n|\n|t:|1783543947\n|switch|p2a: Armarouge|Armarouge, L80, M|100/100\n|turn|10\n|inactive|Time left: 300 sec this turn | 300 sec total\n|\n|t:|1783543949\n|move|p1a: Sylveon|Protect|p1a: Sylveon\n|-singleturn|p1a: Sylveon|Protect\n|move|p2a: Armarouge|Meteor Beam||[still]\n|-prepare|p2a: Armarouge|Meteor Beam\n|-boost|p2a: Armarouge|spa|1\n|-enditem|p2a: Armarouge|Power Herb\n|-anim|p2a: Armarouge|Meteor Beam|p1a: Sylveon\n|-activate|p1a: Sylveon|move: Protect\n|\n|-heal|p1a: Sylveon|227/300|[from] item: Leftovers\n|upkeep\n|turn|11\n|inactive|Time left: 300 sec this turn | 300 sec total\n|\n|t:|1783543950\n|move|p2a: Armarouge|Armor Cannon|p1a: Sylveon\n|-damage|p1a: Sylveon|77/300\n|-unboost|p2a: Armarouge|def|1\n|-unboost|p2a: Armarouge|spd|1\n|move|p1a: Sylveon|Wish|p1a: Sylveon\n|\n|-heal|p1a: Sylveon|95/300|[from] item: Leftovers\n|upkeep\n|turn|12\n|inactive|Time left: 300 sec this turn | 300 sec total\n|\n|t:|1783543951\n|move|p1a: Sylveon|Protect|p1a: Sylveon\n|-singleturn|p1a: Sylveon|Protect\n|move|p2a: Armarouge|Armor Cannon|p1a: Sylveon\n|-activate|p1a: Sylveon|move: Protect\n|\n|-heal|p1a: Sylveon|245/300|[from] move: Wish|[wisher] Sylveon\n|-heal|p1a: Sylveon|263/300|[from] item: Leftovers\n|upkeep\n|turn|13\n|inactive|Time left: 300 sec this turn | 300 sec total\n|\n|t:|1783543952\n|move|p2a: Armarouge|Armor Cannon|p1a: Sylveon\n|-damage|p1a: Sylveon|94/300\n|-unboost|p2a: Armarouge|def|1\n|-unboost|p2a: Armarouge|spd|1\n|move|p1a: Sylveon|Hyper Voice|p2a: Armarouge\n|-resisted|p2a: Armarouge\n|-damage|p2a: Armarouge|42/100\n|\n|-heal|p1a: Sylveon|112/300|[from] item: Leftovers\n|upkeep\n|turn|14\n|inactive|Time left: 300 sec this turn | 300 sec total\n|\n|t:|1783543953\n|move|p2a: Armarouge|Armor Cannon|p1a: Sylveon\n|-damage|p1a: Sylveon|0 fnt\n|-unboost|p2a: Armarouge|def|1\n|-unboost|p2a: Armarouge|spd|1\n|faint|p1a: Sylveon\n|\n|upkeep\n|inactive|Time left: 300 sec this turn | 300 sec total | 5 sec grace\n|\n|t:|1783543953\n|switch|p1a: Quaquaval|Quaquaval, L79, M|264/264\n|turn|15\n|inactive|Time left: 300 sec this turn | 300 sec total\n|\n|t:|1783543954\n|switch|p2a: Suicune|Suicune, L82|100/100\n|-ability|p2a: Suicune|Pressure\n|move|p1a: Quaquaval|Aqua Step|p2a: Suicune\n|-resisted|p2a: Suicune\n|-damage|p2a: Suicune|85/100\n|-boost|p1a: Quaquaval|spe|1\n|-damage|p1a: Quaquaval|238/264|[from] item: Life Orb\n|\n|-heal|p2a: Suicune|91/100|[from] item: Leftovers\n|upkeep\n|turn|16\n|inactive|Time left: 300 sec this turn | 300 sec total\n|\n|t:|1783543955\n|move|p1a: Quaquaval|Swords Dance|p1a: Quaquaval\n|-boost|p1a: Quaquaval|atk|2\n|move|p2a: Suicune|Scald|p1a: Quaquaval\n|-resisted|p1a: Quaquaval\n|-damage|p1a: Quaquaval|189/264\n|\n|-heal|p2a: Suicune|97/100|[from] item: Leftovers\n|upkeep\n|turn|17\n|inactive|Time left: 300 sec this turn | 300 sec total\n|\n|t:|1783543956\n|move|p2a: Suicune|Protect|p2a: Suicune\n|-singleturn|p2a: Suicune|Protect\n|move|p1a: Quaquaval|Close Combat|p2a: Suicune\n|-activate|p2a: Suicune|move: Protect\n|\n|-heal|p2a: Suicune|100/100|[from] item: Leftovers\n|upkeep\n|turn|18\n|inactive|Time left: 300 sec this turn | 300 sec total\n|\n|t:|1783543957\n|move|p1a: Quaquaval|Close Combat|p2a: Suicune\n|-damage|p2a: Suicune|0 fnt\n|-unboost|p1a: Quaquaval|def|1\n|-unboost|p1a: Quaquaval|spd|1\n|faint|p2a: Suicune\n|-ability|p1a: Quaquaval|Moxie|boost\n|-boost|p1a: Quaquaval|atk|1\n|-damage|p1a: Quaquaval|163/264|[from] item: Life Orb\n|\n|upkeep\n|\n|t:|1783543958\n|switch|p2a: Armarouge|Armarouge, L80, M|42/100\n|turn|19\n|inactive|Time left: 300 sec this turn | 300 sec total\n|\n|t:|1783543959\n|switch|p2a: Iron Leaves|Iron Leaves, L80|34/100\n|move|p1a: Quaquaval|Aqua Step|p2a: Iron Leaves\n|-resisted|p2a: Iron Leaves\n|-damage|p2a: Iron Leaves|0 fnt\n|-boost|p1a: Quaquaval|spe|1\n|faint|p2a: Iron Leaves\n|-end|p2a: Iron Leaves|Quark Drive|[silent]\n|-ability|p1a: Quaquaval|Moxie|boost\n|-boost|p1a: Quaquaval|atk|1\n|-damage|p1a: Quaquaval|137/264|[from] item: Life Orb\n|\n|upkeep\n|\n|t:|1783543959\n|switch|p2a: Armarouge|Armarouge, L80, M|42/100\n|turn|20\n|inactive|Time left: 300 sec this turn | 300 sec total\n|\n|t:|1783543960\n|switch|p2a: Quaquaval|Quaquaval, L79, F|100/100\n|-terastallize|p1a: Quaquaval|Water\n|move|p1a: Quaquaval|Aqua Step|p2a: Quaquaval\n|-resisted|p2a: Quaquaval\n|-damage|p2a: Quaquaval|0 fnt\n|-boost|p1a: Quaquaval|spe|1\n|faint|p2a: Quaquaval\n|-ability|p1a: Quaquaval|Moxie|boost\n|-boost|p1a: Quaquaval|atk|1\n|-damage|p1a: Quaquaval|111/264|[from] item: Life Orb\n|\n|upkeep\n|\n|t:|1783543961\n|switch|p2a: Armarouge|Armarouge, L80, M|42/100\n|turn|21\n|inactive|Time left: 300 sec this turn | 300 sec total\n|\n|t:|1783543961\n|-terastallize|p2a: Armarouge|Fire\n|move|p1a: Quaquaval|Aqua Step|p2a: Armarouge\n|-supereffective|p2a: Armarouge\n|-damage|p2a: Armarouge|0 fnt\n|-boost|p1a: Quaquaval|spe|1\n|faint|p2a: Armarouge\n|-damage|p1a: Quaquaval|85/264|[from] item: Life Orb\n|\n|win|p0x4212fef", "uploadtime": 1783543961, "views": 0, "rating": 0, "private": 0, "password": null, "_winner": "p0x4212fef", "_our_name": "p0x4212fef"}