{"id": "battle-gen9randombattle-1162", "formatid": "gen9randombattle", "format": "[Gen 9] Random Battle", "players": ["p0x11623085", "p0y11620c8a"], "log": "|init|battle\n|title|p0x11623085 vs. p0y11620c8a\n|j|\u2606p0x11623085\n|j|\u2606p0y11620c8a\n|t:|1783552592\n|gametype|singles\n|player|p1|p0x11623085|170|\n|player|p2|p0y11620c8a|170|\n|gen|9\n|tier|[Gen 9] Random Battle\n|rule|Species Clause: Limit one of each Pok\u00e9mon\n|rule|HP Percentage Mod: HP is shown in percentages\n|rule|Sleep Clause Mod: Limit one foe put to sleep\n|rule|Illusion Level Mod: Illusion disguises the Pok\u00e9mon's true level\n|\n|t:|1783552592\n|teamsize|p1|6\n|teamsize|p2|6\n|start\n|switch|p1a: Hydrapple|Hydrapple, L83, F|100/100\n|switch|p2a: Sneasler|Sneasler, L74, M|240/240\n|turn|1\n|inactive|Battle timer is ON: inactive players will automatically lose when time's up. (requested by p0x11623085)\n|inactive|Time left: 300 sec this turn | 300 sec total | 60 sec grace\n|inactive|p0y11620c8a also wants the timer to be on.\n|\n|t:|1783552594\n|move|p2a: Sneasler|Swords Dance|p2a: Sneasler\n|-boost|p2a: Sneasler|atk|2\n|move|p1a: Hydrapple|Earth Power|p2a: Sneasler\n|-supereffective|p2a: Sneasler\n|-damage|p2a: Sneasler|0 fnt\n|faint|p2a: Sneasler\n|-damage|p1a: Hydrapple|91/100|[from] item: Life Orb\n|\n|upkeep\n|inactive|Time left: 300 sec this turn | 300 sec total | 65 sec grace\n|\n|t:|1783552595\n|switch|p2a: Ampharos|Ampharos, L88, F|302/302\n|turn|2\n|inactive|Time left: 300 sec this turn | 300 sec total\n|\n|t:|1783552596\n|move|p2a: Ampharos|Dazzling Gleam|p1a: Hydrapple\n|-supereffective|p1a: Hydrapple\n|-damage|p1a: Hydrapple|19/100\n|move|p1a: Hydrapple|Fickle Beam|p2a: Ampharos\n|-damage|p2a: Ampharos|172/302\n|-damage|p1a: Hydrapple|9/100|[from] item: Life Orb\n|\n|upkeep\n|turn|3\n|inactive|Time left: 300 sec this turn | 300 sec total\n|\n|t:|1783552597\n|switch|p1a: Victreebel|Victreebel, L90, F|100/100\n|move|p2a: Ampharos|Dazzling Gleam|p1a: Victreebel\n|-resisted|p1a: Victreebel\n|-damage|p1a: Victreebel|79/100\n|\n|upkeep\n|turn|4\n|inactive|Time left: 300 sec this turn | 300 sec total\n|\n|t:|1783552598\n|switch|p2a: Skeledirge|Skeledirge, L79, M|294/294\n|move|p1a: Victreebel|Power Whip|p2a: Skeledirge\n|-resisted|p2a: Skeledirge\n|-damage|p2a: Skeledirge|190/294\n|-damage|p1a: Victreebel|69/100|[from] item: Life Orb\n|\n|upkeep\n|turn|5\n|inactive|Time left: 300 sec this turn | 300 sec total\n|\n|t:|1783552599\n|move|p1a: Victreebel|Knock Off|p2a: Skeledirge\n|-supereffective|p2a: Skeledirge\n|-damage|p2a: Skeledirge|0 fnt\n|-enditem|p2a: Skeledirge|Heavy-Duty Boots|[from] move: Knock Off|[of] p1a: Victreebel\n|faint|p2a: Skeledirge\n|-damage|p1a: Victreebel|59/100|[from] item: Life Orb\n|\n|upkeep\n|inactive|Time left: 300 sec this turn | 300 sec total | 5 sec grace\n|\n|t:|1783552600\n|switch|p2a: Latias|Latias, L79, F|256/256\n|turn|6\n|inactive|Time left: 300 sec this turn | 300 sec total\n|\n|t:|1783552601\n|-terastallize|p1a: Victreebel|Steel\n|move|p2a: Latias|Psyshock|p1a: Victreebel\n|-resisted|p1a: Victreebel\n|-damage|p1a: Victreebel|39/100\n|move|p1a: Victreebel|Knock Off|p2a: Latias\n|-supereffective|p2a: Latias\n|-damage|p2a: Latias|17/256\n|-enditem|p2a: Latias|Soul Dew|[from] move: Knock Off|[of] p1a: Victreebel\n|-damage|p1a: Victreebel|29/100|[from] item: Life Orb\n|\n|upkeep\n|turn|7\n|inactive|Time left: 300 sec this turn | 300 sec total\n|\n|t:|1783552603\n|move|p2a: Latias|Recover|p2a: Latias\n|-heal|p2a: Latias|145/256\n|move|p1a: Victreebel|Knock Off|p2a: Latias\n|-supereffective|p2a: Latias\n|-damage|p2a: Latias|0 fnt\n|faint|p2a: Latias\n|-damage|p1a: Victreebel|19/100|[from] item: Life Orb\n|\n|upkeep\n|inactive|Time left: 300 sec this turn | 300 sec total | 5 sec grace\n|\n|t:|1783552604\n|switch|p2a: Haxorus|Haxorus, L77, F|244/244\n|-ability|p2a: Haxorus|Mold Breaker\n|turn|8\n|inactive|Time left: 300 sec this turn | 300 sec total\n|\n|t:|1783552605\n|move|p2a: Haxorus|Scale Shot|p1a: Victreebel|[miss]\n|-miss|p2a: Haxorus|p1a: Victreebel\n|move|p1a: Victreebel|Sleep Powder|p2a: Haxorus|[miss]\n|-miss|p1a: Victreebel|p2a: Haxorus\n|\n|upkeep\n|turn|9\n|inactive|Time left: 300 sec this turn | 300 sec total\n|\n|t:|1783552606\n|switch|p1a: Oranguru|Oranguru, L92, F|100/100\n|move|p2a: Haxorus|Swords Dance|p2a: Haxorus\n|-boost|p2a: Haxorus|atk|2\n|\n|upkeep\n|turn|10\n|inactive|Time left: 300 sec this turn | 300 sec total\n|\n|t:|1783552607\n|move|p2a: Haxorus|Scale Shot|p1a: Oranguru\n|-damage|p1a: Oranguru|82/100\n|-damage|p1a: Oranguru|64/100\n|-damage|p1a: Oranguru|43/100\n|-damage|p1a: Oranguru|25/100\n|-damage|p1a: Oranguru|7/100\n|-hitcount|p1a: Oranguru|5\n|-unboost|p2a: Haxorus|def|1\n|-boost|p2a: Haxorus|spe|1\n|move|p1a: Oranguru|Psyshock|p2a: Haxorus\n|-damage|p2a: Haxorus|82/244\n|\n|-heal|p1a: Oranguru|13/100|[from] item: Leftovers\n|upkeep\n|turn|11\n|inactive|Time left: 300 sec this turn | 300 sec total\n|\n|t:|1783552608\n|move|p2a: Haxorus|Iron Head|p1a: Oranguru\n|-damage|p1a: Oranguru|0 fnt\n|faint|p1a: Oranguru\n|\n|upkeep\n|\n|t:|1783552609\n|switch|p1a: Hariyama|Hariyama, L87, M|100/100\n|turn|12\n|inactive|Time left: 300 sec this turn | 300 sec total\n|\n|t:|1783552611\n|move|p2a: Haxorus|Scale Shot|p1a: Hariyama\n|-damage|p1a: Hariyama|80/100\n|-damage|p1a: Hariyama|59/100\n|-damage|p1a: Hariyama|38/100\n|-damage|p1a: Hariyama|19/100\n|-hitcount|p1a: Hariyama|4\n|-unboost|p2a: Haxorus|def|1\n|-boost|p2a: Haxorus|spe|1\n|move|p1a: Hariyama|Knock Off|p2a: Haxorus\n|-damage|p2a: Haxorus|0 fnt\n|-enditem|p2a: Haxorus|Loaded Dice|[from] move: Knock Off|[of] p1a: Hariyama\n|faint|p2a: Haxorus\n|\n|upkeep\n|inactive|Time left: 300 sec this turn | 300 sec total | 5 sec grace\n|\n|t:|1783552611\n|switch|p2a: Hippowdon|Hippowdon, L82, M|311/311\n|-weather|Sandstorm|[from] ability: Sand Stream|[of] p2a: Hippowdon\n|turn|13\n|inactive|Time left: 300 sec this turn | 300 sec total\n|\n|t:|1783552612\n|switch|p1a: Hydrapple|Hydrapple, L83, F|42/100\n|move|p2a: Hippowdon|Stealth Rock|p1a: Hydrapple\n|-sidestart|p1: p0x11623085|move: Stealth Rock\n|\n|-weather|Sandstorm|[upkeep]\n|-damage|p1a: Hydrapple|36/100|[from] Sandstorm\n|upkeep\n|turn|14\n|inactive|Time left: 300 sec this turn | 300 sec total\n|\n|t:|1783552613\n|-terastallize|p2a: Hippowdon|Steel\n|move|p2a: Hippowdon|Earthquake|p1a: Hydrapple\n|-resisted|p1a: Hydrapple\n|-damage|p1a: Hydrapple|21/100\n|move|p1a: Hydrapple|Giga Drain|p2a: Hippowdon\n|-resisted|p2a: Hippowdon\n|-damage|p2a: Hippowdon|240/311\n|-heal|p1a: Hydrapple|33/100|[from] drain|[of] p2a: Hippowdon\n|-damage|p1a: Hydrapple|23/100|[from] item: Life Orb\n|\n|-weather|Sandstorm|[upkeep]\n|-damage|p1a: Hydrapple|17/100|[from] Sandstorm\n|upkeep\n|turn|15\n|inactive|Time left: 300 sec this turn | 300 sec total\n|\n|t:|1783552614\n|move|p2a: Hippowdon|Stone Edge|p1a: Hydrapple|[miss]\n|-miss|p2a: Hippowdon|p1a: Hydrapple\n|move|p1a: Hydrapple|Earth Power|p2a: Hippowdon\n|-supereffective|p2a: Hippowdon\n|-damage|p2a: Hippowdon|0 fnt\n|faint|p2a: Hippowdon\n|-damage|p1a: Hydrapple|7/100|[from] item: Life Orb\n|\n|-weather|Sandstorm|[upkeep]\n|-damage|p1a: Hydrapple|0 fnt|[from] Sandstorm\n|faint|p1a: Hydrapple\n|upkeep\n|inactive|Time left: 300 sec this turn | 300 sec total | 5 sec grace\n|\n|t:|1783552615\n|switch|p2a: Ampharos|Ampharos, L88, F|172/302\n|switch|p1a: Victreebel|Victreebel, L90, F, tera:Steel|19/100\n|-damage|p1a: Victreebel|13/100|[from] Stealth Rock\n|turn|16\n|inactive|Time left: 300 sec this turn | 300 sec total\n|\n|t:|1783552616\n|move|p1a: Victreebel|Power Whip|p2a: Ampharos\n|-damage|p2a: Ampharos|0 fnt\n|faint|p2a: Ampharos\n|-damage|p1a: Victreebel|3/100|[from] item: Life Orb\n|\n|win|p0x11623085", "uploadtime": 1783552616, "views": 0, "rating": 0, "private": 0, "password": null, "_winner": "p0x11623085", "_our_name": "p0y11620c8a"}