{"id": "battle-gen9randombattle-861", "formatid": "gen9randombattle", "format": "[Gen 9] Random Battle", "players": ["p0x861e184", "p0y861cd8f"], "log": "|init|battle\n|title|p0x861e184 vs. p0y861cd8f\n|j|\u2606p0x861e184\n|j|\u2606p0y861cd8f\n|t:|1783549117\n|gametype|singles\n|player|p1|p0x861e184|101|\n|player|p2|p0y861cd8f|1|\n|gen|9\n|tier|[Gen 9] Random Battle\n|rule|Species Clause: Limit one of each Pok\u00e9mon\n|rule|HP Percentage Mod: HP is shown in percentages\n|rule|Sleep Clause Mod: Limit one foe put to sleep\n|rule|Illusion Level Mod: Illusion disguises the Pok\u00e9mon's true level\n|\n|t:|1783549117\n|teamsize|p1|6\n|teamsize|p2|6\n|start\n|switch|p1a: Giratina|Giratina-Origin, L72|335/335\n|switch|p2a: Regieleki|Regieleki, L79|100/100\n|turn|1\n|inactive|Battle timer is ON: inactive players will automatically lose when time's up. (requested by p0y861cd8f)\n|inactive|Time left: 300 sec this turn | 300 sec total | 60 sec grace\n|inactive|p0x861e184 also wants the timer to be on.\n|\n|t:|1783549118\n|move|p2a: Regieleki|Volt Switch|p1a: Giratina\n|-resisted|p1a: Giratina\n|-damage|p1a: Giratina|278/335\n|\n|t:|1783549119\n|switch|p2a: Rotom|Rotom-Frost, L87|100/100|[from] Volt Switch\n|move|p1a: Giratina|Poltergeist|p2a: Rotom\n|-activate|p2a: Rotom|move: Poltergeist|Heavy-Duty Boots\n|-damage|p2a: Rotom|60/100\n|\n|upkeep\n|turn|2\n|inactive|Time left: 300 sec this turn | 300 sec total\n|\n|t:|1783549120\n|switch|p1a: Stantler|Stantler, L92, F|284/284\n|-ability|p1a: Stantler|Intimidate|boost\n|-unboost|p2a: Rotom|atk|1\n|move|p2a: Rotom|Blizzard|p1a: Stantler\n|-damage|p1a: Stantler|184/284\n|\n|upkeep\n|turn|3\n|inactive|Time left: 300 sec this turn | 300 sec total\n|\n|t:|1783549122\n|move|p1a: Stantler|Tera Blast|p2a: Rotom\n|-damage|p2a: Rotom|25/100\n|move|p2a: Rotom|Blizzard|p1a: Stantler\n|-damage|p1a: Stantler|88/284\n|\n|upkeep\n|turn|4\n|inactive|Time left: 300 sec this turn | 300 sec total\n|\n|t:|1783549123\n|switch|p2a: Sudowoodo|Sudowoodo, L94, F|100/100\n|move|p1a: Stantler|Tera Blast|p2a: Sudowoodo\n|-resisted|p2a: Sudowoodo\n|-damage|p2a: Sudowoodo|81/100\n|\n|upkeep\n|turn|5\n|inactive|Time left: 300 sec this turn | 300 sec total\n|\n|t:|1783549124\n|move|p1a: Stantler|Earth Power|p2a: Sudowoodo\n|-supereffective|p2a: Sudowoodo\n|-damage|p2a: Sudowoodo|30/100\n|move|p2a: Sudowoodo|Head Smash|p1a: Stantler\n|-damage|p1a: Stantler|0 fnt\n|faint|p1a: Stantler\n|\n|upkeep\n|inactive|Time left: 300 sec this turn | 300 sec total | 5 sec grace\n|\n|t:|1783549124\n|switch|p1a: Munkidori|Munkidori, L79, M|269/269\n|turn|6\n|inactive|Time left: 300 sec this turn | 300 sec total\n|\n|t:|1783549126\n|move|p1a: Munkidori|Psychic Noise|p2a: Sudowoodo\n|-damage|p2a: Sudowoodo|0 fnt\n|faint|p2a: Sudowoodo\n|\n|upkeep\n|\n|t:|1783549127\n|switch|p2a: Banette|Banette, L93, M|100/100\n|turn|7\n|inactive|Time left: 300 sec this turn | 300 sec total\n|\n|t:|1783549128\n|move|p1a: Munkidori|Psychic Noise|p2a: Banette\n|-damage|p2a: Banette|65/100\n|-start|p2a: Banette|move: Heal Block\n|-status|p2a: Banette|tox|[from] ability: Toxic Chain|[of] p1a: Munkidori\n|move|p2a: Banette|Poltergeist|p1a: Munkidori\n|-activate|p1a: Munkidori|move: Poltergeist|Assault Vest\n|-supereffective|p1a: Munkidori\n|-damage|p1a: Munkidori|0 fnt\n|faint|p1a: Munkidori\n|-damage|p2a: Banette|55/100 tox|[from] item: Life Orb\n|\n|-damage|p2a: Banette|49/100 tox|[from] psn\n|upkeep\n|inactive|Time left: 300 sec this turn | 300 sec total | 5 sec grace\n|\n|t:|1783549129\n|switch|p1a: Whiscash|Whiscash, L88, F|337/337\n|turn|8\n|inactive|Time left: 300 sec this turn | 300 sec total\n|\n|t:|1783549130\n|move|p2a: Banette|Poltergeist|p1a: Whiscash\n|-activate|p1a: Whiscash|move: Poltergeist|Life Orb\n|-damage|p1a: Whiscash|119/337\n|-damage|p2a: Banette|39/100 tox|[from] item: Life Orb\n|move|p1a: Whiscash|Dragon Dance|p1a: Whiscash\n|-boost|p1a: Whiscash|atk|1\n|-boost|p1a: Whiscash|spe|1\n|\n|-damage|p2a: Banette|27/100 tox|[from] psn\n|-end|p2a: Banette|move: Heal Block\n|upkeep\n|turn|9\n|inactive|Time left: 300 sec this turn | 300 sec total\n|\n|t:|1783549131\n|move|p2a: Banette|Shadow Sneak|p1a: Whiscash\n|-damage|p1a: Whiscash|28/337\n|-damage|p2a: Banette|17/100 tox|[from] item: Life Orb\n|move|p1a: Whiscash|Dragon Dance|p1a: Whiscash\n|-boost|p1a: Whiscash|atk|1\n|-boost|p1a: Whiscash|spe|1\n|\n|-damage|p2a: Banette|0 fnt|[from] psn\n|faint|p2a: Banette\n|upkeep\n|\n|t:|1783549132\n|switch|p2a: Exeggutor|Exeggutor-Alola, L89, M|100/100\n|-item|p1a: Whiscash|Life Orb|[from] ability: Frisk|[of] p2a: Exeggutor\n|turn|10\n|inactive|Time left: 300 sec this turn | 300 sec total\n|\n|t:|1783549133\n|move|p1a: Whiscash|Stone Edge|p2a: Exeggutor|[miss]\n|-miss|p1a: Whiscash|p2a: Exeggutor\n|move|p2a: Exeggutor|Draco Meteor|p1a: Whiscash\n|-damage|p1a: Whiscash|0 fnt\n|-unboost|p2a: Exeggutor|spa|2\n|faint|p1a: Whiscash\n|\n|upkeep\n|inactive|Time left: 300 sec this turn | 300 sec total | 5 sec grace\n|\n|t:|1783549134\n|switch|p1a: Ludicolo|Ludicolo, L90, F|290/290\n|turn|11\n|inactive|Time left: 300 sec this turn | 300 sec total\n|\n|t:|1783549135\n|switch|p2a: Hitmonchan|Hitmonchan, L87, M|100/100\n|move|p1a: Ludicolo|Ice Beam|p2a: Hitmonchan\n|-damage|p2a: Hitmonchan|68/100\n|-status|p2a: Hitmonchan|frz\n|-damage|p1a: Ludicolo|261/290|[from] item: Life Orb\n|\n|-heal|p2a: Hitmonchan|74/100 frz|[from] item: Leftovers\n|upkeep\n|turn|12\n|inactive|Time left: 300 sec this turn | 300 sec total\n|\n|t:|1783549136\n|cant|p2a: Hitmonchan|frz\n|move|p1a: Ludicolo|Hydro Pump|p2a: Hitmonchan\n|-damage|p2a: Hitmonchan|16/100 frz\n|-damage|p1a: Ludicolo|232/290|[from] item: Life Orb\n|\n|-heal|p2a: Hitmonchan|22/100 frz|[from] item: Leftovers\n|upkeep\n|turn|13\n|inactive|Time left: 300 sec this turn | 300 sec total\n|\n|t:|1783549137\n|cant|p2a: Hitmonchan|frz\n|move|p1a: Ludicolo|Giga Drain|p2a: Hitmonchan\n|-damage|p2a: Hitmonchan|0 fnt\n|-heal|p1a: Ludicolo|257/290|[from] drain|[of] p2a: Hitmonchan\n|faint|p2a: Hitmonchan\n|-damage|p1a: Ludicolo|228/290|[from] item: Life Orb\n|\n|upkeep\n|\n|t:|1783549138\n|switch|p2a: Rotom|Rotom-Frost, L87|25/100\n|turn|14\n|inactive|Time left: 300 sec this turn | 300 sec total\n|\n|t:|1783549139\n|move|p2a: Rotom|Blizzard|p1a: Ludicolo|[miss]\n|-miss|p2a: Rotom|p1a: Ludicolo\n|move|p1a: Ludicolo|Giga Drain|p2a: Rotom\n|-damage|p2a: Rotom|0 fnt\n|-heal|p1a: Ludicolo|257/290|[from] drain|[of] p2a: Rotom\n|faint|p2a: Rotom\n|-damage|p1a: Ludicolo|228/290|[from] item: Life Orb\n|\n|upkeep\n|\n|t:|1783549140\n|switch|p2a: Regieleki|Regieleki, L79|100/100\n|turn|15\n|inactive|Time left: 300 sec this turn | 300 sec total\n|\n|t:|1783549141\n|move|p2a: Regieleki|Thunderbolt|p1a: Ludicolo\n|-damage|p1a: Ludicolo|108/290\n|-status|p1a: Ludicolo|par\n|move|p1a: Ludicolo|Ice Beam|p2a: Regieleki\n|-damage|p2a: Regieleki|43/100\n|-damage|p1a: Ludicolo|79/290 par|[from] item: Life Orb\n|\n|upkeep\n|turn|16\n|inactive|Time left: 300 sec this turn | 300 sec total\n|\n|t:|1783549142\n|-terastallize|p1a: Ludicolo|Grass\n|move|p2a: Regieleki|Volt Switch|p1a: Ludicolo\n|-resisted|p1a: Ludicolo\n|-damage|p1a: Ludicolo|37/290 par\n|\n|t:|1783549143\n|switch|p2a: Exeggutor|Exeggutor-Alola, L89, M|100/100|[from] Volt Switch\n|-item|p1a: Ludicolo|Life Orb|[from] ability: Frisk|[of] p2a: Exeggutor\n|move|p1a: Ludicolo|Ice Beam|p2a: Exeggutor\n|-supereffective|p2a: Exeggutor\n|-damage|p2a: Exeggutor|0 fnt\n|faint|p2a: Exeggutor\n|-damage|p1a: Ludicolo|8/290 par|[from] item: Life Orb\n|\n|upkeep\n|\n|t:|1783549144\n|switch|p2a: Regieleki|Regieleki, L79|43/100\n|turn|17\n|inactive|Time left: 300 sec this turn | 300 sec total\n|\n|t:|1783549145\n|move|p2a: Regieleki|Tera Blast|p1a: Ludicolo\n|-damage|p1a: Ludicolo|0 fnt\n|faint|p1a: Ludicolo\n|\n|upkeep\n|inactive|Time left: 300 sec this turn | 300 sec total | 5 sec grace\n|\n|t:|1783549146\n|switch|p1a: Dragapult|Dragapult, L77, M|262/262\n|turn|18\n|inactive|Time left: 300 sec this turn | 300 sec total\n|\n|t:|1783549147\n|-terastallize|p2a: Regieleki|Ice\n|move|p2a: Regieleki|Thunderbolt|p1a: Dragapult\n|-resisted|p1a: Dragapult\n|-damage|p1a: Dragapult|181/262\n|move|p1a: Dragapult|Shadow Ball|p2a: Regieleki\n|-damage|p2a: Regieleki|0 fnt\n|faint|p2a: Regieleki\n|\n|win|p0x861e184", "uploadtime": 1783549147, "views": 0, "rating": 0, "private": 0, "password": null, "_winner": "p0x861e184", "_our_name": "p0x861e184"}