{"id": "battle-gen9randombattle-2213", "formatid": "gen9randombattle", "format": "[Gen 9] Random Battle", "players": ["p0x22131639", "p0y22136940"], "log": "|init|battle\n|title|p0x22131639 vs. p0y22136940\n|j|\u2606p0x22131639\n|j|\u2606p0y22136940\n|t:|1783564701\n|gametype|singles\n|player|p1|p0x22131639|265|\n|player|p2|p0y22136940|101|\n|gen|9\n|tier|[Gen 9] Random Battle\n|rule|Species Clause: Limit one of each Pok\u00e9mon\n|rule|HP Percentage Mod: HP is shown in percentages\n|rule|Sleep Clause Mod: Limit one foe put to sleep\n|rule|Illusion Level Mod: Illusion disguises the Pok\u00e9mon's true level\n|\n|t:|1783564701\n|teamsize|p1|6\n|teamsize|p2|6\n|start\n|switch|p1a: Iron Thorns|Iron Thorns, L83|302/302\n|switch|p2a: Ludicolo|Ludicolo, L90, F|100/100\n|turn|1\n|inactive|Battle timer is ON: inactive players will automatically lose when time's up. (requested by p0y22136940)\n|inactive|Time left: 300 sec this turn | 300 sec total | 60 sec grace\n|\n|t:|1783564702\n|-end|p1a: Iron Thorns|Quark Drive|[silent]\n|switch|p1a: Glastrier|Glastrier, L86|312/312\n|move|p2a: Ludicolo|Giga Drain|p1a: Glastrier\n|-damage|p1a: Glastrier|201/312\n|\n|upkeep\n|turn|2\n|inactive|Time left: 300 sec this turn | 300 sec total\n|inactive|p0x22131639 also wants the timer to be on.\n|\n|t:|1783564703\n|switch|p1a: Salamence|Salamence, L77, F|273/273\n|move|p2a: Ludicolo|Giga Drain|p1a: Salamence\n|-resisted|p1a: Salamence\n|-damage|p1a: Salamence|237/273\n|\n|upkeep\n|turn|3\n|inactive|Time left: 300 sec this turn | 300 sec total\n|\n|t:|1783564704\n|move|p1a: Salamence|Dragon Dance|p1a: Salamence\n|-boost|p1a: Salamence|atk|1\n|-boost|p1a: Salamence|spe|1\n|move|p2a: Ludicolo|Giga Drain|p1a: Salamence\n|-resisted|p1a: Salamence\n|-damage|p1a: Salamence|197/273\n|\n|upkeep\n|turn|4\n|inactive|Time left: 300 sec this turn | 300 sec total\n|\n|t:|1783564705\n|move|p1a: Salamence|Outrage|p2a: Ludicolo\n|-damage|p2a: Ludicolo|26/100\n|move|p2a: Ludicolo|Giga Drain|p1a: Salamence\n|-resisted|p1a: Salamence\n|-crit|p1a: Salamence\n|-damage|p1a: Salamence|139/273\n|-heal|p2a: Ludicolo|36/100|[from] drain|[of] p1a: Salamence\n|\n|upkeep\n|turn|5\n|inactive|Time left: 300 sec this turn | 300 sec total\n|\n|t:|1783564706\n|switch|p2a: Bombirdier|Bombirdier, L85, F|100/100\n|move|p1a: Salamence|Outrage|p2a: Bombirdier|[from] lockedmove\n|-damage|p2a: Bombirdier|25/100\n|-start|p1a: Salamence|confusion|[fatigue]\n|\n|upkeep\n|turn|6\n|inactive|Time left: 300 sec this turn | 300 sec total\n|\n|t:|1783564708\n|move|p2a: Bombirdier|Sucker Punch|p1a: Salamence\n|-damage|p1a: Salamence|40/273\n|-activate|p1a: Salamence|confusion\n|move|p1a: Salamence|Outrage|p2a: Bombirdier\n|-damage|p2a: Bombirdier|0 fnt\n|faint|p2a: Bombirdier\n|-ability|p1a: Salamence|Moxie|boost\n|-boost|p1a: Salamence|atk|1\n|\n|upkeep\n|\n|t:|1783564709\n|switch|p2a: Whiscash|Whiscash, L88, F|100/100\n|turn|7\n|inactive|Time left: 300 sec this turn | 300 sec total\n|\n|t:|1783564710\n|-end|p1a: Salamence|confusion\n|move|p1a: Salamence|Outrage|p2a: Whiscash|[from] lockedmove\n|-damage|p2a: Whiscash|8/100\n|-start|p1a: Salamence|confusion|[fatigue]\n|move|p2a: Whiscash|Liquidation|p1a: Salamence\n|-resisted|p1a: Salamence\n|-damage|p1a: Salamence|0 fnt\n|faint|p1a: Salamence\n|-damage|p2a: Whiscash|0 fnt|[from] item: Life Orb\n|faint|p2a: Whiscash\n|\n|upkeep\n|inactive|Time left: 300 sec this turn | 300 sec total | 5 sec grace\n|\n|t:|1783564711\n|switch|p1a: Glastrier|Glastrier, L86|201/312\n|switch|p2a: Malamar|Malamar, L82, F|100/100\n|turn|8\n|inactive|Time left: 300 sec this turn | 300 sec total\n|\n|t:|1783564712\n|switch|p1a: Gengar|Gengar, L81, M|230/230\n|move|p2a: Malamar|Superpower|p1a: Gengar\n|-immune|p1a: Gengar\n|\n|upkeep\n|turn|9\n|inactive|Time left: 300 sec this turn | 300 sec total\n|\n|t:|1783564714\n|move|p1a: Gengar|Sludge Wave|p2a: Malamar\n|-damage|p2a: Malamar|29/100\n|-status|p2a: Malamar|psn\n|move|p2a: Malamar|Knock Off|p1a: Gengar\n|-supereffective|p1a: Gengar\n|-damage|p1a: Gengar|0 fnt\n|-enditem|p1a: Gengar|Choice Specs|[from] move: Knock Off|[of] p2a: Malamar\n|faint|p1a: Gengar\n|\n|-heal|p2a: Malamar|35/100 psn|[from] item: Leftovers\n|-damage|p2a: Malamar|23/100 psn|[from] psn\n|upkeep\n|inactive|Time left: 300 sec this turn | 300 sec total | 5 sec grace\n|\n|t:|1783564715\n|switch|p1a: Iron Thorns|Iron Thorns, L83|302/302\n|turn|10\n|inactive|Time left: 300 sec this turn | 300 sec total\n|\n|t:|1783564716\n|move|p1a: Iron Thorns|Wild Charge|p2a: Malamar\n|-damage|p2a: Malamar|0 fnt\n|faint|p2a: Malamar\n|-damage|p1a: Iron Thorns|286/302|[from] Recoil\n|\n|upkeep\n|\n|t:|1783564717\n|switch|p2a: Slither Wing|Slither Wing, L81|100/100\n|-enditem|p2a: Slither Wing|Booster Energy\n|-activate|p2a: Slither Wing|ability: Protosynthesis|[fromitem]\n|-start|p2a: Slither Wing|protosynthesisatk\n|turn|11\n|inactive|Time left: 300 sec this turn | 300 sec total\n|\n|t:|1783564718\n|-end|p1a: Iron Thorns|Quark Drive|[silent]\n|switch|p1a: Mudsdale|Mudsdale, L83, F|302/302\n|move|p2a: Slither Wing|Close Combat|p1a: Mudsdale\n|-damage|p1a: Mudsdale|119/302\n|-unboost|p2a: Slither Wing|def|1\n|-unboost|p2a: Slither Wing|spd|1\n|-ability|p1a: Mudsdale|Stamina|boost\n|-boost|p1a: Mudsdale|def|1\n|\n|-heal|p1a: Mudsdale|137/302|[from] item: Leftovers\n|upkeep\n|turn|12\n|inactive|Time left: 300 sec this turn | 300 sec total\n|\n|t:|1783564719\n|-end|p2a: Slither Wing|Protosynthesis|[silent]\n|switch|p2a: Ludicolo|Ludicolo, L90, F|36/100\n|move|p1a: Mudsdale|Heavy Slam|p2a: Ludicolo\n|-resisted|p2a: Ludicolo\n|-damage|p2a: Ludicolo|16/100\n|\n|-heal|p1a: Mudsdale|155/302|[from] item: Leftovers\n|upkeep\n|turn|13\n|inactive|Time left: 300 sec this turn | 300 sec total\n|\n|t:|1783564720\n|-terastallize|p1a: Mudsdale|Steel\n|move|p2a: Ludicolo|Hydro Pump|p1a: Mudsdale\n|-damage|p1a: Mudsdale|0 fnt\n|faint|p1a: Mudsdale\n|\n|upkeep\n|inactive|Time left: 300 sec this turn | 300 sec total | 5 sec grace\n|\n|t:|1783564721\n|switch|p1a: Iron Thorns|Iron Thorns, L83|286/302\n|turn|14\n|inactive|Time left: 300 sec this turn | 300 sec total\n|\n|t:|1783564722\n|move|p1a: Iron Thorns|Wild Charge|p2a: Ludicolo\n|-damage|p2a: Ludicolo|0 fnt\n|faint|p2a: Ludicolo\n|-damage|p1a: Iron Thorns|275/302|[from] Recoil\n|\n|upkeep\n|\n|t:|1783564723\n|switch|p2a: Slither Wing|Slither Wing, L81|100/100\n|turn|15\n|inactive|Time left: 300 sec this turn | 300 sec total\n|\n|t:|1783564724\n|move|p1a: Iron Thorns|Wild Charge|p2a: Slither Wing\n|-damage|p2a: Slither Wing|46/100\n|-damage|p1a: Iron Thorns|238/302|[from] Recoil\n|move|p2a: Slither Wing|Close Combat|p1a: Iron Thorns\n|-supereffective|p1a: Iron Thorns\n|-damage|p1a: Iron Thorns|0 fnt\n|-unboost|p2a: Slither Wing|def|1\n|-unboost|p2a: Slither Wing|spd|1\n|faint|p1a: Iron Thorns\n|-end|p1a: Iron Thorns|Quark Drive|[silent]\n|\n|upkeep\n|inactive|Time left: 300 sec this turn | 300 sec total | 5 sec grace\n|\n|t:|1783564725\n|switch|p1a: Dunsparce|Dunsparce, L86, F|312/312\n|turn|16\n|inactive|Time left: 300 sec this turn | 300 sec total\n|\n|t:|1783564726\n|move|p2a: Slither Wing|Close Combat|p1a: Dunsparce\n|-supereffective|p1a: Dunsparce\n|-crit|p1a: Dunsparce\n|-damage|p1a: Dunsparce|0 fnt\n|-unboost|p2a: Slither Wing|def|1\n|-unboost|p2a: Slither Wing|spd|1\n|faint|p1a: Dunsparce\n|\n|upkeep\n|inactive|Time left: 300 sec this turn | 300 sec total | 5 sec grace\n|\n|t:|1783564727\n|switch|p1a: Glastrier|Glastrier, L86|201/312\n|turn|17\n|inactive|Time left: 300 sec this turn | 300 sec total\n|\n|t:|1783564728\n|move|p2a: Slither Wing|Close Combat|p1a: Glastrier\n|-supereffective|p1a: Glastrier\n|-damage|p1a: Glastrier|0 fnt\n|-unboost|p2a: Slither Wing|def|1\n|-unboost|p2a: Slither Wing|spd|1\n|faint|p1a: Glastrier\n|\n|win|p0y22136940", "uploadtime": 1783564728, "views": 0, "rating": 0, "private": 0, "password": null, "_winner": "p0y22136940", "_our_name": "p0x22131639"}