{"id": "battle-gen9randombattle-977", "formatid": "gen9randombattle", "format": "[Gen 9] Random Battle", "players": ["p0x9778b80", "p0y97734c7"], "log": "|init|battle\n|title|p0x9778b80 vs. p0y97734c7\n|j|\u2606p0x9778b80\n|j|\u2606p0y97734c7\n|t:|1783551247\n|gametype|singles\n|player|p1|p0x9778b80|1|\n|player|p2|p0y97734c7|266|\n|gen|9\n|tier|[Gen 9] Random Battle\n|rule|Species Clause: Limit one of each Pok\u00e9mon\n|rule|HP Percentage Mod: HP is shown in percentages\n|rule|Sleep Clause Mod: Limit one foe put to sleep\n|rule|Illusion Level Mod: Illusion disguises the Pok\u00e9mon's true level\n|\n|t:|1783551247\n|teamsize|p1|6\n|teamsize|p2|6\n|start\n|switch|p1a: Meowscarada|Meowscarada, L78, M|100/100\n|switch|p2a: Garchomp|Garchomp, L74, F|282/282\n|turn|1\n|inactive|Battle timer is ON: inactive players will automatically lose when time's up. (requested by p0y97734c7)\n|\n|t:|1783551248\n|switch|p1a: Stantler|Stantler, L92, M|100/100\n|-ability|p1a: Stantler|Intimidate|boost\n|-unboost|p2a: Garchomp|atk|1\n|move|p2a: Garchomp|Swords Dance|p2a: Garchomp\n|-boost|p2a: Garchomp|atk|2\n|\n|upkeep\n|turn|2\n|inactive|Time left: 300 sec this turn | 300 sec total\n|inactive|p0x9778b80 also wants the timer to be on.\n|\n|t:|1783551249\n|move|p1a: Stantler|Calm Mind|p1a: Stantler\n|-boost|p1a: Stantler|spa|1\n|-boost|p1a: Stantler|spd|1\n|move|p2a: Garchomp|Scale Shot|p1a: Stantler\n|-damage|p1a: Stantler|91/100\n|-damage|p1a: Stantler|80/100\n|-damage|p1a: Stantler|68/100\n|-damage|p1a: Stantler|58/100\n|-damage|p1a: Stantler|48/100\n|-hitcount|p1a: Stantler|5\n|-unboost|p2a: Garchomp|def|1\n|-boost|p2a: Garchomp|spe|1\n|\n|upkeep\n|turn|3\n|inactive|Time left: 300 sec this turn | 300 sec total\n|\n|t:|1783551250\n|-terastallize|p1a: Stantler|Fairy\n|move|p2a: Garchomp|Scale Shot|p1a: Stantler\n|-immune|p1a: Stantler\n|move|p1a: Stantler|Tera Blast|p2a: Garchomp|[anim] Tera Blast Fairy\n|-supereffective|p2a: Garchomp\n|-damage|p2a: Garchomp|0 fnt\n|faint|p2a: Garchomp\n|\n|upkeep\n|inactive|Time left: 300 sec this turn | 300 sec total | 5 sec grace\n|\n|t:|1783551251\n|switch|p2a: Revavroom|Revavroom, L79, M|256/256\n|turn|4\n|inactive|Time left: 300 sec this turn | 300 sec total\n|\n|t:|1783551252\n|move|p1a: Stantler|Earth Power|p2a: Revavroom\n|-supereffective|p2a: Revavroom\n|-damage|p2a: Revavroom|0 fnt\n|faint|p2a: Revavroom\n|\n|upkeep\n|inactive|Time left: 300 sec this turn | 300 sec total | 5 sec grace\n|\n|t:|1783551253\n|switch|p2a: Morpeko|Morpeko, L88, M|245/245\n|turn|5\n|inactive|Time left: 300 sec this turn | 300 sec total\n|\n|t:|1783551254\n|move|p2a: Morpeko|Aura Wheel|p1a: Stantler\n|-damage|p1a: Stantler|13/100\n|-boost|p2a: Morpeko|spe|1\n|move|p1a: Stantler|Earth Power|p2a: Morpeko\n|-supereffective|p2a: Morpeko\n|-damage|p2a: Morpeko|0 fnt\n|faint|p2a: Morpeko\n|\n|upkeep\n|inactive|Time left: 300 sec this turn | 300 sec total | 5 sec grace\n|\n|t:|1783551255\n|switch|p2a: Calyrex|Calyrex-Shadow, L64|235/235\n|-ability|p2a: Calyrex|As One\n|-ability|p2a: Calyrex|Unnerve\n|turn|6\n|inactive|Time left: 300 sec this turn | 300 sec total\n|\n|t:|1783551256\n|switch|p1a: Meowscarada|Meowscarada, L78, M|100/100\n|move|p2a: Calyrex|Pollen Puff|p1a: Meowscarada\n|-supereffective|p1a: Meowscarada\n|-damage|p1a: Meowscarada|0 fnt\n|faint|p1a: Meowscarada\n|-ability|p2a: Calyrex|Grim Neigh|boost\n|-boost|p2a: Calyrex|spa|1\n|-damage|p2a: Calyrex|212/235|[from] item: Life Orb\n|\n|upkeep\n|\n|t:|1783551257\n|switch|p1a: Lilligant|Lilligant, L86, F|100/100\n|turn|7\n|inactive|Time left: 300 sec this turn | 300 sec total\n|\n|t:|1783551258\n|-terastallize|p2a: Calyrex|Ghost\n|move|p2a: Calyrex|Astral Barrage|p1a: Lilligant\n|-damage|p1a: Lilligant|0 fnt\n|faint|p1a: Lilligant\n|-ability|p2a: Calyrex|Grim Neigh|boost\n|-boost|p2a: Calyrex|spa|1\n|-damage|p2a: Calyrex|189/235|[from] item: Life Orb\n|\n|upkeep\n|\n|t:|1783551259\n|switch|p1a: Stantler|Stantler, L92, M, tera:Fairy|13/100\n|-ability|p1a: Stantler|Intimidate|boost\n|-unboost|p2a: Calyrex|atk|1\n|turn|8\n|inactive|Time left: 300 sec this turn | 300 sec total\n|\n|t:|1783551260\n|move|p2a: Calyrex|Astral Barrage|p1a: Stantler\n|-damage|p1a: Stantler|0 fnt\n|faint|p1a: Stantler\n|-ability|p2a: Calyrex|Grim Neigh|boost\n|-boost|p2a: Calyrex|spa|1\n|-damage|p2a: Calyrex|166/235|[from] item: Life Orb\n|\n|upkeep\n|\n|t:|1783551261\n|switch|p1a: Medicham|Medicham, L86, M|100/100\n|turn|9\n|inactive|Time left: 300 sec this turn | 300 sec total\n|\n|t:|1783551262\n|switch|p1a: Sandy Shocks|Sandy Shocks, L80|100/100\n|move|p2a: Calyrex|Astral Barrage|p1a: Sandy Shocks\n|-damage|p1a: Sandy Shocks|0 fnt\n|faint|p1a: Sandy Shocks\n|-end|p1a: Sandy Shocks|Protosynthesis|[silent]\n|-ability|p2a: Calyrex|Grim Neigh|boost\n|-boost|p2a: Calyrex|spa|1\n|-damage|p2a: Calyrex|143/235|[from] item: Life Orb\n|\n|upkeep\n|\n|t:|1783551262\n|switch|p1a: Medicham|Medicham, L86, M|100/100\n|turn|10\n|inactive|Time left: 300 sec this turn | 300 sec total\n|\n|t:|1783551263\n|switch|p1a: Whiscash|Whiscash, L88, M|100/100\n|move|p2a: Calyrex|Astral Barrage|p1a: Whiscash\n|-damage|p1a: Whiscash|0 fnt\n|faint|p1a: Whiscash\n|-ability|p2a: Calyrex|Grim Neigh|boost\n|-boost|p2a: Calyrex|spa|1\n|-damage|p2a: Calyrex|120/235|[from] item: Life Orb\n|\n|upkeep\n|\n|t:|1783551264\n|switch|p1a: Medicham|Medicham, L86, M|100/100\n|turn|11\n|inactive|Time left: 300 sec this turn | 300 sec total\n|\n|t:|1783551265\n|move|p2a: Calyrex|Astral Barrage|p1a: Medicham\n|-supereffective|p1a: Medicham\n|-damage|p1a: Medicham|0 fnt\n|faint|p1a: Medicham\n|-damage|p2a: Calyrex|97/235|[from] item: Life Orb\n|\n|win|p0y97734c7", "uploadtime": 1783551265, "views": 0, "rating": 0, "private": 0, "password": null, "_winner": "p0y97734c7", "_our_name": "p0y97734c7"}