{"id": "battle-gen9randombattle-1849", "formatid": "gen9randombattle", "format": "[Gen 9] Random Battle", "players": ["p0x1849151d", "p0y18493116"], "log": "|init|battle\n|title|p0x1849151d vs. p0y18493116\n|j|\u2606p0x1849151d\n|j|\u2606p0y18493116\n|t:|1783561413\n|gametype|singles\n|player|p1|p0x1849151d|265|\n|player|p2|p0y18493116|169|\n|gen|9\n|tier|[Gen 9] Random Battle\n|rule|Species Clause: Limit one of each Pok\u00e9mon\n|rule|HP Percentage Mod: HP is shown in percentages\n|rule|Sleep Clause Mod: Limit one foe put to sleep\n|rule|Illusion Level Mod: Illusion disguises the Pok\u00e9mon's true level\n|\n|t:|1783561413\n|teamsize|p1|6\n|teamsize|p2|6\n|start\n|switch|p1a: Reuniclus|Reuniclus, L88, F|100/100\n|switch|p2a: Appletun|Appletun, L92, F|352/352\n|turn|1\n|inactive|Battle timer is ON: inactive players will automatically lose when time's up. (requested by p0y18493116)\n|inactive|p0x1849151d also wants the timer to be on.\n|\n|t:|1783561415\n|move|p2a: Appletun|Apple Acid|p1a: Reuniclus\n|-damage|p1a: Reuniclus|68/100\n|-unboost|p1a: Reuniclus|spd|1\n|move|p1a: Reuniclus|Focus Blast|p2a: Appletun\n|-damage|p2a: Appletun|208/352\n|\n|-heal|p2a: Appletun|230/352|[from] item: Leftovers\n|upkeep\n|turn|2\n|inactive|Time left: 300 sec this turn | 300 sec total\n|\n|t:|1783561416\n|move|p2a: Appletun|Dragon Pulse|p1a: Reuniclus\n|-damage|p1a: Reuniclus|18/100\n|move|p1a: Reuniclus|Psychic|p2a: Appletun\n|-damage|p2a: Appletun|77/352\n|\n|-heal|p2a: Appletun|99/352|[from] item: Leftovers\n|upkeep\n|turn|3\n|inactive|Time left: 300 sec this turn | 300 sec total\n|\n|t:|1783561417\n|move|p2a: Appletun|Apple Acid|p1a: Reuniclus\n|-damage|p1a: Reuniclus|0 fnt\n|faint|p1a: Reuniclus\n|\n|-heal|p2a: Appletun|121/352|[from] item: Leftovers\n|upkeep\n|\n|t:|1783561418\n|switch|p1a: Minior|Minior-Green, L79|100/100\n|-formechange|p1a: Minior|Minior-Meteor||[from] ability: Shields Down\n|turn|4\n|inactive|Time left: 300 sec this turn | 300 sec total\n|\n|t:|1783561419\n|move|p1a: Minior|Shell Smash|p1a: Minior\n|-unboost|p1a: Minior|def|1\n|-unboost|p1a: Minior|spd|1\n|-boost|p1a: Minior|atk|2\n|-boost|p1a: Minior|spa|2\n|-boost|p1a: Minior|spe|2\n|-enditem|p1a: Minior|White Herb\n|-clearnegativeboost|p1a: Minior|[silent]\n|move|p2a: Appletun|Apple Acid|p1a: Minior\n|-damage|p1a: Minior|55/100\n|-unboost|p1a: Minior|spd|1\n|\n|-heal|p2a: Appletun|143/352|[from] item: Leftovers\n|upkeep\n|turn|5\n|inactive|Time left: 300 sec this turn | 300 sec total\n|\n|t:|1783561420\n|move|p1a: Minior|Acrobatics|p2a: Appletun\n|-supereffective|p2a: Appletun\n|-damage|p2a: Appletun|0 fnt\n|faint|p2a: Appletun\n|\n|upkeep\n|inactive|Time left: 300 sec this turn | 300 sec total | 5 sec grace\n|\n|t:|1783561421\n|switch|p2a: Basculegion|Basculegion, L80, M|323/323\n|turn|6\n|inactive|Time left: 300 sec this turn | 300 sec total\n|\n|t:|1783561422\n|-terastallize|p1a: Minior|Flying\n|move|p1a: Minior|Acrobatics|p2a: Basculegion\n|-damage|p2a: Basculegion|53/323\n|move|p2a: Basculegion|Wave Crash|p1a: Minior\n|-damage|p1a: Minior|0 fnt\n|faint|p1a: Minior\n|-damage|p2a: Basculegion|13/323|[from] Recoil\n|\n|upkeep\n|\n|t:|1783561423\n|switch|p1a: Exeggutor|Exeggutor-Alola, L89, F|100/100\n|turn|7\n|inactive|Time left: 300 sec this turn | 300 sec total\n|\n|t:|1783561424\n|move|p2a: Basculegion|Shadow Ball|p1a: Exeggutor\n|-damage|p1a: Exeggutor|69/100\n|move|p1a: Exeggutor|Calm Mind|p1a: Exeggutor\n|-boost|p1a: Exeggutor|spa|1\n|-boost|p1a: Exeggutor|spd|1\n|\n|upkeep\n|turn|8\n|inactive|Time left: 300 sec this turn | 300 sec total\n|\n|t:|1783561425\n|move|p2a: Basculegion|Wave Crash|p1a: Exeggutor\n|-resisted|p1a: Exeggutor\n|-damage|p1a: Exeggutor|57/100\n|-damage|p2a: Basculegion|0 fnt|[from] Recoil\n|faint|p2a: Basculegion\n|move|p1a: Exeggutor|Calm Mind|p1a: Exeggutor\n|-boost|p1a: Exeggutor|spa|1\n|-boost|p1a: Exeggutor|spd|1\n|\n|upkeep\n|inactive|Time left: 300 sec this turn | 300 sec total | 5 sec grace\n|\n|t:|1783561426\n|switch|p2a: Grimmsnarl|Grimmsnarl, L83, M|293/293\n|turn|9\n|inactive|Time left: 300 sec this turn | 300 sec total\n|\n|t:|1783561427\n|move|p2a: Grimmsnarl|Spirit Break|p1a: Exeggutor\n|-supereffective|p1a: Exeggutor\n|-damage|p1a: Exeggutor|0 fnt\n|faint|p1a: Exeggutor\n|\n|upkeep\n|\n|t:|1783561428\n|switch|p1a: Chi-Yu|Chi-Yu, L77|100/100\n|-ability|p1a: Chi-Yu|Beads of Ruin\n|turn|10\n|inactive|Time left: 300 sec this turn | 300 sec total\n|\n|t:|1783561429\n|move|p1a: Chi-Yu|Fire Blast|p2a: Grimmsnarl\n|-damage|p2a: Grimmsnarl|113/293\n|move|p2a: Grimmsnarl|Spirit Break|p1a: Chi-Yu\n|-damage|p1a: Chi-Yu|50/100\n|-unboost|p1a: Chi-Yu|spa|1\n|\n|-heal|p2a: Grimmsnarl|131/293|[from] item: Leftovers\n|upkeep\n|turn|11\n|inactive|Time left: 300 sec this turn | 300 sec total\n|\n|t:|1783561430\n|move|p1a: Chi-Yu|Will-O-Wisp|p2a: Grimmsnarl|[miss]\n|-miss|p1a: Chi-Yu|p2a: Grimmsnarl\n|move|p2a: Grimmsnarl|Spirit Break|p1a: Chi-Yu\n|-damage|p1a: Chi-Yu|3/100\n|-unboost|p1a: Chi-Yu|spa|1\n|\n|-heal|p2a: Grimmsnarl|149/293|[from] item: Leftovers\n|upkeep\n|turn|12\n|inactive|Time left: 300 sec this turn | 300 sec total\n|\n|t:|1783561431\n|move|p1a: Chi-Yu|Will-O-Wisp|p2a: Grimmsnarl\n|-status|p2a: Grimmsnarl|brn\n|move|p2a: Grimmsnarl|Spirit Break|p1a: Chi-Yu\n|-damage|p1a: Chi-Yu|0 fnt\n|faint|p1a: Chi-Yu\n|\n|-heal|p2a: Grimmsnarl|167/293 brn|[from] item: Leftovers\n|-damage|p2a: Grimmsnarl|149/293 brn|[from] brn\n|upkeep\n|\n|t:|1783561432\n|switch|p1a: Kommo-o|Kommo-o, L77, F|100/100\n|turn|13\n|inactive|Time left: 300 sec this turn | 300 sec total\n|\n|t:|1783561432\n|move|p1a: Kommo-o|Swords Dance|p1a: Kommo-o\n|-boost|p1a: Kommo-o|atk|2\n|move|p2a: Grimmsnarl|Spirit Break|p1a: Kommo-o\n|-supereffective|p1a: Kommo-o\n|-damage|p1a: Kommo-o|31/100\n|-unboost|p1a: Kommo-o|spa|1\n|\n|-heal|p2a: Grimmsnarl|167/293 brn|[from] item: Leftovers\n|-damage|p2a: Grimmsnarl|149/293 brn|[from] brn\n|upkeep\n|turn|14\n|inactive|Time left: 300 sec this turn | 300 sec total\n|\n|t:|1783561433\n|-terastallize|p2a: Grimmsnarl|Poison\n|move|p1a: Kommo-o|Iron Head|p2a: Grimmsnarl\n|-damage|p2a: Grimmsnarl|20/293 brn\n|move|p2a: Grimmsnarl|Spirit Break|p1a: Kommo-o\n|-supereffective|p1a: Kommo-o\n|-damage|p1a: Kommo-o|0 fnt\n|faint|p1a: Kommo-o\n|\n|-heal|p2a: Grimmsnarl|38/293 brn|[from] item: Leftovers\n|-damage|p2a: Grimmsnarl|20/293 brn|[from] brn\n|upkeep\n|\n|t:|1783561434\n|switch|p1a: Bruxish|Bruxish, L85, F|100/100\n|turn|15\n|inactive|Time left: 300 sec this turn | 300 sec total\n|\n|t:|1783561435\n|move|p2a: Grimmsnarl|Sucker Punch|p1a: Bruxish\n|-supereffective|p1a: Bruxish\n|-damage|p1a: Bruxish|60/100\n|move|p1a: Bruxish|Crunch|p2a: Grimmsnarl\n|-damage|p2a: Grimmsnarl|0 fnt\n|faint|p2a: Grimmsnarl\n|\n|upkeep\n|inactive|Time left: 300 sec this turn | 300 sec total | 5 sec grace\n|\n|t:|1783561436\n|switch|p2a: Ursaluna|Ursaluna-Bloodmoon, L79, M|308/308\n|turn|16\n|inactive|Time left: 300 sec this turn | 300 sec total\n|\n|t:|1783561437\n|move|p1a: Bruxish|Crunch|p2a: Ursaluna\n|-damage|p2a: Ursaluna|223/308\n|move|p2a: Ursaluna|Blood Moon|p1a: Bruxish\n|-damage|p1a: Bruxish|0 fnt\n|faint|p1a: Bruxish\n|\n|win|p0y18493116", "uploadtime": 1783561437, "views": 0, "rating": 0, "private": 0, "password": null, "_winner": "p0y18493116", "_our_name": "p0y18493116"}