{"id": "battle-gen9randombattle-2204", "formatid": "gen9randombattle", "format": "[Gen 9] Random Battle", "players": ["p0x2204d27b", "p0y220436f6"], "log": "|init|battle\n|title|p0x2204d27b vs. p0y220436f6\n|j|\u2606p0x2204d27b\n|j|\u2606p0y220436f6\n|t:|1783565549\n|gametype|singles\n|player|p1|p0x2204d27b|266|\n|player|p2|p0y220436f6|266|\n|gen|9\n|tier|[Gen 9] Random Battle\n|rule|Species Clause: Limit one of each Pok\u00e9mon\n|rule|HP Percentage Mod: HP is shown in percentages\n|rule|Sleep Clause Mod: Limit one foe put to sleep\n|rule|Illusion Level Mod: Illusion disguises the Pok\u00e9mon's true level\n|\n|t:|1783565549\n|teamsize|p1|6\n|teamsize|p2|6\n|start\n|switch|p1a: Raichu|Raichu-Alola, L87, M|246/246\n|switch|p2a: Lycanroc|Lycanroc-Dusk, L81, M|100/100\n|turn|1\n|inactive|Battle timer is ON: inactive players will automatically lose when time's up. (requested by p0x2204d27b)\n|inactive|p0y220436f6 also wants the timer to be on.\n|\n|t:|1783565551\n|move|p1a: Raichu|Psychic|p2a: Lycanroc\n|-damage|p2a: Lycanroc|26/100\n|move|p2a: Lycanroc|Stone Edge|p1a: Raichu|[miss]\n|-miss|p2a: Lycanroc|p1a: Raichu\n|\n|upkeep\n|turn|2\n|inactive|Time left: 300 sec this turn | 300 sec total\n|\n|t:|1783565552\n|switch|p1a: Hariyama|Hariyama, L87, F|392/392\n|switch|p2a: Bombirdier|Bombirdier, L85, M|100/100\n|\n|-status|p1a: Hariyama|brn|[from] item: Flame Orb\n|upkeep\n|turn|3\n|inactive|Time left: 300 sec this turn | 300 sec total\n|\n|t:|1783565553\n|move|p2a: Bombirdier|Brave Bird|p1a: Hariyama\n|-supereffective|p1a: Hariyama\n|-damage|p1a: Hariyama|44/392 brn\n|-damage|p2a: Bombirdier|56/100|[from] Recoil\n|move|p1a: Hariyama|Close Combat|p2a: Bombirdier\n|-damage|p2a: Bombirdier|0 fnt\n|-unboost|p1a: Hariyama|def|1\n|-unboost|p1a: Hariyama|spd|1\n|faint|p2a: Bombirdier\n|\n|-damage|p1a: Hariyama|20/392 brn|[from] brn\n|upkeep\n|\n|t:|1783565554\n|switch|p2a: Araquanid|Araquanid, L82, M|100/100\n|turn|4\n|inactive|Time left: 300 sec this turn | 300 sec total\n|\n|t:|1783565555\n|-terastallize|p1a: Hariyama|Normal\n|move|p1a: Hariyama|Facade|p2a: Araquanid\n|-damage|p2a: Araquanid|0 fnt\n|faint|p2a: Araquanid\n|\n|-damage|p1a: Hariyama|0 fnt|[from] brn\n|faint|p1a: Hariyama\n|upkeep\n|inactive|Time left: 300 sec this turn | 300 sec total | 5 sec grace\n|\n|t:|1783565556\n|switch|p1a: Raichu|Raichu-Alola, L87, M|246/246\n|switch|p2a: Glaceon|Glaceon, L94, F|100/100\n|turn|5\n|inactive|Time left: 300 sec this turn | 300 sec total\n|\n|t:|1783565557\n|move|p1a: Raichu|Thunderbolt|p2a: Glaceon\n|-damage|p2a: Glaceon|58/100\n|move|p2a: Glaceon|Mud Shot|p1a: Raichu\n|-supereffective|p1a: Raichu\n|-damage|p1a: Raichu|114/246\n|-unboost|p1a: Raichu|spe|1\n|\n|upkeep\n|turn|6\n|inactive|Time left: 300 sec this turn | 300 sec total\n|\n|t:|1783565558\n|switch|p1a: Regice|Regice, L88|284/284\n|move|p2a: Glaceon|Freeze-Dry|p1a: Regice\n|-resisted|p1a: Regice\n|-damage|p1a: Regice|258/284\n|\n|upkeep\n|turn|7\n|inactive|Time left: 300 sec this turn | 300 sec total\n|\n|t:|1783565559\n|move|p2a: Glaceon|Wish|p2a: Glaceon\n|move|p1a: Regice|Ice Beam|p2a: Glaceon\n|-resisted|p2a: Glaceon\n|-damage|p2a: Glaceon|40/100\n|\n|upkeep\n|turn|8\n|inactive|Time left: 300 sec this turn | 300 sec total\n|\n|t:|1783565560\n|move|p2a: Glaceon|Protect|p2a: Glaceon\n|-singleturn|p2a: Glaceon|Protect\n|move|p1a: Regice|Ice Beam|p2a: Glaceon\n|-activate|p2a: Glaceon|move: Protect\n|\n|-heal|p2a: Glaceon|90/100|[from] move: Wish|[wisher] Glaceon\n|upkeep\n|turn|9\n|inactive|Time left: 300 sec this turn | 300 sec total\n|\n|t:|1783565561\n|move|p2a: Glaceon|Wish|p2a: Glaceon\n|move|p1a: Regice|Ice Beam|p2a: Glaceon\n|-resisted|p2a: Glaceon\n|-damage|p2a: Glaceon|75/100\n|\n|upkeep\n|turn|10\n|inactive|Time left: 300 sec this turn | 300 sec total\n|\n|t:|1783565562\n|move|p2a: Glaceon|Mud Shot|p1a: Regice\n|-damage|p1a: Regice|227/284\n|move|p1a: Regice|Ice Beam|p2a: Glaceon\n|-resisted|p2a: Glaceon\n|-damage|p2a: Glaceon|58/100\n|\n|-heal|p2a: Glaceon|100/100|[from] move: Wish|[wisher] Glaceon\n|upkeep\n|turn|11\n|inactive|Time left: 300 sec this turn | 300 sec total\n|\n|t:|1783565563\n|move|p2a: Glaceon|Protect|p2a: Glaceon\n|-singleturn|p2a: Glaceon|Protect\n|move|p1a: Regice|Ice Beam|p2a: Glaceon\n|-activate|p2a: Glaceon|move: Protect\n|\n|upkeep\n|turn|12\n|inactive|Time left: 300 sec this turn | 300 sec total\n|\n|t:|1783565564\n|move|p2a: Glaceon|Mud Shot|p1a: Regice\n|-damage|p1a: Regice|196/284\n|move|p1a: Regice|Ice Beam|p2a: Glaceon\n|-resisted|p2a: Glaceon\n|-damage|p2a: Glaceon|84/100\n|\n|upkeep\n|turn|13\n|inactive|Time left: 300 sec this turn | 300 sec total\n|\n|t:|1783565565\n|move|p2a: Glaceon|Wish|p2a: Glaceon\n|move|p1a: Regice|Ice Beam|p2a: Glaceon\n|-resisted|p2a: Glaceon\n|-damage|p2a: Glaceon|69/100\n|\n|upkeep\n|turn|14\n|inactive|Time left: 300 sec this turn | 300 sec total\n|\n|t:|1783565566\n|move|p2a: Glaceon|Mud Shot|p1a: Regice\n|-damage|p1a: Regice|167/284\n|move|p1a: Regice|Ice Beam|p2a: Glaceon\n|-resisted|p2a: Glaceon\n|-damage|p2a: Glaceon|52/100\n|\n|-heal|p2a: Glaceon|100/100|[from] move: Wish|[wisher] Glaceon\n|upkeep\n|turn|15\n|inactive|Time left: 300 sec this turn | 300 sec total\n|\n|t:|1783565567\n|move|p2a: Glaceon|Wish|p2a: Glaceon\n|move|p1a: Regice|Ice Beam|p2a: Glaceon\n|-resisted|p2a: Glaceon\n|-damage|p2a: Glaceon|85/100\n|\n|upkeep\n|turn|16\n|inactive|Time left: 300 sec this turn | 300 sec total\n|\n|t:|1783565569\n|move|p2a: Glaceon|Mud Shot|p1a: Regice\n|-damage|p1a: Regice|138/284\n|move|p1a: Regice|Ice Beam|p2a: Glaceon\n|-resisted|p2a: Glaceon\n|-damage|p2a: Glaceon|70/100\n|\n|-heal|p2a: Glaceon|100/100|[from] move: Wish|[wisher] Glaceon\n|upkeep\n|turn|17\n|inactive|Time left: 300 sec this turn | 300 sec total\n|\n|t:|1783565570\n|move|p2a: Glaceon|Freeze-Dry|p1a: Regice\n|-resisted|p1a: Regice\n|-damage|p1a: Regice|109/284\n|move|p1a: Regice|Ice Beam|p2a: Glaceon\n|-resisted|p2a: Glaceon\n|-damage|p2a: Glaceon|84/100\n|\n|upkeep\n|turn|18\n|inactive|Time left: 300 sec this turn | 300 sec total\n|\n|t:|1783565571\n|move|p2a: Glaceon|Wish|p2a: Glaceon\n|move|p1a: Regice|Ice Beam|p2a: Glaceon\n|-resisted|p2a: Glaceon\n|-damage|p2a: Glaceon|68/100\n|\n|upkeep\n|turn|19\n|inactive|Time left: 300 sec this turn | 300 sec total\n|\n|t:|1783565572\n|move|p2a: Glaceon|Mud Shot|p1a: Regice\n|-damage|p1a: Regice|76/284\n|move|p1a: Regice|Ice Beam|p2a: Glaceon\n|-resisted|p2a: Glaceon\n|-damage|p2a: Glaceon|51/100\n|\n|-heal|p2a: Glaceon|100/100|[from] move: Wish|[wisher] Glaceon\n|upkeep\n|turn|20\n|inactive|Time left: 300 sec this turn | 300 sec total\n|\n|t:|1783565573\n|move|p2a: Glaceon|Wish|p2a: Glaceon\n|move|p1a: Regice|Rest|p1a: Regice\n|-status|p1a: Regice|slp|[from] move: Rest\n|-heal|p1a: Regice|284/284 slp|[silent]\n|\n|upkeep\n|turn|21\n|inactive|Time left: 300 sec this turn | 300 sec total\n|\n|t:|1783565574\n|switch|p2a: Lycanroc|Lycanroc-Dusk, L81, M|26/100\n|cant|p1a: Regice|slp\n|move|p1a: Regice|Sleep Talk|p1a: Regice\n|move|p1a: Regice|Thunderbolt|p2a: Lycanroc|[from] move: Sleep Talk\n|-damage|p2a: Lycanroc|0 fnt\n|faint|p2a: Lycanroc\n|\n|upkeep\n|\n|t:|1783565575\n|switch|p2a: Walking Wake|Walking Wake, L79|100/100\n|turn|22\n|inactive|Time left: 300 sec this turn | 300 sec total\n|\n|t:|1783565576\n|move|p2a: Walking Wake|Flamethrower|p1a: Regice\n|-supereffective|p1a: Regice\n|-damage|p1a: Regice|178/284 slp\n|cant|p1a: Regice|slp\n|move|p1a: Regice|Sleep Talk|p1a: Regice\n|move|p1a: Regice|Thunderbolt|p2a: Walking Wake|[from] move: Sleep Talk\n|-damage|p2a: Walking Wake|71/100\n|\n|upkeep\n|turn|23\n|inactive|Time left: 300 sec this turn | 300 sec total\n|\n|t:|1783565577\n|move|p2a: Walking Wake|Flamethrower|p1a: Regice\n|-supereffective|p1a: Regice\n|-damage|p1a: Regice|84/284 slp\n|-curestatus|p1a: Regice|slp|[msg]\n|move|p1a: Regice|Ice Beam|p2a: Walking Wake\n|-damage|p2a: Walking Wake|28/100\n|\n|upkeep\n|turn|24\n|inactive|Time left: 300 sec this turn | 300 sec total\n|\n|t:|1783565578\n|switch|p1a: Raging Bolt|Raging Bolt, L78|323/323\n|move|p2a: Walking Wake|Flamethrower|p1a: Raging Bolt\n|-resisted|p1a: Raging Bolt\n|-damage|p1a: Raging Bolt|268/323\n|\n|-heal|p1a: Raging Bolt|288/323|[from] item: Leftovers\n|upkeep\n|turn|25\n|inactive|Time left: 300 sec this turn | 300 sec total\n|\n|t:|1783565579\n|-end|p2a: Walking Wake|Protosynthesis|[silent]\n|switch|p2a: Glaceon|Glaceon, L94, F|100/100\n|move|p1a: Raging Bolt|Calm Mind|p1a: Raging Bolt\n|-boost|p1a: Raging Bolt|spa|1\n|-boost|p1a: Raging Bolt|spd|1\n|\n|-heal|p1a: Raging Bolt|308/323|[from] item: Leftovers\n|upkeep\n|turn|26\n|inactive|Time left: 300 sec this turn | 300 sec total\n|\n|t:|1783565580\n|move|p2a: Glaceon|Freeze-Dry|p1a: Raging Bolt\n|-supereffective|p1a: Raging Bolt\n|-damage|p1a: Raging Bolt|140/323\n|move|p1a: Raging Bolt|Calm Mind|p1a: Raging Bolt\n|-boost|p1a: Raging Bolt|spa|1\n|-boost|p1a: Raging Bolt|spd|1\n|\n|-heal|p1a: Raging Bolt|160/323|[from] item: Leftovers\n|upkeep\n|turn|27\n|inactive|Time left: 300 sec this turn | 300 sec total\n|\n|t:|1783565581\n|move|p2a: Glaceon|Freeze-Dry|p1a: Raging Bolt\n|-supereffective|p1a: Raging Bolt\n|-crit|p1a: Raging Bolt\n|-damage|p1a: Raging Bolt|0 fnt\n|faint|p1a: Raging Bolt\n|-end|p1a: Raging Bolt|Protosynthesis|[silent]\n|\n|upkeep\n|inactive|Time left: 300 sec this turn | 300 sec total | 5 sec grace\n|\n|t:|1783565582\n|switch|p1a: Regice|Regice, L88|84/284\n|turn|28\n|inactive|Time left: 300 sec this turn | 300 sec total\n|\n|t:|1783565583\n|move|p2a: Glaceon|Mud Shot|p1a: Regice\n|-damage|p1a: Regice|52/284\n|move|p1a: Regice|Rest|p1a: Regice\n|-status|p1a: Regice|slp|[from] move: Rest\n|-heal|p1a: Regice|284/284 slp|[silent]\n|\n|upkeep\n|turn|29\n|inactive|Time left: 300 sec this turn | 300 sec total\n|\n|t:|1783565584\n|move|p2a: Glaceon|Freeze-Dry|p1a: Regice\n|-resisted|p1a: Regice\n|-damage|p1a: Regice|256/284 slp\n|cant|p1a: Regice|slp\n|move|p1a: Regice|Sleep Talk|p1a: Regice\n|move|p1a: Regice|Thunderbolt|p2a: Glaceon|[from] move: Sleep Talk\n|-damage|p2a: Glaceon|78/100\n|\n|upkeep\n|turn|30\n|inactive|Time left: 300 sec this turn | 300 sec total\n|\n|t:|1783565585\n|move|p2a: Glaceon|Wish|p2a: Glaceon\n|cant|p1a: Regice|slp\n|move|p1a: Regice|Sleep Talk|p1a: Regice\n|move|p1a: Regice|Thunderbolt|p2a: Glaceon|[from] move: Sleep Talk\n|-damage|p2a: Glaceon|56/100\n|-status|p2a: Glaceon|par\n|\n|upkeep\n|turn|31\n|inactive|Time left: 300 sec this turn | 300 sec total\n|\n|t:|1783565586\n|-curestatus|p1a: Regice|slp|[msg]\n|move|p1a: Regice|Ice Beam|p2a: Glaceon\n|-resisted|p2a: Glaceon\n|-damage|p2a: Glaceon|41/100 par\n|cant|p2a: Glaceon|par\n|\n|-heal|p2a: Glaceon|91/100 par|[from] move: Wish|[wisher] Glaceon\n|upkeep\n|turn|32\n|inactive|Time left: 300 sec this turn | 300 sec total\n|\n|t:|1783565587\n|move|p1a: Regice|Ice Beam|p2a: Glaceon\n|-resisted|p2a: Glaceon\n|-damage|p2a: Glaceon|75/100 par\n|move|p2a: Glaceon|Mud Shot|p1a: Regice\n|-damage|p1a: Regice|226/284\n|\n|upkeep\n|turn|33\n|inactive|Time left: 300 sec this turn | 300 sec total\n|\n|t:|1783565589\n|move|p1a: Regice|Thunderbolt|p2a: Glaceon\n|-crit|p2a: Glaceon\n|-damage|p2a: Glaceon|44/100 par\n|cant|p2a: Glaceon|par\n|\n|upkeep\n|turn|34\n|inactive|Time left: 300 sec this turn | 300 sec total\n|\n|t:|1783565590\n|move|p1a: Regice|Thunderbolt|p2a: Glaceon\n|-damage|p2a: Glaceon|21/100 par\n|move|p2a: Glaceon|Wish|p2a: Glaceon\n|\n|upkeep\n|turn|35\n|inactive|Time left: 300 sec this turn | 300 sec total\n|\n|t:|1783565591\n|move|p2a: Glaceon|Protect|p2a: Glaceon\n|-singleturn|p2a: Glaceon|Protect\n|move|p1a: Regice|Thunderbolt|p2a: Glaceon\n|-activate|p2a: Glaceon|move: Protect\n|\n|-heal|p2a: Glaceon|71/100 par|[from] move: Wish|[wisher] Glaceon\n|upkeep\n|turn|36\n|inactive|Time left: 300 sec this turn | 300 sec total\n|\n|t:|1783565592\n|move|p1a: Regice|Thunderbolt|p2a: Glaceon\n|-damage|p2a: Glaceon|50/100 par\n|move|p2a: Glaceon|Freeze-Dry|p1a: Regice\n|-resisted|p1a: Regice\n|-damage|p1a: Regice|198/284\n|\n|upkeep\n|turn|37\n|inactive|Time left: 300 sec this turn | 300 sec total\n|\n|t:|1783565593\n|move|p1a: Regice|Thunderbolt|p2a: Glaceon\n|-damage|p2a: Glaceon|30/100 par\n|move|p2a: Glaceon|Wish|p2a: Glaceon\n|\n|upkeep\n|turn|38\n|inactive|Time left: 300 sec this turn | 300 sec total\n|\n|t:|1783565594\n|move|p1a: Regice|Thunderbolt|p2a: Glaceon\n|-damage|p2a: Glaceon|8/100 par\n|move|p2a: Glaceon|Mud Shot|p1a: Regice\n|-damage|p1a: Regice|170/284\n|\n|-heal|p2a: Glaceon|58/100 par|[from] move: Wish|[wisher] Glaceon\n|upkeep\n|turn|39\n|inactive|Time left: 300 sec this turn | 300 sec total\n|\n|t:|1783565595\n|move|p1a: Regice|Thunderbolt|p2a: Glaceon\n|-damage|p2a: Glaceon|37/100 par\n|move|p2a: Glaceon|Wish|p2a: Glaceon\n|\n|upkeep\n|turn|40\n|inactive|Time left: 300 sec this turn | 300 sec total\n|\n|t:|1783565596\n|move|p1a: Regice|Thunderbolt|p2a: Glaceon\n|-damage|p2a: Glaceon|16/100 par\n|move|p2a: Glaceon|Mud Shot|p1a: Regice\n|-damage|p1a: Regice|140/284\n|\n|-heal|p2a: Glaceon|66/100 par|[from] move: Wish|[wisher] Glaceon\n|upkeep\n|turn|41\n|inactive|Time left: 300 sec this turn | 300 sec total\n|\n|t:|1783565597\n|move|p1a: Regice|Thunderbolt|p2a: Glaceon\n|-damage|p2a: Glaceon|43/100 par\n|cant|p2a: Glaceon|par\n|\n|upkeep\n|turn|42\n|inactive|Time left: 300 sec this turn | 300 sec total\n|\n|t:|1783565598\n|move|p1a: Regice|Thunderbolt|p2a: Glaceon\n|-damage|p2a: Glaceon|20/100 par\n|move|p2a: Glaceon|Wish|p2a: Glaceon\n|\n|upkeep\n|turn|43\n|inactive|Time left: 300 sec this turn | 300 sec total\n|\n|t:|1783565599\n|move|p2a: Glaceon|Protect|p2a: Glaceon\n|-singleturn|p2a: Glaceon|Protect\n|move|p1a: Regice|Thunderbolt|p2a: Glaceon\n|-activate|p2a: Glaceon|move: Protect\n|\n|-heal|p2a: Glaceon|70/100 par|[from] move: Wish|[wisher] Glaceon\n|upkeep\n|turn|44\n|inactive|Time left: 300 sec this turn | 300 sec total\n|\n|t:|1783565600\n|move|p1a: Regice|Thunderbolt|p2a: Glaceon\n|-damage|p2a: Glaceon|50/100 par\n|move|p2a: Glaceon|Wish|p2a: Glaceon\n|\n|upkeep\n|turn|45\n|inactive|Time left: 300 sec this turn | 300 sec total\n|\n|t:|1783565601\n|move|p1a: Regice|Thunderbolt|p2a: Glaceon\n|-damage|p2a: Glaceon|28/100 par\n|move|p2a: Glaceon|Mud Shot|p1a: Regice\n|-damage|p1a: Regice|109/284\n|\n|-heal|p2a: Glaceon|78/100 par|[from] move: Wish|[wisher] Glaceon\n|upkeep\n|turn|46\n|inactive|Time left: 300 sec this turn | 300 sec total\n|\n|t:|1783565602\n|move|p1a: Regice|Rest|p1a: Regice\n|-status|p1a: Regice|slp|[from] move: Rest\n|-heal|p1a: Regice|284/284 slp|[silent]\n|move|p2a: Glaceon|Freeze-Dry|p1a: Regice\n|-resisted|p1a: Regice\n|-damage|p1a: Regice|257/284 slp\n|\n|upkeep\n|turn|47\n|inactive|Time left: 300 sec this turn | 300 sec total\n|\n|t:|1783565603\n|cant|p1a: Regice|slp\n|move|p1a: Regice|Sleep Talk|p1a: Regice\n|move|p1a: Regice|Rest||[from] move: Sleep Talk|[still]\n|-fail|p1a: Regice\n|move|p2a: Glaceon|Mud Shot|p1a: Regice\n|-damage|p1a: Regice|229/284 slp\n|\n|upkeep\n|turn|48\n|inactive|Time left: 300 sec this turn | 300 sec total\n|\n|t:|1783565604\n|cant|p1a: Regice|slp\n|move|p1a: Regice|Sleep Talk|p1a: Regice\n|move|p1a: Regice|Ice Beam|p2a: Glaceon|[from] move: Sleep Talk\n|-resisted|p2a: Glaceon\n|-damage|p2a: Glaceon|61/100 par\n|move|p2a: Glaceon|Freeze-Dry|p1a: Regice\n|-resisted|p1a: Regice\n|-damage|p1a: Regice|201/284 slp\n|\n|upkeep\n|turn|49\n|inactive|Time left: 300 sec this turn | 300 sec total\n|\n|t:|1783565606\n|-curestatus|p1a: Regice|slp|[msg]\n|move|p1a: Regice|Thunderbolt|p2a: Glaceon\n|-crit|p2a: Glaceon\n|-damage|p2a: Glaceon|27/100 par\n|move|p2a: Glaceon|Wish|p2a: Glaceon\n|\n|upkeep\n|turn|50\n|inactive|Time left: 300 sec this turn | 300 sec total\n|\n|t:|1783565607\n|move|p1a: Regice|Thunderbolt|p2a: Glaceon\n|-damage|p2a: Glaceon|4/100 par\n|cant|p2a: Glaceon|par\n|\n|-heal|p2a: Glaceon|54/100 par|[from] move: Wish|[wisher] Glaceon\n|upkeep\n|turn|51\n|inactive|Time left: 300 sec this turn | 300 sec total\n|\n|t:|1783565608\n|move|p1a: Regice|Thunderbolt|p2a: Glaceon\n|-damage|p2a: Glaceon|31/100 par\n|move|p2a: Glaceon|Wish|p2a: Glaceon\n|\n|upkeep\n|turn|52\n|inactive|Time left: 300 sec this turn | 300 sec total\n|\n|t:|1783565609\n|move|p1a: Regice|Thunderbolt|p2a: Glaceon\n|-damage|p2a: Glaceon|11/100 par\n|move|p2a: Glaceon|Freeze-Dry|p1a: Regice\n|-resisted|p1a: Regice\n|-damage|p1a: Regice|174/284\n|\n|-heal|p2a: Glaceon|60/100 par|[from] move: Wish|[wisher] Glaceon\n|upkeep\n|turn|53\n|inactive|Time left: 300 sec this turn | 300 sec total\n|\n|t:|1783565610\n|move|p1a: Regice|Thunderbolt|p2a: Glaceon\n|-damage|p2a: Glaceon|37/100 par\n|move|p2a: Glaceon|Wish|p2a: Glaceon\n|\n|upkeep\n|turn|54\n|inactive|Time left: 300 sec this turn | 300 sec total\n|\n|t:|1783565611\n|move|p1a: Regice|Thunderbolt|p2a: Glaceon\n|-damage|p2a: Glaceon|16/100 par\n|move|p2a: Glaceon|Mud Shot|p1a: Regice\n|-damage|p1a: Regice|146/284\n|\n|-heal|p2a: Glaceon|66/100 par|[from] move: Wish|[wisher] Glaceon\n|upkeep\n|turn|55\n|inactive|Time left: 300 sec this turn | 300 sec total\n|\n|t:|1783565612\n|move|p1a: Regice|Thunderbolt|p2a: Glaceon\n|-damage|p2a: Glaceon|44/100 par\n|move|p2a: Glaceon|Wish|p2a: Glaceon\n|\n|upkeep\n|turn|56\n|inactive|Time left: 300 sec this turn | 300 sec total\n|\n|t:|1783565613\n|move|p1a: Regice|Thunderbolt|p2a: Glaceon\n|-damage|p2a: Glaceon|21/100 par\n|move|p2a: Glaceon|Freeze-Dry|p1a: Regice\n|-resisted|p1a: Regice\n|-damage|p1a: Regice|117/284\n|\n|-heal|p2a: Glaceon|71/100 par|[from] move: Wish|[wisher] Glaceon\n|upkeep\n|turn|57\n|inactive|Time left: 300 sec this turn | 300 sec total\n|\n|t:|1783565614\n|switch|p2a: Dialga|Dialga, L73|100/100\n|-ability|p2a: Dialga|Pressure\n|move|p1a: Regice|Rest|p1a: Regice\n|-status|p1a: Regice|slp|[from] move: Rest\n|-heal|p1a: Regice|284/284 slp|[silent]\n|\n|upkeep\n|turn|58\n|inactive|Time left: 300 sec this turn | 300 sec total\n|\n|t:|1783565616\n|move|p2a: Dialga|Heavy Slam|p1a: Regice\n|-supereffective|p1a: Regice\n|-damage|p1a: Regice|152/284 slp\n|cant|p1a: Regice|slp\n|move|p1a: Regice|Sleep Talk|p1a: Regice\n|move|p1a: Regice|Thunderbolt|p2a: Dialga|[from] move: Sleep Talk\n|-resisted|p2a: Dialga\n|-damage|p2a: Dialga|91/100\n|\n|upkeep\n|turn|59\n|inactive|Time left: 300 sec this turn | 300 sec total\n|\n|t:|1783565616\n|move|p2a: Dialga|Heavy Slam|p1a: Regice\n|-supereffective|p1a: Regice\n|-damage|p1a: Regice|14/284 slp\n|cant|p1a: Regice|slp\n|move|p1a: Regice|Sleep Talk|p1a: Regice\n|move|p1a: Regice|Ice Beam|p2a: Dialga|[from] move: Sleep Talk\n|-damage|p2a: Dialga|65/100\n|-status|p2a: Dialga|frz\n|\n|upkeep\n|turn|60\n|inactive|Time left: 300 sec this turn | 300 sec total\n|\n|t:|1783565617\n|cant|p2a: Dialga|frz\n|-curestatus|p1a: Regice|slp|[msg]\n|move|p1a: Regice|Rest|p1a: Regice\n|-status|p1a: Regice|slp|[from] move: Rest\n|-heal|p1a: Regice|284/284 slp|[silent]\n|\n|upkeep\n|turn|61\n|inactive|Time left: 300 sec this turn | 300 sec total\n|\n|t:|1783565618\n|cant|p2a: Dialga|frz\n|cant|p1a: Regice|slp\n|move|p1a: Regice|Sleep Talk|p1a: Regice\n|move|p1a: Regice|Ice Beam|p2a: Dialga|[from] move: Sleep Talk\n|-damage|p2a: Dialga|36/100 frz\n|\n|upkeep\n|turn|62\n|inactive|Time left: 300 sec this turn | 300 sec total\n|\n|t:|1783565619\n|cant|p2a: Dialga|frz\n|cant|p1a: Regice|slp\n|move|p1a: Regice|Sleep Talk|p1a: Regice\n|move|p1a: Regice|Thunderbolt|p2a: Dialga|[from] move: Sleep Talk\n|-resisted|p2a: Dialga\n|-crit|p2a: Dialga\n|-damage|p2a: Dialga|23/100 frz\n|\n|upkeep\n|turn|63\n|inactive|Time left: 300 sec this turn | 300 sec total\n|\n|t:|1783565619\n|cant|p2a: Dialga|frz\n|-curestatus|p1a: Regice|slp|[msg]\n|move|p1a: Regice|Thunderbolt|p2a: Dialga\n|-resisted|p2a: Dialga\n|-damage|p2a: Dialga|13/100 frz\n|\n|upkeep\n|turn|64\n|inactive|Time left: 300 sec this turn | 300 sec total\n|\n|t:|1783565620\n|switch|p2a: Glaceon|Glaceon, L94, F|71/100 par\n|switch|p1a: Gholdengo|Gholdengo, L77|261/261\n|\n|upkeep\n|turn|65\n|inactive|Time left: 300 sec this turn | 300 sec total\n|\n|t:|1783565620\n|move|p1a: Gholdengo|Make It Rain|p2a: Glaceon\n|-supereffective|p2a: Glaceon\n|-damage|p2a: Glaceon|0 fnt\n|-unboost|p1a: Gholdengo|spa|1\n|faint|p2a: Glaceon\n|\n|upkeep\n|\n|t:|1783565621\n|switch|p2a: Walking Wake|Walking Wake, L79|28/100\n|turn|66\n|inactive|Time left: 300 sec this turn | 300 sec total\n|\n|t:|1783565622\n|switch|p1a: Raichu|Raichu-Alola, L87, M|114/246\n|move|p2a: Walking Wake|Hydro Pump|p1a: Raichu\n|-damage|p1a: Raichu|0 fnt\n|faint|p1a: Raichu\n|\n|upkeep\n|inactive|Time left: 300 sec this turn | 300 sec total | 5 sec grace\n|\n|t:|1783565622\n|switch|p1a: Porygon-Z|Porygon-Z, L83|277/277\n|turn|67\n|inactive|Time left: 300 sec this turn | 300 sec total\n|\n|t:|1783565623\n|-terastallize|p2a: Walking Wake|Water\n|move|p1a: Porygon-Z|Tri Attack|p2a: Walking Wake\n|-damage|p2a: Walking Wake|0 fnt\n|faint|p2a: Walking Wake\n|-end|p2a: Walking Wake|Protosynthesis|[silent]\n|\n|upkeep\n|\n|t:|1783565624\n|switch|p2a: Dialga|Dialga, L73|13/100 frz\n|-ability|p2a: Dialga|Pressure\n|turn|68\n|inactive|Time left: 300 sec this turn | 300 sec total\n|\n|t:|1783565625\n|move|p1a: Porygon-Z|Tri Attack|p2a: Dialga\n|-resisted|p2a: Dialga\n|-damage|p2a: Dialga|0 fnt\n|faint|p2a: Dialga\n|\n|win|p0x2204d27b", "uploadtime": 1783565625, "views": 0, "rating": 0, "private": 0, "password": null, "_winner": "p0x2204d27b", "_our_name": "p0x2204d27b"}