{"id": "battle-gen9randombattle-2211", "formatid": "gen9randombattle", "format": "[Gen 9] Random Battle", "players": ["p0x22116eea", "p0y22115f5e"], "log": "|init|battle\n|title|p0x22116eea vs. p0y22115f5e\n|j|\u2606p0x22116eea\n|j|\u2606p0y22115f5e\n|t:|1783565634\n|gametype|singles\n|player|p1|p0x22116eea|265|\n|player|p2|p0y22115f5e|169|\n|gen|9\n|tier|[Gen 9] Random Battle\n|rule|Species Clause: Limit one of each Pok\u00e9mon\n|rule|HP Percentage Mod: HP is shown in percentages\n|rule|Sleep Clause Mod: Limit one foe put to sleep\n|rule|Illusion Level Mod: Illusion disguises the Pok\u00e9mon's true level\n|\n|t:|1783565634\n|teamsize|p1|6\n|teamsize|p2|6\n|start\n|switch|p1a: Ogerpon|Ogerpon-Cornerstone, L76, F|247/247\n|switch|p2a: Typhlosion|Typhlosion, L84, M|100/100\n|turn|1\n|inactive|Battle timer is ON: inactive players will automatically lose when time's up. (requested by p0y22115f5e)\n|inactive|Time left: 300 sec this turn | 300 sec total | 60 sec grace\n|inactive|p0x22116eea also wants the timer to be on.\n|\n|t:|1783565636\n|move|p2a: Typhlosion|Eruption|p1a: Ogerpon\n|-ability|p1a: Ogerpon|Sturdy\n|-damage|p1a: Ogerpon|1/247\n|move|p1a: Ogerpon|Ivy Cudgel|p2a: Typhlosion|[anim] Ivy Cudgel Rock\n|-supereffective|p2a: Typhlosion\n|-damage|p2a: Typhlosion|1/100\n|\n|upkeep\n|turn|2\n|inactive|Time left: 300 sec this turn | 300 sec total\n|\n|t:|1783565637\n|switch|p1a: Yanmega|Yanmega, L82, M|275/275\n|move|p2a: Typhlosion|Eruption|p1a: Yanmega\n|-supereffective|p1a: Yanmega\n|-damage|p1a: Yanmega|269/275\n|\n|upkeep\n|turn|3\n|inactive|Time left: 300 sec this turn | 300 sec total\n|\n|t:|1783565638\n|switch|p2a: Bisharp|Bisharp, L79, F|100/100\n|move|p1a: Yanmega|Air Slash|p2a: Bisharp\n|-resisted|p2a: Bisharp\n|-damage|p2a: Bisharp|84/100\n|\n|-ability|p1a: Yanmega|Speed Boost|boost\n|-boost|p1a: Yanmega|spe|1\n|upkeep\n|turn|4\n|inactive|Time left: 300 sec this turn | 300 sec total\n|\n|t:|1783565639\n|move|p1a: Yanmega|Bug Buzz|p2a: Bisharp\n|-damage|p2a: Bisharp|47/100\n|move|p2a: Bisharp|Swords Dance|p2a: Bisharp\n|-boost|p2a: Bisharp|atk|2\n|\n|-ability|p1a: Yanmega|Speed Boost|boost\n|-boost|p1a: Yanmega|spe|1\n|upkeep\n|turn|5\n|inactive|Time left: 300 sec this turn | 300 sec total\n|\n|t:|1783565640\n|move|p1a: Yanmega|Air Slash|p2a: Bisharp\n|-resisted|p2a: Bisharp\n|-damage|p2a: Bisharp|31/100\n|move|p2a: Bisharp|Throat Chop|p1a: Yanmega\n|-damage|p1a: Yanmega|77/275\n|-start|p1a: Yanmega|Throat Chop|[silent]\n|\n|-ability|p1a: Yanmega|Speed Boost|boost\n|-boost|p1a: Yanmega|spe|1\n|upkeep\n|turn|6\n|inactive|Time left: 300 sec this turn | 300 sec total\n|\n|t:|1783565641\n|move|p1a: Yanmega|Protect|p1a: Yanmega\n|-singleturn|p1a: Yanmega|Protect\n|move|p2a: Bisharp|Sucker Punch||[still]\n|-fail|p2a: Bisharp\n|\n|-end|p1a: Yanmega|Throat Chop|[silent]\n|-ability|p1a: Yanmega|Speed Boost|boost\n|-boost|p1a: Yanmega|spe|1\n|upkeep\n|turn|7\n|inactive|Time left: 300 sec this turn | 300 sec total\n|\n|t:|1783565642\n|move|p2a: Bisharp|Sucker Punch|p1a: Yanmega\n|-damage|p1a: Yanmega|0 fnt\n|faint|p1a: Yanmega\n|\n|upkeep\n|inactive|Time left: 300 sec this turn | 300 sec total | 5 sec grace\n|\n|t:|1783565643\n|switch|p1a: Ambipom|Ambipom, L84, F|263/263\n|turn|8\n|inactive|Time left: 300 sec this turn | 300 sec total\n|\n|t:|1783565645\n|move|p1a: Ambipom|Low Kick|p2a: Bisharp\n|-supereffective|p2a: Bisharp\n|-damage|p2a: Bisharp|0 fnt\n|faint|p2a: Bisharp\n|\n|upkeep\n|\n|t:|1783565646\n|switch|p2a: Terrakion|Terrakion, L79|100/100\n|turn|9\n|inactive|Time left: 300 sec this turn | 300 sec total\n|\n|t:|1783565647\n|move|p1a: Ambipom|Low Kick|p2a: Terrakion\n|-supereffective|p2a: Terrakion\n|-damage|p2a: Terrakion|38/100\n|move|p2a: Terrakion|Close Combat|p1a: Ambipom\n|-supereffective|p1a: Ambipom\n|-damage|p1a: Ambipom|0 fnt\n|-unboost|p2a: Terrakion|def|1\n|-unboost|p2a: Terrakion|spd|1\n|faint|p1a: Ambipom\n|\n|upkeep\n|inactive|Time left: 300 sec this turn | 300 sec total | 5 sec grace\n|\n|t:|1783565648\n|switch|p1a: Grimmsnarl|Grimmsnarl, L83, M|293/293\n|turn|10\n|inactive|Time left: 300 sec this turn | 300 sec total\n|\n|t:|1783565649\n|move|p1a: Grimmsnarl|Reflect|p1a: Grimmsnarl\n|-sidestart|p1: p0x22116eea|Reflect\n|move|p2a: Terrakion|Close Combat|p1a: Grimmsnarl\n|-damage|p1a: Grimmsnarl|161/293\n|-unboost|p2a: Terrakion|def|1\n|-unboost|p2a: Terrakion|spd|1\n|\n|upkeep\n|turn|11\n|inactive|Time left: 300 sec this turn | 300 sec total\n|\n|t:|1783565650\n|move|p2a: Terrakion|Close Combat|p1a: Grimmsnarl\n|-damage|p1a: Grimmsnarl|27/293\n|-unboost|p2a: Terrakion|def|1\n|-unboost|p2a: Terrakion|spd|1\n|move|p1a: Grimmsnarl|Spirit Break|p2a: Terrakion\n|-supereffective|p2a: Terrakion\n|-damage|p2a: Terrakion|0 fnt\n|faint|p2a: Terrakion\n|\n|upkeep\n|\n|t:|1783565651\n|switch|p2a: Typhlosion|Typhlosion, L84, M|1/100\n|turn|12\n|inactive|Time left: 300 sec this turn | 300 sec total\n|\n|t:|1783565653\n|move|p1a: Grimmsnarl|Light Screen|p1a: Grimmsnarl\n|-sidestart|p1: p0x22116eea|move: Light Screen\n|move|p2a: Typhlosion|Scorching Sands|p1a: Grimmsnarl\n|-damage|p1a: Grimmsnarl|0 fnt\n|faint|p1a: Grimmsnarl\n|\n|upkeep\n|inactive|Time left: 300 sec this turn | 300 sec total | 5 sec grace\n|\n|t:|1783565654\n|switch|p1a: Glastrier|Glastrier, L86|312/312\n|turn|13\n|inactive|Time left: 300 sec this turn | 300 sec total\n|\n|t:|1783565654\n|move|p2a: Typhlosion|Scorching Sands|p1a: Glastrier\n|-damage|p1a: Glastrier|276/312\n|move|p1a: Glastrier|Icicle Crash|p2a: Typhlosion\n|-resisted|p2a: Typhlosion\n|-damage|p2a: Typhlosion|0 fnt\n|faint|p2a: Typhlosion\n|-ability|p1a: Glastrier|Chilling Neigh|boost\n|-boost|p1a: Glastrier|atk|1\n|\n|upkeep\n|\n|t:|1783565655\n|switch|p2a: Houndstone|Houndstone, L86, F|100/100\n|turn|14\n|inactive|Time left: 300 sec this turn | 300 sec total\n|\n|t:|1783565656\n|move|p2a: Houndstone|Poltergeist|p1a: Glastrier\n|-activate|p1a: Glastrier|move: Poltergeist|Heavy-Duty Boots\n|-damage|p1a: Glastrier|212/312\n|move|p1a: Glastrier|Swords Dance|p1a: Glastrier\n|-boost|p1a: Glastrier|atk|2\n|\n|upkeep\n|turn|15\n|inactive|Time left: 300 sec this turn | 300 sec total\n|\n|t:|1783565657\n|move|p2a: Houndstone|Poltergeist|p1a: Glastrier\n|-activate|p1a: Glastrier|move: Poltergeist|Heavy-Duty Boots\n|-damage|p1a: Glastrier|142/312\n|move|p1a: Glastrier|Icicle Crash|p2a: Houndstone\n|-damage|p2a: Houndstone|0 fnt\n|faint|p2a: Houndstone\n|-ability|p1a: Glastrier|Chilling Neigh|boost\n|-boost|p1a: Glastrier|atk|1\n|\n|upkeep\n|\n|t:|1783565658\n|switch|p2a: Rabsca|Rabsca, L91, M|100/100\n|turn|16\n|inactive|Time left: 300 sec this turn | 300 sec total\n|\n|t:|1783565659\n|-terastallize|p1a: Glastrier|Steel\n|-terastallize|p2a: Rabsca|Steel\n|move|p1a: Glastrier|Heavy Slam|p2a: Rabsca\n|-resisted|p2a: Rabsca\n|-damage|p2a: Rabsca|14/100\n|move|p2a: Rabsca|Bug Buzz|p1a: Glastrier\n|-resisted|p1a: Glastrier\n|-damage|p1a: Glastrier|114/312\n|\n|upkeep\n|turn|17\n|inactive|Time left: 300 sec this turn | 300 sec total\n|\n|t:|1783565660\n|move|p1a: Glastrier|Heavy Slam|p2a: Rabsca\n|-resisted|p2a: Rabsca\n|-damage|p2a: Rabsca|0 fnt\n|faint|p2a: Rabsca\n|-ability|p1a: Glastrier|Chilling Neigh|boost\n|-boost|p1a: Glastrier|atk|1\n|\n|-sideend|p1: p0x22116eea|Reflect\n|upkeep\n|\n|t:|1783565660\n|switch|p2a: Deoxys|Deoxys, L74|100/100\n|-ability|p2a: Deoxys|Pressure\n|turn|18\n|inactive|Time left: 300 sec this turn | 300 sec total\n|\n|t:|1783565661\n|move|p2a: Deoxys|Superpower|p1a: Glastrier\n|-supereffective|p1a: Glastrier\n|-damage|p1a: Glastrier|0 fnt\n|-unboost|p2a: Deoxys|atk|1\n|-unboost|p2a: Deoxys|def|1\n|faint|p1a: Glastrier\n|-damage|p2a: Deoxys|91/100|[from] item: Life Orb\n|\n|upkeep\n|inactive|Time left: 300 sec this turn | 300 sec total | 5 sec grace\n|\n|t:|1783565662\n|switch|p1a: Gastrodon|Gastrodon, L86, F|331/331\n|turn|19\n|inactive|Time left: 300 sec this turn | 300 sec total\n|\n|t:|1783565663\n|move|p2a: Deoxys|Ice Beam|p1a: Gastrodon\n|-damage|p1a: Gastrodon|282/331\n|-damage|p2a: Deoxys|81/100|[from] item: Life Orb\n|move|p1a: Gastrodon|Earthquake|p2a: Deoxys\n|-damage|p2a: Deoxys|0 fnt\n|faint|p2a: Deoxys\n|\n|win|p0x22116eea", "uploadtime": 1783565663, "views": 0, "rating": 0, "private": 0, "password": null, "_winner": "p0x22116eea", "_our_name": "p0x22116eea"}