{"id": "battle-gen9randombattle-1041", "formatid": "gen9randombattle", "format": "[Gen 9] Random Battle", "players": ["p0x10416f86", "p0y1041f4a8"], "log": "|init|battle\n|title|p0x10416f86 vs. p0y1041f4a8\n|j|\u2606p0x10416f86\n|j|\u2606p0y1041f4a8\n|t:|1783551245\n|gametype|singles\n|player|p1|p0x10416f86|169|\n|player|p2|p0y1041f4a8|265|\n|gen|9\n|tier|[Gen 9] Random Battle\n|rule|Species Clause: Limit one of each Pok\u00e9mon\n|rule|HP Percentage Mod: HP is shown in percentages\n|rule|Sleep Clause Mod: Limit one foe put to sleep\n|rule|Illusion Level Mod: Illusion disguises the Pok\u00e9mon's true level\n|\n|t:|1783551245\n|teamsize|p1|6\n|teamsize|p2|6\n|start\n|switch|p1a: Urshifu|Urshifu-Rapid-Strike, L75, F|274/274\n|switch|p2a: Klefki|Klefki, L84, F|100/100\n|turn|1\n|inactive|Battle timer is ON: inactive players will automatically lose when time's up. (requested by p0y1041f4a8)\n|inactive|Time left: 300 sec this turn | 300 sec total | 60 sec grace\n|inactive|p0x10416f86 also wants the timer to be on.\n|\n|t:|1783551247\n|move|p1a: Urshifu|Surging Strikes|p2a: Klefki\n|-crit|p2a: Klefki\n|-damage|p2a: Klefki|72/100\n|-crit|p2a: Klefki\n|-damage|p2a: Klefki|46/100\n|-crit|p2a: Klefki\n|-damage|p2a: Klefki|17/100\n|-hitcount|p2a: Klefki|3\n|move|p2a: Klefki|Play Rough|p1a: Urshifu\n|-supereffective|p1a: Urshifu\n|-damage|p1a: Urshifu|112/274\n|\n|-heal|p2a: Klefki|23/100|[from] item: Leftovers\n|upkeep\n|turn|2\n|inactive|Time left: 300 sec this turn | 300 sec total\n|\n|t:|1783551248\n|move|p2a: Klefki|Spikes|p1a: Urshifu\n|-sidestart|p1: p0x10416f86|Spikes\n|move|p1a: Urshifu|Surging Strikes|p2a: Klefki\n|-crit|p2a: Klefki\n|-damage|p2a: Klefki|0 fnt\n|faint|p2a: Klefki\n|-hitcount|p2: Klefki|1\n|\n|upkeep\n|\n|t:|1783551249\n|switch|p2a: Persian|Persian, L92, F|100/100\n|turn|3\n|inactive|Time left: 300 sec this turn | 300 sec total\n|\n|t:|1783551250\n|move|p2a: Persian|Double-Edge|p1a: Urshifu\n|-damage|p1a: Urshifu|0 fnt\n|faint|p1a: Urshifu\n|-damage|p2a: Persian|87/100|[from] Recoil\n|\n|upkeep\n|inactive|Time left: 300 sec this turn | 300 sec total | 5 sec grace\n|\n|t:|1783551251\n|switch|p1a: Rayquaza|Rayquaza, L72|270/270\n|-ability|p1a: Rayquaza|Air Lock\n|turn|4\n|inactive|Time left: 300 sec this turn | 300 sec total\n|\n|t:|1783551252\n|switch|p2a: Dachsbun|Dachsbun, L92, M|100/100\n|move|p1a: Rayquaza|Dragon Dance|p1a: Rayquaza\n|-boost|p1a: Rayquaza|atk|1\n|-boost|p1a: Rayquaza|spe|1\n|\n|upkeep\n|turn|5\n|inactive|Time left: 300 sec this turn | 300 sec total\n|\n|t:|1783551254\n|move|p1a: Rayquaza|Dragon Dance|p1a: Rayquaza\n|-boost|p1a: Rayquaza|atk|1\n|-boost|p1a: Rayquaza|spe|1\n|move|p2a: Dachsbun|Play Rough|p1a: Rayquaza\n|-supereffective|p1a: Rayquaza\n|-damage|p1a: Rayquaza|36/270\n|\n|upkeep\n|turn|6\n|inactive|Time left: 300 sec this turn | 300 sec total\n|\n|t:|1783551255\n|-terastallize|p1a: Rayquaza|Flying\n|move|p1a: Rayquaza|Dragon Ascent|p2a: Dachsbun\n|-damage|p2a: Dachsbun|4/100\n|-unboost|p1a: Rayquaza|def|1\n|-unboost|p1a: Rayquaza|spd|1\n|move|p2a: Dachsbun|Body Press|p1a: Rayquaza\n|-resisted|p1a: Rayquaza\n|-damage|p1a: Rayquaza|0 fnt\n|faint|p1a: Rayquaza\n|\n|-heal|p2a: Dachsbun|10/100|[from] item: Leftovers\n|upkeep\n|inactive|Time left: 300 sec this turn | 300 sec total | 5 sec grace\n|\n|t:|1783551256\n|switch|p1a: Arbok|Arbok, L87, F|246/246\n|-damage|p1a: Arbok|216/246|[from] Spikes\n|-ability|p1a: Arbok|Intimidate|boost\n|-unboost|p2a: Dachsbun|atk|1\n|turn|7\n|inactive|Time left: 300 sec this turn | 300 sec total\n|\n|t:|1783551257\n|move|p2a: Dachsbun|Protect|p2a: Dachsbun\n|-singleturn|p2a: Dachsbun|Protect\n|move|p1a: Arbok|Coil|p1a: Arbok\n|-boost|p1a: Arbok|atk|1\n|-boost|p1a: Arbok|def|1\n|-boost|p1a: Arbok|accuracy|1\n|\n|-heal|p2a: Dachsbun|16/100|[from] item: Leftovers\n|-heal|p1a: Arbok|231/246|[from] item: Leftovers\n|upkeep\n|turn|8\n|inactive|Time left: 300 sec this turn | 300 sec total\n|\n|t:|1783551258\n|move|p2a: Dachsbun|Play Rough|p1a: Arbok\n|-resisted|p1a: Arbok\n|-damage|p1a: Arbok|207/246\n|move|p1a: Arbok|Coil|p1a: Arbok\n|-boost|p1a: Arbok|atk|1\n|-boost|p1a: Arbok|def|1\n|-boost|p1a: Arbok|accuracy|1\n|\n|-heal|p2a: Dachsbun|22/100|[from] item: Leftovers\n|-heal|p1a: Arbok|222/246|[from] item: Leftovers\n|upkeep\n|turn|9\n|inactive|Time left: 300 sec this turn | 300 sec total\n|\n|t:|1783551259\n|move|p2a: Dachsbun|Wish|p2a: Dachsbun\n|move|p1a: Arbok|Trailblaze|p2a: Dachsbun\n|-damage|p2a: Dachsbun|2/100\n|-boost|p1a: Arbok|spe|1\n|\n|-heal|p1a: Arbok|237/246|[from] item: Leftovers\n|-heal|p2a: Dachsbun|8/100|[from] item: Leftovers\n|upkeep\n|turn|10\n|inactive|Time left: 300 sec this turn | 300 sec total\n|\n|t:|1783551260\n|move|p2a: Dachsbun|Protect|p2a: Dachsbun\n|-singleturn|p2a: Dachsbun|Protect\n|move|p1a: Arbok|Coil|p1a: Arbok\n|-boost|p1a: Arbok|atk|1\n|-boost|p1a: Arbok|def|1\n|-boost|p1a: Arbok|accuracy|1\n|\n|-heal|p2a: Dachsbun|58/100|[from] move: Wish|[wisher] Dachsbun\n|-heal|p1a: Arbok|246/246|[from] item: Leftovers\n|-heal|p2a: Dachsbun|64/100|[from] item: Leftovers\n|upkeep\n|turn|11\n|inactive|Time left: 300 sec this turn | 300 sec total\n|\n|t:|1783551261\n|move|p1a: Arbok|Earthquake|p2a: Dachsbun\n|-damage|p2a: Dachsbun|11/100\n|move|p2a: Dachsbun|Wish|p2a: Dachsbun\n|\n|-heal|p2a: Dachsbun|17/100|[from] item: Leftovers\n|upkeep\n|turn|12\n|inactive|Time left: 300 sec this turn | 300 sec total\n|\n|t:|1783551262\n|move|p2a: Dachsbun|Protect|p2a: Dachsbun\n|-singleturn|p2a: Dachsbun|Protect\n|move|p1a: Arbok|Earthquake|p2a: Dachsbun\n|-activate|p2a: Dachsbun|move: Protect\n|\n|-heal|p2a: Dachsbun|67/100|[from] move: Wish|[wisher] Dachsbun\n|-heal|p2a: Dachsbun|73/100|[from] item: Leftovers\n|upkeep\n|turn|13\n|inactive|Time left: 300 sec this turn | 300 sec total\n|\n|t:|1783551263\n|move|p2a: Dachsbun|Protect||[still]\n|-fail|p2a: Dachsbun\n|move|p1a: Arbok|Earthquake|p2a: Dachsbun\n|-damage|p2a: Dachsbun|23/100\n|\n|-heal|p2a: Dachsbun|28/100|[from] item: Leftovers\n|upkeep\n|turn|14\n|inactive|Time left: 300 sec this turn | 300 sec total\n|\n|t:|1783551265\n|move|p2a: Dachsbun|Protect|p2a: Dachsbun\n|-singleturn|p2a: Dachsbun|Protect\n|move|p1a: Arbok|Earthquake|p2a: Dachsbun\n|-activate|p2a: Dachsbun|move: Protect\n|\n|-heal|p2a: Dachsbun|34/100|[from] item: Leftovers\n|upkeep\n|turn|15\n|inactive|Time left: 300 sec this turn | 300 sec total\n|\n|t:|1783551266\n|move|p1a: Arbok|Earthquake|p2a: Dachsbun\n|-damage|p2a: Dachsbun|0 fnt\n|faint|p2a: Dachsbun\n|\n|upkeep\n|\n|t:|1783551267\n|switch|p2a: Vaporeon|Vaporeon, L86, F|100/100\n|turn|16\n|inactive|Time left: 300 sec this turn | 300 sec total\n|\n|t:|1783551268\n|-terastallize|p2a: Vaporeon|Ghost\n|move|p1a: Arbok|Gunk Shot|p2a: Vaporeon\n|-resisted|p2a: Vaporeon\n|-damage|p2a: Vaporeon|42/100\n|move|p2a: Vaporeon|Haze|p2a: Vaporeon\n|-clearallboost\n|\n|-heal|p2a: Vaporeon|48/100|[from] item: Leftovers\n|upkeep\n|turn|17\n|inactive|Time left: 300 sec this turn | 300 sec total\n|\n|t:|1783551269\n|move|p1a: Arbok|Gunk Shot|p2a: Vaporeon\n|-resisted|p2a: Vaporeon\n|-damage|p2a: Vaporeon|23/100\n|-status|p2a: Vaporeon|psn\n|move|p2a: Vaporeon|Scald|p1a: Arbok\n|-damage|p1a: Arbok|143/246\n|\n|-heal|p1a: Arbok|158/246|[from] item: Leftovers\n|-heal|p2a: Vaporeon|29/100 psn|[from] item: Leftovers\n|-damage|p2a: Vaporeon|17/100 psn|[from] psn\n|upkeep\n|turn|18\n|inactive|Time left: 300 sec this turn | 300 sec total\n|\n|t:|1783551270\n|move|p1a: Arbok|Gunk Shot|p2a: Vaporeon\n|-resisted|p2a: Vaporeon\n|-damage|p2a: Vaporeon|0 fnt\n|faint|p2a: Vaporeon\n|\n|-heal|p1a: Arbok|173/246|[from] item: Leftovers\n|upkeep\n|\n|t:|1783551271\n|switch|p2a: Deoxys|Deoxys, L74|100/100\n|-ability|p2a: Deoxys|Pressure\n|turn|19\n|inactive|Time left: 300 sec this turn | 300 sec total\n|\n|t:|1783551272\n|move|p2a: Deoxys|Psycho Boost|p1a: Arbok\n|-supereffective|p1a: Arbok\n|-damage|p1a: Arbok|0 fnt\n|-unboost|p2a: Deoxys|spa|2\n|faint|p1a: Arbok\n|-damage|p2a: Deoxys|91/100|[from] item: Life Orb\n|\n|upkeep\n|inactive|Time left: 300 sec this turn | 300 sec total | 5 sec grace\n|\n|t:|1783551273\n|switch|p1a: Regieleki|Regieleki, L79|256/256\n|-damage|p1a: Regieleki|224/256|[from] Spikes\n|turn|20\n|inactive|Time left: 300 sec this turn | 300 sec total\n|\n|t:|1783551274\n|switch|p2a: Frosmoth|Frosmoth, L82, F|100/100\n|move|p1a: Regieleki|Thunderbolt|p2a: Frosmoth\n|-damage|p2a: Frosmoth|73/100\n|\n|upkeep\n|turn|21\n|inactive|Time left: 300 sec this turn | 300 sec total\n|\n|t:|1783551275\n|move|p1a: Regieleki|Volt Switch|p2a: Frosmoth\n|-damage|p2a: Frosmoth|52/100\n|inactive|Time left: 300 sec this turn | 300 sec total | 5 sec grace\n|\n|t:|1783551276\n|switch|p1a: Swanna|Swanna, L89, M|278/278|[from] Volt Switch\n|move|p2a: Frosmoth|Bug Buzz|p1a: Swanna\n|-resisted|p1a: Swanna\n|-damage|p1a: Swanna|212/278\n|\n|upkeep\n|turn|22\n|inactive|Time left: 300 sec this turn | 300 sec total\n|\n|t:|1783551276\n|switch|p2a: Persian|Persian, L92, F|87/100\n|move|p1a: Swanna|Brave Bird|p2a: Persian\n|-damage|p2a: Persian|32/100\n|-damage|p1a: Swanna|163/278|[from] Recoil\n|\n|upkeep\n|turn|23\n|inactive|Time left: 300 sec this turn | 300 sec total\n|\n|t:|1783551277\n|switch|p1a: Eternatus|Eternatus, L69|308/308\n|-damage|p1a: Eternatus|270/308|[from] Spikes\n|-ability|p1a: Eternatus|Pressure\n|move|p2a: Persian|Double-Edge|p1a: Eternatus\n|-damage|p1a: Eternatus|110/308\n|-damage|p2a: Persian|12/100|[from] Recoil\n|\n|-heal|p1a: Eternatus|129/308|[from] item: Leftovers\n|upkeep\n|turn|24\n|inactive|Time left: 300 sec this turn | 300 sec total\n|\n|t:|1783551278\n|move|p2a: Persian|Double-Edge|p1a: Eternatus\n|-damage|p1a: Eternatus|0 fnt\n|faint|p1a: Eternatus\n|-damage|p2a: Persian|0 fnt|[from] Recoil\n|faint|p2a: Persian\n|\n|upkeep\n|inactive|Time left: 300 sec this turn | 300 sec total | 5 sec grace\n|\n|t:|1783551279\n|switch|p2a: Deoxys|Deoxys, L74|91/100\n|switch|p1a: Swanna|Swanna, L89, M|163/278\n|-ability|p2a: Deoxys|Pressure\n|turn|25\n|inactive|Time left: 300 sec this turn | 300 sec total\n|\n|t:|1783551281\n|switch|p1a: Regieleki|Regieleki, L79|224/256\n|-damage|p1a: Regieleki|192/256|[from] Spikes\n|move|p2a: Deoxys|Psycho Boost|p1a: Regieleki\n|-damage|p1a: Regieleki|0 fnt\n|-unboost|p2a: Deoxys|spa|2\n|faint|p1a: Regieleki\n|-damage|p2a: Deoxys|81/100|[from] item: Life Orb\n|\n|upkeep\n|inactive|Time left: 300 sec this turn | 300 sec total | 5 sec grace\n|\n|t:|1783551281\n|switch|p1a: Swanna|Swanna, L89, M|163/278\n|turn|26\n|inactive|Time left: 300 sec this turn | 300 sec total\n|\n|t:|1783551282\n|switch|p2a: Frosmoth|Frosmoth, L82, F|52/100\n|move|p1a: Swanna|Roost|p1a: Swanna\n|-heal|p1a: Swanna|278/278\n|-singleturn|p1a: Swanna|move: Roost\n|\n|upkeep\n|turn|27\n|inactive|Time left: 300 sec this turn | 300 sec total\n|\n|t:|1783551283\n|move|p1a: Swanna|Hydro Pump|p2a: Frosmoth\n|-damage|p2a: Frosmoth|29/100\n|move|p2a: Frosmoth|Quiver Dance|p2a: Frosmoth\n|-boost|p2a: Frosmoth|spa|1\n|-boost|p2a: Frosmoth|spd|1\n|-boost|p2a: Frosmoth|spe|1\n|\n|upkeep\n|turn|28\n|inactive|Time left: 300 sec this turn | 300 sec total\n|\n|t:|1783551284\n|move|p2a: Frosmoth|Ice Beam|p1a: Swanna\n|-damage|p1a: Swanna|76/278\n|move|p1a: Swanna|Roost|p1a: Swanna\n|-heal|p1a: Swanna|215/278\n|-singleturn|p1a: Swanna|move: Roost\n|\n|upkeep\n|turn|29\n|inactive|Time left: 300 sec this turn | 300 sec total\n|\n|t:|1783551285\n|move|p2a: Frosmoth|Ice Beam|p1a: Swanna\n|-damage|p1a: Swanna|25/278\n|-status|p1a: Swanna|frz\n|cant|p1a: Swanna|frz\n|\n|upkeep\n|turn|30\n|inactive|Time left: 300 sec this turn | 300 sec total\n|\n|t:|1783551286\n|move|p2a: Frosmoth|Ice Beam|p1a: Swanna\n|-damage|p1a: Swanna|0 fnt\n|faint|p1a: Swanna\n|\n|win|p0y1041f4a8", "uploadtime": 1783551286, "views": 0, "rating": 0, "private": 0, "password": null, "_winner": "p0y1041f4a8", "_our_name": "p0x10416f86"}