{"id": "battle-gen9randombattle-2186", "formatid": "gen9randombattle", "format": "[Gen 9] Random Battle", "players": ["p0x21866e55", "p0y21862722"], "log": "|init|battle\n|title|p0x21866e55 vs. p0y21862722\n|j|\u2606p0x21866e55\n|j|\u2606p0y21862722\n|t:|1783564436\n|gametype|singles\n|player|p1|p0x21866e55|2|\n|player|p2|p0y21862722|2|\n|gen|9\n|tier|[Gen 9] Random Battle\n|rule|Species Clause: Limit one of each Pok\u00e9mon\n|rule|HP Percentage Mod: HP is shown in percentages\n|rule|Sleep Clause Mod: Limit one foe put to sleep\n|rule|Illusion Level Mod: Illusion disguises the Pok\u00e9mon's true level\n|\n|t:|1783564436\n|teamsize|p1|6\n|teamsize|p2|6\n|start\n|switch|p1a: Greedent|Greedent, L86, F|100/100\n|switch|p2a: Whimsicott|Whimsicott, L84, F|238/238\n|turn|1\n|inactive|Battle timer is ON: inactive players will automatically lose when time's up. (requested by p0x21866e55)\n|inactive|Time left: 300 sec this turn | 300 sec total | 60 sec grace\n|inactive|p0y21862722 also wants the timer to be on.\n|\n|t:|1783564437\n|move|p2a: Whimsicott|Leech Seed|p1a: Greedent\n|-start|p1a: Greedent|move: Leech Seed\n|move|p1a: Greedent|Swords Dance|p1a: Greedent\n|-boost|p1a: Greedent|atk|2\n|\n|-damage|p1a: Greedent|88/100|[from] Leech Seed|[of] p2a: Whimsicott\n|upkeep\n|turn|2\n|inactive|Time left: 300 sec this turn | 300 sec total\n|\n|t:|1783564438\n|move|p2a: Whimsicott|Encore|p1a: Greedent\n|-start|p1a: Greedent|Encore\n|move|p1a: Greedent|Swords Dance|p1a: Greedent\n|-boost|p1a: Greedent|atk|2\n|\n|-damage|p1a: Greedent|76/100|[from] Leech Seed|[of] p2a: Whimsicott\n|upkeep\n|turn|3\n|inactive|Time left: 300 sec this turn | 300 sec total\n|\n|t:|1783564439\n|switch|p1a: Porygon2|Porygon2, L81|100/100\n|-ability|p1a: Porygon2|Download|boost\n|-boost|p1a: Porygon2|spa|1\n|move|p2a: Whimsicott|Moonblast|p1a: Porygon2\n|-damage|p1a: Porygon2|78/100\n|\n|upkeep\n|turn|4\n|inactive|Time left: 300 sec this turn | 300 sec total\n|\n|t:|1783564440\n|move|p2a: Whimsicott|Leech Seed|p1a: Porygon2\n|-start|p1a: Porygon2|move: Leech Seed\n|move|p1a: Porygon2|Tera Blast|p2a: Whimsicott\n|-damage|p2a: Whimsicott|91/238\n|\n|-heal|p2a: Whimsicott|105/238|[from] item: Leftovers\n|-damage|p1a: Porygon2|66/100|[from] Leech Seed|[of] p2a: Whimsicott\n|-heal|p2a: Whimsicott|138/238|[silent]\n|upkeep\n|turn|5\n|inactive|Time left: 300 sec this turn | 300 sec total\n|\n|t:|1783564441\n|move|p2a: Whimsicott|Moonblast|p1a: Porygon2\n|-damage|p1a: Porygon2|45/100\n|-unboost|p1a: Porygon2|spa|1\n|move|p1a: Porygon2|Tera Blast|p2a: Whimsicott\n|-damage|p2a: Whimsicott|38/238\n|\n|-heal|p2a: Whimsicott|52/238|[from] item: Leftovers\n|-damage|p1a: Porygon2|33/100|[from] Leech Seed|[of] p2a: Whimsicott\n|-heal|p2a: Whimsicott|85/238|[silent]\n|upkeep\n|turn|6\n|inactive|Time left: 300 sec this turn | 300 sec total\n|\n|t:|1783564442\n|switch|p2a: Gardevoir|Gardevoir, L83, M|249/249\n|-ability|p2a: Gardevoir|Download|Trace|[from] ability: Trace|[of] p1a: Porygon2\n|-ability|p2a: Gardevoir|Download|boost\n|-boost|p2a: Gardevoir|atk|1\n|switch|p1a: Vespiquen|Vespiquen, L99, F|100/100\n|-ability|p1a: Vespiquen|Pressure\n|\n|upkeep\n|turn|7\n|inactive|Time left: 300 sec this turn | 300 sec total\n|\n|t:|1783564443\n|move|p2a: Gardevoir|Mystical Fire|p1a: Vespiquen\n|-supereffective|p1a: Vespiquen\n|-damage|p1a: Vespiquen|67/100\n|-unboost|p1a: Vespiquen|spa|1\n|move|p1a: Vespiquen|Spikes|p2a: Gardevoir\n|-sidestart|p2: p0y21862722|Spikes\n|\n|upkeep\n|turn|8\n|inactive|Time left: 300 sec this turn | 300 sec total\n|\n|t:|1783564444\n|move|p2a: Gardevoir|Mystical Fire|p1a: Vespiquen\n|-supereffective|p1a: Vespiquen\n|-damage|p1a: Vespiquen|35/100\n|-unboost|p1a: Vespiquen|spa|1\n|move|p1a: Vespiquen|U-turn|p2a: Gardevoir\n|-damage|p2a: Gardevoir|129/249\n|\n|t:|1783564446\n|switch|p1a: Greedent|Greedent, L86, F|76/100|[from] U-turn\n|\n|upkeep\n|turn|9\n|inactive|Time left: 300 sec this turn | 300 sec total\n|\n|t:|1783564447\n|move|p2a: Gardevoir|Mystical Fire|p1a: Greedent\n|-crit|p1a: Greedent\n|-damage|p1a: Greedent|44/100\n|-unboost|p1a: Greedent|spa|1\n|-enditem|p1a: Greedent|Sitrus Berry|[eat]\n|-heal|p1a: Greedent|69/100|[from] item: Sitrus Berry\n|-heal|p1a: Greedent|100/100|[from] ability: Cheek Pouch\n|move|p1a: Greedent|Body Slam|p2a: Gardevoir\n|-damage|p2a: Gardevoir|8/249\n|\n|upkeep\n|turn|10\n|inactive|Time left: 300 sec this turn | 300 sec total\n|\n|t:|1783564448\n|move|p2a: Gardevoir|Mystical Fire|p1a: Greedent\n|-damage|p1a: Greedent|81/100\n|-unboost|p1a: Greedent|spa|1\n|move|p1a: Greedent|Swords Dance|p1a: Greedent\n|-boost|p1a: Greedent|atk|2\n|\n|upkeep\n|turn|11\n|inactive|Time left: 300 sec this turn | 300 sec total\n|\n|t:|1783564449\n|move|p2a: Gardevoir|Mystical Fire|p1a: Greedent\n|-damage|p1a: Greedent|61/100\n|-unboost|p1a: Greedent|spa|1\n|move|p1a: Greedent|Earthquake|p2a: Gardevoir\n|-damage|p2a: Gardevoir|0 fnt\n|faint|p2a: Gardevoir\n|\n|upkeep\n|inactive|Time left: 300 sec this turn | 300 sec total | 5 sec grace\n|\n|t:|1783564450\n|switch|p2a: Kleavor|Kleavor, L78, F|237/237\n|turn|12\n|inactive|Time left: 300 sec this turn | 300 sec total\n|\n|t:|1783564451\n|move|p2a: Kleavor|Swords Dance|p2a: Kleavor\n|-boost|p2a: Kleavor|atk|2\n|move|p1a: Greedent|Knock Off|p2a: Kleavor\n|-damage|p2a: Kleavor|96/237\n|-enditem|p2a: Kleavor|Heavy-Duty Boots|[from] move: Knock Off|[of] p1a: Greedent\n|\n|upkeep\n|turn|13\n|inactive|Time left: 300 sec this turn | 300 sec total\n|\n|t:|1783564452\n|switch|p1a: Eternatus|Eternatus, L69|100/100\n|-ability|p1a: Eternatus|Pressure\n|move|p2a: Kleavor|Stone Axe|p1a: Eternatus\n|-damage|p1a: Eternatus|21/100\n|-sidestart|p1: p0x21866e55|move: Stealth Rock\n|\n|-heal|p1a: Eternatus|27/100|[from] item: Leftovers\n|upkeep\n|turn|14\n|inactive|Time left: 300 sec this turn | 300 sec total\n|\n|t:|1783564453\n|move|p1a: Eternatus|Dynamax Cannon|p2a: Kleavor\n|-damage|p2a: Kleavor|0 fnt\n|faint|p2a: Kleavor\n|\n|-heal|p1a: Eternatus|33/100|[from] item: Leftovers\n|upkeep\n|inactive|Time left: 300 sec this turn | 300 sec total | 5 sec grace\n|\n|t:|1783564455\n|switch|p2a: Thundurus|Thundurus, L80, M|258/258\n|turn|15\n|inactive|Time left: 300 sec this turn | 300 sec total\n|\n|t:|1783564456\n|move|p2a: Thundurus|Nasty Plot|p2a: Thundurus\n|-boost|p2a: Thundurus|spa|2\n|move|p1a: Eternatus|Recover|p1a: Eternatus\n|-heal|p1a: Eternatus|83/100\n|\n|-heal|p1a: Eternatus|89/100|[from] item: Leftovers\n|upkeep\n|turn|16\n|inactive|Time left: 300 sec this turn | 300 sec total\n|\n|t:|1783564457\n|-terastallize|p2a: Thundurus|Flying\n|move|p2a: Thundurus|Tera Blast|p1a: Eternatus|[anim] Tera Blast Flying\n|-damage|p1a: Eternatus|0 fnt\n|faint|p1a: Eternatus\n|\n|upkeep\n|\n|t:|1783564458\n|switch|p1a: Trevenant|Trevenant, L89, F|100/100\n|-damage|p1a: Trevenant|88/100|[from] Stealth Rock\n|turn|17\n|inactive|Time left: 300 sec this turn | 300 sec total\n|\n|t:|1783564459\n|move|p1a: Trevenant|Protect|p1a: Trevenant\n|-singleturn|p1a: Trevenant|Protect\n|move|p2a: Thundurus|Tera Blast|p1a: Trevenant|[anim] Tera Blast Flying\n|-activate|p1a: Trevenant|move: Protect\n|\n|upkeep\n|turn|18\n|inactive|Time left: 300 sec this turn | 300 sec total\n|\n|t:|1783564460\n|switch|p1a: Porygon2|Porygon2, L81|33/100\n|-damage|p1a: Porygon2|20/100|[from] Stealth Rock\n|-ability|p1a: Porygon2|Download|boost\n|-boost|p1a: Porygon2|atk|1\n|move|p2a: Thundurus|Tera Blast|p1a: Porygon2|[anim] Tera Blast Flying\n|-damage|p1a: Porygon2|0 fnt\n|faint|p1a: Porygon2\n|\n|upkeep\n|\n|t:|1783564461\n|switch|p1a: Trevenant|Trevenant, L89, F|88/100\n|-damage|p1a: Trevenant|75/100|[from] Stealth Rock\n|turn|19\n|inactive|Time left: 300 sec this turn | 300 sec total\n|\n|t:|1783564462\n|move|p1a: Trevenant|Protect|p1a: Trevenant\n|-singleturn|p1a: Trevenant|Protect\n|move|p2a: Thundurus|Tera Blast|p1a: Trevenant|[anim] Tera Blast Flying\n|-activate|p1a: Trevenant|move: Protect\n|\n|upkeep\n|turn|20\n|inactive|Time left: 300 sec this turn | 300 sec total\n|\n|t:|1783564463\n|move|p1a: Trevenant|Protect|p1a: Trevenant\n|-singleturn|p1a: Trevenant|Protect\n|move|p2a: Thundurus|Tera Blast|p1a: Trevenant|[anim] Tera Blast Flying\n|-activate|p1a: Trevenant|move: Protect\n|\n|upkeep\n|turn|21\n|inactive|Time left: 300 sec this turn | 300 sec total\n|\n|t:|1783564464\n|move|p2a: Thundurus|Tera Blast|p1a: Trevenant|[anim] Tera Blast Flying\n|-supereffective|p1a: Trevenant\n|-crit|p1a: Trevenant\n|-damage|p1a: Trevenant|0 fnt\n|faint|p1a: Trevenant\n|\n|upkeep\n|\n|t:|1783564465\n|switch|p1a: Malamar|Malamar, L82, F|100/100\n|-damage|p1a: Malamar|88/100|[from] Stealth Rock\n|turn|22\n|inactive|Time left: 300 sec this turn | 300 sec total\n|\n|t:|1783564465\n|switch|p1a: Vespiquen|Vespiquen, L99, F|35/100\n|-ability|p1a: Vespiquen|Pressure\n|move|p2a: Thundurus|Tera Blast|p1a: Vespiquen|[anim] Tera Blast Flying\n|-supereffective|p1a: Vespiquen\n|-damage|p1a: Vespiquen|0 fnt\n|faint|p1a: Vespiquen\n|\n|upkeep\n|\n|t:|1783564467\n|switch|p1a: Greedent|Greedent, L86, F|61/100\n|-damage|p1a: Greedent|49/100|[from] Stealth Rock\n|turn|23\n|inactive|Time left: 300 sec this turn | 300 sec total\n|\n|t:|1783564468\n|move|p2a: Thundurus|Tera Blast|p1a: Greedent|[anim] Tera Blast Flying\n|-crit|p1a: Greedent\n|-damage|p1a: Greedent|0 fnt\n|faint|p1a: Greedent\n|\n|upkeep\n|\n|t:|1783564469\n|switch|p1a: Malamar|Malamar, L82, F|88/100\n|-damage|p1a: Malamar|76/100|[from] Stealth Rock\n|turn|24\n|inactive|Time left: 300 sec this turn | 300 sec total\n|\n|t:|1783564470\n|-terastallize|p1a: Malamar|Steel\n|move|p2a: Thundurus|Thunderbolt|p1a: Malamar\n|-damage|p1a: Malamar|0 fnt\n|faint|p1a: Malamar\n|\n|win|p0y21862722", "uploadtime": 1783564470, "views": 0, "rating": 0, "private": 0, "password": null, "_winner": "p0y21862722", "_our_name": "p0y21862722"}