{"id": "battle-gen9randombattle-739", "formatid": "gen9randombattle", "format": "[Gen 9] Random Battle", "players": ["p0x739efdf", "p0y739b483"], "log": "|init|battle\n|title|p0x739efdf vs. p0y739b483\n|j|\u2606p0x739efdf\n|j|\u2606p0y739b483\n|t:|1783547694\n|gametype|singles\n|player|p1|p0x739efdf|170|\n|player|p2|p0y739b483|2|\n|gen|9\n|tier|[Gen 9] Random Battle\n|rule|Species Clause: Limit one of each Pok\u00e9mon\n|rule|HP Percentage Mod: HP is shown in percentages\n|rule|Sleep Clause Mod: Limit one foe put to sleep\n|rule|Illusion Level Mod: Illusion disguises the Pok\u00e9mon's true level\n|\n|t:|1783547694\n|teamsize|p1|6\n|teamsize|p2|6\n|start\n|switch|p1a: Scrafty|Scrafty, L83, F|244/244\n|switch|p2a: Solgaleo|Solgaleo, L74|100/100\n|turn|1\n|inactive|Battle timer is ON: inactive players will automatically lose when time's up. (requested by p0x739efdf)\n|inactive|p0y739b483 also wants the timer to be on.\n|\n|t:|1783547696\n|move|p2a: Solgaleo|Sunsteel Strike|p1a: Scrafty\n|-damage|p1a: Scrafty|154/244\n|move|p1a: Scrafty|Knock Off|p2a: Solgaleo\n|-supereffective|p2a: Solgaleo\n|-damage|p2a: Solgaleo|38/100\n|-enditem|p2a: Solgaleo|Weakness Policy\n|-boost|p2a: Solgaleo|atk|2|[from] item: Weakness Policy\n|-boost|p2a: Solgaleo|spa|2|[from] item: Weakness Policy\n|\n|-heal|p1a: Scrafty|169/244|[from] item: Leftovers\n|upkeep\n|turn|2\n|inactive|Time left: 300 sec this turn | 300 sec total\n|\n|t:|1783547697\n|move|p2a: Solgaleo|Sunsteel Strike|p1a: Scrafty\n|-damage|p1a: Scrafty|0 fnt\n|faint|p1a: Scrafty\n|\n|upkeep\n|inactive|Time left: 300 sec this turn | 300 sec total | 5 sec grace\n|\n|t:|1783547698\n|switch|p1a: Blastoise|Blastoise, L80, F|258/258\n|turn|3\n|inactive|Time left: 300 sec this turn | 300 sec total\n|\n|t:|1783547699\n|move|p2a: Solgaleo|Earthquake|p1a: Blastoise\n|-damage|p1a: Blastoise|126/258\n|move|p1a: Blastoise|Shell Smash|p1a: Blastoise\n|-unboost|p1a: Blastoise|def|1\n|-unboost|p1a: Blastoise|spd|1\n|-boost|p1a: Blastoise|atk|2\n|-boost|p1a: Blastoise|spa|2\n|-boost|p1a: Blastoise|spe|2\n|-enditem|p1a: Blastoise|White Herb\n|-clearnegativeboost|p1a: Blastoise|[silent]\n|\n|upkeep\n|turn|4\n|inactive|Time left: 300 sec this turn | 300 sec total\n|\n|t:|1783547700\n|move|p1a: Blastoise|Hydro Pump|p2a: Solgaleo\n|-damage|p2a: Solgaleo|0 fnt\n|faint|p2a: Solgaleo\n|\n|upkeep\n|\n|t:|1783547701\n|switch|p2a: Gallade|Gallade, L80, M|100/100\n|turn|5\n|inactive|Time left: 300 sec this turn | 300 sec total\n|\n|t:|1783547702\n|-terastallize|p1a: Blastoise|Ground\n|move|p1a: Blastoise|Earthquake|p2a: Gallade\n|-damage|p2a: Gallade|7/100\n|move|p2a: Gallade|Psycho Cut|p1a: Blastoise\n|-damage|p1a: Blastoise|0 fnt\n|faint|p1a: Blastoise\n|-damage|p2a: Gallade|0 fnt|[from] item: Life Orb\n|faint|p2a: Gallade\n|\n|upkeep\n|inactive|Time left: 300 sec this turn | 300 sec total | 5 sec grace\n|\n|t:|1783547704\n|switch|p2a: Golduck|Golduck, L90, M|100/100\n|switch|p1a: Kyogre|Kyogre, L71|259/259\n|-ability|p2a: Golduck|Cloud Nine\n|-weather|RainDance|[from] ability: Drizzle|[of] p1a: Kyogre\n|turn|6\n|inactive|Time left: 300 sec this turn | 300 sec total\n|\n|t:|1783547705\n|move|p2a: Golduck|Nasty Plot|p2a: Golduck\n|-boost|p2a: Golduck|spa|2\n|move|p1a: Kyogre|Calm Mind|p1a: Kyogre\n|-boost|p1a: Kyogre|spa|1\n|-boost|p1a: Kyogre|spd|1\n|\n|-weather|RainDance|[upkeep]\n|upkeep\n|turn|7\n|inactive|Time left: 300 sec this turn | 300 sec total\n|\n|t:|1783547706\n|move|p2a: Golduck|Grass Knot|p1a: Kyogre\n|-supereffective|p1a: Kyogre\n|-damage|p1a: Kyogre|0 fnt\n|faint|p1a: Kyogre\n|-damage|p2a: Golduck|90/100|[from] item: Life Orb\n|\n|-weather|RainDance|[upkeep]\n|upkeep\n|inactive|Time left: 300 sec this turn | 300 sec total | 5 sec grace\n|\n|t:|1783547707\n|switch|p1a: Dialga|Dialga, L73|266/266\n|-ability|p1a: Dialga|Pressure\n|turn|8\n|inactive|Time left: 300 sec this turn | 300 sec total\n|\n|t:|1783547708\n|move|p2a: Golduck|Ice Beam|p1a: Dialga\n|-damage|p1a: Dialga|127/266\n|-damage|p2a: Golduck|80/100|[from] item: Life Orb\n|move|p1a: Dialga|Dragon Tail|p2a: Golduck\n|-damage|p2a: Golduck|61/100\n|drag|p2a: Gastrodon|Gastrodon, L86, M|100/100\n|\n|-weather|RainDance|[upkeep]\n|upkeep\n|turn|9\n|inactive|Time left: 300 sec this turn | 300 sec total\n|\n|t:|1783547709\n|switch|p1a: Ariados|Ariados, L95, M|287/287\n|move|p2a: Gastrodon|Earthquake|p1a: Ariados\n|-damage|p1a: Ariados|176/287\n|\n|-weather|RainDance|[upkeep]\n|upkeep\n|turn|10\n|inactive|Time left: 300 sec this turn | 300 sec total\n|\n|t:|1783547710\n|move|p1a: Ariados|Sticky Web|p2a: Gastrodon\n|-sidestart|p2: p0y739b483|move: Sticky Web\n|move|p2a: Gastrodon|Surf|p1a: Ariados\n|-damage|p1a: Ariados|23/287\n|\n|-weather|none\n|upkeep\n|turn|11\n|inactive|Time left: 300 sec this turn | 300 sec total\n|\n|t:|1783547711\n|move|p1a: Ariados|Megahorn|p2a: Gastrodon\n|-damage|p2a: Gastrodon|23/100\n|move|p2a: Gastrodon|Earthquake|p1a: Ariados\n|-damage|p1a: Ariados|0 fnt\n|faint|p1a: Ariados\n|\n|-heal|p2a: Gastrodon|30/100|[from] item: Leftovers\n|upkeep\n|inactive|Time left: 300 sec this turn | 300 sec total | 5 sec grace\n|\n|t:|1783547712\n|switch|p1a: Dialga|Dialga, L73|127/266\n|-ability|p1a: Dialga|Pressure\n|turn|12\n|inactive|Time left: 300 sec this turn | 300 sec total\n|\n|t:|1783547713\n|move|p1a: Dialga|Draco Meteor|p2a: Gastrodon\n|-damage|p2a: Gastrodon|0 fnt\n|-unboost|p1a: Dialga|spa|2\n|faint|p2a: Gastrodon\n|\n|upkeep\n|\n|t:|1783547714\n|switch|p2a: Moltres|Moltres, L81|100/100\n|turn|13\n|inactive|Time left: 300 sec this turn | 300 sec total\n|\n|t:|1783547715\n|switch|p1a: Coalossal|Coalossal, L89, M|341/341\n|move|p2a: Moltres|Fire Blast|p1a: Coalossal\n|-resisted|p1a: Coalossal\n|-damage|p1a: Coalossal|310/341\n|\n|upkeep\n|turn|14\n|inactive|Time left: 300 sec this turn | 300 sec total\n|\n|t:|1783547716\n|switch|p2a: Golduck|Golduck, L90, M|61/100\n|-activate|p2a: Golduck|move: Sticky Web\n|-unboost|p2a: Golduck|spe|1\n|-ability|p2a: Golduck|Cloud Nine\n|move|p1a: Coalossal|Stone Edge|p2a: Golduck\n|-damage|p2a: Golduck|24/100\n|\n|upkeep\n|turn|15\n|inactive|Time left: 300 sec this turn | 300 sec total\n|\n|t:|1783547717\n|switch|p1a: Dialga|Dialga, L73|127/266\n|-ability|p1a: Dialga|Pressure\n|move|p2a: Golduck|Hydro Pump|p1a: Dialga\n|-resisted|p1a: Dialga\n|-damage|p1a: Dialga|62/266\n|-damage|p2a: Golduck|14/100|[from] item: Life Orb\n|\n|upkeep\n|turn|16\n|inactive|Time left: 300 sec this turn | 300 sec total\n|\n|t:|1783547718\n|switch|p2a: Moltres|Moltres, L81|100/100\n|move|p1a: Dialga|Heavy Slam|p2a: Moltres\n|-resisted|p2a: Moltres\n|-damage|p2a: Moltres|79/100\n|\n|upkeep\n|turn|17\n|inactive|Time left: 300 sec this turn | 300 sec total\n|\n|t:|1783547719\n|switch|p2a: Golduck|Golduck, L90, M|14/100\n|-activate|p2a: Golduck|move: Sticky Web\n|-unboost|p2a: Golduck|spe|1\n|-ability|p2a: Golduck|Cloud Nine\n|switch|p1a: Coalossal|Coalossal, L89, M|310/341\n|\n|upkeep\n|turn|18\n|inactive|Time left: 300 sec this turn | 300 sec total\n|\n|t:|1783547720\n|switch|p1a: Dialga|Dialga, L73|62/266\n|-ability|p1a: Dialga|Pressure\n|-terastallize|p2a: Golduck|Water\n|move|p2a: Golduck|Hydro Pump|p1a: Dialga\n|-resisted|p1a: Dialga\n|-damage|p1a: Dialga|0 fnt\n|faint|p1a: Dialga\n|-damage|p2a: Golduck|4/100|[from] item: Life Orb\n|\n|upkeep\n|inactive|Time left: 300 sec this turn | 300 sec total | 5 sec grace\n|\n|t:|1783547721\n|switch|p1a: Coalossal|Coalossal, L89, M|310/341\n|turn|19\n|inactive|Time left: 300 sec this turn | 300 sec total\n|\n|t:|1783547722\n|move|p2a: Golduck|Hydro Pump|p1a: Coalossal\n|-supereffective|p1a: Coalossal\n|-damage|p1a: Coalossal|0 fnt\n|faint|p1a: Coalossal\n|-damage|p2a: Golduck|0 fnt|[from] item: Life Orb\n|faint|p2a: Golduck\n|\n|win|p0y739b483", "uploadtime": 1783547722, "views": 0, "rating": 0, "private": 0, "password": null, "_winner": "p0y739b483", "_our_name": "p0x739efdf"}