{"id": "battle-gen9randombattle-2894", "formatid": "gen9randombattle", "format": "[Gen 9] Random Battle", "players": ["p0x289470da", "p0y2894b3e6"], "log": "|init|battle\n|title|p0x289470da vs. p0y2894b3e6\n|j|\u2606p0x289470da\n|j|\u2606p0y2894b3e6\n|t:|1783572366\n|gametype|singles\n|player|p1|p0x289470da|102|\n|player|p2|p0y2894b3e6|102|\n|gen|9\n|tier|[Gen 9] Random Battle\n|rule|Species Clause: Limit one of each Pok\u00e9mon\n|rule|HP Percentage Mod: HP is shown in percentages\n|rule|Sleep Clause Mod: Limit one foe put to sleep\n|rule|Illusion Level Mod: Illusion disguises the Pok\u00e9mon's true level\n|\n|t:|1783572366\n|teamsize|p1|6\n|teamsize|p2|6\n|start\n|switch|p1a: Qwilfish|Qwilfish, L86, F|100/100\n|switch|p2a: Lycanroc|Lycanroc-Dusk, L81, F|254/254\n|-ability|p1a: Qwilfish|Intimidate|boost\n|-unboost|p2a: Lycanroc|atk|1\n|turn|1\n|inactive|Battle timer is ON: inactive players will automatically lose when time's up. (requested by p0x289470da)\n|inactive|Time left: 300 sec this turn | 300 sec total | 60 sec grace\n|\n|t:|1783572368\n|switch|p2a: Mimikyu|Mimikyu, L79, M|216/216\n|move|p1a: Qwilfish|Waterfall|p2a: Mimikyu\n|-activate|p2a: Mimikyu|ability: Disguise\n|-damage|p2a: Mimikyu|216/216\n|detailschange|p2a: Mimikyu|Mimikyu-Busted, L79, M\n|-damage|p2a: Mimikyu|189/216|[from] pokemon: Mimikyu-Busted\n|\n|upkeep\n|turn|2\n|inactive|Time left: 300 sec this turn | 300 sec total\n|inactive|p0y2894b3e6 also wants the timer to be on.\n|\n|t:|1783572369\n|move|p2a: Mimikyu|Swords Dance|p2a: Mimikyu\n|-boost|p2a: Mimikyu|atk|2\n|move|p1a: Qwilfish|Gunk Shot|p2a: Mimikyu\n|-damage|p2a: Mimikyu|45/216\n|\n|upkeep\n|turn|3\n|inactive|Time left: 300 sec this turn | 300 sec total\n|\n|t:|1783572370\n|move|p2a: Mimikyu|Play Rough|p1a: Qwilfish\n|-resisted|p1a: Qwilfish\n|-damage|p1a: Qwilfish|57/100\n|-damage|p2a: Mimikyu|24/216|[from] item: Life Orb\n|move|p1a: Qwilfish|Waterfall|p2a: Mimikyu\n|-damage|p2a: Mimikyu|0 fnt\n|faint|p2a: Mimikyu\n|\n|-heal|p1a: Qwilfish|63/100|[from] item: Leftovers\n|upkeep\n|inactive|Time left: 300 sec this turn | 300 sec total | 5 sec grace\n|\n|t:|1783572371\n|switch|p2a: Lycanroc|Lycanroc-Dusk, L81, F|254/254\n|turn|4\n|inactive|Time left: 300 sec this turn | 300 sec total\n|\n|t:|1783572373\n|move|p2a: Lycanroc|Stone Edge|p1a: Qwilfish\n|-crit|p1a: Qwilfish\n|-damage|p1a: Qwilfish|0 fnt\n|faint|p1a: Qwilfish\n|\n|upkeep\n|\n|t:|1783572373\n|switch|p1a: Mabosstiff|Mabosstiff, L86, F|100/100\n|turn|5\n|inactive|Time left: 300 sec this turn | 300 sec total\n|\n|t:|1783572374\n|-terastallize|p1a: Mabosstiff|Dark\n|move|p2a: Lycanroc|Stone Edge|p1a: Mabosstiff\n|-crit|p1a: Mabosstiff\n|-damage|p1a: Mabosstiff|15/100\n|move|p1a: Mabosstiff|Crunch|p2a: Lycanroc\n|-damage|p2a: Lycanroc|0 fnt\n|faint|p2a: Lycanroc\n|\n|upkeep\n|inactive|Time left: 300 sec this turn | 300 sec total | 5 sec grace\n|\n|t:|1783572375\n|switch|p2a: Poliwrath|Poliwrath, L88, M|302/302\n|turn|6\n|inactive|Time left: 300 sec this turn | 300 sec total\n|\n|t:|1783572376\n|move|p1a: Mabosstiff|Crunch|p2a: Poliwrath\n|-resisted|p2a: Poliwrath\n|-crit|p2a: Poliwrath\n|-damage|p2a: Poliwrath|150/302\n|move|p2a: Poliwrath|Liquidation|p1a: Mabosstiff\n|-damage|p1a: Mabosstiff|0 fnt\n|faint|p1a: Mabosstiff\n|\n|upkeep\n|\n|t:|1783572377\n|switch|p1a: Amoonguss|Amoonguss, L82, M|100/100\n|turn|7\n|inactive|Time left: 300 sec this turn | 300 sec total\n|\n|t:|1783572378\n|switch|p2a: Vileplume|Vileplume, L85, F|266/266\n|move|p1a: Amoonguss|Spore|p2a: Vileplume\n|-immune|p2a: Vileplume\n|\n|upkeep\n|turn|8\n|inactive|Time left: 300 sec this turn | 300 sec total\n|\n|t:|1783572378\n|move|p2a: Vileplume|Sludge Bomb|p1a: Amoonguss\n|-damage|p1a: Amoonguss|65/100\n|move|p1a: Amoonguss|Sludge Bomb|p2a: Vileplume\n|-damage|p2a: Vileplume|184/266\n|\n|-heal|p2a: Vileplume|200/266|[from] item: Leftovers\n|upkeep\n|turn|9\n|inactive|Time left: 300 sec this turn | 300 sec total\n|\n|t:|1783572379\n|switch|p1a: Gholdengo|Gholdengo, L77|100/100\n|move|p2a: Vileplume|Sludge Bomb|p1a: Gholdengo\n|-immune|p1a: Gholdengo\n|\n|-heal|p2a: Vileplume|216/266|[from] item: Leftovers\n|upkeep\n|turn|10\n|inactive|Time left: 300 sec this turn | 300 sec total\n|\n|t:|1783572380\n|switch|p2a: Gliscor|Gliscor, L76, F|239/239\n|move|p1a: Gholdengo|Shadow Ball|p2a: Gliscor\n|-damage|p2a: Gliscor|118/239\n|\n|-status|p2a: Gliscor|tox|[from] item: Toxic Orb\n|upkeep\n|turn|11\n|inactive|Time left: 300 sec this turn | 300 sec total\n|\n|t:|1783572380\n|switch|p1a: Bellossom|Bellossom, L84, F|100/100\n|move|p2a: Gliscor|Protect||[still]\n|-fail|p2a: Gliscor\n|\n|-heal|p2a: Gliscor|147/239 tox|[from] ability: Poison Heal\n|upkeep\n|turn|12\n|inactive|Time left: 300 sec this turn | 300 sec total\n|\n|t:|1783572381\n|move|p2a: Gliscor|Toxic|p1a: Bellossom\n|-status|p1a: Bellossom|tox\n|move|p1a: Bellossom|Quiver Dance|p1a: Bellossom\n|-boost|p1a: Bellossom|spa|1\n|-boost|p1a: Bellossom|spd|1\n|-boost|p1a: Bellossom|spe|1\n|\n|-damage|p1a: Bellossom|94/100 tox|[from] psn\n|-heal|p2a: Gliscor|176/239 tox|[from] ability: Poison Heal\n|upkeep\n|turn|13\n|inactive|Time left: 300 sec this turn | 300 sec total\n|\n|t:|1783572382\n|switch|p2a: Vileplume|Vileplume, L85, F|216/266\n|move|p1a: Bellossom|Quiver Dance|p1a: Bellossom\n|-boost|p1a: Bellossom|spa|1\n|-boost|p1a: Bellossom|spd|1\n|-boost|p1a: Bellossom|spe|1\n|\n|-heal|p1a: Bellossom|100/100 tox|[from] item: Leftovers\n|-heal|p2a: Vileplume|232/266|[from] item: Leftovers\n|-damage|p1a: Bellossom|88/100 tox|[from] psn\n|upkeep\n|turn|14\n|inactive|Time left: 300 sec this turn | 300 sec total\n|\n|t:|1783572383\n|move|p1a: Bellossom|Quiver Dance|p1a: Bellossom\n|-boost|p1a: Bellossom|spa|1\n|-boost|p1a: Bellossom|spd|1\n|-boost|p1a: Bellossom|spe|1\n|move|p2a: Vileplume|Sludge Bomb|p1a: Bellossom\n|-supereffective|p1a: Bellossom\n|-damage|p1a: Bellossom|58/100 tox\n|\n|-heal|p1a: Bellossom|64/100 tox|[from] item: Leftovers\n|-heal|p2a: Vileplume|248/266|[from] item: Leftovers\n|-damage|p1a: Bellossom|46/100 tox|[from] psn\n|upkeep\n|turn|15\n|inactive|Time left: 300 sec this turn | 300 sec total\n|\n|t:|1783572384\n|move|p1a: Bellossom|Strength Sap|p2a: Vileplume\n|-unboost|p2a: Vileplume|atk|1\n|-heal|p1a: Bellossom|99/100 tox\n|move|p2a: Vileplume|Sludge Bomb|p1a: Bellossom\n|-supereffective|p1a: Bellossom\n|-damage|p1a: Bellossom|69/100 tox\n|\n|-heal|p1a: Bellossom|75/100 tox|[from] item: Leftovers\n|-heal|p2a: Vileplume|264/266|[from] item: Leftovers\n|-damage|p1a: Bellossom|51/100 tox|[from] psn\n|upkeep\n|turn|16\n|inactive|Time left: 300 sec this turn | 300 sec total\n|\n|t:|1783572385\n|move|p1a: Bellossom|Strength Sap|p2a: Vileplume\n|-unboost|p2a: Vileplume|atk|1\n|-heal|p1a: Bellossom|86/100 tox\n|move|p2a: Vileplume|Sludge Bomb|p1a: Bellossom\n|-supereffective|p1a: Bellossom\n|-damage|p1a: Bellossom|57/100 tox\n|\n|-heal|p1a: Bellossom|63/100 tox|[from] item: Leftovers\n|-heal|p2a: Vileplume|266/266|[from] item: Leftovers\n|-damage|p1a: Bellossom|32/100 tox|[from] psn\n|upkeep\n|turn|17\n|inactive|Time left: 300 sec this turn | 300 sec total\n|\n|t:|1783572386\n|move|p1a: Bellossom|Giga Drain|p2a: Vileplume\n|-resisted|p2a: Vileplume\n|-damage|p2a: Vileplume|218/266\n|-heal|p1a: Bellossom|42/100 tox|[from] drain|[of] p2a: Vileplume\n|move|p2a: Vileplume|Sludge Bomb|p1a: Bellossom\n|-supereffective|p1a: Bellossom\n|-damage|p1a: Bellossom|12/100 tox\n|\n|-heal|p1a: Bellossom|18/100 tox|[from] item: Leftovers\n|-heal|p2a: Vileplume|234/266|[from] item: Leftovers\n|-damage|p1a: Bellossom|0 fnt|[from] psn\n|faint|p1a: Bellossom\n|upkeep\n|\n|t:|1783572387\n|switch|p1a: Gholdengo|Gholdengo, L77|100/100\n|turn|18\n|inactive|Time left: 300 sec this turn | 300 sec total\n|\n|t:|1783572388\n|switch|p2a: Gliscor|Gliscor, L76, F|176/239 tox\n|move|p1a: Gholdengo|Make It Rain|p2a: Gliscor\n|-damage|p2a: Gliscor|0 fnt\n|-unboost|p1a: Gholdengo|spa|1\n|faint|p2a: Gliscor\n|\n|upkeep\n|inactive|Time left: 300 sec this turn | 300 sec total | 5 sec grace\n|\n|t:|1783572389\n|switch|p2a: Houndstone|Houndstone, L86, M|264/264\n|turn|19\n|inactive|Time left: 300 sec this turn | 300 sec total\n|\n|t:|1783572390\n|switch|p1a: Alomomola|Alomomola, L87, M|100/100\n|move|p2a: Houndstone|Poltergeist|p1a: Alomomola\n|-activate|p1a: Alomomola|move: Poltergeist|Heavy-Duty Boots\n|-damage|p1a: Alomomola|73/100\n|\n|upkeep\n|turn|20\n|inactive|Time left: 300 sec this turn | 300 sec total\n|\n|t:|1783572391\n|move|p2a: Houndstone|Poltergeist|p1a: Alomomola|[miss]\n|-miss|p2a: Houndstone|p1a: Alomomola\n|move|p1a: Alomomola|Wish|p1a: Alomomola\n|\n|upkeep\n|turn|21\n|inactive|Time left: 300 sec this turn | 300 sec total\n|\n|t:|1783572392\n|switch|p1a: Amoonguss|Amoonguss, L82, M|98/100\n|move|p2a: Houndstone|Poltergeist|p1a: Amoonguss\n|-activate|p1a: Amoonguss|move: Poltergeist|Rocky Helmet\n|-damage|p1a: Amoonguss|54/100\n|\n|-heal|p1a: Amoonguss|100/100|[from] move: Wish|[wisher] Alomomola\n|upkeep\n|turn|22\n|inactive|Time left: 300 sec this turn | 300 sec total\n|\n|t:|1783572393\n|move|p2a: Houndstone|Poltergeist|p1a: Amoonguss\n|-activate|p1a: Amoonguss|move: Poltergeist|Rocky Helmet\n|-damage|p1a: Amoonguss|54/100\n|move|p1a: Amoonguss|Spore|p2a: Houndstone\n|-status|p2a: Houndstone|slp|[from] move: Spore\n|\n|upkeep\n|turn|23\n|inactive|Time left: 300 sec this turn | 300 sec total\n|\n|t:|1783572394\n|cant|p2a: Houndstone|slp\n|move|p2a: Houndstone|Sleep Talk|p2a: Houndstone\n|move|p2a: Houndstone|Poltergeist|p1a: Amoonguss|[from] move: Sleep Talk\n|-activate|p1a: Amoonguss|move: Poltergeist|Rocky Helmet\n|-damage|p1a: Amoonguss|10/100\n|move|p1a: Amoonguss|Giga Drain|p2a: Houndstone\n|-damage|p2a: Houndstone|201/264 slp\n|-heal|p1a: Amoonguss|20/100|[from] drain|[of] p2a: Houndstone\n|\n|-heal|p2a: Houndstone|217/264 slp|[from] item: Leftovers\n|upkeep\n|turn|24\n|inactive|Time left: 300 sec this turn | 300 sec total\n|\n|t:|1783572395\n|switch|p1a: Gholdengo|Gholdengo, L77|100/100\n|cant|p2a: Houndstone|slp\n|\n|-heal|p2a: Houndstone|233/264 slp|[from] item: Leftovers\n|upkeep\n|turn|25\n|inactive|Time left: 300 sec this turn | 300 sec total\n|\n|t:|1783572396\n|move|p1a: Gholdengo|Shadow Ball|p2a: Houndstone\n|-supereffective|p2a: Houndstone\n|-damage|p2a: Houndstone|57/264 slp\n|-curestatus|p2a: Houndstone|slp|[msg]\n|move|p2a: Houndstone|Poltergeist|p1a: Gholdengo\n|-activate|p1a: Gholdengo|move: Poltergeist|Leftovers\n|-supereffective|p1a: Gholdengo\n|-damage|p1a: Gholdengo|0 fnt\n|faint|p1a: Gholdengo\n|\n|-heal|p2a: Houndstone|73/264|[from] item: Leftovers\n|upkeep\n|\n|t:|1783572397\n|switch|p1a: Amoonguss|Amoonguss, L82, M|53/100\n|turn|26\n|inactive|Time left: 300 sec this turn | 300 sec total\n|\n|t:|1783572398\n|switch|p1a: Alomomola|Alomomola, L87, M|100/100\n|move|p2a: Houndstone|Poltergeist|p1a: Alomomola\n|-activate|p1a: Alomomola|move: Poltergeist|Heavy-Duty Boots\n|-damage|p1a: Alomomola|68/100\n|\n|-heal|p2a: Houndstone|89/264|[from] item: Leftovers\n|upkeep\n|turn|27\n|inactive|Time left: 300 sec this turn | 300 sec total\n|\n|t:|1783572399\n|move|p2a: Houndstone|Poltergeist|p1a: Alomomola\n|-activate|p1a: Alomomola|move: Poltergeist|Heavy-Duty Boots\n|-damage|p1a: Alomomola|38/100\n|move|p1a: Alomomola|Flip Turn|p2a: Houndstone\n|-damage|p2a: Houndstone|63/264\n|\n|t:|1783572400\n|switch|p1a: Amoonguss|Amoonguss, L82, M|86/100|[from] Flip Turn\n|\n|-heal|p2a: Houndstone|79/264|[from] item: Leftovers\n|upkeep\n|turn|28\n|inactive|Time left: 300 sec this turn | 300 sec total\n|\n|t:|1783572401\n|move|p2a: Houndstone|Rest|p2a: Houndstone\n|-status|p2a: Houndstone|slp|[from] move: Rest\n|-heal|p2a: Houndstone|264/264 slp|[silent]\n|move|p1a: Amoonguss|Giga Drain|p2a: Houndstone\n|-damage|p2a: Houndstone|204/264 slp\n|-heal|p1a: Amoonguss|96/100|[from] drain|[of] p2a: Houndstone\n|\n|-heal|p2a: Houndstone|220/264 slp|[from] item: Leftovers\n|upkeep\n|turn|29\n|inactive|Time left: 300 sec this turn | 300 sec total\n|\n|t:|1783572402\n|cant|p2a: Houndstone|slp\n|move|p2a: Houndstone|Sleep Talk|p2a: Houndstone\n|move|p2a: Houndstone|Poltergeist|p1a: Amoonguss|[from] move: Sleep Talk\n|-activate|p1a: Amoonguss|move: Poltergeist|Rocky Helmet\n|-damage|p1a: Amoonguss|52/100\n|move|p1a: Amoonguss|Giga Drain|p2a: Houndstone\n|-damage|p2a: Houndstone|157/264 slp\n|-heal|p1a: Amoonguss|62/100|[from] drain|[of] p2a: Houndstone\n|\n|-heal|p2a: Houndstone|173/264 slp|[from] item: Leftovers\n|upkeep\n|turn|30\n|inactive|Time left: 300 sec this turn | 300 sec total\n|\n|t:|1783572403\n|switch|p1a: Alomomola|Alomomola, L87, M|72/100\n|cant|p2a: Houndstone|slp\n|move|p2a: Houndstone|Sleep Talk|p2a: Houndstone\n|move|p2a: Houndstone|Body Press|p1a: Alomomola|[from] move: Sleep Talk\n|-damage|p1a: Alomomola|56/100\n|\n|-heal|p2a: Houndstone|189/264 slp|[from] item: Leftovers\n|upkeep\n|turn|31\n|inactive|Time left: 300 sec this turn | 300 sec total\n|\n|t:|1783572404\n|switch|p1a: Amoonguss|Amoonguss, L82, M|95/100\n|-curestatus|p2a: Houndstone|slp|[msg]\n|move|p2a: Houndstone|Poltergeist|p1a: Amoonguss\n|-activate|p1a: Amoonguss|move: Poltergeist|Rocky Helmet\n|-damage|p1a: Amoonguss|46/100\n|\n|-heal|p2a: Houndstone|205/264|[from] item: Leftovers\n|upkeep\n|turn|32\n|inactive|Time left: 300 sec this turn | 300 sec total\n|\n|t:|1783572405\n|switch|p2a: Vileplume|Vileplume, L85, F|234/266\n|switch|p1a: Alomomola|Alomomola, L87, M|89/100\n|\n|-heal|p2a: Vileplume|250/266|[from] item: Leftovers\n|upkeep\n|turn|33\n|inactive|Time left: 300 sec this turn | 300 sec total\n|\n|t:|1783572406\n|switch|p1a: Amoonguss|Amoonguss, L82, M|79/100\n|move|p2a: Vileplume|Sludge Bomb|p1a: Amoonguss\n|-damage|p1a: Amoonguss|45/100\n|\n|-heal|p2a: Vileplume|266/266|[from] item: Leftovers\n|upkeep\n|turn|34\n|inactive|Time left: 300 sec this turn | 300 sec total\n|\n|t:|1783572408\n|switch|p1a: Alomomola|Alomomola, L87, M|100/100\n|move|p2a: Vileplume|Sludge Bomb|p1a: Alomomola\n|-damage|p1a: Alomomola|61/100\n|-status|p1a: Alomomola|psn\n|\n|-damage|p1a: Alomomola|49/100 psn|[from] psn\n|upkeep\n|turn|35\n|inactive|Time left: 300 sec this turn | 300 sec total\n|\n|t:|1783572408\n|switch|p1a: Amoonguss|Amoonguss, L82, M|79/100\n|move|p2a: Vileplume|Sludge Bomb|p1a: Amoonguss\n|-damage|p1a: Amoonguss|41/100\n|\n|upkeep\n|turn|36\n|inactive|Time left: 300 sec this turn | 300 sec total\n|\n|t:|1783572409\n|switch|p1a: Alomomola|Alomomola, L87, M|82/100 psn\n|move|p2a: Vileplume|Sludge Bomb|p1a: Alomomola\n|-damage|p1a: Alomomola|45/100 psn\n|\n|-damage|p1a: Alomomola|33/100 psn|[from] psn\n|upkeep\n|turn|37\n|inactive|Time left: 300 sec this turn | 300 sec total\n|\n|t:|1783572410\n|switch|p1a: Amoonguss|Amoonguss, L82, M|74/100\n|move|p2a: Vileplume|Sludge Bomb|p1a: Amoonguss\n|-damage|p1a: Amoonguss|36/100\n|\n|upkeep\n|turn|38\n|inactive|Time left: 300 sec this turn | 300 sec total\n|\n|t:|1783572411\n|switch|p1a: Alomomola|Alomomola, L87, M|66/100 psn\n|move|p2a: Vileplume|Sludge Bomb|p1a: Alomomola\n|-damage|p1a: Alomomola|27/100 psn\n|\n|-damage|p1a: Alomomola|15/100 psn|[from] psn\n|upkeep\n|turn|39\n|inactive|Time left: 300 sec this turn | 300 sec total\n|\n|t:|1783572412\n|move|p1a: Alomomola|Wish|p1a: Alomomola\n|move|p2a: Vileplume|Sludge Bomb|p1a: Alomomola\n|-damage|p1a: Alomomola|0 fnt\n|faint|p1a: Alomomola\n|\n|upkeep\n|\n|t:|1783572413\n|switch|p1a: Amoonguss|Amoonguss, L82, M|69/100\n|turn|40\n|inactive|Time left: 300 sec this turn | 300 sec total\n|\n|t:|1783572414\n|move|p2a: Vileplume|Strength Sap|p1a: Amoonguss\n|-unboost|p1a: Amoonguss|atk|1\n|move|p1a: Amoonguss|Sludge Bomb|p2a: Vileplume\n|-crit|p2a: Vileplume\n|-damage|p2a: Vileplume|139/266\n|\n|-heal|p1a: Amoonguss|100/100|[from] move: Wish|[wisher] Alomomola\n|-heal|p2a: Vileplume|155/266|[from] item: Leftovers\n|upkeep\n|turn|41\n|inactive|Time left: 300 sec this turn | 300 sec total\n|\n|t:|1783572415\n|move|p2a: Vileplume|Sludge Bomb|p1a: Amoonguss\n|-damage|p1a: Amoonguss|60/100\n|move|p1a: Amoonguss|Sludge Bomb|p2a: Vileplume\n|-damage|p2a: Vileplume|80/266\n|\n|-heal|p2a: Vileplume|96/266|[from] item: Leftovers\n|upkeep\n|turn|42\n|inactive|Time left: 300 sec this turn | 300 sec total\n|\n|t:|1783572416\n|move|p2a: Vileplume|Sludge Bomb|p1a: Amoonguss\n|-damage|p1a: Amoonguss|26/100\n|move|p1a: Amoonguss|Spore|p2a: Vileplume\n|-immune|p2a: Vileplume\n|\n|-heal|p2a: Vileplume|112/266|[from] item: Leftovers\n|upkeep\n|turn|43\n|inactive|Time left: 300 sec this turn | 300 sec total\n|\n|t:|1783572417\n|-terastallize|p2a: Vileplume|Water\n|move|p2a: Vileplume|Sludge Bomb|p1a: Amoonguss\n|-damage|p1a: Amoonguss|0 fnt\n|faint|p1a: Amoonguss\n|\n|win|p0y2894b3e6", "uploadtime": 1783572417, "views": 0, "rating": 0, "private": 0, "password": null, "_winner": "p0y2894b3e6", "_our_name": "p0y2894b3e6"}