{"id": "battle-gen9randombattle-1444", "formatid": "gen9randombattle", "format": "[Gen 9] Random Battle", "players": ["p0x1444dd06", "p0y1444c824"], "log": "|init|battle\n|title|p0x1444dd06 vs. p0y1444c824\n|j|\u2606p0x1444dd06\n|j|\u2606p0y1444c824\n|t:|1783555874\n|gametype|singles\n|player|p1|p0x1444dd06|102|\n|player|p2|p0y1444c824|1|\n|gen|9\n|tier|[Gen 9] Random Battle\n|rule|Species Clause: Limit one of each Pok\u00e9mon\n|rule|HP Percentage Mod: HP is shown in percentages\n|rule|Sleep Clause Mod: Limit one foe put to sleep\n|rule|Illusion Level Mod: Illusion disguises the Pok\u00e9mon's true level\n|\n|t:|1783555874\n|teamsize|p1|6\n|teamsize|p2|6\n|start\n|switch|p1a: Crawdaunt|Crawdaunt, L84, F|100/100\n|switch|p2a: Mewtwo|Mewtwo, L72|272/272\n|-ability|p2a: Mewtwo|Unnerve\n|turn|1\n|inactive|Battle timer is ON: inactive players will automatically lose when time's up. (requested by p0x1444dd06)\n|inactive|Time left: 300 sec this turn | 300 sec total | 60 sec grace\n|inactive|p0y1444c824 also wants the timer to be on.\n|\n|t:|1783555876\n|switch|p2a: Iron Hands|Iron Hands, L79|373/373\n|move|p1a: Crawdaunt|Knock Off|p2a: Iron Hands\n|-resisted|p2a: Iron Hands\n|-damage|p2a: Iron Hands|262/373\n|-enditem|p2a: Iron Hands|Assault Vest|[from] move: Knock Off|[of] p1a: Crawdaunt\n|\n|upkeep\n|turn|2\n|inactive|Time left: 300 sec this turn | 300 sec total\n|\n|t:|1783555878\n|switch|p1a: Uxie|Uxie, L83|100/100\n|move|p2a: Iron Hands|Drain Punch|p1a: Uxie\n|-resisted|p1a: Uxie\n|-damage|p1a: Uxie|87/100\n|-heal|p2a: Iron Hands|280/373|[from] drain|[of] p1a: Uxie\n|\n|-heal|p1a: Uxie|93/100|[from] item: Leftovers\n|upkeep\n|turn|3\n|inactive|Time left: 300 sec this turn | 300 sec total\n|\n|t:|1783555879\n|move|p1a: Uxie|Psychic Noise|p2a: Iron Hands\n|-supereffective|p2a: Iron Hands\n|-damage|p2a: Iron Hands|110/373\n|-start|p2a: Iron Hands|move: Heal Block\n|move|p2a: Iron Hands|Thunder Punch|p1a: Uxie\n|-damage|p1a: Uxie|64/100\n|\n|-heal|p1a: Uxie|70/100|[from] item: Leftovers\n|upkeep\n|turn|4\n|inactive|Time left: 300 sec this turn | 300 sec total\n|\n|t:|1783555880\n|move|p1a: Uxie|Stealth Rock|p2a: Iron Hands\n|-sidestart|p2: p0y1444c824|move: Stealth Rock\n|move|p2a: Iron Hands|Thunder Punch|p1a: Uxie\n|-damage|p1a: Uxie|44/100\n|\n|-heal|p1a: Uxie|50/100|[from] item: Leftovers\n|-end|p2a: Iron Hands|move: Heal Block\n|upkeep\n|turn|5\n|inactive|Time left: 300 sec this turn | 300 sec total\n|\n|t:|1783555881\n|-end|p2a: Iron Hands|Quark Drive|[silent]\n|switch|p2a: Archaludon|Archaludon, L78, M|268/268\n|-damage|p2a: Archaludon|252/268|[from] Stealth Rock\n|move|p1a: Uxie|Psychic Noise|p2a: Archaludon\n|-resisted|p2a: Archaludon\n|-damage|p2a: Archaludon|223/268\n|-start|p2a: Archaludon|move: Heal Block\n|-ability|p2a: Archaludon|Stamina|boost\n|-boost|p2a: Archaludon|def|1\n|\n|-heal|p1a: Uxie|56/100|[from] item: Leftovers\n|upkeep\n|turn|6\n|inactive|Time left: 300 sec this turn | 300 sec total\n|\n|t:|1783555883\n|switch|p1a: Sudowoodo|Sudowoodo, L94, M|100/100\n|move|p2a: Archaludon|Body Press|p1a: Sudowoodo\n|-supereffective|p1a: Sudowoodo\n|-damage|p1a: Sudowoodo|55/100\n|\n|-end|p2a: Archaludon|move: Heal Block\n|upkeep\n|turn|7\n|inactive|Time left: 300 sec this turn | 300 sec total\n|\n|t:|1783555884\n|switch|p1a: Uxie|Uxie, L83|56/100\n|move|p2a: Archaludon|Flash Cannon|p1a: Uxie\n|-damage|p1a: Uxie|29/100\n|\n|-heal|p1a: Uxie|35/100|[from] item: Leftovers\n|upkeep\n|turn|8\n|inactive|Time left: 300 sec this turn | 300 sec total\n|\n|t:|1783555885\n|move|p1a: Uxie|Knock Off|p2a: Archaludon\n|-damage|p2a: Archaludon|195/268\n|-ability|p2a: Archaludon|Stamina|boost\n|-boost|p2a: Archaludon|def|1\n|-enditem|p2a: Archaludon|Assault Vest|[from] move: Knock Off|[of] p1a: Uxie\n|move|p2a: Archaludon|Flash Cannon|p1a: Uxie\n|-damage|p1a: Uxie|8/100\n|\n|-heal|p1a: Uxie|14/100|[from] item: Leftovers\n|upkeep\n|turn|9\n|inactive|Time left: 300 sec this turn | 300 sec total\n|\n|t:|1783555886\n|switch|p1a: Mewtwo|Mewtwo, L72|100/100\n|-ability|p1a: Mewtwo|Unnerve\n|move|p2a: Archaludon|Body Press|p1a: Mewtwo\n|-resisted|p1a: Mewtwo\n|-damage|p1a: Mewtwo|75/100\n|\n|upkeep\n|turn|10\n|inactive|Time left: 300 sec this turn | 300 sec total\n|\n|t:|1783555887\n|move|p1a: Mewtwo|Aura Sphere|p2a: Archaludon\n|-supereffective|p2a: Archaludon\n|-damage|p2a: Archaludon|0 fnt\n|faint|p2a: Archaludon\n|-damage|p1a: Mewtwo|65/100|[from] item: Life Orb\n|\n|upkeep\n|inactive|Time left: 300 sec this turn | 300 sec total | 5 sec grace\n|\n|t:|1783555888\n|switch|p2a: Minun|Minun, L95, F|268/268\n|-damage|p2a: Minun|235/268|[from] Stealth Rock\n|turn|11\n|inactive|Time left: 300 sec this turn | 300 sec total\n|\n|t:|1783555889\n|move|p2a: Minun|Nasty Plot|p2a: Minun\n|-boost|p2a: Minun|spa|2\n|move|p1a: Mewtwo|Psystrike|p2a: Minun\n|-damage|p2a: Minun|44/268\n|-damage|p1a: Mewtwo|55/100|[from] item: Life Orb\n|\n|upkeep\n|turn|12\n|inactive|Time left: 300 sec this turn | 300 sec total\n|\n|t:|1783555891\n|switch|p1a: Uxie|Uxie, L83|14/100\n|move|p2a: Minun|Thunderbolt|p1a: Uxie\n|-damage|p1a: Uxie|0 fnt\n|faint|p1a: Uxie\n|-damage|p2a: Minun|18/268|[from] item: Life Orb\n|\n|upkeep\n|\n|t:|1783555892\n|switch|p1a: Cetitan|Cetitan, L82, F|100/100\n|turn|13\n|inactive|Time left: 300 sec this turn | 300 sec total\n|\n|t:|1783555893\n|move|p1a: Cetitan|Ice Shard|p2a: Minun\n|-damage|p2a: Minun|0 fnt\n|faint|p2a: Minun\n|\n|upkeep\n|inactive|Time left: 300 sec this turn | 300 sec total | 5 sec grace\n|\n|t:|1783555894\n|switch|p2a: Mewtwo|Mewtwo, L72|272/272\n|-ability|p2a: Mewtwo|Unnerve\n|-damage|p2a: Mewtwo|238/272|[from] Stealth Rock\n|turn|14\n|inactive|Time left: 300 sec this turn | 300 sec total\n|\n|t:|1783555895\n|move|p2a: Mewtwo|Nasty Plot|p2a: Mewtwo\n|-boost|p2a: Mewtwo|spa|2\n|move|p1a: Cetitan|Belly Drum|p1a: Cetitan\n|-damage|p1a: Cetitan|50/100\n|-setboost|p1a: Cetitan|atk|6|[from] move: Belly Drum\n|\n|upkeep\n|turn|15\n|inactive|Time left: 300 sec this turn | 300 sec total\n|\n|t:|1783555896\n|switch|p2a: Iron Hands|Iron Hands, L79|110/373\n|-enditem|p1a: Cetitan|Sitrus Berry|[eat]\n|-heal|p1a: Cetitan|75/100|[from] item: Sitrus Berry\n|-damage|p2a: Iron Hands|87/373|[from] Stealth Rock\n|-terastallize|p1a: Cetitan|Ice\n|move|p1a: Cetitan|Ice Shard|p2a: Iron Hands\n|-damage|p2a: Iron Hands|0 fnt\n|faint|p2a: Iron Hands\n|-end|p2a: Iron Hands|Quark Drive|[silent]\n|\n|upkeep\n|inactive|Time left: 300 sec this turn | 300 sec total | 5 sec grace\n|\n|t:|1783555897\n|switch|p2a: Luvdisc|Luvdisc, M|247/247\n|turn|16\n|inactive|Time left: 300 sec this turn | 300 sec total\n|\n|t:|1783555898\n|move|p2a: Luvdisc|Substitute|p2a: Luvdisc\n|-start|p2a: Luvdisc|Substitute\n|-damage|p2a: Luvdisc|186/247\n|move|p1a: Cetitan|Ice Spinner|p2a: Luvdisc\n|-resisted|p2a: Luvdisc\n|-end|p2a: Luvdisc|Substitute\n|\n|upkeep\n|turn|17\n|inactive|Time left: 300 sec this turn | 300 sec total\n|\n|t:|1783555899\n|move|p2a: Luvdisc|Substitute|p2a: Luvdisc\n|-start|p2a: Luvdisc|Substitute\n|-damage|p2a: Luvdisc|125/247\n|move|p1a: Cetitan|Ice Spinner|p2a: Luvdisc\n|-resisted|p2a: Luvdisc\n|-end|p2a: Luvdisc|Substitute\n|\n|upkeep\n|turn|18\n|inactive|Time left: 300 sec this turn | 300 sec total\n|\n|t:|1783555900\n|move|p1a: Cetitan|Ice Shard|p2a: Luvdisc\n|-resisted|p2a: Luvdisc\n|-damage|p2a: Luvdisc|0 fnt\n|faint|p2a: Luvdisc\n|\n|upkeep\n|inactive|Time left: 300 sec this turn | 300 sec total | 5 sec grace\n|\n|t:|1783555900\n|switch|p2a: Ditto|Ditto, L87|225/225\n|-damage|p2a: Ditto|197/225|[from] Stealth Rock\n|-transform|p2a: Ditto|p1a: Cetitan|[from] ability: Imposter\n|turn|19\n|inactive|Time left: 300 sec this turn | 300 sec total\n|\n|t:|1783555901\n|move|p2a: Ditto|Earthquake|p1a: Cetitan\n|-damage|p1a: Cetitan|0 fnt\n|faint|p1a: Cetitan\n|\n|upkeep\n|\n|t:|1783555902\n|switch|p1a: Cramorant|Cramorant, L86, F|100/100\n|turn|20\n|inactive|Time left: 300 sec this turn | 300 sec total\n|\n|t:|1783555903\n|move|p2a: Ditto|Earthquake|p1a: Cramorant\n|-immune|p1a: Cramorant\n|move|p1a: Cramorant|Surf|p2a: Ditto\n|-formechange|p1a: Cramorant|Cramorant-Gulping|\n|-damage|p2a: Ditto|58/225\n|\n|upkeep\n|turn|21\n|inactive|Time left: 300 sec this turn | 300 sec total\n|\n|t:|1783555904\n|move|p2a: Ditto|Earthquake|p1a: Cramorant\n|-immune|p1a: Cramorant\n|move|p1a: Cramorant|Brave Bird|p2a: Ditto\n|-damage|p2a: Ditto|0 fnt\n|faint|p2a: Ditto\n|-damage|p1a: Cramorant|93/100|[from] Recoil\n|\n|upkeep\n|inactive|Time left: 300 sec this turn | 300 sec total | 5 sec grace\n|\n|t:|1783555905\n|switch|p2a: Mewtwo|Mewtwo, L72|238/272\n|-ability|p2a: Mewtwo|Unnerve\n|-damage|p2a: Mewtwo|204/272|[from] Stealth Rock\n|turn|22\n|inactive|Time left: 300 sec this turn | 300 sec total\n|\n|t:|1783555906\n|move|p2a: Mewtwo|Nasty Plot|p2a: Mewtwo\n|-boost|p2a: Mewtwo|spa|2\n|move|p1a: Cramorant|Brave Bird|p2a: Mewtwo\n|-damage|p2a: Mewtwo|59/272\n|-damage|p1a: Cramorant|75/100|[from] Recoil\n|\n|upkeep\n|turn|23\n|inactive|Time left: 300 sec this turn | 300 sec total\n|\n|t:|1783555907\n|move|p2a: Mewtwo|Recover|p2a: Mewtwo\n|-heal|p2a: Mewtwo|195/272\n|move|p1a: Cramorant|Surf|p2a: Mewtwo\n|-damage|p2a: Mewtwo|96/272\n|\n|upkeep\n|turn|24\n|inactive|Time left: 300 sec this turn | 300 sec total\n|\n|t:|1783555908\n|switch|p1a: Crawdaunt|Crawdaunt, L84, F|100/100\n|move|p2a: Mewtwo|Recover|p2a: Mewtwo\n|-heal|p2a: Mewtwo|232/272\n|\n|upkeep\n|turn|25\n|inactive|Time left: 300 sec this turn | 300 sec total\n|\n|t:|1783555909\n|-terastallize|p2a: Mewtwo|Dark\n|move|p2a: Mewtwo|Dark Pulse|p1a: Crawdaunt\n|-resisted|p1a: Crawdaunt\n|-damage|p1a: Crawdaunt|34/100\n|-damage|p2a: Mewtwo|205/272|[from] item: Life Orb\n|move|p1a: Crawdaunt|Knock Off|p2a: Mewtwo\n|-resisted|p2a: Mewtwo\n|-damage|p2a: Mewtwo|61/272\n|-enditem|p2a: Mewtwo|Life Orb|[from] move: Knock Off|[of] p1a: Crawdaunt\n|\n|upkeep\n|turn|26\n|inactive|Time left: 300 sec this turn | 300 sec total\n|\n|t:|1783555910\n|switch|p1a: Mewtwo|Mewtwo, L72|55/100\n|-ability|p1a: Mewtwo|Unnerve\n|move|p2a: Mewtwo|Recover|p2a: Mewtwo\n|-heal|p2a: Mewtwo|197/272\n|\n|upkeep\n|turn|27\n|inactive|Time left: 300 sec this turn | 300 sec total\n|\n|t:|1783555911\n|move|p1a: Mewtwo|Aura Sphere|p2a: Mewtwo\n|-supereffective|p2a: Mewtwo\n|-damage|p2a: Mewtwo|5/272\n|-damage|p1a: Mewtwo|45/100|[from] item: Life Orb\n|move|p2a: Mewtwo|Dark Pulse|p1a: Mewtwo\n|-supereffective|p1a: Mewtwo\n|-damage|p1a: Mewtwo|0 fnt\n|faint|p1a: Mewtwo\n|\n|upkeep\n|\n|t:|1783555913\n|switch|p1a: Crawdaunt|Crawdaunt, L84, F|34/100\n|turn|28\n|inactive|Time left: 300 sec this turn | 300 sec total\n|\n|t:|1783555914\n|move|p1a: Crawdaunt|Aqua Jet|p2a: Mewtwo\n|-damage|p2a: Mewtwo|0 fnt\n|faint|p2a: Mewtwo\n|\n|win|p0x1444dd06", "uploadtime": 1783555914, "views": 0, "rating": 0, "private": 0, "password": null, "_winner": "p0x1444dd06", "_our_name": "p0y1444c824"}