{"id": "battle-gen9randombattle-1706", "formatid": "gen9randombattle", "format": "[Gen 9] Random Battle", "players": ["p0x1706f85c", "p0y1706c972"], "log": "|init|battle\n|title|p0x1706f85c vs. p0y1706c972\n|j|\u2606p0x1706f85c\n|j|\u2606p0y1706c972\n|t:|1783558963\n|gametype|singles\n|player|p1|p0x1706f85c|169|\n|player|p2|p0y1706c972|266|\n|gen|9\n|tier|[Gen 9] Random Battle\n|rule|Species Clause: Limit one of each Pok\u00e9mon\n|rule|HP Percentage Mod: HP is shown in percentages\n|rule|Sleep Clause Mod: Limit one foe put to sleep\n|rule|Illusion Level Mod: Illusion disguises the Pok\u00e9mon's true level\n|\n|t:|1783558963\n|teamsize|p1|6\n|teamsize|p2|6\n|start\n|switch|p1a: Probopass|Probopass, L91, M|257/257\n|switch|p2a: Stantler|Stantler, L92, F|100/100\n|-ability|p2a: Stantler|Intimidate|boost\n|-unboost|p1a: Probopass|atk|1\n|turn|1\n|inactive|Battle timer is ON: inactive players will automatically lose when time's up. (requested by p0y1706c972)\n|inactive|Time left: 300 sec this turn | 300 sec total | 60 sec grace\n|\n|t:|1783558965\n|switch|p1a: Veluza|Veluza, L85, M|292/292\n|move|p2a: Stantler|Earth Power|p1a: Veluza\n|-damage|p1a: Veluza|206/292\n|-unboost|p1a: Veluza|spd|1\n|\n|upkeep\n|turn|2\n|inactive|Time left: 300 sec this turn | 300 sec total\n|inactive|p0x1706f85c also wants the timer to be on.\n|\n|t:|1783558966\n|move|p2a: Stantler|Shadow Ball|p1a: Veluza\n|-supereffective|p1a: Veluza\n|-damage|p1a: Veluza|0 fnt\n|faint|p1a: Veluza\n|\n|upkeep\n|inactive|Time left: 300 sec this turn | 300 sec total | 5 sec grace\n|\n|t:|1783558967\n|switch|p1a: Clawitzer|Clawitzer, L87, F|265/265\n|turn|3\n|inactive|Time left: 300 sec this turn | 300 sec total\n|\n|t:|1783558969\n|move|p2a: Stantler|Calm Mind|p2a: Stantler\n|-boost|p2a: Stantler|spa|1\n|-boost|p2a: Stantler|spd|1\n|move|p1a: Clawitzer|Water Pulse|p2a: Stantler\n|-damage|p2a: Stantler|67/100\n|-start|p2a: Stantler|confusion\n|\n|upkeep\n|turn|4\n|inactive|Time left: 300 sec this turn | 300 sec total\n|\n|t:|1783558970\n|-activate|p2a: Stantler|confusion\n|move|p2a: Stantler|Calm Mind|p2a: Stantler\n|-boost|p2a: Stantler|spa|1\n|-boost|p2a: Stantler|spd|1\n|move|p1a: Clawitzer|Water Pulse|p2a: Stantler\n|-damage|p2a: Stantler|43/100\n|\n|upkeep\n|turn|5\n|inactive|Time left: 300 sec this turn | 300 sec total\n|\n|t:|1783558971\n|-activate|p2a: Stantler|confusion\n|move|p2a: Stantler|Shadow Ball|p1a: Clawitzer\n|-damage|p1a: Clawitzer|148/265\n|move|p1a: Clawitzer|Water Pulse|p2a: Stantler\n|-damage|p2a: Stantler|17/100\n|\n|upkeep\n|turn|6\n|inactive|Time left: 300 sec this turn | 300 sec total\n|\n|t:|1783558972\n|-activate|p2a: Stantler|confusion\n|-damage|p2a: Stantler|4/100|[from] confusion\n|move|p1a: Clawitzer|Water Pulse|p2a: Stantler\n|-damage|p2a: Stantler|0 fnt\n|faint|p2a: Stantler\n|\n|upkeep\n|\n|t:|1783558973\n|switch|p2a: Iron Valiant|Iron Valiant, L78|100/100\n|turn|7\n|inactive|Time left: 300 sec this turn | 300 sec total\n|\n|t:|1783558975\n|move|p2a: Iron Valiant|Close Combat|p1a: Clawitzer\n|-damage|p1a: Clawitzer|0 fnt\n|-unboost|p2a: Iron Valiant|def|1\n|-unboost|p2a: Iron Valiant|spd|1\n|faint|p1a: Clawitzer\n|-damage|p2a: Iron Valiant|91/100|[from] item: Life Orb\n|\n|upkeep\n|inactive|Time left: 300 sec this turn | 300 sec total | 5 sec grace\n|\n|t:|1783558976\n|switch|p1a: Regieleki|Regieleki, L79|256/256\n|turn|8\n|inactive|Time left: 300 sec this turn | 300 sec total\n|\n|t:|1783558977\n|-end|p2a: Iron Valiant|Quark Drive|[silent]\n|switch|p2a: Vileplume|Vileplume, L85, M|100/100\n|move|p1a: Regieleki|Thunderbolt|p2a: Vileplume\n|-resisted|p2a: Vileplume\n|-damage|p2a: Vileplume|75/100\n|\n|-heal|p2a: Vileplume|81/100|[from] item: Leftovers\n|upkeep\n|turn|9\n|inactive|Time left: 300 sec this turn | 300 sec total\n|\n|t:|1783558978\n|move|p1a: Regieleki|Volt Switch|p2a: Vileplume\n|-resisted|p2a: Vileplume\n|-damage|p2a: Vileplume|63/100\n|inactive|Time left: 300 sec this turn | 300 sec total | 5 sec grace\n|\n|t:|1783558979\n|switch|p1a: Probopass|Probopass, L91, M|257/257|[from] Volt Switch\n|move|p2a: Vileplume|Giga Drain|p1a: Probopass\n|-damage|p1a: Probopass|205/257\n|-heal|p2a: Vileplume|73/100|[from] drain|[of] p1a: Probopass\n|\n|-heal|p2a: Vileplume|79/100|[from] item: Leftovers\n|-heal|p1a: Probopass|221/257|[from] item: Leftovers\n|upkeep\n|turn|10\n|inactive|Time left: 300 sec this turn | 300 sec total\n|\n|t:|1783558980\n|move|p2a: Vileplume|Leech Seed|p1a: Probopass|[miss]\n|-miss|p2a: Vileplume|p1a: Probopass\n|move|p1a: Probopass|Flash Cannon|p2a: Vileplume\n|-damage|p2a: Vileplume|49/100\n|\n|-heal|p2a: Vileplume|55/100|[from] item: Leftovers\n|-heal|p1a: Probopass|237/257|[from] item: Leftovers\n|upkeep\n|turn|11\n|inactive|Time left: 300 sec this turn | 300 sec total\n|\n|t:|1783558981\n|move|p2a: Vileplume|Strength Sap|p1a: Probopass\n|-unboost|p1a: Probopass|atk|1\n|-heal|p2a: Vileplume|94/100\n|move|p1a: Probopass|Iron Defense|p1a: Probopass\n|-boost|p1a: Probopass|def|2\n|\n|-heal|p2a: Vileplume|100/100|[from] item: Leftovers\n|-heal|p1a: Probopass|253/257|[from] item: Leftovers\n|upkeep\n|turn|12\n|inactive|Time left: 300 sec this turn | 300 sec total\n|\n|t:|1783558981\n|move|p2a: Vileplume|Leech Seed|p1a: Probopass\n|-start|p1a: Probopass|move: Leech Seed\n|move|p1a: Probopass|Iron Defense|p1a: Probopass\n|-boost|p1a: Probopass|def|2\n|\n|-heal|p1a: Probopass|257/257|[from] item: Leftovers\n|-damage|p1a: Probopass|225/257|[from] Leech Seed|[of] p2a: Vileplume\n|upkeep\n|turn|13\n|inactive|Time left: 300 sec this turn | 300 sec total\n|\n|t:|1783558982\n|move|p2a: Vileplume|Giga Drain|p1a: Probopass\n|-damage|p1a: Probopass|171/257\n|move|p1a: Probopass|Body Press|p2a: Vileplume\n|-resisted|p2a: Vileplume\n|-damage|p2a: Vileplume|46/100\n|\n|-heal|p2a: Vileplume|52/100|[from] item: Leftovers\n|-heal|p1a: Probopass|187/257|[from] item: Leftovers\n|-damage|p1a: Probopass|155/257|[from] Leech Seed|[of] p2a: Vileplume\n|-heal|p2a: Vileplume|64/100|[silent]\n|upkeep\n|turn|14\n|inactive|Time left: 300 sec this turn | 300 sec total\n|\n|t:|1783558983\n|-terastallize|p1a: Probopass|Fighting\n|move|p2a: Vileplume|Strength Sap|p1a: Probopass\n|-unboost|p1a: Probopass|atk|1\n|-heal|p2a: Vileplume|91/100\n|move|p1a: Probopass|Body Press|p2a: Vileplume\n|-resisted|p2a: Vileplume\n|-crit|p2a: Vileplume\n|-damage|p2a: Vileplume|0 fnt\n|-status|p1a: Probopass|psn|[from] ability: Effect Spore|[of] p2a: Vileplume\n|faint|p2a: Vileplume\n|\n|-heal|p1a: Probopass|171/257 psn|[from] item: Leftovers\n|-damage|p1a: Probopass|139/257 psn|[from] psn\n|upkeep\n|\n|t:|1783558984\n|switch|p2a: Iron Valiant|Iron Valiant, L78|91/100\n|turn|15\n|inactive|Time left: 300 sec this turn | 300 sec total\n|\n|t:|1783558985\n|move|p2a: Iron Valiant|Moonblast|p1a: Probopass\n|-supereffective|p1a: Probopass\n|-damage|p1a: Probopass|0 fnt\n|faint|p1a: Probopass\n|-damage|p2a: Iron Valiant|81/100|[from] item: Life Orb\n|\n|upkeep\n|inactive|Time left: 300 sec this turn | 300 sec total | 5 sec grace\n|\n|t:|1783558986\n|switch|p1a: Regieleki|Regieleki, L79|256/256\n|turn|16\n|inactive|Time left: 300 sec this turn | 300 sec total\n|\n|t:|1783558987\n|-end|p2a: Iron Valiant|Quark Drive|[silent]\n|switch|p2a: Eternatus|Eternatus, L69|100/100\n|-ability|p2a: Eternatus|Pressure\n|move|p1a: Regieleki|Thunderbolt|p2a: Eternatus\n|-resisted|p2a: Eternatus\n|-damage|p2a: Eternatus|75/100\n|\n|upkeep\n|turn|17\n|inactive|Time left: 300 sec this turn | 300 sec total\n|\n|t:|1783558988\n|move|p1a: Regieleki|Volt Switch|p2a: Eternatus\n|-resisted|p2a: Eternatus\n|-damage|p2a: Eternatus|54/100\n|inactive|Time left: 300 sec this turn | 300 sec total | 5 sec grace\n|\n|t:|1783558988\n|switch|p1a: Snorlax|Snorlax, L82, M|397/397|[from] Volt Switch\n|move|p2a: Eternatus|Meteor Beam||[still]\n|-prepare|p2a: Eternatus|Meteor Beam\n|-boost|p2a: Eternatus|spa|1\n|-enditem|p2a: Eternatus|Power Herb\n|-anim|p2a: Eternatus|Meteor Beam|p1a: Snorlax\n|-damage|p1a: Snorlax|293/397\n|\n|-heal|p1a: Snorlax|317/397|[from] item: Leftovers\n|upkeep\n|turn|18\n|inactive|Time left: 300 sec this turn | 300 sec total\n|\n|t:|1783558989\n|move|p2a: Eternatus|Sludge Bomb|p1a: Snorlax\n|-damage|p1a: Snorlax|199/397\n|move|p1a: Snorlax|Body Slam|p2a: Eternatus\n|-damage|p2a: Eternatus|17/100\n|\n|-heal|p1a: Snorlax|223/397|[from] item: Leftovers\n|upkeep\n|turn|19\n|inactive|Time left: 300 sec this turn | 300 sec total\n|\n|t:|1783558990\n|move|p2a: Eternatus|Dynamax Cannon|p1a: Snorlax\n|-damage|p1a: Snorlax|105/397\n|move|p1a: Snorlax|Body Slam|p2a: Eternatus\n|-damage|p2a: Eternatus|0 fnt\n|faint|p2a: Eternatus\n|\n|-heal|p1a: Snorlax|129/397|[from] item: Leftovers\n|upkeep\n|\n|t:|1783558991\n|switch|p2a: Orthworm|Orthworm, L88, F|100/100\n|turn|20\n|inactive|Time left: 300 sec this turn | 300 sec total\n|\n|t:|1783558992\n|move|p2a: Orthworm|Coil|p2a: Orthworm\n|-boost|p2a: Orthworm|atk|1\n|-boost|p2a: Orthworm|def|1\n|-boost|p2a: Orthworm|accuracy|1\n|move|p1a: Snorlax|Rest|p1a: Snorlax\n|-status|p1a: Snorlax|slp|[from] move: Rest\n|-heal|p1a: Snorlax|397/397 slp|[silent]\n|\n|upkeep\n|turn|21\n|inactive|Time left: 300 sec this turn | 300 sec total\n|\n|t:|1783558993\n|switch|p1a: Regieleki|Regieleki, L79|256/256\n|move|p2a: Orthworm|Coil|p2a: Orthworm\n|-boost|p2a: Orthworm|atk|1\n|-boost|p2a: Orthworm|def|1\n|-boost|p2a: Orthworm|accuracy|1\n|\n|upkeep\n|turn|22\n|inactive|Time left: 300 sec this turn | 300 sec total\n|\n|t:|1783558994\n|-terastallize|p2a: Orthworm|Electric\n|move|p1a: Regieleki|Volt Switch|p2a: Orthworm\n|-resisted|p2a: Orthworm\n|-damage|p2a: Orthworm|77/100\n|inactive|Time left: 300 sec this turn | 300 sec total | 5 sec grace\n|\n|t:|1783558995\n|switch|p1a: Garganacl|Garganacl, L80, M|291/291|[from] Volt Switch\n|move|p2a: Orthworm|Body Press|p1a: Garganacl\n|-supereffective|p1a: Garganacl\n|-damage|p1a: Garganacl|3/291\n|\n|-heal|p1a: Garganacl|21/291|[from] item: Leftovers\n|upkeep\n|turn|23\n|inactive|Time left: 300 sec this turn | 300 sec total\n|\n|t:|1783558996\n|move|p2a: Orthworm|Body Press|p1a: Garganacl\n|-supereffective|p1a: Garganacl\n|-damage|p1a: Garganacl|0 fnt\n|faint|p1a: Garganacl\n|\n|upkeep\n|inactive|Time left: 300 sec this turn | 300 sec total | 5 sec grace\n|\n|t:|1783558997\n|switch|p1a: Snorlax|Snorlax, L82, M|397/397 slp\n|turn|24\n|inactive|Time left: 300 sec this turn | 300 sec total\n|\n|t:|1783558998\n|switch|p1a: Regieleki|Regieleki, L79|256/256\n|move|p2a: Orthworm|Body Press|p1a: Regieleki\n|-damage|p1a: Regieleki|0 fnt\n|faint|p1a: Regieleki\n|\n|upkeep\n|inactive|Time left: 300 sec this turn | 300 sec total | 5 sec grace\n|\n|t:|1783558999\n|switch|p1a: Snorlax|Snorlax, L82, M|397/397 slp\n|turn|25\n|inactive|Time left: 300 sec this turn | 300 sec total\n|\n|t:|1783559000\n|move|p2a: Orthworm|Body Press|p1a: Snorlax\n|-supereffective|p1a: Snorlax\n|-damage|p1a: Snorlax|0 fnt\n|faint|p1a: Snorlax\n|\n|win|p0y1706c972", "uploadtime": 1783559000, "views": 0, "rating": 0, "private": 0, "password": null, "_winner": "p0y1706c972", "_our_name": "p0x1706f85c"}