{"id": "battle-gen9randombattle-778", "formatid": "gen9randombattle", "format": "[Gen 9] Random Battle", "players": ["p0x778cc5f", "p0y778b961"], "log": "|init|battle\n|title|p0x778cc5f vs. p0y778b961\n|j|\u2606p0x778cc5f\n|j|\u2606p0y778b961\n|t:|1783548139\n|gametype|singles\n|player|p1|p0x778cc5f|265|\n|player|p2|p0y778b961|170|\n|gen|9\n|tier|[Gen 9] Random Battle\n|rule|Species Clause: Limit one of each Pok\u00e9mon\n|rule|HP Percentage Mod: HP is shown in percentages\n|rule|Sleep Clause Mod: Limit one foe put to sleep\n|rule|Illusion Level Mod: Illusion disguises the Pok\u00e9mon's true level\n|\n|t:|1783548139\n|teamsize|p1|6\n|teamsize|p2|6\n|start\n|switch|p1a: Skarmory|Skarmory, L80, M|100/100\n|switch|p2a: Whimsicott|Whimsicott, L84, M|238/238\n|turn|1\n|inactive|Battle timer is ON: inactive players will automatically lose when time's up. (requested by p0x778cc5f)\n|inactive|Time left: 300 sec this turn | 300 sec total | 60 sec grace\n|inactive|p0y778b961 also wants the timer to be on.\n|\n|t:|1783548141\n|switch|p2a: Espeon|Espeon, L84, F|246/246\n|move|p1a: Skarmory|Brave Bird|p2a: Espeon\n|-damage|p2a: Espeon|119/246\n|-damage|p1a: Skarmory|83/100|[from] Recoil\n|\n|-heal|p1a: Skarmory|89/100|[from] item: Leftovers\n|upkeep\n|turn|2\n|inactive|Time left: 300 sec this turn | 300 sec total\n|\n|t:|1783548142\n|move|p2a: Espeon|Morning Sun|p2a: Espeon\n|-heal|p2a: Espeon|242/246\n|move|p1a: Skarmory|Brave Bird|p2a: Espeon\n|-damage|p2a: Espeon|116/246\n|-damage|p1a: Skarmory|71/100|[from] Recoil\n|\n|-heal|p1a: Skarmory|77/100|[from] item: Leftovers\n|upkeep\n|turn|3\n|inactive|Time left: 300 sec this turn | 300 sec total\n|\n|t:|1783548143\n|move|p2a: Espeon|Morning Sun|p2a: Espeon\n|-heal|p2a: Espeon|239/246\n|move|p1a: Skarmory|Brave Bird|p2a: Espeon\n|-damage|p2a: Espeon|110/246\n|-damage|p1a: Skarmory|58/100|[from] Recoil\n|\n|-heal|p1a: Skarmory|64/100|[from] item: Leftovers\n|upkeep\n|turn|4\n|inactive|Time left: 300 sec this turn | 300 sec total\n|\n|t:|1783548144\n|move|p2a: Espeon|Morning Sun|p2a: Espeon\n|-heal|p2a: Espeon|233/246\n|move|p1a: Skarmory|Brave Bird|p2a: Espeon\n|-damage|p2a: Espeon|95/246\n|-damage|p1a: Skarmory|45/100|[from] Recoil\n|\n|-heal|p1a: Skarmory|51/100|[from] item: Leftovers\n|upkeep\n|turn|5\n|inactive|Time left: 300 sec this turn | 300 sec total\n|\n|t:|1783548145\n|move|p2a: Espeon|Shadow Ball|p1a: Skarmory\n|-damage|p1a: Skarmory|2/100\n|-unboost|p1a: Skarmory|spd|1\n|-damage|p2a: Espeon|71/246|[from] item: Life Orb\n|move|p1a: Skarmory|Roost|p1a: Skarmory\n|-heal|p1a: Skarmory|52/100\n|-singleturn|p1a: Skarmory|move: Roost\n|\n|-heal|p1a: Skarmory|58/100|[from] item: Leftovers\n|upkeep\n|turn|6\n|inactive|Time left: 300 sec this turn | 300 sec total\n|\n|t:|1783548146\n|switch|p1a: Rhydon|Rhydon, L85, M|100/100\n|move|p2a: Espeon|Shadow Ball|p1a: Rhydon\n|-damage|p1a: Rhydon|69/100\n|-unboost|p1a: Rhydon|spd|1\n|-damage|p2a: Espeon|47/246|[from] item: Life Orb\n|\n|upkeep\n|turn|7\n|inactive|Time left: 300 sec this turn | 300 sec total\n|\n|t:|1783548147\n|switch|p1a: Rabsca|Rabsca, L91, M|100/100\n|move|p2a: Espeon|Alluring Voice|p1a: Rabsca\n|-damage|p1a: Rabsca|75/100\n|-damage|p2a: Espeon|23/246|[from] item: Life Orb\n|\n|upkeep\n|turn|8\n|inactive|Time left: 300 sec this turn | 300 sec total\n|\n|t:|1783548148\n|move|p2a: Espeon|Morning Sun|p2a: Espeon\n|-heal|p2a: Espeon|146/246\n|move|p1a: Rabsca|Recover|p1a: Rabsca\n|-heal|p1a: Rabsca|100/100\n|\n|upkeep\n|turn|9\n|inactive|Time left: 300 sec this turn | 300 sec total\n|\n|t:|1783548149\n|switch|p2a: Ting-Lu|Ting-Lu, L78|370/370\n|-ability|p2a: Ting-Lu|Vessel of Ruin\n|move|p1a: Rabsca|Bug Buzz|p2a: Ting-Lu\n|-supereffective|p2a: Ting-Lu\n|-damage|p2a: Ting-Lu|208/370\n|\n|upkeep\n|turn|10\n|inactive|Time left: 300 sec this turn | 300 sec total\n|\n|t:|1783548150\n|switch|p1a: Skarmory|Skarmory, L80, M|58/100\n|move|p2a: Ting-Lu|Ruination|p1a: Skarmory\n|-damage|p1a: Skarmory|29/100\n|\n|-heal|p1a: Skarmory|35/100|[from] item: Leftovers\n|upkeep\n|turn|11\n|inactive|Time left: 300 sec this turn | 300 sec total\n|\n|t:|1783548152\n|switch|p2a: Espeon|Espeon, L84, F|146/246\n|move|p1a: Skarmory|Roost|p1a: Skarmory\n|-heal|p1a: Skarmory|86/100\n|-singleturn|p1a: Skarmory|move: Roost\n|\n|-heal|p1a: Skarmory|92/100|[from] item: Leftovers\n|upkeep\n|turn|12\n|inactive|Time left: 300 sec this turn | 300 sec total\n|\n|t:|1783548153\n|move|p2a: Espeon|Morning Sun|p2a: Espeon\n|-heal|p2a: Espeon|246/246\n|move|p1a: Skarmory|Brave Bird|p2a: Espeon\n|-crit|p2a: Espeon\n|-damage|p2a: Espeon|53/246\n|-damage|p1a: Skarmory|64/100|[from] Recoil\n|\n|-heal|p1a: Skarmory|70/100|[from] item: Leftovers\n|upkeep\n|turn|13\n|inactive|Time left: 300 sec this turn | 300 sec total\n|\n|t:|1783548154\n|move|p2a: Espeon|Morning Sun|p2a: Espeon\n|-heal|p2a: Espeon|176/246\n|move|p1a: Skarmory|Brave Bird|p2a: Espeon\n|-damage|p2a: Espeon|52/246\n|-damage|p1a: Skarmory|53/100|[from] Recoil\n|\n|-heal|p1a: Skarmory|59/100|[from] item: Leftovers\n|upkeep\n|turn|14\n|inactive|Time left: 300 sec this turn | 300 sec total\n|\n|t:|1783548155\n|move|p2a: Espeon|Morning Sun|p2a: Espeon\n|-heal|p2a: Espeon|175/246\n|move|p1a: Skarmory|Body Press|p2a: Espeon\n|-resisted|p2a: Espeon\n|-damage|p2a: Espeon|128/246\n|\n|-heal|p1a: Skarmory|65/100|[from] item: Leftovers\n|upkeep\n|turn|15\n|inactive|Time left: 300 sec this turn | 300 sec total\n|\n|t:|1783548156\n|move|p2a: Espeon|Morning Sun|p2a: Espeon\n|-heal|p2a: Espeon|246/246\n|move|p1a: Skarmory|Brave Bird|p2a: Espeon\n|-damage|p2a: Espeon|104/246\n|-damage|p1a: Skarmory|45/100|[from] Recoil\n|\n|-heal|p1a: Skarmory|51/100|[from] item: Leftovers\n|upkeep\n|turn|16\n|inactive|Time left: 300 sec this turn | 300 sec total\n|\n|t:|1783548157\n|move|p2a: Espeon|Shadow Ball|p1a: Skarmory\n|-damage|p1a: Skarmory|0 fnt\n|faint|p1a: Skarmory\n|-damage|p2a: Espeon|80/246|[from] item: Life Orb\n|\n|upkeep\n|\n|t:|1783548158\n|switch|p1a: Rhydon|Rhydon, L85, M|69/100\n|turn|17\n|inactive|Time left: 300 sec this turn | 300 sec total\n|\n|t:|1783548159\n|move|p2a: Espeon|Shadow Ball|p1a: Rhydon\n|-damage|p1a: Rhydon|41/100\n|-damage|p2a: Espeon|56/246|[from] item: Life Orb\n|move|p1a: Rhydon|Earthquake|p2a: Espeon\n|-damage|p2a: Espeon|0 fnt\n|faint|p2a: Espeon\n|\n|upkeep\n|inactive|Time left: 300 sec this turn | 300 sec total | 5 sec grace\n|\n|t:|1783548161\n|switch|p2a: Scizor|Scizor, L79, F|240/240\n|turn|18\n|inactive|Time left: 300 sec this turn | 300 sec total\n|\n|t:|1783548162\n|move|p2a: Scizor|Swords Dance|p2a: Scizor\n|-boost|p2a: Scizor|atk|2\n|move|p1a: Rhydon|Earthquake|p2a: Scizor\n|-damage|p2a: Scizor|96/240\n|\n|upkeep\n|turn|19\n|inactive|Time left: 300 sec this turn | 300 sec total\n|\n|t:|1783548163\n|-terastallize|p1a: Rhydon|Dragon\n|move|p2a: Scizor|Bug Bite|p1a: Rhydon\n|-damage|p1a: Rhydon|0 fnt\n|faint|p1a: Rhydon\n|-damage|p2a: Scizor|72/240|[from] item: Life Orb\n|\n|upkeep\n|\n|t:|1783548164\n|switch|p1a: Deoxys|Deoxys-Speed, L82|100/100\n|-ability|p1a: Deoxys|Pressure\n|turn|20\n|inactive|Time left: 300 sec this turn | 300 sec total\n|\n|t:|1783548165\n|move|p2a: Scizor|Bullet Punch|p1a: Deoxys\n|-damage|p1a: Deoxys|12/100\n|-damage|p2a: Scizor|48/240|[from] item: Life Orb\n|move|p1a: Deoxys|Dark Pulse|p2a: Scizor\n|-damage|p2a: Scizor|0 fnt\n|faint|p2a: Scizor\n|-damage|p1a: Deoxys|2/100|[from] item: Life Orb\n|\n|upkeep\n|inactive|Time left: 300 sec this turn | 300 sec total | 5 sec grace\n|\n|t:|1783548167\n|switch|p2a: Bisharp|Bisharp, L79, F|232/232\n|turn|21\n|inactive|Time left: 300 sec this turn | 300 sec total\n|\n|t:|1783548168\n|move|p1a: Deoxys|Focus Blast|p2a: Bisharp\n|-supereffective|p2a: Bisharp\n|-damage|p2a: Bisharp|0 fnt\n|faint|p2a: Bisharp\n|-damage|p1a: Deoxys|0 fnt|[from] item: Life Orb\n|faint|p1a: Deoxys\n|\n|upkeep\n|inactive|Time left: 300 sec this turn | 300 sec total | 5 sec grace\n|\n|t:|1783548169\n|switch|p1a: Rampardos|Rampardos, L90, M|100/100\n|switch|p2a: Ting-Lu|Ting-Lu, L78|208/370\n|-ability|p2a: Ting-Lu|Vessel of Ruin\n|turn|22\n|inactive|Time left: 300 sec this turn | 300 sec total\n|\n|t:|1783548170\n|move|p1a: Rampardos|Earthquake|p2a: Ting-Lu\n|-damage|p2a: Ting-Lu|73/370\n|-damage|p1a: Rampardos|91/100|[from] item: Life Orb\n|move|p2a: Ting-Lu|Earthquake|p1a: Rampardos\n|-supereffective|p1a: Rampardos\n|-damage|p1a: Rampardos|5/100\n|\n|upkeep\n|turn|23\n|inactive|Time left: 300 sec this turn | 300 sec total\n|\n|t:|1783548171\n|move|p1a: Rampardos|Fire Punch|p2a: Ting-Lu\n|-damage|p2a: Ting-Lu|0 fnt\n|faint|p2a: Ting-Lu\n|\n|upkeep\n|inactive|Time left: 300 sec this turn | 300 sec total | 5 sec grace\n|\n|t:|1783548172\n|switch|p2a: Regidrago|Regidrago, L77|435/435\n|turn|24\n|inactive|Time left: 300 sec this turn | 300 sec total\n|\n|t:|1783548173\n|move|p2a: Regidrago|Tera Blast|p1a: Rampardos\n|-resisted|p1a: Rampardos\n|-damage|p1a: Rampardos|0 fnt\n|faint|p1a: Rampardos\n|-damage|p2a: Regidrago|392/435|[from] item: Life Orb\n|\n|upkeep\n|\n|t:|1783548174\n|switch|p1a: Rabsca|Rabsca, L91, M|100/100\n|turn|25\n|inactive|Time left: 300 sec this turn | 300 sec total\n|\n|t:|1783548176\n|-terastallize|p2a: Regidrago|Steel\n|move|p2a: Regidrago|Dragon Dance|p2a: Regidrago\n|-boost|p2a: Regidrago|atk|1\n|-boost|p2a: Regidrago|spe|1\n|move|p1a: Rabsca|Bug Buzz|p2a: Regidrago\n|-resisted|p2a: Regidrago\n|-damage|p2a: Regidrago|287/435\n|\n|upkeep\n|turn|26\n|inactive|Time left: 300 sec this turn | 300 sec total\n|\n|t:|1783548177\n|move|p2a: Regidrago|Dragon Claw|p1a: Rabsca\n|-damage|p1a: Rabsca|32/100\n|-damage|p2a: Regidrago|244/435|[from] item: Life Orb\n|move|p1a: Rabsca|Recover|p1a: Rabsca\n|-heal|p1a: Rabsca|82/100\n|\n|upkeep\n|turn|27\n|inactive|Time left: 300 sec this turn | 300 sec total\n|\n|t:|1783548178\n|move|p2a: Regidrago|Dragon Dance|p2a: Regidrago\n|-boost|p2a: Regidrago|atk|1\n|-boost|p2a: Regidrago|spe|1\n|move|p1a: Rabsca|Recover|p1a: Rabsca\n|-heal|p1a: Rabsca|100/100\n|\n|upkeep\n|turn|28\n|inactive|Time left: 300 sec this turn | 300 sec total\n|\n|t:|1783548179\n|move|p2a: Regidrago|Dragon Claw|p1a: Rabsca\n|-damage|p1a: Rabsca|4/100\n|-damage|p2a: Regidrago|201/435|[from] item: Life Orb\n|move|p1a: Rabsca|Psychic|p2a: Regidrago\n|-resisted|p2a: Regidrago\n|-damage|p2a: Regidrago|105/435\n|\n|upkeep\n|turn|29\n|inactive|Time left: 300 sec this turn | 300 sec total\n|\n|t:|1783548180\n|switch|p1a: Ditto|Ditto, L87|100/100\n|-transform|p1a: Ditto|p2a: Regidrago|[from] ability: Imposter\n|move|p2a: Regidrago|Dragon Claw|p1a: Ditto\n|-supereffective|p1a: Ditto\n|-crit|p1a: Ditto\n|-damage|p1a: Ditto|0 fnt\n|faint|p1a: Ditto\n|-damage|p2a: Regidrago|62/435|[from] item: Life Orb\n|\n|upkeep\n|\n|t:|1783548180\n|switch|p1a: Rabsca|Rabsca, L91, M|4/100\n|turn|30\n|inactive|Time left: 300 sec this turn | 300 sec total\n|\n|t:|1783548181\n|move|p2a: Regidrago|Tera Blast|p1a: Rabsca|[anim] Tera Blast Steel\n|-damage|p1a: Rabsca|0 fnt\n|faint|p1a: Rabsca\n|-damage|p2a: Regidrago|19/435|[from] item: Life Orb\n|\n|win|p0y778b961", "uploadtime": 1783548181, "views": 0, "rating": 0, "private": 0, "password": null, "_winner": "p0y778b961", "_our_name": "p0y778b961"}