{"id": "battle-gen9randombattle-1463", "formatid": "gen9randombattle", "format": "[Gen 9] Random Battle", "players": ["p0x1463b0dd", "p0y14639359"], "log": "|init|battle\n|title|p0x1463b0dd vs. p0y14639359\n|j|\u2606p0x1463b0dd\n|j|\u2606p0y14639359\n|t:|1783556099\n|gametype|singles\n|player|p1|p0x1463b0dd|170|\n|player|p2|p0y14639359|2|\n|gen|9\n|tier|[Gen 9] Random Battle\n|rule|Species Clause: Limit one of each Pok\u00e9mon\n|rule|HP Percentage Mod: HP is shown in percentages\n|rule|Sleep Clause Mod: Limit one foe put to sleep\n|rule|Illusion Level Mod: Illusion disguises the Pok\u00e9mon's true level\n|\n|t:|1783556099\n|teamsize|p1|6\n|teamsize|p2|6\n|start\n|switch|p1a: Arceus|Arceus-Bug, L73|100/100\n|switch|p2a: Qwilfish|Qwilfish-Hisui, L83, F|244/244\n|-ability|p2a: Qwilfish|Intimidate|boost\n|-unboost|p1a: Arceus|atk|1\n|turn|1\n|inactive|Battle timer is ON: inactive players will automatically lose when time's up. (requested by p0x1463b0dd)\n|inactive|Time left: 300 sec this turn | 300 sec total | 60 sec grace\n|inactive|p0y14639359 also wants the timer to be on.\n|\n|t:|1783556100\n|move|p1a: Arceus|Calm Mind|p1a: Arceus\n|-boost|p1a: Arceus|spa|1\n|-boost|p1a: Arceus|spd|1\n|move|p2a: Qwilfish|Toxic Spikes|p1a: Arceus\n|-sidestart|p1: p0x1463b0dd|move: Toxic Spikes\n|\n|upkeep\n|turn|2\n|inactive|Time left: 300 sec this turn | 300 sec total\n|\n|t:|1783556101\n|move|p1a: Arceus|Judgment|p2a: Qwilfish\n|-damage|p2a: Qwilfish|75/244\n|move|p2a: Qwilfish|Gunk Shot|p1a: Arceus\n|-damage|p1a: Arceus|62/100\n|-status|p1a: Arceus|psn\n|\n|-damage|p1a: Arceus|50/100 psn|[from] psn\n|upkeep\n|turn|3\n|inactive|Time left: 300 sec this turn | 300 sec total\n|\n|t:|1783556103\n|switch|p2a: Alcremie|Alcremie-Lemon-Cream, L90, F|263/263\n|move|p1a: Arceus|Judgment|p2a: Alcremie\n|-resisted|p2a: Alcremie\n|-damage|p2a: Alcremie|200/263\n|\n|-heal|p2a: Alcremie|216/263|[from] item: Leftovers\n|-damage|p1a: Arceus|37/100 psn|[from] psn\n|upkeep\n|turn|4\n|inactive|Time left: 300 sec this turn | 300 sec total\n|\n|t:|1783556104\n|move|p1a: Arceus|Recover|p1a: Arceus\n|-heal|p1a: Arceus|88/100 psn\n|move|p2a: Alcremie|Calm Mind|p2a: Alcremie\n|-boost|p2a: Alcremie|spa|1\n|-boost|p2a: Alcremie|spd|1\n|\n|-heal|p2a: Alcremie|232/263|[from] item: Leftovers\n|-damage|p1a: Arceus|75/100 psn|[from] psn\n|upkeep\n|turn|5\n|inactive|Time left: 300 sec this turn | 300 sec total\n|\n|t:|1783556105\n|move|p1a: Arceus|Calm Mind|p1a: Arceus\n|-boost|p1a: Arceus|spa|1\n|-boost|p1a: Arceus|spd|1\n|move|p2a: Alcremie|Calm Mind|p2a: Alcremie\n|-boost|p2a: Alcremie|spa|1\n|-boost|p2a: Alcremie|spd|1\n|\n|-heal|p2a: Alcremie|248/263|[from] item: Leftovers\n|-damage|p1a: Arceus|63/100 psn|[from] psn\n|upkeep\n|turn|6\n|inactive|Time left: 300 sec this turn | 300 sec total\n|\n|t:|1783556106\n|move|p1a: Arceus|Recover|p1a: Arceus\n|-heal|p1a: Arceus|100/100 psn\n|move|p2a: Alcremie|Psyshock|p1a: Arceus\n|-damage|p1a: Arceus|60/100 psn\n|\n|-heal|p2a: Alcremie|263/263|[from] item: Leftovers\n|-damage|p1a: Arceus|48/100 psn|[from] psn\n|upkeep\n|turn|7\n|inactive|Time left: 300 sec this turn | 300 sec total\n|\n|t:|1783556107\n|move|p1a: Arceus|Recover|p1a: Arceus\n|-heal|p1a: Arceus|98/100 psn\n|move|p2a: Alcremie|Psyshock|p1a: Arceus\n|-damage|p1a: Arceus|51/100 psn\n|\n|-damage|p1a: Arceus|39/100 psn|[from] psn\n|upkeep\n|turn|8\n|inactive|Time left: 300 sec this turn | 300 sec total\n|\n|t:|1783556108\n|move|p1a: Arceus|Recover|p1a: Arceus\n|-heal|p1a: Arceus|89/100 psn\n|move|p2a: Alcremie|Alluring Voice|p1a: Arceus\n|-damage|p1a: Arceus|54/100 psn\n|\n|-damage|p1a: Arceus|42/100 psn|[from] psn\n|upkeep\n|turn|9\n|inactive|Time left: 300 sec this turn | 300 sec total\n|\n|t:|1783556109\n|move|p1a: Arceus|Recover|p1a: Arceus\n|-heal|p1a: Arceus|92/100 psn\n|move|p2a: Alcremie|Psyshock|p1a: Arceus\n|-damage|p1a: Arceus|51/100 psn\n|\n|-damage|p1a: Arceus|39/100 psn|[from] psn\n|upkeep\n|turn|10\n|inactive|Time left: 300 sec this turn | 300 sec total\n|\n|t:|1783556110\n|move|p1a: Arceus|Recover|p1a: Arceus\n|-heal|p1a: Arceus|89/100 psn\n|move|p2a: Alcremie|Alluring Voice|p1a: Arceus\n|-damage|p1a: Arceus|55/100 psn\n|\n|-damage|p1a: Arceus|43/100 psn|[from] psn\n|upkeep\n|turn|11\n|inactive|Time left: 300 sec this turn | 300 sec total\n|\n|t:|1783556112\n|move|p1a: Arceus|Recover|p1a: Arceus\n|-heal|p1a: Arceus|93/100 psn\n|move|p2a: Alcremie|Psyshock|p1a: Arceus\n|-damage|p1a: Arceus|52/100 psn\n|\n|-damage|p1a: Arceus|39/100 psn|[from] psn\n|upkeep\n|turn|12\n|inactive|Time left: 300 sec this turn | 300 sec total\n|\n|t:|1783556113\n|move|p1a: Arceus|Recover|p1a: Arceus\n|-heal|p1a: Arceus|90/100 psn\n|move|p2a: Alcremie|Alluring Voice|p1a: Arceus\n|-damage|p1a: Arceus|55/100 psn\n|\n|-damage|p1a: Arceus|43/100 psn|[from] psn\n|upkeep\n|turn|13\n|inactive|Time left: 300 sec this turn | 300 sec total\n|\n|t:|1783556114\n|switch|p1a: Registeel|Registeel, L81|100/100\n|move|p2a: Alcremie|Psyshock|p1a: Registeel\n|-resisted|p1a: Registeel\n|-damage|p1a: Registeel|83/100\n|\n|upkeep\n|turn|14\n|inactive|Time left: 300 sec this turn | 300 sec total\n|\n|t:|1783556115\n|move|p2a: Alcremie|Alluring Voice|p1a: Registeel\n|-resisted|p1a: Registeel\n|-damage|p1a: Registeel|57/100\n|move|p1a: Registeel|Iron Head|p2a: Alcremie\n|-supereffective|p2a: Alcremie\n|-damage|p2a: Alcremie|135/263\n|\n|-heal|p2a: Alcremie|151/263|[from] item: Leftovers\n|upkeep\n|turn|15\n|inactive|Time left: 300 sec this turn | 300 sec total\n|\n|t:|1783556116\n|move|p2a: Alcremie|Recover|p2a: Alcremie\n|-heal|p2a: Alcremie|263/263\n|move|p1a: Registeel|Iron Head|p2a: Alcremie\n|-supereffective|p2a: Alcremie\n|-damage|p2a: Alcremie|117/263\n|\n|-heal|p2a: Alcremie|133/263|[from] item: Leftovers\n|upkeep\n|turn|16\n|inactive|Time left: 300 sec this turn | 300 sec total\n|\n|t:|1783556117\n|move|p2a: Alcremie|Recover|p2a: Alcremie\n|-heal|p2a: Alcremie|263/263\n|move|p1a: Registeel|Iron Head|p2a: Alcremie\n|-supereffective|p2a: Alcremie\n|-damage|p2a: Alcremie|119/263\n|\n|-heal|p2a: Alcremie|135/263|[from] item: Leftovers\n|upkeep\n|turn|17\n|inactive|Time left: 300 sec this turn | 300 sec total\n|\n|t:|1783556118\n|move|p2a: Alcremie|Recover|p2a: Alcremie\n|-heal|p2a: Alcremie|263/263\n|move|p1a: Registeel|Iron Head|p2a: Alcremie\n|-supereffective|p2a: Alcremie\n|-damage|p2a: Alcremie|131/263\n|\n|-heal|p2a: Alcremie|147/263|[from] item: Leftovers\n|upkeep\n|turn|18\n|inactive|Time left: 300 sec this turn | 300 sec total\n|\n|t:|1783556118\n|move|p2a: Alcremie|Recover|p2a: Alcremie\n|-heal|p2a: Alcremie|263/263\n|move|p1a: Registeel|Iron Head|p2a: Alcremie\n|-supereffective|p2a: Alcremie\n|-damage|p2a: Alcremie|119/263\n|\n|-heal|p2a: Alcremie|135/263|[from] item: Leftovers\n|upkeep\n|turn|19\n|inactive|Time left: 300 sec this turn | 300 sec total\n|\n|t:|1783556119\n|move|p2a: Alcremie|Recover|p2a: Alcremie\n|-heal|p2a: Alcremie|263/263\n|move|p1a: Registeel|Iron Head|p2a: Alcremie\n|-supereffective|p2a: Alcremie\n|-damage|p2a: Alcremie|125/263\n|\n|-heal|p2a: Alcremie|141/263|[from] item: Leftovers\n|upkeep\n|turn|20\n|inactive|Time left: 300 sec this turn | 300 sec total\n|\n|t:|1783556120\n|move|p2a: Alcremie|Recover|p2a: Alcremie\n|-heal|p2a: Alcremie|263/263\n|move|p1a: Registeel|Iron Head|p2a: Alcremie\n|-supereffective|p2a: Alcremie\n|-damage|p2a: Alcremie|119/263\n|\n|-heal|p2a: Alcremie|135/263|[from] item: Leftovers\n|upkeep\n|turn|21\n|inactive|Time left: 300 sec this turn | 300 sec total\n|\n|t:|1783556121\n|move|p2a: Alcremie|Recover|p2a: Alcremie\n|-heal|p2a: Alcremie|263/263\n|move|p1a: Registeel|Iron Head|p2a: Alcremie\n|-supereffective|p2a: Alcremie\n|-damage|p2a: Alcremie|117/263\n|\n|-heal|p2a: Alcremie|133/263|[from] item: Leftovers\n|upkeep\n|turn|22\n|inactive|Time left: 300 sec this turn | 300 sec total\n|\n|t:|1783556122\n|move|p2a: Alcremie|Recover|p2a: Alcremie\n|-heal|p2a: Alcremie|263/263\n|move|p1a: Registeel|Iron Head|p2a: Alcremie\n|-supereffective|p2a: Alcremie\n|-damage|p2a: Alcremie|111/263\n|\n|-heal|p2a: Alcremie|127/263|[from] item: Leftovers\n|upkeep\n|turn|23\n|inactive|Time left: 300 sec this turn | 300 sec total\n|\n|t:|1783556123\n|move|p2a: Alcremie|Alluring Voice|p1a: Registeel\n|-resisted|p1a: Registeel\n|-damage|p1a: Registeel|30/100\n|move|p1a: Registeel|Iron Head|p2a: Alcremie\n|-supereffective|p2a: Alcremie\n|-damage|p2a: Alcremie|0 fnt\n|faint|p2a: Alcremie\n|\n|upkeep\n|inactive|Time left: 300 sec this turn | 300 sec total | 5 sec grace\n|\n|t:|1783556123\n|switch|p2a: Grumpig|Grumpig, L92, F|297/297\n|turn|24\n|inactive|Time left: 300 sec this turn | 300 sec total\n|\n|t:|1783556124\n|move|p2a: Grumpig|Nasty Plot|p2a: Grumpig\n|-boost|p2a: Grumpig|spa|2\n|move|p1a: Registeel|Rest|p1a: Registeel\n|-status|p1a: Registeel|slp|[from] move: Rest\n|-heal|p1a: Registeel|100/100 slp|[silent]\n|-enditem|p1a: Registeel|Chesto Berry|[eat]\n|-curestatus|p1a: Registeel|slp|[msg]\n|\n|upkeep\n|turn|25\n|inactive|Time left: 300 sec this turn | 300 sec total\n|\n|t:|1783556125\n|switch|p1a: Brambleghast|Brambleghast, L88, F|100/100\n|move|p2a: Grumpig|Earth Power|p1a: Brambleghast\n|-resisted|p1a: Brambleghast\n|-damage|p1a: Brambleghast|69/100\n|\n|upkeep\n|turn|26\n|inactive|Time left: 300 sec this turn | 300 sec total\n|\n|t:|1783556126\n|-terastallize|p2a: Grumpig|Fairy\n|move|p1a: Brambleghast|Poltergeist|p2a: Grumpig\n|-activate|p2a: Grumpig|move: Poltergeist|Leftovers\n|-damage|p2a: Grumpig|119/297\n|move|p2a: Grumpig|Psychic|p1a: Brambleghast\n|-damage|p1a: Brambleghast|0 fnt\n|faint|p1a: Brambleghast\n|\n|-heal|p2a: Grumpig|137/297|[from] item: Leftovers\n|upkeep\n|\n|t:|1783556128\n|switch|p1a: Registeel|Registeel, L81|100/100\n|turn|27\n|inactive|Time left: 300 sec this turn | 300 sec total\n|\n|t:|1783556129\n|move|p2a: Grumpig|Earth Power|p1a: Registeel\n|-supereffective|p1a: Registeel\n|-damage|p1a: Registeel|28/100\n|move|p1a: Registeel|Iron Head|p2a: Grumpig\n|-supereffective|p2a: Grumpig\n|-damage|p2a: Grumpig|0 fnt\n|faint|p2a: Grumpig\n|\n|upkeep\n|inactive|Time left: 300 sec this turn | 300 sec total | 5 sec grace\n|\n|t:|1783556129\n|switch|p2a: Rillaboom|Rillaboom, L79, F|288/288\n|-fieldstart|move: Grassy Terrain|[from] ability: Grassy Surge|[of] p2a: Rillaboom\n|turn|28\n|inactive|Time left: 300 sec this turn | 300 sec total\n|\n|t:|1783556131\n|switch|p1a: Arceus|Arceus-Bug, L73|43/100 psn\n|move|p2a: Rillaboom|Wood Hammer|p1a: Arceus\n|-resisted|p1a: Arceus\n|-damage|p1a: Arceus|6/100 psn\n|-damage|p2a: Rillaboom|252/288|[from] Recoil\n|-damage|p2a: Rillaboom|224/288|[from] item: Life Orb\n|\n|-heal|p1a: Arceus|12/100 psn|[from] Grassy Terrain\n|-heal|p2a: Rillaboom|242/288|[from] Grassy Terrain\n|-damage|p1a: Arceus|0 fnt|[from] psn\n|faint|p1a: Arceus\n|upkeep\n|\n|t:|1783556132\n|switch|p1a: Regidrago|Regidrago, L77|100/100\n|-status|p1a: Regidrago|psn\n|-enditem|p1a: Regidrago|Lum Berry|[eat]\n|-curestatus|p1a: Regidrago|psn|[msg]\n|turn|29\n|inactive|Time left: 300 sec this turn | 300 sec total\n|\n|t:|1783556133\n|move|p2a: Rillaboom|Swords Dance|p2a: Rillaboom\n|-boost|p2a: Rillaboom|atk|2\n|move|p1a: Regidrago|Dragon Dance|p1a: Regidrago\n|-boost|p1a: Regidrago|atk|1\n|-boost|p1a: Regidrago|spe|1\n|\n|-heal|p2a: Rillaboom|260/288|[from] Grassy Terrain\n|upkeep\n|turn|30\n|inactive|Time left: 300 sec this turn | 300 sec total\n|\n|t:|1783556134\n|switch|p2a: Qwilfish|Qwilfish-Hisui, L83, F|75/244\n|-ability|p2a: Qwilfish|Intimidate|boost\n|-unboost|p1a: Regidrago|atk|1\n|-terastallize|p1a: Regidrago|Dragon\n|move|p1a: Regidrago|Outrage|p2a: Qwilfish\n|-damage|p2a: Qwilfish|0 fnt\n|faint|p2a: Qwilfish\n|\n|upkeep\n|inactive|Time left: 300 sec this turn | 300 sec total | 5 sec grace\n|\n|t:|1783556134\n|switch|p2a: Jumpluff|Jumpluff, L87, F|271/271\n|turn|31\n|inactive|Time left: 300 sec this turn | 300 sec total\n|\n|t:|1783556135\n|move|p1a: Regidrago|Outrage|p2a: Jumpluff|[from] lockedmove\n|-damage|p2a: Jumpluff|35/271\n|-start|p1a: Regidrago|confusion|[fatigue]\n|move|p2a: Jumpluff|Strength Sap|p1a: Regidrago\n|-unboost|p1a: Regidrago|atk|1\n|-heal|p2a: Jumpluff|234/271\n|\n|upkeep\n|turn|32\n|inactive|Time left: 300 sec this turn | 300 sec total\n|\n|t:|1783556136\n|-activate|p1a: Regidrago|confusion\n|move|p1a: Regidrago|Outrage|p2a: Jumpluff\n|-damage|p2a: Jumpluff|66/271\n|move|p2a: Jumpluff|Strength Sap|p1a: Regidrago\n|-unboost|p1a: Regidrago|atk|1\n|-heal|p2a: Jumpluff|198/271\n|\n|-fieldend|move: Grassy Terrain\n|upkeep\n|turn|33\n|inactive|Time left: 300 sec this turn | 300 sec total\n|\n|t:|1783556137\n|-end|p1a: Regidrago|confusion\n|move|p1a: Regidrago|Outrage|p2a: Jumpluff|[from] lockedmove\n|-damage|p2a: Jumpluff|68/271\n|-start|p1a: Regidrago|confusion|[fatigue]\n|move|p2a: Jumpluff|Strength Sap|p1a: Regidrago\n|-unboost|p1a: Regidrago|atk|1\n|-heal|p2a: Jumpluff|167/271\n|\n|upkeep\n|turn|34\n|inactive|Time left: 300 sec this turn | 300 sec total\n|\n|t:|1783556138\n|switch|p1a: Registeel|Registeel, L81|28/100\n|move|p2a: Jumpluff|Strength Sap|p1a: Registeel\n|-fail|p1a: Registeel|unboost|[from] ability: Clear Body|[of] p1a: Registeel\n|-heal|p2a: Jumpluff|271/271\n|\n|upkeep\n|turn|35\n|inactive|Time left: 300 sec this turn | 300 sec total\n|\n|t:|1783556139\n|switch|p2a: Rillaboom|Rillaboom, L79, F|260/288\n|-fieldstart|move: Grassy Terrain|[from] ability: Grassy Surge|[of] p2a: Rillaboom\n|move|p1a: Registeel|Iron Head|p2a: Rillaboom\n|-damage|p2a: Rillaboom|190/288\n|\n|-heal|p2a: Rillaboom|208/288|[from] Grassy Terrain\n|-heal|p1a: Registeel|34/100|[from] Grassy Terrain\n|upkeep\n|turn|36\n|inactive|Time left: 300 sec this turn | 300 sec total\n|\n|t:|1783556140\n|move|p2a: Rillaboom|Swords Dance|p2a: Rillaboom\n|-boost|p2a: Rillaboom|atk|2\n|move|p1a: Registeel|Iron Defense|p1a: Registeel\n|-boost|p1a: Registeel|def|2\n|\n|-heal|p2a: Rillaboom|226/288|[from] Grassy Terrain\n|-heal|p1a: Registeel|40/100|[from] Grassy Terrain\n|upkeep\n|turn|37\n|inactive|Time left: 300 sec this turn | 300 sec total\n|\n|t:|1783556141\n|move|p2a: Rillaboom|High Horsepower|p1a: Registeel\n|-supereffective|p1a: Registeel\n|-damage|p1a: Registeel|0 fnt\n|faint|p1a: Registeel\n|-damage|p2a: Rillaboom|198/288|[from] item: Life Orb\n|\n|-heal|p2a: Rillaboom|216/288|[from] Grassy Terrain\n|upkeep\n|\n|t:|1783556142\n|switch|p1a: Regidrago|Regidrago, L77, tera:Dragon|100/100\n|-status|p1a: Regidrago|psn\n|turn|38\n|inactive|Time left: 300 sec this turn | 300 sec total\n|\n|t:|1783556144\n|move|p2a: Rillaboom|Wood Hammer|p1a: Regidrago\n|-resisted|p1a: Regidrago\n|-damage|p1a: Regidrago|16/100 psn\n|-damage|p2a: Rillaboom|94/288|[from] Recoil\n|-damage|p2a: Rillaboom|66/288|[from] item: Life Orb\n|move|p1a: Regidrago|Outrage|p2a: Rillaboom\n|-damage|p2a: Rillaboom|0 fnt\n|faint|p2a: Rillaboom\n|\n|-heal|p1a: Regidrago|22/100 psn|[from] Grassy Terrain\n|-damage|p1a: Regidrago|9/100 psn|[from] psn\n|upkeep\n|inactive|Time left: 300 sec this turn | 300 sec total | 5 sec grace\n|\n|t:|1783556145\n|switch|p2a: Jumpluff|Jumpluff, L87, F|271/271\n|turn|39\n|inactive|Time left: 300 sec this turn | 300 sec total\n|\n|t:|1783556146\n|move|p2a: Jumpluff|Acrobatics|p1a: Regidrago\n|-damage|p1a: Regidrago|0 fnt\n|faint|p1a: Regidrago\n|\n|-fieldend|move: Grassy Terrain\n|upkeep\n|\n|t:|1783556146\n|switch|p1a: Drednaw|Drednaw, L81, F|100/100\n|-status|p1a: Drednaw|psn\n|turn|40\n|inactive|Time left: 300 sec this turn | 300 sec total\n|\n|t:|1783556147\n|move|p2a: Jumpluff|U-turn|p1a: Drednaw\n|-damage|p1a: Drednaw|87/100 psn\n|inactive|Time left: 300 sec this turn | 300 sec total | 5 sec grace\n|\n|t:|1783556149\n|switch|p2a: Grafaiai|Grafaiai, L86, F|249/249|[from] U-turn\n|move|p1a: Drednaw|Shell Smash|p1a: Drednaw\n|-unboost|p1a: Drednaw|def|1\n|-unboost|p1a: Drednaw|spd|1\n|-boost|p1a: Drednaw|atk|2\n|-boost|p1a: Drednaw|spa|2\n|-boost|p1a: Drednaw|spe|2\n|-enditem|p1a: Drednaw|White Herb\n|-clearnegativeboost|p1a: Drednaw|[silent]\n|\n|-damage|p1a: Drednaw|75/100 psn|[from] psn\n|upkeep\n|turn|41\n|inactive|Time left: 300 sec this turn | 300 sec total\n|\n|t:|1783556150\n|move|p1a: Drednaw|Earthquake|p2a: Grafaiai\n|-supereffective|p2a: Grafaiai\n|-damage|p2a: Grafaiai|0 fnt\n|faint|p2a: Grafaiai\n|\n|-damage|p1a: Drednaw|62/100 psn|[from] psn\n|upkeep\n|inactive|Time left: 300 sec this turn | 300 sec total | 5 sec grace\n|\n|t:|1783556150\n|switch|p2a: Jumpluff|Jumpluff, L87, F|271/271\n|turn|42\n|inactive|Time left: 300 sec this turn | 300 sec total\n|\n|t:|1783556151\n|move|p1a: Drednaw|Stone Edge|p2a: Jumpluff\n|-supereffective|p2a: Jumpluff\n|-crit|p2a: Jumpluff\n|-damage|p2a: Jumpluff|0 fnt\n|faint|p2a: Jumpluff\n|\n|win|p0x1463b0dd", "uploadtime": 1783556151, "views": 0, "rating": 0, "private": 0, "password": null, "_winner": "p0x1463b0dd", "_our_name": "p0y14639359"}