{"id": "battle-gen9randombattle-685", "formatid": "gen9randombattle", "format": "[Gen 9] Random Battle", "players": ["p0x6853007", "p0y68580c9"], "log": "|init|battle\n|title|p0x6853007 vs. p0y68580c9\n|j|\u2606p0x6853007\n|j|\u2606p0y68580c9\n|t:|1783547764\n|gametype|singles\n|player|p1|p0x6853007|265|\n|player|p2|p0y68580c9|169|\n|gen|9\n|tier|[Gen 9] Random Battle\n|rule|Species Clause: Limit one of each Pok\u00e9mon\n|rule|HP Percentage Mod: HP is shown in percentages\n|rule|Sleep Clause Mod: Limit one foe put to sleep\n|rule|Illusion Level Mod: Illusion disguises the Pok\u00e9mon's true level\n|\n|t:|1783547764\n|teamsize|p1|6\n|teamsize|p2|6\n|start\n|switch|p1a: Poliwrath|Poliwrath, L88, F|100/100\n|switch|p2a: Froslass|Froslass, L87, F|263/263\n|turn|1\n|inactive|Battle timer is ON: inactive players will automatically lose when time's up. (requested by p0y68580c9)\n|inactive|p0x6853007 also wants the timer to be on.\n|\n|t:|1783547766\n|move|p2a: Froslass|Will-O-Wisp|p1a: Poliwrath\n|-status|p1a: Poliwrath|brn\n|move|p1a: Poliwrath|Knock Off|p2a: Froslass\n|-supereffective|p2a: Froslass\n|-damage|p2a: Froslass|174/263\n|-enditem|p2a: Froslass|Wide Lens|[from] move: Knock Off|[of] p1a: Poliwrath\n|\n|-damage|p1a: Poliwrath|95/100 brn|[from] brn\n|upkeep\n|turn|2\n|inactive|Time left: 300 sec this turn | 300 sec total\n|\n|t:|1783547767\n|move|p2a: Froslass|Spikes|p1a: Poliwrath\n|-sidestart|p1: p0x6853007|Spikes\n|move|p1a: Poliwrath|Knock Off|p2a: Froslass\n|-supereffective|p2a: Froslass\n|-damage|p2a: Froslass|115/263\n|-start|p1a: Poliwrath|Disable|Knock Off|[from] ability: Cursed Body|[of] p2a: Froslass\n|\n|-damage|p1a: Poliwrath|89/100 brn|[from] brn\n|upkeep\n|turn|3\n|inactive|Time left: 300 sec this turn | 300 sec total\n|\n|t:|1783547768\n|move|p2a: Froslass|Spikes|p1a: Poliwrath\n|-sidestart|p1: p0x6853007|Spikes\n|move|p1a: Poliwrath|Liquidation|p2a: Froslass\n|-damage|p2a: Froslass|64/263\n|\n|-damage|p1a: Poliwrath|83/100 brn|[from] brn\n|upkeep\n|turn|4\n|inactive|Time left: 300 sec this turn | 300 sec total\n|\n|t:|1783547769\n|move|p2a: Froslass|Spikes|p1a: Poliwrath\n|-sidestart|p1: p0x6853007|Spikes\n|move|p1a: Poliwrath|Liquidation|p2a: Froslass\n|-damage|p2a: Froslass|8/263\n|-unboost|p2a: Froslass|def|1\n|\n|-damage|p1a: Poliwrath|77/100 brn|[from] brn\n|upkeep\n|turn|5\n|inactive|Time left: 300 sec this turn | 300 sec total\n|\n|t:|1783547770\n|switch|p2a: Gyarados|Gyarados, L79, F|280/280\n|-ability|p2a: Gyarados|Intimidate|boost\n|-unboost|p1a: Poliwrath|atk|1\n|move|p1a: Poliwrath|Liquidation|p2a: Gyarados\n|-resisted|p2a: Gyarados\n|-damage|p2a: Gyarados|261/280\n|\n|-damage|p1a: Poliwrath|71/100 brn|[from] brn\n|-end|p1a: Poliwrath|Disable\n|upkeep\n|turn|6\n|inactive|Time left: 300 sec this turn | 300 sec total\n|\n|t:|1783547772\n|move|p2a: Gyarados|Dragon Dance|p2a: Gyarados\n|-boost|p2a: Gyarados|atk|1\n|-boost|p2a: Gyarados|spe|1\n|move|p1a: Poliwrath|Circle Throw|p2a: Gyarados\n|-resisted|p2a: Gyarados\n|-damage|p2a: Gyarados|249/280\n|drag|p2a: Garchomp|Garchomp, L74, F|282/282\n|\n|-damage|p1a: Poliwrath|65/100 brn|[from] brn\n|upkeep\n|turn|7\n|inactive|Time left: 300 sec this turn | 300 sec total\n|\n|t:|1783547773\n|move|p2a: Garchomp|Swords Dance|p2a: Garchomp\n|-boost|p2a: Garchomp|atk|2\n|move|p1a: Poliwrath|Knock Off|p2a: Garchomp\n|-damage|p2a: Garchomp|254/282\n|-damage|p1a: Poliwrath|52/100 brn|[from] ability: Rough Skin|[of] p2a: Garchomp\n|-enditem|p2a: Garchomp|Loaded Dice|[from] move: Knock Off|[of] p1a: Poliwrath\n|\n|-damage|p1a: Poliwrath|47/100 brn|[from] brn\n|upkeep\n|turn|8\n|inactive|Time left: 300 sec this turn | 300 sec total\n|\n|t:|1783547774\n|move|p2a: Garchomp|Earthquake|p1a: Poliwrath\n|-damage|p1a: Poliwrath|0 fnt\n|faint|p1a: Poliwrath\n|\n|upkeep\n|\n|t:|1783547775\n|switch|p1a: Golduck|Golduck, L90, F|100/100\n|-damage|p1a: Golduck|76/100|[from] Spikes\n|-ability|p1a: Golduck|Cloud Nine\n|turn|9\n|inactive|Time left: 300 sec this turn | 300 sec total\n|\n|t:|1783547776\n|move|p1a: Golduck|Ice Beam|p2a: Garchomp\n|-supereffective|p2a: Garchomp\n|-damage|p2a: Garchomp|0 fnt\n|faint|p2a: Garchomp\n|\n|upkeep\n|inactive|Time left: 300 sec this turn | 300 sec total | 5 sec grace\n|\n|t:|1783547777\n|switch|p2a: Cinderace|Cinderace, L77, M|249/249\n|turn|10\n|inactive|Time left: 300 sec this turn | 300 sec total\n|\n|t:|1783547778\n|move|p2a: Cinderace|Pyro Ball|p1a: Golduck\n|-resisted|p1a: Golduck\n|-damage|p1a: Golduck|41/100\n|move|p1a: Golduck|Ice Beam|p2a: Cinderace\n|-resisted|p2a: Cinderace\n|-damage|p2a: Cinderace|185/249\n|\n|upkeep\n|turn|11\n|inactive|Time left: 300 sec this turn | 300 sec total\n|\n|t:|1783547779\n|move|p2a: Cinderace|Pyro Ball|p1a: Golduck\n|-resisted|p1a: Golduck\n|-damage|p1a: Golduck|8/100\n|move|p1a: Golduck|Ice Beam|p2a: Cinderace\n|-resisted|p2a: Cinderace\n|-damage|p2a: Cinderace|116/249\n|\n|upkeep\n|turn|12\n|inactive|Time left: 300 sec this turn | 300 sec total\n|\n|t:|1783547780\n|switch|p1a: Moltres|Moltres, L81|100/100\n|move|p2a: Cinderace|Pyro Ball|p1a: Moltres\n|-resisted|p1a: Moltres\n|-damage|p1a: Moltres|69/100\n|\n|upkeep\n|turn|13\n|inactive|Time left: 300 sec this turn | 300 sec total\n|\n|t:|1783547782\n|switch|p2a: Gyarados|Gyarados, L79, F|249/280\n|-ability|p2a: Gyarados|Intimidate|boost\n|-unboost|p1a: Moltres|atk|1\n|move|p1a: Moltres|Roost|p1a: Moltres\n|-heal|p1a: Moltres|100/100\n|-singleturn|p1a: Moltres|move: Roost\n|\n|upkeep\n|turn|14\n|inactive|Time left: 300 sec this turn | 300 sec total\n|\n|t:|1783547783\n|move|p1a: Moltres|Fire Blast|p2a: Gyarados\n|-resisted|p2a: Gyarados\n|-damage|p2a: Gyarados|182/280\n|move|p2a: Gyarados|Dragon Dance|p2a: Gyarados\n|-boost|p2a: Gyarados|atk|1\n|-boost|p2a: Gyarados|spe|1\n|\n|upkeep\n|turn|15\n|inactive|Time left: 300 sec this turn | 300 sec total\n|\n|t:|1783547784\n|-terastallize|p1a: Moltres|Dragon\n|move|p2a: Gyarados|Waterfall|p1a: Moltres\n|-resisted|p1a: Moltres\n|-damage|p1a: Moltres|77/100\n|-status|p2a: Gyarados|brn|[from] ability: Flame Body|[of] p1a: Moltres\n|move|p1a: Moltres|Brave Bird|p2a: Gyarados\n|-damage|p2a: Gyarados|95/280 brn\n|-damage|p1a: Moltres|67/100|[from] Recoil\n|\n|-damage|p2a: Gyarados|78/280 brn|[from] brn\n|upkeep\n|turn|16\n|inactive|Time left: 300 sec this turn | 300 sec total\n|\n|t:|1783547785\n|move|p2a: Gyarados|Dragon Dance|p2a: Gyarados\n|-boost|p2a: Gyarados|atk|1\n|-boost|p2a: Gyarados|spe|1\n|move|p1a: Moltres|Brave Bird|p2a: Gyarados\n|-damage|p2a: Gyarados|0 fnt\n|faint|p2a: Gyarados\n|-damage|p1a: Moltres|58/100|[from] Recoil\n|\n|upkeep\n|inactive|Time left: 300 sec this turn | 300 sec total | 5 sec grace\n|\n|t:|1783547786\n|switch|p2a: Cinderace|Cinderace, L77, M|116/249\n|turn|17\n|inactive|Time left: 300 sec this turn | 300 sec total\n|\n|t:|1783547787\n|move|p2a: Cinderace|Gunk Shot|p1a: Moltres\n|-start|p2a: Cinderace|typechange|Poison|[from] ability: Libero\n|-damage|p1a: Moltres|0 fnt\n|faint|p1a: Moltres\n|\n|upkeep\n|\n|t:|1783547788\n|switch|p1a: Rhyperior|Rhyperior, L82, F|100/100\n|-damage|p1a: Rhyperior|76/100|[from] Spikes\n|turn|18\n|inactive|Time left: 300 sec this turn | 300 sec total\n|\n|t:|1783547789\n|switch|p2a: Froslass|Froslass, L87, F|8/263\n|move|p1a: Rhyperior|Earthquake|p2a: Froslass\n|-damage|p2a: Froslass|0 fnt\n|faint|p2a: Froslass\n|\n|upkeep\n|inactive|Time left: 300 sec this turn | 300 sec total | 5 sec grace\n|\n|t:|1783547790\n|switch|p2a: Mesprit|Mesprit, L85|275/275\n|turn|19\n|inactive|Time left: 300 sec this turn | 300 sec total\n|\n|t:|1783547791\n|move|p2a: Mesprit|Encore|p1a: Rhyperior\n|-start|p1a: Rhyperior|Encore\n|move|p1a: Rhyperior|Earthquake|p2a: Mesprit\n|-immune|p2a: Mesprit|[from] ability: Levitate\n|\n|upkeep\n|turn|20\n|inactive|Time left: 300 sec this turn | 300 sec total\n|\n|t:|1783547792\n|switch|p1a: Excadrill|Excadrill, L79, M|100/100\n|-damage|p1a: Excadrill|76/100|[from] Spikes\n|-ability|p1a: Excadrill|Mold Breaker\n|move|p2a: Mesprit|Psychic Noise|p1a: Excadrill\n|-resisted|p1a: Excadrill\n|-damage|p1a: Excadrill|62/100\n|-start|p1a: Excadrill|move: Heal Block\n|\n|upkeep\n|turn|21\n|inactive|Time left: 300 sec this turn | 300 sec total\n|\n|t:|1783547794\n|move|p1a: Excadrill|Rapid Spin|p2a: Mesprit\n|-damage|p2a: Mesprit|240/275\n|-boost|p1a: Excadrill|spe|1\n|-sideend|p1: p0x6853007|Spikes|[from] move: Rapid Spin|[of] p1a: Excadrill\n|move|p2a: Mesprit|Knock Off|p1a: Excadrill\n|-damage|p1a: Excadrill|25/100\n|-enditem|p1a: Excadrill|Assault Vest|[from] move: Knock Off|[of] p2a: Mesprit\n|\n|-heal|p2a: Mesprit|257/275|[from] item: Leftovers\n|-end|p1a: Excadrill|move: Heal Block\n|upkeep\n|turn|22\n|inactive|Time left: 300 sec this turn | 300 sec total\n|\n|t:|1783547795\n|move|p1a: Excadrill|Earthquake|p2a: Mesprit\n|-damage|p2a: Mesprit|160/275\n|move|p2a: Mesprit|Knock Off|p1a: Excadrill\n|-damage|p1a: Excadrill|1/100\n|\n|-heal|p2a: Mesprit|177/275|[from] item: Leftovers\n|upkeep\n|turn|23\n|inactive|Time left: 300 sec this turn | 300 sec total\n|\n|t:|1783547797\n|move|p1a: Excadrill|Earthquake|p2a: Mesprit\n|-damage|p2a: Mesprit|78/275\n|move|p2a: Mesprit|U-turn|p1a: Excadrill\n|-resisted|p1a: Excadrill\n|-damage|p1a: Excadrill|0 fnt\n|faint|p1a: Excadrill\n|inactive|Time left: 300 sec this turn | 300 sec total | 5 sec grace\n|\n|t:|1783547798\n|switch|p2a: Clefable|Clefable, L83, F|293/293|[from] U-turn\n|\n|upkeep\n|\n|t:|1783547799\n|switch|p1a: Rhyperior|Rhyperior, L82, F|76/100\n|turn|24\n|inactive|Time left: 300 sec this turn | 300 sec total\n|\n|t:|1783547800\n|move|p2a: Clefable|Moonblast|p1a: Rhyperior\n|-damage|p1a: Rhyperior|46/100\n|-unboost|p1a: Rhyperior|spa|1\n|move|p1a: Rhyperior|Earthquake|p2a: Clefable\n|-damage|p2a: Clefable|146/293\n|\n|-heal|p2a: Clefable|164/293|[from] item: Leftovers\n|upkeep\n|turn|25\n|inactive|Time left: 300 sec this turn | 300 sec total\n|\n|t:|1783547802\n|move|p2a: Clefable|Moonblast|p1a: Rhyperior\n|-damage|p1a: Rhyperior|17/100\n|-unboost|p1a: Rhyperior|spa|1\n|move|p1a: Rhyperior|Earthquake|p2a: Clefable\n|-damage|p2a: Clefable|1/293\n|\n|-heal|p2a: Clefable|19/293|[from] item: Leftovers\n|upkeep\n|turn|26\n|inactive|Time left: 300 sec this turn | 300 sec total\n|\n|t:|1783547803\n|move|p2a: Clefable|Moonlight|p2a: Clefable\n|-heal|p2a: Clefable|165/293\n|move|p1a: Rhyperior|Earthquake|p2a: Clefable\n|-damage|p2a: Clefable|2/293\n|\n|-heal|p2a: Clefable|20/293|[from] item: Leftovers\n|upkeep\n|turn|27\n|inactive|Time left: 300 sec this turn | 300 sec total\n|\n|t:|1783547805\n|move|p2a: Clefable|Moonblast|p1a: Rhyperior\n|-damage|p1a: Rhyperior|0 fnt\n|faint|p1a: Rhyperior\n|\n|-heal|p2a: Clefable|38/293|[from] item: Leftovers\n|upkeep\n|\n|t:|1783547806\n|switch|p1a: Girafarig|Girafarig, L89, M|100/100\n|turn|28\n|inactive|Time left: 300 sec this turn | 300 sec total\n|\n|t:|1783547807\n|move|p1a: Girafarig|Thunderbolt|p2a: Clefable\n|-damage|p2a: Clefable|0 fnt\n|faint|p2a: Clefable\n|\n|upkeep\n|inactive|Time left: 300 sec this turn | 300 sec total | 5 sec grace\n|\n|t:|1783547808\n|switch|p2a: Cinderace|Cinderace, L77, M|116/249\n|turn|29\n|inactive|Time left: 300 sec this turn | 300 sec total\n|\n|t:|1783547809\n|move|p2a: Cinderace|U-turn|p1a: Girafarig\n|-start|p2a: Cinderace|typechange|Bug|[from] ability: Libero\n|-supereffective|p1a: Girafarig\n|-damage|p1a: Girafarig|34/100\n|inactive|Time left: 300 sec this turn | 300 sec total | 5 sec grace\n|\n|t:|1783547810\n|switch|p2a: Mesprit|Mesprit, L85|78/275|[from] U-turn\n|move|p1a: Girafarig|Psychic|p2a: Mesprit\n|-resisted|p2a: Mesprit\n|-damage|p2a: Mesprit|34/275\n|\n|-heal|p2a: Mesprit|51/275|[from] item: Leftovers\n|upkeep\n|turn|30\n|inactive|Time left: 300 sec this turn | 300 sec total\n|\n|t:|1783547811\n|move|p1a: Girafarig|Psychic|p2a: Mesprit\n|-resisted|p2a: Mesprit\n|-damage|p2a: Mesprit|11/275\n|move|p2a: Mesprit|U-turn|p1a: Girafarig\n|-supereffective|p1a: Girafarig\n|-damage|p1a: Girafarig|0 fnt\n|faint|p1a: Girafarig\n|inactive|Time left: 300 sec this turn | 300 sec total | 5 sec grace\n|\n|t:|1783547812\n|switch|p2a: Cinderace|Cinderace, L77, M|116/249|[from] U-turn\n|\n|upkeep\n|\n|t:|1783547812\n|switch|p1a: Golduck|Golduck, L90, F|8/100\n|-ability|p1a: Golduck|Cloud Nine\n|turn|31\n|inactive|Time left: 300 sec this turn | 300 sec total\n|\n|t:|1783547813\n|-terastallize|p2a: Cinderace|Fire\n|move|p2a: Cinderace|U-turn|p1a: Golduck\n|-damage|p1a: Golduck|0 fnt\n|faint|p1a: Golduck\n|\n|win|p0y68580c9", "uploadtime": 1783547813, "views": 0, "rating": 0, "private": 0, "password": null, "_winner": "p0y68580c9", "_our_name": "p0y68580c9"}