{"id": "battle-gen9randombattle-63", "formatid": "gen9randombattle", "format": "[Gen 9] Random Battle", "players": ["p0x0636c4b", "p0y063ec58"], "log": "|init|battle\n|title|p0x0636c4b vs. p0y063ec58\n|j|\u2606p0x0636c4b\n|j|\u2606p0y063ec58\n|t:|1783540200\n|gametype|singles\n|player|p1|p0x0636c4b|1|\n|player|p2|p0y063ec58|1|\n|gen|9\n|tier|[Gen 9] Random Battle\n|rule|Species Clause: Limit one of each Pok\u00e9mon\n|rule|HP Percentage Mod: HP is shown in percentages\n|rule|Sleep Clause Mod: Limit one foe put to sleep\n|rule|Illusion Level Mod: Illusion disguises the Pok\u00e9mon's true level\n|\n|t:|1783540200\n|teamsize|p1|6\n|teamsize|p2|6\n|start\n|switch|p1a: Illumise|Illumise, L91, F|100/100\n|switch|p2a: Ludicolo|Ludicolo, L90, M|290/290\n|turn|1\n|inactive|Battle timer is ON: inactive players will automatically lose when time's up. (requested by p0x0636c4b)\n|inactive|Time left: 300 sec this turn | 300 sec total | 60 sec grace\n|inactive|p0y063ec58 also wants the timer to be on.\n|\n|t:|1783540201\n|move|p1a: Illumise|Bug Buzz|p2a: Ludicolo\n|-supereffective|p2a: Ludicolo\n|-damage|p2a: Ludicolo|140/290\n|move|p2a: Ludicolo|Hydro Pump|p1a: Illumise|[miss]\n|-miss|p2a: Ludicolo|p1a: Illumise\n|\n|upkeep\n|turn|2\n|inactive|Time left: 300 sec this turn | 300 sec total\n|\n|t:|1783540202\n|switch|p1a: Leavanny|Leavanny, L86, M|100/100\n|switch|p2a: Gliscor|Gliscor, L76, M|239/239\n|\n|-status|p2a: Gliscor|tox|[from] item: Toxic Orb\n|upkeep\n|turn|3\n|inactive|Time left: 300 sec this turn | 300 sec total\n|\n|t:|1783540203\n|move|p1a: Leavanny|Sticky Web|p2a: Gliscor\n|-sidestart|p2: p0y063ec58|move: Sticky Web\n|move|p2a: Gliscor|Toxic|p1a: Leavanny\n|-status|p1a: Leavanny|tox\n|\n|-damage|p1a: Leavanny|95/100 tox|[from] psn\n|upkeep\n|turn|4\n|inactive|Time left: 300 sec this turn | 300 sec total\n|\n|t:|1783540204\n|move|p1a: Leavanny|Triple Axel|p2a: Gliscor\n|-supereffective|p2a: Gliscor\n|-damage|p2a: Gliscor|183/239 tox\n|-supereffective|p2a: Gliscor\n|-damage|p2a: Gliscor|79/239 tox\n|-supereffective|p2a: Gliscor\n|-damage|p2a: Gliscor|0 fnt\n|faint|p2a: Gliscor\n|-hitcount|p2: Gliscor|3\n|\n|-damage|p1a: Leavanny|83/100 tox|[from] psn\n|upkeep\n|inactive|Time left: 300 sec this turn | 300 sec total | 5 sec grace\n|\n|t:|1783540205\n|switch|p2a: Morpeko|Morpeko, L88, M|245/245\n|-activate|p2a: Morpeko|move: Sticky Web\n|-unboost|p2a: Morpeko|spe|1\n|turn|5\n|inactive|Time left: 300 sec this turn | 300 sec total\n|\n|t:|1783540206\n|switch|p1a: Appletun|Appletun, L92, F|100/100\n|move|p2a: Morpeko|Rapid Spin|p1a: Appletun\n|-damage|p1a: Appletun|89/100\n|-boost|p2a: Morpeko|spe|1\n|-sideend|p2: p0y063ec58|Sticky Web|[from] move: Rapid Spin|[of] p2a: Morpeko\n|\n|-heal|p1a: Appletun|96/100|[from] item: Leftovers\n|-formechange|p2a: Morpeko|Morpeko-Hangry||[from] ability: Hunger Switch\n|upkeep\n|turn|6\n|inactive|Time left: 300 sec this turn | 300 sec total\n|\n|t:|1783540207\n|move|p2a: Morpeko|Protect|p2a: Morpeko\n|-singleturn|p2a: Morpeko|Protect\n|move|p1a: Appletun|Apple Acid|p2a: Morpeko\n|-activate|p2a: Morpeko|move: Protect\n|\n|-heal|p1a: Appletun|100/100|[from] item: Leftovers\n|-formechange|p2a: Morpeko|Morpeko||[from] ability: Hunger Switch\n|upkeep\n|turn|7\n|inactive|Time left: 300 sec this turn | 300 sec total\n|\n|t:|1783540208\n|move|p2a: Morpeko|Knock Off|p1a: Appletun\n|-damage|p1a: Appletun|71/100\n|-enditem|p1a: Appletun|Leftovers|[from] move: Knock Off|[of] p2a: Morpeko\n|move|p1a: Appletun|Apple Acid|p2a: Morpeko\n|-damage|p2a: Morpeko|112/245\n|-unboost|p2a: Morpeko|spd|1\n|\n|-heal|p2a: Morpeko|127/245|[from] item: Leftovers\n|-formechange|p2a: Morpeko|Morpeko-Hangry||[from] ability: Hunger Switch\n|upkeep\n|turn|8\n|inactive|Time left: 300 sec this turn | 300 sec total\n|\n|t:|1783540210\n|move|p2a: Morpeko|Protect|p2a: Morpeko\n|-singleturn|p2a: Morpeko|Protect\n|move|p1a: Appletun|Apple Acid|p2a: Morpeko\n|-activate|p2a: Morpeko|move: Protect\n|\n|-heal|p2a: Morpeko|142/245|[from] item: Leftovers\n|-formechange|p2a: Morpeko|Morpeko||[from] ability: Hunger Switch\n|upkeep\n|turn|9\n|inactive|Time left: 300 sec this turn | 300 sec total\n|\n|t:|1783540211\n|switch|p2a: Stantler|Stantler, L92, F|284/284\n|-ability|p2a: Stantler|Intimidate|boost\n|-unboost|p1a: Appletun|atk|1\n|move|p1a: Appletun|Apple Acid|p2a: Stantler\n|-damage|p2a: Stantler|209/284\n|-unboost|p2a: Stantler|spd|1\n|\n|upkeep\n|turn|10\n|inactive|Time left: 300 sec this turn | 300 sec total\n|\n|t:|1783540212\n|switch|p2a: Ludicolo|Ludicolo, L90, M|140/290\n|move|p1a: Appletun|Apple Acid|p2a: Ludicolo\n|-damage|p2a: Ludicolo|47/290\n|-unboost|p2a: Ludicolo|spd|1\n|\n|upkeep\n|turn|11\n|inactive|Time left: 300 sec this turn | 300 sec total\n|\n|t:|1783540213\n|move|p2a: Ludicolo|Ice Beam|p1a: Appletun\n|-supereffective|p1a: Appletun\n|-damage|p1a: Appletun|16/100\n|move|p1a: Appletun|Apple Acid|p2a: Ludicolo\n|-damage|p2a: Ludicolo|0 fnt\n|faint|p2a: Ludicolo\n|\n|upkeep\n|inactive|Time left: 300 sec this turn | 300 sec total | 5 sec grace\n|\n|t:|1783540214\n|switch|p2a: Samurott|Samurott-Hisui, L77, F|265/265\n|turn|12\n|inactive|Time left: 300 sec this turn | 300 sec total\n|\n|t:|1783540215\n|move|p2a: Samurott|Ceaseless Edge|p1a: Appletun\n|-damage|p1a: Appletun|0 fnt\n|-sidestart|p1: p0x0636c4b|Spikes\n|faint|p1a: Appletun\n|\n|upkeep\n|\n|t:|1783540216\n|switch|p1a: Sudowoodo|Sudowoodo, L94, M|100/100\n|-damage|p1a: Sudowoodo|88/100|[from] Spikes\n|turn|13\n|inactive|Time left: 300 sec this turn | 300 sec total\n|\n|t:|1783540217\n|switch|p2a: Stantler|Stantler, L92, F|209/284\n|-ability|p2a: Stantler|Intimidate|boost\n|-unboost|p1a: Sudowoodo|atk|1\n|move|p1a: Sudowoodo|Head Smash|p2a: Stantler\n|-damage|p2a: Stantler|56/284\n|\n|upkeep\n|turn|14\n|inactive|Time left: 300 sec this turn | 300 sec total\n|\n|t:|1783540218\n|move|p2a: Stantler|Earthquake|p1a: Sudowoodo\n|-supereffective|p1a: Sudowoodo\n|-damage|p1a: Sudowoodo|45/100\n|move|p1a: Sudowoodo|Head Smash|p2a: Stantler\n|-damage|p2a: Stantler|0 fnt\n|faint|p2a: Stantler\n|\n|upkeep\n|inactive|Time left: 300 sec this turn | 300 sec total | 5 sec grace\n|\n|t:|1783540218\n|switch|p2a: Gengar|Gengar, L81, M|230/230\n|turn|15\n|inactive|Time left: 300 sec this turn | 300 sec total\n|\n|t:|1783540219\n|move|p2a: Gengar|Shadow Ball|p1a: Sudowoodo\n|-damage|p1a: Sudowoodo|0 fnt\n|faint|p1a: Sudowoodo\n|-damage|p2a: Gengar|207/230|[from] item: Life Orb\n|\n|upkeep\n|\n|t:|1783540220\n|switch|p1a: Dewgong|Dewgong, L94, F|100/100\n|turn|16\n|inactive|Time left: 300 sec this turn | 300 sec total\n|\n|t:|1783540221\n|move|p2a: Gengar|Focus Blast|p1a: Dewgong\n|-supereffective|p1a: Dewgong\n|-damage|p1a: Dewgong|32/100\n|-damage|p2a: Gengar|184/230|[from] item: Life Orb\n|move|p1a: Dewgong|Triple Axel|p2a: Gengar\n|-damage|p2a: Gengar|153/230\n|-damage|p2a: Gengar|98/230\n|-damage|p2a: Gengar|10/230\n|-hitcount|p2a: Gengar|3\n|\n|upkeep\n|turn|17\n|inactive|Time left: 300 sec this turn | 300 sec total\n|\n|t:|1783540222\n|move|p2a: Gengar|Sludge Wave|p1a: Dewgong\n|-damage|p1a: Dewgong|0 fnt\n|faint|p1a: Dewgong\n|-damage|p2a: Gengar|0 fnt|[from] item: Life Orb\n|faint|p2a: Gengar\n|\n|upkeep\n|inactive|Time left: 300 sec this turn | 300 sec total | 5 sec grace\n|\n|t:|1783540223\n|switch|p2a: Morpeko|Morpeko, L88, M|142/245\n|switch|p1a: Leavanny|Leavanny, L86, M|83/100 tox\n|-damage|p1a: Leavanny|70/100 tox|[from] Spikes\n|turn|18\n|inactive|Time left: 300 sec this turn | 300 sec total\n|\n|t:|1783540224\n|move|p2a: Morpeko|Knock Off|p1a: Leavanny\n|-damage|p1a: Leavanny|30/100 tox\n|-enditem|p1a: Leavanny|Loaded Dice|[from] move: Knock Off|[of] p2a: Morpeko\n|move|p1a: Leavanny|Bullet Seed|p2a: Morpeko\n|-damage|p2a: Morpeko|106/245\n|-damage|p2a: Morpeko|72/245\n|-damage|p2a: Morpeko|32/245\n|-hitcount|p2a: Morpeko|3\n|\n|-heal|p2a: Morpeko|47/245|[from] item: Leftovers\n|-damage|p1a: Leavanny|24/100 tox|[from] psn\n|-formechange|p2a: Morpeko|Morpeko-Hangry||[from] ability: Hunger Switch\n|upkeep\n|turn|19\n|inactive|Time left: 300 sec this turn | 300 sec total\n|\n|t:|1783540226\n|move|p2a: Morpeko|Aura Wheel|p1a: Leavanny\n|-damage|p1a: Leavanny|0 fnt\n|-boost|p2a: Morpeko|spe|1\n|faint|p1a: Leavanny\n|\n|-heal|p2a: Morpeko|62/245|[from] item: Leftovers\n|-formechange|p2a: Morpeko|Morpeko||[from] ability: Hunger Switch\n|upkeep\n|\n|t:|1783540227\n|switch|p1a: Illumise|Illumise, L91, F|100/100\n|turn|20\n|inactive|Time left: 300 sec this turn | 300 sec total\n|\n|t:|1783540228\n|move|p2a: Morpeko|Aura Wheel|p1a: Illumise\n|-damage|p1a: Illumise|51/100\n|-boost|p2a: Morpeko|spe|1\n|move|p1a: Illumise|Bug Buzz|p2a: Morpeko\n|-supereffective|p2a: Morpeko\n|-damage|p2a: Morpeko|0 fnt\n|faint|p2a: Morpeko\n|\n|upkeep\n|inactive|Time left: 300 sec this turn | 300 sec total | 5 sec grace\n|\n|t:|1783540229\n|switch|p2a: Samurott|Samurott-Hisui, L77, F|265/265\n|turn|21\n|inactive|Time left: 300 sec this turn | 300 sec total\n|\n|t:|1783540230\n|-terastallize|p2a: Samurott|Water\n|-terastallize|p1a: Illumise|Steel\n|move|p2a: Samurott|Razor Shell|p1a: Illumise\n|-damage|p1a: Illumise|0 fnt\n|faint|p1a: Illumise\n|\n|upkeep\n|\n|t:|1783540231\n|switch|p1a: Gothitelle|Gothitelle, L90, M|100/100\n|-damage|p1a: Gothitelle|88/100|[from] Spikes\n|turn|22\n|inactive|Time left: 300 sec this turn | 300 sec total\n|\n|t:|1783540232\n|move|p2a: Samurott|Razor Shell|p1a: Gothitelle\n|-damage|p1a: Gothitelle|45/100\n|move|p1a: Gothitelle|Psychic|p2a: Samurott\n|-damage|p2a: Samurott|118/265\n|\n|upkeep\n|turn|23\n|inactive|Time left: 300 sec this turn | 300 sec total\n|\n|t:|1783540233\n|move|p2a: Samurott|Razor Shell|p1a: Gothitelle\n|-crit|p1a: Gothitelle\n|-damage|p1a: Gothitelle|0 fnt\n|faint|p1a: Gothitelle\n|\n|win|p0y063ec58", "uploadtime": 1783540233, "views": 0, "rating": 0, "private": 0, "password": null, "_winner": "p0y063ec58", "_our_name": "p0y063ec58"}