{"id": "battle-gen9randombattle-978", "formatid": "gen9randombattle", "format": "[Gen 9] Random Battle", "players": ["p0x97895b3", "p0y978731e"], "log": "|init|battle\n|title|p0x97895b3 vs. p0y978731e\n|j|\u2606p0x97895b3\n|j|\u2606p0y978731e\n|t:|1783550479\n|gametype|singles\n|player|p1|p0x97895b3|101|\n|player|p2|p0y978731e|2|\n|gen|9\n|tier|[Gen 9] Random Battle\n|rule|Species Clause: Limit one of each Pok\u00e9mon\n|rule|HP Percentage Mod: HP is shown in percentages\n|rule|Sleep Clause Mod: Limit one foe put to sleep\n|rule|Illusion Level Mod: Illusion disguises the Pok\u00e9mon's true level\n|\n|t:|1783550479\n|teamsize|p1|6\n|teamsize|p2|6\n|start\n|switch|p1a: Volbeat|Volbeat, L90, M|263/263\n|switch|p2a: Rillaboom|Rillaboom, L79, M|100/100\n|-fieldstart|move: Grassy Terrain|[from] ability: Grassy Surge|[of] p2a: Rillaboom\n|turn|1\n|inactive|Battle timer is ON: inactive players will automatically lose when time's up. (requested by p0y978731e)\n|inactive|Time left: 300 sec this turn | 300 sec total | 60 sec grace\n|inactive|p0x97895b3 also wants the timer to be on.\n|\n|t:|1783550480\n|move|p1a: Volbeat|U-turn|p2a: Rillaboom\n|-supereffective|p2a: Rillaboom\n|-damage|p2a: Rillaboom|54/100\n|inactive|Time left: 300 sec this turn | 300 sec total | 65 sec grace\n|\n|t:|1783550482\n|switch|p1a: Weezing|Weezing, L88, F|258/258|[from] U-turn\n|move|p2a: Rillaboom|Knock Off|p1a: Weezing\n|-damage|p1a: Weezing|168/258\n|-enditem|p1a: Weezing|Leftovers|[from] move: Knock Off|[of] p2a: Rillaboom\n|\n|-heal|p2a: Rillaboom|60/100|[from] Grassy Terrain\n|upkeep\n|turn|2\n|inactive|Time left: 300 sec this turn | 300 sec total\n|\n|t:|1783550483\n|switch|p2a: Florges|Florges-Orange, L85, F|100/100\n|move|p1a: Weezing|Pain Split|p2a: Florges\n|-sethp|p2a: Florges|81/100|[from] move: Pain Split|[silent]\n|-sethp|p1a: Weezing|219/258|[from] move: Pain Split\n|\n|-heal|p2a: Florges|87/100|[from] Grassy Terrain\n|-heal|p2a: Florges|93/100|[from] item: Leftovers\n|upkeep\n|turn|3\n|inactive|Time left: 300 sec this turn | 300 sec total\n|\n|t:|1783550485\n|move|p2a: Florges|Calm Mind|p2a: Florges\n|-boost|p2a: Florges|spa|1\n|-boost|p2a: Florges|spd|1\n|move|p1a: Weezing|Pain Split|p2a: Florges\n|-sethp|p2a: Florges|87/100|[from] move: Pain Split|[silent]\n|-sethp|p1a: Weezing|235/258|[from] move: Pain Split\n|\n|-heal|p2a: Florges|93/100|[from] Grassy Terrain\n|-heal|p2a: Florges|99/100|[from] item: Leftovers\n|upkeep\n|turn|4\n|inactive|Time left: 300 sec this turn | 300 sec total\n|\n|t:|1783550486\n|switch|p1a: Muk|Muk-Alola, L82, F|306/306\n|move|p2a: Florges|Moonblast|p1a: Muk\n|-damage|p1a: Muk|188/306\n|\n|-heal|p2a: Florges|100/100|[from] Grassy Terrain\n|-heal|p1a: Muk|207/306|[from] Grassy Terrain\n|upkeep\n|turn|5\n|inactive|Time left: 300 sec this turn | 300 sec total\n|\n|t:|1783550487\n|move|p2a: Florges|Moonblast|p1a: Muk\n|-damage|p1a: Muk|105/306\n|move|p1a: Muk|Gunk Shot|p2a: Florges|[miss]\n|-miss|p1a: Muk|p2a: Florges\n|\n|-heal|p1a: Muk|124/306|[from] Grassy Terrain\n|-fieldend|move: Grassy Terrain\n|upkeep\n|turn|6\n|inactive|Time left: 300 sec this turn | 300 sec total\n|\n|t:|1783550488\n|move|p2a: Florges|Moonblast|p1a: Muk\n|-crit|p1a: Muk\n|-damage|p1a: Muk|0 fnt\n|faint|p1a: Muk\n|\n|upkeep\n|inactive|Time left: 300 sec this turn | 300 sec total | 5 sec grace\n|\n|t:|1783550489\n|switch|p1a: Arceus|Arceus-Ice, L72|291/291\n|turn|7\n|inactive|Time left: 300 sec this turn | 300 sec total\n|\n|t:|1783550490\n|move|p1a: Arceus|Calm Mind|p1a: Arceus\n|-boost|p1a: Arceus|spa|1\n|-boost|p1a: Arceus|spd|1\n|move|p2a: Florges|Moonblast|p1a: Arceus\n|-damage|p1a: Arceus|192/291\n|\n|upkeep\n|turn|8\n|inactive|Time left: 300 sec this turn | 300 sec total\n|\n|t:|1783550491\n|move|p1a: Arceus|Calm Mind|p1a: Arceus\n|-boost|p1a: Arceus|spa|1\n|-boost|p1a: Arceus|spd|1\n|move|p2a: Florges|Moonblast|p1a: Arceus\n|-damage|p1a: Arceus|110/291\n|\n|upkeep\n|turn|9\n|inactive|Time left: 300 sec this turn | 300 sec total\n|\n|t:|1783550492\n|move|p1a: Arceus|Recover|p1a: Arceus\n|-heal|p1a: Arceus|256/291\n|move|p2a: Florges|Calm Mind|p2a: Florges\n|-boost|p2a: Florges|spa|1\n|-boost|p2a: Florges|spd|1\n|\n|upkeep\n|turn|10\n|inactive|Time left: 300 sec this turn | 300 sec total\n|\n|t:|1783550493\n|move|p1a: Arceus|Calm Mind|p1a: Arceus\n|-boost|p1a: Arceus|spa|1\n|-boost|p1a: Arceus|spd|1\n|move|p2a: Florges|Moonblast|p1a: Arceus\n|-damage|p1a: Arceus|163/291\n|-unboost|p1a: Arceus|spa|1\n|\n|upkeep\n|turn|11\n|inactive|Time left: 300 sec this turn | 300 sec total\n|\n|t:|1783550494\n|move|p1a: Arceus|Recover|p1a: Arceus\n|-heal|p1a: Arceus|291/291\n|move|p2a: Florges|Moonblast|p1a: Arceus\n|-damage|p1a: Arceus|198/291\n|-unboost|p1a: Arceus|spa|1\n|\n|upkeep\n|turn|12\n|inactive|Time left: 300 sec this turn | 300 sec total\n|\n|t:|1783550495\n|move|p1a: Arceus|Calm Mind|p1a: Arceus\n|-boost|p1a: Arceus|spa|1\n|-boost|p1a: Arceus|spd|1\n|move|p2a: Florges|Moonblast|p1a: Arceus\n|-damage|p1a: Arceus|126/291\n|\n|upkeep\n|turn|13\n|inactive|Time left: 300 sec this turn | 300 sec total\n|\n|t:|1783550496\n|move|p1a: Arceus|Recover|p1a: Arceus\n|-heal|p1a: Arceus|272/291\n|move|p2a: Florges|Moonblast|p1a: Arceus\n|-damage|p1a: Arceus|199/291\n|\n|upkeep\n|turn|14\n|inactive|Time left: 300 sec this turn | 300 sec total\n|\n|t:|1783550497\n|move|p1a: Arceus|Calm Mind|p1a: Arceus\n|-boost|p1a: Arceus|spa|1\n|-boost|p1a: Arceus|spd|1\n|move|p2a: Florges|Moonblast|p1a: Arceus\n|-damage|p1a: Arceus|142/291\n|-unboost|p1a: Arceus|spa|1\n|\n|upkeep\n|turn|15\n|inactive|Time left: 300 sec this turn | 300 sec total\n|\n|t:|1783550498\n|move|p1a: Arceus|Recover|p1a: Arceus\n|-heal|p1a: Arceus|288/291\n|move|p2a: Florges|Calm Mind|p2a: Florges\n|-boost|p2a: Florges|spa|1\n|-boost|p2a: Florges|spd|1\n|\n|upkeep\n|turn|16\n|inactive|Time left: 300 sec this turn | 300 sec total\n|\n|t:|1783550499\n|move|p1a: Arceus|Judgment|p2a: Florges\n|-damage|p2a: Florges|78/100\n|move|p2a: Florges|Calm Mind|p2a: Florges\n|-boost|p2a: Florges|spa|1\n|-boost|p2a: Florges|spd|1\n|\n|-heal|p2a: Florges|84/100|[from] item: Leftovers\n|upkeep\n|turn|17\n|inactive|Time left: 300 sec this turn | 300 sec total\n|\n|t:|1783550501\n|move|p1a: Arceus|Calm Mind|p1a: Arceus\n|-boost|p1a: Arceus|spa|1\n|-boost|p1a: Arceus|spd|1\n|move|p2a: Florges|Moonblast|p1a: Arceus\n|-damage|p1a: Arceus|213/291\n|\n|-heal|p2a: Florges|90/100|[from] item: Leftovers\n|upkeep\n|turn|18\n|inactive|Time left: 300 sec this turn | 300 sec total\n|\n|t:|1783550502\n|move|p1a: Arceus|Judgment|p2a: Florges\n|-damage|p2a: Florges|68/100\n|move|p2a: Florges|Moonblast|p1a: Arceus\n|-damage|p1a: Arceus|137/291\n|-unboost|p1a: Arceus|spa|1\n|\n|-heal|p2a: Florges|74/100|[from] item: Leftovers\n|upkeep\n|turn|19\n|inactive|Time left: 300 sec this turn | 300 sec total\n|\n|t:|1783550503\n|move|p1a: Arceus|Recover|p1a: Arceus\n|-heal|p1a: Arceus|283/291\n|move|p2a: Florges|Moonblast|p1a: Arceus\n|-damage|p1a: Arceus|208/291\n|\n|-heal|p2a: Florges|79/100|[from] item: Leftovers\n|upkeep\n|turn|20\n|inactive|Time left: 300 sec this turn | 300 sec total\n|\n|t:|1783550504\n|move|p1a: Arceus|Judgment|p2a: Florges\n|-damage|p2a: Florges|63/100\n|move|p2a: Florges|Moonblast|p1a: Arceus\n|-damage|p1a: Arceus|123/291\n|-unboost|p1a: Arceus|spa|1\n|\n|-heal|p2a: Florges|69/100|[from] item: Leftovers\n|upkeep\n|turn|21\n|inactive|Time left: 300 sec this turn | 300 sec total\n|\n|t:|1783550505\n|move|p1a: Arceus|Recover|p1a: Arceus\n|-heal|p1a: Arceus|269/291\n|move|p2a: Florges|Moonblast|p1a: Arceus\n|-crit|p1a: Arceus\n|-damage|p1a: Arceus|0 fnt\n|faint|p1a: Arceus\n|\n|-heal|p2a: Florges|75/100|[from] item: Leftovers\n|upkeep\n|inactive|Time left: 300 sec this turn | 300 sec total | 5 sec grace\n|\n|t:|1783550506\n|switch|p1a: Dondozo|Dondozo, L78, F|362/362\n|turn|22\n|inactive|Time left: 300 sec this turn | 300 sec total\n|\n|t:|1783550507\n|move|p2a: Florges|Moonblast|p1a: Dondozo\n|-damage|p1a: Dondozo|217/362\n|move|p1a: Dondozo|Wave Crash|p2a: Florges\n|-damage|p2a: Florges|26/100\n|-damage|p1a: Dondozo|173/362|[from] Recoil\n|\n|-heal|p2a: Florges|31/100|[from] item: Leftovers\n|-heal|p1a: Dondozo|195/362|[from] item: Leftovers\n|upkeep\n|turn|23\n|inactive|Time left: 300 sec this turn | 300 sec total\n|\n|t:|1783550508\n|move|p2a: Florges|Protect|p2a: Florges\n|-singleturn|p2a: Florges|Protect\n|move|p1a: Dondozo|Wave Crash|p2a: Florges\n|-activate|p2a: Florges|move: Protect\n|\n|-heal|p2a: Florges|37/100|[from] item: Leftovers\n|-heal|p1a: Dondozo|217/362|[from] item: Leftovers\n|upkeep\n|turn|24\n|inactive|Time left: 300 sec this turn | 300 sec total\n|\n|t:|1783550509\n|move|p2a: Florges|Moonblast|p1a: Dondozo\n|-damage|p1a: Dondozo|57/362\n|move|p1a: Dondozo|Wave Crash|p2a: Florges\n|-damage|p2a: Florges|0 fnt\n|faint|p2a: Florges\n|-damage|p1a: Dondozo|24/362|[from] Recoil\n|\n|-heal|p1a: Dondozo|46/362|[from] item: Leftovers\n|upkeep\n|\n|t:|1783550510\n|switch|p2a: Rillaboom|Rillaboom, L79, M|60/100\n|-fieldstart|move: Grassy Terrain|[from] ability: Grassy Surge|[of] p2a: Rillaboom\n|turn|25\n|inactive|Time left: 300 sec this turn | 300 sec total\n|\n|t:|1783550511\n|switch|p1a: Weezing|Weezing, L88, F|235/258\n|move|p2a: Rillaboom|Wood Hammer|p1a: Weezing\n|-resisted|p1a: Weezing\n|-damage|p1a: Weezing|137/258\n|-damage|p2a: Rillaboom|49/100|[from] Recoil\n|\n|-heal|p2a: Rillaboom|55/100|[from] Grassy Terrain\n|upkeep\n|turn|26\n|inactive|Time left: 300 sec this turn | 300 sec total\n|\n|t:|1783550512\n|switch|p2a: Vileplume|Vileplume, L85, M|100/100\n|move|p1a: Weezing|Sludge Bomb|p2a: Vileplume\n|-damage|p2a: Vileplume|69/100\n|\n|-heal|p2a: Vileplume|75/100|[from] Grassy Terrain\n|-heal|p2a: Vileplume|81/100|[from] item: Leftovers\n|upkeep\n|turn|27\n|inactive|Time left: 300 sec this turn | 300 sec total\n|\n|t:|1783550513\n|move|p1a: Weezing|Fire Blast|p2a: Vileplume\n|-supereffective|p2a: Vileplume\n|-damage|p2a: Vileplume|26/100\n|move|p2a: Vileplume|Strength Sap|p1a: Weezing\n|-unboost|p1a: Weezing|atk|1\n|-heal|p2a: Vileplume|88/100\n|\n|-heal|p2a: Vileplume|94/100|[from] Grassy Terrain\n|-heal|p2a: Vileplume|99/100|[from] item: Leftovers\n|upkeep\n|turn|28\n|inactive|Time left: 300 sec this turn | 300 sec total\n|\n|t:|1783550514\n|move|p1a: Weezing|Pain Split|p2a: Vileplume\n|-sethp|p2a: Vileplume|76/100|[from] move: Pain Split|[silent]\n|-sethp|p1a: Weezing|200/258|[from] move: Pain Split\n|move|p2a: Vileplume|Strength Sap|p1a: Weezing\n|-unboost|p1a: Weezing|atk|1\n|-heal|p2a: Vileplume|100/100\n|\n|upkeep\n|turn|29\n|inactive|Time left: 300 sec this turn | 300 sec total\n|\n|t:|1783550515\n|switch|p1a: Volbeat|Volbeat, L90, M|263/263\n|move|p2a: Vileplume|Sleep Powder|p1a: Volbeat\n|-status|p1a: Volbeat|slp|[from] move: Sleep Powder\n|\n|-fieldend|move: Grassy Terrain\n|upkeep\n|turn|30\n|inactive|Time left: 300 sec this turn | 300 sec total\n|\n|t:|1783550516\n|switch|p1a: Mightyena|Mightyena, L96, F|290/290\n|-ability|p1a: Mightyena|Intimidate|boost\n|-unboost|p2a: Vileplume|atk|1\n|move|p2a: Vileplume|Sludge Bomb|p1a: Mightyena\n|-damage|p1a: Mightyena|166/290\n|\n|-heal|p1a: Mightyena|184/290|[from] item: Leftovers\n|upkeep\n|turn|31\n|inactive|Time left: 300 sec this turn | 300 sec total\n|\n|t:|1783550517\n|move|p1a: Mightyena|Throat Chop|p2a: Vileplume\n|-damage|p2a: Vileplume|63/100\n|-start|p2a: Vileplume|Throat Chop|[silent]\n|move|p2a: Vileplume|Sludge Bomb|p1a: Mightyena\n|-damage|p1a: Mightyena|52/290\n|-status|p1a: Mightyena|psn\n|\n|-heal|p1a: Mightyena|70/290 psn|[from] item: Leftovers\n|-heal|p2a: Vileplume|69/100|[from] item: Leftovers\n|-damage|p1a: Mightyena|34/290 psn|[from] psn\n|upkeep\n|turn|32\n|inactive|Time left: 300 sec this turn | 300 sec total\n|\n|t:|1783550519\n|switch|p1a: Weezing|Weezing, L88, F|200/258\n|move|p2a: Vileplume|Strength Sap|p1a: Weezing\n|-unboost|p1a: Weezing|atk|1\n|-heal|p2a: Vileplume|100/100\n|\n|-end|p2a: Vileplume|Throat Chop|[silent]\n|upkeep\n|turn|33\n|inactive|Time left: 300 sec this turn | 300 sec total\n|\n|t:|1783550520\n|move|p1a: Weezing|Fire Blast|p2a: Vileplume\n|-supereffective|p2a: Vileplume\n|-damage|p2a: Vileplume|49/100\n|move|p2a: Vileplume|Strength Sap|p1a: Weezing\n|-unboost|p1a: Weezing|atk|1\n|-heal|p2a: Vileplume|89/100\n|\n|-heal|p2a: Vileplume|95/100|[from] item: Leftovers\n|upkeep\n|turn|34\n|inactive|Time left: 300 sec this turn | 300 sec total\n|\n|t:|1783550521\n|move|p1a: Weezing|Sludge Bomb|p2a: Vileplume\n|-damage|p2a: Vileplume|61/100\n|move|p2a: Vileplume|Sludge Bomb|p1a: Weezing\n|-resisted|p1a: Weezing\n|-damage|p1a: Weezing|135/258\n|\n|-heal|p2a: Vileplume|67/100|[from] item: Leftovers\n|upkeep\n|turn|35\n|inactive|Time left: 300 sec this turn | 300 sec total\n|\n|t:|1783550522\n|move|p1a: Weezing|Fire Blast|p2a: Vileplume\n|-supereffective|p2a: Vileplume\n|-damage|p2a: Vileplume|14/100\n|move|p2a: Vileplume|Strength Sap|p1a: Weezing\n|-unboost|p1a: Weezing|atk|1\n|-heal|p2a: Vileplume|44/100\n|\n|-heal|p2a: Vileplume|50/100|[from] item: Leftovers\n|upkeep\n|turn|36\n|inactive|Time left: 300 sec this turn | 300 sec total\n|\n|t:|1783550523\n|move|p1a: Weezing|Fire Blast|p2a: Vileplume\n|-supereffective|p2a: Vileplume\n|-damage|p2a: Vileplume|0 fnt\n|faint|p2a: Vileplume\n|\n|upkeep\n|\n|t:|1783550524\n|switch|p2a: Furret|Furret, L94, M|100/100\n|turn|37\n|inactive|Time left: 300 sec this turn | 300 sec total\n|\n|t:|1783550525\n|move|p2a: Furret|Double-Edge|p1a: Weezing\n|-damage|p1a: Weezing|0 fnt\n|faint|p1a: Weezing\n|-damage|p2a: Furret|86/100|[from] Recoil\n|\n|upkeep\n|inactive|Time left: 300 sec this turn | 300 sec total | 5 sec grace\n|\n|t:|1783550526\n|switch|p1a: Mightyena|Mightyena, L96, F|34/290 psn\n|-ability|p1a: Mightyena|Intimidate|boost\n|-unboost|p2a: Furret|atk|1\n|turn|38\n|inactive|Time left: 300 sec this turn | 300 sec total\n|\n|t:|1783550527\n|move|p1a: Mightyena|Sucker Punch|p2a: Furret\n|-damage|p2a: Furret|54/100\n|move|p2a: Furret|Double-Edge|p1a: Mightyena\n|-damage|p1a: Mightyena|0 fnt\n|faint|p1a: Mightyena\n|-damage|p2a: Furret|51/100|[from] Recoil\n|\n|upkeep\n|inactive|Time left: 300 sec this turn | 300 sec total | 5 sec grace\n|\n|t:|1783550529\n|switch|p1a: Volbeat|Volbeat, L90, M|263/263 slp\n|turn|39\n|inactive|Time left: 300 sec this turn | 300 sec total\n|\n|t:|1783550530\n|cant|p1a: Volbeat|slp\n|move|p2a: Furret|Double-Edge|p1a: Volbeat\n|-damage|p1a: Volbeat|127/263 slp\n|-damage|p2a: Furret|36/100|[from] Recoil\n|\n|upkeep\n|turn|40\n|inactive|Time left: 300 sec this turn | 300 sec total\n|\n|t:|1783550531\n|cant|p1a: Volbeat|slp\n|move|p2a: Furret|Double-Edge|p1a: Volbeat\n|-damage|p1a: Volbeat|0 fnt\n|faint|p1a: Volbeat\n|-damage|p2a: Furret|23/100|[from] Recoil\n|\n|upkeep\n|inactive|Time left: 300 sec this turn | 300 sec total | 5 sec grace\n|\n|t:|1783550532\n|switch|p1a: Dondozo|Dondozo, L78, F|46/362\n|turn|41\n|inactive|Time left: 300 sec this turn | 300 sec total\n|\n|t:|1783550532\n|-terastallize|p2a: Furret|Ghost\n|move|p2a: Furret|Double-Edge|p1a: Dondozo\n|-damage|p1a: Dondozo|0 fnt\n|faint|p1a: Dondozo\n|-damage|p2a: Furret|18/100|[from] Recoil\n|\n|win|p0y978731e", "uploadtime": 1783550532, "views": 0, "rating": 0, "private": 0, "password": null, "_winner": "p0y978731e", "_our_name": "p0x97895b3"}