{"id": "battle-gen9randombattle-1912", "formatid": "gen9randombattle", "format": "[Gen 9] Random Battle", "players": ["p0x191274c1", "p0y191281f6"], "log": "|init|battle\n|title|p0x191274c1 vs. p0y191281f6\n|j|\u2606p0x191274c1\n|j|\u2606p0y191281f6\n|t:|1783561370\n|gametype|singles\n|player|p1|p0x191274c1|170|\n|player|p2|p0y191281f6|2|\n|gen|9\n|tier|[Gen 9] Random Battle\n|rule|Species Clause: Limit one of each Pok\u00e9mon\n|rule|HP Percentage Mod: HP is shown in percentages\n|rule|Sleep Clause Mod: Limit one foe put to sleep\n|rule|Illusion Level Mod: Illusion disguises the Pok\u00e9mon's true level\n|\n|t:|1783561370\n|teamsize|p1|6\n|teamsize|p2|6\n|start\n|switch|p1a: Wigglytuff|Wigglytuff, L96, M|424/424\n|switch|p2a: Mismagius|Mismagius, L86, M|100/100\n|turn|1\n|inactive|Battle timer is ON: inactive players will automatically lose when time's up. (requested by p0x191274c1)\n|inactive|p0y191281f6 also wants the timer to be on.\n|\n|t:|1783561372\n|move|p2a: Mismagius|Thunderbolt|p1a: Wigglytuff\n|-damage|p1a: Wigglytuff|289/424\n|move|p1a: Wigglytuff|Dazzling Gleam|p2a: Mismagius\n|-damage|p2a: Mismagius|68/100\n|\n|-heal|p1a: Wigglytuff|315/424|[from] item: Leftovers\n|upkeep\n|turn|2\n|inactive|Time left: 300 sec this turn | 300 sec total\n|\n|t:|1783561373\n|switch|p2a: Seviper|Seviper, L93, F|100/100\n|move|p1a: Wigglytuff|Dazzling Gleam|p2a: Seviper\n|-resisted|p2a: Seviper\n|-damage|p2a: Seviper|78/100\n|\n|-heal|p2a: Seviper|84/100|[from] item: Leftovers\n|-heal|p1a: Wigglytuff|341/424|[from] item: Leftovers\n|upkeep\n|turn|3\n|inactive|Time left: 300 sec this turn | 300 sec total\n|\n|t:|1783561375\n|move|p1a: Wigglytuff|Protect|p1a: Wigglytuff\n|-singleturn|p1a: Wigglytuff|Protect\n|move|p2a: Seviper|Swords Dance|p2a: Seviper\n|-boost|p2a: Seviper|atk|2\n|\n|-heal|p2a: Seviper|90/100|[from] item: Leftovers\n|-heal|p1a: Wigglytuff|367/424|[from] item: Leftovers\n|upkeep\n|turn|4\n|inactive|Time left: 300 sec this turn | 300 sec total\n|\n|t:|1783561376\n|switch|p1a: Minior|Minior-Indigo, L79|224/224\n|-formechange|p1a: Minior|Minior-Meteor||[from] ability: Shields Down\n|move|p2a: Seviper|Gunk Shot|p1a: Minior|[miss]\n|-miss|p2a: Seviper|p1a: Minior\n|\n|-heal|p2a: Seviper|96/100|[from] item: Leftovers\n|upkeep\n|turn|5\n|inactive|Time left: 300 sec this turn | 300 sec total\n|\n|t:|1783561377\n|move|p2a: Seviper|Trailblaze|p1a: Minior\n|-damage|p1a: Minior|141/224\n|-boost|p2a: Seviper|spe|1\n|move|p1a: Minior|Shell Smash|p1a: Minior\n|-unboost|p1a: Minior|def|1\n|-unboost|p1a: Minior|spd|1\n|-boost|p1a: Minior|atk|2\n|-boost|p1a: Minior|spa|2\n|-boost|p1a: Minior|spe|2\n|-enditem|p1a: Minior|White Herb\n|-clearnegativeboost|p1a: Minior|[silent]\n|\n|-heal|p2a: Seviper|100/100|[from] item: Leftovers\n|upkeep\n|turn|6\n|inactive|Time left: 300 sec this turn | 300 sec total\n|\n|t:|1783561378\n|-terastallize|p1a: Minior|Ground\n|-terastallize|p2a: Seviper|Ground\n|move|p1a: Minior|Earthquake|p2a: Seviper\n|-damage|p2a: Seviper|42/100\n|move|p2a: Seviper|Gunk Shot|p1a: Minior\n|-resisted|p1a: Minior\n|-damage|p1a: Minior|0 fnt\n|faint|p1a: Minior\n|\n|-heal|p2a: Seviper|48/100|[from] item: Leftovers\n|upkeep\n|inactive|Time left: 300 sec this turn | 300 sec total | 5 sec grace\n|\n|t:|1783561379\n|switch|p1a: Ariados|Ariados, L95, F|287/287\n|turn|7\n|inactive|Time left: 300 sec this turn | 300 sec total\n|\n|t:|1783561380\n|move|p2a: Seviper|Earthquake|p1a: Ariados\n|-damage|p1a: Ariados|17/287\n|move|p1a: Ariados|Megahorn|p2a: Seviper\n|-damage|p2a: Seviper|0 fnt\n|faint|p2a: Seviper\n|\n|upkeep\n|\n|t:|1783561381\n|switch|p2a: Zamazenta|Zamazenta-Crowned, L68|100/100\n|-ability|p2a: Zamazenta|Dauntless Shield|boost\n|-boost|p2a: Zamazenta|def|1\n|turn|8\n|inactive|Time left: 300 sec this turn | 300 sec total\n|\n|t:|1783561383\n|move|p2a: Zamazenta|Heavy Slam|p1a: Ariados\n|-damage|p1a: Ariados|0 fnt\n|faint|p1a: Ariados\n|\n|upkeep\n|inactive|Time left: 300 sec this turn | 300 sec total | 5 sec grace\n|\n|t:|1783561384\n|switch|p1a: Wigglytuff|Wigglytuff, L96, M|367/424\n|turn|9\n|inactive|Time left: 300 sec this turn | 300 sec total\n|\n|t:|1783561385\n|move|p2a: Zamazenta|Heavy Slam|p1a: Wigglytuff\n|-supereffective|p1a: Wigglytuff\n|-damage|p1a: Wigglytuff|91/424\n|move|p1a: Wigglytuff|Fire Blast|p2a: Zamazenta\n|-supereffective|p2a: Zamazenta\n|-damage|p2a: Zamazenta|39/100\n|\n|-heal|p1a: Wigglytuff|117/424|[from] item: Leftovers\n|upkeep\n|turn|10\n|inactive|Time left: 300 sec this turn | 300 sec total\n|\n|t:|1783561386\n|move|p1a: Wigglytuff|Protect|p1a: Wigglytuff\n|-singleturn|p1a: Wigglytuff|Protect\n|move|p2a: Zamazenta|Heavy Slam|p1a: Wigglytuff\n|-activate|p1a: Wigglytuff|move: Protect\n|\n|-heal|p1a: Wigglytuff|143/424|[from] item: Leftovers\n|upkeep\n|turn|11\n|inactive|Time left: 300 sec this turn | 300 sec total\n|\n|t:|1783561387\n|move|p1a: Wigglytuff|Protect||[still]\n|-fail|p1a: Wigglytuff\n|move|p2a: Zamazenta|Body Press|p1a: Wigglytuff\n|-damage|p1a: Wigglytuff|0 fnt\n|faint|p1a: Wigglytuff\n|\n|upkeep\n|inactive|Time left: 300 sec this turn | 300 sec total | 5 sec grace\n|\n|t:|1783561388\n|switch|p1a: Flareon|Flareon, L90, M|263/263\n|turn|12\n|inactive|Time left: 300 sec this turn | 300 sec total\n|\n|t:|1783561389\n|move|p2a: Zamazenta|Body Press|p1a: Flareon\n|-damage|p1a: Flareon|131/263\n|move|p1a: Flareon|Flare Blitz|p2a: Zamazenta\n|-supereffective|p2a: Zamazenta\n|-damage|p2a: Zamazenta|0 fnt\n|faint|p2a: Zamazenta\n|-damage|p1a: Flareon|101/263|[from] Recoil\n|\n|-status|p1a: Flareon|tox|[from] item: Toxic Orb\n|upkeep\n|\n|t:|1783561390\n|switch|p2a: Mismagius|Mismagius, L86, M|68/100\n|turn|13\n|inactive|Time left: 300 sec this turn | 300 sec total\n|\n|t:|1783561391\n|move|p2a: Mismagius|Shadow Ball|p1a: Flareon\n|-damage|p1a: Flareon|0 fnt\n|faint|p1a: Flareon\n|\n|upkeep\n|inactive|Time left: 300 sec this turn | 300 sec total | 5 sec grace\n|\n|t:|1783561392\n|switch|p1a: Tauros|Tauros, L82, M|257/257\n|turn|14\n|inactive|Time left: 300 sec this turn | 300 sec total\n|\n|t:|1783561393\n|switch|p2a: Darkrai|Darkrai, L77|100/100\n|move|p1a: Tauros|Body Slam|p2a: Darkrai\n|-damage|p2a: Darkrai|34/100\n|\n|-heal|p2a: Darkrai|40/100|[from] item: Leftovers\n|upkeep\n|turn|15\n|inactive|Time left: 300 sec this turn | 300 sec total\n|\n|t:|1783561394\n|switch|p1a: Arceus|Arceus-Steel, L70|284/284\n|move|p2a: Darkrai|Dark Pulse|p1a: Arceus\n|-damage|p1a: Arceus|199/284\n|\n|-heal|p2a: Darkrai|46/100|[from] item: Leftovers\n|upkeep\n|turn|16\n|inactive|Time left: 300 sec this turn | 300 sec total\n|\n|t:|1783561395\n|switch|p2a: Mismagius|Mismagius, L86, M|68/100\n|move|p1a: Arceus|Judgment|p2a: Mismagius\n|-crit|p2a: Mismagius\n|-damage|p2a: Mismagius|8/100\n|\n|upkeep\n|turn|17\n|inactive|Time left: 300 sec this turn | 300 sec total\n|\n|t:|1783561395\n|move|p2a: Mismagius|Mystical Fire|p1a: Arceus\n|-supereffective|p1a: Arceus\n|-damage|p1a: Arceus|43/284\n|-unboost|p1a: Arceus|spa|1\n|move|p1a: Arceus|Recover|p1a: Arceus\n|-heal|p1a: Arceus|185/284\n|\n|upkeep\n|turn|18\n|inactive|Time left: 300 sec this turn | 300 sec total\n|\n|t:|1783561396\n|move|p2a: Mismagius|Mystical Fire|p1a: Arceus\n|-supereffective|p1a: Arceus\n|-damage|p1a: Arceus|15/284\n|-unboost|p1a: Arceus|spa|1\n|move|p1a: Arceus|Judgment|p2a: Mismagius\n|-damage|p2a: Mismagius|0 fnt\n|faint|p2a: Mismagius\n|\n|upkeep\n|\n|t:|1783561397\n|switch|p2a: Lilligant|Lilligant, L86, F|100/100\n|turn|19\n|inactive|Time left: 300 sec this turn | 300 sec total\n|\n|t:|1783561398\n|move|p1a: Arceus|Recover|p1a: Arceus\n|-heal|p1a: Arceus|157/284\n|move|p2a: Lilligant|Quiver Dance|p2a: Lilligant\n|-boost|p2a: Lilligant|spa|1\n|-boost|p2a: Lilligant|spd|1\n|-boost|p2a: Lilligant|spe|1\n|\n|upkeep\n|turn|20\n|inactive|Time left: 300 sec this turn | 300 sec total\n|\n|t:|1783561399\n|move|p2a: Lilligant|Quiver Dance|p2a: Lilligant\n|-boost|p2a: Lilligant|spa|1\n|-boost|p2a: Lilligant|spd|1\n|-boost|p2a: Lilligant|spe|1\n|move|p1a: Arceus|Calm Mind|p1a: Arceus\n|-boost|p1a: Arceus|spa|1\n|-boost|p1a: Arceus|spd|1\n|\n|upkeep\n|turn|21\n|inactive|Time left: 300 sec this turn | 300 sec total\n|\n|t:|1783561400\n|move|p2a: Lilligant|Sleep Powder|p1a: Arceus\n|-status|p1a: Arceus|slp|[from] move: Sleep Powder\n|cant|p1a: Arceus|slp\n|\n|upkeep\n|turn|22\n|inactive|Time left: 300 sec this turn | 300 sec total\n|\n|t:|1783561401\n|move|p2a: Lilligant|Quiver Dance|p2a: Lilligant\n|-boost|p2a: Lilligant|spa|1\n|-boost|p2a: Lilligant|spd|1\n|-boost|p2a: Lilligant|spe|1\n|-curestatus|p1a: Arceus|slp|[msg]\n|move|p1a: Arceus|Recover|p1a: Arceus\n|-heal|p1a: Arceus|284/284\n|\n|upkeep\n|turn|23\n|inactive|Time left: 300 sec this turn | 300 sec total\n|\n|t:|1783561401\n|move|p2a: Lilligant|Sleep Powder|p1a: Arceus|[miss]\n|-miss|p2a: Lilligant|p1a: Arceus\n|move|p1a: Arceus|Calm Mind|p1a: Arceus\n|-boost|p1a: Arceus|spa|1\n|-boost|p1a: Arceus|spd|1\n|\n|upkeep\n|turn|24\n|inactive|Time left: 300 sec this turn | 300 sec total\n|\n|t:|1783561402\n|move|p2a: Lilligant|Sleep Powder|p1a: Arceus\n|-status|p1a: Arceus|slp|[from] move: Sleep Powder\n|cant|p1a: Arceus|slp\n|\n|upkeep\n|turn|25\n|inactive|Time left: 300 sec this turn | 300 sec total\n|\n|t:|1783561403\n|move|p2a: Lilligant|Quiver Dance|p2a: Lilligant\n|-boost|p2a: Lilligant|spa|1\n|-boost|p2a: Lilligant|spd|1\n|-boost|p2a: Lilligant|spe|1\n|cant|p1a: Arceus|slp\n|\n|upkeep\n|turn|26\n|inactive|Time left: 300 sec this turn | 300 sec total\n|\n|t:|1783561404\n|move|p2a: Lilligant|Quiver Dance|p2a: Lilligant\n|-boost|p2a: Lilligant|spa|1\n|-boost|p2a: Lilligant|spd|1\n|-boost|p2a: Lilligant|spe|1\n|cant|p1a: Arceus|slp\n|\n|upkeep\n|turn|27\n|inactive|Time left: 300 sec this turn | 300 sec total\n|\n|t:|1783561405\n|move|p2a: Lilligant|Giga Drain|p1a: Arceus\n|-resisted|p1a: Arceus\n|-damage|p1a: Arceus|192/284 slp\n|-damage|p2a: Lilligant|91/100|[from] item: Life Orb\n|-curestatus|p1a: Arceus|slp|[msg]\n|move|p1a: Arceus|Calm Mind|p1a: Arceus\n|-boost|p1a: Arceus|spa|1\n|-boost|p1a: Arceus|spd|1\n|\n|upkeep\n|turn|28\n|inactive|Time left: 300 sec this turn | 300 sec total\n|\n|t:|1783561406\n|move|p2a: Lilligant|Sleep Powder|p1a: Arceus\n|-status|p1a: Arceus|slp|[from] move: Sleep Powder\n|cant|p1a: Arceus|slp\n|\n|upkeep\n|turn|29\n|inactive|Time left: 300 sec this turn | 300 sec total\n|\n|t:|1783561407\n|move|p2a: Lilligant|Giga Drain|p1a: Arceus\n|-resisted|p1a: Arceus\n|-damage|p1a: Arceus|110/284 slp\n|-heal|p2a: Lilligant|100/100|[from] drain|[of] p1a: Arceus\n|-damage|p2a: Lilligant|91/100|[from] item: Life Orb\n|cant|p1a: Arceus|slp\n|\n|upkeep\n|turn|30\n|inactive|Time left: 300 sec this turn | 300 sec total\n|\n|t:|1783561408\n|move|p2a: Lilligant|Giga Drain|p1a: Arceus\n|-resisted|p1a: Arceus\n|-damage|p1a: Arceus|36/284 slp\n|-heal|p2a: Lilligant|100/100|[from] drain|[of] p1a: Arceus\n|-damage|p2a: Lilligant|91/100|[from] item: Life Orb\n|cant|p1a: Arceus|slp\n|\n|upkeep\n|turn|31\n|inactive|Time left: 300 sec this turn | 300 sec total\n|\n|t:|1783561409\n|switch|p1a: Tauros|Tauros, L82, M|257/257\n|move|p2a: Lilligant|Giga Drain|p1a: Tauros\n|-damage|p1a: Tauros|0 fnt\n|-heal|p2a: Lilligant|100/100|[from] drain|[of] p1a: Tauros\n|faint|p1a: Tauros\n|-damage|p2a: Lilligant|91/100|[from] item: Life Orb\n|\n|upkeep\n|inactive|Time left: 300 sec this turn | 300 sec total | 5 sec grace\n|\n|t:|1783561410\n|switch|p1a: Arceus|Arceus-Steel, L70|36/284 slp\n|turn|32\n|inactive|Time left: 300 sec this turn | 300 sec total\n|\n|t:|1783561411\n|move|p2a: Lilligant|Tera Blast|p1a: Arceus\n|-resisted|p1a: Arceus\n|-damage|p1a: Arceus|0 fnt\n|faint|p1a: Arceus\n|-damage|p2a: Lilligant|81/100|[from] item: Life Orb\n|\n|win|p0y191281f6", "uploadtime": 1783561411, "views": 0, "rating": 0, "private": 0, "password": null, "_winner": "p0y191281f6", "_our_name": "p0x191274c1"}