{"id": "battle-gen9randombattle-2726", "formatid": "gen9randombattle", "format": "[Gen 9] Random Battle", "players": ["p0x2726cde6", "p0y27264ec5"], "log": "|init|battle\n|title|p0x2726cde6 vs. p0y27264ec5\n|j|\u2606p0x2726cde6\n|j|\u2606p0y27264ec5\n|t:|1783571435\n|gametype|singles\n|player|p1|p0x2726cde6|169|\n|player|p2|p0y27264ec5|266|\n|gen|9\n|tier|[Gen 9] Random Battle\n|rule|Species Clause: Limit one of each Pok\u00e9mon\n|rule|HP Percentage Mod: HP is shown in percentages\n|rule|Sleep Clause Mod: Limit one foe put to sleep\n|rule|Illusion Level Mod: Illusion disguises the Pok\u00e9mon's true level\n|\n|t:|1783571435\n|teamsize|p1|6\n|teamsize|p2|6\n|start\n|switch|p1a: Salamence|Salamence, L77, F|273/273\n|switch|p2a: Heatran|Heatran, L79, M|100/100\n|-item|p2a: Heatran|Air Balloon\n|turn|1\n|inactive|Battle timer is ON: inactive players will automatically lose when time's up. (requested by p0y27264ec5)\n|inactive|Time left: 300 sec this turn | 300 sec total | 60 sec grace\n|inactive|p0x2726cde6 also wants the timer to be on.\n|\n|t:|1783571437\n|move|p1a: Salamence|Dragon Dance|p1a: Salamence\n|-boost|p1a: Salamence|atk|1\n|-boost|p1a: Salamence|spe|1\n|move|p2a: Heatran|Magma Storm|p1a: Salamence\n|-resisted|p1a: Salamence\n|-damage|p1a: Salamence|207/273\n|-activate|p1a: Salamence|move: Magma Storm|[of] p2a: Heatran\n|\n|-damage|p1a: Salamence|173/273|[from] move: Magma Storm|[partiallytrapped]\n|upkeep\n|turn|2\n|inactive|Time left: 300 sec this turn | 300 sec total\n|\n|t:|1783571438\n|move|p1a: Salamence|Outrage|p2a: Heatran\n|-resisted|p2a: Heatran\n|-damage|p2a: Heatran|69/100\n|-enditem|p2a: Heatran|Air Balloon\n|move|p2a: Heatran|Heavy Slam|p1a: Salamence\n|-damage|p1a: Salamence|70/273\n|\n|-damage|p1a: Salamence|36/273|[from] move: Magma Storm|[partiallytrapped]\n|upkeep\n|turn|3\n|inactive|Time left: 300 sec this turn | 300 sec total\n|\n|t:|1783571439\n|move|p1a: Salamence|Outrage|p2a: Heatran|[from] lockedmove\n|-resisted|p2a: Heatran\n|-damage|p2a: Heatran|33/100\n|move|p2a: Heatran|Heavy Slam|p1a: Salamence\n|-damage|p1a: Salamence|0 fnt\n|faint|p1a: Salamence\n|\n|upkeep\n|inactive|Time left: 300 sec this turn | 300 sec total | 5 sec grace\n|\n|t:|1783571440\n|switch|p1a: Manaphy|Manaphy, L78|284/284\n|turn|4\n|inactive|Time left: 300 sec this turn | 300 sec total\n|\n|t:|1783571441\n|move|p1a: Manaphy|Tail Glow|p1a: Manaphy\n|-boost|p1a: Manaphy|spa|3\n|move|p2a: Heatran|Earth Power|p1a: Manaphy\n|-damage|p1a: Manaphy|215/284\n|\n|-heal|p1a: Manaphy|232/284|[from] item: Leftovers\n|upkeep\n|turn|5\n|inactive|Time left: 300 sec this turn | 300 sec total\n|\n|t:|1783571442\n|move|p1a: Manaphy|Hydro Pump|p2a: Heatran\n|-supereffective|p2a: Heatran\n|-damage|p2a: Heatran|0 fnt\n|faint|p2a: Heatran\n|\n|-heal|p1a: Manaphy|249/284|[from] item: Leftovers\n|upkeep\n|\n|t:|1783571443\n|switch|p2a: Abomasnow|Abomasnow, L84, F|100/100\n|-weather|Snowscape|[from] ability: Snow Warning|[of] p2a: Abomasnow\n|turn|6\n|inactive|Time left: 300 sec this turn | 300 sec total\n|\n|t:|1783571444\n|move|p1a: Manaphy|Ice Beam|p2a: Abomasnow\n|-damage|p2a: Abomasnow|47/100\n|move|p2a: Abomasnow|Aurora Veil|p2a: Abomasnow\n|-sidestart|p2: p0y27264ec5|move: Aurora Veil\n|\n|-weather|Snowscape|[upkeep]\n|-heal|p1a: Manaphy|266/284|[from] item: Leftovers\n|upkeep\n|turn|7\n|inactive|Time left: 300 sec this turn | 300 sec total\n|\n|t:|1783571445\n|switch|p2a: Jolteon|Jolteon, L84, F|100/100\n|move|p1a: Manaphy|Ice Beam|p2a: Jolteon\n|-damage|p2a: Jolteon|73/100\n|\n|-weather|Snowscape|[upkeep]\n|-heal|p1a: Manaphy|283/284|[from] item: Leftovers\n|upkeep\n|turn|8\n|inactive|Time left: 300 sec this turn | 300 sec total\n|\n|t:|1783571446\n|-terastallize|p1a: Manaphy|Grass\n|move|p2a: Jolteon|Thunderbolt|p1a: Manaphy\n|-resisted|p1a: Manaphy\n|-damage|p1a: Manaphy|236/284\n|move|p1a: Manaphy|Ice Beam|p2a: Jolteon\n|-damage|p2a: Jolteon|46/100\n|\n|-weather|Snowscape|[upkeep]\n|-heal|p1a: Manaphy|253/284|[from] item: Leftovers\n|upkeep\n|turn|9\n|inactive|Time left: 300 sec this turn | 300 sec total\n|\n|t:|1783571447\n|move|p2a: Jolteon|Volt Switch|p1a: Manaphy\n|-resisted|p1a: Manaphy\n|-damage|p1a: Manaphy|214/284\n|\n|t:|1783571448\n|switch|p2a: Cetitan|Cetitan, L82, M|100/100|[from] Volt Switch\n|move|p1a: Manaphy|Ice Beam|p2a: Cetitan\n|-resisted|p2a: Cetitan\n|-damage|p2a: Cetitan|94/100\n|\n|-weather|Snowscape|[upkeep]\n|-heal|p1a: Manaphy|231/284|[from] item: Leftovers\n|upkeep\n|turn|10\n|inactive|Time left: 300 sec this turn | 300 sec total\n|\n|t:|1783571449\n|move|p1a: Manaphy|Energy Ball|p2a: Cetitan\n|-damage|p2a: Cetitan|59/100\n|move|p2a: Cetitan|Ice Spinner|p1a: Manaphy\n|-supereffective|p1a: Manaphy\n|-damage|p1a: Manaphy|67/284\n|\n|-weather|none\n|-heal|p1a: Manaphy|84/284|[from] item: Leftovers\n|upkeep\n|turn|11\n|inactive|Time left: 300 sec this turn | 300 sec total\n|\n|t:|1783571450\n|move|p1a: Manaphy|Energy Ball|p2a: Cetitan\n|-damage|p2a: Cetitan|24/100\n|-enditem|p2a: Cetitan|Sitrus Berry|[eat]\n|-heal|p2a: Cetitan|49/100|[from] item: Sitrus Berry\n|move|p2a: Cetitan|Ice Spinner|p1a: Manaphy\n|-supereffective|p1a: Manaphy\n|-damage|p1a: Manaphy|0 fnt\n|faint|p1a: Manaphy\n|\n|upkeep\n|inactive|Time left: 300 sec this turn | 300 sec total | 5 sec grace\n|\n|t:|1783571451\n|switch|p1a: Oranguru|Oranguru, L92, M|315/315\n|turn|12\n|inactive|Time left: 300 sec this turn | 300 sec total\n|\n|t:|1783571452\n|move|p2a: Cetitan|Ice Spinner|p1a: Oranguru\n|-damage|p1a: Oranguru|222/315\n|move|p1a: Oranguru|Nasty Plot|p1a: Oranguru\n|-boost|p1a: Oranguru|spa|2\n|\n|upkeep\n|turn|13\n|inactive|Time left: 300 sec this turn | 300 sec total\n|\n|t:|1783571453\n|move|p2a: Cetitan|Ice Spinner|p1a: Oranguru\n|-damage|p1a: Oranguru|135/315\n|move|p1a: Oranguru|Focus Blast|p2a: Cetitan|[miss]\n|-miss|p1a: Oranguru|p2a: Cetitan\n|\n|-sideend|p2: p0y27264ec5|move: Aurora Veil\n|upkeep\n|turn|14\n|inactive|Time left: 300 sec this turn | 300 sec total\n|\n|t:|1783571453\n|move|p2a: Cetitan|Ice Spinner|p1a: Oranguru\n|-damage|p1a: Oranguru|38/315\n|move|p1a: Oranguru|Psyshock|p2a: Cetitan\n|-damage|p2a: Cetitan|0 fnt\n|faint|p2a: Cetitan\n|-damage|p1a: Oranguru|7/315|[from] item: Life Orb\n|\n|upkeep\n|\n|t:|1783571454\n|switch|p2a: Jolteon|Jolteon, L84, F|46/100\n|turn|15\n|inactive|Time left: 300 sec this turn | 300 sec total\n|\n|t:|1783571455\n|move|p2a: Jolteon|Volt Switch|p1a: Oranguru\n|-damage|p1a: Oranguru|0 fnt\n|faint|p1a: Oranguru\n|\n|t:|1783571456\n|switch|p2a: Lilligant|Lilligant-Hisui, L79, F|100/100|[from] Volt Switch\n|\n|upkeep\n|inactive|Time left: 300 sec this turn | 300 sec total | 10 sec grace\n|\n|t:|1783571457\n|switch|p1a: Espeon|Espeon, L84, F|246/246\n|turn|16\n|inactive|Time left: 300 sec this turn | 300 sec total\n|\n|t:|1783571458\n|-terastallize|p2a: Lilligant|Steel\n|move|p1a: Espeon|Psychic|p2a: Lilligant\n|-resisted|p2a: Lilligant\n|-damage|p2a: Lilligant|52/100\n|-unboost|p2a: Lilligant|spd|1\n|move|p2a: Lilligant|Victory Dance|p2a: Lilligant\n|-boost|p2a: Lilligant|atk|1\n|-boost|p2a: Lilligant|def|1\n|-boost|p2a: Lilligant|spe|1\n|\n|upkeep\n|turn|17\n|inactive|Time left: 300 sec this turn | 300 sec total\n|\n|t:|1783571459\n|move|p2a: Lilligant|Leaf Blade|p1a: Espeon\n|-damage|p1a: Espeon|0 fnt\n|faint|p1a: Espeon\n|-damage|p2a: Lilligant|42/100|[from] item: Life Orb\n|\n|upkeep\n|inactive|Time left: 300 sec this turn | 300 sec total | 5 sec grace\n|\n|t:|1783571460\n|switch|p1a: Iron Thorns|Iron Thorns, L83|302/302\n|-enditem|p1a: Iron Thorns|Booster Energy\n|-activate|p1a: Iron Thorns|ability: Quark Drive|[fromitem]\n|-start|p1a: Iron Thorns|quarkdriveatk\n|turn|18\n|inactive|Time left: 300 sec this turn | 300 sec total\n|\n|t:|1783571461\n|move|p2a: Lilligant|Close Combat|p1a: Iron Thorns\n|-supereffective|p1a: Iron Thorns\n|-damage|p1a: Iron Thorns|0 fnt\n|-unboost|p2a: Lilligant|def|1\n|-unboost|p2a: Lilligant|spd|1\n|faint|p1a: Iron Thorns\n|-end|p1a: Iron Thorns|Quark Drive|[silent]\n|-damage|p2a: Lilligant|32/100|[from] item: Life Orb\n|\n|upkeep\n|inactive|Time left: 300 sec this turn | 300 sec total | 5 sec grace\n|\n|t:|1783571462\n|switch|p1a: Zacian|Zacian-Crowned, L64|225/225\n|-ability|p1a: Zacian|Intrepid Sword|boost\n|-boost|p1a: Zacian|atk|1\n|turn|19\n|inactive|Time left: 300 sec this turn | 300 sec total\n|\n|t:|1783571463\n|move|p2a: Lilligant|Close Combat|p1a: Zacian\n|-damage|p1a: Zacian|0 fnt\n|-unboost|p2a: Lilligant|def|1\n|-unboost|p2a: Lilligant|spd|1\n|faint|p1a: Zacian\n|-damage|p2a: Lilligant|22/100|[from] item: Life Orb\n|\n|win|p0y27264ec5", "uploadtime": 1783571463, "views": 0, "rating": 0, "private": 0, "password": null, "_winner": "p0y27264ec5", "_our_name": "p0x2726cde6"}