{"id": "battle-gen9randombattle-2296", "formatid": "gen9randombattle", "format": "[Gen 9] Random Battle", "players": ["p0x2296b3f0", "p0y22960d38"], "log": "|init|battle\n|title|p0x2296b3f0 vs. p0y22960d38\n|j|\u2606p0x2296b3f0\n|j|\u2606p0y22960d38\n|t:|1783566623\n|gametype|singles\n|player|p1|p0x2296b3f0|170|\n|player|p2|p0y22960d38|265|\n|gen|9\n|tier|[Gen 9] Random Battle\n|rule|Species Clause: Limit one of each Pok\u00e9mon\n|rule|HP Percentage Mod: HP is shown in percentages\n|rule|Sleep Clause Mod: Limit one foe put to sleep\n|rule|Illusion Level Mod: Illusion disguises the Pok\u00e9mon's true level\n|\n|t:|1783566623\n|teamsize|p1|6\n|teamsize|p2|6\n|start\n|switch|p1a: Klawf|Klawf, L90, M|100/100\n|switch|p2a: Delibird|Delibird, F|252/252\n|turn|1\n|inactive|Battle timer is ON: inactive players will automatically lose when time's up. (requested by p0y22960d38)\n|inactive|p0x2296b3f0 also wants the timer to be on.\n|\n|t:|1783566625\n|switch|p2a: Regirock|Regirock, L83|268/268\n|move|p1a: Klawf|Stone Edge|p2a: Regirock\n|-damage|p2a: Regirock|207/268\n|\n|-heal|p2a: Regirock|223/268|[from] item: Leftovers\n|upkeep\n|turn|2\n|inactive|Time left: 300 sec this turn | 300 sec total\n|\n|t:|1783566626\n|move|p1a: Klawf|Swords Dance|p1a: Klawf\n|-boost|p1a: Klawf|atk|2\n|move|p2a: Regirock|Stealth Rock|p1a: Klawf\n|-sidestart|p1: p0x2296b3f0|move: Stealth Rock\n|\n|-heal|p2a: Regirock|239/268|[from] item: Leftovers\n|upkeep\n|turn|3\n|inactive|Time left: 300 sec this turn | 300 sec total\n|\n|t:|1783566627\n|-terastallize|p1a: Klawf|Water\n|-terastallize|p2a: Regirock|Fighting\n|move|p1a: Klawf|Crabhammer|p2a: Regirock|[miss]\n|-miss|p1a: Klawf|p2a: Regirock\n|move|p2a: Regirock|Body Press|p1a: Klawf\n|-damage|p1a: Klawf|56/100\n|\n|-heal|p2a: Regirock|255/268|[from] item: Leftovers\n|upkeep\n|turn|4\n|inactive|Time left: 300 sec this turn | 300 sec total\n|\n|t:|1783566628\n|move|p1a: Klawf|Crabhammer|p2a: Regirock\n|-damage|p2a: Regirock|125/268\n|move|p2a: Regirock|Body Press|p1a: Klawf\n|-damage|p1a: Klawf|11/100\n|-ability|p1a: Klawf|Anger Shell|boost\n|-boost|p1a: Klawf|atk|1\n|-boost|p1a: Klawf|spa|1\n|-boost|p1a: Klawf|spe|1\n|-unboost|p1a: Klawf|def|1\n|-unboost|p1a: Klawf|spd|1\n|\n|-heal|p2a: Regirock|141/268|[from] item: Leftovers\n|upkeep\n|turn|5\n|inactive|Time left: 300 sec this turn | 300 sec total\n|\n|t:|1783566629\n|move|p1a: Klawf|Crabhammer|p2a: Regirock\n|-damage|p2a: Regirock|0 fnt\n|faint|p2a: Regirock\n|\n|upkeep\n|inactive|Time left: 300 sec this turn | 300 sec total | 5 sec grace\n|\n|t:|1783566630\n|switch|p2a: Staraptor|Staraptor, L79, M|263/263\n|turn|6\n|inactive|Time left: 300 sec this turn | 300 sec total\n|\n|t:|1783566631\n|move|p2a: Staraptor|Quick Attack|p1a: Klawf\n|-crit|p1a: Klawf\n|-damage|p1a: Klawf|0 fnt\n|faint|p1a: Klawf\n|\n|upkeep\n|\n|t:|1783566632\n|switch|p1a: Forretress|Forretress, L84, M|100/100\n|-damage|p1a: Forretress|88/100|[from] Stealth Rock\n|turn|7\n|inactive|Time left: 300 sec this turn | 300 sec total\n|\n|t:|1783566633\n|switch|p2a: Tauros|Tauros-Paldea-Blaze, L81, M|252/252\n|move|p1a: Forretress|Rapid Spin|p2a: Tauros\n|-damage|p2a: Tauros|222/252\n|-boost|p1a: Forretress|spe|1\n|-sideend|p1: p0x2296b3f0|Stealth Rock|[from] move: Rapid Spin|[of] p1a: Forretress\n|\n|-heal|p1a: Forretress|94/100|[from] item: Leftovers\n|upkeep\n|turn|8\n|inactive|Time left: 300 sec this turn | 300 sec total\n|\n|t:|1783566634\n|switch|p1a: Terrakion|Terrakion, L79|100/100\n|move|p2a: Tauros|Raging Bull|p1a: Terrakion\n|-resisted|p1a: Terrakion\n|-damage|p1a: Terrakion|83/100\n|\n|upkeep\n|turn|9\n|inactive|Time left: 300 sec this turn | 300 sec total\n|\n|t:|1783566636\n|move|p1a: Terrakion|Earthquake|p2a: Tauros\n|-supereffective|p2a: Tauros\n|-damage|p2a: Tauros|0 fnt\n|faint|p2a: Tauros\n|\n|upkeep\n|inactive|Time left: 300 sec this turn | 300 sec total | 5 sec grace\n|\n|t:|1783566637\n|switch|p2a: Staraptor|Staraptor, L79, M|263/263\n|turn|10\n|inactive|Time left: 300 sec this turn | 300 sec total\n|\n|t:|1783566638\n|switch|p1a: Amoonguss|Amoonguss, L82, F|100/100\n|move|p2a: Staraptor|Brave Bird|p1a: Amoonguss\n|-supereffective|p1a: Amoonguss\n|-damage|p1a: Amoonguss|0 fnt\n|-damage|p2a: Staraptor|220/263|[from] item: Rocky Helmet|[of] p1a: Amoonguss\n|faint|p1a: Amoonguss\n|-damage|p2a: Staraptor|114/263|[from] Recoil\n|\n|upkeep\n|\n|t:|1783566639\n|switch|p1a: Terrakion|Terrakion, L79|83/100\n|turn|11\n|inactive|Time left: 300 sec this turn | 300 sec total\n|\n|t:|1783566640\n|move|p1a: Terrakion|Close Combat|p2a: Staraptor\n|-damage|p2a: Staraptor|0 fnt\n|-unboost|p1a: Terrakion|def|1\n|-unboost|p1a: Terrakion|spd|1\n|faint|p2a: Staraptor\n|\n|upkeep\n|inactive|Time left: 300 sec this turn | 300 sec total | 5 sec grace\n|\n|t:|1783566641\n|switch|p2a: Klawf|Klawf, L90, F|272/272\n|turn|12\n|inactive|Time left: 300 sec this turn | 300 sec total\n|\n|t:|1783566642\n|move|p2a: Klawf|Crabhammer|p1a: Terrakion\n|-supereffective|p1a: Terrakion\n|-damage|p1a: Terrakion|0 fnt\n|faint|p1a: Terrakion\n|\n|upkeep\n|\n|t:|1783566643\n|switch|p1a: Scrafty|Scrafty, L83, F|100/100\n|turn|13\n|inactive|Time left: 300 sec this turn | 300 sec total\n|\n|t:|1783566644\n|switch|p2a: Delibird|Delibird, F|252/252\n|move|p1a: Scrafty|Bulk Up|p1a: Scrafty\n|-boost|p1a: Scrafty|atk|1\n|-boost|p1a: Scrafty|def|1\n|\n|upkeep\n|turn|14\n|inactive|Time left: 300 sec this turn | 300 sec total\n|\n|t:|1783566645\n|move|p2a: Delibird|Brave Bird|p1a: Scrafty\n|-supereffective|p1a: Scrafty\n|-damage|p1a: Scrafty|21/100\n|-damage|p2a: Delibird|188/252|[from] Recoil\n|move|p1a: Scrafty|Knock Off|p2a: Delibird\n|-damage|p2a: Delibird|1/252\n|-enditem|p2a: Delibird|Heavy-Duty Boots|[from] move: Knock Off|[of] p1a: Scrafty\n|\n|-heal|p1a: Scrafty|27/100|[from] item: Leftovers\n|upkeep\n|turn|15\n|inactive|Time left: 300 sec this turn | 300 sec total\n|\n|t:|1783566646\n|move|p2a: Delibird|Brave Bird|p1a: Scrafty\n|-supereffective|p1a: Scrafty\n|-damage|p1a: Scrafty|0 fnt\n|faint|p1a: Scrafty\n|-damage|p2a: Delibird|0 fnt|[from] Recoil\n|faint|p2a: Delibird\n|\n|upkeep\n|inactive|Time left: 300 sec this turn | 300 sec total | 5 sec grace\n|\n|t:|1783566647\n|switch|p2a: Klawf|Klawf, L90, F|272/272\n|switch|p1a: Sceptile|Sceptile, L87, F|100/100\n|turn|16\n|inactive|Time left: 300 sec this turn | 300 sec total\n|\n|t:|1783566648\n|move|p2a: Klawf|Stone Edge|p1a: Sceptile\n|-damage|p1a: Sceptile|46/100\n|move|p1a: Sceptile|Leaf Storm|p2a: Klawf\n|-supereffective|p2a: Klawf\n|-damage|p2a: Klawf|0 fnt\n|-unboost|p1a: Sceptile|spa|2\n|faint|p2a: Klawf\n|-damage|p1a: Sceptile|36/100|[from] item: Life Orb\n|\n|upkeep\n|inactive|Time left: 300 sec this turn | 300 sec total | 5 sec grace\n|\n|t:|1783566649\n|switch|p2a: Blissey|Blissey, L85, F|572/572\n|turn|17\n|inactive|Time left: 300 sec this turn | 300 sec total\n|\n|t:|1783566650\n|switch|p1a: Forretress|Forretress, L84, M|94/100\n|move|p2a: Blissey|Seismic Toss|p1a: Forretress\n|-damage|p1a: Forretress|62/100\n|\n|-heal|p1a: Forretress|68/100|[from] item: Leftovers\n|upkeep\n|turn|18\n|inactive|Time left: 300 sec this turn | 300 sec total\n|\n|t:|1783566651\n|move|p2a: Blissey|Seismic Toss|p1a: Forretress\n|-damage|p1a: Forretress|36/100\n|move|p1a: Forretress|Rapid Spin|p2a: Blissey\n|-damage|p2a: Blissey|467/572\n|-boost|p1a: Forretress|spe|1\n|\n|-heal|p1a: Forretress|42/100|[from] item: Leftovers\n|-heal|p2a: Blissey|502/572|[from] item: Leftovers\n|upkeep\n|turn|19\n|inactive|Time left: 300 sec this turn | 300 sec total\n|\n|t:|1783566652\n|move|p1a: Forretress|Iron Head|p2a: Blissey\n|-damage|p2a: Blissey|286/572\n|move|p2a: Blissey|Thunder Wave|p1a: Forretress|[miss]\n|-miss|p2a: Blissey|p1a: Forretress\n|\n|-heal|p1a: Forretress|48/100|[from] item: Leftovers\n|-heal|p2a: Blissey|321/572|[from] item: Leftovers\n|upkeep\n|turn|20\n|inactive|Time left: 300 sec this turn | 300 sec total\n|\n|t:|1783566653\n|move|p1a: Forretress|Iron Head|p2a: Blissey\n|-damage|p2a: Blissey|95/572\n|move|p2a: Blissey|Thunder Wave|p1a: Forretress\n|-status|p1a: Forretress|par\n|\n|-heal|p2a: Blissey|130/572|[from] item: Leftovers\n|-heal|p1a: Forretress|54/100 par|[from] item: Leftovers\n|upkeep\n|turn|21\n|inactive|Time left: 300 sec this turn | 300 sec total\n|\n|t:|1783566654\n|move|p2a: Blissey|Soft-Boiled|p2a: Blissey\n|-heal|p2a: Blissey|416/572\n|move|p1a: Forretress|Iron Head|p2a: Blissey\n|-damage|p2a: Blissey|185/572\n|\n|-heal|p2a: Blissey|220/572|[from] item: Leftovers\n|-heal|p1a: Forretress|60/100 par|[from] item: Leftovers\n|upkeep\n|turn|22\n|inactive|Time left: 300 sec this turn | 300 sec total\n|\n|t:|1783566655\n|move|p2a: Blissey|Soft-Boiled|p2a: Blissey\n|-heal|p2a: Blissey|506/572\n|cant|p1a: Forretress|par\n|\n|-heal|p2a: Blissey|541/572|[from] item: Leftovers\n|-heal|p1a: Forretress|66/100 par|[from] item: Leftovers\n|upkeep\n|turn|23\n|inactive|Time left: 300 sec this turn | 300 sec total\n|\n|t:|1783566656\n|move|p2a: Blissey|Seismic Toss|p1a: Forretress\n|-damage|p1a: Forretress|34/100 par\n|move|p1a: Forretress|Thunder Wave|p2a: Blissey|[miss]\n|-miss|p1a: Forretress|p2a: Blissey\n|\n|-heal|p2a: Blissey|572/572|[from] item: Leftovers\n|-heal|p1a: Forretress|40/100 par|[from] item: Leftovers\n|upkeep\n|turn|24\n|inactive|Time left: 300 sec this turn | 300 sec total\n|\n|t:|1783566657\n|move|p2a: Blissey|Seismic Toss|p1a: Forretress\n|-damage|p1a: Forretress|8/100 par\n|move|p1a: Forretress|Thunder Wave|p2a: Blissey\n|-status|p2a: Blissey|par\n|\n|-heal|p1a: Forretress|14/100 par|[from] item: Leftovers\n|upkeep\n|turn|25\n|inactive|Time left: 300 sec this turn | 300 sec total\n|\n|t:|1783566658\n|cant|p1a: Forretress|par\n|cant|p2a: Blissey|par\n|\n|-heal|p1a: Forretress|20/100 par|[from] item: Leftovers\n|upkeep\n|turn|26\n|inactive|Time left: 300 sec this turn | 300 sec total\n|\n|t:|1783566659\n|cant|p1a: Forretress|par\n|cant|p2a: Blissey|par\n|\n|-heal|p1a: Forretress|26/100 par|[from] item: Leftovers\n|upkeep\n|turn|27\n|inactive|Time left: 300 sec this turn | 300 sec total\n|\n|t:|1783566660\n|move|p1a: Forretress|Iron Head|p2a: Blissey\n|-damage|p2a: Blissey|341/572 par\n|cant|p2a: Blissey|par\n|\n|-heal|p1a: Forretress|32/100 par|[from] item: Leftovers\n|-heal|p2a: Blissey|376/572 par|[from] item: Leftovers\n|upkeep\n|turn|28\n|inactive|Time left: 300 sec this turn | 300 sec total\n|\n|t:|1783566661\n|move|p1a: Forretress|Iron Head|p2a: Blissey\n|-damage|p2a: Blissey|121/572 par\n|move|p2a: Blissey|Soft-Boiled|p2a: Blissey\n|-heal|p2a: Blissey|407/572 par\n|\n|-heal|p1a: Forretress|38/100 par|[from] item: Leftovers\n|-heal|p2a: Blissey|442/572 par|[from] item: Leftovers\n|upkeep\n|turn|29\n|inactive|Time left: 300 sec this turn | 300 sec total\n|\n|t:|1783566662\n|move|p1a: Forretress|Iron Head|p2a: Blissey\n|-damage|p2a: Blissey|226/572 par\n|move|p2a: Blissey|Seismic Toss|p1a: Forretress\n|-damage|p1a: Forretress|6/100 par\n|\n|-heal|p1a: Forretress|12/100 par|[from] item: Leftovers\n|-heal|p2a: Blissey|261/572 par|[from] item: Leftovers\n|upkeep\n|turn|30\n|inactive|Time left: 300 sec this turn | 300 sec total\n|\n|t:|1783566663\n|move|p1a: Forretress|Iron Head|p2a: Blissey\n|-damage|p2a: Blissey|12/572 par\n|cant|p2a: Blissey|flinch\n|\n|-heal|p1a: Forretress|18/100 par|[from] item: Leftovers\n|-heal|p2a: Blissey|47/572 par|[from] item: Leftovers\n|upkeep\n|turn|31\n|inactive|Time left: 300 sec this turn | 300 sec total\n|\n|t:|1783566664\n|move|p1a: Forretress|Iron Head|p2a: Blissey\n|-damage|p2a: Blissey|0 fnt\n|faint|p2a: Blissey\n|\n|win|p0x2296b3f0", "uploadtime": 1783566664, "views": 0, "rating": 0, "private": 0, "password": null, "_winner": "p0x2296b3f0", "_our_name": "p0y22960d38"}