{"id": "battle-gen9randombattle-2280", "formatid": "gen9randombattle", "format": "[Gen 9] Random Battle", "players": ["p0x22803098", "p0y228079de"], "log": "|init|battle\n|title|p0x22803098 vs. p0y228079de\n|j|\u2606p0x22803098\n|j|\u2606p0y228079de\n|t:|1783566430\n|gametype|singles\n|player|p1|p0x22803098|169|\n|player|p2|p0y228079de|266|\n|gen|9\n|tier|[Gen 9] Random Battle\n|rule|Species Clause: Limit one of each Pok\u00e9mon\n|rule|HP Percentage Mod: HP is shown in percentages\n|rule|Sleep Clause Mod: Limit one foe put to sleep\n|rule|Illusion Level Mod: Illusion disguises the Pok\u00e9mon's true level\n|\n|t:|1783566430\n|teamsize|p1|6\n|teamsize|p2|6\n|start\n|switch|p1a: Mabosstiff|Mabosstiff, L86, F|100/100\n|switch|p2a: Hippowdon|Hippowdon, L82, F|311/311\n|-weather|Sandstorm|[from] ability: Sand Stream|[of] p2a: Hippowdon\n|turn|1\n|inactive|Battle timer is ON: inactive players will automatically lose when time's up. (requested by p0x22803098)\n|inactive|Time left: 300 sec this turn | 300 sec total | 60 sec grace\n|\n|t:|1783566431\n|move|p1a: Mabosstiff|Crunch|p2a: Hippowdon\n|-damage|p2a: Hippowdon|187/311\n|move|p2a: Hippowdon|Earthquake|p1a: Mabosstiff\n|-damage|p1a: Mabosstiff|62/100\n|\n|-weather|Sandstorm|[upkeep]\n|-damage|p1a: Mabosstiff|56/100|[from] Sandstorm\n|-heal|p2a: Hippowdon|206/311|[from] item: Leftovers\n|upkeep\n|turn|2\n|inactive|Time left: 300 sec this turn | 300 sec total\n|inactive|p0y228079de also wants the timer to be on.\n|\n|t:|1783566432\n|move|p1a: Mabosstiff|Crunch|p2a: Hippowdon\n|-damage|p2a: Hippowdon|82/311\n|move|p2a: Hippowdon|Slack Off|p2a: Hippowdon\n|-heal|p2a: Hippowdon|238/311\n|\n|-weather|Sandstorm|[upkeep]\n|-damage|p1a: Mabosstiff|50/100|[from] Sandstorm\n|-heal|p2a: Hippowdon|257/311|[from] item: Leftovers\n|upkeep\n|turn|3\n|inactive|Time left: 300 sec this turn | 300 sec total\n|\n|t:|1783566433\n|move|p1a: Mabosstiff|Crunch|p2a: Hippowdon\n|-damage|p2a: Hippowdon|118/311\n|-unboost|p2a: Hippowdon|def|1\n|move|p2a: Hippowdon|Earthquake|p1a: Mabosstiff\n|-damage|p1a: Mabosstiff|11/100\n|\n|-weather|Sandstorm|[upkeep]\n|-damage|p1a: Mabosstiff|5/100|[from] Sandstorm\n|-heal|p2a: Hippowdon|137/311|[from] item: Leftovers\n|upkeep\n|turn|4\n|inactive|Time left: 300 sec this turn | 300 sec total\n|\n|t:|1783566435\n|move|p1a: Mabosstiff|Crunch|p2a: Hippowdon\n|-damage|p2a: Hippowdon|0 fnt\n|faint|p2a: Hippowdon\n|\n|-weather|Sandstorm|[upkeep]\n|-damage|p1a: Mabosstiff|0 fnt|[from] Sandstorm\n|faint|p1a: Mabosstiff\n|upkeep\n|inactive|Time left: 300 sec this turn | 300 sec total | 5 sec grace\n|\n|t:|1783566435\n|switch|p1a: Porygon-Z|Porygon-Z, L83|100/100\n|switch|p2a: Baxcalibur|Baxcalibur, L75, M|295/295\n|turn|5\n|inactive|Time left: 300 sec this turn | 300 sec total\n|\n|t:|1783566436\n|move|p1a: Porygon-Z|Tera Blast|p2a: Baxcalibur\n|-damage|p2a: Baxcalibur|92/295\n|-damage|p1a: Porygon-Z|91/100|[from] item: Life Orb\n|move|p2a: Baxcalibur|Glaive Rush|p1a: Porygon-Z\n|-damage|p1a: Porygon-Z|4/100\n|-singlemove|p2a: Baxcalibur|Glaive Rush|[silent]\n|\n|-weather|none\n|upkeep\n|turn|6\n|inactive|Time left: 300 sec this turn | 300 sec total\n|\n|t:|1783566437\n|move|p1a: Porygon-Z|Tera Blast|p2a: Baxcalibur\n|-damage|p2a: Baxcalibur|0 fnt\n|faint|p2a: Baxcalibur\n|-damage|p1a: Porygon-Z|0 fnt|[from] item: Life Orb\n|faint|p1a: Porygon-Z\n|\n|upkeep\n|inactive|Time left: 300 sec this turn | 300 sec total | 5 sec grace\n|\n|t:|1783566438\n|switch|p1a: Ogerpon|Ogerpon-Wellspring, L76, F|100/100\n|switch|p2a: Ceruledge|Ceruledge, L78, F|245/245\n|turn|7\n|inactive|Time left: 300 sec this turn | 300 sec total\n|\n|t:|1783566439\n|-terastallize|p2a: Ceruledge|Fighting\n|move|p1a: Ogerpon|Ivy Cudgel|p2a: Ceruledge|[anim] Ivy Cudgel Water\n|-damage|p2a: Ceruledge|112/245\n|-ability|p2a: Ceruledge|Weak Armor|boost\n|-unboost|p2a: Ceruledge|def|1\n|-boost|p2a: Ceruledge|spe|2\n|move|p2a: Ceruledge|Swords Dance|p2a: Ceruledge\n|-boost|p2a: Ceruledge|atk|2\n|\n|upkeep\n|turn|8\n|inactive|Time left: 300 sec this turn | 300 sec total\n|\n|t:|1783566440\n|switch|p1a: Banette|Banette, L93, F|100/100\n|move|p2a: Ceruledge|Poltergeist|p1a: Banette\n|-activate|p1a: Banette|move: Poltergeist|Life Orb\n|-supereffective|p1a: Banette\n|-damage|p1a: Banette|0 fnt\n|faint|p1a: Banette\n|\n|upkeep\n|\n|t:|1783566441\n|switch|p1a: Coalossal|Coalossal, L89, F|100/100\n|turn|9\n|inactive|Time left: 300 sec this turn | 300 sec total\n|\n|t:|1783566442\n|-terastallize|p1a: Coalossal|Water\n|move|p2a: Ceruledge|Close Combat|p1a: Coalossal\n|-damage|p1a: Coalossal|43/100\n|-unboost|p2a: Ceruledge|def|1\n|-unboost|p2a: Ceruledge|spd|1\n|-status|p2a: Ceruledge|brn|[from] ability: Flame Body|[of] p1a: Coalossal\n|move|p1a: Coalossal|Overheat|p2a: Ceruledge\n|-damage|p2a: Ceruledge|0 fnt\n|-unboost|p1a: Coalossal|spa|2\n|faint|p2a: Ceruledge\n|\n|upkeep\n|inactive|Time left: 300 sec this turn | 300 sec total | 5 sec grace\n|\n|t:|1783566443\n|switch|p2a: Glaceon|Glaceon, L94, F|275/275\n|turn|10\n|inactive|Time left: 300 sec this turn | 300 sec total\n|\n|t:|1783566444\n|move|p2a: Glaceon|Freeze-Dry|p1a: Coalossal\n|-supereffective|p1a: Coalossal\n|-damage|p1a: Coalossal|0 fnt\n|faint|p1a: Coalossal\n|\n|upkeep\n|\n|t:|1783566445\n|switch|p1a: Squawkabilly|Squawkabilly-Blue, L85, M|100/100\n|turn|11\n|inactive|Time left: 300 sec this turn | 300 sec total\n|\n|t:|1783566446\n|move|p1a: Squawkabilly|Facade|p2a: Glaceon\n|-damage|p2a: Glaceon|217/275\n|move|p2a: Glaceon|Freeze-Dry|p1a: Squawkabilly\n|-supereffective|p1a: Squawkabilly\n|-damage|p1a: Squawkabilly|0 fnt\n|faint|p1a: Squawkabilly\n|\n|upkeep\n|\n|t:|1783566446\n|switch|p1a: Ogerpon|Ogerpon-Wellspring, L76, F|100/100\n|turn|12\n|inactive|Time left: 300 sec this turn | 300 sec total\n|\n|t:|1783566447\n|move|p1a: Ogerpon|Ivy Cudgel|p2a: Glaceon|[anim] Ivy Cudgel Water\n|-damage|p2a: Glaceon|123/275\n|move|p2a: Glaceon|Freeze-Dry|p1a: Ogerpon\n|-supereffective|p1a: Ogerpon\n|-damage|p1a: Ogerpon|0 fnt\n|faint|p1a: Ogerpon\n|\n|win|p0y228079de", "uploadtime": 1783566447, "views": 0, "rating": 0, "private": 0, "password": null, "_winner": "p0y228079de", "_our_name": "p0y228079de"}