{"id": "battle-gen9randombattle-350", "formatid": "gen9randombattle", "format": "[Gen 9] Random Battle", "players": ["p0x350882f", "p0y3507318"], "log": "|init|battle\n|title|p0x350882f vs. p0y3507318\n|j|\u2606p0x350882f\n|j|\u2606p0y3507318\n|t:|1783543712\n|gametype|singles\n|player|p1|p0x350882f|101|\n|player|p2|p0y3507318|2|\n|gen|9\n|tier|[Gen 9] Random Battle\n|rule|Species Clause: Limit one of each Pok\u00e9mon\n|rule|HP Percentage Mod: HP is shown in percentages\n|rule|Sleep Clause Mod: Limit one foe put to sleep\n|rule|Illusion Level Mod: Illusion disguises the Pok\u00e9mon's true level\n|\n|t:|1783543712\n|teamsize|p1|6\n|teamsize|p2|6\n|start\n|switch|p1a: Regice|Regice, L88|284/284\n|switch|p2a: Hydrapple|Hydrapple, L83, F|100/100\n|turn|1\n|inactive|Battle timer is ON: inactive players will automatically lose when time's up. (requested by p0x350882f)\n|inactive|p0y3507318 also wants the timer to be on.\n|\n|t:|1783543713\n|switch|p2a: Passimian|Passimian, L83, M|100/100\n|move|p1a: Regice|Ice Beam|p2a: Passimian\n|-damage|p2a: Passimian|51/100\n|\n|-heal|p2a: Passimian|57/100|[from] item: Leftovers\n|upkeep\n|turn|2\n|inactive|Time left: 300 sec this turn | 300 sec total\n|\n|t:|1783543715\n|switch|p1a: Espathra|Espathra, L80, M|283/283\n|move|p2a: Passimian|Drain Punch|p1a: Espathra\n|-resisted|p1a: Espathra\n|-damage|p1a: Espathra|222/283\n|-heal|p2a: Passimian|68/100|[from] drain|[of] p1a: Espathra\n|\n|-heal|p2a: Passimian|74/100|[from] item: Leftovers\n|upkeep\n|turn|3\n|inactive|Time left: 300 sec this turn | 300 sec total\n|\n|t:|1783543716\n|switch|p2a: Reuniclus|Reuniclus, L88, F|100/100\n|move|p1a: Espathra|Lumina Crash|p2a: Reuniclus\n|-resisted|p2a: Reuniclus\n|-damage|p2a: Reuniclus|83/100\n|-unboost|p2a: Reuniclus|spd|2\n|\n|-ability|p1a: Espathra|Speed Boost|boost\n|-boost|p1a: Espathra|spe|1\n|upkeep\n|turn|4\n|inactive|Time left: 300 sec this turn | 300 sec total\n|\n|t:|1783543718\n|move|p1a: Espathra|Lumina Crash|p2a: Reuniclus\n|-resisted|p2a: Reuniclus\n|-damage|p2a: Reuniclus|50/100\n|-unboost|p2a: Reuniclus|spd|2\n|move|p2a: Reuniclus|Recover|p2a: Reuniclus\n|-heal|p2a: Reuniclus|100/100\n|\n|-ability|p1a: Espathra|Speed Boost|boost\n|-boost|p1a: Espathra|spe|1\n|upkeep\n|turn|5\n|inactive|Time left: 300 sec this turn | 300 sec total\n|\n|t:|1783543719\n|switch|p2a: Hydrapple|Hydrapple, L83, F|100/100\n|move|p1a: Espathra|Lumina Crash|p2a: Hydrapple\n|-damage|p2a: Hydrapple|74/100\n|-unboost|p2a: Hydrapple|spd|2\n|\n|-ability|p1a: Espathra|Speed Boost|boost\n|-boost|p1a: Espathra|spe|1\n|upkeep\n|turn|6\n|inactive|Time left: 300 sec this turn | 300 sec total\n|\n|t:|1783543720\n|switch|p2a: Reuniclus|Reuniclus, L88, F|100/100\n|move|p1a: Espathra|Lumina Crash|p2a: Reuniclus\n|-resisted|p2a: Reuniclus\n|-damage|p2a: Reuniclus|83/100\n|-unboost|p2a: Reuniclus|spd|2\n|\n|-ability|p1a: Espathra|Speed Boost|boost\n|-boost|p1a: Espathra|spe|1\n|upkeep\n|turn|7\n|inactive|Time left: 300 sec this turn | 300 sec total\n|\n|t:|1783543721\n|switch|p2a: Hydrapple|Hydrapple, L83, F|100/100\n|move|p1a: Espathra|Lumina Crash|p2a: Hydrapple\n|-damage|p2a: Hydrapple|72/100\n|-unboost|p2a: Hydrapple|spd|2\n|\n|-ability|p1a: Espathra|Speed Boost|boost\n|-boost|p1a: Espathra|spe|1\n|upkeep\n|turn|8\n|inactive|Time left: 300 sec this turn | 300 sec total\n|\n|t:|1783543722\n|move|p1a: Espathra|Lumina Crash|p2a: Hydrapple\n|-damage|p2a: Hydrapple|15/100\n|-unboost|p2a: Hydrapple|spd|2\n|move|p2a: Hydrapple|Leaf Storm|p1a: Espathra\n|-damage|p1a: Espathra|14/283\n|-unboost|p2a: Hydrapple|spa|2\n|\n|-ability|p1a: Espathra|Speed Boost|boost\n|-boost|p1a: Espathra|spe|1\n|upkeep\n|turn|9\n|inactive|Time left: 300 sec this turn | 300 sec total\n|\n|t:|1783543724\n|switch|p2a: Reuniclus|Reuniclus, L88, F|83/100\n|move|p1a: Espathra|Lumina Crash|p2a: Reuniclus\n|-resisted|p2a: Reuniclus\n|-damage|p2a: Reuniclus|65/100\n|-unboost|p2a: Reuniclus|spd|2\n|\n|upkeep\n|turn|10\n|inactive|Time left: 300 sec this turn | 300 sec total\n|\n|t:|1783543725\n|move|p1a: Espathra|Lumina Crash|p2a: Reuniclus\n|-resisted|p2a: Reuniclus\n|-damage|p2a: Reuniclus|28/100\n|-unboost|p2a: Reuniclus|spd|2\n|move|p2a: Reuniclus|Psyshock|p1a: Espathra\n|-resisted|p1a: Espathra\n|-damage|p1a: Espathra|0 fnt\n|faint|p1a: Espathra\n|\n|upkeep\n|inactive|Time left: 300 sec this turn | 300 sec total | 5 sec grace\n|\n|t:|1783543726\n|switch|p1a: Kyogre|Kyogre, L71|259/259\n|-weather|RainDance|[from] ability: Drizzle|[of] p1a: Kyogre\n|turn|11\n|inactive|Time left: 300 sec this turn | 300 sec total\n|\n|t:|1783543727\n|switch|p2a: Hydrapple|Hydrapple, L83, F|48/100\n|move|p1a: Kyogre|Water Spout|p2a: Hydrapple\n|-resisted|p2a: Hydrapple\n|-damage|p2a: Hydrapple|34/100\n|\n|-weather|RainDance|[upkeep]\n|upkeep\n|turn|12\n|inactive|Time left: 300 sec this turn | 300 sec total\n|\n|t:|1783543728\n|move|p1a: Kyogre|Water Spout|p2a: Hydrapple\n|-resisted|p2a: Hydrapple\n|-crit|p2a: Hydrapple\n|-damage|p2a: Hydrapple|12/100\n|move|p2a: Hydrapple|Leaf Storm|p1a: Kyogre\n|-supereffective|p1a: Kyogre\n|-damage|p1a: Kyogre|5/259\n|-unboost|p2a: Hydrapple|spa|2\n|\n|-weather|RainDance|[upkeep]\n|upkeep\n|turn|13\n|inactive|Time left: 300 sec this turn | 300 sec total\n|\n|t:|1783543729\n|switch|p1a: Oranguru|Oranguru, L92, F|315/315\n|switch|p2a: Passimian|Passimian, L83, M|74/100\n|\n|-weather|RainDance|[upkeep]\n|-heal|p2a: Passimian|80/100|[from] item: Leftovers\n|upkeep\n|turn|14\n|inactive|Time left: 300 sec this turn | 300 sec total\n|\n|t:|1783543730\n|move|p2a: Passimian|Knock Off|p1a: Oranguru\n|-supereffective|p1a: Oranguru\n|-damage|p1a: Oranguru|163/315\n|-enditem|p1a: Oranguru|Leftovers|[from] move: Knock Off|[of] p2a: Passimian\n|move|p1a: Oranguru|Psychic|p2a: Passimian\n|-supereffective|p2a: Passimian\n|-damage|p2a: Passimian|0 fnt\n|faint|p2a: Passimian\n|\n|-weather|RainDance|[upkeep]\n|upkeep\n|\n|t:|1783543732\n|switch|p2a: Reuniclus|Reuniclus, L88, F|28/100\n|turn|15\n|inactive|Time left: 300 sec this turn | 300 sec total\n|\n|t:|1783543733\n|move|p1a: Oranguru|Nasty Plot|p1a: Oranguru\n|-boost|p1a: Oranguru|spa|2\n|move|p2a: Reuniclus|Recover|p2a: Reuniclus\n|-heal|p2a: Reuniclus|78/100\n|\n|-weather|none\n|upkeep\n|turn|16\n|inactive|Time left: 300 sec this turn | 300 sec total\n|\n|t:|1783543734\n|move|p1a: Oranguru|Thunderbolt|p2a: Reuniclus\n|-damage|p2a: Reuniclus|38/100\n|move|p2a: Reuniclus|Calm Mind|p2a: Reuniclus\n|-boost|p2a: Reuniclus|spa|1\n|-boost|p2a: Reuniclus|spd|1\n|\n|upkeep\n|turn|17\n|inactive|Time left: 300 sec this turn | 300 sec total\n|\n|t:|1783543735\n|-terastallize|p1a: Oranguru|Electric\n|move|p1a: Oranguru|Thunderbolt|p2a: Reuniclus\n|-crit|p2a: Reuniclus\n|-damage|p2a: Reuniclus|0 fnt\n|faint|p2a: Reuniclus\n|\n|upkeep\n|\n|t:|1783543736\n|switch|p2a: Sandy Shocks|Sandy Shocks, L80|100/100\n|turn|18\n|inactive|Time left: 300 sec this turn | 300 sec total\n|\n|t:|1783543737\n|move|p2a: Sandy Shocks|Earth Power|p1a: Oranguru\n|-supereffective|p1a: Oranguru\n|-damage|p1a: Oranguru|0 fnt\n|faint|p1a: Oranguru\n|\n|upkeep\n|inactive|Time left: 300 sec this turn | 300 sec total | 5 sec grace\n|\n|t:|1783543738\n|switch|p1a: Sceptile|Sceptile, L87, M|264/264\n|turn|19\n|inactive|Time left: 300 sec this turn | 300 sec total\n|\n|t:|1783543739\n|-end|p2a: Sandy Shocks|Protosynthesis|[silent]\n|switch|p2a: Pecharunt|Pecharunt, L77|100/100\n|move|p1a: Sceptile|Swords Dance|p1a: Sceptile\n|-boost|p1a: Sceptile|atk|2\n|\n|upkeep\n|turn|20\n|inactive|Time left: 300 sec this turn | 300 sec total\n|\n|t:|1783543740\n|move|p1a: Sceptile|Earthquake|p2a: Pecharunt\n|-supereffective|p2a: Pecharunt\n|-damage|p2a: Pecharunt|4/100\n|-damage|p1a: Sceptile|238/264|[from] item: Life Orb\n|move|p2a: Pecharunt|Malignant Chain|p1a: Sceptile\n|-supereffective|p1a: Sceptile\n|-damage|p1a: Sceptile|68/264\n|-status|p1a: Sceptile|tox\n|-start|p1a: Sceptile|confusion|[from] ability: Poison Puppeteer|[of] p2a: Pecharunt\n|\n|-heal|p2a: Pecharunt|10/100|[from] item: Leftovers\n|-damage|p1a: Sceptile|52/264 tox|[from] psn\n|upkeep\n|turn|21\n|inactive|Time left: 300 sec this turn | 300 sec total\n|\n|t:|1783543740\n|-activate|p1a: Sceptile|confusion\n|-damage|p1a: Sceptile|0 fnt|[from] confusion\n|faint|p1a: Sceptile\n|move|p2a: Pecharunt|Recover|p2a: Pecharunt\n|-heal|p2a: Pecharunt|60/100\n|\n|-heal|p2a: Pecharunt|67/100|[from] item: Leftovers\n|upkeep\n|inactive|Time left: 300 sec this turn | 300 sec total | 5 sec grace\n|\n|t:|1783543741\n|switch|p1a: Kyogre|Kyogre, L71|5/259\n|-weather|RainDance|[from] ability: Drizzle|[of] p1a: Kyogre\n|turn|22\n|inactive|Time left: 300 sec this turn | 300 sec total\n|\n|t:|1783543742\n|switch|p2a: Hydrapple|Hydrapple, L83, F|46/100\n|move|p1a: Kyogre|Origin Pulse|p2a: Hydrapple\n|-resisted|p2a: Hydrapple\n|-damage|p2a: Hydrapple|35/100\n|\n|-weather|RainDance|[upkeep]\n|upkeep\n|turn|23\n|inactive|Time left: 300 sec this turn | 300 sec total\n|\n|t:|1783543742\n|move|p1a: Kyogre|Origin Pulse|p2a: Hydrapple\n|-resisted|p2a: Hydrapple\n|-damage|p2a: Hydrapple|24/100\n|move|p2a: Hydrapple|Fickle Beam|p1a: Kyogre\n|-damage|p1a: Kyogre|0 fnt\n|faint|p1a: Kyogre\n|\n|-weather|RainDance|[upkeep]\n|upkeep\n|inactive|Time left: 300 sec this turn | 300 sec total | 5 sec grace\n|\n|t:|1783543743\n|switch|p1a: Regice|Regice, L88|284/284\n|turn|24\n|inactive|Time left: 300 sec this turn | 300 sec total\n|\n|t:|1783543744\n|switch|p2a: Pecharunt|Pecharunt, L77|67/100\n|move|p1a: Regice|Ice Beam|p2a: Pecharunt\n|-damage|p2a: Pecharunt|25/100\n|\n|-weather|RainDance|[upkeep]\n|-heal|p2a: Pecharunt|31/100|[from] item: Leftovers\n|upkeep\n|turn|25\n|inactive|Time left: 300 sec this turn | 300 sec total\n|\n|t:|1783543745\n|move|p2a: Pecharunt|Recover|p2a: Pecharunt\n|-heal|p2a: Pecharunt|81/100\n|move|p1a: Regice|Ice Beam|p2a: Pecharunt\n|-damage|p2a: Pecharunt|39/100\n|-status|p2a: Pecharunt|frz\n|\n|-weather|RainDance|[upkeep]\n|-heal|p2a: Pecharunt|46/100 frz|[from] item: Leftovers\n|upkeep\n|turn|26\n|inactive|Time left: 300 sec this turn | 300 sec total\n|\n|t:|1783543746\n|cant|p2a: Pecharunt|frz\n|move|p1a: Regice|Ice Beam|p2a: Pecharunt\n|-damage|p2a: Pecharunt|0 fnt\n|faint|p2a: Pecharunt\n|\n|-weather|none\n|upkeep\n|\n|t:|1783543746\n|switch|p2a: Hydrapple|Hydrapple, L83, F|58/100\n|turn|27\n|inactive|Time left: 300 sec this turn | 300 sec total\n|\n|t:|1783543747\n|switch|p2a: Gothitelle|Gothitelle, L90, F|100/100\n|move|p1a: Regice|Ice Beam|p2a: Gothitelle\n|-damage|p2a: Gothitelle|69/100\n|\n|upkeep\n|turn|28\n|inactive|Time left: 300 sec this turn | 300 sec total\n|\n|t:|1783543748\n|move|p2a: Gothitelle|Focus Blast|p1a: Regice\n|-supereffective|p1a: Regice\n|-damage|p1a: Regice|182/284\n|move|p1a: Regice|Ice Beam|p2a: Gothitelle\n|-damage|p2a: Gothitelle|34/100\n|\n|upkeep\n|turn|29\n|inactive|Time left: 300 sec this turn | 300 sec total\n|\n|t:|1783543750\n|move|p2a: Gothitelle|Focus Blast|p1a: Regice\n|-supereffective|p1a: Regice\n|-damage|p1a: Regice|88/284\n|move|p1a: Regice|Ice Beam|p2a: Gothitelle\n|-damage|p2a: Gothitelle|6/100\n|\n|upkeep\n|turn|30\n|inactive|Time left: 300 sec this turn | 300 sec total\n|\n|t:|1783543751\n|move|p2a: Gothitelle|Focus Blast|p1a: Regice|[miss]\n|-miss|p2a: Gothitelle|p1a: Regice\n|move|p1a: Regice|Ice Beam|p2a: Gothitelle\n|-damage|p2a: Gothitelle|0 fnt\n|faint|p2a: Gothitelle\n|\n|upkeep\n|\n|t:|1783543752\n|switch|p2a: Sandy Shocks|Sandy Shocks, L80|100/100\n|turn|31\n|inactive|Time left: 300 sec this turn | 300 sec total\n|\n|t:|1783543753\n|move|p2a: Sandy Shocks|Thunderbolt|p1a: Regice\n|-damage|p1a: Regice|40/284\n|move|p1a: Regice|Rest|p1a: Regice\n|-status|p1a: Regice|slp|[from] move: Rest\n|-heal|p1a: Regice|284/284 slp|[silent]\n|\n|upkeep\n|turn|32\n|inactive|Time left: 300 sec this turn | 300 sec total\n|\n|t:|1783543755\n|move|p2a: Sandy Shocks|Earth Power|p1a: Regice\n|-damage|p1a: Regice|229/284 slp\n|cant|p1a: Regice|slp\n|move|p1a: Regice|Sleep Talk|p1a: Regice\n|move|p1a: Regice|Ice Beam|p2a: Sandy Shocks|[from] move: Sleep Talk\n|-supereffective|p2a: Sandy Shocks\n|-damage|p2a: Sandy Shocks|13/100\n|\n|-heal|p2a: Sandy Shocks|19/100|[from] item: Leftovers\n|upkeep\n|turn|33\n|inactive|Time left: 300 sec this turn | 300 sec total\n|\n|t:|1783543756\n|move|p2a: Sandy Shocks|Thunderbolt|p1a: Regice\n|-damage|p1a: Regice|180/284 slp\n|cant|p1a: Regice|slp\n|move|p1a: Regice|Sleep Talk|p1a: Regice\n|move|p1a: Regice|Thunderbolt|p2a: Sandy Shocks|[from] move: Sleep Talk\n|-immune|p2a: Sandy Shocks\n|\n|-heal|p2a: Sandy Shocks|25/100|[from] item: Leftovers\n|upkeep\n|turn|34\n|inactive|Time left: 300 sec this turn | 300 sec total\n|\n|t:|1783543757\n|move|p2a: Sandy Shocks|Earth Power|p1a: Regice\n|-damage|p1a: Regice|125/284 slp\n|-curestatus|p1a: Regice|slp|[msg]\n|move|p1a: Regice|Ice Beam|p2a: Sandy Shocks\n|-supereffective|p2a: Sandy Shocks\n|-damage|p2a: Sandy Shocks|0 fnt\n|faint|p2a: Sandy Shocks\n|-end|p2a: Sandy Shocks|Protosynthesis|[silent]\n|\n|upkeep\n|\n|t:|1783543758\n|switch|p2a: Hydrapple|Hydrapple, L83, F|91/100\n|turn|35\n|inactive|Time left: 300 sec this turn | 300 sec total\n|\n|t:|1783543759\n|-terastallize|p2a: Hydrapple|Steel\n|move|p1a: Regice|Ice Beam|p2a: Hydrapple\n|-resisted|p2a: Hydrapple\n|-damage|p2a: Hydrapple|78/100\n|move|p2a: Hydrapple|Fickle Beam|p1a: Regice\n|-damage|p1a: Regice|79/284\n|\n|upkeep\n|turn|36\n|inactive|Time left: 300 sec this turn | 300 sec total\n|\n|t:|1783543760\n|move|p1a: Regice|Thunderbolt|p2a: Hydrapple\n|-damage|p2a: Hydrapple|61/100\n|move|p2a: Hydrapple|Fickle Beam|p1a: Regice\n|-damage|p1a: Regice|30/284\n|\n|upkeep\n|turn|37\n|inactive|Time left: 300 sec this turn | 300 sec total\n|\n|t:|1783543761\n|move|p1a: Regice|Thunderbolt|p2a: Hydrapple\n|-damage|p2a: Hydrapple|45/100\n|move|p2a: Hydrapple|Fickle Beam|p1a: Regice\n|-damage|p1a: Regice|0 fnt\n|faint|p1a: Regice\n|\n|upkeep\n|inactive|Time left: 300 sec this turn | 300 sec total | 5 sec grace\n|\n|t:|1783543762\n|switch|p1a: Incineroar|Incineroar, L82, F|290/290\n|-ability|p1a: Incineroar|Intimidate|boost\n|-unboost|p2a: Hydrapple|atk|1\n|turn|38\n|inactive|Time left: 300 sec this turn | 300 sec total\n|\n|t:|1783543763\n|move|p1a: Incineroar|Earthquake|p2a: Hydrapple\n|-supereffective|p2a: Hydrapple\n|-damage|p2a: Hydrapple|0 fnt\n|faint|p2a: Hydrapple\n|\n|win|p0x350882f", "uploadtime": 1783543763, "views": 0, "rating": 0, "private": 0, "password": null, "_winner": "p0x350882f", "_our_name": "p0x350882f"}