{"id": "battle-gen9randombattle-2367", "formatid": "gen9randombattle", "format": "[Gen 9] Random Battle", "players": ["p0x236798ad", "p0y2367055c"], "log": "|init|battle\n|title|p0x236798ad vs. p0y2367055c\n|j|\u2606p0x236798ad\n|j|\u2606p0y2367055c\n|t:|1783566460\n|gametype|singles\n|player|p1|p0x236798ad|265|\n|player|p2|p0y2367055c|169|\n|gen|9\n|tier|[Gen 9] Random Battle\n|rule|Species Clause: Limit one of each Pok\u00e9mon\n|rule|HP Percentage Mod: HP is shown in percentages\n|rule|Sleep Clause Mod: Limit one foe put to sleep\n|rule|Illusion Level Mod: Illusion disguises the Pok\u00e9mon's true level\n|\n|t:|1783566460\n|teamsize|p1|6\n|teamsize|p2|6\n|start\n|switch|p1a: Diancie|Diancie, L82|100/100\n|switch|p2a: Pikachu|Pikachu-Partner, L93, M|216/216\n|turn|1\n|inactive|Battle timer is ON: inactive players will automatically lose when time's up. (requested by p0x236798ad)\n|inactive|Time left: 300 sec this turn | 300 sec total | 60 sec grace\n|inactive|p0y2367055c also wants the timer to be on.\n|\n|t:|1783566461\n|move|p2a: Pikachu|Surf|p1a: Diancie\n|-supereffective|p1a: Diancie\n|-damage|p1a: Diancie|39/100\n|move|p1a: Diancie|Diamond Storm|p2a: Pikachu\n|-damage|p2a: Pikachu|45/216\n|-boost|p1a: Diancie|def|2\n|\n|-heal|p1a: Diancie|45/100|[from] item: Leftovers\n|upkeep\n|turn|2\n|inactive|Time left: 300 sec this turn | 300 sec total\n|\n|t:|1783566462\n|-terastallize|p1a: Diancie|Fighting\n|move|p2a: Pikachu|Surf|p1a: Diancie\n|-damage|p1a: Diancie|14/100\n|move|p1a: Diancie|Body Press|p2a: Pikachu\n|-damage|p2a: Pikachu|0 fnt\n|faint|p2a: Pikachu\n|\n|-heal|p1a: Diancie|20/100|[from] item: Leftovers\n|upkeep\n|inactive|Time left: 300 sec this turn | 300 sec total | 5 sec grace\n|\n|t:|1783566463\n|switch|p2a: Urshifu|Urshifu-Rapid-Strike, L75, F|274/274\n|turn|3\n|inactive|Time left: 300 sec this turn | 300 sec total\n|\n|t:|1783566465\n|move|p2a: Urshifu|Surging Strikes|p1a: Diancie\n|-crit|p1a: Diancie\n|-damage|p1a: Diancie|0 fnt\n|faint|p1a: Diancie\n|-hitcount|p1: Diancie|1\n|\n|upkeep\n|\n|t:|1783566466\n|switch|p1a: Ariados|Ariados, L95, M|100/100\n|turn|4\n|inactive|Time left: 300 sec this turn | 300 sec total\n|\n|t:|1783566467\n|move|p2a: Urshifu|Surging Strikes|p1a: Ariados\n|-crit|p1a: Ariados\n|-damage|p1a: Ariados|79/100\n|-crit|p1a: Ariados\n|-damage|p1a: Ariados|55/100\n|-crit|p1a: Ariados\n|-damage|p1a: Ariados|32/100\n|-hitcount|p1a: Ariados|3\n|move|p1a: Ariados|Sticky Web|p2a: Urshifu\n|-sidestart|p2: p0y2367055c|move: Sticky Web\n|\n|upkeep\n|turn|5\n|inactive|Time left: 300 sec this turn | 300 sec total\n|\n|t:|1783566468\n|switch|p1a: Swanna|Swanna, L89, M|100/100\n|move|p2a: Urshifu|Surging Strikes|p1a: Swanna\n|-resisted|p1a: Swanna\n|-crit|p1a: Swanna\n|-damage|p1a: Swanna|86/100\n|-resisted|p1a: Swanna\n|-crit|p1a: Swanna\n|-damage|p1a: Swanna|71/100\n|-resisted|p1a: Swanna\n|-crit|p1a: Swanna\n|-damage|p1a: Swanna|58/100\n|-hitcount|p1a: Swanna|3\n|\n|upkeep\n|turn|6\n|inactive|Time left: 300 sec this turn | 300 sec total\n|\n|t:|1783566469\n|move|p1a: Swanna|Knock Off|p2a: Urshifu\n|-resisted|p2a: Urshifu\n|-damage|p2a: Urshifu|239/274\n|-enditem|p2a: Urshifu|Choice Band|[from] move: Knock Off|[of] p1a: Swanna\n|move|p2a: Urshifu|Surging Strikes|p1a: Swanna\n|-resisted|p1a: Swanna\n|-crit|p1a: Swanna\n|-damage|p1a: Swanna|49/100\n|-resisted|p1a: Swanna\n|-crit|p1a: Swanna\n|-damage|p1a: Swanna|41/100\n|-resisted|p1a: Swanna\n|-crit|p1a: Swanna\n|-damage|p1a: Swanna|31/100\n|-hitcount|p1a: Swanna|3\n|\n|upkeep\n|turn|7\n|inactive|Time left: 300 sec this turn | 300 sec total\n|\n|t:|1783566470\n|switch|p2a: Malamar|Malamar, L82, M|275/275\n|-activate|p2a: Malamar|move: Sticky Web\n|-boost|p2a: Malamar|spe|1\n|move|p1a: Swanna|Roost|p1a: Swanna\n|-heal|p1a: Swanna|81/100\n|-singleturn|p1a: Swanna|move: Roost\n|\n|upkeep\n|turn|8\n|inactive|Time left: 300 sec this turn | 300 sec total\n|\n|t:|1783566471\n|move|p2a: Malamar|Superpower|p1a: Swanna\n|-resisted|p1a: Swanna\n|-damage|p1a: Swanna|64/100\n|-boost|p2a: Malamar|atk|1\n|-boost|p2a: Malamar|def|1\n|move|p1a: Swanna|Roost|p1a: Swanna\n|-heal|p1a: Swanna|100/100\n|-singleturn|p1a: Swanna|move: Roost\n|\n|upkeep\n|turn|9\n|inactive|Time left: 300 sec this turn | 300 sec total\n|\n|t:|1783566472\n|move|p2a: Malamar|Superpower|p1a: Swanna\n|-resisted|p1a: Swanna\n|-damage|p1a: Swanna|75/100\n|-boost|p2a: Malamar|atk|1\n|-boost|p2a: Malamar|def|1\n|move|p1a: Swanna|Roost|p1a: Swanna\n|-heal|p1a: Swanna|100/100\n|-singleturn|p1a: Swanna|move: Roost\n|\n|upkeep\n|turn|10\n|inactive|Time left: 300 sec this turn | 300 sec total\n|\n|t:|1783566473\n|move|p2a: Malamar|Superpower|p1a: Swanna\n|-resisted|p1a: Swanna\n|-damage|p1a: Swanna|68/100\n|-boost|p2a: Malamar|atk|1\n|-boost|p2a: Malamar|def|1\n|move|p1a: Swanna|Roost|p1a: Swanna\n|-heal|p1a: Swanna|100/100\n|-singleturn|p1a: Swanna|move: Roost\n|\n|upkeep\n|turn|11\n|inactive|Time left: 300 sec this turn | 300 sec total\n|\n|t:|1783566474\n|switch|p1a: Ariados|Ariados, L95, M|32/100\n|move|p2a: Malamar|Knock Off|p1a: Ariados\n|-damage|p1a: Ariados|0 fnt\n|-enditem|p1a: Ariados|Heavy-Duty Boots|[from] move: Knock Off|[of] p2a: Malamar\n|faint|p1a: Ariados\n|\n|upkeep\n|\n|t:|1783566474\n|switch|p1a: Malamar|Malamar, L82, F|100/100\n|turn|12\n|inactive|Time left: 300 sec this turn | 300 sec total\n|\n|t:|1783566475\n|move|p2a: Malamar|Knock Off|p1a: Malamar\n|-damage|p1a: Malamar|13/100\n|-enditem|p1a: Malamar|Chesto Berry|[from] move: Knock Off|[of] p2a: Malamar\n|move|p1a: Malamar|Rest|p1a: Malamar\n|-status|p1a: Malamar|slp|[from] move: Rest\n|-heal|p1a: Malamar|100/100 slp|[silent]\n|\n|upkeep\n|turn|13\n|inactive|Time left: 300 sec this turn | 300 sec total\n|\n|t:|1783566476\n|move|p2a: Malamar|Knock Off|p1a: Malamar\n|-damage|p1a: Malamar|43/100 slp\n|cant|p1a: Malamar|slp\n|\n|upkeep\n|turn|14\n|inactive|Time left: 300 sec this turn | 300 sec total\n|\n|t:|1783566477\n|move|p2a: Malamar|Superpower|p1a: Malamar\n|-damage|p1a: Malamar|0 fnt\n|-boost|p2a: Malamar|atk|1\n|-boost|p2a: Malamar|def|1\n|faint|p1a: Malamar\n|\n|upkeep\n|\n|t:|1783566478\n|switch|p1a: Gengar|Gengar, L81, F|100/100\n|turn|15\n|inactive|Time left: 300 sec this turn | 300 sec total\n|\n|t:|1783566479\n|switch|p1a: Iron Treads|Iron Treads, L77|100/100\n|move|p2a: Malamar|Knock Off|p1a: Iron Treads\n|-damage|p1a: Iron Treads|11/100\n|-enditem|p1a: Iron Treads|Assault Vest|[from] move: Knock Off|[of] p2a: Malamar\n|\n|upkeep\n|turn|16\n|inactive|Time left: 300 sec this turn | 300 sec total\n|\n|t:|1783566480\n|move|p2a: Malamar|Knock Off|p1a: Iron Treads\n|-damage|p1a: Iron Treads|0 fnt\n|faint|p1a: Iron Treads\n|-end|p1a: Iron Treads|Quark Drive|[silent]\n|\n|upkeep\n|\n|t:|1783566480\n|switch|p1a: Gengar|Gengar, L81, F|100/100\n|turn|17\n|inactive|Time left: 300 sec this turn | 300 sec total\n|\n|t:|1783566481\n|move|p2a: Malamar|Knock Off|p1a: Gengar\n|-supereffective|p1a: Gengar\n|-damage|p1a: Gengar|0 fnt\n|-start|p2a: Malamar|Disable|Knock Off|[from] ability: Cursed Body|[of] p1a: Gengar\n|-enditem|p1a: Gengar|Life Orb|[from] move: Knock Off|[of] p2a: Malamar\n|faint|p1a: Gengar\n|\n|upkeep\n|\n|t:|1783566482\n|switch|p1a: Swanna|Swanna, L89, M|100/100\n|turn|18\n|inactive|Time left: 300 sec this turn | 300 sec total\n|\n|t:|1783566483\n|switch|p2a: Regice|Regice, L88|284/284\n|move|p1a: Swanna|Brave Bird|p2a: Regice\n|-damage|p2a: Regice|176/284\n|-damage|p1a: Swanna|88/100|[from] Recoil\n|\n|upkeep\n|turn|19\n|inactive|Time left: 300 sec this turn | 300 sec total\n|\n|t:|1783566484\n|-terastallize|p2a: Regice|Electric\n|move|p1a: Swanna|Roost|p1a: Swanna\n|-heal|p1a: Swanna|100/100\n|-singleturn|p1a: Swanna|move: Roost\n|move|p2a: Regice|Thunderbolt|p1a: Swanna\n|-supereffective|p1a: Swanna\n|-damage|p1a: Swanna|1/100\n|\n|upkeep\n|turn|20\n|inactive|Time left: 300 sec this turn | 300 sec total\n|\n|t:|1783566485\n|move|p1a: Swanna|Roost|p1a: Swanna\n|-heal|p1a: Swanna|51/100\n|-singleturn|p1a: Swanna|move: Roost\n|move|p2a: Regice|Thunderbolt|p1a: Swanna\n|-supereffective|p1a: Swanna\n|-damage|p1a: Swanna|0 fnt\n|faint|p1a: Swanna\n|\n|win|p0y2367055c", "uploadtime": 1783566485, "views": 0, "rating": 0, "private": 0, "password": null, "_winner": "p0y2367055c", "_our_name": "p0y2367055c"}