{"id": "battle-gen9randombattle-732", "formatid": "gen9randombattle", "format": "[Gen 9] Random Battle", "players": ["p0x732bbe6", "p0y7320bdb"], "log": "|init|battle\n|title|p0x732bbe6 vs. p0y7320bdb\n|j|\u2606p0x732bbe6\n|j|\u2606p0y7320bdb\n|t:|1783548317\n|gametype|singles\n|player|p1|p0x732bbe6|101|\n|player|p2|p0y7320bdb|102|\n|gen|9\n|tier|[Gen 9] Random Battle\n|rule|Species Clause: Limit one of each Pok\u00e9mon\n|rule|HP Percentage Mod: HP is shown in percentages\n|rule|Sleep Clause Mod: Limit one foe put to sleep\n|rule|Illusion Level Mod: Illusion disguises the Pok\u00e9mon's true level\n|\n|t:|1783548317\n|teamsize|p1|6\n|teamsize|p2|6\n|start\n|switch|p1a: Houndoom|Houndoom, L87, F|272/272\n|switch|p2a: Luvdisc|Luvdisc, F|100/100\n|turn|1\n|inactive|Battle timer is ON: inactive players will automatically lose when time's up. (requested by p0x732bbe6)\n|inactive|p0y7320bdb also wants the timer to be on.\n|\n|t:|1783548319\n|move|p2a: Luvdisc|Surf|p1a: Houndoom\n|-supereffective|p1a: Houndoom\n|-damage|p1a: Houndoom|122/272\n|move|p1a: Houndoom|Nasty Plot|p1a: Houndoom\n|-boost|p1a: Houndoom|spa|2\n|\n|upkeep\n|turn|2\n|inactive|Time left: 300 sec this turn | 300 sec total\n|\n|t:|1783548320\n|-terastallize|p1a: Houndoom|Poison\n|move|p2a: Luvdisc|Surf|p1a: Houndoom\n|-damage|p1a: Houndoom|44/272\n|move|p1a: Houndoom|Sludge Bomb|p2a: Luvdisc\n|-damage|p2a: Luvdisc|2/100\n|-status|p2a: Luvdisc|psn\n|\n|-damage|p2a: Luvdisc|0 fnt|[from] psn\n|faint|p2a: Luvdisc\n|upkeep\n|\n|t:|1783548321\n|switch|p2a: Dodrio|Dodrio, L85, M|100/100\n|turn|3\n|inactive|Time left: 300 sec this turn | 300 sec total\n|\n|t:|1783548322\n|move|p2a: Dodrio|Brave Bird|p1a: Houndoom\n|-damage|p1a: Houndoom|0 fnt\n|faint|p1a: Houndoom\n|-damage|p2a: Dodrio|94/100|[from] Recoil\n|\n|upkeep\n|inactive|Time left: 300 sec this turn | 300 sec total | 5 sec grace\n|\n|t:|1783548323\n|switch|p1a: Zebstrika|Zebstrika, L87, M|272/272\n|turn|4\n|inactive|Time left: 300 sec this turn | 300 sec total\n|\n|t:|1783548324\n|switch|p2a: Krookodile|Krookodile, L79, F|100/100\n|-ability|p2a: Krookodile|Intimidate|boost\n|-unboost|p1a: Zebstrika|atk|1\n|move|p1a: Zebstrika|Supercell Slam|p2a: Krookodile\n|-immune|p2a: Krookodile\n|-damage|p1a: Zebstrika|136/272|[from] supercellslam\n|\n|upkeep\n|turn|5\n|inactive|Time left: 300 sec this turn | 300 sec total\n|\n|t:|1783548325\n|switch|p1a: Weezing|Weezing-Galar, L86, F|252/252\n|move|p2a: Krookodile|Bulk Up|p2a: Krookodile\n|-boost|p2a: Krookodile|atk|1\n|-boost|p2a: Krookodile|def|1\n|\n|upkeep\n|turn|6\n|inactive|Time left: 300 sec this turn | 300 sec total\n|\n|t:|1783548326\n|move|p2a: Krookodile|Knock Off|p1a: Weezing\n|-resisted|p1a: Weezing\n|-damage|p1a: Weezing|195/252\n|-enditem|p1a: Weezing|Leftovers|[from] move: Knock Off|[of] p2a: Krookodile\n|move|p1a: Weezing|Will-O-Wisp|p2a: Krookodile\n|-status|p2a: Krookodile|brn\n|\n|-damage|p2a: Krookodile|94/100 brn|[from] brn\n|upkeep\n|turn|7\n|inactive|Time left: 300 sec this turn | 300 sec total\n|\n|t:|1783548327\n|move|p2a: Krookodile|Gunk Shot|p1a: Weezing\n|-damage|p1a: Weezing|149/252\n|move|p1a: Weezing|Strange Steam|p2a: Krookodile\n|-supereffective|p2a: Krookodile\n|-damage|p2a: Krookodile|6/100 brn\n|\n|-heal|p2a: Krookodile|12/100 brn|[from] item: Leftovers\n|-damage|p2a: Krookodile|6/100 brn|[from] brn\n|upkeep\n|turn|8\n|inactive|Time left: 300 sec this turn | 300 sec total\n|\n|t:|1783548328\n|switch|p2a: Chimecho|Chimecho, L93, F|100/100\n|move|p1a: Weezing|Gunk Shot|p2a: Chimecho\n|-damage|p2a: Chimecho|62/100\n|-status|p2a: Chimecho|psn\n|\n|-heal|p2a: Chimecho|68/100 psn|[from] item: Leftovers\n|-damage|p2a: Chimecho|56/100 psn|[from] psn\n|upkeep\n|turn|9\n|inactive|Time left: 300 sec this turn | 300 sec total\n|\n|t:|1783548329\n|switch|p1a: Mew|Mew, L82|298/298\n|move|p2a: Chimecho|Recover|p2a: Chimecho\n|-heal|p2a: Chimecho|100/100 psn\n|\n|-damage|p2a: Chimecho|88/100 psn|[from] psn\n|upkeep\n|turn|10\n|inactive|Time left: 300 sec this turn | 300 sec total\n|\n|t:|1783548330\n|switch|p2a: Dodrio|Dodrio, L85, M|94/100\n|move|p1a: Mew|Stealth Rock|p2a: Dodrio\n|-sidestart|p2: p0y7320bdb|move: Stealth Rock\n|\n|upkeep\n|turn|11\n|inactive|Time left: 300 sec this turn | 300 sec total\n|\n|t:|1783548331\n|move|p2a: Dodrio|Brave Bird|p1a: Mew\n|-damage|p1a: Mew|93/298\n|-damage|p2a: Dodrio|66/100|[from] Recoil\n|move|p1a: Mew|Will-O-Wisp|p2a: Dodrio\n|-status|p2a: Dodrio|brn\n|\n|-heal|p1a: Mew|111/298|[from] item: Leftovers\n|-damage|p2a: Dodrio|60/100 brn|[from] brn\n|upkeep\n|turn|12\n|inactive|Time left: 300 sec this turn | 300 sec total\n|\n|t:|1783548332\n|move|p2a: Dodrio|Brave Bird|p1a: Mew\n|-damage|p1a: Mew|13/298\n|-damage|p2a: Dodrio|47/100 brn|[from] Recoil\n|move|p1a: Mew|Psychic|p2a: Dodrio\n|-crit|p2a: Dodrio\n|-damage|p2a: Dodrio|0 fnt\n|faint|p2a: Dodrio\n|\n|-heal|p1a: Mew|31/298|[from] item: Leftovers\n|upkeep\n|\n|t:|1783548334\n|switch|p2a: Whiscash|Whiscash, L88, F|100/100\n|-damage|p2a: Whiscash|94/100|[from] Stealth Rock\n|turn|13\n|inactive|Time left: 300 sec this turn | 300 sec total\n|\n|t:|1783548335\n|move|p1a: Mew|Will-O-Wisp|p2a: Whiscash\n|-status|p2a: Whiscash|brn\n|move|p2a: Whiscash|Earthquake|p1a: Mew\n|-damage|p1a: Mew|0 fnt\n|faint|p1a: Mew\n|\n|-heal|p2a: Whiscash|100/100 brn|[from] item: Leftovers\n|-damage|p2a: Whiscash|94/100 brn|[from] brn\n|upkeep\n|inactive|Time left: 300 sec this turn | 300 sec total | 5 sec grace\n|\n|t:|1783548336\n|switch|p1a: Volbeat|Volbeat, L90, M|263/263\n|turn|14\n|inactive|Time left: 300 sec this turn | 300 sec total\n|\n|t:|1783548337\n|move|p1a: Volbeat|Lunge|p2a: Whiscash\n|-damage|p2a: Whiscash|70/100 brn\n|-unboost|p2a: Whiscash|atk|1\n|move|p2a: Whiscash|Hydro Pump|p1a: Volbeat\n|-damage|p1a: Volbeat|164/263\n|\n|-heal|p2a: Whiscash|76/100 brn|[from] item: Leftovers\n|-damage|p2a: Whiscash|70/100 brn|[from] brn\n|upkeep\n|turn|15\n|inactive|Time left: 300 sec this turn | 300 sec total\n|\n|t:|1783548338\n|switch|p2a: Krookodile|Krookodile, L79, F|6/100 brn\n|-damage|p2a: Krookodile|0 fnt|[from] Stealth Rock\n|faint|p2a: Krookodile\n|move|p1a: Volbeat|Lunge|p2: Krookodile|[notarget]\n|-fail|p1a: Volbeat\n|\n|upkeep\n|\n|t:|1783548339\n|switch|p2a: Bellibolt|Bellibolt, L84, M|100/100\n|-damage|p2a: Bellibolt|88/100|[from] Stealth Rock\n|turn|16\n|inactive|Time left: 300 sec this turn | 300 sec total\n|\n|t:|1783548340\n|move|p1a: Volbeat|Lunge|p2a: Bellibolt\n|-damage|p2a: Bellibolt|61/100\n|-unboost|p2a: Bellibolt|atk|1\n|-start|p2a: Bellibolt|Charge|Lunge|[from] ability: Electromorphosis\n|move|p2a: Bellibolt|Thunderbolt|p1a: Volbeat\n|-damage|p1a: Volbeat|0 fnt\n|faint|p1a: Volbeat\n|-end|p2a: Bellibolt|Charge|[silent]\n|\n|-heal|p2a: Bellibolt|68/100|[from] item: Leftovers\n|upkeep\n|inactive|Time left: 300 sec this turn | 300 sec total | 5 sec grace\n|\n|t:|1783548341\n|switch|p1a: Quagsire|Quagsire, L84, F|297/297\n|turn|17\n|inactive|Time left: 300 sec this turn | 300 sec total\n|\n|t:|1783548342\n|switch|p2a: Chimecho|Chimecho, L93, F|88/100 psn\n|-damage|p2a: Chimecho|76/100 psn|[from] Stealth Rock\n|move|p1a: Quagsire|Earthquake|p2a: Chimecho\n|-immune|p2a: Chimecho|[from] ability: Levitate\n|\n|-heal|p2a: Chimecho|82/100 psn|[from] item: Leftovers\n|-damage|p2a: Chimecho|69/100 psn|[from] psn\n|upkeep\n|turn|18\n|inactive|Time left: 300 sec this turn | 300 sec total\n|\n|t:|1783548343\n|move|p2a: Chimecho|Cosmic Power|p2a: Chimecho\n|-boost|p2a: Chimecho|def|1\n|-boost|p2a: Chimecho|spd|1\n|move|p1a: Quagsire|Spikes|p2a: Chimecho\n|-sidestart|p2: p0y7320bdb|Spikes\n|\n|-heal|p2a: Chimecho|76/100 psn|[from] item: Leftovers\n|-damage|p2a: Chimecho|63/100 psn|[from] psn\n|upkeep\n|turn|19\n|inactive|Time left: 300 sec this turn | 300 sec total\n|\n|t:|1783548344\n|move|p2a: Chimecho|Cosmic Power|p2a: Chimecho\n|-boost|p2a: Chimecho|def|1\n|-boost|p2a: Chimecho|spd|1\n|move|p1a: Quagsire|Spikes|p2a: Chimecho\n|-sidestart|p2: p0y7320bdb|Spikes\n|\n|-heal|p2a: Chimecho|69/100 psn|[from] item: Leftovers\n|-damage|p2a: Chimecho|57/100 psn|[from] psn\n|upkeep\n|turn|20\n|inactive|Time left: 300 sec this turn | 300 sec total\n|\n|t:|1783548345\n|move|p2a: Chimecho|Stored Power|p1a: Quagsire\n|-damage|p1a: Quagsire|147/297\n|move|p1a: Quagsire|Recover|p1a: Quagsire\n|-heal|p1a: Quagsire|296/297\n|\n|-heal|p2a: Chimecho|63/100 psn|[from] item: Leftovers\n|-heal|p1a: Quagsire|297/297|[from] item: Leftovers\n|-damage|p2a: Chimecho|51/100 psn|[from] psn\n|upkeep\n|turn|21\n|inactive|Time left: 300 sec this turn | 300 sec total\n|\n|t:|1783548346\n|move|p2a: Chimecho|Recover|p2a: Chimecho\n|-heal|p2a: Chimecho|100/100 psn\n|move|p1a: Quagsire|Recover||[still]\n|-fail|p1a: Quagsire|heal\n|\n|-damage|p2a: Chimecho|88/100 psn|[from] psn\n|upkeep\n|turn|22\n|inactive|Time left: 300 sec this turn | 300 sec total\n|\n|t:|1783548347\n|move|p2a: Chimecho|Stored Power|p1a: Quagsire\n|-damage|p1a: Quagsire|140/297\n|move|p1a: Quagsire|Recover|p1a: Quagsire\n|-heal|p1a: Quagsire|289/297\n|\n|-heal|p2a: Chimecho|94/100 psn|[from] item: Leftovers\n|-heal|p1a: Quagsire|297/297|[from] item: Leftovers\n|-damage|p2a: Chimecho|82/100 psn|[from] psn\n|upkeep\n|turn|23\n|inactive|Time left: 300 sec this turn | 300 sec total\n|\n|t:|1783548349\n|move|p2a: Chimecho|Stored Power|p1a: Quagsire\n|-damage|p1a: Quagsire|129/297\n|move|p1a: Quagsire|Recover|p1a: Quagsire\n|-heal|p1a: Quagsire|278/297\n|\n|-heal|p2a: Chimecho|88/100 psn|[from] item: Leftovers\n|-heal|p1a: Quagsire|296/297|[from] item: Leftovers\n|-damage|p2a: Chimecho|76/100 psn|[from] psn\n|upkeep\n|turn|24\n|inactive|Time left: 300 sec this turn | 300 sec total\n|\n|t:|1783548350\n|move|p2a: Chimecho|Stored Power|p1a: Quagsire\n|-damage|p1a: Quagsire|127/297\n|move|p1a: Quagsire|Recover|p1a: Quagsire\n|-heal|p1a: Quagsire|276/297\n|\n|-heal|p2a: Chimecho|82/100 psn|[from] item: Leftovers\n|-heal|p1a: Quagsire|294/297|[from] item: Leftovers\n|-damage|p2a: Chimecho|69/100 psn|[from] psn\n|upkeep\n|turn|25\n|inactive|Time left: 300 sec this turn | 300 sec total\n|\n|t:|1783548351\n|move|p2a: Chimecho|Stored Power|p1a: Quagsire\n|-damage|p1a: Quagsire|131/297\n|move|p1a: Quagsire|Recover|p1a: Quagsire\n|-heal|p1a: Quagsire|280/297\n|\n|-heal|p2a: Chimecho|76/100 psn|[from] item: Leftovers\n|-heal|p1a: Quagsire|297/297|[from] item: Leftovers\n|-damage|p2a: Chimecho|63/100 psn|[from] psn\n|upkeep\n|turn|26\n|inactive|Time left: 300 sec this turn | 300 sec total\n|\n|t:|1783548352\n|move|p2a: Chimecho|Stored Power|p1a: Quagsire\n|-damage|p1a: Quagsire|140/297\n|move|p1a: Quagsire|Recover|p1a: Quagsire\n|-heal|p1a: Quagsire|289/297\n|\n|-heal|p2a: Chimecho|69/100 psn|[from] item: Leftovers\n|-heal|p1a: Quagsire|297/297|[from] item: Leftovers\n|-damage|p2a: Chimecho|57/100 psn|[from] psn\n|upkeep\n|turn|27\n|inactive|Time left: 300 sec this turn | 300 sec total\n|\n|t:|1783548353\n|move|p2a: Chimecho|Stored Power|p1a: Quagsire\n|-damage|p1a: Quagsire|149/297\n|move|p1a: Quagsire|Recover|p1a: Quagsire\n|-heal|p1a: Quagsire|297/297\n|\n|-heal|p2a: Chimecho|63/100 psn|[from] item: Leftovers\n|-damage|p2a: Chimecho|51/100 psn|[from] psn\n|upkeep\n|turn|28\n|inactive|Time left: 300 sec this turn | 300 sec total\n|\n|t:|1783548355\n|move|p2a: Chimecho|Stored Power|p1a: Quagsire\n|-damage|p1a: Quagsire|147/297\n|move|p1a: Quagsire|Spikes|p2a: Chimecho\n|-sidestart|p2: p0y7320bdb|Spikes\n|\n|-heal|p2a: Chimecho|57/100 psn|[from] item: Leftovers\n|-heal|p1a: Quagsire|165/297|[from] item: Leftovers\n|-damage|p2a: Chimecho|45/100 psn|[from] psn\n|upkeep\n|turn|29\n|inactive|Time left: 300 sec this turn | 300 sec total\n|\n|t:|1783548356\n|move|p2a: Chimecho|Stored Power|p1a: Quagsire\n|-damage|p1a: Quagsire|0 fnt\n|faint|p1a: Quagsire\n|\n|-heal|p2a: Chimecho|51/100 psn|[from] item: Leftovers\n|-damage|p2a: Chimecho|38/100 psn|[from] psn\n|upkeep\n|inactive|Time left: 300 sec this turn | 300 sec total | 5 sec grace\n|\n|t:|1783548357\n|switch|p1a: Zebstrika|Zebstrika, L87, M|136/272\n|turn|30\n|inactive|Time left: 300 sec this turn | 300 sec total\n|\n|t:|1783548357\n|move|p1a: Zebstrika|Volt Switch|p2a: Chimecho\n|-damage|p2a: Chimecho|24/100 psn\n|-damage|p1a: Zebstrika|109/272|[from] item: Life Orb\n|inactive|Time left: 300 sec this turn | 300 sec total | 5 sec grace\n|\n|t:|1783548358\n|switch|p1a: Weezing|Weezing-Galar, L86, F|149/252|[from] Volt Switch\n|move|p2a: Chimecho|Recover|p2a: Chimecho\n|-heal|p2a: Chimecho|74/100 psn\n|\n|-heal|p2a: Chimecho|80/100 psn|[from] item: Leftovers\n|-damage|p2a: Chimecho|67/100 psn|[from] psn\n|upkeep\n|turn|31\n|inactive|Time left: 300 sec this turn | 300 sec total\n|\n|t:|1783548359\n|switch|p1a: Zebstrika|Zebstrika, L87, M|109/272\n|-terastallize|p2a: Chimecho|Steel\n|move|p2a: Chimecho|Stored Power|p1a: Zebstrika\n|-damage|p1a: Zebstrika|0 fnt\n|faint|p1a: Zebstrika\n|\n|-heal|p2a: Chimecho|74/100 psn|[from] item: Leftovers\n|-damage|p2a: Chimecho|61/100 psn|[from] psn\n|upkeep\n|inactive|Time left: 300 sec this turn | 300 sec total | 5 sec grace\n|\n|t:|1783548360\n|switch|p1a: Weezing|Weezing-Galar, L86, F|149/252\n|turn|32\n|inactive|Time left: 300 sec this turn | 300 sec total\n|\n|t:|1783548361\n|move|p2a: Chimecho|Stored Power|p1a: Weezing\n|-supereffective|p1a: Weezing\n|-damage|p1a: Weezing|0 fnt\n|faint|p1a: Weezing\n|\n|win|p0y7320bdb", "uploadtime": 1783548361, "views": 0, "rating": 0, "private": 0, "password": null, "_winner": "p0y7320bdb", "_our_name": "p0x732bbe6"}