{"id": "battle-gen9randombattle-2787", "formatid": "gen9randombattle", "format": "[Gen 9] Random Battle", "players": ["p0x2787757a", "p0y278720c8"], "log": "|init|battle\n|title|p0x2787757a vs. p0y278720c8\n|j|\u2606p0x2787757a\n|j|\u2606p0y278720c8\n|t:|1783572114\n|gametype|singles\n|player|p1|p0x2787757a|102|\n|player|p2|p0y278720c8|265|\n|gen|9\n|tier|[Gen 9] Random Battle\n|rule|Species Clause: Limit one of each Pok\u00e9mon\n|rule|HP Percentage Mod: HP is shown in percentages\n|rule|Sleep Clause Mod: Limit one foe put to sleep\n|rule|Illusion Level Mod: Illusion disguises the Pok\u00e9mon's true level\n|\n|t:|1783572114\n|teamsize|p1|6\n|teamsize|p2|6\n|start\n|switch|p1a: Gumshoos|Gumshoos, L95, M|100/100\n|switch|p2a: Flygon|Flygon, L82, M|265/265\n|turn|1\n|inactive|Battle timer is ON: inactive players will automatically lose when time's up. (requested by p0x2787757a)\n|inactive|Time left: 300 sec this turn | 300 sec total | 60 sec grace\n|inactive|p0y278720c8 also wants the timer to be on.\n|\n|t:|1783572115\n|-terastallize|p2a: Flygon|Steel\n|move|p2a: Flygon|Outrage|p1a: Gumshoos\n|-damage|p1a: Gumshoos|37/100\n|move|p1a: Gumshoos|Double-Edge|p2a: Flygon\n|-resisted|p2a: Flygon\n|-damage|p2a: Flygon|115/265\n|-damage|p1a: Gumshoos|21/100|[from] Recoil\n|\n|upkeep\n|turn|2\n|inactive|Time left: 300 sec this turn | 300 sec total\n|\n|t:|1783572117\n|switch|p1a: Skarmory|Skarmory, L80, F|100/100\n|move|p2a: Flygon|Outrage|p1a: Skarmory|[from] lockedmove\n|-resisted|p1a: Skarmory\n|-damage|p1a: Skarmory|72/100\n|-damage|p2a: Flygon|71/265|[from] item: Rocky Helmet|[of] p1a: Skarmory\n|-start|p2a: Flygon|confusion|[fatigue]\n|\n|upkeep\n|turn|3\n|inactive|Time left: 300 sec this turn | 300 sec total\n|\n|t:|1783572118\n|-activate|p2a: Flygon|confusion\n|-damage|p2a: Flygon|37/265|[from] confusion\n|move|p1a: Skarmory|Spikes|p2a: Flygon\n|-sidestart|p2: p0y278720c8|Spikes\n|\n|upkeep\n|turn|4\n|inactive|Time left: 300 sec this turn | 300 sec total\n|\n|t:|1783572119\n|switch|p2a: Corviknight|Corviknight, L80, F|288/288\n|move|p1a: Skarmory|Roost|p1a: Skarmory\n|-heal|p1a: Skarmory|100/100\n|-singleturn|p1a: Skarmory|move: Roost\n|\n|upkeep\n|turn|5\n|inactive|Time left: 300 sec this turn | 300 sec total\n|\n|t:|1783572119\n|move|p1a: Skarmory|Spikes|p2a: Corviknight\n|-sidestart|p2: p0y278720c8|Spikes\n|move|p2a: Corviknight|Defog|p1a: Skarmory\n|-unboost|p1a: Skarmory|evasion|1\n|-sideend|p2: p0y278720c8|Spikes|[from] move: Defog|[of] p2a: Corviknight\n|\n|upkeep\n|turn|6\n|inactive|Time left: 300 sec this turn | 300 sec total\n|\n|t:|1783572120\n|move|p1a: Skarmory|Spikes|p2a: Corviknight\n|-sidestart|p2: p0y278720c8|Spikes\n|move|p2a: Corviknight|Body Press|p1a: Skarmory\n|-damage|p1a: Skarmory|81/100\n|-damage|p2a: Corviknight|240/288|[from] item: Rocky Helmet|[of] p1a: Skarmory\n|\n|upkeep\n|turn|7\n|inactive|Time left: 300 sec this turn | 300 sec total\n|\n|t:|1783572121\n|move|p1a: Skarmory|Roost|p1a: Skarmory\n|-heal|p1a: Skarmory|100/100\n|-singleturn|p1a: Skarmory|move: Roost\n|move|p2a: Corviknight|Defog|p1a: Skarmory\n|-unboost|p1a: Skarmory|evasion|1\n|-sideend|p2: p0y278720c8|Spikes|[from] move: Defog|[of] p2a: Corviknight\n|\n|upkeep\n|turn|8\n|inactive|Time left: 300 sec this turn | 300 sec total\n|\n|t:|1783572122\n|move|p1a: Skarmory|Spikes|p2a: Corviknight\n|-sidestart|p2: p0y278720c8|Spikes\n|move|p2a: Corviknight|Roost|p2a: Corviknight\n|-heal|p2a: Corviknight|288/288\n|-singleturn|p2a: Corviknight|move: Roost\n|\n|upkeep\n|turn|9\n|inactive|Time left: 300 sec this turn | 300 sec total\n|\n|t:|1783572123\n|move|p2a: Corviknight|Defog|p1a: Skarmory\n|-unboost|p1a: Skarmory|evasion|1\n|-sideend|p2: p0y278720c8|Spikes|[from] move: Defog|[of] p2a: Corviknight\n|move|p1a: Skarmory|Whirlwind|p2a: Corviknight\n|drag|p2a: Frosmoth|Frosmoth, L82, F|249/249\n|\n|upkeep\n|turn|10\n|inactive|Time left: 300 sec this turn | 300 sec total\n|\n|t:|1783572124\n|switch|p2a: Cobalion|Cobalion, L80|277/277\n|move|p1a: Skarmory|Brave Bird|p2a: Cobalion\n|-damage|p2a: Cobalion|199/277\n|-damage|p1a: Skarmory|89/100|[from] Recoil\n|\n|-heal|p2a: Cobalion|216/277|[from] item: Leftovers\n|upkeep\n|turn|11\n|inactive|Time left: 300 sec this turn | 300 sec total\n|\n|t:|1783572125\n|move|p2a: Cobalion|Calm Mind|p2a: Cobalion\n|-boost|p2a: Cobalion|spa|1\n|-boost|p2a: Cobalion|spd|1\n|move|p1a: Skarmory|Roost|p1a: Skarmory\n|-heal|p1a: Skarmory|100/100\n|-singleturn|p1a: Skarmory|move: Roost\n|\n|-heal|p2a: Cobalion|233/277|[from] item: Leftovers\n|upkeep\n|turn|12\n|inactive|Time left: 300 sec this turn | 300 sec total\n|\n|t:|1783572125\n|switch|p1a: Clodsire|Clodsire, L81, M|100/100\n|move|p2a: Cobalion|Flash Cannon|p1a: Clodsire\n|-damage|p1a: Clodsire|80/100\n|\n|-heal|p2a: Cobalion|250/277|[from] item: Leftovers\n|-heal|p1a: Clodsire|87/100|[from] item: Leftovers\n|upkeep\n|turn|13\n|inactive|Time left: 300 sec this turn | 300 sec total\n|\n|t:|1783572127\n|move|p2a: Cobalion|Flash Cannon|p1a: Clodsire\n|-damage|p1a: Clodsire|66/100\n|-unboost|p1a: Clodsire|spd|1\n|move|p1a: Clodsire|Earthquake|p2a: Cobalion\n|-supereffective|p2a: Cobalion\n|-damage|p2a: Cobalion|130/277\n|\n|-heal|p2a: Cobalion|147/277|[from] item: Leftovers\n|-heal|p1a: Clodsire|72/100|[from] item: Leftovers\n|upkeep\n|turn|14\n|inactive|Time left: 300 sec this turn | 300 sec total\n|\n|t:|1783572128\n|move|p2a: Cobalion|Flash Cannon|p1a: Clodsire\n|-crit|p1a: Clodsire\n|-damage|p1a: Clodsire|23/100\n|move|p1a: Clodsire|Earthquake|p2a: Cobalion\n|-supereffective|p2a: Cobalion\n|-damage|p2a: Cobalion|27/277\n|\n|-heal|p2a: Cobalion|44/277|[from] item: Leftovers\n|-heal|p1a: Clodsire|29/100|[from] item: Leftovers\n|upkeep\n|turn|15\n|inactive|Time left: 300 sec this turn | 300 sec total\n|\n|t:|1783572129\n|switch|p1a: Whiscash|Whiscash, L88, F|100/100\n|move|p2a: Cobalion|Flash Cannon|p1a: Whiscash\n|-resisted|p1a: Whiscash\n|-damage|p1a: Whiscash|82/100\n|\n|-heal|p2a: Cobalion|61/277|[from] item: Leftovers\n|upkeep\n|turn|16\n|inactive|Time left: 300 sec this turn | 300 sec total\n|\n|t:|1783572130\n|move|p2a: Cobalion|Aura Sphere|p1a: Whiscash\n|-damage|p1a: Whiscash|45/100\n|move|p1a: Whiscash|Liquidation|p2a: Cobalion\n|-damage|p2a: Cobalion|0 fnt\n|faint|p2a: Cobalion\n|-damage|p1a: Whiscash|35/100|[from] item: Life Orb\n|\n|upkeep\n|inactive|Time left: 300 sec this turn | 300 sec total | 5 sec grace\n|\n|t:|1783572131\n|switch|p2a: Haxorus|Haxorus, L77, F|244/244\n|-ability|p2a: Haxorus|Mold Breaker\n|turn|17\n|inactive|Time left: 300 sec this turn | 300 sec total\n|\n|t:|1783572132\n|switch|p1a: Skarmory|Skarmory, L80, F|100/100\n|move|p2a: Haxorus|Outrage|p1a: Skarmory\n|-resisted|p1a: Skarmory\n|-damage|p1a: Skarmory|79/100\n|-damage|p2a: Haxorus|204/244|[from] item: Rocky Helmet|[of] p1a: Skarmory\n|\n|upkeep\n|turn|18\n|inactive|Time left: 300 sec this turn | 300 sec total\n|\n|t:|1783572133\n|move|p2a: Haxorus|Outrage|p1a: Skarmory|[from] lockedmove\n|-resisted|p1a: Skarmory\n|-damage|p1a: Skarmory|55/100\n|-damage|p2a: Haxorus|164/244|[from] item: Rocky Helmet|[of] p1a: Skarmory\n|move|p1a: Skarmory|Roost|p1a: Skarmory\n|-heal|p1a: Skarmory|100/100\n|-singleturn|p1a: Skarmory|move: Roost\n|\n|upkeep\n|turn|19\n|inactive|Time left: 300 sec this turn | 300 sec total\n|\n|t:|1783572134\n|move|p2a: Haxorus|Outrage|p1a: Skarmory|[from] lockedmove\n|-resisted|p1a: Skarmory\n|-damage|p1a: Skarmory|78/100\n|-damage|p2a: Haxorus|124/244|[from] item: Rocky Helmet|[of] p1a: Skarmory\n|-start|p2a: Haxorus|confusion|[fatigue]\n|-enditem|p2a: Haxorus|Lum Berry|[eat]\n|-end|p2a: Haxorus|confusion\n|move|p1a: Skarmory|Brave Bird|p2a: Haxorus\n|-damage|p2a: Haxorus|18/244\n|-damage|p1a: Skarmory|63/100|[from] Recoil\n|\n|upkeep\n|turn|20\n|inactive|Time left: 300 sec this turn | 300 sec total\n|\n|t:|1783572135\n|move|p2a: Haxorus|Dragon Dance|p2a: Haxorus\n|-boost|p2a: Haxorus|atk|1\n|-boost|p2a: Haxorus|spe|1\n|move|p1a: Skarmory|Roost|p1a: Skarmory\n|-heal|p1a: Skarmory|100/100\n|-singleturn|p1a: Skarmory|move: Roost\n|\n|upkeep\n|turn|21\n|inactive|Time left: 300 sec this turn | 300 sec total\n|\n|t:|1783572136\n|move|p2a: Haxorus|Outrage|p1a: Skarmory\n|-resisted|p1a: Skarmory\n|-damage|p1a: Skarmory|67/100\n|-damage|p2a: Haxorus|0 fnt|[from] item: Rocky Helmet|[of] p1a: Skarmory\n|faint|p2a: Haxorus\n|move|p1a: Skarmory|Brave Bird|p2: Haxorus|[notarget]\n|-fail|p1a: Skarmory\n|\n|upkeep\n|inactive|Time left: 300 sec this turn | 300 sec total | 5 sec grace\n|\n|t:|1783572137\n|switch|p2a: Minun|Minun, L95, M|268/268\n|turn|22\n|inactive|Time left: 300 sec this turn | 300 sec total\n|\n|t:|1783572138\n|switch|p1a: Clodsire|Clodsire, L81, M|29/100\n|move|p2a: Minun|Thunderbolt|p1a: Clodsire\n|-immune|p1a: Clodsire\n|\n|-heal|p1a: Clodsire|35/100|[from] item: Leftovers\n|upkeep\n|turn|23\n|inactive|Time left: 300 sec this turn | 300 sec total\n|\n|t:|1783572139\n|switch|p2a: Flygon|Flygon, L82, M, tera:Steel|37/265\n|move|p1a: Clodsire|Recover|p1a: Clodsire\n|-heal|p1a: Clodsire|85/100\n|\n|-heal|p1a: Clodsire|91/100|[from] item: Leftovers\n|upkeep\n|turn|24\n|inactive|Time left: 300 sec this turn | 300 sec total\n|\n|t:|1783572140\n|switch|p1a: Skarmory|Skarmory, L80, F|67/100\n|move|p2a: Flygon|Earthquake|p1a: Skarmory\n|-immune|p1a: Skarmory\n|\n|upkeep\n|turn|25\n|inactive|Time left: 300 sec this turn | 300 sec total\n|\n|t:|1783572141\n|switch|p2a: Corviknight|Corviknight, L80, F|288/288\n|move|p1a: Skarmory|Roost|p1a: Skarmory\n|-heal|p1a: Skarmory|100/100\n|-singleturn|p1a: Skarmory|move: Roost\n|\n|upkeep\n|turn|26\n|inactive|Time left: 300 sec this turn | 300 sec total\n|\n|t:|1783572142\n|move|p2a: Corviknight|Brave Bird|p1a: Skarmory\n|-resisted|p1a: Skarmory\n|-damage|p1a: Skarmory|85/100\n|-damage|p2a: Corviknight|240/288|[from] item: Rocky Helmet|[of] p1a: Skarmory\n|-damage|p2a: Corviknight|228/288|[from] Recoil\n|move|p1a: Skarmory|Whirlwind|p2a: Corviknight\n|drag|p2a: Minun|Minun, L95, M|268/268\n|\n|upkeep\n|turn|27\n|inactive|Time left: 300 sec this turn | 300 sec total\n|\n|t:|1783572143\n|switch|p1a: Clodsire|Clodsire, L81, M|91/100\n|move|p2a: Minun|Nasty Plot|p2a: Minun\n|-boost|p2a: Minun|spa|2\n|\n|-heal|p1a: Clodsire|97/100|[from] item: Leftovers\n|upkeep\n|turn|28\n|inactive|Time left: 300 sec this turn | 300 sec total\n|\n|t:|1783572144\n|switch|p2a: Flygon|Flygon, L82, M, tera:Steel|37/265\n|move|p1a: Clodsire|Earthquake|p2a: Flygon\n|-immune|p2a: Flygon|[from] ability: Levitate\n|\n|-heal|p1a: Clodsire|100/100|[from] item: Leftovers\n|upkeep\n|turn|29\n|inactive|Time left: 300 sec this turn | 300 sec total\n|\n|t:|1783572145\n|switch|p1a: Skarmory|Skarmory, L80, F|85/100\n|move|p2a: Flygon|Outrage|p1a: Skarmory\n|-resisted|p1a: Skarmory\n|-damage|p1a: Skarmory|58/100\n|-damage|p2a: Flygon|0 fnt|[from] item: Rocky Helmet|[of] p1a: Skarmory\n|faint|p2a: Flygon\n|\n|upkeep\n|inactive|Time left: 300 sec this turn | 300 sec total | 5 sec grace\n|\n|t:|1783572146\n|switch|p2a: Minun|Minun, L95, M|268/268\n|turn|30\n|inactive|Time left: 300 sec this turn | 300 sec total\n|\n|t:|1783572147\n|switch|p1a: Clodsire|Clodsire, L81, M|100/100\n|move|p2a: Minun|Thunderbolt|p1a: Clodsire\n|-immune|p1a: Clodsire\n|\n|upkeep\n|turn|31\n|inactive|Time left: 300 sec this turn | 300 sec total\n|\n|t:|1783572148\n|switch|p2a: Corviknight|Corviknight, L80, F|228/288\n|move|p1a: Clodsire|Earthquake|p2a: Corviknight\n|-immune|p2a: Corviknight\n|\n|upkeep\n|turn|32\n|inactive|Time left: 300 sec this turn | 300 sec total\n|\n|t:|1783572149\n|switch|p1a: Skarmory|Skarmory, L80, F|58/100\n|move|p2a: Corviknight|Brave Bird|p1a: Skarmory\n|-resisted|p1a: Skarmory\n|-damage|p1a: Skarmory|40/100\n|-damage|p2a: Corviknight|180/288|[from] item: Rocky Helmet|[of] p1a: Skarmory\n|-damage|p2a: Corviknight|167/288|[from] Recoil\n|\n|upkeep\n|turn|33\n|inactive|Time left: 300 sec this turn | 300 sec total\n|\n|t:|1783572151\n|move|p1a: Skarmory|Roost|p1a: Skarmory\n|-heal|p1a: Skarmory|91/100\n|-singleturn|p1a: Skarmory|move: Roost\n|move|p2a: Corviknight|Roost|p2a: Corviknight\n|-heal|p2a: Corviknight|288/288\n|-singleturn|p2a: Corviknight|move: Roost\n|\n|upkeep\n|turn|34\n|inactive|Time left: 300 sec this turn | 300 sec total\n|\n|t:|1783572152\n|move|p1a: Skarmory|Roost|p1a: Skarmory\n|-heal|p1a: Skarmory|100/100\n|-singleturn|p1a: Skarmory|move: Roost\n|move|p2a: Corviknight|Body Press|p1a: Skarmory\n|-supereffective|p1a: Skarmory\n|-damage|p1a: Skarmory|65/100\n|-damage|p2a: Corviknight|240/288|[from] item: Rocky Helmet|[of] p1a: Skarmory\n|\n|upkeep\n|turn|35\n|inactive|Time left: 300 sec this turn | 300 sec total\n|\n|t:|1783572153\n|move|p2a: Corviknight|Roost|p2a: Corviknight\n|-heal|p2a: Corviknight|288/288\n|-singleturn|p2a: Corviknight|move: Roost\n|move|p1a: Skarmory|Whirlwind|p2a: Corviknight\n|drag|p2a: Frosmoth|Frosmoth, L82, F|249/249\n|\n|upkeep\n|turn|36\n|inactive|Time left: 300 sec this turn | 300 sec total\n|\n|t:|1783572154\n|switch|p2a: Corviknight|Corviknight, L80, F|288/288\n|move|p1a: Skarmory|Brave Bird|p2a: Corviknight\n|-resisted|p2a: Corviknight\n|-damage|p2a: Corviknight|246/288\n|-damage|p1a: Skarmory|48/100|[from] item: Rocky Helmet|[of] p2a: Corviknight\n|-damage|p1a: Skarmory|42/100|[from] Recoil\n|\n|upkeep\n|turn|37\n|inactive|Time left: 300 sec this turn | 300 sec total\n|\n|t:|1783572155\n|move|p1a: Skarmory|Spikes|p2a: Corviknight\n|-sidestart|p2: p0y278720c8|Spikes\n|move|p2a: Corviknight|Roost|p2a: Corviknight\n|-heal|p2a: Corviknight|288/288\n|-singleturn|p2a: Corviknight|move: Roost\n|\n|upkeep\n|turn|38\n|inactive|Time left: 300 sec this turn | 300 sec total\n|\n|t:|1783572155\n|move|p2a: Corviknight|Brave Bird|p1a: Skarmory\n|-resisted|p1a: Skarmory\n|-crit|p1a: Skarmory\n|-damage|p1a: Skarmory|16/100\n|-damage|p2a: Corviknight|240/288|[from] item: Rocky Helmet|[of] p1a: Skarmory\n|-damage|p2a: Corviknight|220/288|[from] Recoil\n|move|p1a: Skarmory|Whirlwind|p2a: Corviknight\n|drag|p2a: Frosmoth|Frosmoth, L82, F|249/249\n|\n|upkeep\n|turn|39\n|inactive|Time left: 300 sec this turn | 300 sec total\n|\n|t:|1783572157\n|switch|p2a: Corviknight|Corviknight, L80, F|220/288\n|move|p1a: Skarmory|Brave Bird|p2a: Corviknight\n|-resisted|p2a: Corviknight\n|-damage|p2a: Corviknight|176/288\n|-damage|p1a: Skarmory|0 fnt|[from] item: Rocky Helmet|[of] p2a: Corviknight\n|faint|p1a: Skarmory\n|\n|upkeep\n|\n|t:|1783572158\n|switch|p1a: Tyranitar|Tyranitar, L78, F|100/100\n|-weather|Sandstorm|[from] ability: Sand Stream|[of] p1a: Tyranitar\n|turn|40\n|inactive|Time left: 300 sec this turn | 300 sec total\n|\n|t:|1783572159\n|move|p2a: Corviknight|Roost|p2a: Corviknight\n|-heal|p2a: Corviknight|288/288\n|-singleturn|p2a: Corviknight|move: Roost\n|move|p1a: Tyranitar|Knock Off|p2a: Corviknight\n|-damage|p2a: Corviknight|189/288\n|-damage|p1a: Tyranitar|84/100|[from] item: Rocky Helmet|[of] p2a: Corviknight\n|-enditem|p2a: Corviknight|Rocky Helmet|[from] move: Knock Off|[of] p1a: Tyranitar\n|\n|-weather|Sandstorm|[upkeep]\n|-heal|p1a: Tyranitar|90/100|[from] item: Leftovers\n|upkeep\n|turn|41\n|inactive|Time left: 300 sec this turn | 300 sec total\n|\n|t:|1783572160\n|move|p2a: Corviknight|Body Press|p1a: Tyranitar\n|-supereffective|p1a: Tyranitar\n|-damage|p1a: Tyranitar|15/100\n|move|p1a: Tyranitar|Thunder Wave|p2a: Corviknight|[miss]\n|-miss|p1a: Tyranitar|p2a: Corviknight\n|\n|-weather|Sandstorm|[upkeep]\n|-heal|p1a: Tyranitar|21/100|[from] item: Leftovers\n|upkeep\n|turn|42\n|inactive|Time left: 300 sec this turn | 300 sec total\n|\n|t:|1783572160\n|move|p2a: Corviknight|Body Press|p1a: Tyranitar\n|-supereffective|p1a: Tyranitar\n|-damage|p1a: Tyranitar|0 fnt\n|faint|p1a: Tyranitar\n|\n|-weather|Sandstorm|[upkeep]\n|upkeep\n|\n|t:|1783572161\n|switch|p1a: Volbeat|Volbeat, L90, M|100/100\n|turn|43\n|inactive|Time left: 300 sec this turn | 300 sec total\n|\n|t:|1783572162\n|move|p1a: Volbeat|Lunge|p2a: Corviknight\n|-resisted|p2a: Corviknight\n|-damage|p2a: Corviknight|171/288\n|-ability|p2a: Corviknight|Mirror Armor\n|-unboost|p1a: Volbeat|atk|1\n|move|p2a: Corviknight|Brave Bird|p1a: Volbeat\n|-supereffective|p1a: Volbeat\n|-damage|p1a: Volbeat|20/100\n|-damage|p2a: Corviknight|101/288|[from] Recoil\n|\n|-weather|Sandstorm|[upkeep]\n|-damage|p1a: Volbeat|14/100|[from] Sandstorm\n|upkeep\n|turn|44\n|inactive|Time left: 300 sec this turn | 300 sec total\n|\n|t:|1783572163\n|move|p1a: Volbeat|Roost|p1a: Volbeat\n|-heal|p1a: Volbeat|64/100\n|-singleturn|p1a: Volbeat|move: Roost\n|move|p2a: Corviknight|Roost|p2a: Corviknight\n|-heal|p2a: Corviknight|245/288\n|-singleturn|p2a: Corviknight|move: Roost\n|\n|-weather|none\n|upkeep\n|turn|45\n|inactive|Time left: 300 sec this turn | 300 sec total\n|\n|t:|1783572164\n|move|p1a: Volbeat|Lunge|p2a: Corviknight\n|-resisted|p2a: Corviknight\n|-damage|p2a: Corviknight|232/288\n|-ability|p2a: Corviknight|Mirror Armor\n|-unboost|p1a: Volbeat|atk|1\n|move|p2a: Corviknight|Brave Bird|p1a: Volbeat\n|-supereffective|p1a: Volbeat\n|-damage|p1a: Volbeat|0 fnt\n|faint|p1a: Volbeat\n|-damage|p2a: Corviknight|177/288|[from] Recoil\n|\n|upkeep\n|\n|t:|1783572165\n|switch|p1a: Clodsire|Clodsire, L81, M|100/100\n|turn|46\n|inactive|Time left: 300 sec this turn | 300 sec total\n|\n|t:|1783572166\n|move|p2a: Corviknight|Roost|p2a: Corviknight\n|-heal|p2a: Corviknight|288/288\n|-singleturn|p2a: Corviknight|move: Roost\n|move|p1a: Clodsire|Earthquake|p2a: Corviknight\n|-supereffective|p2a: Corviknight\n|-damage|p2a: Corviknight|136/288\n|\n|upkeep\n|turn|47\n|inactive|Time left: 300 sec this turn | 300 sec total\n|\n|t:|1783572167\n|move|p2a: Corviknight|Roost|p2a: Corviknight\n|-heal|p2a: Corviknight|280/288\n|-singleturn|p2a: Corviknight|move: Roost\n|move|p1a: Clodsire|Earthquake|p2a: Corviknight\n|-supereffective|p2a: Corviknight\n|-damage|p2a: Corviknight|128/288\n|\n|upkeep\n|turn|48\n|inactive|Time left: 300 sec this turn | 300 sec total\n|\n|t:|1783572168\n|move|p2a: Corviknight|Brave Bird|p1a: Clodsire\n|-damage|p1a: Clodsire|56/100\n|-damage|p2a: Corviknight|78/288|[from] Recoil\n|move|p1a: Clodsire|Spikes|p2a: Corviknight\n|-sidestart|p2: p0y278720c8|Spikes\n|\n|-heal|p1a: Clodsire|63/100|[from] item: Leftovers\n|upkeep\n|turn|49\n|inactive|Time left: 300 sec this turn | 300 sec total\n|\n|t:|1783572169\n|move|p2a: Corviknight|Defog|p1a: Clodsire\n|-unboost|p1a: Clodsire|evasion|1\n|-sideend|p2: p0y278720c8|Spikes|[from] move: Defog|[of] p2a: Corviknight\n|move|p1a: Clodsire|Recover|p1a: Clodsire\n|-heal|p1a: Clodsire|100/100\n|\n|upkeep\n|turn|50\n|inactive|Time left: 300 sec this turn | 300 sec total\n|\n|t:|1783572170\n|move|p2a: Corviknight|Brave Bird|p1a: Clodsire\n|-damage|p1a: Clodsire|56/100\n|-damage|p2a: Corviknight|28/288|[from] Recoil\n|move|p1a: Clodsire|Earthquake|p2a: Corviknight\n|-immune|p2a: Corviknight\n|\n|-heal|p1a: Clodsire|62/100|[from] item: Leftovers\n|upkeep\n|turn|51\n|inactive|Time left: 300 sec this turn | 300 sec total\n|\n|t:|1783572172\n|move|p2a: Corviknight|Brave Bird|p1a: Clodsire\n|-damage|p1a: Clodsire|20/100\n|-damage|p2a: Corviknight|0 fnt|[from] Recoil\n|faint|p2a: Corviknight\n|move|p1a: Clodsire|Recover|p1a: Clodsire\n|-heal|p1a: Clodsire|70/100\n|\n|-heal|p1a: Clodsire|76/100|[from] item: Leftovers\n|upkeep\n|inactive|Time left: 300 sec this turn | 300 sec total | 5 sec grace\n|\n|t:|1783572173\n|switch|p2a: Frosmoth|Frosmoth, L82, F|249/249\n|turn|52\n|inactive|Time left: 300 sec this turn | 300 sec total\n|\n|t:|1783572174\n|move|p2a: Frosmoth|Quiver Dance|p2a: Frosmoth\n|-boost|p2a: Frosmoth|spa|1\n|-boost|p2a: Frosmoth|spd|1\n|-boost|p2a: Frosmoth|spe|1\n|move|p1a: Clodsire|Poison Jab|p2a: Frosmoth\n|-damage|p2a: Frosmoth|161/249\n|-status|p2a: Frosmoth|psn\n|\n|-heal|p1a: Clodsire|82/100|[from] item: Leftovers\n|-damage|p2a: Frosmoth|130/249 psn|[from] psn\n|upkeep\n|turn|53\n|inactive|Time left: 300 sec this turn | 300 sec total\n|\n|t:|1783572175\n|move|p2a: Frosmoth|Ice Beam|p1a: Clodsire\n|-supereffective|p1a: Clodsire\n|-damage|p1a: Clodsire|22/100\n|-status|p1a: Clodsire|frz\n|cant|p1a: Clodsire|frz\n|\n|-heal|p1a: Clodsire|28/100 frz|[from] item: Leftovers\n|-damage|p2a: Frosmoth|99/249 psn|[from] psn\n|upkeep\n|turn|54\n|inactive|Time left: 300 sec this turn | 300 sec total\n|\n|t:|1783572175\n|move|p2a: Frosmoth|Ice Beam|p1a: Clodsire\n|-supereffective|p1a: Clodsire\n|-damage|p1a: Clodsire|0 fnt\n|faint|p1a: Clodsire\n|\n|-damage|p2a: Frosmoth|68/249 psn|[from] psn\n|upkeep\n|\n|t:|1783572176\n|switch|p1a: Gumshoos|Gumshoos, L95, M|21/100\n|turn|55\n|inactive|Time left: 300 sec this turn | 300 sec total\n|\n|t:|1783572177\n|move|p2a: Frosmoth|Giga Drain|p1a: Gumshoos\n|-damage|p1a: Gumshoos|0 fnt\n|-heal|p2a: Frosmoth|101/249 psn|[from] drain|[of] p1a: Gumshoos\n|faint|p1a: Gumshoos\n|\n|-damage|p2a: Frosmoth|70/249 psn|[from] psn\n|upkeep\n|\n|t:|1783572178\n|switch|p1a: Whiscash|Whiscash, L88, F|35/100\n|turn|56\n|inactive|Time left: 300 sec this turn | 300 sec total\n|\n|t:|1783572179\n|move|p2a: Frosmoth|Ice Beam|p1a: Whiscash\n|-damage|p1a: Whiscash|0 fnt\n|faint|p1a: Whiscash\n|\n|win|p0y278720c8", "uploadtime": 1783572179, "views": 0, "rating": 0, "private": 0, "password": null, "_winner": "p0y278720c8", "_our_name": "p0y278720c8"}