{"id": "battle-gen9randombattle-254", "formatid": "gen9randombattle", "format": "[Gen 9] Random Battle", "players": ["p0x254c44d", "p0y254e4ce"], "log": "|init|battle\n|title|p0x254c44d vs. p0y254e4ce\n|j|\u2606p0x254c44d\n|j|\u2606p0y254e4ce\n|t:|1783542529\n|gametype|singles\n|player|p1|p0x254c44d|102|\n|player|p2|p0y254e4ce|265|\n|gen|9\n|tier|[Gen 9] Random Battle\n|rule|Species Clause: Limit one of each Pok\u00e9mon\n|rule|HP Percentage Mod: HP is shown in percentages\n|rule|Sleep Clause Mod: Limit one foe put to sleep\n|rule|Illusion Level Mod: Illusion disguises the Pok\u00e9mon's true level\n|\n|t:|1783542529\n|teamsize|p1|6\n|teamsize|p2|6\n|start\n|switch|p1a: Flutter Mane|Flutter Mane, L74|100/100\n|switch|p2a: Scyther|Scyther, L82, M|249/249\n|turn|1\n|inactive|Battle timer is ON: inactive players will automatically lose when time's up. (requested by p0y254e4ce)\n|inactive|p0x254c44d also wants the timer to be on.\n|\n|t:|1783542531\n|move|p1a: Flutter Mane|Moonblast|p2a: Scyther\n|-damage|p2a: Scyther|126/249\n|-unboost|p2a: Scyther|spa|1\n|move|p2a: Scyther|Dual Wingbeat|p1a: Flutter Mane\n|-damage|p1a: Flutter Mane|46/100\n|-damage|p1a: Flutter Mane|0 fnt\n|faint|p1a: Flutter Mane\n|-end|p1a: Flutter Mane|Protosynthesis|[silent]\n|-hitcount|p1: Flutter Mane|2\n|\n|upkeep\n|\n|t:|1783542531\n|switch|p1a: Kyogre|Kyogre, L71|100/100\n|-weather|RainDance|[from] ability: Drizzle|[of] p1a: Kyogre\n|turn|2\n|inactive|Time left: 300 sec this turn | 300 sec total\n|\n|t:|1783542533\n|switch|p2a: Suicune|Suicune, L82|298/298\n|-ability|p2a: Suicune|Pressure\n|move|p1a: Kyogre|Water Spout|p2a: Suicune\n|-resisted|p2a: Suicune\n|-damage|p2a: Suicune|199/298\n|\n|-weather|RainDance|[upkeep]\n|-heal|p2a: Suicune|217/298|[from] item: Leftovers\n|upkeep\n|turn|3\n|inactive|Time left: 300 sec this turn | 300 sec total\n|\n|t:|1783542534\n|move|p1a: Kyogre|Water Spout|p2a: Suicune\n|-resisted|p2a: Suicune\n|-damage|p2a: Suicune|116/298\n|move|p2a: Suicune|Calm Mind|p2a: Suicune\n|-boost|p2a: Suicune|spa|1\n|-boost|p2a: Suicune|spd|1\n|\n|-weather|RainDance|[upkeep]\n|-heal|p2a: Suicune|134/298|[from] item: Leftovers\n|upkeep\n|turn|4\n|inactive|Time left: 300 sec this turn | 300 sec total\n|\n|t:|1783542535\n|move|p1a: Kyogre|Water Spout|p2a: Suicune\n|-resisted|p2a: Suicune\n|-damage|p2a: Suicune|64/298\n|move|p2a: Suicune|Scald|p1a: Kyogre\n|-resisted|p1a: Kyogre\n|-damage|p1a: Kyogre|74/100\n|-status|p1a: Kyogre|brn\n|\n|-weather|RainDance|[upkeep]\n|-heal|p2a: Suicune|82/298|[from] item: Leftovers\n|-damage|p1a: Kyogre|68/100 brn|[from] brn\n|upkeep\n|turn|5\n|inactive|Time left: 300 sec this turn | 300 sec total\n|\n|t:|1783542536\n|move|p1a: Kyogre|Water Spout|p2a: Suicune\n|-resisted|p2a: Suicune\n|-damage|p2a: Suicune|37/298\n|move|p2a: Suicune|Scald|p1a: Kyogre\n|-resisted|p1a: Kyogre\n|-damage|p1a: Kyogre|40/100 brn\n|\n|-weather|RainDance|[upkeep]\n|-heal|p2a: Suicune|55/298|[from] item: Leftovers\n|-damage|p1a: Kyogre|34/100 brn|[from] brn\n|upkeep\n|turn|6\n|inactive|Time left: 300 sec this turn | 300 sec total\n|\n|t:|1783542537\n|switch|p1a: Baxcalibur|Baxcalibur, L75, M|100/100\n|move|p2a: Suicune|Scald|p1a: Baxcalibur\n|-resisted|p1a: Baxcalibur\n|-damage|p1a: Baxcalibur|66/100\n|\n|-weather|none\n|-heal|p2a: Suicune|73/298|[from] item: Leftovers\n|upkeep\n|turn|7\n|inactive|Time left: 300 sec this turn | 300 sec total\n|\n|t:|1783542538\n|move|p2a: Suicune|Ice Beam|p1a: Baxcalibur\n|-damage|p1a: Baxcalibur|36/100\n|move|p1a: Baxcalibur|Dragon Dance|p1a: Baxcalibur\n|-boost|p1a: Baxcalibur|atk|1\n|-boost|p1a: Baxcalibur|spe|1\n|\n|-heal|p2a: Suicune|91/298|[from] item: Leftovers\n|upkeep\n|turn|8\n|inactive|Time left: 300 sec this turn | 300 sec total\n|\n|t:|1783542539\n|switch|p2a: Bronzong|Bronzong, L88|261/261\n|move|p1a: Baxcalibur|Glaive Rush|p2a: Bronzong\n|-resisted|p2a: Bronzong\n|-damage|p2a: Bronzong|171/261\n|-singlemove|p1a: Baxcalibur|Glaive Rush|[silent]\n|\n|-heal|p2a: Bronzong|187/261|[from] item: Leftovers\n|upkeep\n|turn|9\n|inactive|Time left: 300 sec this turn | 300 sec total\n|\n|t:|1783542540\n|move|p1a: Baxcalibur|Glaive Rush|p2a: Bronzong\n|-resisted|p2a: Bronzong\n|-damage|p2a: Bronzong|106/261\n|-singlemove|p1a: Baxcalibur|Glaive Rush|[silent]\n|move|p2a: Bronzong|Body Press|p1a: Baxcalibur\n|-supereffective|p1a: Baxcalibur\n|-damage|p1a: Baxcalibur|0 fnt\n|faint|p1a: Baxcalibur\n|\n|-heal|p2a: Bronzong|122/261|[from] item: Leftovers\n|upkeep\n|\n|t:|1783542541\n|switch|p1a: Gengar|Gengar, L81, M|100/100\n|turn|10\n|inactive|Time left: 300 sec this turn | 300 sec total\n|\n|t:|1783542542\n|switch|p2a: Dudunsparce|Dudunsparce-Three-Segment, L83, M|343/343\n|move|p1a: Gengar|Shadow Ball|p2a: Dudunsparce\n|-immune|p2a: Dudunsparce\n|\n|upkeep\n|turn|11\n|inactive|Time left: 300 sec this turn | 300 sec total\n|\n|t:|1783542543\n|move|p1a: Gengar|Shadow Ball|p2a: Dudunsparce\n|-immune|p2a: Dudunsparce\n|move|p2a: Dudunsparce|Earthquake|p1a: Gengar\n|-supereffective|p1a: Gengar\n|-damage|p1a: Gengar|15/100\n|-start|p2a: Dudunsparce|Disable|Earthquake|[from] ability: Cursed Body|[of] p1a: Gengar\n|\n|upkeep\n|turn|12\n|inactive|Time left: 300 sec this turn | 300 sec total\n|\n|t:|1783542545\n|move|p1a: Gengar|Shadow Ball|p2a: Dudunsparce\n|-immune|p2a: Dudunsparce\n|move|p2a: Dudunsparce|Glare|p1a: Gengar\n|-status|p1a: Gengar|par\n|\n|upkeep\n|turn|13\n|inactive|Time left: 300 sec this turn | 300 sec total\n|\n|t:|1783542546\n|move|p2a: Dudunsparce|Headbutt|p1a: Gengar\n|-immune|p1a: Gengar\n|move|p1a: Gengar|Shadow Ball|p2a: Dudunsparce\n|-immune|p2a: Dudunsparce\n|\n|upkeep\n|turn|14\n|inactive|Time left: 300 sec this turn | 300 sec total\n|\n|t:|1783542547\n|move|p2a: Dudunsparce|Headbutt|p1a: Gengar\n|-immune|p1a: Gengar\n|move|p1a: Gengar|Shadow Ball|p2a: Dudunsparce\n|-immune|p2a: Dudunsparce\n|\n|-end|p2a: Dudunsparce|Disable\n|upkeep\n|turn|15\n|inactive|Time left: 300 sec this turn | 300 sec total\n|\n|t:|1783542548\n|move|p2a: Dudunsparce|Earthquake|p1a: Gengar\n|-supereffective|p1a: Gengar\n|-damage|p1a: Gengar|0 fnt\n|faint|p1a: Gengar\n|\n|upkeep\n|\n|t:|1783542549\n|switch|p1a: Virizion|Virizion, L82|100/100\n|turn|16\n|inactive|Time left: 300 sec this turn | 300 sec total\n|\n|t:|1783542549\n|switch|p2a: Blaziken|Blaziken, L76, F|247/247\n|move|p1a: Virizion|Swords Dance|p1a: Virizion\n|-boost|p1a: Virizion|atk|2\n|\n|upkeep\n|turn|17\n|inactive|Time left: 300 sec this turn | 300 sec total\n|\n|t:|1783542550\n|switch|p2a: Scyther|Scyther, L82, M|126/249\n|move|p1a: Virizion|Close Combat|p2a: Scyther\n|-resisted|p2a: Scyther\n|-damage|p2a: Scyther|75/249\n|-unboost|p1a: Virizion|def|1\n|-unboost|p1a: Virizion|spd|1\n|-damage|p1a: Virizion|91/100|[from] item: Life Orb\n|\n|upkeep\n|turn|18\n|inactive|Time left: 300 sec this turn | 300 sec total\n|\n|t:|1783542551\n|move|p1a: Virizion|Stone Edge|p2a: Scyther\n|-supereffective|p2a: Scyther\n|-damage|p2a: Scyther|0 fnt\n|faint|p2a: Scyther\n|-damage|p1a: Virizion|81/100|[from] item: Life Orb\n|\n|upkeep\n|inactive|Time left: 300 sec this turn | 300 sec total | 5 sec grace\n|\n|t:|1783542552\n|switch|p2a: Suicune|Suicune, L82|91/298\n|-ability|p2a: Suicune|Pressure\n|turn|19\n|inactive|Time left: 300 sec this turn | 300 sec total\n|\n|t:|1783542553\n|move|p1a: Virizion|Close Combat|p2a: Suicune\n|-damage|p2a: Suicune|0 fnt\n|-unboost|p1a: Virizion|def|1\n|-unboost|p1a: Virizion|spd|1\n|faint|p2a: Suicune\n|-damage|p1a: Virizion|71/100|[from] item: Life Orb\n|\n|upkeep\n|inactive|Time left: 300 sec this turn | 300 sec total | 5 sec grace\n|\n|t:|1783542554\n|switch|p2a: Bronzong|Bronzong, L88|122/261\n|turn|20\n|inactive|Time left: 300 sec this turn | 300 sec total\n|\n|t:|1783542555\n|move|p1a: Virizion|Close Combat|p2a: Bronzong\n|-damage|p2a: Bronzong|0 fnt\n|-unboost|p1a: Virizion|def|1\n|-unboost|p1a: Virizion|spd|1\n|faint|p2a: Bronzong\n|-damage|p1a: Virizion|61/100|[from] item: Life Orb\n|\n|upkeep\n|inactive|Time left: 300 sec this turn | 300 sec total | 5 sec grace\n|\n|t:|1783542556\n|switch|p2a: Dudunsparce|Dudunsparce-Three-Segment, L83, M|343/343\n|turn|21\n|inactive|Time left: 300 sec this turn | 300 sec total\n|\n|t:|1783542558\n|-terastallize|p2a: Dudunsparce|Ground\n|move|p1a: Virizion|Close Combat|p2a: Dudunsparce\n|-damage|p2a: Dudunsparce|45/343\n|-unboost|p1a: Virizion|def|1\n|-unboost|p1a: Virizion|spd|1\n|-damage|p1a: Virizion|51/100|[from] item: Life Orb\n|move|p2a: Dudunsparce|Earthquake|p1a: Virizion\n|-resisted|p1a: Virizion\n|-damage|p1a: Virizion|0 fnt\n|faint|p1a: Virizion\n|\n|-heal|p2a: Dudunsparce|66/343|[from] item: Leftovers\n|upkeep\n|\n|t:|1783542559\n|switch|p1a: Kyogre|Kyogre, L71|34/100 brn\n|-weather|RainDance|[from] ability: Drizzle|[of] p1a: Kyogre\n|turn|22\n|inactive|Time left: 300 sec this turn | 300 sec total\n|\n|t:|1783542560\n|move|p1a: Kyogre|Origin Pulse|p2a: Dudunsparce\n|-supereffective|p2a: Dudunsparce\n|-damage|p2a: Dudunsparce|0 fnt\n|faint|p2a: Dudunsparce\n|\n|-weather|RainDance|[upkeep]\n|-damage|p1a: Kyogre|28/100 brn|[from] brn\n|upkeep\n|inactive|Time left: 300 sec this turn | 300 sec total | 5 sec grace\n|\n|t:|1783542561\n|switch|p2a: Blaziken|Blaziken, L76, F|247/247\n|turn|23\n|inactive|Time left: 300 sec this turn | 300 sec total\n|\n|t:|1783542562\n|move|p1a: Kyogre|Origin Pulse|p2a: Blaziken\n|-supereffective|p2a: Blaziken\n|-crit|p2a: Blaziken\n|-damage|p2a: Blaziken|0 fnt\n|faint|p2a: Blaziken\n|\n|-weather|RainDance|[upkeep]\n|-damage|p1a: Kyogre|22/100 brn|[from] brn\n|upkeep\n|inactive|Time left: 300 sec this turn | 300 sec total | 5 sec grace\n|\n|t:|1783542563\n|switch|p2a: Drednaw|Drednaw, L81, F|278/278\n|turn|24\n|inactive|Time left: 300 sec this turn | 300 sec total\n|\n|t:|1783542564\n|-terastallize|p1a: Kyogre|Water\n|move|p1a: Kyogre|Origin Pulse|p2a: Drednaw\n|-damage|p2a: Drednaw|0 fnt\n|faint|p2a: Drednaw\n|\n|win|p0x254c44d", "uploadtime": 1783542564, "views": 0, "rating": 0, "private": 0, "password": null, "_winner": "p0x254c44d", "_our_name": "p0y254e4ce"}