{"id": "battle-gen9randombattle-732", "formatid": "gen9randombattle", "format": "[Gen 9] Random Battle", "players": ["p0x732172f", "p0y732930b"], "log": "|init|battle\n|title|p0x732172f vs. p0y732930b\n|j|\u2606p0x732172f\n|j|\u2606p0y732930b\n|t:|1783547634\n|gametype|singles\n|player|p1|p0x732172f|1|\n|player|p2|p0y732930b|1|\n|gen|9\n|tier|[Gen 9] Random Battle\n|rule|Species Clause: Limit one of each Pok\u00e9mon\n|rule|HP Percentage Mod: HP is shown in percentages\n|rule|Sleep Clause Mod: Limit one foe put to sleep\n|rule|Illusion Level Mod: Illusion disguises the Pok\u00e9mon's true level\n|\n|t:|1783547634\n|teamsize|p1|6\n|teamsize|p2|6\n|start\n|switch|p1a: Keldeo|Keldeo-Resolute, L79|100/100\n|switch|p2a: Greedent|Greedent, L86, M|347/347\n|turn|1\n|inactive|Battle timer is ON: inactive players will automatically lose when time's up. (requested by p0x732172f)\n|inactive|Time left: 300 sec this turn | 300 sec total | 60 sec grace\n|\n|t:|1783547635\n|move|p1a: Keldeo|Surf|p2a: Greedent\n|-crit|p2a: Greedent\n|-damage|p2a: Greedent|173/347\n|-enditem|p2a: Greedent|Sitrus Berry|[eat]\n|-heal|p2a: Greedent|259/347|[from] item: Sitrus Berry\n|-heal|p2a: Greedent|347/347|[from] ability: Cheek Pouch\n|move|p2a: Greedent|Swords Dance|p2a: Greedent\n|-boost|p2a: Greedent|atk|2\n|\n|upkeep\n|turn|2\n|inactive|Time left: 300 sec this turn | 300 sec total\n|inactive|p0y732930b also wants the timer to be on.\n|\n|t:|1783547636\n|move|p1a: Keldeo|Secret Sword|p2a: Greedent\n|-supereffective|p2a: Greedent\n|-damage|p2a: Greedent|155/347\n|move|p2a: Greedent|Body Slam|p1a: Keldeo\n|-damage|p1a: Keldeo|27/100\n|\n|-heal|p1a: Keldeo|33/100|[from] item: Leftovers\n|upkeep\n|turn|3\n|inactive|Time left: 300 sec this turn | 300 sec total\n|\n|t:|1783547637\n|move|p1a: Keldeo|Secret Sword|p2a: Greedent\n|-supereffective|p2a: Greedent\n|-damage|p2a: Greedent|0 fnt\n|faint|p2a: Greedent\n|\n|-heal|p1a: Keldeo|39/100|[from] item: Leftovers\n|upkeep\n|inactive|Time left: 300 sec this turn | 300 sec total | 5 sec grace\n|\n|t:|1783547638\n|switch|p2a: Polteageist|Polteageist-Antique, L78|222/222\n|turn|4\n|inactive|Time left: 300 sec this turn | 300 sec total\n|\n|t:|1783547639\n|switch|p1a: Entei|Entei, L78|100/100\n|move|p2a: Polteageist|Shell Smash|p2a: Polteageist\n|-unboost|p2a: Polteageist|def|1\n|-unboost|p2a: Polteageist|spd|1\n|-boost|p2a: Polteageist|atk|2\n|-boost|p2a: Polteageist|spa|2\n|-boost|p2a: Polteageist|spe|2\n|-enditem|p2a: Polteageist|White Herb\n|-clearnegativeboost|p2a: Polteageist|[silent]\n|\n|upkeep\n|turn|5\n|inactive|Time left: 300 sec this turn | 300 sec total\n|\n|t:|1783547641\n|move|p2a: Polteageist|Stored Power|p1a: Entei\n|-damage|p1a: Entei|12/100\n|move|p1a: Entei|Flare Blitz|p2a: Polteageist\n|-damage|p2a: Polteageist|0 fnt\n|faint|p2a: Polteageist\n|-damage|p1a: Entei|0 fnt|[from] Recoil\n|faint|p1a: Entei\n|\n|upkeep\n|inactive|Time left: 300 sec this turn | 300 sec total | 5 sec grace\n|\n|t:|1783547642\n|switch|p1a: Yanmega|Yanmega, L82, M|100/100\n|switch|p2a: Hitmonlee|Hitmonlee, L85, M|223/223\n|turn|6\n|inactive|Time left: 300 sec this turn | 300 sec total\n|\n|t:|1783547643\n|move|p1a: Yanmega|Air Slash|p2a: Hitmonlee\n|-supereffective|p2a: Hitmonlee\n|-damage|p2a: Hitmonlee|89/223\n|cant|p2a: Hitmonlee|flinch\n|\n|-ability|p1a: Yanmega|Speed Boost|boost\n|-boost|p1a: Yanmega|spe|1\n|upkeep\n|turn|7\n|inactive|Time left: 300 sec this turn | 300 sec total\n|\n|t:|1783547644\n|move|p1a: Yanmega|Air Slash|p2a: Hitmonlee\n|-supereffective|p2a: Hitmonlee\n|-damage|p2a: Hitmonlee|0 fnt\n|faint|p2a: Hitmonlee\n|\n|-ability|p1a: Yanmega|Speed Boost|boost\n|-boost|p1a: Yanmega|spe|1\n|upkeep\n|inactive|Time left: 300 sec this turn | 300 sec total | 5 sec grace\n|\n|t:|1783547645\n|switch|p2a: Gumshoos|Gumshoos, L95, F|321/321\n|turn|8\n|inactive|Time left: 300 sec this turn | 300 sec total\n|\n|t:|1783547646\n|move|p1a: Yanmega|Bug Buzz|p2a: Gumshoos\n|-damage|p2a: Gumshoos|201/321\n|move|p2a: Gumshoos|Double-Edge|p1a: Yanmega\n|-damage|p1a: Yanmega|0 fnt\n|faint|p1a: Yanmega\n|-damage|p2a: Gumshoos|110/321|[from] Recoil\n|\n|upkeep\n|\n|t:|1783547647\n|switch|p1a: Keldeo|Keldeo-Resolute, L79|39/100\n|turn|9\n|inactive|Time left: 300 sec this turn | 300 sec total\n|\n|t:|1783547647\n|switch|p2a: Groudon|Groudon, L72|263/263\n|-weather|SunnyDay|[from] ability: Drought|[of] p2a: Groudon\n|move|p1a: Keldeo|Surf|p2a: Groudon\n|-supereffective|p2a: Groudon\n|-damage|p2a: Groudon|135/263\n|\n|-weather|SunnyDay|[upkeep]\n|-heal|p1a: Keldeo|45/100|[from] item: Leftovers\n|-heal|p2a: Groudon|151/263|[from] item: Leftovers\n|upkeep\n|turn|10\n|inactive|Time left: 300 sec this turn | 300 sec total\n|\n|t:|1783547648\n|move|p1a: Keldeo|Surf|p2a: Groudon\n|-supereffective|p2a: Groudon\n|-damage|p2a: Groudon|41/263\n|move|p2a: Groudon|Precipice Blades|p1a: Keldeo|[miss]\n|-miss|p2a: Groudon|p1a: Keldeo\n|\n|-weather|SunnyDay|[upkeep]\n|-heal|p1a: Keldeo|51/100|[from] item: Leftovers\n|-heal|p2a: Groudon|57/263|[from] item: Leftovers\n|upkeep\n|turn|11\n|inactive|Time left: 300 sec this turn | 300 sec total\n|\n|t:|1783547649\n|switch|p2a: Eternatus|Eternatus, L69|308/308\n|-ability|p2a: Eternatus|Pressure\n|move|p1a: Keldeo|Secret Sword|p2a: Eternatus\n|-resisted|p2a: Eternatus\n|-damage|p2a: Eternatus|250/308\n|\n|-weather|SunnyDay|[upkeep]\n|-heal|p1a: Keldeo|58/100|[from] item: Leftovers\n|upkeep\n|turn|12\n|inactive|Time left: 300 sec this turn | 300 sec total\n|\n|t:|1783547650\n|move|p2a: Eternatus|Meteor Beam||[still]\n|-prepare|p2a: Eternatus|Meteor Beam\n|-boost|p2a: Eternatus|spa|1\n|-enditem|p2a: Eternatus|Power Herb\n|-anim|p2a: Eternatus|Meteor Beam|p1a: Keldeo\n|-resisted|p1a: Keldeo\n|-damage|p1a: Keldeo|35/100\n|move|p1a: Keldeo|Calm Mind|p1a: Keldeo\n|-boost|p1a: Keldeo|spa|1\n|-boost|p1a: Keldeo|spd|1\n|\n|-weather|SunnyDay|[upkeep]\n|-heal|p1a: Keldeo|41/100|[from] item: Leftovers\n|upkeep\n|turn|13\n|inactive|Time left: 300 sec this turn | 300 sec total\n|\n|t:|1783547651\n|move|p2a: Eternatus|Dynamax Cannon|p1a: Keldeo\n|-damage|p1a: Keldeo|1/100\n|move|p1a: Keldeo|Calm Mind|p1a: Keldeo\n|-boost|p1a: Keldeo|spa|1\n|-boost|p1a: Keldeo|spd|1\n|\n|-weather|none\n|-heal|p1a: Keldeo|7/100|[from] item: Leftovers\n|upkeep\n|turn|14\n|inactive|Time left: 300 sec this turn | 300 sec total\n|\n|t:|1783547652\n|move|p2a: Eternatus|Dynamax Cannon|p1a: Keldeo\n|-damage|p1a: Keldeo|0 fnt\n|faint|p1a: Keldeo\n|\n|upkeep\n|\n|t:|1783547653\n|switch|p1a: Blastoise|Blastoise, L80, F|100/100\n|turn|15\n|inactive|Time left: 300 sec this turn | 300 sec total\n|\n|t:|1783547654\n|move|p2a: Eternatus|Dynamax Cannon|p1a: Blastoise\n|-damage|p1a: Blastoise|50/100\n|move|p1a: Blastoise|Shell Smash|p1a: Blastoise\n|-unboost|p1a: Blastoise|def|1\n|-unboost|p1a: Blastoise|spd|1\n|-boost|p1a: Blastoise|atk|2\n|-boost|p1a: Blastoise|spa|2\n|-boost|p1a: Blastoise|spe|2\n|-enditem|p1a: Blastoise|White Herb\n|-clearnegativeboost|p1a: Blastoise|[silent]\n|\n|upkeep\n|turn|16\n|inactive|Time left: 300 sec this turn | 300 sec total\n|\n|t:|1783547655\n|-terastallize|p2a: Eternatus|Poison\n|move|p1a: Blastoise|Earthquake|p2a: Eternatus\n|-supereffective|p2a: Eternatus\n|-crit|p2a: Eternatus\n|-damage|p2a: Eternatus|0 fnt\n|faint|p2a: Eternatus\n|\n|upkeep\n|inactive|Time left: 300 sec this turn | 300 sec total | 5 sec grace\n|\n|t:|1783547656\n|switch|p2a: Gumshoos|Gumshoos, L95, F|110/321\n|turn|17\n|inactive|Time left: 300 sec this turn | 300 sec total\n|\n|t:|1783547657\n|-terastallize|p1a: Blastoise|Steel\n|move|p1a: Blastoise|Ice Beam|p2a: Gumshoos\n|-damage|p2a: Gumshoos|0 fnt\n|faint|p2a: Gumshoos\n|\n|upkeep\n|inactive|Time left: 300 sec this turn | 300 sec total | 5 sec grace\n|\n|t:|1783547658\n|switch|p2a: Groudon|Groudon, L72|57/263\n|-weather|SunnyDay|[from] ability: Drought|[of] p2a: Groudon\n|turn|18\n|inactive|Time left: 300 sec this turn | 300 sec total\n|\n|t:|1783547659\n|move|p1a: Blastoise|Earthquake|p2a: Groudon\n|-damage|p2a: Groudon|0 fnt\n|faint|p2a: Groudon\n|\n|win|p0x732172f", "uploadtime": 1783547659, "views": 0, "rating": 0, "private": 0, "password": null, "_winner": "p0x732172f", "_our_name": "p0y732930b"}