{"id": "battle-gen9randombattle-1165", "formatid": "gen9randombattle", "format": "[Gen 9] Random Battle", "players": ["p0x11665ad5", "p0y11665ebe"], "log": "|init|battle\n|title|p0x11665ad5 vs. p0y11665ebe\n|j|\u2606p0x11665ad5\n|j|\u2606p0y11665ebe\n|t:|1783553503\n|gametype|singles\n|player|p1|p0x11665ad5|170|\n|player|p2|p0y11665ebe|265|\n|gen|9\n|tier|[Gen 9] Random Battle\n|rule|Species Clause: Limit one of each Pok\u00e9mon\n|rule|HP Percentage Mod: HP is shown in percentages\n|rule|Sleep Clause Mod: Limit one foe put to sleep\n|rule|Illusion Level Mod: Illusion disguises the Pok\u00e9mon's true level\n|\n|t:|1783553503\n|teamsize|p1|6\n|teamsize|p2|6\n|start\n|switch|p1a: Raichu|Raichu-Alola, L87, M|100/100\n|switch|p2a: Reshiram|Reshiram, L76|277/277\n|-ability|p2a: Reshiram|Turboblaze\n|turn|1\n|inactive|Battle timer is ON: inactive players will automatically lose when time's up. (requested by p0y11665ebe)\n|inactive|p0x11665ad5 also wants the timer to be on.\n|\n|t:|1783553505\n|move|p1a: Raichu|Nasty Plot|p1a: Raichu\n|-boost|p1a: Raichu|spa|2\n|move|p2a: Reshiram|Dragon Dance|p2a: Reshiram\n|-boost|p2a: Reshiram|atk|1\n|-boost|p2a: Reshiram|spe|1\n|\n|upkeep\n|turn|2\n|inactive|Time left: 300 sec this turn | 300 sec total\n|\n|t:|1783553506\n|switch|p1a: Registeel|Registeel, L81|100/100\n|move|p2a: Reshiram|Flare Blitz|p1a: Registeel\n|-supereffective|p1a: Registeel\n|-damage|p1a: Registeel|6/100\n|-damage|p2a: Reshiram|195/277|[from] Recoil\n|\n|upkeep\n|turn|3\n|inactive|Time left: 300 sec this turn | 300 sec total\n|\n|t:|1783553507\n|move|p2a: Reshiram|Outrage|p1a: Registeel\n|-resisted|p1a: Registeel\n|-damage|p1a: Registeel|0 fnt\n|faint|p1a: Registeel\n|\n|upkeep\n|\n|t:|1783553508\n|switch|p1a: Ogerpon|Ogerpon-Cornerstone, L76, F|100/100\n|turn|4\n|inactive|Time left: 300 sec this turn | 300 sec total\n|\n|t:|1783553510\n|move|p2a: Reshiram|Outrage|p1a: Ogerpon|[from] lockedmove\n|-damage|p1a: Ogerpon|19/100\n|-start|p2a: Reshiram|confusion|[fatigue]\n|move|p1a: Ogerpon|Ivy Cudgel|p2a: Reshiram|[anim] Ivy Cudgel Rock\n|-supereffective|p2a: Reshiram\n|-damage|p2a: Reshiram|0 fnt\n|faint|p2a: Reshiram\n|\n|upkeep\n|inactive|Time left: 300 sec this turn | 300 sec total | 5 sec grace\n|\n|t:|1783553511\n|switch|p2a: Lucario|Lucario, L84, F|255/255\n|turn|5\n|inactive|Time left: 300 sec this turn | 300 sec total\n|\n|t:|1783553512\n|switch|p1a: Keldeo|Keldeo-Resolute, L79|100/100\n|move|p2a: Lucario|Vacuum Wave|p1a: Keldeo\n|-damage|p1a: Keldeo|76/100\n|-damage|p2a: Lucario|230/255|[from] item: Life Orb\n|\n|upkeep\n|turn|6\n|inactive|Time left: 300 sec this turn | 300 sec total\n|\n|t:|1783553513\n|switch|p2a: Suicune|Suicune, L82|298/298\n|-ability|p2a: Suicune|Pressure\n|move|p1a: Keldeo|Secret Sword|p2a: Suicune\n|-damage|p2a: Suicune|165/298\n|\n|-heal|p2a: Suicune|183/298|[from] item: Leftovers\n|upkeep\n|turn|7\n|inactive|Time left: 300 sec this turn | 300 sec total\n|\n|t:|1783553514\n|move|p1a: Keldeo|Secret Sword|p2a: Suicune\n|-damage|p2a: Suicune|69/298\n|move|p2a: Suicune|Scald|p1a: Keldeo\n|-resisted|p1a: Keldeo\n|-damage|p1a: Keldeo|60/100\n|-status|p1a: Keldeo|brn\n|\n|-heal|p2a: Suicune|87/298|[from] item: Leftovers\n|-damage|p1a: Keldeo|54/100 brn|[from] brn\n|upkeep\n|turn|8\n|inactive|Time left: 300 sec this turn | 300 sec total\n|\n|t:|1783553515\n|switch|p2a: Donphan|Donphan, L84, M|288/288\n|move|p1a: Keldeo|Secret Sword|p2a: Donphan\n|-damage|p2a: Donphan|177/288\n|\n|-damage|p1a: Keldeo|48/100 brn|[from] brn\n|upkeep\n|turn|9\n|inactive|Time left: 300 sec this turn | 300 sec total\n|\n|t:|1783553516\n|move|p1a: Keldeo|Secret Sword|p2a: Donphan\n|-damage|p2a: Donphan|56/288\n|move|p2a: Donphan|Earthquake|p1a: Keldeo\n|-damage|p1a: Keldeo|1/100 brn\n|\n|-damage|p1a: Keldeo|0 fnt|[from] brn\n|faint|p1a: Keldeo\n|upkeep\n|\n|t:|1783553517\n|switch|p1a: Brambleghast|Brambleghast, L88, F|100/100\n|turn|10\n|inactive|Time left: 300 sec this turn | 300 sec total\n|\n|t:|1783553518\n|switch|p2a: Regigigas|Regigigas, L84|322/322\n|-start|p2a: Regigigas|ability: Slow Start\n|move|p1a: Brambleghast|Poltergeist|p2a: Regigigas\n|-immune|p2a: Regigigas\n|\n|upkeep\n|turn|11\n|inactive|Time left: 300 sec this turn | 300 sec total\n|\n|t:|1783553520\n|move|p1a: Brambleghast|Power Whip|p2a: Regigigas\n|-damage|p2a: Regigigas|175/322\n|move|p2a: Regigigas|Knock Off|p1a: Brambleghast\n|-supereffective|p1a: Brambleghast\n|-damage|p1a: Brambleghast|55/100\n|-enditem|p1a: Brambleghast|Leftovers|[from] move: Knock Off|[of] p2a: Regigigas\n|\n|-heal|p2a: Regigigas|195/322|[from] item: Leftovers\n|upkeep\n|turn|12\n|inactive|Time left: 300 sec this turn | 300 sec total\n|\n|t:|1783553521\n|move|p1a: Brambleghast|Strength Sap|p2a: Regigigas\n|-unboost|p2a: Regigigas|atk|1\n|-heal|p1a: Brambleghast|100/100\n|move|p2a: Regigigas|Knock Off|p1a: Brambleghast\n|-supereffective|p1a: Brambleghast\n|-damage|p1a: Brambleghast|80/100\n|\n|-heal|p2a: Regigigas|215/322|[from] item: Leftovers\n|upkeep\n|turn|13\n|inactive|Time left: 300 sec this turn | 300 sec total\n|\n|t:|1783553522\n|move|p1a: Brambleghast|Spikes|p2a: Regigigas\n|-sidestart|p2: p0y11665ebe|Spikes\n|move|p2a: Regigigas|Knock Off|p1a: Brambleghast\n|-supereffective|p1a: Brambleghast\n|-damage|p1a: Brambleghast|58/100\n|\n|-heal|p2a: Regigigas|235/322|[from] item: Leftovers\n|upkeep\n|turn|14\n|inactive|Time left: 300 sec this turn | 300 sec total\n|\n|t:|1783553523\n|move|p1a: Brambleghast|Strength Sap|p2a: Regigigas\n|-unboost|p2a: Regigigas|atk|1\n|-heal|p1a: Brambleghast|100/100\n|move|p2a: Regigigas|Knock Off|p1a: Brambleghast\n|-supereffective|p1a: Brambleghast\n|-damage|p1a: Brambleghast|83/100\n|\n|-heal|p2a: Regigigas|255/322|[from] item: Leftovers\n|upkeep\n|turn|15\n|inactive|Time left: 300 sec this turn | 300 sec total\n|\n|t:|1783553524\n|switch|p2a: Lucario|Lucario, L84, F|230/255\n|-damage|p2a: Lucario|199/255|[from] Spikes\n|move|p1a: Brambleghast|Spikes|p2a: Lucario\n|-sidestart|p2: p0y11665ebe|Spikes\n|\n|upkeep\n|turn|16\n|inactive|Time left: 300 sec this turn | 300 sec total\n|\n|t:|1783553525\n|switch|p2a: Regigigas|Regigigas, L84|255/322\n|-damage|p2a: Regigigas|202/322|[from] Spikes\n|-start|p2a: Regigigas|ability: Slow Start\n|move|p1a: Brambleghast|Poltergeist|p2a: Regigigas\n|-immune|p2a: Regigigas\n|\n|-heal|p2a: Regigigas|222/322|[from] item: Leftovers\n|upkeep\n|turn|17\n|inactive|Time left: 300 sec this turn | 300 sec total\n|\n|t:|1783553526\n|move|p1a: Brambleghast|Power Whip|p2a: Regigigas\n|-damage|p2a: Regigigas|80/322\n|move|p2a: Regigigas|Knock Off|p1a: Brambleghast\n|-supereffective|p1a: Brambleghast\n|-damage|p1a: Brambleghast|47/100\n|\n|-heal|p2a: Regigigas|100/322|[from] item: Leftovers\n|upkeep\n|turn|18\n|inactive|Time left: 300 sec this turn | 300 sec total\n|\n|t:|1783553527\n|move|p1a: Brambleghast|Power Whip|p2a: Regigigas\n|-damage|p2a: Regigigas|0 fnt\n|faint|p2a: Regigigas\n|-end|p2a: Regigigas|Slow Start|[silent]\n|\n|upkeep\n|inactive|Time left: 300 sec this turn | 300 sec total | 5 sec grace\n|\n|t:|1783553528\n|switch|p2a: Vaporeon|Vaporeon, L86, M|364/364\n|-damage|p2a: Vaporeon|304/364|[from] Spikes\n|turn|19\n|inactive|Time left: 300 sec this turn | 300 sec total\n|\n|t:|1783553529\n|move|p2a: Vaporeon|Protect|p2a: Vaporeon\n|-singleturn|p2a: Vaporeon|Protect\n|move|p1a: Brambleghast|Power Whip|p2a: Vaporeon\n|-activate|p2a: Vaporeon|move: Protect\n|\n|-heal|p2a: Vaporeon|326/364|[from] item: Leftovers\n|upkeep\n|turn|20\n|inactive|Time left: 300 sec this turn | 300 sec total\n|\n|t:|1783553530\n|move|p2a: Vaporeon|Protect||[still]\n|-fail|p2a: Vaporeon\n|move|p1a: Brambleghast|Power Whip|p2a: Vaporeon\n|-supereffective|p2a: Vaporeon\n|-damage|p2a: Vaporeon|0 fnt\n|faint|p2a: Vaporeon\n|\n|upkeep\n|inactive|Time left: 300 sec this turn | 300 sec total | 5 sec grace\n|\n|t:|1783553531\n|switch|p2a: Suicune|Suicune, L82|87/298\n|-damage|p2a: Suicune|38/298|[from] Spikes\n|-ability|p2a: Suicune|Pressure\n|turn|21\n|inactive|Time left: 300 sec this turn | 300 sec total\n|\n|t:|1783553531\n|move|p1a: Brambleghast|Poltergeist|p2a: Suicune\n|-activate|p2a: Suicune|move: Poltergeist|Leftovers\n|-damage|p2a: Suicune|0 fnt\n|faint|p2a: Suicune\n|\n|upkeep\n|inactive|Time left: 300 sec this turn | 300 sec total | 5 sec grace\n|\n|t:|1783553532\n|switch|p2a: Lucario|Lucario, L84, F|199/255\n|-damage|p2a: Lucario|157/255|[from] Spikes\n|turn|22\n|inactive|Time left: 300 sec this turn | 300 sec total\n|\n|t:|1783553533\n|switch|p2a: Donphan|Donphan, L84, M|56/288\n|-damage|p2a: Donphan|8/288|[from] Spikes\n|move|p1a: Brambleghast|Poltergeist|p2a: Donphan\n|-activate|p2a: Donphan|move: Poltergeist|Assault Vest\n|-damage|p2a: Donphan|0 fnt\n|faint|p2a: Donphan\n|\n|upkeep\n|inactive|Time left: 300 sec this turn | 300 sec total | 5 sec grace\n|\n|t:|1783553534\n|switch|p2a: Lucario|Lucario, L84, F|157/255\n|-damage|p2a: Lucario|115/255|[from] Spikes\n|turn|23\n|inactive|Time left: 300 sec this turn | 300 sec total\n|\n|t:|1783553535\n|move|p2a: Lucario|Vacuum Wave|p1a: Brambleghast\n|-immune|p1a: Brambleghast\n|move|p1a: Brambleghast|Poltergeist|p2a: Lucario\n|-activate|p2a: Lucario|move: Poltergeist|Life Orb\n|-damage|p2a: Lucario|0 fnt\n|faint|p2a: Lucario\n|\n|win|p0x11665ad5", "uploadtime": 1783553535, "views": 0, "rating": 0, "private": 0, "password": null, "_winner": "p0x11665ad5", "_our_name": "p0y11665ebe"}