{"id": "battle-gen9randombattle-2126", "formatid": "gen9randombattle", "format": "[Gen 9] Random Battle", "players": ["p0x21260e73", "p0y2126ab22"], "log": "|init|battle\n|title|p0x21260e73 vs. p0y2126ab22\n|j|\u2606p0x21260e73\n|j|\u2606p0y2126ab22\n|t:|1783563831\n|gametype|singles\n|player|p1|p0x21260e73|266|\n|player|p2|p0y2126ab22|170|\n|gen|9\n|tier|[Gen 9] Random Battle\n|rule|Species Clause: Limit one of each Pok\u00e9mon\n|rule|HP Percentage Mod: HP is shown in percentages\n|rule|Sleep Clause Mod: Limit one foe put to sleep\n|rule|Illusion Level Mod: Illusion disguises the Pok\u00e9mon's true level\n|\n|t:|1783563831\n|teamsize|p1|6\n|teamsize|p2|6\n|start\n|switch|p1a: Walking Wake|Walking Wake, L79|286/286\n|switch|p2a: Delphox|Delphox, L84, M|100/100\n|turn|1\n|inactive|Battle timer is ON: inactive players will automatically lose when time's up. (requested by p0x21260e73)\n|inactive|p0y2126ab22 also wants the timer to be on.\n|\n|t:|1783563833\n|move|p2a: Delphox|Psyshock|p1a: Walking Wake\n|-damage|p1a: Walking Wake|132/286\n|move|p1a: Walking Wake|Hydro Pump|p2a: Delphox\n|-supereffective|p2a: Delphox\n|-damage|p2a: Delphox|0 fnt\n|faint|p2a: Delphox\n|\n|upkeep\n|\n|t:|1783563834\n|switch|p2a: Kingdra|Kingdra, L84, M|100/100\n|turn|2\n|inactive|Time left: 300 sec this turn | 300 sec total\n|\n|t:|1783563835\n|move|p1a: Walking Wake|Hydro Pump|p2a: Kingdra\n|-resisted|p2a: Kingdra\n|-damage|p2a: Kingdra|85/100\n|move|p2a: Kingdra|Dragon Dance|p2a: Kingdra\n|-boost|p2a: Kingdra|atk|1\n|-boost|p2a: Kingdra|spe|1\n|\n|upkeep\n|turn|3\n|inactive|Time left: 300 sec this turn | 300 sec total\n|\n|t:|1783563836\n|move|p2a: Kingdra|Outrage|p1a: Walking Wake\n|-supereffective|p1a: Walking Wake\n|-crit|p1a: Walking Wake\n|-damage|p1a: Walking Wake|0 fnt\n|faint|p1a: Walking Wake\n|-end|p1a: Walking Wake|Protosynthesis|[silent]\n|\n|upkeep\n|inactive|Time left: 300 sec this turn | 300 sec total | 5 sec grace\n|\n|t:|1783563837\n|switch|p1a: Dragalge|Dragalge, L88, F|258/258\n|turn|4\n|inactive|Time left: 300 sec this turn | 300 sec total\n|\n|t:|1783563838\n|-terastallize|p1a: Dragalge|Fighting\n|move|p2a: Kingdra|Outrage|p1a: Dragalge|[from] lockedmove\n|-damage|p1a: Dragalge|81/258\n|-start|p2a: Kingdra|confusion|[fatigue]\n|-enditem|p2a: Kingdra|Lum Berry|[eat]\n|-end|p2a: Kingdra|confusion\n|move|p1a: Dragalge|Focus Blast|p2a: Kingdra\n|-damage|p2a: Kingdra|0 fnt\n|faint|p2a: Kingdra\n|\n|upkeep\n|\n|t:|1783563839\n|switch|p2a: Yanmega|Yanmega, L82, M|100/100\n|turn|5\n|inactive|Time left: 300 sec this turn | 300 sec total\n|\n|t:|1783563840\n|switch|p1a: Noctowl|Noctowl, L95, F|344/344\n|move|p2a: Yanmega|Air Slash|p1a: Noctowl\n|-damage|p1a: Noctowl|268/344\n|\n|-ability|p2a: Yanmega|Speed Boost|boost\n|-boost|p2a: Yanmega|spe|1\n|upkeep\n|turn|6\n|inactive|Time left: 300 sec this turn | 300 sec total\n|\n|t:|1783563841\n|move|p2a: Yanmega|Protect|p2a: Yanmega\n|-singleturn|p2a: Yanmega|Protect\n|move|p1a: Noctowl|Hurricane|p2a: Yanmega\n|-activate|p2a: Yanmega|move: Protect\n|\n|-ability|p2a: Yanmega|Speed Boost|boost\n|-boost|p2a: Yanmega|spe|1\n|upkeep\n|turn|7\n|inactive|Time left: 300 sec this turn | 300 sec total\n|\n|t:|1783563842\n|move|p2a: Yanmega|Air Slash|p1a: Noctowl\n|-damage|p1a: Noctowl|199/344\n|cant|p1a: Noctowl|flinch\n|\n|-ability|p2a: Yanmega|Speed Boost|boost\n|-boost|p2a: Yanmega|spe|1\n|upkeep\n|turn|8\n|inactive|Time left: 300 sec this turn | 300 sec total\n|\n|t:|1783563843\n|move|p2a: Yanmega|Air Slash|p1a: Noctowl\n|-damage|p1a: Noctowl|123/344\n|cant|p1a: Noctowl|flinch\n|\n|-ability|p2a: Yanmega|Speed Boost|boost\n|-boost|p2a: Yanmega|spe|1\n|upkeep\n|turn|9\n|inactive|Time left: 300 sec this turn | 300 sec total\n|\n|t:|1783563844\n|move|p2a: Yanmega|Air Slash|p1a: Noctowl|[miss]\n|-miss|p2a: Yanmega|p1a: Noctowl\n|move|p1a: Noctowl|Roost|p1a: Noctowl\n|-heal|p1a: Noctowl|295/344\n|-singleturn|p1a: Noctowl|move: Roost\n|\n|-ability|p2a: Yanmega|Speed Boost|boost\n|-boost|p2a: Yanmega|spe|1\n|upkeep\n|turn|10\n|inactive|Time left: 300 sec this turn | 300 sec total\n|\n|t:|1783563845\n|move|p2a: Yanmega|Air Slash|p1a: Noctowl\n|-damage|p1a: Noctowl|220/344\n|move|p1a: Noctowl|Hurricane|p2a: Yanmega\n|-supereffective|p2a: Yanmega\n|-damage|p2a: Yanmega|0 fnt\n|faint|p2a: Yanmega\n|\n|upkeep\n|\n|t:|1783563846\n|switch|p2a: Decidueye|Decidueye-Hisui, L87, M|100/100\n|turn|11\n|inactive|Time left: 300 sec this turn | 300 sec total\n|\n|t:|1783563847\n|-terastallize|p2a: Decidueye|Steel\n|move|p1a: Noctowl|Hurricane|p2a: Decidueye|[miss]\n|-miss|p1a: Noctowl|p2a: Decidueye\n|move|p2a: Decidueye|Triple Arrows|p1a: Noctowl\n|-damage|p1a: Noctowl|72/344\n|-unboost|p1a: Noctowl|def|1\n|\n|upkeep\n|turn|12\n|inactive|Time left: 300 sec this turn | 300 sec total\n|\n|t:|1783563848\n|move|p1a: Noctowl|Hyper Voice|p2a: Decidueye\n|-resisted|p2a: Decidueye\n|-damage|p2a: Decidueye|69/100\n|move|p2a: Decidueye|Triple Arrows|p1a: Noctowl\n|-crit|p1a: Noctowl\n|-damage|p1a: Noctowl|0 fnt\n|faint|p1a: Noctowl\n|\n|-heal|p2a: Decidueye|75/100|[from] item: Leftovers\n|upkeep\n|inactive|Time left: 300 sec this turn | 300 sec total | 5 sec grace\n|\n|t:|1783563849\n|switch|p1a: Sneasler|Sneasler, L74, F|240/240\n|turn|13\n|inactive|Time left: 300 sec this turn | 300 sec total\n|\n|t:|1783563850\n|switch|p2a: Spectrier|Spectrier, L75|100/100\n|move|p1a: Sneasler|Close Combat|p2a: Spectrier\n|-immune|p2a: Spectrier\n|\n|upkeep\n|turn|14\n|inactive|Time left: 300 sec this turn | 300 sec total\n|\n|t:|1783563851\n|switch|p1a: Smeargle|Smeargle, L95, M|258/258\n|move|p2a: Spectrier|Nasty Plot|p2a: Spectrier\n|-boost|p2a: Spectrier|spa|2\n|\n|upkeep\n|turn|15\n|inactive|Time left: 300 sec this turn | 300 sec total\n|\n|t:|1783563851\n|move|p2a: Spectrier|Dark Pulse|p1a: Smeargle\n|-crit|p1a: Smeargle\n|-damage|p1a: Smeargle|0 fnt\n|faint|p1a: Smeargle\n|-ability|p2a: Spectrier|Grim Neigh|boost\n|-boost|p2a: Spectrier|spa|1\n|\n|upkeep\n|inactive|Time left: 300 sec this turn | 300 sec total | 5 sec grace\n|\n|t:|1783563852\n|switch|p1a: Dragalge|Dragalge, L88, F, tera:Fighting|81/258\n|turn|16\n|inactive|Time left: 300 sec this turn | 300 sec total\n|\n|t:|1783563853\n|move|p2a: Spectrier|Shadow Ball|p1a: Dragalge\n|-damage|p1a: Dragalge|0 fnt\n|faint|p1a: Dragalge\n|-ability|p2a: Spectrier|Grim Neigh|boost\n|-boost|p2a: Spectrier|spa|1\n|\n|upkeep\n|inactive|Time left: 300 sec this turn | 300 sec total | 5 sec grace\n|\n|t:|1783563854\n|switch|p1a: Landorus|Landorus, L75, M|257/257\n|turn|17\n|inactive|Time left: 300 sec this turn | 300 sec total\n|\n|t:|1783563855\n|move|p2a: Spectrier|Shadow Ball|p1a: Landorus\n|-damage|p1a: Landorus|0 fnt\n|faint|p1a: Landorus\n|-ability|p2a: Spectrier|Grim Neigh|boost\n|-boost|p2a: Spectrier|spa|1\n|\n|upkeep\n|inactive|Time left: 300 sec this turn | 300 sec total | 5 sec grace\n|\n|t:|1783563856\n|switch|p1a: Sneasler|Sneasler, L74, F|240/240\n|turn|18\n|inactive|Time left: 300 sec this turn | 300 sec total\n|\n|t:|1783563857\n|move|p2a: Spectrier|Shadow Ball|p1a: Sneasler\n|-damage|p1a: Sneasler|0 fnt\n|faint|p1a: Sneasler\n|\n|win|p0y2126ab22", "uploadtime": 1783563857, "views": 0, "rating": 0, "private": 0, "password": null, "_winner": "p0y2126ab22", "_our_name": "p0x21260e73"}