{"id": "battle-gen9randombattle-2550", "formatid": "gen9randombattle", "format": "[Gen 9] Random Battle", "players": ["p0x255091bc", "p0y2550c525"], "log": "|init|battle\n|title|p0x255091bc vs. p0y2550c525\n|j|\u2606p0x255091bc\n|j|\u2606p0y2550c525\n|t:|1783568549\n|gametype|singles\n|player|p1|p0x255091bc|170|\n|player|p2|p0y2550c525|265|\n|gen|9\n|tier|[Gen 9] Random Battle\n|rule|Species Clause: Limit one of each Pok\u00e9mon\n|rule|HP Percentage Mod: HP is shown in percentages\n|rule|Sleep Clause Mod: Limit one foe put to sleep\n|rule|Illusion Level Mod: Illusion disguises the Pok\u00e9mon's true level\n|\n|t:|1783568549\n|teamsize|p1|6\n|teamsize|p2|6\n|start\n|switch|p1a: Garchomp|Garchomp, L74, F|100/100\n|switch|p2a: Dusknoir|Dusknoir, L89, M|225/225\n|-item|p1a: Garchomp|Loaded Dice|[from] ability: Frisk|[of] p2a: Dusknoir\n|turn|1\n|inactive|Battle timer is ON: inactive players will automatically lose when time's up. (requested by p0y2550c525)\n|inactive|p0x255091bc also wants the timer to be on.\n|\n|t:|1783568551\n|switch|p1a: Heracross|Heracross, L80, F|100/100\n|move|p2a: Dusknoir|Poltergeist|p1a: Heracross\n|-activate|p1a: Heracross|move: Poltergeist|Flame Orb\n|-damage|p1a: Heracross|21/100\n|-damage|p2a: Dusknoir|203/225|[from] item: Life Orb\n|\n|-status|p1a: Heracross|brn|[from] item: Flame Orb\n|upkeep\n|turn|2\n|inactive|Time left: 300 sec this turn | 300 sec total\n|\n|t:|1783568552\n|switch|p1a: Hippowdon|Hippowdon, L82, M|100/100\n|-weather|Sandstorm|[from] ability: Sand Stream|[of] p1a: Hippowdon\n|move|p2a: Dusknoir|Poltergeist|p1a: Hippowdon\n|-activate|p1a: Hippowdon|move: Poltergeist|Leftovers\n|-damage|p1a: Hippowdon|54/100\n|-damage|p2a: Dusknoir|181/225|[from] item: Life Orb\n|\n|-weather|Sandstorm|[upkeep]\n|-damage|p2a: Dusknoir|167/225|[from] Sandstorm\n|-heal|p1a: Hippowdon|60/100|[from] item: Leftovers\n|upkeep\n|turn|3\n|inactive|Time left: 300 sec this turn | 300 sec total\n|\n|t:|1783568553\n|move|p2a: Dusknoir|Poltergeist|p1a: Hippowdon\n|-activate|p1a: Hippowdon|move: Poltergeist|Leftovers\n|-damage|p1a: Hippowdon|17/100\n|-damage|p2a: Dusknoir|145/225|[from] item: Life Orb\n|move|p1a: Hippowdon|Stealth Rock|p2a: Dusknoir\n|-sidestart|p2: p0y2550c525|move: Stealth Rock\n|\n|-weather|Sandstorm|[upkeep]\n|-damage|p2a: Dusknoir|131/225|[from] Sandstorm\n|-heal|p1a: Hippowdon|23/100|[from] item: Leftovers\n|upkeep\n|turn|4\n|inactive|Time left: 300 sec this turn | 300 sec total\n|\n|t:|1783568554\n|move|p2a: Dusknoir|Poltergeist|p1a: Hippowdon\n|-activate|p1a: Hippowdon|move: Poltergeist|Leftovers\n|-damage|p1a: Hippowdon|0 fnt\n|faint|p1a: Hippowdon\n|-damage|p2a: Dusknoir|109/225|[from] item: Life Orb\n|\n|-weather|Sandstorm|[upkeep]\n|-damage|p2a: Dusknoir|95/225|[from] Sandstorm\n|upkeep\n|\n|t:|1783568555\n|switch|p1a: Skuntank|Skuntank, L84, F|100/100\n|turn|5\n|inactive|Time left: 300 sec this turn | 300 sec total\n|\n|t:|1783568555\n|switch|p2a: Bastiodon|Bastiodon, L89, M|252/252\n|-damage|p2a: Bastiodon|237/252|[from] Stealth Rock\n|move|p1a: Skuntank|Knock Off|p2a: Bastiodon\n|-damage|p2a: Bastiodon|183/252\n|-enditem|p2a: Bastiodon|Chesto Berry|[from] move: Knock Off|[of] p1a: Skuntank\n|\n|-weather|Sandstorm|[upkeep]\n|-damage|p1a: Skuntank|94/100|[from] Sandstorm\n|-heal|p1a: Skuntank|100/100|[from] item: Leftovers\n|upkeep\n|turn|6\n|inactive|Time left: 300 sec this turn | 300 sec total\n|\n|t:|1783568556\n|switch|p1a: Oricorio|Oricorio-Sensu, L85, M|100/100\n|move|p2a: Bastiodon|Iron Defense|p2a: Bastiodon\n|-boost|p2a: Bastiodon|def|2\n|\n|-weather|none\n|upkeep\n|turn|7\n|inactive|Time left: 300 sec this turn | 300 sec total\n|\n|t:|1783568557\n|move|p1a: Oricorio|Quiver Dance|p1a: Oricorio\n|-boost|p1a: Oricorio|spa|1\n|-boost|p1a: Oricorio|spd|1\n|-boost|p1a: Oricorio|spe|1\n|move|p2a: Bastiodon|Foul Play|p1a: Oricorio\n|-supereffective|p1a: Oricorio\n|-damage|p1a: Oricorio|62/100\n|\n|upkeep\n|turn|8\n|inactive|Time left: 300 sec this turn | 300 sec total\n|\n|t:|1783568558\n|move|p1a: Oricorio|Revelation Dance|p2a: Bastiodon\n|-damage|p2a: Bastiodon|92/252\n|move|p2a: Bastiodon|Foul Play|p1a: Oricorio\n|-supereffective|p1a: Oricorio\n|-damage|p1a: Oricorio|24/100\n|\n|upkeep\n|turn|9\n|inactive|Time left: 300 sec this turn | 300 sec total\n|\n|t:|1783568559\n|move|p1a: Oricorio|Roost|p1a: Oricorio\n|-heal|p1a: Oricorio|74/100\n|-singleturn|p1a: Oricorio|move: Roost\n|move|p2a: Bastiodon|Foul Play|p1a: Oricorio\n|-supereffective|p1a: Oricorio\n|-damage|p1a: Oricorio|39/100\n|\n|upkeep\n|turn|10\n|inactive|Time left: 300 sec this turn | 300 sec total\n|\n|t:|1783568560\n|move|p1a: Oricorio|Revelation Dance|p2a: Bastiodon\n|-damage|p2a: Bastiodon|0 fnt\n|faint|p2a: Bastiodon\n|\n|upkeep\n|inactive|Time left: 300 sec this turn | 300 sec total | 5 sec grace\n|\n|t:|1783568561\n|switch|p2a: Dusknoir|Dusknoir, L89, M|95/225\n|-damage|p2a: Dusknoir|67/225|[from] Stealth Rock\n|-item|p1a: Oricorio|Heavy-Duty Boots|[from] ability: Frisk|[of] p2a: Dusknoir\n|turn|11\n|inactive|Time left: 300 sec this turn | 300 sec total\n|\n|t:|1783568562\n|-terastallize|p1a: Oricorio|Fighting\n|move|p2a: Dusknoir|Shadow Sneak|p1a: Oricorio\n|-damage|p1a: Oricorio|13/100\n|-damage|p2a: Dusknoir|45/225|[from] item: Life Orb\n|move|p1a: Oricorio|Hurricane|p2a: Dusknoir\n|-damage|p2a: Dusknoir|0 fnt\n|faint|p2a: Dusknoir\n|\n|upkeep\n|inactive|Time left: 300 sec this turn | 300 sec total | 5 sec grace\n|\n|t:|1783568563\n|switch|p2a: Swanna|Swanna, L89, M|278/278\n|turn|12\n|inactive|Time left: 300 sec this turn | 300 sec total\n|\n|t:|1783568564\n|move|p1a: Oricorio|Hurricane|p2a: Swanna|[miss]\n|-miss|p1a: Oricorio|p2a: Swanna\n|move|p2a: Swanna|Brave Bird|p1a: Oricorio\n|-supereffective|p1a: Oricorio\n|-damage|p1a: Oricorio|0 fnt\n|faint|p1a: Oricorio\n|-damage|p2a: Swanna|267/278|[from] Recoil\n|\n|upkeep\n|\n|t:|1783568565\n|switch|p1a: Swalot|Swalot, L90, F|100/100\n|turn|13\n|inactive|Time left: 300 sec this turn | 300 sec total\n|\n|t:|1783568566\n|move|p2a: Swanna|Brave Bird|p1a: Swalot\n|-damage|p1a: Swalot|59/100\n|-damage|p2a: Swanna|222/278|[from] Recoil\n|move|p1a: Swalot|Toxic|p2a: Swanna\n|-status|p2a: Swanna|tox\n|\n|-heal|p1a: Swalot|65/100|[from] item: Leftovers\n|-damage|p2a: Swanna|205/278 tox|[from] psn\n|upkeep\n|turn|14\n|inactive|Time left: 300 sec this turn | 300 sec total\n|\n|t:|1783568567\n|move|p2a: Swanna|Hydro Pump|p1a: Swalot\n|-damage|p1a: Swalot|28/100\n|move|p1a: Swalot|Sludge Bomb|p2a: Swanna\n|-damage|p2a: Swanna|90/278 tox\n|\n|-heal|p1a: Swalot|34/100|[from] item: Leftovers\n|-damage|p2a: Swanna|56/278 tox|[from] psn\n|upkeep\n|turn|15\n|inactive|Time left: 300 sec this turn | 300 sec total\n|\n|t:|1783568568\n|move|p1a: Swalot|Protect|p1a: Swalot\n|-singleturn|p1a: Swalot|Protect\n|move|p2a: Swanna|Hydro Pump|p1a: Swalot\n|-activate|p1a: Swalot|move: Protect\n|\n|-heal|p1a: Swalot|40/100|[from] item: Leftovers\n|-damage|p2a: Swanna|5/278 tox|[from] psn\n|upkeep\n|turn|16\n|inactive|Time left: 300 sec this turn | 300 sec total\n|\n|t:|1783568569\n|move|p1a: Swalot|Protect|p1a: Swalot\n|-singleturn|p1a: Swalot|Protect\n|move|p2a: Swanna|Brave Bird|p1a: Swalot\n|-activate|p1a: Swalot|move: Protect\n|\n|-heal|p1a: Swalot|47/100|[from] item: Leftovers\n|-damage|p2a: Swanna|0 fnt|[from] psn\n|faint|p2a: Swanna\n|upkeep\n|inactive|Time left: 300 sec this turn | 300 sec total | 5 sec grace\n|\n|t:|1783568570\n|switch|p2a: Kyogre|Kyogre, L71|259/259\n|-damage|p2a: Kyogre|227/259|[from] Stealth Rock\n|-weather|RainDance|[from] ability: Drizzle|[of] p2a: Kyogre\n|turn|17\n|inactive|Time left: 300 sec this turn | 300 sec total\n|\n|t:|1783568571\n|move|p2a: Kyogre|Origin Pulse|p1a: Swalot\n|-crit|p1a: Swalot\n|-damage|p1a: Swalot|0 fnt\n|faint|p1a: Swalot\n|\n|-weather|RainDance|[upkeep]\n|-heal|p2a: Kyogre|243/259|[from] item: Leftovers\n|upkeep\n|\n|t:|1783568572\n|switch|p1a: Heracross|Heracross, L80, F|21/100 brn\n|turn|18\n|inactive|Time left: 300 sec this turn | 300 sec total\n|\n|t:|1783568573\n|switch|p2a: Polteageist|Polteageist-Antique, L78|222/222\n|-damage|p2a: Polteageist|195/222|[from] Stealth Rock\n|move|p1a: Heracross|Close Combat|p2a: Polteageist\n|-immune|p2a: Polteageist\n|\n|-weather|RainDance|[upkeep]\n|-damage|p1a: Heracross|14/100 brn|[from] brn\n|upkeep\n|turn|19\n|inactive|Time left: 300 sec this turn | 300 sec total\n|\n|t:|1783568574\n|-terastallize|p2a: Polteageist|Fighting\n|move|p1a: Heracross|Knock Off|p2a: Polteageist\n|-resisted|p2a: Polteageist\n|-crit|p2a: Polteageist\n|-damage|p2a: Polteageist|81/222\n|-enditem|p2a: Polteageist|White Herb|[from] move: Knock Off|[of] p1a: Heracross\n|move|p2a: Polteageist|Shell Smash|p2a: Polteageist\n|-unboost|p2a: Polteageist|def|1\n|-unboost|p2a: Polteageist|spd|1\n|-boost|p2a: Polteageist|atk|2\n|-boost|p2a: Polteageist|spa|2\n|-boost|p2a: Polteageist|spe|2\n|\n|-weather|RainDance|[upkeep]\n|-damage|p1a: Heracross|8/100 brn|[from] brn\n|upkeep\n|turn|20\n|inactive|Time left: 300 sec this turn | 300 sec total\n|\n|t:|1783568575\n|move|p2a: Polteageist|Tera Blast|p1a: Heracross|[anim] Tera Blast Fighting\n|-resisted|p1a: Heracross\n|-damage|p1a: Heracross|0 fnt\n|faint|p1a: Heracross\n|\n|-weather|RainDance|[upkeep]\n|upkeep\n|\n|t:|1783568576\n|switch|p1a: Garchomp|Garchomp, L74, F|100/100\n|turn|21\n|inactive|Time left: 300 sec this turn | 300 sec total\n|\n|t:|1783568577\n|move|p2a: Polteageist|Strength Sap|p1a: Garchomp\n|-unboost|p1a: Garchomp|atk|1\n|-heal|p2a: Polteageist|222/222\n|move|p1a: Garchomp|Scale Shot|p2a: Polteageist\n|-damage|p2a: Polteageist|189/222\n|-damage|p2a: Polteageist|156/222\n|-damage|p2a: Polteageist|119/222\n|-damage|p2a: Polteageist|83/222\n|-damage|p2a: Polteageist|49/222\n|-hitcount|p2a: Polteageist|5\n|-unboost|p1a: Garchomp|def|1\n|-boost|p1a: Garchomp|spe|1\n|\n|-weather|none\n|upkeep\n|turn|22\n|inactive|Time left: 300 sec this turn | 300 sec total\n|\n|t:|1783568578\n|move|p2a: Polteageist|Strength Sap|p1a: Garchomp\n|-unboost|p1a: Garchomp|atk|1\n|-heal|p2a: Polteageist|205/222\n|move|p1a: Garchomp|Scale Shot|p2a: Polteageist\n|-damage|p2a: Polteageist|177/222\n|-start|p1a: Garchomp|Disable|Scale Shot|[from] ability: Cursed Body|[of] p2a: Polteageist\n|-damage|p2a: Polteageist|152/222\n|-damage|p2a: Polteageist|122/222\n|-damage|p2a: Polteageist|97/222\n|-hitcount|p2a: Polteageist|4\n|-unboost|p1a: Garchomp|def|1\n|-boost|p1a: Garchomp|spe|1\n|\n|upkeep\n|turn|23\n|inactive|Time left: 300 sec this turn | 300 sec total\n|\n|t:|1783568578\n|move|p1a: Garchomp|Earthquake|p2a: Polteageist\n|-damage|p2a: Polteageist|0 fnt\n|faint|p2a: Polteageist\n|\n|upkeep\n|inactive|Time left: 300 sec this turn | 300 sec total | 5 sec grace\n|\n|t:|1783568579\n|switch|p2a: Dudunsparce|Dudunsparce, L83, F|343/343\n|-damage|p2a: Dudunsparce|301/343|[from] Stealth Rock\n|turn|24\n|inactive|Time left: 300 sec this turn | 300 sec total\n|\n|t:|1783568580\n|switch|p1a: Skuntank|Skuntank, L84, F|100/100\n|move|p2a: Dudunsparce|Earthquake|p1a: Skuntank\n|-supereffective|p1a: Skuntank\n|-damage|p1a: Skuntank|48/100\n|\n|-heal|p1a: Skuntank|54/100|[from] item: Leftovers\n|-heal|p2a: Dudunsparce|322/343|[from] item: Leftovers\n|upkeep\n|turn|25\n|inactive|Time left: 300 sec this turn | 300 sec total\n|\n|t:|1783568581\n|move|p1a: Skuntank|Knock Off|p2a: Dudunsparce\n|-crit|p2a: Dudunsparce\n|-damage|p2a: Dudunsparce|165/343\n|-enditem|p2a: Dudunsparce|Leftovers|[from] move: Knock Off|[of] p1a: Skuntank\n|move|p2a: Dudunsparce|Earthquake|p1a: Skuntank\n|-supereffective|p1a: Skuntank\n|-damage|p1a: Skuntank|1/100\n|\n|-heal|p1a: Skuntank|8/100|[from] item: Leftovers\n|upkeep\n|turn|26\n|inactive|Time left: 300 sec this turn | 300 sec total\n|\n|t:|1783568583\n|move|p1a: Skuntank|Taunt|p2a: Dudunsparce\n|-start|p2a: Dudunsparce|move: Taunt\n|cant|p2a: Dudunsparce|move: Taunt|Roost\n|\n|-heal|p1a: Skuntank|14/100|[from] item: Leftovers\n|upkeep\n|turn|27\n|inactive|Time left: 300 sec this turn | 300 sec total\n|\n|t:|1783568584\n|move|p1a: Skuntank|Toxic Spikes|p2a: Dudunsparce\n|-sidestart|p2: p0y2550c525|move: Toxic Spikes\n|move|p2a: Dudunsparce|Earthquake|p1a: Skuntank\n|-supereffective|p1a: Skuntank\n|-damage|p1a: Skuntank|0 fnt\n|faint|p1a: Skuntank\n|\n|upkeep\n|\n|t:|1783568584\n|switch|p1a: Garchomp|Garchomp, L74, F|100/100\n|turn|28\n|inactive|Time left: 300 sec this turn | 300 sec total\n|\n|t:|1783568585\n|move|p1a: Garchomp|Swords Dance|p1a: Garchomp\n|-boost|p1a: Garchomp|atk|2\n|move|p2a: Dudunsparce|Headbutt|p1a: Garchomp\n|-damage|p1a: Garchomp|73/100\n|-damage|p2a: Dudunsparce|123/343|[from] ability: Rough Skin|[of] p1a: Garchomp\n|\n|-end|p2a: Dudunsparce|move: Taunt\n|upkeep\n|turn|29\n|inactive|Time left: 300 sec this turn | 300 sec total\n|\n|t:|1783568586\n|move|p1a: Garchomp|Earthquake|p2a: Dudunsparce\n|-damage|p2a: Dudunsparce|0 fnt\n|faint|p2a: Dudunsparce\n|\n|upkeep\n|inactive|Time left: 300 sec this turn | 300 sec total | 5 sec grace\n|\n|t:|1783568587\n|switch|p2a: Kyogre|Kyogre, L71|243/259\n|-damage|p2a: Kyogre|211/259|[from] Stealth Rock\n|-status|p2a: Kyogre|psn\n|-weather|RainDance|[from] ability: Drizzle|[of] p2a: Kyogre\n|turn|30\n|inactive|Time left: 300 sec this turn | 300 sec total\n|\n|t:|1783568588\n|move|p1a: Garchomp|Earthquake|p2a: Kyogre\n|-damage|p2a: Kyogre|0 fnt\n|faint|p2a: Kyogre\n|\n|win|p0x255091bc", "uploadtime": 1783568588, "views": 0, "rating": 0, "private": 0, "password": null, "_winner": "p0x255091bc", "_our_name": "p0y2550c525"}