{"id": "battle-gen9randombattle-2328", "formatid": "gen9randombattle", "format": "[Gen 9] Random Battle", "players": ["p0x23281738", "p0y2328418a"], "log": "|init|battle\n|title|p0x23281738 vs. p0y2328418a\n|j|\u2606p0x23281738\n|j|\u2606p0y2328418a\n|t:|1783566028\n|gametype|singles\n|player|p1|p0x23281738|265|\n|player|p2|p0y2328418a|266|\n|gen|9\n|tier|[Gen 9] Random Battle\n|rule|Species Clause: Limit one of each Pok\u00e9mon\n|rule|HP Percentage Mod: HP is shown in percentages\n|rule|Sleep Clause Mod: Limit one foe put to sleep\n|rule|Illusion Level Mod: Illusion disguises the Pok\u00e9mon's true level\n|\n|t:|1783566028\n|teamsize|p1|6\n|teamsize|p2|6\n|start\n|switch|p1a: Houndoom|Houndoom, L87, M|272/272\n|switch|p2a: Masquerain|Masquerain, L87, F|100/100\n|-ability|p2a: Masquerain|Intimidate|boost\n|-unboost|p1a: Houndoom|atk|1\n|turn|1\n|inactive|Battle timer is ON: inactive players will automatically lose when time's up. (requested by p0y2328418a)\n|inactive|Time left: 300 sec this turn | 300 sec total | 60 sec grace\n|\n|t:|1783566030\n|move|p1a: Houndoom|Fire Blast|p2a: Masquerain|[miss]\n|-miss|p1a: Houndoom|p2a: Masquerain\n|move|p2a: Masquerain|Quiver Dance|p2a: Masquerain\n|-boost|p2a: Masquerain|spa|1\n|-boost|p2a: Masquerain|spd|1\n|-boost|p2a: Masquerain|spe|1\n|\n|upkeep\n|turn|2\n|inactive|Time left: 300 sec this turn | 300 sec total\n|inactive|p0x23281738 also wants the timer to be on.\n|\n|t:|1783566031\n|switch|p1a: Pincurchin|Pincurchin, F|258/258\n|-fieldstart|move: Electric Terrain|[from] ability: Electric Surge|[of] p1a: Pincurchin\n|move|p2a: Masquerain|Quiver Dance|p2a: Masquerain\n|-boost|p2a: Masquerain|spa|1\n|-boost|p2a: Masquerain|spd|1\n|-boost|p2a: Masquerain|spe|1\n|\n|upkeep\n|turn|3\n|inactive|Time left: 300 sec this turn | 300 sec total\n|\n|t:|1783566032\n|move|p2a: Masquerain|Bug Buzz|p1a: Pincurchin\n|-damage|p1a: Pincurchin|75/258\n|move|p1a: Pincurchin|Zing Zap|p2a: Masquerain\n|-supereffective|p2a: Masquerain\n|-damage|p2a: Masquerain|0 fnt\n|faint|p2a: Masquerain\n|\n|-heal|p1a: Pincurchin|91/258|[from] item: Leftovers\n|upkeep\n|\n|t:|1783566033\n|switch|p2a: Arceus|Arceus-Rock, L74|100/100\n|turn|4\n|inactive|Time left: 300 sec this turn | 300 sec total\n|\n|t:|1783566034\n|switch|p1a: Diancie|Diancie, L82|216/216\n|move|p2a: Arceus|Judgment|p1a: Diancie\n|-damage|p1a: Diancie|140/216\n|\n|-heal|p1a: Diancie|153/216|[from] item: Leftovers\n|upkeep\n|turn|5\n|inactive|Time left: 300 sec this turn | 300 sec total\n|\n|t:|1783566035\n|move|p2a: Arceus|Judgment|p1a: Diancie\n|-damage|p1a: Diancie|78/216\n|move|p1a: Diancie|Stealth Rock|p2a: Arceus\n|-sidestart|p2: p0y2328418a|move: Stealth Rock\n|\n|-heal|p1a: Diancie|91/216|[from] item: Leftovers\n|upkeep\n|turn|6\n|inactive|Time left: 300 sec this turn | 300 sec total\n|\n|t:|1783566036\n|move|p2a: Arceus|Calm Mind|p2a: Arceus\n|-boost|p2a: Arceus|spa|1\n|-boost|p2a: Arceus|spd|1\n|move|p1a: Diancie|Moonblast|p2a: Arceus\n|-damage|p2a: Arceus|81/100\n|\n|-heal|p1a: Diancie|104/216|[from] item: Leftovers\n|-fieldend|move: Electric Terrain\n|upkeep\n|turn|7\n|inactive|Time left: 300 sec this turn | 300 sec total\n|\n|t:|1783566037\n|-terastallize|p1a: Diancie|Fighting\n|move|p2a: Arceus|Judgment|p1a: Diancie\n|-resisted|p1a: Diancie\n|-damage|p1a: Diancie|48/216\n|move|p1a: Diancie|Body Press|p2a: Arceus\n|-supereffective|p2a: Arceus\n|-damage|p2a: Arceus|17/100\n|\n|-heal|p1a: Diancie|61/216|[from] item: Leftovers\n|upkeep\n|turn|8\n|inactive|Time left: 300 sec this turn | 300 sec total\n|\n|t:|1783566038\n|move|p2a: Arceus|Earth Power|p1a: Diancie\n|-damage|p1a: Diancie|1/216\n|move|p1a: Diancie|Body Press|p2a: Arceus\n|-supereffective|p2a: Arceus\n|-damage|p2a: Arceus|0 fnt\n|faint|p2a: Arceus\n|\n|-heal|p1a: Diancie|14/216|[from] item: Leftovers\n|upkeep\n|\n|t:|1783566039\n|switch|p2a: Toxicroak|Toxicroak, L84, M|100/100\n|-damage|p2a: Toxicroak|94/100|[from] Stealth Rock\n|turn|9\n|inactive|Time left: 300 sec this turn | 300 sec total\n|\n|t:|1783566040\n|move|p2a: Toxicroak|Gunk Shot|p1a: Diancie\n|-damage|p1a: Diancie|0 fnt\n|faint|p1a: Diancie\n|-damage|p2a: Toxicroak|85/100|[from] item: Life Orb\n|\n|upkeep\n|inactive|Time left: 300 sec this turn | 300 sec total | 5 sec grace\n|\n|t:|1783566041\n|switch|p1a: Greedent|Greedent, L86, M|347/347\n|turn|10\n|inactive|Time left: 300 sec this turn | 300 sec total\n|\n|t:|1783566042\n|move|p2a: Toxicroak|Swords Dance|p2a: Toxicroak\n|-boost|p2a: Toxicroak|atk|2\n|move|p1a: Greedent|Earthquake|p2a: Toxicroak\n|-supereffective|p2a: Toxicroak\n|-damage|p2a: Toxicroak|14/100\n|\n|upkeep\n|turn|11\n|inactive|Time left: 300 sec this turn | 300 sec total\n|\n|t:|1783566043\n|switch|p1a: Pincurchin|Pincurchin, F|91/258\n|-fieldstart|move: Electric Terrain|[from] ability: Electric Surge|[of] p1a: Pincurchin\n|move|p2a: Toxicroak|Close Combat|p1a: Pincurchin\n|-damage|p1a: Pincurchin|0 fnt\n|-unboost|p2a: Toxicroak|def|1\n|-unboost|p2a: Toxicroak|spd|1\n|faint|p1a: Pincurchin\n|-damage|p2a: Toxicroak|4/100|[from] item: Life Orb\n|\n|upkeep\n|inactive|Time left: 300 sec this turn | 300 sec total | 5 sec grace\n|\n|t:|1783566044\n|switch|p1a: Mienshao|Mienshao, L83, M|244/244\n|turn|12\n|inactive|Time left: 300 sec this turn | 300 sec total\n|\n|t:|1783566045\n|move|p2a: Toxicroak|Sucker Punch|p1a: Mienshao\n|-resisted|p1a: Mienshao\n|-damage|p1a: Mienshao|149/244\n|-damage|p2a: Toxicroak|0 fnt|[from] item: Life Orb\n|faint|p2a: Toxicroak\n|move|p1a: Mienshao|Poison Jab|p2: Toxicroak|[notarget]\n|-fail|p1a: Mienshao\n|\n|upkeep\n|\n|t:|1783566046\n|switch|p2a: Rotom|Rotom-Heat, L83|100/100\n|turn|13\n|inactive|Time left: 300 sec this turn | 300 sec total\n|\n|t:|1783566047\n|move|p1a: Mienshao|Close Combat|p2a: Rotom\n|-damage|p2a: Rotom|21/100\n|-unboost|p1a: Mienshao|def|1\n|-unboost|p1a: Mienshao|spd|1\n|-damage|p1a: Mienshao|125/244|[from] item: Life Orb\n|move|p2a: Rotom|Nasty Plot|p2a: Rotom\n|-boost|p2a: Rotom|spa|2\n|\n|upkeep\n|turn|14\n|inactive|Time left: 300 sec this turn | 300 sec total\n|\n|t:|1783566048\n|switch|p2a: Gastrodon|Gastrodon, L86, F|100/100\n|-damage|p2a: Gastrodon|94/100|[from] Stealth Rock\n|move|p1a: Mienshao|Knock Off|p2a: Gastrodon\n|-damage|p2a: Gastrodon|54/100\n|-enditem|p2a: Gastrodon|Leftovers|[from] move: Knock Off|[of] p1a: Mienshao\n|-damage|p1a: Mienshao|101/244|[from] item: Life Orb\n|\n|upkeep\n|turn|15\n|inactive|Time left: 300 sec this turn | 300 sec total\n|\n|t:|1783566049\n|switch|p2a: Giratina|Giratina-Origin, L72|100/100\n|-damage|p2a: Giratina|88/100|[from] Stealth Rock\n|move|p1a: Mienshao|Close Combat|p2a: Giratina\n|-immune|p2a: Giratina\n|\n|-fieldend|move: Electric Terrain\n|upkeep\n|turn|16\n|inactive|Time left: 300 sec this turn | 300 sec total\n|\n|t:|1783566050\n|switch|p1a: Meganium|Meganium, L90, F|290/290\n|move|p2a: Giratina|Poltergeist|p1a: Meganium\n|-activate|p1a: Meganium|move: Poltergeist|Leftovers\n|-damage|p1a: Meganium|179/290\n|\n|-heal|p1a: Meganium|197/290|[from] item: Leftovers\n|upkeep\n|turn|17\n|inactive|Time left: 300 sec this turn | 300 sec total\n|\n|t:|1783566051\n|move|p1a: Meganium|Knock Off|p2a: Giratina\n|-supereffective|p2a: Giratina\n|-damage|p2a: Giratina|61/100\n|move|p2a: Giratina|Poltergeist|p1a: Meganium\n|-activate|p1a: Meganium|move: Poltergeist|Leftovers\n|-damage|p1a: Meganium|98/290\n|\n|-heal|p1a: Meganium|116/290|[from] item: Leftovers\n|upkeep\n|turn|18\n|inactive|Time left: 300 sec this turn | 300 sec total\n|\n|t:|1783566053\n|move|p1a: Meganium|Synthesis|p1a: Meganium\n|-heal|p1a: Meganium|261/290\n|move|p2a: Giratina|Poltergeist|p1a: Meganium\n|-activate|p1a: Meganium|move: Poltergeist|Leftovers\n|-damage|p1a: Meganium|156/290\n|\n|-heal|p1a: Meganium|174/290|[from] item: Leftovers\n|upkeep\n|turn|19\n|inactive|Time left: 300 sec this turn | 300 sec total\n|\n|t:|1783566054\n|move|p1a: Meganium|Synthesis|p1a: Meganium\n|-heal|p1a: Meganium|290/290\n|move|p2a: Giratina|Poltergeist|p1a: Meganium\n|-activate|p1a: Meganium|move: Poltergeist|Leftovers\n|-damage|p1a: Meganium|185/290\n|\n|-heal|p1a: Meganium|203/290|[from] item: Leftovers\n|upkeep\n|turn|20\n|inactive|Time left: 300 sec this turn | 300 sec total\n|\n|t:|1783566055\n|move|p1a: Meganium|Synthesis|p1a: Meganium\n|-heal|p1a: Meganium|290/290\n|move|p2a: Giratina|Poltergeist|p1a: Meganium\n|-activate|p1a: Meganium|move: Poltergeist|Leftovers\n|-damage|p1a: Meganium|191/290\n|\n|-heal|p1a: Meganium|209/290|[from] item: Leftovers\n|upkeep\n|turn|21\n|inactive|Time left: 300 sec this turn | 300 sec total\n|\n|t:|1783566056\n|move|p1a: Meganium|Knock Off|p2a: Giratina\n|-supereffective|p2a: Giratina\n|-damage|p2a: Giratina|31/100\n|move|p2a: Giratina|Poltergeist|p1a: Meganium\n|-activate|p1a: Meganium|move: Poltergeist|Leftovers\n|-damage|p1a: Meganium|109/290\n|\n|-heal|p1a: Meganium|127/290|[from] item: Leftovers\n|upkeep\n|turn|22\n|inactive|Time left: 300 sec this turn | 300 sec total\n|\n|t:|1783566057\n|move|p1a: Meganium|Synthesis|p1a: Meganium\n|-heal|p1a: Meganium|272/290\n|move|p2a: Giratina|Poltergeist|p1a: Meganium\n|-activate|p1a: Meganium|move: Poltergeist|Leftovers\n|-damage|p1a: Meganium|166/290\n|\n|-heal|p1a: Meganium|184/290|[from] item: Leftovers\n|upkeep\n|turn|23\n|inactive|Time left: 300 sec this turn | 300 sec total\n|\n|t:|1783566058\n|move|p1a: Meganium|Knock Off|p2a: Giratina\n|-supereffective|p2a: Giratina\n|-damage|p2a: Giratina|0 fnt\n|faint|p2a: Giratina\n|\n|-heal|p1a: Meganium|202/290|[from] item: Leftovers\n|upkeep\n|\n|t:|1783566059\n|switch|p2a: Gastrodon|Gastrodon, L86, F|54/100\n|-damage|p2a: Gastrodon|48/100|[from] Stealth Rock\n|turn|24\n|inactive|Time left: 300 sec this turn | 300 sec total\n|\n|t:|1783566060\n|-terastallize|p2a: Gastrodon|Steel\n|move|p1a: Meganium|Energy Ball|p2a: Gastrodon\n|-resisted|p2a: Gastrodon\n|-damage|p2a: Gastrodon|33/100\n|move|p2a: Gastrodon|Ice Beam|p1a: Meganium\n|-supereffective|p1a: Meganium\n|-crit|p1a: Meganium\n|-damage|p1a: Meganium|48/290\n|\n|-heal|p1a: Meganium|66/290|[from] item: Leftovers\n|upkeep\n|turn|25\n|inactive|Time left: 300 sec this turn | 300 sec total\n|\n|t:|1783566061\n|switch|p1a: Mienshao|Mienshao, L83, M|182/244\n|move|p2a: Gastrodon|Recover|p2a: Gastrodon\n|-heal|p2a: Gastrodon|84/100\n|\n|upkeep\n|turn|26\n|inactive|Time left: 300 sec this turn | 300 sec total\n|\n|t:|1783566062\n|move|p1a: Mienshao|Close Combat|p2a: Gastrodon\n|-supereffective|p2a: Gastrodon\n|-damage|p2a: Gastrodon|0 fnt\n|-unboost|p1a: Mienshao|def|1\n|-unboost|p1a: Mienshao|spd|1\n|faint|p2a: Gastrodon\n|-damage|p1a: Mienshao|158/244|[from] item: Life Orb\n|\n|upkeep\n|\n|t:|1783566062\n|switch|p2a: Rotom|Rotom-Heat, L83|21/100\n|turn|27\n|inactive|Time left: 300 sec this turn | 300 sec total\n|\n|t:|1783566063\n|move|p1a: Mienshao|Poison Jab|p2a: Rotom\n|-crit|p2a: Rotom\n|-damage|p2a: Rotom|0 fnt\n|faint|p2a: Rotom\n|-damage|p1a: Mienshao|134/244|[from] item: Life Orb\n|\n|win|p0x23281738", "uploadtime": 1783566063, "views": 0, "rating": 0, "private": 0, "password": null, "_winner": "p0x23281738", "_our_name": "p0x23281738"}