{"id": "battle-gen9randombattle-1160", "formatid": "gen9randombattle", "format": "[Gen 9] Random Battle", "players": ["p0x1160c713", "p0y11602c57"], "log": "|init|battle\n|title|p0x1160c713 vs. p0y11602c57\n|j|\u2606p0x1160c713\n|j|\u2606p0y11602c57\n|t:|1783553461\n|gametype|singles\n|player|p1|p0x1160c713|101|\n|player|p2|p0y11602c57|101|\n|gen|9\n|tier|[Gen 9] Random Battle\n|rule|Species Clause: Limit one of each Pok\u00e9mon\n|rule|HP Percentage Mod: HP is shown in percentages\n|rule|Sleep Clause Mod: Limit one foe put to sleep\n|rule|Illusion Level Mod: Illusion disguises the Pok\u00e9mon's true level\n|\n|t:|1783553461\n|teamsize|p1|6\n|teamsize|p2|6\n|start\n|switch|p1a: Torkoal|Torkoal, L88, F|100/100\n|switch|p2a: Skarmory|Skarmory, L80, F|235/235\n|-weather|SunnyDay|[from] ability: Drought|[of] p1a: Torkoal\n|turn|1\n|inactive|Battle timer is ON: inactive players will automatically lose when time's up. (requested by p0x1160c713)\n|inactive|Time left: 300 sec this turn | 300 sec total | 60 sec grace\n|inactive|p0y11602c57 also wants the timer to be on.\n|\n|t:|1783553462\n|move|p2a: Skarmory|Stealth Rock|p1a: Torkoal\n|-sidestart|p1: p0x1160c713|move: Stealth Rock\n|move|p1a: Torkoal|Fire Blast|p2a: Skarmory|[miss]\n|-miss|p1a: Torkoal|p2a: Skarmory\n|\n|-weather|SunnyDay|[upkeep]\n|upkeep\n|turn|2\n|inactive|Time left: 300 sec this turn | 300 sec total\n|\n|t:|1783553463\n|switch|p2a: Raging Bolt|Raging Bolt, L78|323/323\n|-activate|p2a: Raging Bolt|ability: Protosynthesis\n|-start|p2a: Raging Bolt|protosynthesisspa\n|move|p1a: Torkoal|Fire Blast|p2a: Raging Bolt\n|-resisted|p2a: Raging Bolt\n|-damage|p2a: Raging Bolt|236/323\n|\n|-weather|SunnyDay|[upkeep]\n|upkeep\n|turn|3\n|inactive|Time left: 300 sec this turn | 300 sec total\n|\n|t:|1783553464\n|move|p2a: Raging Bolt|Dragon Pulse|p1a: Torkoal\n|-damage|p1a: Torkoal|46/100\n|move|p1a: Torkoal|Stealth Rock|p2a: Raging Bolt\n|-sidestart|p2: p0y11602c57|move: Stealth Rock\n|\n|-weather|SunnyDay|[upkeep]\n|upkeep\n|turn|4\n|inactive|Time left: 300 sec this turn | 300 sec total\n|\n|t:|1783553465\n|switch|p1a: Groudon|Groudon, L72|100/100\n|-damage|p1a: Groudon|94/100|[from] Stealth Rock\n|move|p2a: Raging Bolt|Dragon Pulse|p1a: Groudon\n|-damage|p1a: Groudon|38/100\n|\n|-weather|SunnyDay|[upkeep]\n|-heal|p1a: Groudon|44/100|[from] item: Leftovers\n|upkeep\n|turn|5\n|inactive|Time left: 300 sec this turn | 300 sec total\n|\n|t:|1783553466\n|move|p1a: Groudon|Precipice Blades|p2a: Raging Bolt\n|-supereffective|p2a: Raging Bolt\n|-damage|p2a: Raging Bolt|0 fnt\n|faint|p2a: Raging Bolt\n|-end|p2a: Raging Bolt|Protosynthesis|[silent]\n|\n|-weather|none\n|-heal|p1a: Groudon|50/100|[from] item: Leftovers\n|upkeep\n|inactive|Time left: 300 sec this turn | 300 sec total | 5 sec grace\n|\n|t:|1783553467\n|switch|p2a: Florges|Florges, L85, F|271/271\n|-damage|p2a: Florges|238/271|[from] Stealth Rock\n|turn|6\n|inactive|Time left: 300 sec this turn | 300 sec total\n|\n|t:|1783553469\n|move|p2a: Florges|Moonblast|p1a: Groudon\n|-damage|p1a: Groudon|0 fnt\n|faint|p1a: Groudon\n|\n|-heal|p2a: Florges|254/271|[from] item: Leftovers\n|upkeep\n|\n|t:|1783553470\n|switch|p1a: Basculin|Basculin, L86, M|100/100\n|-damage|p1a: Basculin|88/100|[from] Stealth Rock\n|turn|7\n|inactive|Time left: 300 sec this turn | 300 sec total\n|\n|t:|1783553471\n|move|p2a: Florges|Protect|p2a: Florges\n|-singleturn|p2a: Florges|Protect\n|move|p1a: Basculin|Wave Crash|p2a: Florges\n|-activate|p2a: Florges|move: Protect\n|\n|-heal|p2a: Florges|270/271|[from] item: Leftovers\n|upkeep\n|turn|8\n|inactive|Time left: 300 sec this turn | 300 sec total\n|\n|t:|1783553472\n|switch|p2a: Ogerpon|Ogerpon, L80, F|259/259\n|-damage|p2a: Ogerpon|227/259|[from] Stealth Rock\n|move|p1a: Basculin|Wave Crash|p2a: Ogerpon\n|-resisted|p2a: Ogerpon\n|-damage|p2a: Ogerpon|90/259\n|-damage|p1a: Basculin|71/100|[from] Recoil\n|\n|upkeep\n|turn|9\n|inactive|Time left: 300 sec this turn | 300 sec total\n|\n|t:|1783553473\n|move|p2a: Ogerpon|Ivy Cudgel|p1a: Basculin\n|-supereffective|p1a: Basculin\n|-damage|p1a: Basculin|0 fnt\n|faint|p1a: Basculin\n|-damage|p2a: Ogerpon|65/259|[from] item: Life Orb\n|\n|upkeep\n|\n|t:|1783553474\n|switch|p1a: Flapple|Flapple, L88, F|100/100\n|-damage|p1a: Flapple|88/100|[from] Stealth Rock\n|turn|10\n|inactive|Time left: 300 sec this turn | 300 sec total\n|\n|t:|1783553475\n|move|p2a: Ogerpon|Knock Off|p1a: Flapple\n|-damage|p1a: Flapple|53/100\n|-enditem|p1a: Flapple|Wide Lens|[from] move: Knock Off|[of] p2a: Ogerpon\n|-damage|p2a: Ogerpon|40/259|[from] item: Life Orb\n|move|p1a: Flapple|Dragon Dance|p1a: Flapple\n|-boost|p1a: Flapple|atk|1\n|-boost|p1a: Flapple|spe|1\n|\n|upkeep\n|turn|11\n|inactive|Time left: 300 sec this turn | 300 sec total\n|\n|t:|1783553476\n|move|p1a: Flapple|Grav Apple|p2a: Ogerpon\n|-resisted|p2a: Ogerpon\n|-damage|p2a: Ogerpon|0 fnt\n|faint|p2a: Ogerpon\n|\n|upkeep\n|inactive|Time left: 300 sec this turn | 300 sec total | 5 sec grace\n|\n|t:|1783553477\n|switch|p2a: Probopass|Probopass, L91, F|257/257\n|-damage|p2a: Probopass|241/257|[from] Stealth Rock\n|turn|12\n|inactive|Time left: 300 sec this turn | 300 sec total\n|\n|t:|1783553478\n|move|p1a: Flapple|Grav Apple|p2a: Probopass\n|-damage|p2a: Probopass|97/257\n|-unboost|p2a: Probopass|def|1\n|move|p2a: Probopass|Power Gem|p1a: Flapple\n|-damage|p1a: Flapple|13/100\n|\n|-heal|p2a: Probopass|113/257|[from] item: Leftovers\n|upkeep\n|turn|13\n|inactive|Time left: 300 sec this turn | 300 sec total\n|\n|t:|1783553480\n|move|p1a: Flapple|Grav Apple|p2a: Probopass\n|-damage|p2a: Probopass|0 fnt\n|faint|p2a: Probopass\n|\n|upkeep\n|inactive|Time left: 300 sec this turn | 300 sec total | 5 sec grace\n|\n|t:|1783553481\n|switch|p2a: Houndstone|Houndstone, L86, F|264/264\n|-damage|p2a: Houndstone|231/264|[from] Stealth Rock\n|turn|14\n|inactive|Time left: 300 sec this turn | 300 sec total\n|\n|t:|1783553482\n|move|p2a: Houndstone|Shadow Sneak|p1a: Flapple\n|-damage|p1a: Flapple|0 fnt\n|faint|p1a: Flapple\n|\n|upkeep\n|\n|t:|1783553483\n|switch|p1a: Torkoal|Torkoal, L88, F|46/100\n|-weather|SunnyDay|[from] ability: Drought|[of] p1a: Torkoal\n|turn|15\n|inactive|Time left: 300 sec this turn | 300 sec total\n|\n|t:|1783553484\n|move|p2a: Houndstone|Poltergeist|p1a: Torkoal\n|-activate|p1a: Torkoal|move: Poltergeist|Heavy-Duty Boots\n|-damage|p1a: Torkoal|12/100\n|move|p1a: Torkoal|Fire Blast|p2a: Houndstone\n|-damage|p2a: Houndstone|31/264\n|\n|-weather|SunnyDay|[upkeep]\n|upkeep\n|turn|16\n|inactive|Time left: 300 sec this turn | 300 sec total\n|\n|t:|1783553485\n|move|p2a: Houndstone|Body Press|p1a: Torkoal\n|-damage|p1a: Torkoal|0 fnt\n|faint|p1a: Torkoal\n|\n|-weather|SunnyDay|[upkeep]\n|upkeep\n|\n|t:|1783553486\n|switch|p1a: Medicham|Medicham, L86, M|100/100\n|-damage|p1a: Medicham|94/100|[from] Stealth Rock\n|turn|17\n|inactive|Time left: 300 sec this turn | 300 sec total\n|\n|t:|1783553487\n|move|p2a: Houndstone|Shadow Sneak|p1a: Medicham\n|-supereffective|p1a: Medicham\n|-damage|p1a: Medicham|49/100\n|move|p1a: Medicham|Zen Headbutt|p2a: Houndstone\n|-damage|p2a: Houndstone|0 fnt\n|faint|p2a: Houndstone\n|\n|-weather|SunnyDay|[upkeep]\n|upkeep\n|inactive|Time left: 300 sec this turn | 300 sec total | 5 sec grace\n|\n|t:|1783553488\n|switch|p2a: Florges|Florges, L85, F|270/271\n|-damage|p2a: Florges|237/271|[from] Stealth Rock\n|turn|18\n|inactive|Time left: 300 sec this turn | 300 sec total\n|\n|t:|1783553489\n|-terastallize|p2a: Florges|Steel\n|move|p1a: Medicham|Zen Headbutt|p2a: Florges\n|-resisted|p2a: Florges\n|-damage|p2a: Florges|123/271\n|move|p2a: Florges|Moonblast|p1a: Medicham\n|-supereffective|p1a: Medicham\n|-damage|p1a: Medicham|0 fnt\n|faint|p1a: Medicham\n|\n|-weather|SunnyDay|[upkeep]\n|-heal|p2a: Florges|139/271|[from] item: Leftovers\n|upkeep\n|\n|t:|1783553490\n|switch|p1a: Sneasler|Sneasler, L74, M|100/100\n|-damage|p1a: Sneasler|94/100|[from] Stealth Rock\n|turn|19\n|inactive|Time left: 300 sec this turn | 300 sec total\n|\n|t:|1783553491\n|move|p1a: Sneasler|Throat Chop|p2a: Florges\n|-damage|p2a: Florges|42/271\n|-start|p2a: Florges|Throat Chop|[silent]\n|move|p2a: Florges|Moonblast|p1a: Sneasler\n|-damage|p1a: Sneasler|33/100\n|\n|-weather|none\n|-heal|p2a: Florges|58/271|[from] item: Leftovers\n|upkeep\n|turn|20\n|inactive|Time left: 300 sec this turn | 300 sec total\n|\n|t:|1783553492\n|-terastallize|p1a: Sneasler|Fighting\n|move|p1a: Sneasler|Throat Chop|p2a: Florges\n|-damage|p2a: Florges|0 fnt\n|faint|p2a: Florges\n|\n|upkeep\n|inactive|Time left: 300 sec this turn | 300 sec total | 5 sec grace\n|\n|t:|1783553493\n|switch|p2a: Skarmory|Skarmory, L80, F|235/235\n|-damage|p2a: Skarmory|206/235|[from] Stealth Rock\n|turn|21\n|inactive|Time left: 300 sec this turn | 300 sec total\n|\n|t:|1783553494\n|move|p1a: Sneasler|Throat Chop|p2a: Skarmory\n|-damage|p2a: Skarmory|150/235\n|-start|p2a: Skarmory|Throat Chop|[silent]\n|-damage|p1a: Sneasler|16/100|[from] item: Rocky Helmet|[of] p2a: Skarmory\n|move|p2a: Skarmory|Roost|p2a: Skarmory\n|-heal|p2a: Skarmory|235/235\n|-singleturn|p2a: Skarmory|move: Roost\n|\n|upkeep\n|turn|22\n|inactive|Time left: 300 sec this turn | 300 sec total\n|\n|t:|1783553494\n|move|p1a: Sneasler|Throat Chop|p2a: Skarmory\n|-damage|p2a: Skarmory|176/235\n|-damage|p1a: Sneasler|0 fnt|[from] item: Rocky Helmet|[of] p2a: Skarmory\n|faint|p1a: Sneasler\n|\n|win|p0y11602c57", "uploadtime": 1783553495, "views": 0, "rating": 0, "private": 0, "password": null, "_winner": "p0y11602c57", "_our_name": "p0y11602c57"}