{"id": "battle-gen9randombattle-2631", "formatid": "gen9randombattle", "format": "[Gen 9] Random Battle", "players": ["p0x2631a503", "p0y2631775a"], "log": "|init|battle\n|title|p0x2631a503 vs. p0y2631775a\n|j|\u2606p0x2631a503\n|j|\u2606p0y2631775a\n|t:|1783569378\n|gametype|singles\n|player|p1|p0x2631a503|2|\n|player|p2|p0y2631775a|266|\n|gen|9\n|tier|[Gen 9] Random Battle\n|rule|Species Clause: Limit one of each Pok\u00e9mon\n|rule|HP Percentage Mod: HP is shown in percentages\n|rule|Sleep Clause Mod: Limit one foe put to sleep\n|rule|Illusion Level Mod: Illusion disguises the Pok\u00e9mon's true level\n|\n|t:|1783569378\n|teamsize|p1|6\n|teamsize|p2|6\n|start\n|switch|p1a: Drifblim|Drifblim, L86, M|398/398\n|switch|p2a: Ceruledge|Ceruledge, L78, F|100/100\n|turn|1\n|inactive|Battle timer is ON: inactive players will automatically lose when time's up. (requested by p0y2631775a)\n|inactive|Time left: 300 sec this turn | 300 sec total | 60 sec grace\n|inactive|p0x2631a503 also wants the timer to be on.\n|\n|t:|1783569380\n|move|p1a: Drifblim|Shadow Ball|p2a: Ceruledge\n|-supereffective|p2a: Ceruledge\n|-damage|p2a: Ceruledge|29/100\n|move|p2a: Ceruledge|Poltergeist|p1a: Drifblim\n|-activate|p1a: Drifblim|move: Poltergeist|Heavy-Duty Boots\n|-supereffective|p1a: Drifblim\n|-damage|p1a: Drifblim|20/398\n|\n|upkeep\n|turn|2\n|inactive|Time left: 300 sec this turn | 300 sec total\n|\n|t:|1783569381\n|move|p2a: Ceruledge|Shadow Sneak|p1a: Drifblim\n|-supereffective|p1a: Drifblim\n|-damage|p1a: Drifblim|0 fnt\n|-damage|p2a: Ceruledge|5/100|[from] ability: Aftermath|[of] p1a: Drifblim\n|faint|p1a: Drifblim\n|\n|upkeep\n|inactive|Time left: 300 sec this turn | 300 sec total | 5 sec grace\n|\n|t:|1783569382\n|switch|p1a: Iron Jugulis|Iron Jugulis, L77|271/271\n|turn|3\n|inactive|Time left: 300 sec this turn | 300 sec total\n|\n|t:|1783569383\n|move|p2a: Ceruledge|Shadow Sneak|p1a: Iron Jugulis\n|-resisted|p1a: Iron Jugulis\n|-damage|p1a: Iron Jugulis|244/271\n|move|p1a: Iron Jugulis|Dark Pulse|p2a: Ceruledge\n|-supereffective|p2a: Ceruledge\n|-damage|p2a: Ceruledge|0 fnt\n|faint|p2a: Ceruledge\n|\n|upkeep\n|\n|t:|1783569384\n|switch|p2a: Poliwrath|Poliwrath, L88, M|100/100\n|turn|4\n|inactive|Time left: 300 sec this turn | 300 sec total\n|\n|t:|1783569385\n|move|p1a: Iron Jugulis|Dark Pulse|p2a: Poliwrath\n|-resisted|p2a: Poliwrath\n|-damage|p2a: Poliwrath|83/100\n|move|p2a: Poliwrath|Liquidation|p1a: Iron Jugulis\n|-damage|p1a: Iron Jugulis|138/271\n|\n|-heal|p2a: Poliwrath|89/100|[from] item: Leftovers\n|upkeep\n|turn|5\n|inactive|Time left: 300 sec this turn | 300 sec total\n|\n|t:|1783569386\n|move|p1a: Iron Jugulis|Dark Pulse|p2a: Poliwrath\n|-resisted|p2a: Poliwrath\n|-damage|p2a: Poliwrath|70/100\n|cant|p2a: Poliwrath|flinch\n|\n|-heal|p2a: Poliwrath|76/100|[from] item: Leftovers\n|upkeep\n|turn|6\n|inactive|Time left: 300 sec this turn | 300 sec total\n|\n|t:|1783569387\n|move|p1a: Iron Jugulis|Dark Pulse|p2a: Poliwrath\n|-resisted|p2a: Poliwrath\n|-damage|p2a: Poliwrath|56/100\n|move|p2a: Poliwrath|Bulk Up|p2a: Poliwrath\n|-boost|p2a: Poliwrath|atk|1\n|-boost|p2a: Poliwrath|def|1\n|\n|-heal|p2a: Poliwrath|62/100|[from] item: Leftovers\n|upkeep\n|turn|7\n|inactive|Time left: 300 sec this turn | 300 sec total\n|\n|t:|1783569388\n|move|p1a: Iron Jugulis|Dark Pulse|p2a: Poliwrath\n|-resisted|p2a: Poliwrath\n|-damage|p2a: Poliwrath|41/100\n|move|p2a: Poliwrath|Drain Punch|p1a: Iron Jugulis\n|-damage|p1a: Iron Jugulis|0 fnt\n|-heal|p2a: Poliwrath|64/100|[from] drain|[of] p1a: Iron Jugulis\n|faint|p1a: Iron Jugulis\n|-end|p1a: Iron Jugulis|Quark Drive|[silent]\n|\n|-heal|p2a: Poliwrath|70/100|[from] item: Leftovers\n|upkeep\n|inactive|Time left: 300 sec this turn | 300 sec total | 5 sec grace\n|\n|t:|1783569389\n|switch|p1a: Uxie|Uxie, L83|260/260\n|turn|8\n|inactive|Time left: 300 sec this turn | 300 sec total\n|\n|t:|1783569390\n|move|p1a: Uxie|Psychic Noise|p2a: Poliwrath\n|-supereffective|p2a: Poliwrath\n|-damage|p2a: Poliwrath|32/100\n|-start|p2a: Poliwrath|move: Heal Block\n|move|p2a: Poliwrath|Knock Off|p1a: Uxie\n|-supereffective|p1a: Uxie\n|-damage|p1a: Uxie|102/260\n|-enditem|p1a: Uxie|Leftovers|[from] move: Knock Off|[of] p2a: Poliwrath\n|\n|upkeep\n|turn|9\n|inactive|Time left: 300 sec this turn | 300 sec total\n|\n|t:|1783569391\n|move|p1a: Uxie|Psychic Noise|p2a: Poliwrath\n|-supereffective|p2a: Poliwrath\n|-damage|p2a: Poliwrath|0 fnt\n|faint|p2a: Poliwrath\n|\n|upkeep\n|\n|t:|1783569392\n|switch|p2a: Chandelure|Chandelure, L83, M|100/100\n|turn|10\n|inactive|Time left: 300 sec this turn | 300 sec total\n|\n|t:|1783569393\n|switch|p1a: Swalot|Swalot, L90, M|326/326\n|move|p2a: Chandelure|Shadow Ball|p1a: Swalot\n|-damage|p1a: Swalot|211/326\n|-unboost|p1a: Swalot|spd|1\n|\n|-heal|p1a: Swalot|231/326|[from] item: Leftovers\n|upkeep\n|turn|11\n|inactive|Time left: 300 sec this turn | 300 sec total\n|\n|t:|1783569394\n|move|p2a: Chandelure|Fire Blast|p1a: Swalot\n|-damage|p1a: Swalot|9/326\n|move|p1a: Swalot|Knock Off|p2a: Chandelure\n|-supereffective|p2a: Chandelure\n|-damage|p2a: Chandelure|43/100\n|-enditem|p2a: Chandelure|Leftovers|[from] move: Knock Off|[of] p1a: Swalot\n|\n|-heal|p1a: Swalot|29/326|[from] item: Leftovers\n|upkeep\n|turn|12\n|inactive|Time left: 300 sec this turn | 300 sec total\n|\n|t:|1783569395\n|move|p2a: Chandelure|Shadow Ball|p1a: Swalot\n|-damage|p1a: Swalot|0 fnt\n|faint|p1a: Swalot\n|\n|upkeep\n|inactive|Time left: 300 sec this turn | 300 sec total | 5 sec grace\n|\n|t:|1783569396\n|switch|p1a: Shiftry|Shiftry, L89, M|305/305\n|turn|13\n|inactive|Time left: 300 sec this turn | 300 sec total\n|\n|t:|1783569397\n|move|p1a: Shiftry|Knock Off|p2a: Chandelure\n|-supereffective|p2a: Chandelure\n|-damage|p2a: Chandelure|0 fnt\n|faint|p2a: Chandelure\n|-damage|p1a: Shiftry|275/305|[from] item: Life Orb\n|\n|upkeep\n|\n|t:|1783569398\n|switch|p2a: Chien-Pao|Chien-Pao, L72|100/100\n|-ability|p2a: Chien-Pao|Sword of Ruin\n|turn|14\n|inactive|Time left: 300 sec this turn | 300 sec total\n|\n|t:|1783569399\n|switch|p1a: Magearna|Magearna, L77|250/250\n|move|p2a: Chien-Pao|Icicle Crash|p1a: Magearna\n|-resisted|p1a: Magearna\n|-damage|p1a: Magearna|200/250\n|\n|upkeep\n|turn|15\n|inactive|Time left: 300 sec this turn | 300 sec total\n|\n|t:|1783569400\n|switch|p2a: Gastrodon|Gastrodon, L86, F|100/100\n|move|p1a: Magearna|Shift Gear|p1a: Magearna\n|-boost|p1a: Magearna|spe|2\n|-boost|p1a: Magearna|atk|1\n|\n|upkeep\n|turn|16\n|inactive|Time left: 300 sec this turn | 300 sec total\n|\n|t:|1783569401\n|move|p1a: Magearna|Iron Head|p2a: Gastrodon\n|-resisted|p2a: Gastrodon\n|-crit|p2a: Gastrodon\n|-damage|p2a: Gastrodon|74/100\n|move|p2a: Gastrodon|Surf|p1a: Magearna\n|-damage|p1a: Magearna|121/250\n|\n|-heal|p2a: Gastrodon|80/100|[from] item: Leftovers\n|upkeep\n|turn|17\n|inactive|Time left: 300 sec this turn | 300 sec total\n|\n|t:|1783569402\n|move|p1a: Magearna|Iron Head|p2a: Gastrodon\n|-resisted|p2a: Gastrodon\n|-damage|p2a: Gastrodon|63/100\n|move|p2a: Gastrodon|Earthquake|p1a: Magearna\n|-supereffective|p1a: Magearna\n|-damage|p1a: Magearna|0 fnt\n|faint|p1a: Magearna\n|\n|-heal|p2a: Gastrodon|69/100|[from] item: Leftovers\n|upkeep\n|inactive|Time left: 300 sec this turn | 300 sec total | 5 sec grace\n|\n|t:|1783569403\n|switch|p1a: Shiftry|Shiftry, L89, M|275/305\n|turn|18\n|inactive|Time left: 300 sec this turn | 300 sec total\n|\n|t:|1783569404\n|-terastallize|p1a: Shiftry|Dark\n|-terastallize|p2a: Gastrodon|Poison\n|move|p1a: Shiftry|Knock Off|p2a: Gastrodon\n|-damage|p2a: Gastrodon|0 fnt\n|-enditem|p2a: Gastrodon|Leftovers|[from] move: Knock Off|[of] p1a: Shiftry\n|faint|p2a: Gastrodon\n|-damage|p1a: Shiftry|245/305|[from] item: Life Orb\n|\n|upkeep\n|\n|t:|1783569405\n|switch|p2a: Chien-Pao|Chien-Pao, L72|100/100\n|-ability|p2a: Chien-Pao|Sword of Ruin\n|turn|19\n|inactive|Time left: 300 sec this turn | 300 sec total\n|\n|t:|1783569406\n|switch|p1a: Uxie|Uxie, L83|102/260\n|move|p2a: Chien-Pao|Icicle Crash|p1a: Uxie\n|-damage|p1a: Uxie|30/260\n|\n|upkeep\n|turn|20\n|inactive|Time left: 300 sec this turn | 300 sec total\n|\n|t:|1783569407\n|move|p2a: Chien-Pao|Swords Dance|p2a: Chien-Pao\n|-boost|p2a: Chien-Pao|atk|2\n|move|p1a: Uxie|Thunder Wave|p2a: Chien-Pao\n|-status|p2a: Chien-Pao|par\n|\n|upkeep\n|turn|21\n|inactive|Time left: 300 sec this turn | 300 sec total\n|\n|t:|1783569408\n|move|p1a: Uxie|Stealth Rock|p2a: Chien-Pao\n|-sidestart|p2: p0y2631775a|move: Stealth Rock\n|move|p2a: Chien-Pao|Swords Dance|p2a: Chien-Pao\n|-boost|p2a: Chien-Pao|atk|2\n|\n|upkeep\n|turn|22\n|inactive|Time left: 300 sec this turn | 300 sec total\n|\n|t:|1783569409\n|move|p1a: Uxie|Knock Off|p2a: Chien-Pao\n|-resisted|p2a: Chien-Pao\n|-damage|p2a: Chien-Pao|86/100 par\n|-enditem|p2a: Chien-Pao|Heavy-Duty Boots|[from] move: Knock Off|[of] p1a: Uxie\n|move|p2a: Chien-Pao|Swords Dance|p2a: Chien-Pao\n|-boost|p2a: Chien-Pao|atk|2\n|\n|upkeep\n|turn|23\n|inactive|Time left: 300 sec this turn | 300 sec total\n|\n|t:|1783569410\n|cant|p2a: Chien-Pao|par\n|move|p1a: Uxie|Knock Off|p2a: Chien-Pao\n|-resisted|p2a: Chien-Pao\n|-damage|p2a: Chien-Pao|77/100 par\n|\n|upkeep\n|turn|24\n|inactive|Time left: 300 sec this turn | 300 sec total\n|\n|t:|1783569411\n|move|p2a: Chien-Pao|Ice Shard|p1a: Uxie\n|-damage|p1a: Uxie|0 fnt\n|faint|p1a: Uxie\n|\n|upkeep\n|inactive|Time left: 300 sec this turn | 300 sec total | 5 sec grace\n|\n|t:|1783569412\n|switch|p1a: Shiftry|Shiftry, L89, M, tera:Dark|245/305\n|turn|25\n|inactive|Time left: 300 sec this turn | 300 sec total\n|\n|t:|1783569413\n|cant|p2a: Chien-Pao|par\n|move|p1a: Shiftry|Leaf Storm|p2a: Chien-Pao\n|-damage|p2a: Chien-Pao|0 fnt\n|-unboost|p1a: Shiftry|spa|2\n|faint|p2a: Chien-Pao\n|-damage|p1a: Shiftry|215/305|[from] item: Life Orb\n|\n|upkeep\n|\n|t:|1783569414\n|switch|p2a: Gothitelle|Gothitelle, L90, M|100/100\n|-damage|p2a: Gothitelle|88/100|[from] Stealth Rock\n|turn|26\n|inactive|Time left: 300 sec this turn | 300 sec total\n|\n|t:|1783569414\n|move|p1a: Shiftry|Sucker Punch||[still]\n|-fail|p1a: Shiftry\n|move|p2a: Gothitelle|Calm Mind|p2a: Gothitelle\n|-boost|p2a: Gothitelle|spa|1\n|-boost|p2a: Gothitelle|spd|1\n|\n|-heal|p2a: Gothitelle|94/100|[from] item: Leftovers\n|upkeep\n|turn|27\n|inactive|Time left: 300 sec this turn | 300 sec total\n|\n|t:|1783569415\n|move|p1a: Shiftry|Knock Off|p2a: Gothitelle\n|-supereffective|p2a: Gothitelle\n|-damage|p2a: Gothitelle|0 fnt\n|-enditem|p2a: Gothitelle|Leftovers|[from] move: Knock Off|[of] p1a: Shiftry\n|faint|p2a: Gothitelle\n|-damage|p1a: Shiftry|185/305|[from] item: Life Orb\n|\n|win|p0x2631a503", "uploadtime": 1783569415, "views": 0, "rating": 0, "private": 0, "password": null, "_winner": "p0x2631a503", "_our_name": "p0x2631a503"}