{"id": "battle-gen9randombattle-104", "formatid": "gen9randombattle", "format": "[Gen 9] Random Battle", "players": ["p0x104e8ae", "p0y1042ab5"], "log": "|init|battle\n|title|p0x104e8ae vs. p0y1042ab5\n|j|\u2606p0x104e8ae\n|j|\u2606p0y1042ab5\n|t:|1783540694\n|gametype|singles\n|player|p1|p0x104e8ae|265|\n|player|p2|p0y1042ab5|169|\n|gen|9\n|tier|[Gen 9] Random Battle\n|rule|Species Clause: Limit one of each Pok\u00e9mon\n|rule|HP Percentage Mod: HP is shown in percentages\n|rule|Sleep Clause Mod: Limit one foe put to sleep\n|rule|Illusion Level Mod: Illusion disguises the Pok\u00e9mon's true level\n|\n|t:|1783540694\n|teamsize|p1|6\n|teamsize|p2|6\n|start\n|switch|p1a: Rabsca|Rabsca, L91, M|100/100\n|switch|p2a: Sceptile|Sceptile, L87, M|264/264\n|turn|1\n|inactive|Battle timer is ON: inactive players will automatically lose when time's up. (requested by p0x104e8ae)\n|inactive|Time left: 300 sec this turn | 300 sec total | 60 sec grace\n|inactive|p0y1042ab5 also wants the timer to be on.\n|\n|t:|1783540695\n|switch|p2a: Dusknoir|Dusknoir, L89, F|225/225\n|-item|p1a: Rabsca|Heavy-Duty Boots|[from] ability: Frisk|[of] p2a: Dusknoir\n|move|p1a: Rabsca|Bug Buzz|p2a: Dusknoir\n|-resisted|p2a: Dusknoir\n|-damage|p2a: Dusknoir|185/225\n|\n|upkeep\n|turn|2\n|inactive|Time left: 300 sec this turn | 300 sec total\n|\n|t:|1783540697\n|switch|p1a: Porygon-Z|Porygon-Z, L83|100/100\n|-ability|p1a: Porygon-Z|Download|boost\n|-boost|p1a: Porygon-Z|spa|1\n|move|p2a: Dusknoir|Poltergeist|p1a: Porygon-Z\n|-immune|p1a: Porygon-Z\n|\n|upkeep\n|turn|3\n|inactive|Time left: 300 sec this turn | 300 sec total\n|\n|t:|1783540698\n|move|p1a: Porygon-Z|Tri Attack|p2a: Dusknoir\n|-immune|p2a: Dusknoir\n|move|p2a: Dusknoir|Poltergeist|p1a: Porygon-Z\n|-immune|p1a: Porygon-Z\n|\n|upkeep\n|turn|4\n|inactive|Time left: 300 sec this turn | 300 sec total\n|\n|t:|1783540699\n|move|p1a: Porygon-Z|Ice Beam|p2a: Dusknoir\n|-damage|p2a: Dusknoir|80/225\n|-damage|p1a: Porygon-Z|91/100|[from] item: Life Orb\n|move|p2a: Dusknoir|Poltergeist|p1a: Porygon-Z\n|-immune|p1a: Porygon-Z\n|\n|upkeep\n|turn|5\n|inactive|Time left: 300 sec this turn | 300 sec total\n|\n|t:|1783540700\n|move|p1a: Porygon-Z|Tri Attack|p2a: Dusknoir\n|-immune|p2a: Dusknoir\n|move|p2a: Dusknoir|Poltergeist|p1a: Porygon-Z\n|-immune|p1a: Porygon-Z\n|\n|upkeep\n|turn|6\n|inactive|Time left: 300 sec this turn | 300 sec total\n|\n|t:|1783540702\n|switch|p2a: Milotic|Milotic, L83, M|293/293\n|move|p1a: Porygon-Z|Ice Beam|p2a: Milotic\n|-resisted|p2a: Milotic\n|-damage|p2a: Milotic|233/293\n|-damage|p1a: Porygon-Z|81/100|[from] item: Life Orb\n|\n|-heal|p2a: Milotic|251/293|[from] item: Leftovers\n|upkeep\n|turn|7\n|inactive|Time left: 300 sec this turn | 300 sec total\n|\n|t:|1783540703\n|move|p1a: Porygon-Z|Nasty Plot|p1a: Porygon-Z\n|-boost|p1a: Porygon-Z|spa|2\n|move|p2a: Milotic|Scald|p1a: Porygon-Z\n|-damage|p1a: Porygon-Z|43/100\n|-status|p1a: Porygon-Z|brn\n|\n|-heal|p2a: Milotic|269/293|[from] item: Leftovers\n|-damage|p1a: Porygon-Z|37/100 brn|[from] brn\n|upkeep\n|turn|8\n|inactive|Time left: 300 sec this turn | 300 sec total\n|\n|t:|1783540704\n|-terastallize|p2a: Milotic|Steel\n|move|p1a: Porygon-Z|Tri Attack|p2a: Milotic\n|-resisted|p2a: Milotic\n|-damage|p2a: Milotic|125/293\n|-damage|p1a: Porygon-Z|27/100 brn|[from] item: Life Orb\n|move|p2a: Milotic|Scald|p1a: Porygon-Z\n|-damage|p1a: Porygon-Z|0 fnt\n|faint|p1a: Porygon-Z\n|\n|-heal|p2a: Milotic|143/293|[from] item: Leftovers\n|upkeep\n|\n|t:|1783540705\n|switch|p1a: Delphox|Delphox, L84, F|100/100\n|turn|9\n|inactive|Time left: 300 sec this turn | 300 sec total\n|\n|t:|1783540706\n|move|p1a: Delphox|Fire Blast|p2a: Milotic\n|-supereffective|p2a: Milotic\n|-damage|p2a: Milotic|0 fnt\n|faint|p2a: Milotic\n|\n|upkeep\n|inactive|Time left: 300 sec this turn | 300 sec total | 5 sec grace\n|\n|t:|1783540708\n|switch|p2a: Veluza|Veluza, L85, M|292/292\n|turn|10\n|inactive|Time left: 300 sec this turn | 300 sec total\n|\n|t:|1783540709\n|switch|p1a: Brute Bonnet|Brute Bonnet, L80|100/100\n|move|p2a: Veluza|Aqua Cutter|p1a: Brute Bonnet\n|-resisted|p1a: Brute Bonnet\n|-damage|p1a: Brute Bonnet|83/100\n|\n|-heal|p1a: Brute Bonnet|89/100|[from] item: Leftovers\n|upkeep\n|turn|11\n|inactive|Time left: 300 sec this turn | 300 sec total\n|\n|t:|1783540710\n|switch|p2a: Morpeko|Morpeko, L88, M|245/245\n|move|p1a: Brute Bonnet|Crunch|p2a: Morpeko\n|-resisted|p2a: Morpeko\n|-damage|p2a: Morpeko|177/245\n|\n|-heal|p2a: Morpeko|192/245|[from] item: Leftovers\n|-heal|p1a: Brute Bonnet|95/100|[from] item: Leftovers\n|-formechange|p2a: Morpeko|Morpeko-Hangry||[from] ability: Hunger Switch\n|upkeep\n|turn|12\n|inactive|Time left: 300 sec this turn | 300 sec total\n|\n|t:|1783540711\n|move|p2a: Morpeko|Knock Off|p1a: Brute Bonnet\n|-resisted|p1a: Brute Bonnet\n|-damage|p1a: Brute Bonnet|80/100\n|-enditem|p1a: Brute Bonnet|Leftovers|[from] move: Knock Off|[of] p2a: Morpeko\n|move|p1a: Brute Bonnet|Close Combat|p2a: Morpeko\n|-supereffective|p2a: Morpeko\n|-damage|p2a: Morpeko|0 fnt\n|-unboost|p1a: Brute Bonnet|def|1\n|-unboost|p1a: Brute Bonnet|spd|1\n|faint|p2a: Morpeko\n|\n|upkeep\n|inactive|Time left: 300 sec this turn | 300 sec total | 5 sec grace\n|\n|t:|1783540712\n|switch|p2a: Excadrill|Excadrill, L79, M|303/303\n|-ability|p2a: Excadrill|Mold Breaker\n|turn|13\n|inactive|Time left: 300 sec this turn | 300 sec total\n|\n|t:|1783540713\n|-end|p1a: Brute Bonnet|Protosynthesis|[silent]\n|switch|p1a: Donphan|Donphan, L84, M|100/100\n|move|p2a: Excadrill|Iron Head|p1a: Donphan\n|-damage|p1a: Donphan|75/100\n|\n|-heal|p1a: Donphan|82/100|[from] item: Leftovers\n|upkeep\n|turn|14\n|inactive|Time left: 300 sec this turn | 300 sec total\n|\n|t:|1783540714\n|move|p2a: Excadrill|Iron Head|p1a: Donphan\n|-damage|p1a: Donphan|54/100\n|cant|p1a: Donphan|flinch\n|\n|-heal|p1a: Donphan|61/100|[from] item: Leftovers\n|upkeep\n|turn|15\n|inactive|Time left: 300 sec this turn | 300 sec total\n|\n|t:|1783540715\n|move|p2a: Excadrill|Iron Head|p1a: Donphan\n|-damage|p1a: Donphan|36/100\n|cant|p1a: Donphan|flinch\n|\n|-heal|p1a: Donphan|42/100|[from] item: Leftovers\n|upkeep\n|turn|16\n|inactive|Time left: 300 sec this turn | 300 sec total\n|\n|t:|1783540716\n|move|p2a: Excadrill|Iron Head|p1a: Donphan\n|-damage|p1a: Donphan|14/100\n|move|p1a: Donphan|Earthquake|p2a: Excadrill\n|-supereffective|p2a: Excadrill\n|-damage|p2a: Excadrill|0 fnt\n|faint|p2a: Excadrill\n|\n|-heal|p1a: Donphan|21/100|[from] item: Leftovers\n|upkeep\n|inactive|Time left: 300 sec this turn | 300 sec total | 5 sec grace\n|\n|t:|1783540718\n|switch|p2a: Veluza|Veluza, L85, M|292/292\n|turn|17\n|inactive|Time left: 300 sec this turn | 300 sec total\n|\n|t:|1783540718\n|switch|p1a: Brute Bonnet|Brute Bonnet, L80|80/100\n|move|p2a: Veluza|Night Slash|p1a: Brute Bonnet\n|-resisted|p1a: Brute Bonnet\n|-damage|p1a: Brute Bonnet|67/100\n|\n|upkeep\n|turn|18\n|inactive|Time left: 300 sec this turn | 300 sec total\n|\n|t:|1783540720\n|switch|p2a: Sceptile|Sceptile, L87, M|264/264\n|move|p1a: Brute Bonnet|Crunch|p2a: Sceptile\n|-damage|p2a: Sceptile|140/264\n|\n|upkeep\n|turn|19\n|inactive|Time left: 300 sec this turn | 300 sec total\n|\n|t:|1783540721\n|move|p2a: Sceptile|Swords Dance|p2a: Sceptile\n|-boost|p2a: Sceptile|atk|2\n|move|p1a: Brute Bonnet|Crunch|p2a: Sceptile\n|-damage|p2a: Sceptile|14/264\n|\n|upkeep\n|turn|20\n|inactive|Time left: 300 sec this turn | 300 sec total\n|\n|t:|1783540722\n|move|p1a: Brute Bonnet|Sucker Punch|p2a: Sceptile\n|-damage|p2a: Sceptile|0 fnt\n|faint|p2a: Sceptile\n|\n|upkeep\n|inactive|Time left: 300 sec this turn | 300 sec total | 5 sec grace\n|\n|t:|1783540723\n|switch|p2a: Veluza|Veluza, L85, M|292/292\n|turn|21\n|inactive|Time left: 300 sec this turn | 300 sec total\n|\n|t:|1783540724\n|move|p2a: Veluza|Aqua Cutter|p1a: Brute Bonnet\n|-resisted|p1a: Brute Bonnet\n|-damage|p1a: Brute Bonnet|47/100\n|move|p1a: Brute Bonnet|Crunch|p2a: Veluza\n|-supereffective|p2a: Veluza\n|-damage|p2a: Veluza|86/292\n|-enditem|p2a: Veluza|Sitrus Berry|[eat]\n|-heal|p2a: Veluza|159/292|[from] item: Sitrus Berry\n|\n|upkeep\n|turn|22\n|inactive|Time left: 300 sec this turn | 300 sec total\n|\n|t:|1783540725\n|switch|p2a: Dusknoir|Dusknoir, L89, F|80/225\n|move|p1a: Brute Bonnet|Crunch|p2a: Dusknoir\n|-supereffective|p2a: Dusknoir\n|-damage|p2a: Dusknoir|0 fnt\n|faint|p2a: Dusknoir\n|\n|upkeep\n|inactive|Time left: 300 sec this turn | 300 sec total | 5 sec grace\n|\n|t:|1783540726\n|switch|p2a: Veluza|Veluza, L85, M|159/292\n|turn|23\n|inactive|Time left: 300 sec this turn | 300 sec total\n|\n|t:|1783540727\n|move|p2a: Veluza|Fillet Away|p2a: Veluza\n|-boost|p2a: Veluza|atk|2\n|-boost|p2a: Veluza|spa|2\n|-boost|p2a: Veluza|spe|2\n|-damage|p2a: Veluza|13/292\n|move|p1a: Brute Bonnet|Crunch|p2a: Veluza\n|-supereffective|p2a: Veluza\n|-damage|p2a: Veluza|0 fnt\n|faint|p2a: Veluza\n|\n|win|p0x104e8ae", "uploadtime": 1783540727, "views": 0, "rating": 0, "private": 0, "password": null, "_winner": "p0x104e8ae", "_our_name": "p0y1042ab5"}