{"id": "battle-gen9randombattle-2006", "formatid": "gen9randombattle", "format": "[Gen 9] Random Battle", "players": ["p0x2006cde8", "p0y2006482f"], "log": "|init|battle\n|title|p0x2006cde8 vs. p0y2006482f\n|j|\u2606p0x2006cde8\n|j|\u2606p0y2006482f\n|t:|1783563226\n|gametype|singles\n|player|p1|p0x2006cde8|169|\n|player|p2|p0y2006482f|101|\n|gen|9\n|tier|[Gen 9] Random Battle\n|rule|Species Clause: Limit one of each Pok\u00e9mon\n|rule|HP Percentage Mod: HP is shown in percentages\n|rule|Sleep Clause Mod: Limit one foe put to sleep\n|rule|Illusion Level Mod: Illusion disguises the Pok\u00e9mon's true level\n|\n|t:|1783563226\n|teamsize|p1|6\n|teamsize|p2|6\n|start\n|switch|p1a: Toxtricity|Toxtricity, L82, M|100/100\n|switch|p2a: Skarmory|Skarmory, L80, F|235/235\n|turn|1\n|inactive|Battle timer is ON: inactive players will automatically lose when time's up. (requested by p0x2006cde8)\n|inactive|Time left: 300 sec this turn | 300 sec total | 60 sec grace\n|inactive|p0y2006482f also wants the timer to be on.\n|\n|t:|1783563227\n|switch|p2a: Trevenant|Trevenant, L89, M|296/296\n|move|p1a: Toxtricity|Overdrive|p2a: Trevenant\n|-resisted|p2a: Trevenant\n|-damage|p2a: Trevenant|240/296\n|\n|upkeep\n|turn|2\n|inactive|Time left: 300 sec this turn | 300 sec total\n|\n|t:|1783563228\n|move|p1a: Toxtricity|Overdrive|p2a: Trevenant\n|-resisted|p2a: Trevenant\n|-damage|p2a: Trevenant|180/296\n|move|p2a: Trevenant|Poltergeist|p1a: Toxtricity\n|-activate|p1a: Toxtricity|move: Poltergeist|Choice Scarf\n|-damage|p1a: Toxtricity|32/100\n|\n|upkeep\n|turn|3\n|inactive|Time left: 300 sec this turn | 300 sec total\n|\n|t:|1783563229\n|move|p1a: Toxtricity|Overdrive|p2a: Trevenant\n|-resisted|p2a: Trevenant\n|-damage|p2a: Trevenant|119/296\n|-enditem|p2a: Trevenant|Sitrus Berry|[eat]\n|-heal|p2a: Trevenant|193/296|[from] item: Sitrus Berry\n|move|p2a: Trevenant|Poltergeist|p1a: Toxtricity\n|-activate|p1a: Toxtricity|move: Poltergeist|Choice Scarf\n|-damage|p1a: Toxtricity|0 fnt\n|faint|p1a: Toxtricity\n|\n|upkeep\n|\n|t:|1783563229\n|switch|p1a: Oricorio|Oricorio-Sensu, L85, M|100/100\n|turn|4\n|inactive|Time left: 300 sec this turn | 300 sec total\n|\n|t:|1783563230\n|-terastallize|p2a: Trevenant|Dark\n|move|p1a: Oricorio|Hurricane|p2a: Trevenant\n|-damage|p2a: Trevenant|66/296\n|move|p2a: Trevenant|Poltergeist|p1a: Oricorio\n|-activate|p1a: Oricorio|move: Poltergeist|Heavy-Duty Boots\n|-supereffective|p1a: Oricorio\n|-damage|p1a: Oricorio|0 fnt\n|faint|p1a: Oricorio\n|\n|-item|p2a: Trevenant|Sitrus Berry|[from] ability: Harvest\n|upkeep\n|-enditem|p2a: Trevenant|Sitrus Berry|[eat]\n|-heal|p2a: Trevenant|140/296|[from] item: Sitrus Berry\n|\n|t:|1783563231\n|switch|p1a: Chesnaught|Chesnaught, L84, F|100/100\n|turn|5\n|inactive|Time left: 300 sec this turn | 300 sec total\n|\n|t:|1783563232\n|switch|p2a: Hatterene|Hatterene, L85, F|236/236\n|move|p1a: Chesnaught|Body Press|p2a: Hatterene\n|-resisted|p2a: Hatterene\n|-crit|p2a: Hatterene\n|-damage|p2a: Hatterene|202/236\n|\n|upkeep\n|turn|6\n|inactive|Time left: 300 sec this turn | 300 sec total\n|\n|t:|1783563233\n|switch|p1a: Cresselia|Cresselia, L80, F|100/100\n|move|p2a: Hatterene|Mystical Fire|p1a: Cresselia\n|-damage|p1a: Cresselia|82/100\n|-unboost|p1a: Cresselia|spa|1\n|\n|-heal|p1a: Cresselia|88/100|[from] item: Leftovers\n|upkeep\n|turn|7\n|inactive|Time left: 300 sec this turn | 300 sec total\n|\n|t:|1783563234\n|move|p1a: Cresselia|Calm Mind|p1a: Cresselia\n|-boost|p1a: Cresselia|spa|1\n|-boost|p1a: Cresselia|spd|1\n|move|p2a: Hatterene|Mystical Fire|p1a: Cresselia\n|-damage|p1a: Cresselia|75/100\n|-unboost|p1a: Cresselia|spa|1\n|\n|-heal|p1a: Cresselia|81/100|[from] item: Leftovers\n|upkeep\n|turn|8\n|inactive|Time left: 300 sec this turn | 300 sec total\n|\n|t:|1783563236\n|move|p1a: Cresselia|Calm Mind|p1a: Cresselia\n|-boost|p1a: Cresselia|spa|1\n|-boost|p1a: Cresselia|spd|1\n|move|p2a: Hatterene|Mystical Fire|p1a: Cresselia\n|-damage|p1a: Cresselia|71/100\n|-unboost|p1a: Cresselia|spa|1\n|\n|-heal|p1a: Cresselia|78/100|[from] item: Leftovers\n|upkeep\n|turn|9\n|inactive|Time left: 300 sec this turn | 300 sec total\n|\n|t:|1783563237\n|move|p1a: Cresselia|Calm Mind|p1a: Cresselia\n|-boost|p1a: Cresselia|spa|1\n|-boost|p1a: Cresselia|spd|1\n|move|p2a: Hatterene|Mystical Fire|p1a: Cresselia\n|-damage|p1a: Cresselia|70/100\n|-unboost|p1a: Cresselia|spa|1\n|\n|-heal|p1a: Cresselia|77/100|[from] item: Leftovers\n|upkeep\n|turn|10\n|inactive|Time left: 300 sec this turn | 300 sec total\n|\n|t:|1783563238\n|move|p1a: Cresselia|Calm Mind|p1a: Cresselia\n|-boost|p1a: Cresselia|spa|1\n|-boost|p1a: Cresselia|spd|1\n|move|p2a: Hatterene|Mystical Fire|p1a: Cresselia\n|-damage|p1a: Cresselia|70/100\n|-unboost|p1a: Cresselia|spa|1\n|\n|-heal|p1a: Cresselia|76/100|[from] item: Leftovers\n|upkeep\n|turn|11\n|inactive|Time left: 300 sec this turn | 300 sec total\n|\n|t:|1783563239\n|move|p1a: Cresselia|Calm Mind|p1a: Cresselia\n|-boost|p1a: Cresselia|spa|1\n|-boost|p1a: Cresselia|spd|1\n|move|p2a: Hatterene|Mystical Fire|p1a: Cresselia\n|-damage|p1a: Cresselia|71/100\n|-unboost|p1a: Cresselia|spa|1\n|\n|-heal|p1a: Cresselia|77/100|[from] item: Leftovers\n|upkeep\n|turn|12\n|inactive|Time left: 300 sec this turn | 300 sec total\n|\n|t:|1783563240\n|move|p1a: Cresselia|Calm Mind|p1a: Cresselia\n|-boost|p1a: Cresselia|spa|1\n|-boost|p1a: Cresselia|spd|1\n|move|p2a: Hatterene|Mystical Fire|p1a: Cresselia\n|-damage|p1a: Cresselia|72/100\n|-unboost|p1a: Cresselia|spa|1\n|\n|-heal|p1a: Cresselia|79/100|[from] item: Leftovers\n|upkeep\n|turn|13\n|inactive|Time left: 300 sec this turn | 300 sec total\n|\n|t:|1783563241\n|move|p1a: Cresselia|Calm Mind|p1a: Cresselia\n|-boost|p1a: Cresselia|spa|1\n|-boost|p1a: Cresselia|spd|0\n|move|p2a: Hatterene|Mystical Fire|p1a: Cresselia\n|-damage|p1a: Cresselia|74/100\n|-unboost|p1a: Cresselia|spa|1\n|\n|-heal|p1a: Cresselia|80/100|[from] item: Leftovers\n|upkeep\n|turn|14\n|inactive|Time left: 300 sec this turn | 300 sec total\n|\n|t:|1783563242\n|move|p1a: Cresselia|Calm Mind|p1a: Cresselia\n|-boost|p1a: Cresselia|spa|1\n|-boost|p1a: Cresselia|spd|0\n|move|p2a: Hatterene|Nuzzle|p1a: Cresselia\n|-damage|p1a: Cresselia|76/100\n|-status|p1a: Cresselia|par\n|\n|-heal|p1a: Cresselia|82/100 par|[from] item: Leftovers\n|upkeep\n|turn|15\n|inactive|Time left: 300 sec this turn | 300 sec total\n|\n|t:|1783563243\n|switch|p2a: Scrafty|Scrafty, L83, F|244/244\n|-ability|p2a: Scrafty|Intimidate|boost\n|-unboost|p1a: Cresselia|atk|1\n|move|p1a: Cresselia|Calm Mind|p1a: Cresselia\n|-boost|p1a: Cresselia|spa|1\n|-boost|p1a: Cresselia|spd|0\n|\n|-heal|p1a: Cresselia|88/100 par|[from] item: Leftovers\n|upkeep\n|turn|16\n|inactive|Time left: 300 sec this turn | 300 sec total\n|\n|t:|1783563244\n|move|p2a: Scrafty|Knock Off|p1a: Cresselia\n|-supereffective|p1a: Cresselia\n|-damage|p1a: Cresselia|37/100 par\n|-enditem|p1a: Cresselia|Leftovers|[from] move: Knock Off|[of] p2a: Scrafty\n|cant|p1a: Cresselia|par\n|\n|upkeep\n|turn|17\n|inactive|Time left: 300 sec this turn | 300 sec total\n|\n|t:|1783563245\n|move|p2a: Scrafty|Knock Off|p1a: Cresselia\n|-supereffective|p1a: Cresselia\n|-damage|p1a: Cresselia|2/100 par\n|cant|p1a: Cresselia|par\n|\n|upkeep\n|turn|18\n|inactive|Time left: 300 sec this turn | 300 sec total\n|\n|t:|1783563246\n|move|p2a: Scrafty|Knock Off|p1a: Cresselia\n|-supereffective|p1a: Cresselia\n|-damage|p1a: Cresselia|0 fnt\n|faint|p1a: Cresselia\n|\n|upkeep\n|\n|t:|1783563247\n|switch|p1a: Chesnaught|Chesnaught, L84, F|100/100\n|turn|19\n|inactive|Time left: 300 sec this turn | 300 sec total\n|\n|t:|1783563248\n|switch|p2a: Hatterene|Hatterene, L85, F|202/236\n|move|p1a: Chesnaught|Body Press|p2a: Hatterene\n|-resisted|p2a: Hatterene\n|-damage|p2a: Hatterene|177/236\n|\n|upkeep\n|turn|20\n|inactive|Time left: 300 sec this turn | 300 sec total\n|\n|t:|1783563249\n|move|p1a: Chesnaught|Wood Hammer|p2a: Hatterene\n|-damage|p2a: Hatterene|44/236\n|-damage|p1a: Chesnaught|85/100|[from] Recoil\n|move|p2a: Hatterene|Mystical Fire|p1a: Chesnaught\n|-supereffective|p1a: Chesnaught\n|-damage|p1a: Chesnaught|29/100\n|-unboost|p1a: Chesnaught|spa|1\n|\n|-heal|p1a: Chesnaught|35/100|[from] item: Leftovers\n|upkeep\n|turn|21\n|inactive|Time left: 300 sec this turn | 300 sec total\n|\n|t:|1783563250\n|switch|p2a: Scrafty|Scrafty, L83, F|244/244\n|-ability|p2a: Scrafty|Intimidate|boost\n|-unboost|p1a: Chesnaught|atk|1\n|move|p1a: Chesnaught|Knock Off|p2a: Scrafty\n|-resisted|p2a: Scrafty\n|-damage|p2a: Scrafty|233/244\n|-enditem|p2a: Scrafty|Leftovers|[from] move: Knock Off|[of] p1a: Chesnaught\n|\n|-heal|p1a: Chesnaught|41/100|[from] item: Leftovers\n|upkeep\n|turn|22\n|inactive|Time left: 300 sec this turn | 300 sec total\n|\n|t:|1783563252\n|move|p1a: Chesnaught|Body Press|p2a: Scrafty\n|-supereffective|p2a: Scrafty\n|-damage|p2a: Scrafty|71/244\n|move|p2a: Scrafty|Knock Off|p1a: Chesnaught\n|-resisted|p1a: Chesnaught\n|-damage|p1a: Chesnaught|29/100\n|-enditem|p1a: Chesnaught|Leftovers|[from] move: Knock Off|[of] p2a: Scrafty\n|\n|upkeep\n|turn|23\n|inactive|Time left: 300 sec this turn | 300 sec total\n|\n|t:|1783563253\n|switch|p2a: Arceus|Arceus-Grass, L73|296/296\n|move|p1a: Chesnaught|Body Press|p2a: Arceus\n|-damage|p2a: Arceus|202/296\n|\n|upkeep\n|turn|24\n|inactive|Time left: 300 sec this turn | 300 sec total\n|\n|t:|1783563254\n|switch|p1a: Snorlax|Snorlax, L82, M|100/100\n|move|p2a: Arceus|Calm Mind|p2a: Arceus\n|-boost|p2a: Arceus|spa|1\n|-boost|p2a: Arceus|spd|1\n|\n|upkeep\n|turn|25\n|inactive|Time left: 300 sec this turn | 300 sec total\n|\n|t:|1783563255\n|move|p2a: Arceus|Judgment|p1a: Snorlax\n|-damage|p1a: Snorlax|62/100\n|move|p1a: Snorlax|Body Slam|p2a: Arceus\n|-damage|p2a: Arceus|123/296\n|\n|-heal|p1a: Snorlax|69/100|[from] item: Leftovers\n|upkeep\n|turn|26\n|inactive|Time left: 300 sec this turn | 300 sec total\n|\n|t:|1783563256\n|move|p2a: Arceus|Judgment|p1a: Snorlax\n|-damage|p1a: Snorlax|34/100\n|move|p1a: Snorlax|Body Slam|p2a: Arceus\n|-damage|p2a: Arceus|45/296\n|\n|-heal|p1a: Snorlax|40/100|[from] item: Leftovers\n|upkeep\n|turn|27\n|inactive|Time left: 300 sec this turn | 300 sec total\n|\n|t:|1783563257\n|move|p2a: Arceus|Judgment|p1a: Snorlax\n|-damage|p1a: Snorlax|3/100\n|move|p1a: Snorlax|Body Slam|p2a: Arceus\n|-damage|p2a: Arceus|0 fnt\n|faint|p2a: Arceus\n|\n|-heal|p1a: Snorlax|9/100|[from] item: Leftovers\n|upkeep\n|inactive|Time left: 300 sec this turn | 300 sec total | 5 sec grace\n|\n|t:|1783563258\n|switch|p2a: Hatterene|Hatterene, L85, F|44/236\n|turn|28\n|inactive|Time left: 300 sec this turn | 300 sec total\n|\n|t:|1783563259\n|move|p2a: Hatterene|Draining Kiss|p1a: Snorlax\n|-damage|p1a: Snorlax|0 fnt\n|-heal|p2a: Hatterene|69/236|[from] drain|[of] p1a: Snorlax\n|faint|p1a: Snorlax\n|\n|upkeep\n|\n|t:|1783563260\n|switch|p1a: Haxorus|Haxorus, L77, M|100/100\n|-ability|p1a: Haxorus|Mold Breaker\n|turn|29\n|inactive|Time left: 300 sec this turn | 300 sec total\n|\n|t:|1783563261\n|switch|p2a: Skarmory|Skarmory, L80, F|235/235\n|move|p1a: Haxorus|Iron Head|p2a: Skarmory\n|-resisted|p2a: Skarmory\n|-damage|p2a: Skarmory|210/235\n|-damage|p1a: Haxorus|84/100|[from] item: Rocky Helmet|[of] p2a: Skarmory\n|\n|upkeep\n|turn|30\n|inactive|Time left: 300 sec this turn | 300 sec total\n|\n|t:|1783563262\n|move|p1a: Haxorus|Swords Dance|p1a: Haxorus\n|-boost|p1a: Haxorus|atk|2\n|move|p2a: Skarmory|Brave Bird|p1a: Haxorus\n|-damage|p1a: Haxorus|38/100\n|-damage|p2a: Skarmory|173/235|[from] Recoil\n|\n|upkeep\n|turn|31\n|inactive|Time left: 300 sec this turn | 300 sec total\n|\n|t:|1783563263\n|-terastallize|p1a: Haxorus|Steel\n|move|p1a: Haxorus|Scale Shot|p2a: Skarmory\n|-resisted|p2a: Skarmory\n|-damage|p2a: Skarmory|149/235\n|-resisted|p2a: Skarmory\n|-damage|p2a: Skarmory|125/235\n|-resisted|p2a: Skarmory\n|-damage|p2a: Skarmory|104/235\n|-resisted|p2a: Skarmory\n|-damage|p2a: Skarmory|80/235\n|-resisted|p2a: Skarmory\n|-damage|p2a: Skarmory|56/235\n|-hitcount|p2a: Skarmory|5\n|-unboost|p1a: Haxorus|def|1\n|-boost|p1a: Haxorus|spe|1\n|move|p2a: Skarmory|Brave Bird|p1a: Haxorus\n|-resisted|p1a: Haxorus\n|-damage|p1a: Haxorus|7/100\n|-damage|p2a: Skarmory|31/235|[from] Recoil\n|\n|upkeep\n|turn|32\n|inactive|Time left: 300 sec this turn | 300 sec total\n|\n|t:|1783563264\n|switch|p2a: Hatterene|Hatterene, L85, F|69/236\n|move|p1a: Haxorus|Scale Shot|p2a: Hatterene\n|-immune|p2a: Hatterene\n|\n|upkeep\n|turn|33\n|inactive|Time left: 300 sec this turn | 300 sec total\n|\n|t:|1783563265\n|switch|p2a: Skarmory|Skarmory, L80, F|31/235\n|move|p1a: Haxorus|Earthquake|p2a: Skarmory\n|-immune|p2a: Skarmory\n|\n|upkeep\n|turn|34\n|inactive|Time left: 300 sec this turn | 300 sec total\n|\n|t:|1783563266\n|switch|p2a: Hatterene|Hatterene, L85, F|69/236\n|move|p1a: Haxorus|Scale Shot|p2a: Hatterene\n|-immune|p2a: Hatterene\n|\n|upkeep\n|turn|35\n|inactive|Time left: 300 sec this turn | 300 sec total\n|\n|t:|1783563267\n|switch|p2a: Skarmory|Skarmory, L80, F|31/235\n|move|p1a: Haxorus|Earthquake|p2a: Skarmory\n|-immune|p2a: Skarmory\n|\n|upkeep\n|turn|36\n|inactive|Time left: 300 sec this turn | 300 sec total\n|\n|t:|1783563268\n|switch|p2a: Hatterene|Hatterene, L85, F|69/236\n|move|p1a: Haxorus|Scale Shot|p2a: Hatterene\n|-immune|p2a: Hatterene\n|\n|upkeep\n|turn|37\n|inactive|Time left: 300 sec this turn | 300 sec total\n|\n|t:|1783563269\n|switch|p2a: Skarmory|Skarmory, L80, F|31/235\n|move|p1a: Haxorus|Earthquake|p2a: Skarmory\n|-immune|p2a: Skarmory\n|\n|upkeep\n|turn|38\n|inactive|Time left: 300 sec this turn | 300 sec total\n|\n|t:|1783563270\n|switch|p2a: Hatterene|Hatterene, L85, F|69/236\n|move|p1a: Haxorus|Scale Shot|p2a: Hatterene\n|-immune|p2a: Hatterene\n|\n|upkeep\n|turn|39\n|inactive|Time left: 300 sec this turn | 300 sec total\n|\n|t:|1783563271\n|switch|p2a: Skarmory|Skarmory, L80, F|31/235\n|move|p1a: Haxorus|Earthquake|p2a: Skarmory\n|-immune|p2a: Skarmory\n|\n|upkeep\n|turn|40\n|inactive|Time left: 300 sec this turn | 300 sec total\n|\n|t:|1783563272\n|switch|p2a: Hatterene|Hatterene, L85, F|69/236\n|move|p1a: Haxorus|Scale Shot|p2a: Hatterene\n|-immune|p2a: Hatterene\n|\n|upkeep\n|turn|41\n|inactive|Time left: 300 sec this turn | 300 sec total\n|\n|t:|1783563273\n|switch|p2a: Skarmory|Skarmory, L80, F|31/235\n|move|p1a: Haxorus|Earthquake|p2a: Skarmory\n|-immune|p2a: Skarmory\n|\n|upkeep\n|turn|42\n|inactive|Time left: 300 sec this turn | 300 sec total\n|\n|t:|1783563274\n|switch|p2a: Hatterene|Hatterene, L85, F|69/236\n|move|p1a: Haxorus|Scale Shot|p2a: Hatterene\n|-immune|p2a: Hatterene\n|\n|upkeep\n|turn|43\n|inactive|Time left: 300 sec this turn | 300 sec total\n|\n|t:|1783563275\n|switch|p2a: Skarmory|Skarmory, L80, F|31/235\n|move|p1a: Haxorus|Earthquake|p2a: Skarmory\n|-immune|p2a: Skarmory\n|\n|upkeep\n|turn|44\n|inactive|Time left: 300 sec this turn | 300 sec total\n|\n|t:|1783563276\n|switch|p2a: Hatterene|Hatterene, L85, F|69/236\n|move|p1a: Haxorus|Scale Shot|p2a: Hatterene\n|-immune|p2a: Hatterene\n|\n|upkeep\n|turn|45\n|inactive|Time left: 300 sec this turn | 300 sec total\n|\n|t:|1783563277\n|switch|p2a: Skarmory|Skarmory, L80, F|31/235\n|move|p1a: Haxorus|Earthquake|p2a: Skarmory\n|-immune|p2a: Skarmory\n|\n|upkeep\n|turn|46\n|inactive|Time left: 300 sec this turn | 300 sec total\n|\n|t:|1783563278\n|switch|p2a: Hatterene|Hatterene, L85, F|69/236\n|move|p1a: Haxorus|Scale Shot|p2a: Hatterene\n|-immune|p2a: Hatterene\n|\n|upkeep\n|turn|47\n|inactive|Time left: 300 sec this turn | 300 sec total\n|\n|t:|1783563278\n|switch|p2a: Skarmory|Skarmory, L80, F|31/235\n|move|p1a: Haxorus|Earthquake|p2a: Skarmory\n|-immune|p2a: Skarmory\n|\n|upkeep\n|turn|48\n|inactive|Time left: 300 sec this turn | 300 sec total\n|\n|t:|1783563279\n|switch|p2a: Hatterene|Hatterene, L85, F|69/236\n|move|p1a: Haxorus|Scale Shot|p2a: Hatterene\n|-immune|p2a: Hatterene\n|\n|upkeep\n|turn|49\n|inactive|Time left: 300 sec this turn | 300 sec total\n|\n|t:|1783563280\n|switch|p2a: Skarmory|Skarmory, L80, F|31/235\n|move|p1a: Haxorus|Earthquake|p2a: Skarmory\n|-immune|p2a: Skarmory\n|\n|upkeep\n|turn|50\n|inactive|Time left: 300 sec this turn | 300 sec total\n|\n|t:|1783563281\n|switch|p2a: Hatterene|Hatterene, L85, F|69/236\n|move|p1a: Haxorus|Scale Shot|p2a: Hatterene\n|-immune|p2a: Hatterene\n|\n|upkeep\n|turn|51\n|inactive|Time left: 300 sec this turn | 300 sec total\n|\n|t:|1783563282\n|switch|p2a: Skarmory|Skarmory, L80, F|31/235\n|move|p1a: Haxorus|Earthquake|p2a: Skarmory\n|-immune|p2a: Skarmory\n|\n|upkeep\n|turn|52\n|inactive|Time left: 300 sec this turn | 300 sec total\n|\n|t:|1783563283\n|switch|p2a: Hatterene|Hatterene, L85, F|69/236\n|move|p1a: Haxorus|Scale Shot|p2a: Hatterene\n|-immune|p2a: Hatterene\n|\n|upkeep\n|turn|53\n|inactive|Time left: 300 sec this turn | 300 sec total\n|\n|t:|1783563284\n|switch|p2a: Skarmory|Skarmory, L80, F|31/235\n|move|p1a: Haxorus|Earthquake|p2a: Skarmory\n|-immune|p2a: Skarmory\n|\n|upkeep\n|turn|54\n|inactive|Time left: 300 sec this turn | 300 sec total\n|\n|t:|1783563285\n|switch|p2a: Hatterene|Hatterene, L85, F|69/236\n|move|p1a: Haxorus|Scale Shot|p2a: Hatterene\n|-immune|p2a: Hatterene\n|\n|upkeep\n|turn|55\n|inactive|Time left: 300 sec this turn | 300 sec total\n|\n|t:|1783563286\n|switch|p2a: Skarmory|Skarmory, L80, F|31/235\n|move|p1a: Haxorus|Earthquake|p2a: Skarmory\n|-immune|p2a: Skarmory\n|\n|upkeep\n|turn|56\n|inactive|Time left: 300 sec this turn | 300 sec total\n|\n|t:|1783563286\n|switch|p2a: Hatterene|Hatterene, L85, F|69/236\n|move|p1a: Haxorus|Scale Shot|p2a: Hatterene\n|-immune|p2a: Hatterene\n|\n|upkeep\n|turn|57\n|inactive|Time left: 300 sec this turn | 300 sec total\n|\n|t:|1783563287\n|switch|p2a: Skarmory|Skarmory, L80, F|31/235\n|move|p1a: Haxorus|Earthquake|p2a: Skarmory\n|-immune|p2a: Skarmory\n|\n|upkeep\n|turn|58\n|inactive|Time left: 300 sec this turn | 300 sec total\n|\n|t:|1783563288\n|switch|p2a: Hatterene|Hatterene, L85, F|69/236\n|move|p1a: Haxorus|Scale Shot|p2a: Hatterene\n|-immune|p2a: Hatterene\n|\n|upkeep\n|turn|59\n|inactive|Time left: 300 sec this turn | 300 sec total\n|\n|t:|1783563289\n|switch|p2a: Skarmory|Skarmory, L80, F|31/235\n|move|p1a: Haxorus|Earthquake|p2a: Skarmory\n|-immune|p2a: Skarmory\n|\n|upkeep\n|turn|60\n|inactive|Time left: 300 sec this turn | 300 sec total\n|\n|t:|1783563290\n|switch|p2a: Hatterene|Hatterene, L85, F|69/236\n|move|p1a: Haxorus|Scale Shot|p2a: Hatterene\n|-immune|p2a: Hatterene\n|\n|upkeep\n|turn|61\n|inactive|Time left: 300 sec this turn | 300 sec total\n|\n|t:|1783563291\n|switch|p2a: Skarmory|Skarmory, L80, F|31/235\n|move|p1a: Haxorus|Earthquake|p2a: Skarmory\n|-immune|p2a: Skarmory\n|\n|upkeep\n|turn|62\n|inactive|Time left: 300 sec this turn | 300 sec total\n|\n|t:|1783563292\n|switch|p2a: Hatterene|Hatterene, L85, F|69/236\n|move|p1a: Haxorus|Scale Shot|p2a: Hatterene\n|-immune|p2a: Hatterene\n|\n|upkeep\n|turn|63\n|inactive|Time left: 300 sec this turn | 300 sec total\n|\n|t:|1783563293\n|switch|p2a: Skarmory|Skarmory, L80, F|31/235\n|move|p1a: Haxorus|Earthquake|p2a: Skarmory\n|-immune|p2a: Skarmory\n|\n|upkeep\n|turn|64\n|inactive|Time left: 300 sec this turn | 300 sec total\n|\n|t:|1783563294\n|switch|p2a: Hatterene|Hatterene, L85, F|69/236\n|move|p1a: Haxorus|Scale Shot|p2a: Hatterene\n|-immune|p2a: Hatterene\n|\n|upkeep\n|turn|65\n|inactive|Time left: 300 sec this turn | 300 sec total\n|\n|t:|1783563295\n|switch|p2a: Skarmory|Skarmory, L80, F|31/235\n|move|p1a: Haxorus|Iron Head|p2a: Skarmory\n|-resisted|p2a: Skarmory\n|-damage|p2a: Skarmory|0 fnt\n|-damage|p1a: Haxorus|0 fnt|[from] item: Rocky Helmet|[of] p2a: Skarmory\n|faint|p2a: Skarmory\n|faint|p1a: Haxorus\n|\n|upkeep\n|inactive|Time left: 300 sec this turn | 300 sec total | 5 sec grace\n|\n|t:|1783563295\n|switch|p1a: Chesnaught|Chesnaught, L84, F|29/100\n|switch|p2a: Smeargle|Smeargle, L95, M|258/258\n|turn|66\n|inactive|Time left: 300 sec this turn | 300 sec total\n|\n|t:|1783563296\n|move|p2a: Smeargle|Population Bomb|p1a: Chesnaught\n|-damage|p1a: Chesnaught|25/100\n|-hitcount|p1a: Chesnaught|1\n|move|p1a: Chesnaught|Body Press|p2a: Smeargle\n|-supereffective|p2a: Smeargle\n|-damage|p2a: Smeargle|0 fnt\n|faint|p2a: Smeargle\n|\n|upkeep\n|inactive|Time left: 300 sec this turn | 300 sec total | 5 sec grace\n|\n|t:|1783563297\n|switch|p2a: Scrafty|Scrafty, L83, F|71/244\n|-ability|p2a: Scrafty|Intimidate|boost\n|-unboost|p1a: Chesnaught|atk|1\n|turn|67\n|inactive|Time left: 300 sec this turn | 300 sec total\n|\n|t:|1783563298\n|switch|p2a: Trevenant|Trevenant, L89, M, tera:Dark|140/296\n|move|p1a: Chesnaught|Synthesis|p1a: Chesnaught\n|-heal|p1a: Chesnaught|75/100\n|\n|-item|p2a: Trevenant|Sitrus Berry|[from] ability: Harvest\n|upkeep\n|-enditem|p2a: Trevenant|Sitrus Berry|[eat]\n|-heal|p2a: Trevenant|214/296|[from] item: Sitrus Berry\n|turn|68\n|inactive|Time left: 300 sec this turn | 300 sec total\n|\n|t:|1783563299\n|switch|p2a: Scrafty|Scrafty, L83, F|71/244\n|-ability|p2a: Scrafty|Intimidate|boost\n|-unboost|p1a: Chesnaught|atk|1\n|move|p1a: Chesnaught|Wood Hammer|p2a: Scrafty\n|-damage|p2a: Scrafty|13/244\n|-damage|p1a: Chesnaught|68/100|[from] Recoil\n|\n|upkeep\n|turn|69\n|inactive|Time left: 300 sec this turn | 300 sec total\n|\n|t:|1783563300\n|move|p1a: Chesnaught|Synthesis|p1a: Chesnaught\n|-heal|p1a: Chesnaught|100/100\n|move|p2a: Scrafty|Dragon Dance|p2a: Scrafty\n|-boost|p2a: Scrafty|atk|1\n|-boost|p2a: Scrafty|spe|1\n|\n|upkeep\n|turn|70\n|inactive|Time left: 300 sec this turn | 300 sec total\n|\n|t:|1783563301\n|move|p2a: Scrafty|Poison Jab|p1a: Chesnaught\n|-supereffective|p1a: Chesnaught\n|-damage|p1a: Chesnaught|58/100\n|move|p1a: Chesnaught|Synthesis|p1a: Chesnaught\n|-heal|p1a: Chesnaught|100/100\n|\n|upkeep\n|turn|71\n|inactive|Time left: 300 sec this turn | 300 sec total\n|\n|t:|1783563302\n|move|p2a: Scrafty|Poison Jab|p1a: Chesnaught\n|-supereffective|p1a: Chesnaught\n|-damage|p1a: Chesnaught|60/100\n|move|p1a: Chesnaught|Synthesis|p1a: Chesnaught\n|-heal|p1a: Chesnaught|100/100\n|\n|upkeep\n|turn|72\n|inactive|Time left: 300 sec this turn | 300 sec total\n|\n|t:|1783563304\n|move|p2a: Scrafty|Poison Jab|p1a: Chesnaught\n|-supereffective|p1a: Chesnaught\n|-damage|p1a: Chesnaught|57/100\n|move|p1a: Chesnaught|Synthesis|p1a: Chesnaught\n|-heal|p1a: Chesnaught|100/100\n|\n|upkeep\n|turn|73\n|inactive|Time left: 300 sec this turn | 300 sec total\n|\n|t:|1783563304\n|move|p2a: Scrafty|Poison Jab|p1a: Chesnaught\n|-supereffective|p1a: Chesnaught\n|-damage|p1a: Chesnaught|56/100\n|move|p1a: Chesnaught|Synthesis|p1a: Chesnaught\n|-heal|p1a: Chesnaught|100/100\n|\n|upkeep\n|turn|74\n|inactive|Time left: 300 sec this turn | 300 sec total\n|\n|t:|1783563305\n|move|p2a: Scrafty|Poison Jab|p1a: Chesnaught\n|-supereffective|p1a: Chesnaught\n|-damage|p1a: Chesnaught|56/100\n|move|p1a: Chesnaught|Knock Off|p2a: Scrafty\n|-resisted|p2a: Scrafty\n|-damage|p2a: Scrafty|8/244\n|\n|upkeep\n|turn|75\n|inactive|Time left: 300 sec this turn | 300 sec total\n|\n|t:|1783563306\n|move|p2a: Scrafty|Poison Jab|p1a: Chesnaught\n|-supereffective|p1a: Chesnaught\n|-damage|p1a: Chesnaught|11/100\n|-status|p1a: Chesnaught|psn\n|move|p1a: Chesnaught|Synthesis|p1a: Chesnaught\n|-heal|p1a: Chesnaught|60/100 psn\n|\n|-damage|p1a: Chesnaught|48/100 psn|[from] psn\n|upkeep\n|turn|76\n|inactive|Time left: 300 sec this turn | 300 sec total\n|\n|t:|1783563307\n|move|p2a: Scrafty|Poison Jab|p1a: Chesnaught\n|-supereffective|p1a: Chesnaught\n|-damage|p1a: Chesnaught|5/100 psn\n|move|p1a: Chesnaught|Synthesis|p1a: Chesnaught\n|-heal|p1a: Chesnaught|55/100 psn\n|\n|-damage|p1a: Chesnaught|42/100 psn|[from] psn\n|upkeep\n|turn|77\n|inactive|Time left: 300 sec this turn | 300 sec total\n|\n|t:|1783563308\n|move|p2a: Scrafty|Drain Punch|p1a: Chesnaught\n|-damage|p1a: Chesnaught|12/100 psn\n|-heal|p2a: Scrafty|51/244|[from] drain|[of] p1a: Chesnaught\n|move|p1a: Chesnaught|Wood Hammer|p2a: Scrafty\n|-damage|p2a: Scrafty|0 fnt\n|faint|p2a: Scrafty\n|-damage|p1a: Chesnaught|6/100 psn|[from] Recoil\n|\n|-damage|p1a: Chesnaught|0 fnt|[from] psn\n|faint|p1a: Chesnaught\n|\n|win|p0y2006482f", "uploadtime": 1783563308, "views": 0, "rating": 0, "private": 0, "password": null, "_winner": "p0y2006482f", "_our_name": "p0y2006482f"}