{"id": "battle-gen9randombattle-1495", "formatid": "gen9randombattle", "format": "[Gen 9] Random Battle", "players": ["p0x14959451", "p0y14959231"], "log": "|init|battle\n|title|p0x14959451 vs. p0y14959231\n|j|\u2606p0x14959451\n|j|\u2606p0y14959231\n|t:|1783557397\n|gametype|singles\n|player|p1|p0x14959451|265|\n|player|p2|p0y14959231|1|\n|gen|9\n|tier|[Gen 9] Random Battle\n|rule|Species Clause: Limit one of each Pok\u00e9mon\n|rule|HP Percentage Mod: HP is shown in percentages\n|rule|Sleep Clause Mod: Limit one foe put to sleep\n|rule|Illusion Level Mod: Illusion disguises the Pok\u00e9mon's true level\n|\n|t:|1783557397\n|teamsize|p1|6\n|teamsize|p2|6\n|start\n|switch|p1a: Serperior|Serperior, L79, F|100/100\n|switch|p2a: Clodsire|Clodsire, L81, F|343/343\n|turn|1\n|inactive|Battle timer is ON: inactive players will automatically lose when time's up. (requested by p0x14959451)\n|inactive|Time left: 300 sec this turn | 300 sec total | 60 sec grace\n|\n|t:|1783557399\n|move|p1a: Serperior|Leaf Storm|p2a: Clodsire\n|-damage|p2a: Clodsire|256/343\n|-boost|p1a: Serperior|spa|2\n|move|p2a: Clodsire|Spikes|p1a: Serperior\n|-sidestart|p1: p0x14959451|Spikes\n|\n|-heal|p2a: Clodsire|277/343|[from] item: Leftovers\n|upkeep\n|turn|2\n|inactive|Time left: 300 sec this turn | 300 sec total\n|inactive|p0y14959231 also wants the timer to be on.\n|\n|t:|1783557399\n|move|p1a: Serperior|Leaf Storm|p2a: Clodsire|[miss]\n|-miss|p1a: Serperior|p2a: Clodsire\n|move|p2a: Clodsire|Toxic|p1a: Serperior\n|-status|p1a: Serperior|tox\n|\n|-heal|p2a: Clodsire|298/343|[from] item: Leftovers\n|-damage|p1a: Serperior|94/100 tox|[from] psn\n|upkeep\n|turn|3\n|inactive|Time left: 300 sec this turn | 300 sec total\n|\n|t:|1783557400\n|move|p1a: Serperior|Leaf Storm|p2a: Clodsire\n|-damage|p2a: Clodsire|208/343\n|-boost|p1a: Serperior|spa|2\n|move|p2a: Clodsire|Spikes|p1a: Serperior\n|-sidestart|p1: p0x14959451|Spikes\n|\n|-heal|p1a: Serperior|100/100 tox|[from] item: Leftovers\n|-heal|p2a: Clodsire|229/343|[from] item: Leftovers\n|-damage|p1a: Serperior|88/100 tox|[from] psn\n|upkeep\n|turn|4\n|inactive|Time left: 300 sec this turn | 300 sec total\n|\n|t:|1783557402\n|move|p1a: Serperior|Leaf Storm|p2a: Clodsire\n|-damage|p2a: Clodsire|138/343\n|-boost|p1a: Serperior|spa|2\n|move|p2a: Clodsire|Recover|p2a: Clodsire\n|-heal|p2a: Clodsire|310/343\n|\n|-heal|p1a: Serperior|94/100 tox|[from] item: Leftovers\n|-heal|p2a: Clodsire|331/343|[from] item: Leftovers\n|-damage|p1a: Serperior|76/100 tox|[from] psn\n|upkeep\n|turn|5\n|inactive|Time left: 300 sec this turn | 300 sec total\n|\n|t:|1783557403\n|move|p1a: Serperior|Leaf Storm|p2a: Clodsire\n|-damage|p2a: Clodsire|238/343\n|move|p2a: Clodsire|Earthquake|p1a: Serperior\n|-resisted|p1a: Serperior\n|-damage|p1a: Serperior|59/100 tox\n|\n|-heal|p1a: Serperior|65/100 tox|[from] item: Leftovers\n|-heal|p2a: Clodsire|259/343|[from] item: Leftovers\n|-damage|p1a: Serperior|41/100 tox|[from] psn\n|upkeep\n|turn|6\n|inactive|Time left: 300 sec this turn | 300 sec total\n|\n|t:|1783557404\n|move|p1a: Serperior|Leaf Storm|p2a: Clodsire\n|-damage|p2a: Clodsire|159/343\n|move|p2a: Clodsire|Earthquake|p1a: Serperior\n|-resisted|p1a: Serperior\n|-damage|p1a: Serperior|26/100 tox\n|\n|-heal|p1a: Serperior|32/100 tox|[from] item: Leftovers\n|-heal|p2a: Clodsire|180/343|[from] item: Leftovers\n|-damage|p1a: Serperior|2/100 tox|[from] psn\n|upkeep\n|turn|7\n|inactive|Time left: 300 sec this turn | 300 sec total\n|\n|t:|1783557405\n|move|p1a: Serperior|Leaf Storm|p2a: Clodsire\n|-damage|p2a: Clodsire|81/343\n|move|p2a: Clodsire|Recover|p2a: Clodsire\n|-heal|p2a: Clodsire|253/343\n|\n|-heal|p1a: Serperior|8/100 tox|[from] item: Leftovers\n|-heal|p2a: Clodsire|274/343|[from] item: Leftovers\n|-damage|p1a: Serperior|0 fnt|[from] psn\n|faint|p1a: Serperior\n|upkeep\n|\n|t:|1783557407\n|switch|p1a: Rayquaza|Rayquaza, L72|100/100\n|-ability|p1a: Rayquaza|Air Lock\n|turn|8\n|inactive|Time left: 300 sec this turn | 300 sec total\n|\n|t:|1783557408\n|move|p1a: Rayquaza|Swords Dance|p1a: Rayquaza\n|-boost|p1a: Rayquaza|atk|2\n|move|p2a: Clodsire|Toxic|p1a: Rayquaza\n|-status|p1a: Rayquaza|tox\n|\n|-heal|p2a: Clodsire|295/343|[from] item: Leftovers\n|-damage|p1a: Rayquaza|95/100 tox|[from] psn\n|upkeep\n|turn|9\n|inactive|Time left: 300 sec this turn | 300 sec total\n|\n|t:|1783557409\n|move|p1a: Rayquaza|Scale Shot|p2a: Clodsire\n|-damage|p2a: Clodsire|256/343\n|-damage|p2a: Clodsire|217/343\n|-damage|p2a: Clodsire|181/343\n|-damage|p2a: Clodsire|142/343\n|-damage|p2a: Clodsire|106/343\n|-hitcount|p2a: Clodsire|5\n|-unboost|p1a: Rayquaza|def|1\n|-boost|p1a: Rayquaza|spe|1\n|move|p2a: Clodsire|Recover|p2a: Clodsire\n|-heal|p2a: Clodsire|278/343\n|\n|-heal|p2a: Clodsire|299/343|[from] item: Leftovers\n|-damage|p1a: Rayquaza|83/100 tox|[from] psn\n|upkeep\n|turn|10\n|inactive|Time left: 300 sec this turn | 300 sec total\n|\n|t:|1783557410\n|move|p1a: Rayquaza|Earthquake|p2a: Clodsire\n|-supereffective|p2a: Clodsire\n|-damage|p2a: Clodsire|85/343\n|move|p2a: Clodsire|Recover|p2a: Clodsire\n|-heal|p2a: Clodsire|257/343\n|\n|-heal|p2a: Clodsire|278/343|[from] item: Leftovers\n|-damage|p1a: Rayquaza|65/100 tox|[from] psn\n|upkeep\n|turn|11\n|inactive|Time left: 300 sec this turn | 300 sec total\n|\n|t:|1783557411\n|move|p1a: Rayquaza|Earthquake|p2a: Clodsire\n|-supereffective|p2a: Clodsire\n|-damage|p2a: Clodsire|88/343\n|move|p2a: Clodsire|Recover|p2a: Clodsire\n|-heal|p2a: Clodsire|260/343\n|\n|-heal|p2a: Clodsire|281/343|[from] item: Leftovers\n|-damage|p1a: Rayquaza|41/100 tox|[from] psn\n|upkeep\n|turn|12\n|inactive|Time left: 300 sec this turn | 300 sec total\n|\n|t:|1783557412\n|move|p1a: Rayquaza|Dragon Ascent|p2a: Clodsire\n|-damage|p2a: Clodsire|115/343\n|-unboost|p1a: Rayquaza|def|1\n|-unboost|p1a: Rayquaza|spd|1\n|move|p2a: Clodsire|Recover|p2a: Clodsire\n|-heal|p2a: Clodsire|287/343\n|\n|-heal|p2a: Clodsire|308/343|[from] item: Leftovers\n|-damage|p1a: Rayquaza|12/100 tox|[from] psn\n|upkeep\n|turn|13\n|inactive|Time left: 300 sec this turn | 300 sec total\n|\n|t:|1783557413\n|move|p1a: Rayquaza|Dragon Ascent|p2a: Clodsire\n|-damage|p2a: Clodsire|115/343\n|-unboost|p1a: Rayquaza|def|1\n|-unboost|p1a: Rayquaza|spd|1\n|move|p2a: Clodsire|Spikes|p1a: Rayquaza\n|-sidestart|p1: p0x14959451|Spikes\n|\n|-heal|p2a: Clodsire|136/343|[from] item: Leftovers\n|-damage|p1a: Rayquaza|0 fnt|[from] psn\n|faint|p1a: Rayquaza\n|upkeep\n|\n|t:|1783557414\n|switch|p1a: Hitmontop|Hitmontop, L88, M|100/100\n|-damage|p1a: Hitmontop|76/100|[from] Spikes\n|-ability|p1a: Hitmontop|Intimidate|boost\n|-unboost|p2a: Clodsire|atk|1\n|turn|14\n|inactive|Time left: 300 sec this turn | 300 sec total\n|\n|t:|1783557416\n|switch|p2a: Latias|Latias, L79, F|256/256\n|move|p1a: Hitmontop|Rapid Spin|p2a: Latias\n|-damage|p2a: Latias|215/256\n|-boost|p1a: Hitmontop|spe|1\n|-sideend|p1: p0x14959451|Spikes|[from] move: Rapid Spin|[of] p1a: Hitmontop\n|\n|upkeep\n|turn|15\n|inactive|Time left: 300 sec this turn | 300 sec total\n|\n|t:|1783557417\n|switch|p1a: Spiritomb|Spiritomb, L89, F|100/100\n|move|p2a: Latias|Psyshock|p1a: Spiritomb\n|-immune|p1a: Spiritomb\n|\n|upkeep\n|turn|16\n|inactive|Time left: 300 sec this turn | 300 sec total\n|\n|t:|1783557418\n|switch|p2a: Ting-Lu|Ting-Lu, L78|370/370\n|-ability|p2a: Ting-Lu|Vessel of Ruin\n|move|p1a: Spiritomb|Poltergeist|p2a: Ting-Lu\n|-activate|p2a: Ting-Lu|move: Poltergeist|Leftovers\n|-resisted|p2a: Ting-Lu\n|-damage|p2a: Ting-Lu|299/370\n|\n|-heal|p2a: Ting-Lu|322/370|[from] item: Leftovers\n|upkeep\n|turn|17\n|inactive|Time left: 300 sec this turn | 300 sec total\n|\n|t:|1783557420\n|move|p2a: Ting-Lu|Spikes|p1a: Spiritomb\n|-sidestart|p1: p0x14959451|Spikes\n|move|p1a: Spiritomb|Poltergeist|p2a: Ting-Lu\n|-activate|p2a: Ting-Lu|move: Poltergeist|Leftovers\n|-resisted|p2a: Ting-Lu\n|-damage|p2a: Ting-Lu|245/370\n|\n|-heal|p2a: Ting-Lu|268/370|[from] item: Leftovers\n|upkeep\n|turn|18\n|inactive|Time left: 300 sec this turn | 300 sec total\n|\n|t:|1783557421\n|move|p2a: Ting-Lu|Stealth Rock|p1a: Spiritomb\n|-sidestart|p1: p0x14959451|move: Stealth Rock\n|move|p1a: Spiritomb|Poltergeist|p2a: Ting-Lu\n|-activate|p2a: Ting-Lu|move: Poltergeist|Leftovers\n|-resisted|p2a: Ting-Lu\n|-damage|p2a: Ting-Lu|198/370\n|\n|-heal|p2a: Ting-Lu|221/370|[from] item: Leftovers\n|upkeep\n|turn|19\n|inactive|Time left: 300 sec this turn | 300 sec total\n|\n|t:|1783557422\n|move|p2a: Ting-Lu|Earthquake|p1a: Spiritomb\n|-damage|p1a: Spiritomb|68/100\n|move|p1a: Spiritomb|Poltergeist|p2a: Ting-Lu\n|-activate|p2a: Ting-Lu|move: Poltergeist|Leftovers\n|-resisted|p2a: Ting-Lu\n|-damage|p2a: Ting-Lu|140/370\n|\n|-heal|p2a: Ting-Lu|163/370|[from] item: Leftovers\n|upkeep\n|turn|20\n|inactive|Time left: 300 sec this turn | 300 sec total\n|\n|t:|1783557423\n|move|p2a: Ting-Lu|Earthquake|p1a: Spiritomb\n|-damage|p1a: Spiritomb|31/100\n|move|p1a: Spiritomb|Poltergeist|p2a: Ting-Lu\n|-activate|p2a: Ting-Lu|move: Poltergeist|Leftovers\n|-resisted|p2a: Ting-Lu\n|-damage|p2a: Ting-Lu|88/370\n|\n|-heal|p2a: Ting-Lu|111/370|[from] item: Leftovers\n|upkeep\n|turn|21\n|inactive|Time left: 300 sec this turn | 300 sec total\n|\n|t:|1783557425\n|switch|p1a: Hitmontop|Hitmontop, L88, M|76/100\n|-damage|p1a: Hitmontop|64/100|[from] Spikes\n|-damage|p1a: Hitmontop|58/100|[from] Stealth Rock\n|-ability|p1a: Hitmontop|Intimidate|boost\n|-unboost|p2a: Ting-Lu|atk|1\n|move|p2a: Ting-Lu|Earthquake|p1a: Hitmontop\n|-damage|p1a: Hitmontop|30/100\n|\n|-heal|p2a: Ting-Lu|134/370|[from] item: Leftovers\n|upkeep\n|turn|22\n|inactive|Time left: 300 sec this turn | 300 sec total\n|\n|t:|1783557426\n|move|p1a: Hitmontop|Rapid Spin|p2a: Ting-Lu\n|-damage|p2a: Ting-Lu|102/370\n|-boost|p1a: Hitmontop|spe|1\n|-sideend|p1: p0x14959451|Spikes|[from] move: Rapid Spin|[of] p1a: Hitmontop\n|-sideend|p1: p0x14959451|Stealth Rock|[from] move: Rapid Spin|[of] p1a: Hitmontop\n|move|p2a: Ting-Lu|Earthquake|p1a: Hitmontop\n|-damage|p1a: Hitmontop|6/100\n|\n|-heal|p2a: Ting-Lu|125/370|[from] item: Leftovers\n|upkeep\n|turn|23\n|inactive|Time left: 300 sec this turn | 300 sec total\n|\n|t:|1783557427\n|move|p1a: Hitmontop|Close Combat|p2a: Ting-Lu\n|-supereffective|p2a: Ting-Lu\n|-damage|p2a: Ting-Lu|0 fnt\n|-unboost|p1a: Hitmontop|def|1\n|-unboost|p1a: Hitmontop|spd|1\n|faint|p2a: Ting-Lu\n|\n|upkeep\n|inactive|Time left: 300 sec this turn | 300 sec total | 5 sec grace\n|\n|t:|1783557428\n|switch|p2a: Persian|Persian, L92, F|269/269\n|turn|24\n|inactive|Time left: 300 sec this turn | 300 sec total\n|\n|t:|1783557429\n|switch|p1a: Metagross|Metagross, L79|100/100\n|move|p2a: Persian|Knock Off|p1a: Metagross\n|-supereffective|p1a: Metagross\n|-damage|p1a: Metagross|41/100\n|-enditem|p1a: Metagross|Leftovers|[from] move: Knock Off|[of] p2a: Persian\n|\n|upkeep\n|turn|25\n|inactive|Time left: 300 sec this turn | 300 sec total\n|\n|t:|1783557431\n|move|p2a: Persian|Knock Off|p1a: Metagross\n|-supereffective|p1a: Metagross\n|-damage|p1a: Metagross|1/100\n|move|p1a: Metagross|Heavy Slam|p2a: Persian\n|-damage|p2a: Persian|91/269\n|\n|upkeep\n|turn|26\n|inactive|Time left: 300 sec this turn | 300 sec total\n|\n|t:|1783557432\n|move|p1a: Metagross|Bullet Punch|p2a: Persian\n|-damage|p2a: Persian|37/269\n|move|p2a: Persian|Knock Off|p1a: Metagross\n|-supereffective|p1a: Metagross\n|-crit|p1a: Metagross\n|-damage|p1a: Metagross|0 fnt\n|faint|p1a: Metagross\n|\n|upkeep\n|\n|t:|1783557433\n|switch|p1a: Spiritomb|Spiritomb, L89, F|31/100\n|turn|27\n|inactive|Time left: 300 sec this turn | 300 sec total\n|\n|t:|1783557434\n|move|p1a: Spiritomb|Sucker Punch|p2a: Persian\n|-damage|p2a: Persian|0 fnt\n|faint|p2a: Persian\n|\n|upkeep\n|inactive|Time left: 300 sec this turn | 300 sec total | 5 sec grace\n|\n|t:|1783557435\n|switch|p2a: Clodsire|Clodsire, L81, F|136/343\n|turn|28\n|inactive|Time left: 300 sec this turn | 300 sec total\n|\n|t:|1783557436\n|switch|p1a: Hitmontop|Hitmontop, L88, M|6/100\n|-ability|p1a: Hitmontop|Intimidate|boost\n|-unboost|p2a: Clodsire|atk|1\n|move|p2a: Clodsire|Recover|p2a: Clodsire\n|-heal|p2a: Clodsire|308/343\n|\n|-heal|p2a: Clodsire|329/343|[from] item: Leftovers\n|upkeep\n|turn|29\n|inactive|Time left: 300 sec this turn | 300 sec total\n|\n|t:|1783557437\n|switch|p2a: Latias|Latias, L79, F|215/256\n|move|p1a: Hitmontop|Earthquake|p2a: Latias\n|-immune|p2a: Latias|[from] ability: Levitate\n|\n|upkeep\n|turn|30\n|inactive|Time left: 300 sec this turn | 300 sec total\n|\n|t:|1783557438\n|switch|p1a: Spiritomb|Spiritomb, L89, F|31/100\n|move|p2a: Latias|Calm Mind|p2a: Latias\n|-boost|p2a: Latias|spa|1\n|-boost|p2a: Latias|spd|1\n|\n|upkeep\n|turn|31\n|inactive|Time left: 300 sec this turn | 300 sec total\n|\n|t:|1783557438\n|move|p2a: Latias|Draco Meteor|p1a: Spiritomb\n|-damage|p1a: Spiritomb|0 fnt\n|-unboost|p2a: Latias|spa|2\n|faint|p1a: Spiritomb\n|\n|upkeep\n|\n|t:|1783557439\n|switch|p1a: Meloetta|Meloetta, L82|100/100\n|turn|32\n|inactive|Time left: 300 sec this turn | 300 sec total\n|\n|t:|1783557440\n|switch|p2a: Dudunsparce|Dudunsparce, L83, M|343/343\n|move|p1a: Meloetta|Triple Axel|p2a: Dudunsparce\n|-damage|p2a: Dudunsparce|325/343\n|-damage|p2a: Dudunsparce|289/343\n|-damage|p2a: Dudunsparce|242/343\n|-hitcount|p2a: Dudunsparce|3\n|-damage|p1a: Meloetta|91/100|[from] item: Life Orb\n|\n|-heal|p2a: Dudunsparce|263/343|[from] item: Leftovers\n|upkeep\n|turn|33\n|inactive|Time left: 300 sec this turn | 300 sec total\n|\n|t:|1783557441\n|move|p1a: Meloetta|Relic Song|p2a: Dudunsparce\n|-damage|p2a: Dudunsparce|133/343\n|-status|p2a: Dudunsparce|slp|[from] move: Relic Song\n|-formechange|p1a: Meloetta|Meloetta-Pirouette|[msg]\n|-damage|p1a: Meloetta|81/100|[from] item: Life Orb\n|cant|p2a: Dudunsparce|slp\n|\n|-heal|p2a: Dudunsparce|154/343 slp|[from] item: Leftovers\n|upkeep\n|turn|34\n|inactive|Time left: 300 sec this turn | 300 sec total\n|\n|t:|1783557442\n|move|p1a: Meloetta|Close Combat|p2a: Dudunsparce\n|-supereffective|p2a: Dudunsparce\n|-damage|p2a: Dudunsparce|0 fnt\n|-unboost|p1a: Meloetta|def|1\n|-unboost|p1a: Meloetta|spd|1\n|faint|p2a: Dudunsparce\n|-damage|p1a: Meloetta|71/100|[from] item: Life Orb\n|\n|upkeep\n|inactive|Time left: 300 sec this turn | 300 sec total | 5 sec grace\n|\n|t:|1783557443\n|switch|p2a: Palkia|Palkia, L75|259/259\n|-ability|p2a: Palkia|Pressure\n|turn|35\n|inactive|Time left: 300 sec this turn | 300 sec total\n|\n|t:|1783557444\n|-terastallize|p1a: Meloetta|Fighting\n|move|p1a: Meloetta|Close Combat|p2a: Palkia\n|-damage|p2a: Palkia|0 fnt\n|-unboost|p1a: Meloetta|def|1\n|-unboost|p1a: Meloetta|spd|1\n|faint|p2a: Palkia\n|-damage|p1a: Meloetta|62/100|[from] item: Life Orb\n|\n|upkeep\n|inactive|Time left: 300 sec this turn | 300 sec total | 5 sec grace\n|\n|t:|1783557445\n|switch|p2a: Latias|Latias, L79, F|215/256\n|turn|36\n|inactive|Time left: 300 sec this turn | 300 sec total\n|\n|t:|1783557446\n|switch|p1a: Hitmontop|Hitmontop, L88, M|6/100\n|-ability|p1a: Hitmontop|Intimidate|boost\n|-unboost|p2a: Latias|atk|1\n|move|p2a: Latias|Psyshock|p1a: Hitmontop\n|-supereffective|p1a: Hitmontop\n|-damage|p1a: Hitmontop|0 fnt\n|faint|p1a: Hitmontop\n|\n|upkeep\n|\n|t:|1783557446\n|switch|p1a: Meloetta|Meloetta, L82, tera:Fighting|62/100\n|turn|37\n|inactive|Time left: 300 sec this turn | 300 sec total\n|\n|t:|1783557447\n|move|p2a: Latias|Psyshock|p1a: Meloetta\n|-supereffective|p1a: Meloetta\n|-damage|p1a: Meloetta|0 fnt\n|faint|p1a: Meloetta\n|\n|win|p0y14959231", "uploadtime": 1783557447, "views": 0, "rating": 0, "private": 0, "password": null, "_winner": "p0y14959231", "_our_name": "p0y14959231"}