{"id": "battle-gen9randombattle-630", "formatid": "gen9randombattle", "format": "[Gen 9] Random Battle", "players": ["p0x6302075", "p0y630a08f"], "log": "|init|battle\n|title|p0x6302075 vs. p0y630a08f\n|j|\u2606p0x6302075\n|j|\u2606p0y630a08f\n|t:|1783546427\n|gametype|singles\n|player|p1|p0x6302075|101|\n|player|p2|p0y630a08f|1|\n|gen|9\n|tier|[Gen 9] Random Battle\n|rule|Species Clause: Limit one of each Pok\u00e9mon\n|rule|HP Percentage Mod: HP is shown in percentages\n|rule|Sleep Clause Mod: Limit one foe put to sleep\n|rule|Illusion Level Mod: Illusion disguises the Pok\u00e9mon's true level\n|\n|t:|1783546427\n|teamsize|p1|6\n|teamsize|p2|6\n|start\n|switch|p1a: Cramorant|Cramorant, L86, M|100/100\n|switch|p2a: Klefki|Klefki, L84, M|233/233\n|turn|1\n|inactive|Battle timer is ON: inactive players will automatically lose when time's up. (requested by p0x6302075)\n|inactive|Time left: 300 sec this turn | 300 sec total | 60 sec grace\n|inactive|p0y630a08f also wants the timer to be on.\n|\n|t:|1783546429\n|move|p1a: Cramorant|Surf|p2a: Klefki\n|-formechange|p1a: Cramorant|Cramorant-Gulping|\n|-damage|p2a: Klefki|146/233\n|move|p2a: Klefki|Play Rough|p1a: Cramorant\n|-damage|p1a: Cramorant|55/100\n|-damage|p2a: Klefki|88/233|[from] ability: Gulp Missile|[of] p1a: Cramorant\n|-unboost|p2a: Klefki|def|1\n|-formechange|p1a: Cramorant|Cramorant|\n|\n|-heal|p2a: Klefki|102/233|[from] item: Leftovers\n|upkeep\n|turn|2\n|inactive|Time left: 300 sec this turn | 300 sec total\n|\n|t:|1783546430\n|move|p2a: Klefki|Thunder Wave|p1a: Cramorant\n|-status|p1a: Cramorant|par\n|cant|p1a: Cramorant|par\n|\n|-heal|p2a: Klefki|116/233|[from] item: Leftovers\n|upkeep\n|turn|3\n|inactive|Time left: 300 sec this turn | 300 sec total\n|\n|t:|1783546431\n|move|p2a: Klefki|Play Rough|p1a: Cramorant\n|-crit|p1a: Cramorant\n|-damage|p1a: Cramorant|0 fnt\n|faint|p1a: Cramorant\n|\n|-heal|p2a: Klefki|130/233|[from] item: Leftovers\n|upkeep\n|\n|t:|1783546432\n|switch|p1a: Ting-Lu|Ting-Lu, L78|100/100\n|-ability|p1a: Ting-Lu|Vessel of Ruin\n|turn|4\n|inactive|Time left: 300 sec this turn | 300 sec total\n|\n|t:|1783546434\n|switch|p2a: Delibird|Delibird, M|252/252\n|move|p1a: Ting-Lu|Earthquake|p2a: Delibird\n|-immune|p2a: Delibird\n|\n|upkeep\n|turn|5\n|inactive|Time left: 300 sec this turn | 300 sec total\n|\n|t:|1783546435\n|move|p2a: Delibird|Spikes|p1a: Ting-Lu\n|-sidestart|p1: p0x6302075|Spikes\n|move|p1a: Ting-Lu|Throat Chop|p2a: Delibird\n|-damage|p2a: Delibird|140/252\n|-start|p2a: Delibird|Throat Chop|[silent]\n|\n|upkeep\n|turn|6\n|inactive|Time left: 300 sec this turn | 300 sec total\n|\n|t:|1783546436\n|move|p2a: Delibird|Freeze-Dry|p1a: Ting-Lu\n|-supereffective|p1a: Ting-Lu\n|-damage|p1a: Ting-Lu|64/100\n|-status|p1a: Ting-Lu|frz\n|-curestatus|p1a: Ting-Lu|frz|[msg]\n|move|p1a: Ting-Lu|Throat Chop|p2a: Delibird\n|-damage|p2a: Delibird|40/252\n|\n|-heal|p1a: Ting-Lu|70/100|[from] item: Leftovers\n|-end|p2a: Delibird|Throat Chop|[silent]\n|upkeep\n|turn|7\n|inactive|Time left: 300 sec this turn | 300 sec total\n|\n|t:|1783546437\n|move|p2a: Delibird|Freeze-Dry|p1a: Ting-Lu\n|-supereffective|p1a: Ting-Lu\n|-damage|p1a: Ting-Lu|36/100\n|-status|p1a: Ting-Lu|frz\n|cant|p1a: Ting-Lu|frz\n|\n|-heal|p1a: Ting-Lu|43/100 frz|[from] item: Leftovers\n|upkeep\n|turn|8\n|inactive|Time left: 300 sec this turn | 300 sec total\n|\n|t:|1783546438\n|move|p2a: Delibird|Freeze-Dry|p1a: Ting-Lu\n|-supereffective|p1a: Ting-Lu\n|-damage|p1a: Ting-Lu|4/100 frz\n|cant|p1a: Ting-Lu|frz\n|\n|-heal|p1a: Ting-Lu|10/100 frz|[from] item: Leftovers\n|upkeep\n|turn|9\n|inactive|Time left: 300 sec this turn | 300 sec total\n|\n|t:|1783546439\n|move|p2a: Delibird|Spikes|p1a: Ting-Lu\n|-sidestart|p1: p0x6302075|Spikes\n|cant|p1a: Ting-Lu|frz\n|\n|-heal|p1a: Ting-Lu|16/100 frz|[from] item: Leftovers\n|upkeep\n|turn|10\n|inactive|Time left: 300 sec this turn | 300 sec total\n|\n|t:|1783546439\n|move|p2a: Delibird|Freeze-Dry|p1a: Ting-Lu\n|-supereffective|p1a: Ting-Lu\n|-crit|p1a: Ting-Lu\n|-damage|p1a: Ting-Lu|0 fnt\n|faint|p1a: Ting-Lu\n|\n|upkeep\n|\n|t:|1783546440\n|switch|p1a: Jolteon|Jolteon, L84, M|100/100\n|turn|11\n|inactive|Time left: 300 sec this turn | 300 sec total\n|\n|t:|1783546441\n|switch|p2a: Garchomp|Garchomp, L74, M|282/282\n|move|p1a: Jolteon|Calm Mind|p1a: Jolteon\n|-boost|p1a: Jolteon|spa|1\n|-boost|p1a: Jolteon|spd|1\n|\n|upkeep\n|turn|12\n|inactive|Time left: 300 sec this turn | 300 sec total\n|\n|t:|1783546442\n|switch|p2a: Delibird|Delibird, M|40/252\n|-terastallize|p1a: Jolteon|Fairy\n|move|p1a: Jolteon|Alluring Voice|p2a: Delibird\n|-damage|p2a: Delibird|0 fnt\n|faint|p2a: Delibird\n|\n|upkeep\n|inactive|Time left: 300 sec this turn | 300 sec total | 5 sec grace\n|\n|t:|1783546443\n|switch|p2a: Gouging Fire|Gouging Fire, L74|277/277\n|turn|13\n|inactive|Time left: 300 sec this turn | 300 sec total\n|\n|t:|1783546444\n|move|p1a: Jolteon|Alluring Voice|p2a: Gouging Fire\n|-damage|p2a: Gouging Fire|129/277\n|move|p2a: Gouging Fire|Heat Crash|p1a: Jolteon\n|-damage|p1a: Jolteon|37/100\n|\n|upkeep\n|turn|14\n|inactive|Time left: 300 sec this turn | 300 sec total\n|\n|t:|1783546445\n|-end|p2a: Gouging Fire|Protosynthesis|[silent]\n|switch|p2a: Cinderace|Cinderace, L77, F|250/250\n|move|p1a: Jolteon|Alluring Voice|p2a: Cinderace\n|-resisted|p2a: Cinderace\n|-damage|p2a: Cinderace|171/250\n|\n|upkeep\n|turn|15\n|inactive|Time left: 300 sec this turn | 300 sec total\n|\n|t:|1783546446\n|-terastallize|p2a: Cinderace|Grass\n|move|p1a: Jolteon|Thunderbolt|p2a: Cinderace\n|-resisted|p2a: Cinderace\n|-damage|p2a: Cinderace|71/250\n|-status|p2a: Cinderace|par\n|move|p2a: Cinderace|Pyro Ball|p1a: Jolteon\n|-damage|p1a: Jolteon|0 fnt\n|faint|p1a: Jolteon\n|\n|upkeep\n|\n|t:|1783546447\n|switch|p1a: Florges|Florges-Yellow, L85, F|100/100\n|-damage|p1a: Florges|84/100|[from] Spikes\n|turn|16\n|inactive|Time left: 300 sec this turn | 300 sec total\n|\n|t:|1783546448\n|switch|p2a: Klefki|Klefki, L84, M|130/233\n|move|p1a: Florges|Moonblast|p2a: Klefki\n|-resisted|p2a: Klefki\n|-damage|p2a: Klefki|72/233\n|-unboost|p2a: Klefki|spa|1\n|\n|-heal|p1a: Florges|90/100|[from] item: Leftovers\n|-heal|p2a: Klefki|86/233|[from] item: Leftovers\n|upkeep\n|turn|17\n|inactive|Time left: 300 sec this turn | 300 sec total\n|\n|t:|1783546449\n|move|p2a: Klefki|Thunder Wave|p1a: Florges\n|-status|p1a: Florges|par\n|cant|p1a: Florges|par\n|\n|-heal|p2a: Klefki|100/233|[from] item: Leftovers\n|-heal|p1a: Florges|96/100 par|[from] item: Leftovers\n|upkeep\n|turn|18\n|inactive|Time left: 300 sec this turn | 300 sec total\n|\n|t:|1783546450\n|move|p2a: Klefki|Play Rough|p1a: Florges\n|-damage|p1a: Florges|58/100 par\n|-unboost|p1a: Florges|atk|1\n|move|p1a: Florges|Moonblast|p2a: Klefki\n|-resisted|p2a: Klefki\n|-damage|p2a: Klefki|46/233\n|\n|-heal|p2a: Klefki|60/233|[from] item: Leftovers\n|-heal|p1a: Florges|64/100 par|[from] item: Leftovers\n|upkeep\n|turn|19\n|inactive|Time left: 300 sec this turn | 300 sec total\n|\n|t:|1783546450\n|move|p2a: Klefki|Play Rough|p1a: Florges\n|-damage|p1a: Florges|26/100 par\n|move|p1a: Florges|Moonblast|p2a: Klefki\n|-resisted|p2a: Klefki\n|-damage|p2a: Klefki|2/233\n|-unboost|p2a: Klefki|spa|1\n|\n|-heal|p2a: Klefki|16/233|[from] item: Leftovers\n|-heal|p1a: Florges|31/100 par|[from] item: Leftovers\n|upkeep\n|turn|20\n|inactive|Time left: 300 sec this turn | 300 sec total\n|\n|t:|1783546451\n|move|p2a: Klefki|Play Rough|p1a: Florges\n|-damage|p1a: Florges|0 fnt\n|faint|p1a: Florges\n|\n|-heal|p2a: Klefki|30/233|[from] item: Leftovers\n|upkeep\n|\n|t:|1783546452\n|switch|p1a: Sawsbuck|Sawsbuck-Winter, L88, M|100/100\n|-damage|p1a: Sawsbuck|84/100|[from] Spikes\n|turn|21\n|inactive|Time left: 300 sec this turn | 300 sec total\n|\n|t:|1783546453\n|move|p2a: Klefki|Thunder Wave|p1a: Sawsbuck\n|-status|p1a: Sawsbuck|par\n|cant|p1a: Sawsbuck|par\n|\n|-heal|p2a: Klefki|44/233|[from] item: Leftovers\n|upkeep\n|turn|22\n|inactive|Time left: 300 sec this turn | 300 sec total\n|\n|t:|1783546454\n|switch|p2a: Garchomp|Garchomp, L74, M|282/282\n|move|p1a: Sawsbuck|Swords Dance|p1a: Sawsbuck\n|-boost|p1a: Sawsbuck|atk|2\n|\n|upkeep\n|turn|23\n|inactive|Time left: 300 sec this turn | 300 sec total\n|\n|t:|1783546454\n|move|p2a: Garchomp|Outrage|p1a: Sawsbuck\n|-damage|p1a: Sawsbuck|38/100 par\n|move|p1a: Sawsbuck|Horn Leech|p2a: Garchomp\n|-damage|p2a: Garchomp|36/282\n|-heal|p1a: Sawsbuck|81/100 par|[from] drain|[of] p2a: Garchomp\n|-damage|p1a: Sawsbuck|69/100 par|[from] ability: Rough Skin|[of] p2a: Garchomp\n|-damage|p1a: Sawsbuck|53/100 par|[from] item: Rocky Helmet|[of] p2a: Garchomp\n|-damage|p1a: Sawsbuck|43/100 par|[from] item: Life Orb\n|\n|upkeep\n|turn|24\n|inactive|Time left: 300 sec this turn | 300 sec total\n|\n|t:|1783546455\n|move|p2a: Garchomp|Outrage|p1a: Sawsbuck|[from] lockedmove\n|-damage|p1a: Sawsbuck|0 fnt\n|faint|p1a: Sawsbuck\n|-start|p2a: Garchomp|confusion|[fatigue]\n|\n|upkeep\n|\n|t:|1783546456\n|switch|p1a: Swalot|Swalot, L90, F|100/100\n|-damage|p1a: Swalot|84/100|[from] Spikes\n|turn|25\n|inactive|Time left: 300 sec this turn | 300 sec total\n|\n|t:|1783546457\n|-activate|p2a: Garchomp|confusion\n|move|p2a: Garchomp|Earthquake|p1a: Swalot\n|-supereffective|p1a: Swalot\n|-damage|p1a: Swalot|23/100\n|move|p1a: Swalot|Ice Beam|p2a: Garchomp\n|-supereffective|p2a: Garchomp\n|-damage|p2a: Garchomp|0 fnt\n|faint|p2a: Garchomp\n|\n|-heal|p1a: Swalot|29/100|[from] item: Leftovers\n|upkeep\n|inactive|Time left: 300 sec this turn | 300 sec total | 5 sec grace\n|\n|t:|1783546458\n|switch|p2a: Gouging Fire|Gouging Fire, L74|129/277\n|turn|26\n|inactive|Time left: 300 sec this turn | 300 sec total\n|\n|t:|1783546459\n|move|p2a: Gouging Fire|Outrage|p1a: Swalot\n|-damage|p1a: Swalot|0 fnt\n|faint|p1a: Swalot\n|\n|win|p0y630a08f", "uploadtime": 1783546459, "views": 0, "rating": 0, "private": 0, "password": null, "_winner": "p0y630a08f", "_our_name": "p0y630a08f"}