{"id": "battle-gen9randombattle-105", "formatid": "gen9randombattle", "format": "[Gen 9] Random Battle", "players": ["p0x1050f6a", "p0y105eaca"], "log": "|init|battle\n|title|p0x1050f6a vs. p0y105eaca\n|j|\u2606p0x1050f6a\n|j|\u2606p0y105eaca\n|t:|1783540719\n|gametype|singles\n|player|p1|p0x1050f6a|101|\n|player|p2|p0y105eaca|169|\n|gen|9\n|tier|[Gen 9] Random Battle\n|rule|Species Clause: Limit one of each Pok\u00e9mon\n|rule|HP Percentage Mod: HP is shown in percentages\n|rule|Sleep Clause Mod: Limit one foe put to sleep\n|rule|Illusion Level Mod: Illusion disguises the Pok\u00e9mon's true level\n|\n|t:|1783540719\n|teamsize|p1|6\n|teamsize|p2|6\n|start\n|switch|p1a: Meganium|Meganium, L90, F|290/290\n|switch|p2a: Electrode|Electrode-Hisui, L87|100/100\n|turn|1\n|inactive|Battle timer is ON: inactive players will automatically lose when time's up. (requested by p0x1050f6a)\n|inactive|p0y105eaca also wants the timer to be on.\n|\n|t:|1783540721\n|switch|p2a: Grimmsnarl|Grimmsnarl, L83, M|100/100\n|move|p1a: Meganium|Knock Off|p2a: Grimmsnarl\n|-resisted|p2a: Grimmsnarl\n|-damage|p2a: Grimmsnarl|94/100\n|-enditem|p2a: Grimmsnarl|Light Clay|[from] move: Knock Off|[of] p1a: Meganium\n|\n|upkeep\n|turn|2\n|inactive|Time left: 300 sec this turn | 300 sec total\n|\n|t:|1783540722\n|switch|p1a: Chi-Yu|Chi-Yu, L77|211/211\n|-ability|p1a: Chi-Yu|Beads of Ruin\n|move|p2a: Grimmsnarl|Light Screen|p2a: Grimmsnarl\n|-sidestart|p2: p0y105eaca|move: Light Screen\n|\n|upkeep\n|turn|3\n|inactive|Time left: 300 sec this turn | 300 sec total\n|\n|t:|1783540724\n|move|p1a: Chi-Yu|Flamethrower|p2a: Grimmsnarl\n|-damage|p2a: Grimmsnarl|69/100\n|move|p2a: Grimmsnarl|Spirit Break|p1a: Chi-Yu\n|-damage|p1a: Chi-Yu|108/211\n|-unboost|p1a: Chi-Yu|spa|1\n|\n|upkeep\n|turn|4\n|inactive|Time left: 300 sec this turn | 300 sec total\n|\n|t:|1783540725\n|move|p1a: Chi-Yu|Flamethrower|p2a: Grimmsnarl\n|-damage|p2a: Grimmsnarl|52/100\n|move|p2a: Grimmsnarl|Spirit Break|p1a: Chi-Yu\n|-damage|p1a: Chi-Yu|0 fnt\n|faint|p1a: Chi-Yu\n|\n|upkeep\n|inactive|Time left: 300 sec this turn | 300 sec total | 5 sec grace\n|\n|t:|1783540726\n|switch|p1a: Flutter Mane|Flutter Mane, L74|203/203\n|turn|5\n|inactive|Time left: 300 sec this turn | 300 sec total\n|\n|t:|1783540727\n|move|p2a: Grimmsnarl|Reflect|p2a: Grimmsnarl\n|-sidestart|p2: p0y105eaca|Reflect\n|move|p1a: Flutter Mane|Moonblast|p2a: Grimmsnarl\n|-supereffective|p2a: Grimmsnarl\n|-damage|p2a: Grimmsnarl|0 fnt\n|faint|p2a: Grimmsnarl\n|\n|upkeep\n|\n|t:|1783540728\n|switch|p2a: Flareon|Flareon, L90, M|100/100\n|turn|6\n|inactive|Time left: 300 sec this turn | 300 sec total\n|\n|t:|1783540729\n|-end|p1a: Flutter Mane|Protosynthesis|[silent]\n|switch|p1a: Salamence|Salamence, L77, M|273/273\n|-ability|p1a: Salamence|Intimidate|boost\n|-unboost|p2a: Flareon|atk|1\n|move|p2a: Flareon|Flare Blitz|p1a: Salamence\n|-resisted|p1a: Salamence\n|-damage|p1a: Salamence|203/273\n|-damage|p2a: Flareon|92/100|[from] Recoil\n|\n|-sideend|p2: p0y105eaca|move: Light Screen\n|-status|p2a: Flareon|tox|[from] item: Toxic Orb\n|upkeep\n|turn|7\n|inactive|Time left: 300 sec this turn | 300 sec total\n|\n|t:|1783540730\n|move|p1a: Salamence|Dragon Dance|p1a: Salamence\n|-boost|p1a: Salamence|atk|1\n|-boost|p1a: Salamence|spe|1\n|move|p2a: Flareon|Facade|p1a: Salamence\n|-damage|p1a: Salamence|42/273\n|\n|-damage|p2a: Flareon|86/100 tox|[from] psn\n|upkeep\n|turn|8\n|inactive|Time left: 300 sec this turn | 300 sec total\n|\n|t:|1783540731\n|move|p2a: Flareon|Quick Attack|p1a: Salamence\n|-crit|p1a: Salamence\n|-damage|p1a: Salamence|0 fnt\n|faint|p1a: Salamence\n|\n|-damage|p2a: Flareon|74/100 tox|[from] psn\n|upkeep\n|inactive|Time left: 300 sec this turn | 300 sec total | 5 sec grace\n|\n|t:|1783540731\n|switch|p1a: Terrakion|Terrakion, L79|273/273\n|turn|9\n|inactive|Time left: 300 sec this turn | 300 sec total\n|\n|t:|1783540732\n|switch|p2a: Deoxys|Deoxys-Defense, L84|100/100\n|-ability|p2a: Deoxys|Pressure\n|move|p1a: Terrakion|Swords Dance|p1a: Terrakion\n|-boost|p1a: Terrakion|atk|2\n|\n|-sideend|p2: p0y105eaca|Reflect\n|upkeep\n|turn|10\n|inactive|Time left: 300 sec this turn | 300 sec total\n|\n|t:|1783540733\n|move|p1a: Terrakion|Stone Edge|p2a: Deoxys\n|-damage|p2a: Deoxys|17/100\n|-damage|p1a: Terrakion|246/273|[from] item: Life Orb\n|move|p2a: Deoxys|Recover|p2a: Deoxys\n|-heal|p2a: Deoxys|67/100\n|\n|-heal|p2a: Deoxys|73/100|[from] item: Leftovers\n|upkeep\n|turn|11\n|inactive|Time left: 300 sec this turn | 300 sec total\n|\n|t:|1783540733\n|move|p1a: Terrakion|Stone Edge|p2a: Deoxys\n|-damage|p2a: Deoxys|0 fnt\n|faint|p2a: Deoxys\n|-damage|p1a: Terrakion|219/273|[from] item: Life Orb\n|\n|upkeep\n|\n|t:|1783540734\n|switch|p2a: Electrode|Electrode-Hisui, L87|100/100\n|turn|12\n|inactive|Time left: 300 sec this turn | 300 sec total\n|\n|t:|1783540735\n|move|p2a: Electrode|Substitute|p2a: Electrode\n|-start|p2a: Electrode|Substitute\n|-damage|p2a: Electrode|76/100\n|move|p1a: Terrakion|Stone Edge|p2a: Electrode\n|-end|p2a: Electrode|Substitute\n|-damage|p1a: Terrakion|192/273|[from] item: Life Orb\n|\n|-heal|p2a: Electrode|82/100|[from] item: Leftovers\n|upkeep\n|turn|13\n|inactive|Time left: 300 sec this turn | 300 sec total\n|\n|t:|1783540735\n|move|p2a: Electrode|Substitute|p2a: Electrode\n|-start|p2a: Electrode|Substitute\n|-damage|p2a: Electrode|57/100\n|move|p1a: Terrakion|Stone Edge|p2a: Electrode\n|-end|p2a: Electrode|Substitute\n|-damage|p1a: Terrakion|165/273|[from] item: Life Orb\n|\n|-heal|p2a: Electrode|63/100|[from] item: Leftovers\n|upkeep\n|turn|14\n|inactive|Time left: 300 sec this turn | 300 sec total\n|\n|t:|1783540736\n|-terastallize|p1a: Terrakion|Fighting\n|move|p2a: Electrode|Giga Drain|p1a: Terrakion\n|-damage|p1a: Terrakion|84/273\n|-heal|p2a: Electrode|80/100|[from] drain|[of] p1a: Terrakion\n|move|p1a: Terrakion|Earthquake|p2a: Electrode\n|-damage|p2a: Electrode|0 fnt\n|faint|p2a: Electrode\n|-damage|p1a: Terrakion|57/273|[from] item: Life Orb\n|\n|upkeep\n|\n|t:|1783540737\n|switch|p2a: Flareon|Flareon, L90, M|74/100 tox\n|turn|15\n|inactive|Time left: 300 sec this turn | 300 sec total\n|\n|t:|1783540738\n|move|p2a: Flareon|Quick Attack|p1a: Terrakion\n|-damage|p1a: Terrakion|0 fnt\n|faint|p1a: Terrakion\n|\n|-damage|p2a: Flareon|67/100 tox|[from] psn\n|upkeep\n|inactive|Time left: 300 sec this turn | 300 sec total | 5 sec grace\n|\n|t:|1783540739\n|switch|p1a: Duraludon|Duraludon, L82, M|249/249\n|turn|16\n|inactive|Time left: 300 sec this turn | 300 sec total\n|\n|t:|1783540740\n|move|p1a: Duraludon|Body Press|p2a: Flareon\n|-damage|p2a: Flareon|39/100 tox\n|move|p2a: Flareon|Flare Blitz|p1a: Duraludon\n|-damage|p1a: Duraludon|92/249\n|-damage|p2a: Flareon|19/100 tox|[from] Recoil\n|\n|-damage|p2a: Flareon|7/100 tox|[from] psn\n|upkeep\n|turn|17\n|inactive|Time left: 300 sec this turn | 300 sec total\n|\n|t:|1783540741\n|switch|p2a: Solgaleo|Solgaleo, L74|100/100\n|move|p1a: Duraludon|Flash Cannon|p2a: Solgaleo\n|-resisted|p2a: Solgaleo\n|-damage|p2a: Solgaleo|84/100\n|\n|upkeep\n|turn|18\n|inactive|Time left: 300 sec this turn | 300 sec total\n|\n|t:|1783540743\n|move|p2a: Solgaleo|Earthquake|p1a: Duraludon\n|-supereffective|p1a: Duraludon\n|-damage|p1a: Duraludon|8/249\n|move|p1a: Duraludon|Thunder Wave|p2a: Solgaleo\n|-status|p2a: Solgaleo|par\n|\n|upkeep\n|turn|19\n|inactive|Time left: 300 sec this turn | 300 sec total\n|\n|t:|1783540744\n|switch|p1a: Meganium|Meganium, L90, F|290/290\n|move|p2a: Solgaleo|Sunsteel Strike|p1a: Meganium\n|-damage|p1a: Meganium|205/290\n|\n|-heal|p1a: Meganium|223/290|[from] item: Leftovers\n|upkeep\n|turn|20\n|inactive|Time left: 300 sec this turn | 300 sec total\n|\n|t:|1783540745\n|switch|p2a: Arcanine|Arcanine, L84, F|100/100\n|-ability|p2a: Arcanine|Intimidate|boost\n|-unboost|p1a: Meganium|atk|1\n|move|p1a: Meganium|Knock Off|p2a: Arcanine\n|-damage|p2a: Arcanine|83/100\n|-enditem|p2a: Arcanine|Heavy-Duty Boots|[from] move: Knock Off|[of] p1a: Meganium\n|\n|-heal|p1a: Meganium|241/290|[from] item: Leftovers\n|upkeep\n|turn|21\n|inactive|Time left: 300 sec this turn | 300 sec total\n|\n|t:|1783540746\n|switch|p1a: Duraludon|Duraludon, L82, M|8/249\n|move|p2a: Arcanine|Flare Blitz|p1a: Duraludon\n|-damage|p1a: Duraludon|0 fnt\n|faint|p1a: Duraludon\n|-damage|p2a: Arcanine|82/100|[from] Recoil\n|\n|upkeep\n|inactive|Time left: 300 sec this turn | 300 sec total | 5 sec grace\n|\n|t:|1783540747\n|switch|p1a: Meganium|Meganium, L90, F|241/290\n|turn|22\n|inactive|Time left: 300 sec this turn | 300 sec total\n|\n|t:|1783540748\n|move|p2a: Arcanine|Flare Blitz|p1a: Meganium\n|-supereffective|p1a: Meganium\n|-damage|p1a: Meganium|0 fnt\n|faint|p1a: Meganium\n|-damage|p2a: Arcanine|54/100|[from] Recoil\n|\n|upkeep\n|inactive|Time left: 300 sec this turn | 300 sec total | 5 sec grace\n|\n|t:|1783540749\n|switch|p1a: Flutter Mane|Flutter Mane, L74|203/203\n|turn|23\n|inactive|Time left: 300 sec this turn | 300 sec total\n|\n|t:|1783540750\n|move|p1a: Flutter Mane|Moonblast|p2a: Arcanine\n|-resisted|p2a: Arcanine\n|-damage|p2a: Arcanine|24/100\n|move|p2a: Arcanine|Flare Blitz|p1a: Flutter Mane\n|-damage|p1a: Flutter Mane|0 fnt\n|faint|p1a: Flutter Mane\n|-end|p1a: Flutter Mane|Protosynthesis|[silent]\n|-damage|p2a: Arcanine|1/100|[from] Recoil\n|\n|win|p0y105eaca", "uploadtime": 1783540750, "views": 0, "rating": 0, "private": 0, "password": null, "_winner": "p0y105eaca", "_our_name": "p0x1050f6a"}