{"id": "battle-gen9randombattle-941", "formatid": "gen9randombattle", "format": "[Gen 9] Random Battle", "players": ["p0x941d65b", "p0y941e6ec"], "log": "|init|battle\n|title|p0x941d65b vs. p0y941e6ec\n|j|\u2606p0x941d65b\n|j|\u2606p0y941e6ec\n|t:|1783550789\n|gametype|singles\n|player|p1|p0x941d65b|266|\n|player|p2|p0y941e6ec|266|\n|gen|9\n|tier|[Gen 9] Random Battle\n|rule|Species Clause: Limit one of each Pok\u00e9mon\n|rule|HP Percentage Mod: HP is shown in percentages\n|rule|Sleep Clause Mod: Limit one foe put to sleep\n|rule|Illusion Level Mod: Illusion disguises the Pok\u00e9mon's true level\n|\n|t:|1783550789\n|teamsize|p1|6\n|teamsize|p2|6\n|start\n|switch|p1a: Regirock|Regirock, L83|100/100\n|switch|p2a: Scream Tail|Scream Tail, L84|330/330\n|turn|1\n|inactive|Battle timer is ON: inactive players will automatically lose when time's up. (requested by p0x941d65b)\n|inactive|Time left: 300 sec this turn | 300 sec total | 60 sec grace\n|inactive|p0y941e6ec also wants the timer to be on.\n|\n|t:|1783550790\n|move|p2a: Scream Tail|Play Rough|p1a: Regirock\n|-damage|p1a: Regirock|86/100\n|move|p1a: Regirock|Stealth Rock|p2a: Scream Tail\n|-sidestart|p2: p0y941e6ec|move: Stealth Rock\n|\n|-heal|p1a: Regirock|92/100|[from] item: Leftovers\n|upkeep\n|turn|2\n|inactive|Time left: 300 sec this turn | 300 sec total\n|\n|t:|1783550792\n|move|p2a: Scream Tail|Play Rough|p1a: Regirock\n|-damage|p1a: Regirock|78/100\n|move|p1a: Regirock|Thunder Wave|p2a: Scream Tail\n|-status|p2a: Scream Tail|par\n|\n|-heal|p1a: Regirock|84/100|[from] item: Leftovers\n|upkeep\n|turn|3\n|inactive|Time left: 300 sec this turn | 300 sec total\n|\n|t:|1783550793\n|switch|p1a: Incineroar|Incineroar, L82, M|100/100\n|-ability|p1a: Incineroar|Intimidate|boost\n|-unboost|p2a: Scream Tail|atk|1\n|-end|p2a: Scream Tail|Protosynthesis|[silent]\n|switch|p2a: Hippowdon|Hippowdon, L82, F|311/311\n|-damage|p2a: Hippowdon|292/311|[from] Stealth Rock\n|-weather|Sandstorm|[from] ability: Sand Stream|[of] p2a: Hippowdon\n|\n|-weather|Sandstorm|[upkeep]\n|-damage|p1a: Incineroar|94/100|[from] Sandstorm\n|upkeep\n|turn|4\n|inactive|Time left: 300 sec this turn | 300 sec total\n|\n|t:|1783550794\n|move|p1a: Incineroar|Swords Dance|p1a: Incineroar\n|-boost|p1a: Incineroar|atk|2\n|move|p2a: Hippowdon|Stealth Rock|p1a: Incineroar\n|-sidestart|p1: p0x941d65b|move: Stealth Rock\n|\n|-weather|Sandstorm|[upkeep]\n|-damage|p1a: Incineroar|88/100|[from] Sandstorm\n|upkeep\n|turn|5\n|inactive|Time left: 300 sec this turn | 300 sec total\n|\n|t:|1783550795\n|-terastallize|p1a: Incineroar|Grass\n|move|p1a: Incineroar|Trailblaze|p2a: Hippowdon\n|-supereffective|p2a: Hippowdon\n|-damage|p2a: Hippowdon|76/311\n|-boost|p1a: Incineroar|spe|1\n|-damage|p1a: Incineroar|72/100|[from] item: Rocky Helmet|[of] p2a: Hippowdon\n|move|p2a: Hippowdon|Earthquake|p1a: Incineroar\n|-resisted|p1a: Incineroar\n|-damage|p1a: Incineroar|54/100\n|\n|-weather|Sandstorm|[upkeep]\n|-damage|p1a: Incineroar|47/100|[from] Sandstorm\n|upkeep\n|turn|6\n|inactive|Time left: 300 sec this turn | 300 sec total\n|\n|t:|1783550796\n|move|p1a: Incineroar|Knock Off|p2a: Hippowdon\n|-damage|p2a: Hippowdon|0 fnt\n|-damage|p1a: Incineroar|31/100|[from] item: Rocky Helmet|[of] p2a: Hippowdon\n|-enditem|p2a: Hippowdon|Rocky Helmet|[from] move: Knock Off|[of] p1a: Incineroar\n|faint|p2a: Hippowdon\n|\n|-weather|Sandstorm|[upkeep]\n|-damage|p1a: Incineroar|25/100|[from] Sandstorm\n|upkeep\n|inactive|Time left: 300 sec this turn | 300 sec total | 5 sec grace\n|\n|t:|1783550797\n|switch|p2a: Archaludon|Archaludon, L78, M|268/268\n|-damage|p2a: Archaludon|252/268|[from] Stealth Rock\n|turn|7\n|inactive|Time left: 300 sec this turn | 300 sec total\n|\n|t:|1783550798\n|move|p1a: Incineroar|Knock Off|p2a: Archaludon\n|-damage|p2a: Archaludon|74/268\n|-ability|p2a: Archaludon|Stamina|boost\n|-boost|p2a: Archaludon|def|1\n|-enditem|p2a: Archaludon|Assault Vest|[from] move: Knock Off|[of] p1a: Incineroar\n|move|p2a: Archaludon|Flash Cannon|p1a: Incineroar\n|-damage|p1a: Incineroar|0 fnt\n|faint|p1a: Incineroar\n|\n|-weather|none\n|upkeep\n|\n|t:|1783550799\n|switch|p1a: Flutter Mane|Flutter Mane, L74|100/100\n|-damage|p1a: Flutter Mane|88/100|[from] Stealth Rock\n|turn|8\n|inactive|Time left: 300 sec this turn | 300 sec total\n|\n|t:|1783550800\n|move|p1a: Flutter Mane|Moonblast|p2a: Archaludon\n|-crit|p2a: Archaludon\n|-damage|p2a: Archaludon|0 fnt\n|faint|p2a: Archaludon\n|-damage|p1a: Flutter Mane|78/100|[from] item: Life Orb\n|\n|upkeep\n|inactive|Time left: 300 sec this turn | 300 sec total | 5 sec grace\n|\n|t:|1783550801\n|switch|p2a: Donphan|Donphan, L84, M|288/288\n|-damage|p2a: Donphan|270/288|[from] Stealth Rock\n|turn|9\n|inactive|Time left: 300 sec this turn | 300 sec total\n|\n|t:|1783550802\n|move|p1a: Flutter Mane|Moonblast|p2a: Donphan\n|-damage|p2a: Donphan|152/288\n|-unboost|p2a: Donphan|spa|1\n|-damage|p1a: Flutter Mane|68/100|[from] item: Life Orb\n|move|p2a: Donphan|Earthquake|p1a: Flutter Mane\n|-damage|p1a: Flutter Mane|0 fnt\n|faint|p1a: Flutter Mane\n|-end|p1a: Flutter Mane|Protosynthesis|[silent]\n|\n|upkeep\n|\n|t:|1783550803\n|switch|p1a: Sawsbuck|Sawsbuck, L88, M|100/100\n|-damage|p1a: Sawsbuck|88/100|[from] Stealth Rock\n|turn|10\n|inactive|Time left: 300 sec this turn | 300 sec total\n|\n|t:|1783550804\n|move|p1a: Sawsbuck|Swords Dance|p1a: Sawsbuck\n|-boost|p1a: Sawsbuck|atk|2\n|move|p2a: Donphan|Ice Spinner|p1a: Sawsbuck\n|-supereffective|p1a: Sawsbuck\n|-damage|p1a: Sawsbuck|30/100\n|\n|upkeep\n|turn|11\n|inactive|Time left: 300 sec this turn | 300 sec total\n|\n|t:|1783550805\n|-terastallize|p2a: Donphan|Steel\n|move|p1a: Sawsbuck|Horn Leech|p2a: Donphan\n|-resisted|p2a: Donphan\n|-damage|p2a: Donphan|64/288\n|-heal|p1a: Sawsbuck|46/100|[from] drain|[of] p2a: Donphan\n|-damage|p1a: Sawsbuck|36/100|[from] item: Life Orb\n|move|p2a: Donphan|Ice Spinner|p1a: Sawsbuck\n|-supereffective|p1a: Sawsbuck\n|-damage|p1a: Sawsbuck|0 fnt\n|faint|p1a: Sawsbuck\n|\n|upkeep\n|\n|t:|1783550807\n|switch|p1a: Hitmonlee|Hitmonlee, L85, M|100/100\n|-damage|p1a: Hitmonlee|95/100|[from] Stealth Rock\n|turn|12\n|inactive|Time left: 300 sec this turn | 300 sec total\n|\n|t:|1783550808\n|move|p2a: Donphan|Ice Shard|p1a: Hitmonlee\n|-damage|p1a: Hitmonlee|73/100\n|move|p1a: Hitmonlee|Knock Off|p2a: Donphan\n|-damage|p2a: Donphan|0 fnt\n|-enditem|p2a: Donphan|Assault Vest|[from] move: Knock Off|[of] p1a: Hitmonlee\n|faint|p2a: Donphan\n|\n|upkeep\n|inactive|Time left: 300 sec this turn | 300 sec total | 5 sec grace\n|\n|t:|1783550809\n|switch|p2a: Ogerpon|Ogerpon-Wellspring, L76, F|247/247\n|-damage|p2a: Ogerpon|217/247|[from] Stealth Rock\n|turn|13\n|inactive|Time left: 300 sec this turn | 300 sec total\n|\n|t:|1783550810\n|switch|p1a: Regirock|Regirock, L83|84/100\n|-damage|p1a: Regirock|72/100|[from] Stealth Rock\n|move|p2a: Ogerpon|Swords Dance|p2a: Ogerpon\n|-boost|p2a: Ogerpon|atk|2\n|\n|-heal|p1a: Regirock|78/100|[from] item: Leftovers\n|upkeep\n|turn|14\n|inactive|Time left: 300 sec this turn | 300 sec total\n|\n|t:|1783550811\n|move|p2a: Ogerpon|Ivy Cudgel|p1a: Regirock|[anim] Ivy Cudgel Water\n|-supereffective|p1a: Regirock\n|-damage|p1a: Regirock|0 fnt\n|faint|p1a: Regirock\n|\n|upkeep\n|\n|t:|1783550812\n|switch|p1a: Infernape|Infernape, L82, F|100/100\n|-damage|p1a: Infernape|88/100|[from] Stealth Rock\n|turn|15\n|inactive|Time left: 300 sec this turn | 300 sec total\n|\n|t:|1783550812\n|move|p1a: Infernape|Flare Blitz|p2a: Ogerpon\n|-damage|p2a: Ogerpon|25/247\n|-damage|p1a: Infernape|64/100|[from] Recoil\n|-damage|p1a: Infernape|54/100|[from] item: Life Orb\n|move|p2a: Ogerpon|Ivy Cudgel|p1a: Infernape|[anim] Ivy Cudgel Water\n|-supereffective|p1a: Infernape\n|-crit|p1a: Infernape\n|-damage|p1a: Infernape|0 fnt\n|faint|p1a: Infernape\n|\n|upkeep\n|\n|t:|1783550813\n|switch|p1a: Hitmonlee|Hitmonlee, L85, M|73/100\n|-damage|p1a: Hitmonlee|67/100|[from] Stealth Rock\n|turn|16\n|inactive|Time left: 300 sec this turn | 300 sec total\n|\n|t:|1783550814\n|move|p1a: Hitmonlee|Mach Punch|p2a: Ogerpon\n|-damage|p2a: Ogerpon|0 fnt\n|faint|p2a: Ogerpon\n|\n|upkeep\n|inactive|Time left: 300 sec this turn | 300 sec total | 5 sec grace\n|\n|t:|1783550815\n|switch|p2a: Delibird|Delibird, M|252/252\n|turn|17\n|inactive|Time left: 300 sec this turn | 300 sec total\n|\n|t:|1783550816\n|move|p1a: Hitmonlee|Mach Punch|p2a: Delibird\n|-damage|p2a: Delibird|141/252\n|move|p2a: Delibird|Brave Bird|p1a: Hitmonlee\n|-supereffective|p1a: Hitmonlee\n|-damage|p1a: Hitmonlee|0 fnt\n|faint|p1a: Hitmonlee\n|-damage|p2a: Delibird|92/252|[from] Recoil\n|\n|win|p0y941e6ec", "uploadtime": 1783550816, "views": 0, "rating": 0, "private": 0, "password": null, "_winner": "p0y941e6ec", "_our_name": "p0y941e6ec"}