{"id": "battle-gen9randombattle-1999", "formatid": "gen9randombattle", "format": "[Gen 9] Random Battle", "players": ["p0x1999fe76", "p0y19996b6e"], "log": "|init|battle\n|title|p0x1999fe76 vs. p0y19996b6e\n|j|\u2606p0x1999fe76\n|j|\u2606p0y19996b6e\n|t:|1783562390\n|gametype|singles\n|player|p1|p0x1999fe76|1|\n|player|p2|p0y19996b6e|102|\n|gen|9\n|tier|[Gen 9] Random Battle\n|rule|Species Clause: Limit one of each Pok\u00e9mon\n|rule|HP Percentage Mod: HP is shown in percentages\n|rule|Sleep Clause Mod: Limit one foe put to sleep\n|rule|Illusion Level Mod: Illusion disguises the Pok\u00e9mon's true level\n|\n|t:|1783562390\n|teamsize|p1|6\n|teamsize|p2|6\n|start\n|switch|p1a: Mismagius|Mismagius, L86, F|243/243\n|switch|p2a: Dudunsparce|Dudunsparce-Three-Segment, L83, M|100/100\n|turn|1\n|inactive|Battle timer is ON: inactive players will automatically lose when time's up. (requested by p0y19996b6e)\n|inactive|Time left: 300 sec this turn | 300 sec total | 60 sec grace\n|inactive|p0x1999fe76 also wants the timer to be on.\n|\n|t:|1783562391\n|move|p1a: Mismagius|Energy Ball|p2a: Dudunsparce\n|-damage|p2a: Dudunsparce|66/100\n|-unboost|p2a: Dudunsparce|spd|1\n|move|p2a: Dudunsparce|Calm Mind|p2a: Dudunsparce\n|-boost|p2a: Dudunsparce|spa|1\n|-boost|p2a: Dudunsparce|spd|1\n|\n|-heal|p2a: Dudunsparce|72/100|[from] item: Leftovers\n|upkeep\n|turn|2\n|inactive|Time left: 300 sec this turn | 300 sec total\n|\n|t:|1783562393\n|move|p1a: Mismagius|Energy Ball|p2a: Dudunsparce\n|-damage|p2a: Dudunsparce|35/100\n|-unboost|p2a: Dudunsparce|spd|1\n|move|p2a: Dudunsparce|Shadow Ball|p1a: Mismagius\n|-supereffective|p1a: Mismagius\n|-damage|p1a: Mismagius|123/243\n|-unboost|p1a: Mismagius|spd|1\n|\n|-heal|p2a: Dudunsparce|42/100|[from] item: Leftovers\n|upkeep\n|turn|3\n|inactive|Time left: 300 sec this turn | 300 sec total\n|\n|t:|1783562394\n|switch|p2a: Armarouge|Armarouge, L80, F|100/100\n|move|p1a: Mismagius|Energy Ball|p2a: Armarouge\n|-resisted|p2a: Armarouge\n|-damage|p2a: Armarouge|79/100\n|-unboost|p2a: Armarouge|spd|1\n|\n|upkeep\n|turn|4\n|inactive|Time left: 300 sec this turn | 300 sec total\n|\n|t:|1783562395\n|switch|p1a: Chimecho|Chimecho, L93, F|290/290\n|move|p2a: Armarouge|Meteor Beam||[still]\n|-prepare|p2a: Armarouge|Meteor Beam\n|-boost|p2a: Armarouge|spa|1\n|-enditem|p2a: Armarouge|Power Herb\n|-anim|p2a: Armarouge|Meteor Beam|p1a: Chimecho\n|-damage|p1a: Chimecho|165/290\n|\n|-heal|p1a: Chimecho|183/290|[from] item: Leftovers\n|upkeep\n|turn|5\n|inactive|Time left: 300 sec this turn | 300 sec total\n|\n|t:|1783562396\n|move|p1a: Chimecho|Calm Mind|p1a: Chimecho\n|-boost|p1a: Chimecho|spa|1\n|-boost|p1a: Chimecho|spd|1\n|move|p2a: Armarouge|Meteor Beam||[still]\n|-prepare|p2a: Armarouge|Meteor Beam\n|-boost|p2a: Armarouge|spa|1\n|\n|-heal|p1a: Chimecho|201/290|[from] item: Leftovers\n|upkeep\n|turn|6\n|inactive|Time left: 300 sec this turn | 300 sec total\n|\n|t:|1783562397\n|move|p1a: Chimecho|Calm Mind|p1a: Chimecho\n|-boost|p1a: Chimecho|spa|1\n|-boost|p1a: Chimecho|spd|1\n|move|p2a: Armarouge|Meteor Beam|p1a: Chimecho|[from] lockedmove\n|-crit|p1a: Chimecho\n|-damage|p1a: Chimecho|0 fnt\n|faint|p1a: Chimecho\n|\n|upkeep\n|inactive|Time left: 300 sec this turn | 300 sec total | 5 sec grace\n|\n|t:|1783562398\n|switch|p1a: Mismagius|Mismagius, L86, F|123/243\n|turn|7\n|inactive|Time left: 300 sec this turn | 300 sec total\n|\n|t:|1783562400\n|switch|p2a: Dudunsparce|Dudunsparce-Three-Segment, L83, M|42/100\n|move|p1a: Mismagius|Shadow Ball|p2a: Dudunsparce\n|-immune|p2a: Dudunsparce\n|\n|-heal|p2a: Dudunsparce|48/100|[from] item: Leftovers\n|upkeep\n|turn|8\n|inactive|Time left: 300 sec this turn | 300 sec total\n|\n|t:|1783562401\n|move|p1a: Mismagius|Shadow Ball|p2a: Dudunsparce\n|-immune|p2a: Dudunsparce\n|move|p2a: Dudunsparce|Calm Mind|p2a: Dudunsparce\n|-boost|p2a: Dudunsparce|spa|1\n|-boost|p2a: Dudunsparce|spd|1\n|\n|-heal|p2a: Dudunsparce|54/100|[from] item: Leftovers\n|upkeep\n|turn|9\n|inactive|Time left: 300 sec this turn | 300 sec total\n|\n|t:|1783562402\n|switch|p1a: Swalot|Swalot, L90, F|326/326\n|move|p2a: Dudunsparce|Boomburst|p1a: Swalot\n|-damage|p1a: Swalot|208/326\n|\n|-heal|p2a: Dudunsparce|60/100|[from] item: Leftovers\n|upkeep\n|turn|10\n|inactive|Time left: 300 sec this turn | 300 sec total\n|\n|t:|1783562403\n|move|p1a: Swalot|Clear Smog|p2a: Dudunsparce\n|-damage|p2a: Dudunsparce|49/100\n|-clearboost|p2a: Dudunsparce\n|move|p2a: Dudunsparce|Boomburst|p1a: Swalot\n|-damage|p1a: Swalot|127/326\n|\n|-heal|p2a: Dudunsparce|55/100|[from] item: Leftovers\n|upkeep\n|turn|11\n|inactive|Time left: 300 sec this turn | 300 sec total\n|\n|t:|1783562404\n|move|p1a: Swalot|Sludge Bomb|p2a: Dudunsparce\n|-damage|p2a: Dudunsparce|26/100\n|-status|p2a: Dudunsparce|psn\n|move|p2a: Dudunsparce|Roost|p2a: Dudunsparce\n|-heal|p2a: Dudunsparce|77/100 psn\n|-singleturn|p2a: Dudunsparce|move: Roost\n|\n|-heal|p2a: Dudunsparce|83/100 psn|[from] item: Leftovers\n|-damage|p2a: Dudunsparce|70/100 psn|[from] psn\n|upkeep\n|turn|12\n|inactive|Time left: 300 sec this turn | 300 sec total\n|\n|t:|1783562405\n|move|p1a: Swalot|Sludge Bomb|p2a: Dudunsparce\n|-damage|p2a: Dudunsparce|40/100 psn\n|move|p2a: Dudunsparce|Roost|p2a: Dudunsparce\n|-heal|p2a: Dudunsparce|90/100 psn\n|-singleturn|p2a: Dudunsparce|move: Roost\n|\n|-heal|p2a: Dudunsparce|96/100 psn|[from] item: Leftovers\n|-damage|p2a: Dudunsparce|84/100 psn|[from] psn\n|upkeep\n|turn|13\n|inactive|Time left: 300 sec this turn | 300 sec total\n|\n|t:|1783562406\n|move|p1a: Swalot|Knock Off|p2a: Dudunsparce\n|-damage|p2a: Dudunsparce|62/100 psn\n|-ability|p2a: Dudunsparce|Rattled|boost\n|-boost|p2a: Dudunsparce|spe|1\n|-enditem|p2a: Dudunsparce|Leftovers|[from] move: Knock Off|[of] p1a: Swalot\n|move|p2a: Dudunsparce|Calm Mind|p2a: Dudunsparce\n|-boost|p2a: Dudunsparce|spa|1\n|-boost|p2a: Dudunsparce|spd|1\n|\n|-damage|p2a: Dudunsparce|50/100 psn|[from] psn\n|upkeep\n|turn|14\n|inactive|Time left: 300 sec this turn | 300 sec total\n|\n|t:|1783562407\n|move|p2a: Dudunsparce|Boomburst|p1a: Swalot\n|-damage|p1a: Swalot|3/326\n|move|p1a: Swalot|Clear Smog|p2a: Dudunsparce\n|-damage|p2a: Dudunsparce|39/100 psn\n|-clearboost|p2a: Dudunsparce\n|\n|-damage|p2a: Dudunsparce|26/100 psn|[from] psn\n|upkeep\n|turn|15\n|inactive|Time left: 300 sec this turn | 300 sec total\n|\n|t:|1783562408\n|move|p1a: Swalot|Sludge Bomb|p2a: Dudunsparce\n|-damage|p2a: Dudunsparce|0 fnt\n|faint|p2a: Dudunsparce\n|\n|upkeep\n|\n|t:|1783562409\n|switch|p2a: Armarouge|Armarouge, L80, F|79/100\n|turn|16\n|inactive|Time left: 300 sec this turn | 300 sec total\n|\n|t:|1783562410\n|move|p2a: Armarouge|Armor Cannon|p1a: Swalot\n|-damage|p1a: Swalot|0 fnt\n|-unboost|p2a: Armarouge|def|1\n|-unboost|p2a: Armarouge|spd|1\n|faint|p1a: Swalot\n|\n|upkeep\n|inactive|Time left: 300 sec this turn | 300 sec total | 5 sec grace\n|\n|t:|1783562411\n|switch|p1a: Mismagius|Mismagius, L86, F|123/243\n|turn|17\n|inactive|Time left: 300 sec this turn | 300 sec total\n|\n|t:|1783562412\n|switch|p2a: Terapagos|Terapagos, L77, F|100/100\n|-activate|p2a: Terapagos|ability: Tera Shift\n|detailschange|p2a: Terapagos|Terapagos-Terastal, L77, F\n|-heal|p2a: Terapagos|100/100|[silent]\n|move|p1a: Mismagius|Shadow Ball|p2a: Terapagos\n|-immune|p2a: Terapagos\n|\n|upkeep\n|turn|18\n|inactive|Time left: 300 sec this turn | 300 sec total\n|\n|t:|1783562413\n|move|p1a: Mismagius|Shadow Ball|p2a: Terapagos\n|-immune|p2a: Terapagos\n|move|p2a: Terapagos|Calm Mind|p2a: Terapagos\n|-boost|p2a: Terapagos|spa|1\n|-boost|p2a: Terapagos|spd|1\n|\n|upkeep\n|turn|19\n|inactive|Time left: 300 sec this turn | 300 sec total\n|\n|t:|1783562414\n|switch|p1a: Necrozma|Necrozma-Dawn-Wings, L76|272/272\n|move|p2a: Terapagos|Tera Starstorm|p1a: Necrozma\n|-immune|p1a: Necrozma\n|\n|upkeep\n|turn|20\n|inactive|Time left: 300 sec this turn | 300 sec total\n|\n|t:|1783562415\n|move|p2a: Terapagos|Dark Pulse|p1a: Necrozma\n|-supereffective|p1a: Necrozma\n|-damage|p1a: Necrozma|101/272\n|move|p1a: Necrozma|Dragon Dance|p1a: Necrozma\n|-boost|p1a: Necrozma|atk|1\n|-boost|p1a: Necrozma|spe|1\n|\n|upkeep\n|turn|21\n|inactive|Time left: 300 sec this turn | 300 sec total\n|\n|t:|1783562416\n|-terastallize|p1a: Necrozma|Fighting\n|move|p1a: Necrozma|Brick Break|p2a: Terapagos\n|-activate|p2a: Terapagos|ability: Tera Shell\n|-resisted|p2a: Terapagos\n|-damage|p2a: Terapagos|75/100\n|-damage|p1a: Necrozma|74/272|[from] item: Life Orb\n|move|p2a: Terapagos|Dark Pulse|p1a: Necrozma\n|-resisted|p1a: Necrozma\n|-damage|p1a: Necrozma|43/272\n|\n|upkeep\n|turn|22\n|inactive|Time left: 300 sec this turn | 300 sec total\n|\n|t:|1783562417\n|switch|p2a: Armarouge|Armarouge, L80, F|79/100\n|move|p1a: Necrozma|Brick Break|p2a: Armarouge\n|-resisted|p2a: Armarouge\n|-damage|p2a: Armarouge|53/100\n|-ability|p2a: Armarouge|Weak Armor|boost\n|-unboost|p2a: Armarouge|def|1\n|-boost|p2a: Armarouge|spe|2\n|-damage|p1a: Necrozma|16/272|[from] item: Life Orb\n|\n|upkeep\n|turn|23\n|inactive|Time left: 300 sec this turn | 300 sec total\n|\n|t:|1783562418\n|move|p2a: Armarouge|Psyshock|p1a: Necrozma\n|-supereffective|p1a: Necrozma\n|-damage|p1a: Necrozma|0 fnt\n|faint|p1a: Necrozma\n|\n|upkeep\n|inactive|Time left: 300 sec this turn | 300 sec total | 5 sec grace\n|\n|t:|1783562419\n|switch|p1a: Cramorant|Cramorant, L86, M|261/261\n|turn|24\n|inactive|Time left: 300 sec this turn | 300 sec total\n|\n|t:|1783562419\n|switch|p2a: Swalot|Swalot, L90, M|100/100\n|move|p1a: Cramorant|Surf|p2a: Swalot\n|-formechange|p1a: Cramorant|Cramorant-Gulping|\n|-damage|p2a: Swalot|71/100\n|\n|-heal|p2a: Swalot|77/100|[from] item: Leftovers\n|upkeep\n|turn|25\n|inactive|Time left: 300 sec this turn | 300 sec total\n|\n|t:|1783562420\n|move|p1a: Cramorant|Brave Bird|p2a: Swalot\n|-damage|p2a: Swalot|43/100\n|-damage|p1a: Cramorant|224/261|[from] Recoil\n|move|p2a: Swalot|Toxic|p1a: Cramorant\n|-status|p1a: Cramorant|tox\n|\n|-heal|p2a: Swalot|49/100|[from] item: Leftovers\n|-damage|p1a: Cramorant|208/261 tox|[from] psn\n|upkeep\n|turn|26\n|inactive|Time left: 300 sec this turn | 300 sec total\n|\n|t:|1783562421\n|move|p2a: Swalot|Protect|p2a: Swalot\n|-singleturn|p2a: Swalot|Protect\n|move|p1a: Cramorant|Surf|p2a: Swalot\n|-activate|p2a: Swalot|move: Protect\n|\n|-heal|p2a: Swalot|55/100|[from] item: Leftovers\n|-damage|p1a: Cramorant|176/261 tox|[from] psn\n|upkeep\n|turn|27\n|inactive|Time left: 300 sec this turn | 300 sec total\n|\n|t:|1783562422\n|move|p1a: Cramorant|Brave Bird|p2a: Swalot\n|-damage|p2a: Swalot|20/100\n|-damage|p1a: Cramorant|138/261 tox|[from] Recoil\n|move|p2a: Swalot|Toxic|p1a: Cramorant\n|-fail|p1a: Cramorant|tox\n|\n|-heal|p2a: Swalot|26/100|[from] item: Leftovers\n|-damage|p1a: Cramorant|90/261 tox|[from] psn\n|upkeep\n|turn|28\n|inactive|Time left: 300 sec this turn | 300 sec total\n|\n|t:|1783562423\n|move|p2a: Swalot|Protect|p2a: Swalot\n|-singleturn|p2a: Swalot|Protect\n|move|p1a: Cramorant|Roost|p1a: Cramorant\n|-heal|p1a: Cramorant|221/261 tox\n|-singleturn|p1a: Cramorant|move: Roost\n|\n|-heal|p2a: Swalot|32/100|[from] item: Leftovers\n|-damage|p1a: Cramorant|157/261 tox|[from] psn\n|upkeep\n|turn|29\n|inactive|Time left: 300 sec this turn | 300 sec total\n|\n|t:|1783562424\n|switch|p2a: Mudsdale|Mudsdale, L83, F|100/100\n|move|p1a: Cramorant|Brave Bird|p2a: Mudsdale\n|-crit|p2a: Mudsdale\n|-damage|p2a: Mudsdale|46/100\n|-ability|p2a: Mudsdale|Stamina|boost\n|-boost|p2a: Mudsdale|def|1\n|-damage|p1a: Cramorant|103/261 tox|[from] Recoil\n|\n|-heal|p2a: Mudsdale|52/100|[from] item: Leftovers\n|-damage|p1a: Cramorant|23/261 tox|[from] psn\n|upkeep\n|turn|30\n|inactive|Time left: 300 sec this turn | 300 sec total\n|\n|t:|1783562425\n|switch|p2a: Swalot|Swalot, L90, M|32/100\n|move|p1a: Cramorant|Surf|p2a: Swalot\n|-damage|p2a: Swalot|5/100\n|\n|-heal|p2a: Swalot|11/100|[from] item: Leftovers\n|-damage|p1a: Cramorant|0 fnt|[from] psn\n|faint|p1a: Cramorant\n|upkeep\n|inactive|Time left: 300 sec this turn | 300 sec total | 5 sec grace\n|\n|t:|1783562426\n|switch|p1a: Mismagius|Mismagius, L86, F|123/243\n|turn|31\n|inactive|Time left: 300 sec this turn | 300 sec total\n|\n|t:|1783562427\n|switch|p2a: Terapagos|Terapagos-Terastal, L77, F|75/100\n|move|p1a: Mismagius|Shadow Ball|p2a: Terapagos\n|-immune|p2a: Terapagos\n|\n|upkeep\n|turn|32\n|inactive|Time left: 300 sec this turn | 300 sec total\n|\n|t:|1783562428\n|switch|p1a: Dragalge|Dragalge, L88, M|258/258\n|move|p2a: Terapagos|Calm Mind|p2a: Terapagos\n|-boost|p2a: Terapagos|spa|1\n|-boost|p2a: Terapagos|spd|1\n|\n|upkeep\n|turn|33\n|inactive|Time left: 300 sec this turn | 300 sec total\n|\n|t:|1783562429\n|move|p2a: Terapagos|Calm Mind|p2a: Terapagos\n|-boost|p2a: Terapagos|spa|1\n|-boost|p2a: Terapagos|spd|1\n|move|p1a: Dragalge|Sludge Wave|p2a: Terapagos\n|-damage|p2a: Terapagos|50/100\n|\n|upkeep\n|turn|34\n|inactive|Time left: 300 sec this turn | 300 sec total\n|\n|t:|1783562430\n|move|p2a: Terapagos|Tera Starstorm|p1a: Dragalge\n|-damage|p1a: Dragalge|105/258\n|move|p1a: Dragalge|Sludge Wave|p2a: Terapagos\n|-damage|p2a: Terapagos|26/100\n|\n|-heal|p1a: Dragalge|121/258|[from] item: Leftovers\n|upkeep\n|turn|35\n|inactive|Time left: 300 sec this turn | 300 sec total\n|\n|t:|1783562431\n|switch|p1a: Mismagius|Mismagius, L86, F|123/243\n|move|p2a: Terapagos|Tera Starstorm|p1a: Mismagius\n|-immune|p1a: Mismagius\n|\n|upkeep\n|turn|36\n|inactive|Time left: 300 sec this turn | 300 sec total\n|\n|t:|1783562431\n|switch|p1a: Dragalge|Dragalge, L88, M|121/258\n|move|p2a: Terapagos|Dark Pulse|p1a: Dragalge\n|-damage|p1a: Dragalge|42/258\n|\n|-heal|p1a: Dragalge|58/258|[from] item: Leftovers\n|upkeep\n|turn|37\n|inactive|Time left: 300 sec this turn | 300 sec total\n|\n|t:|1783562432\n|move|p2a: Terapagos|Dark Pulse|p1a: Dragalge\n|-damage|p1a: Dragalge|0 fnt\n|faint|p1a: Dragalge\n|\n|upkeep\n|inactive|Time left: 300 sec this turn | 300 sec total | 5 sec grace\n|\n|t:|1783562433\n|switch|p1a: Mismagius|Mismagius, L86, F|123/243\n|turn|38\n|inactive|Time left: 300 sec this turn | 300 sec total\n|\n|t:|1783562434\n|-terastallize|p2a: Terapagos|Stellar\n|detailschange|p2a: Terapagos|Terapagos-Stellar, L77, F, tera:Stellar\n|-heal|p2a: Terapagos|46/100|[silent]\n|move|p1a: Mismagius|Energy Ball|p2a: Terapagos\n|-damage|p2a: Terapagos|32/100\n|move|p2a: Terapagos|Dark Pulse|p1a: Mismagius\n|-supereffective|p1a: Mismagius\n|-damage|p1a: Mismagius|0 fnt\n|faint|p1a: Mismagius\n|\n|win|p0y19996b6e", "uploadtime": 1783562434, "views": 0, "rating": 0, "private": 0, "password": null, "_winner": "p0y19996b6e", "_our_name": "p0x1999fe76"}