{"id": "battle-gen9randombattle-2422", "formatid": "gen9randombattle", "format": "[Gen 9] Random Battle", "players": ["p0x24223e1a", "p0y2422a941"], "log": "|init|battle\n|title|p0x24223e1a vs. p0y2422a941\n|j|\u2606p0x24223e1a\n|j|\u2606p0y2422a941\n|t:|1783567098\n|gametype|singles\n|player|p1|p0x24223e1a|265|\n|player|p2|p0y2422a941|170|\n|gen|9\n|tier|[Gen 9] Random Battle\n|rule|Species Clause: Limit one of each Pok\u00e9mon\n|rule|HP Percentage Mod: HP is shown in percentages\n|rule|Sleep Clause Mod: Limit one foe put to sleep\n|rule|Illusion Level Mod: Illusion disguises the Pok\u00e9mon's true level\n|\n|t:|1783567098\n|teamsize|p1|6\n|teamsize|p2|6\n|start\n|switch|p1a: Toucannon|Toucannon, L88, F|284/284\n|switch|p2a: Clawitzer|Clawitzer, L87, M|100/100\n|turn|1\n|inactive|Battle timer is ON: inactive players will automatically lose when time's up. (requested by p0x24223e1a)\n|inactive|p0y2422a941 also wants the timer to be on.\n|\n|t:|1783567100\n|move|p1a: Toucannon|Bullet Seed|p2a: Clawitzer\n|-supereffective|p2a: Clawitzer\n|-damage|p2a: Clawitzer|83/100\n|-supereffective|p2a: Clawitzer\n|-damage|p2a: Clawitzer|67/100\n|-supereffective|p2a: Clawitzer\n|-damage|p2a: Clawitzer|48/100\n|-supereffective|p2a: Clawitzer\n|-damage|p2a: Clawitzer|33/100\n|-supereffective|p2a: Clawitzer\n|-damage|p2a: Clawitzer|14/100\n|-hitcount|p2a: Clawitzer|5\n|move|p2a: Clawitzer|Water Pulse|p1a: Toucannon\n|-damage|p1a: Toucannon|151/284\n|\n|upkeep\n|turn|2\n|inactive|Time left: 300 sec this turn | 300 sec total\n|\n|t:|1783567101\n|switch|p2a: Kingambit|Kingambit, L74, F|100/100\n|move|p1a: Toucannon|Bullet Seed|p2a: Kingambit\n|-resisted|p2a: Kingambit\n|-damage|p2a: Kingambit|96/100\n|-resisted|p2a: Kingambit\n|-damage|p2a: Kingambit|93/100\n|-resisted|p2a: Kingambit\n|-damage|p2a: Kingambit|89/100\n|-resisted|p2a: Kingambit\n|-damage|p2a: Kingambit|85/100\n|-resisted|p2a: Kingambit\n|-damage|p2a: Kingambit|81/100\n|-hitcount|p2a: Kingambit|5\n|\n|-heal|p2a: Kingambit|87/100|[from] item: Leftovers\n|upkeep\n|turn|3\n|inactive|Time left: 300 sec this turn | 300 sec total\n|\n|t:|1783567102\n|move|p1a: Toucannon|Roost|p1a: Toucannon\n|-heal|p1a: Toucannon|284/284\n|-singleturn|p1a: Toucannon|move: Roost\n|move|p2a: Kingambit|Swords Dance|p2a: Kingambit\n|-boost|p2a: Kingambit|atk|2\n|\n|-heal|p2a: Kingambit|93/100|[from] item: Leftovers\n|upkeep\n|turn|4\n|inactive|Time left: 300 sec this turn | 300 sec total\n|\n|t:|1783567103\n|switch|p1a: Cobalion|Cobalion, L80|277/277\n|move|p2a: Kingambit|Kowtow Cleave|p1a: Cobalion\n|-resisted|p1a: Cobalion\n|-damage|p1a: Cobalion|200/277\n|-ability|p1a: Cobalion|Justified|boost\n|-boost|p1a: Cobalion|atk|1\n|\n|-heal|p1a: Cobalion|217/277|[from] item: Leftovers\n|-heal|p2a: Kingambit|99/100|[from] item: Leftovers\n|upkeep\n|turn|5\n|inactive|Time left: 300 sec this turn | 300 sec total\n|\n|t:|1783567104\n|-end|p2a: Kingambit|fallenundefined|[silent]\n|switch|p2a: Cresselia|Cresselia, L80, F|100/100\n|move|p1a: Cobalion|Close Combat|p2a: Cresselia\n|-resisted|p2a: Cresselia\n|-damage|p2a: Cresselia|79/100\n|-unboost|p1a: Cobalion|def|1\n|-unboost|p1a: Cobalion|spd|1\n|\n|-heal|p1a: Cobalion|234/277|[from] item: Leftovers\n|-heal|p2a: Cresselia|86/100|[from] item: Leftovers\n|upkeep\n|turn|6\n|inactive|Time left: 300 sec this turn | 300 sec total\n|\n|t:|1783567105\n|move|p1a: Cobalion|Iron Head|p2a: Cresselia\n|-damage|p2a: Cresselia|56/100\n|cant|p2a: Cresselia|flinch\n|\n|-heal|p1a: Cobalion|251/277|[from] item: Leftovers\n|-heal|p2a: Cresselia|62/100|[from] item: Leftovers\n|upkeep\n|turn|7\n|inactive|Time left: 300 sec this turn | 300 sec total\n|\n|t:|1783567107\n|move|p1a: Cobalion|Iron Head|p2a: Cresselia\n|-damage|p2a: Cresselia|31/100\n|move|p2a: Cresselia|Moonlight|p2a: Cresselia\n|-heal|p2a: Cresselia|81/100\n|\n|-heal|p1a: Cobalion|268/277|[from] item: Leftovers\n|-heal|p2a: Cresselia|87/100|[from] item: Leftovers\n|upkeep\n|turn|8\n|inactive|Time left: 300 sec this turn | 300 sec total\n|\n|t:|1783567108\n|move|p1a: Cobalion|Swords Dance|p1a: Cobalion\n|-boost|p1a: Cobalion|atk|2\n|move|p2a: Cresselia|Calm Mind|p2a: Cresselia\n|-boost|p2a: Cresselia|spa|1\n|-boost|p2a: Cresselia|spd|1\n|\n|-heal|p1a: Cobalion|277/277|[from] item: Leftovers\n|-heal|p2a: Cresselia|93/100|[from] item: Leftovers\n|upkeep\n|turn|9\n|inactive|Time left: 300 sec this turn | 300 sec total\n|\n|t:|1783567109\n|move|p1a: Cobalion|Iron Head|p2a: Cresselia\n|-crit|p2a: Cresselia\n|-damage|p2a: Cresselia|18/100\n|move|p2a: Cresselia|Moonlight|p2a: Cresselia\n|-heal|p2a: Cresselia|68/100\n|\n|-heal|p2a: Cresselia|74/100|[from] item: Leftovers\n|upkeep\n|turn|10\n|inactive|Time left: 300 sec this turn | 300 sec total\n|\n|t:|1783567110\n|move|p1a: Cobalion|Iron Head|p2a: Cresselia\n|-damage|p2a: Cresselia|21/100\n|move|p2a: Cresselia|Moonlight|p2a: Cresselia\n|-heal|p2a: Cresselia|71/100\n|\n|-heal|p2a: Cresselia|77/100|[from] item: Leftovers\n|upkeep\n|turn|11\n|inactive|Time left: 300 sec this turn | 300 sec total\n|\n|t:|1783567111\n|move|p1a: Cobalion|Iron Head|p2a: Cresselia\n|-damage|p2a: Cresselia|24/100\n|move|p2a: Cresselia|Moonlight|p2a: Cresselia\n|-heal|p2a: Cresselia|74/100\n|\n|-heal|p2a: Cresselia|80/100|[from] item: Leftovers\n|upkeep\n|turn|12\n|inactive|Time left: 300 sec this turn | 300 sec total\n|\n|t:|1783567111\n|move|p1a: Cobalion|Iron Head|p2a: Cresselia\n|-damage|p2a: Cresselia|32/100\n|move|p2a: Cresselia|Moonlight|p2a: Cresselia\n|-heal|p2a: Cresselia|82/100\n|\n|-heal|p2a: Cresselia|88/100|[from] item: Leftovers\n|upkeep\n|turn|13\n|inactive|Time left: 300 sec this turn | 300 sec total\n|\n|t:|1783567112\n|move|p1a: Cobalion|Iron Head|p2a: Cresselia\n|-damage|p2a: Cresselia|36/100\n|move|p2a: Cresselia|Moonlight|p2a: Cresselia\n|-heal|p2a: Cresselia|86/100\n|\n|-heal|p2a: Cresselia|92/100|[from] item: Leftovers\n|upkeep\n|turn|14\n|inactive|Time left: 300 sec this turn | 300 sec total\n|\n|t:|1783567113\n|move|p1a: Cobalion|Iron Head|p2a: Cresselia\n|-crit|p2a: Cresselia\n|-damage|p2a: Cresselia|19/100\n|cant|p2a: Cresselia|flinch\n|\n|-heal|p2a: Cresselia|25/100|[from] item: Leftovers\n|upkeep\n|turn|15\n|inactive|Time left: 300 sec this turn | 300 sec total\n|\n|t:|1783567114\n|switch|p2a: Dipplin|Dipplin, L88, M|100/100\n|move|p1a: Cobalion|Iron Head|p2a: Dipplin\n|-crit|p2a: Dipplin\n|-damage|p2a: Dipplin|48/100\n|\n|upkeep\n|turn|16\n|inactive|Time left: 300 sec this turn | 300 sec total\n|\n|t:|1783567114\n|switch|p2a: Clawitzer|Clawitzer, L87, M|14/100\n|move|p1a: Cobalion|Close Combat|p2a: Clawitzer\n|-damage|p2a: Clawitzer|0 fnt\n|-unboost|p1a: Cobalion|def|1\n|-unboost|p1a: Cobalion|spd|1\n|faint|p2a: Clawitzer\n|\n|upkeep\n|\n|t:|1783567115\n|switch|p2a: Pikachu|Pikachu-World, L93, M|100/100\n|turn|17\n|inactive|Time left: 300 sec this turn | 300 sec total\n|\n|t:|1783567116\n|switch|p1a: Froslass|Froslass, L87, F|263/263\n|move|p2a: Pikachu|Volt Tackle|p1a: Froslass\n|-crit|p1a: Froslass\n|-damage|p1a: Froslass|0 fnt\n|faint|p1a: Froslass\n|-damage|p2a: Pikachu|60/100|[from] Recoil\n|\n|upkeep\n|inactive|Time left: 300 sec this turn | 300 sec total | 5 sec grace\n|\n|t:|1783567116\n|switch|p1a: Klawf|Klawf, L90, F|272/272\n|turn|18\n|inactive|Time left: 300 sec this turn | 300 sec total\n|\n|t:|1783567117\n|-terastallize|p2a: Pikachu|Water\n|move|p1a: Klawf|Stone Edge|p2a: Pikachu|[miss]\n|-miss|p1a: Klawf|p2a: Pikachu\n|move|p2a: Pikachu|Surf|p1a: Klawf\n|-supereffective|p1a: Klawf\n|-damage|p1a: Klawf|0 fnt\n|faint|p1a: Klawf\n|\n|upkeep\n|inactive|Time left: 300 sec this turn | 300 sec total | 5 sec grace\n|\n|t:|1783567117\n|switch|p1a: Hatterene|Hatterene, L85, F|236/236\n|turn|19\n|inactive|Time left: 300 sec this turn | 300 sec total\n|\n|t:|1783567118\n|move|p2a: Pikachu|Volt Tackle|p1a: Hatterene\n|-damage|p1a: Hatterene|46/236\n|-damage|p2a: Pikachu|31/100|[from] Recoil\n|move|p1a: Hatterene|Draining Kiss|p2a: Pikachu\n|-damage|p2a: Pikachu|0 fnt\n|-heal|p1a: Hatterene|96/236|[from] drain|[of] p2a: Pikachu\n|faint|p2a: Pikachu\n|\n|upkeep\n|\n|t:|1783567119\n|switch|p2a: Cresselia|Cresselia, L80, F|25/100\n|turn|20\n|inactive|Time left: 300 sec this turn | 300 sec total\n|\n|t:|1783567120\n|move|p2a: Cresselia|Moonlight|p2a: Cresselia\n|-heal|p2a: Cresselia|75/100\n|move|p1a: Hatterene|Draining Kiss|p2a: Cresselia\n|-damage|p2a: Cresselia|57/100\n|-heal|p1a: Hatterene|139/236|[from] drain|[of] p2a: Cresselia\n|\n|-heal|p2a: Cresselia|63/100|[from] item: Leftovers\n|upkeep\n|turn|21\n|inactive|Time left: 300 sec this turn | 300 sec total\n|\n|t:|1783567121\n|move|p2a: Cresselia|Calm Mind|p2a: Cresselia\n|-boost|p2a: Cresselia|spa|1\n|-boost|p2a: Cresselia|spd|1\n|move|p1a: Hatterene|Nuzzle|p2a: Cresselia\n|-damage|p2a: Cresselia|59/100\n|-status|p2a: Cresselia|par\n|\n|-heal|p2a: Cresselia|66/100 par|[from] item: Leftovers\n|upkeep\n|turn|22\n|inactive|Time left: 300 sec this turn | 300 sec total\n|\n|t:|1783567122\n|move|p1a: Hatterene|Mystical Fire|p2a: Cresselia\n|-damage|p2a: Cresselia|53/100 par\n|-unboost|p2a: Cresselia|spa|1\n|move|p2a: Cresselia|Calm Mind|p2a: Cresselia\n|-boost|p2a: Cresselia|spa|1\n|-boost|p2a: Cresselia|spd|1\n|\n|-heal|p2a: Cresselia|60/100 par|[from] item: Leftovers\n|upkeep\n|turn|23\n|inactive|Time left: 300 sec this turn | 300 sec total\n|\n|t:|1783567123\n|move|p1a: Hatterene|Mystical Fire|p2a: Cresselia\n|-damage|p2a: Cresselia|51/100 par\n|-unboost|p2a: Cresselia|spa|1\n|move|p2a: Cresselia|Calm Mind|p2a: Cresselia\n|-boost|p2a: Cresselia|spa|1\n|-boost|p2a: Cresselia|spd|1\n|\n|-heal|p2a: Cresselia|57/100 par|[from] item: Leftovers\n|upkeep\n|turn|24\n|inactive|Time left: 300 sec this turn | 300 sec total\n|\n|t:|1783567124\n|switch|p1a: Ceruledge|Ceruledge, L78, F|245/245\n|move|p2a: Cresselia|Calm Mind|p2a: Cresselia\n|-boost|p2a: Cresselia|spa|1\n|-boost|p2a: Cresselia|spd|1\n|\n|-heal|p2a: Cresselia|63/100 par|[from] item: Leftovers\n|upkeep\n|turn|25\n|inactive|Time left: 300 sec this turn | 300 sec total\n|\n|t:|1783567125\n|move|p1a: Ceruledge|Poltergeist|p2a: Cresselia\n|-activate|p2a: Cresselia|move: Poltergeist|Leftovers\n|-supereffective|p2a: Cresselia\n|-damage|p2a: Cresselia|0 fnt\n|faint|p2a: Cresselia\n|\n|upkeep\n|\n|t:|1783567126\n|switch|p2a: Dipplin|Dipplin, L88, M|48/100\n|turn|26\n|inactive|Time left: 300 sec this turn | 300 sec total\n|\n|t:|1783567127\n|move|p1a: Ceruledge|Swords Dance|p1a: Ceruledge\n|-boost|p1a: Ceruledge|atk|2\n|move|p2a: Dipplin|Recover|p2a: Dipplin\n|-heal|p2a: Dipplin|98/100\n|\n|upkeep\n|turn|27\n|inactive|Time left: 300 sec this turn | 300 sec total\n|\n|t:|1783567128\n|move|p1a: Ceruledge|Swords Dance|p1a: Ceruledge\n|-boost|p1a: Ceruledge|atk|2\n|move|p2a: Dipplin|Dragon Pulse|p1a: Ceruledge\n|-damage|p1a: Ceruledge|149/245\n|\n|upkeep\n|turn|28\n|inactive|Time left: 300 sec this turn | 300 sec total\n|\n|t:|1783567129\n|move|p2a: Dipplin|Sucker Punch|p1a: Ceruledge\n|-supereffective|p1a: Ceruledge\n|-damage|p1a: Ceruledge|47/245\n|-ability|p1a: Ceruledge|Weak Armor|boost\n|-unboost|p1a: Ceruledge|def|1\n|-boost|p1a: Ceruledge|spe|2\n|move|p1a: Ceruledge|Bitter Blade|p2a: Dipplin\n|-damage|p2a: Dipplin|42/100\n|-heal|p1a: Ceruledge|127/245|[from] drain|[of] p2a: Dipplin\n|\n|upkeep\n|turn|29\n|inactive|Time left: 300 sec this turn | 300 sec total\n|\n|t:|1783567131\n|-terastallize|p1a: Ceruledge|Fighting\n|move|p2a: Dipplin|Sucker Punch|p1a: Ceruledge\n|-resisted|p1a: Ceruledge\n|-damage|p1a: Ceruledge|85/245\n|-ability|p1a: Ceruledge|Weak Armor|boost\n|-unboost|p1a: Ceruledge|def|1\n|-boost|p1a: Ceruledge|spe|2\n|move|p1a: Ceruledge|Bitter Blade|p2a: Dipplin\n|-damage|p2a: Dipplin|0 fnt\n|-heal|p1a: Ceruledge|144/245|[from] drain|[of] p2a: Dipplin\n|faint|p2a: Dipplin\n|\n|upkeep\n|\n|t:|1783567132\n|switch|p2a: Wigglytuff|Wigglytuff, L96, F|100/100\n|turn|30\n|inactive|Time left: 300 sec this turn | 300 sec total\n|\n|t:|1783567133\n|move|p2a: Wigglytuff|Protect|p2a: Wigglytuff\n|-singleturn|p2a: Wigglytuff|Protect\n|move|p1a: Ceruledge|Bitter Blade|p2a: Wigglytuff\n|-activate|p2a: Wigglytuff|move: Protect\n|\n|upkeep\n|turn|31\n|inactive|Time left: 300 sec this turn | 300 sec total\n|\n|t:|1783567134\n|move|p1a: Ceruledge|Bitter Blade|p2a: Wigglytuff\n|-damage|p2a: Wigglytuff|1/100\n|-heal|p1a: Ceruledge|245/245|[from] drain|[of] p2a: Wigglytuff\n|move|p2a: Wigglytuff|Alluring Voice|p1a: Ceruledge\n|-supereffective|p1a: Ceruledge\n|-damage|p1a: Ceruledge|45/245\n|\n|-heal|p2a: Wigglytuff|8/100|[from] item: Leftovers\n|upkeep\n|turn|32\n|inactive|Time left: 300 sec this turn | 300 sec total\n|\n|t:|1783567135\n|move|p2a: Wigglytuff|Protect|p2a: Wigglytuff\n|-singleturn|p2a: Wigglytuff|Protect\n|move|p1a: Ceruledge|Close Combat|p2a: Wigglytuff\n|-activate|p2a: Wigglytuff|move: Protect\n|\n|-heal|p2a: Wigglytuff|14/100|[from] item: Leftovers\n|upkeep\n|turn|33\n|inactive|Time left: 300 sec this turn | 300 sec total\n|\n|t:|1783567136\n|move|p2a: Wigglytuff|Protect||[still]\n|-fail|p2a: Wigglytuff\n|move|p1a: Ceruledge|Bitter Blade|p2a: Wigglytuff\n|-damage|p2a: Wigglytuff|0 fnt\n|-heal|p1a: Ceruledge|73/245|[from] drain|[of] p2a: Wigglytuff\n|faint|p2a: Wigglytuff\n|\n|upkeep\n|\n|t:|1783567137\n|switch|p2a: Kingambit|Kingambit, L74, F|99/100\n|-activate|p2a: Kingambit|ability: Supreme Overlord\n|-start|p2a: Kingambit|fallen5|[silent]\n|turn|34\n|inactive|Time left: 300 sec this turn | 300 sec total\n|\n|t:|1783567137\n|move|p2a: Kingambit|Sucker Punch|p1a: Ceruledge\n|-resisted|p1a: Ceruledge\n|-damage|p1a: Ceruledge|0 fnt\n|faint|p1a: Ceruledge\n|\n|-heal|p2a: Kingambit|100/100|[from] item: Leftovers\n|upkeep\n|inactive|Time left: 300 sec this turn | 300 sec total | 5 sec grace\n|\n|t:|1783567138\n|switch|p1a: Cobalion|Cobalion, L80|277/277\n|turn|35\n|inactive|Time left: 300 sec this turn | 300 sec total\n|\n|t:|1783567139\n|move|p1a: Cobalion|Close Combat|p2a: Kingambit\n|-supereffective|p2a: Kingambit\n|-damage|p2a: Kingambit|0 fnt\n|-unboost|p1a: Cobalion|def|1\n|-unboost|p1a: Cobalion|spd|1\n|faint|p2a: Kingambit\n|-end|p2a: Kingambit|fallen5|[silent]\n|\n|win|p0x24223e1a", "uploadtime": 1783567139, "views": 0, "rating": 0, "private": 0, "password": null, "_winner": "p0x24223e1a", "_our_name": "p0x24223e1a"}