{"id": "battle-gen9randombattle-60", "formatid": "gen9randombattle", "format": "[Gen 9] Random Battle", "players": ["p0x06022c4", "p0y060de10"], "log": "|init|battle\n|title|p0x06022c4 vs. p0y060de10\n|j|\u2606p0x06022c4\n|j|\u2606p0y060de10\n|t:|1783539883\n|gametype|singles\n|player|p1|p0x06022c4|170|\n|player|p2|p0y060de10|1|\n|gen|9\n|tier|[Gen 9] Random Battle\n|rule|Species Clause: Limit one of each Pok\u00e9mon\n|rule|HP Percentage Mod: HP is shown in percentages\n|rule|Sleep Clause Mod: Limit one foe put to sleep\n|rule|Illusion Level Mod: Illusion disguises the Pok\u00e9mon's true level\n|\n|t:|1783539883\n|teamsize|p1|6\n|teamsize|p2|6\n|start\n|switch|p1a: Flamigo|Flamigo, L82, F|269/269\n|switch|p2a: Grafaiai|Grafaiai, L86, F|100/100\n|turn|1\n|inactive|Battle timer is ON: inactive players will automatically lose when time's up. (requested by p0y060de10)\n|inactive|Time left: 300 sec this turn | 300 sec total | 60 sec grace\n|inactive|p0x06022c4 also wants the timer to be on.\n|\n|t:|1783539885\n|move|p2a: Grafaiai|Parting Shot|p1a: Flamigo\n|-unboost|p1a: Flamigo|atk|1\n|-unboost|p1a: Flamigo|spa|1\n|\n|t:|1783539886\n|switch|p2a: Entei|Entei, L78|100/100|[from] Parting Shot\n|move|p1a: Flamigo|Brave Bird|p2a: Entei\n|-damage|p2a: Entei|56/100\n|-damage|p1a: Flamigo|224/269|[from] Recoil\n|-damage|p1a: Flamigo|198/269|[from] item: Life Orb\n|\n|upkeep\n|turn|2\n|inactive|Time left: 300 sec this turn | 300 sec total\n|\n|t:|1783539888\n|switch|p1a: Skeledirge|Skeledirge, L79, M|294/294\n|move|p2a: Entei|Sacred Fire|p1a: Skeledirge\n|-resisted|p1a: Skeledirge\n|-damage|p1a: Skeledirge|225/294\n|\n|upkeep\n|turn|3\n|inactive|Time left: 300 sec this turn | 300 sec total\n|\n|t:|1783539889\n|move|p2a: Entei|Sacred Fire|p1a: Skeledirge\n|-resisted|p1a: Skeledirge\n|-damage|p1a: Skeledirge|153/294\n|move|p1a: Skeledirge|Torch Song|p2a: Entei\n|-resisted|p2a: Entei\n|-damage|p2a: Entei|40/100\n|-boost|p1a: Skeledirge|spa|1\n|\n|upkeep\n|turn|4\n|inactive|Time left: 300 sec this turn | 300 sec total\n|\n|t:|1783539890\n|move|p2a: Entei|Sacred Fire|p1a: Skeledirge\n|-resisted|p1a: Skeledirge\n|-damage|p1a: Skeledirge|73/294\n|move|p1a: Skeledirge|Shadow Ball|p2a: Entei\n|-damage|p2a: Entei|0 fnt\n|faint|p2a: Entei\n|\n|upkeep\n|\n|t:|1783539891\n|switch|p2a: Cramorant|Cramorant, L86, F|100/100\n|turn|5\n|inactive|Time left: 300 sec this turn | 300 sec total\n|\n|t:|1783539893\n|switch|p1a: Clodsire|Clodsire, L81, M|343/343\n|move|p2a: Cramorant|Surf|p1a: Clodsire\n|-immune|p1a: Clodsire|[from] ability: Water Absorb\n|\n|upkeep\n|turn|6\n|inactive|Time left: 300 sec this turn | 300 sec total\n|\n|t:|1783539894\n|move|p2a: Cramorant|Brave Bird|p1a: Clodsire\n|-damage|p1a: Clodsire|187/343\n|-damage|p2a: Cramorant|81/100|[from] Recoil\n|move|p1a: Clodsire|Toxic|p2a: Cramorant\n|-status|p2a: Cramorant|tox\n|\n|-heal|p1a: Clodsire|208/343|[from] item: Leftovers\n|-damage|p2a: Cramorant|75/100 tox|[from] psn\n|upkeep\n|turn|7\n|inactive|Time left: 300 sec this turn | 300 sec total\n|\n|t:|1783539895\n|switch|p2a: Swampert|Swampert, L83, M|100/100\n|move|p1a: Clodsire|Recover|p1a: Clodsire\n|-heal|p1a: Clodsire|343/343\n|\n|upkeep\n|turn|8\n|inactive|Time left: 300 sec this turn | 300 sec total\n|\n|t:|1783539896\n|switch|p1a: Slowbro|Slowbro, L85, F|300/300\n|move|p2a: Swampert|Earthquake|p1a: Slowbro\n|-damage|p1a: Slowbro|203/300\n|\n|upkeep\n|turn|9\n|inactive|Time left: 300 sec this turn | 300 sec total\n|\n|t:|1783539896\n|move|p2a: Swampert|Earthquake|p1a: Slowbro\n|-damage|p1a: Slowbro|103/300\n|move|p1a: Slowbro|Scald|p2a: Swampert\n|-damage|p2a: Swampert|69/100\n|\n|-heal|p2a: Swampert|75/100|[from] item: Leftovers\n|upkeep\n|turn|10\n|inactive|Time left: 300 sec this turn | 300 sec total\n|\n|t:|1783539897\n|switch|p1a: Flamigo|Flamigo, L82, F|198/269\n|move|p2a: Swampert|Earthquake|p1a: Flamigo\n|-immune|p1a: Flamigo\n|\n|-heal|p2a: Swampert|81/100|[from] item: Leftovers\n|upkeep\n|turn|11\n|inactive|Time left: 300 sec this turn | 300 sec total\n|\n|t:|1783539898\n|move|p1a: Flamigo|Swords Dance|p1a: Flamigo\n|-boost|p1a: Flamigo|atk|2\n|move|p2a: Swampert|Ice Beam|p1a: Flamigo\n|-supereffective|p1a: Flamigo\n|-crit|p1a: Flamigo\n|-damage|p1a: Flamigo|0 fnt\n|faint|p1a: Flamigo\n|\n|-heal|p2a: Swampert|87/100|[from] item: Leftovers\n|upkeep\n|inactive|Time left: 300 sec this turn | 300 sec total | 5 sec grace\n|\n|t:|1783539899\n|switch|p1a: Slowbro|Slowbro, L85, F|203/300\n|turn|12\n|inactive|Time left: 300 sec this turn | 300 sec total\n|\n|t:|1783539900\n|move|p2a: Swampert|Earthquake|p1a: Slowbro\n|-damage|p1a: Slowbro|115/300\n|move|p1a: Slowbro|Scald|p2a: Swampert\n|-damage|p2a: Swampert|57/100\n|\n|-heal|p2a: Swampert|63/100|[from] item: Leftovers\n|upkeep\n|turn|13\n|inactive|Time left: 300 sec this turn | 300 sec total\n|\n|t:|1783539901\n|move|p2a: Swampert|Earthquake|p1a: Slowbro\n|-damage|p1a: Slowbro|18/300\n|move|p1a: Slowbro|Scald|p2a: Swampert\n|-damage|p2a: Swampert|34/100\n|\n|-heal|p2a: Swampert|40/100|[from] item: Leftovers\n|upkeep\n|turn|14\n|inactive|Time left: 300 sec this turn | 300 sec total\n|\n|t:|1783539903\n|switch|p1a: Great Tusk|Great Tusk, L77|304/304\n|move|p2a: Swampert|Earthquake|p1a: Great Tusk\n|-damage|p1a: Great Tusk|216/304\n|\n|-heal|p1a: Great Tusk|235/304|[from] item: Leftovers\n|-heal|p2a: Swampert|46/100|[from] item: Leftovers\n|upkeep\n|turn|15\n|inactive|Time left: 300 sec this turn | 300 sec total\n|\n|t:|1783539904\n|-terastallize|p1a: Great Tusk|Ground\n|move|p1a: Great Tusk|Earthquake|p2a: Swampert\n|-damage|p2a: Swampert|0 fnt\n|faint|p2a: Swampert\n|\n|-heal|p1a: Great Tusk|254/304|[from] item: Leftovers\n|upkeep\n|\n|t:|1783539904\n|switch|p2a: Cramorant|Cramorant, L86, F|75/100 tox\n|turn|16\n|inactive|Time left: 300 sec this turn | 300 sec total\n|\n|t:|1783539905\n|-end|p1a: Great Tusk|Protosynthesis|[silent]\n|switch|p1a: Slowbro|Slowbro, L85, F|118/300\n|move|p2a: Cramorant|Surf|p1a: Slowbro\n|-formechange|p2a: Cramorant|Cramorant-Gulping|\n|-resisted|p1a: Slowbro\n|-damage|p1a: Slowbro|85/300\n|\n|-damage|p2a: Cramorant|69/100 tox|[from] psn\n|upkeep\n|turn|17\n|inactive|Time left: 300 sec this turn | 300 sec total\n|\n|t:|1783539907\n|switch|p1a: Clodsire|Clodsire, L81, M|343/343\n|move|p2a: Cramorant|Brave Bird|p1a: Clodsire\n|-damage|p1a: Clodsire|186/343\n|-damage|p2a: Cramorant|49/100 tox|[from] Recoil\n|\n|-heal|p1a: Clodsire|207/343|[from] item: Leftovers\n|-damage|p2a: Cramorant|37/100 tox|[from] psn\n|upkeep\n|turn|18\n|inactive|Time left: 300 sec this turn | 300 sec total\n|\n|t:|1783539908\n|move|p2a: Cramorant|Roost|p2a: Cramorant\n|-heal|p2a: Cramorant|87/100 tox\n|-singleturn|p2a: Cramorant|move: Roost\n|move|p1a: Clodsire|Recover|p1a: Clodsire\n|-heal|p1a: Clodsire|343/343\n|\n|-damage|p2a: Cramorant|68/100 tox|[from] psn\n|upkeep\n|turn|19\n|inactive|Time left: 300 sec this turn | 300 sec total\n|\n|t:|1783539909\n|move|p2a: Cramorant|Brave Bird|p1a: Clodsire\n|-damage|p1a: Clodsire|180/343\n|-damage|p2a: Cramorant|48/100 tox|[from] Recoil\n|move|p1a: Clodsire|Earthquake|p2a: Cramorant\n|-immune|p2a: Cramorant\n|\n|-heal|p1a: Clodsire|201/343|[from] item: Leftovers\n|-damage|p2a: Cramorant|23/100 tox|[from] psn\n|upkeep\n|turn|20\n|inactive|Time left: 300 sec this turn | 300 sec total\n|\n|t:|1783539910\n|move|p2a: Cramorant|Brave Bird|p1a: Clodsire\n|-damage|p1a: Clodsire|44/343\n|-damage|p2a: Cramorant|3/100 tox|[from] Recoil\n|move|p1a: Clodsire|Recover|p1a: Clodsire\n|-heal|p1a: Clodsire|216/343\n|\n|-heal|p1a: Clodsire|237/343|[from] item: Leftovers\n|-damage|p2a: Cramorant|0 fnt|[from] psn\n|faint|p2a: Cramorant\n|upkeep\n|\n|t:|1783539911\n|switch|p2a: Copperajah|Copperajah, L86, F|100/100\n|turn|21\n|inactive|Time left: 300 sec this turn | 300 sec total\n|\n|t:|1783539911\n|switch|p1a: Great Tusk|Great Tusk, L77, tera:Ground|254/304\n|move|p2a: Copperajah|Knock Off|p1a: Great Tusk\n|-damage|p1a: Great Tusk|145/304\n|-enditem|p1a: Great Tusk|Leftovers|[from] move: Knock Off|[of] p2a: Copperajah\n|\n|upkeep\n|turn|22\n|inactive|Time left: 300 sec this turn | 300 sec total\n|\n|t:|1783539912\n|switch|p2a: Dusknoir|Dusknoir, L89, F|100/100\n|move|p1a: Great Tusk|Earthquake|p2a: Dusknoir\n|-damage|p2a: Dusknoir|54/100\n|\n|-heal|p2a: Dusknoir|60/100|[from] item: Leftovers\n|upkeep\n|turn|23\n|inactive|Time left: 300 sec this turn | 300 sec total\n|\n|t:|1783539913\n|move|p1a: Great Tusk|Earthquake|p2a: Dusknoir\n|-crit|p2a: Dusknoir\n|-damage|p2a: Dusknoir|0 fnt\n|faint|p2a: Dusknoir\n|\n|upkeep\n|\n|t:|1783539914\n|switch|p2a: Grafaiai|Grafaiai, L86, F|100/100\n|turn|24\n|inactive|Time left: 300 sec this turn | 300 sec total\n|\n|t:|1783539915\n|move|p2a: Grafaiai|Parting Shot|p1a: Great Tusk\n|-unboost|p1a: Great Tusk|atk|1\n|-unboost|p1a: Great Tusk|spa|1\n|\n|t:|1783539916\n|switch|p2a: Copperajah|Copperajah, L86, F|100/100|[from] Parting Shot\n|move|p1a: Great Tusk|Earthquake|p2a: Copperajah\n|-supereffective|p2a: Copperajah\n|-damage|p2a: Copperajah|38/100\n|\n|upkeep\n|turn|25\n|inactive|Time left: 300 sec this turn | 300 sec total\n|\n|t:|1783539917\n|move|p1a: Great Tusk|Earthquake|p2a: Copperajah\n|-supereffective|p2a: Copperajah\n|-damage|p2a: Copperajah|0 fnt\n|faint|p2a: Copperajah\n|\n|upkeep\n|\n|t:|1783539918\n|switch|p2a: Grafaiai|Grafaiai, L86, F|100/100\n|turn|26\n|inactive|Time left: 300 sec this turn | 300 sec total\n|\n|t:|1783539920\n|move|p2a: Grafaiai|Parting Shot|p1a: Great Tusk\n|-unboost|p1a: Great Tusk|atk|1\n|-unboost|p1a: Great Tusk|spa|1\n|move|p1a: Great Tusk|Earthquake|p2a: Grafaiai\n|-supereffective|p2a: Grafaiai\n|-damage|p2a: Grafaiai|28/100\n|\n|upkeep\n|turn|27\n|inactive|Time left: 300 sec this turn | 300 sec total\n|\n|t:|1783539921\n|move|p2a: Grafaiai|Gunk Shot|p1a: Great Tusk\n|-resisted|p1a: Great Tusk\n|-damage|p1a: Great Tusk|94/304\n|-status|p1a: Great Tusk|psn\n|move|p1a: Great Tusk|Close Combat|p2a: Grafaiai\n|-damage|p2a: Grafaiai|0 fnt\n|-unboost|p1a: Great Tusk|def|1\n|-unboost|p1a: Great Tusk|spd|1\n|faint|p2a: Grafaiai\n|\n|win|p0x06022c4", "uploadtime": 1783539921, "views": 0, "rating": 0, "private": 0, "password": null, "_winner": "p0x06022c4", "_our_name": "p0x06022c4"}