{"id": "battle-gen9randombattle-361", "formatid": "gen9randombattle", "format": "[Gen 9] Random Battle", "players": ["p0x361982e", "p0y361adcf"], "log": "|init|battle\n|title|p0x361982e vs. p0y361adcf\n|j|\u2606p0x361982e\n|j|\u2606p0y361adcf\n|t:|1783543847\n|gametype|singles\n|player|p1|p0x361982e|169|\n|player|p2|p0y361adcf|2|\n|gen|9\n|tier|[Gen 9] Random Battle\n|rule|Species Clause: Limit one of each Pok\u00e9mon\n|rule|HP Percentage Mod: HP is shown in percentages\n|rule|Sleep Clause Mod: Limit one foe put to sleep\n|rule|Illusion Level Mod: Illusion disguises the Pok\u00e9mon's true level\n|\n|t:|1783543847\n|teamsize|p1|6\n|teamsize|p2|6\n|start\n|switch|p1a: Skuntank|Skuntank, L84, M|310/310\n|switch|p2a: Rabsca|Rabsca, L91, F|100/100\n|turn|1\n|inactive|Battle timer is ON: inactive players will automatically lose when time's up. (requested by p0x361982e)\n|inactive|p0y361adcf also wants the timer to be on.\n|\n|t:|1783543849\n|move|p1a: Skuntank|Knock Off|p2a: Rabsca\n|-supereffective|p2a: Rabsca\n|-damage|p2a: Rabsca|37/100\n|-enditem|p2a: Rabsca|Heavy-Duty Boots|[from] move: Knock Off|[of] p1a: Skuntank\n|move|p2a: Rabsca|Bug Buzz|p1a: Skuntank\n|-damage|p1a: Skuntank|142/310\n|\n|upkeep\n|turn|2\n|inactive|Time left: 300 sec this turn | 300 sec total\n|\n|t:|1783543850\n|switch|p2a: Cetitan|Cetitan, L82, F|100/100\n|move|p1a: Skuntank|Knock Off|p2a: Cetitan\n|-damage|p2a: Cetitan|69/100\n|-enditem|p2a: Cetitan|Sitrus Berry|[from] move: Knock Off|[of] p1a: Skuntank\n|\n|upkeep\n|turn|3\n|inactive|Time left: 300 sec this turn | 300 sec total\n|\n|t:|1783543852\n|move|p1a: Skuntank|Gunk Shot|p2a: Cetitan\n|-damage|p2a: Cetitan|30/100\n|-status|p2a: Cetitan|psn\n|move|p2a: Cetitan|Earthquake|p1a: Skuntank\n|-supereffective|p1a: Skuntank\n|-damage|p1a: Skuntank|0 fnt\n|faint|p1a: Skuntank\n|\n|-damage|p2a: Cetitan|17/100 psn|[from] psn\n|upkeep\n|inactive|Time left: 300 sec this turn | 300 sec total | 5 sec grace\n|\n|t:|1783543853\n|switch|p1a: Regidrago|Regidrago, L77|435/435\n|turn|4\n|inactive|Time left: 300 sec this turn | 300 sec total\n|\n|t:|1783543854\n|move|p2a: Cetitan|Ice Shard|p1a: Regidrago\n|-supereffective|p1a: Regidrago\n|-damage|p1a: Regidrago|295/435\n|move|p1a: Regidrago|Outrage|p2a: Cetitan\n|-damage|p2a: Cetitan|0 fnt\n|faint|p2a: Cetitan\n|\n|upkeep\n|\n|t:|1783543855\n|switch|p2a: Golurk|Golurk, L87|100/100\n|turn|5\n|inactive|Time left: 300 sec this turn | 300 sec total\n|\n|t:|1783543856\n|move|p1a: Regidrago|Outrage|p2a: Golurk|[from] lockedmove\n|-damage|p2a: Golurk|45/100\n|move|p2a: Golurk|Poltergeist|p1a: Regidrago\n|-activate|p1a: Regidrago|move: Poltergeist|Choice Scarf\n|-damage|p1a: Regidrago|0 fnt\n|faint|p1a: Regidrago\n|\n|upkeep\n|inactive|Time left: 300 sec this turn | 300 sec total | 5 sec grace\n|\n|t:|1783543857\n|switch|p1a: Bellossom|Bellossom, L84, F|263/263\n|turn|6\n|inactive|Time left: 300 sec this turn | 300 sec total\n|\n|t:|1783543858\n|move|p2a: Golurk|Poltergeist|p1a: Bellossom\n|-activate|p1a: Bellossom|move: Poltergeist|Leftovers\n|-damage|p1a: Bellossom|49/263\n|move|p1a: Bellossom|Quiver Dance|p1a: Bellossom\n|-boost|p1a: Bellossom|spa|1\n|-boost|p1a: Bellossom|spd|1\n|-boost|p1a: Bellossom|spe|1\n|\n|-heal|p1a: Bellossom|65/263|[from] item: Leftovers\n|upkeep\n|turn|7\n|inactive|Time left: 300 sec this turn | 300 sec total\n|\n|t:|1783543859\n|switch|p2a: Hoopa|Hoopa, L85|100/100\n|move|p1a: Bellossom|Strength Sap|p2a: Hoopa\n|-unboost|p2a: Hoopa|atk|1\n|-heal|p1a: Bellossom|257/263\n|\n|-heal|p1a: Bellossom|263/263|[from] item: Leftovers\n|upkeep\n|turn|8\n|inactive|Time left: 300 sec this turn | 300 sec total\n|\n|t:|1783543860\n|move|p1a: Bellossom|Quiver Dance|p1a: Bellossom\n|-boost|p1a: Bellossom|spa|1\n|-boost|p1a: Bellossom|spd|1\n|-boost|p1a: Bellossom|spe|1\n|move|p2a: Hoopa|Nasty Plot|p2a: Hoopa\n|-boost|p2a: Hoopa|spa|2\n|\n|upkeep\n|turn|9\n|inactive|Time left: 300 sec this turn | 300 sec total\n|\n|t:|1783543861\n|move|p1a: Bellossom|Quiver Dance|p1a: Bellossom\n|-boost|p1a: Bellossom|spa|1\n|-boost|p1a: Bellossom|spd|1\n|-boost|p1a: Bellossom|spe|1\n|move|p2a: Hoopa|Psyshock|p1a: Bellossom\n|-damage|p1a: Bellossom|0 fnt\n|faint|p1a: Bellossom\n|-damage|p2a: Hoopa|91/100|[from] item: Life Orb\n|\n|upkeep\n|inactive|Time left: 300 sec this turn | 300 sec total | 5 sec grace\n|\n|t:|1783543862\n|switch|p1a: Scream Tail|Scream Tail, L84|330/330\n|turn|10\n|inactive|Time left: 300 sec this turn | 300 sec total\n|\n|t:|1783543863\n|move|p1a: Scream Tail|Protect|p1a: Scream Tail\n|-singleturn|p1a: Scream Tail|Protect\n|move|p2a: Hoopa|Shadow Ball|p1a: Scream Tail\n|-activate|p1a: Scream Tail|move: Protect\n|\n|upkeep\n|turn|11\n|inactive|Time left: 300 sec this turn | 300 sec total\n|\n|t:|1783543864\n|move|p1a: Scream Tail|Thunder Wave|p2a: Hoopa\n|-status|p2a: Hoopa|par\n|move|p2a: Hoopa|Shadow Ball|p1a: Scream Tail\n|-supereffective|p1a: Scream Tail\n|-damage|p1a: Scream Tail|0 fnt\n|faint|p1a: Scream Tail\n|-end|p1a: Scream Tail|Protosynthesis|[silent]\n|-damage|p2a: Hoopa|81/100 par|[from] item: Life Orb\n|\n|upkeep\n|inactive|Time left: 300 sec this turn | 300 sec total | 5 sec grace\n|\n|t:|1783543865\n|switch|p1a: Carbink|Carbink, L90|236/236\n|turn|12\n|inactive|Time left: 300 sec this turn | 300 sec total\n|\n|t:|1783543866\n|move|p1a: Carbink|Iron Defense|p1a: Carbink\n|-boost|p1a: Carbink|def|2\n|move|p2a: Hoopa|Shadow Ball|p1a: Carbink\n|-damage|p1a: Carbink|36/236\n|-damage|p2a: Hoopa|71/100 par|[from] item: Life Orb\n|\n|-heal|p1a: Carbink|50/236|[from] item: Leftovers\n|upkeep\n|turn|13\n|inactive|Time left: 300 sec this turn | 300 sec total\n|\n|t:|1783543867\n|move|p1a: Carbink|Moonblast|p2a: Hoopa\n|-damage|p2a: Hoopa|50/100 par\n|cant|p2a: Hoopa|par\n|\n|-heal|p1a: Carbink|64/236|[from] item: Leftovers\n|upkeep\n|turn|14\n|inactive|Time left: 300 sec this turn | 300 sec total\n|\n|t:|1783543868\n|move|p1a: Carbink|Moonblast|p2a: Hoopa\n|-damage|p2a: Hoopa|29/100 par\n|-unboost|p2a: Hoopa|spa|1\n|move|p2a: Hoopa|Psyshock|p1a: Carbink\n|-damage|p1a: Carbink|0 fnt\n|faint|p1a: Carbink\n|-damage|p2a: Hoopa|19/100 par|[from] item: Life Orb\n|\n|upkeep\n|inactive|Time left: 300 sec this turn | 300 sec total | 5 sec grace\n|\n|t:|1783543869\n|switch|p1a: Pachirisu|Pachirisu, L96, F|271/271\n|turn|15\n|inactive|Time left: 300 sec this turn | 300 sec total\n|\n|t:|1783543871\n|switch|p2a: Golurk|Golurk, L87|45/100\n|move|p1a: Pachirisu|Thunderbolt|p2a: Golurk\n|-immune|p2a: Golurk\n|\n|upkeep\n|turn|16\n|inactive|Time left: 300 sec this turn | 300 sec total\n|\n|t:|1783543872\n|move|p1a: Pachirisu|Super Fang|p2a: Golurk\n|-immune|p2a: Golurk\n|move|p2a: Golurk|Stone Edge|p1a: Pachirisu\n|-damage|p1a: Pachirisu|139/271\n|\n|upkeep\n|turn|17\n|inactive|Time left: 300 sec this turn | 300 sec total\n|\n|t:|1783543873\n|-terastallize|p2a: Golurk|Ground\n|move|p1a: Pachirisu|Thunderbolt|p2a: Golurk\n|-immune|p2a: Golurk\n|move|p2a: Golurk|Stone Edge|p1a: Pachirisu\n|-damage|p1a: Pachirisu|0 fnt\n|faint|p1a: Pachirisu\n|\n|win|p0y361adcf", "uploadtime": 1783543873, "views": 0, "rating": 0, "private": 0, "password": null, "_winner": "p0y361adcf", "_our_name": "p0x361982e"}