{"id": "battle-gen9randombattle-1311", "formatid": "gen9randombattle", "format": "[Gen 9] Random Battle", "players": ["p0x131112cc", "p0y1311d0b2"], "log": "|init|battle\n|title|p0x131112cc vs. p0y1311d0b2\n|j|\u2606p0x131112cc\n|j|\u2606p0y1311d0b2\n|t:|1783554350\n|gametype|singles\n|player|p1|p0x131112cc|170|\n|player|p2|p0y1311d0b2|2|\n|gen|9\n|tier|[Gen 9] Random Battle\n|rule|Species Clause: Limit one of each Pok\u00e9mon\n|rule|HP Percentage Mod: HP is shown in percentages\n|rule|Sleep Clause Mod: Limit one foe put to sleep\n|rule|Illusion Level Mod: Illusion disguises the Pok\u00e9mon's true level\n|\n|t:|1783554350\n|teamsize|p1|6\n|teamsize|p2|6\n|start\n|switch|p1a: Arceus|Arceus-Rock, L74|100/100\n|switch|p2a: Bombirdier|Bombirdier, L85, M|258/258\n|turn|1\n|inactive|Battle timer is ON: inactive players will automatically lose when time's up. (requested by p0y1311d0b2)\n|inactive|p0x131112cc also wants the timer to be on.\n|\n|t:|1783554351\n|switch|p2a: Virizion|Virizion, L82|283/283\n|move|p1a: Arceus|Judgment|p2a: Virizion\n|-resisted|p2a: Virizion\n|-damage|p2a: Virizion|235/283\n|\n|upkeep\n|turn|2\n|inactive|Time left: 300 sec this turn | 300 sec total\n|\n|t:|1783554352\n|switch|p1a: Iron Leaves|Iron Leaves, L80|100/100\n|move|p2a: Virizion|Swords Dance|p2a: Virizion\n|-boost|p2a: Virizion|atk|2\n|\n|upkeep\n|turn|3\n|inactive|Time left: 300 sec this turn | 300 sec total\n|\n|t:|1783554353\n|-terastallize|p2a: Virizion|Rock\n|move|p2a: Virizion|Stone Edge|p1a: Iron Leaves\n|-damage|p1a: Iron Leaves|7/100\n|-damage|p2a: Virizion|207/283|[from] item: Life Orb\n|move|p1a: Iron Leaves|Psyblade|p2a: Virizion\n|-damage|p2a: Virizion|65/283\n|-damage|p1a: Iron Leaves|0 fnt|[from] item: Life Orb\n|faint|p1a: Iron Leaves\n|-end|p1a: Iron Leaves|Quark Drive|[silent]\n|\n|upkeep\n|\n|t:|1783554354\n|switch|p1a: Luvdisc|Luvdisc, M|100/100\n|turn|4\n|inactive|Time left: 300 sec this turn | 300 sec total\n|\n|t:|1783554355\n|move|p1a: Luvdisc|Surf|p2a: Virizion\n|-supereffective|p2a: Virizion\n|-damage|p2a: Virizion|0 fnt\n|faint|p2a: Virizion\n|\n|upkeep\n|inactive|Time left: 300 sec this turn | 300 sec total | 5 sec grace\n|\n|t:|1783554356\n|switch|p2a: Girafarig|Girafarig, L89, F|269/269\n|turn|5\n|inactive|Time left: 300 sec this turn | 300 sec total\n|\n|t:|1783554357\n|switch|p1a: Arceus|Arceus-Rock, L74|100/100\n|move|p2a: Girafarig|Nasty Plot|p2a: Girafarig\n|-boost|p2a: Girafarig|spa|2\n|\n|upkeep\n|turn|6\n|inactive|Time left: 300 sec this turn | 300 sec total\n|\n|t:|1783554358\n|move|p1a: Arceus|Calm Mind|p1a: Arceus\n|-boost|p1a: Arceus|spa|1\n|-boost|p1a: Arceus|spd|1\n|move|p2a: Girafarig|Psychic|p1a: Arceus\n|-damage|p1a: Arceus|64/100\n|\n|upkeep\n|turn|7\n|inactive|Time left: 300 sec this turn | 300 sec total\n|\n|t:|1783554360\n|move|p1a: Arceus|Judgment|p2a: Girafarig\n|-damage|p2a: Girafarig|136/269\n|move|p2a: Girafarig|Psychic|p1a: Arceus\n|-damage|p1a: Arceus|23/100\n|\n|upkeep\n|turn|8\n|inactive|Time left: 300 sec this turn | 300 sec total\n|\n|t:|1783554361\n|move|p1a: Arceus|Judgment|p2a: Girafarig\n|-damage|p2a: Girafarig|1/269\n|move|p2a: Girafarig|Psychic|p1a: Arceus\n|-damage|p1a: Arceus|0 fnt\n|faint|p1a: Arceus\n|\n|upkeep\n|\n|t:|1783554362\n|switch|p1a: Virizion|Virizion, L82|100/100\n|turn|9\n|inactive|Time left: 300 sec this turn | 300 sec total\n|\n|t:|1783554363\n|move|p1a: Virizion|Stone Edge|p2a: Girafarig\n|-damage|p2a: Girafarig|0 fnt\n|faint|p2a: Girafarig\n|-damage|p1a: Virizion|91/100|[from] item: Life Orb\n|\n|upkeep\n|inactive|Time left: 300 sec this turn | 300 sec total | 5 sec grace\n|\n|t:|1783554364\n|switch|p2a: Bombirdier|Bombirdier, L85, M|258/258\n|turn|10\n|inactive|Time left: 300 sec this turn | 300 sec total\n|\n|t:|1783554365\n|move|p1a: Virizion|Stone Edge|p2a: Bombirdier|[miss]\n|-miss|p1a: Virizion|p2a: Bombirdier\n|move|p2a: Bombirdier|Brave Bird|p1a: Virizion\n|-supereffective|p1a: Virizion\n|-damage|p1a: Virizion|0 fnt\n|faint|p1a: Virizion\n|-damage|p2a: Bombirdier|174/258|[from] Recoil\n|\n|upkeep\n|\n|t:|1783554366\n|switch|p1a: Gouging Fire|Gouging Fire, L74|100/100\n|turn|11\n|inactive|Time left: 300 sec this turn | 300 sec total\n|\n|t:|1783554367\n|move|p2a: Bombirdier|Stone Edge|p1a: Gouging Fire\n|-supereffective|p1a: Gouging Fire\n|-damage|p1a: Gouging Fire|23/100\n|move|p1a: Gouging Fire|Dragon Dance|p1a: Gouging Fire\n|-boost|p1a: Gouging Fire|atk|1\n|-boost|p1a: Gouging Fire|spe|1\n|\n|upkeep\n|turn|12\n|inactive|Time left: 300 sec this turn | 300 sec total\n|\n|t:|1783554368\n|move|p1a: Gouging Fire|Outrage|p2a: Bombirdier\n|-damage|p2a: Bombirdier|17/258\n|move|p2a: Bombirdier|Knock Off|p1a: Gouging Fire\n|-damage|p1a: Gouging Fire|0 fnt\n|-enditem|p1a: Gouging Fire|Heavy-Duty Boots|[from] move: Knock Off|[of] p2a: Bombirdier\n|faint|p1a: Gouging Fire\n|-end|p1a: Gouging Fire|Protosynthesis|[silent]\n|\n|upkeep\n|\n|t:|1783554369\n|switch|p1a: Duraludon|Duraludon, L82, F|100/100\n|turn|13\n|inactive|Time left: 300 sec this turn | 300 sec total\n|\n|t:|1783554370\n|move|p2a: Bombirdier|Knock Off|p1a: Duraludon\n|-damage|p1a: Duraludon|76/100\n|-enditem|p1a: Duraludon|Eviolite|[from] move: Knock Off|[of] p2a: Bombirdier\n|move|p1a: Duraludon|Flash Cannon|p2a: Bombirdier\n|-damage|p2a: Bombirdier|0 fnt\n|faint|p2a: Bombirdier\n|\n|upkeep\n|inactive|Time left: 300 sec this turn | 300 sec total | 5 sec grace\n|\n|t:|1783554371\n|switch|p2a: Raichu|Raichu, L88, M|249/249\n|turn|14\n|inactive|Time left: 300 sec this turn | 300 sec total\n|\n|t:|1783554372\n|move|p2a: Raichu|Thunderbolt|p1a: Duraludon\n|-resisted|p1a: Duraludon\n|-damage|p1a: Duraludon|32/100\n|move|p1a: Duraludon|Dragon Tail|p2a: Raichu\n|-damage|p2a: Raichu|165/249\n|drag|p2a: Dugtrio|Dugtrio-Alola, L84, F|196/196\n|\n|upkeep\n|turn|15\n|inactive|Time left: 300 sec this turn | 300 sec total\n|\n|t:|1783554374\n|move|p2a: Dugtrio|Earthquake|p1a: Duraludon\n|-supereffective|p1a: Duraludon\n|-damage|p1a: Duraludon|0 fnt\n|faint|p1a: Duraludon\n|-damage|p2a: Dugtrio|177/196|[from] item: Life Orb\n|\n|upkeep\n|\n|t:|1783554375\n|switch|p1a: Luvdisc|Luvdisc, M|100/100\n|turn|16\n|inactive|Time left: 300 sec this turn | 300 sec total\n|\n|t:|1783554376\n|move|p1a: Luvdisc|Surf|p2a: Dugtrio\n|-supereffective|p2a: Dugtrio\n|-damage|p2a: Dugtrio|3/196\n|move|p2a: Dugtrio|Earthquake|p1a: Luvdisc\n|-damage|p1a: Luvdisc|29/100\n|-damage|p2a: Dugtrio|0 fnt|[from] item: Life Orb\n|faint|p2a: Dugtrio\n|\n|upkeep\n|inactive|Time left: 300 sec this turn | 300 sec total | 5 sec grace\n|\n|t:|1783554378\n|switch|p2a: Raichu|Raichu, L88, M|165/249\n|turn|17\n|inactive|Time left: 300 sec this turn | 300 sec total\n|\n|t:|1783554379\n|move|p1a: Luvdisc|Substitute|p1a: Luvdisc\n|-start|p1a: Luvdisc|Substitute\n|-damage|p1a: Luvdisc|4/100\n|move|p2a: Raichu|Alluring Voice|p1a: Luvdisc\n|-damage|p1a: Luvdisc|0 fnt\n|faint|p1a: Luvdisc\n|\n|win|p0y1311d0b2", "uploadtime": 1783554379, "views": 0, "rating": 0, "private": 0, "password": null, "_winner": "p0y1311d0b2", "_our_name": "p0y1311d0b2"}