{"id": "battle-gen9randombattle-609", "formatid": "gen9randombattle", "format": "[Gen 9] Random Battle", "players": ["p0x60981e4", "p0y609b22f"], "log": "|init|battle\n|title|p0x60981e4 vs. p0y609b22f\n|j|\u2606p0x60981e4\n|j|\u2606p0y609b22f\n|t:|1783546883\n|gametype|singles\n|player|p1|p0x60981e4|1|\n|player|p2|p0y609b22f|2|\n|gen|9\n|tier|[Gen 9] Random Battle\n|rule|Species Clause: Limit one of each Pok\u00e9mon\n|rule|HP Percentage Mod: HP is shown in percentages\n|rule|Sleep Clause Mod: Limit one foe put to sleep\n|rule|Illusion Level Mod: Illusion disguises the Pok\u00e9mon's true level\n|\n|t:|1783546883\n|teamsize|p1|6\n|teamsize|p2|6\n|start\n|switch|p1a: Farigiraf|Farigiraf, L90, M|100/100\n|switch|p2a: Infernape|Infernape, L82, M|259/259\n|turn|1\n|inactive|Battle timer is ON: inactive players will automatically lose when time's up. (requested by p0y609b22f)\n|inactive|p0x60981e4 also wants the timer to be on.\n|\n|t:|1783546885\n|move|p2a: Infernape|Knock Off|p1a: Farigiraf\n|-supereffective|p1a: Farigiraf\n|-damage|p1a: Farigiraf|45/100\n|-enditem|p1a: Farigiraf|Leftovers|[from] move: Knock Off|[of] p2a: Infernape\n|-damage|p2a: Infernape|234/259|[from] item: Life Orb\n|move|p1a: Farigiraf|Psychic Noise|p2a: Infernape\n|-supereffective|p2a: Infernape\n|-damage|p2a: Infernape|4/259\n|-start|p2a: Infernape|move: Heal Block\n|\n|upkeep\n|turn|2\n|inactive|Time left: 300 sec this turn | 300 sec total\n|\n|t:|1783546886\n|move|p2a: Infernape|Overheat|p1a: Farigiraf\n|-damage|p1a: Farigiraf|0 fnt\n|-unboost|p2a: Infernape|spa|2\n|faint|p1a: Farigiraf\n|-damage|p2a: Infernape|0 fnt|[from] item: Life Orb\n|faint|p2a: Infernape\n|\n|upkeep\n|inactive|Time left: 300 sec this turn | 300 sec total | 5 sec grace\n|\n|t:|1783546887\n|switch|p2a: Ogerpon|Ogerpon-Cornerstone, L76, F|247/247\n|switch|p1a: Lurantis|Lurantis, L87, F|100/100\n|turn|3\n|inactive|Time left: 300 sec this turn | 300 sec total\n|\n|t:|1783546888\n|switch|p2a: Dragapult|Dragapult, L77, M|262/262\n|move|p1a: Lurantis|Superpower|p2a: Dragapult\n|-immune|p2a: Dragapult\n|\n|upkeep\n|turn|4\n|inactive|Time left: 300 sec this turn | 300 sec total\n|\n|t:|1783546889\n|move|p2a: Dragapult|Dragon Dance|p2a: Dragapult\n|-boost|p2a: Dragapult|atk|1\n|-boost|p2a: Dragapult|spe|1\n|move|p1a: Lurantis|Knock Off|p2a: Dragapult\n|-supereffective|p2a: Dragapult\n|-damage|p2a: Dragapult|60/262\n|-enditem|p2a: Dragapult|Life Orb|[from] move: Knock Off|[of] p1a: Lurantis\n|\n|upkeep\n|turn|5\n|inactive|Time left: 300 sec this turn | 300 sec total\n|\n|t:|1783546890\n|move|p2a: Dragapult|Dragon Darts|p1a: Lurantis\n|-damage|p1a: Lurantis|72/100\n|-anim|p2a: Dragapult|Dragon Darts|p1a: Lurantis\n|-damage|p1a: Lurantis|46/100\n|move|p1a: Lurantis|Leaf Storm|p2a: Dragapult\n|-resisted|p2a: Dragapult\n|-damage|p2a: Dragapult|0 fnt\n|-boost|p1a: Lurantis|spa|2\n|faint|p2a: Dragapult\n|\n|-heal|p1a: Lurantis|52/100|[from] item: Leftovers\n|upkeep\n|inactive|Time left: 300 sec this turn | 300 sec total | 5 sec grace\n|\n|t:|1783546891\n|switch|p2a: Sandslash|Sandslash-Alola, L88, M|275/275\n|turn|6\n|inactive|Time left: 300 sec this turn | 300 sec total\n|\n|t:|1783546892\n|move|p2a: Sandslash|Triple Axel|p1a: Lurantis\n|-supereffective|p1a: Lurantis\n|-damage|p1a: Lurantis|33/100\n|-hitcount|p1a: Lurantis|1\n|move|p1a: Lurantis|Superpower|p2a: Sandslash\n|-supereffective|p2a: Sandslash\n|-damage|p2a: Sandslash|0 fnt\n|-boost|p1a: Lurantis|atk|1\n|-boost|p1a: Lurantis|def|1\n|faint|p2a: Sandslash\n|\n|-heal|p1a: Lurantis|39/100|[from] item: Leftovers\n|upkeep\n|inactive|Time left: 300 sec this turn | 300 sec total | 5 sec grace\n|\n|t:|1783546894\n|switch|p2a: Zamazenta|Zamazenta, L71|248/248\n|-ability|p2a: Zamazenta|Dauntless Shield|boost\n|-boost|p2a: Zamazenta|def|1\n|turn|7\n|inactive|Time left: 300 sec this turn | 300 sec total\n|\n|t:|1783546895\n|move|p2a: Zamazenta|Close Combat|p1a: Lurantis\n|-damage|p1a: Lurantis|0 fnt\n|-unboost|p2a: Zamazenta|def|1\n|-unboost|p2a: Zamazenta|spd|1\n|faint|p1a: Lurantis\n|\n|upkeep\n|\n|t:|1783546896\n|switch|p1a: Sandaconda|Sandaconda, L84, F|100/100\n|turn|8\n|inactive|Time left: 300 sec this turn | 300 sec total\n|\n|t:|1783546897\n|move|p2a: Zamazenta|Close Combat|p1a: Sandaconda\n|-damage|p1a: Sandaconda|49/100\n|-unboost|p2a: Zamazenta|def|1\n|-unboost|p2a: Zamazenta|spd|1\n|move|p1a: Sandaconda|Coil|p1a: Sandaconda\n|-boost|p1a: Sandaconda|atk|1\n|-boost|p1a: Sandaconda|def|1\n|-boost|p1a: Sandaconda|accuracy|1\n|\n|upkeep\n|turn|9\n|inactive|Time left: 300 sec this turn | 300 sec total\n|\n|t:|1783546898\n|move|p2a: Zamazenta|Close Combat|p1a: Sandaconda\n|-damage|p1a: Sandaconda|19/100\n|-unboost|p2a: Zamazenta|def|1\n|-unboost|p2a: Zamazenta|spd|1\n|move|p1a: Sandaconda|Scale Shot|p2a: Zamazenta\n|-damage|p2a: Zamazenta|196/248\n|-damage|p2a: Zamazenta|145/248\n|-damage|p2a: Zamazenta|85/248\n|-damage|p2a: Zamazenta|25/248\n|-damage|p2a: Zamazenta|0 fnt\n|faint|p2a: Zamazenta\n|-hitcount|p2: Zamazenta|5\n|-unboost|p1a: Sandaconda|def|1\n|-boost|p1a: Sandaconda|spe|1\n|\n|upkeep\n|inactive|Time left: 300 sec this turn | 300 sec total | 5 sec grace\n|\n|t:|1783546899\n|switch|p2a: Zarude|Zarude-Dada, L77|288/288\n|turn|10\n|inactive|Time left: 300 sec this turn | 300 sec total\n|\n|t:|1783546900\n|move|p2a: Zarude|Knock Off|p1a: Sandaconda\n|-damage|p1a: Sandaconda|0 fnt\n|-enditem|p1a: Sandaconda|Loaded Dice|[from] move: Knock Off|[of] p2a: Zarude\n|faint|p1a: Sandaconda\n|\n|upkeep\n|\n|t:|1783546901\n|switch|p1a: Cinccino|Cinccino, L83, M|100/100\n|turn|11\n|inactive|Time left: 300 sec this turn | 300 sec total\n|\n|t:|1783546902\n|move|p2a: Zarude|Knock Off|p1a: Cinccino\n|-damage|p1a: Cinccino|45/100\n|-enditem|p1a: Cinccino|Loaded Dice|[from] move: Knock Off|[of] p2a: Zarude\n|move|p1a: Cinccino|Triple Axel|p2a: Zarude\n|-supereffective|p2a: Zarude\n|-damage|p2a: Zarude|246/288\n|-supereffective|p2a: Zarude\n|-damage|p2a: Zarude|164/288\n|-supereffective|p2a: Zarude\n|-damage|p2a: Zarude|54/288\n|-hitcount|p2a: Zarude|3\n|\n|upkeep\n|turn|12\n|inactive|Time left: 300 sec this turn | 300 sec total\n|\n|t:|1783546903\n|move|p2a: Zarude|Knock Off|p1a: Cinccino\n|-damage|p1a: Cinccino|12/100\n|move|p1a: Cinccino|Triple Axel|p2a: Zarude\n|-supereffective|p2a: Zarude\n|-damage|p2a: Zarude|16/288\n|-supereffective|p2a: Zarude\n|-damage|p2a: Zarude|0 fnt\n|faint|p2a: Zarude\n|-hitcount|p2: Zarude|2\n|\n|upkeep\n|inactive|Time left: 300 sec this turn | 300 sec total | 5 sec grace\n|\n|t:|1783546904\n|switch|p2a: Ogerpon|Ogerpon-Cornerstone, L76, F|247/247\n|turn|13\n|inactive|Time left: 300 sec this turn | 300 sec total\n|\n|t:|1783546905\n|-terastallize|p2a: Ogerpon|Rock\n|detailschange|p2a: Ogerpon|Ogerpon-Cornerstone-Tera, L76, F, tera:Rock\n|-ability|p2a: Ogerpon|Embody Aspect (Cornerstone)|boost\n|-boost|p2a: Ogerpon|def|1\n|move|p1a: Cinccino|Triple Axel|p2a: Ogerpon\n|-damage|p2a: Ogerpon|231/247\n|-damage|p2a: Ogerpon|199/247\n|-damage|p2a: Ogerpon|152/247\n|-hitcount|p2a: Ogerpon|3\n|move|p2a: Ogerpon|Power Whip|p1a: Cinccino\n|-damage|p1a: Cinccino|0 fnt\n|faint|p1a: Cinccino\n|\n|upkeep\n|\n|t:|1783546906\n|switch|p1a: Floatzel|Floatzel, L86, F|100/100\n|turn|14\n|inactive|Time left: 300 sec this turn | 300 sec total\n|\n|t:|1783546906\n|move|p1a: Floatzel|Wave Crash|p2a: Ogerpon\n|-supereffective|p2a: Ogerpon\n|-damage|p2a: Ogerpon|0 fnt\n|faint|p2a: Ogerpon\n|detailschange|p2: Ogerpon|Ogerpon-Cornerstone, L76, F|[silent]\n|-damage|p1a: Floatzel|83/100|[from] Recoil\n|\n|win|p0x60981e4", "uploadtime": 1783546906, "views": 0, "rating": 0, "private": 0, "password": null, "_winner": "p0x60981e4", "_our_name": "p0y609b22f"}