{"id": "battle-gen9randombattle-2434", "formatid": "gen9randombattle", "format": "[Gen 9] Random Battle", "players": ["p0x2434340e", "p0y24345ca3"], "log": "|init|battle\n|title|p0x2434340e vs. p0y24345ca3\n|j|\u2606p0x2434340e\n|j|\u2606p0y24345ca3\n|t:|1783567224\n|gametype|singles\n|player|p1|p0x2434340e|101|\n|player|p2|p0y24345ca3|169|\n|gen|9\n|tier|[Gen 9] Random Battle\n|rule|Species Clause: Limit one of each Pok\u00e9mon\n|rule|HP Percentage Mod: HP is shown in percentages\n|rule|Sleep Clause Mod: Limit one foe put to sleep\n|rule|Illusion Level Mod: Illusion disguises the Pok\u00e9mon's true level\n|\n|t:|1783567224\n|teamsize|p1|6\n|teamsize|p2|6\n|start\n|switch|p1a: Hoopa|Hoopa-Unbound, L80|259/259\n|switch|p2a: Hydrapple|Hydrapple, L83, M|100/100\n|turn|1\n|inactive|Battle timer is ON: inactive players will automatically lose when time's up. (requested by p0x2434340e)\n|inactive|p0y24345ca3 also wants the timer to be on.\n|\n|t:|1783567226\n|move|p1a: Hoopa|Psychic|p2a: Hydrapple\n|-damage|p2a: Hydrapple|67/100\n|move|p2a: Hydrapple|Fickle Beam|p1a: Hoopa|[anim] Fickle Beam All Out\n|-activate|p2a: Hydrapple|move: Fickle Beam\n|-damage|p1a: Hoopa|162/259\n|\n|upkeep\n|turn|2\n|inactive|Time left: 300 sec this turn | 300 sec total\n|\n|t:|1783567228\n|switch|p2a: Hariyama|Hariyama, L87, F|100/100\n|move|p1a: Hoopa|Psychic|p2a: Hariyama\n|-supereffective|p2a: Hariyama\n|-damage|p2a: Hariyama|11/100\n|-unboost|p2a: Hariyama|spd|1\n|\n|-status|p2a: Hariyama|brn|[from] item: Flame Orb\n|upkeep\n|turn|3\n|inactive|Time left: 300 sec this turn | 300 sec total\n|\n|t:|1783567229\n|switch|p2a: Regirock|Regirock, L83|100/100\n|move|p1a: Hoopa|Psychic|p2a: Regirock\n|-damage|p2a: Regirock|50/100\n|\n|-heal|p2a: Regirock|56/100|[from] item: Leftovers\n|upkeep\n|turn|4\n|inactive|Time left: 300 sec this turn | 300 sec total\n|\n|t:|1783567230\n|move|p1a: Hoopa|Psychic|p2a: Regirock\n|-damage|p2a: Regirock|11/100\n|move|p2a: Regirock|Stone Edge|p1a: Hoopa|[miss]\n|-miss|p2a: Regirock|p1a: Hoopa\n|\n|-heal|p2a: Regirock|17/100|[from] item: Leftovers\n|upkeep\n|turn|5\n|inactive|Time left: 300 sec this turn | 300 sec total\n|\n|t:|1783567231\n|switch|p2a: Hydrapple|Hydrapple, L83, M|99/100\n|move|p1a: Hoopa|Psychic|p2a: Hydrapple\n|-damage|p2a: Hydrapple|68/100\n|\n|upkeep\n|turn|6\n|inactive|Time left: 300 sec this turn | 300 sec total\n|\n|t:|1783567232\n|switch|p2a: Mew|Mew, L82|100/100\n|move|p1a: Hoopa|Hyperspace Fury|p2a: Mew\n|-supereffective|p2a: Mew\n|-damage|p2a: Mew|4/100\n|-unboost|p1a: Hoopa|def|1\n|\n|-heal|p2a: Mew|10/100|[from] item: Leftovers\n|upkeep\n|turn|7\n|inactive|Time left: 300 sec this turn | 300 sec total\n|\n|t:|1783567233\n|switch|p1a: Ampharos|Ampharos, L88, M|302/302\n|move|p2a: Mew|Knock Off|p1a: Ampharos\n|-damage|p1a: Ampharos|234/302\n|-status|p2a: Mew|par|[from] ability: Static|[of] p1a: Ampharos\n|-activate|p2a: Mew|ability: Synchronize\n|-immune|p1a: Ampharos\n|-enditem|p1a: Ampharos|Choice Specs|[from] move: Knock Off|[of] p2a: Mew\n|\n|-heal|p2a: Mew|16/100 par|[from] item: Leftovers\n|upkeep\n|turn|8\n|inactive|Time left: 300 sec this turn | 300 sec total\n|\n|t:|1783567235\n|move|p1a: Ampharos|Dazzling Gleam|p2a: Mew\n|-damage|p2a: Mew|0 fnt\n|faint|p2a: Mew\n|\n|upkeep\n|\n|t:|1783567236\n|switch|p2a: Ogerpon|Ogerpon-Hearthflame, L74, F|100/100\n|-ability|p2a: Ogerpon|Mold Breaker\n|turn|9\n|inactive|Time left: 300 sec this turn | 300 sec total\n|\n|t:|1783567237\n|move|p2a: Ogerpon|Swords Dance|p2a: Ogerpon\n|-boost|p2a: Ogerpon|atk|2\n|move|p1a: Ampharos|Volt Switch|p2a: Ogerpon\n|-resisted|p2a: Ogerpon\n|-damage|p2a: Ogerpon|78/100\n|inactive|Time left: 300 sec this turn | 300 sec total | 5 sec grace\n|\n|t:|1783567238\n|switch|p1a: Torkoal|Torkoal, L88, M|266/266|[from] Volt Switch\n|-weather|SunnyDay|[from] ability: Drought|[of] p1a: Torkoal\n|\n|-weather|SunnyDay|[upkeep]\n|upkeep\n|turn|10\n|inactive|Time left: 300 sec this turn | 300 sec total\n|\n|t:|1783567239\n|move|p2a: Ogerpon|Ivy Cudgel|p1a: Torkoal|[anim] Ivy Cudgel Fire\n|-resisted|p1a: Torkoal\n|-damage|p1a: Torkoal|155/266\n|move|p1a: Torkoal|Lava Plume|p2a: Ogerpon\n|-damage|p2a: Ogerpon|18/100\n|\n|-weather|SunnyDay|[upkeep]\n|upkeep\n|turn|11\n|inactive|Time left: 300 sec this turn | 300 sec total\n|\n|t:|1783567240\n|move|p2a: Ogerpon|Stomping Tantrum|p1a: Torkoal\n|-supereffective|p1a: Torkoal\n|-damage|p1a: Torkoal|0 fnt\n|faint|p1a: Torkoal\n|\n|-weather|SunnyDay|[upkeep]\n|upkeep\n|inactive|Time left: 300 sec this turn | 300 sec total | 5 sec grace\n|\n|t:|1783567241\n|switch|p1a: Bellossom|Bellossom, L84, M|263/263\n|turn|12\n|inactive|Time left: 300 sec this turn | 300 sec total\n|\n|t:|1783567242\n|move|p1a: Bellossom|Sludge Bomb|p2a: Ogerpon\n|-supereffective|p2a: Ogerpon\n|-damage|p2a: Ogerpon|0 fnt\n|faint|p2a: Ogerpon\n|\n|-weather|SunnyDay|[upkeep]\n|upkeep\n|\n|t:|1783567243\n|switch|p2a: Hydrapple|Hydrapple, L83, M|100/100\n|turn|13\n|inactive|Time left: 300 sec this turn | 300 sec total\n|\n|t:|1783567244\n|move|p1a: Bellossom|Quiver Dance|p1a: Bellossom\n|-boost|p1a: Bellossom|spa|1\n|-boost|p1a: Bellossom|spd|1\n|-boost|p1a: Bellossom|spe|1\n|move|p2a: Hydrapple|Fickle Beam|p1a: Bellossom\n|-damage|p1a: Bellossom|205/263\n|\n|-weather|none\n|-heal|p1a: Bellossom|221/263|[from] item: Leftovers\n|upkeep\n|turn|14\n|inactive|Time left: 300 sec this turn | 300 sec total\n|\n|t:|1783567245\n|move|p1a: Bellossom|Quiver Dance|p1a: Bellossom\n|-boost|p1a: Bellossom|spa|1\n|-boost|p1a: Bellossom|spd|1\n|-boost|p1a: Bellossom|spe|1\n|move|p2a: Hydrapple|Dragon Tail|p1a: Bellossom\n|-damage|p1a: Bellossom|167/263\n|drag|p1a: Raikou|Raikou, L81|278/278\n|-ability|p1a: Raikou|Pressure\n|\n|upkeep\n|turn|15\n|inactive|Time left: 300 sec this turn | 300 sec total\n|\n|t:|1783567246\n|switch|p1a: Scream Tail|Scream Tail, L84|330/330\n|move|p2a: Hydrapple|Fickle Beam|p1a: Scream Tail\n|-immune|p1a: Scream Tail\n|\n|upkeep\n|turn|16\n|inactive|Time left: 300 sec this turn | 300 sec total\n|\n|t:|1783567247\n|move|p1a: Scream Tail|Thunder Wave|p2a: Hydrapple\n|-status|p2a: Hydrapple|par\n|move|p2a: Hydrapple|Earth Power|p1a: Scream Tail\n|-damage|p1a: Scream Tail|265/330\n|\n|-heal|p1a: Scream Tail|285/330|[from] item: Leftovers\n|upkeep\n|turn|17\n|inactive|Time left: 300 sec this turn | 300 sec total\n|\n|t:|1783567248\n|switch|p2a: Regirock|Regirock, L83|17/100\n|move|p1a: Scream Tail|Dazzling Gleam|p2a: Regirock\n|-damage|p2a: Regirock|0 fnt\n|faint|p2a: Regirock\n|\n|-heal|p1a: Scream Tail|305/330|[from] item: Leftovers\n|upkeep\n|\n|t:|1783567249\n|switch|p2a: Comfey|Comfey, L85, F|100/100\n|turn|18\n|inactive|Time left: 300 sec this turn | 300 sec total\n|\n|t:|1783567250\n|-end|p1a: Scream Tail|Protosynthesis|[silent]\n|switch|p1a: Bellossom|Bellossom, L84, M|167/263\n|move|p2a: Comfey|Calm Mind|p2a: Comfey\n|-boost|p2a: Comfey|spa|1\n|-boost|p2a: Comfey|spd|1\n|\n|-heal|p1a: Bellossom|183/263|[from] item: Leftovers\n|upkeep\n|turn|19\n|inactive|Time left: 300 sec this turn | 300 sec total\n|\n|t:|1783567251\n|move|p2a: Comfey|Calm Mind|p2a: Comfey\n|-boost|p2a: Comfey|spa|1\n|-boost|p2a: Comfey|spd|1\n|move|p1a: Bellossom|Quiver Dance|p1a: Bellossom\n|-boost|p1a: Bellossom|spa|1\n|-boost|p1a: Bellossom|spd|1\n|-boost|p1a: Bellossom|spe|1\n|\n|-heal|p1a: Bellossom|199/263|[from] item: Leftovers\n|upkeep\n|turn|20\n|inactive|Time left: 300 sec this turn | 300 sec total\n|\n|t:|1783567252\n|move|p2a: Comfey|Calm Mind|p2a: Comfey\n|-boost|p2a: Comfey|spa|1\n|-boost|p2a: Comfey|spd|1\n|move|p1a: Bellossom|Quiver Dance|p1a: Bellossom\n|-boost|p1a: Bellossom|spa|1\n|-boost|p1a: Bellossom|spd|1\n|-boost|p1a: Bellossom|spe|1\n|\n|-heal|p1a: Bellossom|215/263|[from] item: Leftovers\n|upkeep\n|turn|21\n|inactive|Time left: 300 sec this turn | 300 sec total\n|\n|t:|1783567253\n|move|p1a: Bellossom|Quiver Dance|p1a: Bellossom\n|-boost|p1a: Bellossom|spa|1\n|-boost|p1a: Bellossom|spd|1\n|-boost|p1a: Bellossom|spe|1\n|move|p2a: Comfey|Calm Mind|p2a: Comfey\n|-boost|p2a: Comfey|spa|1\n|-boost|p2a: Comfey|spd|1\n|\n|-heal|p1a: Bellossom|231/263|[from] item: Leftovers\n|upkeep\n|turn|22\n|inactive|Time left: 300 sec this turn | 300 sec total\n|\n|t:|1783567254\n|move|p1a: Bellossom|Quiver Dance|p1a: Bellossom\n|-boost|p1a: Bellossom|spa|1\n|-boost|p1a: Bellossom|spd|1\n|-boost|p1a: Bellossom|spe|1\n|move|p2a: Comfey|Stored Power|p1a: Bellossom\n|-damage|p1a: Bellossom|125/263\n|\n|-heal|p1a: Bellossom|141/263|[from] item: Leftovers\n|upkeep\n|turn|23\n|inactive|Time left: 300 sec this turn | 300 sec total\n|\n|t:|1783567255\n|move|p1a: Bellossom|Strength Sap|p2a: Comfey\n|-unboost|p2a: Comfey|atk|1\n|-heal|p1a: Bellossom|234/263\n|move|p2a: Comfey|Stored Power|p1a: Bellossom\n|-damage|p1a: Bellossom|132/263\n|\n|-heal|p1a: Bellossom|148/263|[from] item: Leftovers\n|upkeep\n|turn|24\n|inactive|Time left: 300 sec this turn | 300 sec total\n|\n|t:|1783567256\n|move|p1a: Bellossom|Strength Sap|p2a: Comfey\n|-unboost|p2a: Comfey|atk|1\n|-heal|p1a: Bellossom|210/263\n|move|p2a: Comfey|Stored Power|p1a: Bellossom\n|-damage|p1a: Bellossom|103/263\n|\n|-heal|p1a: Bellossom|119/263|[from] item: Leftovers\n|upkeep\n|turn|25\n|inactive|Time left: 300 sec this turn | 300 sec total\n|\n|t:|1783567257\n|-terastallize|p2a: Comfey|Fairy\n|move|p1a: Bellossom|Strength Sap|p2a: Comfey\n|-unboost|p2a: Comfey|atk|1\n|-heal|p1a: Bellossom|165/263\n|move|p2a: Comfey|Stored Power|p1a: Bellossom\n|-damage|p1a: Bellossom|63/263\n|\n|-heal|p1a: Bellossom|79/263|[from] item: Leftovers\n|upkeep\n|turn|26\n|inactive|Time left: 300 sec this turn | 300 sec total\n|\n|t:|1783567258\n|move|p1a: Bellossom|Strength Sap|p2a: Comfey\n|-unboost|p2a: Comfey|atk|1\n|-heal|p1a: Bellossom|116/263\n|move|p2a: Comfey|Stored Power|p1a: Bellossom\n|-damage|p1a: Bellossom|6/263\n|\n|-heal|p1a: Bellossom|22/263|[from] item: Leftovers\n|upkeep\n|turn|27\n|inactive|Time left: 300 sec this turn | 300 sec total\n|\n|t:|1783567259\n|move|p2a: Comfey|Draining Kiss|p1a: Bellossom\n|-damage|p1a: Bellossom|0 fnt\n|faint|p1a: Bellossom\n|\n|upkeep\n|inactive|Time left: 300 sec this turn | 300 sec total | 5 sec grace\n|\n|t:|1783567260\n|switch|p1a: Scream Tail|Scream Tail, L84|305/330\n|turn|28\n|inactive|Time left: 300 sec this turn | 300 sec total\n|\n|t:|1783567261\n|move|p1a: Scream Tail|Protect|p1a: Scream Tail\n|-singleturn|p1a: Scream Tail|Protect\n|move|p2a: Comfey|Draining Kiss|p1a: Scream Tail\n|-activate|p1a: Scream Tail|move: Protect\n|\n|-heal|p1a: Scream Tail|325/330|[from] item: Leftovers\n|upkeep\n|turn|29\n|inactive|Time left: 300 sec this turn | 300 sec total\n|\n|t:|1783567262\n|move|p2a: Comfey|Draining Kiss|p1a: Scream Tail\n|-damage|p1a: Scream Tail|151/330\n|move|p1a: Scream Tail|Thunder Wave|p2a: Comfey|[miss]\n|-miss|p1a: Scream Tail|p2a: Comfey\n|\n|-heal|p1a: Scream Tail|171/330|[from] item: Leftovers\n|upkeep\n|turn|30\n|inactive|Time left: 300 sec this turn | 300 sec total\n|\n|t:|1783567263\n|move|p1a: Scream Tail|Protect|p1a: Scream Tail\n|-singleturn|p1a: Scream Tail|Protect\n|move|p2a: Comfey|Draining Kiss|p1a: Scream Tail\n|-activate|p1a: Scream Tail|move: Protect\n|\n|-heal|p1a: Scream Tail|191/330|[from] item: Leftovers\n|upkeep\n|turn|31\n|inactive|Time left: 300 sec this turn | 300 sec total\n|\n|t:|1783567264\n|move|p1a: Scream Tail|Wish|p1a: Scream Tail\n|move|p2a: Comfey|Stored Power|p1a: Scream Tail\n|-resisted|p1a: Scream Tail\n|-damage|p1a: Scream Tail|39/330\n|\n|-heal|p1a: Scream Tail|59/330|[from] item: Leftovers\n|upkeep\n|turn|32\n|inactive|Time left: 300 sec this turn | 300 sec total\n|\n|t:|1783567265\n|move|p1a: Scream Tail|Protect|p1a: Scream Tail\n|-singleturn|p1a: Scream Tail|Protect\n|move|p2a: Comfey|Draining Kiss|p1a: Scream Tail\n|-activate|p1a: Scream Tail|move: Protect\n|\n|-heal|p1a: Scream Tail|224/330|[from] move: Wish|[wisher] Scream Tail\n|-heal|p1a: Scream Tail|244/330|[from] item: Leftovers\n|upkeep\n|turn|33\n|inactive|Time left: 300 sec this turn | 300 sec total\n|\n|t:|1783567266\n|move|p1a: Scream Tail|Thunder Wave|p2a: Comfey\n|-status|p2a: Comfey|par\n|move|p2a: Comfey|Stored Power|p1a: Scream Tail\n|-resisted|p1a: Scream Tail\n|-damage|p1a: Scream Tail|106/330\n|\n|-heal|p1a: Scream Tail|126/330|[from] item: Leftovers\n|upkeep\n|turn|34\n|inactive|Time left: 300 sec this turn | 300 sec total\n|\n|t:|1783567267\n|move|p1a: Scream Tail|Protect|p1a: Scream Tail\n|-singleturn|p1a: Scream Tail|Protect\n|move|p2a: Comfey|Draining Kiss|p1a: Scream Tail\n|-activate|p1a: Scream Tail|move: Protect\n|\n|-heal|p1a: Scream Tail|146/330|[from] item: Leftovers\n|upkeep\n|turn|35\n|inactive|Time left: 300 sec this turn | 300 sec total\n|\n|t:|1783567268\n|move|p2a: Comfey|Draining Kiss|p1a: Scream Tail\n|-damage|p1a: Scream Tail|0 fnt\n|faint|p1a: Scream Tail\n|-end|p1a: Scream Tail|Protosynthesis|[silent]\n|\n|upkeep\n|inactive|Time left: 300 sec this turn | 300 sec total | 5 sec grace\n|\n|t:|1783567269\n|switch|p1a: Ampharos|Ampharos, L88, M|234/302\n|turn|36\n|inactive|Time left: 300 sec this turn | 300 sec total\n|\n|t:|1783567270\n|cant|p2a: Comfey|par\n|move|p1a: Ampharos|Volt Switch|p2a: Comfey\n|-damage|p2a: Comfey|89/100 par\n|inactive|Time left: 300 sec this turn | 300 sec total | 5 sec grace\n|\n|t:|1783567271\n|switch|p1a: Raikou|Raikou, L81|278/278|[from] Volt Switch\n|-ability|p1a: Raikou|Pressure\n|\n|-heal|p2a: Comfey|96/100 par|[from] item: Leftovers\n|upkeep\n|turn|37\n|inactive|Time left: 300 sec this turn | 300 sec total\n|\n|t:|1783567271\n|move|p2a: Comfey|Draining Kiss|p1a: Raikou\n|-damage|p1a: Raikou|66/278\n|-heal|p2a: Comfey|100/100 par|[from] drain|[of] p1a: Raikou\n|move|p1a: Raikou|Calm Mind|p1a: Raikou\n|-boost|p1a: Raikou|spa|1\n|-boost|p1a: Raikou|spd|1\n|\n|-heal|p1a: Raikou|83/278|[from] item: Leftovers\n|upkeep\n|turn|38\n|inactive|Time left: 300 sec this turn | 300 sec total\n|\n|t:|1783567272\n|move|p2a: Comfey|Draining Kiss|p1a: Raikou\n|-damage|p1a: Raikou|0 fnt\n|faint|p1a: Raikou\n|\n|upkeep\n|inactive|Time left: 300 sec this turn | 300 sec total | 5 sec grace\n|\n|t:|1783567273\n|switch|p1a: Ampharos|Ampharos, L88, M|234/302\n|turn|39\n|inactive|Time left: 300 sec this turn | 300 sec total\n|\n|t:|1783567274\n|move|p2a: Comfey|Draining Kiss|p1a: Ampharos\n|-damage|p1a: Ampharos|4/302\n|move|p1a: Ampharos|Volt Switch|p2a: Comfey\n|-damage|p2a: Comfey|88/100 par\n|inactive|Time left: 300 sec this turn | 300 sec total | 5 sec grace\n|\n|t:|1783567275\n|switch|p1a: Hoopa|Hoopa-Unbound, L80|162/259|[from] Volt Switch\n|\n|-heal|p2a: Comfey|94/100 par|[from] item: Leftovers\n|upkeep\n|turn|40\n|inactive|Time left: 300 sec this turn | 300 sec total\n|\n|t:|1783567276\n|cant|p2a: Comfey|par\n|move|p1a: Hoopa|Gunk Shot|p2a: Comfey\n|-supereffective|p2a: Comfey\n|-damage|p2a: Comfey|0 fnt\n|faint|p2a: Comfey\n|\n|upkeep\n|\n|t:|1783567277\n|switch|p2a: Hydrapple|Hydrapple, L83, M|100/100 par\n|turn|41\n|inactive|Time left: 300 sec this turn | 300 sec total\n|\n|t:|1783567278\n|move|p1a: Hoopa|Gunk Shot|p2a: Hydrapple\n|-supereffective|p2a: Hydrapple\n|-damage|p2a: Hydrapple|41/100 par\n|cant|p2a: Hydrapple|par\n|\n|upkeep\n|turn|42\n|inactive|Time left: 300 sec this turn | 300 sec total\n|\n|t:|1783567279\n|switch|p2a: Hariyama|Hariyama, L87, F|11/100 brn\n|move|p1a: Hoopa|Gunk Shot|p2a: Hariyama\n|-damage|p2a: Hariyama|0 fnt\n|faint|p2a: Hariyama\n|\n|upkeep\n|\n|t:|1783567280\n|switch|p2a: Hydrapple|Hydrapple, L83, M|74/100 par\n|turn|43\n|inactive|Time left: 300 sec this turn | 300 sec total\n|\n|t:|1783567281\n|-terastallize|p1a: Hoopa|Fighting\n|move|p1a: Hoopa|Hyperspace Fury|p2a: Hydrapple\n|-damage|p2a: Hydrapple|32/100 par\n|-unboost|p1a: Hoopa|def|1\n|cant|p2a: Hydrapple|par\n|\n|upkeep\n|turn|44\n|inactive|Time left: 300 sec this turn | 300 sec total\n|\n|t:|1783567282\n|move|p1a: Hoopa|Hyperspace Fury|p2a: Hydrapple\n|-damage|p2a: Hydrapple|0 fnt\n|-unboost|p1a: Hoopa|def|1\n|faint|p2a: Hydrapple\n|\n|win|p0x2434340e", "uploadtime": 1783567282, "views": 0, "rating": 0, "private": 0, "password": null, "_winner": "p0x2434340e", "_our_name": "p0x2434340e"}