{"id": "battle-gen9randombattle-586", "formatid": "gen9randombattle", "format": "[Gen 9] Random Battle", "players": ["p0x586dc4e", "p0y5867edf"], "log": "|init|battle\n|title|p0x586dc4e vs. p0y5867edf\n|j|\u2606p0x586dc4e\n|j|\u2606p0y5867edf\n|t:|1783546607\n|gametype|singles\n|player|p1|p0x586dc4e|266|\n|player|p2|p0y5867edf|102|\n|gen|9\n|tier|[Gen 9] Random Battle\n|rule|Species Clause: Limit one of each Pok\u00e9mon\n|rule|HP Percentage Mod: HP is shown in percentages\n|rule|Sleep Clause Mod: Limit one foe put to sleep\n|rule|Illusion Level Mod: Illusion disguises the Pok\u00e9mon's true level\n|\n|t:|1783546607\n|teamsize|p1|6\n|teamsize|p2|6\n|start\n|switch|p1a: Bombirdier|Bombirdier, L85, M|100/100\n|switch|p2a: Kleavor|Kleavor, L78, M|237/237\n|turn|1\n|inactive|Battle timer is ON: inactive players will automatically lose when time's up. (requested by p0y5867edf)\n|inactive|p0x586dc4e also wants the timer to be on.\n|\n|t:|1783546608\n|move|p1a: Bombirdier|Stone Edge|p2a: Kleavor\n|-supereffective|p2a: Kleavor\n|-damage|p2a: Kleavor|15/237\n|move|p2a: Kleavor|Stone Axe|p1a: Bombirdier\n|-supereffective|p1a: Bombirdier\n|-damage|p1a: Bombirdier|3/100\n|-sidestart|p1: p0x586dc4e|move: Stealth Rock\n|\n|upkeep\n|turn|2\n|inactive|Time left: 300 sec this turn | 300 sec total\n|\n|t:|1783546610\n|move|p1a: Bombirdier|Knock Off|p2a: Kleavor\n|-damage|p2a: Kleavor|0 fnt\n|-enditem|p2a: Kleavor|Heavy-Duty Boots|[from] move: Knock Off|[of] p1a: Bombirdier\n|faint|p2a: Kleavor\n|\n|upkeep\n|inactive|Time left: 300 sec this turn | 300 sec total | 5 sec grace\n|\n|t:|1783546611\n|switch|p2a: Basculin|Basculin-Blue-Striped, L86, F|261/261\n|turn|3\n|inactive|Time left: 300 sec this turn | 300 sec total\n|\n|t:|1783546612\n|move|p2a: Basculin|Wave Crash|p1a: Bombirdier\n|-damage|p1a: Bombirdier|0 fnt\n|faint|p1a: Bombirdier\n|-damage|p2a: Basculin|259/261|[from] Recoil\n|\n|upkeep\n|\n|t:|1783546613\n|switch|p1a: Iron Bundle|Iron Bundle, L78|100/100\n|turn|4\n|inactive|Time left: 300 sec this turn | 300 sec total\n|\n|t:|1783546614\n|move|p1a: Iron Bundle|Freeze-Dry|p2a: Basculin\n|-supereffective|p2a: Basculin\n|-damage|p2a: Basculin|41/261\n|move|p2a: Basculin|Wave Crash|p1a: Iron Bundle\n|-resisted|p1a: Iron Bundle\n|-damage|p1a: Iron Bundle|45/100\n|-damage|p2a: Basculin|1/261|[from] Recoil\n|\n|upkeep\n|turn|5\n|inactive|Time left: 300 sec this turn | 300 sec total\n|\n|t:|1783546615\n|move|p1a: Iron Bundle|Freeze-Dry|p2a: Basculin\n|-supereffective|p2a: Basculin\n|-damage|p2a: Basculin|0 fnt\n|faint|p2a: Basculin\n|\n|upkeep\n|inactive|Time left: 300 sec this turn | 300 sec total | 5 sec grace\n|\n|t:|1783546616\n|switch|p2a: Swalot|Swalot, L90, F|326/326\n|turn|6\n|inactive|Time left: 300 sec this turn | 300 sec total\n|\n|t:|1783546617\n|-end|p1a: Iron Bundle|Quark Drive|[silent]\n|switch|p1a: Weezing|Weezing, L88, F|100/100\n|-damage|p1a: Weezing|88/100|[from] Stealth Rock\n|move|p2a: Swalot|Gunk Shot|p1a: Weezing|[miss]\n|-miss|p2a: Swalot|p1a: Weezing\n|\n|-heal|p1a: Weezing|94/100|[from] item: Leftovers\n|upkeep\n|turn|7\n|inactive|Time left: 300 sec this turn | 300 sec total\n|\n|t:|1783546618\n|move|p1a: Weezing|Toxic Spikes|p2a: Swalot\n|-sidestart|p2: p0y5867edf|move: Toxic Spikes\n|move|p2a: Swalot|Swords Dance|p2a: Swalot\n|-boost|p2a: Swalot|atk|2\n|\n|-heal|p1a: Weezing|100/100|[from] item: Leftovers\n|upkeep\n|turn|8\n|inactive|Time left: 300 sec this turn | 300 sec total\n|\n|t:|1783546619\n|move|p1a: Weezing|Toxic Spikes|p2a: Swalot\n|-sidestart|p2: p0y5867edf|move: Toxic Spikes\n|move|p2a: Swalot|Knock Off|p1a: Weezing\n|-damage|p1a: Weezing|61/100\n|-enditem|p1a: Weezing|Leftovers|[from] move: Knock Off|[of] p2a: Swalot\n|\n|upkeep\n|turn|9\n|inactive|Time left: 300 sec this turn | 300 sec total\n|\n|t:|1783546620\n|move|p1a: Weezing|Pain Split|p2a: Swalot\n|-sethp|p2a: Swalot|240/326|[from] move: Pain Split|[silent]\n|-sethp|p1a: Weezing|94/100|[from] move: Pain Split\n|move|p2a: Swalot|Knock Off|p1a: Weezing\n|-damage|p1a: Weezing|70/100\n|\n|-heal|p2a: Swalot|260/326|[from] item: Leftovers\n|upkeep\n|turn|10\n|inactive|Time left: 300 sec this turn | 300 sec total\n|\n|t:|1783546621\n|move|p1a: Weezing|Fire Blast|p2a: Swalot\n|-damage|p2a: Swalot|182/326\n|move|p2a: Swalot|Gunk Shot|p1a: Weezing\n|-resisted|p1a: Weezing\n|-damage|p1a: Weezing|35/100\n|\n|-heal|p2a: Swalot|202/326|[from] item: Leftovers\n|upkeep\n|turn|11\n|inactive|Time left: 300 sec this turn | 300 sec total\n|\n|t:|1783546623\n|move|p1a: Weezing|Pain Split|p2a: Swalot\n|-sethp|p2a: Swalot|145/326|[from] move: Pain Split|[silent]\n|-sethp|p1a: Weezing|57/100|[from] move: Pain Split\n|move|p2a: Swalot|Swords Dance|p2a: Swalot\n|-boost|p2a: Swalot|atk|2\n|\n|-heal|p2a: Swalot|165/326|[from] item: Leftovers\n|upkeep\n|turn|12\n|inactive|Time left: 300 sec this turn | 300 sec total\n|\n|t:|1783546624\n|move|p1a: Weezing|Fire Blast|p2a: Swalot\n|-damage|p2a: Swalot|85/326\n|move|p2a: Swalot|Knock Off|p1a: Weezing\n|-damage|p1a: Weezing|17/100\n|\n|-heal|p2a: Swalot|105/326|[from] item: Leftovers\n|upkeep\n|turn|13\n|inactive|Time left: 300 sec this turn | 300 sec total\n|\n|t:|1783546625\n|move|p1a: Weezing|Fire Blast|p2a: Swalot\n|-damage|p2a: Swalot|35/326\n|move|p2a: Swalot|Gunk Shot|p1a: Weezing|[miss]\n|-miss|p2a: Swalot|p1a: Weezing\n|\n|-heal|p2a: Swalot|55/326|[from] item: Leftovers\n|upkeep\n|turn|14\n|inactive|Time left: 300 sec this turn | 300 sec total\n|\n|t:|1783546625\n|move|p1a: Weezing|Fire Blast|p2a: Swalot\n|-damage|p2a: Swalot|0 fnt\n|faint|p2a: Swalot\n|\n|upkeep\n|inactive|Time left: 300 sec this turn | 300 sec total | 5 sec grace\n|\n|t:|1783546626\n|switch|p2a: Koraidon|Koraidon, L64|235/235\n|-status|p2a: Koraidon|tox\n|-weather|SunnyDay|[from] ability: Orichalcum Pulse|[of] p2a: Koraidon\n|-activate|p2a: Koraidon|Orichalcum Pulse|[source]\n|turn|15\n|inactive|Time left: 300 sec this turn | 300 sec total\n|\n|t:|1783546627\n|move|p2a: Koraidon|Scale Shot|p1a: Weezing\n|-damage|p1a: Weezing|9/100\n|-crit|p1a: Weezing\n|-damage|p1a: Weezing|0 fnt\n|faint|p1a: Weezing\n|-hitcount|p1: Weezing|2\n|-unboost|p2a: Koraidon|def|1\n|-boost|p2a: Koraidon|spe|1\n|\n|-weather|SunnyDay|[upkeep]\n|-damage|p2a: Koraidon|221/235 tox|[from] psn\n|upkeep\n|\n|t:|1783546629\n|switch|p1a: Oranguru|Oranguru, L92, F|100/100\n|-damage|p1a: Oranguru|88/100|[from] Stealth Rock\n|turn|16\n|inactive|Time left: 300 sec this turn | 300 sec total\n|\n|t:|1783546629\n|move|p2a: Koraidon|Flare Blitz|p1a: Oranguru\n|-damage|p1a: Oranguru|45/100\n|-damage|p2a: Koraidon|176/235 tox|[from] Recoil\n|move|p1a: Oranguru|Psyshock|p2a: Koraidon\n|-supereffective|p2a: Koraidon\n|-damage|p2a: Koraidon|0 fnt\n|faint|p2a: Koraidon\n|\n|-weather|SunnyDay|[upkeep]\n|-heal|p1a: Oranguru|51/100|[from] item: Leftovers\n|upkeep\n|inactive|Time left: 300 sec this turn | 300 sec total | 5 sec grace\n|\n|t:|1783546631\n|switch|p2a: Golurk|Golurk, L87|297/297\n|-status|p2a: Golurk|tox\n|turn|17\n|inactive|Time left: 300 sec this turn | 300 sec total\n|\n|t:|1783546632\n|move|p1a: Oranguru|Psyshock|p2a: Golurk\n|-damage|p2a: Golurk|194/297 tox\n|move|p2a: Golurk|Earthquake|p1a: Oranguru\n|-damage|p1a: Oranguru|0 fnt\n|faint|p1a: Oranguru\n|\n|-weather|SunnyDay|[upkeep]\n|-damage|p2a: Golurk|176/297 tox|[from] psn\n|upkeep\n|\n|t:|1783546633\n|switch|p1a: Iron Bundle|Iron Bundle, L78|45/100\n|turn|18\n|inactive|Time left: 300 sec this turn | 300 sec total\n|\n|t:|1783546634\n|switch|p2a: Clefable|Clefable, L83, F|293/293\n|-status|p2a: Clefable|tox\n|-terastallize|p1a: Iron Bundle|Ice\n|move|p1a: Iron Bundle|Ice Beam|p2a: Clefable\n|-crit|p2a: Clefable\n|-damage|p2a: Clefable|85/293 tox\n|\n|-weather|SunnyDay|[upkeep]\n|upkeep\n|turn|19\n|inactive|Time left: 300 sec this turn | 300 sec total\n|\n|t:|1783546635\n|-terastallize|p2a: Clefable|Steel\n|move|p1a: Iron Bundle|Ice Beam|p2a: Clefable\n|-resisted|p2a: Clefable\n|-damage|p2a: Clefable|20/293 tox\n|move|p2a: Clefable|Moonlight|p2a: Clefable\n|-heal|p2a: Clefable|215/293 tox\n|\n|-weather|none\n|upkeep\n|turn|20\n|inactive|Time left: 300 sec this turn | 300 sec total\n|\n|t:|1783546636\n|move|p1a: Iron Bundle|Encore|p2a: Clefable\n|-start|p2a: Clefable|Encore\n|move|p2a: Clefable|Moonlight|p2a: Clefable\n|-heal|p2a: Clefable|293/293 tox\n|\n|upkeep\n|turn|21\n|inactive|Time left: 300 sec this turn | 300 sec total\n|\n|t:|1783546637\n|switch|p2a: Golurk|Golurk, L87|176/297 tox\n|move|p1a: Iron Bundle|Encore||[still]\n|-fail|p1a: Iron Bundle\n|\n|-damage|p2a: Golurk|158/297 tox|[from] psn\n|upkeep\n|turn|22\n|inactive|Time left: 300 sec this turn | 300 sec total\n|\n|t:|1783546638\n|switch|p2a: Clefable|Clefable, L83, F, tera:Steel|293/293 tox\n|move|p1a: Iron Bundle|Hydro Pump|p2a: Clefable\n|-damage|p2a: Clefable|166/293 tox\n|\n|upkeep\n|turn|23\n|inactive|Time left: 300 sec this turn | 300 sec total\n|\n|t:|1783546639\n|move|p1a: Iron Bundle|Hydro Pump|p2a: Clefable|[miss]\n|-miss|p1a: Iron Bundle|p2a: Clefable\n|move|p2a: Clefable|Moonlight|p2a: Clefable\n|-heal|p2a: Clefable|293/293 tox\n|\n|upkeep\n|turn|24\n|inactive|Time left: 300 sec this turn | 300 sec total\n|\n|t:|1783546640\n|move|p1a: Iron Bundle|Encore|p2a: Clefable\n|-start|p2a: Clefable|Encore\n|move|p2a: Clefable|Moonlight|p2a: Clefable\n|-fail|p2a: Clefable|heal\n|\n|upkeep\n|turn|25\n|inactive|Time left: 300 sec this turn | 300 sec total\n|\n|t:|1783546641\n|switch|p2a: Golurk|Golurk, L87|158/297 tox\n|move|p1a: Iron Bundle|Ice Beam|p2a: Golurk\n|-supereffective|p2a: Golurk\n|-damage|p2a: Golurk|0 fnt\n|faint|p2a: Golurk\n|\n|upkeep\n|inactive|Time left: 300 sec this turn | 300 sec total | 5 sec grace\n|\n|t:|1783546642\n|switch|p2a: Clefable|Clefable, L83, F, tera:Steel|293/293 tox\n|turn|26\n|inactive|Time left: 300 sec this turn | 300 sec total\n|\n|t:|1783546643\n|-end|p1a: Iron Bundle|Quark Drive|[silent]\n|switch|p1a: Probopass|Probopass, L91, F|100/100\n|-damage|p1a: Probopass|94/100|[from] Stealth Rock\n|move|p2a: Clefable|Thunder Wave|p1a: Probopass\n|-status|p1a: Probopass|par\n|\n|-heal|p1a: Probopass|100/100 par|[from] item: Leftovers\n|upkeep\n|turn|27\n|inactive|Time left: 300 sec this turn | 300 sec total\n|\n|t:|1783546644\n|move|p2a: Clefable|Knock Off|p1a: Probopass\n|-damage|p1a: Probopass|82/100 par\n|-enditem|p1a: Probopass|Leftovers|[from] move: Knock Off|[of] p2a: Clefable\n|move|p1a: Probopass|Iron Defense|p1a: Probopass\n|-boost|p1a: Probopass|def|2\n|\n|upkeep\n|turn|28\n|inactive|Time left: 300 sec this turn | 300 sec total\n|\n|t:|1783546644\n|move|p2a: Clefable|Knock Off|p1a: Probopass\n|-damage|p1a: Probopass|76/100 par\n|move|p1a: Probopass|Body Press|p2a: Clefable\n|-supereffective|p2a: Clefable\n|-damage|p2a: Clefable|0 fnt\n|faint|p2a: Clefable\n|\n|win|p0x586dc4e", "uploadtime": 1783546644, "views": 0, "rating": 0, "private": 0, "password": null, "_winner": "p0x586dc4e", "_our_name": "p0y5867edf"}