{"id": "battle-gen9randombattle-311", "formatid": "gen9randombattle", "format": "[Gen 9] Random Battle", "players": ["p0x3110476", "p0y311762b"], "log": "|init|battle\n|title|p0x3110476 vs. p0y311762b\n|j|\u2606p0x3110476\n|j|\u2606p0y311762b\n|t:|1783543209\n|gametype|singles\n|player|p1|p0x3110476|101|\n|player|p2|p0y311762b|265|\n|gen|9\n|tier|[Gen 9] Random Battle\n|rule|Species Clause: Limit one of each Pok\u00e9mon\n|rule|HP Percentage Mod: HP is shown in percentages\n|rule|Sleep Clause Mod: Limit one foe put to sleep\n|rule|Illusion Level Mod: Illusion disguises the Pok\u00e9mon's true level\n|\n|t:|1783543209\n|teamsize|p1|6\n|teamsize|p2|6\n|start\n|switch|p1a: Dachsbun|Dachsbun, L92, F|254/254\n|switch|p2a: Altaria|Altaria, L89, F|100/100\n|turn|1\n|inactive|Battle timer is ON: inactive players will automatically lose when time's up. (requested by p0x3110476)\n|\n|t:|1783543211\n|move|p1a: Dachsbun|Play Rough|p2a: Altaria\n|-supereffective|p2a: Altaria\n|-damage|p2a: Altaria|33/100\n|-unboost|p2a: Altaria|atk|1\n|move|p2a: Altaria|Dragon Dance|p2a: Altaria\n|-boost|p2a: Altaria|atk|1\n|-boost|p2a: Altaria|spe|1\n|\n|upkeep\n|turn|2\n|inactive|Time left: 300 sec this turn | 300 sec total\n|inactive|p0y311762b also wants the timer to be on.\n|\n|t:|1783543212\n|move|p2a: Altaria|Roost|p2a: Altaria\n|-heal|p2a: Altaria|83/100\n|-singleturn|p2a: Altaria|move: Roost\n|move|p1a: Dachsbun|Play Rough|p2a: Altaria\n|-supereffective|p2a: Altaria\n|-damage|p2a: Altaria|13/100\n|\n|upkeep\n|turn|3\n|inactive|Time left: 300 sec this turn | 300 sec total\n|\n|t:|1783543213\n|move|p2a: Altaria|Roost|p2a: Altaria\n|-heal|p2a: Altaria|63/100\n|-singleturn|p2a: Altaria|move: Roost\n|move|p1a: Dachsbun|Play Rough|p2a: Altaria\n|-supereffective|p2a: Altaria\n|-damage|p2a: Altaria|3/100\n|\n|upkeep\n|turn|4\n|inactive|Time left: 300 sec this turn | 300 sec total\n|\n|t:|1783543214\n|move|p2a: Altaria|Roost|p2a: Altaria\n|-heal|p2a: Altaria|53/100\n|-singleturn|p2a: Altaria|move: Roost\n|move|p1a: Dachsbun|Play Rough|p2a: Altaria\n|-supereffective|p2a: Altaria\n|-damage|p2a: Altaria|0 fnt\n|faint|p2a: Altaria\n|\n|upkeep\n|\n|t:|1783543215\n|switch|p2a: Dodrio|Dodrio, L85, M|100/100\n|turn|5\n|inactive|Time left: 300 sec this turn | 300 sec total\n|\n|t:|1783543216\n|move|p2a: Dodrio|Double-Edge|p1a: Dachsbun\n|-damage|p1a: Dachsbun|85/254\n|-damage|p2a: Dodrio|77/100|[from] Recoil\n|move|p1a: Dachsbun|Play Rough|p2a: Dodrio|[miss]\n|-miss|p1a: Dachsbun|p2a: Dodrio\n|\n|-heal|p1a: Dachsbun|100/254|[from] item: Leftovers\n|upkeep\n|turn|6\n|inactive|Time left: 300 sec this turn | 300 sec total\n|\n|t:|1783543217\n|switch|p1a: Heatran|Heatran, L79, F|273/273\n|move|p2a: Dodrio|Double-Edge|p1a: Heatran\n|-resisted|p1a: Heatran\n|-damage|p1a: Heatran|168/273\n|-damage|p2a: Dodrio|63/100|[from] Recoil\n|\n|upkeep\n|turn|7\n|inactive|Time left: 300 sec this turn | 300 sec total\n|\n|t:|1783543219\n|switch|p2a: Hydreigon|Hydreigon, L79, M|100/100\n|move|p1a: Heatran|Magma Storm|p2a: Hydreigon\n|-resisted|p2a: Hydreigon\n|-damage|p2a: Hydreigon|80/100\n|-activate|p2a: Hydreigon|move: Magma Storm|[of] p1a: Heatran\n|\n|-damage|p2a: Hydreigon|67/100|[from] move: Magma Storm|[partiallytrapped]\n|upkeep\n|turn|8\n|inactive|Time left: 300 sec this turn | 300 sec total\n|\n|t:|1783543220\n|move|p2a: Hydreigon|Nasty Plot|p2a: Hydreigon\n|-boost|p2a: Hydreigon|spa|2\n|move|p1a: Heatran|Heavy Slam|p2a: Hydreigon\n|-damage|p2a: Hydreigon|46/100\n|\n|-damage|p2a: Hydreigon|34/100|[from] move: Magma Storm|[partiallytrapped]\n|upkeep\n|turn|9\n|inactive|Time left: 300 sec this turn | 300 sec total\n|\n|t:|1783543221\n|move|p2a: Hydreigon|Dark Pulse|p1a: Heatran\n|-damage|p1a: Heatran|15/273\n|-damage|p2a: Hydreigon|24/100|[from] item: Life Orb\n|move|p1a: Heatran|Magma Storm|p2a: Hydreigon\n|-resisted|p2a: Hydreigon\n|-damage|p2a: Hydreigon|1/100\n|\n|-damage|p2a: Hydreigon|0 fnt|[from] move: Magma Storm|[partiallytrapped]\n|faint|p2a: Hydreigon\n|upkeep\n|\n|t:|1783543222\n|switch|p2a: Dodrio|Dodrio, L85, M|63/100\n|turn|10\n|inactive|Time left: 300 sec this turn | 300 sec total\n|\n|t:|1783543223\n|move|p2a: Dodrio|Double-Edge|p1a: Heatran\n|-resisted|p1a: Heatran\n|-damage|p1a: Heatran|0 fnt\n|faint|p1a: Heatran\n|-damage|p2a: Dodrio|61/100|[from] Recoil\n|\n|upkeep\n|inactive|Time left: 300 sec this turn | 300 sec total | 5 sec grace\n|\n|t:|1783543225\n|switch|p1a: Iron Jugulis|Iron Jugulis, L77|271/271\n|turn|11\n|inactive|Time left: 300 sec this turn | 300 sec total\n|\n|t:|1783543226\n|move|p2a: Dodrio|Double-Edge|p1a: Iron Jugulis\n|-damage|p1a: Iron Jugulis|37/271\n|-damage|p2a: Dodrio|29/100|[from] Recoil\n|move|p1a: Iron Jugulis|Dark Pulse|p2a: Dodrio\n|-damage|p2a: Dodrio|0 fnt\n|faint|p2a: Dodrio\n|\n|upkeep\n|\n|t:|1783543227\n|switch|p2a: Dedenne|Dedenne, L88, M|100/100\n|turn|12\n|inactive|Time left: 300 sec this turn | 300 sec total\n|\n|t:|1783543228\n|-end|p1a: Iron Jugulis|Quark Drive|[silent]\n|switch|p1a: Dachsbun|Dachsbun, L92, F|100/254\n|move|p2a: Dedenne|Thunderbolt|p1a: Dachsbun\n|-damage|p1a: Dachsbun|13/254\n|\n|-heal|p1a: Dachsbun|28/254|[from] item: Leftovers\n|upkeep\n|turn|13\n|inactive|Time left: 300 sec this turn | 300 sec total\n|\n|t:|1783543229\n|move|p1a: Dachsbun|Protect|p1a: Dachsbun\n|-singleturn|p1a: Dachsbun|Protect\n|move|p2a: Dedenne|Dazzling Gleam|p1a: Dachsbun\n|-activate|p1a: Dachsbun|move: Protect\n|\n|-heal|p1a: Dachsbun|43/254|[from] item: Leftovers\n|upkeep\n|turn|14\n|inactive|Time left: 300 sec this turn | 300 sec total\n|\n|t:|1783543230\n|move|p1a: Dachsbun|Protect|p1a: Dachsbun\n|-singleturn|p1a: Dachsbun|Protect\n|move|p2a: Dedenne|Thunderbolt|p1a: Dachsbun\n|-activate|p1a: Dachsbun|move: Protect\n|\n|-heal|p1a: Dachsbun|58/254|[from] item: Leftovers\n|upkeep\n|turn|15\n|inactive|Time left: 300 sec this turn | 300 sec total\n|\n|t:|1783543231\n|switch|p1a: Porygon-Z|Porygon-Z, L83|277/277\n|move|p2a: Dedenne|Thunderbolt|p1a: Porygon-Z\n|-damage|p1a: Porygon-Z|172/277\n|\n|upkeep\n|turn|16\n|inactive|Time left: 300 sec this turn | 300 sec total\n|\n|t:|1783543232\n|move|p2a: Dedenne|Dazzling Gleam|p1a: Porygon-Z\n|-damage|p1a: Porygon-Z|78/277\n|move|p1a: Porygon-Z|Tera Blast|p2a: Dedenne\n|-damage|p2a: Dedenne|15/100\n|-enditem|p2a: Dedenne|Sitrus Berry|[eat]\n|-heal|p2a: Dedenne|40/100|[from] item: Sitrus Berry\n|-heal|p2a: Dedenne|73/100|[from] ability: Cheek Pouch\n|-damage|p1a: Porygon-Z|51/277|[from] item: Life Orb\n|\n|upkeep\n|turn|17\n|inactive|Time left: 300 sec this turn | 300 sec total\n|\n|t:|1783543233\n|switch|p1a: Iron Jugulis|Iron Jugulis, L77|37/271\n|move|p2a: Dedenne|Thunderbolt|p1a: Iron Jugulis\n|-supereffective|p1a: Iron Jugulis\n|-damage|p1a: Iron Jugulis|0 fnt\n|faint|p1a: Iron Jugulis\n|-end|p1a: Iron Jugulis|Quark Drive|[silent]\n|\n|upkeep\n|inactive|Time left: 300 sec this turn | 300 sec total | 5 sec grace\n|\n|t:|1783543234\n|switch|p1a: Gallade|Gallade, L80, M|240/240\n|turn|18\n|inactive|Time left: 300 sec this turn | 300 sec total\n|\n|t:|1783543235\n|move|p2a: Dedenne|Dazzling Gleam|p1a: Gallade\n|-supereffective|p1a: Gallade\n|-damage|p1a: Gallade|112/240\n|move|p1a: Gallade|Agility|p1a: Gallade\n|-boost|p1a: Gallade|spe|2\n|\n|upkeep\n|turn|19\n|inactive|Time left: 300 sec this turn | 300 sec total\n|\n|t:|1783543236\n|switch|p2a: Azelf|Azelf, L82|100/100\n|move|p1a: Gallade|Psycho Cut|p2a: Azelf\n|-resisted|p2a: Azelf\n|-damage|p2a: Azelf|64/100\n|-damage|p1a: Gallade|88/240|[from] item: Life Orb\n|\n|upkeep\n|turn|20\n|inactive|Time left: 300 sec this turn | 300 sec total\n|\n|t:|1783543237\n|switch|p2a: Fezandipiti|Fezandipiti, L82, M|100/100\n|move|p1a: Gallade|Night Slash|p2a: Fezandipiti\n|-resisted|p2a: Fezandipiti\n|-damage|p2a: Fezandipiti|80/100\n|-damage|p1a: Gallade|64/240|[from] item: Life Orb\n|\n|-heal|p2a: Fezandipiti|86/100|[from] item: Leftovers\n|upkeep\n|turn|21\n|inactive|Time left: 300 sec this turn | 300 sec total\n|\n|t:|1783543238\n|-terastallize|p2a: Fezandipiti|Steel\n|move|p1a: Gallade|Psycho Cut|p2a: Fezandipiti\n|-resisted|p2a: Fezandipiti\n|-damage|p2a: Fezandipiti|53/100\n|-damage|p1a: Gallade|40/240|[from] item: Life Orb\n|move|p2a: Fezandipiti|Moonblast|p1a: Gallade\n|-supereffective|p1a: Gallade\n|-damage|p1a: Gallade|0 fnt\n|faint|p1a: Gallade\n|\n|-heal|p2a: Fezandipiti|59/100|[from] item: Leftovers\n|upkeep\n|inactive|Time left: 300 sec this turn | 300 sec total | 5 sec grace\n|\n|t:|1783543239\n|switch|p1a: Dachsbun|Dachsbun, L92, F|58/254\n|turn|22\n|inactive|Time left: 300 sec this turn | 300 sec total\n|\n|t:|1783543240\n|move|p1a: Dachsbun|Body Press|p2a: Fezandipiti\n|-supereffective|p2a: Fezandipiti\n|-damage|p2a: Fezandipiti|2/100\n|move|p2a: Fezandipiti|Moonblast|p1a: Dachsbun\n|-damage|p1a: Dachsbun|0 fnt\n|faint|p1a: Dachsbun\n|\n|-heal|p2a: Fezandipiti|8/100|[from] item: Leftovers\n|upkeep\n|inactive|Time left: 300 sec this turn | 300 sec total | 5 sec grace\n|\n|t:|1783543240\n|switch|p1a: Bombirdier|Bombirdier, L85, F|258/258\n|turn|23\n|inactive|Time left: 300 sec this turn | 300 sec total\n|\n|t:|1783543241\n|move|p2a: Fezandipiti|Moonblast|p1a: Bombirdier\n|-supereffective|p1a: Bombirdier\n|-damage|p1a: Bombirdier|108/258\n|-status|p1a: Bombirdier|tox|[from] ability: Toxic Chain|[of] p2a: Fezandipiti\n|move|p1a: Bombirdier|Knock Off|p2a: Fezandipiti\n|-damage|p2a: Fezandipiti|0 fnt\n|-enditem|p2a: Fezandipiti|Leftovers|[from] move: Knock Off|[of] p1a: Bombirdier\n|faint|p2a: Fezandipiti\n|\n|-damage|p1a: Bombirdier|92/258 tox|[from] psn\n|upkeep\n|\n|t:|1783543242\n|switch|p2a: Azelf|Azelf, L82|64/100\n|turn|24\n|inactive|Time left: 300 sec this turn | 300 sec total\n|\n|t:|1783543243\n|move|p2a: Azelf|Dazzling Gleam|p1a: Bombirdier\n|-supereffective|p1a: Bombirdier\n|-damage|p1a: Bombirdier|0 fnt\n|faint|p1a: Bombirdier\n|\n|upkeep\n|inactive|Time left: 300 sec this turn | 300 sec total | 5 sec grace\n|\n|t:|1783543245\n|switch|p1a: Porygon-Z|Porygon-Z, L83|51/277\n|turn|25\n|inactive|Time left: 300 sec this turn | 300 sec total\n|\n|t:|1783543246\n|-terastallize|p1a: Porygon-Z|Fighting\n|move|p2a: Azelf|Dazzling Gleam|p1a: Porygon-Z\n|-supereffective|p1a: Porygon-Z\n|-damage|p1a: Porygon-Z|0 fnt\n|faint|p1a: Porygon-Z\n|\n|win|p0y311762b", "uploadtime": 1783543246, "views": 0, "rating": 0, "private": 0, "password": null, "_winner": "p0y311762b", "_our_name": "p0x3110476"}