{"id": "battle-gen9randombattle-830", "formatid": "gen9randombattle", "format": "[Gen 9] Random Battle", "players": ["p0x830e5cb", "p0y8300bab"], "log": "|init|battle\n|title|p0x830e5cb vs. p0y8300bab\n|j|\u2606p0x830e5cb\n|j|\u2606p0y8300bab\n|t:|1783549524\n|gametype|singles\n|player|p1|p0x830e5cb|2|\n|player|p2|p0y8300bab|266|\n|gen|9\n|tier|[Gen 9] Random Battle\n|rule|Species Clause: Limit one of each Pok\u00e9mon\n|rule|HP Percentage Mod: HP is shown in percentages\n|rule|Sleep Clause Mod: Limit one foe put to sleep\n|rule|Illusion Level Mod: Illusion disguises the Pok\u00e9mon's true level\n|\n|t:|1783549524\n|teamsize|p1|6\n|teamsize|p2|6\n|start\n|switch|p1a: Slaking|Slaking, L84, F|100/100\n|switch|p2a: Lunala|Lunala, L70|308/308\n|turn|1\n|inactive|Battle timer is ON: inactive players will automatically lose when time's up. (requested by p0x830e5cb)\n|inactive|Time left: 300 sec this turn | 300 sec total | 60 sec grace\n|inactive|p0y8300bab also wants the timer to be on.\n|\n|t:|1783549526\n|-terastallize|p2a: Lunala|Fighting\n|move|p1a: Slaking|Knock Off|p2a: Lunala\n|-resisted|p2a: Lunala\n|-crit|p2a: Lunala\n|-damage|p2a: Lunala|260/308\n|-enditem|p2a: Lunala|Leftovers|[from] move: Knock Off|[of] p1a: Slaking\n|move|p2a: Lunala|Focus Blast|p1a: Slaking|[miss]\n|-miss|p2a: Lunala|p1a: Slaking\n|\n|upkeep\n|turn|2\n|inactive|Time left: 300 sec this turn | 300 sec total\n|\n|t:|1783549527\n|switch|p1a: Azumarill|Azumarill, L82, F|100/100\n|move|p2a: Lunala|Calm Mind|p2a: Lunala\n|-boost|p2a: Lunala|spa|1\n|-boost|p2a: Lunala|spd|1\n|\n|upkeep\n|turn|3\n|inactive|Time left: 300 sec this turn | 300 sec total\n|\n|t:|1783549528\n|move|p2a: Lunala|Moonlight|p2a: Lunala\n|-heal|p2a: Lunala|308/308\n|move|p1a: Azumarill|Play Rough|p2a: Lunala\n|-supereffective|p2a: Lunala\n|-damage|p2a: Lunala|109/308\n|\n|upkeep\n|turn|4\n|inactive|Time left: 300 sec this turn | 300 sec total\n|\n|t:|1783549529\n|move|p2a: Lunala|Moongeist Beam|p1a: Azumarill\n|-damage|p1a: Azumarill|44/100\n|move|p1a: Azumarill|Play Rough|p2a: Lunala\n|-supereffective|p2a: Lunala\n|-damage|p2a: Lunala|0 fnt\n|faint|p2a: Lunala\n|\n|upkeep\n|inactive|Time left: 300 sec this turn | 300 sec total | 5 sec grace\n|\n|t:|1783549530\n|switch|p2a: Pelipper|Pelipper, L86, F|243/243\n|-weather|RainDance|[from] ability: Drizzle|[of] p2a: Pelipper\n|turn|5\n|inactive|Time left: 300 sec this turn | 300 sec total\n|\n|t:|1783549531\n|switch|p1a: Slaking|Slaking, L84, F|100/100\n|move|p2a: Pelipper|Hurricane|p1a: Slaking\n|-damage|p1a: Slaking|38/100\n|\n|-weather|RainDance|[upkeep]\n|upkeep\n|turn|6\n|inactive|Time left: 300 sec this turn | 300 sec total\n|\n|t:|1783549532\n|-terastallize|p1a: Slaking|Normal\n|move|p1a: Slaking|Giga Impact|p2a: Pelipper\n|-damage|p2a: Pelipper|0 fnt\n|-mustrecharge|p1a: Slaking\n|faint|p2a: Pelipper\n|\n|-weather|RainDance|[upkeep]\n|upkeep\n|inactive|Time left: 300 sec this turn | 300 sec total | 5 sec grace\n|\n|t:|1783549532\n|switch|p2a: Spectrier|Spectrier, L75|274/274\n|turn|7\n|inactive|Time left: 300 sec this turn | 300 sec total\n|\n|t:|1783549533\n|cant|p1a: Slaking|recharge\n|move|p2a: Spectrier|Nasty Plot|p2a: Spectrier\n|-boost|p2a: Spectrier|spa|2\n|\n|-weather|RainDance|[upkeep]\n|upkeep\n|turn|8\n|inactive|Time left: 300 sec this turn | 300 sec total\n|\n|t:|1783549534\n|switch|p1a: Azumarill|Azumarill, L82, F|44/100\n|move|p2a: Spectrier|Shadow Ball|p1a: Azumarill\n|-damage|p1a: Azumarill|0 fnt\n|faint|p1a: Azumarill\n|-ability|p2a: Spectrier|Grim Neigh|boost\n|-boost|p2a: Spectrier|spa|1\n|-damage|p2a: Spectrier|247/274|[from] item: Life Orb\n|\n|-weather|RainDance|[upkeep]\n|upkeep\n|\n|t:|1783549535\n|switch|p1a: Slaking|Slaking, L84, F, tera:Normal|38/100\n|turn|9\n|inactive|Time left: 300 sec this turn | 300 sec total\n|\n|t:|1783549536\n|move|p1a: Slaking|Knock Off|p2a: Spectrier\n|-supereffective|p2a: Spectrier\n|-damage|p2a: Spectrier|0 fnt\n|-enditem|p2a: Spectrier|Life Orb|[from] move: Knock Off|[of] p1a: Slaking\n|faint|p2a: Spectrier\n|\n|-weather|none\n|upkeep\n|inactive|Time left: 300 sec this turn | 300 sec total | 5 sec grace\n|\n|t:|1783549536\n|switch|p2a: Staraptor|Staraptor, L79, M|263/263\n|turn|10\n|inactive|Time left: 300 sec this turn | 300 sec total\n|\n|t:|1783549537\n|switch|p1a: Trevenant|Trevenant, L89, F|100/100\n|move|p2a: Staraptor|Brave Bird|p1a: Trevenant\n|-supereffective|p1a: Trevenant\n|-damage|p1a: Trevenant|0 fnt\n|faint|p1a: Trevenant\n|-damage|p2a: Staraptor|165/263|[from] Recoil\n|\n|upkeep\n|\n|t:|1783549538\n|switch|p1a: Slaking|Slaking, L84, F, tera:Normal|38/100\n|turn|11\n|inactive|Time left: 300 sec this turn | 300 sec total\n|\n|t:|1783549539\n|move|p1a: Slaking|Giga Impact|p2a: Staraptor\n|-damage|p2a: Staraptor|0 fnt\n|-mustrecharge|p1a: Slaking\n|faint|p2a: Staraptor\n|\n|upkeep\n|inactive|Time left: 300 sec this turn | 300 sec total | 5 sec grace\n|\n|t:|1783549540\n|switch|p2a: Ambipom|Ambipom, L84, M|263/263\n|turn|12\n|inactive|Time left: 300 sec this turn | 300 sec total\n|\n|t:|1783549541\n|cant|p1a: Slaking|recharge\n|move|p2a: Ambipom|Knock Off|p1a: Slaking\n|-damage|p1a: Slaking|21/100\n|-enditem|p1a: Slaking|Choice Scarf|[from] move: Knock Off|[of] p2a: Ambipom\n|\n|upkeep\n|turn|13\n|inactive|Time left: 300 sec this turn | 300 sec total\n|\n|t:|1783549542\n|move|p2a: Ambipom|Low Kick|p1a: Slaking\n|-supereffective|p1a: Slaking\n|-damage|p1a: Slaking|0 fnt\n|faint|p1a: Slaking\n|\n|upkeep\n|\n|t:|1783549542\n|switch|p1a: Gogoat|Gogoat, L88, M|100/100\n|turn|14\n|inactive|Time left: 300 sec this turn | 300 sec total\n|\n|t:|1783549543\n|move|p2a: Ambipom|Double-Edge|p1a: Gogoat\n|-damage|p1a: Gogoat|51/100\n|-damage|p2a: Ambipom|205/263|[from] Recoil\n|move|p1a: Gogoat|Bulk Up|p1a: Gogoat\n|-boost|p1a: Gogoat|atk|1\n|-boost|p1a: Gogoat|def|1\n|\n|-heal|p1a: Gogoat|57/100|[from] item: Leftovers\n|upkeep\n|turn|15\n|inactive|Time left: 300 sec this turn | 300 sec total\n|\n|t:|1783549544\n|switch|p2a: Tentacruel|Tentacruel, L84, M|272/272\n|move|p1a: Gogoat|Horn Leech|p2a: Tentacruel\n|-damage|p2a: Tentacruel|113/272\n|-damage|p1a: Gogoat|35/100|[from] ability: Liquid Ooze|[of] p2a: Tentacruel\n|\n|-heal|p1a: Gogoat|41/100|[from] item: Leftovers\n|upkeep\n|turn|16\n|inactive|Time left: 300 sec this turn | 300 sec total\n|\n|t:|1783549546\n|move|p2a: Tentacruel|Sludge Bomb|p1a: Gogoat\n|-supereffective|p1a: Gogoat\n|-damage|p1a: Gogoat|0 fnt\n|faint|p1a: Gogoat\n|\n|upkeep\n|\n|t:|1783549547\n|switch|p1a: Latios|Latios, L78, M|100/100\n|turn|17\n|inactive|Time left: 300 sec this turn | 300 sec total\n|\n|t:|1783549548\n|switch|p2a: Ambipom|Ambipom, L84, M|205/263\n|move|p1a: Latios|Luster Purge|p2a: Ambipom\n|-damage|p2a: Ambipom|34/263\n|-unboost|p2a: Ambipom|spd|1\n|\n|upkeep\n|turn|18\n|inactive|Time left: 300 sec this turn | 300 sec total\n|\n|t:|1783549549\n|move|p2a: Ambipom|Fake Out|p1a: Latios\n|-damage|p1a: Latios|63/100\n|cant|p1a: Latios|flinch\n|\n|upkeep\n|turn|19\n|inactive|Time left: 300 sec this turn | 300 sec total\n|\n|t:|1783549550\n|switch|p1a: Pawmot|Pawmot, L80, M|100/100\n|move|p2a: Ambipom|Knock Off|p1a: Pawmot\n|-resisted|p1a: Pawmot\n|-damage|p1a: Pawmot|82/100\n|-enditem|p1a: Pawmot|Life Orb|[from] move: Knock Off|[of] p2a: Ambipom\n|\n|upkeep\n|turn|20\n|inactive|Time left: 300 sec this turn | 300 sec total\n|\n|t:|1783549551\n|switch|p2a: Tentacruel|Tentacruel, L84, M|113/272\n|move|p1a: Pawmot|Double Shock|p2a: Tentacruel\n|-supereffective|p2a: Tentacruel\n|-damage|p2a: Tentacruel|0 fnt\n|-start|p1a: Pawmot|typechange|???/Fighting|[from] move: Double Shock\n|faint|p2a: Tentacruel\n|\n|upkeep\n|inactive|Time left: 300 sec this turn | 300 sec total | 5 sec grace\n|\n|t:|1783549551\n|switch|p2a: Ambipom|Ambipom, L84, M|34/263\n|turn|21\n|inactive|Time left: 300 sec this turn | 300 sec total\n|\n|t:|1783549552\n|switch|p1a: Latios|Latios, L78, M|63/100\n|move|p2a: Ambipom|Fake Out|p1a: Latios\n|-damage|p1a: Latios|28/100\n|\n|upkeep\n|turn|22\n|inactive|Time left: 300 sec this turn | 300 sec total\n|\n|t:|1783549553\n|move|p2a: Ambipom|Knock Off|p1a: Latios\n|-supereffective|p1a: Latios\n|-damage|p1a: Latios|0 fnt\n|-enditem|p1a: Latios|Soul Dew|[from] move: Knock Off|[of] p2a: Ambipom\n|faint|p1a: Latios\n|\n|upkeep\n|\n|t:|1783549554\n|switch|p1a: Pawmot|Pawmot, L80, M|82/100\n|turn|23\n|inactive|Time left: 300 sec this turn | 300 sec total\n|\n|t:|1783549555\n|move|p2a: Ambipom|Low Kick|p1a: Pawmot\n|-damage|p1a: Pawmot|51/100\n|move|p1a: Pawmot|Knock Off|p2a: Ambipom\n|-damage|p2a: Ambipom|0 fnt\n|-enditem|p2a: Ambipom|Silk Scarf|[from] move: Knock Off|[of] p1a: Pawmot\n|faint|p2a: Ambipom\n|\n|win|p0x830e5cb", "uploadtime": 1783549555, "views": 0, "rating": 0, "private": 0, "password": null, "_winner": "p0x830e5cb", "_our_name": "p0y8300bab"}