{"id": "battle-gen9randombattle-1377", "formatid": "gen9randombattle", "format": "[Gen 9] Random Battle", "players": ["p0x13771015", "p0y13779c4f"], "log": "|init|battle\n|title|p0x13771015 vs. p0y13779c4f\n|j|\u2606p0x13771015\n|j|\u2606p0y13779c4f\n|t:|1783555093\n|gametype|singles\n|player|p1|p0x13771015|101|\n|player|p2|p0y13779c4f|266|\n|gen|9\n|tier|[Gen 9] Random Battle\n|rule|Species Clause: Limit one of each Pok\u00e9mon\n|rule|HP Percentage Mod: HP is shown in percentages\n|rule|Sleep Clause Mod: Limit one foe put to sleep\n|rule|Illusion Level Mod: Illusion disguises the Pok\u00e9mon's true level\n|\n|t:|1783555093\n|teamsize|p1|6\n|teamsize|p2|6\n|start\n|switch|p1a: Lapras|Lapras, L87, M|367/367\n|switch|p2a: Dachsbun|Dachsbun, L92, M|100/100\n|turn|1\n|inactive|Battle timer is ON: inactive players will automatically lose when time's up. (requested by p0y13779c4f)\n|inactive|Time left: 300 sec this turn | 300 sec total | 60 sec grace\n|inactive|p0x13771015 also wants the timer to be on.\n|\n|t:|1783555094\n|switch|p2a: Meganium|Meganium, L90, F|100/100\n|move|p1a: Lapras|Ice Beam|p2a: Meganium\n|-supereffective|p2a: Meganium\n|-damage|p2a: Meganium|17/100\n|\n|-heal|p2a: Meganium|23/100|[from] item: Leftovers\n|upkeep\n|turn|2\n|inactive|Time left: 300 sec this turn | 300 sec total\n|\n|t:|1783555096\n|move|p2a: Meganium|Petal Blizzard|p1a: Lapras\n|-supereffective|p1a: Lapras\n|-damage|p1a: Lapras|61/367\n|move|p1a: Lapras|Ice Beam|p2a: Meganium\n|-supereffective|p2a: Meganium\n|-damage|p2a: Meganium|0 fnt\n|faint|p2a: Meganium\n|\n|upkeep\n|\n|t:|1783555097\n|switch|p2a: Azumarill|Azumarill, L82, F|100/100\n|turn|3\n|inactive|Time left: 300 sec this turn | 300 sec total\n|\n|t:|1783555098\n|move|p1a: Lapras|Ice Beam|p2a: Azumarill\n|-resisted|p2a: Azumarill\n|-damage|p2a: Azumarill|77/100\n|move|p2a: Azumarill|Knock Off|p1a: Lapras\n|-crit|p1a: Lapras\n|-damage|p1a: Lapras|0 fnt\n|-enditem|p1a: Lapras|Choice Specs|[from] move: Knock Off|[of] p2a: Azumarill\n|faint|p1a: Lapras\n|\n|upkeep\n|inactive|Time left: 300 sec this turn | 300 sec total | 5 sec grace\n|\n|t:|1783555098\n|switch|p1a: Torterra|Torterra, L78, M|276/276\n|turn|4\n|inactive|Time left: 300 sec this turn | 300 sec total\n|\n|t:|1783555100\n|switch|p2a: Stantler|Stantler, L92, M|100/100\n|-ability|p2a: Stantler|Intimidate|boost\n|-unboost|p1a: Torterra|atk|1\n|move|p1a: Torterra|Shell Smash|p1a: Torterra\n|-unboost|p1a: Torterra|def|1\n|-unboost|p1a: Torterra|spd|1\n|-boost|p1a: Torterra|atk|2\n|-boost|p1a: Torterra|spa|2\n|-boost|p1a: Torterra|spe|2\n|\n|upkeep\n|turn|5\n|inactive|Time left: 300 sec this turn | 300 sec total\n|\n|t:|1783555100\n|move|p1a: Torterra|Shell Smash|p1a: Torterra\n|-unboost|p1a: Torterra|def|1\n|-unboost|p1a: Torterra|spd|1\n|-boost|p1a: Torterra|atk|2\n|-boost|p1a: Torterra|spa|2\n|-boost|p1a: Torterra|spe|2\n|move|p2a: Stantler|Shadow Ball|p1a: Torterra\n|-damage|p1a: Torterra|141/276\n|\n|upkeep\n|turn|6\n|inactive|Time left: 300 sec this turn | 300 sec total\n|\n|t:|1783555102\n|move|p1a: Torterra|Headlong Rush|p2a: Stantler\n|-damage|p2a: Stantler|13/100\n|-unboost|p1a: Torterra|def|1\n|-unboost|p1a: Torterra|spd|1\n|move|p2a: Stantler|Tera Blast|p1a: Torterra\n|-damage|p1a: Torterra|0 fnt\n|faint|p1a: Torterra\n|\n|upkeep\n|inactive|Time left: 300 sec this turn | 300 sec total | 5 sec grace\n|\n|t:|1783555103\n|switch|p1a: Dedenne|Dedenne, L88, F|261/261\n|turn|7\n|inactive|Time left: 300 sec this turn | 300 sec total\n|\n|t:|1783555104\n|switch|p2a: Garganacl|Garganacl, L80, F|100/100\n|move|p1a: Dedenne|Dazzling Gleam|p2a: Garganacl\n|-damage|p2a: Garganacl|69/100\n|\n|-heal|p2a: Garganacl|75/100|[from] item: Leftovers\n|upkeep\n|turn|8\n|inactive|Time left: 300 sec this turn | 300 sec total\n|\n|t:|1783555105\n|switch|p1a: Wyrdeer|Wyrdeer, L87, F|321/321\n|-ability|p1a: Wyrdeer|Intimidate|boost\n|-unboost|p2a: Garganacl|atk|1\n|move|p2a: Garganacl|Recover|p2a: Garganacl\n|-heal|p2a: Garganacl|100/100\n|\n|upkeep\n|turn|9\n|inactive|Time left: 300 sec this turn | 300 sec total\n|\n|t:|1783555106\n|move|p1a: Wyrdeer|Psychic Noise|p2a: Garganacl\n|-damage|p2a: Garganacl|69/100\n|-start|p2a: Garganacl|move: Heal Block\n|move|p2a: Garganacl|Stealth Rock|p1a: Wyrdeer\n|-sidestart|p1: p0x13771015|move: Stealth Rock\n|\n|upkeep\n|turn|10\n|inactive|Time left: 300 sec this turn | 300 sec total\n|\n|t:|1783555107\n|switch|p2a: Azumarill|Azumarill, L82, F|77/100\n|move|p1a: Wyrdeer|Earthquake|p2a: Azumarill\n|-damage|p2a: Azumarill|46/100\n|\n|upkeep\n|turn|11\n|inactive|Time left: 300 sec this turn | 300 sec total\n|\n|t:|1783555108\n|move|p1a: Wyrdeer|Psychic Noise|p2a: Azumarill\n|-damage|p2a: Azumarill|13/100\n|-start|p2a: Azumarill|move: Heal Block\n|move|p2a: Azumarill|Knock Off|p1a: Wyrdeer\n|-supereffective|p1a: Wyrdeer\n|-damage|p1a: Wyrdeer|57/321\n|-enditem|p1a: Wyrdeer|Leftovers|[from] move: Knock Off|[of] p2a: Azumarill\n|\n|upkeep\n|turn|12\n|inactive|Time left: 300 sec this turn | 300 sec total\n|\n|t:|1783555109\n|switch|p2a: Garganacl|Garganacl, L80, F|69/100\n|move|p1a: Wyrdeer|Psychic Noise|p2a: Garganacl\n|-damage|p2a: Garganacl|39/100\n|-start|p2a: Garganacl|move: Heal Block\n|\n|upkeep\n|turn|13\n|inactive|Time left: 300 sec this turn | 300 sec total\n|\n|t:|1783555110\n|switch|p2a: Dachsbun|Dachsbun, L92, M|100/100\n|move|p1a: Wyrdeer|Earthquake|p2a: Dachsbun\n|-damage|p2a: Dachsbun|76/100\n|\n|-heal|p2a: Dachsbun|82/100|[from] item: Leftovers\n|upkeep\n|turn|14\n|inactive|Time left: 300 sec this turn | 300 sec total\n|\n|t:|1783555111\n|move|p2a: Dachsbun|Play Rough|p1a: Wyrdeer\n|-damage|p1a: Wyrdeer|0 fnt\n|faint|p1a: Wyrdeer\n|\n|-heal|p2a: Dachsbun|88/100|[from] item: Leftovers\n|upkeep\n|inactive|Time left: 300 sec this turn | 300 sec total | 5 sec grace\n|\n|t:|1783555112\n|switch|p1a: Gurdurr|Gurdurr, L85, M|283/283\n|-damage|p1a: Gurdurr|266/283|[from] Stealth Rock\n|turn|15\n|inactive|Time left: 300 sec this turn | 300 sec total\n|\n|t:|1783555113\n|move|p2a: Dachsbun|Play Rough|p1a: Gurdurr\n|-supereffective|p1a: Gurdurr\n|-damage|p1a: Gurdurr|144/283\n|move|p1a: Gurdurr|Bulk Up|p1a: Gurdurr\n|-boost|p1a: Gurdurr|atk|1\n|-boost|p1a: Gurdurr|def|1\n|\n|-heal|p2a: Dachsbun|94/100|[from] item: Leftovers\n|upkeep\n|turn|16\n|inactive|Time left: 300 sec this turn | 300 sec total\n|\n|t:|1783555114\n|move|p2a: Dachsbun|Play Rough|p1a: Gurdurr\n|-supereffective|p1a: Gurdurr\n|-damage|p1a: Gurdurr|58/283\n|move|p1a: Gurdurr|Bulk Up|p1a: Gurdurr\n|-boost|p1a: Gurdurr|atk|1\n|-boost|p1a: Gurdurr|def|1\n|\n|-heal|p2a: Dachsbun|99/100|[from] item: Leftovers\n|upkeep\n|turn|17\n|inactive|Time left: 300 sec this turn | 300 sec total\n|\n|t:|1783555115\n|-terastallize|p1a: Gurdurr|Steel\n|move|p2a: Dachsbun|Play Rough|p1a: Gurdurr\n|-resisted|p1a: Gurdurr\n|-damage|p1a: Gurdurr|40/283\n|move|p1a: Gurdurr|Drain Punch|p2a: Dachsbun\n|-resisted|p2a: Dachsbun\n|-damage|p2a: Dachsbun|76/100\n|-heal|p1a: Gurdurr|71/283|[from] drain|[of] p2a: Dachsbun\n|\n|-heal|p2a: Dachsbun|82/100|[from] item: Leftovers\n|upkeep\n|turn|18\n|inactive|Time left: 300 sec this turn | 300 sec total\n|\n|t:|1783555116\n|move|p2a: Dachsbun|Yawn|p1a: Gurdurr\n|-start|p1a: Gurdurr|move: Yawn|[of] p2a: Dachsbun\n|move|p1a: Gurdurr|Drain Punch|p2a: Dachsbun\n|-resisted|p2a: Dachsbun\n|-damage|p2a: Dachsbun|58/100\n|-heal|p1a: Gurdurr|102/283|[from] drain|[of] p2a: Dachsbun\n|\n|-heal|p2a: Dachsbun|63/100|[from] item: Leftovers\n|upkeep\n|turn|19\n|inactive|Time left: 300 sec this turn | 300 sec total\n|\n|t:|1783555117\n|move|p2a: Dachsbun|Wish|p2a: Dachsbun\n|move|p1a: Gurdurr|Drain Punch|p2a: Dachsbun\n|-resisted|p2a: Dachsbun\n|-damage|p2a: Dachsbun|38/100\n|-heal|p1a: Gurdurr|135/283|[from] drain|[of] p2a: Dachsbun\n|\n|-heal|p2a: Dachsbun|44/100|[from] item: Leftovers\n|-end|p1a: Gurdurr|move: Yawn|[silent]\n|-status|p1a: Gurdurr|slp\n|upkeep\n|turn|20\n|inactive|Time left: 300 sec this turn | 300 sec total\n|\n|t:|1783555118\n|switch|p2a: Stantler|Stantler, L92, M|13/100\n|-ability|p2a: Stantler|Intimidate|boost\n|-unboost|p1a: Gurdurr|atk|1\n|cant|p1a: Gurdurr|slp\n|\n|-heal|p2a: Stantler|58/100|[from] move: Wish|[wisher] Dachsbun\n|upkeep\n|turn|21\n|inactive|Time left: 300 sec this turn | 300 sec total\n|\n|t:|1783555119\n|move|p2a: Stantler|Earth Power|p1a: Gurdurr\n|-supereffective|p1a: Gurdurr\n|-damage|p1a: Gurdurr|7/283 slp\n|cant|p1a: Gurdurr|slp\n|\n|upkeep\n|turn|22\n|inactive|Time left: 300 sec this turn | 300 sec total\n|\n|t:|1783555120\n|cant|p1a: Gurdurr|slp\n|move|p2a: Stantler|Tera Blast|p1a: Gurdurr\n|-resisted|p1a: Gurdurr\n|-damage|p1a: Gurdurr|0 fnt\n|faint|p1a: Gurdurr\n|\n|upkeep\n|inactive|Time left: 300 sec this turn | 300 sec total | 5 sec grace\n|\n|t:|1783555121\n|switch|p1a: Zebstrika|Zebstrika, L87, M|272/272\n|-damage|p1a: Zebstrika|238/272|[from] Stealth Rock\n|turn|23\n|inactive|Time left: 300 sec this turn | 300 sec total\n|\n|t:|1783555122\n|move|p1a: Zebstrika|Supercell Slam|p2a: Stantler\n|-damage|p2a: Stantler|13/100\n|-damage|p1a: Zebstrika|211/272|[from] item: Life Orb\n|move|p2a: Stantler|Earth Power|p1a: Zebstrika\n|-supereffective|p1a: Zebstrika\n|-damage|p1a: Zebstrika|37/272\n|\n|upkeep\n|turn|24\n|inactive|Time left: 300 sec this turn | 300 sec total\n|\n|t:|1783555123\n|switch|p2a: Azumarill|Azumarill, L82, F|13/100\n|move|p1a: Zebstrika|Supercell Slam|p2a: Azumarill\n|-supereffective|p2a: Azumarill\n|-damage|p2a: Azumarill|0 fnt\n|faint|p2a: Azumarill\n|-damage|p1a: Zebstrika|10/272|[from] item: Life Orb\n|\n|upkeep\n|\n|t:|1783555124\n|switch|p2a: Dachsbun|Dachsbun, L92, M|44/100\n|turn|25\n|inactive|Time left: 300 sec this turn | 300 sec total\n|\n|t:|1783555125\n|move|p2a: Dachsbun|Protect|p2a: Dachsbun\n|-singleturn|p2a: Dachsbun|Protect\n|move|p1a: Zebstrika|Supercell Slam|p2a: Dachsbun\n|-activate|p2a: Dachsbun|move: Protect\n|-damage|p1a: Zebstrika|0 fnt|[from] supercellslam\n|faint|p1a: Zebstrika\n|\n|-heal|p2a: Dachsbun|50/100|[from] item: Leftovers\n|upkeep\n|inactive|Time left: 300 sec this turn | 300 sec total | 5 sec grace\n|\n|t:|1783555125\n|switch|p1a: Dedenne|Dedenne, L88, F|261/261\n|-damage|p1a: Dedenne|229/261|[from] Stealth Rock\n|turn|26\n|inactive|Time left: 300 sec this turn | 300 sec total\n|\n|t:|1783555126\n|move|p1a: Dedenne|Thunderbolt|p2a: Dachsbun\n|-damage|p2a: Dachsbun|13/100\n|move|p2a: Dachsbun|Yawn|p1a: Dedenne\n|-start|p1a: Dedenne|move: Yawn|[of] p2a: Dachsbun\n|\n|-heal|p2a: Dachsbun|19/100|[from] item: Leftovers\n|upkeep\n|turn|27\n|inactive|Time left: 300 sec this turn | 300 sec total\n|\n|t:|1783555127\n|move|p2a: Dachsbun|Protect|p2a: Dachsbun\n|-singleturn|p2a: Dachsbun|Protect\n|move|p1a: Dedenne|Dazzling Gleam|p2a: Dachsbun\n|-activate|p2a: Dachsbun|move: Protect\n|\n|-heal|p2a: Dachsbun|25/100|[from] item: Leftovers\n|-end|p1a: Dedenne|move: Yawn|[silent]\n|-status|p1a: Dedenne|slp\n|upkeep\n|turn|28\n|inactive|Time left: 300 sec this turn | 300 sec total\n|\n|t:|1783555129\n|cant|p1a: Dedenne|slp\n|move|p2a: Dachsbun|Play Rough|p1a: Dedenne\n|-damage|p1a: Dedenne|97/261 slp\n|-enditem|p1a: Dedenne|Sitrus Berry|[eat]\n|-heal|p1a: Dedenne|162/261 slp|[from] item: Sitrus Berry\n|-heal|p1a: Dedenne|249/261 slp|[from] ability: Cheek Pouch\n|\n|-heal|p2a: Dachsbun|31/100|[from] item: Leftovers\n|upkeep\n|turn|29\n|inactive|Time left: 300 sec this turn | 300 sec total\n|\n|t:|1783555129\n|cant|p1a: Dedenne|slp\n|move|p2a: Dachsbun|Play Rough|p1a: Dedenne\n|-damage|p1a: Dedenne|125/261 slp\n|-unboost|p1a: Dedenne|atk|1\n|\n|-heal|p2a: Dachsbun|37/100|[from] item: Leftovers\n|upkeep\n|turn|30\n|inactive|Time left: 300 sec this turn | 300 sec total\n|\n|t:|1783555130\n|cant|p1a: Dedenne|slp\n|move|p2a: Dachsbun|Play Rough|p1a: Dedenne\n|-damage|p1a: Dedenne|5/261 slp\n|\n|-heal|p2a: Dachsbun|43/100|[from] item: Leftovers\n|upkeep\n|turn|31\n|inactive|Time left: 300 sec this turn | 300 sec total\n|\n|t:|1783555131\n|-terastallize|p2a: Dachsbun|Steel\n|-curestatus|p1a: Dedenne|slp|[msg]\n|move|p1a: Dedenne|Nuzzle|p2a: Dachsbun\n|-damage|p2a: Dachsbun|39/100\n|-status|p2a: Dachsbun|par\n|move|p2a: Dachsbun|Play Rough|p1a: Dedenne|[miss]\n|-miss|p2a: Dachsbun|p1a: Dedenne\n|\n|-heal|p2a: Dachsbun|45/100 par|[from] item: Leftovers\n|upkeep\n|turn|32\n|inactive|Time left: 300 sec this turn | 300 sec total\n|\n|t:|1783555132\n|move|p1a: Dedenne|Thunderbolt|p2a: Dachsbun\n|-damage|p2a: Dachsbun|6/100 par\n|move|p2a: Dachsbun|Play Rough|p1a: Dedenne\n|-damage|p1a: Dedenne|0 fnt\n|faint|p1a: Dedenne\n|\n|win|p0y13779c4f", "uploadtime": 1783555132, "views": 0, "rating": 0, "private": 0, "password": null, "_winner": "p0y13779c4f", "_our_name": "p0x13771015"}