{"id": "battle-gen9randombattle-141", "formatid": "gen9randombattle", "format": "[Gen 9] Random Battle", "players": ["p0x141da8a", "p0y141801b"], "log": "|init|battle\n|title|p0x141da8a vs. p0y141801b\n|j|\u2606p0x141da8a\n|j|\u2606p0y141801b\n|t:|1783541165\n|gametype|singles\n|player|p1|p0x141da8a|102|\n|player|p2|p0y141801b|169|\n|gen|9\n|tier|[Gen 9] Random Battle\n|rule|Species Clause: Limit one of each Pok\u00e9mon\n|rule|HP Percentage Mod: HP is shown in percentages\n|rule|Sleep Clause Mod: Limit one foe put to sleep\n|rule|Illusion Level Mod: Illusion disguises the Pok\u00e9mon's true level\n|\n|t:|1783541165\n|teamsize|p1|6\n|teamsize|p2|6\n|start\n|switch|p1a: Skeledirge|Skeledirge, L79, F|100/100\n|switch|p2a: Kingambit|Kingambit, L74, F|270/270\n|turn|1\n|inactive|Battle timer is ON: inactive players will automatically lose when time's up. (requested by p0y141801b)\n|inactive|p0x141da8a also wants the timer to be on.\n|\n|t:|1783541167\n|-end|p2a: Kingambit|fallenundefined|[silent]\n|switch|p2a: Araquanid|Araquanid, L82, F|246/246\n|move|p1a: Skeledirge|Torch Song|p2a: Araquanid\n|-damage|p2a: Araquanid|215/246\n|-boost|p1a: Skeledirge|spa|1\n|\n|upkeep\n|turn|2\n|inactive|Time left: 300 sec this turn | 300 sec total\n|\n|t:|1783541168\n|move|p1a: Skeledirge|Torch Song|p2a: Araquanid\n|-damage|p2a: Araquanid|169/246\n|-boost|p1a: Skeledirge|spa|1\n|move|p2a: Araquanid|Sticky Web|p1a: Skeledirge\n|-sidestart|p1: p0x141da8a|move: Sticky Web\n|\n|upkeep\n|turn|3\n|inactive|Time left: 300 sec this turn | 300 sec total\n|\n|t:|1783541170\n|-terastallize|p1a: Skeledirge|Fairy\n|move|p1a: Skeledirge|Torch Song|p2a: Araquanid\n|-damage|p2a: Araquanid|106/246\n|-boost|p1a: Skeledirge|spa|1\n|move|p2a: Araquanid|Hydro Pump|p1a: Skeledirge\n|-damage|p1a: Skeledirge|47/100\n|\n|upkeep\n|turn|4\n|inactive|Time left: 300 sec this turn | 300 sec total\n|\n|t:|1783541170\n|move|p1a: Skeledirge|Hex|p2a: Araquanid\n|-damage|p2a: Araquanid|0 fnt\n|faint|p2a: Araquanid\n|\n|upkeep\n|inactive|Time left: 300 sec this turn | 300 sec total | 5 sec grace\n|\n|t:|1783541171\n|switch|p2a: Terrakion|Terrakion, L79|273/273\n|turn|5\n|inactive|Time left: 300 sec this turn | 300 sec total\n|\n|t:|1783541172\n|move|p2a: Terrakion|Stone Edge|p1a: Skeledirge\n|-damage|p1a: Skeledirge|0 fnt\n|faint|p1a: Skeledirge\n|\n|upkeep\n|\n|t:|1783541173\n|switch|p1a: Kommo-o|Kommo-o, L77, F|100/100\n|-activate|p1a: Kommo-o|move: Sticky Web\n|-unboost|p1a: Kommo-o|spe|1\n|turn|6\n|inactive|Time left: 300 sec this turn | 300 sec total\n|\n|t:|1783541174\n|switch|p2a: Palossand|Palossand, L89, F|296/296\n|move|p1a: Kommo-o|Swords Dance|p1a: Kommo-o\n|-boost|p1a: Kommo-o|atk|2\n|\n|upkeep\n|turn|7\n|inactive|Time left: 300 sec this turn | 300 sec total\n|\n|t:|1783541174\n|move|p1a: Kommo-o|Scale Shot|p2a: Palossand\n|-damage|p2a: Palossand|254/296\n|-damage|p2a: Palossand|214/296\n|-damage|p2a: Palossand|177/296\n|-damage|p2a: Palossand|137/296\n|-damage|p2a: Palossand|98/296\n|-hitcount|p2a: Palossand|5\n|-unboost|p1a: Kommo-o|def|1\n|-boost|p1a: Kommo-o|spe|1\n|move|p2a: Palossand|Earth Power|p1a: Kommo-o\n|-damage|p1a: Kommo-o|55/100\n|\n|-heal|p2a: Palossand|116/296|[from] item: Leftovers\n|upkeep\n|turn|8\n|inactive|Time left: 300 sec this turn | 300 sec total\n|\n|t:|1783541175\n|switch|p2a: Kingambit|Kingambit, L74, F|270/270\n|-activate|p2a: Kingambit|ability: Supreme Overlord\n|-start|p2a: Kingambit|fallen1|[silent]\n|move|p1a: Kommo-o|Scale Shot|p2a: Kingambit\n|-resisted|p2a: Kingambit\n|-damage|p2a: Kingambit|249/270\n|-resisted|p2a: Kingambit\n|-crit|p2a: Kingambit\n|-damage|p2a: Kingambit|216/270\n|-resisted|p2a: Kingambit\n|-damage|p2a: Kingambit|194/270\n|-resisted|p2a: Kingambit\n|-damage|p2a: Kingambit|174/270\n|-hitcount|p2a: Kingambit|4\n|-unboost|p1a: Kommo-o|def|1\n|-boost|p1a: Kommo-o|spe|1\n|\n|-heal|p2a: Kingambit|190/270|[from] item: Leftovers\n|upkeep\n|turn|9\n|inactive|Time left: 300 sec this turn | 300 sec total\n|\n|t:|1783541176\n|-end|p2a: Kingambit|fallen1|[silent]\n|switch|p2a: Palossand|Palossand, L89, F|116/296\n|move|p1a: Kommo-o|Close Combat|p2a: Palossand\n|-immune|p2a: Palossand\n|\n|-heal|p2a: Palossand|134/296|[from] item: Leftovers\n|upkeep\n|turn|10\n|inactive|Time left: 300 sec this turn | 300 sec total\n|\n|t:|1783541176\n|switch|p2a: Kingambit|Kingambit, L74, F|190/270\n|-activate|p2a: Kingambit|ability: Supreme Overlord\n|-start|p2a: Kingambit|fallen1|[silent]\n|move|p1a: Kommo-o|Scale Shot|p2a: Kingambit\n|-resisted|p2a: Kingambit\n|-damage|p2a: Kingambit|167/270\n|-resisted|p2a: Kingambit\n|-damage|p2a: Kingambit|145/270\n|-resisted|p2a: Kingambit\n|-damage|p2a: Kingambit|123/270\n|-resisted|p2a: Kingambit\n|-damage|p2a: Kingambit|102/270\n|-hitcount|p2a: Kingambit|4\n|-unboost|p1a: Kommo-o|def|1\n|-boost|p1a: Kommo-o|spe|1\n|\n|-heal|p2a: Kingambit|118/270|[from] item: Leftovers\n|upkeep\n|turn|11\n|inactive|Time left: 300 sec this turn | 300 sec total\n|\n|t:|1783541177\n|move|p2a: Kingambit|Sucker Punch|p1a: Kommo-o\n|-resisted|p1a: Kommo-o\n|-damage|p1a: Kommo-o|22/100\n|move|p1a: Kommo-o|Close Combat|p2a: Kingambit\n|-supereffective|p2a: Kingambit\n|-damage|p2a: Kingambit|0 fnt\n|-unboost|p1a: Kommo-o|def|1\n|-unboost|p1a: Kommo-o|spd|1\n|faint|p2a: Kingambit\n|-end|p2a: Kingambit|fallen1|[silent]\n|\n|upkeep\n|inactive|Time left: 300 sec this turn | 300 sec total | 5 sec grace\n|\n|t:|1783541178\n|switch|p2a: Terrakion|Terrakion, L79|273/273\n|turn|12\n|inactive|Time left: 300 sec this turn | 300 sec total\n|\n|t:|1783541179\n|move|p2a: Terrakion|Quick Attack|p1a: Kommo-o\n|-damage|p1a: Kommo-o|0 fnt\n|faint|p1a: Kommo-o\n|\n|upkeep\n|\n|t:|1783541180\n|switch|p1a: Ogerpon|Ogerpon-Cornerstone, L76, F|100/100\n|-activate|p1a: Ogerpon|move: Sticky Web\n|-unboost|p1a: Ogerpon|spe|1\n|turn|13\n|inactive|Time left: 300 sec this turn | 300 sec total\n|\n|t:|1783541181\n|switch|p2a: Palossand|Palossand, L89, F|134/296\n|move|p1a: Ogerpon|Swords Dance|p1a: Ogerpon\n|-boost|p1a: Ogerpon|atk|2\n|\n|-heal|p2a: Palossand|152/296|[from] item: Leftovers\n|upkeep\n|turn|14\n|inactive|Time left: 300 sec this turn | 300 sec total\n|\n|t:|1783541182\n|switch|p2a: Illumise|Illumise, L91, F|266/266\n|move|p1a: Ogerpon|Power Whip|p2a: Illumise\n|-resisted|p2a: Illumise\n|-damage|p2a: Illumise|104/266\n|\n|upkeep\n|turn|15\n|inactive|Time left: 300 sec this turn | 300 sec total\n|\n|t:|1783541183\n|move|p2a: Illumise|Bug Buzz|p1a: Ogerpon\n|-supereffective|p1a: Ogerpon\n|-crit|p1a: Ogerpon\n|-ability|p1a: Ogerpon|Sturdy\n|-damage|p1a: Ogerpon|1/100\n|move|p1a: Ogerpon|Ivy Cudgel|p2a: Illumise|[anim] Ivy Cudgel Rock\n|-supereffective|p2a: Illumise\n|-damage|p2a: Illumise|0 fnt\n|faint|p2a: Illumise\n|\n|upkeep\n|inactive|Time left: 300 sec this turn | 300 sec total | 5 sec grace\n|\n|t:|1783541184\n|switch|p2a: Terrakion|Terrakion, L79|273/273\n|turn|16\n|inactive|Time left: 300 sec this turn | 300 sec total\n|\n|t:|1783541185\n|move|p2a: Terrakion|Earthquake|p1a: Ogerpon\n|-damage|p1a: Ogerpon|0 fnt\n|faint|p1a: Ogerpon\n|\n|upkeep\n|\n|t:|1783541186\n|switch|p1a: Arceus|Arceus-Ghost, L69|100/100\n|-activate|p1a: Arceus|move: Sticky Web\n|-unboost|p1a: Arceus|spe|1\n|turn|17\n|inactive|Time left: 300 sec this turn | 300 sec total\n|\n|t:|1783541187\n|move|p2a: Terrakion|Earthquake|p1a: Arceus\n|-damage|p1a: Arceus|62/100\n|move|p1a: Arceus|Recover|p1a: Arceus\n|-heal|p1a: Arceus|100/100\n|\n|upkeep\n|turn|18\n|inactive|Time left: 300 sec this turn | 300 sec total\n|\n|t:|1783541188\n|move|p2a: Terrakion|Earthquake|p1a: Arceus\n|-damage|p1a: Arceus|59/100\n|move|p1a: Arceus|Recover|p1a: Arceus\n|-heal|p1a: Arceus|100/100\n|\n|upkeep\n|turn|19\n|inactive|Time left: 300 sec this turn | 300 sec total\n|\n|t:|1783541189\n|move|p2a: Terrakion|Earthquake|p1a: Arceus\n|-crit|p1a: Arceus\n|-damage|p1a: Arceus|46/100\n|move|p1a: Arceus|Judgment|p2a: Terrakion\n|-damage|p2a: Terrakion|173/273\n|\n|upkeep\n|turn|20\n|inactive|Time left: 300 sec this turn | 300 sec total\n|\n|t:|1783541191\n|-terastallize|p2a: Terrakion|Ground\n|move|p2a: Terrakion|Earthquake|p1a: Arceus\n|-damage|p1a: Arceus|0 fnt\n|faint|p1a: Arceus\n|\n|upkeep\n|\n|t:|1783541192\n|switch|p1a: Zangoose|Zangoose, L85, F|100/100\n|-activate|p1a: Zangoose|move: Sticky Web\n|-unboost|p1a: Zangoose|spe|1\n|turn|21\n|inactive|Time left: 300 sec this turn | 300 sec total\n|\n|t:|1783541193\n|move|p2a: Terrakion|Earthquake|p1a: Zangoose\n|-damage|p1a: Zangoose|12/100\n|move|p1a: Zangoose|Close Combat|p2a: Terrakion\n|-crit|p2a: Terrakion\n|-damage|p2a: Terrakion|9/273\n|-unboost|p1a: Zangoose|def|1\n|-unboost|p1a: Zangoose|spd|1\n|\n|-status|p1a: Zangoose|tox|[from] item: Toxic Orb\n|upkeep\n|turn|22\n|inactive|Time left: 300 sec this turn | 300 sec total\n|\n|t:|1783541194\n|move|p2a: Terrakion|Earthquake|p1a: Zangoose\n|-damage|p1a: Zangoose|0 fnt\n|faint|p1a: Zangoose\n|\n|upkeep\n|\n|t:|1783541195\n|switch|p1a: Iron Boulder|Iron Boulder, L77|100/100\n|-activate|p1a: Iron Boulder|move: Sticky Web\n|-unboost|p1a: Iron Boulder|spe|1\n|turn|23\n|inactive|Time left: 300 sec this turn | 300 sec total\n|\n|t:|1783541196\n|move|p2a: Terrakion|Earthquake|p1a: Iron Boulder\n|-supereffective|p1a: Iron Boulder\n|-damage|p1a: Iron Boulder|0 fnt\n|faint|p1a: Iron Boulder\n|-end|p1a: Iron Boulder|Quark Drive|[silent]\n|\n|win|p0y141801b", "uploadtime": 1783541196, "views": 0, "rating": 0, "private": 0, "password": null, "_winner": "p0y141801b", "_our_name": "p0y141801b"}