{"id": "battle-gen9randombattle-857", "formatid": "gen9randombattle", "format": "[Gen 9] Random Battle", "players": ["p0x8578c62", "p0y8575f88"], "log": "|init|battle\n|title|p0x8578c62 vs. p0y8575f88\n|j|\u2606p0x8578c62\n|j|\u2606p0y8575f88\n|t:|1783549063\n|gametype|singles\n|player|p1|p0x8578c62|2|\n|player|p2|p0y8575f88|170|\n|gen|9\n|tier|[Gen 9] Random Battle\n|rule|Species Clause: Limit one of each Pok\u00e9mon\n|rule|HP Percentage Mod: HP is shown in percentages\n|rule|Sleep Clause Mod: Limit one foe put to sleep\n|rule|Illusion Level Mod: Illusion disguises the Pok\u00e9mon's true level\n|\n|t:|1783549063\n|teamsize|p1|6\n|teamsize|p2|6\n|start\n|switch|p1a: Bruxish|Bruxish, L85, F|254/254\n|switch|p2a: Piloswine|Piloswine, L85, M|100/100\n|turn|1\n|inactive|Battle timer is ON: inactive players will automatically lose when time's up. (requested by p0x8578c62)\n|\n|t:|1783549064\n|move|p1a: Bruxish|Swords Dance|p1a: Bruxish\n|-boost|p1a: Bruxish|atk|2\n|move|p2a: Piloswine|Earthquake|p1a: Bruxish\n|-damage|p1a: Bruxish|127/254\n|\n|upkeep\n|turn|2\n|inactive|Time left: 300 sec this turn | 300 sec total\n|inactive|p0y8575f88 also wants the timer to be on.\n|\n|t:|1783549066\n|move|p1a: Bruxish|Psychic Fangs|p2a: Piloswine\n|-damage|p2a: Piloswine|12/100\n|-damage|p1a: Bruxish|102/254|[from] item: Life Orb\n|move|p2a: Piloswine|Earthquake|p1a: Bruxish\n|-damage|p1a: Bruxish|0 fnt\n|faint|p1a: Bruxish\n|\n|upkeep\n|inactive|Time left: 300 sec this turn | 300 sec total | 5 sec grace\n|\n|t:|1783549067\n|switch|p1a: Iron Moth|Iron Moth, L78|253/253\n|turn|3\n|inactive|Time left: 300 sec this turn | 300 sec total\n|\n|t:|1783549068\n|move|p1a: Iron Moth|Fire Blast|p2a: Piloswine\n|-supereffective|p2a: Piloswine\n|-damage|p2a: Piloswine|0 fnt\n|faint|p2a: Piloswine\n|\n|upkeep\n|\n|t:|1783549069\n|switch|p2a: Gumshoos|Gumshoos, L95, F|100/100\n|turn|4\n|inactive|Time left: 300 sec this turn | 300 sec total\n|\n|t:|1783549070\n|move|p1a: Iron Moth|Sludge Wave|p2a: Gumshoos\n|-damage|p2a: Gumshoos|57/100\n|move|p2a: Gumshoos|Earthquake|p1a: Iron Moth\n|-supereffective|p1a: Iron Moth\n|-damage|p1a: Iron Moth|0 fnt\n|faint|p1a: Iron Moth\n|-end|p1a: Iron Moth|Quark Drive|[silent]\n|\n|upkeep\n|inactive|Time left: 300 sec this turn | 300 sec total | 5 sec grace\n|\n|t:|1783549071\n|switch|p1a: Trevenant|Trevenant, L89, M|296/296\n|turn|5\n|inactive|Time left: 300 sec this turn | 300 sec total\n|\n|t:|1783549072\n|switch|p2a: Conkeldurr|Conkeldurr, L80, F|100/100\n|move|p1a: Trevenant|Toxic|p2a: Conkeldurr\n|-status|p2a: Conkeldurr|tox\n|\n|-damage|p2a: Conkeldurr|94/100 tox|[from] psn\n|upkeep\n|turn|6\n|inactive|Time left: 300 sec this turn | 300 sec total\n|\n|t:|1783549073\n|move|p1a: Trevenant|Protect|p1a: Trevenant\n|-singleturn|p1a: Trevenant|Protect\n|move|p2a: Conkeldurr|Knock Off|p1a: Trevenant\n|-activate|p1a: Trevenant|move: Protect\n|\n|-damage|p2a: Conkeldurr|82/100 tox|[from] psn\n|upkeep\n|turn|7\n|inactive|Time left: 300 sec this turn | 300 sec total\n|\n|t:|1783549074\n|move|p1a: Trevenant|Drain Punch|p2a: Conkeldurr\n|-damage|p2a: Conkeldurr|62/100 tox\n|move|p2a: Conkeldurr|Knock Off|p1a: Trevenant\n|-supereffective|p1a: Trevenant\n|-damage|p1a: Trevenant|36/296\n|-enditem|p1a: Trevenant|Sitrus Berry|[from] move: Knock Off|[of] p2a: Conkeldurr\n|\n|-damage|p2a: Conkeldurr|44/100 tox|[from] psn\n|upkeep\n|turn|8\n|inactive|Time left: 300 sec this turn | 300 sec total\n|\n|t:|1783549075\n|switch|p2a: Kleavor|Kleavor, L78, M|100/100\n|move|p1a: Trevenant|Poltergeist|p2a: Kleavor\n|-activate|p2a: Kleavor|move: Poltergeist|Choice Scarf\n|-damage|p2a: Kleavor|35/100\n|\n|upkeep\n|turn|9\n|inactive|Time left: 300 sec this turn | 300 sec total\n|\n|t:|1783549077\n|move|p1a: Trevenant|Protect|p1a: Trevenant\n|-singleturn|p1a: Trevenant|Protect\n|move|p2a: Kleavor|Stone Axe|p1a: Trevenant\n|-activate|p1a: Trevenant|move: Protect\n|\n|upkeep\n|turn|10\n|inactive|Time left: 300 sec this turn | 300 sec total\n|\n|t:|1783549078\n|move|p2a: Kleavor|Stone Axe|p1a: Trevenant\n|-damage|p1a: Trevenant|0 fnt\n|-sidestart|p1: p0x8578c62|move: Stealth Rock\n|faint|p1a: Trevenant\n|\n|upkeep\n|inactive|Time left: 300 sec this turn | 300 sec total | 5 sec grace\n|\n|t:|1783549079\n|switch|p1a: Amoonguss|Amoonguss, L82, M|321/321\n|-damage|p1a: Amoonguss|281/321|[from] Stealth Rock\n|turn|11\n|inactive|Time left: 300 sec this turn | 300 sec total\n|\n|t:|1783549080\n|move|p2a: Kleavor|Stone Axe|p1a: Amoonguss\n|-damage|p1a: Amoonguss|148/321\n|-damage|p2a: Kleavor|18/100|[from] item: Rocky Helmet|[of] p1a: Amoonguss\n|move|p1a: Amoonguss|Sludge Bomb|p2a: Kleavor\n|-resisted|p2a: Kleavor\n|-damage|p2a: Kleavor|0 fnt\n|faint|p2a: Kleavor\n|\n|upkeep\n|\n|t:|1783549081\n|switch|p2a: Gumshoos|Gumshoos, L95, F|57/100\n|turn|12\n|inactive|Time left: 300 sec this turn | 300 sec total\n|\n|t:|1783549082\n|switch|p1a: Giratina|Giratina, L75|349/349\n|-damage|p1a: Giratina|306/349|[from] Stealth Rock\n|-ability|p1a: Giratina|Pressure\n|move|p2a: Gumshoos|Earthquake|p1a: Giratina\n|-damage|p1a: Giratina|55/349\n|\n|-heal|p1a: Giratina|76/349|[from] item: Leftovers\n|upkeep\n|turn|13\n|inactive|Time left: 300 sec this turn | 300 sec total\n|\n|t:|1783549083\n|move|p1a: Giratina|Rest|p1a: Giratina\n|-status|p1a: Giratina|slp|[from] move: Rest\n|-heal|p1a: Giratina|349/349 slp|[silent]\n|move|p2a: Gumshoos|Earthquake|p1a: Giratina\n|-damage|p1a: Giratina|229/349 slp\n|\n|-heal|p1a: Giratina|250/349 slp|[from] item: Leftovers\n|upkeep\n|turn|14\n|inactive|Time left: 300 sec this turn | 300 sec total\n|\n|t:|1783549084\n|cant|p1a: Giratina|slp\n|move|p2a: Gumshoos|Earthquake|p1a: Giratina\n|-damage|p1a: Giratina|111/349 slp\n|\n|-heal|p1a: Giratina|132/349 slp|[from] item: Leftovers\n|upkeep\n|turn|15\n|inactive|Time left: 300 sec this turn | 300 sec total\n|\n|t:|1783549085\n|cant|p1a: Giratina|slp\n|move|p2a: Gumshoos|Earthquake|p1a: Giratina\n|-damage|p1a: Giratina|0 fnt\n|faint|p1a: Giratina\n|\n|upkeep\n|inactive|Time left: 300 sec this turn | 300 sec total | 5 sec grace\n|\n|t:|1783549086\n|switch|p1a: Chansey|Chansey, L85, F|564/564\n|-damage|p1a: Chansey|494/564|[from] Stealth Rock\n|turn|16\n|inactive|Time left: 300 sec this turn | 300 sec total\n|\n|t:|1783549087\n|move|p2a: Gumshoos|Earthquake|p1a: Chansey\n|-damage|p1a: Chansey|152/564\n|move|p1a: Chansey|Thunder Wave|p2a: Gumshoos\n|-status|p2a: Gumshoos|par\n|\n|upkeep\n|turn|17\n|inactive|Time left: 300 sec this turn | 300 sec total\n|\n|t:|1783549088\n|move|p1a: Chansey|Soft-Boiled|p1a: Chansey\n|-heal|p1a: Chansey|434/564\n|move|p2a: Gumshoos|Earthquake|p1a: Chansey\n|-damage|p1a: Chansey|100/564\n|\n|upkeep\n|turn|18\n|inactive|Time left: 300 sec this turn | 300 sec total\n|\n|t:|1783549089\n|move|p1a: Chansey|Soft-Boiled|p1a: Chansey\n|-heal|p1a: Chansey|382/564\n|move|p2a: Gumshoos|Earthquake|p1a: Chansey\n|-damage|p1a: Chansey|14/564\n|\n|upkeep\n|turn|19\n|inactive|Time left: 300 sec this turn | 300 sec total\n|\n|t:|1783549090\n|move|p1a: Chansey|Stealth Rock|p2a: Gumshoos\n|-sidestart|p2: p0y8575f88|move: Stealth Rock\n|move|p2a: Gumshoos|Earthquake|p1a: Chansey\n|-damage|p1a: Chansey|0 fnt\n|faint|p1a: Chansey\n|\n|upkeep\n|inactive|Time left: 300 sec this turn | 300 sec total | 5 sec grace\n|\n|t:|1783549091\n|switch|p1a: Amoonguss|Amoonguss, L82, M|255/321\n|-damage|p1a: Amoonguss|215/321|[from] Stealth Rock\n|turn|20\n|inactive|Time left: 300 sec this turn | 300 sec total\n|\n|t:|1783549092\n|move|p1a: Amoonguss|Giga Drain|p2a: Gumshoos\n|-damage|p2a: Gumshoos|33/100 par\n|-heal|p1a: Amoonguss|253/321|[from] drain|[of] p2a: Gumshoos\n|move|p2a: Gumshoos|Earthquake|p1a: Amoonguss\n|-crit|p1a: Amoonguss\n|-damage|p1a: Amoonguss|0 fnt\n|faint|p1a: Amoonguss\n|\n|win|p0y8575f88", "uploadtime": 1783549092, "views": 0, "rating": 0, "private": 0, "password": null, "_winner": "p0y8575f88", "_our_name": "p0x8578c62"}