{"id": "battle-gen9randombattle-1395", "formatid": "gen9randombattle", "format": "[Gen 9] Random Battle", "players": ["p0x1395a105", "p0y13950cf6"], "log": "|init|battle\n|title|p0x1395a105 vs. p0y13950cf6\n|j|\u2606p0x1395a105\n|j|\u2606p0y13950cf6\n|t:|1783555294\n|gametype|singles\n|player|p1|p0x1395a105|2|\n|player|p2|p0y13950cf6|265|\n|gen|9\n|tier|[Gen 9] Random Battle\n|rule|Species Clause: Limit one of each Pok\u00e9mon\n|rule|HP Percentage Mod: HP is shown in percentages\n|rule|Sleep Clause Mod: Limit one foe put to sleep\n|rule|Illusion Level Mod: Illusion disguises the Pok\u00e9mon's true level\n|\n|t:|1783555294\n|teamsize|p1|6\n|teamsize|p2|6\n|start\n|switch|p1a: Pelipper|Pelipper, L86, M|100/100\n|switch|p2a: Shaymin|Shaymin, L82|298/298\n|-weather|RainDance|[from] ability: Drizzle|[of] p1a: Pelipper\n|turn|1\n|inactive|Battle timer is ON: inactive players will automatically lose when time's up. (requested by p0y13950cf6)\n|inactive|p0x1395a105 also wants the timer to be on.\n|\n|t:|1783555295\n|move|p2a: Shaymin|Seed Flare|p1a: Pelipper|[miss]\n|-miss|p2a: Shaymin|p1a: Pelipper\n|move|p1a: Pelipper|Hurricane|p2a: Shaymin\n|-supereffective|p2a: Shaymin\n|-damage|p2a: Shaymin|0 fnt\n|faint|p2a: Shaymin\n|\n|-weather|RainDance|[upkeep]\n|upkeep\n|inactive|Time left: 300 sec this turn | 300 sec total | 65 sec grace\n|\n|t:|1783555296\n|switch|p2a: Groudon|Groudon, L72|263/263\n|-weather|SunnyDay|[from] ability: Drought|[of] p2a: Groudon\n|turn|2\n|inactive|Time left: 300 sec this turn | 300 sec total\n|\n|t:|1783555297\n|move|p2a: Groudon|Heat Crash|p1a: Pelipper\n|-resisted|p1a: Pelipper\n|-damage|p1a: Pelipper|75/100\n|move|p1a: Pelipper|Hurricane|p2a: Groudon\n|-damage|p2a: Groudon|58/263\n|\n|-weather|SunnyDay|[upkeep]\n|-heal|p2a: Groudon|74/263|[from] item: Leftovers\n|upkeep\n|turn|3\n|inactive|Time left: 300 sec this turn | 300 sec total\n|\n|t:|1783555299\n|move|p2a: Groudon|Spikes|p1a: Pelipper\n|-sidestart|p1: p0x1395a105|Spikes\n|move|p1a: Pelipper|Hurricane|p2a: Groudon\n|-damage|p2a: Groudon|0 fnt\n|faint|p2a: Groudon\n|\n|-weather|SunnyDay|[upkeep]\n|upkeep\n|inactive|Time left: 300 sec this turn | 300 sec total | 5 sec grace\n|\n|t:|1783555299\n|switch|p2a: Manaphy|Manaphy, L78|284/284\n|turn|4\n|inactive|Time left: 300 sec this turn | 300 sec total\n|\n|t:|1783555300\n|move|p2a: Manaphy|Tail Glow|p2a: Manaphy\n|-boost|p2a: Manaphy|spa|3\n|move|p1a: Pelipper|Hurricane|p2a: Manaphy\n|-damage|p2a: Manaphy|94/284\n|\n|-weather|SunnyDay|[upkeep]\n|-heal|p2a: Manaphy|111/284|[from] item: Leftovers\n|upkeep\n|turn|5\n|inactive|Time left: 300 sec this turn | 300 sec total\n|\n|t:|1783555301\n|move|p2a: Manaphy|Ice Beam|p1a: Pelipper\n|-crit|p1a: Pelipper\n|-damage|p1a: Pelipper|0 fnt\n|faint|p1a: Pelipper\n|\n|-weather|SunnyDay|[upkeep]\n|-heal|p2a: Manaphy|128/284|[from] item: Leftovers\n|upkeep\n|\n|t:|1783555302\n|switch|p1a: Spidops|Spidops, L96, F|100/100\n|turn|6\n|inactive|Time left: 300 sec this turn | 300 sec total\n|\n|t:|1783555304\n|move|p2a: Manaphy|Ice Beam|p1a: Spidops\n|-damage|p1a: Spidops|55/100\n|move|p1a: Spidops|Circle Throw|p2a: Manaphy\n|-damage|p2a: Manaphy|78/284\n|drag|p2a: Bronzong|Bronzong, L88|261/261\n|\n|-weather|none\n|upkeep\n|turn|7\n|inactive|Time left: 300 sec this turn | 300 sec total\n|\n|t:|1783555305\n|move|p1a: Spidops|Sticky Web|p2a: Bronzong\n|-sidestart|p2: p0y13950cf6|move: Sticky Web\n|move|p2a: Bronzong|Iron Head|p1a: Spidops\n|-crit|p1a: Spidops\n|-damage|p1a: Spidops|15/100\n|\n|upkeep\n|turn|8\n|inactive|Time left: 300 sec this turn | 300 sec total\n|\n|t:|1783555306\n|switch|p1a: Misdreavus|Misdreavus, L90, M|100/100\n|move|p2a: Bronzong|Psychic Noise|p1a: Misdreavus\n|-damage|p1a: Misdreavus|80/100\n|-start|p1a: Misdreavus|move: Heal Block\n|\n|upkeep\n|turn|9\n|inactive|Time left: 300 sec this turn | 300 sec total\n|\n|t:|1783555307\n|move|p1a: Misdreavus|Shadow Ball|p2a: Bronzong\n|-supereffective|p2a: Bronzong\n|-damage|p2a: Bronzong|129/261\n|move|p2a: Bronzong|Iron Head|p1a: Misdreavus\n|-damage|p1a: Misdreavus|52/100\n|\n|-heal|p2a: Bronzong|145/261|[from] item: Leftovers\n|-end|p1a: Misdreavus|move: Heal Block\n|upkeep\n|turn|10\n|inactive|Time left: 300 sec this turn | 300 sec total\n|\n|t:|1783555308\n|move|p1a: Misdreavus|Shadow Ball|p2a: Bronzong\n|-supereffective|p2a: Bronzong\n|-damage|p2a: Bronzong|5/261\n|-unboost|p2a: Bronzong|spd|1\n|move|p2a: Bronzong|Iron Head|p1a: Misdreavus\n|-damage|p1a: Misdreavus|24/100\n|\n|-heal|p2a: Bronzong|21/261|[from] item: Leftovers\n|upkeep\n|turn|11\n|inactive|Time left: 300 sec this turn | 300 sec total\n|\n|t:|1783555310\n|move|p1a: Misdreavus|Shadow Ball|p2a: Bronzong\n|-supereffective|p2a: Bronzong\n|-damage|p2a: Bronzong|0 fnt\n|faint|p2a: Bronzong\n|\n|upkeep\n|inactive|Time left: 300 sec this turn | 300 sec total | 5 sec grace\n|\n|t:|1783555311\n|switch|p2a: Cinderace|Cinderace, L77, F|249/249\n|turn|12\n|inactive|Time left: 300 sec this turn | 300 sec total\n|\n|t:|1783555312\n|move|p2a: Cinderace|Pyro Ball|p1a: Misdreavus\n|-damage|p1a: Misdreavus|0 fnt\n|faint|p1a: Misdreavus\n|\n|upkeep\n|\n|t:|1783555313\n|switch|p1a: Wyrdeer|Wyrdeer, L87, M|100/100\n|-damage|p1a: Wyrdeer|88/100|[from] Spikes\n|-ability|p1a: Wyrdeer|Intimidate|boost\n|-unboost|p2a: Cinderace|atk|1\n|turn|13\n|inactive|Time left: 300 sec this turn | 300 sec total\n|\n|t:|1783555314\n|move|p2a: Cinderace|U-turn|p1a: Wyrdeer\n|-start|p2a: Cinderace|typechange|Bug|[from] ability: Libero\n|-supereffective|p1a: Wyrdeer\n|-damage|p1a: Wyrdeer|56/100\n|inactive|Time left: 300 sec this turn | 300 sec total | 5 sec grace\n|\n|t:|1783555315\n|switch|p2a: Manaphy|Manaphy, L78|78/284|[from] U-turn\n|-activate|p2a: Manaphy|move: Sticky Web\n|-unboost|p2a: Manaphy|spe|1\n|move|p1a: Wyrdeer|Psychic Noise|p2a: Manaphy\n|-damage|p2a: Manaphy|0 fnt\n|faint|p2a: Manaphy\n|\n|-heal|p1a: Wyrdeer|62/100|[from] item: Leftovers\n|upkeep\n|inactive|Time left: 300 sec this turn | 300 sec total | 10 sec grace\n|\n|t:|1783555315\n|switch|p2a: Malamar|Malamar, L82, F|275/275\n|-activate|p2a: Malamar|move: Sticky Web\n|-boost|p2a: Malamar|spe|1\n|turn|14\n|inactive|Time left: 300 sec this turn | 300 sec total\n|\n|t:|1783555316\n|move|p2a: Malamar|Superpower|p1a: Wyrdeer\n|-crit|p1a: Wyrdeer\n|-damage|p1a: Wyrdeer|20/100\n|-boost|p2a: Malamar|atk|1\n|-boost|p2a: Malamar|def|1\n|move|p1a: Wyrdeer|Body Slam|p2a: Malamar\n|-damage|p2a: Malamar|206/275\n|\n|-heal|p2a: Malamar|223/275|[from] item: Leftovers\n|-heal|p1a: Wyrdeer|27/100|[from] item: Leftovers\n|upkeep\n|turn|15\n|inactive|Time left: 300 sec this turn | 300 sec total\n|\n|t:|1783555317\n|move|p2a: Malamar|Superpower|p1a: Wyrdeer\n|-crit|p1a: Wyrdeer\n|-damage|p1a: Wyrdeer|0 fnt\n|-boost|p2a: Malamar|atk|1\n|-boost|p2a: Malamar|def|1\n|faint|p1a: Wyrdeer\n|\n|-heal|p2a: Malamar|240/275|[from] item: Leftovers\n|upkeep\n|\n|t:|1783555318\n|switch|p1a: Spidops|Spidops, L96, F|15/100\n|turn|16\n|inactive|Time left: 300 sec this turn | 300 sec total\n|\n|t:|1783555319\n|-terastallize|p1a: Spidops|Ghost\n|move|p2a: Malamar|Knock Off|p1a: Spidops\n|-supereffective|p1a: Spidops\n|-damage|p1a: Spidops|0 fnt\n|-enditem|p1a: Spidops|Heavy-Duty Boots|[from] move: Knock Off|[of] p2a: Malamar\n|faint|p1a: Spidops\n|\n|-heal|p2a: Malamar|257/275|[from] item: Leftovers\n|upkeep\n|\n|t:|1783555320\n|switch|p1a: Dunsparce|Dunsparce, L86, M|100/100\n|-damage|p1a: Dunsparce|88/100|[from] Spikes\n|turn|17\n|inactive|Time left: 300 sec this turn | 300 sec total\n|\n|t:|1783555321\n|-terastallize|p2a: Malamar|Fighting\n|move|p2a: Malamar|Superpower|p1a: Dunsparce\n|-supereffective|p1a: Dunsparce\n|-damage|p1a: Dunsparce|0 fnt\n|-boost|p2a: Malamar|atk|1\n|-boost|p2a: Malamar|def|1\n|faint|p1a: Dunsparce\n|\n|-heal|p2a: Malamar|274/275|[from] item: Leftovers\n|upkeep\n|\n|t:|1783555322\n|switch|p1a: Samurott|Samurott-Hisui, L77, F|100/100\n|-damage|p1a: Samurott|88/100|[from] Spikes\n|turn|18\n|inactive|Time left: 300 sec this turn | 300 sec total\n|\n|t:|1783555323\n|move|p2a: Malamar|Superpower|p1a: Samurott\n|-supereffective|p1a: Samurott\n|-damage|p1a: Samurott|0 fnt\n|-boost|p2a: Malamar|atk|1\n|-boost|p2a: Malamar|def|1\n|faint|p1a: Samurott\n|\n|win|p0y13950cf6", "uploadtime": 1783555323, "views": 0, "rating": 0, "private": 0, "password": null, "_winner": "p0y13950cf6", "_our_name": "p0y13950cf6"}