{"id": "battle-gen9randombattle-515", "formatid": "gen9randombattle", "format": "[Gen 9] Random Battle", "players": ["p0x515b921", "p0y515729e"], "log": "|init|battle\n|title|p0x515b921 vs. p0y515729e\n|j|\u2606p0x515b921\n|j|\u2606p0y515729e\n|t:|1783545024\n|gametype|singles\n|player|p1|p0x515b921|265|\n|player|p2|p0y515729e|266|\n|gen|9\n|tier|[Gen 9] Random Battle\n|rule|Species Clause: Limit one of each Pok\u00e9mon\n|rule|HP Percentage Mod: HP is shown in percentages\n|rule|Sleep Clause Mod: Limit one foe put to sleep\n|rule|Illusion Level Mod: Illusion disguises the Pok\u00e9mon's true level\n|\n|t:|1783545024\n|teamsize|p1|6\n|teamsize|p2|6\n|start\n|switch|p1a: Moltres|Moltres-Galar, L79|100/100\n|switch|p2a: Furret|Furret, L94, F|312/312\n|-item|p1a: Moltres|Weakness Policy|[from] ability: Frisk|[of] p2a: Furret\n|turn|1\n|inactive|Battle timer is ON: inactive players will automatically lose when time's up. (requested by p0y515729e)\n|inactive|p0x515b921 also wants the timer to be on.\n|\n|t:|1783545026\n|move|p2a: Furret|Double-Edge|p1a: Moltres\n|-damage|p1a: Moltres|25/100\n|-damage|p2a: Furret|244/312|[from] Recoil\n|-ability|p1a: Moltres|Berserk|boost\n|-boost|p1a: Moltres|spa|1\n|move|p1a: Moltres|Hurricane|p2a: Furret\n|-damage|p2a: Furret|58/312\n|\n|upkeep\n|turn|2\n|inactive|Time left: 300 sec this turn | 300 sec total\n|\n|t:|1783545027\n|switch|p1a: Mimikyu|Mimikyu, L79, M|100/100\n|move|p2a: Furret|Double-Edge|p1a: Mimikyu\n|-immune|p1a: Mimikyu\n|\n|upkeep\n|turn|3\n|inactive|Time left: 300 sec this turn | 300 sec total\n|\n|t:|1783545028\n|move|p2a: Furret|Double-Edge|p1a: Mimikyu\n|-immune|p1a: Mimikyu\n|move|p1a: Mimikyu|Swords Dance|p1a: Mimikyu\n|-boost|p1a: Mimikyu|atk|2\n|\n|upkeep\n|turn|4\n|inactive|Time left: 300 sec this turn | 300 sec total\n|\n|t:|1783545029\n|move|p2a: Furret|Double-Edge|p1a: Mimikyu\n|-immune|p1a: Mimikyu\n|move|p1a: Mimikyu|Play Rough|p2a: Furret\n|-damage|p2a: Furret|0 fnt\n|faint|p2a: Furret\n|-damage|p1a: Mimikyu|91/100|[from] item: Life Orb\n|\n|upkeep\n|inactive|Time left: 300 sec this turn | 300 sec total | 5 sec grace\n|\n|t:|1783545030\n|switch|p2a: Meowstic|Meowstic, L89, M|277/277\n|turn|5\n|inactive|Time left: 300 sec this turn | 300 sec total\n|\n|t:|1783545031\n|move|p2a: Meowstic|Reflect|p2a: Meowstic\n|-sidestart|p2: p0y515729e|Reflect\n|move|p1a: Mimikyu|Shadow Claw|p2a: Meowstic\n|-supereffective|p2a: Meowstic\n|-damage|p2a: Meowstic|92/277\n|-damage|p1a: Mimikyu|81/100|[from] item: Life Orb\n|\n|upkeep\n|turn|6\n|inactive|Time left: 300 sec this turn | 300 sec total\n|\n|t:|1783545033\n|move|p2a: Meowstic|Light Screen|p2a: Meowstic\n|-sidestart|p2: p0y515729e|move: Light Screen\n|move|p1a: Mimikyu|Shadow Claw|p2a: Meowstic\n|-supereffective|p2a: Meowstic\n|-damage|p2a: Meowstic|0 fnt\n|faint|p2a: Meowstic\n|-damage|p1a: Mimikyu|71/100|[from] item: Life Orb\n|\n|upkeep\n|inactive|Time left: 300 sec this turn | 300 sec total | 5 sec grace\n|\n|t:|1783545033\n|switch|p2a: Indeedee|Indeedee, L84, M|238/238\n|-fieldstart|move: Psychic Terrain|[from] ability: Psychic Surge|[of] p2a: Indeedee\n|turn|7\n|inactive|Time left: 300 sec this turn | 300 sec total\n|\n|t:|1783545035\n|move|p2a: Indeedee|Expanding Force|p1a: Mimikyu\n|-activate|p1a: Mimikyu|ability: Disguise\n|-damage|p1a: Mimikyu|71/100\n|detailschange|p1a: Mimikyu|Mimikyu-Busted, L79, M\n|-damage|p1a: Mimikyu|59/100|[from] pokemon: Mimikyu-Busted\n|move|p1a: Mimikyu|Play Rough|p2a: Indeedee\n|-damage|p2a: Indeedee|100/238\n|-damage|p1a: Mimikyu|49/100|[from] item: Life Orb\n|\n|upkeep\n|turn|8\n|inactive|Time left: 300 sec this turn | 300 sec total\n|\n|t:|1783545036\n|switch|p1a: Meowscarada|Meowscarada, L78, M|100/100\n|move|p2a: Indeedee|Expanding Force|p1a: Meowscarada\n|-immune|p1a: Meowscarada\n|\n|upkeep\n|turn|9\n|inactive|Time left: 300 sec this turn | 300 sec total\n|\n|t:|1783545036\n|switch|p2a: Cobalion|Cobalion, L80|277/277\n|move|p1a: Meowscarada|Triple Axel|p2a: Cobalion\n|-start|p1a: Meowscarada|typechange|Ice|[from] ability: Protean\n|-resisted|p2a: Cobalion\n|-crit|p2a: Cobalion\n|-damage|p2a: Cobalion|260/277\n|-resisted|p2a: Cobalion\n|-damage|p2a: Cobalion|249/277\n|-resisted|p2a: Cobalion\n|-damage|p2a: Cobalion|235/277\n|-hitcount|p2a: Cobalion|3\n|-damage|p1a: Meowscarada|91/100|[from] item: Life Orb\n|\n|upkeep\n|turn|10\n|inactive|Time left: 300 sec this turn | 300 sec total\n|\n|t:|1783545037\n|switch|p1a: Arboliva|Arboliva, L91, M|100/100\n|move|p2a: Cobalion|Swords Dance|p2a: Cobalion\n|-boost|p2a: Cobalion|atk|2\n|\n|upkeep\n|turn|11\n|inactive|Time left: 300 sec this turn | 300 sec total\n|\n|t:|1783545038\n|-terastallize|p1a: Arboliva|Poison\n|move|p2a: Cobalion|Close Combat|p1a: Arboliva\n|-resisted|p1a: Arboliva\n|-damage|p1a: Arboliva|57/100\n|-unboost|p2a: Cobalion|def|1\n|-unboost|p2a: Cobalion|spd|1\n|-fieldstart|move: Grassy Terrain|[from] ability: Seed Sower|[of] p1a: Arboliva\n|-damage|p2a: Cobalion|208/277|[from] item: Life Orb\n|move|p1a: Arboliva|Strength Sap|p2a: Cobalion\n|-unboost|p2a: Cobalion|atk|1\n|-heal|p1a: Arboliva|100/100\n|\n|-heal|p2a: Cobalion|225/277|[from] Grassy Terrain\n|upkeep\n|turn|12\n|inactive|Time left: 300 sec this turn | 300 sec total\n|\n|t:|1783545039\n|move|p2a: Cobalion|Swords Dance|p2a: Cobalion\n|-boost|p2a: Cobalion|atk|2\n|move|p1a: Arboliva|Earth Power|p2a: Cobalion\n|-supereffective|p2a: Cobalion\n|-damage|p2a: Cobalion|51/277\n|\n|-heal|p2a: Cobalion|68/277|[from] Grassy Terrain\n|-sideend|p2: p0y515729e|Reflect\n|upkeep\n|turn|13\n|inactive|Time left: 300 sec this turn | 300 sec total\n|\n|t:|1783545040\n|move|p2a: Cobalion|Iron Head|p1a: Arboliva\n|-damage|p1a: Arboliva|26/100\n|-damage|p2a: Cobalion|41/277|[from] item: Life Orb\n|cant|p1a: Arboliva|flinch\n|\n|-heal|p2a: Cobalion|58/277|[from] Grassy Terrain\n|-heal|p1a: Arboliva|32/100|[from] Grassy Terrain\n|-heal|p1a: Arboliva|38/100|[from] item: Leftovers\n|-sideend|p2: p0y515729e|move: Light Screen\n|upkeep\n|turn|14\n|inactive|Time left: 300 sec this turn | 300 sec total\n|\n|t:|1783545040\n|switch|p1a: Moltres|Moltres-Galar, L79|25/100\n|move|p2a: Cobalion|Iron Head|p1a: Moltres\n|-damage|p1a: Moltres|0 fnt\n|faint|p1a: Moltres\n|-damage|p2a: Cobalion|31/277|[from] item: Life Orb\n|\n|-heal|p2a: Cobalion|48/277|[from] Grassy Terrain\n|upkeep\n|\n|t:|1783545041\n|switch|p1a: Meowscarada|Meowscarada, L78, M|91/100\n|turn|15\n|inactive|Time left: 300 sec this turn | 300 sec total\n|\n|t:|1783545042\n|switch|p2a: Orthworm|Orthworm, L88, F|266/266\n|move|p1a: Meowscarada|Flower Trick|p2a: Orthworm\n|-start|p1a: Meowscarada|typechange|Grass|[from] ability: Protean\n|-resisted|p2a: Orthworm\n|-crit|p2a: Orthworm\n|-damage|p2a: Orthworm|210/266\n|-damage|p1a: Meowscarada|81/100|[from] item: Life Orb\n|\n|-heal|p1a: Meowscarada|87/100|[from] Grassy Terrain\n|-heal|p2a: Orthworm|226/266|[from] Grassy Terrain\n|-fieldend|move: Grassy Terrain\n|upkeep\n|turn|16\n|inactive|Time left: 300 sec this turn | 300 sec total\n|\n|t:|1783545043\n|switch|p1a: Arceus|Arceus-Water, L71|100/100\n|move|p2a: Orthworm|Coil|p2a: Orthworm\n|-boost|p2a: Orthworm|atk|1\n|-boost|p2a: Orthworm|def|1\n|-boost|p2a: Orthworm|accuracy|1\n|\n|upkeep\n|turn|17\n|inactive|Time left: 300 sec this turn | 300 sec total\n|\n|t:|1783545044\n|move|p1a: Arceus|Judgment|p2a: Orthworm\n|-damage|p2a: Orthworm|88/266\n|move|p2a: Orthworm|Rest|p2a: Orthworm\n|-status|p2a: Orthworm|slp|[from] move: Rest\n|-heal|p2a: Orthworm|266/266 slp|[silent]\n|-enditem|p2a: Orthworm|Chesto Berry|[eat]\n|-curestatus|p2a: Orthworm|slp|[msg]\n|\n|upkeep\n|turn|18\n|inactive|Time left: 300 sec this turn | 300 sec total\n|\n|t:|1783545045\n|move|p1a: Arceus|Judgment|p2a: Orthworm\n|-damage|p2a: Orthworm|127/266\n|move|p2a: Orthworm|Body Press|p1a: Arceus\n|-damage|p1a: Arceus|62/100\n|\n|upkeep\n|turn|19\n|inactive|Time left: 300 sec this turn | 300 sec total\n|\n|t:|1783545046\n|move|p1a: Arceus|Judgment|p2a: Orthworm\n|-damage|p2a: Orthworm|0 fnt\n|faint|p2a: Orthworm\n|\n|upkeep\n|inactive|Time left: 300 sec this turn | 300 sec total | 5 sec grace\n|\n|t:|1783545047\n|switch|p2a: Electrode|Electrode, L92|260/260\n|turn|20\n|inactive|Time left: 300 sec this turn | 300 sec total\n|\n|t:|1783545048\n|switch|p1a: Blissey|Blissey, L85, F|100/100\n|move|p2a: Electrode|Thunderbolt|p1a: Blissey\n|-damage|p1a: Blissey|88/100\n|\n|-heal|p1a: Blissey|95/100|[from] item: Leftovers\n|upkeep\n|turn|21\n|inactive|Time left: 300 sec this turn | 300 sec total\n|\n|t:|1783545049\n|move|p2a: Electrode|Thunder Wave|p1a: Blissey\n|-status|p1a: Blissey|par\n|move|p1a: Blissey|Seismic Toss|p2a: Electrode\n|-damage|p2a: Electrode|175/260\n|\n|-heal|p1a: Blissey|100/100 par|[from] item: Leftovers\n|upkeep\n|turn|22\n|inactive|Time left: 300 sec this turn | 300 sec total\n|\n|t:|1783545051\n|move|p2a: Electrode|Thunderbolt|p1a: Blissey\n|-damage|p1a: Blissey|88/100 par\n|move|p1a: Blissey|Seismic Toss|p2a: Electrode\n|-damage|p2a: Electrode|90/260\n|\n|-heal|p1a: Blissey|94/100 par|[from] item: Leftovers\n|upkeep\n|turn|23\n|inactive|Time left: 300 sec this turn | 300 sec total\n|\n|t:|1783545052\n|move|p2a: Electrode|Thunderbolt|p1a: Blissey\n|-damage|p1a: Blissey|82/100 par\n|move|p1a: Blissey|Seismic Toss|p2a: Electrode\n|-damage|p2a: Electrode|5/260\n|\n|-heal|p1a: Blissey|88/100 par|[from] item: Leftovers\n|upkeep\n|turn|24\n|inactive|Time left: 300 sec this turn | 300 sec total\n|\n|t:|1783545053\n|move|p2a: Electrode|Volt Switch|p1a: Blissey\n|-damage|p1a: Blissey|79/100 par\n|inactive|Time left: 300 sec this turn | 300 sec total | 5 sec grace\n|\n|t:|1783545055\n|switch|p2a: Indeedee|Indeedee, L84, M|100/238|[from] Volt Switch\n|-fieldstart|move: Psychic Terrain|[from] ability: Psychic Surge|[of] p2a: Indeedee\n|move|p1a: Blissey|Seismic Toss|p2a: Indeedee\n|-damage|p2a: Indeedee|15/238\n|\n|-heal|p1a: Blissey|85/100 par|[from] item: Leftovers\n|upkeep\n|turn|25\n|inactive|Time left: 300 sec this turn | 300 sec total\n|\n|t:|1783545056\n|move|p2a: Indeedee|Expanding Force|p1a: Blissey\n|-crit|p1a: Blissey\n|-damage|p1a: Blissey|35/100 par\n|move|p1a: Blissey|Seismic Toss|p2a: Indeedee\n|-damage|p2a: Indeedee|0 fnt\n|faint|p2a: Indeedee\n|\n|-heal|p1a: Blissey|41/100 par|[from] item: Leftovers\n|upkeep\n|inactive|Time left: 300 sec this turn | 300 sec total | 5 sec grace\n|\n|t:|1783545057\n|switch|p2a: Cobalion|Cobalion, L80|48/277\n|turn|26\n|inactive|Time left: 300 sec this turn | 300 sec total\n|\n|t:|1783545058\n|move|p2a: Cobalion|Close Combat|p1a: Blissey\n|-supereffective|p1a: Blissey\n|-damage|p1a: Blissey|0 fnt\n|-unboost|p2a: Cobalion|def|1\n|-unboost|p2a: Cobalion|spd|1\n|faint|p1a: Blissey\n|-damage|p2a: Cobalion|21/277|[from] item: Life Orb\n|\n|upkeep\n|\n|t:|1783545059\n|switch|p1a: Meowscarada|Meowscarada, L78, M|87/100\n|turn|27\n|inactive|Time left: 300 sec this turn | 300 sec total\n|\n|t:|1783545060\n|-terastallize|p2a: Cobalion|Fighting\n|move|p1a: Meowscarada|Knock Off|p2a: Cobalion\n|-start|p1a: Meowscarada|typechange|Dark|[from] ability: Protean\n|-resisted|p2a: Cobalion\n|-damage|p2a: Cobalion|0 fnt\n|-enditem|p2a: Cobalion|Life Orb|[from] move: Knock Off|[of] p1a: Meowscarada\n|faint|p2a: Cobalion\n|-damage|p1a: Meowscarada|77/100|[from] item: Life Orb\n|\n|upkeep\n|inactive|Time left: 300 sec this turn | 300 sec total | 5 sec grace\n|\n|t:|1783545061\n|switch|p2a: Electrode|Electrode, L92|5/260\n|turn|28\n|inactive|Time left: 300 sec this turn | 300 sec total\n|\n|t:|1783545062\n|move|p2a: Electrode|Thunder Wave|p1a: Meowscarada\n|-status|p1a: Meowscarada|par\n|move|p1a: Meowscarada|Flower Trick|p2a: Electrode\n|-crit|p2a: Electrode\n|-damage|p2a: Electrode|0 fnt\n|faint|p2a: Electrode\n|-damage|p1a: Meowscarada|68/100 par|[from] item: Life Orb\n|\n|win|p0x515b921", "uploadtime": 1783545062, "views": 0, "rating": 0, "private": 0, "password": null, "_winner": "p0x515b921", "_our_name": "p0y515729e"}