{"id": "battle-gen9randombattle-1624", "formatid": "gen9randombattle", "format": "[Gen 9] Random Battle", "players": ["p0x1624eca7", "p0y16245769"], "log": "|init|battle\n|title|p0x1624eca7 vs. p0y16245769\n|j|\u2606p0x1624eca7\n|j|\u2606p0y16245769\n|t:|1783558031\n|gametype|singles\n|player|p1|p0x1624eca7|170|\n|player|p2|p0y16245769|169|\n|gen|9\n|tier|[Gen 9] Random Battle\n|rule|Species Clause: Limit one of each Pok\u00e9mon\n|rule|HP Percentage Mod: HP is shown in percentages\n|rule|Sleep Clause Mod: Limit one foe put to sleep\n|rule|Illusion Level Mod: Illusion disguises the Pok\u00e9mon's true level\n|\n|t:|1783558031\n|teamsize|p1|6\n|teamsize|p2|6\n|start\n|switch|p1a: Heatran|Heatran, L79, M|100/100\n|switch|p2a: Rillaboom|Rillaboom, L79, M|288/288\n|-fieldstart|move: Grassy Terrain|[from] ability: Grassy Surge|[of] p2a: Rillaboom\n|-item|p1a: Heatran|Air Balloon\n|turn|1\n|inactive|Battle timer is ON: inactive players will automatically lose when time's up. (requested by p0y16245769)\n|inactive|p0x1624eca7 also wants the timer to be on.\n|\n|t:|1783558033\n|switch|p2a: Walking Wake|Walking Wake, L79|286/286\n|move|p1a: Heatran|Lava Plume|p2a: Walking Wake\n|-resisted|p2a: Walking Wake\n|-damage|p2a: Walking Wake|260/286\n|-status|p2a: Walking Wake|brn\n|\n|-heal|p2a: Walking Wake|277/286 brn|[from] Grassy Terrain\n|-damage|p2a: Walking Wake|260/286 brn|[from] brn\n|upkeep\n|turn|2\n|inactive|Time left: 300 sec this turn | 300 sec total\n|\n|t:|1783558034\n|move|p2a: Walking Wake|Hydro Pump|p1a: Heatran\n|-supereffective|p1a: Heatran\n|-damage|p1a: Heatran|0 fnt\n|-enditem|p1a: Heatran|Air Balloon\n|faint|p1a: Heatran\n|\n|-heal|p2a: Walking Wake|277/286 brn|[from] Grassy Terrain\n|-damage|p2a: Walking Wake|260/286 brn|[from] brn\n|upkeep\n|\n|t:|1783558035\n|switch|p1a: Grafaiai|Grafaiai, L86, F|100/100\n|turn|3\n|inactive|Time left: 300 sec this turn | 300 sec total\n|\n|t:|1783558036\n|move|p1a: Grafaiai|Super Fang|p2a: Walking Wake\n|-damage|p2a: Walking Wake|130/286 brn\n|move|p2a: Walking Wake|Hydro Pump|p1a: Grafaiai\n|-damage|p1a: Grafaiai|45/100\n|\n|-heal|p1a: Grafaiai|51/100|[from] Grassy Terrain\n|-heal|p2a: Walking Wake|147/286 brn|[from] Grassy Terrain\n|-damage|p2a: Walking Wake|130/286 brn|[from] brn\n|upkeep\n|turn|4\n|inactive|Time left: 300 sec this turn | 300 sec total\n|\n|t:|1783558037\n|move|p1a: Grafaiai|Gunk Shot|p2a: Walking Wake\n|-damage|p2a: Walking Wake|0 fnt\n|faint|p2a: Walking Wake\n|-end|p2a: Walking Wake|Protosynthesis|[silent]\n|\n|-heal|p1a: Grafaiai|57/100|[from] Grassy Terrain\n|upkeep\n|inactive|Time left: 300 sec this turn | 300 sec total | 5 sec grace\n|\n|t:|1783558038\n|switch|p2a: Vikavolt|Vikavolt, L83, F|263/263\n|turn|5\n|inactive|Time left: 300 sec this turn | 300 sec total\n|\n|t:|1783558039\n|move|p1a: Grafaiai|Gunk Shot|p2a: Vikavolt\n|-damage|p2a: Vikavolt|128/263\n|move|p2a: Vikavolt|Sticky Web|p1a: Grafaiai\n|-sidestart|p1: p0x1624eca7|move: Sticky Web\n|\n|-heal|p1a: Grafaiai|63/100|[from] Grassy Terrain\n|-fieldend|move: Grassy Terrain\n|upkeep\n|turn|6\n|inactive|Time left: 300 sec this turn | 300 sec total\n|\n|t:|1783558040\n|switch|p2a: Probopass|Probopass, L91, M|257/257\n|move|p1a: Grafaiai|Gunk Shot|p2a: Probopass\n|-immune|p2a: Probopass\n|\n|upkeep\n|turn|7\n|inactive|Time left: 300 sec this turn | 300 sec total\n|\n|t:|1783558041\n|move|p1a: Grafaiai|Super Fang|p2a: Probopass\n|-damage|p2a: Probopass|129/257\n|move|p2a: Probopass|Body Press|p1a: Grafaiai\n|-damage|p1a: Grafaiai|17/100\n|\n|-heal|p2a: Probopass|145/257|[from] item: Leftovers\n|upkeep\n|turn|8\n|inactive|Time left: 300 sec this turn | 300 sec total\n|\n|t:|1783558042\n|move|p1a: Grafaiai|Knock Off|p2a: Probopass\n|-damage|p2a: Probopass|97/257\n|-enditem|p2a: Probopass|Leftovers|[from] move: Knock Off|[of] p1a: Grafaiai\n|move|p2a: Probopass|Power Gem|p1a: Grafaiai\n|-damage|p1a: Grafaiai|0 fnt\n|faint|p1a: Grafaiai\n|\n|upkeep\n|\n|t:|1783558042\n|switch|p1a: Poliwrath|Poliwrath, L88, F|100/100\n|-activate|p1a: Poliwrath|move: Sticky Web\n|-unboost|p1a: Poliwrath|spe|1\n|turn|9\n|inactive|Time left: 300 sec this turn | 300 sec total\n|\n|t:|1783558044\n|switch|p2a: Rillaboom|Rillaboom, L79, M|288/288\n|-fieldstart|move: Grassy Terrain|[from] ability: Grassy Surge|[of] p2a: Rillaboom\n|move|p1a: Poliwrath|Circle Throw|p2a: Rillaboom\n|-damage|p2a: Rillaboom|212/288\n|drag|p2a: Vikavolt|Vikavolt, L83, F|128/263\n|\n|upkeep\n|turn|10\n|inactive|Time left: 300 sec this turn | 300 sec total\n|\n|t:|1783558045\n|move|p2a: Vikavolt|Discharge|p1a: Poliwrath\n|-supereffective|p1a: Poliwrath\n|-damage|p1a: Poliwrath|51/100\n|move|p1a: Poliwrath|Liquidation|p2a: Vikavolt\n|-damage|p2a: Vikavolt|25/263\n|\n|-heal|p1a: Poliwrath|57/100|[from] Grassy Terrain\n|upkeep\n|turn|11\n|inactive|Time left: 300 sec this turn | 300 sec total\n|\n|t:|1783558046\n|move|p2a: Vikavolt|Volt Switch|p1a: Poliwrath\n|-supereffective|p1a: Poliwrath\n|-damage|p1a: Poliwrath|16/100\n|inactive|Time left: 300 sec this turn | 300 sec total | 5 sec grace\n|\n|t:|1783558046\n|switch|p2a: Rillaboom|Rillaboom, L79, M|212/288|[from] Volt Switch\n|move|p1a: Poliwrath|Liquidation|p2a: Rillaboom\n|-resisted|p2a: Rillaboom\n|-damage|p2a: Rillaboom|157/288\n|\n|-heal|p2a: Rillaboom|175/288|[from] Grassy Terrain\n|-heal|p1a: Poliwrath|22/100|[from] Grassy Terrain\n|upkeep\n|turn|12\n|inactive|Time left: 300 sec this turn | 300 sec total\n|\n|t:|1783558047\n|move|p2a: Rillaboom|High Horsepower|p1a: Poliwrath\n|-damage|p1a: Poliwrath|0 fnt\n|faint|p1a: Poliwrath\n|-damage|p2a: Rillaboom|147/288|[from] item: Life Orb\n|\n|-heal|p2a: Rillaboom|165/288|[from] Grassy Terrain\n|upkeep\n|\n|t:|1783558048\n|switch|p1a: Dachsbun|Dachsbun, L92, M|100/100\n|-activate|p1a: Dachsbun|move: Sticky Web\n|-unboost|p1a: Dachsbun|spe|1\n|turn|13\n|inactive|Time left: 300 sec this turn | 300 sec total\n|\n|t:|1783558049\n|move|p2a: Rillaboom|Swords Dance|p2a: Rillaboom\n|-boost|p2a: Rillaboom|atk|2\n|move|p1a: Dachsbun|Body Press|p2a: Rillaboom\n|-damage|p2a: Rillaboom|84/288\n|\n|-heal|p2a: Rillaboom|102/288|[from] Grassy Terrain\n|-fieldend|move: Grassy Terrain\n|upkeep\n|turn|14\n|inactive|Time left: 300 sec this turn | 300 sec total\n|\n|t:|1783558051\n|move|p2a: Rillaboom|Wood Hammer|p1a: Dachsbun\n|-damage|p1a: Dachsbun|2/100\n|-damage|p2a: Rillaboom|19/288|[from] Recoil\n|-damage|p2a: Rillaboom|0 fnt|[from] item: Life Orb\n|faint|p2a: Rillaboom\n|move|p1a: Dachsbun|Body Press|p2: Rillaboom|[notarget]\n|-fail|p1a: Dachsbun\n|\n|-heal|p1a: Dachsbun|8/100|[from] item: Leftovers\n|upkeep\n|inactive|Time left: 300 sec this turn | 300 sec total | 5 sec grace\n|\n|t:|1783558052\n|switch|p2a: Deoxys|Deoxys-Defense, L84|221/221\n|-ability|p2a: Deoxys|Pressure\n|turn|15\n|inactive|Time left: 300 sec this turn | 300 sec total\n|\n|t:|1783558053\n|move|p2a: Deoxys|Cosmic Power|p2a: Deoxys\n|-boost|p2a: Deoxys|def|1\n|-boost|p2a: Deoxys|spd|1\n|move|p1a: Dachsbun|Wish|p1a: Dachsbun\n|\n|-heal|p1a: Dachsbun|13/100|[from] item: Leftovers\n|upkeep\n|turn|16\n|inactive|Time left: 300 sec this turn | 300 sec total\n|\n|t:|1783558054\n|switch|p1a: Arceus|Arceus, L68|100/100\n|-activate|p1a: Arceus|move: Sticky Web\n|-unboost|p1a: Arceus|spe|1\n|move|p2a: Deoxys|Night Shade|p1a: Arceus\n|-immune|p1a: Arceus\n|\n|upkeep\n|turn|17\n|inactive|Time left: 300 sec this turn | 300 sec total\n|\n|t:|1783558055\n|move|p2a: Deoxys|Cosmic Power|p2a: Deoxys\n|-boost|p2a: Deoxys|def|1\n|-boost|p2a: Deoxys|spd|1\n|move|p1a: Arceus|Swords Dance|p1a: Arceus\n|-boost|p1a: Arceus|atk|2\n|\n|upkeep\n|turn|18\n|inactive|Time left: 300 sec this turn | 300 sec total\n|\n|t:|1783558056\n|move|p2a: Deoxys|Stored Power|p1a: Arceus\n|-damage|p1a: Arceus|73/100\n|move|p1a: Arceus|Swords Dance|p1a: Arceus\n|-boost|p1a: Arceus|atk|2\n|\n|-heal|p1a: Arceus|79/100|[from] item: Leftovers\n|upkeep\n|turn|19\n|inactive|Time left: 300 sec this turn | 300 sec total\n|\n|t:|1783558057\n|move|p2a: Deoxys|Cosmic Power|p2a: Deoxys\n|-boost|p2a: Deoxys|def|1\n|-boost|p2a: Deoxys|spd|1\n|move|p1a: Arceus|Shadow Claw|p2a: Deoxys\n|-supereffective|p2a: Deoxys\n|-crit|p2a: Deoxys\n|-damage|p2a: Deoxys|15/221\n|\n|-heal|p2a: Deoxys|28/221|[from] item: Leftovers\n|-heal|p1a: Arceus|86/100|[from] item: Leftovers\n|upkeep\n|turn|20\n|inactive|Time left: 300 sec this turn | 300 sec total\n|\n|t:|1783558058\n|-terastallize|p2a: Deoxys|Steel\n|move|p1a: Arceus|Extreme Speed|p2a: Deoxys\n|-resisted|p2a: Deoxys\n|-damage|p2a: Deoxys|1/221\n|move|p2a: Deoxys|Recover|p2a: Deoxys\n|-heal|p2a: Deoxys|112/221\n|\n|-heal|p2a: Deoxys|125/221|[from] item: Leftovers\n|-heal|p1a: Arceus|92/100|[from] item: Leftovers\n|upkeep\n|turn|21\n|inactive|Time left: 300 sec this turn | 300 sec total\n|\n|t:|1783558059\n|move|p2a: Deoxys|Recover|p2a: Deoxys\n|-heal|p2a: Deoxys|221/221\n|move|p1a: Arceus|Swords Dance|p1a: Arceus\n|-boost|p1a: Arceus|atk|2\n|\n|-heal|p1a: Arceus|98/100|[from] item: Leftovers\n|upkeep\n|turn|22\n|inactive|Time left: 300 sec this turn | 300 sec total\n|\n|t:|1783558060\n|move|p2a: Deoxys|Stored Power|p1a: Arceus\n|-damage|p1a: Arceus|60/100\n|move|p1a: Arceus|Recover|p1a: Arceus\n|-heal|p1a: Arceus|100/100\n|\n|upkeep\n|turn|23\n|inactive|Time left: 300 sec this turn | 300 sec total\n|\n|t:|1783558062\n|move|p2a: Deoxys|Stored Power|p1a: Arceus\n|-damage|p1a: Arceus|61/100\n|move|p1a: Arceus|Recover|p1a: Arceus\n|-heal|p1a: Arceus|100/100\n|\n|upkeep\n|turn|24\n|inactive|Time left: 300 sec this turn | 300 sec total\n|\n|t:|1783558063\n|move|p2a: Deoxys|Stored Power|p1a: Arceus\n|-damage|p1a: Arceus|61/100\n|move|p1a: Arceus|Recover|p1a: Arceus\n|-heal|p1a: Arceus|100/100\n|\n|upkeep\n|turn|25\n|inactive|Time left: 300 sec this turn | 300 sec total\n|\n|t:|1783558064\n|move|p2a: Deoxys|Stored Power|p1a: Arceus\n|-damage|p1a: Arceus|59/100\n|move|p1a: Arceus|Shadow Claw|p2a: Deoxys\n|-crit|p2a: Deoxys\n|-damage|p2a: Deoxys|74/221\n|\n|-heal|p2a: Deoxys|87/221|[from] item: Leftovers\n|-heal|p1a: Arceus|65/100|[from] item: Leftovers\n|upkeep\n|turn|26\n|inactive|Time left: 300 sec this turn | 300 sec total\n|\n|t:|1783558065\n|move|p2a: Deoxys|Stored Power|p1a: Arceus\n|-damage|p1a: Arceus|24/100\n|move|p1a: Arceus|Recover|p1a: Arceus\n|-heal|p1a: Arceus|74/100\n|\n|-heal|p2a: Deoxys|100/221|[from] item: Leftovers\n|-heal|p1a: Arceus|81/100|[from] item: Leftovers\n|upkeep\n|turn|27\n|inactive|Time left: 300 sec this turn | 300 sec total\n|\n|t:|1783558066\n|move|p2a: Deoxys|Recover|p2a: Deoxys\n|-heal|p2a: Deoxys|211/221\n|move|p1a: Arceus|Shadow Claw|p2a: Deoxys\n|-damage|p2a: Deoxys|172/221\n|\n|-heal|p2a: Deoxys|185/221|[from] item: Leftovers\n|-heal|p1a: Arceus|87/100|[from] item: Leftovers\n|upkeep\n|turn|28\n|inactive|Time left: 300 sec this turn | 300 sec total\n|\n|t:|1783558067\n|move|p2a: Deoxys|Stored Power|p1a: Arceus\n|-damage|p1a: Arceus|45/100\n|move|p1a: Arceus|Shadow Claw|p2a: Deoxys\n|-crit|p2a: Deoxys\n|-damage|p2a: Deoxys|44/221\n|\n|-heal|p2a: Deoxys|57/221|[from] item: Leftovers\n|-heal|p1a: Arceus|51/100|[from] item: Leftovers\n|upkeep\n|turn|29\n|inactive|Time left: 300 sec this turn | 300 sec total\n|\n|t:|1783558069\n|move|p2a: Deoxys|Recover|p2a: Deoxys\n|-heal|p2a: Deoxys|168/221\n|move|p1a: Arceus|Shadow Claw|p2a: Deoxys\n|-damage|p2a: Deoxys|128/221\n|\n|-heal|p2a: Deoxys|141/221|[from] item: Leftovers\n|-heal|p1a: Arceus|57/100|[from] item: Leftovers\n|upkeep\n|turn|30\n|inactive|Time left: 300 sec this turn | 300 sec total\n|\n|t:|1783558070\n|move|p2a: Deoxys|Stored Power|p1a: Arceus\n|-damage|p1a: Arceus|18/100\n|move|p1a: Arceus|Recover|p1a: Arceus\n|-heal|p1a: Arceus|68/100\n|\n|-heal|p2a: Deoxys|154/221|[from] item: Leftovers\n|-heal|p1a: Arceus|74/100|[from] item: Leftovers\n|upkeep\n|turn|31\n|inactive|Time left: 300 sec this turn | 300 sec total\n|\n|t:|1783558070\n|move|p2a: Deoxys|Stored Power|p1a: Arceus\n|-damage|p1a: Arceus|31/100\n|move|p1a: Arceus|Recover|p1a: Arceus\n|-heal|p1a: Arceus|81/100\n|\n|-heal|p2a: Deoxys|167/221|[from] item: Leftovers\n|-heal|p1a: Arceus|87/100|[from] item: Leftovers\n|upkeep\n|turn|32\n|inactive|Time left: 300 sec this turn | 300 sec total\n|\n|t:|1783558071\n|move|p2a: Deoxys|Stored Power|p1a: Arceus\n|-damage|p1a: Arceus|45/100\n|move|p1a: Arceus|Recover|p1a: Arceus\n|-heal|p1a: Arceus|95/100\n|\n|-heal|p2a: Deoxys|180/221|[from] item: Leftovers\n|-heal|p1a: Arceus|100/100|[from] item: Leftovers\n|upkeep\n|turn|33\n|inactive|Time left: 300 sec this turn | 300 sec total\n|\n|t:|1783558073\n|move|p2a: Deoxys|Stored Power|p1a: Arceus\n|-damage|p1a: Arceus|57/100\n|move|p1a: Arceus|Shadow Claw|p2a: Deoxys\n|-damage|p2a: Deoxys|138/221\n|\n|-heal|p2a: Deoxys|151/221|[from] item: Leftovers\n|-heal|p1a: Arceus|63/100|[from] item: Leftovers\n|upkeep\n|turn|34\n|inactive|Time left: 300 sec this turn | 300 sec total\n|\n|t:|1783558074\n|move|p2a: Deoxys|Stored Power|p1a: Arceus\n|-damage|p1a: Arceus|19/100\n|move|p1a: Arceus|Recover|p1a: Arceus\n|-heal|p1a: Arceus|69/100\n|\n|-heal|p2a: Deoxys|164/221|[from] item: Leftovers\n|-heal|p1a: Arceus|75/100|[from] item: Leftovers\n|upkeep\n|turn|35\n|inactive|Time left: 300 sec this turn | 300 sec total\n|\n|t:|1783558075\n|move|p2a: Deoxys|Stored Power|p1a: Arceus\n|-damage|p1a: Arceus|36/100\n|move|p1a: Arceus|Shadow Claw|p2a: Deoxys\n|-damage|p2a: Deoxys|126/221\n|\n|-heal|p2a: Deoxys|139/221|[from] item: Leftovers\n|-heal|p1a: Arceus|42/100|[from] item: Leftovers\n|upkeep\n|turn|36\n|inactive|Time left: 300 sec this turn | 300 sec total\n|\n|t:|1783558076\n|move|p2a: Deoxys|Stored Power|p1a: Arceus\n|-damage|p1a: Arceus|3/100\n|move|p1a: Arceus|Shadow Claw|p2a: Deoxys\n|-damage|p2a: Deoxys|100/221\n|\n|-heal|p2a: Deoxys|113/221|[from] item: Leftovers\n|-heal|p1a: Arceus|9/100|[from] item: Leftovers\n|upkeep\n|turn|37\n|inactive|Time left: 300 sec this turn | 300 sec total\n|\n|t:|1783558078\n|move|p1a: Arceus|Extreme Speed|p2a: Deoxys\n|-resisted|p2a: Deoxys\n|-damage|p2a: Deoxys|82/221\n|move|p2a: Deoxys|Stored Power|p1a: Arceus\n|-damage|p1a: Arceus|0 fnt\n|faint|p1a: Arceus\n|\n|-heal|p2a: Deoxys|95/221|[from] item: Leftovers\n|upkeep\n|\n|t:|1783558079\n|switch|p1a: Comfey|Comfey, L85, M|100/100\n|-activate|p1a: Comfey|move: Sticky Web\n|-unboost|p1a: Comfey|spe|1\n|turn|38\n|inactive|Time left: 300 sec this turn | 300 sec total\n|\n|t:|1783558080\n|move|p2a: Deoxys|Night Shade|p1a: Comfey\n|-damage|p1a: Comfey|63/100\n|move|p1a: Comfey|Calm Mind|p1a: Comfey\n|-boost|p1a: Comfey|spa|1\n|-boost|p1a: Comfey|spd|1\n|\n|-heal|p2a: Deoxys|108/221|[from] item: Leftovers\n|-heal|p1a: Comfey|69/100|[from] item: Leftovers\n|upkeep\n|turn|39\n|inactive|Time left: 300 sec this turn | 300 sec total\n|\n|t:|1783558081\n|move|p2a: Deoxys|Night Shade|p1a: Comfey\n|-damage|p1a: Comfey|32/100\n|move|p1a: Comfey|Calm Mind|p1a: Comfey\n|-boost|p1a: Comfey|spa|1\n|-boost|p1a: Comfey|spd|1\n|\n|-heal|p2a: Deoxys|121/221|[from] item: Leftovers\n|-heal|p1a: Comfey|38/100|[from] item: Leftovers\n|upkeep\n|turn|40\n|inactive|Time left: 300 sec this turn | 300 sec total\n|\n|t:|1783558083\n|move|p1a: Comfey|Synthesis|p1a: Comfey\n|-heal|p1a: Comfey|88/100\n|move|p2a: Deoxys|Night Shade|p1a: Comfey\n|-damage|p1a: Comfey|51/100\n|\n|-heal|p2a: Deoxys|134/221|[from] item: Leftovers\n|-heal|p1a: Comfey|57/100|[from] item: Leftovers\n|upkeep\n|turn|41\n|inactive|Time left: 300 sec this turn | 300 sec total\n|\n|t:|1783558084\n|move|p1a: Comfey|Synthesis|p1a: Comfey\n|-heal|p1a: Comfey|100/100\n|move|p2a: Deoxys|Night Shade|p1a: Comfey\n|-damage|p1a: Comfey|63/100\n|\n|-heal|p2a: Deoxys|147/221|[from] item: Leftovers\n|-heal|p1a: Comfey|69/100|[from] item: Leftovers\n|upkeep\n|turn|42\n|inactive|Time left: 300 sec this turn | 300 sec total\n|\n|t:|1783558085\n|move|p1a: Comfey|Synthesis|p1a: Comfey\n|-heal|p1a: Comfey|100/100\n|move|p2a: Deoxys|Night Shade|p1a: Comfey\n|-damage|p1a: Comfey|63/100\n|\n|-heal|p2a: Deoxys|160/221|[from] item: Leftovers\n|-heal|p1a: Comfey|69/100|[from] item: Leftovers\n|upkeep\n|turn|43\n|inactive|Time left: 300 sec this turn | 300 sec total\n|\n|t:|1783558086\n|move|p2a: Deoxys|Night Shade|p1a: Comfey\n|-damage|p1a: Comfey|32/100\n|move|p1a: Comfey|Calm Mind|p1a: Comfey\n|-boost|p1a: Comfey|spa|1\n|-boost|p1a: Comfey|spd|1\n|\n|-heal|p2a: Deoxys|173/221|[from] item: Leftovers\n|-heal|p1a: Comfey|38/100|[from] item: Leftovers\n|upkeep\n|turn|44\n|inactive|Time left: 300 sec this turn | 300 sec total\n|\n|t:|1783558087\n|move|p1a: Comfey|Synthesis|p1a: Comfey\n|-heal|p1a: Comfey|88/100\n|move|p2a: Deoxys|Night Shade|p1a: Comfey\n|-damage|p1a: Comfey|51/100\n|\n|-heal|p2a: Deoxys|186/221|[from] item: Leftovers\n|-heal|p1a: Comfey|57/100|[from] item: Leftovers\n|upkeep\n|turn|45\n|inactive|Time left: 300 sec this turn | 300 sec total\n|\n|t:|1783558089\n|move|p1a: Comfey|Synthesis|p1a: Comfey\n|-heal|p1a: Comfey|100/100\n|move|p2a: Deoxys|Night Shade|p1a: Comfey\n|-damage|p1a: Comfey|63/100\n|\n|-heal|p2a: Deoxys|199/221|[from] item: Leftovers\n|-heal|p1a: Comfey|69/100|[from] item: Leftovers\n|upkeep\n|turn|46\n|inactive|Time left: 300 sec this turn | 300 sec total\n|\n|t:|1783558090\n|move|p1a: Comfey|Synthesis|p1a: Comfey\n|-heal|p1a: Comfey|100/100\n|move|p2a: Deoxys|Night Shade|p1a: Comfey\n|-damage|p1a: Comfey|63/100\n|\n|-heal|p2a: Deoxys|212/221|[from] item: Leftovers\n|-heal|p1a: Comfey|69/100|[from] item: Leftovers\n|upkeep\n|turn|47\n|inactive|Time left: 300 sec this turn | 300 sec total\n|\n|t:|1783558091\n|move|p2a: Deoxys|Night Shade|p1a: Comfey\n|-damage|p1a: Comfey|32/100\n|move|p1a: Comfey|Calm Mind|p1a: Comfey\n|-boost|p1a: Comfey|spa|1\n|-boost|p1a: Comfey|spd|1\n|\n|-heal|p2a: Deoxys|221/221|[from] item: Leftovers\n|-heal|p1a: Comfey|38/100|[from] item: Leftovers\n|upkeep\n|turn|48\n|inactive|Time left: 300 sec this turn | 300 sec total\n|\n|t:|1783558092\n|move|p1a: Comfey|Synthesis|p1a: Comfey\n|-heal|p1a: Comfey|88/100\n|move|p2a: Deoxys|Night Shade|p1a: Comfey\n|-damage|p1a: Comfey|51/100\n|\n|-heal|p1a: Comfey|57/100|[from] item: Leftovers\n|upkeep\n|turn|49\n|inactive|Time left: 300 sec this turn | 300 sec total\n|\n|t:|1783558093\n|move|p1a: Comfey|Synthesis|p1a: Comfey\n|-heal|p1a: Comfey|100/100\n|move|p2a: Deoxys|Night Shade|p1a: Comfey\n|-damage|p1a: Comfey|63/100\n|\n|-heal|p1a: Comfey|69/100|[from] item: Leftovers\n|upkeep\n|turn|50\n|inactive|Time left: 300 sec this turn | 300 sec total\n|\n|t:|1783558094\n|-terastallize|p1a: Comfey|Ground\n|move|p2a: Deoxys|Cosmic Power|p2a: Deoxys\n|-boost|p2a: Deoxys|def|1\n|-boost|p2a: Deoxys|spd|1\n|move|p1a: Comfey|Tera Blast|p2a: Deoxys|[anim] Tera Blast Ground\n|-supereffective|p2a: Deoxys\n|-damage|p2a: Deoxys|119/221\n|\n|-heal|p2a: Deoxys|132/221|[from] item: Leftovers\n|-heal|p1a: Comfey|76/100|[from] item: Leftovers\n|upkeep\n|turn|51\n|inactive|Time left: 300 sec this turn | 300 sec total\n|\n|t:|1783558095\n|move|p2a: Deoxys|Recover|p2a: Deoxys\n|-heal|p2a: Deoxys|221/221\n|move|p1a: Comfey|Tera Blast|p2a: Deoxys|[anim] Tera Blast Ground\n|-supereffective|p2a: Deoxys\n|-damage|p2a: Deoxys|119/221\n|\n|-heal|p2a: Deoxys|132/221|[from] item: Leftovers\n|-heal|p1a: Comfey|82/100|[from] item: Leftovers\n|upkeep\n|turn|52\n|inactive|Time left: 300 sec this turn | 300 sec total\n|\n|t:|1783558096\n|move|p2a: Deoxys|Recover|p2a: Deoxys\n|-heal|p2a: Deoxys|221/221\n|move|p1a: Comfey|Tera Blast|p2a: Deoxys|[anim] Tera Blast Ground\n|-supereffective|p2a: Deoxys\n|-damage|p2a: Deoxys|125/221\n|\n|-heal|p2a: Deoxys|138/221|[from] item: Leftovers\n|-heal|p1a: Comfey|88/100|[from] item: Leftovers\n|upkeep\n|turn|53\n|inactive|Time left: 300 sec this turn | 300 sec total\n|\n|t:|1783558097\n|move|p2a: Deoxys|Cosmic Power|p2a: Deoxys\n|-boost|p2a: Deoxys|def|1\n|-boost|p2a: Deoxys|spd|1\n|move|p1a: Comfey|Tera Blast|p2a: Deoxys|[anim] Tera Blast Ground\n|-supereffective|p2a: Deoxys\n|-damage|p2a: Deoxys|52/221\n|\n|-heal|p2a: Deoxys|65/221|[from] item: Leftovers\n|-heal|p1a: Comfey|94/100|[from] item: Leftovers\n|upkeep\n|turn|54\n|inactive|Time left: 300 sec this turn | 300 sec total\n|\n|t:|1783558098\n|move|p2a: Deoxys|Recover|p2a: Deoxys\n|-heal|p2a: Deoxys|176/221\n|move|p1a: Comfey|Tera Blast|p2a: Deoxys|[anim] Tera Blast Ground\n|-supereffective|p2a: Deoxys\n|-damage|p2a: Deoxys|84/221\n|\n|-heal|p2a: Deoxys|97/221|[from] item: Leftovers\n|-heal|p1a: Comfey|100/100|[from] item: Leftovers\n|upkeep\n|turn|55\n|inactive|Time left: 300 sec this turn | 300 sec total\n|\n|t:|1783558098\n|move|p2a: Deoxys|Cosmic Power|p2a: Deoxys\n|-boost|p2a: Deoxys|def|1\n|-boost|p2a: Deoxys|spd|1\n|move|p1a: Comfey|Tera Blast|p2a: Deoxys|[anim] Tera Blast Ground\n|-supereffective|p2a: Deoxys\n|-damage|p2a: Deoxys|29/221\n|\n|-heal|p2a: Deoxys|42/221|[from] item: Leftovers\n|upkeep\n|turn|56\n|inactive|Time left: 300 sec this turn | 300 sec total\n|\n|t:|1783558099\n|move|p2a: Deoxys|Recover|p2a: Deoxys\n|-heal|p2a: Deoxys|153/221\n|move|p1a: Comfey|Calm Mind|p1a: Comfey\n|-boost|p1a: Comfey|spa|1\n|-boost|p1a: Comfey|spd|1\n|\n|-heal|p2a: Deoxys|166/221|[from] item: Leftovers\n|upkeep\n|turn|57\n|inactive|Time left: 300 sec this turn | 300 sec total\n|\n|t:|1783558100\n|move|p2a: Deoxys|Night Shade|p1a: Comfey\n|-damage|p1a: Comfey|63/100\n|move|p1a: Comfey|Calm Mind|p1a: Comfey\n|-boost|p1a: Comfey|spa|1\n|-boost|p1a: Comfey|spd|1\n|\n|-heal|p2a: Deoxys|179/221|[from] item: Leftovers\n|-heal|p1a: Comfey|69/100|[from] item: Leftovers\n|upkeep\n|turn|58\n|inactive|Time left: 300 sec this turn | 300 sec total\n|\n|t:|1783558101\n|move|p2a: Deoxys|Night Shade|p1a: Comfey\n|-damage|p1a: Comfey|32/100\n|move|p1a: Comfey|Tera Blast|p2a: Deoxys|[anim] Tera Blast Ground\n|-supereffective|p2a: Deoxys\n|-damage|p2a: Deoxys|83/221\n|\n|-heal|p2a: Deoxys|96/221|[from] item: Leftovers\n|-heal|p1a: Comfey|38/100|[from] item: Leftovers\n|upkeep\n|turn|59\n|inactive|Time left: 300 sec this turn | 300 sec total\n|\n|t:|1783558102\n|move|p2a: Deoxys|Night Shade|p1a: Comfey\n|-damage|p1a: Comfey|1/100\n|move|p1a: Comfey|Tera Blast|p2a: Deoxys|[anim] Tera Blast Ground\n|-supereffective|p2a: Deoxys\n|-damage|p2a: Deoxys|0 fnt\n|faint|p2a: Deoxys\n|\n|-heal|p1a: Comfey|7/100|[from] item: Leftovers\n|upkeep\n|inactive|Time left: 300 sec this turn | 300 sec total | 5 sec grace\n|\n|t:|1783558102\n|switch|p2a: Probopass|Probopass, L91, M|97/257\n|turn|60\n|inactive|Time left: 300 sec this turn | 300 sec total\n|\n|t:|1783558104\n|move|p1a: Comfey|Draining Kiss|p2a: Probopass\n|-resisted|p2a: Probopass\n|-damage|p2a: Probopass|39/257\n|-heal|p1a: Comfey|27/100|[from] drain|[of] p2a: Probopass\n|move|p2a: Probopass|Body Press|p1a: Comfey\n|-damage|p1a: Comfey|0 fnt\n|faint|p1a: Comfey\n|\n|upkeep\n|\n|t:|1783558104\n|switch|p1a: Dachsbun|Dachsbun, L92, M|13/100\n|-activate|p1a: Dachsbun|move: Sticky Web\n|-unboost|p1a: Dachsbun|spe|1\n|turn|61\n|inactive|Time left: 300 sec this turn | 300 sec total\n|\n|t:|1783558105\n|move|p1a: Dachsbun|Protect|p1a: Dachsbun\n|-singleturn|p1a: Dachsbun|Protect\n|move|p2a: Probopass|Power Gem|p1a: Dachsbun\n|-activate|p1a: Dachsbun|move: Protect\n|\n|-heal|p1a: Dachsbun|19/100|[from] item: Leftovers\n|upkeep\n|turn|62\n|inactive|Time left: 300 sec this turn | 300 sec total\n|\n|t:|1783558106\n|move|p1a: Dachsbun|Body Press|p2a: Probopass\n|-supereffective|p2a: Probopass\n|-crit|p2a: Probopass\n|-damage|p2a: Probopass|0 fnt\n|faint|p2a: Probopass\n|\n|-heal|p1a: Dachsbun|25/100|[from] item: Leftovers\n|upkeep\n|inactive|Time left: 300 sec this turn | 300 sec total | 5 sec grace\n|\n|t:|1783558107\n|switch|p2a: Hypno|Hypno, L95, F|315/315\n|turn|63\n|inactive|Time left: 300 sec this turn | 300 sec total\n|\n|t:|1783558108\n|move|p1a: Dachsbun|Protect|p1a: Dachsbun\n|-singleturn|p1a: Dachsbun|Protect\n|move|p2a: Hypno|Psychic Noise|p1a: Dachsbun\n|-activate|p1a: Dachsbun|move: Protect\n|\n|-heal|p1a: Dachsbun|31/100|[from] item: Leftovers\n|upkeep\n|turn|64\n|inactive|Time left: 300 sec this turn | 300 sec total\n|\n|t:|1783558109\n|move|p1a: Dachsbun|Protect|p1a: Dachsbun\n|-singleturn|p1a: Dachsbun|Protect\n|move|p2a: Hypno|Psychic Noise|p1a: Dachsbun\n|-activate|p1a: Dachsbun|move: Protect\n|\n|-heal|p1a: Dachsbun|37/100|[from] item: Leftovers\n|upkeep\n|turn|65\n|inactive|Time left: 300 sec this turn | 300 sec total\n|\n|t:|1783558110\n|move|p1a: Dachsbun|Protect||[still]\n|-fail|p1a: Dachsbun\n|move|p2a: Hypno|Psychic Noise|p1a: Dachsbun\n|-damage|p1a: Dachsbun|7/100\n|-start|p1a: Dachsbun|move: Heal Block\n|\n|upkeep\n|turn|66\n|inactive|Time left: 300 sec this turn | 300 sec total\n|\n|t:|1783558111\n|move|p1a: Dachsbun|Protect|p1a: Dachsbun\n|-singleturn|p1a: Dachsbun|Protect\n|move|p2a: Hypno|Psychic Noise|p1a: Dachsbun\n|-activate|p1a: Dachsbun|move: Protect\n|\n|-end|p1a: Dachsbun|move: Heal Block\n|upkeep\n|turn|67\n|inactive|Time left: 300 sec this turn | 300 sec total\n|\n|t:|1783558112\n|move|p1a: Dachsbun|Protect||[still]\n|-fail|p1a: Dachsbun\n|move|p2a: Hypno|Psychic Noise|p1a: Dachsbun\n|-damage|p1a: Dachsbun|0 fnt\n|faint|p1a: Dachsbun\n|\n|win|p0y16245769", "uploadtime": 1783558112, "views": 0, "rating": 0, "private": 0, "password": null, "_winner": "p0y16245769", "_our_name": "p0y16245769"}