{"id": "battle-gen9randombattle-816", "formatid": "gen9randombattle", "format": "[Gen 9] Random Battle", "players": ["p0x816e911", "p0y81657ac"], "log": "|init|battle\n|title|p0x816e911 vs. p0y81657ac\n|j|\u2606p0x816e911\n|j|\u2606p0y81657ac\n|t:|1783548627\n|gametype|singles\n|player|p1|p0x816e911|2|\n|player|p2|p0y81657ac|170|\n|gen|9\n|tier|[Gen 9] Random Battle\n|rule|Species Clause: Limit one of each Pok\u00e9mon\n|rule|HP Percentage Mod: HP is shown in percentages\n|rule|Sleep Clause Mod: Limit one foe put to sleep\n|rule|Illusion Level Mod: Illusion disguises the Pok\u00e9mon's true level\n|\n|t:|1783548627\n|teamsize|p1|6\n|teamsize|p2|6\n|start\n|switch|p1a: Tentacruel|Tentacruel, L84, F|100/100\n|switch|p2a: Empoleon|Empoleon, L84, F|278/278\n|turn|1\n|inactive|Battle timer is ON: inactive players will automatically lose when time's up. (requested by p0y81657ac)\n|inactive|p0x816e911 also wants the timer to be on.\n|\n|t:|1783548629\n|switch|p1a: Araquanid|Araquanid, L82, F|100/100\n|move|p2a: Empoleon|Flip Turn|p1a: Araquanid\n|-resisted|p1a: Araquanid\n|-damage|p1a: Araquanid|90/100\n|inactive|Time left: 300 sec this turn | 300 sec total | 65 sec grace\n|\n|t:|1783548630\n|switch|p2a: Golurk|Golurk, L87|297/297|[from] Flip Turn\n|\n|upkeep\n|turn|2\n|inactive|Time left: 300 sec this turn | 300 sec total\n|\n|t:|1783548631\n|move|p2a: Golurk|Poltergeist|p1a: Araquanid\n|-activate|p1a: Araquanid|move: Poltergeist|Heavy-Duty Boots\n|-damage|p1a: Araquanid|0 fnt\n|faint|p1a: Araquanid\n|\n|upkeep\n|\n|t:|1783548632\n|switch|p1a: Wyrdeer|Wyrdeer, L87, M|100/100\n|-ability|p1a: Wyrdeer|Intimidate|boost\n|-unboost|p2a: Golurk|atk|1\n|turn|3\n|inactive|Time left: 300 sec this turn | 300 sec total\n|\n|t:|1783548633\n|switch|p2a: Rillaboom|Rillaboom, L79, F|288/288\n|-fieldstart|move: Grassy Terrain|[from] ability: Grassy Surge|[of] p2a: Rillaboom\n|move|p1a: Wyrdeer|Earthquake|p2a: Rillaboom\n|-resisted|p2a: Rillaboom\n|-damage|p2a: Rillaboom|267/288\n|\n|-heal|p2a: Rillaboom|285/288|[from] Grassy Terrain\n|upkeep\n|turn|4\n|inactive|Time left: 300 sec this turn | 300 sec total\n|\n|t:|1783548634\n|move|p2a: Rillaboom|Knock Off|p1a: Wyrdeer\n|-supereffective|p1a: Wyrdeer\n|-damage|p1a: Wyrdeer|16/100\n|-enditem|p1a: Wyrdeer|Assault Vest|[from] move: Knock Off|[of] p2a: Rillaboom\n|move|p1a: Wyrdeer|Megahorn|p2a: Rillaboom\n|-supereffective|p2a: Rillaboom\n|-damage|p2a: Rillaboom|79/288\n|\n|-heal|p2a: Rillaboom|97/288|[from] Grassy Terrain\n|-heal|p1a: Wyrdeer|23/100|[from] Grassy Terrain\n|upkeep\n|turn|5\n|inactive|Time left: 300 sec this turn | 300 sec total\n|\n|t:|1783548635\n|switch|p1a: Virizion|Virizion, L82|100/100\n|move|p2a: Rillaboom|Knock Off|p1a: Virizion\n|-resisted|p1a: Virizion\n|-damage|p1a: Virizion|78/100\n|-ability|p1a: Virizion|Justified|boost\n|-boost|p1a: Virizion|atk|1\n|-enditem|p1a: Virizion|Life Orb|[from] move: Knock Off|[of] p2a: Rillaboom\n|\n|-heal|p1a: Virizion|84/100|[from] Grassy Terrain\n|-heal|p2a: Rillaboom|115/288|[from] Grassy Terrain\n|upkeep\n|turn|6\n|inactive|Time left: 300 sec this turn | 300 sec total\n|\n|t:|1783548636\n|switch|p2a: Ho-Oh|Ho-Oh, L71|268/268\n|move|p1a: Virizion|Swords Dance|p1a: Virizion\n|-boost|p1a: Virizion|atk|2\n|\n|-heal|p1a: Virizion|90/100|[from] Grassy Terrain\n|upkeep\n|turn|7\n|inactive|Time left: 300 sec this turn | 300 sec total\n|\n|t:|1783548637\n|-terastallize|p2a: Ho-Oh|Steel\n|move|p1a: Virizion|Stone Edge|p2a: Ho-Oh\n|-resisted|p2a: Ho-Oh\n|-damage|p2a: Ho-Oh|184/268\n|move|p2a: Ho-Oh|Brave Bird|p1a: Virizion\n|-supereffective|p1a: Virizion\n|-damage|p1a: Virizion|0 fnt\n|faint|p1a: Virizion\n|-damage|p2a: Ho-Oh|101/268|[from] Recoil\n|\n|-heal|p2a: Ho-Oh|117/268|[from] Grassy Terrain\n|-fieldend|move: Grassy Terrain\n|upkeep\n|\n|t:|1783548638\n|switch|p1a: Cinderace|Cinderace, L77, F|100/100\n|turn|8\n|inactive|Time left: 300 sec this turn | 300 sec total\n|\n|t:|1783548639\n|switch|p2a: Golurk|Golurk, L87|297/297\n|move|p1a: Cinderace|Pyro Ball|p2a: Golurk\n|-damage|p2a: Golurk|171/297\n|\n|upkeep\n|turn|9\n|inactive|Time left: 300 sec this turn | 300 sec total\n|\n|t:|1783548640\n|move|p1a: Cinderace|U-turn|p2a: Golurk\n|-start|p1a: Cinderace|typechange|Bug|[from] ability: Libero\n|-resisted|p2a: Golurk\n|-damage|p2a: Golurk|135/297\n|\n|t:|1783548641\n|switch|p1a: Wyrdeer|Wyrdeer, L87, M|23/100|[from] U-turn\n|-ability|p1a: Wyrdeer|Intimidate|boost\n|-unboost|p2a: Golurk|atk|1\n|move|p2a: Golurk|Earthquake|p1a: Wyrdeer\n|-damage|p1a: Wyrdeer|0 fnt\n|faint|p1a: Wyrdeer\n|\n|upkeep\n|\n|t:|1783548642\n|switch|p1a: Altaria|Altaria, L89, F|100/100\n|turn|10\n|inactive|Time left: 300 sec this turn | 300 sec total\n|\n|t:|1783548643\n|switch|p2a: Ho-Oh|Ho-Oh, L71, tera:Steel|206/268\n|move|p1a: Altaria|Will-O-Wisp|p2a: Ho-Oh\n|-status|p2a: Ho-Oh|brn\n|\n|-damage|p2a: Ho-Oh|190/268 brn|[from] brn\n|upkeep\n|turn|11\n|inactive|Time left: 300 sec this turn | 300 sec total\n|\n|t:|1783548644\n|move|p1a: Altaria|Brave Bird|p2a: Ho-Oh\n|-resisted|p2a: Ho-Oh\n|-damage|p2a: Ho-Oh|121/268 brn\n|-damage|p1a: Altaria|92/100|[from] Recoil\n|move|p2a: Ho-Oh|Sacred Fire|p1a: Altaria\n|-resisted|p1a: Altaria\n|-damage|p1a: Altaria|85/100\n|-status|p1a: Altaria|brn\n|\n|-damage|p1a: Altaria|79/100 brn|[from] brn\n|-damage|p2a: Ho-Oh|105/268 brn|[from] brn\n|upkeep\n|turn|12\n|inactive|Time left: 300 sec this turn | 300 sec total\n|\n|t:|1783548645\n|-curestatus|p1a: Altaria|brn|[from] ability: Natural Cure|[silent]\n|switch|p1a: Cinderace|Cinderace, L77, F|100/100\n|move|p2a: Ho-Oh|Recover|p2a: Ho-Oh\n|-heal|p2a: Ho-Oh|239/268 brn\n|\n|-damage|p2a: Ho-Oh|223/268 brn|[from] brn\n|upkeep\n|turn|13\n|inactive|Time left: 300 sec this turn | 300 sec total\n|\n|t:|1783548646\n|switch|p2a: Empoleon|Empoleon, L84, F|278/278\n|move|p1a: Cinderace|Pyro Ball|p2a: Empoleon\n|-damage|p2a: Empoleon|160/278\n|\n|-heal|p2a: Empoleon|177/278|[from] item: Leftovers\n|upkeep\n|turn|14\n|inactive|Time left: 300 sec this turn | 300 sec total\n|\n|t:|1783548647\n|move|p1a: Cinderace|High Jump Kick|p2a: Empoleon\n|-start|p1a: Cinderace|typechange|Fighting|[from] ability: Libero\n|-supereffective|p2a: Empoleon\n|-damage|p2a: Empoleon|0 fnt\n|faint|p2a: Empoleon\n|\n|upkeep\n|inactive|Time left: 300 sec this turn | 300 sec total | 5 sec grace\n|\n|t:|1783548648\n|switch|p2a: Golurk|Golurk, L87|135/297\n|turn|15\n|inactive|Time left: 300 sec this turn | 300 sec total\n|\n|t:|1783548649\n|move|p1a: Cinderace|U-turn|p2a: Golurk\n|-resisted|p2a: Golurk\n|-damage|p2a: Golurk|111/297\n|\n|t:|1783548649\n|switch|p1a: Altaria|Altaria, L89, F|79/100|[from] U-turn\n|move|p2a: Golurk|Poltergeist|p1a: Altaria\n|-activate|p1a: Altaria|move: Poltergeist|Heavy-Duty Boots\n|-damage|p1a: Altaria|3/100\n|\n|upkeep\n|turn|16\n|inactive|Time left: 300 sec this turn | 300 sec total\n|\n|t:|1783548650\n|move|p1a: Altaria|Will-O-Wisp|p2a: Golurk\n|-status|p2a: Golurk|brn\n|move|p2a: Golurk|Poltergeist|p1a: Altaria\n|-activate|p1a: Altaria|move: Poltergeist|Heavy-Duty Boots\n|-damage|p1a: Altaria|0 fnt\n|faint|p1a: Altaria\n|\n|-damage|p2a: Golurk|93/297 brn|[from] brn\n|upkeep\n|\n|t:|1783548651\n|switch|p1a: Cinderace|Cinderace, L77, F|100/100\n|turn|17\n|inactive|Time left: 300 sec this turn | 300 sec total\n|\n|t:|1783548652\n|move|p1a: Cinderace|Pyro Ball|p2a: Golurk\n|-damage|p2a: Golurk|0 fnt\n|faint|p2a: Golurk\n|\n|upkeep\n|inactive|Time left: 300 sec this turn | 300 sec total | 5 sec grace\n|\n|t:|1783548653\n|switch|p2a: Scovillain|Scovillain, L91, F|266/266\n|turn|18\n|inactive|Time left: 300 sec this turn | 300 sec total\n|\n|t:|1783548654\n|move|p1a: Cinderace|Pyro Ball|p2a: Scovillain\n|-damage|p2a: Scovillain|118/266\n|move|p2a: Scovillain|Leaf Storm|p1a: Cinderace\n|-resisted|p1a: Cinderace\n|-damage|p1a: Cinderace|39/100\n|-unboost|p2a: Scovillain|spa|2\n|\n|upkeep\n|turn|19\n|inactive|Time left: 300 sec this turn | 300 sec total\n|\n|t:|1783548656\n|switch|p2a: Ho-Oh|Ho-Oh, L71, tera:Steel|268/268 brn\n|move|p1a: Cinderace|Pyro Ball|p2a: Ho-Oh\n|-supereffective|p2a: Ho-Oh\n|-damage|p2a: Ho-Oh|0 fnt\n|faint|p2a: Ho-Oh\n|\n|upkeep\n|inactive|Time left: 300 sec this turn | 300 sec total | 5 sec grace\n|\n|t:|1783548657\n|switch|p2a: Rillaboom|Rillaboom, L79, F|115/288\n|-fieldstart|move: Grassy Terrain|[from] ability: Grassy Surge|[of] p2a: Rillaboom\n|turn|20\n|inactive|Time left: 300 sec this turn | 300 sec total\n|\n|t:|1783548658\n|move|p2a: Rillaboom|Grassy Glide|p1a: Cinderace\n|-resisted|p1a: Cinderace\n|-damage|p1a: Cinderace|11/100\n|move|p1a: Cinderace|U-turn|p2a: Rillaboom\n|-start|p1a: Cinderace|typechange|Bug|[from] ability: Libero\n|-supereffective|p2a: Rillaboom\n|-damage|p2a: Rillaboom|0 fnt\n|faint|p2a: Rillaboom\n|\n|t:|1783548659\n|switch|p1a: Tentacruel|Tentacruel, L84, F|100/100|[from] U-turn\n|\n|upkeep\n|inactive|Time left: 300 sec this turn | 300 sec total | 10 sec grace\n|\n|t:|1783548660\n|switch|p2a: Malamar|Malamar, L82, F|275/275\n|turn|21\n|inactive|Time left: 300 sec this turn | 300 sec total\n|\n|t:|1783548661\n|move|p1a: Tentacruel|Sludge Bomb|p2a: Malamar\n|-damage|p2a: Malamar|181/275\n|move|p2a: Malamar|Superpower|p1a: Tentacruel\n|-resisted|p1a: Tentacruel\n|-damage|p1a: Tentacruel|84/100\n|-boost|p2a: Malamar|atk|1\n|-boost|p2a: Malamar|def|1\n|\n|-heal|p1a: Tentacruel|91/100|[from] Grassy Terrain\n|-heal|p1a: Tentacruel|97/100|[from] item: Leftovers\n|-heal|p2a: Malamar|198/275|[from] Grassy Terrain\n|upkeep\n|turn|22\n|inactive|Time left: 300 sec this turn | 300 sec total\n|\n|t:|1783548662\n|move|p1a: Tentacruel|Sludge Bomb|p2a: Malamar\n|-damage|p2a: Malamar|99/275\n|move|p2a: Malamar|Rest|p2a: Malamar\n|-status|p2a: Malamar|slp|[from] move: Rest\n|-heal|p2a: Malamar|275/275 slp|[silent]\n|-enditem|p2a: Malamar|Chesto Berry|[eat]\n|-curestatus|p2a: Malamar|slp|[msg]\n|\n|-heal|p1a: Tentacruel|100/100|[from] Grassy Terrain\n|upkeep\n|turn|23\n|inactive|Time left: 300 sec this turn | 300 sec total\n|\n|t:|1783548663\n|move|p1a: Tentacruel|Haze|p1a: Tentacruel\n|-clearallboost\n|move|p2a: Malamar|Knock Off|p1a: Tentacruel\n|-damage|p1a: Tentacruel|60/100\n|-enditem|p1a: Tentacruel|Leftovers|[from] move: Knock Off|[of] p2a: Malamar\n|\n|-heal|p1a: Tentacruel|67/100|[from] Grassy Terrain\n|upkeep\n|turn|24\n|inactive|Time left: 300 sec this turn | 300 sec total\n|\n|t:|1783548664\n|move|p1a: Tentacruel|Sludge Bomb|p2a: Malamar\n|-damage|p2a: Malamar|179/275\n|move|p2a: Malamar|Psycho Cut|p1a: Tentacruel\n|-supereffective|p1a: Tentacruel\n|-damage|p1a: Tentacruel|6/100\n|\n|-heal|p1a: Tentacruel|13/100|[from] Grassy Terrain\n|-heal|p2a: Malamar|196/275|[from] Grassy Terrain\n|-fieldend|move: Grassy Terrain\n|upkeep\n|turn|25\n|inactive|Time left: 300 sec this turn | 300 sec total\n|\n|t:|1783548665\n|switch|p2a: Scovillain|Scovillain, L91, F|118/266\n|move|p1a: Tentacruel|Sludge Bomb|p2a: Scovillain\n|-supereffective|p2a: Scovillain\n|-damage|p2a: Scovillain|0 fnt\n|faint|p2a: Scovillain\n|\n|upkeep\n|inactive|Time left: 300 sec this turn | 300 sec total | 5 sec grace\n|\n|t:|1783548666\n|switch|p2a: Malamar|Malamar, L82, F|196/275\n|turn|26\n|inactive|Time left: 300 sec this turn | 300 sec total\n|\n|t:|1783548667\n|-terastallize|p1a: Tentacruel|Grass\n|move|p1a: Tentacruel|Surf|p2a: Malamar\n|-damage|p2a: Malamar|108/275\n|move|p2a: Malamar|Rest|p2a: Malamar\n|-status|p2a: Malamar|slp|[from] move: Rest\n|-heal|p2a: Malamar|275/275 slp|[silent]\n|\n|upkeep\n|turn|27\n|inactive|Time left: 300 sec this turn | 300 sec total\n|\n|t:|1783548668\n|switch|p1a: Cinderace|Cinderace, L77, F|11/100\n|cant|p2a: Malamar|slp\n|\n|upkeep\n|turn|28\n|inactive|Time left: 300 sec this turn | 300 sec total\n|\n|t:|1783548669\n|move|p1a: Cinderace|U-turn|p2a: Malamar\n|-start|p1a: Cinderace|typechange|Bug|[from] ability: Libero\n|-supereffective|p2a: Malamar\n|-damage|p2a: Malamar|0 fnt\n|faint|p2a: Malamar\n|\n|win|p0x816e911", "uploadtime": 1783548669, "views": 0, "rating": 0, "private": 0, "password": null, "_winner": "p0x816e911", "_our_name": "p0y81657ac"}