{"id": "battle-gen9randombattle-1922", "formatid": "gen9randombattle", "format": "[Gen 9] Random Battle", "players": ["p0x1922b56e", "p0y1922a3c1"], "log": "|init|battle\n|title|p0x1922b56e vs. p0y1922a3c1\n|j|\u2606p0x1922b56e\n|j|\u2606p0y1922a3c1\n|t:|1783562227\n|gametype|singles\n|player|p1|p0x1922b56e|102|\n|player|p2|p0y1922a3c1|2|\n|gen|9\n|tier|[Gen 9] Random Battle\n|rule|Species Clause: Limit one of each Pok\u00e9mon\n|rule|HP Percentage Mod: HP is shown in percentages\n|rule|Sleep Clause Mod: Limit one foe put to sleep\n|rule|Illusion Level Mod: Illusion disguises the Pok\u00e9mon's true level\n|\n|t:|1783562227\n|teamsize|p1|6\n|teamsize|p2|6\n|start\n|switch|p1a: Hawlucha|Hawlucha, L80, F|256/256\n|switch|p2a: Vespiquen|Vespiquen, L99, F|100/100\n|-ability|p2a: Vespiquen|Pressure\n|turn|1\n|inactive|Battle timer is ON: inactive players will automatically lose when time's up. (requested by p0y1922a3c1)\n|inactive|Time left: 300 sec this turn | 300 sec total | 60 sec grace\n|inactive|p0x1922b56e also wants the timer to be on.\n|\n|t:|1783562229\n|move|p1a: Hawlucha|Swords Dance|p1a: Hawlucha\n|-boost|p1a: Hawlucha|atk|2\n|move|p2a: Vespiquen|Air Slash|p1a: Hawlucha\n|-supereffective|p1a: Hawlucha\n|-crit|p1a: Hawlucha\n|-damage|p1a: Hawlucha|0 fnt\n|faint|p1a: Hawlucha\n|\n|upkeep\n|inactive|Time left: 300 sec this turn | 300 sec total | 65 sec grace\n|\n|t:|1783562230\n|switch|p1a: Iron Thorns|Iron Thorns, L83|302/302\n|-item|p1a: Iron Thorns|Air Balloon\n|turn|2\n|inactive|Time left: 300 sec this turn | 300 sec total\n|\n|t:|1783562231\n|switch|p2a: Eelektross|Eelektross, L87, F|100/100\n|move|p1a: Iron Thorns|Stone Edge|p2a: Eelektross\n|-damage|p2a: Eelektross|53/100\n|\n|-heal|p2a: Eelektross|59/100|[from] item: Leftovers\n|upkeep\n|turn|3\n|inactive|Time left: 300 sec this turn | 300 sec total\n|\n|t:|1783562232\n|move|p1a: Iron Thorns|Stone Edge|p2a: Eelektross|[miss]\n|-miss|p1a: Iron Thorns|p2a: Eelektross\n|move|p2a: Eelektross|Drain Punch|p1a: Iron Thorns\n|-supereffective|p1a: Iron Thorns\n|-damage|p1a: Iron Thorns|184/302\n|-heal|p2a: Eelektross|79/100|[from] drain|[of] p1a: Iron Thorns\n|-enditem|p1a: Iron Thorns|Air Balloon\n|\n|-heal|p2a: Eelektross|85/100|[from] item: Leftovers\n|upkeep\n|turn|4\n|inactive|Time left: 300 sec this turn | 300 sec total\n|\n|t:|1783562233\n|move|p1a: Iron Thorns|Stone Edge|p2a: Eelektross\n|-damage|p2a: Eelektross|38/100\n|move|p2a: Eelektross|Coil|p2a: Eelektross\n|-boost|p2a: Eelektross|atk|1\n|-boost|p2a: Eelektross|def|1\n|-boost|p2a: Eelektross|accuracy|1\n|\n|-heal|p2a: Eelektross|45/100|[from] item: Leftovers\n|upkeep\n|turn|5\n|inactive|Time left: 300 sec this turn | 300 sec total\n|\n|t:|1783562234\n|move|p1a: Iron Thorns|Stone Edge|p2a: Eelektross\n|-damage|p2a: Eelektross|11/100\n|move|p2a: Eelektross|Drain Punch|p1a: Iron Thorns\n|-supereffective|p1a: Iron Thorns\n|-damage|p1a: Iron Thorns|6/302\n|-heal|p2a: Eelektross|42/100|[from] drain|[of] p1a: Iron Thorns\n|\n|-heal|p2a: Eelektross|48/100|[from] item: Leftovers\n|upkeep\n|turn|6\n|inactive|Time left: 300 sec this turn | 300 sec total\n|\n|t:|1783562235\n|move|p1a: Iron Thorns|Stone Edge|p2a: Eelektross\n|-damage|p2a: Eelektross|15/100\n|move|p2a: Eelektross|Coil|p2a: Eelektross\n|-boost|p2a: Eelektross|atk|1\n|-boost|p2a: Eelektross|def|1\n|-boost|p2a: Eelektross|accuracy|1\n|\n|-heal|p2a: Eelektross|21/100|[from] item: Leftovers\n|upkeep\n|turn|7\n|inactive|Time left: 300 sec this turn | 300 sec total\n|\n|t:|1783562236\n|move|p1a: Iron Thorns|Stone Edge|p2a: Eelektross\n|-damage|p2a: Eelektross|0 fnt\n|faint|p2a: Eelektross\n|\n|upkeep\n|\n|t:|1783562237\n|switch|p2a: Iron Treads|Iron Treads, L77|100/100\n|turn|8\n|inactive|Time left: 300 sec this turn | 300 sec total\n|\n|t:|1783562238\n|-end|p1a: Iron Thorns|Quark Drive|[silent]\n|switch|p1a: Annihilape|Annihilape, L76, M|292/292\n|move|p2a: Iron Treads|Rapid Spin|p1a: Annihilape\n|-immune|p1a: Annihilape\n|\n|upkeep\n|turn|9\n|inactive|Time left: 300 sec this turn | 300 sec total\n|\n|t:|1783562239\n|move|p2a: Iron Treads|Stealth Rock|p1a: Annihilape\n|-sidestart|p1: p0x1922b56e|move: Stealth Rock\n|move|p1a: Annihilape|Bulk Up|p1a: Annihilape\n|-boost|p1a: Annihilape|atk|1\n|-boost|p1a: Annihilape|def|1\n|\n|upkeep\n|turn|10\n|inactive|Time left: 300 sec this turn | 300 sec total\n|\n|t:|1783562240\n|-end|p2a: Iron Treads|Quark Drive|[silent]\n|switch|p2a: Vespiquen|Vespiquen, L99, F|100/100\n|-ability|p2a: Vespiquen|Pressure\n|move|p1a: Annihilape|Drain Punch|p2a: Vespiquen\n|-resisted|p2a: Vespiquen\n|-damage|p2a: Vespiquen|93/100\n|\n|upkeep\n|turn|11\n|inactive|Time left: 300 sec this turn | 300 sec total\n|\n|t:|1783562241\n|move|p1a: Annihilape|Bulk Up|p1a: Annihilape\n|-boost|p1a: Annihilape|atk|1\n|-boost|p1a: Annihilape|def|1\n|move|p2a: Vespiquen|Air Slash|p1a: Annihilape|[miss]\n|-miss|p2a: Vespiquen|p1a: Annihilape\n|\n|upkeep\n|turn|12\n|inactive|Time left: 300 sec this turn | 300 sec total\n|\n|t:|1783562242\n|move|p1a: Annihilape|Drain Punch|p2a: Vespiquen\n|-resisted|p2a: Vespiquen\n|-damage|p2a: Vespiquen|83/100\n|move|p2a: Vespiquen|Air Slash|p1a: Annihilape\n|-supereffective|p1a: Annihilape\n|-damage|p1a: Annihilape|88/292\n|\n|-heal|p1a: Annihilape|106/292|[from] item: Leftovers\n|upkeep\n|turn|13\n|inactive|Time left: 300 sec this turn | 300 sec total\n|\n|t:|1783562243\n|-terastallize|p1a: Annihilape|Water\n|move|p1a: Annihilape|Drain Punch|p2a: Vespiquen\n|-resisted|p2a: Vespiquen\n|-damage|p2a: Vespiquen|73/100\n|-heal|p1a: Annihilape|121/292|[from] drain|[of] p2a: Vespiquen\n|move|p2a: Vespiquen|Air Slash|p1a: Annihilape\n|-damage|p1a: Annihilape|16/292\n|\n|-heal|p1a: Annihilape|34/292|[from] item: Leftovers\n|upkeep\n|turn|14\n|inactive|Time left: 300 sec this turn | 300 sec total\n|\n|t:|1783562244\n|move|p1a: Annihilape|Gunk Shot|p2a: Vespiquen\n|-damage|p2a: Vespiquen|34/100\n|move|p2a: Vespiquen|Air Slash|p1a: Annihilape\n|-damage|p1a: Annihilape|0 fnt\n|faint|p1a: Annihilape\n|\n|upkeep\n|inactive|Time left: 300 sec this turn | 300 sec total | 5 sec grace\n|\n|t:|1783562245\n|switch|p1a: Tsareena|Tsareena, L87, F|267/267\n|-damage|p1a: Tsareena|234/267|[from] Stealth Rock\n|turn|15\n|inactive|Time left: 300 sec this turn | 300 sec total\n|\n|t:|1783562246\n|move|p1a: Tsareena|Knock Off|p2a: Vespiquen\n|-damage|p2a: Vespiquen|0 fnt\n|-enditem|p2a: Vespiquen|Heavy-Duty Boots|[from] move: Knock Off|[of] p1a: Tsareena\n|faint|p2a: Vespiquen\n|\n|upkeep\n|\n|t:|1783562247\n|switch|p2a: Froslass|Froslass, L87, F|100/100\n|turn|16\n|inactive|Time left: 300 sec this turn | 300 sec total\n|\n|t:|1783562248\n|-terastallize|p2a: Froslass|Ice\n|move|p2a: Froslass|Triple Axel|p1a: Tsareena\n|-supereffective|p1a: Tsareena\n|-damage|p1a: Tsareena|186/267\n|-supereffective|p1a: Tsareena\n|-damage|p1a: Tsareena|94/267\n|-supereffective|p1a: Tsareena\n|-damage|p1a: Tsareena|0 fnt\n|faint|p1a: Tsareena\n|-hitcount|p1: Tsareena|3\n|\n|upkeep\n|inactive|Time left: 300 sec this turn | 300 sec total | 5 sec grace\n|\n|t:|1783562249\n|switch|p1a: Mesprit|Mesprit, L85|275/275\n|-damage|p1a: Mesprit|241/275|[from] Stealth Rock\n|turn|17\n|inactive|Time left: 300 sec this turn | 300 sec total\n|\n|t:|1783562250\n|move|p2a: Froslass|Poltergeist|p1a: Mesprit\n|-activate|p1a: Mesprit|move: Poltergeist|Leftovers\n|-supereffective|p1a: Mesprit\n|-damage|p1a: Mesprit|53/275\n|move|p1a: Mesprit|Drain Punch|p2a: Froslass\n|-supereffective|p2a: Froslass\n|-crit|p2a: Froslass\n|-damage|p2a: Froslass|23/100\n|-heal|p1a: Mesprit|155/275|[from] drain|[of] p2a: Froslass\n|\n|-heal|p1a: Mesprit|172/275|[from] item: Leftovers\n|upkeep\n|turn|18\n|inactive|Time left: 300 sec this turn | 300 sec total\n|\n|t:|1783562251\n|switch|p1a: Iron Thorns|Iron Thorns, L83|6/302\n|-damage|p1a: Iron Thorns|0 fnt|[from] Stealth Rock\n|faint|p1a: Iron Thorns\n|-end|p1a: Iron Thorns|Quark Drive|[silent]\n|move|p2a: Froslass|Poltergeist|p1: Iron Thorns|[notarget]\n|-fail|p2a: Froslass\n|\n|upkeep\n|inactive|Time left: 300 sec this turn | 300 sec total | 5 sec grace\n|\n|t:|1783562252\n|switch|p1a: Scream Tail|Scream Tail, L84|330/330\n|-damage|p1a: Scream Tail|289/330|[from] Stealth Rock\n|turn|19\n|inactive|Time left: 300 sec this turn | 300 sec total\n|\n|t:|1783562253\n|move|p1a: Scream Tail|Protect|p1a: Scream Tail\n|-singleturn|p1a: Scream Tail|Protect\n|move|p2a: Froslass|Poltergeist|p1a: Scream Tail\n|-activate|p1a: Scream Tail|move: Protect\n|\n|-heal|p1a: Scream Tail|309/330|[from] item: Leftovers\n|upkeep\n|turn|20\n|inactive|Time left: 300 sec this turn | 300 sec total\n|\n|t:|1783562254\n|move|p2a: Froslass|Poltergeist|p1a: Scream Tail\n|-activate|p1a: Scream Tail|move: Poltergeist|Leftovers\n|-supereffective|p1a: Scream Tail\n|-damage|p1a: Scream Tail|111/330\n|move|p1a: Scream Tail|Dazzling Gleam|p2a: Froslass\n|-damage|p2a: Froslass|0 fnt\n|-start|p1a: Scream Tail|Disable|Dazzling Gleam|[from] ability: Cursed Body|[of] p2a: Froslass\n|faint|p2a: Froslass\n|\n|-heal|p1a: Scream Tail|131/330|[from] item: Leftovers\n|upkeep\n|\n|t:|1783562255\n|switch|p2a: Persian|Persian, L92, M|100/100\n|turn|21\n|inactive|Time left: 300 sec this turn | 300 sec total\n|\n|t:|1783562256\n|move|p1a: Scream Tail|Protect|p1a: Scream Tail\n|-singleturn|p1a: Scream Tail|Protect\n|move|p2a: Persian|Double-Edge|p1a: Scream Tail\n|-activate|p1a: Scream Tail|move: Protect\n|\n|-heal|p1a: Scream Tail|151/330|[from] item: Leftovers\n|upkeep\n|turn|22\n|inactive|Time left: 300 sec this turn | 300 sec total\n|\n|t:|1783562256\n|move|p1a: Scream Tail|Protect||[still]\n|-fail|p1a: Scream Tail\n|move|p2a: Persian|Double-Edge|p1a: Scream Tail\n|-damage|p1a: Scream Tail|0 fnt\n|faint|p1a: Scream Tail\n|-end|p1a: Scream Tail|Protosynthesis|[silent]\n|-damage|p2a: Persian|82/100|[from] Recoil\n|\n|upkeep\n|inactive|Time left: 300 sec this turn | 300 sec total | 5 sec grace\n|\n|t:|1783562257\n|switch|p1a: Mesprit|Mesprit, L85|172/275\n|-damage|p1a: Mesprit|138/275|[from] Stealth Rock\n|turn|23\n|inactive|Time left: 300 sec this turn | 300 sec total\n|\n|t:|1783562258\n|move|p2a: Persian|Double-Edge|p1a: Mesprit\n|-damage|p1a: Mesprit|0 fnt\n|faint|p1a: Mesprit\n|-damage|p2a: Persian|65/100|[from] Recoil\n|\n|win|p0y1922a3c1", "uploadtime": 1783562258, "views": 0, "rating": 0, "private": 0, "password": null, "_winner": "p0y1922a3c1", "_our_name": "p0x1922b56e"}