{"id": "battle-gen9randombattle-2011", "formatid": "gen9randombattle", "format": "[Gen 9] Random Battle", "players": ["p0x201126c0", "p0y2011b500"], "log": "|init|battle\n|title|p0x201126c0 vs. p0y2011b500\n|j|\u2606p0x201126c0\n|j|\u2606p0y2011b500\n|t:|1783562551\n|gametype|singles\n|player|p1|p0x201126c0|265|\n|player|p2|p0y2011b500|1|\n|gen|9\n|tier|[Gen 9] Random Battle\n|rule|Species Clause: Limit one of each Pok\u00e9mon\n|rule|HP Percentage Mod: HP is shown in percentages\n|rule|Sleep Clause Mod: Limit one foe put to sleep\n|rule|Illusion Level Mod: Illusion disguises the Pok\u00e9mon's true level\n|\n|t:|1783562551\n|teamsize|p1|6\n|teamsize|p2|6\n|start\n|switch|p1a: Thundurus|Thundurus, L80, M|258/258\n|switch|p2a: Suicune|Suicune, L82|100/100\n|-ability|p2a: Suicune|Pressure\n|turn|1\n|inactive|Battle timer is ON: inactive players will automatically lose when time's up. (requested by p0x201126c0)\n|inactive|p0y2011b500 also wants the timer to be on.\n|\n|t:|1783562552\n|move|p1a: Thundurus|Thunderbolt|p2a: Suicune\n|-supereffective|p2a: Suicune\n|-damage|p2a: Suicune|40/100\n|move|p2a: Suicune|Calm Mind|p2a: Suicune\n|-boost|p2a: Suicune|spa|1\n|-boost|p2a: Suicune|spd|1\n|\n|-heal|p2a: Suicune|46/100|[from] item: Leftovers\n|upkeep\n|turn|2\n|inactive|Time left: 300 sec this turn | 300 sec total\n|\n|t:|1783562553\n|move|p1a: Thundurus|Thunderbolt|p2a: Suicune\n|-supereffective|p2a: Suicune\n|-damage|p2a: Suicune|8/100\n|move|p2a: Suicune|Scald|p1a: Thundurus\n|-damage|p1a: Thundurus|126/258\n|-status|p1a: Thundurus|brn\n|\n|-heal|p2a: Suicune|14/100|[from] item: Leftovers\n|-damage|p1a: Thundurus|110/258 brn|[from] brn\n|upkeep\n|turn|3\n|inactive|Time left: 300 sec this turn | 300 sec total\n|\n|t:|1783562554\n|switch|p2a: Glastrier|Glastrier, L86|100/100\n|move|p1a: Thundurus|Thunderbolt|p2a: Glastrier\n|-damage|p2a: Glastrier|74/100\n|\n|-damage|p1a: Thundurus|94/258 brn|[from] brn\n|upkeep\n|turn|4\n|inactive|Time left: 300 sec this turn | 300 sec total\n|\n|t:|1783562556\n|move|p1a: Thundurus|Grass Knot|p2a: Glastrier\n|-damage|p2a: Glastrier|51/100\n|move|p2a: Glastrier|Icicle Crash|p1a: Thundurus\n|-supereffective|p1a: Thundurus\n|-damage|p1a: Thundurus|0 fnt\n|faint|p1a: Thundurus\n|-ability|p2a: Glastrier|Chilling Neigh|boost\n|-boost|p2a: Glastrier|atk|1\n|\n|upkeep\n|inactive|Time left: 300 sec this turn | 300 sec total | 5 sec grace\n|\n|t:|1783562556\n|switch|p1a: Passimian|Passimian, L83, F|302/302\n|turn|5\n|inactive|Time left: 300 sec this turn | 300 sec total\n|\n|t:|1783562558\n|move|p1a: Passimian|Close Combat|p2a: Glastrier\n|-supereffective|p2a: Glastrier\n|-damage|p2a: Glastrier|0 fnt\n|-unboost|p1a: Passimian|def|1\n|-unboost|p1a: Passimian|spd|1\n|faint|p2a: Glastrier\n|\n|upkeep\n|\n|t:|1783562559\n|switch|p2a: Torterra|Torterra, L78, F|100/100\n|turn|6\n|inactive|Time left: 300 sec this turn | 300 sec total\n|\n|t:|1783562560\n|-terastallize|p1a: Passimian|Fighting\n|move|p1a: Passimian|Close Combat|p2a: Torterra\n|-damage|p2a: Torterra|0 fnt\n|-unboost|p1a: Passimian|def|1\n|-unboost|p1a: Passimian|spd|1\n|faint|p2a: Torterra\n|\n|upkeep\n|\n|t:|1783562560\n|switch|p2a: Houndoom|Houndoom, L87, F|100/100\n|turn|7\n|inactive|Time left: 300 sec this turn | 300 sec total\n|\n|t:|1783562561\n|switch|p2a: Great Tusk|Great Tusk, L77|100/100\n|switch|p1a: Krookodile|Krookodile, L79, M|280/280\n|-ability|p1a: Krookodile|Intimidate|boost\n|-unboost|p2a: Great Tusk|atk|1\n|\n|upkeep\n|turn|8\n|inactive|Time left: 300 sec this turn | 300 sec total\n|\n|t:|1783562563\n|move|p1a: Krookodile|Bulk Up|p1a: Krookodile\n|-boost|p1a: Krookodile|atk|1\n|-boost|p1a: Krookodile|def|1\n|move|p2a: Great Tusk|Stealth Rock|p1a: Krookodile\n|-sidestart|p1: p0x201126c0|move: Stealth Rock\n|\n|upkeep\n|turn|9\n|inactive|Time left: 300 sec this turn | 300 sec total\n|\n|t:|1783562564\n|-end|p2a: Great Tusk|Protosynthesis|[silent]\n|switch|p2a: Braviary|Braviary, L85, M|100/100\n|move|p1a: Krookodile|Bulk Up|p1a: Krookodile\n|-boost|p1a: Krookodile|atk|1\n|-boost|p1a: Krookodile|def|1\n|\n|upkeep\n|turn|10\n|inactive|Time left: 300 sec this turn | 300 sec total\n|\n|t:|1783562565\n|move|p1a: Krookodile|Knock Off|p2a: Braviary\n|-damage|p2a: Braviary|24/100\n|-enditem|p2a: Braviary|Heavy-Duty Boots|[from] move: Knock Off|[of] p1a: Krookodile\n|move|p2a: Braviary|Roost|p2a: Braviary\n|-heal|p2a: Braviary|75/100\n|-singleturn|p2a: Braviary|move: Roost\n|\n|upkeep\n|turn|11\n|inactive|Time left: 300 sec this turn | 300 sec total\n|\n|t:|1783562566\n|move|p1a: Krookodile|Knock Off|p2a: Braviary\n|-damage|p2a: Braviary|21/100\n|move|p2a: Braviary|Roost|p2a: Braviary\n|-heal|p2a: Braviary|71/100\n|-singleturn|p2a: Braviary|move: Roost\n|\n|upkeep\n|turn|12\n|inactive|Time left: 300 sec this turn | 300 sec total\n|\n|t:|1783562567\n|move|p1a: Krookodile|Knock Off|p2a: Braviary\n|-crit|p2a: Braviary\n|-damage|p2a: Braviary|0 fnt\n|faint|p2a: Braviary\n|\n|upkeep\n|\n|t:|1783562568\n|switch|p2a: Great Tusk|Great Tusk, L77|100/100\n|turn|13\n|inactive|Time left: 300 sec this turn | 300 sec total\n|\n|t:|1783562569\n|move|p1a: Krookodile|Earthquake|p2a: Great Tusk\n|-damage|p2a: Great Tusk|45/100\n|move|p2a: Great Tusk|Close Combat|p1a: Krookodile\n|-supereffective|p1a: Krookodile\n|-damage|p1a: Krookodile|136/280\n|-unboost|p2a: Great Tusk|def|1\n|-unboost|p2a: Great Tusk|spd|1\n|\n|-heal|p1a: Krookodile|153/280|[from] item: Leftovers\n|-heal|p2a: Great Tusk|51/100|[from] item: Leftovers\n|upkeep\n|turn|14\n|inactive|Time left: 300 sec this turn | 300 sec total\n|\n|t:|1783562570\n|move|p1a: Krookodile|Earthquake|p2a: Great Tusk\n|-damage|p2a: Great Tusk|0 fnt\n|faint|p2a: Great Tusk\n|-end|p2a: Great Tusk|Protosynthesis|[silent]\n|\n|-heal|p1a: Krookodile|170/280|[from] item: Leftovers\n|upkeep\n|\n|t:|1783562571\n|switch|p2a: Houndoom|Houndoom, L87, F|100/100\n|turn|15\n|inactive|Time left: 300 sec this turn | 300 sec total\n|\n|t:|1783562572\n|move|p2a: Houndoom|Fire Blast|p1a: Krookodile\n|-damage|p1a: Krookodile|2/280\n|move|p1a: Krookodile|Earthquake|p2a: Houndoom\n|-supereffective|p2a: Houndoom\n|-damage|p2a: Houndoom|0 fnt\n|faint|p2a: Houndoom\n|\n|-heal|p1a: Krookodile|19/280|[from] item: Leftovers\n|upkeep\n|\n|t:|1783562573\n|switch|p2a: Suicune|Suicune, L82|14/100\n|-ability|p2a: Suicune|Pressure\n|turn|16\n|inactive|Time left: 300 sec this turn | 300 sec total\n|\n|t:|1783562573\n|move|p1a: Krookodile|Knock Off|p2a: Suicune\n|-damage|p2a: Suicune|0 fnt\n|-enditem|p2a: Suicune|Leftovers|[from] move: Knock Off|[of] p1a: Krookodile\n|faint|p2a: Suicune\n|\n|win|p0x201126c0", "uploadtime": 1783562574, "views": 0, "rating": 0, "private": 0, "password": null, "_winner": "p0x201126c0", "_our_name": "p0x201126c0"}