{"id": "battle-gen9randombattle-1542", "formatid": "gen9randombattle", "format": "[Gen 9] Random Battle", "players": ["p0x1542c49e", "p0y1542d234"], "log": "|init|battle\n|title|p0x1542c49e vs. p0y1542d234\n|j|\u2606p0x1542c49e\n|j|\u2606p0y1542d234\n|t:|1783557030\n|gametype|singles\n|player|p1|p0x1542c49e|101|\n|player|p2|p0y1542d234|169|\n|gen|9\n|tier|[Gen 9] Random Battle\n|rule|Species Clause: Limit one of each Pok\u00e9mon\n|rule|HP Percentage Mod: HP is shown in percentages\n|rule|Sleep Clause Mod: Limit one foe put to sleep\n|rule|Illusion Level Mod: Illusion disguises the Pok\u00e9mon's true level\n|\n|t:|1783557030\n|teamsize|p1|6\n|teamsize|p2|6\n|start\n|switch|p1a: Houndstone|Houndstone, L86, M|100/100\n|switch|p2a: Rhydon|Rhydon, L85, M|317/317\n|turn|1\n|inactive|Battle timer is ON: inactive players will automatically lose when time's up. (requested by p0x1542c49e)\n|inactive|Time left: 300 sec this turn | 300 sec total | 60 sec grace\n|inactive|p0y1542d234 also wants the timer to be on.\n|\n|t:|1783557032\n|move|p1a: Houndstone|Play Rough|p2a: Rhydon|[miss]\n|-miss|p1a: Houndstone|p2a: Rhydon\n|move|p2a: Rhydon|Earthquake|p1a: Houndstone\n|-damage|p1a: Houndstone|50/100\n|\n|upkeep\n|turn|2\n|inactive|Time left: 300 sec this turn | 300 sec total\n|\n|t:|1783557033\n|move|p1a: Houndstone|Poltergeist|p2a: Rhydon\n|-activate|p2a: Rhydon|move: Poltergeist|Eviolite\n|-damage|p2a: Rhydon|254/317\n|move|p2a: Rhydon|Stone Edge|p1a: Houndstone\n|-damage|p1a: Houndstone|4/100\n|\n|upkeep\n|turn|3\n|inactive|Time left: 300 sec this turn | 300 sec total\n|\n|t:|1783557034\n|move|p1a: Houndstone|Play Rough|p2a: Rhydon\n|-damage|p2a: Rhydon|220/317\n|move|p2a: Rhydon|Stealth Rock|p1a: Houndstone\n|-sidestart|p1: p0x1542c49e|move: Stealth Rock\n|\n|upkeep\n|turn|4\n|inactive|Time left: 300 sec this turn | 300 sec total\n|\n|t:|1783557035\n|move|p1a: Houndstone|Poltergeist|p2a: Rhydon\n|-activate|p2a: Rhydon|move: Poltergeist|Eviolite\n|-damage|p2a: Rhydon|156/317\n|move|p2a: Rhydon|Earthquake|p1a: Houndstone\n|-damage|p1a: Houndstone|0 fnt\n|faint|p1a: Houndstone\n|\n|upkeep\n|\n|t:|1783557036\n|switch|p1a: Manaphy|Manaphy, L78|100/100\n|-damage|p1a: Manaphy|88/100|[from] Stealth Rock\n|turn|5\n|inactive|Time left: 300 sec this turn | 300 sec total\n|\n|t:|1783557037\n|switch|p2a: Luxray|Luxray, L88, F|284/284\n|-ability|p2a: Luxray|Intimidate|boost\n|-unboost|p1a: Manaphy|atk|1\n|move|p1a: Manaphy|Tail Glow|p1a: Manaphy\n|-boost|p1a: Manaphy|spa|3\n|\n|-heal|p1a: Manaphy|94/100|[from] item: Leftovers\n|upkeep\n|turn|6\n|inactive|Time left: 300 sec this turn | 300 sec total\n|\n|t:|1783557039\n|move|p1a: Manaphy|Ice Beam|p2a: Luxray\n|-damage|p2a: Luxray|187/284\n|move|p2a: Luxray|Volt Switch|p1a: Manaphy\n|-supereffective|p1a: Manaphy\n|-damage|p1a: Manaphy|36/100\n|inactive|Time left: 300 sec this turn | 300 sec total | 5 sec grace\n|\n|t:|1783557040\n|switch|p2a: Staraptor|Staraptor, L79, F|263/263|[from] Volt Switch\n|\n|-heal|p1a: Manaphy|42/100|[from] item: Leftovers\n|upkeep\n|turn|7\n|inactive|Time left: 300 sec this turn | 300 sec total\n|\n|t:|1783557041\n|move|p2a: Staraptor|Brave Bird|p1a: Manaphy\n|-damage|p1a: Manaphy|0 fnt\n|faint|p1a: Manaphy\n|-damage|p2a: Staraptor|224/263|[from] Recoil\n|\n|upkeep\n|\n|t:|1783557042\n|switch|p1a: Pincurchin|Pincurchin, F|100/100\n|-damage|p1a: Pincurchin|88/100|[from] Stealth Rock\n|-fieldstart|move: Electric Terrain|[from] ability: Electric Surge|[of] p1a: Pincurchin\n|turn|8\n|inactive|Time left: 300 sec this turn | 300 sec total\n|\n|t:|1783557043\n|switch|p2a: Luxray|Luxray, L88, F|187/284\n|-ability|p2a: Luxray|Intimidate|boost\n|-unboost|p1a: Pincurchin|atk|1\n|move|p1a: Pincurchin|Zing Zap|p2a: Luxray\n|-resisted|p2a: Luxray\n|-damage|p2a: Luxray|129/284\n|\n|-heal|p1a: Pincurchin|94/100|[from] item: Leftovers\n|upkeep\n|turn|9\n|inactive|Time left: 300 sec this turn | 300 sec total\n|\n|t:|1783557044\n|move|p2a: Luxray|Volt Switch|p1a: Pincurchin\n|-resisted|p1a: Pincurchin\n|-damage|p1a: Pincurchin|78/100\n|inactive|Time left: 300 sec this turn | 300 sec total | 5 sec grace\n|\n|t:|1783557045\n|switch|p2a: Necrozma|Necrozma-Dawn-Wings, L76|272/272|[from] Volt Switch\n|move|p1a: Pincurchin|Zing Zap|p2a: Necrozma\n|-damage|p2a: Necrozma|176/272\n|\n|-heal|p2a: Necrozma|193/272|[from] item: Leftovers\n|-heal|p1a: Pincurchin|84/100|[from] item: Leftovers\n|upkeep\n|turn|10\n|inactive|Time left: 300 sec this turn | 300 sec total\n|\n|t:|1783557046\n|switch|p1a: Darkrai|Darkrai, L77|100/100\n|-damage|p1a: Darkrai|88/100|[from] Stealth Rock\n|move|p2a: Necrozma|Photon Geyser|p1a: Darkrai\n|-immune|p1a: Darkrai\n|\n|-heal|p2a: Necrozma|210/272|[from] item: Leftovers\n|upkeep\n|turn|11\n|inactive|Time left: 300 sec this turn | 300 sec total\n|\n|t:|1783557047\n|switch|p2a: Gurdurr|Gurdurr, L85, F|283/283\n|move|p1a: Darkrai|Nasty Plot|p1a: Darkrai\n|-boost|p1a: Darkrai|spa|2\n|\n|upkeep\n|turn|12\n|inactive|Time left: 300 sec this turn | 300 sec total\n|\n|t:|1783557048\n|-terastallize|p1a: Darkrai|Poison\n|move|p1a: Darkrai|Sludge Bomb|p2a: Gurdurr\n|-damage|p2a: Gurdurr|32/283\n|-status|p2a: Gurdurr|psn\n|-damage|p1a: Darkrai|78/100|[from] item: Life Orb\n|move|p2a: Gurdurr|Drain Punch|p1a: Darkrai\n|-resisted|p1a: Darkrai\n|-damage|p1a: Darkrai|51/100\n|-heal|p2a: Gurdurr|64/283 psn|[from] drain|[of] p1a: Darkrai\n|\n|-damage|p2a: Gurdurr|29/283 psn|[from] psn\n|-fieldend|move: Electric Terrain\n|upkeep\n|turn|13\n|inactive|Time left: 300 sec this turn | 300 sec total\n|\n|t:|1783557049\n|move|p1a: Darkrai|Dark Pulse|p2a: Gurdurr\n|-resisted|p2a: Gurdurr\n|-damage|p2a: Gurdurr|0 fnt\n|faint|p2a: Gurdurr\n|-damage|p1a: Darkrai|41/100|[from] item: Life Orb\n|\n|upkeep\n|inactive|Time left: 300 sec this turn | 300 sec total | 5 sec grace\n|\n|t:|1783557050\n|switch|p2a: Staraptor|Staraptor, L79, F|224/263\n|turn|14\n|inactive|Time left: 300 sec this turn | 300 sec total\n|\n|t:|1783557051\n|move|p2a: Staraptor|Double-Edge|p1a: Darkrai\n|-damage|p1a: Darkrai|0 fnt\n|faint|p1a: Darkrai\n|-damage|p2a: Staraptor|193/263|[from] Recoil\n|\n|upkeep\n|\n|t:|1783557052\n|switch|p1a: Pincurchin|Pincurchin, F|84/100\n|-damage|p1a: Pincurchin|71/100|[from] Stealth Rock\n|-fieldstart|move: Electric Terrain|[from] ability: Electric Surge|[of] p1a: Pincurchin\n|turn|15\n|inactive|Time left: 300 sec this turn | 300 sec total\n|\n|t:|1783557053\n|move|p2a: Staraptor|Double-Edge|p1a: Pincurchin\n|-damage|p1a: Pincurchin|25/100\n|-damage|p2a: Staraptor|153/263|[from] Recoil\n|move|p1a: Pincurchin|Liquidation|p2a: Staraptor\n|-damage|p2a: Staraptor|38/263\n|\n|-heal|p1a: Pincurchin|31/100|[from] item: Leftovers\n|upkeep\n|turn|16\n|inactive|Time left: 300 sec this turn | 300 sec total\n|\n|t:|1783557053\n|switch|p1a: Garganacl|Garganacl, L80, F|100/100\n|-damage|p1a: Garganacl|88/100|[from] Stealth Rock\n|move|p2a: Staraptor|Double-Edge|p1a: Garganacl\n|-resisted|p1a: Garganacl\n|-damage|p1a: Garganacl|68/100\n|-damage|p2a: Staraptor|19/263|[from] Recoil\n|\n|-heal|p1a: Garganacl|74/100|[from] item: Leftovers\n|upkeep\n|turn|17\n|inactive|Time left: 300 sec this turn | 300 sec total\n|\n|t:|1783557054\n|switch|p2a: Necrozma|Necrozma-Dawn-Wings, L76|210/272\n|move|p1a: Garganacl|Stealth Rock|p2a: Necrozma\n|-sidestart|p2: p0y1542d234|move: Stealth Rock\n|\n|-heal|p2a: Necrozma|227/272|[from] item: Leftovers\n|-heal|p1a: Garganacl|81/100|[from] item: Leftovers\n|upkeep\n|turn|18\n|inactive|Time left: 300 sec this turn | 300 sec total\n|\n|t:|1783557055\n|move|p2a: Necrozma|Calm Mind|p2a: Necrozma\n|-boost|p2a: Necrozma|spa|1\n|-boost|p2a: Necrozma|spd|1\n|move|p1a: Garganacl|Recover|p1a: Garganacl\n|-heal|p1a: Garganacl|100/100\n|\n|-heal|p2a: Necrozma|244/272|[from] item: Leftovers\n|upkeep\n|turn|19\n|inactive|Time left: 300 sec this turn | 300 sec total\n|\n|t:|1783557056\n|move|p2a: Necrozma|Photon Geyser|p1a: Garganacl\n|-damage|p1a: Garganacl|31/100\n|move|p1a: Garganacl|Salt Cure|p2a: Necrozma\n|-damage|p2a: Necrozma|208/272\n|-start|p2a: Necrozma|Salt Cure\n|\n|-heal|p2a: Necrozma|225/272|[from] item: Leftovers\n|-heal|p1a: Garganacl|37/100|[from] item: Leftovers\n|-damage|p2a: Necrozma|191/272|[from] Salt Cure\n|-fieldend|move: Electric Terrain\n|upkeep\n|turn|20\n|inactive|Time left: 300 sec this turn | 300 sec total\n|\n|t:|1783557057\n|move|p2a: Necrozma|Moongeist Beam|p1a: Garganacl\n|-damage|p1a: Garganacl|0 fnt\n|faint|p1a: Garganacl\n|\n|-heal|p2a: Necrozma|208/272|[from] item: Leftovers\n|-damage|p2a: Necrozma|174/272|[from] Salt Cure\n|upkeep\n|\n|t:|1783557058\n|switch|p1a: Pincurchin|Pincurchin, F|31/100\n|-damage|p1a: Pincurchin|18/100|[from] Stealth Rock\n|-fieldstart|move: Electric Terrain|[from] ability: Electric Surge|[of] p1a: Pincurchin\n|turn|21\n|inactive|Time left: 300 sec this turn | 300 sec total\n|\n|t:|1783557059\n|move|p2a: Necrozma|Moongeist Beam|p1a: Pincurchin\n|-damage|p1a: Pincurchin|0 fnt\n|faint|p1a: Pincurchin\n|\n|-heal|p2a: Necrozma|191/272|[from] item: Leftovers\n|-damage|p2a: Necrozma|157/272|[from] Salt Cure\n|upkeep\n|\n|t:|1783557059\n|switch|p1a: Azumarill|Azumarill, L82, F|100/100\n|-damage|p1a: Azumarill|88/100|[from] Stealth Rock\n|turn|22\n|inactive|Time left: 300 sec this turn | 300 sec total\n|\n|t:|1783557060\n|move|p2a: Necrozma|Photon Geyser|p1a: Azumarill\n|-damage|p1a: Azumarill|19/100\n|-enditem|p1a: Azumarill|Sitrus Berry|[eat]\n|-heal|p1a: Azumarill|43/100|[from] item: Sitrus Berry\n|move|p1a: Azumarill|Liquidation|p2a: Necrozma\n|-damage|p2a: Necrozma|64/272\n|\n|-heal|p2a: Necrozma|81/272|[from] item: Leftovers\n|-damage|p2a: Necrozma|47/272|[from] Salt Cure\n|upkeep\n|turn|23\n|inactive|Time left: 300 sec this turn | 300 sec total\n|\n|t:|1783557061\n|-terastallize|p2a: Necrozma|Dark\n|move|p1a: Azumarill|Aqua Jet|p2a: Necrozma\n|-damage|p2a: Necrozma|1/272\n|move|p2a: Necrozma|Photon Geyser|p1a: Azumarill\n|-crit|p1a: Azumarill\n|-damage|p1a: Azumarill|0 fnt\n|faint|p1a: Azumarill\n|\n|win|p0y1542d234", "uploadtime": 1783557061, "views": 0, "rating": 0, "private": 0, "password": null, "_winner": "p0y1542d234", "_our_name": "p0y1542d234"}