{"id": "battle-gen9randombattle-1088", "formatid": "gen9randombattle", "format": "[Gen 9] Random Battle", "players": ["p0x1088df83", "p0y10887053"], "log": "|init|battle\n|title|p0x1088df83 vs. p0y10887053\n|j|\u2606p0x1088df83\n|j|\u2606p0y10887053\n|t:|1783551807\n|gametype|singles\n|player|p1|p0x1088df83|265|\n|player|p2|p0y10887053|266|\n|gen|9\n|tier|[Gen 9] Random Battle\n|rule|Species Clause: Limit one of each Pok\u00e9mon\n|rule|HP Percentage Mod: HP is shown in percentages\n|rule|Sleep Clause Mod: Limit one foe put to sleep\n|rule|Illusion Level Mod: Illusion disguises the Pok\u00e9mon's true level\n|\n|t:|1783551807\n|teamsize|p1|6\n|teamsize|p2|6\n|start\n|switch|p1a: Quaquaval|Quaquaval, L79, M|264/264\n|switch|p2a: Tauros|Tauros-Paldea-Aqua, L81, M|100/100\n|-ability|p2a: Tauros|Intimidate|boost\n|-unboost|p1a: Quaquaval|atk|1\n|turn|1\n|inactive|Battle timer is ON: inactive players will automatically lose when time's up. (requested by p0y10887053)\n|inactive|Time left: 300 sec this turn | 300 sec total | 60 sec grace\n|\n|t:|1783551808\n|move|p2a: Tauros|Close Combat|p1a: Quaquaval\n|-damage|p1a: Quaquaval|57/264\n|-unboost|p2a: Tauros|def|1\n|-unboost|p2a: Tauros|spd|1\n|move|p1a: Quaquaval|Swords Dance|p1a: Quaquaval\n|-boost|p1a: Quaquaval|atk|2\n|\n|-heal|p1a: Quaquaval|73/264|[from] item: Leftovers\n|upkeep\n|turn|2\n|inactive|Time left: 300 sec this turn | 300 sec total\n|inactive|p0x1088df83 also wants the timer to be on.\n|\n|t:|1783551809\n|switch|p1a: Amoonguss|Amoonguss, L82, F|321/321\n|move|p2a: Tauros|Close Combat|p1a: Amoonguss\n|-resisted|p1a: Amoonguss\n|-damage|p1a: Amoonguss|196/321\n|-unboost|p2a: Tauros|def|1\n|-unboost|p2a: Tauros|spd|1\n|-damage|p2a: Tauros|84/100|[from] item: Rocky Helmet|[of] p1a: Amoonguss\n|\n|upkeep\n|turn|3\n|inactive|Time left: 300 sec this turn | 300 sec total\n|\n|t:|1783551810\n|move|p2a: Tauros|Close Combat|p1a: Amoonguss\n|-resisted|p1a: Amoonguss\n|-damage|p1a: Amoonguss|73/321\n|-unboost|p2a: Tauros|def|1\n|-unboost|p2a: Tauros|spd|1\n|-damage|p2a: Tauros|67/100|[from] item: Rocky Helmet|[of] p1a: Amoonguss\n|move|p1a: Amoonguss|Spore|p2a: Tauros\n|-status|p2a: Tauros|slp|[from] move: Spore\n|\n|upkeep\n|turn|4\n|inactive|Time left: 300 sec this turn | 300 sec total\n|\n|t:|1783551811\n|switch|p2a: Dragalge|Dragalge, L88, M|100/100\n|move|p1a: Amoonguss|Sludge Bomb|p2a: Dragalge\n|-resisted|p2a: Dragalge\n|-damage|p2a: Dragalge|89/100\n|\n|upkeep\n|turn|5\n|inactive|Time left: 300 sec this turn | 300 sec total\n|\n|t:|1783551812\n|switch|p1a: Rotom|Rotom-Fan, L86|226/226\n|move|p2a: Dragalge|Sludge Wave|p1a: Rotom\n|-damage|p1a: Rotom|42/226\n|\n|upkeep\n|turn|6\n|inactive|Time left: 300 sec this turn | 300 sec total\n|\n|t:|1783551813\n|move|p1a: Rotom|Air Slash|p2a: Dragalge\n|-damage|p2a: Dragalge|66/100\n|move|p2a: Dragalge|Sludge Wave|p1a: Rotom\n|-damage|p1a: Rotom|0 fnt\n|faint|p1a: Rotom\n|\n|upkeep\n|inactive|Time left: 300 sec this turn | 300 sec total | 5 sec grace\n|\n|t:|1783551814\n|switch|p1a: Quaquaval|Quaquaval, L79, M|73/264\n|turn|7\n|inactive|Time left: 300 sec this turn | 300 sec total\n|\n|t:|1783551815\n|-terastallize|p1a: Quaquaval|Steel\n|move|p1a: Quaquaval|Swords Dance|p1a: Quaquaval\n|-boost|p1a: Quaquaval|atk|2\n|move|p2a: Dragalge|Sludge Wave|p1a: Quaquaval\n|-immune|p1a: Quaquaval\n|\n|-heal|p1a: Quaquaval|89/264|[from] item: Leftovers\n|upkeep\n|turn|8\n|inactive|Time left: 300 sec this turn | 300 sec total\n|\n|t:|1783551816\n|switch|p2a: Milotic|Milotic, L83, M|100/100\n|move|p1a: Quaquaval|Aqua Step|p2a: Milotic\n|-resisted|p2a: Milotic\n|-damage|p2a: Milotic|68/100\n|-boost|p1a: Quaquaval|spe|1\n|\n|-heal|p1a: Quaquaval|105/264|[from] item: Leftovers\n|-heal|p2a: Milotic|75/100|[from] item: Leftovers\n|upkeep\n|turn|9\n|inactive|Time left: 300 sec this turn | 300 sec total\n|\n|t:|1783551817\n|switch|p2a: Tauros|Tauros-Paldea-Aqua, L81, M|67/100 slp\n|-ability|p2a: Tauros|Intimidate|boost\n|-unboost|p1a: Quaquaval|atk|1\n|move|p1a: Quaquaval|Close Combat|p2a: Tauros\n|-damage|p2a: Tauros|0 fnt\n|-unboost|p1a: Quaquaval|def|1\n|-unboost|p1a: Quaquaval|spd|1\n|faint|p2a: Tauros\n|-ability|p1a: Quaquaval|Moxie|boost\n|-boost|p1a: Quaquaval|atk|1\n|\n|-heal|p1a: Quaquaval|121/264|[from] item: Leftovers\n|upkeep\n|\n|t:|1783551818\n|switch|p2a: Dragalge|Dragalge, L88, M|66/100\n|turn|10\n|inactive|Time left: 300 sec this turn | 300 sec total\n|\n|t:|1783551819\n|move|p1a: Quaquaval|Close Combat|p2a: Dragalge\n|-resisted|p2a: Dragalge\n|-damage|p2a: Dragalge|17/100\n|-unboost|p1a: Quaquaval|def|1\n|-unboost|p1a: Quaquaval|spd|1\n|move|p2a: Dragalge|Draco Meteor|p1a: Quaquaval\n|-resisted|p1a: Quaquaval\n|-damage|p1a: Quaquaval|0 fnt\n|-unboost|p2a: Dragalge|spa|2\n|faint|p1a: Quaquaval\n|\n|upkeep\n|inactive|Time left: 300 sec this turn | 300 sec total | 5 sec grace\n|\n|t:|1783551820\n|switch|p1a: Kyogre|Kyogre, L71|259/259\n|-weather|RainDance|[from] ability: Drizzle|[of] p1a: Kyogre\n|turn|11\n|inactive|Time left: 300 sec this turn | 300 sec total\n|\n|t:|1783551821\n|switch|p2a: Milotic|Milotic, L83, M|75/100\n|move|p1a: Kyogre|Calm Mind|p1a: Kyogre\n|-boost|p1a: Kyogre|spa|1\n|-boost|p1a: Kyogre|spd|1\n|\n|-weather|RainDance|[upkeep]\n|-heal|p2a: Milotic|81/100|[from] item: Leftovers\n|upkeep\n|turn|12\n|inactive|Time left: 300 sec this turn | 300 sec total\n|\n|t:|1783551822\n|move|p2a: Milotic|Haze|p2a: Milotic\n|-clearallboost\n|move|p1a: Kyogre|Thunder|p2a: Milotic\n|-supereffective|p2a: Milotic\n|-damage|p2a: Milotic|40/100\n|\n|-weather|RainDance|[upkeep]\n|-heal|p2a: Milotic|46/100|[from] item: Leftovers\n|upkeep\n|turn|13\n|inactive|Time left: 300 sec this turn | 300 sec total\n|\n|t:|1783551823\n|move|p2a: Milotic|Recover|p2a: Milotic\n|-heal|p2a: Milotic|96/100\n|move|p1a: Kyogre|Thunder|p2a: Milotic\n|-supereffective|p2a: Milotic\n|-crit|p2a: Milotic\n|-damage|p2a: Milotic|37/100\n|-status|p2a: Milotic|par\n|\n|-weather|RainDance|[upkeep]\n|-heal|p2a: Milotic|43/100 par|[from] item: Leftovers\n|upkeep\n|turn|14\n|inactive|Time left: 300 sec this turn | 300 sec total\n|\n|t:|1783551824\n|move|p1a: Kyogre|Calm Mind|p1a: Kyogre\n|-boost|p1a: Kyogre|spa|1\n|-boost|p1a: Kyogre|spd|1\n|move|p2a: Milotic|Recover|p2a: Milotic\n|-heal|p2a: Milotic|93/100 par\n|\n|-weather|RainDance|[upkeep]\n|-heal|p2a: Milotic|99/100 par|[from] item: Leftovers\n|upkeep\n|turn|15\n|inactive|Time left: 300 sec this turn | 300 sec total\n|\n|t:|1783551825\n|move|p1a: Kyogre|Thunder|p2a: Milotic\n|-supereffective|p2a: Milotic\n|-damage|p2a: Milotic|35/100 par\n|cant|p2a: Milotic|par\n|\n|-weather|none\n|-heal|p2a: Milotic|41/100 par|[from] item: Leftovers\n|upkeep\n|turn|16\n|inactive|Time left: 300 sec this turn | 300 sec total\n|\n|t:|1783551826\n|move|p1a: Kyogre|Thunder|p2a: Milotic\n|-supereffective|p2a: Milotic\n|-damage|p2a: Milotic|0 fnt\n|faint|p2a: Milotic\n|\n|upkeep\n|\n|t:|1783551827\n|switch|p2a: Pincurchin|Pincurchin, F|100/100\n|-fieldstart|move: Electric Terrain|[from] ability: Electric Surge|[of] p2a: Pincurchin\n|turn|17\n|inactive|Time left: 300 sec this turn | 300 sec total\n|\n|t:|1783551828\n|move|p1a: Kyogre|Calm Mind|p1a: Kyogre\n|-boost|p1a: Kyogre|spa|1\n|-boost|p1a: Kyogre|spd|1\n|move|p2a: Pincurchin|Thunderbolt|p1a: Kyogre\n|-supereffective|p1a: Kyogre\n|-damage|p1a: Kyogre|121/259\n|\n|-heal|p1a: Kyogre|137/259|[from] item: Leftovers\n|upkeep\n|turn|18\n|inactive|Time left: 300 sec this turn | 300 sec total\n|\n|t:|1783551830\n|move|p1a: Kyogre|Calm Mind|p1a: Kyogre\n|-boost|p1a: Kyogre|spa|1\n|-boost|p1a: Kyogre|spd|1\n|move|p2a: Pincurchin|Thunderbolt|p1a: Kyogre\n|-supereffective|p1a: Kyogre\n|-damage|p1a: Kyogre|33/259\n|\n|-heal|p1a: Kyogre|49/259|[from] item: Leftovers\n|upkeep\n|turn|19\n|inactive|Time left: 300 sec this turn | 300 sec total\n|\n|t:|1783551831\n|-terastallize|p2a: Pincurchin|Water\n|move|p1a: Kyogre|Origin Pulse|p2a: Pincurchin\n|-resisted|p2a: Pincurchin\n|-damage|p2a: Pincurchin|54/100\n|move|p2a: Pincurchin|Thunderbolt|p1a: Kyogre\n|-supereffective|p1a: Kyogre\n|-damage|p1a: Kyogre|0 fnt\n|faint|p1a: Kyogre\n|\n|-heal|p2a: Pincurchin|60/100|[from] item: Leftovers\n|upkeep\n|inactive|Time left: 300 sec this turn | 300 sec total | 5 sec grace\n|\n|t:|1783551832\n|switch|p1a: Amoonguss|Amoonguss, L82, F|180/321\n|turn|20\n|inactive|Time left: 300 sec this turn | 300 sec total\n|\n|t:|1783551833\n|switch|p2a: Dragalge|Dragalge, L88, M|17/100\n|move|p1a: Amoonguss|Giga Drain|p2a: Dragalge\n|-resisted|p2a: Dragalge\n|-damage|p2a: Dragalge|13/100\n|-heal|p1a: Amoonguss|186/321|[from] drain|[of] p2a: Dragalge\n|\n|upkeep\n|turn|21\n|inactive|Time left: 300 sec this turn | 300 sec total\n|\n|t:|1783551834\n|switch|p1a: Sableye|Sableye, L88, M|231/231\n|move|p2a: Dragalge|Draco Meteor|p1a: Sableye\n|-damage|p1a: Sableye|0 fnt\n|-unboost|p2a: Dragalge|spa|2\n|faint|p1a: Sableye\n|\n|-fieldend|move: Electric Terrain\n|upkeep\n|inactive|Time left: 300 sec this turn | 300 sec total | 5 sec grace\n|\n|t:|1783551835\n|switch|p1a: Amoonguss|Amoonguss, L82, F|293/321\n|turn|22\n|inactive|Time left: 300 sec this turn | 300 sec total\n|\n|t:|1783551836\n|move|p2a: Dragalge|Draco Meteor|p1a: Amoonguss\n|-damage|p1a: Amoonguss|127/321\n|-unboost|p2a: Dragalge|spa|2\n|move|p1a: Amoonguss|Spore|p2a: Dragalge\n|-status|p2a: Dragalge|slp|[from] move: Spore\n|\n|upkeep\n|turn|23\n|inactive|Time left: 300 sec this turn | 300 sec total\n|\n|t:|1783551837\n|switch|p2a: Cryogonal|Cryogonal, L89|100/100\n|switch|p1a: Salazzle|Salazzle, L83, F|249/249\n|\n|upkeep\n|turn|24\n|inactive|Time left: 300 sec this turn | 300 sec total\n|\n|t:|1783551838\n|switch|p2a: Garganacl|Garganacl, L80, M|100/100\n|move|p1a: Salazzle|Toxic|p2a: Garganacl\n|-immune|p2a: Garganacl|[from] ability: Purifying Salt\n|\n|upkeep\n|turn|25\n|inactive|Time left: 300 sec this turn | 300 sec total\n|\n|t:|1783551839\n|switch|p1a: Amoonguss|Amoonguss, L82, F|234/321\n|move|p2a: Garganacl|Salt Cure|p1a: Amoonguss\n|-damage|p1a: Amoonguss|182/321\n|-start|p1a: Amoonguss|Salt Cure\n|\n|-damage|p1a: Amoonguss|142/321|[from] Salt Cure\n|upkeep\n|turn|26\n|inactive|Time left: 300 sec this turn | 300 sec total\n|\n|t:|1783551840\n|move|p2a: Garganacl|Salt Cure|p1a: Amoonguss\n|-damage|p1a: Amoonguss|88/321\n|move|p1a: Amoonguss|Giga Drain|p2a: Garganacl\n|-supereffective|p2a: Garganacl\n|-damage|p2a: Garganacl|52/100\n|-heal|p1a: Amoonguss|158/321|[from] drain|[of] p2a: Garganacl\n|\n|-heal|p2a: Garganacl|59/100|[from] item: Leftovers\n|-damage|p1a: Amoonguss|118/321|[from] Salt Cure\n|upkeep\n|turn|27\n|inactive|Time left: 300 sec this turn | 300 sec total\n|\n|t:|1783551841\n|move|p2a: Garganacl|Protect|p2a: Garganacl\n|-singleturn|p2a: Garganacl|Protect\n|move|p1a: Amoonguss|Giga Drain|p2a: Garganacl\n|-activate|p2a: Garganacl|move: Protect\n|\n|-heal|p2a: Garganacl|65/100|[from] item: Leftovers\n|-damage|p1a: Amoonguss|78/321|[from] Salt Cure\n|upkeep\n|turn|28\n|inactive|Time left: 300 sec this turn | 300 sec total\n|\n|t:|1783551842\n|move|p2a: Garganacl|Recover|p2a: Garganacl\n|-heal|p2a: Garganacl|100/100\n|move|p1a: Amoonguss|Giga Drain|p2a: Garganacl\n|-supereffective|p2a: Garganacl\n|-damage|p2a: Garganacl|50/100\n|-heal|p1a: Amoonguss|151/321|[from] drain|[of] p2a: Garganacl\n|\n|-heal|p2a: Garganacl|57/100|[from] item: Leftovers\n|-damage|p1a: Amoonguss|111/321|[from] Salt Cure\n|upkeep\n|turn|29\n|inactive|Time left: 300 sec this turn | 300 sec total\n|\n|t:|1783551843\n|move|p2a: Garganacl|Protect|p2a: Garganacl\n|-singleturn|p2a: Garganacl|Protect\n|move|p1a: Amoonguss|Giga Drain|p2a: Garganacl\n|-activate|p2a: Garganacl|move: Protect\n|\n|-heal|p2a: Garganacl|63/100|[from] item: Leftovers\n|-damage|p1a: Amoonguss|71/321|[from] Salt Cure\n|upkeep\n|turn|30\n|inactive|Time left: 300 sec this turn | 300 sec total\n|\n|t:|1783551844\n|move|p2a: Garganacl|Salt Cure|p1a: Amoonguss\n|-damage|p1a: Amoonguss|22/321\n|move|p1a: Amoonguss|Giga Drain|p2a: Garganacl\n|-supereffective|p2a: Garganacl\n|-damage|p2a: Garganacl|15/100\n|-heal|p1a: Amoonguss|91/321|[from] drain|[of] p2a: Garganacl\n|\n|-heal|p2a: Garganacl|21/100|[from] item: Leftovers\n|-damage|p1a: Amoonguss|51/321|[from] Salt Cure\n|upkeep\n|turn|31\n|inactive|Time left: 300 sec this turn | 300 sec total\n|\n|t:|1783551845\n|switch|p1a: Salazzle|Salazzle, L83, F|249/249\n|move|p2a: Garganacl|Salt Cure|p1a: Salazzle\n|-supereffective|p1a: Salazzle\n|-damage|p1a: Salazzle|141/249\n|-start|p1a: Salazzle|Salt Cure\n|\n|-heal|p1a: Salazzle|156/249|[from] item: Leftovers\n|-heal|p2a: Garganacl|28/100|[from] item: Leftovers\n|-damage|p1a: Salazzle|125/249|[from] Salt Cure\n|upkeep\n|turn|32\n|inactive|Time left: 300 sec this turn | 300 sec total\n|\n|t:|1783551846\n|switch|p1a: Amoonguss|Amoonguss, L82, F|158/321\n|move|p2a: Garganacl|Recover|p2a: Garganacl\n|-heal|p2a: Garganacl|78/100\n|\n|-heal|p2a: Garganacl|84/100|[from] item: Leftovers\n|upkeep\n|turn|33\n|inactive|Time left: 300 sec this turn | 300 sec total\n|\n|t:|1783551847\n|move|p2a: Garganacl|Salt Cure|p1a: Amoonguss\n|-damage|p1a: Amoonguss|107/321\n|-start|p1a: Amoonguss|Salt Cure\n|move|p1a: Amoonguss|Giga Drain|p2a: Garganacl\n|-supereffective|p2a: Garganacl\n|-damage|p2a: Garganacl|37/100\n|-heal|p1a: Amoonguss|176/321|[from] drain|[of] p2a: Garganacl\n|\n|-heal|p2a: Garganacl|43/100|[from] item: Leftovers\n|-damage|p1a: Amoonguss|136/321|[from] Salt Cure\n|upkeep\n|turn|34\n|inactive|Time left: 300 sec this turn | 300 sec total\n|\n|t:|1783551848\n|move|p2a: Garganacl|Recover|p2a: Garganacl\n|-heal|p2a: Garganacl|93/100\n|move|p1a: Amoonguss|Giga Drain|p2a: Garganacl\n|-supereffective|p2a: Garganacl\n|-damage|p2a: Garganacl|45/100\n|-heal|p1a: Amoonguss|206/321|[from] drain|[of] p2a: Garganacl\n|\n|-heal|p2a: Garganacl|51/100|[from] item: Leftovers\n|-damage|p1a: Amoonguss|166/321|[from] Salt Cure\n|upkeep\n|turn|35\n|inactive|Time left: 300 sec this turn | 300 sec total\n|\n|t:|1783551849\n|move|p2a: Garganacl|Protect|p2a: Garganacl\n|-singleturn|p2a: Garganacl|Protect\n|move|p1a: Amoonguss|Giga Drain|p2a: Garganacl\n|-activate|p2a: Garganacl|move: Protect\n|\n|-heal|p2a: Garganacl|57/100|[from] item: Leftovers\n|-damage|p1a: Amoonguss|126/321|[from] Salt Cure\n|upkeep\n|turn|36\n|inactive|Time left: 300 sec this turn | 300 sec total\n|\n|t:|1783551850\n|move|p2a: Garganacl|Recover|p2a: Garganacl\n|-heal|p2a: Garganacl|100/100\n|move|p1a: Amoonguss|Giga Drain|p2a: Garganacl\n|-supereffective|p2a: Garganacl\n|-damage|p2a: Garganacl|53/100\n|-heal|p1a: Amoonguss|195/321|[from] drain|[of] p2a: Garganacl\n|\n|-heal|p2a: Garganacl|59/100|[from] item: Leftovers\n|-damage|p1a: Amoonguss|155/321|[from] Salt Cure\n|upkeep\n|turn|37\n|inactive|Time left: 300 sec this turn | 300 sec total\n|\n|t:|1783551851\n|move|p2a: Garganacl|Protect|p2a: Garganacl\n|-singleturn|p2a: Garganacl|Protect\n|move|p1a: Amoonguss|Giga Drain|p2a: Garganacl\n|-activate|p2a: Garganacl|move: Protect\n|\n|-heal|p2a: Garganacl|65/100|[from] item: Leftovers\n|-damage|p1a: Amoonguss|115/321|[from] Salt Cure\n|upkeep\n|turn|38\n|inactive|Time left: 300 sec this turn | 300 sec total\n|\n|t:|1783551852\n|move|p2a: Garganacl|Recover|p2a: Garganacl\n|-heal|p2a: Garganacl|100/100\n|move|p1a: Amoonguss|Giga Drain|p2a: Garganacl\n|-supereffective|p2a: Garganacl\n|-damage|p2a: Garganacl|51/100\n|-heal|p1a: Amoonguss|187/321|[from] drain|[of] p2a: Garganacl\n|\n|-heal|p2a: Garganacl|57/100|[from] item: Leftovers\n|-damage|p1a: Amoonguss|147/321|[from] Salt Cure\n|upkeep\n|turn|39\n|inactive|Time left: 300 sec this turn | 300 sec total\n|\n|t:|1783551853\n|move|p2a: Garganacl|Salt Cure|p1a: Amoonguss\n|-damage|p1a: Amoonguss|93/321\n|move|p1a: Amoonguss|Giga Drain|p2a: Garganacl\n|-supereffective|p2a: Garganacl\n|-damage|p2a: Garganacl|9/100\n|-heal|p1a: Amoonguss|163/321|[from] drain|[of] p2a: Garganacl\n|\n|-heal|p2a: Garganacl|15/100|[from] item: Leftovers\n|-damage|p1a: Amoonguss|123/321|[from] Salt Cure\n|upkeep\n|turn|40\n|inactive|Time left: 300 sec this turn | 300 sec total\n|\n|t:|1783551854\n|move|p2a: Garganacl|Recover|p2a: Garganacl\n|-heal|p2a: Garganacl|65/100\n|move|p1a: Amoonguss|Giga Drain|p2a: Garganacl\n|-supereffective|p2a: Garganacl\n|-damage|p2a: Garganacl|16/100\n|-heal|p1a: Amoonguss|195/321|[from] drain|[of] p2a: Garganacl\n|\n|-heal|p2a: Garganacl|22/100|[from] item: Leftovers\n|-damage|p1a: Amoonguss|155/321|[from] Salt Cure\n|upkeep\n|turn|41\n|inactive|Time left: 300 sec this turn | 300 sec total\n|\n|t:|1783551855\n|move|p2a: Garganacl|Recover|p2a: Garganacl\n|-heal|p2a: Garganacl|72/100\n|move|p1a: Amoonguss|Giga Drain|p2a: Garganacl\n|-supereffective|p2a: Garganacl\n|-damage|p2a: Garganacl|27/100\n|-heal|p1a: Amoonguss|221/321|[from] drain|[of] p2a: Garganacl\n|\n|-heal|p2a: Garganacl|33/100|[from] item: Leftovers\n|-damage|p1a: Amoonguss|181/321|[from] Salt Cure\n|upkeep\n|turn|42\n|inactive|Time left: 300 sec this turn | 300 sec total\n|\n|t:|1783551856\n|switch|p1a: Salazzle|Salazzle, L83, F|125/249\n|move|p2a: Garganacl|Recover|p2a: Garganacl\n|-heal|p2a: Garganacl|83/100\n|\n|-heal|p1a: Salazzle|140/249|[from] item: Leftovers\n|-heal|p2a: Garganacl|90/100|[from] item: Leftovers\n|upkeep\n|turn|43\n|inactive|Time left: 300 sec this turn | 300 sec total\n|\n|t:|1783551857\n|move|p1a: Salazzle|Protect|p1a: Salazzle\n|-singleturn|p1a: Salazzle|Protect\n|move|p2a: Garganacl|Salt Cure|p1a: Salazzle\n|-activate|p1a: Salazzle|move: Protect\n|\n|-heal|p1a: Salazzle|155/249|[from] item: Leftovers\n|-heal|p2a: Garganacl|96/100|[from] item: Leftovers\n|upkeep\n|turn|44\n|inactive|Time left: 300 sec this turn | 300 sec total\n|\n|t:|1783551858\n|switch|p1a: Amoonguss|Amoonguss, L82, F|288/321\n|move|p2a: Garganacl|Salt Cure|p1a: Amoonguss\n|-damage|p1a: Amoonguss|236/321\n|-start|p1a: Amoonguss|Salt Cure\n|\n|-heal|p2a: Garganacl|100/100|[from] item: Leftovers\n|-damage|p1a: Amoonguss|196/321|[from] Salt Cure\n|upkeep\n|turn|45\n|inactive|Time left: 300 sec this turn | 300 sec total\n|\n|t:|1783551859\n|move|p2a: Garganacl|Salt Cure|p1a: Amoonguss\n|-damage|p1a: Amoonguss|145/321\n|move|p1a: Amoonguss|Giga Drain|p2a: Garganacl\n|-supereffective|p2a: Garganacl\n|-damage|p2a: Garganacl|52/100\n|-heal|p1a: Amoonguss|215/321|[from] drain|[of] p2a: Garganacl\n|\n|-heal|p2a: Garganacl|59/100|[from] item: Leftovers\n|-damage|p1a: Amoonguss|175/321|[from] Salt Cure\n|upkeep\n|turn|46\n|inactive|Time left: 300 sec this turn | 300 sec total\n|\n|t:|1783551860\n|move|p2a: Garganacl|Salt Cure|p1a: Amoonguss\n|-damage|p1a: Amoonguss|124/321\n|move|p1a: Amoonguss|Sludge Bomb|p2a: Garganacl\n|-resisted|p2a: Garganacl\n|-damage|p2a: Garganacl|44/100\n|\n|-heal|p2a: Garganacl|50/100|[from] item: Leftovers\n|-damage|p1a: Amoonguss|84/321|[from] Salt Cure\n|upkeep\n|turn|47\n|inactive|Time left: 300 sec this turn | 300 sec total\n|\n|t:|1783551861\n|move|p2a: Garganacl|Salt Cure|p1a: Amoonguss\n|-crit|p1a: Amoonguss\n|-damage|p1a: Amoonguss|8/321\n|move|p1a: Amoonguss|Sludge Bomb|p2a: Garganacl\n|-resisted|p2a: Garganacl\n|-damage|p2a: Garganacl|35/100\n|\n|-heal|p2a: Garganacl|41/100|[from] item: Leftovers\n|-damage|p1a: Amoonguss|0 fnt|[from] Salt Cure\n|faint|p1a: Amoonguss\n|upkeep\n|inactive|Time left: 300 sec this turn | 300 sec total | 5 sec grace\n|\n|t:|1783551862\n|switch|p1a: Salazzle|Salazzle, L83, F|155/249\n|turn|48\n|inactive|Time left: 300 sec this turn | 300 sec total\n|\n|t:|1783551863\n|move|p1a: Salazzle|Protect|p1a: Salazzle\n|-singleturn|p1a: Salazzle|Protect\n|move|p2a: Garganacl|Salt Cure|p1a: Salazzle\n|-activate|p1a: Salazzle|move: Protect\n|\n|-heal|p1a: Salazzle|170/249|[from] item: Leftovers\n|-heal|p2a: Garganacl|48/100|[from] item: Leftovers\n|upkeep\n|turn|49\n|inactive|Time left: 300 sec this turn | 300 sec total\n|\n|t:|1783551864\n|move|p1a: Salazzle|Protect||[still]\n|-fail|p1a: Salazzle\n|move|p2a: Garganacl|Salt Cure|p1a: Salazzle\n|-supereffective|p1a: Salazzle\n|-damage|p1a: Salazzle|60/249\n|-start|p1a: Salazzle|Salt Cure\n|\n|-heal|p1a: Salazzle|75/249|[from] item: Leftovers\n|-heal|p2a: Garganacl|54/100|[from] item: Leftovers\n|-damage|p1a: Salazzle|44/249|[from] Salt Cure\n|upkeep\n|turn|50\n|inactive|Time left: 300 sec this turn | 300 sec total\n|\n|t:|1783551865\n|move|p1a: Salazzle|Toxic|p2a: Garganacl\n|-immune|p2a: Garganacl|[from] ability: Purifying Salt\n|move|p2a: Garganacl|Salt Cure|p1a: Salazzle\n|-supereffective|p1a: Salazzle\n|-damage|p1a: Salazzle|0 fnt\n|faint|p1a: Salazzle\n|\n|win|p0y10887053", "uploadtime": 1783551865, "views": 0, "rating": 0, "private": 0, "password": null, "_winner": "p0y10887053", "_our_name": "p0x1088df83"}