{"id": "battle-gen9randombattle-497", "formatid": "gen9randombattle", "format": "[Gen 9] Random Battle", "players": ["p0x4971510", "p0y4976d25"], "log": "|init|battle\n|title|p0x4971510 vs. p0y4976d25\n|j|\u2606p0x4971510\n|j|\u2606p0y4976d25\n|t:|1783544807\n|gametype|singles\n|player|p1|p0x4971510|266|\n|player|p2|p0y4976d25|101|\n|gen|9\n|tier|[Gen 9] Random Battle\n|rule|Species Clause: Limit one of each Pok\u00e9mon\n|rule|HP Percentage Mod: HP is shown in percentages\n|rule|Sleep Clause Mod: Limit one foe put to sleep\n|rule|Illusion Level Mod: Illusion disguises the Pok\u00e9mon's true level\n|\n|t:|1783544807\n|teamsize|p1|6\n|teamsize|p2|6\n|start\n|switch|p1a: Skarmory|Skarmory, L80, M|100/100\n|switch|p2a: Ambipom|Ambipom, L84, F|263/263\n|turn|1\n|inactive|Battle timer is ON: inactive players will automatically lose when time's up. (requested by p0x4971510)\n|inactive|Time left: 300 sec this turn | 300 sec total | 60 sec grace\n|inactive|p0y4976d25 also wants the timer to be on.\n|\n|t:|1783544808\n|switch|p2a: Avalugg|Avalugg-Hisui, L90, F|317/317\n|move|p1a: Skarmory|Body Press|p2a: Avalugg\n|-supereffective|p2a: Avalugg\n|-damage|p2a: Avalugg|181/317\n|\n|upkeep\n|turn|2\n|inactive|Time left: 300 sec this turn | 300 sec total\n|\n|t:|1783544810\n|move|p1a: Skarmory|Body Press|p2a: Avalugg\n|-supereffective|p2a: Avalugg\n|-damage|p2a: Avalugg|29/317\n|move|p2a: Avalugg|Recover|p2a: Avalugg\n|-heal|p2a: Avalugg|188/317\n|\n|upkeep\n|turn|3\n|inactive|Time left: 300 sec this turn | 300 sec total\n|\n|t:|1783544811\n|switch|p1a: Clawitzer|Clawitzer, L87, M|100/100\n|move|p2a: Avalugg|Recover|p2a: Avalugg\n|-heal|p2a: Avalugg|317/317\n|\n|upkeep\n|turn|4\n|inactive|Time left: 300 sec this turn | 300 sec total\n|\n|t:|1783544812\n|move|p1a: Clawitzer|Water Pulse|p2a: Avalugg\n|-supereffective|p2a: Avalugg\n|-ability|p2a: Avalugg|Sturdy\n|-damage|p2a: Avalugg|1/317\n|-start|p2a: Avalugg|confusion\n|-activate|p2a: Avalugg|confusion\n|move|p2a: Avalugg|Stone Edge|p1a: Clawitzer\n|-damage|p1a: Clawitzer|42/100\n|\n|upkeep\n|turn|5\n|inactive|Time left: 300 sec this turn | 300 sec total\n|\n|t:|1783544813\n|switch|p2a: Kingdra|Kingdra, L84, F|263/263\n|move|p1a: Clawitzer|Water Pulse|p2a: Kingdra\n|-resisted|p2a: Kingdra\n|-damage|p2a: Kingdra|223/263\n|\n|upkeep\n|turn|6\n|inactive|Time left: 300 sec this turn | 300 sec total\n|\n|t:|1783544814\n|move|p2a: Kingdra|Dragon Dance|p2a: Kingdra\n|-boost|p2a: Kingdra|atk|1\n|-boost|p2a: Kingdra|spe|1\n|move|p1a: Clawitzer|Water Pulse|p2a: Kingdra\n|-resisted|p2a: Kingdra\n|-crit|p2a: Kingdra\n|-damage|p2a: Kingdra|158/263\n|-start|p2a: Kingdra|confusion\n|-enditem|p2a: Kingdra|Lum Berry|[eat]\n|-end|p2a: Kingdra|confusion\n|\n|upkeep\n|turn|7\n|inactive|Time left: 300 sec this turn | 300 sec total\n|\n|t:|1783544815\n|switch|p1a: Sylveon|Sylveon, L85, F|100/100\n|move|p2a: Kingdra|Outrage|p1a: Sylveon\n|-immune|p1a: Sylveon\n|\n|upkeep\n|turn|8\n|inactive|Time left: 300 sec this turn | 300 sec total\n|\n|t:|1783544816\n|-terastallize|p2a: Kingdra|Water\n|move|p2a: Kingdra|Wave Crash|p1a: Sylveon\n|-damage|p1a: Sylveon|0 fnt\n|faint|p1a: Sylveon\n|-damage|p2a: Kingdra|59/263|[from] Recoil\n|\n|upkeep\n|\n|t:|1783544817\n|switch|p1a: Samurott|Samurott-Hisui, L77, M|100/100\n|turn|9\n|inactive|Time left: 300 sec this turn | 300 sec total\n|\n|t:|1783544818\n|move|p1a: Samurott|Sucker Punch|p2a: Kingdra\n|-damage|p2a: Kingdra|0 fnt\n|faint|p2a: Kingdra\n|\n|upkeep\n|inactive|Time left: 300 sec this turn | 300 sec total | 5 sec grace\n|\n|t:|1783544819\n|switch|p2a: Salazzle|Salazzle, L83, F|249/249\n|turn|10\n|inactive|Time left: 300 sec this turn | 300 sec total\n|\n|t:|1783544820\n|switch|p1a: Mabosstiff|Mabosstiff, L86, F|100/100\n|move|p2a: Salazzle|Nasty Plot|p2a: Salazzle\n|-boost|p2a: Salazzle|spa|2\n|\n|upkeep\n|turn|11\n|inactive|Time left: 300 sec this turn | 300 sec total\n|\n|t:|1783544821\n|move|p2a: Salazzle|Fire Blast|p1a: Mabosstiff\n|-damage|p1a: Mabosstiff|0 fnt\n|faint|p1a: Mabosstiff\n|\n|upkeep\n|\n|t:|1783544822\n|switch|p1a: Glalie|Glalie, L96, M|100/100\n|turn|12\n|inactive|Time left: 300 sec this turn | 300 sec total\n|\n|t:|1783544822\n|-terastallize|p1a: Glalie|Ghost\n|move|p2a: Salazzle|Fire Blast|p1a: Glalie\n|-damage|p1a: Glalie|29/100\n|move|p1a: Glalie|Earthquake|p2a: Salazzle\n|-supereffective|p2a: Salazzle\n|-damage|p2a: Salazzle|0 fnt\n|faint|p2a: Salazzle\n|\n|upkeep\n|inactive|Time left: 300 sec this turn | 300 sec total | 5 sec grace\n|\n|t:|1783544823\n|switch|p2a: Necrozma|Necrozma-Dusk-Mane, L69|248/248\n|turn|13\n|inactive|Time left: 300 sec this turn | 300 sec total\n|\n|t:|1783544824\n|switch|p1a: Samurott|Samurott-Hisui, L77, M|100/100\n|move|p2a: Necrozma|Dragon Dance|p2a: Necrozma\n|-boost|p2a: Necrozma|atk|1\n|-boost|p2a: Necrozma|spe|1\n|\n|upkeep\n|turn|14\n|inactive|Time left: 300 sec this turn | 300 sec total\n|\n|t:|1783544825\n|move|p2a: Necrozma|Earthquake|p1a: Samurott\n|-damage|p1a: Samurott|52/100\n|move|p1a: Samurott|Razor Shell|p2a: Necrozma\n|-damage|p2a: Necrozma|97/248\n|\n|upkeep\n|turn|15\n|inactive|Time left: 300 sec this turn | 300 sec total\n|\n|t:|1783544826\n|move|p2a: Necrozma|Earthquake|p1a: Samurott\n|-damage|p1a: Samurott|7/100\n|move|p1a: Samurott|Razor Shell|p2a: Necrozma\n|-damage|p2a: Necrozma|0 fnt\n|faint|p2a: Necrozma\n|\n|upkeep\n|inactive|Time left: 300 sec this turn | 300 sec total | 5 sec grace\n|\n|t:|1783544827\n|switch|p2a: Spectrier|Spectrier, L75|274/274\n|turn|16\n|inactive|Time left: 300 sec this turn | 300 sec total\n|\n|t:|1783544828\n|switch|p1a: Skarmory|Skarmory, L80, M|100/100\n|move|p2a: Spectrier|Shadow Ball|p1a: Skarmory\n|-damage|p1a: Skarmory|34/100\n|-damage|p2a: Spectrier|247/274|[from] item: Life Orb\n|\n|-heal|p1a: Skarmory|40/100|[from] item: Leftovers\n|upkeep\n|turn|17\n|inactive|Time left: 300 sec this turn | 300 sec total\n|\n|t:|1783544829\n|switch|p1a: Glalie|Glalie, L96, M, tera:Ghost|29/100\n|move|p2a: Spectrier|Shadow Ball|p1a: Glalie\n|-supereffective|p1a: Glalie\n|-damage|p1a: Glalie|0 fnt\n|faint|p1a: Glalie\n|-ability|p2a: Spectrier|Grim Neigh|boost\n|-boost|p2a: Spectrier|spa|1\n|-damage|p2a: Spectrier|220/274|[from] item: Life Orb\n|\n|upkeep\n|\n|t:|1783544830\n|switch|p1a: Samurott|Samurott-Hisui, L77, M|7/100\n|turn|18\n|inactive|Time left: 300 sec this turn | 300 sec total\n|\n|t:|1783544831\n|switch|p2a: Avalugg|Avalugg-Hisui, L90, F|1/317\n|move|p1a: Samurott|Sucker Punch||[still]\n|-fail|p1a: Samurott\n|\n|upkeep\n|turn|19\n|inactive|Time left: 300 sec this turn | 300 sec total\n|\n|t:|1783544832\n|switch|p1a: Clawitzer|Clawitzer, L87, M|42/100\n|move|p2a: Avalugg|Recover|p2a: Avalugg\n|-heal|p2a: Avalugg|160/317\n|\n|upkeep\n|turn|20\n|inactive|Time left: 300 sec this turn | 300 sec total\n|\n|t:|1783544833\n|switch|p2a: Ambipom|Ambipom, L84, F|263/263\n|move|p1a: Clawitzer|Dark Pulse|p2a: Ambipom\n|-damage|p2a: Ambipom|66/263\n|\n|upkeep\n|turn|21\n|inactive|Time left: 300 sec this turn | 300 sec total\n|\n|t:|1783544834\n|switch|p1a: Samurott|Samurott-Hisui, L77, M|7/100\n|move|p2a: Ambipom|Double-Edge|p1a: Samurott\n|-damage|p1a: Samurott|0 fnt\n|faint|p1a: Samurott\n|-damage|p2a: Ambipom|60/263|[from] Recoil\n|\n|upkeep\n|\n|t:|1783544835\n|switch|p1a: Skarmory|Skarmory, L80, M|40/100\n|turn|22\n|inactive|Time left: 300 sec this turn | 300 sec total\n|\n|t:|1783544836\n|switch|p2a: Spectrier|Spectrier, L75|220/274\n|move|p1a: Skarmory|Roost|p1a: Skarmory\n|-heal|p1a: Skarmory|90/100\n|-singleturn|p1a: Skarmory|move: Roost\n|\n|-heal|p1a: Skarmory|96/100|[from] item: Leftovers\n|upkeep\n|turn|23\n|inactive|Time left: 300 sec this turn | 300 sec total\n|\n|t:|1783544837\n|move|p2a: Spectrier|Nasty Plot|p2a: Spectrier\n|-boost|p2a: Spectrier|spa|2\n|move|p1a: Skarmory|Brave Bird|p2a: Spectrier\n|-damage|p2a: Spectrier|75/274\n|-damage|p1a: Skarmory|75/100|[from] Recoil\n|\n|-heal|p1a: Skarmory|81/100|[from] item: Leftovers\n|upkeep\n|turn|24\n|inactive|Time left: 300 sec this turn | 300 sec total\n|\n|t:|1783544838\n|move|p2a: Spectrier|Shadow Ball|p1a: Skarmory\n|-damage|p1a: Skarmory|0 fnt\n|faint|p1a: Skarmory\n|-ability|p2a: Spectrier|Grim Neigh|boost\n|-boost|p2a: Spectrier|spa|1\n|-damage|p2a: Spectrier|48/274|[from] item: Life Orb\n|\n|upkeep\n|\n|t:|1783544839\n|switch|p1a: Clawitzer|Clawitzer, L87, M|42/100\n|turn|25\n|inactive|Time left: 300 sec this turn | 300 sec total\n|\n|t:|1783544840\n|move|p2a: Spectrier|Shadow Ball|p1a: Clawitzer\n|-damage|p1a: Clawitzer|0 fnt\n|faint|p1a: Clawitzer\n|-damage|p2a: Spectrier|21/274|[from] item: Life Orb\n|\n|win|p0y4976d25", "uploadtime": 1783544840, "views": 0, "rating": 0, "private": 0, "password": null, "_winner": "p0y4976d25", "_our_name": "p0y4976d25"}