{"id": "battle-gen9randombattle-143", "formatid": "gen9randombattle", "format": "[Gen 9] Random Battle", "players": ["p0x143dbda", "p0y143d3df"], "log": "|init|battle\n|title|p0x143dbda vs. p0y143d3df\n|j|\u2606p0x143dbda\n|j|\u2606p0y143d3df\n|t:|1783534912\n|gametype|singles\n|player|p1|p0x143dbda|102|\n|player|p2|p0y143d3df|265|\n|gen|9\n|tier|[Gen 9] Random Battle\n|rule|Species Clause: Limit one of each Pok\u00e9mon\n|rule|HP Percentage Mod: HP is shown in percentages\n|rule|Sleep Clause Mod: Limit one foe put to sleep\n|rule|Illusion Level Mod: Illusion disguises the Pok\u00e9mon's true level\n|\n|t:|1783534912\n|teamsize|p1|6\n|teamsize|p2|6\n|start\n|switch|p1a: Ariados|Ariados, L95, M|100/100\n|switch|p2a: Swalot|Swalot, L90, M|326/326\n|turn|1\n|inactive|Battle timer is ON: inactive players will automatically lose when time's up. (requested by p0x143dbda)\n|inactive|Time left: 300 sec this turn | 300 sec total | 60 sec grace\n|inactive|p0y143d3df also wants the timer to be on.\n|\n|t:|1783534913\n|move|p2a: Swalot|Sludge Bomb|p1a: Ariados\n|-resisted|p1a: Ariados\n|-crit|p1a: Ariados\n|-damage|p1a: Ariados|78/100\n|move|p1a: Ariados|Sticky Web|p2a: Swalot\n|-sidestart|p2: p0y143d3df|move: Sticky Web\n|\n|upkeep\n|turn|2\n|inactive|Time left: 300 sec this turn | 300 sec total\n|\n|t:|1783534914\n|move|p2a: Swalot|Sludge Bomb|p1a: Ariados\n|-resisted|p1a: Ariados\n|-crit|p1a: Ariados\n|-damage|p1a: Ariados|56/100\n|move|p1a: Ariados|Megahorn|p2a: Swalot\n|-resisted|p2a: Swalot\n|-damage|p2a: Swalot|254/326\n|\n|-heal|p2a: Swalot|274/326|[from] item: Leftovers\n|upkeep\n|turn|3\n|inactive|Time left: 300 sec this turn | 300 sec total\n|\n|t:|1783534915\n|move|p2a: Swalot|Earthquake|p1a: Ariados\n|-crit|p1a: Ariados\n|-damage|p1a: Ariados|16/100\n|move|p1a: Ariados|Megahorn|p2a: Swalot\n|-resisted|p2a: Swalot\n|-damage|p2a: Swalot|199/326\n|\n|-heal|p2a: Swalot|219/326|[from] item: Leftovers\n|upkeep\n|turn|4\n|inactive|Time left: 300 sec this turn | 300 sec total\n|\n|t:|1783534916\n|switch|p1a: Iron Hands|Iron Hands, L79|100/100\n|move|p2a: Swalot|Earthquake|p1a: Iron Hands\n|-supereffective|p1a: Iron Hands\n|-damage|p1a: Iron Hands|66/100\n|\n|-heal|p2a: Swalot|239/326|[from] item: Leftovers\n|-heal|p1a: Iron Hands|72/100|[from] item: Leftovers\n|upkeep\n|turn|5\n|inactive|Time left: 300 sec this turn | 300 sec total\n|\n|t:|1783534918\n|move|p2a: Swalot|Sludge Bomb|p1a: Iron Hands\n|-damage|p1a: Iron Hands|42/100\n|-status|p1a: Iron Hands|psn\n|move|p1a: Iron Hands|Swords Dance|p1a: Iron Hands\n|-boost|p1a: Iron Hands|atk|2\n|\n|-heal|p2a: Swalot|259/326|[from] item: Leftovers\n|-heal|p1a: Iron Hands|48/100 psn|[from] item: Leftovers\n|-damage|p1a: Iron Hands|36/100 psn|[from] psn\n|upkeep\n|turn|6\n|inactive|Time left: 300 sec this turn | 300 sec total\n|\n|t:|1783534919\n|move|p2a: Swalot|Sludge Bomb|p1a: Iron Hands\n|-damage|p1a: Iron Hands|4/100 psn\n|move|p1a: Iron Hands|Thunder Punch|p2a: Swalot\n|-damage|p2a: Swalot|84/326\n|\n|-heal|p2a: Swalot|104/326|[from] item: Leftovers\n|-heal|p1a: Iron Hands|10/100 psn|[from] item: Leftovers\n|-damage|p1a: Iron Hands|0 fnt|[from] psn\n|faint|p1a: Iron Hands\n|-end|p1a: Iron Hands|Quark Drive|[silent]\n|upkeep\n|\n|t:|1783534920\n|switch|p1a: Honchkrow|Honchkrow, L86, F|100/100\n|turn|7\n|inactive|Time left: 300 sec this turn | 300 sec total\n|\n|t:|1783534921\n|move|p2a: Swalot|Protect|p2a: Swalot\n|-singleturn|p2a: Swalot|Protect\n|move|p1a: Honchkrow|Brave Bird|p2a: Swalot\n|-activate|p2a: Swalot|move: Protect\n|\n|-heal|p2a: Swalot|124/326|[from] item: Leftovers\n|upkeep\n|turn|8\n|inactive|Time left: 300 sec this turn | 300 sec total\n|\n|t:|1783534922\n|switch|p2a: Toxapex|Toxapex, L82, M|216/216\n|-activate|p2a: Toxapex|move: Sticky Web\n|-unboost|p2a: Toxapex|spe|1\n|move|p1a: Honchkrow|Brave Bird|p2a: Toxapex\n|-damage|p2a: Toxapex|116/216\n|-damage|p1a: Honchkrow|84/100|[from] item: Rocky Helmet|[of] p2a: Toxapex\n|-damage|p1a: Honchkrow|73/100|[from] Recoil\n|\n|upkeep\n|turn|9\n|inactive|Time left: 300 sec this turn | 300 sec total\n|\n|t:|1783534924\n|move|p1a: Honchkrow|Brave Bird|p2a: Toxapex\n|-damage|p2a: Toxapex|5/216\n|-damage|p1a: Honchkrow|57/100|[from] item: Rocky Helmet|[of] p2a: Toxapex\n|-damage|p1a: Honchkrow|45/100|[from] Recoil\n|move|p2a: Toxapex|Recover|p2a: Toxapex\n|-heal|p2a: Toxapex|113/216\n|\n|upkeep\n|turn|10\n|inactive|Time left: 300 sec this turn | 300 sec total\n|\n|t:|1783534925\n|move|p1a: Honchkrow|Brave Bird|p2a: Toxapex\n|-damage|p2a: Toxapex|1/216\n|-damage|p1a: Honchkrow|28/100|[from] item: Rocky Helmet|[of] p2a: Toxapex\n|-damage|p1a: Honchkrow|16/100|[from] Recoil\n|move|p2a: Toxapex|Recover|p2a: Toxapex\n|-heal|p2a: Toxapex|109/216\n|\n|upkeep\n|turn|11\n|inactive|Time left: 300 sec this turn | 300 sec total\n|\n|t:|1783534926\n|move|p1a: Honchkrow|Heat Wave|p2a: Toxapex\n|-resisted|p2a: Toxapex\n|-damage|p2a: Toxapex|82/216\n|move|p2a: Toxapex|Recover|p2a: Toxapex\n|-heal|p2a: Toxapex|190/216\n|\n|upkeep\n|turn|12\n|inactive|Time left: 300 sec this turn | 300 sec total\n|\n|t:|1783534927\n|move|p1a: Honchkrow|Heat Wave|p2a: Toxapex\n|-resisted|p2a: Toxapex\n|-damage|p2a: Toxapex|162/216\n|move|p2a: Toxapex|Liquidation|p1a: Honchkrow\n|-damage|p1a: Honchkrow|0 fnt\n|faint|p1a: Honchkrow\n|\n|upkeep\n|\n|t:|1783534928\n|switch|p1a: Wigglytuff|Wigglytuff, L96, M|100/100\n|turn|13\n|inactive|Time left: 300 sec this turn | 300 sec total\n|\n|t:|1783534929\n|move|p1a: Wigglytuff|Thunder Wave|p2a: Toxapex\n|-status|p2a: Toxapex|par\n|move|p2a: Toxapex|Toxic|p1a: Wigglytuff\n|-status|p1a: Wigglytuff|tox\n|\n|-damage|p1a: Wigglytuff|94/100 tox|[from] psn\n|upkeep\n|turn|14\n|inactive|Time left: 300 sec this turn | 300 sec total\n|\n|t:|1783534930\n|move|p1a: Wigglytuff|Alluring Voice|p2a: Toxapex\n|-resisted|p2a: Toxapex\n|-damage|p2a: Toxapex|130/216 par\n|move|p2a: Toxapex|Haze|p2a: Toxapex\n|-clearallboost\n|\n|-heal|p1a: Wigglytuff|100/100 tox|[from] item: Leftovers\n|-damage|p1a: Wigglytuff|88/100 tox|[from] psn\n|upkeep\n|turn|15\n|inactive|Time left: 300 sec this turn | 300 sec total\n|\n|t:|1783534931\n|switch|p2a: Charizard|Charizard, L85, M|271/271\n|move|p1a: Wigglytuff|Alluring Voice|p2a: Charizard\n|-resisted|p2a: Charizard\n|-damage|p2a: Charizard|223/271\n|\n|-heal|p1a: Wigglytuff|94/100 tox|[from] item: Leftovers\n|-damage|p1a: Wigglytuff|76/100 tox|[from] psn\n|upkeep\n|turn|16\n|inactive|Time left: 300 sec this turn | 300 sec total\n|\n|t:|1783534932\n|switch|p1a: Umbreon|Umbreon, L84, M|100/100\n|move|p2a: Charizard|Flamethrower|p1a: Umbreon\n|-damage|p1a: Umbreon|72/100\n|\n|-heal|p1a: Umbreon|78/100|[from] item: Leftovers\n|upkeep\n|turn|17\n|inactive|Time left: 300 sec this turn | 300 sec total\n|\n|t:|1783534933\n|move|p2a: Charizard|Hurricane|p1a: Umbreon\n|-damage|p1a: Umbreon|45/100\n|move|p1a: Umbreon|Wish|p1a: Umbreon\n|\n|-heal|p1a: Umbreon|51/100|[from] item: Leftovers\n|upkeep\n|turn|18\n|inactive|Time left: 300 sec this turn | 300 sec total\n|\n|t:|1783534934\n|move|p2a: Charizard|Flamethrower|p1a: Umbreon\n|-damage|p1a: Umbreon|26/100\n|move|p1a: Umbreon|Foul Play|p2a: Charizard\n|-damage|p2a: Charizard|132/271\n|\n|-heal|p1a: Umbreon|76/100|[from] move: Wish|[wisher] Umbreon\n|-heal|p1a: Umbreon|82/100|[from] item: Leftovers\n|upkeep\n|turn|19\n|inactive|Time left: 300 sec this turn | 300 sec total\n|\n|t:|1783534936\n|move|p2a: Charizard|Hurricane|p1a: Umbreon\n|-damage|p1a: Umbreon|49/100\n|move|p1a: Umbreon|Foul Play|p2a: Charizard\n|-damage|p2a: Charizard|26/271\n|\n|-heal|p1a: Umbreon|55/100|[from] item: Leftovers\n|upkeep\n|turn|20\n|inactive|Time left: 300 sec this turn | 300 sec total\n|\n|t:|1783534937\n|move|p2a: Charizard|Flamethrower|p1a: Umbreon\n|-damage|p1a: Umbreon|12/100\n|move|p1a: Umbreon|Foul Play|p2a: Charizard\n|-damage|p2a: Charizard|0 fnt\n|faint|p2a: Charizard\n|\n|-heal|p1a: Umbreon|18/100|[from] item: Leftovers\n|upkeep\n|inactive|Time left: 300 sec this turn | 300 sec total | 5 sec grace\n|\n|t:|1783534937\n|switch|p2a: Mismagius|Mismagius, L86, M|243/243\n|turn|21\n|inactive|Time left: 300 sec this turn | 300 sec total\n|\n|t:|1783534938\n|move|p2a: Mismagius|Nasty Plot|p2a: Mismagius\n|-boost|p2a: Mismagius|spa|2\n|move|p1a: Umbreon|Foul Play|p2a: Mismagius\n|-supereffective|p2a: Mismagius\n|-damage|p2a: Mismagius|111/243\n|\n|-heal|p1a: Umbreon|24/100|[from] item: Leftovers\n|upkeep\n|turn|22\n|inactive|Time left: 300 sec this turn | 300 sec total\n|\n|t:|1783534940\n|move|p1a: Umbreon|Protect|p1a: Umbreon\n|-singleturn|p1a: Umbreon|Protect\n|move|p2a: Mismagius|Mystical Fire|p1a: Umbreon\n|-activate|p1a: Umbreon|move: Protect\n|\n|-heal|p1a: Umbreon|30/100|[from] item: Leftovers\n|upkeep\n|turn|23\n|inactive|Time left: 300 sec this turn | 300 sec total\n|\n|t:|1783534940\n|move|p2a: Mismagius|Mystical Fire|p1a: Umbreon\n|-damage|p1a: Umbreon|0 fnt\n|faint|p1a: Umbreon\n|-damage|p2a: Mismagius|87/243|[from] item: Life Orb\n|\n|upkeep\n|\n|t:|1783534941\n|switch|p1a: Wigglytuff|Wigglytuff, L96, M|76/100 tox\n|turn|24\n|inactive|Time left: 300 sec this turn | 300 sec total\n|\n|t:|1783534942\n|-terastallize|p2a: Mismagius|Fairy\n|move|p2a: Mismagius|Dazzling Gleam|p1a: Wigglytuff\n|-damage|p1a: Wigglytuff|2/100 tox\n|-damage|p2a: Mismagius|63/243|[from] item: Life Orb\n|move|p1a: Wigglytuff|Knock Off|p2a: Mismagius\n|-resisted|p2a: Mismagius\n|-damage|p2a: Mismagius|17/243\n|-enditem|p2a: Mismagius|Life Orb|[from] move: Knock Off|[of] p1a: Wigglytuff\n|\n|-heal|p1a: Wigglytuff|8/100 tox|[from] item: Leftovers\n|-damage|p1a: Wigglytuff|2/100 tox|[from] psn\n|upkeep\n|turn|25\n|inactive|Time left: 300 sec this turn | 300 sec total\n|\n|t:|1783534943\n|move|p2a: Mismagius|Mystical Fire|p1a: Wigglytuff\n|-damage|p1a: Wigglytuff|0 fnt\n|faint|p1a: Wigglytuff\n|\n|upkeep\n|\n|t:|1783534945\n|switch|p1a: Jumpluff|Jumpluff, L87, F|100/100\n|turn|26\n|inactive|Time left: 300 sec this turn | 300 sec total\n|\n|t:|1783534946\n|switch|p2a: Toxapex|Toxapex, L82, M|202/216 par\n|-activate|p2a: Toxapex|move: Sticky Web\n|-unboost|p2a: Toxapex|spe|1\n|move|p1a: Jumpluff|Acrobatics|p2a: Toxapex\n|-damage|p2a: Toxapex|151/216 par\n|-damage|p1a: Jumpluff|84/100|[from] item: Rocky Helmet|[of] p2a: Toxapex\n|\n|upkeep\n|turn|27\n|inactive|Time left: 300 sec this turn | 300 sec total\n|\n|t:|1783534947\n|move|p1a: Jumpluff|Acrobatics|p2a: Toxapex\n|-damage|p2a: Toxapex|100/216 par\n|-damage|p1a: Jumpluff|67/100|[from] item: Rocky Helmet|[of] p2a: Toxapex\n|move|p2a: Toxapex|Toxic|p1a: Jumpluff\n|-status|p1a: Jumpluff|tox\n|\n|-damage|p1a: Jumpluff|61/100 tox|[from] psn\n|upkeep\n|turn|28\n|inactive|Time left: 300 sec this turn | 300 sec total\n|\n|t:|1783534947\n|switch|p2a: Swalot|Swalot, L90, M|124/326\n|-activate|p2a: Swalot|move: Sticky Web\n|-unboost|p2a: Swalot|spe|1\n|move|p1a: Jumpluff|Acrobatics|p2a: Swalot\n|-damage|p2a: Swalot|45/326\n|\n|-heal|p2a: Swalot|65/326|[from] item: Leftovers\n|-damage|p1a: Jumpluff|50/100 tox|[from] psn\n|upkeep\n|turn|29\n|inactive|Time left: 300 sec this turn | 300 sec total\n|\n|t:|1783534948\n|move|p1a: Jumpluff|Acrobatics|p2a: Swalot\n|-damage|p2a: Swalot|0 fnt\n|faint|p2a: Swalot\n|\n|-damage|p1a: Jumpluff|32/100 tox|[from] psn\n|upkeep\n|inactive|Time left: 300 sec this turn | 300 sec total | 5 sec grace\n|\n|t:|1783534949\n|switch|p2a: Toxapex|Toxapex, L82, M|172/216 par\n|-activate|p2a: Toxapex|move: Sticky Web\n|-unboost|p2a: Toxapex|spe|1\n|turn|30\n|inactive|Time left: 300 sec this turn | 300 sec total\n|\n|t:|1783534950\n|move|p1a: Jumpluff|Strength Sap|p2a: Toxapex\n|-unboost|p2a: Toxapex|atk|1\n|-heal|p1a: Jumpluff|87/100 tox\n|move|p2a: Toxapex|Liquidation|p1a: Jumpluff\n|-resisted|p1a: Jumpluff\n|-damage|p1a: Jumpluff|78/100 tox\n|\n|-damage|p1a: Jumpluff|54/100 tox|[from] psn\n|upkeep\n|turn|31\n|inactive|Time left: 300 sec this turn | 300 sec total\n|\n|t:|1783534951\n|move|p1a: Jumpluff|Strength Sap|p2a: Toxapex\n|-unboost|p2a: Toxapex|atk|1\n|-heal|p1a: Jumpluff|91/100 tox\n|move|p2a: Toxapex|Haze|p2a: Toxapex\n|-clearallboost\n|\n|-damage|p1a: Jumpluff|62/100 tox|[from] psn\n|upkeep\n|turn|32\n|inactive|Time left: 300 sec this turn | 300 sec total\n|\n|t:|1783534952\n|move|p1a: Jumpluff|Strength Sap|p2a: Toxapex\n|-unboost|p2a: Toxapex|atk|1\n|-heal|p1a: Jumpluff|100/100 tox\n|move|p2a: Toxapex|Liquidation|p1a: Jumpluff\n|-resisted|p1a: Jumpluff\n|-damage|p1a: Jumpluff|92/100 tox\n|\n|-damage|p1a: Jumpluff|56/100 tox|[from] psn\n|upkeep\n|turn|33\n|inactive|Time left: 300 sec this turn | 300 sec total\n|\n|t:|1783534953\n|switch|p1a: Ariados|Ariados, L95, M|16/100\n|move|p2a: Toxapex|Haze|p2a: Toxapex\n|-clearallboost\n|\n|upkeep\n|turn|34\n|inactive|Time left: 300 sec this turn | 300 sec total\n|\n|t:|1783534954\n|switch|p1a: Jumpluff|Jumpluff, L87, F|56/100 tox\n|cant|p2a: Toxapex|par\n|\n|-damage|p1a: Jumpluff|50/100 tox|[from] psn\n|upkeep\n|turn|35\n|inactive|Time left: 300 sec this turn | 300 sec total\n|\n|t:|1783534955\n|move|p1a: Jumpluff|Strength Sap|p2a: Toxapex\n|-unboost|p2a: Toxapex|atk|1\n|-heal|p1a: Jumpluff|100/100 tox\n|move|p2a: Toxapex|Recover|p2a: Toxapex\n|-heal|p2a: Toxapex|216/216 par\n|\n|-damage|p1a: Jumpluff|89/100 tox|[from] psn\n|upkeep\n|turn|36\n|inactive|Time left: 300 sec this turn | 300 sec total\n|\n|t:|1783534956\n|switch|p1a: Ariados|Ariados, L95, M|16/100\n|cant|p2a: Toxapex|par\n|\n|upkeep\n|turn|37\n|inactive|Time left: 300 sec this turn | 300 sec total\n|\n|t:|1783534957\n|switch|p1a: Jumpluff|Jumpluff, L87, F|89/100 tox\n|cant|p2a: Toxapex|par\n|\n|-damage|p1a: Jumpluff|83/100 tox|[from] psn\n|upkeep\n|turn|38\n|inactive|Time left: 300 sec this turn | 300 sec total\n|\n|t:|1783534958\n|move|p1a: Jumpluff|Strength Sap|p2a: Toxapex\n|-unboost|p2a: Toxapex|atk|1\n|-heal|p1a: Jumpluff|100/100 tox\n|move|p2a: Toxapex|Haze|p2a: Toxapex\n|-clearallboost\n|\n|-damage|p1a: Jumpluff|89/100 tox|[from] psn\n|upkeep\n|turn|39\n|inactive|Time left: 300 sec this turn | 300 sec total\n|\n|t:|1783534959\n|move|p1a: Jumpluff|Strength Sap|p2a: Toxapex\n|-unboost|p2a: Toxapex|atk|1\n|-heal|p1a: Jumpluff|100/100 tox\n|move|p2a: Toxapex|Liquidation|p1a: Jumpluff\n|-resisted|p1a: Jumpluff\n|-damage|p1a: Jumpluff|92/100 tox\n|\n|-damage|p1a: Jumpluff|74/100 tox|[from] psn\n|upkeep\n|turn|40\n|inactive|Time left: 300 sec this turn | 300 sec total\n|\n|t:|1783534960\n|switch|p1a: Ariados|Ariados, L95, M|16/100\n|cant|p2a: Toxapex|par\n|\n|upkeep\n|turn|41\n|inactive|Time left: 300 sec this turn | 300 sec total\n|\n|t:|1783534961\n|switch|p1a: Jumpluff|Jumpluff, L87, F|74/100 tox\n|move|p2a: Toxapex|Haze|p2a: Toxapex\n|-clearallboost\n|\n|-damage|p1a: Jumpluff|68/100 tox|[from] psn\n|upkeep\n|turn|42\n|inactive|Time left: 300 sec this turn | 300 sec total\n|\n|t:|1783534962\n|move|p1a: Jumpluff|Strength Sap|p2a: Toxapex\n|-unboost|p2a: Toxapex|atk|1\n|-heal|p1a: Jumpluff|100/100 tox\n|move|p2a: Toxapex|Haze|p2a: Toxapex\n|-clearallboost\n|\n|-damage|p1a: Jumpluff|89/100 tox|[from] psn\n|upkeep\n|turn|43\n|inactive|Time left: 300 sec this turn | 300 sec total\n|\n|t:|1783534963\n|move|p1a: Jumpluff|Strength Sap|p2a: Toxapex\n|-unboost|p2a: Toxapex|atk|1\n|-heal|p1a: Jumpluff|100/100 tox\n|move|p2a: Toxapex|Liquidation|p1a: Jumpluff\n|-resisted|p1a: Jumpluff\n|-damage|p1a: Jumpluff|92/100 tox\n|-unboost|p1a: Jumpluff|def|1\n|\n|-damage|p1a: Jumpluff|75/100 tox|[from] psn\n|upkeep\n|turn|44\n|inactive|Time left: 300 sec this turn | 300 sec total\n|\n|t:|1783534964\n|move|p1a: Jumpluff|Strength Sap|p2a: Toxapex\n|-unboost|p2a: Toxapex|atk|1\n|-heal|p1a: Jumpluff|100/100 tox\n|cant|p2a: Toxapex|par\n|\n|-damage|p1a: Jumpluff|77/100 tox|[from] psn\n|upkeep\n|turn|45\n|inactive|Time left: 300 sec this turn | 300 sec total\n|\n|t:|1783534965\n|switch|p1a: Ariados|Ariados, L95, M|16/100\n|move|p2a: Toxapex|Haze|p2a: Toxapex\n|-clearallboost\n|\n|upkeep\n|turn|46\n|inactive|Time left: 300 sec this turn | 300 sec total\n|\n|t:|1783534966\n|switch|p1a: Jumpluff|Jumpluff, L87, F|77/100 tox\n|move|p2a: Toxapex|Liquidation|p1a: Jumpluff\n|-resisted|p1a: Jumpluff\n|-damage|p1a: Jumpluff|64/100 tox\n|\n|-damage|p1a: Jumpluff|58/100 tox|[from] psn\n|upkeep\n|turn|47\n|inactive|Time left: 300 sec this turn | 300 sec total\n|\n|t:|1783534967\n|move|p1a: Jumpluff|Strength Sap|p2a: Toxapex\n|-unboost|p2a: Toxapex|atk|1\n|-heal|p1a: Jumpluff|100/100 tox\n|move|p2a: Toxapex|Haze|p2a: Toxapex\n|-clearallboost\n|\n|-damage|p1a: Jumpluff|89/100 tox|[from] psn\n|upkeep\n|turn|48\n|inactive|Time left: 300 sec this turn | 300 sec total\n|\n|t:|1783534968\n|switch|p1a: Ariados|Ariados, L95, M|16/100\n|move|p2a: Toxapex|Liquidation|p1a: Ariados\n|-crit|p1a: Ariados\n|-damage|p1a: Ariados|0 fnt\n|faint|p1a: Ariados\n|\n|upkeep\n|\n|t:|1783534969\n|switch|p1a: Jumpluff|Jumpluff, L87, F|89/100 tox\n|turn|49\n|inactive|Time left: 300 sec this turn | 300 sec total\n|\n|t:|1783534970\n|move|p1a: Jumpluff|Strength Sap|p2a: Toxapex\n|-unboost|p2a: Toxapex|atk|1\n|-heal|p1a: Jumpluff|100/100 tox\n|cant|p2a: Toxapex|par\n|\n|-damage|p1a: Jumpluff|95/100 tox|[from] psn\n|upkeep\n|turn|50\n|inactive|Time left: 300 sec this turn | 300 sec total\n|\n|t:|1783534971\n|move|p1a: Jumpluff|Strength Sap|p2a: Toxapex\n|-unboost|p2a: Toxapex|atk|1\n|-heal|p1a: Jumpluff|100/100 tox\n|cant|p2a: Toxapex|par\n|\n|-damage|p1a: Jumpluff|89/100 tox|[from] psn\n|upkeep\n|turn|51\n|inactive|Time left: 300 sec this turn | 300 sec total\n|\n|t:|1783534973\n|move|p1a: Jumpluff|Strength Sap|p2a: Toxapex\n|-unboost|p2a: Toxapex|atk|1\n|-heal|p1a: Jumpluff|100/100 tox\n|move|p2a: Toxapex|Toxic|p1a: Jumpluff\n|-fail|p1a: Jumpluff|tox\n|\n|-damage|p1a: Jumpluff|83/100 tox|[from] psn\n|upkeep\n|turn|52\n|inactive|Time left: 300 sec this turn | 300 sec total\n|\n|t:|1783534974\n|move|p1a: Jumpluff|Strength Sap|p2a: Toxapex\n|-unboost|p2a: Toxapex|atk|1\n|-heal|p1a: Jumpluff|100/100 tox\n|move|p2a: Toxapex|Toxic|p1a: Jumpluff\n|-fail|p1a: Jumpluff|tox\n|\n|-damage|p1a: Jumpluff|77/100 tox|[from] psn\n|upkeep\n|turn|53\n|inactive|Time left: 300 sec this turn | 300 sec total\n|\n|t:|1783534975\n|move|p1a: Jumpluff|Encore|p2a: Toxapex\n|-start|p2a: Toxapex|Encore\n|move|p2a: Toxapex|Toxic|p1a: Jumpluff\n|-fail|p1a: Jumpluff|tox\n|\n|-damage|p1a: Jumpluff|47/100 tox|[from] psn\n|upkeep\n|turn|54\n|inactive|Time left: 300 sec this turn | 300 sec total\n|\n|t:|1783534976\n|move|p1a: Jumpluff|Strength Sap|p2a: Toxapex\n|-unboost|p2a: Toxapex|atk|1\n|-heal|p1a: Jumpluff|66/100 tox\n|cant|p2a: Toxapex|par\n|\n|-damage|p1a: Jumpluff|30/100 tox|[from] psn\n|upkeep\n|turn|55\n|inactive|Time left: 300 sec this turn | 300 sec total\n|\n|t:|1783534977\n|switch|p2a: Luvdisc|Luvdisc, F|247/247\n|move|p1a: Jumpluff|Sleep Powder|p2a: Luvdisc\n|-status|p2a: Luvdisc|slp|[from] move: Sleep Powder\n|\n|-damage|p1a: Jumpluff|0 fnt|[from] psn\n|faint|p1a: Jumpluff\n|\n|win|p0y143d3df", "uploadtime": 1783534977, "views": 0, "rating": 0, "private": 0, "password": null, "_winner": "p0y143d3df", "_our_name": "p0y143d3df"}