{"id": "battle-gen9randombattle-2316", "formatid": "gen9randombattle", "format": "[Gen 9] Random Battle", "players": ["p0x23161886", "p0y23163535"], "log": "|init|battle\n|title|p0x23161886 vs. p0y23163535\n|j|\u2606p0x23161886\n|j|\u2606p0y23163535\n|t:|1783565879\n|gametype|singles\n|player|p1|p0x23161886|266|\n|player|p2|p0y23163535|170|\n|gen|9\n|tier|[Gen 9] Random Battle\n|rule|Species Clause: Limit one of each Pok\u00e9mon\n|rule|HP Percentage Mod: HP is shown in percentages\n|rule|Sleep Clause Mod: Limit one foe put to sleep\n|rule|Illusion Level Mod: Illusion disguises the Pok\u00e9mon's true level\n|\n|t:|1783565879\n|teamsize|p1|6\n|teamsize|p2|6\n|start\n|switch|p1a: Volcanion|Volcanion, L79|100/100\n|switch|p2a: Amoonguss|Amoonguss, L82, F|321/321\n|turn|1\n|inactive|Battle timer is ON: inactive players will automatically lose when time's up. (requested by p0y23163535)\n|\n|t:|1783565881\n|move|p1a: Volcanion|Flamethrower|p2a: Amoonguss\n|-supereffective|p2a: Amoonguss\n|-damage|p2a: Amoonguss|73/321\n|move|p2a: Amoonguss|Spore|p1a: Volcanion\n|-status|p1a: Volcanion|slp|[from] move: Spore\n|\n|upkeep\n|turn|2\n|inactive|Time left: 300 sec this turn | 300 sec total\n|inactive|p0x23161886 also wants the timer to be on.\n|\n|t:|1783565882\n|switch|p1a: Magearna|Magearna, L77|100/100\n|switch|p2a: Magearna|Magearna-Original, L77|250/250\n|\n|upkeep\n|turn|3\n|inactive|Time left: 300 sec this turn | 300 sec total\n|\n|t:|1783565883\n|move|p1a: Magearna|Shift Gear|p1a: Magearna\n|-boost|p1a: Magearna|spe|2\n|-boost|p1a: Magearna|atk|1\n|move|p2a: Magearna|Shift Gear|p2a: Magearna\n|-boost|p2a: Magearna|spe|2\n|-boost|p2a: Magearna|atk|1\n|\n|upkeep\n|turn|4\n|inactive|Time left: 300 sec this turn | 300 sec total\n|\n|t:|1783565884\n|move|p2a: Magearna|Iron Head|p1a: Magearna\n|-damage|p1a: Magearna|63/100\n|cant|p1a: Magearna|flinch\n|\n|-heal|p1a: Magearna|69/100|[from] item: Leftovers\n|upkeep\n|turn|5\n|inactive|Time left: 300 sec this turn | 300 sec total\n|\n|t:|1783565885\n|move|p1a: Magearna|Shift Gear|p1a: Magearna\n|-boost|p1a: Magearna|spe|2\n|-boost|p1a: Magearna|atk|1\n|move|p2a: Magearna|Iron Head|p1a: Magearna\n|-damage|p1a: Magearna|30/100\n|\n|-heal|p1a: Magearna|36/100|[from] item: Leftovers\n|upkeep\n|turn|6\n|inactive|Time left: 300 sec this turn | 300 sec total\n|\n|t:|1783565886\n|move|p1a: Magearna|Flash Cannon|p2a: Magearna\n|-damage|p2a: Magearna|163/250\n|move|p2a: Magearna|Iron Head|p1a: Magearna\n|-damage|p1a: Magearna|0 fnt\n|faint|p1a: Magearna\n|-ability|p2a: Magearna|Soul-Heart|boost\n|-boost|p2a: Magearna|spa|1\n|\n|upkeep\n|\n|t:|1783565887\n|switch|p1a: Drifblim|Drifblim, L86, F|100/100\n|turn|7\n|inactive|Time left: 300 sec this turn | 300 sec total\n|\n|t:|1783565888\n|move|p2a: Magearna|Shift Gear|p2a: Magearna\n|-boost|p2a: Magearna|spe|2\n|-boost|p2a: Magearna|atk|1\n|move|p1a: Drifblim|Calm Mind|p1a: Drifblim\n|-boost|p1a: Drifblim|spa|1\n|-boost|p1a: Drifblim|spd|1\n|\n|upkeep\n|turn|8\n|inactive|Time left: 300 sec this turn | 300 sec total\n|\n|t:|1783565888\n|move|p2a: Magearna|Iron Head|p1a: Drifblim\n|-damage|p1a: Drifblim|41/100\n|-enditem|p1a: Drifblim|Sitrus Berry|[eat]\n|-heal|p1a: Drifblim|66/100|[from] item: Sitrus Berry\n|move|p1a: Drifblim|Shadow Ball|p2a: Magearna\n|-damage|p2a: Magearna|46/250\n|-unboost|p2a: Magearna|spd|1\n|\n|upkeep\n|turn|9\n|inactive|Time left: 300 sec this turn | 300 sec total\n|\n|t:|1783565889\n|move|p2a: Magearna|Iron Head|p1a: Drifblim\n|-damage|p1a: Drifblim|15/100\n|move|p1a: Drifblim|Shadow Ball|p2a: Magearna\n|-damage|p2a: Magearna|0 fnt\n|faint|p2a: Magearna\n|\n|upkeep\n|inactive|Time left: 300 sec this turn | 300 sec total | 5 sec grace\n|\n|t:|1783565890\n|switch|p2a: Cetitan|Cetitan, L82, F|412/412\n|turn|10\n|inactive|Time left: 300 sec this turn | 300 sec total\n|\n|t:|1783565890\n|switch|p1a: Bisharp|Bisharp, L79, M|100/100\n|move|p2a: Cetitan|Ice Shard|p1a: Bisharp\n|-resisted|p1a: Bisharp\n|-damage|p1a: Bisharp|94/100\n|\n|upkeep\n|turn|11\n|inactive|Time left: 300 sec this turn | 300 sec total\n|\n|t:|1783565891\n|move|p2a: Cetitan|Earthquake|p1a: Bisharp\n|-supereffective|p1a: Bisharp\n|-damage|p1a: Bisharp|54/100\n|move|p1a: Bisharp|Iron Head|p2a: Cetitan\n|-supereffective|p2a: Cetitan\n|-damage|p2a: Cetitan|158/412\n|-enditem|p2a: Cetitan|Sitrus Berry|[eat]\n|-heal|p2a: Cetitan|261/412|[from] item: Sitrus Berry\n|\n|upkeep\n|turn|12\n|inactive|Time left: 300 sec this turn | 300 sec total\n|\n|t:|1783565892\n|move|p2a: Cetitan|Earthquake|p1a: Bisharp\n|-supereffective|p1a: Bisharp\n|-damage|p1a: Bisharp|16/100\n|move|p1a: Bisharp|Iron Head|p2a: Cetitan\n|-supereffective|p2a: Cetitan\n|-damage|p2a: Cetitan|15/412\n|\n|upkeep\n|turn|13\n|inactive|Time left: 300 sec this turn | 300 sec total\n|\n|t:|1783565892\n|move|p2a: Cetitan|Earthquake|p1a: Bisharp\n|-supereffective|p1a: Bisharp\n|-damage|p1a: Bisharp|0 fnt\n|faint|p1a: Bisharp\n|\n|upkeep\n|\n|t:|1783565893\n|switch|p1a: Ribombee|Ribombee, L83, M|100/100\n|turn|14\n|inactive|Time left: 300 sec this turn | 300 sec total\n|\n|t:|1783565894\n|move|p1a: Ribombee|Quiver Dance|p1a: Ribombee\n|-boost|p1a: Ribombee|spa|1\n|-boost|p1a: Ribombee|spd|1\n|-boost|p1a: Ribombee|spe|1\n|move|p2a: Cetitan|Ice Spinner|p1a: Ribombee\n|-damage|p1a: Ribombee|53/100\n|\n|upkeep\n|turn|15\n|inactive|Time left: 300 sec this turn | 300 sec total\n|\n|t:|1783565895\n|move|p2a: Cetitan|Ice Shard|p1a: Ribombee\n|-damage|p1a: Ribombee|29/100\n|move|p1a: Ribombee|Tera Blast|p2a: Cetitan\n|-damage|p2a: Cetitan|0 fnt\n|faint|p2a: Cetitan\n|\n|upkeep\n|inactive|Time left: 300 sec this turn | 300 sec total | 5 sec grace\n|\n|t:|1783565896\n|switch|p2a: Azelf|Azelf, L82|257/257\n|turn|16\n|inactive|Time left: 300 sec this turn | 300 sec total\n|\n|t:|1783565897\n|move|p1a: Ribombee|Bug Buzz|p2a: Azelf\n|-supereffective|p2a: Azelf\n|-damage|p2a: Azelf|33/257\n|move|p2a: Azelf|Psychic|p1a: Ribombee\n|-damage|p1a: Ribombee|0 fnt\n|faint|p1a: Ribombee\n|\n|upkeep\n|\n|t:|1783565898\n|switch|p1a: Deoxys|Deoxys-Speed, L82|100/100\n|-ability|p1a: Deoxys|Pressure\n|turn|17\n|inactive|Time left: 300 sec this turn | 300 sec total\n|\n|t:|1783565899\n|move|p1a: Deoxys|Knock Off|p2a: Azelf\n|-supereffective|p2a: Azelf\n|-damage|p2a: Azelf|0 fnt\n|-enditem|p2a: Azelf|Assault Vest|[from] move: Knock Off|[of] p1a: Deoxys\n|faint|p2a: Azelf\n|-damage|p1a: Deoxys|91/100|[from] item: Life Orb\n|\n|upkeep\n|inactive|Time left: 300 sec this turn | 300 sec total | 5 sec grace\n|\n|t:|1783565900\n|switch|p2a: Amoonguss|Amoonguss, L82, F|180/321\n|turn|18\n|inactive|Time left: 300 sec this turn | 300 sec total\n|\n|t:|1783565901\n|move|p1a: Deoxys|Psycho Boost|p2a: Amoonguss\n|-supereffective|p2a: Amoonguss\n|-damage|p2a: Amoonguss|0 fnt\n|-unboost|p1a: Deoxys|spa|2\n|faint|p2a: Amoonguss\n|-damage|p1a: Deoxys|81/100|[from] item: Life Orb\n|\n|upkeep\n|inactive|Time left: 300 sec this turn | 300 sec total | 5 sec grace\n|\n|t:|1783565903\n|switch|p2a: Toxtricity|Toxtricity, L82, F|257/257\n|turn|19\n|inactive|Time left: 300 sec this turn | 300 sec total\n|\n|t:|1783565903\n|move|p1a: Deoxys|Psycho Boost|p2a: Toxtricity\n|-supereffective|p2a: Toxtricity\n|-damage|p2a: Toxtricity|36/257\n|-unboost|p1a: Deoxys|spa|2\n|-damage|p1a: Deoxys|71/100|[from] item: Life Orb\n|move|p2a: Toxtricity|Overdrive|p1a: Deoxys\n|-damage|p1a: Deoxys|18/100\n|\n|upkeep\n|turn|20\n|inactive|Time left: 300 sec this turn | 300 sec total\n|\n|t:|1783565905\n|move|p1a: Deoxys|Knock Off|p2a: Toxtricity\n|-damage|p2a: Toxtricity|0 fnt\n|-enditem|p2a: Toxtricity|Choice Scarf|[from] move: Knock Off|[of] p1a: Deoxys\n|faint|p2a: Toxtricity\n|-damage|p1a: Deoxys|8/100|[from] item: Life Orb\n|\n|upkeep\n|inactive|Time left: 300 sec this turn | 300 sec total | 5 sec grace\n|\n|t:|1783565906\n|switch|p2a: Espeon|Espeon, L84, M|246/246\n|turn|21\n|inactive|Time left: 300 sec this turn | 300 sec total\n|\n|t:|1783565907\n|-terastallize|p1a: Deoxys|Dark\n|move|p1a: Deoxys|Knock Off|p2a: Espeon\n|-supereffective|p2a: Espeon\n|-damage|p2a: Espeon|0 fnt\n|-enditem|p2a: Espeon|Choice Specs|[from] move: Knock Off|[of] p1a: Deoxys\n|faint|p2a: Espeon\n|-damage|p1a: Deoxys|0 fnt|[from] item: Life Orb\n|faint|p1a: Deoxys\n|\n|win|p0x23161886", "uploadtime": 1783565907, "views": 0, "rating": 0, "private": 0, "password": null, "_winner": "p0x23161886", "_our_name": "p0y23163535"}