{"id": "battle-gen9randombattle-2080", "formatid": "gen9randombattle", "format": "[Gen 9] Random Battle", "players": ["p0x2080e717", "p0y2080afbf"], "log": "|init|battle\n|title|p0x2080e717 vs. p0y2080afbf\n|j|\u2606p0x2080e717\n|j|\u2606p0y2080afbf\n|t:|1783564103\n|gametype|singles\n|player|p1|p0x2080e717|265|\n|player|p2|p0y2080afbf|170|\n|gen|9\n|tier|[Gen 9] Random Battle\n|rule|Species Clause: Limit one of each Pok\u00e9mon\n|rule|HP Percentage Mod: HP is shown in percentages\n|rule|Sleep Clause Mod: Limit one foe put to sleep\n|rule|Illusion Level Mod: Illusion disguises the Pok\u00e9mon's true level\n|\n|t:|1783564103\n|teamsize|p1|6\n|teamsize|p2|6\n|start\n|switch|p1a: Wigglytuff|Wigglytuff, L96, F|100/100\n|switch|p2a: Sceptile|Sceptile, L87, F|264/264\n|turn|1\n|inactive|Battle timer is ON: inactive players will automatically lose when time's up. (requested by p0x2080e717)\n|inactive|Time left: 300 sec this turn | 300 sec total | 60 sec grace\n|inactive|p0y2080afbf also wants the timer to be on.\n|\n|t:|1783564105\n|move|p2a: Sceptile|Leech Seed|p1a: Wigglytuff\n|-start|p1a: Wigglytuff|move: Leech Seed\n|move|p1a: Wigglytuff|Knock Off|p2a: Sceptile\n|-damage|p2a: Sceptile|175/264\n|-enditem|p2a: Sceptile|Leftovers|[from] move: Knock Off|[of] p1a: Wigglytuff\n|\n|-damage|p1a: Wigglytuff|88/100|[from] Leech Seed|[of] p2a: Sceptile\n|-heal|p2a: Sceptile|228/264|[silent]\n|upkeep\n|turn|2\n|inactive|Time left: 300 sec this turn | 300 sec total\n|\n|t:|1783564106\n|switch|p1a: Lugia|Lugia, L73|100/100\n|move|p2a: Sceptile|Leech Seed|p1a: Lugia\n|-start|p1a: Lugia|move: Leech Seed\n|\n|-damage|p1a: Lugia|88/100|[from] Leech Seed|[of] p2a: Sceptile\n|-heal|p2a: Sceptile|262/264|[silent]\n|upkeep\n|turn|3\n|inactive|Time left: 300 sec this turn | 300 sec total\n|\n|t:|1783564107\n|switch|p1a: Slaking|Slaking, L84, F|100/100\n|move|p2a: Sceptile|Leech Seed|p1a: Slaking\n|-start|p1a: Slaking|move: Leech Seed\n|\n|-damage|p1a: Slaking|88/100|[from] Leech Seed|[of] p2a: Sceptile\n|-heal|p2a: Sceptile|264/264|[silent]\n|upkeep\n|turn|4\n|inactive|Time left: 300 sec this turn | 300 sec total\n|\n|t:|1783564108\n|switch|p2a: Sinistcha|Sinistcha-Masterpiece, L83|254/254\n|move|p1a: Slaking|Giga Impact|p2a: Sinistcha\n|-immune|p2a: Sinistcha\n|\n|-damage|p1a: Slaking|76/100|[from] Leech Seed|[of] p2a: Sinistcha\n|upkeep\n|turn|5\n|inactive|Time left: 300 sec this turn | 300 sec total\n|\n|t:|1783564109\n|switch|p1a: Wigglytuff|Wigglytuff, L96, F|88/100\n|move|p2a: Sinistcha|Calm Mind|p2a: Sinistcha\n|-boost|p2a: Sinistcha|spa|1\n|-boost|p2a: Sinistcha|spd|1\n|\n|-heal|p1a: Wigglytuff|94/100|[from] item: Leftovers\n|upkeep\n|turn|6\n|inactive|Time left: 300 sec this turn | 300 sec total\n|\n|t:|1783564110\n|move|p2a: Sinistcha|Calm Mind|p2a: Sinistcha\n|-boost|p2a: Sinistcha|spa|1\n|-boost|p2a: Sinistcha|spd|1\n|move|p1a: Wigglytuff|Knock Off|p2a: Sinistcha\n|-supereffective|p2a: Sinistcha\n|-damage|p2a: Sinistcha|124/254\n|-enditem|p2a: Sinistcha|Leftovers|[from] move: Knock Off|[of] p1a: Wigglytuff\n|\n|-heal|p1a: Wigglytuff|99/100|[from] item: Leftovers\n|upkeep\n|turn|7\n|inactive|Time left: 300 sec this turn | 300 sec total\n|\n|t:|1783564111\n|move|p1a: Wigglytuff|Protect|p1a: Wigglytuff\n|-singleturn|p1a: Wigglytuff|Protect\n|move|p2a: Sinistcha|Matcha Gotcha|p1a: Wigglytuff\n|-activate|p1a: Wigglytuff|move: Protect\n|\n|-heal|p1a: Wigglytuff|100/100|[from] item: Leftovers\n|upkeep\n|turn|8\n|inactive|Time left: 300 sec this turn | 300 sec total\n|\n|t:|1783564112\n|switch|p1a: Lugia|Lugia, L73|88/100\n|move|p2a: Sinistcha|Matcha Gotcha|p1a: Lugia\n|-resisted|p1a: Lugia\n|-damage|p1a: Lugia|60/100\n|-heal|p2a: Sinistcha|162/254|[from] drain|[of] p1a: Lugia\n|\n|upkeep\n|turn|9\n|inactive|Time left: 300 sec this turn | 300 sec total\n|\n|t:|1783564113\n|move|p1a: Lugia|Aeroblast|p2a: Sinistcha\n|-supereffective|p2a: Sinistcha\n|-damage|p2a: Sinistcha|82/254\n|move|p2a: Sinistcha|Shadow Ball|p1a: Lugia\n|-supereffective|p1a: Lugia\n|-damage|p1a: Lugia|0 fnt\n|faint|p1a: Lugia\n|\n|upkeep\n|\n|t:|1783564114\n|switch|p1a: Slaking|Slaking, L84, F|76/100\n|turn|10\n|inactive|Time left: 300 sec this turn | 300 sec total\n|\n|t:|1783564114\n|move|p1a: Slaking|Knock Off|p2a: Sinistcha\n|-supereffective|p2a: Sinistcha\n|-crit|p2a: Sinistcha\n|-damage|p2a: Sinistcha|0 fnt\n|faint|p2a: Sinistcha\n|\n|upkeep\n|inactive|Time left: 300 sec this turn | 300 sec total | 5 sec grace\n|\n|t:|1783564115\n|switch|p2a: Mamoswine|Mamoswine, L81, M|311/311\n|turn|11\n|inactive|Time left: 300 sec this turn | 300 sec total\n|\n|t:|1783564117\n|cant|p1a: Slaking|ability: Truant\n|move|p2a: Mamoswine|Earthquake|p1a: Slaking\n|-damage|p1a: Slaking|34/100\n|\n|upkeep\n|turn|12\n|inactive|Time left: 300 sec this turn | 300 sec total\n|\n|t:|1783564118\n|move|p1a: Slaking|Knock Off|p2a: Mamoswine\n|-damage|p2a: Mamoswine|128/311\n|-enditem|p2a: Mamoswine|Choice Band|[from] move: Knock Off|[of] p1a: Slaking\n|move|p2a: Mamoswine|Earthquake|p1a: Slaking\n|-damage|p1a: Slaking|7/100\n|\n|upkeep\n|turn|13\n|inactive|Time left: 300 sec this turn | 300 sec total\n|\n|t:|1783564119\n|switch|p1a: Wigglytuff|Wigglytuff, L96, F|100/100\n|move|p2a: Mamoswine|Icicle Crash|p1a: Wigglytuff\n|-damage|p1a: Wigglytuff|64/100\n|\n|-heal|p1a: Wigglytuff|71/100|[from] item: Leftovers\n|upkeep\n|turn|14\n|inactive|Time left: 300 sec this turn | 300 sec total\n|\n|t:|1783564120\n|move|p2a: Mamoswine|Earthquake|p1a: Wigglytuff\n|-damage|p1a: Wigglytuff|30/100\n|move|p1a: Wigglytuff|Dazzling Gleam|p2a: Mamoswine\n|-damage|p2a: Mamoswine|0 fnt\n|faint|p2a: Mamoswine\n|\n|-heal|p1a: Wigglytuff|36/100|[from] item: Leftovers\n|upkeep\n|inactive|Time left: 300 sec this turn | 300 sec total | 5 sec grace\n|\n|t:|1783564121\n|switch|p2a: Greedent|Greedent, L86, F|347/347\n|turn|15\n|inactive|Time left: 300 sec this turn | 300 sec total\n|\n|t:|1783564122\n|move|p1a: Wigglytuff|Knock Off|p2a: Greedent\n|-damage|p2a: Greedent|281/347\n|-enditem|p2a: Greedent|Sitrus Berry|[from] move: Knock Off|[of] p1a: Wigglytuff\n|move|p2a: Greedent|Swords Dance|p2a: Greedent\n|-boost|p2a: Greedent|atk|2\n|\n|-heal|p1a: Wigglytuff|42/100|[from] item: Leftovers\n|upkeep\n|turn|16\n|inactive|Time left: 300 sec this turn | 300 sec total\n|\n|t:|1783564123\n|move|p1a: Wigglytuff|Dazzling Gleam|p2a: Greedent\n|-damage|p2a: Greedent|178/347\n|move|p2a: Greedent|Earthquake|p1a: Wigglytuff\n|-damage|p1a: Wigglytuff|0 fnt\n|faint|p1a: Wigglytuff\n|\n|upkeep\n|\n|t:|1783564124\n|switch|p1a: Slaking|Slaking, L84, F|7/100\n|turn|17\n|inactive|Time left: 300 sec this turn | 300 sec total\n|\n|t:|1783564125\n|-terastallize|p2a: Greedent|Ghost\n|move|p1a: Slaking|Giga Impact|p2a: Greedent\n|-immune|p2a: Greedent\n|move|p2a: Greedent|Swords Dance|p2a: Greedent\n|-boost|p2a: Greedent|atk|2\n|\n|upkeep\n|turn|18\n|inactive|Time left: 300 sec this turn | 300 sec total\n|\n|t:|1783564126\n|cant|p1a: Slaking|ability: Truant\n|move|p2a: Greedent|Knock Off|p1a: Slaking\n|-damage|p1a: Slaking|0 fnt\n|-enditem|p1a: Slaking|Choice Band|[from] move: Knock Off|[of] p2a: Greedent\n|faint|p1a: Slaking\n|\n|upkeep\n|\n|t:|1783564127\n|switch|p1a: Copperajah|Copperajah, L86, M|100/100\n|turn|19\n|inactive|Time left: 300 sec this turn | 300 sec total\n|\n|t:|1783564128\n|-terastallize|p1a: Copperajah|Fairy\n|move|p1a: Copperajah|Play Rough|p2a: Greedent\n|-damage|p2a: Greedent|0 fnt\n|faint|p2a: Greedent\n|\n|upkeep\n|inactive|Time left: 300 sec this turn | 300 sec total | 5 sec grace\n|\n|t:|1783564130\n|switch|p2a: Whiscash|Whiscash, L88, M|337/337\n|turn|20\n|inactive|Time left: 300 sec this turn | 300 sec total\n|\n|t:|1783564131\n|move|p2a: Whiscash|Earthquake|p1a: Copperajah\n|-crit|p1a: Copperajah\n|-damage|p1a: Copperajah|51/100\n|move|p1a: Copperajah|Play Rough|p2a: Whiscash|[miss]\n|-miss|p1a: Copperajah|p2a: Whiscash\n|\n|upkeep\n|turn|21\n|inactive|Time left: 300 sec this turn | 300 sec total\n|\n|t:|1783564132\n|move|p2a: Whiscash|Earthquake|p1a: Copperajah\n|-damage|p1a: Copperajah|19/100\n|move|p1a: Copperajah|Play Rough|p2a: Whiscash\n|-damage|p2a: Whiscash|90/337\n|\n|-heal|p2a: Whiscash|111/337|[from] item: Leftovers\n|upkeep\n|turn|22\n|inactive|Time left: 300 sec this turn | 300 sec total\n|\n|t:|1783564133\n|switch|p1a: Hitmonchan|Hitmonchan, L87, M|100/100\n|move|p2a: Whiscash|Ice Beam|p1a: Hitmonchan\n|-damage|p1a: Hitmonchan|79/100\n|\n|-heal|p1a: Hitmonchan|85/100|[from] item: Leftovers\n|-heal|p2a: Whiscash|132/337|[from] item: Leftovers\n|upkeep\n|turn|23\n|inactive|Time left: 300 sec this turn | 300 sec total\n|\n|t:|1783564134\n|move|p1a: Hitmonchan|Bulk Up|p1a: Hitmonchan\n|-boost|p1a: Hitmonchan|atk|1\n|-boost|p1a: Hitmonchan|def|1\n|move|p2a: Whiscash|Stealth Rock|p1a: Hitmonchan\n|-sidestart|p1: p0x2080e717|move: Stealth Rock\n|\n|-heal|p1a: Hitmonchan|91/100|[from] item: Leftovers\n|-heal|p2a: Whiscash|153/337|[from] item: Leftovers\n|upkeep\n|turn|24\n|inactive|Time left: 300 sec this turn | 300 sec total\n|\n|t:|1783564135\n|move|p1a: Hitmonchan|Drain Punch|p2a: Whiscash\n|-damage|p2a: Whiscash|0 fnt\n|-heal|p1a: Hitmonchan|100/100|[from] drain|[of] p2a: Whiscash\n|faint|p2a: Whiscash\n|\n|upkeep\n|inactive|Time left: 300 sec this turn | 300 sec total | 5 sec grace\n|\n|t:|1783564136\n|switch|p2a: Sceptile|Sceptile, L87, F|264/264\n|turn|25\n|inactive|Time left: 300 sec this turn | 300 sec total\n|\n|t:|1783564138\n|move|p2a: Sceptile|Leech Seed|p1a: Hitmonchan\n|-start|p1a: Hitmonchan|move: Leech Seed\n|move|p1a: Hitmonchan|Rapid Spin|p2a: Sceptile\n|-damage|p2a: Sceptile|192/264\n|-boost|p1a: Hitmonchan|spe|1\n|-end|p1a: Hitmonchan|Leech Seed|[from] move: Rapid Spin|[of] p1a: Hitmonchan\n|-sideend|p1: p0x2080e717|Stealth Rock|[from] move: Rapid Spin|[of] p1a: Hitmonchan\n|\n|upkeep\n|turn|26\n|inactive|Time left: 300 sec this turn | 300 sec total\n|\n|t:|1783564139\n|move|p1a: Hitmonchan|Drain Punch|p2a: Sceptile\n|-crit|p2a: Sceptile\n|-damage|p2a: Sceptile|0 fnt\n|faint|p2a: Sceptile\n|\n|upkeep\n|inactive|Time left: 300 sec this turn | 300 sec total | 5 sec grace\n|\n|t:|1783564140\n|switch|p2a: Clawitzer|Clawitzer, L87, F|265/265\n|turn|27\n|inactive|Time left: 300 sec this turn | 300 sec total\n|\n|t:|1783564140\n|move|p1a: Hitmonchan|Drain Punch|p2a: Clawitzer\n|-damage|p2a: Clawitzer|108/265\n|move|p2a: Clawitzer|Water Pulse|p1a: Hitmonchan\n|-damage|p1a: Hitmonchan|61/100\n|\n|-heal|p1a: Hitmonchan|67/100|[from] item: Leftovers\n|upkeep\n|turn|28\n|inactive|Time left: 300 sec this turn | 300 sec total\n|\n|t:|1783564141\n|move|p1a: Hitmonchan|Drain Punch|p2a: Clawitzer\n|-damage|p2a: Clawitzer|0 fnt\n|-heal|p1a: Hitmonchan|91/100|[from] drain|[of] p2a: Clawitzer\n|faint|p2a: Clawitzer\n|\n|win|p0x2080e717", "uploadtime": 1783564141, "views": 0, "rating": 0, "private": 0, "password": null, "_winner": "p0x2080e717", "_our_name": "p0y2080afbf"}