{"id": "battle-gen9randombattle-1429", "formatid": "gen9randombattle", "format": "[Gen 9] Random Battle", "players": ["p0x14296e32", "p0y1429bc61"], "log": "|init|battle\n|title|p0x14296e32 vs. p0y1429bc61\n|j|\u2606p0x14296e32\n|j|\u2606p0y1429bc61\n|t:|1783555698\n|gametype|singles\n|player|p1|p0x14296e32|170|\n|player|p2|p0y1429bc61|266|\n|gen|9\n|tier|[Gen 9] Random Battle\n|rule|Species Clause: Limit one of each Pok\u00e9mon\n|rule|HP Percentage Mod: HP is shown in percentages\n|rule|Sleep Clause Mod: Limit one foe put to sleep\n|rule|Illusion Level Mod: Illusion disguises the Pok\u00e9mon's true level\n|\n|t:|1783555698\n|teamsize|p1|6\n|teamsize|p2|6\n|start\n|switch|p1a: Cacturne|Cacturne, L92, M|100/100\n|switch|p2a: Regidrago|Regidrago, L77|435/435\n|turn|1\n|inactive|Battle timer is ON: inactive players will automatically lose when time's up. (requested by p0y1429bc61)\n|\n|t:|1783555699\n|-terastallize|p2a: Regidrago|Dragon\n|move|p2a: Regidrago|Outrage|p1a: Cacturne\n|-damage|p1a: Cacturne|12/100\n|move|p1a: Cacturne|Knock Off|p2a: Regidrago\n|-damage|p2a: Regidrago|166/435\n|-enditem|p2a: Regidrago|Lum Berry|[from] move: Knock Off|[of] p1a: Cacturne\n|-damage|p1a: Cacturne|2/100|[from] item: Life Orb\n|\n|upkeep\n|turn|2\n|inactive|Time left: 300 sec this turn | 300 sec total\n|inactive|p0x14296e32 also wants the timer to be on.\n|\n|t:|1783555700\n|move|p1a: Cacturne|Sucker Punch|p2a: Regidrago\n|-damage|p2a: Regidrago|0 fnt\n|faint|p2a: Regidrago\n|-damage|p1a: Cacturne|0 fnt|[from] item: Life Orb\n|faint|p1a: Cacturne\n|\n|upkeep\n|inactive|Time left: 300 sec this turn | 300 sec total | 5 sec grace\n|\n|t:|1783555701\n|switch|p2a: Zacian|Zacian-Crowned, L64|225/225\n|switch|p1a: Sudowoodo|Sudowoodo, L94, F|100/100\n|-ability|p2a: Zacian|Intrepid Sword|boost\n|-boost|p2a: Zacian|atk|1\n|turn|3\n|inactive|Time left: 300 sec this turn | 300 sec total\n|\n|t:|1783555702\n|move|p2a: Zacian|Behemoth Blade|p1a: Sudowoodo\n|-supereffective|p1a: Sudowoodo\n|-damage|p1a: Sudowoodo|29/100\n|move|p1a: Sudowoodo|Earthquake|p2a: Zacian\n|-supereffective|p2a: Zacian\n|-damage|p2a: Zacian|39/225\n|\n|-heal|p1a: Sudowoodo|35/100|[from] item: Leftovers\n|upkeep\n|turn|4\n|inactive|Time left: 300 sec this turn | 300 sec total\n|\n|t:|1783555703\n|switch|p1a: Iron Crown|Iron Crown, L78|100/100\n|move|p2a: Zacian|Behemoth Blade|p1a: Iron Crown\n|-resisted|p1a: Iron Crown\n|-damage|p1a: Iron Crown|78/100\n|\n|-heal|p1a: Iron Crown|84/100|[from] item: Leftovers\n|upkeep\n|turn|5\n|inactive|Time left: 300 sec this turn | 300 sec total\n|\n|t:|1783555704\n|move|p2a: Zacian|Close Combat|p1a: Iron Crown\n|-damage|p1a: Iron Crown|43/100\n|-unboost|p2a: Zacian|def|1\n|-unboost|p2a: Zacian|spd|1\n|move|p1a: Iron Crown|Tachyon Cutter|p2a: Zacian\n|-damage|p2a: Zacian|0 fnt\n|faint|p2a: Zacian\n|-hitcount|p2: Zacian|1\n|\n|-heal|p1a: Iron Crown|49/100|[from] item: Leftovers\n|upkeep\n|inactive|Time left: 300 sec this turn | 300 sec total | 5 sec grace\n|\n|t:|1783555705\n|switch|p2a: Passimian|Passimian, L83, F|302/302\n|turn|6\n|inactive|Time left: 300 sec this turn | 300 sec total\n|\n|t:|1783555706\n|move|p2a: Passimian|Close Combat|p1a: Iron Crown\n|-damage|p1a: Iron Crown|0 fnt\n|-unboost|p2a: Passimian|def|1\n|-unboost|p2a: Passimian|spd|1\n|faint|p1a: Iron Crown\n|-end|p1a: Iron Crown|Quark Drive|[silent]\n|\n|upkeep\n|\n|t:|1783555707\n|switch|p1a: Haxorus|Haxorus, L77, F|100/100\n|-ability|p1a: Haxorus|Mold Breaker\n|turn|7\n|inactive|Time left: 300 sec this turn | 300 sec total\n|\n|t:|1783555708\n|move|p2a: Passimian|Close Combat|p1a: Haxorus\n|-damage|p1a: Haxorus|39/100\n|-unboost|p2a: Passimian|def|1\n|-unboost|p2a: Passimian|spd|1\n|move|p1a: Haxorus|Dragon Dance|p1a: Haxorus\n|-boost|p1a: Haxorus|atk|1\n|-boost|p1a: Haxorus|spe|1\n|\n|upkeep\n|turn|8\n|inactive|Time left: 300 sec this turn | 300 sec total\n|\n|t:|1783555709\n|switch|p2a: Jirachi|Jirachi, L80|291/291\n|move|p1a: Haxorus|Outrage|p2a: Jirachi\n|-resisted|p2a: Jirachi\n|-damage|p2a: Jirachi|193/291\n|\n|-heal|p2a: Jirachi|211/291|[from] item: Leftovers\n|upkeep\n|turn|9\n|inactive|Time left: 300 sec this turn | 300 sec total\n|\n|t:|1783555709\n|move|p1a: Haxorus|Outrage|p2a: Jirachi|[from] lockedmove\n|-resisted|p2a: Jirachi\n|-damage|p2a: Jirachi|109/291\n|move|p2a: Jirachi|Drain Punch|p1a: Haxorus\n|-damage|p1a: Haxorus|16/100\n|-heal|p2a: Jirachi|137/291|[from] drain|[of] p1a: Haxorus\n|\n|-heal|p2a: Jirachi|155/291|[from] item: Leftovers\n|upkeep\n|turn|10\n|inactive|Time left: 300 sec this turn | 300 sec total\n|\n|t:|1783555710\n|move|p1a: Haxorus|Outrage|p2a: Jirachi|[from] lockedmove\n|-resisted|p2a: Jirachi\n|-damage|p2a: Jirachi|55/291\n|-start|p1a: Haxorus|confusion|[fatigue]\n|-enditem|p1a: Haxorus|Lum Berry|[eat]\n|-end|p1a: Haxorus|confusion\n|move|p2a: Jirachi|Iron Head|p1a: Haxorus\n|-damage|p1a: Haxorus|0 fnt\n|faint|p1a: Haxorus\n|\n|-heal|p2a: Jirachi|73/291|[from] item: Leftovers\n|upkeep\n|\n|t:|1783555711\n|switch|p1a: Ogerpon|Ogerpon-Hearthflame, L74, F|100/100\n|-ability|p1a: Ogerpon|Mold Breaker\n|turn|11\n|inactive|Time left: 300 sec this turn | 300 sec total\n|\n|t:|1783555712\n|move|p2a: Jirachi|U-turn|p1a: Ogerpon\n|-crit|p1a: Ogerpon\n|-damage|p1a: Ogerpon|68/100\n|inactive|Time left: 300 sec this turn | 300 sec total | 5 sec grace\n|\n|t:|1783555713\n|switch|p2a: Blaziken|Blaziken, L76, M|247/247|[from] U-turn\n|move|p1a: Ogerpon|Swords Dance|p1a: Ogerpon\n|-boost|p1a: Ogerpon|atk|2\n|\n|upkeep\n|turn|12\n|inactive|Time left: 300 sec this turn | 300 sec total\n|\n|t:|1783555714\n|-terastallize|p1a: Ogerpon|Fire\n|detailschange|p1a: Ogerpon|Ogerpon-Hearthflame-Tera, L74, F, tera:Fire\n|-ability|p1a: Ogerpon|Embody Aspect (Hearthflame)|boost\n|-boost|p1a: Ogerpon|atk|1\n|move|p1a: Ogerpon|Ivy Cudgel|p2a: Blaziken|[anim] Ivy Cudgel Fire\n|-resisted|p2a: Blaziken\n|-damage|p2a: Blaziken|0 fnt\n|faint|p2a: Blaziken\n|\n|upkeep\n|inactive|Time left: 300 sec this turn | 300 sec total | 5 sec grace\n|\n|t:|1783555715\n|switch|p2a: Passimian|Passimian, L83, F|302/302\n|turn|13\n|inactive|Time left: 300 sec this turn | 300 sec total\n|\n|t:|1783555715\n|switch|p1a: Chimecho|Chimecho, L93, M|100/100\n|move|p2a: Passimian|Close Combat|p1a: Chimecho\n|-resisted|p1a: Chimecho\n|-damage|p1a: Chimecho|76/100\n|-unboost|p2a: Passimian|def|1\n|-unboost|p2a: Passimian|spd|1\n|\n|-heal|p1a: Chimecho|82/100|[from] item: Leftovers\n|upkeep\n|turn|14\n|inactive|Time left: 300 sec this turn | 300 sec total\n|\n|t:|1783555717\n|switch|p2a: Jirachi|Jirachi, L80|73/291\n|move|p1a: Chimecho|Cosmic Power|p1a: Chimecho\n|-boost|p1a: Chimecho|def|1\n|-boost|p1a: Chimecho|spd|1\n|\n|-heal|p2a: Jirachi|91/291|[from] item: Leftovers\n|-heal|p1a: Chimecho|88/100|[from] item: Leftovers\n|upkeep\n|turn|15\n|inactive|Time left: 300 sec this turn | 300 sec total\n|\n|t:|1783555717\n|move|p2a: Jirachi|Stealth Rock|p1a: Chimecho\n|-sidestart|p1: p0x14296e32|move: Stealth Rock\n|move|p1a: Chimecho|Cosmic Power|p1a: Chimecho\n|-boost|p1a: Chimecho|def|1\n|-boost|p1a: Chimecho|spd|1\n|\n|-heal|p2a: Jirachi|109/291|[from] item: Leftovers\n|-heal|p1a: Chimecho|95/100|[from] item: Leftovers\n|upkeep\n|turn|16\n|inactive|Time left: 300 sec this turn | 300 sec total\n|\n|t:|1783555718\n|move|p2a: Jirachi|Iron Head|p1a: Chimecho\n|-damage|p1a: Chimecho|81/100\n|cant|p1a: Chimecho|flinch\n|\n|-heal|p2a: Jirachi|127/291|[from] item: Leftovers\n|-heal|p1a: Chimecho|87/100|[from] item: Leftovers\n|upkeep\n|turn|17\n|inactive|Time left: 300 sec this turn | 300 sec total\n|\n|t:|1783555719\n|move|p2a: Jirachi|Iron Head|p1a: Chimecho\n|-damage|p1a: Chimecho|75/100\n|cant|p1a: Chimecho|flinch\n|\n|-heal|p2a: Jirachi|145/291|[from] item: Leftovers\n|-heal|p1a: Chimecho|81/100|[from] item: Leftovers\n|upkeep\n|turn|18\n|inactive|Time left: 300 sec this turn | 300 sec total\n|\n|t:|1783555720\n|move|p2a: Jirachi|Iron Head|p1a: Chimecho\n|-damage|p1a: Chimecho|68/100\n|move|p1a: Chimecho|Stored Power|p2a: Jirachi\n|-resisted|p2a: Jirachi\n|-damage|p2a: Jirachi|112/291\n|\n|-heal|p2a: Jirachi|130/291|[from] item: Leftovers\n|-heal|p1a: Chimecho|74/100|[from] item: Leftovers\n|upkeep\n|turn|19\n|inactive|Time left: 300 sec this turn | 300 sec total\n|\n|t:|1783555721\n|move|p2a: Jirachi|Iron Head|p1a: Chimecho\n|-damage|p1a: Chimecho|60/100\n|move|p1a: Chimecho|Cosmic Power|p1a: Chimecho\n|-boost|p1a: Chimecho|def|1\n|-boost|p1a: Chimecho|spd|1\n|\n|-heal|p2a: Jirachi|148/291|[from] item: Leftovers\n|-heal|p1a: Chimecho|67/100|[from] item: Leftovers\n|upkeep\n|turn|20\n|inactive|Time left: 300 sec this turn | 300 sec total\n|\n|t:|1783555722\n|move|p2a: Jirachi|Iron Head|p1a: Chimecho\n|-damage|p1a: Chimecho|56/100\n|move|p1a: Chimecho|Stored Power|p2a: Jirachi\n|-resisted|p2a: Jirachi\n|-damage|p2a: Jirachi|109/291\n|\n|-heal|p2a: Jirachi|127/291|[from] item: Leftovers\n|-heal|p1a: Chimecho|63/100|[from] item: Leftovers\n|upkeep\n|turn|21\n|inactive|Time left: 300 sec this turn | 300 sec total\n|\n|t:|1783555723\n|move|p2a: Jirachi|Iron Head|p1a: Chimecho\n|-damage|p1a: Chimecho|51/100\n|cant|p1a: Chimecho|flinch\n|\n|-heal|p2a: Jirachi|145/291|[from] item: Leftovers\n|-heal|p1a: Chimecho|57/100|[from] item: Leftovers\n|upkeep\n|turn|22\n|inactive|Time left: 300 sec this turn | 300 sec total\n|\n|t:|1783555724\n|move|p2a: Jirachi|Iron Head|p1a: Chimecho\n|-damage|p1a: Chimecho|46/100\n|cant|p1a: Chimecho|flinch\n|\n|-heal|p2a: Jirachi|163/291|[from] item: Leftovers\n|-heal|p1a: Chimecho|52/100|[from] item: Leftovers\n|upkeep\n|turn|23\n|inactive|Time left: 300 sec this turn | 300 sec total\n|\n|t:|1783555726\n|move|p2a: Jirachi|Iron Head|p1a: Chimecho\n|-damage|p1a: Chimecho|42/100\n|cant|p1a: Chimecho|flinch\n|\n|-heal|p2a: Jirachi|181/291|[from] item: Leftovers\n|-heal|p1a: Chimecho|48/100|[from] item: Leftovers\n|upkeep\n|turn|24\n|inactive|Time left: 300 sec this turn | 300 sec total\n|\n|t:|1783555727\n|move|p2a: Jirachi|Iron Head|p1a: Chimecho\n|-damage|p1a: Chimecho|35/100\n|cant|p1a: Chimecho|flinch\n|\n|-heal|p2a: Jirachi|199/291|[from] item: Leftovers\n|-heal|p1a: Chimecho|42/100|[from] item: Leftovers\n|upkeep\n|turn|25\n|inactive|Time left: 300 sec this turn | 300 sec total\n|\n|t:|1783555728\n|move|p2a: Jirachi|Iron Head|p1a: Chimecho\n|-damage|p1a: Chimecho|30/100\n|move|p1a: Chimecho|Recover|p1a: Chimecho\n|-heal|p1a: Chimecho|80/100\n|\n|-heal|p2a: Jirachi|217/291|[from] item: Leftovers\n|-heal|p1a: Chimecho|86/100|[from] item: Leftovers\n|upkeep\n|turn|26\n|inactive|Time left: 300 sec this turn | 300 sec total\n|\n|t:|1783555729\n|move|p2a: Jirachi|Iron Head|p1a: Chimecho\n|-damage|p1a: Chimecho|76/100\n|cant|p1a: Chimecho|flinch\n|\n|-heal|p2a: Jirachi|235/291|[from] item: Leftovers\n|-heal|p1a: Chimecho|82/100|[from] item: Leftovers\n|upkeep\n|turn|27\n|inactive|Time left: 300 sec this turn | 300 sec total\n|\n|t:|1783555731\n|move|p2a: Jirachi|Iron Head|p1a: Chimecho\n|-damage|p1a: Chimecho|71/100\n|move|p1a: Chimecho|Stored Power|p2a: Jirachi\n|-resisted|p2a: Jirachi\n|-damage|p2a: Jirachi|195/291\n|\n|-heal|p2a: Jirachi|213/291|[from] item: Leftovers\n|-heal|p1a: Chimecho|77/100|[from] item: Leftovers\n|upkeep\n|turn|28\n|inactive|Time left: 300 sec this turn | 300 sec total\n|\n|t:|1783555732\n|move|p2a: Jirachi|Iron Head|p1a: Chimecho\n|-damage|p1a: Chimecho|66/100\n|cant|p1a: Chimecho|flinch\n|\n|-heal|p2a: Jirachi|231/291|[from] item: Leftovers\n|-heal|p1a: Chimecho|72/100|[from] item: Leftovers\n|upkeep\n|turn|29\n|inactive|Time left: 300 sec this turn | 300 sec total\n|\n|t:|1783555733\n|move|p2a: Jirachi|Iron Head|p1a: Chimecho\n|-crit|p1a: Chimecho\n|-damage|p1a: Chimecho|35/100\n|cant|p1a: Chimecho|flinch\n|\n|-heal|p2a: Jirachi|249/291|[from] item: Leftovers\n|-heal|p1a: Chimecho|41/100|[from] item: Leftovers\n|upkeep\n|turn|30\n|inactive|Time left: 300 sec this turn | 300 sec total\n|\n|t:|1783555734\n|move|p2a: Jirachi|Iron Head|p1a: Chimecho\n|-damage|p1a: Chimecho|30/100\n|cant|p1a: Chimecho|flinch\n|\n|-heal|p2a: Jirachi|267/291|[from] item: Leftovers\n|-heal|p1a: Chimecho|36/100|[from] item: Leftovers\n|upkeep\n|turn|31\n|inactive|Time left: 300 sec this turn | 300 sec total\n|\n|t:|1783555735\n|move|p2a: Jirachi|Iron Head|p1a: Chimecho\n|-damage|p1a: Chimecho|26/100\n|cant|p1a: Chimecho|flinch\n|\n|-heal|p2a: Jirachi|285/291|[from] item: Leftovers\n|-heal|p1a: Chimecho|32/100|[from] item: Leftovers\n|upkeep\n|turn|32\n|inactive|Time left: 300 sec this turn | 300 sec total\n|\n|t:|1783555736\n|move|p2a: Jirachi|Iron Head|p1a: Chimecho\n|-crit|p1a: Chimecho\n|-damage|p1a: Chimecho|0 fnt\n|faint|p1a: Chimecho\n|\n|-heal|p2a: Jirachi|291/291|[from] item: Leftovers\n|upkeep\n|\n|t:|1783555737\n|switch|p1a: Sudowoodo|Sudowoodo, L94, F|35/100\n|-damage|p1a: Sudowoodo|22/100|[from] Stealth Rock\n|turn|33\n|inactive|Time left: 300 sec this turn | 300 sec total\n|\n|t:|1783555738\n|move|p2a: Jirachi|Drain Punch|p1a: Sudowoodo\n|-supereffective|p1a: Sudowoodo\n|-damage|p1a: Sudowoodo|0 fnt\n|faint|p1a: Sudowoodo\n|\n|upkeep\n|\n|t:|1783555739\n|switch|p1a: Ogerpon|Ogerpon-Hearthflame-Tera, L74, F, tera:Fire|68/100\n|-damage|p1a: Ogerpon|44/100|[from] Stealth Rock\n|-ability|p1a: Ogerpon|Embody Aspect (Hearthflame)|boost\n|-boost|p1a: Ogerpon|atk|1\n|turn|34\n|inactive|Time left: 300 sec this turn | 300 sec total\n|\n|t:|1783555740\n|switch|p2a: Passimian|Passimian, L83, F|302/302\n|move|p1a: Ogerpon|Swords Dance|p1a: Ogerpon\n|-boost|p1a: Ogerpon|atk|2\n|\n|upkeep\n|turn|35\n|inactive|Time left: 300 sec this turn | 300 sec total\n|\n|t:|1783555741\n|move|p2a: Passimian|Close Combat|p1a: Ogerpon\n|-damage|p1a: Ogerpon|0 fnt\n|-unboost|p2a: Passimian|def|1\n|-unboost|p2a: Passimian|spd|1\n|faint|p1a: Ogerpon\n|detailschange|p1: Ogerpon|Ogerpon-Hearthflame, L74, F|[silent]\n|\n|win|p0y1429bc61", "uploadtime": 1783555741, "views": 0, "rating": 0, "private": 0, "password": null, "_winner": "p0y1429bc61", "_our_name": "p0y1429bc61"}