{"id": "battle-gen9randombattle-1288", "formatid": "gen9randombattle", "format": "[Gen 9] Random Battle", "players": ["p0x1288f8d7", "p0y128851e3"], "log": "|init|battle\n|title|p0x1288f8d7 vs. p0y128851e3\n|j|\u2606p0x1288f8d7\n|j|\u2606p0y128851e3\n|t:|1783554077\n|gametype|singles\n|player|p1|p0x1288f8d7|101|\n|player|p2|p0y128851e3|2|\n|gen|9\n|tier|[Gen 9] Random Battle\n|rule|Species Clause: Limit one of each Pok\u00e9mon\n|rule|HP Percentage Mod: HP is shown in percentages\n|rule|Sleep Clause Mod: Limit one foe put to sleep\n|rule|Illusion Level Mod: Illusion disguises the Pok\u00e9mon's true level\n|\n|t:|1783554077\n|teamsize|p1|6\n|teamsize|p2|6\n|start\n|switch|p1a: Latias|Latias, L79, F|256/256\n|switch|p2a: Iron Hands|Iron Hands, L79|100/100\n|turn|1\n|inactive|Battle timer is ON: inactive players will automatically lose when time's up. (requested by p0y128851e3)\n|inactive|Time left: 300 sec this turn | 300 sec total | 60 sec grace\n|inactive|p0x1288f8d7 also wants the timer to be on.\n|\n|t:|1783554078\n|move|p1a: Latias|Calm Mind|p1a: Latias\n|-boost|p1a: Latias|spa|1\n|-boost|p1a: Latias|spd|1\n|move|p2a: Iron Hands|Swords Dance|p2a: Iron Hands\n|-boost|p2a: Iron Hands|atk|2\n|\n|upkeep\n|turn|2\n|inactive|Time left: 300 sec this turn | 300 sec total\n|\n|t:|1783554079\n|move|p1a: Latias|Psyshock|p2a: Iron Hands\n|-supereffective|p2a: Iron Hands\n|-damage|p2a: Iron Hands|33/100\n|move|p2a: Iron Hands|Ice Punch|p1a: Latias\n|-supereffective|p1a: Latias\n|-damage|p1a: Latias|12/256\n|\n|-heal|p2a: Iron Hands|39/100|[from] item: Leftovers\n|upkeep\n|turn|3\n|inactive|Time left: 300 sec this turn | 300 sec total\n|\n|t:|1783554081\n|-end|p2a: Iron Hands|Quark Drive|[silent]\n|switch|p2a: Bisharp|Bisharp, L79, M|100/100\n|move|p1a: Latias|Psyshock|p2a: Bisharp\n|-immune|p2a: Bisharp\n|\n|upkeep\n|turn|4\n|inactive|Time left: 300 sec this turn | 300 sec total\n|\n|t:|1783554082\n|move|p1a: Latias|Recover|p1a: Latias\n|-heal|p1a: Latias|140/256\n|move|p2a: Bisharp|Throat Chop|p1a: Latias\n|-supereffective|p1a: Latias\n|-damage|p1a: Latias|0 fnt\n|faint|p1a: Latias\n|\n|upkeep\n|inactive|Time left: 300 sec this turn | 300 sec total | 5 sec grace\n|\n|t:|1783554083\n|switch|p1a: Chien-Pao|Chien-Pao, L72|234/234\n|-ability|p1a: Chien-Pao|Sword of Ruin\n|turn|5\n|inactive|Time left: 300 sec this turn | 300 sec total\n|\n|t:|1783554084\n|move|p1a: Chien-Pao|Sacred Sword|p2a: Bisharp\n|-supereffective|p2a: Bisharp\n|-damage|p2a: Bisharp|0 fnt\n|faint|p2a: Bisharp\n|\n|upkeep\n|\n|t:|1783554085\n|switch|p2a: Iron Hands|Iron Hands, L79|39/100\n|turn|6\n|inactive|Time left: 300 sec this turn | 300 sec total\n|\n|t:|1783554086\n|switch|p1a: Wyrdeer|Wyrdeer, L87, M|321/321\n|-ability|p1a: Wyrdeer|Intimidate|boost\n|-unboost|p2a: Iron Hands|atk|1\n|move|p2a: Iron Hands|Drain Punch|p1a: Wyrdeer\n|-damage|p1a: Wyrdeer|254/321\n|-heal|p2a: Iron Hands|48/100|[from] drain|[of] p1a: Wyrdeer\n|\n|-heal|p2a: Iron Hands|54/100|[from] item: Leftovers\n|upkeep\n|turn|7\n|inactive|Time left: 300 sec this turn | 300 sec total\n|\n|t:|1783554087\n|-end|p2a: Iron Hands|Quark Drive|[silent]\n|switch|p2a: Espathra|Espathra, L80, M|100/100\n|move|p1a: Wyrdeer|Psychic Noise|p2a: Espathra\n|-resisted|p2a: Espathra\n|-damage|p2a: Espathra|80/100\n|-start|p2a: Espathra|move: Heal Block\n|\n|upkeep\n|turn|8\n|inactive|Time left: 300 sec this turn | 300 sec total\n|\n|t:|1783554088\n|move|p2a: Espathra|Protect|p2a: Espathra\n|-singleturn|p2a: Espathra|Protect\n|move|p1a: Wyrdeer|Body Slam|p2a: Espathra\n|-activate|p2a: Espathra|move: Protect\n|\n|-end|p2a: Espathra|move: Heal Block\n|-ability|p2a: Espathra|Speed Boost|boost\n|-boost|p2a: Espathra|spe|1\n|upkeep\n|turn|9\n|inactive|Time left: 300 sec this turn | 300 sec total\n|\n|t:|1783554089\n|move|p2a: Espathra|Protect||[still]\n|-fail|p2a: Espathra\n|move|p1a: Wyrdeer|Megahorn|p2a: Espathra\n|-supereffective|p2a: Espathra\n|-damage|p2a: Espathra|0 fnt\n|faint|p2a: Espathra\n|\n|upkeep\n|\n|t:|1783554090\n|switch|p2a: Flapple|Flapple, L88, M|100/100\n|turn|10\n|inactive|Time left: 300 sec this turn | 300 sec total\n|\n|t:|1783554091\n|switch|p1a: Comfey|Comfey, L85, M|225/225\n|move|p2a: Flapple|Outrage|p1a: Comfey\n|-immune|p1a: Comfey\n|\n|upkeep\n|turn|11\n|inactive|Time left: 300 sec this turn | 300 sec total\n|\n|t:|1783554092\n|move|p1a: Comfey|Calm Mind|p1a: Comfey\n|-boost|p1a: Comfey|spa|1\n|-boost|p1a: Comfey|spd|1\n|move|p2a: Flapple|Dragon Dance|p2a: Flapple\n|-boost|p2a: Flapple|atk|1\n|-boost|p2a: Flapple|spe|1\n|\n|upkeep\n|turn|12\n|inactive|Time left: 300 sec this turn | 300 sec total\n|\n|t:|1783554094\n|move|p1a: Comfey|Draining Kiss|p2a: Flapple\n|-supereffective|p2a: Flapple\n|-damage|p2a: Flapple|37/100\n|move|p2a: Flapple|Grav Apple|p1a: Comfey\n|-damage|p1a: Comfey|5/225\n|-unboost|p1a: Comfey|def|1\n|\n|-heal|p1a: Comfey|19/225|[from] item: Leftovers\n|upkeep\n|turn|13\n|inactive|Time left: 300 sec this turn | 300 sec total\n|\n|t:|1783554095\n|-terastallize|p2a: Flapple|Fire\n|move|p1a: Comfey|Draining Kiss|p2a: Flapple\n|-resisted|p2a: Flapple\n|-damage|p2a: Flapple|19/100\n|-heal|p1a: Comfey|54/225|[from] drain|[of] p2a: Flapple\n|move|p2a: Flapple|Grav Apple|p1a: Comfey\n|-damage|p1a: Comfey|0 fnt\n|faint|p1a: Comfey\n|\n|upkeep\n|inactive|Time left: 300 sec this turn | 300 sec total | 5 sec grace\n|\n|t:|1783554096\n|switch|p1a: Wyrdeer|Wyrdeer, L87, M|254/321\n|-ability|p1a: Wyrdeer|Intimidate|boost\n|-unboost|p2a: Flapple|atk|1\n|turn|14\n|inactive|Time left: 300 sec this turn | 300 sec total\n|\n|t:|1783554097\n|move|p2a: Flapple|Outrage|p1a: Wyrdeer|[miss]\n|-miss|p2a: Flapple|p1a: Wyrdeer\n|move|p1a: Wyrdeer|Psychic Noise|p2a: Flapple\n|-damage|p2a: Flapple|0 fnt\n|faint|p2a: Flapple\n|\n|upkeep\n|\n|t:|1783554098\n|switch|p2a: Rabsca|Rabsca, L91, M|100/100\n|turn|15\n|inactive|Time left: 300 sec this turn | 300 sec total\n|\n|t:|1783554099\n|move|p1a: Wyrdeer|Megahorn|p2a: Rabsca|[miss]\n|-miss|p1a: Wyrdeer|p2a: Rabsca\n|move|p2a: Rabsca|Bug Buzz|p1a: Wyrdeer\n|-supereffective|p1a: Wyrdeer\n|-damage|p1a: Wyrdeer|60/321\n|-unboost|p1a: Wyrdeer|spd|1\n|\n|upkeep\n|turn|16\n|inactive|Time left: 300 sec this turn | 300 sec total\n|\n|t:|1783554100\n|move|p1a: Wyrdeer|Body Slam|p2a: Rabsca\n|-crit|p2a: Rabsca\n|-damage|p2a: Rabsca|52/100\n|move|p2a: Rabsca|Bug Buzz|p1a: Wyrdeer\n|-supereffective|p1a: Wyrdeer\n|-damage|p1a: Wyrdeer|0 fnt\n|faint|p1a: Wyrdeer\n|\n|upkeep\n|inactive|Time left: 300 sec this turn | 300 sec total | 5 sec grace\n|\n|t:|1783554101\n|switch|p1a: Furret|Furret, L94, F|312/312\n|-item|p2a: Rabsca|Heavy-Duty Boots|[from] ability: Frisk|[of] p1a: Furret\n|turn|17\n|inactive|Time left: 300 sec this turn | 300 sec total\n|\n|t:|1783554102\n|switch|p2a: Iron Hands|Iron Hands, L79|54/100\n|move|p1a: Furret|Double-Edge|p2a: Iron Hands\n|-damage|p2a: Iron Hands|6/100\n|-damage|p1a: Furret|252/312|[from] Recoil\n|\n|-heal|p2a: Iron Hands|12/100|[from] item: Leftovers\n|upkeep\n|turn|18\n|inactive|Time left: 300 sec this turn | 300 sec total\n|\n|t:|1783554103\n|-end|p2a: Iron Hands|Quark Drive|[silent]\n|switch|p2a: Duraludon|Duraludon, L82, F|100/100\n|move|p1a: Furret|Double-Edge|p2a: Duraludon\n|-resisted|p2a: Duraludon\n|-damage|p2a: Duraludon|78/100\n|-damage|p1a: Furret|234/312|[from] Recoil\n|\n|upkeep\n|turn|19\n|inactive|Time left: 300 sec this turn | 300 sec total\n|\n|t:|1783554104\n|switch|p1a: Bellibolt|Bellibolt, L84, M|320/320\n|move|p2a: Duraludon|Flash Cannon|p1a: Bellibolt\n|-resisted|p1a: Bellibolt\n|-damage|p1a: Bellibolt|267/320\n|-unboost|p1a: Bellibolt|spd|1\n|-start|p1a: Bellibolt|Charge|Flash Cannon|[from] ability: Electromorphosis\n|\n|-heal|p1a: Bellibolt|287/320|[from] item: Leftovers\n|upkeep\n|turn|20\n|inactive|Time left: 300 sec this turn | 300 sec total\n|\n|t:|1783554105\n|move|p2a: Duraludon|Flash Cannon|p1a: Bellibolt\n|-resisted|p1a: Bellibolt\n|-damage|p1a: Bellibolt|212/320\n|-start|p1a: Bellibolt|Charge|Flash Cannon|[from] ability: Electromorphosis\n|move|p1a: Bellibolt|Thunderbolt|p2a: Duraludon\n|-resisted|p2a: Duraludon\n|-damage|p2a: Duraludon|38/100\n|-end|p1a: Bellibolt|Charge|[silent]\n|\n|-heal|p1a: Bellibolt|232/320|[from] item: Leftovers\n|upkeep\n|turn|21\n|inactive|Time left: 300 sec this turn | 300 sec total\n|\n|t:|1783554106\n|move|p2a: Duraludon|Draco Meteor|p1a: Bellibolt|[miss]\n|-miss|p2a: Duraludon|p1a: Bellibolt\n|move|p1a: Bellibolt|Volt Switch|p2a: Duraludon\n|-resisted|p2a: Duraludon\n|-damage|p2a: Duraludon|21/100\n|inactive|Time left: 300 sec this turn | 300 sec total | 5 sec grace\n|\n|t:|1783554106\n|switch|p1a: Chien-Pao|Chien-Pao, L72|234/234|[from] Volt Switch\n|-ability|p1a: Chien-Pao|Sword of Ruin\n|\n|upkeep\n|turn|22\n|inactive|Time left: 300 sec this turn | 300 sec total\n|\n|t:|1783554107\n|move|p1a: Chien-Pao|Crunch|p2a: Duraludon\n|-damage|p2a: Duraludon|0 fnt\n|faint|p2a: Duraludon\n|\n|upkeep\n|\n|t:|1783554108\n|switch|p2a: Iron Hands|Iron Hands, L79|12/100\n|turn|23\n|inactive|Time left: 300 sec this turn | 300 sec total\n|\n|t:|1783554109\n|-end|p2a: Iron Hands|Quark Drive|[silent]\n|switch|p2a: Rabsca|Rabsca, L91, M|52/100\n|move|p1a: Chien-Pao|Crunch|p2a: Rabsca\n|-supereffective|p2a: Rabsca\n|-damage|p2a: Rabsca|0 fnt\n|faint|p2a: Rabsca\n|\n|upkeep\n|\n|t:|1783554110\n|switch|p2a: Iron Hands|Iron Hands, L79|12/100\n|turn|24\n|inactive|Time left: 300 sec this turn | 300 sec total\n|\n|t:|1783554111\n|-terastallize|p1a: Chien-Pao|Ice\n|move|p1a: Chien-Pao|Crunch|p2a: Iron Hands\n|-resisted|p2a: Iron Hands\n|-damage|p2a: Iron Hands|0 fnt\n|faint|p2a: Iron Hands\n|-end|p2a: Iron Hands|Quark Drive|[silent]\n|\n|win|p0x1288f8d7", "uploadtime": 1783554111, "views": 0, "rating": 0, "private": 0, "password": null, "_winner": "p0x1288f8d7", "_our_name": "p0x1288f8d7"}