{"id": "battle-gen9randombattle-2446", "formatid": "gen9randombattle", "format": "[Gen 9] Random Battle", "players": ["p0x2446bbe4", "p0y2446b049"], "log": "|init|battle\n|title|p0x2446bbe4 vs. p0y2446b049\n|j|\u2606p0x2446bbe4\n|j|\u2606p0y2446b049\n|t:|1783567380\n|gametype|singles\n|player|p1|p0x2446bbe4|169|\n|player|p2|p0y2446b049|102|\n|gen|9\n|tier|[Gen 9] Random Battle\n|rule|Species Clause: Limit one of each Pok\u00e9mon\n|rule|HP Percentage Mod: HP is shown in percentages\n|rule|Sleep Clause Mod: Limit one foe put to sleep\n|rule|Illusion Level Mod: Illusion disguises the Pok\u00e9mon's true level\n|\n|t:|1783567380\n|teamsize|p1|6\n|teamsize|p2|6\n|start\n|switch|p1a: Venomoth|Venomoth, L84, M|100/100\n|switch|p2a: Spidops|Spidops, L96, F|271/271\n|turn|1\n|inactive|Battle timer is ON: inactive players will automatically lose when time's up. (requested by p0y2446b049)\n|inactive|p0x2446bbe4 also wants the timer to be on.\n|\n|t:|1783567382\n|move|p1a: Venomoth|Sleep Powder|p2a: Spidops\n|-status|p2a: Spidops|slp|[from] move: Sleep Powder\n|cant|p2a: Spidops|slp\n|\n|upkeep\n|turn|2\n|inactive|Time left: 300 sec this turn | 300 sec total\n|\n|t:|1783567383\n|move|p1a: Venomoth|Quiver Dance|p1a: Venomoth\n|-boost|p1a: Venomoth|spa|1\n|-boost|p1a: Venomoth|spd|1\n|-boost|p1a: Venomoth|spe|1\n|cant|p2a: Spidops|slp\n|\n|upkeep\n|turn|3\n|inactive|Time left: 300 sec this turn | 300 sec total\n|\n|t:|1783567384\n|move|p1a: Venomoth|Bug Buzz|p2a: Spidops\n|-damage|p2a: Spidops|148/271 slp\n|cant|p2a: Spidops|slp\n|\n|upkeep\n|turn|4\n|inactive|Time left: 300 sec this turn | 300 sec total\n|\n|t:|1783567385\n|move|p1a: Venomoth|Quiver Dance|p1a: Venomoth\n|-boost|p1a: Venomoth|spa|1\n|-boost|p1a: Venomoth|spd|1\n|-boost|p1a: Venomoth|spe|1\n|-curestatus|p2a: Spidops|slp|[msg]\n|move|p2a: Spidops|Circle Throw|p1a: Venomoth\n|-resisted|p1a: Venomoth\n|-damage|p1a: Venomoth|95/100\n|drag|p1a: Sableye|Sableye, L88, F|100/100\n|\n|upkeep\n|turn|5\n|inactive|Time left: 300 sec this turn | 300 sec total\n|\n|t:|1783567386\n|move|p1a: Sableye|Knock Off|p2a: Spidops\n|-damage|p2a: Spidops|70/271\n|-enditem|p2a: Spidops|Heavy-Duty Boots|[from] move: Knock Off|[of] p1a: Sableye\n|move|p2a: Spidops|Sticky Web|p1a: Sableye\n|-sidestart|p1: p0x2446bbe4|move: Sticky Web\n|\n|upkeep\n|turn|6\n|inactive|Time left: 300 sec this turn | 300 sec total\n|\n|t:|1783567386\n|move|p1a: Sableye|Knock Off|p2a: Spidops\n|-damage|p2a: Spidops|13/271\n|move|p2a: Spidops|Knock Off|p1a: Sableye\n|-damage|p1a: Sableye|62/100\n|-enditem|p1a: Sableye|Leftovers|[from] move: Knock Off|[of] p2a: Spidops\n|\n|upkeep\n|turn|7\n|inactive|Time left: 300 sec this turn | 300 sec total\n|\n|t:|1783567387\n|move|p1a: Sableye|Knock Off|p2a: Spidops\n|-damage|p2a: Spidops|0 fnt\n|faint|p2a: Spidops\n|\n|upkeep\n|inactive|Time left: 300 sec this turn | 300 sec total | 5 sec grace\n|\n|t:|1783567388\n|switch|p2a: Iron Bundle|Iron Bundle, L78|215/215\n|turn|8\n|inactive|Time left: 300 sec this turn | 300 sec total\n|\n|t:|1783567389\n|move|p1a: Sableye|Recover|p1a: Sableye\n|-heal|p1a: Sableye|100/100\n|move|p2a: Iron Bundle|Hydro Pump|p1a: Sableye\n|-damage|p1a: Sableye|0 fnt\n|faint|p1a: Sableye\n|\n|upkeep\n|\n|t:|1783567390\n|switch|p1a: Lugia|Lugia, L73|100/100\n|turn|9\n|inactive|Time left: 300 sec this turn | 300 sec total\n|\n|t:|1783567391\n|move|p2a: Iron Bundle|Hydro Pump|p1a: Lugia\n|-damage|p1a: Lugia|77/100\n|move|p1a: Lugia|Calm Mind|p1a: Lugia\n|-boost|p1a: Lugia|spa|1\n|-boost|p1a: Lugia|spd|1\n|\n|upkeep\n|turn|10\n|inactive|Time left: 300 sec this turn | 300 sec total\n|\n|t:|1783567392\n|move|p2a: Iron Bundle|Hydro Pump|p1a: Lugia\n|-damage|p1a: Lugia|43/100\n|move|p1a: Lugia|Aeroblast|p2a: Iron Bundle\n|-damage|p2a: Iron Bundle|62/215\n|\n|upkeep\n|turn|11\n|inactive|Time left: 300 sec this turn | 300 sec total\n|\n|t:|1783567393\n|-terastallize|p2a: Iron Bundle|Water\n|move|p2a: Iron Bundle|Hydro Pump|p1a: Lugia\n|-damage|p1a: Lugia|2/100\n|move|p1a: Lugia|Recover|p1a: Lugia\n|-heal|p1a: Lugia|52/100\n|\n|upkeep\n|turn|12\n|inactive|Time left: 300 sec this turn | 300 sec total\n|\n|t:|1783567394\n|move|p2a: Iron Bundle|Hydro Pump|p1a: Lugia\n|-damage|p1a: Lugia|10/100\n|move|p1a: Lugia|Aeroblast|p2a: Iron Bundle\n|-damage|p2a: Iron Bundle|0 fnt\n|faint|p2a: Iron Bundle\n|-end|p2a: Iron Bundle|Quark Drive|[silent]\n|\n|upkeep\n|inactive|Time left: 300 sec this turn | 300 sec total | 5 sec grace\n|\n|t:|1783567395\n|switch|p2a: Maushold|Maushold-Four, L76|238/238\n|turn|13\n|inactive|Time left: 300 sec this turn | 300 sec total\n|\n|t:|1783567396\n|move|p2a: Maushold|Bite|p1a: Lugia\n|-supereffective|p1a: Lugia\n|-damage|p1a: Lugia|0 fnt\n|faint|p1a: Lugia\n|\n|upkeep\n|\n|t:|1783567397\n|switch|p1a: Hitmonchan|Hitmonchan, L87, M|100/100\n|-activate|p1a: Hitmonchan|move: Sticky Web\n|-unboost|p1a: Hitmonchan|spe|1\n|turn|14\n|inactive|Time left: 300 sec this turn | 300 sec total\n|\n|t:|1783567398\n|switch|p2a: Slowbro|Slowbro-Galar, L87, M|307/307\n|move|p1a: Hitmonchan|Drain Punch|p2a: Slowbro\n|-resisted|p2a: Slowbro\n|-damage|p2a: Slowbro|281/307\n|\n|upkeep\n|turn|15\n|inactive|Time left: 300 sec this turn | 300 sec total\n|\n|t:|1783567399\n|move|p1a: Hitmonchan|Rapid Spin|p2a: Slowbro\n|-damage|p2a: Slowbro|246/307\n|-boost|p1a: Hitmonchan|spe|1\n|-sideend|p1: p0x2446bbe4|Sticky Web|[from] move: Rapid Spin|[of] p1a: Hitmonchan\n|move|p2a: Slowbro|Psychic|p1a: Hitmonchan\n|-supereffective|p1a: Hitmonchan\n|-damage|p1a: Hitmonchan|11/100\n|-damage|p2a: Slowbro|216/307|[from] item: Life Orb\n|\n|-heal|p1a: Hitmonchan|17/100|[from] item: Leftovers\n|upkeep\n|turn|16\n|inactive|Time left: 300 sec this turn | 300 sec total\n|\n|t:|1783567401\n|move|p1a: Hitmonchan|Knock Off|p2a: Slowbro\n|-supereffective|p2a: Slowbro\n|-damage|p2a: Slowbro|86/307\n|-enditem|p2a: Slowbro|Life Orb|[from] move: Knock Off|[of] p1a: Hitmonchan\n|move|p2a: Slowbro|Fire Blast|p1a: Hitmonchan\n|-damage|p1a: Hitmonchan|0 fnt\n|faint|p1a: Hitmonchan\n|\n|upkeep\n|\n|t:|1783567402\n|switch|p1a: Venomoth|Venomoth, L84, M|95/100\n|turn|17\n|inactive|Time left: 300 sec this turn | 300 sec total\n|\n|t:|1783567403\n|switch|p2a: Maushold|Maushold-Four, L76|238/238\n|move|p1a: Venomoth|Quiver Dance|p1a: Venomoth\n|-boost|p1a: Venomoth|spa|1\n|-boost|p1a: Venomoth|spd|1\n|-boost|p1a: Venomoth|spe|1\n|\n|upkeep\n|turn|18\n|inactive|Time left: 300 sec this turn | 300 sec total\n|\n|t:|1783567404\n|move|p1a: Venomoth|Sleep Powder|p2a: Maushold|[miss]\n|-miss|p1a: Venomoth|p2a: Maushold\n|move|p2a: Maushold|Population Bomb|p1a: Venomoth\n|-damage|p1a: Venomoth|83/100\n|-damage|p1a: Venomoth|72/100\n|-damage|p1a: Venomoth|62/100\n|-damage|p1a: Venomoth|50/100\n|-damage|p1a: Venomoth|38/100\n|-damage|p1a: Venomoth|27/100\n|-damage|p1a: Venomoth|16/100\n|-damage|p1a: Venomoth|4/100\n|-damage|p1a: Venomoth|0 fnt\n|faint|p1a: Venomoth\n|-hitcount|p1: Venomoth|9\n|\n|upkeep\n|\n|t:|1783567405\n|switch|p1a: Toucannon|Toucannon, L88, F|100/100\n|turn|19\n|inactive|Time left: 300 sec this turn | 300 sec total\n|\n|t:|1783567406\n|move|p2a: Maushold|Population Bomb|p1a: Toucannon\n|-damage|p1a: Toucannon|93/100\n|-damage|p1a: Toucannon|85/100\n|-damage|p1a: Toucannon|76/100\n|-damage|p1a: Toucannon|67/100\n|-damage|p1a: Toucannon|59/100\n|-damage|p1a: Toucannon|51/100\n|-damage|p1a: Toucannon|43/100\n|-damage|p1a: Toucannon|35/100\n|-damage|p1a: Toucannon|27/100\n|-damage|p1a: Toucannon|18/100\n|-hitcount|p1a: Toucannon|10\n|move|p1a: Toucannon|Boomburst|p2a: Maushold\n|-damage|p2a: Maushold|76/238\n|\n|upkeep\n|turn|20\n|inactive|Time left: 300 sec this turn | 300 sec total\n|\n|t:|1783567407\n|move|p2a: Maushold|Population Bomb|p1a: Toucannon\n|-damage|p1a: Toucannon|10/100\n|-damage|p1a: Toucannon|3/100\n|-damage|p1a: Toucannon|0 fnt\n|faint|p1a: Toucannon\n|-hitcount|p1: Toucannon|3\n|\n|upkeep\n|\n|t:|1783567408\n|switch|p1a: Seviper|Seviper, L93, F|100/100\n|turn|21\n|inactive|Time left: 300 sec this turn | 300 sec total\n|\n|t:|1783567408\n|move|p2a: Maushold|Population Bomb|p1a: Seviper\n|-damage|p1a: Seviper|91/100\n|-damage|p1a: Seviper|81/100\n|-damage|p1a: Seviper|71/100\n|-damage|p1a: Seviper|61/100\n|-crit|p1a: Seviper\n|-damage|p1a: Seviper|48/100\n|-damage|p1a: Seviper|38/100\n|-crit|p1a: Seviper\n|-damage|p1a: Seviper|25/100\n|-damage|p1a: Seviper|15/100\n|-damage|p1a: Seviper|5/100\n|-damage|p1a: Seviper|0 fnt\n|faint|p1a: Seviper\n|-hitcount|p1: Seviper|10\n|\n|win|p0y2446b049", "uploadtime": 1783567408, "views": 0, "rating": 0, "private": 0, "password": null, "_winner": "p0y2446b049", "_our_name": "p0y2446b049"}