{"id": "battle-gen9randombattle-1196", "formatid": "gen9randombattle", "format": "[Gen 9] Random Battle", "players": ["p0x11962934", "p0y1196d14f"], "log": "|init|battle\n|title|p0x11962934 vs. p0y1196d14f\n|j|\u2606p0x11962934\n|j|\u2606p0y1196d14f\n|t:|1783552976\n|gametype|singles\n|player|p1|p0x11962934|170|\n|player|p2|p0y1196d14f|102|\n|gen|9\n|tier|[Gen 9] Random Battle\n|rule|Species Clause: Limit one of each Pok\u00e9mon\n|rule|HP Percentage Mod: HP is shown in percentages\n|rule|Sleep Clause Mod: Limit one foe put to sleep\n|rule|Illusion Level Mod: Illusion disguises the Pok\u00e9mon's true level\n|\n|t:|1783552976\n|teamsize|p1|6\n|teamsize|p2|6\n|start\n|switch|p1a: Polteageist|Polteageist, L78|222/222\n|switch|p2a: Regieleki|Regieleki, L79|100/100\n|turn|1\n|inactive|Battle timer is ON: inactive players will automatically lose when time's up. (requested by p0y1196d14f)\n|inactive|Time left: 300 sec this turn | 300 sec total | 60 sec grace\n|inactive|p0x11962934 also wants the timer to be on.\n|\n|t:|1783552978\n|move|p2a: Regieleki|Thunderbolt|p1a: Polteageist\n|-damage|p1a: Polteageist|95/222\n|-status|p1a: Polteageist|par\n|-start|p2a: Regieleki|Disable|Thunderbolt|[from] ability: Cursed Body|[of] p1a: Polteageist\n|move|p1a: Polteageist|Shell Smash|p1a: Polteageist\n|-unboost|p1a: Polteageist|def|1\n|-unboost|p1a: Polteageist|spd|1\n|-boost|p1a: Polteageist|atk|2\n|-boost|p1a: Polteageist|spa|2\n|-boost|p1a: Polteageist|spe|2\n|-enditem|p1a: Polteageist|White Herb\n|-clearnegativeboost|p1a: Polteageist|[silent]\n|\n|upkeep\n|turn|2\n|inactive|Time left: 300 sec this turn | 300 sec total\n|\n|t:|1783552979\n|switch|p1a: Krookodile|Krookodile, L79, M|280/280\n|-ability|p1a: Krookodile|Intimidate|boost\n|-unboost|p2a: Regieleki|atk|1\n|move|p2a: Regieleki|Volt Switch|p1a: Krookodile\n|-immune|p1a: Krookodile\n|\n|upkeep\n|turn|3\n|inactive|Time left: 300 sec this turn | 300 sec total\n|\n|t:|1783552980\n|switch|p2a: Rotom|Rotom-Fan, L86|100/100\n|move|p1a: Krookodile|Earthquake|p2a: Rotom\n|-immune|p2a: Rotom\n|\n|upkeep\n|turn|4\n|inactive|Time left: 300 sec this turn | 300 sec total\n|\n|t:|1783552981\n|switch|p1a: Polteageist|Polteageist, L78|95/222 par\n|move|p2a: Rotom|Air Slash|p1a: Polteageist\n|-damage|p1a: Polteageist|20/222 par\n|-start|p2a: Rotom|Disable|Air Slash|[from] ability: Cursed Body|[of] p1a: Polteageist\n|\n|upkeep\n|turn|5\n|inactive|Time left: 300 sec this turn | 300 sec total\n|\n|t:|1783552982\n|switch|p1a: Krookodile|Krookodile, L79, M|280/280\n|-ability|p1a: Krookodile|Intimidate|boost\n|-unboost|p2a: Rotom|atk|1\n|move|p2a: Rotom|Thunderbolt|p1a: Krookodile\n|-immune|p1a: Krookodile\n|\n|upkeep\n|turn|6\n|inactive|Time left: 300 sec this turn | 300 sec total\n|\n|t:|1783552983\n|switch|p2a: Shiftry|Shiftry, L89, M|100/100\n|move|p1a: Krookodile|Knock Off|p2a: Shiftry\n|-resisted|p2a: Shiftry\n|-damage|p2a: Shiftry|69/100\n|-enditem|p2a: Shiftry|Life Orb|[from] move: Knock Off|[of] p1a: Krookodile\n|\n|upkeep\n|turn|7\n|inactive|Time left: 300 sec this turn | 300 sec total\n|\n|t:|1783552984\n|switch|p1a: Bombirdier|Bombirdier, L85, F|258/258\n|move|p2a: Shiftry|Will-O-Wisp|p1a: Bombirdier\n|-status|p1a: Bombirdier|brn\n|\n|-damage|p1a: Bombirdier|242/258 brn|[from] brn\n|upkeep\n|turn|8\n|inactive|Time left: 300 sec this turn | 300 sec total\n|\n|t:|1783552985\n|move|p2a: Shiftry|Knock Off|p1a: Bombirdier\n|-resisted|p1a: Bombirdier\n|-damage|p1a: Bombirdier|179/258 brn\n|-enditem|p1a: Bombirdier|Heavy-Duty Boots|[from] move: Knock Off|[of] p2a: Shiftry\n|move|p1a: Bombirdier|Stealth Rock|p2a: Shiftry\n|-sidestart|p2: p0y1196d14f|move: Stealth Rock\n|\n|-damage|p1a: Bombirdier|163/258 brn|[from] brn\n|upkeep\n|turn|9\n|inactive|Time left: 300 sec this turn | 300 sec total\n|\n|t:|1783552986\n|switch|p2a: Gastrodon|Gastrodon, L86, M|100/100\n|-damage|p2a: Gastrodon|94/100|[from] Stealth Rock\n|move|p1a: Bombirdier|Brave Bird|p2a: Gastrodon\n|-damage|p2a: Gastrodon|68/100\n|-damage|p1a: Bombirdier|135/258 brn|[from] Recoil\n|\n|-heal|p2a: Gastrodon|75/100|[from] item: Leftovers\n|-damage|p1a: Bombirdier|119/258 brn|[from] brn\n|upkeep\n|turn|10\n|inactive|Time left: 300 sec this turn | 300 sec total\n|\n|t:|1783552987\n|move|p1a: Bombirdier|Roost|p1a: Bombirdier\n|-heal|p1a: Bombirdier|248/258 brn\n|-singleturn|p1a: Bombirdier|move: Roost\n|move|p2a: Gastrodon|Spikes|p1a: Bombirdier\n|-sidestart|p1: p0x11962934|Spikes\n|\n|-heal|p2a: Gastrodon|81/100|[from] item: Leftovers\n|-damage|p1a: Bombirdier|232/258 brn|[from] brn\n|upkeep\n|turn|11\n|inactive|Time left: 300 sec this turn | 300 sec total\n|\n|t:|1783552988\n|move|p1a: Bombirdier|Knock Off|p2a: Gastrodon\n|-crit|p2a: Gastrodon\n|-damage|p2a: Gastrodon|52/100\n|-enditem|p2a: Gastrodon|Leftovers|[from] move: Knock Off|[of] p1a: Bombirdier\n|move|p2a: Gastrodon|Spikes|p1a: Bombirdier\n|-sidestart|p1: p0x11962934|Spikes\n|\n|-damage|p1a: Bombirdier|216/258 brn|[from] brn\n|upkeep\n|turn|12\n|inactive|Time left: 300 sec this turn | 300 sec total\n|\n|t:|1783552989\n|move|p1a: Bombirdier|Brave Bird|p2a: Gastrodon\n|-damage|p2a: Gastrodon|26/100\n|-damage|p1a: Bombirdier|188/258 brn|[from] Recoil\n|move|p2a: Gastrodon|Recover|p2a: Gastrodon\n|-heal|p2a: Gastrodon|76/100\n|\n|-damage|p1a: Bombirdier|172/258 brn|[from] brn\n|upkeep\n|turn|13\n|inactive|Time left: 300 sec this turn | 300 sec total\n|\n|t:|1783552990\n|move|p1a: Bombirdier|Brave Bird|p2a: Gastrodon\n|-damage|p2a: Gastrodon|50/100\n|-damage|p1a: Bombirdier|144/258 brn|[from] Recoil\n|move|p2a: Gastrodon|Ice Beam|p1a: Bombirdier\n|-supereffective|p1a: Bombirdier\n|-damage|p1a: Bombirdier|12/258 brn\n|\n|-damage|p1a: Bombirdier|0 fnt|[from] brn\n|faint|p1a: Bombirdier\n|upkeep\n|inactive|Time left: 300 sec this turn | 300 sec total | 5 sec grace\n|\n|t:|1783552991\n|switch|p1a: Gallade|Gallade, L80, M|240/240\n|-damage|p1a: Gallade|200/240|[from] Spikes\n|turn|14\n|inactive|Time left: 300 sec this turn | 300 sec total\n|\n|t:|1783552992\n|switch|p2a: Rotom|Rotom-Fan, L86|100/100\n|move|p1a: Gallade|Sacred Sword|p2a: Rotom\n|-resisted|p2a: Rotom\n|-damage|p2a: Rotom|63/100\n|-damage|p1a: Gallade|176/240|[from] item: Life Orb\n|\n|upkeep\n|turn|15\n|inactive|Time left: 300 sec this turn | 300 sec total\n|\n|t:|1783552993\n|move|p2a: Rotom|Air Slash|p1a: Gallade\n|-supereffective|p1a: Gallade\n|-damage|p1a: Gallade|20/240\n|move|p1a: Gallade|Psycho Cut|p2a: Rotom\n|-damage|p2a: Rotom|0 fnt\n|faint|p2a: Rotom\n|-damage|p1a: Gallade|0 fnt|[from] item: Life Orb\n|faint|p1a: Gallade\n|\n|upkeep\n|inactive|Time left: 300 sec this turn | 300 sec total | 5 sec grace\n|\n|t:|1783552994\n|switch|p2a: Shiftry|Shiftry, L89, M|69/100\n|switch|p1a: Polteageist|Polteageist, L78|20/222 par\n|-damage|p2a: Shiftry|57/100|[from] Stealth Rock\n|-damage|p1a: Polteageist|0 fnt|[from] Spikes\n|faint|p1a: Polteageist\n|inactive|Time left: 300 sec this turn | 300 sec total | 10 sec grace\n|\n|t:|1783552995\n|switch|p1a: Arbok|Arbok, L87, F|246/246\n|-damage|p1a: Arbok|205/246|[from] Spikes\n|-ability|p1a: Arbok|Intimidate|boost\n|-unboost|p2a: Shiftry|atk|1\n|turn|16\n|inactive|Time left: 300 sec this turn | 300 sec total\n|\n|t:|1783552996\n|move|p2a: Shiftry|Will-O-Wisp|p1a: Arbok\n|-status|p1a: Arbok|brn\n|move|p1a: Arbok|Gunk Shot|p2a: Shiftry\n|-supereffective|p2a: Shiftry\n|-damage|p2a: Shiftry|4/100\n|\n|-heal|p1a: Arbok|220/246 brn|[from] item: Leftovers\n|-damage|p1a: Arbok|205/246 brn|[from] brn\n|upkeep\n|turn|17\n|inactive|Time left: 300 sec this turn | 300 sec total\n|\n|t:|1783552997\n|move|p2a: Shiftry|Knock Off|p1a: Arbok\n|-damage|p1a: Arbok|115/246 brn\n|-enditem|p1a: Arbok|Leftovers|[from] move: Knock Off|[of] p2a: Shiftry\n|move|p1a: Arbok|Toxic Spikes|p2a: Shiftry\n|-sidestart|p2: p0y1196d14f|move: Toxic Spikes\n|\n|-damage|p1a: Arbok|100/246 brn|[from] brn\n|upkeep\n|turn|18\n|inactive|Time left: 300 sec this turn | 300 sec total\n|\n|t:|1783552998\n|switch|p2a: Metagross|Metagross, L79|100/100\n|-damage|p2a: Metagross|94/100|[from] Stealth Rock\n|move|p1a: Arbok|Toxic Spikes|p2a: Metagross\n|-sidestart|p2: p0y1196d14f|move: Toxic Spikes\n|\n|-damage|p1a: Arbok|85/246 brn|[from] brn\n|upkeep\n|turn|19\n|inactive|Time left: 300 sec this turn | 300 sec total\n|\n|t:|1783552999\n|move|p1a: Arbok|Glare|p2a: Metagross\n|-status|p2a: Metagross|par\n|move|p2a: Metagross|Agility|p2a: Metagross\n|-boost|p2a: Metagross|spe|2\n|\n|-damage|p1a: Arbok|70/246 brn|[from] brn\n|upkeep\n|turn|20\n|inactive|Time left: 300 sec this turn | 300 sec total\n|\n|t:|1783553000\n|move|p1a: Arbok|Earthquake|p2a: Metagross\n|-supereffective|p2a: Metagross\n|-damage|p2a: Metagross|72/100 par\n|-enditem|p2a: Metagross|Weakness Policy\n|-boost|p2a: Metagross|atk|2|[from] item: Weakness Policy\n|-boost|p2a: Metagross|spa|2|[from] item: Weakness Policy\n|cant|p2a: Metagross|par\n|\n|-damage|p1a: Arbok|55/246 brn|[from] brn\n|upkeep\n|turn|21\n|inactive|Time left: 300 sec this turn | 300 sec total\n|\n|t:|1783553001\n|move|p1a: Arbok|Earthquake|p2a: Metagross\n|-supereffective|p2a: Metagross\n|-damage|p2a: Metagross|49/100 par\n|move|p2a: Metagross|Agility|p2a: Metagross\n|-boost|p2a: Metagross|spe|2\n|\n|-damage|p1a: Arbok|40/246 brn|[from] brn\n|upkeep\n|turn|22\n|inactive|Time left: 300 sec this turn | 300 sec total\n|\n|t:|1783553002\n|move|p2a: Metagross|Earthquake|p1a: Arbok\n|-supereffective|p1a: Arbok\n|-crit|p1a: Arbok\n|-damage|p1a: Arbok|0 fnt\n|faint|p1a: Arbok\n|\n|upkeep\n|inactive|Time left: 300 sec this turn | 300 sec total | 5 sec grace\n|\n|t:|1783553003\n|switch|p1a: Krookodile|Krookodile, L79, M|280/280\n|-damage|p1a: Krookodile|234/280|[from] Spikes\n|-ability|p1a: Krookodile|Intimidate|boost\n|-fail|p2a: Metagross|unboost|[from] ability: Clear Body|[of] p2a: Metagross\n|turn|23\n|inactive|Time left: 300 sec this turn | 300 sec total\n|\n|t:|1783553004\n|move|p2a: Metagross|Heavy Slam|p1a: Krookodile\n|-damage|p1a: Krookodile|0 fnt\n|faint|p1a: Krookodile\n|\n|upkeep\n|inactive|Time left: 300 sec this turn | 300 sec total | 5 sec grace\n|\n|t:|1783553005\n|switch|p1a: Bruxish|Bruxish, L85, F|254/254\n|-damage|p1a: Bruxish|212/254|[from] Spikes\n|turn|24\n|inactive|Time left: 300 sec this turn | 300 sec total\n|\n|t:|1783553006\n|-terastallize|p2a: Metagross|Ground\n|-terastallize|p1a: Bruxish|Psychic\n|move|p2a: Metagross|Earthquake|p1a: Bruxish\n|-damage|p1a: Bruxish|0 fnt\n|faint|p1a: Bruxish\n|\n|win|p0y1196d14f", "uploadtime": 1783553006, "views": 0, "rating": 0, "private": 0, "password": null, "_winner": "p0y1196d14f", "_our_name": "p0x11962934"}