{"id": "battle-gen9randombattle-2093", "formatid": "gen9randombattle", "format": "[Gen 9] Random Battle", "players": ["p0x209334fb", "p0y20934af9"], "log": "|init|battle\n|title|p0x209334fb vs. p0y20934af9\n|j|\u2606p0x209334fb\n|j|\u2606p0y20934af9\n|t:|1783563450\n|gametype|singles\n|player|p1|p0x209334fb|101|\n|player|p2|p0y20934af9|1|\n|gen|9\n|tier|[Gen 9] Random Battle\n|rule|Species Clause: Limit one of each Pok\u00e9mon\n|rule|HP Percentage Mod: HP is shown in percentages\n|rule|Sleep Clause Mod: Limit one foe put to sleep\n|rule|Illusion Level Mod: Illusion disguises the Pok\u00e9mon's true level\n|\n|t:|1783563450\n|teamsize|p1|6\n|teamsize|p2|6\n|start\n|switch|p1a: Overqwil|Overqwil, L82, F|100/100\n|switch|p2a: Ribombee|Ribombee, L83, M|235/235\n|-ability|p1a: Overqwil|Intimidate|boost\n|-unboost|p2a: Ribombee|atk|1\n|turn|1\n|inactive|Battle timer is ON: inactive players will automatically lose when time's up. (requested by p0y20934af9)\n|inactive|p0x209334fb also wants the timer to be on.\n|\n|t:|1783563451\n|move|p2a: Ribombee|Sticky Web|p1a: Overqwil\n|-sidestart|p1: p0x209334fb|move: Sticky Web\n|move|p1a: Overqwil|Gunk Shot|p2a: Ribombee\n|-supereffective|p2a: Ribombee\n|-crit|p2a: Ribombee\n|-enditem|p2a: Ribombee|Focus Sash\n|-damage|p2a: Ribombee|1/235\n|\n|upkeep\n|turn|2\n|inactive|Time left: 300 sec this turn | 300 sec total\n|\n|t:|1783563452\n|move|p2a: Ribombee|Moonblast|p1a: Overqwil\n|-damage|p1a: Overqwil|56/100\n|move|p1a: Overqwil|Gunk Shot|p2a: Ribombee\n|-supereffective|p2a: Ribombee\n|-damage|p2a: Ribombee|0 fnt\n|faint|p2a: Ribombee\n|\n|upkeep\n|inactive|Time left: 300 sec this turn | 300 sec total | 5 sec grace\n|\n|t:|1783563452\n|switch|p2a: Landorus|Landorus-Therian, L76, M|260/260\n|-ability|p2a: Landorus|Intimidate|boost\n|-unboost|p1a: Overqwil|atk|1\n|turn|3\n|inactive|Time left: 300 sec this turn | 300 sec total\n|\n|t:|1783563453\n|switch|p1a: Rayquaza|Rayquaza, L72|100/100\n|-ability|p1a: Rayquaza|Air Lock\n|move|p2a: Landorus|Stealth Rock|p1a: Rayquaza\n|-sidestart|p1: p0x209334fb|move: Stealth Rock\n|\n|upkeep\n|turn|4\n|inactive|Time left: 300 sec this turn | 300 sec total\n|\n|t:|1783563455\n|move|p2a: Landorus|U-turn|p1a: Rayquaza\n|-resisted|p1a: Rayquaza\n|-damage|p1a: Rayquaza|88/100\n|inactive|Time left: 300 sec this turn | 300 sec total | 5 sec grace\n|\n|t:|1783563456\n|switch|p2a: Tauros|Tauros-Paldea-Combat, L82, M|257/257|[from] U-turn\n|-ability|p2a: Tauros|Intimidate|boost\n|-unboost|p1a: Rayquaza|atk|1\n|move|p1a: Rayquaza|Swords Dance|p1a: Rayquaza\n|-boost|p1a: Rayquaza|atk|2\n|\n|upkeep\n|turn|5\n|inactive|Time left: 300 sec this turn | 300 sec total\n|\n|t:|1783563457\n|move|p2a: Tauros|Stone Edge|p1a: Rayquaza\n|-supereffective|p1a: Rayquaza\n|-damage|p1a: Rayquaza|8/100\n|-damage|p2a: Tauros|232/257|[from] item: Life Orb\n|move|p1a: Rayquaza|Dragon Ascent|p2a: Tauros\n|-supereffective|p2a: Tauros\n|-damage|p2a: Tauros|0 fnt\n|-unboost|p1a: Rayquaza|def|1\n|-unboost|p1a: Rayquaza|spd|1\n|faint|p2a: Tauros\n|\n|upkeep\n|inactive|Time left: 300 sec this turn | 300 sec total | 5 sec grace\n|\n|t:|1783563458\n|switch|p2a: Scovillain|Scovillain, L91, F|266/266\n|turn|6\n|inactive|Time left: 300 sec this turn | 300 sec total\n|\n|t:|1783563459\n|move|p1a: Rayquaza|Extreme Speed|p2a: Scovillain\n|-damage|p2a: Scovillain|160/266\n|move|p2a: Scovillain|Flamethrower|p1a: Rayquaza\n|-resisted|p1a: Rayquaza\n|-damage|p1a: Rayquaza|0 fnt\n|faint|p1a: Rayquaza\n|\n|upkeep\n|\n|t:|1783563460\n|switch|p1a: Clawitzer|Clawitzer, L87, M|100/100\n|-activate|p1a: Clawitzer|move: Sticky Web\n|-unboost|p1a: Clawitzer|spe|1\n|-damage|p1a: Clawitzer|88/100|[from] Stealth Rock\n|turn|7\n|inactive|Time left: 300 sec this turn | 300 sec total\n|\n|t:|1783563461\n|switch|p2a: Hypno|Hypno, L95, M|315/315\n|move|p1a: Clawitzer|Water Pulse|p2a: Hypno\n|-damage|p2a: Hypno|230/315\n|\n|-heal|p2a: Hypno|249/315|[from] item: Leftovers\n|upkeep\n|turn|8\n|inactive|Time left: 300 sec this turn | 300 sec total\n|\n|t:|1783563462\n|move|p2a: Hypno|Protect|p2a: Hypno\n|-singleturn|p2a: Hypno|Protect\n|move|p1a: Clawitzer|Water Pulse|p2a: Hypno\n|-activate|p2a: Hypno|move: Protect\n|\n|-heal|p2a: Hypno|268/315|[from] item: Leftovers\n|upkeep\n|turn|9\n|inactive|Time left: 300 sec this turn | 300 sec total\n|\n|t:|1783563463\n|move|p2a: Hypno|Psychic Noise|p1a: Clawitzer\n|-damage|p1a: Clawitzer|68/100\n|-start|p1a: Clawitzer|move: Heal Block\n|move|p1a: Clawitzer|Water Pulse|p2a: Hypno\n|-damage|p2a: Hypno|174/315\n|\n|-heal|p2a: Hypno|193/315|[from] item: Leftovers\n|upkeep\n|turn|10\n|inactive|Time left: 300 sec this turn | 300 sec total\n|\n|t:|1783563464\n|move|p2a: Hypno|Protect|p2a: Hypno\n|-singleturn|p2a: Hypno|Protect\n|move|p1a: Clawitzer|Water Pulse|p2a: Hypno\n|-activate|p2a: Hypno|move: Protect\n|\n|-heal|p2a: Hypno|212/315|[from] item: Leftovers\n|-end|p1a: Clawitzer|move: Heal Block\n|upkeep\n|turn|11\n|inactive|Time left: 300 sec this turn | 300 sec total\n|\n|t:|1783563465\n|move|p2a: Hypno|Psychic Noise|p1a: Clawitzer\n|-damage|p1a: Clawitzer|48/100\n|-start|p1a: Clawitzer|move: Heal Block\n|move|p1a: Clawitzer|Water Pulse|p2a: Hypno\n|-damage|p2a: Hypno|130/315\n|\n|-heal|p2a: Hypno|149/315|[from] item: Leftovers\n|upkeep\n|turn|12\n|inactive|Time left: 300 sec this turn | 300 sec total\n|\n|t:|1783563466\n|move|p2a: Hypno|Toxic|p1a: Clawitzer\n|-status|p1a: Clawitzer|tox\n|move|p1a: Clawitzer|Water Pulse|p2a: Hypno\n|-damage|p2a: Hypno|64/315\n|\n|-heal|p2a: Hypno|83/315|[from] item: Leftovers\n|-damage|p1a: Clawitzer|42/100 tox|[from] psn\n|-end|p1a: Clawitzer|move: Heal Block\n|upkeep\n|turn|13\n|inactive|Time left: 300 sec this turn | 300 sec total\n|\n|t:|1783563467\n|move|p2a: Hypno|Protect|p2a: Hypno\n|-singleturn|p2a: Hypno|Protect\n|move|p1a: Clawitzer|Water Pulse|p2a: Hypno\n|-activate|p2a: Hypno|move: Protect\n|\n|-heal|p2a: Hypno|102/315|[from] item: Leftovers\n|-damage|p1a: Clawitzer|30/100 tox|[from] psn\n|upkeep\n|turn|14\n|inactive|Time left: 300 sec this turn | 300 sec total\n|\n|t:|1783563468\n|move|p2a: Hypno|Focus Blast|p1a: Clawitzer\n|-damage|p1a: Clawitzer|8/100 tox\n|move|p1a: Clawitzer|Water Pulse|p2a: Hypno\n|-damage|p2a: Hypno|11/315\n|\n|-heal|p2a: Hypno|30/315|[from] item: Leftovers\n|-damage|p1a: Clawitzer|0 fnt|[from] psn\n|faint|p1a: Clawitzer\n|upkeep\n|\n|t:|1783563469\n|switch|p1a: Overqwil|Overqwil, L82, F|56/100\n|-activate|p1a: Overqwil|move: Sticky Web\n|-unboost|p1a: Overqwil|spe|1\n|-damage|p1a: Overqwil|44/100|[from] Stealth Rock\n|-ability|p1a: Overqwil|Intimidate|boost\n|-unboost|p2a: Hypno|atk|1\n|turn|15\n|inactive|Time left: 300 sec this turn | 300 sec total\n|\n|t:|1783563470\n|switch|p2a: Whiscash|Whiscash, L88, F|337/337\n|move|p1a: Overqwil|Gunk Shot|p2a: Whiscash|[miss]\n|-miss|p1a: Overqwil|p2a: Whiscash\n|\n|upkeep\n|turn|16\n|inactive|Time left: 300 sec this turn | 300 sec total\n|\n|t:|1783563471\n|switch|p1a: Iron Leaves|Iron Leaves, L80|100/100\n|-activate|p1a: Iron Leaves|move: Sticky Web\n|-unboost|p1a: Iron Leaves|spe|1\n|-damage|p1a: Iron Leaves|88/100|[from] Stealth Rock\n|move|p2a: Whiscash|Earthquake|p1a: Iron Leaves\n|-resisted|p1a: Iron Leaves\n|-damage|p1a: Iron Leaves|70/100\n|\n|upkeep\n|turn|17\n|inactive|Time left: 300 sec this turn | 300 sec total\n|\n|t:|1783563472\n|switch|p2a: Landorus|Landorus-Therian, L76, M|260/260\n|-ability|p2a: Landorus|Intimidate|boost\n|-unboost|p1a: Iron Leaves|atk|1\n|move|p1a: Iron Leaves|Leaf Blade|p2a: Landorus\n|-damage|p2a: Landorus|134/260\n|\n|-heal|p2a: Landorus|150/260|[from] item: Leftovers\n|upkeep\n|turn|18\n|inactive|Time left: 300 sec this turn | 300 sec total\n|\n|t:|1783563473\n|move|p2a: Landorus|U-turn|p1a: Iron Leaves\n|-supereffective|p1a: Iron Leaves\n|-damage|p1a: Iron Leaves|0 fnt\n|faint|p1a: Iron Leaves\n|-end|p1a: Iron Leaves|Quark Drive|[silent]\n|inactive|Time left: 300 sec this turn | 300 sec total | 5 sec grace\n|\n|t:|1783563474\n|switch|p2a: Scovillain|Scovillain, L91, F|160/266|[from] U-turn\n|\n|upkeep\n|\n|t:|1783563475\n|switch|p1a: Overqwil|Overqwil, L82, F|44/100\n|-activate|p1a: Overqwil|move: Sticky Web\n|-unboost|p1a: Overqwil|spe|1\n|-damage|p1a: Overqwil|32/100|[from] Stealth Rock\n|-ability|p1a: Overqwil|Intimidate|boost\n|-unboost|p2a: Scovillain|atk|1\n|turn|19\n|inactive|Time left: 300 sec this turn | 300 sec total\n|\n|t:|1783563476\n|move|p1a: Overqwil|Aqua Jet|p2a: Scovillain\n|-damage|p2a: Scovillain|109/266\n|move|p2a: Scovillain|Flamethrower|p1a: Overqwil\n|-damage|p1a: Overqwil|0 fnt\n|faint|p1a: Overqwil\n|\n|upkeep\n|\n|t:|1783563477\n|switch|p1a: Plusle|Plusle, L95, F|100/100\n|-activate|p1a: Plusle|move: Sticky Web\n|-unboost|p1a: Plusle|spe|1\n|-damage|p1a: Plusle|88/100|[from] Stealth Rock\n|turn|20\n|inactive|Time left: 300 sec this turn | 300 sec total\n|\n|t:|1783563478\n|move|p2a: Scovillain|Flamethrower|p1a: Plusle\n|-damage|p1a: Plusle|46/100\n|move|p1a: Plusle|Thunderbolt|p2a: Scovillain\n|-resisted|p2a: Scovillain\n|-damage|p2a: Scovillain|26/266\n|-damage|p1a: Plusle|36/100|[from] item: Life Orb\n|\n|upkeep\n|turn|21\n|inactive|Time left: 300 sec this turn | 300 sec total\n|\n|t:|1783563479\n|-terastallize|p1a: Plusle|Electric\n|move|p2a: Scovillain|Flamethrower|p1a: Plusle\n|-damage|p1a: Plusle|0 fnt\n|faint|p1a: Plusle\n|\n|upkeep\n|\n|t:|1783563480\n|switch|p1a: Smeargle|Smeargle, L95, M|100/100\n|-activate|p1a: Smeargle|move: Sticky Web\n|-unboost|p1a: Smeargle|spe|1\n|-damage|p1a: Smeargle|88/100|[from] Stealth Rock\n|turn|22\n|inactive|Time left: 300 sec this turn | 300 sec total\n|\n|t:|1783563481\n|-terastallize|p2a: Scovillain|Fire\n|move|p2a: Scovillain|Flamethrower|p1a: Smeargle\n|-damage|p1a: Smeargle|0 fnt\n|faint|p1a: Smeargle\n|\n|win|p0y20934af9", "uploadtime": 1783563481, "views": 0, "rating": 0, "private": 0, "password": null, "_winner": "p0y20934af9", "_our_name": "p0y20934af9"}