{"id": "battle-gen9randombattle-2584", "formatid": "gen9randombattle", "format": "[Gen 9] Random Battle", "players": ["p0x2584033e", "p0y258436f0"], "log": "|init|battle\n|title|p0x2584033e vs. p0y258436f0\n|j|\u2606p0x2584033e\n|j|\u2606p0y258436f0\n|t:|1783569836\n|gametype|singles\n|player|p1|p0x2584033e|102|\n|player|p2|p0y258436f0|2|\n|gen|9\n|tier|[Gen 9] Random Battle\n|rule|Species Clause: Limit one of each Pok\u00e9mon\n|rule|HP Percentage Mod: HP is shown in percentages\n|rule|Sleep Clause Mod: Limit one foe put to sleep\n|rule|Illusion Level Mod: Illusion disguises the Pok\u00e9mon's true level\n|\n|t:|1783569836\n|teamsize|p1|6\n|teamsize|p2|6\n|start\n|switch|p1a: Medicham|Medicham, L86, F|243/243\n|switch|p2a: Azumarill|Azumarill, L82, M|100/100\n|turn|1\n|inactive|Battle timer is ON: inactive players will automatically lose when time's up. (requested by p0x2584033e)\n|inactive|p0y258436f0 also wants the timer to be on.\n|\n|t:|1783569838\n|move|p1a: Medicham|Zen Headbutt|p2a: Azumarill\n|-crit|p2a: Azumarill\n|-damage|p2a: Azumarill|0 fnt\n|faint|p2a: Azumarill\n|\n|upkeep\n|\n|t:|1783569839\n|switch|p2a: Cloyster|Cloyster, L80, F|100/100\n|turn|2\n|inactive|Time left: 300 sec this turn | 300 sec total\n|\n|t:|1783569840\n|move|p1a: Medicham|Zen Headbutt|p2a: Cloyster\n|-damage|p2a: Cloyster|52/100\n|move|p2a: Cloyster|Shell Smash|p2a: Cloyster\n|-unboost|p2a: Cloyster|def|1\n|-unboost|p2a: Cloyster|spd|1\n|-boost|p2a: Cloyster|atk|2\n|-boost|p2a: Cloyster|spa|2\n|-boost|p2a: Cloyster|spe|2\n|-enditem|p2a: Cloyster|White Herb\n|-clearnegativeboost|p2a: Cloyster|[silent]\n|\n|upkeep\n|turn|3\n|inactive|Time left: 300 sec this turn | 300 sec total\n|\n|t:|1783569841\n|move|p2a: Cloyster|Icicle Spear|p1a: Medicham\n|-damage|p1a: Medicham|189/243\n|-damage|p1a: Medicham|134/243\n|-damage|p1a: Medicham|82/243\n|-damage|p1a: Medicham|28/243\n|-damage|p1a: Medicham|0 fnt\n|faint|p1a: Medicham\n|-hitcount|p1: Medicham|5\n|\n|upkeep\n|inactive|Time left: 300 sec this turn | 300 sec total | 5 sec grace\n|\n|t:|1783569842\n|switch|p1a: Raging Bolt|Raging Bolt, L78|323/323\n|turn|4\n|inactive|Time left: 300 sec this turn | 300 sec total\n|\n|t:|1783569843\n|-terastallize|p1a: Raging Bolt|Electric\n|move|p2a: Cloyster|Icicle Spear|p1a: Raging Bolt\n|-damage|p1a: Raging Bolt|268/323\n|-damage|p1a: Raging Bolt|214/323\n|-damage|p1a: Raging Bolt|163/323\n|-damage|p1a: Raging Bolt|108/323\n|-damage|p1a: Raging Bolt|56/323\n|-hitcount|p1a: Raging Bolt|5\n|move|p1a: Raging Bolt|Draco Meteor|p2a: Cloyster\n|-damage|p2a: Cloyster|0 fnt\n|-unboost|p1a: Raging Bolt|spa|2\n|faint|p2a: Cloyster\n|\n|upkeep\n|\n|t:|1783569844\n|switch|p2a: Kleavor|Kleavor, L78, F|100/100\n|turn|5\n|inactive|Time left: 300 sec this turn | 300 sec total\n|\n|t:|1783569845\n|-end|p1a: Raging Bolt|Protosynthesis|[silent]\n|switch|p1a: Qwilfish|Qwilfish-Hisui, L83, F|244/244\n|-ability|p1a: Qwilfish|Intimidate|boost\n|-unboost|p2a: Kleavor|atk|1\n|move|p2a: Kleavor|Stone Axe|p1a: Qwilfish\n|-damage|p1a: Qwilfish|190/244\n|-sidestart|p1: p0x2584033e|move: Stealth Rock\n|\n|upkeep\n|turn|6\n|inactive|Time left: 300 sec this turn | 300 sec total\n|\n|t:|1783569846\n|move|p2a: Kleavor|Stone Axe|p1a: Qwilfish\n|-damage|p1a: Qwilfish|136/244\n|move|p1a: Qwilfish|Crunch|p2a: Kleavor\n|-damage|p2a: Kleavor|63/100\n|\n|upkeep\n|turn|7\n|inactive|Time left: 300 sec this turn | 300 sec total\n|\n|t:|1783569847\n|switch|p2a: Ursaring|Ursaring, L84, F|100/100\n|move|p1a: Qwilfish|Spikes|p2a: Ursaring\n|-sidestart|p2: p0y258436f0|Spikes\n|\n|-status|p2a: Ursaring|tox|[from] item: Toxic Orb\n|upkeep\n|turn|8\n|inactive|Time left: 300 sec this turn | 300 sec total\n|\n|t:|1783569848\n|switch|p1a: Houndstone|Houndstone, L86, M|264/264\n|-damage|p1a: Houndstone|231/264|[from] Stealth Rock\n|move|p2a: Ursaring|Swords Dance|p2a: Ursaring\n|-boost|p2a: Ursaring|atk|2\n|\n|-heal|p1a: Houndstone|247/264|[from] item: Leftovers\n|-damage|p2a: Ursaring|94/100 tox|[from] psn\n|upkeep\n|turn|9\n|inactive|Time left: 300 sec this turn | 300 sec total\n|\n|t:|1783569849\n|move|p2a: Ursaring|Crunch|p1a: Houndstone\n|-supereffective|p1a: Houndstone\n|-crit|p1a: Houndstone\n|-damage|p1a: Houndstone|73/264\n|move|p1a: Houndstone|Body Press|p2a: Ursaring\n|-supereffective|p2a: Ursaring\n|-damage|p2a: Ursaring|43/100 tox\n|\n|-heal|p1a: Houndstone|89/264|[from] item: Leftovers\n|-damage|p2a: Ursaring|30/100 tox|[from] psn\n|upkeep\n|turn|10\n|inactive|Time left: 300 sec this turn | 300 sec total\n|\n|t:|1783569850\n|switch|p1a: Qwilfish|Qwilfish-Hisui, L83, F|136/244\n|-damage|p1a: Qwilfish|106/244|[from] Stealth Rock\n|-ability|p1a: Qwilfish|Intimidate|boost\n|-unboost|p2a: Ursaring|atk|1\n|move|p2a: Ursaring|Crunch|p1a: Qwilfish\n|-resisted|p1a: Qwilfish\n|-damage|p1a: Qwilfish|69/244\n|\n|-damage|p2a: Ursaring|12/100 tox|[from] psn\n|upkeep\n|turn|11\n|inactive|Time left: 300 sec this turn | 300 sec total\n|\n|t:|1783569851\n|switch|p1a: Houndstone|Houndstone, L86, M|89/264\n|-damage|p1a: Houndstone|56/264|[from] Stealth Rock\n|move|p2a: Ursaring|Facade|p1a: Houndstone\n|-immune|p1a: Houndstone\n|\n|-heal|p1a: Houndstone|72/264|[from] item: Leftovers\n|-damage|p2a: Ursaring|0 fnt|[from] psn\n|faint|p2a: Ursaring\n|upkeep\n|\n|t:|1783569852\n|switch|p2a: Shiftry|Shiftry, L89, M|100/100\n|-damage|p2a: Shiftry|88/100|[from] Spikes\n|turn|12\n|inactive|Time left: 300 sec this turn | 300 sec total\n|\n|t:|1783569853\n|move|p2a: Shiftry|Swords Dance|p2a: Shiftry\n|-boost|p2a: Shiftry|atk|2\n|move|p1a: Houndstone|Rest|p1a: Houndstone\n|-status|p1a: Houndstone|slp|[from] move: Rest\n|-heal|p1a: Houndstone|264/264 slp|[silent]\n|\n|upkeep\n|turn|13\n|inactive|Time left: 300 sec this turn | 300 sec total\n|\n|t:|1783569854\n|switch|p1a: Qwilfish|Qwilfish-Hisui, L83, F|69/244\n|-damage|p1a: Qwilfish|39/244|[from] Stealth Rock\n|-ability|p1a: Qwilfish|Intimidate|boost\n|-unboost|p2a: Shiftry|atk|1\n|move|p2a: Shiftry|Knock Off|p1a: Qwilfish\n|-resisted|p1a: Qwilfish\n|-damage|p1a: Qwilfish|0 fnt\n|-enditem|p1a: Qwilfish|Eviolite|[from] move: Knock Off|[of] p2a: Shiftry\n|faint|p1a: Qwilfish\n|-damage|p2a: Shiftry|78/100|[from] item: Life Orb\n|\n|upkeep\n|inactive|Time left: 300 sec this turn | 300 sec total | 5 sec grace\n|\n|t:|1783569855\n|switch|p1a: Shaymin|Shaymin, L82|298/298\n|-damage|p1a: Shaymin|261/298|[from] Stealth Rock\n|turn|14\n|inactive|Time left: 300 sec this turn | 300 sec total\n|\n|t:|1783569856\n|move|p1a: Shaymin|Air Slash|p2a: Shiftry\n|-supereffective|p2a: Shiftry\n|-damage|p2a: Shiftry|36/100\n|move|p2a: Shiftry|Knock Off|p1a: Shaymin\n|-damage|p1a: Shaymin|50/298\n|-enditem|p1a: Shaymin|Leftovers|[from] move: Knock Off|[of] p2a: Shiftry\n|-damage|p2a: Shiftry|26/100|[from] item: Life Orb\n|\n|upkeep\n|turn|15\n|inactive|Time left: 300 sec this turn | 300 sec total\n|\n|t:|1783569857\n|move|p2a: Shiftry|Sucker Punch|p1a: Shaymin\n|-damage|p1a: Shaymin|0 fnt\n|faint|p1a: Shaymin\n|-damage|p2a: Shiftry|16/100|[from] item: Life Orb\n|\n|upkeep\n|inactive|Time left: 300 sec this turn | 300 sec total | 5 sec grace\n|\n|t:|1783569858\n|switch|p1a: Raging Bolt|Raging Bolt, L78, tera:Electric|56/323\n|-damage|p1a: Raging Bolt|16/323|[from] Stealth Rock\n|turn|16\n|inactive|Time left: 300 sec this turn | 300 sec total\n|\n|t:|1783569859\n|move|p2a: Shiftry|Sucker Punch|p1a: Raging Bolt\n|-damage|p1a: Raging Bolt|0 fnt\n|faint|p1a: Raging Bolt\n|-end|p1a: Raging Bolt|Protosynthesis|[silent]\n|-damage|p2a: Shiftry|6/100|[from] item: Life Orb\n|\n|upkeep\n|inactive|Time left: 300 sec this turn | 300 sec total | 5 sec grace\n|\n|t:|1783569860\n|switch|p1a: Meloetta|Meloetta, L82|298/298\n|-damage|p1a: Meloetta|261/298|[from] Stealth Rock\n|turn|17\n|inactive|Time left: 300 sec this turn | 300 sec total\n|\n|t:|1783569861\n|switch|p1a: Houndstone|Houndstone, L86, M|264/264 slp\n|-damage|p1a: Houndstone|231/264 slp|[from] Stealth Rock\n|move|p2a: Shiftry|Sucker Punch||[still]\n|-fail|p2a: Shiftry\n|\n|-heal|p1a: Houndstone|247/264 slp|[from] item: Leftovers\n|upkeep\n|turn|18\n|inactive|Time left: 300 sec this turn | 300 sec total\n|\n|t:|1783569862\n|move|p2a: Shiftry|Knock Off|p1a: Houndstone\n|-supereffective|p1a: Houndstone\n|-damage|p1a: Houndstone|27/264 slp\n|-enditem|p1a: Houndstone|Leftovers|[from] move: Knock Off|[of] p2a: Shiftry\n|-damage|p2a: Shiftry|0 fnt|[from] item: Life Orb\n|faint|p2a: Shiftry\n|cant|p1a: Houndstone|slp\n|move|p1a: Houndstone|Sleep Talk|p1a: Houndstone\n|move|p1a: Houndstone|Rest||[from] move: Sleep Talk|[still]\n|-fail|p1a: Houndstone\n|\n|upkeep\n|\n|t:|1783569863\n|switch|p2a: Kleavor|Kleavor, L78, F|63/100\n|-damage|p2a: Kleavor|50/100|[from] Spikes\n|turn|19\n|inactive|Time left: 300 sec this turn | 300 sec total\n|\n|t:|1783569864\n|-terastallize|p2a: Kleavor|Bug\n|move|p2a: Kleavor|X-Scissor|p1a: Houndstone\n|-resisted|p1a: Houndstone\n|-damage|p1a: Houndstone|0 fnt\n|faint|p1a: Houndstone\n|\n|upkeep\n|inactive|Time left: 300 sec this turn | 300 sec total | 5 sec grace\n|\n|t:|1783569865\n|switch|p1a: Meloetta|Meloetta, L82|261/298\n|-damage|p1a: Meloetta|224/298|[from] Stealth Rock\n|turn|20\n|inactive|Time left: 300 sec this turn | 300 sec total\n|\n|t:|1783569865\n|move|p2a: Kleavor|X-Scissor|p1a: Meloetta\n|-supereffective|p1a: Meloetta\n|-damage|p1a: Meloetta|0 fnt\n|faint|p1a: Meloetta\n|\n|win|p0y258436f0", "uploadtime": 1783569865, "views": 0, "rating": 0, "private": 0, "password": null, "_winner": "p0y258436f0", "_our_name": "p0x2584033e"}