{"id": "battle-gen9randombattle-1401", "formatid": "gen9randombattle", "format": "[Gen 9] Random Battle", "players": ["p0x1401edb5", "p0y1401eff0"], "log": "|init|battle\n|title|p0x1401edb5 vs. p0y1401eff0\n|j|\u2606p0x1401edb5\n|j|\u2606p0y1401eff0\n|t:|1783555351\n|gametype|singles\n|player|p1|p0x1401edb5|266|\n|player|p2|p0y1401eff0|1|\n|gen|9\n|tier|[Gen 9] Random Battle\n|rule|Species Clause: Limit one of each Pok\u00e9mon\n|rule|HP Percentage Mod: HP is shown in percentages\n|rule|Sleep Clause Mod: Limit one foe put to sleep\n|rule|Illusion Level Mod: Illusion disguises the Pok\u00e9mon's true level\n|\n|t:|1783555351\n|teamsize|p1|6\n|teamsize|p2|6\n|start\n|switch|p1a: Rotom|Rotom-Frost, L87|100/100\n|switch|p2a: Luxray|Luxray, L88, F|283/283\n|turn|1\n|inactive|Battle timer is ON: inactive players will automatically lose when time's up. (requested by p0y1401eff0)\n|inactive|p0x1401edb5 also wants the timer to be on.\n|\n|t:|1783555353\n|move|p1a: Rotom|Blizzard|p2a: Luxray|[miss]\n|-miss|p1a: Rotom|p2a: Luxray\n|move|p2a: Luxray|Play Rough|p1a: Rotom\n|-damage|p1a: Rotom|73/100\n|\n|-status|p2a: Luxray|brn|[from] item: Flame Orb\n|upkeep\n|turn|2\n|inactive|Time left: 300 sec this turn | 300 sec total\n|\n|t:|1783555354\n|move|p1a: Rotom|Nasty Plot|p1a: Rotom\n|-boost|p1a: Rotom|spa|2\n|move|p2a: Luxray|Facade|p1a: Rotom\n|-damage|p1a: Rotom|0 fnt\n|faint|p1a: Rotom\n|\n|-damage|p2a: Luxray|266/283 brn|[from] brn\n|upkeep\n|\n|t:|1783555355\n|switch|p1a: Azelf|Azelf, L82|100/100\n|turn|3\n|inactive|Time left: 300 sec this turn | 300 sec total\n|\n|t:|1783555356\n|move|p1a: Azelf|Psychic|p2a: Luxray\n|-damage|p2a: Luxray|91/283 brn\n|move|p2a: Luxray|Facade|p1a: Azelf\n|-damage|p1a: Azelf|17/100\n|\n|-damage|p2a: Luxray|74/283 brn|[from] brn\n|upkeep\n|turn|4\n|inactive|Time left: 300 sec this turn | 300 sec total\n|\n|t:|1783555358\n|switch|p2a: Kyogre|Kyogre, L71|259/259\n|-weather|RainDance|[from] ability: Drizzle|[of] p2a: Kyogre\n|move|p1a: Azelf|Psychic|p2a: Kyogre\n|-damage|p2a: Kyogre|127/259\n|\n|-weather|RainDance|[upkeep]\n|upkeep\n|turn|5\n|inactive|Time left: 300 sec this turn | 300 sec total\n|\n|t:|1783555359\n|switch|p1a: Giratina|Giratina, L75|100/100\n|-ability|p1a: Giratina|Pressure\n|move|p2a: Kyogre|Water Spout|p1a: Giratina\n|-resisted|p1a: Giratina\n|-damage|p1a: Giratina|85/100\n|\n|-weather|RainDance|[upkeep]\n|-heal|p1a: Giratina|91/100|[from] item: Leftovers\n|upkeep\n|turn|6\n|inactive|Time left: 300 sec this turn | 300 sec total\n|\n|t:|1783555360\n|move|p2a: Kyogre|Water Spout|p1a: Giratina\n|-resisted|p1a: Giratina\n|-damage|p1a: Giratina|76/100\n|move|p1a: Giratina|Dragon Tail|p2a: Kyogre\n|-damage|p2a: Kyogre|60/259\n|drag|p2a: Swampert|Swampert, L83, M|302/302\n|\n|-weather|RainDance|[upkeep]\n|-heal|p1a: Giratina|82/100|[from] item: Leftovers\n|upkeep\n|turn|7\n|inactive|Time left: 300 sec this turn | 300 sec total\n|\n|t:|1783555362\n|move|p1a: Giratina|Shadow Ball|p2a: Swampert\n|-damage|p2a: Swampert|230/302\n|move|p2a: Swampert|Ice Beam|p1a: Giratina\n|-supereffective|p1a: Giratina\n|-damage|p1a: Giratina|55/100\n|\n|-weather|RainDance|[upkeep]\n|-heal|p1a: Giratina|61/100|[from] item: Leftovers\n|-heal|p2a: Swampert|248/302|[from] item: Leftovers\n|upkeep\n|turn|8\n|inactive|Time left: 300 sec this turn | 300 sec total\n|\n|t:|1783555363\n|move|p1a: Giratina|Shadow Ball|p2a: Swampert\n|-damage|p2a: Swampert|182/302\n|-unboost|p2a: Swampert|spd|1\n|move|p2a: Swampert|Ice Beam|p1a: Giratina\n|-supereffective|p1a: Giratina\n|-damage|p1a: Giratina|30/100\n|\n|-weather|none\n|-heal|p1a: Giratina|36/100|[from] item: Leftovers\n|-heal|p2a: Swampert|200/302|[from] item: Leftovers\n|upkeep\n|turn|9\n|inactive|Time left: 300 sec this turn | 300 sec total\n|\n|t:|1783555364\n|move|p1a: Giratina|Shadow Ball|p2a: Swampert\n|-damage|p2a: Swampert|89/302\n|move|p2a: Swampert|Ice Beam|p1a: Giratina\n|-supereffective|p1a: Giratina\n|-damage|p1a: Giratina|8/100\n|\n|-heal|p1a: Giratina|14/100|[from] item: Leftovers\n|-heal|p2a: Swampert|107/302|[from] item: Leftovers\n|upkeep\n|turn|10\n|inactive|Time left: 300 sec this turn | 300 sec total\n|\n|t:|1783555365\n|switch|p2a: Pincurchin|Pincurchin, M|258/258\n|-fieldstart|move: Electric Terrain|[from] ability: Electric Surge|[of] p2a: Pincurchin\n|move|p1a: Giratina|Shadow Ball|p2a: Pincurchin\n|-damage|p2a: Pincurchin|198/258\n|\n|-heal|p1a: Giratina|20/100|[from] item: Leftovers\n|-heal|p2a: Pincurchin|214/258|[from] item: Leftovers\n|upkeep\n|turn|11\n|inactive|Time left: 300 sec this turn | 300 sec total\n|\n|t:|1783555366\n|move|p1a: Giratina|Shadow Ball|p2a: Pincurchin\n|-damage|p2a: Pincurchin|153/258\n|move|p2a: Pincurchin|Zing Zap|p1a: Giratina\n|-resisted|p1a: Giratina\n|-damage|p1a: Giratina|2/100\n|\n|-heal|p1a: Giratina|8/100|[from] item: Leftovers\n|-heal|p2a: Pincurchin|169/258|[from] item: Leftovers\n|upkeep\n|turn|12\n|inactive|Time left: 300 sec this turn | 300 sec total\n|\n|t:|1783555367\n|move|p1a: Giratina|Shadow Ball|p2a: Pincurchin\n|-damage|p2a: Pincurchin|106/258\n|move|p2a: Pincurchin|Zing Zap|p1a: Giratina\n|-resisted|p1a: Giratina\n|-damage|p1a: Giratina|0 fnt\n|faint|p1a: Giratina\n|\n|-heal|p2a: Pincurchin|122/258|[from] item: Leftovers\n|upkeep\n|\n|t:|1783555368\n|switch|p1a: Azelf|Azelf, L82|17/100\n|turn|13\n|inactive|Time left: 300 sec this turn | 300 sec total\n|\n|t:|1783555369\n|move|p1a: Azelf|Psychic|p2a: Pincurchin\n|-damage|p2a: Pincurchin|0 fnt\n|faint|p2a: Pincurchin\n|\n|upkeep\n|inactive|Time left: 300 sec this turn | 300 sec total | 5 sec grace\n|\n|t:|1783555369\n|switch|p2a: Flutter Mane|Flutter Mane, L74|203/203\n|turn|14\n|inactive|Time left: 300 sec this turn | 300 sec total\n|\n|t:|1783555370\n|move|p2a: Flutter Mane|Moonblast|p1a: Azelf\n|-damage|p1a: Azelf|0 fnt\n|faint|p1a: Azelf\n|\n|-fieldend|move: Electric Terrain\n|upkeep\n|\n|t:|1783555371\n|switch|p1a: Scizor|Scizor, L79, M|100/100\n|turn|15\n|inactive|Time left: 300 sec this turn | 300 sec total\n|\n|t:|1783555372\n|-end|p2a: Flutter Mane|Protosynthesis|[silent]\n|switch|p2a: Iron Moth|Iron Moth, L78|253/253\n|move|p1a: Scizor|Bullet Punch|p2a: Iron Moth\n|-resisted|p2a: Iron Moth\n|-damage|p2a: Iron Moth|205/253\n|\n|upkeep\n|turn|16\n|inactive|Time left: 300 sec this turn | 300 sec total\n|\n|t:|1783555373\n|switch|p1a: Gengar|Gengar, L81, F|100/100\n|move|p2a: Iron Moth|Fiery Dance|p1a: Gengar\n|-damage|p1a: Gengar|50/100\n|\n|upkeep\n|turn|17\n|inactive|Time left: 300 sec this turn | 300 sec total\n|\n|t:|1783555375\n|move|p1a: Gengar|Shadow Ball|p2a: Iron Moth\n|-damage|p2a: Iron Moth|87/253\n|-damage|p1a: Gengar|40/100|[from] item: Life Orb\n|move|p2a: Iron Moth|Fiery Dance|p1a: Gengar\n|-damage|p1a: Gengar|0 fnt\n|-boost|p2a: Iron Moth|spa|1\n|-start|p2a: Iron Moth|Disable|Fiery Dance|[from] ability: Cursed Body|[of] p1a: Gengar\n|faint|p1a: Gengar\n|\n|upkeep\n|\n|t:|1783555376\n|switch|p1a: Honchkrow|Honchkrow, L86, F|100/100\n|turn|18\n|inactive|Time left: 300 sec this turn | 300 sec total\n|\n|t:|1783555376\n|move|p2a: Iron Moth|Sludge Wave|p1a: Honchkrow\n|-damage|p1a: Honchkrow|23/100\n|move|p1a: Honchkrow|Lash Out|p2a: Iron Moth\n|-damage|p2a: Iron Moth|0 fnt\n|faint|p2a: Iron Moth\n|-end|p2a: Iron Moth|Quark Drive|[silent]\n|-ability|p1a: Honchkrow|Moxie|boost\n|-boost|p1a: Honchkrow|atk|1\n|\n|upkeep\n|inactive|Time left: 300 sec this turn | 300 sec total | 5 sec grace\n|\n|t:|1783555377\n|switch|p2a: Flutter Mane|Flutter Mane, L74|203/203\n|turn|19\n|inactive|Time left: 300 sec this turn | 300 sec total\n|\n|t:|1783555378\n|-terastallize|p2a: Flutter Mane|Fairy\n|move|p1a: Honchkrow|Sucker Punch|p2a: Flutter Mane\n|-resisted|p2a: Flutter Mane\n|-damage|p2a: Flutter Mane|95/203\n|move|p2a: Flutter Mane|Moonblast|p1a: Honchkrow\n|-supereffective|p1a: Honchkrow\n|-damage|p1a: Honchkrow|0 fnt\n|faint|p1a: Honchkrow\n|\n|upkeep\n|\n|t:|1783555379\n|switch|p1a: Scizor|Scizor, L79, M|100/100\n|turn|20\n|inactive|Time left: 300 sec this turn | 300 sec total\n|\n|t:|1783555380\n|move|p1a: Scizor|Bullet Punch|p2a: Flutter Mane\n|-supereffective|p2a: Flutter Mane\n|-damage|p2a: Flutter Mane|0 fnt\n|faint|p2a: Flutter Mane\n|-end|p2a: Flutter Mane|Protosynthesis|[silent]\n|\n|upkeep\n|inactive|Time left: 300 sec this turn | 300 sec total | 5 sec grace\n|\n|t:|1783555381\n|switch|p2a: Kyogre|Kyogre, L71|60/259\n|-weather|RainDance|[from] ability: Drizzle|[of] p2a: Kyogre\n|turn|21\n|inactive|Time left: 300 sec this turn | 300 sec total\n|\n|t:|1783555382\n|move|p1a: Scizor|Bullet Punch|p2a: Kyogre\n|-resisted|p2a: Kyogre\n|-damage|p2a: Kyogre|19/259\n|move|p2a: Kyogre|Origin Pulse|p1a: Scizor\n|-damage|p1a: Scizor|15/100\n|\n|-weather|RainDance|[upkeep]\n|-heal|p1a: Scizor|22/100|[from] item: Leftovers\n|upkeep\n|turn|22\n|inactive|Time left: 300 sec this turn | 300 sec total\n|\n|t:|1783555383\n|move|p2a: Kyogre|Origin Pulse|p1a: Scizor\n|-damage|p1a: Scizor|0 fnt\n|faint|p1a: Scizor\n|\n|win|p0y1401eff0", "uploadtime": 1783555383, "views": 0, "rating": 0, "private": 0, "password": null, "_winner": "p0y1401eff0", "_our_name": "p0y1401eff0"}