{"id": "battle-gen9randombattle-2096", "formatid": "gen9randombattle", "format": "[Gen 9] Random Battle", "players": ["p0x2096aaff", "p0y20969929"], "log": "|init|battle\n|title|p0x2096aaff vs. p0y20969929\n|j|\u2606p0x2096aaff\n|j|\u2606p0y20969929\n|t:|1783563463\n|gametype|singles\n|player|p1|p0x2096aaff|266|\n|player|p2|p0y20969929|1|\n|gen|9\n|tier|[Gen 9] Random Battle\n|rule|Species Clause: Limit one of each Pok\u00e9mon\n|rule|HP Percentage Mod: HP is shown in percentages\n|rule|Sleep Clause Mod: Limit one foe put to sleep\n|rule|Illusion Level Mod: Illusion disguises the Pok\u00e9mon's true level\n|\n|t:|1783563463\n|teamsize|p1|6\n|teamsize|p2|6\n|start\n|switch|p1a: Hitmonlee|Hitmonlee, L85, M|100/100\n|switch|p2a: Dialga|Dialga-Origin, L73|266/266\n|-ability|p2a: Dialga|Pressure\n|turn|1\n|inactive|Battle timer is ON: inactive players will automatically lose when time's up. (requested by p0y20969929)\n|inactive|p0x2096aaff also wants the timer to be on.\n|\n|t:|1783563465\n|switch|p2a: Lugia|Lugia, L73|275/275\n|move|p1a: Hitmonlee|High Jump Kick|p2a: Lugia\n|-resisted|p2a: Lugia\n|-damage|p2a: Lugia|246/275\n|\n|upkeep\n|turn|2\n|inactive|Time left: 300 sec this turn | 300 sec total\n|\n|t:|1783563466\n|move|p2a: Lugia|Calm Mind|p2a: Lugia\n|-boost|p2a: Lugia|spa|1\n|-boost|p2a: Lugia|spd|1\n|move|p1a: Hitmonlee|High Jump Kick|p2a: Lugia\n|-resisted|p2a: Lugia\n|-damage|p2a: Lugia|188/275\n|\n|upkeep\n|turn|3\n|inactive|Time left: 300 sec this turn | 300 sec total\n|\n|t:|1783563467\n|switch|p1a: Granbull|Granbull, L88, M|100/100\n|-ability|p1a: Granbull|Intimidate|boost\n|-unboost|p2a: Lugia|atk|1\n|move|p2a: Lugia|Aeroblast|p1a: Granbull\n|-damage|p1a: Granbull|51/100\n|\n|-heal|p1a: Granbull|57/100|[from] item: Leftovers\n|upkeep\n|turn|4\n|inactive|Time left: 300 sec this turn | 300 sec total\n|\n|t:|1783563469\n|move|p2a: Lugia|Aeroblast|p1a: Granbull\n|-damage|p1a: Granbull|6/100\n|move|p1a: Granbull|Thunder Wave|p2a: Lugia\n|-status|p2a: Lugia|par\n|\n|-heal|p1a: Granbull|12/100|[from] item: Leftovers\n|upkeep\n|turn|5\n|inactive|Time left: 300 sec this turn | 300 sec total\n|\n|t:|1783563470\n|move|p1a: Granbull|Play Rough|p2a: Lugia\n|-damage|p2a: Lugia|85/275 par\n|move|p2a: Lugia|Aeroblast|p1a: Granbull\n|-damage|p1a: Granbull|0 fnt\n|faint|p1a: Granbull\n|\n|upkeep\n|\n|t:|1783563471\n|switch|p1a: Hitmonlee|Hitmonlee, L85, M|100/100\n|turn|6\n|inactive|Time left: 300 sec this turn | 300 sec total\n|\n|t:|1783563472\n|move|p1a: Hitmonlee|Knock Off|p2a: Lugia\n|-supereffective|p2a: Lugia\n|-damage|p2a: Lugia|0 fnt\n|-enditem|p2a: Lugia|Heavy-Duty Boots|[from] move: Knock Off|[of] p1a: Hitmonlee\n|faint|p2a: Lugia\n|\n|upkeep\n|inactive|Time left: 300 sec this turn | 300 sec total | 5 sec grace\n|\n|t:|1783563473\n|switch|p2a: Dialga|Dialga-Origin, L73|266/266\n|-ability|p2a: Dialga|Pressure\n|turn|7\n|inactive|Time left: 300 sec this turn | 300 sec total\n|\n|t:|1783563474\n|move|p1a: Hitmonlee|Knock Off|p2a: Dialga\n|-damage|p2a: Dialga|195/266\n|move|p2a: Dialga|Heavy Slam|p1a: Hitmonlee\n|-damage|p1a: Hitmonlee|25/100\n|\n|upkeep\n|turn|8\n|inactive|Time left: 300 sec this turn | 300 sec total\n|\n|t:|1783563475\n|move|p1a: Hitmonlee|Knock Off|p2a: Dialga\n|-damage|p2a: Dialga|119/266\n|move|p2a: Dialga|Heavy Slam|p1a: Hitmonlee\n|-damage|p1a: Hitmonlee|0 fnt\n|faint|p1a: Hitmonlee\n|\n|upkeep\n|\n|t:|1783563476\n|switch|p1a: Jirachi|Jirachi, L80|100/100\n|turn|9\n|inactive|Time left: 300 sec this turn | 300 sec total\n|\n|t:|1783563477\n|move|p1a: Jirachi|Body Slam|p2a: Dialga\n|-resisted|p2a: Dialga\n|-damage|p2a: Dialga|94/266\n|-status|p2a: Dialga|par\n|move|p2a: Dialga|Stealth Rock|p1a: Jirachi\n|-sidestart|p1: p0x2096aaff|move: Stealth Rock\n|\n|upkeep\n|turn|10\n|inactive|Time left: 300 sec this turn | 300 sec total\n|\n|t:|1783563478\n|switch|p2a: Kyogre|Kyogre, L71|259/259\n|-weather|RainDance|[from] ability: Drizzle|[of] p2a: Kyogre\n|move|p1a: Jirachi|Body Slam|p2a: Kyogre\n|-damage|p2a: Kyogre|198/259\n|\n|-weather|RainDance|[upkeep]\n|-heal|p2a: Kyogre|214/259|[from] item: Leftovers\n|upkeep\n|turn|11\n|inactive|Time left: 300 sec this turn | 300 sec total\n|\n|t:|1783563479\n|move|p1a: Jirachi|Body Slam|p2a: Kyogre\n|-damage|p2a: Kyogre|150/259\n|move|p2a: Kyogre|Origin Pulse|p1a: Jirachi\n|-damage|p1a: Jirachi|57/100\n|\n|-weather|RainDance|[upkeep]\n|-heal|p2a: Kyogre|166/259|[from] item: Leftovers\n|upkeep\n|turn|12\n|inactive|Time left: 300 sec this turn | 300 sec total\n|\n|t:|1783563480\n|move|p1a: Jirachi|Body Slam|p2a: Kyogre\n|-damage|p2a: Kyogre|98/259\n|move|p2a: Kyogre|Origin Pulse|p1a: Jirachi|[miss]\n|-miss|p2a: Kyogre|p1a: Jirachi\n|\n|-weather|RainDance|[upkeep]\n|-heal|p2a: Kyogre|114/259|[from] item: Leftovers\n|upkeep\n|turn|13\n|inactive|Time left: 300 sec this turn | 300 sec total\n|\n|t:|1783563481\n|move|p1a: Jirachi|Body Slam|p2a: Kyogre\n|-damage|p2a: Kyogre|53/259\n|move|p2a: Kyogre|Origin Pulse|p1a: Jirachi\n|-damage|p1a: Jirachi|16/100\n|\n|-weather|RainDance|[upkeep]\n|-heal|p2a: Kyogre|69/259|[from] item: Leftovers\n|upkeep\n|turn|14\n|inactive|Time left: 300 sec this turn | 300 sec total\n|\n|t:|1783563482\n|move|p1a: Jirachi|Iron Head|p2a: Kyogre\n|-resisted|p2a: Kyogre\n|-damage|p2a: Kyogre|27/259\n|move|p2a: Kyogre|Origin Pulse|p1a: Jirachi\n|-damage|p1a: Jirachi|0 fnt\n|faint|p1a: Jirachi\n|\n|-weather|none\n|-heal|p2a: Kyogre|43/259|[from] item: Leftovers\n|upkeep\n|\n|t:|1783563483\n|switch|p1a: Meowstic|Meowstic-F, L89, F|100/100\n|-damage|p1a: Meowstic|88/100|[from] Stealth Rock\n|turn|15\n|inactive|Time left: 300 sec this turn | 300 sec total\n|\n|t:|1783563484\n|switch|p2a: Dunsparce|Dunsparce, L86, F|312/312\n|move|p1a: Meowstic|Nasty Plot|p1a: Meowstic\n|-boost|p1a: Meowstic|spa|2\n|\n|upkeep\n|turn|16\n|inactive|Time left: 300 sec this turn | 300 sec total\n|\n|t:|1783563484\n|move|p1a: Meowstic|Psychic|p2a: Dunsparce\n|-damage|p2a: Dunsparce|120/312\n|-unboost|p2a: Dunsparce|spd|1\n|-damage|p1a: Meowstic|78/100|[from] item: Life Orb\n|move|p2a: Dunsparce|Body Slam|p1a: Meowstic\n|-damage|p1a: Meowstic|48/100\n|-status|p1a: Meowstic|par\n|\n|upkeep\n|turn|17\n|inactive|Time left: 300 sec this turn | 300 sec total\n|\n|t:|1783563485\n|move|p2a: Dunsparce|Body Slam|p1a: Meowstic\n|-damage|p1a: Meowstic|17/100 par\n|move|p1a: Meowstic|Psychic|p2a: Dunsparce\n|-crit|p2a: Dunsparce\n|-damage|p2a: Dunsparce|0 fnt\n|faint|p2a: Dunsparce\n|-damage|p1a: Meowstic|7/100 par|[from] item: Life Orb\n|\n|upkeep\n|inactive|Time left: 300 sec this turn | 300 sec total | 5 sec grace\n|\n|t:|1783563486\n|switch|p2a: Florges|Florges-Orange, L85, F|271/271\n|turn|18\n|inactive|Time left: 300 sec this turn | 300 sec total\n|\n|t:|1783563487\n|move|p2a: Florges|Calm Mind|p2a: Florges\n|-boost|p2a: Florges|spa|1\n|-boost|p2a: Florges|spd|1\n|move|p1a: Meowstic|Nasty Plot|p1a: Meowstic\n|-boost|p1a: Meowstic|spa|2\n|\n|upkeep\n|turn|19\n|inactive|Time left: 300 sec this turn | 300 sec total\n|\n|t:|1783563487\n|move|p2a: Florges|Moonblast|p1a: Meowstic\n|-damage|p1a: Meowstic|0 fnt\n|faint|p1a: Meowstic\n|\n|upkeep\n|\n|t:|1783563488\n|switch|p1a: Scyther|Scyther, L82, M|100/100\n|turn|20\n|inactive|Time left: 300 sec this turn | 300 sec total\n|\n|t:|1783563489\n|move|p1a: Scyther|Dual Wingbeat|p2a: Florges\n|-damage|p2a: Florges|195/271\n|-damage|p2a: Florges|119/271\n|-hitcount|p2a: Florges|2\n|move|p2a: Florges|Moonblast|p1a: Scyther\n|-damage|p1a: Scyther|24/100\n|\n|-heal|p2a: Florges|135/271|[from] item: Leftovers\n|upkeep\n|turn|21\n|inactive|Time left: 300 sec this turn | 300 sec total\n|\n|t:|1783563489\n|move|p2a: Florges|Protect|p2a: Florges\n|-singleturn|p2a: Florges|Protect\n|move|p1a: Scyther|Dual Wingbeat|p2a: Florges\n|-activate|p2a: Florges|move: Protect\n|\n|-heal|p2a: Florges|151/271|[from] item: Leftovers\n|upkeep\n|turn|22\n|inactive|Time left: 300 sec this turn | 300 sec total\n|\n|t:|1783563490\n|-terastallize|p2a: Florges|Steel\n|move|p1a: Scyther|Dual Wingbeat|p2a: Florges\n|-resisted|p2a: Florges\n|-damage|p2a: Florges|114/271\n|-resisted|p2a: Florges\n|-damage|p2a: Florges|75/271\n|-hitcount|p2a: Florges|2\n|move|p2a: Florges|Moonblast|p1a: Scyther\n|-damage|p1a: Scyther|0 fnt\n|faint|p1a: Scyther\n|\n|-heal|p2a: Florges|91/271|[from] item: Leftovers\n|upkeep\n|\n|t:|1783563491\n|switch|p1a: Altaria|Altaria, L89, F|100/100\n|turn|23\n|inactive|Time left: 300 sec this turn | 300 sec total\n|\n|t:|1783563492\n|-terastallize|p1a: Altaria|Steel\n|move|p2a: Florges|Protect|p2a: Florges\n|-singleturn|p2a: Florges|Protect\n|move|p1a: Altaria|Brave Bird|p2a: Florges\n|-activate|p2a: Florges|move: Protect\n|\n|-heal|p2a: Florges|107/271|[from] item: Leftovers\n|upkeep\n|turn|24\n|inactive|Time left: 300 sec this turn | 300 sec total\n|\n|t:|1783563493\n|move|p1a: Altaria|Brave Bird|p2a: Florges\n|-resisted|p2a: Florges\n|-damage|p2a: Florges|44/271\n|-damage|p1a: Altaria|93/100|[from] Recoil\n|move|p2a: Florges|Wish|p2a: Florges\n|\n|-heal|p2a: Florges|60/271|[from] item: Leftovers\n|upkeep\n|turn|25\n|inactive|Time left: 300 sec this turn | 300 sec total\n|\n|t:|1783563494\n|move|p2a: Florges|Protect|p2a: Florges\n|-singleturn|p2a: Florges|Protect\n|move|p1a: Altaria|Brave Bird|p2a: Florges\n|-activate|p2a: Florges|move: Protect\n|\n|-heal|p2a: Florges|195/271|[from] move: Wish|[wisher] Florges\n|-heal|p2a: Florges|211/271|[from] item: Leftovers\n|upkeep\n|turn|26\n|inactive|Time left: 300 sec this turn | 300 sec total\n|\n|t:|1783563495\n|move|p1a: Altaria|Brave Bird|p2a: Florges\n|-resisted|p2a: Florges\n|-damage|p2a: Florges|146/271\n|-damage|p1a: Altaria|85/100|[from] Recoil\n|move|p2a: Florges|Moonblast|p1a: Altaria\n|-resisted|p1a: Altaria\n|-damage|p1a: Altaria|57/100\n|\n|-heal|p2a: Florges|162/271|[from] item: Leftovers\n|upkeep\n|turn|27\n|inactive|Time left: 300 sec this turn | 300 sec total\n|\n|t:|1783563495\n|move|p1a: Altaria|Roost|p1a: Altaria\n|-heal|p1a: Altaria|100/100\n|move|p2a: Florges|Calm Mind|p2a: Florges\n|-boost|p2a: Florges|spa|1\n|-boost|p2a: Florges|spd|1\n|\n|-heal|p2a: Florges|178/271|[from] item: Leftovers\n|upkeep\n|turn|28\n|inactive|Time left: 300 sec this turn | 300 sec total\n|\n|t:|1783563496\n|move|p1a: Altaria|Haze|p1a: Altaria\n|-clearallboost\n|move|p2a: Florges|Wish|p2a: Florges\n|\n|-heal|p2a: Florges|194/271|[from] item: Leftovers\n|upkeep\n|turn|29\n|inactive|Time left: 300 sec this turn | 300 sec total\n|\n|t:|1783563497\n|move|p1a: Altaria|Brave Bird|p2a: Florges\n|-resisted|p2a: Florges\n|-damage|p2a: Florges|122/271\n|-damage|p1a: Altaria|92/100|[from] Recoil\n|move|p2a: Florges|Calm Mind|p2a: Florges\n|-boost|p2a: Florges|spa|1\n|-boost|p2a: Florges|spd|1\n|\n|-heal|p2a: Florges|257/271|[from] move: Wish|[wisher] Florges\n|-heal|p2a: Florges|271/271|[from] item: Leftovers\n|upkeep\n|turn|30\n|inactive|Time left: 300 sec this turn | 300 sec total\n|\n|t:|1783563498\n|move|p1a: Altaria|Haze|p1a: Altaria\n|-clearallboost\n|move|p2a: Florges|Calm Mind|p2a: Florges\n|-boost|p2a: Florges|spa|1\n|-boost|p2a: Florges|spd|1\n|\n|upkeep\n|turn|31\n|inactive|Time left: 300 sec this turn | 300 sec total\n|\n|t:|1783563499\n|move|p1a: Altaria|Haze|p1a: Altaria\n|-clearallboost\n|move|p2a: Florges|Calm Mind|p2a: Florges\n|-boost|p2a: Florges|spa|1\n|-boost|p2a: Florges|spd|1\n|\n|upkeep\n|turn|32\n|inactive|Time left: 300 sec this turn | 300 sec total\n|\n|t:|1783563500\n|move|p1a: Altaria|Brave Bird|p2a: Florges\n|-resisted|p2a: Florges\n|-damage|p2a: Florges|209/271\n|-damage|p1a: Altaria|85/100|[from] Recoil\n|move|p2a: Florges|Calm Mind|p2a: Florges\n|-boost|p2a: Florges|spa|1\n|-boost|p2a: Florges|spd|1\n|\n|-heal|p2a: Florges|225/271|[from] item: Leftovers\n|upkeep\n|turn|33\n|inactive|Time left: 300 sec this turn | 300 sec total\n|\n|t:|1783563501\n|move|p1a: Altaria|Haze|p1a: Altaria\n|-clearallboost\n|move|p2a: Florges|Moonblast|p1a: Altaria\n|-resisted|p1a: Altaria\n|-damage|p1a: Altaria|68/100\n|\n|-heal|p2a: Florges|241/271|[from] item: Leftovers\n|upkeep\n|turn|34\n|inactive|Time left: 300 sec this turn | 300 sec total\n|\n|t:|1783563502\n|move|p1a: Altaria|Roost|p1a: Altaria\n|-heal|p1a: Altaria|100/100\n|move|p2a: Florges|Wish|p2a: Florges\n|\n|-heal|p2a: Florges|257/271|[from] item: Leftovers\n|upkeep\n|turn|35\n|inactive|Time left: 300 sec this turn | 300 sec total\n|\n|t:|1783563503\n|switch|p2a: Dialga|Dialga-Origin, L73|94/266 par\n|-ability|p2a: Dialga|Pressure\n|move|p1a: Altaria|Brave Bird|p2a: Dialga\n|-resisted|p2a: Dialga\n|-damage|p2a: Dialga|45/266 par\n|-damage|p1a: Altaria|95/100|[from] Recoil\n|\n|-heal|p2a: Dialga|180/266 par|[from] move: Wish|[wisher] Florges\n|upkeep\n|turn|36\n|inactive|Time left: 300 sec this turn | 300 sec total\n|\n|t:|1783563505\n|move|p1a: Altaria|Brave Bird|p2a: Dialga\n|-resisted|p2a: Dialga\n|-damage|p2a: Dialga|132/266 par\n|-damage|p1a: Altaria|89/100|[from] Recoil\n|move|p2a: Dialga|Fire Blast|p1a: Altaria\n|-supereffective|p1a: Altaria\n|-damage|p1a: Altaria|37/100\n|\n|upkeep\n|turn|37\n|inactive|Time left: 300 sec this turn | 300 sec total\n|\n|t:|1783563506\n|move|p1a: Altaria|Roost|p1a: Altaria\n|-heal|p1a: Altaria|87/100\n|cant|p2a: Dialga|par\n|\n|upkeep\n|turn|38\n|inactive|Time left: 300 sec this turn | 300 sec total\n|\n|t:|1783563507\n|move|p1a: Altaria|Brave Bird|p2a: Dialga\n|-resisted|p2a: Dialga\n|-damage|p2a: Dialga|84/266 par\n|-damage|p1a: Altaria|81/100|[from] Recoil\n|move|p2a: Dialga|Fire Blast|p1a: Altaria\n|-supereffective|p1a: Altaria\n|-damage|p1a: Altaria|33/100\n|\n|upkeep\n|turn|39\n|inactive|Time left: 300 sec this turn | 300 sec total\n|\n|t:|1783563508\n|move|p1a: Altaria|Roost|p1a: Altaria\n|-heal|p1a: Altaria|83/100\n|cant|p2a: Dialga|par\n|\n|upkeep\n|turn|40\n|inactive|Time left: 300 sec this turn | 300 sec total\n|\n|t:|1783563509\n|move|p1a: Altaria|Brave Bird|p2a: Dialga\n|-resisted|p2a: Dialga\n|-damage|p2a: Dialga|38/266 par\n|-damage|p1a: Altaria|78/100|[from] Recoil\n|move|p2a: Dialga|Fire Blast|p1a: Altaria\n|-supereffective|p1a: Altaria\n|-damage|p1a: Altaria|28/100\n|\n|upkeep\n|turn|41\n|inactive|Time left: 300 sec this turn | 300 sec total\n|\n|t:|1783563510\n|move|p1a: Altaria|Roost|p1a: Altaria\n|-heal|p1a: Altaria|78/100\n|cant|p2a: Dialga|par\n|\n|upkeep\n|turn|42\n|inactive|Time left: 300 sec this turn | 300 sec total\n|\n|t:|1783563511\n|switch|p2a: Florges|Florges-Orange, L85, F, tera:Steel|257/271\n|move|p1a: Altaria|Roost|p1a: Altaria\n|-heal|p1a: Altaria|100/100\n|\n|-heal|p2a: Florges|271/271|[from] item: Leftovers\n|upkeep\n|turn|43\n|inactive|Time left: 300 sec this turn | 300 sec total\n|\n|t:|1783563512\n|move|p1a: Altaria|Brave Bird|p2a: Florges\n|-resisted|p2a: Florges\n|-damage|p2a: Florges|202/271\n|-damage|p1a: Altaria|92/100|[from] Recoil\n|move|p2a: Florges|Moonblast|p1a: Altaria\n|-resisted|p1a: Altaria\n|-damage|p1a: Altaria|75/100\n|-unboost|p1a: Altaria|spa|1\n|\n|-heal|p2a: Florges|218/271|[from] item: Leftovers\n|upkeep\n|turn|44\n|inactive|Time left: 300 sec this turn | 300 sec total\n|\n|t:|1783563513\n|move|p1a: Altaria|Roost|p1a: Altaria\n|-heal|p1a: Altaria|100/100\n|move|p2a: Florges|Moonblast|p1a: Altaria\n|-resisted|p1a: Altaria\n|-damage|p1a: Altaria|83/100\n|\n|-heal|p2a: Florges|234/271|[from] item: Leftovers\n|upkeep\n|turn|45\n|inactive|Time left: 300 sec this turn | 300 sec total\n|\n|t:|1783563514\n|move|p1a: Altaria|Roost|p1a: Altaria\n|-heal|p1a: Altaria|100/100\n|move|p2a: Florges|Moonblast|p1a: Altaria\n|-resisted|p1a: Altaria\n|-damage|p1a: Altaria|84/100\n|\n|-heal|p2a: Florges|250/271|[from] item: Leftovers\n|upkeep\n|turn|46\n|inactive|Time left: 300 sec this turn | 300 sec total\n|\n|t:|1783563516\n|move|p1a: Altaria|Haze|p1a: Altaria\n|-clearallboost\n|move|p2a: Florges|Moonblast|p1a: Altaria\n|-resisted|p1a: Altaria\n|-damage|p1a: Altaria|67/100\n|-unboost|p1a: Altaria|spa|1\n|\n|-heal|p2a: Florges|266/271|[from] item: Leftovers\n|upkeep\n|turn|47\n|inactive|Time left: 300 sec this turn | 300 sec total\n|\n|t:|1783563517\n|move|p1a: Altaria|Brave Bird|p2a: Florges\n|-resisted|p2a: Florges\n|-damage|p2a: Florges|202/271\n|-damage|p1a: Altaria|59/100|[from] Recoil\n|move|p2a: Florges|Moonblast|p1a: Altaria\n|-resisted|p1a: Altaria\n|-damage|p1a: Altaria|41/100\n|\n|-heal|p2a: Florges|218/271|[from] item: Leftovers\n|upkeep\n|turn|48\n|inactive|Time left: 300 sec this turn | 300 sec total\n|\n|t:|1783563518\n|move|p1a: Altaria|Defog|p2a: Florges\n|-unboost|p2a: Florges|evasion|1\n|-sideend|p1: p0x2096aaff|Stealth Rock|[from] move: Defog|[of] p1a: Altaria\n|move|p2a: Florges|Moonblast|p1a: Altaria\n|-resisted|p1a: Altaria\n|-damage|p1a: Altaria|22/100\n|\n|-heal|p2a: Florges|234/271|[from] item: Leftovers\n|upkeep\n|turn|49\n|inactive|Time left: 300 sec this turn | 300 sec total\n|\n|t:|1783563519\n|switch|p2a: Decidueye|Decidueye-Hisui, L87, M|295/295\n|move|p1a: Altaria|Haze|p1a: Altaria\n|-clearallboost\n|\n|upkeep\n|turn|50\n|inactive|Time left: 300 sec this turn | 300 sec total\n|\n|t:|1783563520\n|move|p1a: Altaria|Haze|p1a: Altaria\n|-clearallboost\n|move|p2a: Decidueye|Triple Arrows|p1a: Altaria\n|-supereffective|p1a: Altaria\n|-crit|p1a: Altaria\n|-damage|p1a: Altaria|0 fnt\n|faint|p1a: Altaria\n|\n|win|p0y20969929", "uploadtime": 1783563520, "views": 0, "rating": 0, "private": 0, "password": null, "_winner": "p0y20969929", "_our_name": "p0y20969929"}