{"id": "battle-gen9randombattle-944", "formatid": "gen9randombattle", "format": "[Gen 9] Random Battle", "players": ["p0x9440d65", "p0y94438fc"], "log": "|init|battle\n|title|p0x9440d65 vs. p0y94438fc\n|j|\u2606p0x9440d65\n|j|\u2606p0y94438fc\n|t:|1783550825\n|gametype|singles\n|player|p1|p0x9440d65|265|\n|player|p2|p0y94438fc|265|\n|gen|9\n|tier|[Gen 9] Random Battle\n|rule|Species Clause: Limit one of each Pok\u00e9mon\n|rule|HP Percentage Mod: HP is shown in percentages\n|rule|Sleep Clause Mod: Limit one foe put to sleep\n|rule|Illusion Level Mod: Illusion disguises the Pok\u00e9mon's true level\n|\n|t:|1783550825\n|teamsize|p1|6\n|teamsize|p2|6\n|start\n|switch|p1a: Fezandipiti|Fezandipiti, L82, M|278/278\n|switch|p2a: Tauros|Tauros, L82, M|100/100\n|turn|1\n|inactive|Battle timer is ON: inactive players will automatically lose when time's up. (requested by p0y94438fc)\n|inactive|Time left: 300 sec this turn | 300 sec total | 60 sec grace\n|\n|t:|1783550826\n|move|p2a: Tauros|Zen Headbutt|p1a: Fezandipiti\n|-supereffective|p1a: Fezandipiti\n|-damage|p1a: Fezandipiti|83/278\n|move|p1a: Fezandipiti|Gunk Shot|p2a: Tauros\n|-damage|p2a: Tauros|55/100\n|-status|p2a: Tauros|psn\n|\n|-heal|p1a: Fezandipiti|100/278|[from] item: Leftovers\n|-damage|p2a: Tauros|42/100 psn|[from] psn\n|upkeep\n|turn|2\n|inactive|Time left: 300 sec this turn | 300 sec total\n|inactive|p0x9440d65 also wants the timer to be on.\n|\n|t:|1783550827\n|switch|p1a: Arceus|Arceus-Bug, L73|295/295\n|move|p2a: Tauros|Body Slam|p1a: Arceus\n|-damage|p1a: Arceus|173/295\n|\n|-damage|p2a: Tauros|30/100 psn|[from] psn\n|upkeep\n|turn|3\n|inactive|Time left: 300 sec this turn | 300 sec total\n|\n|t:|1783550828\n|move|p2a: Tauros|Body Slam|p1a: Arceus\n|-crit|p1a: Arceus\n|-damage|p1a: Arceus|0 fnt\n|faint|p1a: Arceus\n|\n|-damage|p2a: Tauros|17/100 psn|[from] psn\n|upkeep\n|inactive|Time left: 300 sec this turn | 300 sec total | 5 sec grace\n|\n|t:|1783550829\n|switch|p1a: Leavanny|Leavanny, L86, M|269/269\n|turn|4\n|inactive|Time left: 300 sec this turn | 300 sec total\n|\n|t:|1783550830\n|move|p2a: Tauros|Body Slam|p1a: Leavanny\n|-damage|p1a: Leavanny|104/269\n|move|p1a: Leavanny|Sticky Web|p2a: Tauros\n|-sidestart|p2: p0y94438fc|move: Sticky Web\n|\n|-damage|p2a: Tauros|5/100 psn|[from] psn\n|upkeep\n|turn|5\n|inactive|Time left: 300 sec this turn | 300 sec total\n|\n|t:|1783550831\n|switch|p1a: Mimikyu|Mimikyu, L79, F|216/216\n|move|p2a: Tauros|Body Slam|p1a: Mimikyu\n|-immune|p1a: Mimikyu\n|\n|-damage|p2a: Tauros|0 fnt|[from] psn\n|faint|p2a: Tauros\n|upkeep\n|\n|t:|1783550832\n|switch|p2a: Incineroar|Incineroar, L82, F|100/100\n|-ability|p2a: Incineroar|Intimidate|boost\n|-unboost|p1a: Mimikyu|atk|1\n|turn|6\n|inactive|Time left: 300 sec this turn | 300 sec total\n|\n|t:|1783550833\n|move|p1a: Mimikyu|Swords Dance|p1a: Mimikyu\n|-boost|p1a: Mimikyu|atk|2\n|move|p2a: Incineroar|Knock Off|p1a: Mimikyu\n|-activate|p1a: Mimikyu|ability: Disguise\n|-damage|p1a: Mimikyu|216/216\n|-enditem|p1a: Mimikyu|Life Orb|[from] move: Knock Off|[of] p2a: Incineroar\n|detailschange|p1a: Mimikyu|Mimikyu-Busted, L79, F\n|-damage|p1a: Mimikyu|189/216|[from] pokemon: Mimikyu-Busted\n|\n|upkeep\n|turn|7\n|inactive|Time left: 300 sec this turn | 300 sec total\n|\n|t:|1783550834\n|move|p1a: Mimikyu|Play Rough|p2a: Incineroar\n|-damage|p2a: Incineroar|57/100\n|move|p2a: Incineroar|Flare Blitz|p1a: Mimikyu\n|-damage|p1a: Mimikyu|29/216\n|-damage|p2a: Incineroar|39/100|[from] Recoil\n|\n|upkeep\n|turn|8\n|inactive|Time left: 300 sec this turn | 300 sec total\n|\n|t:|1783550835\n|move|p1a: Mimikyu|Play Rough|p2a: Incineroar\n|-crit|p2a: Incineroar\n|-damage|p2a: Incineroar|0 fnt\n|faint|p2a: Incineroar\n|\n|upkeep\n|\n|t:|1783550836\n|switch|p2a: Bombirdier|Bombirdier, L85, F|100/100\n|turn|9\n|inactive|Time left: 300 sec this turn | 300 sec total\n|\n|t:|1783550837\n|move|p2a: Bombirdier|Sucker Punch|p1a: Mimikyu\n|-damage|p1a: Mimikyu|0 fnt\n|faint|p1a: Mimikyu\n|\n|upkeep\n|inactive|Time left: 300 sec this turn | 300 sec total | 5 sec grace\n|\n|t:|1783550838\n|switch|p1a: Fezandipiti|Fezandipiti, L82, M|100/278\n|turn|10\n|inactive|Time left: 300 sec this turn | 300 sec total\n|\n|t:|1783550839\n|switch|p2a: Zangoose|Zangoose, L85, F|100/100\n|-activate|p2a: Zangoose|move: Sticky Web\n|-unboost|p2a: Zangoose|spe|1\n|move|p1a: Fezandipiti|Roost|p1a: Fezandipiti\n|-heal|p1a: Fezandipiti|239/278\n|-singleturn|p1a: Fezandipiti|move: Roost\n|\n|-heal|p1a: Fezandipiti|256/278|[from] item: Leftovers\n|-status|p2a: Zangoose|tox|[from] item: Toxic Orb\n|upkeep\n|turn|11\n|inactive|Time left: 300 sec this turn | 300 sec total\n|\n|t:|1783550841\n|move|p1a: Fezandipiti|U-turn|p2a: Zangoose\n|-damage|p2a: Zangoose|77/100 tox\n|inactive|Time left: 300 sec this turn | 300 sec total | 5 sec grace\n|\n|t:|1783550842\n|switch|p1a: Leavanny|Leavanny, L86, M|104/269|[from] U-turn\n|move|p2a: Zangoose|Facade|p1a: Leavanny\n|-damage|p1a: Leavanny|0 fnt\n|faint|p1a: Leavanny\n|\n|-damage|p2a: Zangoose|71/100 tox|[from] psn\n|upkeep\n|inactive|Time left: 300 sec this turn | 300 sec total | 10 sec grace\n|\n|t:|1783550843\n|switch|p1a: Mienshao|Mienshao, L83, M|244/244\n|turn|12\n|inactive|Time left: 300 sec this turn | 300 sec total\n|\n|t:|1783550844\n|move|p1a: Mienshao|Close Combat|p2a: Zangoose\n|-supereffective|p2a: Zangoose\n|-damage|p2a: Zangoose|0 fnt\n|-unboost|p1a: Mienshao|def|1\n|-unboost|p1a: Mienshao|spd|1\n|faint|p2a: Zangoose\n|-damage|p1a: Mienshao|220/244|[from] item: Life Orb\n|\n|upkeep\n|\n|t:|1783550845\n|switch|p2a: Toxicroak|Toxicroak, L84, F|100/100\n|-activate|p2a: Toxicroak|move: Sticky Web\n|-unboost|p2a: Toxicroak|spe|1\n|turn|13\n|inactive|Time left: 300 sec this turn | 300 sec total\n|\n|t:|1783550846\n|switch|p1a: Fezandipiti|Fezandipiti, L82, M|256/278\n|move|p2a: Toxicroak|Gunk Shot|p1a: Fezandipiti\n|-damage|p1a: Fezandipiti|53/278\n|-damage|p2a: Toxicroak|91/100|[from] item: Life Orb\n|\n|-heal|p1a: Fezandipiti|70/278|[from] item: Leftovers\n|upkeep\n|turn|14\n|inactive|Time left: 300 sec this turn | 300 sec total\n|\n|t:|1783550847\n|move|p1a: Fezandipiti|Moonblast|p2a: Toxicroak\n|-damage|p2a: Toxicroak|58/100\n|move|p2a: Toxicroak|Gunk Shot|p1a: Fezandipiti|[miss]\n|-miss|p2a: Toxicroak|p1a: Fezandipiti\n|\n|-heal|p1a: Fezandipiti|87/278|[from] item: Leftovers\n|upkeep\n|turn|15\n|inactive|Time left: 300 sec this turn | 300 sec total\n|\n|t:|1783550848\n|move|p1a: Fezandipiti|Roost|p1a: Fezandipiti\n|-heal|p1a: Fezandipiti|226/278\n|-singleturn|p1a: Fezandipiti|move: Roost\n|move|p2a: Toxicroak|Gunk Shot|p1a: Fezandipiti\n|-damage|p1a: Fezandipiti|38/278\n|-damage|p2a: Toxicroak|48/100|[from] item: Life Orb\n|\n|-heal|p1a: Fezandipiti|55/278|[from] item: Leftovers\n|upkeep\n|turn|16\n|inactive|Time left: 300 sec this turn | 300 sec total\n|\n|t:|1783550849\n|move|p1a: Fezandipiti|Roost|p1a: Fezandipiti\n|-heal|p1a: Fezandipiti|194/278\n|-singleturn|p1a: Fezandipiti|move: Roost\n|move|p2a: Toxicroak|Gunk Shot|p1a: Fezandipiti\n|-damage|p1a: Fezandipiti|0 fnt\n|faint|p1a: Fezandipiti\n|-damage|p2a: Toxicroak|38/100|[from] item: Life Orb\n|\n|upkeep\n|inactive|Time left: 300 sec this turn | 300 sec total | 5 sec grace\n|\n|t:|1783550850\n|switch|p1a: Walking Wake|Walking Wake, L79|286/286\n|turn|17\n|inactive|Time left: 300 sec this turn | 300 sec total\n|\n|t:|1783550851\n|move|p2a: Toxicroak|Sucker Punch|p1a: Walking Wake\n|-damage|p1a: Walking Wake|217/286\n|-damage|p2a: Toxicroak|29/100|[from] item: Life Orb\n|move|p1a: Walking Wake|Flamethrower|p2a: Toxicroak\n|-damage|p2a: Toxicroak|0 fnt\n|faint|p2a: Toxicroak\n|-damage|p1a: Walking Wake|189/286|[from] item: Life Orb\n|\n|upkeep\n|\n|t:|1783550852\n|switch|p2a: Bombirdier|Bombirdier, L85, F|100/100\n|turn|18\n|inactive|Time left: 300 sec this turn | 300 sec total\n|\n|t:|1783550852\n|move|p1a: Walking Wake|Draco Meteor|p2a: Bombirdier\n|-damage|p2a: Bombirdier|25/100\n|-unboost|p1a: Walking Wake|spa|2\n|-damage|p1a: Walking Wake|161/286|[from] item: Life Orb\n|move|p2a: Bombirdier|Brave Bird|p1a: Walking Wake\n|-damage|p1a: Walking Wake|0 fnt\n|faint|p1a: Walking Wake\n|-end|p1a: Walking Wake|Protosynthesis|[silent]\n|-damage|p2a: Bombirdier|4/100|[from] Recoil\n|\n|upkeep\n|inactive|Time left: 300 sec this turn | 300 sec total | 5 sec grace\n|\n|t:|1783550853\n|switch|p1a: Mienshao|Mienshao, L83, M|244/244\n|turn|19\n|inactive|Time left: 300 sec this turn | 300 sec total\n|\n|t:|1783550854\n|-terastallize|p1a: Mienshao|Poison\n|move|p1a: Mienshao|Poison Jab|p2a: Bombirdier\n|-damage|p2a: Bombirdier|0 fnt\n|faint|p2a: Bombirdier\n|-damage|p1a: Mienshao|220/244|[from] item: Life Orb\n|\n|upkeep\n|\n|t:|1783550855\n|switch|p2a: Whimsicott|Whimsicott, L84, M|100/100\n|-activate|p2a: Whimsicott|move: Sticky Web\n|-unboost|p2a: Whimsicott|spe|1\n|turn|20\n|inactive|Time left: 300 sec this turn | 300 sec total\n|\n|t:|1783550856\n|-terastallize|p2a: Whimsicott|Steel\n|move|p2a: Whimsicott|Encore|p1a: Mienshao\n|-start|p1a: Mienshao|Encore\n|move|p1a: Mienshao|Poison Jab|p2a: Whimsicott\n|-immune|p2a: Whimsicott\n|\n|upkeep\n|turn|21\n|inactive|Time left: 300 sec this turn | 300 sec total\n|\n|t:|1783550857\n|move|p2a: Whimsicott|Leech Seed|p1a: Mienshao|[miss]\n|-miss|p2a: Whimsicott|p1a: Mienshao\n|move|p1a: Mienshao|Poison Jab|p2a: Whimsicott\n|-immune|p2a: Whimsicott\n|\n|upkeep\n|turn|22\n|inactive|Time left: 300 sec this turn | 300 sec total\n|\n|t:|1783550858\n|move|p2a: Whimsicott|Leech Seed|p1a: Mienshao\n|-start|p1a: Mienshao|move: Leech Seed\n|move|p1a: Mienshao|Poison Jab|p2a: Whimsicott\n|-immune|p2a: Whimsicott\n|\n|-damage|p1a: Mienshao|190/244|[from] Leech Seed|[of] p2a: Whimsicott\n|-end|p1a: Mienshao|Encore\n|upkeep\n|turn|23\n|inactive|Time left: 300 sec this turn | 300 sec total\n|\n|t:|1783550859\n|move|p2a: Whimsicott|Encore|p1a: Mienshao\n|-start|p1a: Mienshao|Encore\n|move|p1a: Mienshao|Poison Jab|p2a: Whimsicott\n|-immune|p2a: Whimsicott\n|\n|-damage|p1a: Mienshao|160/244|[from] Leech Seed|[of] p2a: Whimsicott\n|upkeep\n|turn|24\n|inactive|Time left: 300 sec this turn | 300 sec total\n|\n|t:|1783550860\n|move|p1a: Mienshao|Poison Jab|p2a: Whimsicott\n|-immune|p2a: Whimsicott\n|move|p2a: Whimsicott|Moonblast|p1a: Mienshao\n|-resisted|p1a: Mienshao\n|-damage|p1a: Mienshao|105/244\n|\n|-damage|p1a: Mienshao|75/244|[from] Leech Seed|[of] p2a: Whimsicott\n|upkeep\n|turn|25\n|inactive|Time left: 300 sec this turn | 300 sec total\n|\n|t:|1783550861\n|move|p1a: Mienshao|Poison Jab|p2a: Whimsicott\n|-immune|p2a: Whimsicott\n|move|p2a: Whimsicott|Moonblast|p1a: Mienshao\n|-resisted|p1a: Mienshao\n|-damage|p1a: Mienshao|22/244\n|\n|-damage|p1a: Mienshao|0 fnt|[from] Leech Seed|[of] p2a: Whimsicott\n|faint|p1a: Mienshao\n|\n|win|p0y94438fc", "uploadtime": 1783550861, "views": 0, "rating": 0, "private": 0, "password": null, "_winner": "p0y94438fc", "_our_name": "p0x9440d65"}