{"id": "battle-gen9randombattle-18", "formatid": "gen9randombattle", "format": "[Gen 9] Random Battle", "players": ["p0x0184317", "p0y0180ccb"], "log": "|init|battle\n|title|p0x0184317 vs. p0y0180ccb\n|j|\u2606p0x0184317\n|j|\u2606p0y0180ccb\n|t:|1783539632\n|gametype|singles\n|player|p1|p0x0184317|265|\n|player|p2|p0y0180ccb|266|\n|gen|9\n|tier|[Gen 9] Random Battle\n|rule|Species Clause: Limit one of each Pok\u00e9mon\n|rule|HP Percentage Mod: HP is shown in percentages\n|rule|Sleep Clause Mod: Limit one foe put to sleep\n|rule|Illusion Level Mod: Illusion disguises the Pok\u00e9mon's true level\n|\n|t:|1783539632\n|teamsize|p1|6\n|teamsize|p2|6\n|start\n|switch|p1a: Mamoswine|Mamoswine, L81, M|311/311\n|switch|p2a: Smeargle|Smeargle, L95, F|100/100\n|turn|1\n|inactive|Battle timer is ON: inactive players will automatically lose when time's up. (requested by p0y0180ccb)\n|inactive|Time left: 300 sec this turn | 300 sec total | 60 sec grace\n|inactive|p0x0184317 also wants the timer to be on.\n|\n|t:|1783539634\n|switch|p1a: Hatterene|Hatterene, L85, F|236/236\n|move|p2a: Smeargle|Spore|p1a: Hatterene\n|move|p1a: Hatterene|Spore|p2a: Smeargle|[from] ability: Magic Bounce\n|-status|p2a: Smeargle|slp|[from] move: Spore\n|\n|upkeep\n|turn|2\n|inactive|Time left: 300 sec this turn | 300 sec total\n|\n|t:|1783539635\n|switch|p2a: Drednaw|Drednaw, L81, M|100/100\n|move|p1a: Hatterene|Psychic|p2a: Drednaw\n|-damage|p2a: Drednaw|43/100\n|-unboost|p2a: Drednaw|spd|1\n|-enditem|p2a: Drednaw|White Herb\n|-clearnegativeboost|p2a: Drednaw|[silent]\n|\n|upkeep\n|turn|3\n|inactive|Time left: 300 sec this turn | 300 sec total\n|\n|t:|1783539636\n|switch|p2a: Mudsdale|Mudsdale, L83, F|100/100\n|move|p1a: Hatterene|Psychic|p2a: Mudsdale\n|-damage|p2a: Mudsdale|59/100\n|-ability|p2a: Mudsdale|Stamina|boost\n|-boost|p2a: Mudsdale|def|1\n|\n|-heal|p2a: Mudsdale|65/100|[from] item: Leftovers\n|upkeep\n|turn|4\n|inactive|Time left: 300 sec this turn | 300 sec total\n|\n|t:|1783539637\n|switch|p1a: Slaking|Slaking, L84, M|389/389\n|move|p2a: Mudsdale|Heavy Slam|p1a: Slaking\n|-damage|p1a: Slaking|292/389\n|\n|-heal|p2a: Mudsdale|71/100|[from] item: Leftovers\n|upkeep\n|turn|5\n|inactive|Time left: 300 sec this turn | 300 sec total\n|\n|t:|1783539638\n|move|p1a: Slaking|Giga Impact|p2a: Mudsdale\n|-damage|p2a: Mudsdale|5/100\n|-mustrecharge|p1a: Slaking\n|-ability|p2a: Mudsdale|Stamina|boost\n|-boost|p2a: Mudsdale|def|1\n|move|p2a: Mudsdale|Stealth Rock|p1a: Slaking\n|-sidestart|p1: p0x0184317|move: Stealth Rock\n|\n|-heal|p2a: Mudsdale|11/100|[from] item: Leftovers\n|upkeep\n|turn|6\n|inactive|Time left: 300 sec this turn | 300 sec total\n|\n|t:|1783539639\n|cant|p1a: Slaking|recharge\n|move|p2a: Mudsdale|Roar|p1a: Slaking\n|drag|p1a: Mamoswine|Mamoswine, L81, M|311/311\n|-damage|p1a: Mamoswine|273/311|[from] Stealth Rock\n|\n|-heal|p2a: Mudsdale|17/100|[from] item: Leftovers\n|upkeep\n|turn|7\n|inactive|Time left: 300 sec this turn | 300 sec total\n|\n|t:|1783539641\n|move|p1a: Mamoswine|Earthquake|p2a: Mudsdale\n|-damage|p2a: Mudsdale|0 fnt\n|faint|p2a: Mudsdale\n|-damage|p1a: Mamoswine|242/311|[from] item: Life Orb\n|\n|upkeep\n|\n|t:|1783539642\n|switch|p2a: Stonjourner|Stonjourner, L91, M|100/100\n|turn|8\n|inactive|Time left: 300 sec this turn | 300 sec total\n|\n|t:|1783539643\n|-terastallize|p1a: Mamoswine|Ground\n|move|p2a: Stonjourner|Stone Edge|p1a: Mamoswine\n|-resisted|p1a: Mamoswine\n|-crit|p1a: Mamoswine\n|-damage|p1a: Mamoswine|82/311\n|-damage|p2a: Stonjourner|90/100|[from] item: Life Orb\n|move|p1a: Mamoswine|Earthquake|p2a: Stonjourner\n|-supereffective|p2a: Stonjourner\n|-damage|p2a: Stonjourner|5/100\n|-damage|p1a: Mamoswine|51/311|[from] item: Life Orb\n|\n|upkeep\n|turn|9\n|inactive|Time left: 300 sec this turn | 300 sec total\n|\n|t:|1783539644\n|move|p1a: Mamoswine|Ice Shard|p2a: Stonjourner\n|-damage|p2a: Stonjourner|0 fnt\n|faint|p2a: Stonjourner\n|-damage|p1a: Mamoswine|20/311|[from] item: Life Orb\n|\n|upkeep\n|\n|t:|1783539645\n|switch|p2a: Espeon|Espeon, L84, F|100/100\n|turn|10\n|inactive|Time left: 300 sec this turn | 300 sec total\n|\n|t:|1783539646\n|move|p2a: Espeon|Psyshock|p1a: Mamoswine\n|-damage|p1a: Mamoswine|0 fnt\n|faint|p1a: Mamoswine\n|-damage|p2a: Espeon|91/100|[from] item: Life Orb\n|\n|upkeep\n|inactive|Time left: 300 sec this turn | 300 sec total | 5 sec grace\n|\n|t:|1783539647\n|switch|p1a: Slaking|Slaking, L84, M|292/389\n|-damage|p1a: Slaking|244/389|[from] Stealth Rock\n|turn|11\n|inactive|Time left: 300 sec this turn | 300 sec total\n|\n|t:|1783539648\n|switch|p2a: Drednaw|Drednaw, L81, M|43/100\n|move|p1a: Slaking|Giga Impact|p2a: Drednaw\n|-resisted|p2a: Drednaw\n|-damage|p2a: Drednaw|0 fnt\n|-mustrecharge|p1a: Slaking\n|faint|p2a: Drednaw\n|\n|upkeep\n|\n|t:|1783539649\n|switch|p2a: Zebstrika|Zebstrika, L87, M|100/100\n|turn|12\n|inactive|Time left: 300 sec this turn | 300 sec total\n|\n|t:|1783539650\n|move|p2a: Zebstrika|Supercell Slam|p1a: Slaking\n|-damage|p1a: Slaking|102/389\n|-damage|p2a: Zebstrika|91/100|[from] item: Life Orb\n|cant|p1a: Slaking|recharge\n|\n|upkeep\n|turn|13\n|inactive|Time left: 300 sec this turn | 300 sec total\n|\n|t:|1783539651\n|switch|p1a: Greedent|Greedent, L86, M|347/347\n|-damage|p1a: Greedent|304/347|[from] Stealth Rock\n|move|p2a: Zebstrika|Supercell Slam|p1a: Greedent\n|-damage|p1a: Greedent|164/347\n|-enditem|p1a: Greedent|Sitrus Berry|[eat]\n|-heal|p1a: Greedent|250/347|[from] item: Sitrus Berry\n|-heal|p1a: Greedent|347/347|[from] ability: Cheek Pouch\n|-damage|p2a: Zebstrika|81/100|[from] item: Life Orb\n|\n|upkeep\n|turn|14\n|inactive|Time left: 300 sec this turn | 300 sec total\n|\n|t:|1783539653\n|move|p2a: Zebstrika|Supercell Slam|p1a: Greedent\n|-damage|p1a: Greedent|205/347\n|-damage|p2a: Zebstrika|71/100|[from] item: Life Orb\n|move|p1a: Greedent|Swords Dance|p1a: Greedent\n|-boost|p1a: Greedent|atk|2\n|\n|upkeep\n|turn|15\n|inactive|Time left: 300 sec this turn | 300 sec total\n|\n|t:|1783539654\n|move|p2a: Zebstrika|Supercell Slam|p1a: Greedent\n|-damage|p1a: Greedent|63/347\n|-damage|p2a: Zebstrika|61/100|[from] item: Life Orb\n|move|p1a: Greedent|Knock Off|p2a: Zebstrika\n|-damage|p2a: Zebstrika|0 fnt\n|-enditem|p2a: Zebstrika|Life Orb|[from] move: Knock Off|[of] p1a: Greedent\n|faint|p2a: Zebstrika\n|\n|upkeep\n|\n|t:|1783539655\n|switch|p2a: Espeon|Espeon, L84, F|91/100\n|turn|16\n|inactive|Time left: 300 sec this turn | 300 sec total\n|\n|t:|1783539656\n|move|p2a: Espeon|Psyshock|p1a: Greedent\n|-damage|p1a: Greedent|0 fnt\n|faint|p1a: Greedent\n|-damage|p2a: Espeon|81/100|[from] item: Life Orb\n|\n|upkeep\n|inactive|Time left: 300 sec this turn | 300 sec total | 5 sec grace\n|\n|t:|1783539657\n|switch|p1a: Kleavor|Kleavor, L78, F|237/237\n|turn|17\n|inactive|Time left: 300 sec this turn | 300 sec total\n|\n|t:|1783539658\n|switch|p2a: Smeargle|Smeargle, L95, F|100/100 slp\n|move|p1a: Kleavor|Stone Axe|p2a: Smeargle\n|-damage|p2a: Smeargle|31/100 slp\n|-sidestart|p2: p0y0180ccb|move: Stealth Rock\n|\n|upkeep\n|turn|18\n|inactive|Time left: 300 sec this turn | 300 sec total\n|\n|t:|1783539659\n|-terastallize|p2a: Smeargle|Normal\n|cant|p2a: Smeargle|slp\n|move|p1a: Kleavor|X-Scissor|p2a: Smeargle\n|-damage|p2a: Smeargle|0 fnt\n|faint|p2a: Smeargle\n|\n|upkeep\n|\n|t:|1783539660\n|switch|p2a: Espeon|Espeon, L84, F|81/100\n|-damage|p2a: Espeon|69/100|[from] Stealth Rock\n|turn|19\n|inactive|Time left: 300 sec this turn | 300 sec total\n|\n|t:|1783539661\n|move|p2a: Espeon|Calm Mind|p2a: Espeon\n|-boost|p2a: Espeon|spa|1\n|-boost|p2a: Espeon|spd|1\n|move|p1a: Kleavor|X-Scissor|p2a: Espeon\n|-supereffective|p2a: Espeon\n|-damage|p2a: Espeon|0 fnt\n|faint|p2a: Espeon\n|\n|win|p0x0184317", "uploadtime": 1783539661, "views": 0, "rating": 0, "private": 0, "password": null, "_winner": "p0x0184317", "_our_name": "p0x0184317"}