{"id": "battle-gen9randombattle-1970", "formatid": "gen9randombattle", "format": "[Gen 9] Random Battle", "players": ["p0x19700633", "p0y1970556a"], "log": "|init|battle\n|title|p0x19700633 vs. p0y1970556a\n|j|\u2606p0x19700633\n|j|\u2606p0y1970556a\n|t:|1783562075\n|gametype|singles\n|player|p1|p0x19700633|170|\n|player|p2|p0y1970556a|265|\n|gen|9\n|tier|[Gen 9] Random Battle\n|rule|Species Clause: Limit one of each Pok\u00e9mon\n|rule|HP Percentage Mod: HP is shown in percentages\n|rule|Sleep Clause Mod: Limit one foe put to sleep\n|rule|Illusion Level Mod: Illusion disguises the Pok\u00e9mon's true level\n|\n|t:|1783562075\n|teamsize|p1|6\n|teamsize|p2|6\n|start\n|switch|p1a: Manaphy|Manaphy, L78|100/100\n|switch|p2a: Vivillon|Vivillon-High Plains, L83, F|268/268\n|turn|1\n|inactive|Battle timer is ON: inactive players will automatically lose when time's up. (requested by p0x19700633)\n|inactive|Time left: 300 sec this turn | 300 sec total | 60 sec grace\n|inactive|p0y1970556a also wants the timer to be on.\n|\n|t:|1783562076\n|move|p1a: Manaphy|Tail Glow|p1a: Manaphy\n|-boost|p1a: Manaphy|spa|3\n|move|p2a: Vivillon|Quiver Dance|p2a: Vivillon\n|-boost|p2a: Vivillon|spa|1\n|-boost|p2a: Vivillon|spd|1\n|-boost|p2a: Vivillon|spe|1\n|\n|upkeep\n|turn|2\n|inactive|Time left: 300 sec this turn | 300 sec total\n|\n|t:|1783562077\n|move|p2a: Vivillon|Sleep Powder|p1a: Manaphy\n|-status|p1a: Manaphy|slp|[from] move: Sleep Powder\n|cant|p1a: Manaphy|slp\n|\n|upkeep\n|turn|3\n|inactive|Time left: 300 sec this turn | 300 sec total\n|\n|t:|1783562078\n|move|p2a: Vivillon|Hurricane|p1a: Manaphy\n|-damage|p1a: Manaphy|41/100 slp\n|-curestatus|p1a: Manaphy|slp|[msg]\n|move|p1a: Manaphy|Ice Beam|p2a: Vivillon\n|-supereffective|p2a: Vivillon\n|-damage|p2a: Vivillon|0 fnt\n|faint|p2a: Vivillon\n|\n|-heal|p1a: Manaphy|47/100|[from] item: Leftovers\n|upkeep\n|inactive|Time left: 300 sec this turn | 300 sec total | 5 sec grace\n|\n|t:|1783562079\n|switch|p2a: Araquanid|Araquanid, L82, F|246/246\n|turn|4\n|inactive|Time left: 300 sec this turn | 300 sec total\n|\n|t:|1783562080\n|move|p1a: Manaphy|Tail Glow|p1a: Manaphy\n|-boost|p1a: Manaphy|spa|3\n|move|p2a: Araquanid|Sticky Web|p1a: Manaphy\n|-sidestart|p1: p0x19700633|move: Sticky Web\n|\n|-heal|p1a: Manaphy|53/100|[from] item: Leftovers\n|upkeep\n|turn|5\n|inactive|Time left: 300 sec this turn | 300 sec total\n|\n|t:|1783562081\n|move|p1a: Manaphy|Surf|p2a: Araquanid\n|-resisted|p2a: Araquanid\n|-damage|p2a: Araquanid|111/246\n|move|p2a: Araquanid|Mirror Coat|p1a: Manaphy\n|-damage|p1a: Manaphy|0 fnt\n|faint|p1a: Manaphy\n|\n|upkeep\n|\n|t:|1783562082\n|switch|p1a: Masquerain|Masquerain, L87, F|100/100\n|-ability|p1a: Masquerain|Intimidate|boost\n|-unboost|p2a: Araquanid|atk|1\n|turn|6\n|inactive|Time left: 300 sec this turn | 300 sec total\n|\n|t:|1783562084\n|switch|p2a: Carbink|Carbink, L90|236/236\n|move|p1a: Masquerain|Quiver Dance|p1a: Masquerain\n|-boost|p1a: Masquerain|spa|1\n|-boost|p1a: Masquerain|spd|1\n|-boost|p1a: Masquerain|spe|1\n|\n|upkeep\n|turn|7\n|inactive|Time left: 300 sec this turn | 300 sec total\n|\n|t:|1783562085\n|move|p1a: Masquerain|Quiver Dance|p1a: Masquerain\n|-boost|p1a: Masquerain|spa|1\n|-boost|p1a: Masquerain|spd|1\n|-boost|p1a: Masquerain|spe|1\n|move|p2a: Carbink|Rock Polish|p2a: Carbink\n|-boost|p2a: Carbink|spe|2\n|\n|upkeep\n|turn|8\n|inactive|Time left: 300 sec this turn | 300 sec total\n|\n|t:|1783562086\n|move|p1a: Masquerain|Hydro Pump|p2a: Carbink\n|-supereffective|p2a: Carbink\n|-damage|p2a: Carbink|26/236\n|move|p2a: Carbink|Iron Defense|p2a: Carbink\n|-boost|p2a: Carbink|def|2\n|\n|-heal|p2a: Carbink|40/236|[from] item: Leftovers\n|upkeep\n|turn|9\n|inactive|Time left: 300 sec this turn | 300 sec total\n|\n|t:|1783562087\n|move|p1a: Masquerain|Bug Buzz|p2a: Carbink\n|-resisted|p2a: Carbink\n|-damage|p2a: Carbink|0 fnt\n|faint|p2a: Carbink\n|\n|upkeep\n|inactive|Time left: 300 sec this turn | 300 sec total | 5 sec grace\n|\n|t:|1783562088\n|switch|p2a: Noctowl|Noctowl, L95, F|344/344\n|turn|10\n|inactive|Time left: 300 sec this turn | 300 sec total\n|\n|t:|1783562089\n|move|p1a: Masquerain|Hurricane|p2a: Noctowl\n|-damage|p2a: Noctowl|133/344\n|-start|p2a: Noctowl|confusion\n|-activate|p2a: Noctowl|confusion\n|move|p2a: Noctowl|Hurricane|p1a: Masquerain|[miss]\n|-miss|p2a: Noctowl|p1a: Masquerain\n|\n|upkeep\n|turn|11\n|inactive|Time left: 300 sec this turn | 300 sec total\n|\n|t:|1783562090\n|move|p1a: Masquerain|Hydro Pump|p2a: Noctowl\n|-crit|p2a: Noctowl\n|-damage|p2a: Noctowl|0 fnt\n|faint|p2a: Noctowl\n|\n|upkeep\n|inactive|Time left: 300 sec this turn | 300 sec total | 5 sec grace\n|\n|t:|1783562091\n|switch|p2a: Araquanid|Araquanid, L82, F|111/246\n|turn|12\n|inactive|Time left: 300 sec this turn | 300 sec total\n|\n|t:|1783562092\n|-terastallize|p2a: Araquanid|Steel\n|move|p1a: Masquerain|Bug Buzz|p2a: Araquanid\n|-resisted|p2a: Araquanid\n|-damage|p2a: Araquanid|30/246\n|move|p2a: Araquanid|Liquidation|p1a: Masquerain\n|-damage|p1a: Masquerain|41/100\n|\n|upkeep\n|turn|13\n|inactive|Time left: 300 sec this turn | 300 sec total\n|\n|t:|1783562093\n|move|p1a: Masquerain|Bug Buzz|p2a: Araquanid\n|-resisted|p2a: Araquanid\n|-damage|p2a: Araquanid|0 fnt\n|faint|p2a: Araquanid\n|\n|upkeep\n|inactive|Time left: 300 sec this turn | 300 sec total | 5 sec grace\n|\n|t:|1783562094\n|switch|p2a: Darkrai|Darkrai, L77|234/234\n|turn|14\n|inactive|Time left: 300 sec this turn | 300 sec total\n|\n|t:|1783562095\n|move|p1a: Masquerain|Bug Buzz|p2a: Darkrai\n|-supereffective|p2a: Darkrai\n|-damage|p2a: Darkrai|0 fnt\n|faint|p2a: Darkrai\n|\n|upkeep\n|inactive|Time left: 300 sec this turn | 300 sec total | 5 sec grace\n|\n|t:|1783562096\n|switch|p2a: Mesprit|Mesprit, L85|275/275\n|turn|15\n|inactive|Time left: 300 sec this turn | 300 sec total\n|\n|t:|1783562097\n|move|p1a: Masquerain|Bug Buzz|p2a: Mesprit\n|-supereffective|p2a: Mesprit\n|-damage|p2a: Mesprit|0 fnt\n|faint|p2a: Mesprit\n|\n|win|p0x19700633", "uploadtime": 1783562097, "views": 0, "rating": 0, "private": 0, "password": null, "_winner": "p0x19700633", "_our_name": "p0y1970556a"}