{"id": "battle-gen9randombattle-196", "formatid": "gen9randombattle", "format": "[Gen 9] Random Battle", "players": ["p0x196ad6c", "p0y1968f91"], "log": "|init|battle\n|title|p0x196ad6c vs. p0y1968f91\n|j|\u2606p0x196ad6c\n|j|\u2606p0y1968f91\n|t:|1783541373\n|gametype|singles\n|player|p1|p0x196ad6c|102|\n|player|p2|p0y1968f91|170|\n|gen|9\n|tier|[Gen 9] Random Battle\n|rule|Species Clause: Limit one of each Pok\u00e9mon\n|rule|HP Percentage Mod: HP is shown in percentages\n|rule|Sleep Clause Mod: Limit one foe put to sleep\n|rule|Illusion Level Mod: Illusion disguises the Pok\u00e9mon's true level\n|\n|t:|1783541373\n|teamsize|p1|6\n|teamsize|p2|6\n|start\n|switch|p1a: Bruxish|Bruxish, L85, M|100/100\n|switch|p2a: Venusaur|Venusaur, L84, M|272/272\n|turn|1\n|inactive|Battle timer is ON: inactive players will automatically lose when time's up. (requested by p0x196ad6c)\n|inactive|Time left: 300 sec this turn | 300 sec total | 60 sec grace\n|inactive|p0y1968f91 also wants the timer to be on.\n|\n|t:|1783541374\n|-terastallize|p2a: Venusaur|Water\n|move|p1a: Bruxish|Psychic Fangs|p2a: Venusaur\n|-damage|p2a: Venusaur|35/272\n|move|p2a: Venusaur|Energy Ball|p1a: Bruxish\n|-supereffective|p1a: Bruxish\n|-damage|p1a: Bruxish|0 fnt\n|faint|p1a: Bruxish\n|\n|-heal|p2a: Venusaur|52/272|[from] item: Leftovers\n|upkeep\n|\n|t:|1783541376\n|switch|p1a: Pawmot|Pawmot, L80, M|100/100\n|turn|2\n|inactive|Time left: 300 sec this turn | 300 sec total\n|\n|t:|1783541377\n|move|p1a: Pawmot|Double Shock|p2a: Venusaur\n|-supereffective|p2a: Venusaur\n|-damage|p2a: Venusaur|0 fnt\n|-start|p1a: Pawmot|typechange|???/Fighting|[from] move: Double Shock\n|faint|p2a: Venusaur\n|\n|upkeep\n|inactive|Time left: 300 sec this turn | 300 sec total | 5 sec grace\n|\n|t:|1783541378\n|switch|p2a: Iron Valiant|Iron Valiant, L78|244/244\n|turn|3\n|inactive|Time left: 300 sec this turn | 300 sec total\n|\n|t:|1783541379\n|switch|p1a: Torkoal|Torkoal, L88, F|100/100\n|-weather|SunnyDay|[from] ability: Drought|[of] p1a: Torkoal\n|move|p2a: Iron Valiant|Moonblast|p1a: Torkoal\n|-resisted|p1a: Torkoal\n|-damage|p1a: Torkoal|74/100\n|-damage|p2a: Iron Valiant|220/244|[from] item: Life Orb\n|\n|-weather|SunnyDay|[upkeep]\n|upkeep\n|turn|4\n|inactive|Time left: 300 sec this turn | 300 sec total\n|\n|t:|1783541381\n|move|p2a: Iron Valiant|Calm Mind|p2a: Iron Valiant\n|-boost|p2a: Iron Valiant|spa|1\n|-boost|p2a: Iron Valiant|spd|1\n|move|p1a: Torkoal|Fire Blast|p2a: Iron Valiant\n|-damage|p2a: Iron Valiant|46/244\n|\n|-weather|SunnyDay|[upkeep]\n|upkeep\n|turn|5\n|inactive|Time left: 300 sec this turn | 300 sec total\n|\n|t:|1783541382\n|move|p2a: Iron Valiant|Psychic|p1a: Torkoal\n|-damage|p1a: Torkoal|16/100\n|-unboost|p1a: Torkoal|spd|1\n|-damage|p2a: Iron Valiant|22/244|[from] item: Life Orb\n|move|p1a: Torkoal|Solar Beam||[still]\n|-prepare|p1a: Torkoal|Solar Beam\n|-anim|p1a: Torkoal|Solar Beam|p2a: Iron Valiant\n|-damage|p2a: Iron Valiant|0 fnt\n|faint|p2a: Iron Valiant\n|-end|p2a: Iron Valiant|Quark Drive|[silent]\n|\n|-weather|SunnyDay|[upkeep]\n|upkeep\n|inactive|Time left: 300 sec this turn | 300 sec total | 5 sec grace\n|\n|t:|1783541383\n|switch|p2a: Annihilape|Annihilape, L76, F|292/292\n|turn|6\n|inactive|Time left: 300 sec this turn | 300 sec total\n|\n|t:|1783541384\n|switch|p1a: Tropius|Tropius, L91, M|100/100\n|move|p2a: Annihilape|Drain Punch|p1a: Tropius\n|-resisted|p1a: Tropius\n|-damage|p1a: Tropius|90/100\n|\n|-weather|SunnyDay|[upkeep]\n|upkeep\n|turn|7\n|inactive|Time left: 300 sec this turn | 300 sec total\n|\n|t:|1783541385\n|move|p2a: Annihilape|Bulk Up|p2a: Annihilape\n|-boost|p2a: Annihilape|atk|1\n|-boost|p2a: Annihilape|def|1\n|move|p1a: Tropius|Air Slash|p2a: Annihilape\n|-supereffective|p2a: Annihilape\n|-damage|p2a: Annihilape|136/292\n|\n|-weather|none\n|-heal|p2a: Annihilape|154/292|[from] item: Leftovers\n|upkeep\n|turn|8\n|inactive|Time left: 300 sec this turn | 300 sec total\n|\n|t:|1783541387\n|move|p2a: Annihilape|Drain Punch|p1a: Tropius\n|-resisted|p1a: Tropius\n|-damage|p1a: Tropius|74/100\n|-heal|p2a: Annihilape|181/292|[from] drain|[of] p1a: Tropius\n|move|p1a: Tropius|Air Slash|p2a: Annihilape\n|-supereffective|p2a: Annihilape\n|-damage|p2a: Annihilape|19/292\n|\n|-heal|p2a: Annihilape|37/292|[from] item: Leftovers\n|upkeep\n|turn|9\n|inactive|Time left: 300 sec this turn | 300 sec total\n|\n|t:|1783541388\n|move|p2a: Annihilape|Gunk Shot|p1a: Tropius\n|-supereffective|p1a: Tropius\n|-damage|p1a: Tropius|6/100\n|-enditem|p1a: Tropius|Sitrus Berry|[eat]\n|-heal|p1a: Tropius|31/100|[from] item: Sitrus Berry\n|move|p1a: Tropius|Air Slash|p2a: Annihilape\n|-supereffective|p2a: Annihilape\n|-damage|p2a: Annihilape|0 fnt\n|faint|p2a: Annihilape\n|\n|-item|p1a: Tropius|Sitrus Berry|[from] ability: Harvest\n|upkeep\n|-enditem|p1a: Tropius|Sitrus Berry|[eat]\n|-heal|p1a: Tropius|56/100|[from] item: Sitrus Berry\n|inactive|Time left: 300 sec this turn | 300 sec total | 5 sec grace\n|\n|t:|1783541389\n|switch|p2a: Cetitan|Cetitan, L82, M|412/412\n|turn|10\n|inactive|Time left: 300 sec this turn | 300 sec total\n|\n|t:|1783541390\n|move|p1a: Tropius|Protect|p1a: Tropius\n|-singleturn|p1a: Tropius|Protect\n|move|p2a: Cetitan|Ice Spinner|p1a: Tropius\n|-activate|p1a: Tropius|move: Protect\n|\n|upkeep\n|turn|11\n|inactive|Time left: 300 sec this turn | 300 sec total\n|\n|t:|1783541391\n|move|p2a: Cetitan|Ice Spinner|p1a: Tropius\n|-supereffective|p1a: Tropius\n|-damage|p1a: Tropius|0 fnt\n|faint|p1a: Tropius\n|\n|upkeep\n|\n|t:|1783541392\n|switch|p1a: Granbull|Granbull, L88, M|100/100\n|-ability|p1a: Granbull|Intimidate|boost\n|-unboost|p2a: Cetitan|atk|1\n|turn|12\n|inactive|Time left: 300 sec this turn | 300 sec total\n|\n|t:|1783541393\n|move|p2a: Cetitan|Belly Drum|p2a: Cetitan\n|-damage|p2a: Cetitan|206/412\n|-setboost|p2a: Cetitan|atk|6|[from] move: Belly Drum\n|-enditem|p2a: Cetitan|Sitrus Berry|[eat]\n|-heal|p2a: Cetitan|309/412|[from] item: Sitrus Berry\n|move|p1a: Granbull|Play Rough|p2a: Cetitan|[miss]\n|-miss|p1a: Granbull|p2a: Cetitan\n|\n|upkeep\n|turn|13\n|inactive|Time left: 300 sec this turn | 300 sec total\n|\n|t:|1783541394\n|switch|p1a: Torkoal|Torkoal, L88, F|16/100\n|-weather|SunnyDay|[from] ability: Drought|[of] p1a: Torkoal\n|move|p2a: Cetitan|Ice Spinner|p1a: Torkoal\n|-resisted|p1a: Torkoal\n|-damage|p1a: Torkoal|0 fnt\n|faint|p1a: Torkoal\n|\n|-weather|SunnyDay|[upkeep]\n|upkeep\n|\n|t:|1783541395\n|switch|p1a: Pawmot|Pawmot, L80, M|100/100\n|turn|14\n|inactive|Time left: 300 sec this turn | 300 sec total\n|\n|t:|1783541396\n|move|p2a: Cetitan|Ice Shard|p1a: Pawmot\n|-damage|p1a: Pawmot|10/100\n|move|p1a: Pawmot|Close Combat|p2a: Cetitan\n|-supereffective|p2a: Cetitan\n|-damage|p2a: Cetitan|0 fnt\n|-unboost|p1a: Pawmot|def|1\n|-unboost|p1a: Pawmot|spd|1\n|faint|p2a: Cetitan\n|\n|-weather|SunnyDay|[upkeep]\n|upkeep\n|inactive|Time left: 300 sec this turn | 300 sec total | 5 sec grace\n|\n|t:|1783541397\n|switch|p2a: Coalossal|Coalossal, L89, M|341/341\n|turn|15\n|inactive|Time left: 300 sec this turn | 300 sec total\n|\n|t:|1783541398\n|move|p1a: Pawmot|Close Combat|p2a: Coalossal\n|-supereffective|p2a: Coalossal\n|-damage|p2a: Coalossal|129/341\n|-unboost|p1a: Pawmot|def|1\n|-unboost|p1a: Pawmot|spd|1\n|move|p2a: Coalossal|Rapid Spin|p1a: Pawmot\n|-damage|p1a: Pawmot|0 fnt\n|-boost|p2a: Coalossal|spe|1\n|faint|p1a: Pawmot\n|\n|-weather|SunnyDay|[upkeep]\n|upkeep\n|\n|t:|1783541399\n|switch|p1a: Granbull|Granbull, L88, M|100/100\n|-ability|p1a: Granbull|Intimidate|boost\n|-unboost|p2a: Coalossal|atk|1\n|turn|16\n|inactive|Time left: 300 sec this turn | 300 sec total\n|\n|t:|1783541400\n|move|p2a: Coalossal|Overheat|p1a: Granbull\n|-damage|p1a: Granbull|18/100\n|-unboost|p2a: Coalossal|spa|2\n|move|p1a: Granbull|Earthquake|p2a: Coalossal\n|-supereffective|p2a: Coalossal\n|-damage|p2a: Coalossal|0 fnt\n|faint|p2a: Coalossal\n|\n|-weather|SunnyDay|[upkeep]\n|-heal|p1a: Granbull|24/100|[from] item: Leftovers\n|upkeep\n|inactive|Time left: 300 sec this turn | 300 sec total | 5 sec grace\n|\n|t:|1783541401\n|switch|p2a: Oinkologne|Oinkologne, L92, M|352/352\n|turn|17\n|inactive|Time left: 300 sec this turn | 300 sec total\n|\n|t:|1783541402\n|switch|p1a: Blissey|Blissey, L85, F|100/100\n|move|p2a: Oinkologne|Double-Edge|p1a: Blissey\n|-damage|p1a: Blissey|19/100\n|-damage|p2a: Oinkologne|198/352|[from] Recoil\n|\n|-weather|none\n|-heal|p2a: Oinkologne|220/352|[from] item: Leftovers\n|-heal|p1a: Blissey|25/100|[from] item: Leftovers\n|upkeep\n|turn|18\n|inactive|Time left: 300 sec this turn | 300 sec total\n|\n|t:|1783541403\n|move|p2a: Oinkologne|Double-Edge|p1a: Blissey\n|-damage|p1a: Blissey|0 fnt\n|faint|p1a: Blissey\n|-damage|p2a: Oinkologne|173/352|[from] Recoil\n|\n|-heal|p2a: Oinkologne|195/352|[from] item: Leftovers\n|upkeep\n|\n|t:|1783541404\n|switch|p1a: Granbull|Granbull, L88, M|24/100\n|-ability|p1a: Granbull|Intimidate|boost\n|-unboost|p2a: Oinkologne|atk|1\n|turn|19\n|inactive|Time left: 300 sec this turn | 300 sec total\n|\n|t:|1783541405\n|move|p2a: Oinkologne|Double-Edge|p1a: Granbull\n|-damage|p1a: Granbull|0 fnt\n|faint|p1a: Granbull\n|-damage|p2a: Oinkologne|172/352|[from] Recoil\n|\n|win|p0y1968f91", "uploadtime": 1783541405, "views": 0, "rating": 0, "private": 0, "password": null, "_winner": "p0y1968f91", "_our_name": "p0y1968f91"}