{"id": "battle-gen9randombattle-2946", "formatid": "gen9randombattle", "format": "[Gen 9] Random Battle", "players": ["p0x2946f98d", "p0y2946b726"], "log": "|init|battle\n|title|p0x2946f98d vs. p0y2946b726\n|j|\u2606p0x2946f98d\n|j|\u2606p0y2946b726\n|t:|1783573915\n|gametype|singles\n|player|p1|p0x2946f98d|265|\n|player|p2|p0y2946b726|101|\n|gen|9\n|tier|[Gen 9] Random Battle\n|rule|Species Clause: Limit one of each Pok\u00e9mon\n|rule|HP Percentage Mod: HP is shown in percentages\n|rule|Sleep Clause Mod: Limit one foe put to sleep\n|rule|Illusion Level Mod: Illusion disguises the Pok\u00e9mon's true level\n|\n|t:|1783573915\n|teamsize|p1|6\n|teamsize|p2|6\n|start\n|switch|p1a: Regieleki|Regieleki, L79|256/256\n|switch|p2a: Ambipom|Ambipom, L84, F|100/100\n|turn|1\n|inactive|Battle timer is ON: inactive players will automatically lose when time's up. (requested by p0x2946f98d)\n|inactive|p0y2946b726 also wants the timer to be on.\n|\n|t:|1783573917\n|move|p1a: Regieleki|Volt Switch|p2a: Ambipom\n|-damage|p2a: Ambipom|55/100\n|inactive|Time left: 300 sec this turn | 300 sec total | 65 sec grace\n|\n|t:|1783573918\n|switch|p1a: Slaking|Slaking, L84, M|389/389|[from] Volt Switch\n|move|p2a: Ambipom|Triple Axel|p1a: Slaking\n|-damage|p1a: Slaking|357/389\n|-hitcount|p1a: Slaking|1\n|\n|upkeep\n|turn|2\n|inactive|Time left: 300 sec this turn | 300 sec total\n|\n|t:|1783573919\n|move|p2a: Ambipom|Triple Axel|p1a: Slaking\n|-damage|p1a: Slaking|328/389\n|-hitcount|p1a: Slaking|1\n|move|p1a: Slaking|Giga Impact|p2a: Ambipom\n|-damage|p2a: Ambipom|0 fnt\n|-mustrecharge|p1a: Slaking\n|faint|p2a: Ambipom\n|\n|upkeep\n|\n|t:|1783573920\n|switch|p2a: Solgaleo|Solgaleo, L74|100/100\n|turn|3\n|inactive|Time left: 300 sec this turn | 300 sec total\n|\n|t:|1783573921\n|cant|p1a: Slaking|recharge\n|move|p2a: Solgaleo|Flame Charge|p1a: Slaking\n|-damage|p1a: Slaking|293/389\n|-boost|p2a: Solgaleo|spe|1\n|\n|upkeep\n|turn|4\n|inactive|Time left: 300 sec this turn | 300 sec total\n|\n|t:|1783573922\n|move|p2a: Solgaleo|Knock Off|p1a: Slaking\n|-damage|p1a: Slaking|226/389\n|-enditem|p1a: Slaking|Choice Band|[from] move: Knock Off|[of] p2a: Solgaleo\n|move|p1a: Slaking|Giga Impact|p2a: Solgaleo\n|-resisted|p2a: Solgaleo\n|-damage|p2a: Solgaleo|65/100\n|-mustrecharge|p1a: Slaking\n|\n|upkeep\n|turn|5\n|inactive|Time left: 300 sec this turn | 300 sec total\n|\n|t:|1783573923\n|move|p2a: Solgaleo|Sunsteel Strike|p1a: Slaking\n|-damage|p1a: Slaking|118/389\n|cant|p1a: Slaking|recharge\n|\n|upkeep\n|turn|6\n|inactive|Time left: 300 sec this turn | 300 sec total\n|\n|t:|1783573924\n|move|p2a: Solgaleo|Psychic|p1a: Slaking\n|-damage|p1a: Slaking|9/389\n|move|p1a: Slaking|Giga Impact|p2a: Solgaleo\n|-resisted|p2a: Solgaleo\n|-damage|p2a: Solgaleo|31/100\n|-mustrecharge|p1a: Slaking\n|\n|upkeep\n|turn|7\n|inactive|Time left: 300 sec this turn | 300 sec total\n|\n|t:|1783573925\n|move|p2a: Solgaleo|Flame Charge|p1a: Slaking\n|-damage|p1a: Slaking|0 fnt\n|-boost|p2a: Solgaleo|spe|1\n|faint|p1a: Slaking\n|\n|upkeep\n|inactive|Time left: 300 sec this turn | 300 sec total | 5 sec grace\n|\n|t:|1783573926\n|switch|p1a: Abomasnow|Abomasnow, L84, M|287/287\n|-weather|Snowscape|[from] ability: Snow Warning|[of] p1a: Abomasnow\n|turn|8\n|inactive|Time left: 300 sec this turn | 300 sec total\n|\n|t:|1783573927\n|move|p2a: Solgaleo|Sunsteel Strike|p1a: Abomasnow\n|-supereffective|p1a: Abomasnow\n|-damage|p1a: Abomasnow|131/287\n|move|p1a: Abomasnow|Aurora Veil|p1a: Abomasnow\n|-sidestart|p1: p0x2946f98d|move: Aurora Veil\n|\n|-weather|Snowscape|[upkeep]\n|upkeep\n|turn|9\n|inactive|Time left: 300 sec this turn | 300 sec total\n|\n|t:|1783573928\n|move|p2a: Solgaleo|Sunsteel Strike|p1a: Abomasnow\n|-supereffective|p1a: Abomasnow\n|-damage|p1a: Abomasnow|41/287\n|move|p1a: Abomasnow|Earthquake|p2a: Solgaleo\n|-supereffective|p2a: Solgaleo\n|-damage|p2a: Solgaleo|0 fnt\n|faint|p2a: Solgaleo\n|\n|-weather|Snowscape|[upkeep]\n|upkeep\n|\n|t:|1783573929\n|switch|p2a: Espathra|Espathra, L80, M|100/100\n|turn|10\n|inactive|Time left: 300 sec this turn | 300 sec total\n|\n|t:|1783573930\n|move|p1a: Abomasnow|Ice Shard|p2a: Espathra\n|-damage|p2a: Espathra|79/100\n|move|p2a: Espathra|Calm Mind|p2a: Espathra\n|-boost|p2a: Espathra|spa|1\n|-boost|p2a: Espathra|spd|1\n|\n|-weather|Snowscape|[upkeep]\n|-heal|p2a: Espathra|85/100|[from] item: Leftovers\n|-ability|p2a: Espathra|Speed Boost|boost\n|-boost|p2a: Espathra|spe|1\n|upkeep\n|turn|11\n|inactive|Time left: 300 sec this turn | 300 sec total\n|\n|t:|1783573931\n|switch|p1a: Plusle|Plusle, L95, M|268/268\n|move|p2a: Espathra|Calm Mind|p2a: Espathra\n|-boost|p2a: Espathra|spa|1\n|-boost|p2a: Espathra|spd|1\n|\n|-weather|Snowscape|[upkeep]\n|-heal|p2a: Espathra|91/100|[from] item: Leftovers\n|-ability|p2a: Espathra|Speed Boost|boost\n|-boost|p2a: Espathra|spe|1\n|upkeep\n|turn|12\n|inactive|Time left: 300 sec this turn | 300 sec total\n|\n|t:|1783573932\n|move|p2a: Espathra|Stored Power|p1a: Plusle\n|-damage|p1a: Plusle|119/268\n|move|p1a: Plusle|Thunderbolt|p2a: Espathra\n|-damage|p2a: Espathra|55/100\n|-damage|p1a: Plusle|93/268|[from] item: Life Orb\n|\n|-weather|none\n|-heal|p2a: Espathra|61/100|[from] item: Leftovers\n|-ability|p2a: Espathra|Speed Boost|boost\n|-boost|p2a: Espathra|spe|1\n|upkeep\n|turn|13\n|inactive|Time left: 300 sec this turn | 300 sec total\n|\n|t:|1783573933\n|move|p2a: Espathra|Stored Power|p1a: Plusle\n|-damage|p1a: Plusle|0 fnt\n|faint|p1a: Plusle\n|\n|-heal|p2a: Espathra|67/100|[from] item: Leftovers\n|-ability|p2a: Espathra|Speed Boost|boost\n|-boost|p2a: Espathra|spe|1\n|upkeep\n|inactive|Time left: 300 sec this turn | 300 sec total | 5 sec grace\n|\n|t:|1783573934\n|switch|p1a: Volbeat|Volbeat, L90, M|263/263\n|turn|14\n|inactive|Time left: 300 sec this turn | 300 sec total\n|\n|t:|1783573935\n|-terastallize|p2a: Espathra|Fairy\n|move|p2a: Espathra|Stored Power|p1a: Volbeat\n|-damage|p1a: Volbeat|81/263\n|move|p1a: Volbeat|U-turn|p2a: Espathra\n|-resisted|p2a: Espathra\n|-damage|p2a: Espathra|50/100\n|inactive|Time left: 300 sec this turn | 300 sec total | 5 sec grace\n|\n|t:|1783573936\n|switch|p1a: Regirock|Regirock, L83|268/268|[from] U-turn\n|\n|-heal|p2a: Espathra|56/100|[from] item: Leftovers\n|-ability|p2a: Espathra|Speed Boost|boost\n|-boost|p2a: Espathra|spe|1\n|upkeep\n|turn|15\n|inactive|Time left: 300 sec this turn | 300 sec total\n|\n|t:|1783573937\n|move|p2a: Espathra|Stored Power|p1a: Regirock\n|-damage|p1a: Regirock|71/268\n|move|p1a: Regirock|Stone Edge|p2a: Espathra\n|-damage|p2a: Espathra|2/100\n|\n|-heal|p2a: Espathra|8/100|[from] item: Leftovers\n|-sideend|p1: p0x2946f98d|move: Aurora Veil\n|-ability|p2a: Espathra|Speed Boost|boost\n|-boost|p2a: Espathra|spe|1\n|upkeep\n|turn|16\n|inactive|Time left: 300 sec this turn | 300 sec total\n|\n|t:|1783573938\n|move|p2a: Espathra|Roost|p2a: Espathra\n|-heal|p2a: Espathra|58/100\n|move|p1a: Regirock|Body Press|p2a: Espathra\n|-resisted|p2a: Espathra\n|-damage|p2a: Espathra|34/100\n|\n|-heal|p2a: Espathra|40/100|[from] item: Leftovers\n|upkeep\n|turn|17\n|inactive|Time left: 300 sec this turn | 300 sec total\n|\n|t:|1783573939\n|switch|p1a: Abomasnow|Abomasnow, L84, M|41/287\n|-weather|Snowscape|[from] ability: Snow Warning|[of] p1a: Abomasnow\n|move|p2a: Espathra|Stored Power|p1a: Abomasnow\n|-damage|p1a: Abomasnow|0 fnt\n|faint|p1a: Abomasnow\n|\n|-weather|Snowscape|[upkeep]\n|-heal|p2a: Espathra|46/100|[from] item: Leftovers\n|upkeep\n|inactive|Time left: 300 sec this turn | 300 sec total | 5 sec grace\n|\n|t:|1783573940\n|switch|p1a: Volbeat|Volbeat, L90, M|81/263\n|turn|18\n|inactive|Time left: 300 sec this turn | 300 sec total\n|\n|t:|1783573941\n|move|p1a: Volbeat|Thunder Wave|p2a: Espathra\n|-status|p2a: Espathra|par\n|cant|p2a: Espathra|par\n|\n|-weather|Snowscape|[upkeep]\n|-heal|p2a: Espathra|52/100 par|[from] item: Leftovers\n|upkeep\n|turn|19\n|inactive|Time left: 300 sec this turn | 300 sec total\n|\n|t:|1783573942\n|move|p1a: Volbeat|Encore|p2a: Espathra\n|-start|p2a: Espathra|Encore\n|cant|p2a: Espathra|par\n|\n|-weather|Snowscape|[upkeep]\n|-heal|p2a: Espathra|58/100 par|[from] item: Leftovers\n|upkeep\n|turn|20\n|inactive|Time left: 300 sec this turn | 300 sec total\n|\n|t:|1783573943\n|switch|p1a: Regirock|Regirock, L83|71/268\n|move|p2a: Espathra|Stored Power|p1a: Regirock\n|-damage|p1a: Regirock|0 fnt\n|faint|p1a: Regirock\n|\n|-weather|Snowscape|[upkeep]\n|-heal|p2a: Espathra|64/100 par|[from] item: Leftovers\n|upkeep\n|inactive|Time left: 300 sec this turn | 300 sec total | 5 sec grace\n|\n|t:|1783573944\n|switch|p1a: Volbeat|Volbeat, L90, M|81/263\n|turn|21\n|inactive|Time left: 300 sec this turn | 300 sec total\n|\n|t:|1783573945\n|move|p2a: Espathra|Stored Power|p1a: Volbeat\n|-damage|p1a: Volbeat|0 fnt\n|faint|p1a: Volbeat\n|\n|-weather|none\n|-heal|p2a: Espathra|70/100 par|[from] item: Leftovers\n|-end|p2a: Espathra|Encore\n|upkeep\n|inactive|Time left: 300 sec this turn | 300 sec total | 5 sec grace\n|\n|t:|1783573945\n|switch|p1a: Regieleki|Regieleki, L79|256/256\n|turn|22\n|inactive|Time left: 300 sec this turn | 300 sec total\n|\n|t:|1783573946\n|move|p2a: Espathra|Stored Power|p1a: Regieleki\n|-damage|p1a: Regieleki|0 fnt\n|faint|p1a: Regieleki\n|\n|win|p0y2946b726", "uploadtime": 1783573946, "views": 0, "rating": 0, "private": 0, "password": null, "_winner": "p0y2946b726", "_our_name": "p0x2946f98d"}