{"id": "battle-gen9randombattle-2184", "formatid": "gen9randombattle", "format": "[Gen 9] Random Battle", "players": ["p0x2184aeb1", "p0y2184b164"], "log": "|init|battle\n|title|p0x2184aeb1 vs. p0y2184b164\n|j|\u2606p0x2184aeb1\n|j|\u2606p0y2184b164\n|t:|1783564426\n|gametype|singles\n|player|p1|p0x2184aeb1|1|\n|player|p2|p0y2184b164|170|\n|gen|9\n|tier|[Gen 9] Random Battle\n|rule|Species Clause: Limit one of each Pok\u00e9mon\n|rule|HP Percentage Mod: HP is shown in percentages\n|rule|Sleep Clause Mod: Limit one foe put to sleep\n|rule|Illusion Level Mod: Illusion disguises the Pok\u00e9mon's true level\n|\n|t:|1783564426\n|teamsize|p1|6\n|teamsize|p2|6\n|start\n|switch|p1a: Terapagos|Terapagos, L77, M|100/100\n|switch|p2a: Camerupt|Camerupt, L91, M|275/275\n|-activate|p1a: Terapagos|ability: Tera Shift\n|detailschange|p1a: Terapagos|Terapagos-Terastal, L77, M\n|-heal|p1a: Terapagos|100/100|[silent]\n|turn|1\n|inactive|Battle timer is ON: inactive players will automatically lose when time's up. (requested by p0y2184b164)\n|inactive|p0x2184aeb1 also wants the timer to be on.\n|\n|t:|1783564427\n|move|p1a: Terapagos|Tera Starstorm|p2a: Camerupt\n|-damage|p2a: Camerupt|163/275\n|move|p2a: Camerupt|Earthquake|p1a: Terapagos\n|-activate|p1a: Terapagos|ability: Tera Shell\n|-resisted|p1a: Terapagos\n|-damage|p1a: Terapagos|79/100\n|\n|-heal|p2a: Camerupt|180/275|[from] item: Leftovers\n|upkeep\n|turn|2\n|inactive|Time left: 300 sec this turn | 300 sec total\n|\n|t:|1783564428\n|move|p1a: Terapagos|Tera Starstorm|p2a: Camerupt\n|-damage|p2a: Camerupt|69/275\n|move|p2a: Camerupt|Earthquake|p1a: Terapagos\n|-damage|p1a: Terapagos|38/100\n|\n|-heal|p2a: Camerupt|86/275|[from] item: Leftovers\n|upkeep\n|turn|3\n|inactive|Time left: 300 sec this turn | 300 sec total\n|\n|t:|1783564429\n|move|p1a: Terapagos|Tera Starstorm|p2a: Camerupt\n|-damage|p2a: Camerupt|0 fnt\n|faint|p2a: Camerupt\n|\n|upkeep\n|inactive|Time left: 300 sec this turn | 300 sec total | 5 sec grace\n|\n|t:|1783564430\n|switch|p2a: Meowscarada|Meowscarada, L78, M|247/247\n|turn|4\n|inactive|Time left: 300 sec this turn | 300 sec total\n|\n|t:|1783564431\n|switch|p1a: Porygon2|Porygon2, L81|100/100\n|-ability|p1a: Porygon2|Download|boost\n|-boost|p1a: Porygon2|spa|1\n|move|p2a: Meowscarada|Knock Off|p1a: Porygon2\n|-start|p2a: Meowscarada|typechange|Dark|[from] ability: Protean\n|-damage|p1a: Porygon2|65/100\n|-enditem|p1a: Porygon2|Eviolite|[from] move: Knock Off|[of] p2a: Meowscarada\n|-damage|p2a: Meowscarada|223/247|[from] item: Life Orb\n|\n|upkeep\n|turn|5\n|inactive|Time left: 300 sec this turn | 300 sec total\n|\n|t:|1783564432\n|switch|p2a: Magearna|Magearna-Original, L77|250/250\n|move|p1a: Porygon2|Tri Attack|p2a: Magearna\n|-resisted|p2a: Magearna\n|-damage|p2a: Magearna|191/250\n|\n|upkeep\n|turn|6\n|inactive|Time left: 300 sec this turn | 300 sec total\n|\n|t:|1783564433\n|move|p2a: Magearna|Shift Gear|p2a: Magearna\n|-boost|p2a: Magearna|spe|2\n|-boost|p2a: Magearna|atk|1\n|move|p1a: Porygon2|Discharge|p2a: Magearna\n|-damage|p2a: Magearna|113/250\n|\n|upkeep\n|turn|7\n|inactive|Time left: 300 sec this turn | 300 sec total\n|\n|t:|1783564433\n|move|p2a: Magearna|Iron Head|p1a: Porygon2\n|-damage|p1a: Porygon2|24/100\n|move|p1a: Porygon2|Recover|p1a: Porygon2\n|-heal|p1a: Porygon2|74/100\n|\n|upkeep\n|turn|8\n|inactive|Time left: 300 sec this turn | 300 sec total\n|\n|t:|1783564434\n|move|p2a: Magearna|Iron Head|p1a: Porygon2\n|-damage|p1a: Porygon2|32/100\n|move|p1a: Porygon2|Recover|p1a: Porygon2\n|-heal|p1a: Porygon2|82/100\n|\n|upkeep\n|turn|9\n|inactive|Time left: 300 sec this turn | 300 sec total\n|\n|t:|1783564435\n|move|p2a: Magearna|Iron Head|p1a: Porygon2\n|-damage|p1a: Porygon2|45/100\n|move|p1a: Porygon2|Discharge|p2a: Magearna\n|-damage|p2a: Magearna|37/250\n|-status|p2a: Magearna|par\n|\n|upkeep\n|turn|10\n|inactive|Time left: 300 sec this turn | 300 sec total\n|\n|t:|1783564436\n|move|p2a: Magearna|Fleur Cannon|p1a: Porygon2\n|-damage|p1a: Porygon2|0 fnt\n|-unboost|p2a: Magearna|spa|2\n|faint|p1a: Porygon2\n|-ability|p2a: Magearna|Soul-Heart|boost\n|-boost|p2a: Magearna|spa|1\n|\n|upkeep\n|\n|t:|1783564437\n|switch|p1a: Espeon|Espeon, L84, F|100/100\n|turn|11\n|inactive|Time left: 300 sec this turn | 300 sec total\n|\n|t:|1783564438\n|move|p1a: Espeon|Alluring Voice|p2a: Magearna\n|-resisted|p2a: Magearna\n|-damage|p2a: Magearna|0 fnt\n|faint|p2a: Magearna\n|\n|upkeep\n|inactive|Time left: 300 sec this turn | 300 sec total | 5 sec grace\n|\n|t:|1783564439\n|switch|p2a: Seviper|Seviper, L93, F|287/287\n|turn|12\n|inactive|Time left: 300 sec this turn | 300 sec total\n|\n|t:|1783564440\n|switch|p1a: Delibird|Delibird, M|100/100\n|move|p2a: Seviper|Swords Dance|p2a: Seviper\n|-boost|p2a: Seviper|atk|2\n|\n|upkeep\n|turn|13\n|inactive|Time left: 300 sec this turn | 300 sec total\n|\n|t:|1783564440\n|move|p1a: Delibird|Brave Bird|p2a: Seviper\n|-damage|p2a: Seviper|91/287\n|-damage|p1a: Delibird|75/100|[from] Recoil\n|move|p2a: Seviper|Gunk Shot|p1a: Delibird\n|-damage|p1a: Delibird|0 fnt\n|faint|p1a: Delibird\n|\n|-heal|p2a: Seviper|108/287|[from] item: Leftovers\n|upkeep\n|\n|t:|1783564441\n|switch|p1a: Terapagos|Terapagos-Terastal, L77, M|38/100\n|turn|14\n|inactive|Time left: 300 sec this turn | 300 sec total\n|\n|t:|1783564442\n|switch|p2a: Rabsca|Rabsca, L91, F|284/284\n|move|p1a: Terapagos|Tera Starstorm|p2a: Rabsca\n|-damage|p2a: Rabsca|196/284\n|\n|upkeep\n|turn|15\n|inactive|Time left: 300 sec this turn | 300 sec total\n|\n|t:|1783564443\n|move|p1a: Terapagos|Calm Mind|p1a: Terapagos\n|-boost|p1a: Terapagos|spa|1\n|-boost|p1a: Terapagos|spd|1\n|move|p2a: Rabsca|Bug Buzz|p1a: Terapagos\n|-damage|p1a: Terapagos|10/100\n|\n|upkeep\n|turn|16\n|inactive|Time left: 300 sec this turn | 300 sec total\n|\n|t:|1783564444\n|move|p1a: Terapagos|Tera Starstorm|p2a: Rabsca\n|-damage|p2a: Rabsca|45/284\n|move|p2a: Rabsca|Psychic|p1a: Terapagos\n|-damage|p1a: Terapagos|0 fnt\n|faint|p1a: Terapagos\n|\n|upkeep\n|\n|t:|1783564445\n|switch|p1a: Espeon|Espeon, L84, F|100/100\n|turn|17\n|inactive|Time left: 300 sec this turn | 300 sec total\n|\n|t:|1783564446\n|move|p1a: Espeon|Alluring Voice|p2a: Rabsca\n|-damage|p2a: Rabsca|0 fnt\n|faint|p2a: Rabsca\n|\n|upkeep\n|inactive|Time left: 300 sec this turn | 300 sec total | 5 sec grace\n|\n|t:|1783564447\n|switch|p2a: Meowscarada|Meowscarada, L78, M|223/247\n|turn|18\n|inactive|Time left: 300 sec this turn | 300 sec total\n|\n|t:|1783564448\n|switch|p1a: Gastrodon|Gastrodon, L86, F|100/100\n|-terastallize|p2a: Meowscarada|Grass\n|move|p2a: Meowscarada|Flower Trick|p1a: Gastrodon\n|-supereffective|p1a: Gastrodon\n|-crit|p1a: Gastrodon\n|-damage|p1a: Gastrodon|0 fnt\n|faint|p1a: Gastrodon\n|-damage|p2a: Meowscarada|199/247|[from] item: Life Orb\n|\n|upkeep\n|\n|t:|1783564449\n|switch|p1a: Shaymin|Shaymin-Sky, L73|100/100\n|turn|19\n|inactive|Time left: 300 sec this turn | 300 sec total\n|\n|t:|1783564450\n|-terastallize|p1a: Shaymin|Steel\n|move|p2a: Meowscarada|Triple Axel|p1a: Shaymin\n|-resisted|p1a: Shaymin\n|-damage|p1a: Shaymin|96/100\n|-resisted|p1a: Shaymin\n|-crit|p1a: Shaymin\n|-damage|p1a: Shaymin|82/100\n|-resisted|p1a: Shaymin\n|-damage|p1a: Shaymin|70/100\n|-hitcount|p1a: Shaymin|3\n|-damage|p2a: Meowscarada|175/247|[from] item: Life Orb\n|move|p1a: Shaymin|Air Slash|p2a: Meowscarada\n|-supereffective|p2a: Meowscarada\n|-damage|p2a: Meowscarada|0 fnt\n|faint|p2a: Meowscarada\n|\n|-heal|p1a: Shaymin|76/100|[from] item: Leftovers\n|upkeep\n|inactive|Time left: 300 sec this turn | 300 sec total | 5 sec grace\n|\n|t:|1783564451\n|switch|p2a: Seviper|Seviper, L93, F|108/287\n|turn|20\n|inactive|Time left: 300 sec this turn | 300 sec total\n|\n|t:|1783564452\n|move|p1a: Shaymin|Air Slash|p2a: Seviper\n|-damage|p2a: Seviper|23/287\n|cant|p2a: Seviper|flinch\n|\n|-heal|p1a: Shaymin|82/100|[from] item: Leftovers\n|-heal|p2a: Seviper|40/287|[from] item: Leftovers\n|upkeep\n|turn|21\n|inactive|Time left: 300 sec this turn | 300 sec total\n|\n|t:|1783564453\n|switch|p2a: Feraligatr|Feraligatr, L79, M|264/264\n|move|p1a: Shaymin|Air Slash|p2a: Feraligatr\n|-damage|p2a: Feraligatr|183/264\n|\n|-heal|p1a: Shaymin|88/100|[from] item: Leftovers\n|upkeep\n|turn|22\n|inactive|Time left: 300 sec this turn | 300 sec total\n|\n|t:|1783564454\n|switch|p2a: Seviper|Seviper, L93, F|40/287\n|move|p1a: Shaymin|Seed Flare|p2a: Seviper\n|-resisted|p2a: Seviper\n|-damage|p2a: Seviper|0 fnt\n|faint|p2a: Seviper\n|\n|-heal|p1a: Shaymin|94/100|[from] item: Leftovers\n|upkeep\n|inactive|Time left: 300 sec this turn | 300 sec total | 5 sec grace\n|\n|t:|1783564455\n|switch|p2a: Feraligatr|Feraligatr, L79, M|183/264\n|turn|23\n|inactive|Time left: 300 sec this turn | 300 sec total\n|\n|t:|1783564456\n|move|p1a: Shaymin|Seed Flare|p2a: Feraligatr\n|-supereffective|p2a: Feraligatr\n|-damage|p2a: Feraligatr|0 fnt\n|faint|p2a: Feraligatr\n|\n|win|p0x2184aeb1", "uploadtime": 1783564456, "views": 0, "rating": 0, "private": 0, "password": null, "_winner": "p0x2184aeb1", "_our_name": "p0y2184b164"}