{"id": "battle-gen9randombattle-1964", "formatid": "gen9randombattle", "format": "[Gen 9] Random Battle", "players": ["p0x19646176", "p0y1964ab93"], "log": "|init|battle\n|title|p0x19646176 vs. p0y1964ab93\n|j|\u2606p0x19646176\n|j|\u2606p0y1964ab93\n|t:|1783562704\n|gametype|singles\n|player|p1|p0x19646176|266|\n|player|p2|p0y1964ab93|101|\n|gen|9\n|tier|[Gen 9] Random Battle\n|rule|Species Clause: Limit one of each Pok\u00e9mon\n|rule|HP Percentage Mod: HP is shown in percentages\n|rule|Sleep Clause Mod: Limit one foe put to sleep\n|rule|Illusion Level Mod: Illusion disguises the Pok\u00e9mon's true level\n|\n|t:|1783562704\n|teamsize|p1|6\n|teamsize|p2|6\n|start\n|switch|p1a: Chansey|Chansey, L85, F|100/100\n|switch|p2a: Dedenne|Dedenne, L88, M|261/261\n|turn|1\n|inactive|Battle timer is ON: inactive players will automatically lose when time's up. (requested by p0y1964ab93)\n|\n|t:|1783562706\n|move|p2a: Dedenne|Super Fang|p1a: Chansey\n|-damage|p1a: Chansey|50/100\n|move|p1a: Chansey|Seismic Toss|p2a: Dedenne\n|-damage|p2a: Dedenne|176/261\n|\n|upkeep\n|turn|2\n|inactive|Time left: 300 sec this turn | 300 sec total\n|inactive|p0x19646176 also wants the timer to be on.\n|\n|t:|1783562707\n|switch|p2a: Polteageist|Polteageist, L78|222/222\n|move|p1a: Chansey|Soft-Boiled|p1a: Chansey\n|-heal|p1a: Chansey|100/100\n|\n|upkeep\n|turn|3\n|inactive|Time left: 300 sec this turn | 300 sec total\n|\n|t:|1783562708\n|switch|p1a: Mandibuzz|Mandibuzz, L85, F|100/100\n|move|p2a: Polteageist|Shell Smash|p2a: Polteageist\n|-unboost|p2a: Polteageist|def|1\n|-unboost|p2a: Polteageist|spd|1\n|-boost|p2a: Polteageist|atk|2\n|-boost|p2a: Polteageist|spa|2\n|-boost|p2a: Polteageist|spe|2\n|-enditem|p2a: Polteageist|White Herb\n|-clearnegativeboost|p2a: Polteageist|[silent]\n|\n|upkeep\n|turn|4\n|inactive|Time left: 300 sec this turn | 300 sec total\n|\n|t:|1783562709\n|-terastallize|p2a: Polteageist|Fighting\n|move|p2a: Polteageist|Tera Blast|p1a: Mandibuzz|[anim] Tera Blast Fighting\n|-damage|p1a: Mandibuzz|43/100\n|move|p1a: Mandibuzz|Foul Play|p2a: Polteageist\n|-resisted|p2a: Polteageist\n|-crit|p2a: Polteageist\n|-damage|p2a: Polteageist|121/222\n|\n|upkeep\n|turn|5\n|inactive|Time left: 300 sec this turn | 300 sec total\n|\n|t:|1783562710\n|move|p2a: Polteageist|Tera Blast|p1a: Mandibuzz|[anim] Tera Blast Fighting\n|-crit|p1a: Mandibuzz\n|-damage|p1a: Mandibuzz|0 fnt\n|faint|p1a: Mandibuzz\n|\n|upkeep\n|\n|t:|1783562711\n|switch|p1a: Toucannon|Toucannon, L88, F|100/100\n|turn|6\n|inactive|Time left: 300 sec this turn | 300 sec total\n|\n|t:|1783562712\n|-singleturn|p1a: Toucannon|move: Beak Blast\n|move|p2a: Polteageist|Tera Blast|p1a: Toucannon|[anim] Tera Blast Fighting\n|-damage|p1a: Toucannon|22/100\n|move|p1a: Toucannon|Beak Blast|p2a: Polteageist\n|-supereffective|p2a: Polteageist\n|-damage|p2a: Polteageist|0 fnt\n|faint|p2a: Polteageist\n|\n|upkeep\n|inactive|Time left: 300 sec this turn | 300 sec total | 5 sec grace\n|\n|t:|1783562713\n|switch|p2a: Thundurus|Thundurus-Therian, L80, M|258/258\n|turn|7\n|inactive|Time left: 300 sec this turn | 300 sec total\n|\n|t:|1783562714\n|switch|p1a: Lurantis|Lurantis, L87, F|100/100\n|move|p2a: Thundurus|Thunderbolt|p1a: Lurantis\n|-resisted|p1a: Lurantis\n|-damage|p1a: Lurantis|65/100\n|\n|-heal|p1a: Lurantis|71/100|[from] item: Leftovers\n|upkeep\n|turn|8\n|inactive|Time left: 300 sec this turn | 300 sec total\n|\n|t:|1783562715\n|move|p2a: Thundurus|Thunderbolt|p1a: Lurantis\n|-resisted|p1a: Lurantis\n|-damage|p1a: Lurantis|37/100\n|move|p1a: Lurantis|Leaf Storm|p2a: Thundurus\n|-resisted|p2a: Thundurus\n|-damage|p2a: Thundurus|190/258\n|-boost|p1a: Lurantis|spa|2\n|\n|-heal|p1a: Lurantis|43/100|[from] item: Leftovers\n|upkeep\n|turn|9\n|inactive|Time left: 300 sec this turn | 300 sec total\n|\n|t:|1783562716\n|move|p2a: Thundurus|Thunderbolt|p1a: Lurantis\n|-resisted|p1a: Lurantis\n|-damage|p1a: Lurantis|11/100\n|move|p1a: Lurantis|Synthesis|p1a: Lurantis\n|-heal|p1a: Lurantis|61/100\n|\n|-heal|p1a: Lurantis|68/100|[from] item: Leftovers\n|upkeep\n|turn|10\n|inactive|Time left: 300 sec this turn | 300 sec total\n|\n|t:|1783562717\n|switch|p2a: Vileplume|Vileplume, L85, M|266/266\n|move|p1a: Lurantis|Leaf Storm|p2a: Vileplume\n|-resisted|p2a: Vileplume\n|-damage|p2a: Vileplume|207/266\n|-boost|p1a: Lurantis|spa|2\n|\n|-heal|p2a: Vileplume|223/266|[from] item: Leftovers\n|-heal|p1a: Lurantis|74/100|[from] item: Leftovers\n|upkeep\n|turn|11\n|inactive|Time left: 300 sec this turn | 300 sec total\n|\n|t:|1783562718\n|-terastallize|p1a: Lurantis|Fighting\n|move|p2a: Vileplume|Sludge Bomb|p1a: Lurantis\n|-damage|p1a: Lurantis|30/100\n|move|p1a: Lurantis|Synthesis|p1a: Lurantis\n|-heal|p1a: Lurantis|80/100\n|\n|-heal|p2a: Vileplume|239/266|[from] item: Leftovers\n|-heal|p1a: Lurantis|86/100|[from] item: Leftovers\n|upkeep\n|turn|12\n|inactive|Time left: 300 sec this turn | 300 sec total\n|\n|t:|1783562719\n|move|p2a: Vileplume|Sludge Bomb|p1a: Lurantis\n|-damage|p1a: Lurantis|46/100\n|-status|p1a: Lurantis|psn\n|move|p1a: Lurantis|Superpower|p2a: Vileplume\n|-resisted|p2a: Vileplume\n|-crit|p2a: Vileplume\n|-damage|p2a: Vileplume|122/266\n|-boost|p1a: Lurantis|atk|1\n|-boost|p1a: Lurantis|def|1\n|\n|-heal|p2a: Vileplume|138/266|[from] item: Leftovers\n|-heal|p1a: Lurantis|52/100 psn|[from] item: Leftovers\n|-damage|p1a: Lurantis|39/100 psn|[from] psn\n|upkeep\n|turn|13\n|inactive|Time left: 300 sec this turn | 300 sec total\n|\n|t:|1783562720\n|move|p2a: Vileplume|Sludge Bomb|p1a: Lurantis\n|-damage|p1a: Lurantis|0 fnt\n|faint|p1a: Lurantis\n|\n|-heal|p2a: Vileplume|154/266|[from] item: Leftovers\n|upkeep\n|\n|t:|1783562721\n|switch|p1a: Araquanid|Araquanid, L82, F|100/100\n|turn|14\n|inactive|Time left: 300 sec this turn | 300 sec total\n|\n|t:|1783562722\n|move|p2a: Vileplume|Leech Seed|p1a: Araquanid\n|-start|p1a: Araquanid|move: Leech Seed\n|move|p1a: Araquanid|Sticky Web|p2a: Vileplume\n|-sidestart|p2: p0y1964ab93|move: Sticky Web\n|\n|-heal|p2a: Vileplume|170/266|[from] item: Leftovers\n|-damage|p1a: Araquanid|88/100|[from] Leech Seed|[of] p2a: Vileplume\n|-heal|p2a: Vileplume|200/266|[silent]\n|upkeep\n|turn|15\n|inactive|Time left: 300 sec this turn | 300 sec total\n|\n|t:|1783562723\n|switch|p1a: Conkeldurr|Conkeldurr, L80, M|100/100\n|move|p2a: Vileplume|Leech Seed|p1a: Conkeldurr\n|-start|p1a: Conkeldurr|move: Leech Seed\n|\n|-heal|p2a: Vileplume|216/266|[from] item: Leftovers\n|-damage|p1a: Conkeldurr|88/100|[from] Leech Seed|[of] p2a: Vileplume\n|-heal|p2a: Vileplume|253/266|[silent]\n|-status|p1a: Conkeldurr|brn|[from] item: Flame Orb\n|upkeep\n|turn|16\n|inactive|Time left: 300 sec this turn | 300 sec total\n|\n|t:|1783562724\n|switch|p1a: Chansey|Chansey, L85, F|100/100\n|move|p2a: Vileplume|Sludge Bomb|p1a: Chansey\n|-damage|p1a: Chansey|90/100\n|\n|-heal|p2a: Vileplume|266/266|[from] item: Leftovers\n|upkeep\n|turn|17\n|inactive|Time left: 300 sec this turn | 300 sec total\n|\n|t:|1783562725\n|move|p2a: Vileplume|Leech Seed|p1a: Chansey\n|-start|p1a: Chansey|move: Leech Seed\n|move|p1a: Chansey|Thunder Wave|p2a: Vileplume\n|-status|p2a: Vileplume|par\n|\n|-damage|p1a: Chansey|78/100|[from] Leech Seed|[of] p2a: Vileplume\n|upkeep\n|turn|18\n|inactive|Time left: 300 sec this turn | 300 sec total\n|\n|t:|1783562726\n|switch|p1a: Toucannon|Toucannon, L88, F|22/100\n|move|p2a: Vileplume|Sludge Bomb|p1a: Toucannon\n|-damage|p1a: Toucannon|0 fnt\n|faint|p1a: Toucannon\n|\n|upkeep\n|\n|t:|1783562727\n|switch|p1a: Conkeldurr|Conkeldurr, L80, M|88/100 brn\n|turn|19\n|inactive|Time left: 300 sec this turn | 300 sec total\n|\n|t:|1783562728\n|move|p1a: Conkeldurr|Facade|p2a: Vileplume\n|-damage|p2a: Vileplume|94/266 par\n|move|p2a: Vileplume|Strength Sap|p1a: Conkeldurr\n|-unboost|p1a: Conkeldurr|atk|1\n|-heal|p2a: Vileplume|266/266 par\n|\n|-damage|p1a: Conkeldurr|82/100 brn|[from] brn\n|upkeep\n|turn|20\n|inactive|Time left: 300 sec this turn | 300 sec total\n|\n|t:|1783562729\n|switch|p1a: Chansey|Chansey, L85, F|78/100\n|move|p2a: Vileplume|Sludge Bomb|p1a: Chansey\n|-damage|p1a: Chansey|68/100\n|-status|p1a: Chansey|psn\n|\n|-damage|p1a: Chansey|55/100 psn|[from] psn\n|upkeep\n|turn|21\n|inactive|Time left: 300 sec this turn | 300 sec total\n|\n|t:|1783562730\n|move|p1a: Chansey|Soft-Boiled|p1a: Chansey\n|-heal|p1a: Chansey|100/100 psn\n|move|p2a: Vileplume|Leech Seed|p1a: Chansey\n|-start|p1a: Chansey|move: Leech Seed\n|\n|-damage|p1a: Chansey|88/100 psn|[from] Leech Seed|[of] p2a: Vileplume\n|-damage|p1a: Chansey|76/100 psn|[from] psn\n|upkeep\n|turn|22\n|inactive|Time left: 300 sec this turn | 300 sec total\n|\n|t:|1783562731\n|-curestatus|p1a: Chansey|psn|[from] ability: Natural Cure|[silent]\n|switch|p1a: Araquanid|Araquanid, L82, F|88/100\n|cant|p2a: Vileplume|par\n|\n|upkeep\n|turn|23\n|inactive|Time left: 300 sec this turn | 300 sec total\n|\n|t:|1783562732\n|move|p1a: Araquanid|Liquidation|p2a: Vileplume\n|-resisted|p2a: Vileplume\n|-damage|p2a: Vileplume|203/266 par\n|move|p2a: Vileplume|Leech Seed|p1a: Araquanid\n|-start|p1a: Araquanid|move: Leech Seed\n|\n|-heal|p2a: Vileplume|219/266 par|[from] item: Leftovers\n|-damage|p1a: Araquanid|76/100|[from] Leech Seed|[of] p2a: Vileplume\n|-heal|p2a: Vileplume|249/266 par|[silent]\n|upkeep\n|turn|24\n|inactive|Time left: 300 sec this turn | 300 sec total\n|\n|t:|1783562733\n|switch|p1a: Chansey|Chansey, L85, F|76/100\n|move|p2a: Vileplume|Strength Sap|p1a: Chansey\n|-unboost|p1a: Chansey|atk|1\n|-heal|p2a: Vileplume|262/266 par\n|\n|-heal|p2a: Vileplume|266/266 par|[from] item: Leftovers\n|upkeep\n|turn|25\n|inactive|Time left: 300 sec this turn | 300 sec total\n|\n|t:|1783562734\n|move|p1a: Chansey|Soft-Boiled|p1a: Chansey\n|-heal|p1a: Chansey|100/100\n|move|p2a: Vileplume|Leech Seed|p1a: Chansey\n|-start|p1a: Chansey|move: Leech Seed\n|\n|-damage|p1a: Chansey|88/100|[from] Leech Seed|[of] p2a: Vileplume\n|upkeep\n|turn|26\n|inactive|Time left: 300 sec this turn | 300 sec total\n|\n|t:|1783562735\n|switch|p1a: Araquanid|Araquanid, L82, F|76/100\n|move|p2a: Vileplume|Sludge Bomb|p1a: Araquanid\n|-crit|p1a: Araquanid\n|-damage|p1a: Araquanid|25/100\n|\n|upkeep\n|turn|27\n|inactive|Time left: 300 sec this turn | 300 sec total\n|\n|t:|1783562736\n|move|p1a: Araquanid|Leech Life|p2a: Vileplume\n|-damage|p2a: Vileplume|197/266 par\n|-heal|p1a: Araquanid|39/100|[from] drain|[of] p2a: Vileplume\n|move|p2a: Vileplume|Giga Drain|p1a: Araquanid\n|-damage|p1a: Araquanid|11/100\n|-heal|p2a: Vileplume|232/266 par|[from] drain|[of] p1a: Araquanid\n|\n|-heal|p2a: Vileplume|248/266 par|[from] item: Leftovers\n|upkeep\n|turn|28\n|inactive|Time left: 300 sec this turn | 300 sec total\n|\n|t:|1783562737\n|move|p1a: Araquanid|Liquidation|p2a: Vileplume\n|-resisted|p2a: Vileplume\n|-damage|p2a: Vileplume|183/266 par\n|-unboost|p2a: Vileplume|def|1\n|move|p2a: Vileplume|Giga Drain|p1a: Araquanid\n|-damage|p1a: Araquanid|0 fnt\n|-heal|p2a: Vileplume|196/266 par|[from] drain|[of] p1a: Araquanid\n|faint|p1a: Araquanid\n|\n|-heal|p2a: Vileplume|212/266 par|[from] item: Leftovers\n|upkeep\n|\n|t:|1783562738\n|switch|p1a: Conkeldurr|Conkeldurr, L80, M|82/100 brn\n|turn|29\n|inactive|Time left: 300 sec this turn | 300 sec total\n|\n|t:|1783562739\n|move|p1a: Conkeldurr|Facade|p2a: Vileplume\n|-damage|p2a: Vileplume|0 fnt\n|faint|p2a: Vileplume\n|\n|-damage|p1a: Conkeldurr|76/100 brn|[from] brn\n|upkeep\n|inactive|Time left: 300 sec this turn | 300 sec total | 5 sec grace\n|\n|t:|1783562740\n|switch|p2a: Thundurus|Thundurus-Therian, L80, M|190/258\n|turn|30\n|inactive|Time left: 300 sec this turn | 300 sec total\n|\n|t:|1783562741\n|move|p2a: Thundurus|Psychic|p1a: Conkeldurr\n|-supereffective|p1a: Conkeldurr\n|-damage|p1a: Conkeldurr|0 fnt\n|faint|p1a: Conkeldurr\n|\n|upkeep\n|\n|t:|1783562742\n|switch|p1a: Chansey|Chansey, L85, F|88/100\n|turn|31\n|inactive|Time left: 300 sec this turn | 300 sec total\n|\n|t:|1783562743\n|switch|p2a: Meganium|Meganium, L90, F|290/290\n|-activate|p2a: Meganium|move: Sticky Web\n|-unboost|p2a: Meganium|spe|1\n|move|p1a: Chansey|Seismic Toss|p2a: Meganium\n|-damage|p2a: Meganium|205/290\n|\n|-heal|p2a: Meganium|223/290|[from] item: Leftovers\n|upkeep\n|turn|32\n|inactive|Time left: 300 sec this turn | 300 sec total\n|\n|t:|1783562745\n|move|p1a: Chansey|Thunder Wave|p2a: Meganium|[miss]\n|-miss|p1a: Chansey|p2a: Meganium\n|move|p2a: Meganium|Swords Dance|p2a: Meganium\n|-boost|p2a: Meganium|atk|2\n|\n|-heal|p2a: Meganium|241/290|[from] item: Leftovers\n|upkeep\n|turn|33\n|inactive|Time left: 300 sec this turn | 300 sec total\n|\n|t:|1783562745\n|move|p1a: Chansey|Thunder Wave|p2a: Meganium|[miss]\n|-miss|p1a: Chansey|p2a: Meganium\n|move|p2a: Meganium|Petal Blizzard|p1a: Chansey\n|-damage|p1a: Chansey|7/100\n|\n|-heal|p2a: Meganium|259/290|[from] item: Leftovers\n|upkeep\n|turn|34\n|inactive|Time left: 300 sec this turn | 300 sec total\n|\n|t:|1783562747\n|move|p1a: Chansey|Thunder Wave|p2a: Meganium\n|-status|p2a: Meganium|par\n|move|p2a: Meganium|Petal Blizzard|p1a: Chansey\n|-damage|p1a: Chansey|0 fnt\n|faint|p1a: Chansey\n|\n|win|p0y1964ab93", "uploadtime": 1783562747, "views": 0, "rating": 0, "private": 0, "password": null, "_winner": "p0y1964ab93", "_our_name": "p0y1964ab93"}