{"id": "battle-gen9randombattle-2969", "formatid": "gen9randombattle", "format": "[Gen 9] Random Battle", "players": ["p0x2969cf5b", "p0y29697f44"], "log": "|init|battle\n|title|p0x2969cf5b vs. p0y29697f44\n|j|\u2606p0x2969cf5b\n|j|\u2606p0y29697f44\n|t:|1783573197\n|gametype|singles\n|player|p1|p0x2969cf5b|1|\n|player|p2|p0y29697f44|2|\n|gen|9\n|tier|[Gen 9] Random Battle\n|rule|Species Clause: Limit one of each Pok\u00e9mon\n|rule|HP Percentage Mod: HP is shown in percentages\n|rule|Sleep Clause Mod: Limit one foe put to sleep\n|rule|Illusion Level Mod: Illusion disguises the Pok\u00e9mon's true level\n|\n|t:|1783573197\n|teamsize|p1|6\n|teamsize|p2|6\n|start\n|switch|p1a: Araquanid|Araquanid, L82, F|100/100\n|switch|p2a: Ludicolo|Ludicolo, L90, F|290/290\n|turn|1\n|inactive|Battle timer is ON: inactive players will automatically lose when time's up. (requested by p0y29697f44)\n|\n|t:|1783573199\n|move|p1a: Araquanid|Dark Pulse|p2a: Ludicolo\n|-damage|p2a: Ludicolo|164/290\n|cant|p2a: Ludicolo|flinch\n|\n|upkeep\n|turn|2\n|inactive|Time left: 300 sec this turn | 300 sec total\n|inactive|p0x2969cf5b also wants the timer to be on.\n|\n|t:|1783573200\n|move|p1a: Araquanid|Dark Pulse|p2a: Ludicolo\n|-damage|p2a: Ludicolo|28/290\n|move|p2a: Ludicolo|Hydro Pump|p1a: Araquanid\n|-damage|p1a: Araquanid|0 fnt\n|replace|p1a: Zoroark|Zoroark, L83, F\n|-end|p1a: Zoroark|Illusion\n|-hint|Illusion Level Mod is active, so this Pok\u00e9mon's true level was hidden.\n|faint|p1a: Zoroark\n|\n|upkeep\n|\n|t:|1783573201\n|switch|p1a: Araquanid|Araquanid, L82, F|100/100\n|turn|3\n|inactive|Time left: 300 sec this turn | 300 sec total\n|\n|t:|1783573202\n|move|p2a: Ludicolo|Hydro Pump|p1a: Araquanid\n|-resisted|p1a: Araquanid\n|-damage|p1a: Araquanid|72/100\n|move|p1a: Araquanid|Sticky Web|p2a: Ludicolo\n|-sidestart|p2: p0y29697f44|move: Sticky Web\n|\n|upkeep\n|turn|4\n|inactive|Time left: 300 sec this turn | 300 sec total\n|\n|t:|1783573203\n|move|p2a: Ludicolo|Hydro Pump|p1a: Araquanid|[miss]\n|-miss|p2a: Ludicolo|p1a: Araquanid\n|move|p1a: Araquanid|Leech Life|p2a: Ludicolo\n|-supereffective|p2a: Ludicolo\n|-damage|p2a: Ludicolo|0 fnt\n|-heal|p1a: Araquanid|78/100|[from] drain|[of] p2a: Ludicolo\n|faint|p2a: Ludicolo\n|\n|upkeep\n|inactive|Time left: 300 sec this turn | 300 sec total | 5 sec grace\n|\n|t:|1783573204\n|switch|p2a: Drifblim|Drifblim, L86, F|398/398\n|turn|5\n|inactive|Time left: 300 sec this turn | 300 sec total\n|\n|t:|1783573205\n|move|p2a: Drifblim|Defog|p1a: Araquanid\n|-unboost|p1a: Araquanid|evasion|1\n|-sideend|p2: p0y29697f44|Sticky Web|[from] move: Defog|[of] p2a: Drifblim\n|move|p1a: Araquanid|Liquidation|p2a: Drifblim\n|-damage|p2a: Drifblim|184/398\n|-unboost|p2a: Drifblim|def|1\n|\n|upkeep\n|turn|6\n|inactive|Time left: 300 sec this turn | 300 sec total\n|\n|t:|1783573206\n|move|p2a: Drifblim|Strength Sap|p1a: Araquanid\n|-unboost|p1a: Araquanid|atk|1\n|-heal|p2a: Drifblim|346/398\n|move|p1a: Araquanid|Sticky Web|p2a: Drifblim\n|-sidestart|p2: p0y29697f44|move: Sticky Web\n|\n|upkeep\n|turn|7\n|inactive|Time left: 300 sec this turn | 300 sec total\n|\n|t:|1783573207\n|move|p2a: Drifblim|Defog|p1a: Araquanid\n|-unboost|p1a: Araquanid|evasion|1\n|-sideend|p2: p0y29697f44|Sticky Web|[from] move: Defog|[of] p2a: Drifblim\n|move|p1a: Araquanid|Liquidation|p2a: Drifblim\n|-damage|p2a: Drifblim|151/398\n|\n|upkeep\n|turn|8\n|inactive|Time left: 300 sec this turn | 300 sec total\n|\n|t:|1783573208\n|move|p2a: Drifblim|Strength Sap|p1a: Araquanid\n|-unboost|p1a: Araquanid|atk|1\n|-heal|p2a: Drifblim|259/398\n|move|p1a: Araquanid|Sticky Web|p2a: Drifblim\n|-sidestart|p2: p0y29697f44|move: Sticky Web\n|\n|upkeep\n|turn|9\n|inactive|Time left: 300 sec this turn | 300 sec total\n|\n|t:|1783573209\n|switch|p1a: Klawf|Klawf, L90, M|100/100\n|move|p2a: Drifblim|Defog|p1a: Klawf\n|-unboost|p1a: Klawf|evasion|1\n|-sideend|p2: p0y29697f44|Sticky Web|[from] move: Defog|[of] p2a: Drifblim\n|\n|upkeep\n|turn|10\n|inactive|Time left: 300 sec this turn | 300 sec total\n|\n|t:|1783573210\n|switch|p2a: Lucario|Lucario, L84, F|255/255\n|move|p1a: Klawf|Stone Edge|p2a: Lucario\n|-resisted|p2a: Lucario\n|-damage|p2a: Lucario|220/255\n|\n|upkeep\n|turn|11\n|inactive|Time left: 300 sec this turn | 300 sec total\n|\n|t:|1783573211\n|switch|p1a: Swampert|Swampert, L83, F|100/100\n|move|p2a: Lucario|Focus Blast|p1a: Swampert|[miss]\n|-miss|p2a: Lucario|p1a: Swampert\n|\n|upkeep\n|turn|12\n|inactive|Time left: 300 sec this turn | 300 sec total\n|\n|t:|1783573212\n|switch|p2a: Drifblim|Drifblim, L86, F|259/398\n|move|p1a: Swampert|Earthquake|p2a: Drifblim\n|-immune|p2a: Drifblim\n|\n|upkeep\n|turn|13\n|inactive|Time left: 300 sec this turn | 300 sec total\n|\n|t:|1783573213\n|move|p2a: Drifblim|Strength Sap|p1a: Swampert\n|-unboost|p1a: Swampert|atk|1\n|-heal|p2a: Drifblim|398/398\n|move|p1a: Swampert|Knock Off|p2a: Drifblim\n|-supereffective|p2a: Drifblim\n|-damage|p2a: Drifblim|250/398\n|-enditem|p2a: Drifblim|Heavy-Duty Boots|[from] move: Knock Off|[of] p1a: Swampert\n|\n|upkeep\n|turn|14\n|inactive|Time left: 300 sec this turn | 300 sec total\n|\n|t:|1783573214\n|move|p2a: Drifblim|Strength Sap|p1a: Swampert\n|-unboost|p1a: Swampert|atk|1\n|-heal|p2a: Drifblim|398/398\n|move|p1a: Swampert|Ice Beam|p2a: Drifblim\n|-supereffective|p2a: Drifblim\n|-damage|p2a: Drifblim|252/398\n|\n|upkeep\n|turn|15\n|inactive|Time left: 300 sec this turn | 300 sec total\n|\n|t:|1783573215\n|switch|p1a: Araquanid|Araquanid, L82, F|78/100\n|move|p2a: Drifblim|Air Slash|p1a: Araquanid\n|-supereffective|p1a: Araquanid\n|-damage|p1a: Araquanid|31/100\n|\n|upkeep\n|turn|16\n|inactive|Time left: 300 sec this turn | 300 sec total\n|\n|t:|1783573216\n|move|p2a: Drifblim|Air Slash|p1a: Araquanid\n|-supereffective|p1a: Araquanid\n|-damage|p1a: Araquanid|0 fnt\n|faint|p1a: Araquanid\n|\n|upkeep\n|\n|t:|1783573217\n|switch|p1a: Klawf|Klawf, L90, M|100/100\n|turn|17\n|inactive|Time left: 300 sec this turn | 300 sec total\n|\n|t:|1783573218\n|move|p2a: Drifblim|Strength Sap|p1a: Klawf\n|-unboost|p1a: Klawf|atk|1\n|-heal|p2a: Drifblim|398/398\n|move|p1a: Klawf|Swords Dance|p1a: Klawf\n|-boost|p1a: Klawf|atk|2\n|\n|upkeep\n|turn|18\n|inactive|Time left: 300 sec this turn | 300 sec total\n|\n|t:|1783573219\n|move|p2a: Drifblim|Shadow Ball|p1a: Klawf\n|-damage|p1a: Klawf|57/100\n|-unboost|p1a: Klawf|spd|1\n|move|p1a: Klawf|Stone Edge|p2a: Drifblim\n|-supereffective|p2a: Drifblim\n|-damage|p2a: Drifblim|0 fnt\n|faint|p2a: Drifblim\n|\n|upkeep\n|inactive|Time left: 300 sec this turn | 300 sec total | 5 sec grace\n|\n|t:|1783573220\n|switch|p2a: Illumise|Illumise, L91, F|266/266\n|turn|19\n|inactive|Time left: 300 sec this turn | 300 sec total\n|\n|t:|1783573221\n|switch|p1a: Groudon|Groudon, L72|100/100\n|-weather|SunnyDay|[from] ability: Drought|[of] p1a: Groudon\n|move|p2a: Illumise|Bug Buzz|p1a: Groudon\n|-damage|p1a: Groudon|62/100\n|\n|-weather|SunnyDay|[upkeep]\n|-heal|p1a: Groudon|69/100|[from] item: Leftovers\n|upkeep\n|turn|20\n|inactive|Time left: 300 sec this turn | 300 sec total\n|\n|t:|1783573222\n|switch|p2a: Toxapex|Toxapex, L82, M|216/216\n|move|p1a: Groudon|Heat Crash|p2a: Toxapex\n|-resisted|p2a: Toxapex\n|-damage|p2a: Toxapex|176/216\n|\n|-weather|SunnyDay|[upkeep]\n|-heal|p1a: Groudon|75/100|[from] item: Leftovers\n|-heal|p2a: Toxapex|189/216|[from] item: Leftovers\n|upkeep\n|turn|21\n|inactive|Time left: 300 sec this turn | 300 sec total\n|\n|t:|1783573224\n|move|p1a: Groudon|Precipice Blades|p2a: Toxapex\n|-supereffective|p2a: Toxapex\n|-damage|p2a: Toxapex|7/216\n|move|p2a: Toxapex|Toxic Spikes|p1a: Groudon\n|-sidestart|p1: p0x2969cf5b|move: Toxic Spikes\n|\n|-weather|SunnyDay|[upkeep]\n|-heal|p1a: Groudon|81/100|[from] item: Leftovers\n|-heal|p2a: Toxapex|20/216|[from] item: Leftovers\n|upkeep\n|turn|22\n|inactive|Time left: 300 sec this turn | 300 sec total\n|\n|t:|1783573225\n|move|p1a: Groudon|Heat Crash|p2a: Toxapex\n|-resisted|p2a: Toxapex\n|-damage|p2a: Toxapex|0 fnt\n|faint|p2a: Toxapex\n|\n|-weather|SunnyDay|[upkeep]\n|-heal|p1a: Groudon|87/100|[from] item: Leftovers\n|upkeep\n|inactive|Time left: 300 sec this turn | 300 sec total | 5 sec grace\n|\n|t:|1783573225\n|switch|p2a: Lucario|Lucario, L84, F|220/255\n|turn|23\n|inactive|Time left: 300 sec this turn | 300 sec total\n|\n|t:|1783573226\n|-terastallize|p2a: Lucario|Fighting\n|move|p2a: Lucario|Focus Blast|p1a: Groudon\n|-damage|p1a: Groudon|0 fnt\n|faint|p1a: Groudon\n|-damage|p2a: Lucario|195/255|[from] item: Life Orb\n|\n|-weather|none\n|upkeep\n|\n|t:|1783573227\n|switch|p1a: Slowbro|Slowbro-Galar, L87, M|100/100\n|-sideend|p1: p0x2969cf5b|move: Toxic Spikes|[of] p1a: Slowbro\n|turn|24\n|inactive|Time left: 300 sec this turn | 300 sec total\n|\n|t:|1783573228\n|switch|p2a: Illumise|Illumise, L91, F|266/266\n|move|p1a: Slowbro|Psychic|p2a: Illumise\n|-damage|p2a: Illumise|141/266\n|-damage|p1a: Slowbro|91/100|[from] item: Life Orb\n|\n|upkeep\n|turn|25\n|inactive|Time left: 300 sec this turn | 300 sec total\n|\n|t:|1783573229\n|move|p2a: Illumise|Bug Buzz|p1a: Slowbro\n|-damage|p1a: Slowbro|55/100\n|move|p1a: Slowbro|Fire Blast|p2a: Illumise\n|-supereffective|p2a: Illumise\n|-damage|p2a: Illumise|0 fnt\n|faint|p2a: Illumise\n|-damage|p1a: Slowbro|45/100|[from] item: Life Orb\n|\n|upkeep\n|inactive|Time left: 300 sec this turn | 300 sec total | 5 sec grace\n|\n|t:|1783573230\n|switch|p2a: Lucario|Lucario, L84, F, tera:Fighting|195/255\n|turn|26\n|inactive|Time left: 300 sec this turn | 300 sec total\n|\n|t:|1783573231\n|switch|p1a: Swampert|Swampert, L83, F|100/100\n|move|p2a: Lucario|Flash Cannon|p1a: Swampert\n|-resisted|p1a: Swampert\n|-damage|p1a: Swampert|80/100\n|-unboost|p1a: Swampert|spd|1\n|-damage|p2a: Lucario|170/255|[from] item: Life Orb\n|\n|-heal|p1a: Swampert|86/100|[from] item: Leftovers\n|upkeep\n|turn|27\n|inactive|Time left: 300 sec this turn | 300 sec total\n|\n|t:|1783573232\n|move|p2a: Lucario|Focus Blast|p1a: Swampert|[miss]\n|-miss|p2a: Lucario|p1a: Swampert\n|move|p1a: Swampert|Earthquake|p2a: Lucario\n|-damage|p2a: Lucario|29/255\n|\n|-heal|p1a: Swampert|92/100|[from] item: Leftovers\n|upkeep\n|turn|28\n|inactive|Time left: 300 sec this turn | 300 sec total\n|\n|t:|1783573233\n|switch|p1a: Slowbro|Slowbro-Galar, L87, M|78/100\n|move|p2a: Lucario|Focus Blast|p1a: Slowbro|[miss]\n|-miss|p2a: Lucario|p1a: Slowbro\n|\n|upkeep\n|turn|29\n|inactive|Time left: 300 sec this turn | 300 sec total\n|\n|t:|1783573233\n|switch|p1a: Swampert|Swampert, L83, F|92/100\n|move|p2a: Lucario|Flash Cannon|p1a: Swampert\n|-resisted|p1a: Swampert\n|-damage|p1a: Swampert|70/100\n|-damage|p2a: Lucario|4/255|[from] item: Life Orb\n|\n|-heal|p1a: Swampert|76/100|[from] item: Leftovers\n|upkeep\n|turn|30\n|inactive|Time left: 300 sec this turn | 300 sec total\n|\n|t:|1783573234\n|move|p2a: Lucario|Focus Blast|p1a: Swampert\n|-damage|p1a: Swampert|0 fnt\n|faint|p1a: Swampert\n|-damage|p2a: Lucario|0 fnt|[from] item: Life Orb\n|faint|p2a: Lucario\n|\n|upkeep\n|inactive|Time left: 300 sec this turn | 300 sec total | 5 sec grace\n|\n|t:|1783573236\n|switch|p2a: Revavroom|Revavroom, L79, F|256/256\n|switch|p1a: Slowbro|Slowbro-Galar, L87, M|100/100\n|turn|31\n|inactive|Time left: 300 sec this turn | 300 sec total\n|\n|t:|1783573236\n|-terastallize|p1a: Slowbro|Poison\n|move|p2a: Revavroom|Iron Head|p1a: Slowbro\n|-damage|p1a: Slowbro|67/100\n|-damage|p2a: Revavroom|231/256|[from] item: Life Orb\n|cant|p1a: Slowbro|flinch\n|\n|upkeep\n|turn|32\n|inactive|Time left: 300 sec this turn | 300 sec total\n|\n|t:|1783573238\n|move|p2a: Revavroom|Iron Head|p1a: Slowbro\n|-damage|p1a: Slowbro|33/100\n|-damage|p2a: Revavroom|206/256|[from] item: Life Orb\n|move|p1a: Slowbro|Fire Blast|p2a: Revavroom\n|-supereffective|p2a: Revavroom\n|-damage|p2a: Revavroom|0 fnt\n|faint|p2a: Revavroom\n|-damage|p1a: Slowbro|24/100|[from] item: Life Orb\n|\n|win|p0x2969cf5b", "uploadtime": 1783573238, "views": 0, "rating": 0, "private": 0, "password": null, "_winner": "p0x2969cf5b", "_our_name": "p0y29697f44"}