{"id": "battle-gen9randombattle-1651", "formatid": "gen9randombattle", "format": "[Gen 9] Random Battle", "players": ["p0x16514c08", "p0y1651d480"], "log": "|init|battle\n|title|p0x16514c08 vs. p0y1651d480\n|j|\u2606p0x16514c08\n|j|\u2606p0y1651d480\n|t:|1783558370\n|gametype|singles\n|player|p1|p0x16514c08|266|\n|player|p2|p0y1651d480|170|\n|gen|9\n|tier|[Gen 9] Random Battle\n|rule|Species Clause: Limit one of each Pok\u00e9mon\n|rule|HP Percentage Mod: HP is shown in percentages\n|rule|Sleep Clause Mod: Limit one foe put to sleep\n|rule|Illusion Level Mod: Illusion disguises the Pok\u00e9mon's true level\n|\n|t:|1783558370\n|teamsize|p1|6\n|teamsize|p2|6\n|start\n|switch|p1a: Phione|Phione, L91|293/293\n|switch|p2a: Stonjourner|Stonjourner, L91, M|100/100\n|turn|1\n|inactive|Battle timer is ON: inactive players will automatically lose when time's up. (requested by p0x16514c08)\n|inactive|p0y1651d480 also wants the timer to be on.\n|\n|t:|1783558372\n|switch|p2a: Mimikyu|Mimikyu, L79, F|100/100\n|move|p1a: Phione|Scald|p2a: Mimikyu\n|-activate|p2a: Mimikyu|ability: Disguise\n|-damage|p2a: Mimikyu|100/100\n|-status|p2a: Mimikyu|brn\n|detailschange|p2a: Mimikyu|Mimikyu-Busted, L79, F\n|-damage|p2a: Mimikyu|88/100 brn|[from] pokemon: Mimikyu-Busted\n|\n|-damage|p2a: Mimikyu|82/100 brn|[from] brn\n|upkeep\n|turn|2\n|inactive|Time left: 300 sec this turn | 300 sec total\n|\n|t:|1783558373\n|move|p2a: Mimikyu|Swords Dance|p2a: Mimikyu\n|-boost|p2a: Mimikyu|atk|2\n|move|p1a: Phione|Scald|p2a: Mimikyu\n|-damage|p2a: Mimikyu|48/100 brn\n|\n|-damage|p2a: Mimikyu|42/100 brn|[from] brn\n|upkeep\n|turn|3\n|inactive|Time left: 300 sec this turn | 300 sec total\n|\n|t:|1783558374\n|move|p2a: Mimikyu|Play Rough|p1a: Phione\n|-damage|p1a: Phione|196/293\n|-damage|p2a: Mimikyu|32/100 brn|[from] item: Life Orb\n|move|p1a: Phione|Scald|p2a: Mimikyu\n|-damage|p2a: Mimikyu|0 fnt\n|faint|p2a: Mimikyu\n|\n|-heal|p1a: Phione|214/293|[from] item: Leftovers\n|upkeep\n|\n|t:|1783558375\n|switch|p2a: Jolteon|Jolteon, L84, F|100/100\n|turn|4\n|inactive|Time left: 300 sec this turn | 300 sec total\n|\n|t:|1783558377\n|switch|p1a: Alcremie|Alcremie-Ruby-Swirl, L90, F|263/263\n|move|p2a: Jolteon|Thunderbolt|p1a: Alcremie\n|-damage|p1a: Alcremie|185/263\n|\n|-heal|p1a: Alcremie|201/263|[from] item: Leftovers\n|upkeep\n|turn|5\n|inactive|Time left: 300 sec this turn | 300 sec total\n|\n|t:|1783558378\n|move|p2a: Jolteon|Calm Mind|p2a: Jolteon\n|-boost|p2a: Jolteon|spa|1\n|-boost|p2a: Jolteon|spd|1\n|move|p1a: Alcremie|Calm Mind|p1a: Alcremie\n|-boost|p1a: Alcremie|spa|1\n|-boost|p1a: Alcremie|spd|1\n|\n|-heal|p1a: Alcremie|217/263|[from] item: Leftovers\n|upkeep\n|turn|6\n|inactive|Time left: 300 sec this turn | 300 sec total\n|\n|t:|1783558379\n|move|p2a: Jolteon|Calm Mind|p2a: Jolteon\n|-boost|p2a: Jolteon|spa|1\n|-boost|p2a: Jolteon|spd|1\n|move|p1a: Alcremie|Alluring Voice|p2a: Jolteon\n|-damage|p2a: Jolteon|68/100\n|-start|p2a: Jolteon|confusion\n|\n|-heal|p1a: Alcremie|233/263|[from] item: Leftovers\n|upkeep\n|turn|7\n|inactive|Time left: 300 sec this turn | 300 sec total\n|\n|t:|1783558380\n|-activate|p2a: Jolteon|confusion\n|move|p2a: Jolteon|Calm Mind|p2a: Jolteon\n|-boost|p2a: Jolteon|spa|1\n|-boost|p2a: Jolteon|spd|1\n|move|p1a: Alcremie|Alluring Voice|p2a: Jolteon\n|-damage|p2a: Jolteon|45/100\n|\n|-heal|p1a: Alcremie|249/263|[from] item: Leftovers\n|upkeep\n|turn|8\n|inactive|Time left: 300 sec this turn | 300 sec total\n|\n|t:|1783558381\n|-activate|p2a: Jolteon|confusion\n|-damage|p2a: Jolteon|36/100|[from] confusion\n|move|p1a: Alcremie|Alluring Voice|p2a: Jolteon\n|-damage|p2a: Jolteon|12/100\n|\n|-heal|p1a: Alcremie|263/263|[from] item: Leftovers\n|upkeep\n|turn|9\n|inactive|Time left: 300 sec this turn | 300 sec total\n|\n|t:|1783558382\n|-activate|p2a: Jolteon|confusion\n|move|p2a: Jolteon|Thunderbolt|p1a: Alcremie\n|-damage|p1a: Alcremie|134/263\n|move|p1a: Alcremie|Alluring Voice|p2a: Jolteon\n|-damage|p2a: Jolteon|0 fnt\n|faint|p2a: Jolteon\n|\n|-heal|p1a: Alcremie|150/263|[from] item: Leftovers\n|upkeep\n|\n|t:|1783558383\n|switch|p2a: Stonjourner|Stonjourner, L91, M|100/100\n|turn|10\n|inactive|Time left: 300 sec this turn | 300 sec total\n|\n|t:|1783558384\n|switch|p1a: Hydreigon|Hydreigon, L79, M|275/275\n|move|p2a: Stonjourner|Heat Crash|p1a: Hydreigon\n|-resisted|p1a: Hydreigon\n|-damage|p1a: Hydreigon|217/275\n|-damage|p2a: Stonjourner|90/100|[from] item: Life Orb\n|\n|upkeep\n|turn|11\n|inactive|Time left: 300 sec this turn | 300 sec total\n|\n|t:|1783558385\n|switch|p2a: Houndstone|Houndstone, L86, F|100/100\n|move|p1a: Hydreigon|Dark Pulse|p2a: Houndstone\n|-supereffective|p2a: Houndstone\n|-damage|p2a: Houndstone|43/100\n|-damage|p1a: Hydreigon|190/275|[from] item: Life Orb\n|\n|upkeep\n|turn|12\n|inactive|Time left: 300 sec this turn | 300 sec total\n|\n|t:|1783558386\n|-terastallize|p2a: Houndstone|Fairy\n|move|p1a: Hydreigon|Dark Pulse|p2a: Houndstone\n|-resisted|p2a: Houndstone\n|-crit|p2a: Houndstone\n|-damage|p2a: Houndstone|22/100\n|-damage|p1a: Hydreigon|163/275|[from] item: Life Orb\n|move|p2a: Houndstone|Play Rough|p1a: Hydreigon\n|-supereffective|p1a: Hydreigon\n|-damage|p1a: Hydreigon|0 fnt\n|faint|p1a: Hydreigon\n|\n|upkeep\n|inactive|Time left: 300 sec this turn | 300 sec total | 5 sec grace\n|\n|t:|1783558387\n|switch|p1a: Alcremie|Alcremie-Ruby-Swirl, L90, F|150/263\n|turn|13\n|inactive|Time left: 300 sec this turn | 300 sec total\n|\n|t:|1783558388\n|move|p2a: Houndstone|Shadow Sneak|p1a: Alcremie\n|-damage|p1a: Alcremie|102/263\n|move|p1a: Alcremie|Alluring Voice|p2a: Houndstone\n|-damage|p2a: Houndstone|0 fnt\n|faint|p2a: Houndstone\n|\n|-heal|p1a: Alcremie|118/263|[from] item: Leftovers\n|upkeep\n|\n|t:|1783558388\n|switch|p2a: Stonjourner|Stonjourner, L91, M|90/100\n|turn|14\n|inactive|Time left: 300 sec this turn | 300 sec total\n|\n|t:|1783558389\n|switch|p1a: Phione|Phione, L91|214/293\n|move|p2a: Stonjourner|Stone Edge|p1a: Phione\n|-damage|p1a: Phione|6/293\n|-damage|p2a: Stonjourner|80/100|[from] item: Life Orb\n|\n|-heal|p1a: Phione|24/293|[from] item: Leftovers\n|upkeep\n|turn|15\n|inactive|Time left: 300 sec this turn | 300 sec total\n|\n|t:|1783558390\n|switch|p2a: Uxie|Uxie, L83|100/100\n|move|p1a: Phione|Scald|p2a: Uxie\n|-damage|p2a: Uxie|75/100\n|\n|-heal|p2a: Uxie|81/100|[from] item: Leftovers\n|-heal|p1a: Phione|42/293|[from] item: Leftovers\n|upkeep\n|turn|16\n|inactive|Time left: 300 sec this turn | 300 sec total\n|\n|t:|1783558391\n|switch|p1a: Alcremie|Alcremie-Ruby-Swirl, L90, F|118/263\n|move|p2a: Uxie|Psychic Noise|p1a: Alcremie\n|-damage|p1a: Alcremie|69/263\n|-block|p1a: Alcremie|ability: Aroma Veil|[of] p1a: Alcremie\n|\n|-heal|p2a: Uxie|87/100|[from] item: Leftovers\n|-heal|p1a: Alcremie|85/263|[from] item: Leftovers\n|upkeep\n|turn|17\n|inactive|Time left: 300 sec this turn | 300 sec total\n|\n|t:|1783558392\n|move|p2a: Uxie|Thunder Wave|p1a: Alcremie\n|-status|p1a: Alcremie|par\n|move|p1a: Alcremie|Recover|p1a: Alcremie\n|-heal|p1a: Alcremie|217/263 par\n|\n|-heal|p2a: Uxie|93/100|[from] item: Leftovers\n|-heal|p1a: Alcremie|233/263 par|[from] item: Leftovers\n|upkeep\n|turn|18\n|inactive|Time left: 300 sec this turn | 300 sec total\n|\n|t:|1783558393\n|move|p2a: Uxie|Psychic Noise|p1a: Alcremie\n|-damage|p1a: Alcremie|184/263 par\n|-block|p1a: Alcremie|ability: Aroma Veil|[of] p1a: Alcremie\n|move|p1a: Alcremie|Calm Mind|p1a: Alcremie\n|-boost|p1a: Alcremie|spa|1\n|-boost|p1a: Alcremie|spd|1\n|\n|-heal|p2a: Uxie|99/100|[from] item: Leftovers\n|-heal|p1a: Alcremie|200/263 par|[from] item: Leftovers\n|upkeep\n|turn|19\n|inactive|Time left: 300 sec this turn | 300 sec total\n|\n|t:|1783558394\n|move|p2a: Uxie|Psychic Noise|p1a: Alcremie\n|-crit|p1a: Alcremie\n|-damage|p1a: Alcremie|130/263 par\n|-block|p1a: Alcremie|ability: Aroma Veil|[of] p1a: Alcremie\n|move|p1a: Alcremie|Alluring Voice|p2a: Uxie\n|-damage|p2a: Uxie|56/100\n|\n|-heal|p2a: Uxie|62/100|[from] item: Leftovers\n|-heal|p1a: Alcremie|146/263 par|[from] item: Leftovers\n|upkeep\n|turn|20\n|inactive|Time left: 300 sec this turn | 300 sec total\n|\n|t:|1783558395\n|move|p2a: Uxie|Psychic Noise|p1a: Alcremie\n|-damage|p1a: Alcremie|113/263 par\n|-block|p1a: Alcremie|ability: Aroma Veil|[of] p1a: Alcremie\n|cant|p1a: Alcremie|par\n|\n|-heal|p2a: Uxie|69/100|[from] item: Leftovers\n|-heal|p1a: Alcremie|129/263 par|[from] item: Leftovers\n|upkeep\n|turn|21\n|inactive|Time left: 300 sec this turn | 300 sec total\n|\n|t:|1783558396\n|move|p2a: Uxie|Psychic Noise|p1a: Alcremie\n|-damage|p1a: Alcremie|98/263 par\n|-block|p1a: Alcremie|ability: Aroma Veil|[of] p1a: Alcremie\n|move|p1a: Alcremie|Alluring Voice|p2a: Uxie\n|-damage|p2a: Uxie|22/100\n|\n|-heal|p2a: Uxie|28/100|[from] item: Leftovers\n|-heal|p1a: Alcremie|114/263 par|[from] item: Leftovers\n|upkeep\n|turn|22\n|inactive|Time left: 300 sec this turn | 300 sec total\n|\n|t:|1783558397\n|move|p2a: Uxie|Psychic Noise|p1a: Alcremie\n|-damage|p1a: Alcremie|80/263 par\n|-block|p1a: Alcremie|ability: Aroma Veil|[of] p1a: Alcremie\n|move|p1a: Alcremie|Recover|p1a: Alcremie\n|-heal|p1a: Alcremie|212/263 par\n|\n|-heal|p2a: Uxie|34/100|[from] item: Leftovers\n|-heal|p1a: Alcremie|228/263 par|[from] item: Leftovers\n|upkeep\n|turn|23\n|inactive|Time left: 300 sec this turn | 300 sec total\n|\n|t:|1783558398\n|move|p2a: Uxie|Psychic Noise|p1a: Alcremie\n|-damage|p1a: Alcremie|198/263 par\n|-block|p1a: Alcremie|ability: Aroma Veil|[of] p1a: Alcremie\n|move|p1a: Alcremie|Alluring Voice|p2a: Uxie\n|-damage|p2a: Uxie|0 fnt\n|faint|p2a: Uxie\n|\n|-heal|p1a: Alcremie|214/263 par|[from] item: Leftovers\n|upkeep\n|\n|t:|1783558399\n|switch|p2a: Stonjourner|Stonjourner, L91, M|80/100\n|turn|24\n|inactive|Time left: 300 sec this turn | 300 sec total\n|\n|t:|1783558400\n|move|p2a: Stonjourner|Stone Edge|p1a: Alcremie\n|-damage|p1a: Alcremie|0 fnt\n|faint|p1a: Alcremie\n|-damage|p2a: Stonjourner|70/100|[from] item: Life Orb\n|\n|upkeep\n|inactive|Time left: 300 sec this turn | 300 sec total | 5 sec grace\n|\n|t:|1783558401\n|switch|p1a: Gardevoir|Gardevoir, L83, F|249/249\n|-ability|p1a: Gardevoir|Power Spot|Trace|[from] ability: Trace|[of] p2a: Stonjourner\n|turn|25\n|inactive|Time left: 300 sec this turn | 300 sec total\n|\n|t:|1783558402\n|move|p1a: Gardevoir|Moonblast|p2a: Stonjourner\n|-damage|p2a: Stonjourner|0 fnt\n|faint|p2a: Stonjourner\n|-damage|p1a: Gardevoir|225/249|[from] item: Life Orb\n|\n|upkeep\n|\n|t:|1783558403\n|switch|p2a: Cyclizar|Cyclizar, L84, F|100/100\n|turn|26\n|inactive|Time left: 300 sec this turn | 300 sec total\n|\n|t:|1783558404\n|-terastallize|p1a: Gardevoir|Fairy\n|move|p2a: Cyclizar|Shed Tail|p2a: Cyclizar\n|-fail|p2a: Cyclizar\n|move|p1a: Gardevoir|Moonblast|p2a: Cyclizar\n|-supereffective|p2a: Cyclizar\n|-damage|p2a: Cyclizar|0 fnt\n|faint|p2a: Cyclizar\n|-damage|p1a: Gardevoir|201/249|[from] item: Life Orb\n|\n|win|p0x16514c08", "uploadtime": 1783558404, "views": 0, "rating": 0, "private": 0, "password": null, "_winner": "p0x16514c08", "_our_name": "p0x16514c08"}