{"id": "battle-gen9randombattle-1353", "formatid": "gen9randombattle", "format": "[Gen 9] Random Battle", "players": ["p0x1353da07", "p0y1353e858"], "log": "|init|battle\n|title|p0x1353da07 vs. p0y1353e858\n|j|\u2606p0x1353da07\n|j|\u2606p0y1353e858\n|t:|1783554842\n|gametype|singles\n|player|p1|p0x1353da07|1|\n|player|p2|p0y1353e858|2|\n|gen|9\n|tier|[Gen 9] Random Battle\n|rule|Species Clause: Limit one of each Pok\u00e9mon\n|rule|HP Percentage Mod: HP is shown in percentages\n|rule|Sleep Clause Mod: Limit one foe put to sleep\n|rule|Illusion Level Mod: Illusion disguises the Pok\u00e9mon's true level\n|\n|t:|1783554842\n|teamsize|p1|6\n|teamsize|p2|6\n|start\n|switch|p1a: Mandibuzz|Mandibuzz, L85, F|326/326\n|switch|p2a: Armarouge|Armarouge, L80, M|100/100\n|turn|1\n|inactive|Battle timer is ON: inactive players will automatically lose when time's up. (requested by p0y1353e858)\n|inactive|Time left: 300 sec this turn | 300 sec total | 60 sec grace\n|inactive|p0x1353da07 also wants the timer to be on.\n|\n|t:|1783554843\n|switch|p1a: Florges|Florges, L85, F|271/271\n|move|p2a: Armarouge|Meteor Beam||[still]\n|-prepare|p2a: Armarouge|Meteor Beam\n|-boost|p2a: Armarouge|spa|1\n|-enditem|p2a: Armarouge|Power Herb\n|-anim|p2a: Armarouge|Meteor Beam|p1a: Florges\n|-damage|p1a: Florges|183/271\n|\n|-heal|p1a: Florges|199/271|[from] item: Leftovers\n|upkeep\n|turn|2\n|inactive|Time left: 300 sec this turn | 300 sec total\n|\n|t:|1783554845\n|-terastallize|p1a: Florges|Ground\n|move|p1a: Florges|Tera Blast|p2a: Armarouge|[anim] Tera Blast Ground\n|-supereffective|p2a: Armarouge\n|-damage|p2a: Armarouge|22/100\n|move|p2a: Armarouge|Meteor Beam||[still]\n|-prepare|p2a: Armarouge|Meteor Beam\n|-boost|p2a: Armarouge|spa|1\n|\n|-heal|p1a: Florges|215/271|[from] item: Leftovers\n|upkeep\n|turn|3\n|inactive|Time left: 300 sec this turn | 300 sec total\n|\n|t:|1783554845\n|move|p1a: Florges|Tera Blast|p2a: Armarouge|[anim] Tera Blast Ground\n|-supereffective|p2a: Armarouge\n|-damage|p2a: Armarouge|0 fnt\n|faint|p2a: Armarouge\n|\n|-heal|p1a: Florges|231/271|[from] item: Leftovers\n|upkeep\n|\n|t:|1783554846\n|switch|p2a: Cinccino|Cinccino, L83, F|100/100\n|turn|4\n|inactive|Time left: 300 sec this turn | 300 sec total\n|\n|t:|1783554847\n|switch|p1a: Mandibuzz|Mandibuzz, L85, F|326/326\n|move|p2a: Cinccino|Triple Axel|p1a: Mandibuzz|[miss]\n|-miss|p2a: Cinccino|p1a: Mandibuzz\n|\n|upkeep\n|turn|5\n|inactive|Time left: 300 sec this turn | 300 sec total\n|\n|t:|1783554848\n|move|p2a: Cinccino|Triple Axel|p1a: Mandibuzz\n|-supereffective|p1a: Mandibuzz\n|-damage|p1a: Mandibuzz|288/326\n|-supereffective|p1a: Mandibuzz\n|-damage|p1a: Mandibuzz|216/326\n|-supereffective|p1a: Mandibuzz\n|-damage|p1a: Mandibuzz|110/326\n|-hitcount|p1a: Mandibuzz|3\n|move|p1a: Mandibuzz|Foul Play|p2a: Cinccino\n|-damage|p2a: Cinccino|46/100\n|\n|upkeep\n|turn|6\n|inactive|Time left: 300 sec this turn | 300 sec total\n|\n|t:|1783554849\n|move|p2a: Cinccino|Triple Axel|p1a: Mandibuzz\n|-supereffective|p1a: Mandibuzz\n|-damage|p1a: Mandibuzz|76/326\n|-supereffective|p1a: Mandibuzz\n|-damage|p1a: Mandibuzz|4/326\n|-supereffective|p1a: Mandibuzz\n|-damage|p1a: Mandibuzz|0 fnt\n|faint|p1a: Mandibuzz\n|-hitcount|p1: Mandibuzz|3\n|\n|upkeep\n|inactive|Time left: 300 sec this turn | 300 sec total | 5 sec grace\n|\n|t:|1783554850\n|switch|p1a: Malamar|Malamar, L82, F|275/275\n|turn|7\n|inactive|Time left: 300 sec this turn | 300 sec total\n|\n|t:|1783554851\n|move|p2a: Cinccino|Tail Slap|p1a: Malamar\n|-damage|p1a: Malamar|235/275\n|-damage|p1a: Malamar|192/275\n|-damage|p1a: Malamar|153/275\n|-damage|p1a: Malamar|111/275\n|-hitcount|p1a: Malamar|4\n|move|p1a: Malamar|Superpower|p2a: Cinccino\n|-supereffective|p2a: Cinccino\n|-damage|p2a: Cinccino|0 fnt\n|-boost|p1a: Malamar|atk|1\n|-boost|p1a: Malamar|def|1\n|faint|p2a: Cinccino\n|\n|-heal|p1a: Malamar|128/275|[from] item: Leftovers\n|upkeep\n|\n|t:|1783554852\n|switch|p2a: Mienshao|Mienshao, L83, F|100/100\n|turn|8\n|inactive|Time left: 300 sec this turn | 300 sec total\n|\n|t:|1783554853\n|move|p2a: Mienshao|U-turn|p1a: Malamar\n|-supereffective|p1a: Malamar\n|-damage|p1a: Malamar|0 fnt\n|faint|p1a: Malamar\n|\n|t:|1783554853\n|switch|p2a: Seviper|Seviper, L93, F|100/100|[from] U-turn\n|\n|upkeep\n|inactive|Time left: 300 sec this turn | 300 sec total | 10 sec grace\n|\n|t:|1783554854\n|switch|p1a: Florges|Florges, L85, F, tera:Ground|231/271\n|turn|9\n|inactive|Time left: 300 sec this turn | 300 sec total\n|\n|t:|1783554856\n|-terastallize|p2a: Seviper|Grass\n|move|p1a: Florges|Tera Blast|p2a: Seviper|[anim] Tera Blast Ground\n|-resisted|p2a: Seviper\n|-damage|p2a: Seviper|80/100\n|move|p2a: Seviper|Trailblaze|p1a: Florges\n|-supereffective|p1a: Florges\n|-damage|p1a: Florges|45/271\n|-boost|p2a: Seviper|spe|1\n|\n|-heal|p2a: Seviper|86/100|[from] item: Leftovers\n|-heal|p1a: Florges|61/271|[from] item: Leftovers\n|upkeep\n|turn|10\n|inactive|Time left: 300 sec this turn | 300 sec total\n|\n|t:|1783554857\n|switch|p1a: Cyclizar|Cyclizar, L84, M|255/255\n|move|p2a: Seviper|Swords Dance|p2a: Seviper\n|-boost|p2a: Seviper|atk|2\n|\n|-heal|p2a: Seviper|91/100|[from] item: Leftovers\n|upkeep\n|turn|11\n|inactive|Time left: 300 sec this turn | 300 sec total\n|\n|t:|1783554858\n|move|p2a: Seviper|Gunk Shot|p1a: Cyclizar\n|-damage|p1a: Cyclizar|0 fnt\n|faint|p1a: Cyclizar\n|\n|-heal|p2a: Seviper|97/100|[from] item: Leftovers\n|upkeep\n|inactive|Time left: 300 sec this turn | 300 sec total | 5 sec grace\n|\n|t:|1783554859\n|switch|p1a: Carbink|Carbink, L90|236/236\n|turn|12\n|inactive|Time left: 300 sec this turn | 300 sec total\n|\n|t:|1783554860\n|move|p2a: Seviper|Trailblaze|p1a: Carbink\n|-supereffective|p1a: Carbink\n|-damage|p1a: Carbink|54/236\n|-boost|p2a: Seviper|spe|1\n|move|p1a: Carbink|Rest|p1a: Carbink\n|-status|p1a: Carbink|slp|[from] move: Rest\n|-heal|p1a: Carbink|236/236 slp|[silent]\n|-enditem|p1a: Carbink|Chesto Berry|[eat]\n|-curestatus|p1a: Carbink|slp|[msg]\n|\n|-heal|p2a: Seviper|100/100|[from] item: Leftovers\n|upkeep\n|turn|13\n|inactive|Time left: 300 sec this turn | 300 sec total\n|\n|t:|1783554862\n|move|p2a: Seviper|Trailblaze|p1a: Carbink\n|-supereffective|p1a: Carbink\n|-damage|p1a: Carbink|38/236\n|-boost|p2a: Seviper|spe|1\n|move|p1a: Carbink|Moonblast|p2a: Seviper\n|-damage|p2a: Seviper|71/100\n|\n|-heal|p2a: Seviper|77/100|[from] item: Leftovers\n|upkeep\n|turn|14\n|inactive|Time left: 300 sec this turn | 300 sec total\n|\n|t:|1783554863\n|move|p2a: Seviper|Earthquake|p1a: Carbink\n|-supereffective|p1a: Carbink\n|-damage|p1a: Carbink|0 fnt\n|faint|p1a: Carbink\n|\n|-heal|p2a: Seviper|83/100|[from] item: Leftovers\n|upkeep\n|inactive|Time left: 300 sec this turn | 300 sec total | 5 sec grace\n|\n|t:|1783554864\n|switch|p1a: Florges|Florges, L85, F, tera:Ground|61/271\n|turn|15\n|inactive|Time left: 300 sec this turn | 300 sec total\n|\n|t:|1783554865\n|move|p2a: Seviper|Earthquake|p1a: Florges\n|-damage|p1a: Florges|0 fnt\n|faint|p1a: Florges\n|\n|-heal|p2a: Seviper|89/100|[from] item: Leftovers\n|upkeep\n|inactive|Time left: 300 sec this turn | 300 sec total | 5 sec grace\n|\n|t:|1783554866\n|switch|p1a: Gastrodon|Gastrodon, L86, F|331/331\n|turn|16\n|inactive|Time left: 300 sec this turn | 300 sec total\n|\n|t:|1783554867\n|move|p2a: Seviper|Trailblaze|p1a: Gastrodon\n|-supereffective|p1a: Gastrodon\n|-damage|p1a: Gastrodon|0 fnt\n|-boost|p2a: Seviper|spe|1\n|faint|p1a: Gastrodon\n|\n|win|p0y1353e858", "uploadtime": 1783554867, "views": 0, "rating": 0, "private": 0, "password": null, "_winner": "p0y1353e858", "_our_name": "p0x1353da07"}