{"id": "battle-gen9randombattle-1173", "formatid": "gen9randombattle", "format": "[Gen 9] Random Battle", "players": ["p0x11734ebb", "p0y1173c420"], "log": "|init|battle\n|title|p0x11734ebb vs. p0y1173c420\n|j|\u2606p0x11734ebb\n|j|\u2606p0y1173c420\n|t:|1783552711\n|gametype|singles\n|player|p1|p0x11734ebb|1|\n|player|p2|p0y1173c420|101|\n|gen|9\n|tier|[Gen 9] Random Battle\n|rule|Species Clause: Limit one of each Pok\u00e9mon\n|rule|HP Percentage Mod: HP is shown in percentages\n|rule|Sleep Clause Mod: Limit one foe put to sleep\n|rule|Illusion Level Mod: Illusion disguises the Pok\u00e9mon's true level\n|\n|t:|1783552711\n|teamsize|p1|6\n|teamsize|p2|6\n|start\n|switch|p1a: Great Tusk|Great Tusk, L77|304/304\n|switch|p2a: Glalie|Glalie, L96, F|100/100\n|turn|1\n|inactive|Battle timer is ON: inactive players will automatically lose when time's up. (requested by p0y1173c420)\n|inactive|Time left: 300 sec this turn | 300 sec total | 60 sec grace\n|inactive|p0x11734ebb also wants the timer to be on.\n|\n|t:|1783552712\n|move|p2a: Glalie|Freeze-Dry|p1a: Great Tusk\n|-supereffective|p1a: Great Tusk\n|-damage|p1a: Great Tusk|62/304\n|move|p1a: Great Tusk|Earthquake|p2a: Glalie\n|-damage|p2a: Glalie|67/100\n|\n|-heal|p1a: Great Tusk|81/304|[from] item: Leftovers\n|upkeep\n|turn|2\n|inactive|Time left: 300 sec this turn | 300 sec total\n|\n|t:|1783552713\n|-end|p1a: Great Tusk|Protosynthesis|[silent]\n|switch|p1a: Volcarona|Volcarona, L77, M|257/257\n|move|p2a: Glalie|Freeze-Dry|p1a: Volcarona\n|-resisted|p1a: Volcarona\n|-crit|p1a: Volcarona\n|-damage|p1a: Volcarona|192/257\n|\n|upkeep\n|turn|3\n|inactive|Time left: 300 sec this turn | 300 sec total\n|\n|t:|1783552715\n|move|p2a: Glalie|Earthquake|p1a: Volcarona\n|-damage|p1a: Volcarona|78/257\n|move|p1a: Volcarona|Quiver Dance|p1a: Volcarona\n|-boost|p1a: Volcarona|spa|1\n|-boost|p1a: Volcarona|spd|1\n|-boost|p1a: Volcarona|spe|1\n|\n|upkeep\n|turn|4\n|inactive|Time left: 300 sec this turn | 300 sec total\n|\n|t:|1783552715\n|switch|p2a: Gyarados|Gyarados, L79, M|100/100\n|move|p1a: Volcarona|Bug Buzz|p2a: Gyarados\n|-resisted|p2a: Gyarados\n|-damage|p2a: Gyarados|63/100\n|\n|upkeep\n|turn|5\n|inactive|Time left: 300 sec this turn | 300 sec total\n|\n|t:|1783552716\n|move|p1a: Volcarona|Bug Buzz|p2a: Gyarados\n|-resisted|p2a: Gyarados\n|-damage|p2a: Gyarados|23/100\n|move|p2a: Gyarados|Waterfall|p1a: Volcarona\n|-supereffective|p1a: Volcarona\n|-damage|p1a: Volcarona|0 fnt\n|faint|p1a: Volcarona\n|-ability|p2a: Gyarados|Moxie|boost\n|-boost|p2a: Gyarados|atk|1\n|\n|upkeep\n|inactive|Time left: 300 sec this turn | 300 sec total | 5 sec grace\n|\n|t:|1783552717\n|switch|p1a: Basculegion|Basculegion-F, L83, F|335/335\n|turn|6\n|inactive|Time left: 300 sec this turn | 300 sec total\n|\n|t:|1783552718\n|move|p1a: Basculegion|Hydro Pump|p2a: Gyarados\n|-resisted|p2a: Gyarados\n|-damage|p2a: Gyarados|0 fnt\n|faint|p2a: Gyarados\n|\n|upkeep\n|\n|t:|1783552719\n|switch|p2a: Ogerpon|Ogerpon-Cornerstone, L76, F|100/100\n|turn|7\n|inactive|Time left: 300 sec this turn | 300 sec total\n|\n|t:|1783552720\n|move|p2a: Ogerpon|Swords Dance|p2a: Ogerpon\n|-boost|p2a: Ogerpon|atk|2\n|move|p1a: Basculegion|Hydro Pump|p2a: Ogerpon\n|-damage|p2a: Ogerpon|2/100\n|\n|upkeep\n|turn|8\n|inactive|Time left: 300 sec this turn | 300 sec total\n|\n|t:|1783552721\n|switch|p1a: Magnezone|Magnezone, L85|258/258\n|move|p2a: Ogerpon|Horn Leech|p1a: Magnezone\n|-resisted|p1a: Magnezone\n|-damage|p1a: Magnezone|182/258\n|-heal|p2a: Ogerpon|17/100|[from] drain|[of] p1a: Magnezone\n|\n|upkeep\n|turn|9\n|inactive|Time left: 300 sec this turn | 300 sec total\n|\n|t:|1783552722\n|-terastallize|p1a: Magnezone|Flying\n|move|p2a: Ogerpon|Superpower|p1a: Magnezone\n|-resisted|p1a: Magnezone\n|-damage|p1a: Magnezone|104/258\n|-unboost|p2a: Ogerpon|atk|1\n|-unboost|p2a: Ogerpon|def|1\n|move|p1a: Magnezone|Flash Cannon|p2a: Ogerpon\n|-supereffective|p2a: Ogerpon\n|-damage|p2a: Ogerpon|0 fnt\n|faint|p2a: Ogerpon\n|\n|upkeep\n|\n|t:|1783552723\n|switch|p2a: Arceus|Arceus-Ice, L72|100/100\n|turn|10\n|inactive|Time left: 300 sec this turn | 300 sec total\n|\n|t:|1783552724\n|switch|p1a: Basculegion|Basculegion-F, L83, F|335/335\n|move|p2a: Arceus|Judgment|p1a: Basculegion\n|-resisted|p1a: Basculegion\n|-damage|p1a: Basculegion|269/335\n|\n|upkeep\n|turn|11\n|inactive|Time left: 300 sec this turn | 300 sec total\n|\n|t:|1783552725\n|move|p2a: Arceus|Calm Mind|p2a: Arceus\n|-boost|p2a: Arceus|spa|1\n|-boost|p2a: Arceus|spd|1\n|move|p1a: Basculegion|Hydro Pump|p2a: Arceus\n|-damage|p2a: Arceus|48/100\n|\n|upkeep\n|turn|12\n|inactive|Time left: 300 sec this turn | 300 sec total\n|\n|t:|1783552726\n|move|p2a: Arceus|Recover|p2a: Arceus\n|-heal|p2a: Arceus|98/100\n|move|p1a: Basculegion|Hydro Pump|p2a: Arceus\n|-damage|p2a: Arceus|51/100\n|\n|upkeep\n|turn|13\n|inactive|Time left: 300 sec this turn | 300 sec total\n|\n|t:|1783552727\n|move|p2a: Arceus|Recover|p2a: Arceus\n|-heal|p2a: Arceus|100/100\n|move|p1a: Basculegion|Hydro Pump|p2a: Arceus\n|-damage|p2a: Arceus|52/100\n|\n|upkeep\n|turn|14\n|inactive|Time left: 300 sec this turn | 300 sec total\n|\n|t:|1783552729\n|move|p2a: Arceus|Recover|p2a: Arceus\n|-heal|p2a: Arceus|100/100\n|move|p1a: Basculegion|Hydro Pump|p2a: Arceus\n|-damage|p2a: Arceus|50/100\n|\n|upkeep\n|turn|15\n|inactive|Time left: 300 sec this turn | 300 sec total\n|\n|t:|1783552730\n|move|p2a: Arceus|Recover|p2a: Arceus\n|-heal|p2a: Arceus|99/100\n|move|p1a: Basculegion|Hydro Pump|p2a: Arceus\n|-damage|p2a: Arceus|52/100\n|\n|upkeep\n|turn|16\n|inactive|Time left: 300 sec this turn | 300 sec total\n|\n|t:|1783552731\n|move|p2a: Arceus|Recover|p2a: Arceus\n|-heal|p2a: Arceus|100/100\n|move|p1a: Basculegion|Hydro Pump|p2a: Arceus\n|-damage|p2a: Arceus|54/100\n|\n|upkeep\n|turn|17\n|inactive|Time left: 300 sec this turn | 300 sec total\n|\n|t:|1783552732\n|move|p2a: Arceus|Judgment|p1a: Basculegion\n|-resisted|p1a: Basculegion\n|-damage|p1a: Basculegion|179/335\n|-activate|p1a: Basculegion|move: Struggle\n|move|p1a: Basculegion|Struggle|p2a: Arceus\n|-damage|p2a: Arceus|43/100\n|-damage|p1a: Basculegion|95/335|[from] recoil\n|\n|upkeep\n|turn|18\n|inactive|Time left: 300 sec this turn | 300 sec total\n|\n|t:|1783552733\n|switch|p1a: Meloetta|Meloetta, L82|298/298\n|move|p2a: Arceus|Judgment|p1a: Meloetta\n|-damage|p1a: Meloetta|175/298\n|\n|upkeep\n|turn|19\n|inactive|Time left: 300 sec this turn | 300 sec total\n|\n|t:|1783552734\n|move|p2a: Arceus|Recover|p2a: Arceus\n|-heal|p2a: Arceus|93/100\n|move|p1a: Meloetta|Close Combat|p2a: Arceus\n|-supereffective|p2a: Arceus\n|-damage|p2a: Arceus|38/100\n|-unboost|p1a: Meloetta|def|1\n|-unboost|p1a: Meloetta|spd|1\n|-damage|p1a: Meloetta|146/298|[from] item: Life Orb\n|\n|upkeep\n|turn|20\n|inactive|Time left: 300 sec this turn | 300 sec total\n|\n|t:|1783552735\n|switch|p1a: Great Tusk|Great Tusk, L77|81/304\n|move|p2a: Arceus|Judgment|p1a: Great Tusk\n|-supereffective|p1a: Great Tusk\n|-damage|p1a: Great Tusk|0 fnt\n|faint|p1a: Great Tusk\n|-end|p1a: Great Tusk|Protosynthesis|[silent]\n|\n|upkeep\n|inactive|Time left: 300 sec this turn | 300 sec total | 5 sec grace\n|\n|t:|1783552736\n|switch|p1a: Meloetta|Meloetta, L82|146/298\n|turn|21\n|inactive|Time left: 300 sec this turn | 300 sec total\n|\n|t:|1783552737\n|move|p2a: Arceus|Recover|p2a: Arceus\n|-heal|p2a: Arceus|88/100\n|move|p1a: Meloetta|Close Combat|p2a: Arceus\n|-supereffective|p2a: Arceus\n|-damage|p2a: Arceus|35/100\n|-unboost|p1a: Meloetta|def|1\n|-unboost|p1a: Meloetta|spd|1\n|-damage|p1a: Meloetta|117/298|[from] item: Life Orb\n|\n|upkeep\n|turn|22\n|inactive|Time left: 300 sec this turn | 300 sec total\n|\n|t:|1783552738\n|move|p2a: Arceus|Judgment|p1a: Meloetta\n|-damage|p1a: Meloetta|0 fnt\n|faint|p1a: Meloetta\n|\n|upkeep\n|inactive|Time left: 300 sec this turn | 300 sec total | 5 sec grace\n|\n|t:|1783552739\n|switch|p1a: Decidueye|Decidueye, L88, F|281/281\n|turn|23\n|inactive|Time left: 300 sec this turn | 300 sec total\n|\n|t:|1783552740\n|move|p2a: Arceus|Judgment|p1a: Decidueye\n|-supereffective|p1a: Decidueye\n|-damage|p1a: Decidueye|93/281\n|move|p1a: Decidueye|Spirit Shackle|p2a: Arceus\n|-damage|p2a: Arceus|6/100\n|-activate|p2a: Arceus|trapped\n|\n|upkeep\n|turn|24\n|inactive|Time left: 300 sec this turn | 300 sec total\n|\n|t:|1783552742\n|move|p2a: Arceus|Judgment|p1a: Decidueye\n|-supereffective|p1a: Decidueye\n|-damage|p1a: Decidueye|0 fnt\n|faint|p1a: Decidueye\n|\n|upkeep\n|inactive|Time left: 300 sec this turn | 300 sec total | 5 sec grace\n|\n|t:|1783552742\n|switch|p1a: Basculegion|Basculegion-F, L83, F|95/335\n|turn|25\n|inactive|Time left: 300 sec this turn | 300 sec total\n|\n|t:|1783552743\n|switch|p1a: Magnezone|Magnezone, L85, tera:Flying|104/258\n|-terastallize|p2a: Arceus|Electric\n|move|p2a: Arceus|Thunderbolt|p1a: Magnezone\n|-supereffective|p1a: Magnezone\n|-damage|p1a: Magnezone|0 fnt\n|faint|p1a: Magnezone\n|\n|upkeep\n|inactive|Time left: 300 sec this turn | 300 sec total | 5 sec grace\n|\n|t:|1783552744\n|switch|p1a: Basculegion|Basculegion-F, L83, F|95/335\n|turn|26\n|inactive|Time left: 300 sec this turn | 300 sec total\n|\n|t:|1783552745\n|move|p2a: Arceus|Thunderbolt|p1a: Basculegion\n|-supereffective|p1a: Basculegion\n|-damage|p1a: Basculegion|0 fnt\n|faint|p1a: Basculegion\n|\n|win|p0y1173c420", "uploadtime": 1783552745, "views": 0, "rating": 0, "private": 0, "password": null, "_winner": "p0y1173c420", "_our_name": "p0x11734ebb"}