{"id": "battle-gen9randombattle-2699", "formatid": "gen9randombattle", "format": "[Gen 9] Random Battle", "players": ["p0x2699e450", "p0y2699b119"], "log": "|init|battle\n|title|p0x2699e450 vs. p0y2699b119\n|j|\u2606p0x2699e450\n|j|\u2606p0y2699b119\n|t:|1783570132\n|gametype|singles\n|player|p1|p0x2699e450|170|\n|player|p2|p0y2699b119|101|\n|gen|9\n|tier|[Gen 9] Random Battle\n|rule|Species Clause: Limit one of each Pok\u00e9mon\n|rule|HP Percentage Mod: HP is shown in percentages\n|rule|Sleep Clause Mod: Limit one foe put to sleep\n|rule|Illusion Level Mod: Illusion disguises the Pok\u00e9mon's true level\n|\n|t:|1783570132\n|teamsize|p1|6\n|teamsize|p2|6\n|start\n|switch|p1a: Alomomola|Alomomola, L87, F|429/429\n|switch|p2a: Chesnaught|Chesnaught, L84, F|100/100\n|turn|1\n|inactive|Battle timer is ON: inactive players will automatically lose when time's up. (requested by p0y2699b119)\n|inactive|Time left: 300 sec this turn | 300 sec total | 60 sec grace\n|inactive|p0x2699e450 also wants the timer to be on.\n|\n|t:|1783570134\n|move|p1a: Alomomola|Scald|p2a: Chesnaught\n|-resisted|p2a: Chesnaught\n|-damage|p2a: Chesnaught|91/100\n|move|p2a: Chesnaught|Wood Hammer|p1a: Alomomola\n|-supereffective|p1a: Alomomola\n|-damage|p1a: Alomomola|145/429\n|-damage|p2a: Chesnaught|58/100|[from] Recoil\n|\n|-heal|p1a: Alomomola|171/429|[from] item: Leftovers\n|upkeep\n|turn|2\n|inactive|Time left: 300 sec this turn | 300 sec total\n|\n|t:|1783570135\n|switch|p1a: Clefable|Clefable, L83, F|293/293\n|move|p2a: Chesnaught|Knock Off|p1a: Clefable\n|-resisted|p1a: Clefable\n|-damage|p1a: Clefable|252/293\n|-enditem|p1a: Clefable|Life Orb|[from] move: Knock Off|[of] p2a: Chesnaught\n|\n|upkeep\n|turn|3\n|inactive|Time left: 300 sec this turn | 300 sec total\n|\n|t:|1783570136\n|move|p2a: Chesnaught|Wood Hammer|p1a: Clefable\n|-damage|p1a: Clefable|90/293\n|-damage|p2a: Chesnaught|39/100|[from] Recoil\n|move|p1a: Clefable|Moonblast|p2a: Chesnaught\n|-supereffective|p2a: Chesnaught\n|-damage|p2a: Chesnaught|0 fnt\n|faint|p2a: Chesnaught\n|\n|upkeep\n|\n|t:|1783570137\n|switch|p2a: Azelf|Azelf, L82|100/100\n|turn|4\n|inactive|Time left: 300 sec this turn | 300 sec total\n|\n|t:|1783570138\n|move|p2a: Azelf|Psychic|p1a: Clefable\n|-damage|p1a: Clefable|0 fnt\n|faint|p1a: Clefable\n|\n|upkeep\n|inactive|Time left: 300 sec this turn | 300 sec total | 5 sec grace\n|\n|t:|1783570139\n|switch|p1a: Samurott|Samurott, L88, M|310/310\n|turn|5\n|inactive|Time left: 300 sec this turn | 300 sec total\n|\n|t:|1783570140\n|move|p2a: Azelf|Psychic|p1a: Samurott\n|-damage|p1a: Samurott|123/310\n|move|p1a: Samurott|Swords Dance|p1a: Samurott\n|-boost|p1a: Samurott|atk|2\n|\n|upkeep\n|turn|6\n|inactive|Time left: 300 sec this turn | 300 sec total\n|\n|t:|1783570141\n|switch|p1a: Wigglytuff|Wigglytuff, L96, F|424/424\n|move|p2a: Azelf|Psychic|p1a: Wigglytuff\n|-damage|p1a: Wigglytuff|201/424\n|\n|-heal|p1a: Wigglytuff|227/424|[from] item: Leftovers\n|upkeep\n|turn|7\n|inactive|Time left: 300 sec this turn | 300 sec total\n|\n|t:|1783570142\n|move|p2a: Azelf|Psychic|p1a: Wigglytuff\n|-damage|p1a: Wigglytuff|0 fnt\n|faint|p1a: Wigglytuff\n|\n|upkeep\n|inactive|Time left: 300 sec this turn | 300 sec total | 5 sec grace\n|\n|t:|1783570143\n|switch|p1a: Alomomola|Alomomola, L87, F|314/429\n|turn|8\n|inactive|Time left: 300 sec this turn | 300 sec total\n|\n|t:|1783570144\n|move|p1a: Alomomola|Protect|p1a: Alomomola\n|-singleturn|p1a: Alomomola|Protect\n|move|p2a: Azelf|Psychic|p1a: Alomomola\n|-activate|p1a: Alomomola|move: Protect\n|\n|-heal|p1a: Alomomola|340/429|[from] item: Leftovers\n|upkeep\n|turn|9\n|inactive|Time left: 300 sec this turn | 300 sec total\n|\n|t:|1783570145\n|move|p2a: Azelf|Psychic|p1a: Alomomola\n|-damage|p1a: Alomomola|99/429\n|move|p1a: Alomomola|Flip Turn|p2a: Azelf\n|-damage|p2a: Azelf|74/100\n|inactive|Time left: 300 sec this turn | 300 sec total | 5 sec grace\n|\n|t:|1783570146\n|switch|p1a: Snorlax|Snorlax, L82, M|397/397|[from] Flip Turn\n|\n|upkeep\n|turn|10\n|inactive|Time left: 300 sec this turn | 300 sec total\n|\n|t:|1783570147\n|move|p2a: Azelf|Psychic|p1a: Snorlax\n|-damage|p1a: Snorlax|261/397\n|move|p1a: Snorlax|Body Slam|p2a: Azelf\n|-damage|p2a: Azelf|29/100\n|\n|upkeep\n|turn|11\n|inactive|Time left: 300 sec this turn | 300 sec total\n|\n|t:|1783570148\n|move|p2a: Azelf|Psychic|p1a: Snorlax\n|-damage|p1a: Snorlax|113/397\n|move|p1a: Snorlax|Body Slam|p2a: Azelf\n|-damage|p2a: Azelf|0 fnt\n|faint|p2a: Azelf\n|\n|upkeep\n|\n|t:|1783570149\n|switch|p2a: Walking Wake|Walking Wake, L79|100/100\n|turn|12\n|inactive|Time left: 300 sec this turn | 300 sec total\n|\n|t:|1783570150\n|move|p2a: Walking Wake|Hydro Pump|p1a: Snorlax\n|-damage|p1a: Snorlax|0 fnt\n|faint|p1a: Snorlax\n|\n|upkeep\n|inactive|Time left: 300 sec this turn | 300 sec total | 5 sec grace\n|\n|t:|1783570151\n|switch|p1a: Alomomola|Alomomola, L87, F|242/429\n|turn|13\n|inactive|Time left: 300 sec this turn | 300 sec total\n|\n|t:|1783570152\n|move|p2a: Walking Wake|Hydro Pump|p1a: Alomomola\n|-resisted|p1a: Alomomola\n|-damage|p1a: Alomomola|107/429\n|move|p1a: Alomomola|Wish|p1a: Alomomola\n|\n|-heal|p1a: Alomomola|133/429|[from] item: Leftovers\n|upkeep\n|turn|14\n|inactive|Time left: 300 sec this turn | 300 sec total\n|\n|t:|1783570153\n|switch|p1a: Samurott|Samurott, L88, M|123/310\n|move|p2a: Walking Wake|Hydro Pump|p1a: Samurott\n|-resisted|p1a: Samurott\n|-damage|p1a: Samurott|9/310\n|\n|-heal|p1a: Samurott|223/310|[from] move: Wish|[wisher] Alomomola\n|upkeep\n|turn|15\n|inactive|Time left: 300 sec this turn | 300 sec total\n|\n|t:|1783570154\n|move|p2a: Walking Wake|Hydro Pump|p1a: Samurott\n|-resisted|p1a: Samurott\n|-damage|p1a: Samurott|124/310\n|move|p1a: Samurott|Swords Dance|p1a: Samurott\n|-boost|p1a: Samurott|atk|2\n|\n|upkeep\n|turn|16\n|inactive|Time left: 300 sec this turn | 300 sec total\n|\n|t:|1783570155\n|move|p2a: Walking Wake|Hydro Pump|p1a: Samurott\n|-resisted|p1a: Samurott\n|-damage|p1a: Samurott|19/310\n|move|p1a: Samurott|Megahorn|p2a: Walking Wake\n|-damage|p2a: Walking Wake|5/100\n|-damage|p1a: Samurott|0 fnt|[from] item: Life Orb\n|faint|p1a: Samurott\n|\n|upkeep\n|inactive|Time left: 300 sec this turn | 300 sec total | 5 sec grace\n|\n|t:|1783570156\n|switch|p1a: Alomomola|Alomomola, L87, F|276/429\n|turn|17\n|inactive|Time left: 300 sec this turn | 300 sec total\n|\n|t:|1783570158\n|move|p2a: Walking Wake|Hydro Pump|p1a: Alomomola\n|-resisted|p1a: Alomomola\n|-damage|p1a: Alomomola|127/429\n|move|p1a: Alomomola|Flip Turn|p2a: Walking Wake\n|-resisted|p2a: Walking Wake\n|-damage|p2a: Walking Wake|0 fnt\n|faint|p2a: Walking Wake\n|-end|p2a: Walking Wake|Protosynthesis|[silent]\n|inactive|Time left: 300 sec this turn | 300 sec total | 5 sec grace\n|\n|t:|1783570159\n|switch|p1a: Delibird|Delibird, M|252/252|[from] Flip Turn\n|\n|upkeep\n|\n|t:|1783570160\n|switch|p2a: Oricorio|Oricorio, L84, M|100/100\n|turn|18\n|inactive|Time left: 300 sec this turn | 300 sec total\n|\n|t:|1783570161\n|switch|p1a: Alomomola|Alomomola, L87, F|270/429\n|move|p2a: Oricorio|Quiver Dance|p2a: Oricorio\n|-boost|p2a: Oricorio|spa|1\n|-boost|p2a: Oricorio|spd|1\n|-boost|p2a: Oricorio|spe|1\n|\n|-heal|p1a: Alomomola|296/429|[from] item: Leftovers\n|upkeep\n|turn|19\n|inactive|Time left: 300 sec this turn | 300 sec total\n|\n|t:|1783570162\n|move|p2a: Oricorio|Quiver Dance|p2a: Oricorio\n|-boost|p2a: Oricorio|spa|1\n|-boost|p2a: Oricorio|spd|1\n|-boost|p2a: Oricorio|spe|1\n|move|p1a: Alomomola|Flip Turn|p2a: Oricorio\n|-supereffective|p2a: Oricorio\n|-damage|p2a: Oricorio|48/100\n|inactive|Time left: 300 sec this turn | 300 sec total | 5 sec grace\n|\n|t:|1783570163\n|switch|p1a: Delibird|Delibird, M|252/252|[from] Flip Turn\n|\n|upkeep\n|turn|20\n|inactive|Time left: 300 sec this turn | 300 sec total\n|\n|t:|1783570164\n|move|p2a: Oricorio|Revelation Dance|p1a: Delibird\n|-supereffective|p1a: Delibird\n|-damage|p1a: Delibird|0 fnt\n|faint|p1a: Delibird\n|\n|upkeep\n|inactive|Time left: 300 sec this turn | 300 sec total | 5 sec grace\n|\n|t:|1783570165\n|switch|p1a: Alomomola|Alomomola, L87, F|429/429\n|turn|21\n|inactive|Time left: 300 sec this turn | 300 sec total\n|\n|t:|1783570166\n|move|p2a: Oricorio|Roost|p2a: Oricorio\n|-heal|p2a: Oricorio|98/100\n|-singleturn|p2a: Oricorio|move: Roost\n|move|p1a: Alomomola|Flip Turn|p2a: Oricorio\n|-supereffective|p2a: Oricorio\n|-damage|p2a: Oricorio|47/100\n|\n|upkeep\n|turn|22\n|inactive|Time left: 300 sec this turn | 300 sec total\n|\n|t:|1783570167\n|move|p2a: Oricorio|Roost|p2a: Oricorio\n|-heal|p2a: Oricorio|97/100\n|-singleturn|p2a: Oricorio|move: Roost\n|move|p1a: Alomomola|Flip Turn|p2a: Oricorio\n|-supereffective|p2a: Oricorio\n|-damage|p2a: Oricorio|45/100\n|\n|upkeep\n|turn|23\n|inactive|Time left: 300 sec this turn | 300 sec total\n|\n|t:|1783570168\n|move|p1a: Alomomola|Protect|p1a: Alomomola\n|-singleturn|p1a: Alomomola|Protect\n|move|p2a: Oricorio|Roost|p2a: Oricorio\n|-heal|p2a: Oricorio|95/100\n|-singleturn|p2a: Oricorio|move: Roost\n|\n|upkeep\n|turn|24\n|inactive|Time left: 300 sec this turn | 300 sec total\n|\n|t:|1783570169\n|-terastallize|p2a: Oricorio|Ground\n|move|p2a: Oricorio|Revelation Dance|p1a: Alomomola\n|-damage|p1a: Alomomola|158/429\n|move|p1a: Alomomola|Wish|p1a: Alomomola\n|\n|-heal|p1a: Alomomola|184/429|[from] item: Leftovers\n|upkeep\n|turn|25\n|inactive|Time left: 300 sec this turn | 300 sec total\n|\n|t:|1783570169\n|move|p1a: Alomomola|Protect|p1a: Alomomola\n|-singleturn|p1a: Alomomola|Protect\n|move|p2a: Oricorio|Revelation Dance|p1a: Alomomola\n|-activate|p1a: Alomomola|move: Protect\n|\n|-heal|p1a: Alomomola|398/429|[from] move: Wish|[wisher] Alomomola\n|-heal|p1a: Alomomola|424/429|[from] item: Leftovers\n|upkeep\n|turn|26\n|inactive|Time left: 300 sec this turn | 300 sec total\n|\n|t:|1783570170\n|move|p2a: Oricorio|Revelation Dance|p1a: Alomomola\n|-damage|p1a: Alomomola|150/429\n|move|p1a: Alomomola|Wish|p1a: Alomomola\n|\n|-heal|p1a: Alomomola|176/429|[from] item: Leftovers\n|upkeep\n|turn|27\n|inactive|Time left: 300 sec this turn | 300 sec total\n|\n|t:|1783570171\n|move|p1a: Alomomola|Protect|p1a: Alomomola\n|-singleturn|p1a: Alomomola|Protect\n|move|p2a: Oricorio|Revelation Dance|p1a: Alomomola\n|-activate|p1a: Alomomola|move: Protect\n|\n|-heal|p1a: Alomomola|390/429|[from] move: Wish|[wisher] Alomomola\n|-heal|p1a: Alomomola|416/429|[from] item: Leftovers\n|upkeep\n|turn|28\n|inactive|Time left: 300 sec this turn | 300 sec total\n|\n|t:|1783570172\n|move|p2a: Oricorio|Revelation Dance|p1a: Alomomola\n|-damage|p1a: Alomomola|128/429\n|move|p1a: Alomomola|Wish|p1a: Alomomola\n|\n|-heal|p1a: Alomomola|154/429|[from] item: Leftovers\n|upkeep\n|turn|29\n|inactive|Time left: 300 sec this turn | 300 sec total\n|\n|t:|1783570173\n|move|p1a: Alomomola|Protect|p1a: Alomomola\n|-singleturn|p1a: Alomomola|Protect\n|move|p2a: Oricorio|Revelation Dance|p1a: Alomomola\n|-activate|p1a: Alomomola|move: Protect\n|\n|-heal|p1a: Alomomola|368/429|[from] move: Wish|[wisher] Alomomola\n|-heal|p1a: Alomomola|394/429|[from] item: Leftovers\n|upkeep\n|turn|30\n|inactive|Time left: 300 sec this turn | 300 sec total\n|\n|t:|1783570174\n|move|p2a: Oricorio|Revelation Dance|p1a: Alomomola\n|-damage|p1a: Alomomola|94/429\n|move|p1a: Alomomola|Wish|p1a: Alomomola\n|\n|-heal|p1a: Alomomola|120/429|[from] item: Leftovers\n|upkeep\n|turn|31\n|inactive|Time left: 300 sec this turn | 300 sec total\n|\n|t:|1783570175\n|move|p1a: Alomomola|Protect|p1a: Alomomola\n|-singleturn|p1a: Alomomola|Protect\n|move|p2a: Oricorio|Revelation Dance|p1a: Alomomola\n|-activate|p1a: Alomomola|move: Protect\n|\n|-heal|p1a: Alomomola|334/429|[from] move: Wish|[wisher] Alomomola\n|-heal|p1a: Alomomola|360/429|[from] item: Leftovers\n|upkeep\n|turn|32\n|inactive|Time left: 300 sec this turn | 300 sec total\n|\n|t:|1783570176\n|move|p1a: Alomomola|Protect||[still]\n|-fail|p1a: Alomomola\n|move|p2a: Oricorio|Revelation Dance|p1a: Alomomola\n|-damage|p1a: Alomomola|57/429\n|\n|-heal|p1a: Alomomola|83/429|[from] item: Leftovers\n|upkeep\n|turn|33\n|inactive|Time left: 300 sec this turn | 300 sec total\n|\n|t:|1783570176\n|-terastallize|p1a: Alomomola|Poison\n|move|p1a: Alomomola|Protect|p1a: Alomomola\n|-singleturn|p1a: Alomomola|Protect\n|move|p2a: Oricorio|Revelation Dance|p1a: Alomomola\n|-activate|p1a: Alomomola|move: Protect\n|\n|-heal|p1a: Alomomola|109/429|[from] item: Leftovers\n|upkeep\n|turn|34\n|inactive|Time left: 300 sec this turn | 300 sec total\n|\n|t:|1783570177\n|move|p1a: Alomomola|Protect|p1a: Alomomola\n|-singleturn|p1a: Alomomola|Protect\n|move|p2a: Oricorio|Revelation Dance|p1a: Alomomola\n|-activate|p1a: Alomomola|move: Protect\n|\n|-heal|p1a: Alomomola|135/429|[from] item: Leftovers\n|upkeep\n|turn|35\n|inactive|Time left: 300 sec this turn | 300 sec total\n|\n|t:|1783570178\n|move|p1a: Alomomola|Protect||[still]\n|-fail|p1a: Alomomola\n|move|p2a: Oricorio|Revelation Dance|p1a: Alomomola\n|-supereffective|p1a: Alomomola\n|-damage|p1a: Alomomola|0 fnt\n|faint|p1a: Alomomola\n|\n|win|p0y2699b119", "uploadtime": 1783570178, "views": 0, "rating": 0, "private": 0, "password": null, "_winner": "p0y2699b119", "_our_name": "p0x2699e450"}