{"id": "battle-gen9randombattle-464", "formatid": "gen9randombattle", "format": "[Gen 9] Random Battle", "players": ["p0x4644a4f", "p0y4644f52"], "log": "|init|battle\n|title|p0x4644a4f vs. p0y4644f52\n|j|\u2606p0x4644a4f\n|j|\u2606p0y4644f52\n|t:|1783544431\n|gametype|singles\n|player|p1|p0x4644a4f|266|\n|player|p2|p0y4644f52|101|\n|gen|9\n|tier|[Gen 9] Random Battle\n|rule|Species Clause: Limit one of each Pok\u00e9mon\n|rule|HP Percentage Mod: HP is shown in percentages\n|rule|Sleep Clause Mod: Limit one foe put to sleep\n|rule|Illusion Level Mod: Illusion disguises the Pok\u00e9mon's true level\n|\n|t:|1783544431\n|teamsize|p1|6\n|teamsize|p2|6\n|start\n|switch|p1a: Dunsparce|Dunsparce, L86, F|312/312\n|switch|p2a: Comfey|Comfey, L85, F|100/100\n|turn|1\n|inactive|Battle timer is ON: inactive players will automatically lose when time's up. (requested by p0x4644a4f)\n|inactive|p0y4644f52 also wants the timer to be on.\n|\n|t:|1783544433\n|switch|p2a: Rotom|Rotom-Frost, L87|100/100\n|move|p1a: Dunsparce|Coil|p1a: Dunsparce\n|-boost|p1a: Dunsparce|atk|1\n|-boost|p1a: Dunsparce|def|1\n|-boost|p1a: Dunsparce|accuracy|1\n|\n|upkeep\n|turn|2\n|inactive|Time left: 300 sec this turn | 300 sec total\n|\n|t:|1783544435\n|move|p2a: Rotom|Nasty Plot|p2a: Rotom\n|-boost|p2a: Rotom|spa|2\n|move|p1a: Dunsparce|Body Slam|p2a: Rotom\n|-damage|p2a: Rotom|61/100\n|\n|upkeep\n|turn|3\n|inactive|Time left: 300 sec this turn | 300 sec total\n|\n|t:|1783544436\n|move|p2a: Rotom|Thunderbolt|p1a: Dunsparce\n|-damage|p1a: Dunsparce|147/312\n|move|p1a: Dunsparce|Body Slam|p2a: Rotom\n|-damage|p2a: Rotom|19/100\n|\n|upkeep\n|turn|4\n|inactive|Time left: 300 sec this turn | 300 sec total\n|\n|t:|1783544437\n|move|p2a: Rotom|Thunderbolt|p1a: Dunsparce\n|-damage|p1a: Dunsparce|0 fnt\n|faint|p1a: Dunsparce\n|\n|upkeep\n|inactive|Time left: 300 sec this turn | 300 sec total | 5 sec grace\n|\n|t:|1783544438\n|switch|p1a: Virizion|Virizion, L82|283/283\n|turn|5\n|inactive|Time left: 300 sec this turn | 300 sec total\n|\n|t:|1783544439\n|switch|p2a: Arcanine|Arcanine, L84, F|100/100\n|-ability|p2a: Arcanine|Intimidate|boost\n|-unboost|p1a: Virizion|atk|1\n|move|p1a: Virizion|Leaf Blade|p2a: Arcanine\n|-resisted|p2a: Arcanine\n|-damage|p2a: Arcanine|86/100\n|-damage|p1a: Virizion|255/283|[from] item: Life Orb\n|\n|upkeep\n|turn|6\n|inactive|Time left: 300 sec this turn | 300 sec total\n|\n|t:|1783544440\n|switch|p1a: Pelipper|Pelipper, L86, M|243/243\n|-weather|RainDance|[from] ability: Drizzle|[of] p1a: Pelipper\n|move|p2a: Arcanine|Flare Blitz|p1a: Pelipper\n|-resisted|p1a: Pelipper\n|-damage|p1a: Pelipper|213/243\n|-damage|p2a: Arcanine|82/100|[from] Recoil\n|\n|-weather|RainDance|[upkeep]\n|upkeep\n|turn|7\n|inactive|Time left: 300 sec this turn | 300 sec total\n|\n|t:|1783544442\n|switch|p2a: Hippowdon|Hippowdon, L82, M|100/100\n|-weather|Sandstorm|[from] ability: Sand Stream|[of] p2a: Hippowdon\n|move|p1a: Pelipper|Weather Ball|p2a: Hippowdon\n|-resisted|p2a: Hippowdon\n|-damage|p2a: Hippowdon|78/100\n|\n|-weather|Sandstorm|[upkeep]\n|-damage|p1a: Pelipper|198/243|[from] Sandstorm\n|-heal|p2a: Hippowdon|84/100|[from] item: Leftovers\n|upkeep\n|turn|8\n|inactive|Time left: 300 sec this turn | 300 sec total\n|\n|t:|1783544443\n|move|p1a: Pelipper|Weather Ball|p2a: Hippowdon\n|-resisted|p2a: Hippowdon\n|-damage|p2a: Hippowdon|62/100\n|move|p2a: Hippowdon|Stealth Rock|p1a: Pelipper\n|-sidestart|p1: p0x4644a4f|move: Stealth Rock\n|\n|-weather|Sandstorm|[upkeep]\n|-damage|p1a: Pelipper|183/243|[from] Sandstorm\n|-heal|p2a: Hippowdon|68/100|[from] item: Leftovers\n|upkeep\n|turn|9\n|inactive|Time left: 300 sec this turn | 300 sec total\n|\n|t:|1783544443\n|move|p1a: Pelipper|Weather Ball|p2a: Hippowdon\n|-resisted|p2a: Hippowdon\n|-damage|p2a: Hippowdon|46/100\n|move|p2a: Hippowdon|Slack Off|p2a: Hippowdon\n|-heal|p2a: Hippowdon|96/100\n|\n|-weather|Sandstorm|[upkeep]\n|-damage|p1a: Pelipper|168/243|[from] Sandstorm\n|-heal|p2a: Hippowdon|100/100|[from] item: Leftovers\n|upkeep\n|turn|10\n|inactive|Time left: 300 sec this turn | 300 sec total\n|\n|t:|1783544444\n|move|p1a: Pelipper|Weather Ball|p2a: Hippowdon\n|-resisted|p2a: Hippowdon\n|-damage|p2a: Hippowdon|81/100\n|move|p2a: Hippowdon|Whirlwind|p1a: Pelipper\n|drag|p1a: Grimmsnarl|Grimmsnarl, L83, M|293/293\n|-damage|p1a: Grimmsnarl|257/293|[from] Stealth Rock\n|\n|-weather|Sandstorm|[upkeep]\n|-damage|p1a: Grimmsnarl|239/293|[from] Sandstorm\n|-heal|p2a: Hippowdon|87/100|[from] item: Leftovers\n|upkeep\n|turn|11\n|inactive|Time left: 300 sec this turn | 300 sec total\n|\n|t:|1783544445\n|move|p1a: Grimmsnarl|Reflect|p1a: Grimmsnarl\n|-sidestart|p1: p0x4644a4f|Reflect\n|move|p2a: Hippowdon|Earthquake|p1a: Grimmsnarl\n|-damage|p1a: Grimmsnarl|173/293\n|\n|-weather|none\n|-heal|p2a: Hippowdon|93/100|[from] item: Leftovers\n|upkeep\n|turn|12\n|inactive|Time left: 300 sec this turn | 300 sec total\n|\n|t:|1783544446\n|move|p1a: Grimmsnarl|Spirit Break|p2a: Hippowdon\n|-damage|p2a: Hippowdon|70/100\n|-unboost|p2a: Hippowdon|spa|1\n|move|p2a: Hippowdon|Earthquake|p1a: Grimmsnarl\n|-damage|p1a: Grimmsnarl|102/293\n|\n|-heal|p2a: Hippowdon|76/100|[from] item: Leftovers\n|upkeep\n|turn|13\n|inactive|Time left: 300 sec this turn | 300 sec total\n|\n|t:|1783544447\n|move|p1a: Grimmsnarl|Spirit Break|p2a: Hippowdon\n|-damage|p2a: Hippowdon|53/100\n|-unboost|p2a: Hippowdon|spa|1\n|move|p2a: Hippowdon|Earthquake|p1a: Grimmsnarl\n|-damage|p1a: Grimmsnarl|37/293\n|\n|-heal|p2a: Hippowdon|59/100|[from] item: Leftovers\n|upkeep\n|turn|14\n|inactive|Time left: 300 sec this turn | 300 sec total\n|\n|t:|1783544448\n|move|p1a: Grimmsnarl|Light Screen|p1a: Grimmsnarl\n|-sidestart|p1: p0x4644a4f|move: Light Screen\n|move|p2a: Hippowdon|Earthquake|p1a: Grimmsnarl\n|-damage|p1a: Grimmsnarl|0 fnt\n|faint|p1a: Grimmsnarl\n|\n|-heal|p2a: Hippowdon|65/100|[from] item: Leftovers\n|upkeep\n|inactive|Time left: 300 sec this turn | 300 sec total | 5 sec grace\n|\n|t:|1783544449\n|switch|p1a: Pelipper|Pelipper, L86, M|168/243\n|-damage|p1a: Pelipper|108/243|[from] Stealth Rock\n|-weather|RainDance|[from] ability: Drizzle|[of] p1a: Pelipper\n|turn|15\n|inactive|Time left: 300 sec this turn | 300 sec total\n|\n|t:|1783544450\n|switch|p2a: Rotom|Rotom-Frost, L87|19/100\n|move|p1a: Pelipper|Weather Ball|p2a: Rotom\n|-damage|p2a: Rotom|0 fnt\n|faint|p2a: Rotom\n|\n|-weather|RainDance|[upkeep]\n|upkeep\n|\n|t:|1783544452\n|switch|p2a: Hippowdon|Hippowdon, L82, M|65/100\n|-weather|Sandstorm|[from] ability: Sand Stream|[of] p2a: Hippowdon\n|turn|16\n|inactive|Time left: 300 sec this turn | 300 sec total\n|\n|t:|1783544453\n|move|p1a: Pelipper|Weather Ball|p2a: Hippowdon\n|-resisted|p2a: Hippowdon\n|-damage|p2a: Hippowdon|45/100\n|move|p2a: Hippowdon|Slack Off|p2a: Hippowdon\n|-heal|p2a: Hippowdon|95/100\n|\n|-weather|Sandstorm|[upkeep]\n|-damage|p1a: Pelipper|93/243|[from] Sandstorm\n|-heal|p2a: Hippowdon|100/100|[from] item: Leftovers\n|upkeep\n|turn|17\n|inactive|Time left: 300 sec this turn | 300 sec total\n|\n|t:|1783544454\n|switch|p1a: Kleavor|Kleavor, L78, M|237/237\n|move|p2a: Hippowdon|Whirlwind|p1a: Kleavor\n|drag|p1a: Pelipper|Pelipper, L86, M|93/243\n|-damage|p1a: Pelipper|33/243|[from] Stealth Rock\n|-weather|RainDance|[from] ability: Drizzle|[of] p1a: Pelipper\n|\n|-weather|RainDance|[upkeep]\n|upkeep\n|turn|18\n|inactive|Time left: 300 sec this turn | 300 sec total\n|\n|t:|1783544455\n|switch|p2a: Comfey|Comfey, L85, F|100/100\n|move|p1a: Pelipper|Hurricane|p2a: Comfey\n|-damage|p2a: Comfey|31/100\n|\n|-weather|RainDance|[upkeep]\n|-heal|p2a: Comfey|37/100|[from] item: Leftovers\n|-sideend|p1: p0x4644a4f|Reflect\n|upkeep\n|turn|19\n|inactive|Time left: 300 sec this turn | 300 sec total\n|\n|t:|1783544456\n|switch|p2a: Hippowdon|Hippowdon, L82, M|100/100\n|-weather|Sandstorm|[from] ability: Sand Stream|[of] p2a: Hippowdon\n|move|p1a: Pelipper|Hurricane|p2a: Hippowdon\n|-damage|p2a: Hippowdon|37/100\n|\n|-weather|Sandstorm|[upkeep]\n|-damage|p1a: Pelipper|18/243|[from] Sandstorm\n|-heal|p2a: Hippowdon|44/100|[from] item: Leftovers\n|upkeep\n|turn|20\n|inactive|Time left: 300 sec this turn | 300 sec total\n|\n|t:|1783544457\n|-terastallize|p2a: Hippowdon|Rock\n|move|p1a: Pelipper|Hurricane|p2a: Hippowdon\n|-resisted|p2a: Hippowdon\n|-damage|p2a: Hippowdon|20/100\n|move|p2a: Hippowdon|Slack Off|p2a: Hippowdon\n|-heal|p2a: Hippowdon|70/100\n|\n|-weather|Sandstorm|[upkeep]\n|-damage|p1a: Pelipper|3/243|[from] Sandstorm\n|-heal|p2a: Hippowdon|76/100|[from] item: Leftovers\n|upkeep\n|turn|21\n|inactive|Time left: 300 sec this turn | 300 sec total\n|\n|t:|1783544458\n|move|p1a: Pelipper|Hurricane|p2a: Hippowdon|[miss]\n|-miss|p1a: Pelipper|p2a: Hippowdon\n|move|p2a: Hippowdon|Slack Off|p2a: Hippowdon\n|-heal|p2a: Hippowdon|100/100\n|\n|-weather|Sandstorm|[upkeep]\n|-damage|p1a: Pelipper|0 fnt|[from] Sandstorm\n|faint|p1a: Pelipper\n|-sideend|p1: p0x4644a4f|move: Light Screen\n|upkeep\n|inactive|Time left: 300 sec this turn | 300 sec total | 5 sec grace\n|\n|t:|1783544460\n|switch|p1a: Kleavor|Kleavor, L78, M|237/237\n|turn|22\n|inactive|Time left: 300 sec this turn | 300 sec total\n|\n|t:|1783544461\n|move|p1a: Kleavor|Stone Axe|p2a: Hippowdon\n|-damage|p2a: Hippowdon|70/100\n|-sidestart|p2: p0y4644f52|move: Stealth Rock\n|move|p2a: Hippowdon|Earthquake|p1a: Kleavor\n|-damage|p1a: Kleavor|113/237\n|\n|-weather|Sandstorm|[upkeep]\n|-heal|p2a: Hippowdon|76/100|[from] item: Leftovers\n|upkeep\n|turn|23\n|inactive|Time left: 300 sec this turn | 300 sec total\n|\n|t:|1783544462\n|move|p1a: Kleavor|X-Scissor|p2a: Hippowdon\n|-crit|p2a: Hippowdon\n|-damage|p2a: Hippowdon|16/100\n|move|p2a: Hippowdon|Earthquake|p1a: Kleavor\n|-damage|p1a: Kleavor|4/237\n|\n|-weather|none\n|-heal|p2a: Hippowdon|22/100|[from] item: Leftovers\n|upkeep\n|turn|24\n|inactive|Time left: 300 sec this turn | 300 sec total\n|\n|t:|1783544463\n|switch|p2a: Arcanine|Arcanine, L84, F|82/100\n|-ability|p2a: Arcanine|Intimidate|boost\n|-unboost|p1a: Kleavor|atk|1\n|move|p1a: Kleavor|Stone Axe|p2a: Arcanine|[miss]\n|-miss|p1a: Kleavor|p2a: Arcanine\n|\n|upkeep\n|turn|25\n|inactive|Time left: 300 sec this turn | 300 sec total\n|\n|t:|1783544464\n|move|p2a: Arcanine|Flare Blitz|p1a: Kleavor\n|-damage|p1a: Kleavor|0 fnt\n|faint|p1a: Kleavor\n|-damage|p2a: Arcanine|82/100|[from] Recoil\n|\n|upkeep\n|inactive|Time left: 300 sec this turn | 300 sec total | 5 sec grace\n|\n|t:|1783544465\n|switch|p1a: Virizion|Virizion, L82|255/283\n|-damage|p1a: Virizion|238/283|[from] Stealth Rock\n|turn|26\n|inactive|Time left: 300 sec this turn | 300 sec total\n|\n|t:|1783544466\n|-terastallize|p1a: Virizion|Rock\n|move|p1a: Virizion|Stone Edge|p2a: Arcanine\n|-supereffective|p2a: Arcanine\n|-damage|p2a: Arcanine|0 fnt\n|faint|p2a: Arcanine\n|-damage|p1a: Virizion|210/283|[from] item: Life Orb\n|\n|upkeep\n|\n|t:|1783544467\n|switch|p2a: Hippowdon|Hippowdon, L82, M, tera:Rock|22/100\n|-damage|p2a: Hippowdon|10/100|[from] Stealth Rock\n|-weather|Sandstorm|[from] ability: Sand Stream|[of] p2a: Hippowdon\n|turn|27\n|inactive|Time left: 300 sec this turn | 300 sec total\n|\n|t:|1783544468\n|move|p1a: Virizion|Leaf Blade|p2a: Hippowdon\n|-supereffective|p2a: Hippowdon\n|-damage|p2a: Hippowdon|0 fnt\n|faint|p2a: Hippowdon\n|-damage|p1a: Virizion|182/283|[from] item: Life Orb\n|\n|-weather|Sandstorm|[upkeep]\n|upkeep\n|\n|t:|1783544469\n|switch|p2a: Comfey|Comfey, L85, F|37/100\n|-damage|p2a: Comfey|25/100|[from] Stealth Rock\n|turn|28\n|inactive|Time left: 300 sec this turn | 300 sec total\n|\n|t:|1783544470\n|move|p1a: Virizion|Swords Dance|p1a: Virizion\n|-boost|p1a: Virizion|atk|2\n|move|p2a: Comfey|Calm Mind|p2a: Comfey\n|-boost|p2a: Comfey|spa|1\n|-boost|p2a: Comfey|spd|1\n|\n|-weather|Sandstorm|[upkeep]\n|-damage|p2a: Comfey|19/100|[from] Sandstorm\n|-heal|p2a: Comfey|25/100|[from] item: Leftovers\n|upkeep\n|turn|29\n|inactive|Time left: 300 sec this turn | 300 sec total\n|\n|t:|1783544471\n|move|p2a: Comfey|Draining Kiss|p1a: Virizion\n|-damage|p1a: Virizion|145/283\n|-heal|p2a: Comfey|37/100|[from] drain|[of] p1a: Virizion\n|move|p1a: Virizion|Swords Dance|p1a: Virizion\n|-boost|p1a: Virizion|atk|2\n|\n|-weather|Sandstorm|[upkeep]\n|-damage|p2a: Comfey|31/100|[from] Sandstorm\n|-heal|p2a: Comfey|37/100|[from] item: Leftovers\n|upkeep\n|turn|30\n|inactive|Time left: 300 sec this turn | 300 sec total\n|\n|t:|1783544472\n|switch|p2a: Ditto|Ditto, L87|100/100\n|-damage|p2a: Ditto|88/100|[from] Stealth Rock\n|-transform|p2a: Ditto|p1a: Virizion|[from] ability: Imposter\n|move|p1a: Virizion|Leaf Blade|p2a: Ditto\n|-resisted|p2a: Ditto\n|-damage|p2a: Ditto|5/100\n|-damage|p1a: Virizion|117/283|[from] item: Life Orb\n|\n|-weather|Sandstorm|[upkeep]\n|-damage|p2a: Ditto|0 fnt|[from] Sandstorm\n|faint|p2a: Ditto\n|upkeep\n|\n|t:|1783544473\n|switch|p2a: Crawdaunt|Crawdaunt, L84, F|100/100\n|-damage|p2a: Crawdaunt|88/100|[from] Stealth Rock\n|turn|31\n|inactive|Time left: 300 sec this turn | 300 sec total\n|\n|t:|1783544474\n|move|p1a: Virizion|Leaf Blade|p2a: Crawdaunt\n|-supereffective|p2a: Crawdaunt\n|-damage|p2a: Crawdaunt|0 fnt\n|faint|p2a: Crawdaunt\n|-damage|p1a: Virizion|89/283|[from] item: Life Orb\n|\n|-weather|none\n|upkeep\n|\n|t:|1783544475\n|switch|p2a: Comfey|Comfey, L85, F|37/100\n|-damage|p2a: Comfey|25/100|[from] Stealth Rock\n|turn|32\n|inactive|Time left: 300 sec this turn | 300 sec total\n|\n|t:|1783544475\n|move|p2a: Comfey|Giga Drain|p1a: Virizion\n|-supereffective|p1a: Virizion\n|-damage|p1a: Virizion|11/283\n|-heal|p2a: Comfey|42/100|[from] drain|[of] p1a: Virizion\n|move|p1a: Virizion|Close Combat|p2a: Comfey\n|-resisted|p2a: Comfey\n|-damage|p2a: Comfey|0 fnt\n|-unboost|p1a: Virizion|def|1\n|-unboost|p1a: Virizion|spd|1\n|faint|p2a: Comfey\n|-damage|p1a: Virizion|0 fnt|[from] item: Life Orb\n|faint|p1a: Virizion\n|\n|win|p0x4644a4f", "uploadtime": 1783544475, "views": 0, "rating": 0, "private": 0, "password": null, "_winner": "p0x4644a4f", "_our_name": "p0x4644a4f"}