{"id": "battle-gen9randombattle-2254", "formatid": "gen9randombattle", "format": "[Gen 9] Random Battle", "players": ["p0x2254f593", "p0y2254cd92"], "log": "|init|battle\n|title|p0x2254f593 vs. p0y2254cd92\n|j|\u2606p0x2254f593\n|j|\u2606p0y2254cd92\n|t:|1783566126\n|gametype|singles\n|player|p1|p0x2254f593|169|\n|player|p2|p0y2254cd92|101|\n|gen|9\n|tier|[Gen 9] Random Battle\n|rule|Species Clause: Limit one of each Pok\u00e9mon\n|rule|HP Percentage Mod: HP is shown in percentages\n|rule|Sleep Clause Mod: Limit one foe put to sleep\n|rule|Illusion Level Mod: Illusion disguises the Pok\u00e9mon's true level\n|\n|t:|1783566126\n|teamsize|p1|6\n|teamsize|p2|6\n|start\n|switch|p1a: Zangoose|Zangoose, L85, M|100/100\n|switch|p2a: Okidogi|Okidogi, L77, M|262/262\n|turn|1\n|inactive|Battle timer is ON: inactive players will automatically lose when time's up. (requested by p0y2254cd92)\n|inactive|p0x2254f593 also wants the timer to be on.\n|\n|t:|1783566128\n|move|p1a: Zangoose|Swords Dance|p1a: Zangoose\n|-boost|p1a: Zangoose|atk|2\n|move|p2a: Okidogi|Drain Punch|p1a: Zangoose\n|-supereffective|p1a: Zangoose\n|-damage|p1a: Zangoose|21/100\n|-status|p1a: Zangoose|tox|[from] ability: Toxic Chain|[of] p2a: Okidogi\n|\n|-damage|p1a: Zangoose|15/100 tox|[from] psn\n|upkeep\n|turn|2\n|inactive|Time left: 300 sec this turn | 300 sec total\n|\n|t:|1783566129\n|move|p1a: Zangoose|Facade|p2a: Okidogi\n|-damage|p2a: Okidogi|0 fnt\n|faint|p2a: Okidogi\n|\n|-damage|p1a: Zangoose|2/100 tox|[from] psn\n|upkeep\n|inactive|Time left: 300 sec this turn | 300 sec total | 5 sec grace\n|\n|t:|1783566130\n|switch|p2a: Ninetales|Ninetales-Alola, L78, M|242/242\n|-weather|Snowscape|[from] ability: Snow Warning|[of] p2a: Ninetales\n|turn|3\n|inactive|Time left: 300 sec this turn | 300 sec total\n|\n|t:|1783566131\n|switch|p1a: Ursaluna|Ursaluna, L79, M|100/100\n|move|p2a: Ninetales|Aurora Veil|p2a: Ninetales\n|-sidestart|p2: p0y2254cd92|move: Aurora Veil\n|\n|-weather|Snowscape|[upkeep]\n|-status|p1a: Ursaluna|brn|[from] item: Flame Orb\n|upkeep\n|turn|4\n|inactive|Time left: 300 sec this turn | 300 sec total\n|\n|t:|1783566132\n|move|p2a: Ninetales|Moonblast|p1a: Ursaluna\n|-damage|p1a: Ursaluna|75/100 brn\n|-unboost|p1a: Ursaluna|spa|1\n|move|p1a: Ursaluna|Facade|p2a: Ninetales\n|-damage|p2a: Ninetales|140/242\n|\n|-weather|Snowscape|[upkeep]\n|-damage|p1a: Ursaluna|69/100 brn|[from] brn\n|upkeep\n|turn|5\n|inactive|Time left: 300 sec this turn | 300 sec total\n|\n|t:|1783566133\n|move|p2a: Ninetales|Blizzard|p1a: Ursaluna\n|-supereffective|p1a: Ursaluna\n|-damage|p1a: Ursaluna|9/100 brn\n|move|p1a: Ursaluna|Facade|p2a: Ninetales\n|-damage|p2a: Ninetales|26/242\n|\n|-weather|Snowscape|[upkeep]\n|-damage|p1a: Ursaluna|3/100 brn|[from] brn\n|upkeep\n|turn|6\n|inactive|Time left: 300 sec this turn | 300 sec total\n|\n|t:|1783566134\n|switch|p1a: Grumpig|Grumpig, L92, F|100/100\n|move|p2a: Ninetales|Blizzard|p1a: Grumpig\n|-damage|p1a: Grumpig|89/100\n|\n|-weather|Snowscape|[upkeep]\n|upkeep\n|turn|7\n|inactive|Time left: 300 sec this turn | 300 sec total\n|\n|t:|1783566136\n|switch|p2a: Kleavor|Kleavor, L78, F|237/237\n|move|p1a: Grumpig|Shadow Ball|p2a: Kleavor\n|-damage|p2a: Kleavor|179/237\n|-unboost|p2a: Kleavor|spd|1\n|\n|-weather|none\n|upkeep\n|turn|8\n|inactive|Time left: 300 sec this turn | 300 sec total\n|\n|t:|1783566137\n|switch|p1a: Gastrodon|Gastrodon-East, L86, F|100/100\n|move|p2a: Kleavor|Stone Axe|p1a: Gastrodon\n|-resisted|p1a: Gastrodon\n|-crit|p1a: Gastrodon\n|-damage|p1a: Gastrodon|69/100\n|-sidestart|p1: p0x2254f593|move: Stealth Rock\n|\n|-heal|p1a: Gastrodon|75/100|[from] item: Leftovers\n|upkeep\n|turn|9\n|inactive|Time left: 300 sec this turn | 300 sec total\n|\n|t:|1783566138\n|switch|p2a: Sawsbuck|Sawsbuck-Winter, L88, M|284/284\n|move|p1a: Gastrodon|Stealth Rock|p2a: Sawsbuck\n|-sidestart|p2: p0y2254cd92|move: Stealth Rock\n|\n|-heal|p1a: Gastrodon|81/100|[from] item: Leftovers\n|upkeep\n|turn|10\n|inactive|Time left: 300 sec this turn | 300 sec total\n|\n|t:|1783566139\n|switch|p1a: Umbreon|Umbreon, L84, M|100/100\n|-damage|p1a: Umbreon|88/100|[from] Stealth Rock\n|move|p2a: Sawsbuck|Swords Dance|p2a: Sawsbuck\n|-boost|p2a: Sawsbuck|atk|2\n|\n|-heal|p1a: Umbreon|94/100|[from] item: Leftovers\n|-sideend|p2: p0y2254cd92|move: Aurora Veil\n|upkeep\n|turn|11\n|inactive|Time left: 300 sec this turn | 300 sec total\n|\n|t:|1783566140\n|move|p1a: Umbreon|Protect|p1a: Umbreon\n|-singleturn|p1a: Umbreon|Protect\n|move|p2a: Sawsbuck|Headbutt|p1a: Umbreon\n|-activate|p1a: Umbreon|move: Protect\n|\n|-heal|p1a: Umbreon|99/100|[from] item: Leftovers\n|upkeep\n|turn|12\n|inactive|Time left: 300 sec this turn | 300 sec total\n|\n|t:|1783566141\n|move|p2a: Sawsbuck|Headbutt|p1a: Umbreon\n|-damage|p1a: Umbreon|41/100\n|-damage|p2a: Sawsbuck|256/284|[from] item: Life Orb\n|move|p1a: Umbreon|Foul Play|p2a: Sawsbuck\n|-damage|p2a: Sawsbuck|31/284\n|\n|-heal|p1a: Umbreon|47/100|[from] item: Leftovers\n|upkeep\n|turn|13\n|inactive|Time left: 300 sec this turn | 300 sec total\n|\n|t:|1783566142\n|switch|p1a: Rayquaza|Rayquaza, L72|100/100\n|-ability|p1a: Rayquaza|Air Lock\n|move|p2a: Sawsbuck|Headbutt|p1a: Rayquaza\n|-damage|p1a: Rayquaza|8/100\n|-damage|p2a: Sawsbuck|3/284|[from] item: Life Orb\n|\n|upkeep\n|turn|14\n|inactive|Time left: 300 sec this turn | 300 sec total\n|\n|t:|1783566143\n|move|p1a: Rayquaza|Extreme Speed|p2a: Sawsbuck\n|-damage|p2a: Sawsbuck|0 fnt\n|faint|p2a: Sawsbuck\n|\n|upkeep\n|inactive|Time left: 300 sec this turn | 300 sec total | 5 sec grace\n|\n|t:|1783566144\n|switch|p2a: Hitmonlee|Hitmonlee, L85, M|223/223\n|-damage|p2a: Hitmonlee|210/223|[from] Stealth Rock\n|turn|15\n|inactive|Time left: 300 sec this turn | 300 sec total\n|\n|t:|1783566145\n|move|p1a: Rayquaza|Extreme Speed|p2a: Hitmonlee\n|-damage|p2a: Hitmonlee|120/223\n|move|p2a: Hitmonlee|High Jump Kick|p1a: Rayquaza\n|-resisted|p1a: Rayquaza\n|-damage|p1a: Rayquaza|0 fnt\n|faint|p1a: Rayquaza\n|\n|upkeep\n|\n|t:|1783566146\n|switch|p1a: Grumpig|Grumpig, L92, F|89/100\n|-damage|p1a: Grumpig|77/100|[from] Stealth Rock\n|turn|16\n|inactive|Time left: 300 sec this turn | 300 sec total\n|\n|t:|1783566147\n|move|p2a: Hitmonlee|High Jump Kick|p1a: Grumpig|[miss]\n|-miss|p2a: Hitmonlee|p1a: Grumpig\n|-damage|p2a: Hitmonlee|9/223|[from] highjumpkick\n|move|p1a: Grumpig|Psyshock|p2a: Hitmonlee\n|-supereffective|p2a: Hitmonlee\n|-damage|p2a: Hitmonlee|0 fnt\n|faint|p2a: Hitmonlee\n|\n|upkeep\n|inactive|Time left: 300 sec this turn | 300 sec total | 5 sec grace\n|\n|t:|1783566147\n|switch|p2a: Kleavor|Kleavor, L78, F|179/237\n|turn|17\n|inactive|Time left: 300 sec this turn | 300 sec total\n|\n|t:|1783566148\n|move|p1a: Grumpig|Psyshock|p2a: Kleavor\n|-damage|p2a: Kleavor|40/237\n|move|p2a: Kleavor|X-Scissor|p1a: Grumpig\n|-supereffective|p1a: Grumpig\n|-damage|p1a: Grumpig|0 fnt\n|faint|p1a: Grumpig\n|\n|upkeep\n|\n|t:|1783566149\n|switch|p1a: Gastrodon|Gastrodon-East, L86, F|81/100\n|-damage|p1a: Gastrodon|75/100|[from] Stealth Rock\n|turn|18\n|inactive|Time left: 300 sec this turn | 300 sec total\n|\n|t:|1783566150\n|move|p2a: Kleavor|X-Scissor|p1a: Gastrodon\n|-damage|p1a: Gastrodon|25/100\n|move|p1a: Gastrodon|Sludge Bomb|p2a: Kleavor\n|-resisted|p2a: Kleavor\n|-damage|p2a: Kleavor|0 fnt\n|faint|p2a: Kleavor\n|\n|-heal|p1a: Gastrodon|31/100|[from] item: Leftovers\n|upkeep\n|inactive|Time left: 300 sec this turn | 300 sec total | 5 sec grace\n|\n|t:|1783566150\n|switch|p2a: Dragalge|Dragalge, L88, M|258/258\n|-damage|p2a: Dragalge|226/258|[from] Stealth Rock\n|turn|19\n|inactive|Time left: 300 sec this turn | 300 sec total\n|\n|t:|1783566151\n|move|p2a: Dragalge|Draco Meteor|p1a: Gastrodon\n|-damage|p1a: Gastrodon|0 fnt\n|-unboost|p2a: Dragalge|spa|2\n|faint|p1a: Gastrodon\n|\n|upkeep\n|\n|t:|1783566152\n|switch|p1a: Umbreon|Umbreon, L84, M|47/100\n|-damage|p1a: Umbreon|35/100|[from] Stealth Rock\n|turn|20\n|inactive|Time left: 300 sec this turn | 300 sec total\n|\n|t:|1783566153\n|move|p1a: Umbreon|Protect|p1a: Umbreon\n|-singleturn|p1a: Umbreon|Protect\n|move|p2a: Dragalge|Dragon Tail|p1a: Umbreon\n|-activate|p1a: Umbreon|move: Protect\n|\n|-heal|p1a: Umbreon|41/100|[from] item: Leftovers\n|upkeep\n|turn|21\n|inactive|Time left: 300 sec this turn | 300 sec total\n|\n|t:|1783566154\n|move|p1a: Umbreon|Protect|p1a: Umbreon\n|-singleturn|p1a: Umbreon|Protect\n|move|p2a: Dragalge|Dragon Tail|p1a: Umbreon\n|-activate|p1a: Umbreon|move: Protect\n|\n|-heal|p1a: Umbreon|47/100|[from] item: Leftovers\n|upkeep\n|turn|22\n|inactive|Time left: 300 sec this turn | 300 sec total\n|\n|t:|1783566155\n|move|p1a: Umbreon|Wish|p1a: Umbreon\n|move|p2a: Dragalge|Dragon Tail|p1a: Umbreon|[miss]\n|-miss|p2a: Dragalge|p1a: Umbreon\n|\n|-heal|p1a: Umbreon|53/100|[from] item: Leftovers\n|upkeep\n|turn|23\n|inactive|Time left: 300 sec this turn | 300 sec total\n|\n|t:|1783566156\n|move|p1a: Umbreon|Protect|p1a: Umbreon\n|-singleturn|p1a: Umbreon|Protect\n|move|p2a: Dragalge|Dragon Tail|p1a: Umbreon\n|-activate|p1a: Umbreon|move: Protect\n|\n|-heal|p1a: Umbreon|100/100|[from] move: Wish|[wisher] Umbreon\n|upkeep\n|turn|24\n|inactive|Time left: 300 sec this turn | 300 sec total\n|\n|t:|1783566157\n|move|p1a: Umbreon|Foul Play|p2a: Dragalge\n|-damage|p2a: Dragalge|147/258\n|move|p2a: Dragalge|Dragon Tail|p1a: Umbreon\n|-damage|p1a: Umbreon|80/100\n|drag|p1a: Zangoose|Zangoose, L85, M|2/100 tox\n|-damage|p1a: Zangoose|0 fnt|[from] Stealth Rock\n|faint|p1a: Zangoose\n|\n|upkeep\n|\n|t:|1783566158\n|switch|p1a: Umbreon|Umbreon, L84, M|80/100\n|-damage|p1a: Umbreon|68/100|[from] Stealth Rock\n|turn|25\n|inactive|Time left: 300 sec this turn | 300 sec total\n|\n|t:|1783566159\n|move|p1a: Umbreon|Foul Play|p2a: Dragalge\n|-damage|p2a: Dragalge|63/258\n|move|p2a: Dragalge|Dragon Tail|p1a: Umbreon\n|-damage|p1a: Umbreon|44/100\n|drag|p1a: Ursaluna|Ursaluna, L79, M|3/100 brn\n|-damage|p1a: Ursaluna|0 fnt|[from] Stealth Rock\n|faint|p1a: Ursaluna\n|\n|upkeep\n|\n|t:|1783566160\n|switch|p1a: Umbreon|Umbreon, L84, M|44/100\n|-damage|p1a: Umbreon|32/100|[from] Stealth Rock\n|turn|26\n|inactive|Time left: 300 sec this turn | 300 sec total\n|\n|t:|1783566161\n|-terastallize|p1a: Umbreon|Poison\n|-terastallize|p2a: Dragalge|Fighting\n|move|p1a: Umbreon|Foul Play|p2a: Dragalge\n|-resisted|p2a: Dragalge\n|-crit|p2a: Dragalge\n|-damage|p2a: Dragalge|5/258\n|move|p2a: Dragalge|Focus Blast|p1a: Umbreon\n|-resisted|p1a: Umbreon\n|-damage|p1a: Umbreon|19/100\n|\n|-heal|p1a: Umbreon|25/100|[from] item: Leftovers\n|upkeep\n|turn|27\n|inactive|Time left: 300 sec this turn | 300 sec total\n|\n|t:|1783566162\n|move|p1a: Umbreon|Foul Play|p2a: Dragalge\n|-resisted|p2a: Dragalge\n|-damage|p2a: Dragalge|0 fnt\n|faint|p2a: Dragalge\n|\n|-heal|p1a: Umbreon|31/100|[from] item: Leftovers\n|upkeep\n|inactive|Time left: 300 sec this turn | 300 sec total | 5 sec grace\n|\n|t:|1783566163\n|switch|p2a: Ninetales|Ninetales-Alola, L78, M|26/242\n|-damage|p2a: Ninetales|0 fnt|[from] Stealth Rock\n|faint|p2a: Ninetales\n|\n|win|p0x2254f593", "uploadtime": 1783566163, "views": 0, "rating": 0, "private": 0, "password": null, "_winner": "p0x2254f593", "_our_name": "p0y2254cd92"}