{"id": "battle-gen9randombattle-627", "formatid": "gen9randombattle", "format": "[Gen 9] Random Battle", "players": ["p0x627dd9c", "p0y6279cc0"], "log": "|init|battle\n|title|p0x627dd9c vs. p0y6279cc0\n|j|\u2606p0x627dd9c\n|j|\u2606p0y6279cc0\n|t:|1783547098\n|gametype|singles\n|player|p1|p0x627dd9c|2|\n|player|p2|p0y6279cc0|101|\n|gen|9\n|tier|[Gen 9] Random Battle\n|rule|Species Clause: Limit one of each Pok\u00e9mon\n|rule|HP Percentage Mod: HP is shown in percentages\n|rule|Sleep Clause Mod: Limit one foe put to sleep\n|rule|Illusion Level Mod: Illusion disguises the Pok\u00e9mon's true level\n|\n|t:|1783547098\n|teamsize|p1|6\n|teamsize|p2|6\n|start\n|switch|p1a: Meowstic|Meowstic-F, L89, F|100/100\n|switch|p2a: Kyurem|Kyurem-Black, L71|295/295\n|-ability|p2a: Kyurem|Teravolt\n|turn|1\n|inactive|Battle timer is ON: inactive players will automatically lose when time's up. (requested by p0y6279cc0)\n|\n|t:|1783547099\n|switch|p1a: Hariyama|Hariyama, L87, M|100/100\n|move|p2a: Kyurem|Dragon Dance|p2a: Kyurem\n|-boost|p2a: Kyurem|atk|1\n|-boost|p2a: Kyurem|spe|1\n|\n|-status|p1a: Hariyama|brn|[from] item: Flame Orb\n|upkeep\n|turn|2\n|inactive|Time left: 300 sec this turn | 300 sec total\n|inactive|p0x627dd9c also wants the timer to be on.\n|\n|t:|1783547100\n|move|p2a: Kyurem|Icicle Spear|p1a: Hariyama\n|-damage|p1a: Hariyama|86/100 brn\n|-damage|p1a: Hariyama|70/100 brn\n|-damage|p1a: Hariyama|56/100 brn\n|-damage|p1a: Hariyama|41/100 brn\n|-damage|p1a: Hariyama|24/100 brn\n|-hitcount|p1a: Hariyama|5\n|move|p1a: Hariyama|Close Combat|p2a: Kyurem\n|-supereffective|p2a: Kyurem\n|-damage|p2a: Kyurem|0 fnt\n|-unboost|p1a: Hariyama|def|1\n|-unboost|p1a: Hariyama|spd|1\n|faint|p2a: Kyurem\n|\n|-damage|p1a: Hariyama|18/100 brn|[from] brn\n|upkeep\n|inactive|Time left: 300 sec this turn | 300 sec total | 5 sec grace\n|\n|t:|1783547101\n|switch|p2a: Basculegion|Basculegion-F, L83, F|335/335\n|turn|3\n|inactive|Time left: 300 sec this turn | 300 sec total\n|\n|t:|1783547103\n|switch|p1a: Brute Bonnet|Brute Bonnet, L80|100/100\n|move|p2a: Basculegion|Hydro Pump|p1a: Brute Bonnet\n|-resisted|p1a: Brute Bonnet\n|-damage|p1a: Brute Bonnet|66/100\n|\n|-heal|p1a: Brute Bonnet|72/100|[from] item: Leftovers\n|upkeep\n|turn|4\n|inactive|Time left: 300 sec this turn | 300 sec total\n|\n|t:|1783547104\n|move|p2a: Basculegion|Hydro Pump|p1a: Brute Bonnet\n|-resisted|p1a: Brute Bonnet\n|-damage|p1a: Brute Bonnet|35/100\n|move|p1a: Brute Bonnet|Crunch|p2a: Basculegion\n|-supereffective|p2a: Basculegion\n|-damage|p2a: Basculegion|113/335\n|\n|-heal|p1a: Brute Bonnet|41/100|[from] item: Leftovers\n|upkeep\n|turn|5\n|inactive|Time left: 300 sec this turn | 300 sec total\n|\n|t:|1783547105\n|switch|p2a: Umbreon|Umbreon, L84, M|297/297\n|move|p1a: Brute Bonnet|Crunch|p2a: Umbreon\n|-resisted|p2a: Umbreon\n|-damage|p2a: Umbreon|255/297\n|-unboost|p2a: Umbreon|def|1\n|\n|-heal|p2a: Umbreon|273/297|[from] item: Leftovers\n|-heal|p1a: Brute Bonnet|47/100|[from] item: Leftovers\n|upkeep\n|turn|6\n|inactive|Time left: 300 sec this turn | 300 sec total\n|\n|t:|1783547106\n|switch|p2a: Dachsbun|Dachsbun, L92, M|254/254\n|move|p1a: Brute Bonnet|Spore|p2a: Dachsbun\n|-status|p2a: Dachsbun|slp|[from] move: Spore\n|\n|-heal|p1a: Brute Bonnet|54/100|[from] item: Leftovers\n|upkeep\n|turn|7\n|inactive|Time left: 300 sec this turn | 300 sec total\n|\n|t:|1783547107\n|switch|p2a: Azumarill|Azumarill, L82, M|298/298\n|move|p1a: Brute Bonnet|Seed Bomb|p2a: Azumarill\n|-supereffective|p2a: Azumarill\n|-damage|p2a: Azumarill|86/298\n|\n|-heal|p1a: Brute Bonnet|60/100|[from] item: Leftovers\n|upkeep\n|turn|8\n|inactive|Time left: 300 sec this turn | 300 sec total\n|\n|t:|1783547108\n|switch|p2a: Umbreon|Umbreon, L84, M|273/297\n|move|p1a: Brute Bonnet|Seed Bomb|p2a: Umbreon\n|-damage|p2a: Umbreon|186/297\n|\n|-heal|p2a: Umbreon|204/297|[from] item: Leftovers\n|-heal|p1a: Brute Bonnet|66/100|[from] item: Leftovers\n|upkeep\n|turn|9\n|inactive|Time left: 300 sec this turn | 300 sec total\n|\n|t:|1783547109\n|move|p2a: Umbreon|Foul Play|p1a: Brute Bonnet\n|-resisted|p1a: Brute Bonnet\n|-damage|p1a: Brute Bonnet|47/100\n|move|p1a: Brute Bonnet|Seed Bomb|p2a: Umbreon\n|-damage|p2a: Umbreon|116/297\n|\n|-heal|p2a: Umbreon|134/297|[from] item: Leftovers\n|-heal|p1a: Brute Bonnet|54/100|[from] item: Leftovers\n|upkeep\n|turn|10\n|inactive|Time left: 300 sec this turn | 300 sec total\n|\n|t:|1783547110\n|move|p2a: Umbreon|Toxic|p1a: Brute Bonnet\n|-status|p1a: Brute Bonnet|tox\n|move|p1a: Brute Bonnet|Seed Bomb|p2a: Umbreon\n|-damage|p2a: Umbreon|55/297\n|\n|-heal|p2a: Umbreon|73/297|[from] item: Leftovers\n|-heal|p1a: Brute Bonnet|60/100 tox|[from] item: Leftovers\n|-damage|p1a: Brute Bonnet|54/100 tox|[from] psn\n|upkeep\n|turn|11\n|inactive|Time left: 300 sec this turn | 300 sec total\n|\n|t:|1783547111\n|move|p2a: Umbreon|Protect|p2a: Umbreon\n|-singleturn|p2a: Umbreon|Protect\n|move|p1a: Brute Bonnet|Seed Bomb|p2a: Umbreon\n|-activate|p2a: Umbreon|move: Protect\n|\n|-heal|p2a: Umbreon|91/297|[from] item: Leftovers\n|-heal|p1a: Brute Bonnet|60/100 tox|[from] item: Leftovers\n|-damage|p1a: Brute Bonnet|47/100 tox|[from] psn\n|upkeep\n|turn|12\n|inactive|Time left: 300 sec this turn | 300 sec total\n|\n|t:|1783547113\n|move|p2a: Umbreon|Wish|p2a: Umbreon\n|move|p1a: Brute Bonnet|Seed Bomb|p2a: Umbreon\n|-damage|p2a: Umbreon|6/297\n|\n|-heal|p2a: Umbreon|24/297|[from] item: Leftovers\n|-heal|p1a: Brute Bonnet|54/100 tox|[from] item: Leftovers\n|-damage|p1a: Brute Bonnet|35/100 tox|[from] psn\n|upkeep\n|turn|13\n|inactive|Time left: 300 sec this turn | 300 sec total\n|\n|t:|1783547114\n|move|p2a: Umbreon|Protect|p2a: Umbreon\n|-singleturn|p2a: Umbreon|Protect\n|move|p1a: Brute Bonnet|Seed Bomb|p2a: Umbreon\n|-activate|p2a: Umbreon|move: Protect\n|\n|-heal|p2a: Umbreon|172/297|[from] move: Wish|[wisher] Umbreon\n|-heal|p2a: Umbreon|190/297|[from] item: Leftovers\n|-heal|p1a: Brute Bonnet|41/100 tox|[from] item: Leftovers\n|-damage|p1a: Brute Bonnet|17/100 tox|[from] psn\n|upkeep\n|turn|14\n|inactive|Time left: 300 sec this turn | 300 sec total\n|\n|t:|1783547115\n|-end|p1a: Brute Bonnet|Protosynthesis|[silent]\n|switch|p1a: Arceus|Arceus-Fairy, L69|100/100\n|move|p2a: Umbreon|Wish|p2a: Umbreon\n|\n|-heal|p2a: Umbreon|208/297|[from] item: Leftovers\n|upkeep\n|turn|15\n|inactive|Time left: 300 sec this turn | 300 sec total\n|\n|t:|1783547116\n|move|p1a: Arceus|Calm Mind|p1a: Arceus\n|-boost|p1a: Arceus|spa|1\n|-boost|p1a: Arceus|spd|1\n|move|p2a: Umbreon|Toxic|p1a: Arceus\n|-status|p1a: Arceus|tox\n|\n|-heal|p2a: Umbreon|297/297|[from] move: Wish|[wisher] Umbreon\n|-damage|p1a: Arceus|94/100 tox|[from] psn\n|upkeep\n|turn|16\n|inactive|Time left: 300 sec this turn | 300 sec total\n|\n|t:|1783547118\n|move|p2a: Umbreon|Protect|p2a: Umbreon\n|-singleturn|p2a: Umbreon|Protect\n|move|p1a: Arceus|Judgment|p2a: Umbreon\n|-activate|p2a: Umbreon|move: Protect\n|\n|-damage|p1a: Arceus|82/100 tox|[from] psn\n|upkeep\n|turn|17\n|inactive|Time left: 300 sec this turn | 300 sec total\n|\n|t:|1783547119\n|move|p1a: Arceus|Judgment|p2a: Umbreon\n|-supereffective|p2a: Umbreon\n|-damage|p2a: Umbreon|67/297\n|move|p2a: Umbreon|Foul Play|p1a: Arceus\n|-resisted|p1a: Arceus\n|-damage|p1a: Arceus|70/100 tox\n|\n|-heal|p2a: Umbreon|85/297|[from] item: Leftovers\n|-damage|p1a: Arceus|52/100 tox|[from] psn\n|upkeep\n|turn|18\n|inactive|Time left: 300 sec this turn | 300 sec total\n|\n|t:|1783547120\n|move|p2a: Umbreon|Protect|p2a: Umbreon\n|-singleturn|p2a: Umbreon|Protect\n|move|p1a: Arceus|Recover|p1a: Arceus\n|-heal|p1a: Arceus|100/100 tox\n|\n|-heal|p2a: Umbreon|103/297|[from] item: Leftovers\n|-damage|p1a: Arceus|76/100 tox|[from] psn\n|upkeep\n|turn|19\n|inactive|Time left: 300 sec this turn | 300 sec total\n|\n|t:|1783547121\n|move|p1a: Arceus|Judgment|p2a: Umbreon\n|-supereffective|p2a: Umbreon\n|-damage|p2a: Umbreon|0 fnt\n|faint|p2a: Umbreon\n|\n|-damage|p1a: Arceus|46/100 tox|[from] psn\n|upkeep\n|inactive|Time left: 300 sec this turn | 300 sec total | 5 sec grace\n|\n|t:|1783547122\n|switch|p2a: Azumarill|Azumarill, L82, M|86/298\n|turn|20\n|inactive|Time left: 300 sec this turn | 300 sec total\n|\n|t:|1783547123\n|move|p2a: Azumarill|Aqua Jet|p1a: Arceus\n|-damage|p1a: Arceus|20/100 tox\n|move|p1a: Arceus|Judgment|p2a: Azumarill\n|-damage|p2a: Azumarill|0 fnt\n|faint|p2a: Azumarill\n|\n|-damage|p1a: Arceus|0 fnt|[from] psn\n|faint|p1a: Arceus\n|upkeep\n|inactive|Time left: 300 sec this turn | 300 sec total | 5 sec grace\n|\n|t:|1783547124\n|switch|p1a: Hitmonchan|Hitmonchan, L87, M|100/100\n|switch|p2a: Basculegion|Basculegion-F, L83, F|113/335\n|turn|21\n|inactive|Time left: 300 sec this turn | 300 sec total\n|\n|t:|1783547125\n|switch|p2a: Dachsbun|Dachsbun, L92, M|254/254 slp\n|move|p1a: Hitmonchan|Knock Off|p2a: Dachsbun\n|-resisted|p2a: Dachsbun\n|-damage|p2a: Dachsbun|215/254 slp\n|-enditem|p2a: Dachsbun|Leftovers|[from] move: Knock Off|[of] p1a: Hitmonchan\n|-damage|p1a: Hitmonchan|91/100|[from] item: Life Orb\n|\n|upkeep\n|turn|22\n|inactive|Time left: 300 sec this turn | 300 sec total\n|\n|t:|1783547126\n|cant|p2a: Dachsbun|slp\n|move|p1a: Hitmonchan|Swords Dance|p1a: Hitmonchan\n|-boost|p1a: Hitmonchan|atk|2\n|\n|upkeep\n|turn|23\n|inactive|Time left: 300 sec this turn | 300 sec total\n|\n|t:|1783547127\n|cant|p2a: Dachsbun|slp\n|move|p1a: Hitmonchan|Drain Punch|p2a: Dachsbun\n|-resisted|p2a: Dachsbun\n|-crit|p2a: Dachsbun\n|-damage|p2a: Dachsbun|54/254 slp\n|-heal|p1a: Hitmonchan|100/100|[from] drain|[of] p2a: Dachsbun\n|-damage|p1a: Hitmonchan|91/100|[from] item: Life Orb\n|\n|upkeep\n|turn|24\n|inactive|Time left: 300 sec this turn | 300 sec total\n|\n|t:|1783547127\n|cant|p2a: Dachsbun|slp\n|move|p1a: Hitmonchan|Drain Punch|p2a: Dachsbun\n|-resisted|p2a: Dachsbun\n|-damage|p2a: Dachsbun|0 fnt\n|-heal|p1a: Hitmonchan|100/100|[from] drain|[of] p2a: Dachsbun\n|faint|p2a: Dachsbun\n|-damage|p1a: Hitmonchan|91/100|[from] item: Life Orb\n|\n|upkeep\n|inactive|Time left: 300 sec this turn | 300 sec total | 5 sec grace\n|\n|t:|1783547128\n|switch|p2a: Dugtrio|Dugtrio, L84, F|196/196\n|turn|25\n|inactive|Time left: 300 sec this turn | 300 sec total\n|\n|t:|1783547129\n|move|p1a: Hitmonchan|Mach Punch|p2a: Dugtrio\n|-damage|p2a: Dugtrio|0 fnt\n|faint|p2a: Dugtrio\n|-damage|p1a: Hitmonchan|81/100|[from] item: Life Orb\n|\n|upkeep\n|inactive|Time left: 300 sec this turn | 300 sec total | 5 sec grace\n|\n|t:|1783547130\n|switch|p2a: Basculegion|Basculegion-F, L83, F|113/335\n|turn|26\n|inactive|Time left: 300 sec this turn | 300 sec total\n|\n|t:|1783547131\n|-terastallize|p1a: Hitmonchan|Dark\n|-terastallize|p2a: Basculegion|Water\n|move|p1a: Hitmonchan|Knock Off|p2a: Basculegion\n|-damage|p2a: Basculegion|0 fnt\n|-enditem|p2a: Basculegion|Choice Specs|[from] move: Knock Off|[of] p1a: Hitmonchan\n|faint|p2a: Basculegion\n|-damage|p1a: Hitmonchan|72/100|[from] item: Life Orb\n|\n|win|p0x627dd9c", "uploadtime": 1783547131, "views": 0, "rating": 0, "private": 0, "password": null, "_winner": "p0x627dd9c", "_our_name": "p0y6279cc0"}