{"id": "battle-gen9randombattle-973", "formatid": "gen9randombattle", "format": "[Gen 9] Random Battle", "players": ["p0x9738474", "p0y973c6e7"], "log": "|init|battle\n|title|p0x9738474 vs. p0y973c6e7\n|j|\u2606p0x9738474\n|j|\u2606p0y973c6e7\n|t:|1783551193\n|gametype|singles\n|player|p1|p0x9738474|169|\n|player|p2|p0y973c6e7|101|\n|gen|9\n|tier|[Gen 9] Random Battle\n|rule|Species Clause: Limit one of each Pok\u00e9mon\n|rule|HP Percentage Mod: HP is shown in percentages\n|rule|Sleep Clause Mod: Limit one foe put to sleep\n|rule|Illusion Level Mod: Illusion disguises the Pok\u00e9mon's true level\n|\n|t:|1783551193\n|teamsize|p1|6\n|teamsize|p2|6\n|start\n|switch|p1a: Charizard|Charizard, L85, M|100/100\n|switch|p2a: Maushold|Maushold-Four, L76|238/238\n|turn|1\n|inactive|Battle timer is ON: inactive players will automatically lose when time's up. (requested by p0y973c6e7)\n|inactive|p0x9738474 also wants the timer to be on.\n|\n|t:|1783551195\n|move|p1a: Charizard|Focus Blast|p2a: Maushold\n|-supereffective|p2a: Maushold\n|-damage|p2a: Maushold|6/238\n|move|p2a: Maushold|Tidy Up|p2a: Maushold\n|-boost|p2a: Maushold|atk|1\n|-boost|p2a: Maushold|spe|1\n|\n|upkeep\n|turn|2\n|inactive|Time left: 300 sec this turn | 300 sec total\n|\n|t:|1783551197\n|switch|p1a: Rhydon|Rhydon, L85, M|100/100\n|move|p2a: Maushold|Population Bomb|p1a: Rhydon\n|-resisted|p1a: Rhydon\n|-damage|p1a: Rhydon|98/100\n|-resisted|p1a: Rhydon\n|-damage|p1a: Rhydon|95/100\n|-resisted|p1a: Rhydon\n|-damage|p1a: Rhydon|92/100\n|-resisted|p1a: Rhydon\n|-damage|p1a: Rhydon|89/100\n|-resisted|p1a: Rhydon\n|-damage|p1a: Rhydon|86/100\n|-resisted|p1a: Rhydon\n|-damage|p1a: Rhydon|83/100\n|-resisted|p1a: Rhydon\n|-crit|p1a: Rhydon\n|-damage|p1a: Rhydon|79/100\n|-resisted|p1a: Rhydon\n|-damage|p1a: Rhydon|76/100\n|-resisted|p1a: Rhydon\n|-damage|p1a: Rhydon|73/100\n|-resisted|p1a: Rhydon\n|-damage|p1a: Rhydon|70/100\n|-hitcount|p1a: Rhydon|10\n|\n|upkeep\n|turn|3\n|inactive|Time left: 300 sec this turn | 300 sec total\n|\n|t:|1783551198\n|move|p2a: Maushold|Population Bomb|p1a: Rhydon\n|-resisted|p1a: Rhydon\n|-damage|p1a: Rhydon|68/100\n|-resisted|p1a: Rhydon\n|-damage|p1a: Rhydon|65/100\n|-resisted|p1a: Rhydon\n|-damage|p1a: Rhydon|62/100\n|-resisted|p1a: Rhydon\n|-damage|p1a: Rhydon|59/100\n|-resisted|p1a: Rhydon\n|-damage|p1a: Rhydon|57/100\n|-resisted|p1a: Rhydon\n|-damage|p1a: Rhydon|54/100\n|-resisted|p1a: Rhydon\n|-damage|p1a: Rhydon|51/100\n|-resisted|p1a: Rhydon\n|-damage|p1a: Rhydon|48/100\n|-resisted|p1a: Rhydon\n|-damage|p1a: Rhydon|46/100\n|-resisted|p1a: Rhydon\n|-damage|p1a: Rhydon|43/100\n|-hitcount|p1a: Rhydon|10\n|move|p1a: Rhydon|Earthquake|p2a: Maushold\n|-damage|p2a: Maushold|0 fnt\n|faint|p2a: Maushold\n|\n|upkeep\n|inactive|Time left: 300 sec this turn | 300 sec total | 5 sec grace\n|\n|t:|1783551199\n|switch|p2a: Flutter Mane|Flutter Mane, L74|203/203\n|turn|4\n|inactive|Time left: 300 sec this turn | 300 sec total\n|\n|t:|1783551200\n|switch|p1a: Arboliva|Arboliva, L91, F|100/100\n|move|p2a: Flutter Mane|Moonblast|p1a: Arboliva\n|-damage|p1a: Arboliva|60/100\n|-fieldstart|move: Grassy Terrain|[from] ability: Seed Sower|[of] p1a: Arboliva\n|\n|-heal|p1a: Arboliva|66/100|[from] Grassy Terrain\n|-heal|p1a: Arboliva|73/100|[from] item: Leftovers\n|upkeep\n|turn|5\n|inactive|Time left: 300 sec this turn | 300 sec total\n|\n|t:|1783551202\n|move|p2a: Flutter Mane|Moonblast|p1a: Arboliva\n|-damage|p1a: Arboliva|33/100\n|-unboost|p1a: Arboliva|spa|1\n|move|p1a: Arboliva|Strength Sap|p2a: Flutter Mane\n|-unboost|p2a: Flutter Mane|atk|1\n|-heal|p1a: Arboliva|63/100\n|\n|-heal|p1a: Arboliva|69/100|[from] Grassy Terrain\n|-heal|p1a: Arboliva|75/100|[from] item: Leftovers\n|upkeep\n|turn|6\n|inactive|Time left: 300 sec this turn | 300 sec total\n|\n|t:|1783551203\n|move|p2a: Flutter Mane|Moonblast|p1a: Arboliva\n|-damage|p1a: Arboliva|35/100\n|-unboost|p1a: Arboliva|spa|1\n|move|p1a: Arboliva|Strength Sap|p2a: Flutter Mane\n|-unboost|p2a: Flutter Mane|atk|1\n|-heal|p1a: Arboliva|54/100\n|\n|-heal|p1a: Arboliva|60/100|[from] Grassy Terrain\n|-heal|p1a: Arboliva|67/100|[from] item: Leftovers\n|upkeep\n|turn|7\n|inactive|Time left: 300 sec this turn | 300 sec total\n|\n|t:|1783551203\n|move|p2a: Flutter Mane|Moonblast|p1a: Arboliva\n|-damage|p1a: Arboliva|27/100\n|-unboost|p1a: Arboliva|spa|1\n|move|p1a: Arboliva|Strength Sap|p2a: Flutter Mane\n|-unboost|p2a: Flutter Mane|atk|1\n|-heal|p1a: Arboliva|42/100\n|\n|-heal|p1a: Arboliva|48/100|[from] Grassy Terrain\n|-heal|p1a: Arboliva|55/100|[from] item: Leftovers\n|upkeep\n|turn|8\n|inactive|Time left: 300 sec this turn | 300 sec total\n|\n|t:|1783551204\n|switch|p1a: Mudsdale|Mudsdale, L83, F|100/100\n|move|p2a: Flutter Mane|Moonblast|p1a: Mudsdale\n|-damage|p1a: Mudsdale|49/100\n|-ability|p1a: Mudsdale|Stamina|boost\n|-boost|p1a: Mudsdale|def|1\n|\n|-heal|p1a: Mudsdale|54/100|[from] Grassy Terrain\n|-heal|p1a: Mudsdale|60/100|[from] item: Leftovers\n|-fieldend|move: Grassy Terrain\n|upkeep\n|turn|9\n|inactive|Time left: 300 sec this turn | 300 sec total\n|\n|t:|1783551205\n|-end|p2a: Flutter Mane|Protosynthesis|[silent]\n|switch|p2a: Hydreigon|Hydreigon, L79, M|275/275\n|-terastallize|p1a: Mudsdale|Steel\n|move|p1a: Mudsdale|Heavy Slam|p2a: Hydreigon\n|-damage|p2a: Hydreigon|113/275\n|\n|-heal|p1a: Mudsdale|66/100|[from] item: Leftovers\n|upkeep\n|turn|10\n|inactive|Time left: 300 sec this turn | 300 sec total\n|\n|t:|1783551206\n|move|p2a: Hydreigon|Dark Pulse|p1a: Mudsdale\n|-damage|p1a: Mudsdale|20/100\n|-ability|p1a: Mudsdale|Stamina|boost\n|-boost|p1a: Mudsdale|def|1\n|move|p1a: Mudsdale|Heavy Slam|p2a: Hydreigon\n|-damage|p2a: Hydreigon|0 fnt\n|faint|p2a: Hydreigon\n|\n|-heal|p1a: Mudsdale|26/100|[from] item: Leftovers\n|upkeep\n|inactive|Time left: 300 sec this turn | 300 sec total | 5 sec grace\n|\n|t:|1783551207\n|switch|p2a: Flutter Mane|Flutter Mane, L74|203/203\n|turn|11\n|inactive|Time left: 300 sec this turn | 300 sec total\n|\n|t:|1783551207\n|move|p2a: Flutter Mane|Mystical Fire|p1a: Mudsdale\n|-supereffective|p1a: Mudsdale\n|-damage|p1a: Mudsdale|0 fnt\n|faint|p1a: Mudsdale\n|\n|upkeep\n|\n|t:|1783551208\n|switch|p1a: Falinks|Falinks, L84|100/100\n|turn|12\n|inactive|Time left: 300 sec this turn | 300 sec total\n|\n|t:|1783551209\n|-end|p2a: Flutter Mane|Protosynthesis|[silent]\n|switch|p2a: Toucannon|Toucannon, L88, M|284/284\n|move|p1a: Falinks|No Retreat|p1a: Falinks\n|-boost|p1a: Falinks|atk|1\n|-boost|p1a: Falinks|def|1\n|-boost|p1a: Falinks|spa|1\n|-boost|p1a: Falinks|spd|1\n|-boost|p1a: Falinks|spe|1\n|-start|p1a: Falinks|move: No Retreat\n|\n|upkeep\n|turn|13\n|inactive|Time left: 300 sec this turn | 300 sec total\n|\n|t:|1783551209\n|-singleturn|p2a: Toucannon|move: Beak Blast\n|move|p1a: Falinks|Iron Head|p2a: Toucannon\n|-damage|p2a: Toucannon|159/284\n|-status|p1a: Falinks|brn\n|-damage|p1a: Falinks|91/100 brn|[from] item: Life Orb\n|cant|p2a: Toucannon|flinch\n|\n|-damage|p1a: Falinks|85/100 brn|[from] brn\n|upkeep\n|turn|14\n|inactive|Time left: 300 sec this turn | 300 sec total\n|\n|t:|1783551210\n|-singleturn|p2a: Toucannon|move: Beak Blast\n|move|p1a: Falinks|Iron Head|p2a: Toucannon\n|-damage|p2a: Toucannon|103/284\n|-damage|p1a: Falinks|75/100 brn|[from] item: Life Orb\n|move|p2a: Toucannon|Beak Blast|p1a: Falinks\n|-supereffective|p1a: Falinks\n|-damage|p1a: Falinks|6/100 brn\n|\n|-damage|p1a: Falinks|0 fnt|[from] brn\n|faint|p1a: Falinks\n|upkeep\n|\n|t:|1783551211\n|switch|p1a: Charizard|Charizard, L85, M|100/100\n|turn|15\n|inactive|Time left: 300 sec this turn | 300 sec total\n|\n|t:|1783551212\n|switch|p2a: Dewgong|Dewgong, L94, M|322/322\n|move|p1a: Charizard|Flamethrower|p2a: Dewgong\n|-damage|p2a: Dewgong|276/322\n|\n|upkeep\n|turn|16\n|inactive|Time left: 300 sec this turn | 300 sec total\n|\n|t:|1783551213\n|move|p1a: Charizard|Focus Blast|p2a: Dewgong|[miss]\n|-miss|p1a: Charizard|p2a: Dewgong\n|move|p2a: Dewgong|Hydro Pump|p1a: Charizard\n|-supereffective|p1a: Charizard\n|-damage|p1a: Charizard|9/100\n|\n|upkeep\n|turn|17\n|inactive|Time left: 300 sec this turn | 300 sec total\n|\n|t:|1783551214\n|move|p1a: Charizard|Flamethrower|p2a: Dewgong\n|-damage|p2a: Dewgong|210/322\n|move|p2a: Dewgong|Knock Off|p1a: Charizard\n|-damage|p1a: Charizard|0 fnt\n|-enditem|p1a: Charizard|Heavy-Duty Boots|[from] move: Knock Off|[of] p2a: Dewgong\n|faint|p1a: Charizard\n|\n|upkeep\n|\n|t:|1783551215\n|switch|p1a: Arboliva|Arboliva, L91, F|55/100\n|turn|18\n|inactive|Time left: 300 sec this turn | 300 sec total\n|\n|t:|1783551216\n|move|p2a: Dewgong|Ice Beam|p1a: Arboliva\n|-supereffective|p1a: Arboliva\n|-damage|p1a: Arboliva|3/100\n|-status|p1a: Arboliva|frz\n|-fieldstart|move: Grassy Terrain|[from] ability: Seed Sower|[of] p1a: Arboliva\n|cant|p1a: Arboliva|frz\n|\n|-heal|p2a: Dewgong|230/322|[from] Grassy Terrain\n|-heal|p1a: Arboliva|9/100 frz|[from] Grassy Terrain\n|-heal|p1a: Arboliva|15/100 frz|[from] item: Leftovers\n|upkeep\n|turn|19\n|inactive|Time left: 300 sec this turn | 300 sec total\n|\n|t:|1783551217\n|move|p2a: Dewgong|Ice Beam|p1a: Arboliva\n|-supereffective|p1a: Arboliva\n|-damage|p1a: Arboliva|0 fnt\n|faint|p1a: Arboliva\n|\n|-heal|p2a: Dewgong|250/322|[from] Grassy Terrain\n|upkeep\n|\n|t:|1783551219\n|switch|p1a: Illumise|Illumise, L91, F|100/100\n|turn|20\n|inactive|Time left: 300 sec this turn | 300 sec total\n|\n|t:|1783551220\n|move|p1a: Illumise|Thunder Wave|p2a: Dewgong\n|-status|p2a: Dewgong|par\n|move|p2a: Dewgong|Ice Beam|p1a: Illumise\n|-damage|p1a: Illumise|66/100\n|\n|-heal|p1a: Illumise|72/100|[from] Grassy Terrain\n|-heal|p2a: Dewgong|270/322 par|[from] Grassy Terrain\n|upkeep\n|turn|21\n|inactive|Time left: 300 sec this turn | 300 sec total\n|\n|t:|1783551221\n|move|p1a: Illumise|Roost|p1a: Illumise\n|-heal|p1a: Illumise|100/100\n|-singleturn|p1a: Illumise|move: Roost\n|move|p2a: Dewgong|Ice Beam|p1a: Illumise\n|-damage|p1a: Illumise|67/100\n|\n|-heal|p1a: Illumise|73/100|[from] Grassy Terrain\n|-heal|p2a: Dewgong|290/322 par|[from] Grassy Terrain\n|upkeep\n|turn|22\n|inactive|Time left: 300 sec this turn | 300 sec total\n|\n|t:|1783551222\n|move|p1a: Illumise|Bug Buzz|p2a: Dewgong\n|-damage|p2a: Dewgong|217/322 par\n|-unboost|p2a: Dewgong|spd|1\n|move|p2a: Dewgong|Hydro Pump|p1a: Illumise\n|-damage|p1a: Illumise|33/100\n|\n|-heal|p1a: Illumise|39/100|[from] Grassy Terrain\n|-heal|p2a: Dewgong|237/322 par|[from] Grassy Terrain\n|-fieldend|move: Grassy Terrain\n|upkeep\n|turn|23\n|inactive|Time left: 300 sec this turn | 300 sec total\n|\n|t:|1783551224\n|switch|p2a: Flutter Mane|Flutter Mane, L74|203/203\n|move|p1a: Illumise|Roost|p1a: Illumise\n|-heal|p1a: Illumise|89/100\n|-singleturn|p1a: Illumise|move: Roost\n|\n|upkeep\n|turn|24\n|inactive|Time left: 300 sec this turn | 300 sec total\n|\n|t:|1783551225\n|move|p1a: Illumise|Thunder Wave|p2a: Flutter Mane\n|-status|p2a: Flutter Mane|par\n|move|p2a: Flutter Mane|Moonblast|p1a: Illumise\n|-damage|p1a: Illumise|39/100\n|\n|upkeep\n|turn|25\n|inactive|Time left: 300 sec this turn | 300 sec total\n|\n|t:|1783551226\n|move|p1a: Illumise|Roost|p1a: Illumise\n|-heal|p1a: Illumise|89/100\n|-singleturn|p1a: Illumise|move: Roost\n|move|p2a: Flutter Mane|Moonblast|p1a: Illumise\n|-damage|p1a: Illumise|36/100\n|\n|upkeep\n|turn|26\n|inactive|Time left: 300 sec this turn | 300 sec total\n|\n|t:|1783551227\n|move|p1a: Illumise|Roost|p1a: Illumise\n|-heal|p1a: Illumise|86/100\n|-singleturn|p1a: Illumise|move: Roost\n|cant|p2a: Flutter Mane|par\n|\n|upkeep\n|turn|27\n|inactive|Time left: 300 sec this turn | 300 sec total\n|\n|t:|1783551228\n|move|p1a: Illumise|Bug Buzz|p2a: Flutter Mane\n|-resisted|p2a: Flutter Mane\n|-damage|p2a: Flutter Mane|186/203 par\n|-unboost|p2a: Flutter Mane|spd|1\n|move|p2a: Flutter Mane|Moonblast|p1a: Illumise\n|-damage|p1a: Illumise|31/100\n|\n|upkeep\n|turn|28\n|inactive|Time left: 300 sec this turn | 300 sec total\n|\n|t:|1783551229\n|move|p1a: Illumise|Roost|p1a: Illumise\n|-heal|p1a: Illumise|81/100\n|-singleturn|p1a: Illumise|move: Roost\n|cant|p2a: Flutter Mane|par\n|\n|upkeep\n|turn|29\n|inactive|Time left: 300 sec this turn | 300 sec total\n|\n|t:|1783551230\n|move|p1a: Illumise|Bug Buzz|p2a: Flutter Mane\n|-resisted|p2a: Flutter Mane\n|-damage|p2a: Flutter Mane|161/203 par\n|move|p2a: Flutter Mane|Moonblast|p1a: Illumise\n|-damage|p1a: Illumise|29/100\n|\n|upkeep\n|turn|30\n|inactive|Time left: 300 sec this turn | 300 sec total\n|\n|t:|1783551231\n|move|p1a: Illumise|Roost|p1a: Illumise\n|-heal|p1a: Illumise|79/100\n|-singleturn|p1a: Illumise|move: Roost\n|move|p2a: Flutter Mane|Moonblast|p1a: Illumise\n|-damage|p1a: Illumise|24/100\n|\n|upkeep\n|turn|31\n|inactive|Time left: 300 sec this turn | 300 sec total\n|\n|t:|1783551232\n|move|p1a: Illumise|Roost|p1a: Illumise\n|-heal|p1a: Illumise|74/100\n|-singleturn|p1a: Illumise|move: Roost\n|cant|p2a: Flutter Mane|par\n|\n|upkeep\n|turn|32\n|inactive|Time left: 300 sec this turn | 300 sec total\n|\n|t:|1783551233\n|move|p1a: Illumise|Roost|p1a: Illumise\n|-heal|p1a: Illumise|100/100\n|-singleturn|p1a: Illumise|move: Roost\n|cant|p2a: Flutter Mane|par\n|\n|upkeep\n|turn|33\n|inactive|Time left: 300 sec this turn | 300 sec total\n|\n|t:|1783551234\n|move|p1a: Illumise|Bug Buzz|p2a: Flutter Mane\n|-resisted|p2a: Flutter Mane\n|-damage|p2a: Flutter Mane|135/203 par\n|move|p2a: Flutter Mane|Moonblast|p1a: Illumise\n|-damage|p1a: Illumise|41/100\n|-unboost|p1a: Illumise|spa|1\n|\n|upkeep\n|turn|34\n|inactive|Time left: 300 sec this turn | 300 sec total\n|\n|t:|1783551235\n|move|p1a: Illumise|Bug Buzz|p2a: Flutter Mane\n|-resisted|p2a: Flutter Mane\n|-damage|p2a: Flutter Mane|116/203 par\n|-unboost|p2a: Flutter Mane|spd|1\n|move|p2a: Flutter Mane|Moonblast|p1a: Illumise\n|-damage|p1a: Illumise|0 fnt\n|faint|p1a: Illumise\n|\n|upkeep\n|\n|t:|1783551236\n|switch|p1a: Rhydon|Rhydon, L85, M|43/100\n|turn|35\n|inactive|Time left: 300 sec this turn | 300 sec total\n|\n|t:|1783551237\n|move|p2a: Flutter Mane|Moonblast|p1a: Rhydon\n|-damage|p1a: Rhydon|0 fnt\n|faint|p1a: Rhydon\n|\n|win|p0y973c6e7", "uploadtime": 1783551237, "views": 0, "rating": 0, "private": 0, "password": null, "_winner": "p0y973c6e7", "_our_name": "p0y973c6e7"}