{"id": "battle-gen9randombattle-1306", "formatid": "gen9randombattle", "format": "[Gen 9] Random Battle", "players": ["p0x130619f4", "p0y130665ca"], "log": "|init|battle\n|title|p0x130619f4 vs. p0y130665ca\n|j|\u2606p0x130619f4\n|j|\u2606p0y130665ca\n|t:|1783554280\n|gametype|singles\n|player|p1|p0x130619f4|102|\n|player|p2|p0y130665ca|101|\n|gen|9\n|tier|[Gen 9] Random Battle\n|rule|Species Clause: Limit one of each Pok\u00e9mon\n|rule|HP Percentage Mod: HP is shown in percentages\n|rule|Sleep Clause Mod: Limit one foe put to sleep\n|rule|Illusion Level Mod: Illusion disguises the Pok\u00e9mon's true level\n|\n|t:|1783554280\n|teamsize|p1|6\n|teamsize|p2|6\n|start\n|switch|p1a: Mismagius|Mismagius, L86, F|243/243\n|switch|p2a: Meloetta|Meloetta, L82|100/100\n|turn|1\n|inactive|Battle timer is ON: inactive players will automatically lose when time's up. (requested by p0y130665ca)\n|inactive|Time left: 300 sec this turn | 300 sec total | 60 sec grace\n|inactive|p0x130619f4 also wants the timer to be on.\n|\n|t:|1783554281\n|move|p1a: Mismagius|Mystical Fire|p2a: Meloetta\n|-damage|p2a: Meloetta|76/100\n|-unboost|p2a: Meloetta|spa|1\n|move|p2a: Meloetta|Knock Off|p1a: Mismagius\n|-supereffective|p1a: Mismagius\n|-damage|p1a: Mismagius|69/243\n|-enditem|p1a: Mismagius|Choice Specs|[from] move: Knock Off|[of] p2a: Meloetta\n|-damage|p2a: Meloetta|66/100|[from] item: Life Orb\n|\n|upkeep\n|turn|2\n|inactive|Time left: 300 sec this turn | 300 sec total\n|\n|t:|1783554283\n|switch|p2a: Incineroar|Incineroar, L82, M|100/100\n|-ability|p2a: Incineroar|Intimidate|boost\n|-unboost|p1a: Mismagius|atk|1\n|move|p1a: Mismagius|Mystical Fire|p2a: Incineroar\n|-resisted|p2a: Incineroar\n|-damage|p2a: Incineroar|89/100\n|-unboost|p2a: Incineroar|spa|1\n|\n|upkeep\n|turn|3\n|inactive|Time left: 300 sec this turn | 300 sec total\n|\n|t:|1783554284\n|move|p1a: Mismagius|Mystical Fire|p2a: Incineroar\n|-resisted|p2a: Incineroar\n|-damage|p2a: Incineroar|80/100\n|-unboost|p2a: Incineroar|spa|1\n|move|p2a: Incineroar|Knock Off|p1a: Mismagius\n|-supereffective|p1a: Mismagius\n|-crit|p1a: Mismagius\n|-damage|p1a: Mismagius|0 fnt\n|faint|p1a: Mismagius\n|\n|upkeep\n|inactive|Time left: 300 sec this turn | 300 sec total | 5 sec grace\n|\n|t:|1783554285\n|switch|p1a: Salamence|Salamence, L77, M|273/273\n|turn|4\n|inactive|Time left: 300 sec this turn | 300 sec total\n|\n|t:|1783554286\n|move|p1a: Salamence|Outrage|p2a: Incineroar\n|-damage|p2a: Incineroar|30/100\n|move|p2a: Incineroar|Knock Off|p1a: Salamence\n|-damage|p1a: Salamence|81/273\n|-enditem|p1a: Salamence|Heavy-Duty Boots|[from] move: Knock Off|[of] p2a: Incineroar\n|\n|upkeep\n|turn|5\n|inactive|Time left: 300 sec this turn | 300 sec total\n|\n|t:|1783554287\n|switch|p2a: Tyranitar|Tyranitar, L78, M|100/100\n|-weather|Sandstorm|[from] ability: Sand Stream|[of] p2a: Tyranitar\n|move|p1a: Salamence|Outrage|p2a: Tyranitar|[from] lockedmove\n|-damage|p2a: Tyranitar|59/100\n|-start|p1a: Salamence|confusion|[fatigue]\n|\n|-weather|Sandstorm|[upkeep]\n|-damage|p1a: Salamence|64/273|[from] Sandstorm\n|-heal|p2a: Tyranitar|65/100|[from] item: Leftovers\n|upkeep\n|turn|6\n|inactive|Time left: 300 sec this turn | 300 sec total\n|\n|t:|1783554288\n|-activate|p1a: Salamence|confusion\n|-damage|p1a: Salamence|25/273|[from] confusion\n|move|p2a: Tyranitar|Knock Off|p1a: Salamence\n|-damage|p1a: Salamence|0 fnt\n|faint|p1a: Salamence\n|\n|-weather|Sandstorm|[upkeep]\n|-heal|p2a: Tyranitar|71/100|[from] item: Leftovers\n|upkeep\n|inactive|Time left: 300 sec this turn | 300 sec total | 5 sec grace\n|\n|t:|1783554289\n|switch|p1a: Gastrodon|Gastrodon-East, L86, M|331/331\n|turn|7\n|inactive|Time left: 300 sec this turn | 300 sec total\n|\n|t:|1783554290\n|move|p2a: Tyranitar|Knock Off|p1a: Gastrodon\n|-damage|p1a: Gastrodon|199/331\n|-enditem|p1a: Gastrodon|Leftovers|[from] move: Knock Off|[of] p2a: Tyranitar\n|move|p1a: Gastrodon|Earthquake|p2a: Tyranitar\n|-supereffective|p2a: Tyranitar\n|-damage|p2a: Tyranitar|7/100\n|\n|-weather|Sandstorm|[upkeep]\n|-heal|p2a: Tyranitar|13/100|[from] item: Leftovers\n|upkeep\n|turn|8\n|inactive|Time left: 300 sec this turn | 300 sec total\n|\n|t:|1783554292\n|move|p2a: Tyranitar|Knock Off|p1a: Gastrodon\n|-damage|p1a: Gastrodon|100/331\n|move|p1a: Gastrodon|Recover|p1a: Gastrodon\n|-heal|p1a: Gastrodon|266/331\n|\n|-weather|Sandstorm|[upkeep]\n|-heal|p2a: Tyranitar|19/100|[from] item: Leftovers\n|upkeep\n|turn|9\n|inactive|Time left: 300 sec this turn | 300 sec total\n|\n|t:|1783554293\n|move|p2a: Tyranitar|Knock Off|p1a: Gastrodon\n|-damage|p1a: Gastrodon|169/331\n|move|p1a: Gastrodon|Surf|p2a: Tyranitar\n|-supereffective|p2a: Tyranitar\n|-damage|p2a: Tyranitar|0 fnt\n|faint|p2a: Tyranitar\n|\n|-weather|none\n|upkeep\n|\n|t:|1783554294\n|switch|p2a: Pelipper|Pelipper, L86, M|100/100\n|-weather|RainDance|[from] ability: Drizzle|[of] p2a: Pelipper\n|turn|10\n|inactive|Time left: 300 sec this turn | 300 sec total\n|\n|t:|1783554295\n|move|p2a: Pelipper|Hurricane|p1a: Gastrodon\n|-damage|p1a: Gastrodon|0 fnt\n|faint|p1a: Gastrodon\n|\n|-weather|RainDance|[upkeep]\n|upkeep\n|inactive|Time left: 300 sec this turn | 300 sec total | 5 sec grace\n|\n|t:|1783554296\n|switch|p1a: Vikavolt|Vikavolt, L83, F|263/263\n|turn|11\n|inactive|Time left: 300 sec this turn | 300 sec total\n|\n|t:|1783554297\n|-terastallize|p1a: Vikavolt|Electric\n|move|p2a: Pelipper|Hurricane|p1a: Vikavolt\n|-resisted|p1a: Vikavolt\n|-damage|p1a: Vikavolt|165/263\n|move|p1a: Vikavolt|Thunderbolt|p2a: Pelipper\n|-supereffective|p2a: Pelipper\n|-damage|p2a: Pelipper|0 fnt\n|faint|p2a: Pelipper\n|\n|-weather|RainDance|[upkeep]\n|upkeep\n|\n|t:|1783554298\n|switch|p2a: Incineroar|Incineroar, L82, M|30/100\n|-ability|p2a: Incineroar|Intimidate|boost\n|-unboost|p1a: Vikavolt|atk|1\n|turn|12\n|inactive|Time left: 300 sec this turn | 300 sec total\n|\n|t:|1783554299\n|move|p2a: Incineroar|Knock Off|p1a: Vikavolt\n|-damage|p1a: Vikavolt|0 fnt\n|-enditem|p1a: Vikavolt|Heavy-Duty Boots|[from] move: Knock Off|[of] p2a: Incineroar\n|faint|p1a: Vikavolt\n|\n|-weather|RainDance|[upkeep]\n|upkeep\n|inactive|Time left: 300 sec this turn | 300 sec total | 5 sec grace\n|\n|t:|1783554300\n|switch|p1a: Volcanion|Volcanion, L79|256/256\n|turn|13\n|inactive|Time left: 300 sec this turn | 300 sec total\n|\n|t:|1783554301\n|move|p1a: Volcanion|Steam Eruption|p2a: Incineroar\n|-supereffective|p2a: Incineroar\n|-damage|p2a: Incineroar|0 fnt\n|faint|p2a: Incineroar\n|\n|-weather|RainDance|[upkeep]\n|upkeep\n|\n|t:|1783554302\n|switch|p2a: Regieleki|Regieleki, L79|100/100\n|turn|14\n|inactive|Time left: 300 sec this turn | 300 sec total\n|\n|t:|1783554303\n|switch|p1a: Amoonguss|Amoonguss, L82, M|321/321\n|move|p2a: Regieleki|Thunderbolt|p1a: Amoonguss\n|-resisted|p1a: Amoonguss\n|-damage|p1a: Amoonguss|243/321\n|\n|-weather|none\n|upkeep\n|turn|15\n|inactive|Time left: 300 sec this turn | 300 sec total\n|\n|t:|1783554304\n|move|p2a: Regieleki|Volt Switch|p1a: Amoonguss\n|-resisted|p1a: Amoonguss\n|-damage|p1a: Amoonguss|190/321\n|\n|t:|1783554305\n|switch|p2a: Meloetta|Meloetta, L82|66/100|[from] Volt Switch\n|move|p1a: Amoonguss|Spore|p2a: Meloetta\n|-status|p2a: Meloetta|slp|[from] move: Spore\n|\n|upkeep\n|turn|16\n|inactive|Time left: 300 sec this turn | 300 sec total\n|\n|t:|1783554305\n|switch|p2a: Landorus|Landorus, L75, M|100/100\n|move|p1a: Amoonguss|Sludge Bomb|p2a: Landorus\n|-resisted|p2a: Landorus\n|-damage|p2a: Landorus|80/100\n|\n|upkeep\n|turn|17\n|inactive|Time left: 300 sec this turn | 300 sec total\n|\n|t:|1783554306\n|switch|p1a: Volcanion|Volcanion, L79|256/256\n|move|p2a: Landorus|Psychic|p1a: Volcanion\n|-damage|p1a: Volcanion|152/256\n|\n|upkeep\n|turn|18\n|inactive|Time left: 300 sec this turn | 300 sec total\n|\n|t:|1783554307\n|switch|p1a: Amoonguss|Amoonguss, L82, M|297/321\n|-terastallize|p2a: Landorus|Ground\n|move|p2a: Landorus|Earth Power|p1a: Amoonguss\n|-damage|p1a: Amoonguss|63/321\n|\n|upkeep\n|turn|19\n|inactive|Time left: 300 sec this turn | 300 sec total\n|\n|t:|1783554308\n|move|p2a: Landorus|Earth Power|p1a: Amoonguss\n|-damage|p1a: Amoonguss|0 fnt\n|faint|p1a: Amoonguss\n|\n|upkeep\n|inactive|Time left: 300 sec this turn | 300 sec total | 5 sec grace\n|\n|t:|1783554309\n|switch|p1a: Volcanion|Volcanion, L79|152/256\n|turn|20\n|inactive|Time left: 300 sec this turn | 300 sec total\n|\n|t:|1783554310\n|move|p2a: Landorus|Earth Power|p1a: Volcanion\n|-supereffective|p1a: Volcanion\n|-damage|p1a: Volcanion|0 fnt\n|faint|p1a: Volcanion\n|\n|win|p0y130665ca", "uploadtime": 1783554310, "views": 0, "rating": 0, "private": 0, "password": null, "_winner": "p0y130665ca", "_our_name": "p0x130619f4"}