{"id": "battle-gen9randombattle-1854", "formatid": "gen9randombattle", "format": "[Gen 9] Random Battle", "players": ["p0x18546ea7", "p0y1854511d"], "log": "|init|battle\n|title|p0x18546ea7 vs. p0y1854511d\n|j|\u2606p0x18546ea7\n|j|\u2606p0y1854511d\n|t:|1783560740\n|gametype|singles\n|player|p1|p0x18546ea7|266|\n|player|p2|p0y1854511d|102|\n|gen|9\n|tier|[Gen 9] Random Battle\n|rule|Species Clause: Limit one of each Pok\u00e9mon\n|rule|HP Percentage Mod: HP is shown in percentages\n|rule|Sleep Clause Mod: Limit one foe put to sleep\n|rule|Illusion Level Mod: Illusion disguises the Pok\u00e9mon's true level\n|\n|t:|1783560740\n|teamsize|p1|6\n|teamsize|p2|6\n|start\n|switch|p1a: Hariyama|Hariyama, L87, M|100/100\n|switch|p2a: Rotom|Rotom-Wash, L82|216/216\n|turn|1\n|inactive|Battle timer is ON: inactive players will automatically lose when time's up. (requested by p0y1854511d)\n|inactive|p0x18546ea7 also wants the timer to be on.\n|\n|t:|1783560742\n|move|p2a: Rotom|Will-O-Wisp|p1a: Hariyama\n|-status|p1a: Hariyama|brn\n|move|p1a: Hariyama|Knock Off|p2a: Rotom\n|-damage|p2a: Rotom|108/216\n|-enditem|p2a: Rotom|Leftovers|[from] move: Knock Off|[of] p1a: Hariyama\n|\n|-damage|p1a: Hariyama|94/100 brn|[from] brn\n|upkeep\n|turn|2\n|inactive|Time left: 300 sec this turn | 300 sec total\n|\n|t:|1783560742\n|move|p2a: Rotom|Thunderbolt|p1a: Hariyama\n|-damage|p1a: Hariyama|61/100 brn\n|move|p1a: Hariyama|Facade|p2a: Rotom\n|-damage|p2a: Rotom|0 fnt\n|faint|p2a: Rotom\n|\n|-damage|p1a: Hariyama|55/100 brn|[from] brn\n|upkeep\n|inactive|Time left: 300 sec this turn | 300 sec total | 5 sec grace\n|\n|t:|1783560743\n|switch|p2a: Ninetales|Ninetales-Alola, L78, F|242/242\n|-weather|Snowscape|[from] ability: Snow Warning|[of] p2a: Ninetales\n|turn|3\n|inactive|Time left: 300 sec this turn | 300 sec total\n|\n|t:|1783560745\n|move|p2a: Ninetales|Aurora Veil|p2a: Ninetales\n|-sidestart|p2: p0y1854511d|move: Aurora Veil\n|move|p1a: Hariyama|Facade|p2a: Ninetales\n|-damage|p2a: Ninetales|174/242\n|\n|-weather|Snowscape|[upkeep]\n|-damage|p1a: Hariyama|49/100 brn|[from] brn\n|upkeep\n|turn|4\n|inactive|Time left: 300 sec this turn | 300 sec total\n|\n|t:|1783560746\n|switch|p1a: Alcremie|Alcremie, L90, F|100/100\n|move|p2a: Ninetales|Moonblast|p1a: Alcremie\n|-damage|p1a: Alcremie|80/100\n|\n|-weather|Snowscape|[upkeep]\n|-heal|p1a: Alcremie|86/100|[from] item: Leftovers\n|upkeep\n|turn|5\n|inactive|Time left: 300 sec this turn | 300 sec total\n|\n|t:|1783560747\n|switch|p2a: Tyranitar|Tyranitar, L78, M|284/284\n|-weather|Sandstorm|[from] ability: Sand Stream|[of] p2a: Tyranitar\n|move|p1a: Alcremie|Calm Mind|p1a: Alcremie\n|-boost|p1a: Alcremie|spa|1\n|-boost|p1a: Alcremie|spd|1\n|\n|-weather|Sandstorm|[upkeep]\n|-damage|p1a: Alcremie|80/100|[from] Sandstorm\n|-heal|p1a: Alcremie|86/100|[from] item: Leftovers\n|upkeep\n|turn|6\n|inactive|Time left: 300 sec this turn | 300 sec total\n|\n|t:|1783560748\n|move|p1a: Alcremie|Calm Mind|p1a: Alcremie\n|-boost|p1a: Alcremie|spa|1\n|-boost|p1a: Alcremie|spd|1\n|move|p2a: Tyranitar|Dragon Dance|p2a: Tyranitar\n|-boost|p2a: Tyranitar|atk|1\n|-boost|p2a: Tyranitar|spe|1\n|\n|-weather|Sandstorm|[upkeep]\n|-damage|p1a: Alcremie|80/100|[from] Sandstorm\n|-heal|p1a: Alcremie|86/100|[from] item: Leftovers\n|upkeep\n|turn|7\n|inactive|Time left: 300 sec this turn | 300 sec total\n|\n|t:|1783560749\n|move|p2a: Tyranitar|Dragon Dance|p2a: Tyranitar\n|-boost|p2a: Tyranitar|atk|1\n|-boost|p2a: Tyranitar|spe|1\n|move|p1a: Alcremie|Recover|p1a: Alcremie\n|-heal|p1a: Alcremie|100/100\n|\n|-weather|Sandstorm|[upkeep]\n|-damage|p1a: Alcremie|94/100|[from] Sandstorm\n|-heal|p1a: Alcremie|100/100|[from] item: Leftovers\n|upkeep\n|turn|8\n|inactive|Time left: 300 sec this turn | 300 sec total\n|\n|t:|1783560750\n|move|p2a: Tyranitar|Stone Edge|p1a: Alcremie|[miss]\n|-miss|p2a: Tyranitar|p1a: Alcremie\n|move|p1a: Alcremie|Recover||[still]\n|-fail|p1a: Alcremie|heal\n|\n|-weather|Sandstorm|[upkeep]\n|-damage|p1a: Alcremie|94/100|[from] Sandstorm\n|-heal|p1a: Alcremie|100/100|[from] item: Leftovers\n|upkeep\n|turn|9\n|inactive|Time left: 300 sec this turn | 300 sec total\n|\n|t:|1783560751\n|move|p2a: Tyranitar|Stone Edge|p1a: Alcremie|[miss]\n|-miss|p2a: Tyranitar|p1a: Alcremie\n|move|p1a: Alcremie|Recover||[still]\n|-fail|p1a: Alcremie|heal\n|\n|-weather|none\n|upkeep\n|turn|10\n|inactive|Time left: 300 sec this turn | 300 sec total\n|\n|t:|1783560752\n|move|p2a: Tyranitar|Stone Edge|p1a: Alcremie|[miss]\n|-miss|p2a: Tyranitar|p1a: Alcremie\n|move|p1a: Alcremie|Recover||[still]\n|-fail|p1a: Alcremie|heal\n|\n|-sideend|p2: p0y1854511d|move: Aurora Veil\n|upkeep\n|turn|11\n|inactive|Time left: 300 sec this turn | 300 sec total\n|\n|t:|1783560753\n|-terastallize|p2a: Tyranitar|Ghost\n|move|p2a: Tyranitar|Stone Edge|p1a: Alcremie\n|-damage|p1a: Alcremie|3/100\n|move|p1a: Alcremie|Alluring Voice|p2a: Tyranitar\n|-damage|p2a: Tyranitar|56/284\n|\n|-heal|p1a: Alcremie|9/100|[from] item: Leftovers\n|upkeep\n|turn|12\n|inactive|Time left: 300 sec this turn | 300 sec total\n|\n|t:|1783560754\n|move|p2a: Tyranitar|Knock Off|p1a: Alcremie\n|-resisted|p1a: Alcremie\n|-damage|p1a: Alcremie|0 fnt\n|-enditem|p1a: Alcremie|Leftovers|[from] move: Knock Off|[of] p2a: Tyranitar\n|faint|p1a: Alcremie\n|\n|upkeep\n|\n|t:|1783560755\n|switch|p1a: Duraludon|Duraludon, L82, F|100/100\n|turn|13\n|inactive|Time left: 300 sec this turn | 300 sec total\n|\n|t:|1783560756\n|move|p2a: Tyranitar|Knock Off|p1a: Duraludon\n|-damage|p1a: Duraludon|46/100\n|-enditem|p1a: Duraludon|Eviolite|[from] move: Knock Off|[of] p2a: Tyranitar\n|move|p1a: Duraludon|Flash Cannon|p2a: Tyranitar\n|-damage|p2a: Tyranitar|0 fnt\n|faint|p2a: Tyranitar\n|\n|upkeep\n|inactive|Time left: 300 sec this turn | 300 sec total | 5 sec grace\n|\n|t:|1783560757\n|switch|p2a: Ninetales|Ninetales-Alola, L78, F|174/242\n|-weather|Snowscape|[from] ability: Snow Warning|[of] p2a: Ninetales\n|turn|14\n|inactive|Time left: 300 sec this turn | 300 sec total\n|\n|t:|1783560758\n|move|p2a: Ninetales|Aurora Veil|p2a: Ninetales\n|-sidestart|p2: p0y1854511d|move: Aurora Veil\n|move|p1a: Duraludon|Flash Cannon|p2a: Ninetales\n|-supereffective|p2a: Ninetales\n|-damage|p2a: Ninetales|0 fnt\n|faint|p2a: Ninetales\n|\n|-weather|Snowscape|[upkeep]\n|upkeep\n|inactive|Time left: 300 sec this turn | 300 sec total | 5 sec grace\n|\n|t:|1783560759\n|switch|p2a: Iron Moth|Iron Moth, L78|253/253\n|turn|15\n|inactive|Time left: 300 sec this turn | 300 sec total\n|\n|t:|1783560760\n|switch|p1a: Pachirisu|Pachirisu, L96, M|100/100\n|move|p2a: Iron Moth|Fiery Dance|p1a: Pachirisu\n|-damage|p1a: Pachirisu|77/100\n|-boost|p2a: Iron Moth|spa|1\n|\n|-weather|Snowscape|[upkeep]\n|upkeep\n|turn|16\n|inactive|Time left: 300 sec this turn | 300 sec total\n|\n|t:|1783560761\n|move|p1a: Pachirisu|Nuzzle|p2a: Iron Moth\n|-damage|p2a: Iron Moth|242/253\n|-status|p2a: Iron Moth|par\n|move|p2a: Iron Moth|Fiery Dance|p1a: Pachirisu\n|-damage|p1a: Pachirisu|45/100\n|\n|-weather|Snowscape|[upkeep]\n|upkeep\n|turn|17\n|inactive|Time left: 300 sec this turn | 300 sec total\n|\n|t:|1783560763\n|move|p1a: Pachirisu|Super Fang|p2a: Iron Moth\n|-damage|p2a: Iron Moth|121/253 par\n|cant|p2a: Iron Moth|par\n|\n|-weather|Snowscape|[upkeep]\n|upkeep\n|turn|18\n|inactive|Time left: 300 sec this turn | 300 sec total\n|\n|t:|1783560764\n|switch|p1a: Hoopa|Hoopa, L85|100/100\n|cant|p2a: Iron Moth|par\n|\n|-weather|none\n|upkeep\n|turn|19\n|inactive|Time left: 300 sec this turn | 300 sec total\n|\n|t:|1783560765\n|move|p1a: Hoopa|Psychic|p2a: Iron Moth\n|-supereffective|p2a: Iron Moth\n|-damage|p2a: Iron Moth|0 fnt\n|faint|p2a: Iron Moth\n|-end|p2a: Iron Moth|Quark Drive|[silent]\n|-damage|p1a: Hoopa|91/100|[from] item: Life Orb\n|\n|upkeep\n|inactive|Time left: 300 sec this turn | 300 sec total | 5 sec grace\n|\n|t:|1783560766\n|switch|p2a: Altaria|Altaria, L89, M|278/278\n|turn|20\n|inactive|Time left: 300 sec this turn | 300 sec total\n|\n|t:|1783560766\n|move|p2a: Altaria|Dragon Dance|p2a: Altaria\n|-boost|p2a: Altaria|atk|1\n|-boost|p2a: Altaria|spe|1\n|move|p1a: Hoopa|Psychic|p2a: Altaria\n|-damage|p2a: Altaria|199/278\n|-damage|p1a: Hoopa|81/100|[from] item: Life Orb\n|\n|upkeep\n|turn|21\n|inactive|Time left: 300 sec this turn | 300 sec total\n|\n|t:|1783560767\n|switch|p1a: Archaludon|Archaludon, L78, M|100/100\n|move|p2a: Altaria|Brave Bird|p1a: Archaludon\n|-resisted|p1a: Archaludon\n|-damage|p1a: Archaludon|74/100\n|-ability|p1a: Archaludon|Stamina|boost\n|-boost|p1a: Archaludon|def|1\n|-damage|p2a: Altaria|176/278|[from] Recoil\n|\n|-heal|p1a: Archaludon|80/100|[from] item: Leftovers\n|-sideend|p2: p0y1854511d|move: Aurora Veil\n|upkeep\n|turn|22\n|inactive|Time left: 300 sec this turn | 300 sec total\n|\n|t:|1783560768\n|move|p2a: Altaria|Roost|p2a: Altaria\n|-heal|p2a: Altaria|278/278\n|-singleturn|p2a: Altaria|move: Roost\n|move|p1a: Archaludon|Draco Meteor|p2a: Altaria\n|-supereffective|p2a: Altaria\n|-damage|p2a: Altaria|20/278\n|-unboost|p1a: Archaludon|spa|2\n|\n|-heal|p1a: Archaludon|86/100|[from] item: Leftovers\n|upkeep\n|turn|23\n|inactive|Time left: 300 sec this turn | 300 sec total\n|\n|t:|1783560769\n|move|p2a: Altaria|Roost|p2a: Altaria\n|-heal|p2a: Altaria|159/278\n|-singleturn|p2a: Altaria|move: Roost\n|move|p1a: Archaludon|Body Press|p2a: Altaria\n|-damage|p2a: Altaria|75/278\n|\n|-heal|p1a: Archaludon|92/100|[from] item: Leftovers\n|upkeep\n|turn|24\n|inactive|Time left: 300 sec this turn | 300 sec total\n|\n|t:|1783560770\n|move|p2a: Altaria|Roost|p2a: Altaria\n|-heal|p2a: Altaria|214/278\n|-singleturn|p2a: Altaria|move: Roost\n|move|p1a: Archaludon|Draco Meteor|p2a: Altaria\n|-supereffective|p2a: Altaria\n|-damage|p2a: Altaria|98/278\n|-unboost|p1a: Archaludon|spa|2\n|\n|-heal|p1a: Archaludon|98/100|[from] item: Leftovers\n|upkeep\n|turn|25\n|inactive|Time left: 300 sec this turn | 300 sec total\n|\n|t:|1783560771\n|switch|p1a: Duraludon|Duraludon, L82, F|46/100\n|move|p2a: Altaria|Roost|p2a: Altaria\n|-heal|p2a: Altaria|237/278\n|-singleturn|p2a: Altaria|move: Roost\n|\n|upkeep\n|turn|26\n|inactive|Time left: 300 sec this turn | 300 sec total\n|\n|t:|1783560772\n|-terastallize|p1a: Duraludon|Fighting\n|move|p2a: Altaria|Earthquake|p1a: Duraludon\n|-damage|p1a: Duraludon|15/100\n|move|p1a: Duraludon|Draco Meteor|p2a: Altaria\n|-supereffective|p2a: Altaria\n|-damage|p2a: Altaria|0 fnt\n|-unboost|p1a: Duraludon|spa|2\n|faint|p2a: Altaria\n|\n|upkeep\n|inactive|Time left: 300 sec this turn | 300 sec total | 5 sec grace\n|\n|t:|1783560773\n|switch|p2a: Ursaluna|Ursaluna-Bloodmoon, L79, M|308/308\n|turn|27\n|inactive|Time left: 300 sec this turn | 300 sec total\n|\n|t:|1783560774\n|move|p1a: Duraludon|Iron Defense|p1a: Duraludon\n|-boost|p1a: Duraludon|def|2\n|move|p2a: Ursaluna|Blood Moon|p1a: Duraludon\n|-damage|p1a: Duraludon|0 fnt\n|faint|p1a: Duraludon\n|\n|upkeep\n|\n|t:|1783560775\n|switch|p1a: Hariyama|Hariyama, L87, M|49/100 brn\n|turn|28\n|inactive|Time left: 300 sec this turn | 300 sec total\n|\n|t:|1783560776\n|move|p1a: Hariyama|Close Combat|p2a: Ursaluna\n|-supereffective|p2a: Ursaluna\n|-damage|p2a: Ursaluna|0 fnt\n|-unboost|p1a: Hariyama|def|1\n|-unboost|p1a: Hariyama|spd|1\n|faint|p2a: Ursaluna\n|\n|win|p0x18546ea7", "uploadtime": 1783560776, "views": 0, "rating": 0, "private": 0, "password": null, "_winner": "p0x18546ea7", "_our_name": "p0y1854511d"}