{"id": "battle-gen9randombattle-842", "formatid": "gen9randombattle", "format": "[Gen 9] Random Battle", "players": ["p0x842b86d", "p0y84204e9"], "log": "|init|battle\n|title|p0x842b86d vs. p0y84204e9\n|j|\u2606p0x842b86d\n|j|\u2606p0y84204e9\n|t:|1783549650\n|gametype|singles\n|player|p1|p0x842b86d|102|\n|player|p2|p0y84204e9|1|\n|gen|9\n|tier|[Gen 9] Random Battle\n|rule|Species Clause: Limit one of each Pok\u00e9mon\n|rule|HP Percentage Mod: HP is shown in percentages\n|rule|Sleep Clause Mod: Limit one foe put to sleep\n|rule|Illusion Level Mod: Illusion disguises the Pok\u00e9mon's true level\n|\n|t:|1783549650\n|teamsize|p1|6\n|teamsize|p2|6\n|start\n|switch|p1a: Perrserker|Perrserker, L89, F|269/269\n|switch|p2a: Rayquaza|Rayquaza, L72|100/100\n|-ability|p2a: Rayquaza|Air Lock\n|turn|1\n|inactive|Battle timer is ON: inactive players will automatically lose when time's up. (requested by p0x842b86d)\n|inactive|p0y84204e9 also wants the timer to be on.\n|\n|t:|1783549651\n|move|p2a: Rayquaza|Earthquake|p1a: Perrserker\n|-supereffective|p1a: Perrserker\n|-damage|p1a: Perrserker|83/269\n|move|p1a: Perrserker|Knock Off|p2a: Rayquaza\n|-damage|p2a: Rayquaza|36/100\n|-enditem|p2a: Rayquaza|Choice Band|[from] move: Knock Off|[of] p1a: Perrserker\n|-damage|p1a: Perrserker|57/269|[from] item: Life Orb\n|\n|upkeep\n|turn|2\n|inactive|Time left: 300 sec this turn | 300 sec total\n|\n|t:|1783549653\n|switch|p1a: Slowking|Slowking, L88, M|310/310\n|move|p2a: Rayquaza|Earthquake|p1a: Slowking\n|-damage|p1a: Slowking|237/310\n|\n|-heal|p1a: Slowking|256/310|[from] item: Leftovers\n|upkeep\n|turn|3\n|inactive|Time left: 300 sec this turn | 300 sec total\n|\n|t:|1783549654\n|switch|p2a: Luxray|Luxray, L88, F|100/100\n|move|p1a: Slowking|Psyshock|p2a: Luxray\n|-damage|p2a: Luxray|67/100\n|\n|-heal|p1a: Slowking|275/310|[from] item: Leftovers\n|-status|p2a: Luxray|brn|[from] item: Flame Orb\n|upkeep\n|turn|4\n|inactive|Time left: 300 sec this turn | 300 sec total\n|\n|t:|1783549655\n|switch|p1a: Tropius|Tropius, L91, F|328/328\n|move|p2a: Luxray|Supercell Slam|p1a: Tropius|[miss]\n|-miss|p2a: Luxray|p1a: Tropius\n|-damage|p2a: Luxray|17/100 brn|[from] supercellslam\n|\n|-damage|p2a: Luxray|11/100 brn|[from] brn\n|upkeep\n|turn|5\n|inactive|Time left: 300 sec this turn | 300 sec total\n|\n|t:|1783549656\n|switch|p2a: Ambipom|Ambipom, L84, F|100/100\n|move|p1a: Tropius|Dragon Dance|p1a: Tropius\n|-boost|p1a: Tropius|atk|1\n|-boost|p1a: Tropius|spe|1\n|\n|upkeep\n|turn|6\n|inactive|Time left: 300 sec this turn | 300 sec total\n|\n|t:|1783549658\n|move|p2a: Ambipom|Triple Axel|p1a: Tropius\n|-supereffective|p1a: Tropius\n|-damage|p1a: Tropius|192/328\n|-supereffective|p1a: Tropius\n|-damage|p1a: Tropius|0 fnt\n|faint|p1a: Tropius\n|-hitcount|p1: Tropius|2\n|\n|upkeep\n|inactive|Time left: 300 sec this turn | 300 sec total | 5 sec grace\n|\n|t:|1783549659\n|switch|p1a: Samurott|Samurott, L88, F|310/310\n|turn|7\n|inactive|Time left: 300 sec this turn | 300 sec total\n|\n|t:|1783549660\n|move|p2a: Ambipom|Triple Axel|p1a: Samurott\n|-resisted|p1a: Samurott\n|-damage|p1a: Samurott|295/310\n|-resisted|p1a: Samurott\n|-damage|p1a: Samurott|264/310\n|-resisted|p1a: Samurott\n|-damage|p1a: Samurott|214/310\n|-hitcount|p1a: Samurott|3\n|move|p1a: Samurott|Swords Dance|p1a: Samurott\n|-boost|p1a: Samurott|atk|2\n|\n|upkeep\n|turn|8\n|inactive|Time left: 300 sec this turn | 300 sec total\n|\n|t:|1783549661\n|switch|p2a: Rayquaza|Rayquaza, L72|36/100\n|-ability|p2a: Rayquaza|Air Lock\n|move|p1a: Samurott|Megahorn|p2a: Rayquaza\n|-resisted|p2a: Rayquaza\n|-damage|p2a: Rayquaza|0 fnt\n|faint|p2a: Rayquaza\n|-damage|p1a: Samurott|183/310|[from] item: Life Orb\n|\n|upkeep\n|\n|t:|1783549662\n|switch|p2a: Regieleki|Regieleki, L79|100/100\n|turn|9\n|inactive|Time left: 300 sec this turn | 300 sec total\n|\n|t:|1783549663\n|-terastallize|p1a: Samurott|Water\n|move|p1a: Samurott|Aqua Jet|p2a: Regieleki\n|-damage|p2a: Regieleki|0 fnt\n|faint|p2a: Regieleki\n|-damage|p1a: Samurott|152/310|[from] item: Life Orb\n|\n|upkeep\n|\n|t:|1783549664\n|switch|p2a: Ambipom|Ambipom, L84, F|100/100\n|turn|10\n|inactive|Time left: 300 sec this turn | 300 sec total\n|\n|t:|1783549665\n|move|p1a: Samurott|Aqua Jet|p2a: Ambipom\n|-damage|p2a: Ambipom|18/100\n|-damage|p1a: Samurott|121/310|[from] item: Life Orb\n|move|p2a: Ambipom|Double-Edge|p1a: Samurott\n|-damage|p1a: Samurott|0 fnt\n|faint|p1a: Samurott\n|-damage|p2a: Ambipom|3/100|[from] Recoil\n|\n|upkeep\n|inactive|Time left: 300 sec this turn | 300 sec total | 5 sec grace\n|\n|t:|1783549666\n|switch|p1a: Regieleki|Regieleki, L79|256/256\n|turn|11\n|inactive|Time left: 300 sec this turn | 300 sec total\n|\n|t:|1783549667\n|switch|p2a: Excadrill|Excadrill, L79, F|100/100\n|-ability|p2a: Excadrill|Mold Breaker\n|move|p1a: Regieleki|Thunderbolt|p2a: Excadrill\n|-immune|p2a: Excadrill\n|\n|upkeep\n|turn|12\n|inactive|Time left: 300 sec this turn | 300 sec total\n|\n|t:|1783549668\n|switch|p1a: Slowking|Slowking, L88, M|310/310\n|move|p2a: Excadrill|Swords Dance|p2a: Excadrill\n|-boost|p2a: Excadrill|atk|2\n|\n|upkeep\n|turn|13\n|inactive|Time left: 300 sec this turn | 300 sec total\n|\n|t:|1783549669\n|-terastallize|p2a: Excadrill|Ground\n|move|p2a: Excadrill|Earthquake|p1a: Slowking\n|-damage|p1a: Slowking|0 fnt\n|faint|p1a: Slowking\n|\n|upkeep\n|inactive|Time left: 300 sec this turn | 300 sec total | 5 sec grace\n|\n|t:|1783549670\n|switch|p1a: Gothitelle|Gothitelle, L90, F|272/272\n|turn|14\n|inactive|Time left: 300 sec this turn | 300 sec total\n|\n|t:|1783549671\n|move|p1a: Gothitelle|Psychic|p2a: Excadrill\n|-damage|p2a: Excadrill|52/100\n|move|p2a: Excadrill|Earthquake|p1a: Gothitelle\n|-damage|p1a: Gothitelle|0 fnt\n|faint|p1a: Gothitelle\n|\n|-heal|p2a: Excadrill|58/100|[from] item: Leftovers\n|upkeep\n|inactive|Time left: 300 sec this turn | 300 sec total | 5 sec grace\n|\n|t:|1783549671\n|switch|p1a: Regieleki|Regieleki, L79|256/256\n|turn|15\n|inactive|Time left: 300 sec this turn | 300 sec total\n|\n|t:|1783549672\n|move|p1a: Regieleki|Rapid Spin|p2a: Excadrill\n|-damage|p2a: Excadrill|42/100\n|-boost|p1a: Regieleki|spe|1\n|move|p2a: Excadrill|Earthquake|p1a: Regieleki\n|-supereffective|p1a: Regieleki\n|-damage|p1a: Regieleki|0 fnt\n|faint|p1a: Regieleki\n|\n|-heal|p2a: Excadrill|48/100|[from] item: Leftovers\n|upkeep\n|inactive|Time left: 300 sec this turn | 300 sec total | 5 sec grace\n|\n|t:|1783549673\n|switch|p1a: Perrserker|Perrserker, L89, F|57/269\n|turn|16\n|inactive|Time left: 300 sec this turn | 300 sec total\n|\n|t:|1783549673\n|move|p2a: Excadrill|Earthquake|p1a: Perrserker\n|-supereffective|p1a: Perrserker\n|-damage|p1a: Perrserker|0 fnt\n|faint|p1a: Perrserker\n|\n|win|p0y84204e9", "uploadtime": 1783549673, "views": 0, "rating": 0, "private": 0, "password": null, "_winner": "p0y84204e9", "_our_name": "p0x842b86d"}