{"id": "battle-gen9randombattle-607", "formatid": "gen9randombattle", "format": "[Gen 9] Random Battle", "players": ["p0x6071b7b", "p0y6070394"], "log": "|init|battle\n|title|p0x6071b7b vs. p0y6070394\n|j|\u2606p0x6071b7b\n|j|\u2606p0y6070394\n|t:|1783546135\n|gametype|singles\n|player|p1|p0x6071b7b|266|\n|player|p2|p0y6070394|170|\n|gen|9\n|tier|[Gen 9] Random Battle\n|rule|Species Clause: Limit one of each Pok\u00e9mon\n|rule|HP Percentage Mod: HP is shown in percentages\n|rule|Sleep Clause Mod: Limit one foe put to sleep\n|rule|Illusion Level Mod: Illusion disguises the Pok\u00e9mon's true level\n|\n|t:|1783546135\n|teamsize|p1|6\n|teamsize|p2|6\n|start\n|switch|p1a: Torterra|Torterra, L78, F|276/276\n|switch|p2a: Zebstrika|Zebstrika, L87, M|100/100\n|turn|1\n|inactive|Battle timer is ON: inactive players will automatically lose when time's up. (requested by p0x6071b7b)\n|inactive|p0y6070394 also wants the timer to be on.\n|\n|t:|1783546136\n|switch|p2a: Vikavolt|Vikavolt, L83, F|100/100\n|move|p1a: Torterra|Shell Smash|p1a: Torterra\n|-unboost|p1a: Torterra|def|1\n|-unboost|p1a: Torterra|spd|1\n|-boost|p1a: Torterra|atk|2\n|-boost|p1a: Torterra|spa|2\n|-boost|p1a: Torterra|spe|2\n|\n|upkeep\n|turn|2\n|inactive|Time left: 300 sec this turn | 300 sec total\n|\n|t:|1783546137\n|-terastallize|p2a: Vikavolt|Electric\n|move|p1a: Torterra|Rock Blast|p2a: Vikavolt\n|-damage|p2a: Vikavolt|86/100\n|-damage|p2a: Vikavolt|73/100\n|-damage|p2a: Vikavolt|59/100\n|-damage|p2a: Vikavolt|47/100\n|-hitcount|p2a: Vikavolt|4\n|move|p2a: Vikavolt|Bug Buzz|p1a: Torterra\n|-supereffective|p1a: Torterra\n|-damage|p1a: Torterra|0 fnt\n|faint|p1a: Torterra\n|\n|upkeep\n|inactive|Time left: 300 sec this turn | 300 sec total | 5 sec grace\n|\n|t:|1783546138\n|switch|p1a: Azumarill|Azumarill, L82, M|298/298\n|turn|3\n|inactive|Time left: 300 sec this turn | 300 sec total\n|\n|t:|1783546139\n|move|p1a: Azumarill|Play Rough|p2a: Vikavolt\n|-damage|p2a: Vikavolt|0 fnt\n|faint|p2a: Vikavolt\n|\n|upkeep\n|\n|t:|1783546140\n|switch|p2a: Zebstrika|Zebstrika, L87, M|100/100\n|turn|4\n|inactive|Time left: 300 sec this turn | 300 sec total\n|\n|t:|1783546141\n|switch|p1a: Kilowattrel|Kilowattrel, L83, M|252/252\n|move|p2a: Zebstrika|Supercell Slam|p1a: Kilowattrel\n|-immune|p1a: Kilowattrel|[from] ability: Volt Absorb\n|-damage|p2a: Zebstrika|50/100|[from] supercellslam\n|\n|upkeep\n|turn|5\n|inactive|Time left: 300 sec this turn | 300 sec total\n|\n|t:|1783546142\n|move|p1a: Kilowattrel|Hurricane|p2a: Zebstrika\n|-resisted|p2a: Zebstrika\n|-damage|p2a: Zebstrika|21/100\n|-start|p2a: Zebstrika|confusion\n|-activate|p2a: Zebstrika|confusion\n|move|p2a: Zebstrika|Volt Switch|p1a: Kilowattrel\n|-immune|p1a: Kilowattrel|[from] ability: Volt Absorb\n|\n|upkeep\n|turn|6\n|inactive|Time left: 300 sec this turn | 300 sec total\n|\n|t:|1783546143\n|switch|p2a: Lunala|Lunala, L70|100/100\n|move|p1a: Kilowattrel|Hurricane|p2a: Lunala|[miss]\n|-miss|p1a: Kilowattrel|p2a: Lunala\n|\n|upkeep\n|turn|7\n|inactive|Time left: 300 sec this turn | 300 sec total\n|\n|t:|1783546144\n|move|p1a: Kilowattrel|Hurricane|p2a: Lunala|[miss]\n|-miss|p1a: Kilowattrel|p2a: Lunala\n|move|p2a: Lunala|Moongeist Beam|p1a: Kilowattrel\n|-crit|p1a: Kilowattrel\n|-damage|p1a: Kilowattrel|57/252\n|\n|upkeep\n|turn|8\n|inactive|Time left: 300 sec this turn | 300 sec total\n|\n|t:|1783546146\n|move|p1a: Kilowattrel|Roost|p1a: Kilowattrel\n|-heal|p1a: Kilowattrel|183/252\n|-singleturn|p1a: Kilowattrel|move: Roost\n|move|p2a: Lunala|Moongeist Beam|p1a: Kilowattrel\n|-damage|p1a: Kilowattrel|39/252\n|\n|upkeep\n|turn|9\n|inactive|Time left: 300 sec this turn | 300 sec total\n|\n|t:|1783546147\n|move|p1a: Kilowattrel|Roost|p1a: Kilowattrel\n|-heal|p1a: Kilowattrel|165/252\n|-singleturn|p1a: Kilowattrel|move: Roost\n|move|p2a: Lunala|Moongeist Beam|p1a: Kilowattrel\n|-damage|p1a: Kilowattrel|26/252\n|\n|upkeep\n|turn|10\n|inactive|Time left: 300 sec this turn | 300 sec total\n|\n|t:|1783546148\n|move|p1a: Kilowattrel|Roost|p1a: Kilowattrel\n|-heal|p1a: Kilowattrel|152/252\n|-singleturn|p1a: Kilowattrel|move: Roost\n|move|p2a: Lunala|Calm Mind|p2a: Lunala\n|-boost|p2a: Lunala|spa|1\n|-boost|p2a: Lunala|spd|1\n|\n|upkeep\n|turn|11\n|inactive|Time left: 300 sec this turn | 300 sec total\n|\n|t:|1783546149\n|switch|p1a: Spiritomb|Spiritomb, L89, M|234/234\n|move|p2a: Lunala|Moongeist Beam|p1a: Spiritomb\n|-damage|p1a: Spiritomb|104/234\n|\n|-heal|p1a: Spiritomb|118/234|[from] item: Leftovers\n|upkeep\n|turn|12\n|inactive|Time left: 300 sec this turn | 300 sec total\n|\n|t:|1783546150\n|switch|p1a: Squawkabilly|Squawkabilly-Yellow, L89, M|291/291\n|move|p2a: Lunala|Moongeist Beam|p1a: Squawkabilly\n|-immune|p1a: Squawkabilly\n|\n|upkeep\n|turn|13\n|inactive|Time left: 300 sec this turn | 300 sec total\n|\n|t:|1783546151\n|move|p1a: Squawkabilly|Parting Shot|p2a: Lunala\n|-unboost|p2a: Lunala|atk|1\n|-unboost|p2a: Lunala|spa|1\n|inactive|Time left: 300 sec this turn | 300 sec total | 5 sec grace\n|\n|t:|1783546152\n|switch|p1a: Spiritomb|Spiritomb, L89, M|118/234|[from] Parting Shot\n|move|p2a: Lunala|Psyshock|p1a: Spiritomb\n|-immune|p1a: Spiritomb\n|\n|-heal|p1a: Spiritomb|132/234|[from] item: Leftovers\n|upkeep\n|turn|14\n|inactive|Time left: 300 sec this turn | 300 sec total\n|\n|t:|1783546154\n|switch|p2a: Persian|Persian-Alola, L86, F|100/100\n|move|p1a: Spiritomb|Poltergeist|p2a: Persian\n|-activate|p2a: Persian|move: Poltergeist|Heavy-Duty Boots\n|-resisted|p2a: Persian\n|-damage|p2a: Persian|85/100\n|\n|-heal|p1a: Spiritomb|146/234|[from] item: Leftovers\n|upkeep\n|turn|15\n|inactive|Time left: 300 sec this turn | 300 sec total\n|\n|t:|1783546155\n|move|p2a: Persian|Foul Play|p1a: Spiritomb\n|-damage|p1a: Spiritomb|59/234\n|move|p1a: Spiritomb|Will-O-Wisp|p2a: Persian\n|-status|p2a: Persian|brn\n|\n|-heal|p1a: Spiritomb|73/234|[from] item: Leftovers\n|-damage|p2a: Persian|79/100 brn|[from] brn\n|upkeep\n|turn|16\n|inactive|Time left: 300 sec this turn | 300 sec total\n|\n|t:|1783546156\n|move|p2a: Persian|Parting Shot|p1a: Spiritomb\n|-unboost|p1a: Spiritomb|atk|1\n|-unboost|p1a: Spiritomb|spa|1\n|\n|t:|1783546157\n|switch|p2a: Heatran|Heatran, L79, F|100/100|[from] Parting Shot\n|move|p1a: Spiritomb|Foul Play|p2a: Heatran\n|-damage|p2a: Heatran|70/100\n|\n|-heal|p1a: Spiritomb|87/234|[from] item: Leftovers\n|upkeep\n|turn|17\n|inactive|Time left: 300 sec this turn | 300 sec total\n|\n|t:|1783546158\n|switch|p1a: Heatran|Heatran, L79, F|273/273\n|-item|p1a: Heatran|Air Balloon\n|move|p2a: Heatran|Lava Plume|p1a: Heatran\n|-start|p1a: Heatran|ability: Flash Fire\n|\n|upkeep\n|turn|18\n|inactive|Time left: 300 sec this turn | 300 sec total\n|\n|t:|1783546159\n|switch|p2a: Lunala|Lunala, L70|100/100\n|move|p1a: Heatran|Earth Power|p2a: Lunala\n|-damage|p2a: Lunala|88/100\n|\n|-heal|p2a: Lunala|95/100|[from] item: Leftovers\n|upkeep\n|turn|19\n|inactive|Time left: 300 sec this turn | 300 sec total\n|\n|t:|1783546160\n|move|p2a: Lunala|Calm Mind|p2a: Lunala\n|-boost|p2a: Lunala|spa|1\n|-boost|p2a: Lunala|spd|1\n|move|p1a: Heatran|Lava Plume|p2a: Lunala\n|-damage|p2a: Lunala|64/100\n|\n|-heal|p2a: Lunala|71/100|[from] item: Leftovers\n|upkeep\n|turn|20\n|inactive|Time left: 300 sec this turn | 300 sec total\n|\n|t:|1783546161\n|-end|p1a: Heatran|ability: Flash Fire|[silent]\n|switch|p1a: Squawkabilly|Squawkabilly-Yellow, L89, M|291/291\n|move|p2a: Lunala|Moongeist Beam|p1a: Squawkabilly\n|-immune|p1a: Squawkabilly\n|\n|-heal|p2a: Lunala|77/100|[from] item: Leftovers\n|upkeep\n|turn|21\n|inactive|Time left: 300 sec this turn | 300 sec total\n|\n|t:|1783546162\n|move|p1a: Squawkabilly|Brave Bird|p2a: Lunala|[miss]\n|-miss|p1a: Squawkabilly|p2a: Lunala\n|move|p2a: Lunala|Psyshock|p1a: Squawkabilly\n|-damage|p1a: Squawkabilly|138/291\n|\n|-heal|p2a: Lunala|83/100|[from] item: Leftovers\n|upkeep\n|turn|22\n|inactive|Time left: 300 sec this turn | 300 sec total\n|\n|t:|1783546163\n|move|p1a: Squawkabilly|Brave Bird|p2a: Lunala|[miss]\n|-miss|p1a: Squawkabilly|p2a: Lunala\n|move|p2a: Lunala|Psyshock|p1a: Squawkabilly\n|-damage|p1a: Squawkabilly|0 fnt\n|faint|p1a: Squawkabilly\n|\n|-heal|p2a: Lunala|89/100|[from] item: Leftovers\n|upkeep\n|inactive|Time left: 300 sec this turn | 300 sec total | 5 sec grace\n|\n|t:|1783546164\n|switch|p1a: Azumarill|Azumarill, L82, M|298/298\n|turn|23\n|inactive|Time left: 300 sec this turn | 300 sec total\n|\n|t:|1783546165\n|move|p2a: Lunala|Moongeist Beam|p1a: Azumarill\n|-damage|p1a: Azumarill|147/298\n|move|p1a: Azumarill|Liquidation|p2a: Lunala\n|-damage|p2a: Lunala|26/100\n|\n|-heal|p2a: Lunala|32/100|[from] item: Leftovers\n|upkeep\n|turn|24\n|inactive|Time left: 300 sec this turn | 300 sec total\n|\n|t:|1783546166\n|move|p2a: Lunala|Moongeist Beam|p1a: Azumarill\n|-crit|p1a: Azumarill\n|-damage|p1a: Azumarill|0 fnt\n|faint|p1a: Azumarill\n|\n|-heal|p2a: Lunala|38/100|[from] item: Leftovers\n|upkeep\n|inactive|Time left: 300 sec this turn | 300 sec total | 5 sec grace\n|\n|t:|1783546167\n|switch|p1a: Spiritomb|Spiritomb, L89, M|87/234\n|turn|25\n|inactive|Time left: 300 sec this turn | 300 sec total\n|\n|t:|1783546168\n|switch|p2a: Persian|Persian-Alola, L86, F|79/100 brn\n|move|p1a: Spiritomb|Foul Play|p2a: Persian\n|-resisted|p2a: Persian\n|-damage|p2a: Persian|72/100 brn\n|\n|-heal|p1a: Spiritomb|101/234|[from] item: Leftovers\n|-damage|p2a: Persian|66/100 brn|[from] brn\n|upkeep\n|turn|26\n|inactive|Time left: 300 sec this turn | 300 sec total\n|\n|t:|1783546169\n|move|p2a: Persian|Parting Shot|p1a: Spiritomb\n|-unboost|p1a: Spiritomb|atk|1\n|-unboost|p1a: Spiritomb|spa|1\n|\n|t:|1783546170\n|switch|p2a: Heatran|Heatran, L79, F|70/100|[from] Parting Shot\n|move|p1a: Spiritomb|Poltergeist|p2a: Heatran\n|-activate|p2a: Heatran|move: Poltergeist|Assault Vest\n|-damage|p2a: Heatran|41/100\n|\n|-heal|p1a: Spiritomb|115/234|[from] item: Leftovers\n|upkeep\n|turn|27\n|inactive|Time left: 300 sec this turn | 300 sec total\n|\n|t:|1783546171\n|switch|p1a: Heatran|Heatran, L79, F|273/273\n|-item|p1a: Heatran|Air Balloon\n|move|p2a: Heatran|Heavy Slam|p1a: Heatran\n|-resisted|p1a: Heatran\n|-crit|p1a: Heatran\n|-damage|p1a: Heatran|261/273\n|-enditem|p1a: Heatran|Air Balloon\n|\n|upkeep\n|turn|28\n|inactive|Time left: 300 sec this turn | 300 sec total\n|\n|t:|1783546172\n|move|p1a: Heatran|Earth Power|p2a: Heatran\n|-supereffective|p2a: Heatran\n|-damage|p2a: Heatran|0 fnt\n|faint|p2a: Heatran\n|\n|upkeep\n|\n|t:|1783546173\n|switch|p2a: Lunala|Lunala, L70|38/100\n|turn|29\n|inactive|Time left: 300 sec this turn | 300 sec total\n|\n|t:|1783546174\n|switch|p1a: Spiritomb|Spiritomb, L89, M|115/234\n|move|p2a: Lunala|Moonlight|p2a: Lunala\n|-heal|p2a: Lunala|88/100\n|\n|-heal|p2a: Lunala|94/100|[from] item: Leftovers\n|-heal|p1a: Spiritomb|129/234|[from] item: Leftovers\n|upkeep\n|turn|30\n|inactive|Time left: 300 sec this turn | 300 sec total\n|\n|t:|1783546175\n|switch|p2a: Persian|Persian-Alola, L86, F|66/100 brn\n|move|p1a: Spiritomb|Foul Play|p2a: Persian\n|-resisted|p2a: Persian\n|-damage|p2a: Persian|59/100 brn\n|\n|-heal|p1a: Spiritomb|143/234|[from] item: Leftovers\n|-damage|p2a: Persian|53/100 brn|[from] brn\n|upkeep\n|turn|31\n|inactive|Time left: 300 sec this turn | 300 sec total\n|\n|t:|1783546176\n|move|p2a: Persian|Foul Play|p1a: Spiritomb\n|-damage|p1a: Spiritomb|102/234\n|move|p1a: Spiritomb|Poltergeist|p2a: Persian\n|-activate|p2a: Persian|move: Poltergeist|Heavy-Duty Boots\n|-resisted|p2a: Persian\n|-crit|p2a: Persian\n|-damage|p2a: Persian|31/100 brn\n|\n|-heal|p1a: Spiritomb|116/234|[from] item: Leftovers\n|-damage|p2a: Persian|25/100 brn|[from] brn\n|upkeep\n|turn|32\n|inactive|Time left: 300 sec this turn | 300 sec total\n|\n|t:|1783546177\n|move|p2a: Persian|Thunder Wave|p1a: Spiritomb\n|-status|p1a: Spiritomb|par\n|move|p1a: Spiritomb|Foul Play|p2a: Persian\n|-resisted|p2a: Persian\n|-damage|p2a: Persian|18/100 brn\n|\n|-heal|p1a: Spiritomb|130/234 par|[from] item: Leftovers\n|-damage|p2a: Persian|12/100 brn|[from] brn\n|upkeep\n|turn|33\n|inactive|Time left: 300 sec this turn | 300 sec total\n|\n|t:|1783546178\n|move|p2a: Persian|Parting Shot|p1a: Spiritomb\n|-unboost|p1a: Spiritomb|atk|1\n|-unboost|p1a: Spiritomb|spa|1\n|\n|t:|1783546179\n|switch|p2a: Zebstrika|Zebstrika, L87, M|21/100|[from] Parting Shot\n|cant|p1a: Spiritomb|par\n|\n|-heal|p1a: Spiritomb|144/234 par|[from] item: Leftovers\n|upkeep\n|turn|34\n|inactive|Time left: 300 sec this turn | 300 sec total\n|\n|t:|1783546180\n|switch|p1a: Kilowattrel|Kilowattrel, L83, M|152/252\n|move|p2a: Zebstrika|Supercell Slam|p1a: Kilowattrel\n|-heal|p1a: Kilowattrel|215/252|[from] ability: Volt Absorb|[of] p2a: Zebstrika\n|-damage|p2a: Zebstrika|0 fnt|[from] supercellslam\n|faint|p2a: Zebstrika\n|\n|upkeep\n|\n|t:|1783546181\n|switch|p2a: Lycanroc|Lycanroc, L86, F|100/100\n|turn|35\n|inactive|Time left: 300 sec this turn | 300 sec total\n|\n|t:|1783546182\n|move|p1a: Kilowattrel|U-turn|p2a: Lycanroc\n|-damage|p2a: Lycanroc|83/100\n|inactive|Time left: 300 sec this turn | 300 sec total | 5 sec grace\n|\n|t:|1783546183\n|switch|p1a: Spiritomb|Spiritomb, L89, M|144/234 par|[from] U-turn\n|move|p2a: Lycanroc|Stone Edge|p1a: Spiritomb\n|-damage|p1a: Spiritomb|15/234 par\n|-damage|p2a: Lycanroc|73/100|[from] item: Life Orb\n|\n|-heal|p1a: Spiritomb|29/234 par|[from] item: Leftovers\n|upkeep\n|turn|36\n|inactive|Time left: 300 sec this turn | 300 sec total\n|\n|t:|1783546184\n|move|p2a: Lycanroc|Accelerock|p1a: Spiritomb\n|-damage|p1a: Spiritomb|0 fnt\n|faint|p1a: Spiritomb\n|-damage|p2a: Lycanroc|64/100|[from] item: Life Orb\n|\n|upkeep\n|inactive|Time left: 300 sec this turn | 300 sec total | 5 sec grace\n|\n|t:|1783546184\n|switch|p1a: Heatran|Heatran, L79, F|261/273\n|turn|37\n|inactive|Time left: 300 sec this turn | 300 sec total\n|\n|t:|1783546186\n|move|p2a: Lycanroc|Close Combat|p1a: Heatran\n|-supereffective|p1a: Heatran\n|-damage|p1a: Heatran|17/273\n|-unboost|p2a: Lycanroc|def|1\n|-unboost|p2a: Lycanroc|spd|1\n|-damage|p2a: Lycanroc|54/100|[from] item: Life Orb\n|move|p1a: Heatran|Heavy Slam|p2a: Lycanroc\n|-supereffective|p2a: Lycanroc\n|-damage|p2a: Lycanroc|0 fnt\n|faint|p2a: Lycanroc\n|\n|upkeep\n|\n|t:|1783546187\n|switch|p2a: Lunala|Lunala, L70|94/100\n|turn|38\n|inactive|Time left: 300 sec this turn | 300 sec total\n|\n|t:|1783546188\n|move|p2a: Lunala|Psyshock|p1a: Heatran\n|-resisted|p1a: Heatran\n|-damage|p1a: Heatran|0 fnt\n|faint|p1a: Heatran\n|\n|-heal|p2a: Lunala|100/100|[from] item: Leftovers\n|upkeep\n|inactive|Time left: 300 sec this turn | 300 sec total | 5 sec grace\n|\n|t:|1783546189\n|switch|p1a: Kilowattrel|Kilowattrel, L83, M|215/252\n|turn|39\n|inactive|Time left: 300 sec this turn | 300 sec total\n|\n|t:|1783546190\n|move|p1a: Kilowattrel|Discharge|p2a: Lunala\n|-damage|p2a: Lunala|87/100\n|move|p2a: Lunala|Calm Mind|p2a: Lunala\n|-boost|p2a: Lunala|spa|1\n|-boost|p2a: Lunala|spd|1\n|\n|-heal|p2a: Lunala|93/100|[from] item: Leftovers\n|upkeep\n|turn|40\n|inactive|Time left: 300 sec this turn | 300 sec total\n|\n|t:|1783546191\n|move|p1a: Kilowattrel|Discharge|p2a: Lunala\n|-damage|p2a: Lunala|74/100\n|move|p2a: Lunala|Calm Mind|p2a: Lunala\n|-boost|p2a: Lunala|spa|1\n|-boost|p2a: Lunala|spd|1\n|\n|-heal|p2a: Lunala|80/100|[from] item: Leftovers\n|upkeep\n|turn|41\n|inactive|Time left: 300 sec this turn | 300 sec total\n|\n|t:|1783546192\n|move|p1a: Kilowattrel|Hurricane|p2a: Lunala\n|-damage|p2a: Lunala|61/100\n|-start|p2a: Lunala|confusion\n|-activate|p2a: Lunala|confusion\n|move|p2a: Lunala|Psyshock|p1a: Kilowattrel\n|-damage|p1a: Kilowattrel|0 fnt\n|faint|p1a: Kilowattrel\n|\n|win|p0y6070394", "uploadtime": 1783546192, "views": 0, "rating": 0, "private": 0, "password": null, "_winner": "p0y6070394", "_our_name": "p0x6071b7b"}