{"id": "battle-gen9randombattle-1128", "formatid": "gen9randombattle", "format": "[Gen 9] Random Battle", "players": ["p0x112882f2", "p0y1128bd9d"], "log": "|init|battle\n|title|p0x112882f2 vs. p0y1128bd9d\n|j|\u2606p0x112882f2\n|j|\u2606p0y1128bd9d\n|t:|1783552222\n|gametype|singles\n|player|p1|p0x112882f2|1|\n|player|p2|p0y1128bd9d|1|\n|gen|9\n|tier|[Gen 9] Random Battle\n|rule|Species Clause: Limit one of each Pok\u00e9mon\n|rule|HP Percentage Mod: HP is shown in percentages\n|rule|Sleep Clause Mod: Limit one foe put to sleep\n|rule|Illusion Level Mod: Illusion disguises the Pok\u00e9mon's true level\n|\n|t:|1783552222\n|teamsize|p1|6\n|teamsize|p2|6\n|start\n|switch|p1a: Falinks|Falinks, L84|246/246\n|switch|p2a: Mamoswine|Mamoswine, L81, M|100/100\n|turn|1\n|inactive|Battle timer is ON: inactive players will automatically lose when time's up. (requested by p0y1128bd9d)\n|inactive|Time left: 300 sec this turn | 300 sec total | 60 sec grace\n|\n|t:|1783552224\n|-terastallize|p2a: Mamoswine|Ground\n|move|p2a: Mamoswine|Earthquake|p1a: Falinks\n|-crit|p1a: Falinks\n|-damage|p1a: Falinks|0 fnt\n|faint|p1a: Falinks\n|\n|upkeep\n|inactive|Time left: 300 sec this turn | 300 sec total | 65 sec grace\n|inactive|p0x112882f2 also wants the timer to be on.\n|\n|t:|1783552225\n|switch|p1a: Politoed|Politoed, L88, M|302/302\n|-weather|RainDance|[from] ability: Drizzle|[of] p1a: Politoed\n|turn|2\n|inactive|Time left: 300 sec this turn | 300 sec total\n|\n|t:|1783552227\n|move|p2a: Mamoswine|Earthquake|p1a: Politoed\n|-damage|p1a: Politoed|28/302\n|move|p1a: Politoed|Weather Ball|p2a: Mamoswine\n|-supereffective|p2a: Mamoswine\n|-damage|p2a: Mamoswine|0 fnt\n|faint|p2a: Mamoswine\n|\n|-weather|RainDance|[upkeep]\n|upkeep\n|\n|t:|1783552228\n|switch|p2a: Iron Leaves|Iron Leaves, L80|100/100\n|turn|3\n|inactive|Time left: 300 sec this turn | 300 sec total\n|\n|t:|1783552229\n|switch|p1a: Tropius|Tropius, L91, M|328/328\n|move|p2a: Iron Leaves|Swords Dance|p2a: Iron Leaves\n|-boost|p2a: Iron Leaves|atk|2\n|\n|-weather|RainDance|[upkeep]\n|upkeep\n|turn|4\n|inactive|Time left: 300 sec this turn | 300 sec total\n|\n|t:|1783552230\n|move|p2a: Iron Leaves|Psyblade|p1a: Tropius\n|-damage|p1a: Tropius|71/328\n|-enditem|p1a: Tropius|Sitrus Berry|[eat]\n|-heal|p1a: Tropius|153/328|[from] item: Sitrus Berry\n|-damage|p2a: Iron Leaves|91/100|[from] item: Life Orb\n|move|p1a: Tropius|Air Slash|p2a: Iron Leaves\n|-supereffective|p2a: Iron Leaves\n|-damage|p2a: Iron Leaves|42/100\n|\n|-weather|RainDance|[upkeep]\n|-item|p1a: Tropius|Sitrus Berry|[from] ability: Harvest\n|upkeep\n|-enditem|p1a: Tropius|Sitrus Berry|[eat]\n|-heal|p1a: Tropius|235/328|[from] item: Sitrus Berry\n|turn|5\n|inactive|Time left: 300 sec this turn | 300 sec total\n|\n|t:|1783552230\n|move|p2a: Iron Leaves|Psyblade|p1a: Tropius\n|-damage|p1a: Tropius|0 fnt\n|faint|p1a: Tropius\n|-damage|p2a: Iron Leaves|32/100|[from] item: Life Orb\n|\n|-weather|RainDance|[upkeep]\n|upkeep\n|inactive|Time left: 300 sec this turn | 300 sec total | 5 sec grace\n|\n|t:|1783552231\n|switch|p1a: Morpeko|Morpeko, L88, F|245/245\n|turn|6\n|inactive|Time left: 300 sec this turn | 300 sec total\n|\n|t:|1783552232\n|move|p1a: Morpeko|Protect|p1a: Morpeko\n|-singleturn|p1a: Morpeko|Protect\n|move|p2a: Iron Leaves|Close Combat|p1a: Morpeko\n|-activate|p1a: Morpeko|move: Protect\n|\n|-weather|none\n|-formechange|p1a: Morpeko|Morpeko-Hangry||[from] ability: Hunger Switch\n|upkeep\n|turn|7\n|inactive|Time left: 300 sec this turn | 300 sec total\n|\n|t:|1783552233\n|-end|p2a: Iron Leaves|Quark Drive|[silent]\n|switch|p2a: Golduck|Golduck, L90, F|100/100\n|-ability|p2a: Golduck|Cloud Nine\n|move|p1a: Morpeko|Aura Wheel|p2a: Golduck\n|-damage|p2a: Golduck|55/100\n|-boost|p1a: Morpeko|spe|1\n|\n|-heal|p2a: Golduck|61/100|[from] item: Leftovers\n|-formechange|p1a: Morpeko|Morpeko||[from] ability: Hunger Switch\n|upkeep\n|turn|8\n|inactive|Time left: 300 sec this turn | 300 sec total\n|\n|t:|1783552234\n|switch|p2a: Iron Leaves|Iron Leaves, L80|32/100\n|move|p1a: Morpeko|Aura Wheel|p2a: Iron Leaves\n|-resisted|p2a: Iron Leaves\n|-damage|p2a: Iron Leaves|7/100\n|-boost|p1a: Morpeko|spe|1\n|\n|-formechange|p1a: Morpeko|Morpeko-Hangry||[from] ability: Hunger Switch\n|upkeep\n|turn|9\n|inactive|Time left: 300 sec this turn | 300 sec total\n|\n|t:|1783552235\n|move|p1a: Morpeko|Aura Wheel|p2a: Iron Leaves\n|-supereffective|p2a: Iron Leaves\n|-damage|p2a: Iron Leaves|0 fnt\n|-boost|p1a: Morpeko|spe|1\n|faint|p2a: Iron Leaves\n|-end|p2a: Iron Leaves|Quark Drive|[silent]\n|\n|-formechange|p1a: Morpeko|Morpeko||[from] ability: Hunger Switch\n|upkeep\n|\n|t:|1783552236\n|switch|p2a: Skarmory|Skarmory, L80, M|100/100\n|turn|10\n|inactive|Time left: 300 sec this turn | 300 sec total\n|\n|t:|1783552236\n|move|p1a: Morpeko|Aura Wheel|p2a: Skarmory\n|-supereffective|p2a: Skarmory\n|-damage|p2a: Skarmory|19/100\n|-boost|p1a: Morpeko|spe|1\n|move|p2a: Skarmory|Whirlwind|p1a: Morpeko\n|drag|p1a: Snorlax|Snorlax, L82, M|397/397\n|\n|upkeep\n|turn|11\n|inactive|Time left: 300 sec this turn | 300 sec total\n|\n|t:|1783552238\n|move|p2a: Skarmory|Roost|p2a: Skarmory\n|-heal|p2a: Skarmory|69/100\n|-singleturn|p2a: Skarmory|move: Roost\n|move|p1a: Snorlax|Curse|p1a: Snorlax\n|-unboost|p1a: Snorlax|spe|1\n|-boost|p1a: Snorlax|atk|1\n|-boost|p1a: Snorlax|def|1\n|\n|upkeep\n|turn|12\n|inactive|Time left: 300 sec this turn | 300 sec total\n|\n|t:|1783552239\n|move|p2a: Skarmory|Spikes|p1a: Snorlax\n|-sidestart|p1: p0x112882f2|Spikes\n|move|p1a: Snorlax|Body Slam|p2a: Skarmory\n|-resisted|p2a: Skarmory\n|-damage|p2a: Skarmory|46/100\n|-status|p2a: Skarmory|par\n|-damage|p1a: Snorlax|331/397|[from] item: Rocky Helmet|[of] p2a: Skarmory\n|\n|-heal|p1a: Snorlax|355/397|[from] item: Leftovers\n|upkeep\n|turn|13\n|inactive|Time left: 300 sec this turn | 300 sec total\n|\n|t:|1783552240\n|cant|p2a: Skarmory|par\n|move|p1a: Snorlax|Body Slam|p2a: Skarmory\n|-resisted|p2a: Skarmory\n|-damage|p2a: Skarmory|25/100 par\n|-damage|p1a: Snorlax|289/397|[from] item: Rocky Helmet|[of] p2a: Skarmory\n|\n|-heal|p1a: Snorlax|313/397|[from] item: Leftovers\n|upkeep\n|turn|14\n|inactive|Time left: 300 sec this turn | 300 sec total\n|\n|t:|1783552241\n|move|p2a: Skarmory|Roost|p2a: Skarmory\n|-heal|p2a: Skarmory|75/100 par\n|-singleturn|p2a: Skarmory|move: Roost\n|move|p1a: Snorlax|Earthquake|p2a: Skarmory\n|-supereffective|p2a: Skarmory\n|-damage|p2a: Skarmory|5/100 par\n|\n|-heal|p1a: Snorlax|337/397|[from] item: Leftovers\n|upkeep\n|turn|15\n|inactive|Time left: 300 sec this turn | 300 sec total\n|\n|t:|1783552242\n|move|p2a: Skarmory|Roost|p2a: Skarmory\n|-heal|p2a: Skarmory|55/100 par\n|-singleturn|p2a: Skarmory|move: Roost\n|move|p1a: Snorlax|Body Slam|p2a: Skarmory\n|-resisted|p2a: Skarmory\n|-damage|p2a: Skarmory|35/100 par\n|-damage|p1a: Snorlax|271/397|[from] item: Rocky Helmet|[of] p2a: Skarmory\n|\n|-heal|p1a: Snorlax|295/397|[from] item: Leftovers\n|upkeep\n|turn|16\n|inactive|Time left: 300 sec this turn | 300 sec total\n|\n|t:|1783552243\n|move|p1a: Snorlax|Earthquake|p2a: Skarmory\n|-immune|p2a: Skarmory\n|move|p2a: Skarmory|Whirlwind|p1a: Snorlax\n|drag|p1a: Morpeko|Morpeko, L88, F|245/245\n|\n|-formechange|p1a: Morpeko|Morpeko-Hangry||[from] ability: Hunger Switch\n|upkeep\n|turn|17\n|inactive|Time left: 300 sec this turn | 300 sec total\n|\n|t:|1783552245\n|move|p1a: Morpeko|Aura Wheel|p2a: Skarmory\n|-damage|p2a: Skarmory|0 fnt\n|-boost|p1a: Morpeko|spe|1\n|faint|p2a: Skarmory\n|\n|-formechange|p1a: Morpeko|Morpeko||[from] ability: Hunger Switch\n|upkeep\n|\n|t:|1783552246\n|switch|p2a: Regieleki|Regieleki, L79|100/100\n|turn|18\n|inactive|Time left: 300 sec this turn | 300 sec total\n|\n|t:|1783552247\n|move|p2a: Regieleki|Thunderbolt|p1a: Morpeko\n|-resisted|p1a: Morpeko\n|-damage|p1a: Morpeko|164/245\n|move|p1a: Morpeko|Aura Wheel|p2a: Regieleki\n|-resisted|p2a: Regieleki\n|-damage|p2a: Regieleki|59/100\n|-boost|p1a: Morpeko|spe|1\n|\n|-formechange|p1a: Morpeko|Morpeko-Hangry||[from] ability: Hunger Switch\n|upkeep\n|turn|19\n|inactive|Time left: 300 sec this turn | 300 sec total\n|\n|t:|1783552248\n|switch|p2a: Golduck|Golduck, L90, F|61/100\n|-ability|p2a: Golduck|Cloud Nine\n|move|p1a: Morpeko|Aura Wheel|p2a: Golduck\n|-damage|p2a: Golduck|15/100\n|-boost|p1a: Morpeko|spe|1\n|\n|-heal|p2a: Golduck|21/100|[from] item: Leftovers\n|-formechange|p1a: Morpeko|Morpeko||[from] ability: Hunger Switch\n|upkeep\n|turn|20\n|inactive|Time left: 300 sec this turn | 300 sec total\n|\n|t:|1783552249\n|move|p1a: Morpeko|Aura Wheel|p2a: Golduck\n|-supereffective|p2a: Golduck\n|-damage|p2a: Golduck|0 fnt\n|-boost|p1a: Morpeko|spe|1\n|faint|p2a: Golduck\n|\n|-formechange|p1a: Morpeko|Morpeko-Hangry||[from] ability: Hunger Switch\n|upkeep\n|\n|t:|1783552250\n|switch|p2a: Talonflame|Talonflame, L83, M|100/100\n|turn|21\n|inactive|Time left: 300 sec this turn | 300 sec total\n|\n|t:|1783552251\n|move|p1a: Morpeko|Aura Wheel|p2a: Talonflame\n|-damage|p2a: Talonflame|40/100\n|-boost|p1a: Morpeko|spe|1\n|move|p2a: Talonflame|Overheat|p1a: Morpeko\n|-damage|p1a: Morpeko|17/245\n|-unboost|p2a: Talonflame|spa|2\n|\n|-formechange|p1a: Morpeko|Morpeko||[from] ability: Hunger Switch\n|upkeep\n|turn|22\n|inactive|Time left: 300 sec this turn | 300 sec total\n|\n|t:|1783552252\n|switch|p2a: Regieleki|Regieleki, L79|59/100\n|move|p1a: Morpeko|Aura Wheel|p2a: Regieleki\n|-resisted|p2a: Regieleki\n|-damage|p2a: Regieleki|20/100\n|-boost|p1a: Morpeko|spe|1\n|\n|-formechange|p1a: Morpeko|Morpeko-Hangry||[from] ability: Hunger Switch\n|upkeep\n|turn|23\n|inactive|Time left: 300 sec this turn | 300 sec total\n|\n|t:|1783552253\n|move|p1a: Morpeko|Aura Wheel|p2a: Regieleki\n|-damage|p2a: Regieleki|0 fnt\n|faint|p2a: Regieleki\n|\n|-formechange|p1a: Morpeko|Morpeko||[from] ability: Hunger Switch\n|upkeep\n|\n|t:|1783552254\n|switch|p2a: Talonflame|Talonflame, L83, M|40/100\n|turn|24\n|inactive|Time left: 300 sec this turn | 300 sec total\n|\n|t:|1783552255\n|move|p1a: Morpeko|Aura Wheel|p2a: Talonflame\n|-supereffective|p2a: Talonflame\n|-damage|p2a: Talonflame|0 fnt\n|faint|p2a: Talonflame\n|\n|win|p0x112882f2", "uploadtime": 1783552255, "views": 0, "rating": 0, "private": 0, "password": null, "_winner": "p0x112882f2", "_our_name": "p0x112882f2"}