{"id": "battle-gen9randombattle-981", "formatid": "gen9randombattle", "format": "[Gen 9] Random Battle", "players": ["p0x981d1f5", "p0y98166f5"], "log": "|init|battle\n|title|p0x981d1f5 vs. p0y98166f5\n|j|\u2606p0x981d1f5\n|j|\u2606p0y98166f5\n|t:|1783551274\n|gametype|singles\n|player|p1|p0x981d1f5|266|\n|player|p2|p0y98166f5|170|\n|gen|9\n|tier|[Gen 9] Random Battle\n|rule|Species Clause: Limit one of each Pok\u00e9mon\n|rule|HP Percentage Mod: HP is shown in percentages\n|rule|Sleep Clause Mod: Limit one foe put to sleep\n|rule|Illusion Level Mod: Illusion disguises the Pok\u00e9mon's true level\n|\n|t:|1783551274\n|teamsize|p1|6\n|teamsize|p2|6\n|start\n|switch|p1a: Latios|Latios, L78, M|253/253\n|switch|p2a: Salazzle|Salazzle, L83, F|100/100\n|turn|1\n|inactive|Battle timer is ON: inactive players will automatically lose when time's up. (requested by p0x981d1f5)\n|inactive|p0y98166f5 also wants the timer to be on.\n|\n|t:|1783551276\n|switch|p2a: Houndstone|Houndstone, L86, F|100/100\n|move|p1a: Latios|Luster Purge|p2a: Houndstone\n|-crit|p2a: Houndstone\n|-damage|p2a: Houndstone|53/100\n|-unboost|p2a: Houndstone|spd|1\n|\n|upkeep\n|turn|2\n|inactive|Time left: 300 sec this turn | 300 sec total\n|\n|t:|1783551277\n|move|p1a: Latios|Luster Purge|p2a: Houndstone\n|-damage|p2a: Houndstone|4/100\n|move|p2a: Houndstone|Poltergeist|p1a: Latios\n|-activate|p1a: Latios|move: Poltergeist|Soul Dew\n|-supereffective|p1a: Latios\n|-damage|p1a: Latios|0 fnt\n|faint|p1a: Latios\n|\n|upkeep\n|inactive|Time left: 300 sec this turn | 300 sec total | 5 sec grace\n|\n|t:|1783551278\n|switch|p1a: Galvantula|Galvantula, L82, M|249/249\n|turn|3\n|inactive|Time left: 300 sec this turn | 300 sec total\n|\n|t:|1783551280\n|switch|p2a: Koraidon|Koraidon, L64|100/100\n|-weather|SunnyDay|[from] ability: Orichalcum Pulse|[of] p2a: Koraidon\n|-activate|p2a: Koraidon|Orichalcum Pulse|[source]\n|move|p1a: Galvantula|Sticky Web|p2a: Koraidon\n|-sidestart|p2: p0y98166f5|move: Sticky Web\n|\n|-weather|SunnyDay|[upkeep]\n|upkeep\n|turn|4\n|inactive|Time left: 300 sec this turn | 300 sec total\n|\n|t:|1783551281\n|move|p1a: Galvantula|Volt Switch|p2a: Koraidon\n|-resisted|p2a: Koraidon\n|-damage|p2a: Koraidon|84/100\n|inactive|Time left: 300 sec this turn | 300 sec total | 5 sec grace\n|\n|t:|1783551282\n|switch|p1a: Dunsparce|Dunsparce, L86, M|312/312|[from] Volt Switch\n|move|p2a: Koraidon|Swords Dance|p2a: Koraidon\n|-boost|p2a: Koraidon|atk|2\n|\n|-weather|SunnyDay|[upkeep]\n|upkeep\n|turn|5\n|inactive|Time left: 300 sec this turn | 300 sec total\n|\n|t:|1783551283\n|-terastallize|p1a: Dunsparce|Ground\n|move|p2a: Koraidon|Collision Course|p1a: Dunsparce\n|-damage|p1a: Dunsparce|144/312\n|move|p1a: Dunsparce|Body Slam|p2a: Koraidon\n|-damage|p2a: Koraidon|51/100\n|-status|p2a: Koraidon|par\n|\n|-weather|SunnyDay|[upkeep]\n|upkeep\n|turn|6\n|inactive|Time left: 300 sec this turn | 300 sec total\n|\n|t:|1783551284\n|move|p1a: Dunsparce|Earthquake|p2a: Koraidon\n|-crit|p2a: Koraidon\n|-damage|p2a: Koraidon|0 fnt\n|faint|p2a: Koraidon\n|\n|-weather|SunnyDay|[upkeep]\n|upkeep\n|\n|t:|1783551285\n|switch|p2a: Entei|Entei, L78|100/100\n|-activate|p2a: Entei|move: Sticky Web\n|-unboost|p2a: Entei|spe|1\n|turn|7\n|inactive|Time left: 300 sec this turn | 300 sec total\n|\n|t:|1783551286\n|move|p2a: Entei|Sacred Fire|p1a: Dunsparce\n|-damage|p1a: Dunsparce|0 fnt\n|faint|p1a: Dunsparce\n|\n|-weather|none\n|upkeep\n|inactive|Time left: 300 sec this turn | 300 sec total | 5 sec grace\n|\n|t:|1783551287\n|switch|p1a: Ursaluna|Ursaluna-Bloodmoon, L79, M|308/308\n|turn|8\n|inactive|Time left: 300 sec this turn | 300 sec total\n|\n|t:|1783551288\n|move|p2a: Entei|Sacred Fire|p1a: Ursaluna\n|-damage|p1a: Ursaluna|187/308\n|-status|p1a: Ursaluna|brn\n|move|p1a: Ursaluna|Earth Power|p2a: Entei\n|-supereffective|p2a: Entei\n|-damage|p2a: Entei|15/100\n|\n|-heal|p1a: Ursaluna|206/308 brn|[from] item: Leftovers\n|-damage|p1a: Ursaluna|187/308 brn|[from] brn\n|upkeep\n|turn|9\n|inactive|Time left: 300 sec this turn | 300 sec total\n|\n|t:|1783551289\n|-terastallize|p2a: Entei|Fire\n|move|p2a: Entei|Sacred Fire|p1a: Ursaluna\n|-damage|p1a: Ursaluna|0 fnt\n|faint|p1a: Ursaluna\n|\n|upkeep\n|inactive|Time left: 300 sec this turn | 300 sec total | 5 sec grace\n|\n|t:|1783551290\n|switch|p1a: Galvantula|Galvantula, L82, M|249/249\n|turn|10\n|inactive|Time left: 300 sec this turn | 300 sec total\n|\n|t:|1783551291\n|move|p1a: Galvantula|Volt Switch|p2a: Entei\n|-damage|p2a: Entei|0 fnt\n|faint|p2a: Entei\n|inactive|Time left: 300 sec this turn | 300 sec total | 5 sec grace\n|\n|t:|1783551292\n|switch|p1a: Landorus|Landorus, L75, M|257/257|[from] Volt Switch\n|\n|upkeep\n|\n|t:|1783551293\n|switch|p2a: Houndstone|Houndstone, L86, F|4/100\n|-activate|p2a: Houndstone|move: Sticky Web\n|-unboost|p2a: Houndstone|spe|1\n|turn|11\n|inactive|Time left: 300 sec this turn | 300 sec total\n|\n|t:|1783551294\n|move|p2a: Houndstone|Shadow Sneak|p1a: Landorus\n|-damage|p1a: Landorus|206/257\n|move|p1a: Landorus|Earth Power|p2a: Houndstone\n|-crit|p2a: Houndstone\n|-damage|p2a: Houndstone|0 fnt\n|faint|p2a: Houndstone\n|\n|upkeep\n|\n|t:|1783551295\n|switch|p2a: Regigigas|Regigigas, L84|100/100\n|-activate|p2a: Regigigas|move: Sticky Web\n|-unboost|p2a: Regigigas|spe|1\n|-start|p2a: Regigigas|ability: Slow Start\n|turn|12\n|inactive|Time left: 300 sec this turn | 300 sec total\n|\n|t:|1783551296\n|move|p1a: Landorus|Focus Blast|p2a: Regigigas\n|-supereffective|p2a: Regigigas\n|-damage|p2a: Regigigas|35/100\n|move|p2a: Regigigas|Body Slam|p1a: Landorus\n|-damage|p1a: Landorus|134/257\n|\n|-heal|p2a: Regigigas|41/100|[from] item: Leftovers\n|upkeep\n|turn|13\n|inactive|Time left: 300 sec this turn | 300 sec total\n|\n|t:|1783551297\n|move|p1a: Landorus|Earth Power|p2a: Regigigas\n|-damage|p2a: Regigigas|0 fnt\n|faint|p2a: Regigigas\n|-end|p2a: Regigigas|Slow Start|[silent]\n|\n|upkeep\n|\n|t:|1783551298\n|switch|p2a: Vigoroth|Vigoroth, L85, F|100/100\n|-activate|p2a: Vigoroth|move: Sticky Web\n|-unboost|p2a: Vigoroth|spe|1\n|turn|14\n|inactive|Time left: 300 sec this turn | 300 sec total\n|\n|t:|1783551299\n|move|p1a: Landorus|Focus Blast|p2a: Vigoroth\n|-supereffective|p2a: Vigoroth\n|-damage|p2a: Vigoroth|7/100\n|move|p2a: Vigoroth|Body Slam|p1a: Landorus\n|-damage|p1a: Landorus|38/257\n|\n|upkeep\n|turn|15\n|inactive|Time left: 300 sec this turn | 300 sec total\n|\n|t:|1783551300\n|move|p1a: Landorus|Psychic|p2a: Vigoroth\n|-damage|p2a: Vigoroth|0 fnt\n|faint|p2a: Vigoroth\n|\n|upkeep\n|\n|t:|1783551301\n|switch|p2a: Salazzle|Salazzle, L83, F|100/100\n|-activate|p2a: Salazzle|move: Sticky Web\n|-unboost|p2a: Salazzle|spe|1\n|turn|16\n|inactive|Time left: 300 sec this turn | 300 sec total\n|\n|t:|1783551302\n|move|p2a: Salazzle|Protect|p2a: Salazzle\n|-singleturn|p2a: Salazzle|Protect\n|move|p1a: Landorus|Earth Power|p2a: Salazzle\n|-activate|p2a: Salazzle|move: Protect\n|\n|upkeep\n|turn|17\n|inactive|Time left: 300 sec this turn | 300 sec total\n|\n|t:|1783551303\n|move|p2a: Salazzle|Protect|p2a: Salazzle\n|-singleturn|p2a: Salazzle|Protect\n|move|p1a: Landorus|Earth Power|p2a: Salazzle\n|-activate|p2a: Salazzle|move: Protect\n|\n|upkeep\n|turn|18\n|inactive|Time left: 300 sec this turn | 300 sec total\n|\n|t:|1783551304\n|move|p1a: Landorus|Earth Power|p2a: Salazzle\n|-supereffective|p2a: Salazzle\n|-damage|p2a: Salazzle|0 fnt\n|faint|p2a: Salazzle\n|\n|win|p0x981d1f5", "uploadtime": 1783551304, "views": 0, "rating": 0, "private": 0, "password": null, "_winner": "p0x981d1f5", "_our_name": "p0x981d1f5"}