{"id": "battle-gen9randombattle-245", "formatid": "gen9randombattle", "format": "[Gen 9] Random Battle", "players": ["p0x245acce", "p0y245ac21"], "log": "|init|battle\n|title|p0x245acce vs. p0y245ac21\n|j|\u2606p0x245acce\n|j|\u2606p0y245ac21\n|t:|1783536113\n|gametype|singles\n|player|p1|p0x245acce|266|\n|player|p2|p0y245ac21|102|\n|gen|9\n|tier|[Gen 9] Random Battle\n|rule|Species Clause: Limit one of each Pok\u00e9mon\n|rule|HP Percentage Mod: HP is shown in percentages\n|rule|Sleep Clause Mod: Limit one foe put to sleep\n|rule|Illusion Level Mod: Illusion disguises the Pok\u00e9mon's true level\n|\n|t:|1783536113\n|teamsize|p1|6\n|teamsize|p2|6\n|start\n|switch|p1a: Arboliva|Arboliva, L91, F|290/290\n|switch|p2a: Meloetta|Meloetta, L82|100/100\n|turn|1\n|inactive|Battle timer is ON: inactive players will automatically lose when time's up. (requested by p0x245acce)\n|\n|t:|1783536115\n|move|p2a: Meloetta|Triple Axel|p1a: Arboliva\n|-supereffective|p1a: Arboliva\n|-damage|p1a: Arboliva|264/290\n|-fieldstart|move: Grassy Terrain|[from] ability: Seed Sower|[of] p1a: Arboliva\n|-supereffective|p1a: Arboliva\n|-damage|p1a: Arboliva|212/290\n|-supereffective|p1a: Arboliva\n|-damage|p1a: Arboliva|126/290\n|-hitcount|p1a: Arboliva|3\n|-damage|p2a: Meloetta|91/100|[from] item: Life Orb\n|move|p1a: Arboliva|Energy Ball|p2a: Meloetta\n|-damage|p2a: Meloetta|48/100\n|\n|-heal|p2a: Meloetta|54/100|[from] Grassy Terrain\n|-heal|p1a: Arboliva|144/290|[from] Grassy Terrain\n|-heal|p1a: Arboliva|162/290|[from] item: Leftovers\n|upkeep\n|turn|2\n|inactive|Time left: 300 sec this turn | 300 sec total\n|inactive|p0y245ac21 also wants the timer to be on.\n|\n|t:|1783536116\n|switch|p1a: Incineroar|Incineroar, L82, M|290/290\n|-ability|p1a: Incineroar|Intimidate|boost\n|-unboost|p2a: Meloetta|atk|1\n|move|p2a: Meloetta|Triple Axel|p1a: Incineroar\n|-resisted|p1a: Incineroar\n|-damage|p1a: Incineroar|284/290\n|-resisted|p1a: Incineroar\n|-damage|p1a: Incineroar|274/290\n|-hitcount|p1a: Incineroar|2\n|-damage|p2a: Meloetta|44/100|[from] item: Life Orb\n|\n|-heal|p2a: Meloetta|50/100|[from] Grassy Terrain\n|-heal|p1a: Incineroar|290/290|[from] Grassy Terrain\n|upkeep\n|turn|3\n|inactive|Time left: 300 sec this turn | 300 sec total\n|\n|t:|1783536117\n|switch|p2a: Arceus|Arceus-Rock, L74|100/100\n|move|p1a: Incineroar|Knock Off|p2a: Arceus\n|-damage|p2a: Arceus|68/100\n|\n|-heal|p2a: Arceus|74/100|[from] Grassy Terrain\n|upkeep\n|turn|4\n|inactive|Time left: 300 sec this turn | 300 sec total\n|\n|t:|1783536118\n|switch|p1a: Arboliva|Arboliva, L91, F|162/290\n|move|p2a: Arceus|Swords Dance|p2a: Arceus\n|-boost|p2a: Arceus|atk|2\n|\n|-heal|p2a: Arceus|80/100|[from] Grassy Terrain\n|-heal|p1a: Arboliva|180/290|[from] Grassy Terrain\n|-heal|p1a: Arboliva|198/290|[from] item: Leftovers\n|upkeep\n|turn|5\n|inactive|Time left: 300 sec this turn | 300 sec total\n|\n|t:|1783536119\n|-terastallize|p1a: Arboliva|Ground\n|move|p2a: Arceus|Stone Edge|p1a: Arboliva\n|-resisted|p1a: Arboliva\n|-damage|p1a: Arboliva|91/290\n|move|p1a: Arboliva|Energy Ball|p2a: Arceus\n|-supereffective|p2a: Arceus\n|-damage|p2a: Arceus|0 fnt\n|faint|p2a: Arceus\n|\n|-heal|p1a: Arboliva|109/290|[from] Grassy Terrain\n|-heal|p1a: Arboliva|127/290|[from] item: Leftovers\n|-fieldend|move: Grassy Terrain\n|upkeep\n|\n|t:|1783536120\n|switch|p2a: Golurk|Golurk, L87|100/100\n|turn|6\n|inactive|Time left: 300 sec this turn | 300 sec total\n|\n|t:|1783536121\n|switch|p1a: Mandibuzz|Mandibuzz, L85, F|326/326\n|move|p2a: Golurk|Poltergeist|p1a: Mandibuzz\n|-activate|p1a: Mandibuzz|move: Poltergeist|Heavy-Duty Boots\n|-resisted|p1a: Mandibuzz\n|-damage|p1a: Mandibuzz|237/326\n|\n|upkeep\n|turn|7\n|inactive|Time left: 300 sec this turn | 300 sec total\n|\n|t:|1783536122\n|move|p1a: Mandibuzz|Foul Play|p2a: Golurk\n|-supereffective|p2a: Golurk\n|-damage|p2a: Golurk|5/100\n|move|p2a: Golurk|Poltergeist|p1a: Mandibuzz\n|-activate|p1a: Mandibuzz|move: Poltergeist|Heavy-Duty Boots\n|-resisted|p1a: Mandibuzz\n|-damage|p1a: Mandibuzz|133/326\n|\n|upkeep\n|turn|8\n|inactive|Time left: 300 sec this turn | 300 sec total\n|\n|t:|1783536123\n|move|p1a: Mandibuzz|Foul Play|p2a: Golurk\n|-supereffective|p2a: Golurk\n|-damage|p2a: Golurk|0 fnt\n|faint|p2a: Golurk\n|\n|upkeep\n|\n|t:|1783536123\n|switch|p2a: Meloetta|Meloetta, L82|50/100\n|turn|9\n|inactive|Time left: 300 sec this turn | 300 sec total\n|\n|t:|1783536125\n|switch|p1a: Incineroar|Incineroar, L82, M|290/290\n|-ability|p1a: Incineroar|Intimidate|boost\n|-unboost|p2a: Meloetta|atk|1\n|move|p2a: Meloetta|Triple Axel|p1a: Incineroar\n|-resisted|p1a: Incineroar\n|-damage|p1a: Incineroar|285/290\n|-resisted|p1a: Incineroar\n|-damage|p1a: Incineroar|275/290\n|-resisted|p1a: Incineroar\n|-damage|p1a: Incineroar|261/290\n|-hitcount|p1a: Incineroar|3\n|-damage|p2a: Meloetta|41/100|[from] item: Life Orb\n|\n|upkeep\n|turn|10\n|inactive|Time left: 300 sec this turn | 300 sec total\n|\n|t:|1783536126\n|move|p2a: Meloetta|Relic Song|p1a: Incineroar\n|-crit|p1a: Incineroar\n|-damage|p1a: Incineroar|80/290\n|-formechange|p2a: Meloetta|Meloetta-Pirouette|[msg]\n|-damage|p2a: Meloetta|31/100|[from] item: Life Orb\n|move|p1a: Incineroar|Knock Off|p2a: Meloetta\n|-resisted|p2a: Meloetta\n|-damage|p2a: Meloetta|5/100\n|-enditem|p2a: Meloetta|Life Orb|[from] move: Knock Off|[of] p1a: Incineroar\n|\n|upkeep\n|turn|11\n|inactive|Time left: 300 sec this turn | 300 sec total\n|\n|t:|1783536127\n|move|p2a: Meloetta|Close Combat|p1a: Incineroar\n|-supereffective|p1a: Incineroar\n|-damage|p1a: Incineroar|0 fnt\n|-unboost|p2a: Meloetta|def|1\n|-unboost|p2a: Meloetta|spd|1\n|faint|p1a: Incineroar\n|\n|upkeep\n|inactive|Time left: 300 sec this turn | 300 sec total | 5 sec grace\n|\n|t:|1783536128\n|switch|p1a: Arboliva|Arboliva, L91, F, tera:Ground|127/290\n|turn|12\n|inactive|Time left: 300 sec this turn | 300 sec total\n|\n|t:|1783536129\n|move|p2a: Meloetta|Triple Axel|p1a: Arboliva\n|-supereffective|p1a: Arboliva\n|-damage|p1a: Arboliva|107/290\n|-fieldstart|move: Grassy Terrain|[from] ability: Seed Sower|[of] p1a: Arboliva\n|-supereffective|p1a: Arboliva\n|-damage|p1a: Arboliva|67/290\n|-supereffective|p1a: Arboliva\n|-damage|p1a: Arboliva|1/290\n|-hitcount|p1a: Arboliva|3\n|move|p1a: Arboliva|Strength Sap|p2a: Meloetta\n|-unboost|p2a: Meloetta|atk|1\n|-heal|p1a: Arboliva|172/290\n|\n|-heal|p2a: Meloetta|11/100|[from] Grassy Terrain\n|-heal|p1a: Arboliva|190/290|[from] Grassy Terrain\n|-heal|p1a: Arboliva|208/290|[from] item: Leftovers\n|upkeep\n|turn|13\n|inactive|Time left: 300 sec this turn | 300 sec total\n|\n|t:|1783536129\n|move|p2a: Meloetta|Relic Song|p1a: Arboliva\n|-damage|p1a: Arboliva|162/290\n|-formechange|p2a: Meloetta|Meloetta|[msg]\n|move|p1a: Arboliva|Strength Sap|p2a: Meloetta\n|-unboost|p2a: Meloetta|atk|1\n|-heal|p1a: Arboliva|248/290\n|\n|-heal|p2a: Meloetta|17/100|[from] Grassy Terrain\n|-heal|p1a: Arboliva|266/290|[from] Grassy Terrain\n|-heal|p1a: Arboliva|284/290|[from] item: Leftovers\n|upkeep\n|turn|14\n|inactive|Time left: 300 sec this turn | 300 sec total\n|\n|t:|1783536130\n|switch|p2a: Ho-Oh|Ho-Oh, L71|100/100\n|move|p1a: Arboliva|Hyper Voice|p2a: Ho-Oh\n|-damage|p2a: Ho-Oh|64/100\n|\n|-heal|p1a: Arboliva|290/290|[from] Grassy Terrain\n|upkeep\n|turn|15\n|inactive|Time left: 300 sec this turn | 300 sec total\n|\n|t:|1783536131\n|move|p2a: Ho-Oh|Recover|p2a: Ho-Oh\n|-heal|p2a: Ho-Oh|100/100\n|move|p1a: Arboliva|Hyper Voice|p2a: Ho-Oh\n|-damage|p2a: Ho-Oh|61/100\n|\n|upkeep\n|turn|16\n|inactive|Time left: 300 sec this turn | 300 sec total\n|\n|t:|1783536132\n|move|p2a: Ho-Oh|Recover|p2a: Ho-Oh\n|-heal|p2a: Ho-Oh|100/100\n|move|p1a: Arboliva|Hyper Voice|p2a: Ho-Oh\n|-damage|p2a: Ho-Oh|59/100\n|\n|-fieldend|move: Grassy Terrain\n|upkeep\n|turn|17\n|inactive|Time left: 300 sec this turn | 300 sec total\n|\n|t:|1783536133\n|move|p2a: Ho-Oh|Recover|p2a: Ho-Oh\n|-heal|p2a: Ho-Oh|100/100\n|move|p1a: Arboliva|Hyper Voice|p2a: Ho-Oh\n|-damage|p2a: Ho-Oh|60/100\n|\n|upkeep\n|turn|18\n|inactive|Time left: 300 sec this turn | 300 sec total\n|\n|t:|1783536134\n|move|p2a: Ho-Oh|Recover|p2a: Ho-Oh\n|-heal|p2a: Ho-Oh|100/100\n|move|p1a: Arboliva|Hyper Voice|p2a: Ho-Oh\n|-damage|p2a: Ho-Oh|60/100\n|\n|upkeep\n|turn|19\n|inactive|Time left: 300 sec this turn | 300 sec total\n|\n|t:|1783536135\n|move|p2a: Ho-Oh|Recover|p2a: Ho-Oh\n|-heal|p2a: Ho-Oh|100/100\n|move|p1a: Arboliva|Hyper Voice|p2a: Ho-Oh\n|-damage|p2a: Ho-Oh|60/100\n|\n|upkeep\n|turn|20\n|inactive|Time left: 300 sec this turn | 300 sec total\n|\n|t:|1783536136\n|move|p2a: Ho-Oh|Recover|p2a: Ho-Oh\n|-heal|p2a: Ho-Oh|100/100\n|move|p1a: Arboliva|Hyper Voice|p2a: Ho-Oh\n|-damage|p2a: Ho-Oh|59/100\n|\n|upkeep\n|turn|21\n|inactive|Time left: 300 sec this turn | 300 sec total\n|\n|t:|1783536138\n|move|p2a: Ho-Oh|Recover|p2a: Ho-Oh\n|-heal|p2a: Ho-Oh|100/100\n|move|p1a: Arboliva|Hyper Voice|p2a: Ho-Oh\n|-damage|p2a: Ho-Oh|60/100\n|\n|upkeep\n|turn|22\n|inactive|Time left: 300 sec this turn | 300 sec total\n|\n|t:|1783536139\n|move|p2a: Ho-Oh|Recover|p2a: Ho-Oh\n|-heal|p2a: Ho-Oh|100/100\n|move|p1a: Arboliva|Hyper Voice|p2a: Ho-Oh\n|-damage|p2a: Ho-Oh|62/100\n|\n|upkeep\n|turn|23\n|inactive|Time left: 300 sec this turn | 300 sec total\n|\n|t:|1783536140\n|switch|p2a: Slither Wing|Slither Wing, L81|100/100\n|move|p1a: Arboliva|Hyper Voice|p2a: Slither Wing\n|-damage|p2a: Slither Wing|55/100\n|\n|upkeep\n|turn|24\n|inactive|Time left: 300 sec this turn | 300 sec total\n|\n|t:|1783536141\n|move|p2a: Slither Wing|Morning Sun|p2a: Slither Wing\n|-heal|p2a: Slither Wing|100/100\n|move|p1a: Arboliva|Hyper Voice|p2a: Slither Wing\n|-damage|p2a: Slither Wing|51/100\n|\n|upkeep\n|turn|25\n|inactive|Time left: 300 sec this turn | 300 sec total\n|\n|t:|1783536143\n|move|p2a: Slither Wing|Morning Sun|p2a: Slither Wing\n|-heal|p2a: Slither Wing|100/100\n|move|p1a: Arboliva|Hyper Voice|p2a: Slither Wing\n|-damage|p2a: Slither Wing|58/100\n|\n|upkeep\n|turn|26\n|inactive|Time left: 300 sec this turn | 300 sec total\n|\n|t:|1783536144\n|move|p2a: Slither Wing|Morning Sun|p2a: Slither Wing\n|-heal|p2a: Slither Wing|100/100\n|move|p1a: Arboliva|Hyper Voice|p2a: Slither Wing\n|-damage|p2a: Slither Wing|52/100\n|\n|upkeep\n|turn|27\n|inactive|Time left: 300 sec this turn | 300 sec total\n|\n|t:|1783536145\n|move|p2a: Slither Wing|Morning Sun|p2a: Slither Wing\n|-heal|p2a: Slither Wing|100/100\n|move|p1a: Arboliva|Hyper Voice|p2a: Slither Wing\n|-damage|p2a: Slither Wing|56/100\n|\n|upkeep\n|turn|28\n|inactive|Time left: 300 sec this turn | 300 sec total\n|\n|t:|1783536146\n|move|p2a: Slither Wing|Morning Sun|p2a: Slither Wing\n|-heal|p2a: Slither Wing|100/100\n|move|p1a: Arboliva|Hyper Voice|p2a: Slither Wing\n|-damage|p2a: Slither Wing|59/100\n|\n|upkeep\n|turn|29\n|inactive|Time left: 300 sec this turn | 300 sec total\n|\n|t:|1783536148\n|move|p2a: Slither Wing|Morning Sun|p2a: Slither Wing\n|-heal|p2a: Slither Wing|100/100\n|move|p1a: Arboliva|Hyper Voice|p2a: Slither Wing\n|-crit|p2a: Slither Wing\n|-damage|p2a: Slither Wing|31/100\n|\n|upkeep\n|turn|30\n|inactive|Time left: 300 sec this turn | 300 sec total\n|\n|t:|1783536149\n|move|p2a: Slither Wing|Morning Sun|p2a: Slither Wing\n|-heal|p2a: Slither Wing|81/100\n|move|p1a: Arboliva|Earth Power|p2a: Slither Wing\n|-resisted|p2a: Slither Wing\n|-damage|p2a: Slither Wing|60/100\n|\n|upkeep\n|turn|31\n|inactive|Time left: 300 sec this turn | 300 sec total\n|\n|t:|1783536150\n|move|p2a: Slither Wing|Morning Sun|p2a: Slither Wing\n|-heal|p2a: Slither Wing|100/100\n|move|p1a: Arboliva|Strength Sap|p2a: Slither Wing\n|-unboost|p2a: Slither Wing|atk|1\n|\n|upkeep\n|turn|32\n|inactive|Time left: 300 sec this turn | 300 sec total\n|\n|t:|1783536151\n|-end|p2a: Slither Wing|Protosynthesis|[silent]\n|switch|p2a: Ho-Oh|Ho-Oh, L71|95/100\n|move|p1a: Arboliva|Energy Ball|p2a: Ho-Oh\n|-resisted|p2a: Ho-Oh\n|-damage|p2a: Ho-Oh|86/100\n|\n|upkeep\n|turn|33\n|inactive|Time left: 300 sec this turn | 300 sec total\n|\n|t:|1783536152\n|move|p2a: Ho-Oh|Sacred Fire|p1a: Arboliva\n|-damage|p1a: Arboliva|208/290\n|-status|p1a: Arboliva|brn\n|-fieldstart|move: Grassy Terrain|[from] ability: Seed Sower|[of] p1a: Arboliva\n|move|p1a: Arboliva|Strength Sap|p2a: Ho-Oh\n|-unboost|p2a: Ho-Oh|atk|1\n|-heal|p1a: Arboliva|290/290 brn\n|\n|-damage|p1a: Arboliva|272/290 brn|[from] brn\n|upkeep\n|turn|34\n|inactive|Time left: 300 sec this turn | 300 sec total\n|\n|t:|1783536153\n|move|p2a: Ho-Oh|Sacred Fire|p1a: Arboliva\n|-damage|p1a: Arboliva|218/290 brn\n|move|p1a: Arboliva|Strength Sap|p2a: Ho-Oh\n|-unboost|p2a: Ho-Oh|atk|1\n|-heal|p1a: Arboliva|290/290 brn\n|\n|-damage|p1a: Arboliva|272/290 brn|[from] brn\n|upkeep\n|turn|35\n|inactive|Time left: 300 sec this turn | 300 sec total\n|\n|t:|1783536155\n|switch|p2a: Slither Wing|Slither Wing, L81|100/100\n|move|p1a: Arboliva|Energy Ball|p2a: Slither Wing\n|-resisted|p2a: Slither Wing\n|-damage|p2a: Slither Wing|71/100\n|-unboost|p2a: Slither Wing|spd|1\n|\n|-heal|p2a: Slither Wing|77/100|[from] Grassy Terrain\n|-heal|p1a: Arboliva|290/290 brn|[from] Grassy Terrain\n|-damage|p1a: Arboliva|272/290 brn|[from] brn\n|upkeep\n|turn|36\n|inactive|Time left: 300 sec this turn | 300 sec total\n|\n|t:|1783536156\n|move|p2a: Slither Wing|U-turn|p1a: Arboliva\n|-damage|p1a: Arboliva|187/290 brn\n|\n|t:|1783536157\n|-end|p2a: Slither Wing|Protosynthesis|[silent]\n|switch|p2a: Ho-Oh|Ho-Oh, L71|100/100|[from] U-turn\n|move|p1a: Arboliva|Energy Ball|p2a: Ho-Oh\n|-resisted|p2a: Ho-Oh\n|-damage|p2a: Ho-Oh|89/100\n|\n|-heal|p1a: Arboliva|205/290 brn|[from] Grassy Terrain\n|-heal|p1a: Arboliva|223/290 brn|[from] item: Leftovers\n|-damage|p1a: Arboliva|205/290 brn|[from] brn\n|upkeep\n|turn|37\n|inactive|Time left: 300 sec this turn | 300 sec total\n|\n|t:|1783536157\n|move|p2a: Ho-Oh|Brave Bird|p1a: Arboliva\n|-damage|p1a: Arboliva|99/290 brn\n|-damage|p2a: Ho-Oh|76/100|[from] Recoil\n|move|p1a: Arboliva|Strength Sap|p2a: Ho-Oh\n|-unboost|p2a: Ho-Oh|atk|1\n|-heal|p1a: Arboliva|290/290 brn\n|\n|-damage|p1a: Arboliva|272/290 brn|[from] brn\n|-fieldend|move: Grassy Terrain\n|upkeep\n|turn|38\n|inactive|Time left: 300 sec this turn | 300 sec total\n|\n|t:|1783536158\n|move|p2a: Ho-Oh|Sacred Fire|p1a: Arboliva\n|-damage|p1a: Arboliva|215/290 brn\n|-fieldstart|move: Grassy Terrain|[from] ability: Seed Sower|[of] p1a: Arboliva\n|move|p1a: Arboliva|Energy Ball|p2a: Ho-Oh\n|-resisted|p2a: Ho-Oh\n|-damage|p2a: Ho-Oh|63/100\n|\n|-heal|p1a: Arboliva|233/290 brn|[from] Grassy Terrain\n|-heal|p1a: Arboliva|251/290 brn|[from] item: Leftovers\n|-damage|p1a: Arboliva|233/290 brn|[from] brn\n|upkeep\n|turn|39\n|inactive|Time left: 300 sec this turn | 300 sec total\n|\n|t:|1783536159\n|switch|p2a: Slither Wing|Slither Wing, L81|77/100\n|move|p1a: Arboliva|Energy Ball|p2a: Slither Wing\n|-resisted|p2a: Slither Wing\n|-damage|p2a: Slither Wing|47/100\n|\n|-heal|p2a: Slither Wing|53/100|[from] Grassy Terrain\n|-heal|p1a: Arboliva|251/290 brn|[from] Grassy Terrain\n|-heal|p1a: Arboliva|269/290 brn|[from] item: Leftovers\n|-damage|p1a: Arboliva|251/290 brn|[from] brn\n|upkeep\n|turn|40\n|inactive|Time left: 300 sec this turn | 300 sec total\n|\n|t:|1783536160\n|move|p2a: Slither Wing|Close Combat|p1a: Arboliva\n|-damage|p1a: Arboliva|106/290 brn\n|-unboost|p2a: Slither Wing|def|1\n|-unboost|p2a: Slither Wing|spd|1\n|move|p1a: Arboliva|Strength Sap|p2a: Slither Wing\n|-unboost|p2a: Slither Wing|atk|1\n|-heal|p1a: Arboliva|290/290 brn\n|\n|-heal|p2a: Slither Wing|59/100|[from] Grassy Terrain\n|-damage|p1a: Arboliva|272/290 brn|[from] brn\n|upkeep\n|turn|41\n|inactive|Time left: 300 sec this turn | 300 sec total\n|\n|t:|1783536161\n|-end|p2a: Slither Wing|Protosynthesis|[silent]\n|switch|p2a: Ho-Oh|Ho-Oh, L71|96/100\n|move|p1a: Arboliva|Energy Ball|p2a: Ho-Oh\n|-resisted|p2a: Ho-Oh\n|-damage|p2a: Ho-Oh|83/100\n|\n|-heal|p1a: Arboliva|290/290 brn|[from] Grassy Terrain\n|-damage|p1a: Arboliva|272/290 brn|[from] brn\n|upkeep\n|turn|42\n|inactive|Time left: 300 sec this turn | 300 sec total\n|\n|t:|1783536162\n|move|p2a: Ho-Oh|Sacred Fire|p1a: Arboliva\n|-damage|p1a: Arboliva|176/290 brn\n|move|p1a: Arboliva|Strength Sap|p2a: Ho-Oh\n|-unboost|p2a: Ho-Oh|atk|1\n|-heal|p1a: Arboliva|290/290 brn\n|\n|-damage|p1a: Arboliva|272/290 brn|[from] brn\n|-fieldend|move: Grassy Terrain\n|upkeep\n|turn|43\n|inactive|Time left: 300 sec this turn | 300 sec total\n|\n|t:|1783536163\n|switch|p2a: Slither Wing|Slither Wing, L81|59/100\n|move|p1a: Arboliva|Strength Sap|p2a: Slither Wing\n|-unboost|p2a: Slither Wing|atk|1\n|-heal|p1a: Arboliva|290/290 brn\n|\n|-damage|p1a: Arboliva|272/290 brn|[from] brn\n|upkeep\n|turn|44\n|inactive|Time left: 300 sec this turn | 300 sec total\n|\n|t:|1783536164\n|move|p2a: Slither Wing|U-turn|p1a: Arboliva\n|-damage|p1a: Arboliva|220/290 brn\n|-fieldstart|move: Grassy Terrain|[from] ability: Seed Sower|[of] p1a: Arboliva\n|\n|t:|1783536165\n|-end|p2a: Slither Wing|Protosynthesis|[silent]\n|switch|p2a: Ho-Oh|Ho-Oh, L71|100/100|[from] U-turn\n|move|p1a: Arboliva|Strength Sap|p2a: Ho-Oh\n|-unboost|p2a: Ho-Oh|atk|1\n|-heal|p1a: Arboliva|290/290 brn\n|\n|-damage|p1a: Arboliva|272/290 brn|[from] brn\n|upkeep\n|turn|45\n|inactive|Time left: 300 sec this turn | 300 sec total\n|\n|t:|1783536166\n|switch|p2a: Slither Wing|Slither Wing, L81|59/100\n|move|p1a: Arboliva|Strength Sap|p2a: Slither Wing\n|-unboost|p2a: Slither Wing|atk|1\n|-heal|p1a: Arboliva|290/290 brn\n|\n|-heal|p2a: Slither Wing|65/100|[from] Grassy Terrain\n|-damage|p1a: Arboliva|272/290 brn|[from] brn\n|upkeep\n|turn|46\n|inactive|Time left: 300 sec this turn | 300 sec total\n|\n|t:|1783536167\n|move|p2a: Slither Wing|U-turn|p1a: Arboliva\n|-damage|p1a: Arboliva|215/290 brn\n|\n|t:|1783536168\n|-end|p2a: Slither Wing|Protosynthesis|[silent]\n|switch|p2a: Ho-Oh|Ho-Oh, L71|100/100|[from] U-turn\n|move|p1a: Arboliva|Earth Power|p2a: Ho-Oh\n|-immune|p2a: Ho-Oh\n|\n|-heal|p1a: Arboliva|233/290 brn|[from] Grassy Terrain\n|-heal|p1a: Arboliva|251/290 brn|[from] item: Leftovers\n|-damage|p1a: Arboliva|233/290 brn|[from] brn\n|upkeep\n|turn|47\n|inactive|Time left: 300 sec this turn | 300 sec total\n|\n|t:|1783536169\n|move|p2a: Ho-Oh|Brave Bird|p1a: Arboliva\n|-damage|p1a: Arboliva|122/290 brn\n|-damage|p2a: Ho-Oh|87/100|[from] Recoil\n|move|p1a: Arboliva|Strength Sap|p2a: Ho-Oh\n|-unboost|p2a: Ho-Oh|atk|1\n|-heal|p1a: Arboliva|290/290 brn\n|\n|-damage|p1a: Arboliva|272/290 brn|[from] brn\n|upkeep\n|turn|48\n|inactive|Time left: 300 sec this turn | 300 sec total\n|\n|t:|1783536170\n|switch|p2a: Slither Wing|Slither Wing, L81|65/100\n|move|p1a: Arboliva|Earth Power|p2a: Slither Wing\n|-resisted|p2a: Slither Wing\n|-damage|p2a: Slither Wing|41/100\n|\n|-heal|p2a: Slither Wing|47/100|[from] Grassy Terrain\n|-heal|p1a: Arboliva|290/290 brn|[from] Grassy Terrain\n|-damage|p1a: Arboliva|272/290 brn|[from] brn\n|-fieldend|move: Grassy Terrain\n|upkeep\n|turn|49\n|inactive|Time left: 300 sec this turn | 300 sec total\n|\n|t:|1783536171\n|-end|p2a: Slither Wing|Protosynthesis|[silent]\n|switch|p2a: Ho-Oh|Ho-Oh, L71|100/100\n|move|p1a: Arboliva|Strength Sap|p2a: Ho-Oh\n|-unboost|p2a: Ho-Oh|atk|1\n|-heal|p1a: Arboliva|290/290 brn\n|\n|-damage|p1a: Arboliva|272/290 brn|[from] brn\n|upkeep\n|turn|50\n|inactive|Time left: 300 sec this turn | 300 sec total\n|\n|t:|1783536172\n|move|p2a: Ho-Oh|Brave Bird|p1a: Arboliva\n|-damage|p1a: Arboliva|205/290 brn\n|-fieldstart|move: Grassy Terrain|[from] ability: Seed Sower|[of] p1a: Arboliva\n|-damage|p2a: Ho-Oh|92/100|[from] Recoil\n|move|p1a: Arboliva|Strength Sap|p2a: Ho-Oh\n|-unboost|p2a: Ho-Oh|atk|1\n|-heal|p1a: Arboliva|290/290 brn\n|\n|-damage|p1a: Arboliva|272/290 brn|[from] brn\n|upkeep\n|turn|51\n|inactive|Time left: 300 sec this turn | 300 sec total\n|\n|t:|1783536173\n|switch|p2a: Slither Wing|Slither Wing, L81|47/100\n|move|p1a: Arboliva|Energy Ball|p2a: Slither Wing\n|-resisted|p2a: Slither Wing\n|-damage|p2a: Slither Wing|16/100\n|\n|-heal|p2a: Slither Wing|22/100|[from] Grassy Terrain\n|-heal|p1a: Arboliva|290/290 brn|[from] Grassy Terrain\n|-damage|p1a: Arboliva|272/290 brn|[from] brn\n|upkeep\n|turn|52\n|inactive|Time left: 300 sec this turn | 300 sec total\n|\n|t:|1783536174\n|move|p2a: Slither Wing|U-turn|p1a: Arboliva\n|-damage|p1a: Arboliva|196/290 brn\n|\n|t:|1783536175\n|-end|p2a: Slither Wing|Protosynthesis|[silent]\n|switch|p2a: Ho-Oh|Ho-Oh, L71|100/100|[from] U-turn\n|move|p1a: Arboliva|Energy Ball|p2a: Ho-Oh\n|-resisted|p2a: Ho-Oh\n|-damage|p2a: Ho-Oh|88/100\n|\n|-heal|p1a: Arboliva|214/290 brn|[from] Grassy Terrain\n|-heal|p1a: Arboliva|232/290 brn|[from] item: Leftovers\n|-damage|p1a: Arboliva|214/290 brn|[from] brn\n|upkeep\n|turn|53\n|inactive|Time left: 300 sec this turn | 300 sec total\n|\n|t:|1783536176\n|move|p2a: Ho-Oh|Sacred Fire|p1a: Arboliva\n|-damage|p1a: Arboliva|127/290 brn\n|move|p1a: Arboliva|Strength Sap|p2a: Ho-Oh\n|-unboost|p2a: Ho-Oh|atk|1\n|-heal|p1a: Arboliva|290/290 brn\n|\n|-damage|p1a: Arboliva|272/290 brn|[from] brn\n|upkeep\n|turn|54\n|inactive|Time left: 300 sec this turn | 300 sec total\n|\n|t:|1783536177\n|move|p2a: Ho-Oh|Sacred Fire|p1a: Arboliva\n|-damage|p1a: Arboliva|215/290 brn\n|move|p1a: Arboliva|Energy Ball|p2a: Ho-Oh\n|-resisted|p2a: Ho-Oh\n|-damage|p2a: Ho-Oh|75/100\n|\n|-heal|p1a: Arboliva|233/290 brn|[from] Grassy Terrain\n|-heal|p1a: Arboliva|251/290 brn|[from] item: Leftovers\n|-damage|p1a: Arboliva|233/290 brn|[from] brn\n|-fieldend|move: Grassy Terrain\n|upkeep\n|turn|55\n|inactive|Time left: 300 sec this turn | 300 sec total\n|\n|t:|1783536178\n|switch|p2a: Meloetta|Meloetta, L82|17/100\n|move|p1a: Arboliva|Energy Ball|p2a: Meloetta\n|-damage|p2a: Meloetta|0 fnt\n|faint|p2a: Meloetta\n|\n|-heal|p1a: Arboliva|251/290 brn|[from] item: Leftovers\n|-damage|p1a: Arboliva|233/290 brn|[from] brn\n|upkeep\n|\n|t:|1783536179\n|switch|p2a: Cyclizar|Cyclizar, L84, M|100/100\n|turn|56\n|inactive|Time left: 300 sec this turn | 300 sec total\n|\n|t:|1783536180\n|move|p2a: Cyclizar|Shed Tail|p2a: Cyclizar\n|-start|p2a: Cyclizar|Substitute|[from] move: Shed Tail\n|-damage|p2a: Cyclizar|50/100\n|\n|t:|1783536181\n|switch|p2a: Ho-Oh|Ho-Oh, L71|100/100|[from] Shed Tail\n|move|p1a: Arboliva|Strength Sap||[still]\n|-fail|p1a: Arboliva\n|\n|-heal|p1a: Arboliva|251/290 brn|[from] item: Leftovers\n|-damage|p1a: Arboliva|233/290 brn|[from] brn\n|upkeep\n|turn|57\n|inactive|Time left: 300 sec this turn | 300 sec total\n|\n|t:|1783536182\n|move|p2a: Ho-Oh|Sacred Fire|p1a: Arboliva\n|-damage|p1a: Arboliva|146/290 brn\n|-fieldstart|move: Grassy Terrain|[from] ability: Seed Sower|[of] p1a: Arboliva\n|move|p1a: Arboliva|Earth Power|p2a: Ho-Oh\n|-immune|p2a: Ho-Oh\n|\n|-heal|p1a: Arboliva|164/290 brn|[from] Grassy Terrain\n|-heal|p1a: Arboliva|182/290 brn|[from] item: Leftovers\n|-damage|p1a: Arboliva|164/290 brn|[from] brn\n|upkeep\n|turn|58\n|inactive|Time left: 300 sec this turn | 300 sec total\n|\n|t:|1783536183\n|switch|p1a: Ampharos|Ampharos, L88, F|302/302\n|move|p2a: Ho-Oh|Brave Bird|p1a: Ampharos\n|-resisted|p1a: Ampharos\n|-crit|p1a: Ampharos\n|-damage|p1a: Ampharos|220/302\n|-damage|p2a: Ho-Oh|90/100|[from] Recoil\n|\n|-heal|p1a: Ampharos|238/302|[from] Grassy Terrain\n|upkeep\n|turn|59\n|inactive|Time left: 300 sec this turn | 300 sec total\n|\n|t:|1783536184\n|move|p2a: Ho-Oh|Sacred Fire|p1a: Ampharos\n|-damage|p1a: Ampharos|148/302\n|-status|p1a: Ampharos|brn\n|move|p1a: Ampharos|Thunderbolt|p2a: Ho-Oh\n|-supereffective|p2a: Ho-Oh\n|-end|p2a: Ho-Oh|Substitute\n|\n|-heal|p1a: Ampharos|166/302 brn|[from] Grassy Terrain\n|-damage|p1a: Ampharos|148/302 brn|[from] brn\n|upkeep\n|turn|60\n|inactive|Time left: 300 sec this turn | 300 sec total\n|\n|t:|1783536185\n|-terastallize|p2a: Ho-Oh|Ground\n|move|p2a: Ho-Oh|Earthquake|p1a: Ampharos\n|-supereffective|p1a: Ampharos\n|-damage|p1a: Ampharos|32/302 brn\n|move|p1a: Ampharos|Thunderbolt|p2a: Ho-Oh\n|-immune|p2a: Ho-Oh\n|\n|-heal|p2a: Ho-Oh|96/100|[from] Grassy Terrain\n|-heal|p1a: Ampharos|50/302 brn|[from] Grassy Terrain\n|-damage|p1a: Ampharos|32/302 brn|[from] brn\n|upkeep\n|turn|61\n|inactive|Time left: 300 sec this turn | 300 sec total\n|\n|t:|1783536186\n|move|p2a: Ho-Oh|Brave Bird|p1a: Ampharos\n|-resisted|p1a: Ampharos\n|-damage|p1a: Ampharos|0 fnt\n|-status|p2a: Ho-Oh|par|[from] ability: Static|[of] p1a: Ampharos\n|faint|p1a: Ampharos\n|-damage|p2a: Ho-Oh|92/100 par|[from] Recoil\n|\n|-heal|p2a: Ho-Oh|98/100 par|[from] Grassy Terrain\n|-fieldend|move: Grassy Terrain\n|upkeep\n|inactive|Time left: 300 sec this turn | 300 sec total | 5 sec grace\n|\n|t:|1783536187\n|switch|p1a: Arboliva|Arboliva, L91, F, tera:Ground|164/290 brn\n|turn|62\n|inactive|Time left: 300 sec this turn | 300 sec total\n|\n|t:|1783536188\n|switch|p2a: Cyclizar|Cyclizar, L84, M|84/100\n|move|p1a: Arboliva|Energy Ball|p2a: Cyclizar\n|-resisted|p2a: Cyclizar\n|-damage|p2a: Cyclizar|52/100\n|\n|-heal|p1a: Arboliva|182/290 brn|[from] item: Leftovers\n|-damage|p1a: Arboliva|164/290 brn|[from] brn\n|upkeep\n|turn|63\n|inactive|Time left: 300 sec this turn | 300 sec total\n|\n|t:|1783536190\n|move|p2a: Cyclizar|Shed Tail|p2a: Cyclizar\n|-start|p2a: Cyclizar|Substitute|[from] move: Shed Tail\n|-damage|p2a: Cyclizar|2/100\n|\n|t:|1783536191\n|switch|p2a: Slither Wing|Slither Wing, L81|22/100|[from] Shed Tail\n|move|p1a: Arboliva|Earth Power|p2a: Slither Wing\n|-resisted|p2a: Slither Wing\n|-activate|p2a: Slither Wing|move: Substitute|[damage]\n|\n|-heal|p1a: Arboliva|182/290 brn|[from] item: Leftovers\n|-damage|p1a: Arboliva|164/290 brn|[from] brn\n|upkeep\n|turn|64\n|inactive|Time left: 300 sec this turn | 300 sec total\n|\n|t:|1783536192\n|move|p2a: Slither Wing|Close Combat|p1a: Arboliva\n|-damage|p1a: Arboliva|11/290 brn\n|-unboost|p2a: Slither Wing|def|1\n|-unboost|p2a: Slither Wing|spd|1\n|-fieldstart|move: Grassy Terrain|[from] ability: Seed Sower|[of] p1a: Arboliva\n|move|p1a: Arboliva|Earth Power|p2a: Slither Wing\n|-resisted|p2a: Slither Wing\n|-end|p2a: Slither Wing|Substitute\n|\n|-heal|p2a: Slither Wing|28/100|[from] Grassy Terrain\n|-heal|p1a: Arboliva|29/290 brn|[from] Grassy Terrain\n|-heal|p1a: Arboliva|47/290 brn|[from] item: Leftovers\n|-damage|p1a: Arboliva|29/290 brn|[from] brn\n|upkeep\n|turn|65\n|inactive|Time left: 300 sec this turn | 300 sec total\n|\n|t:|1783536193\n|move|p2a: Slither Wing|U-turn|p1a: Arboliva\n|-damage|p1a: Arboliva|0 fnt\n|faint|p1a: Arboliva\n|\n|t:|1783536194\n|-end|p2a: Slither Wing|Protosynthesis|[silent]\n|switch|p2a: Cyclizar|Cyclizar, L84, M|35/100|[from] U-turn\n|\n|-heal|p2a: Cyclizar|41/100|[from] Grassy Terrain\n|upkeep\n|inactive|Time left: 300 sec this turn | 300 sec total | 10 sec grace\n|\n|t:|1783536195\n|switch|p1a: Glaceon|Glaceon, L94, F|275/275\n|turn|66\n|inactive|Time left: 300 sec this turn | 300 sec total\n|\n|t:|1783536196\n|move|p2a: Cyclizar|Draco Meteor|p1a: Glaceon\n|-damage|p1a: Glaceon|166/275\n|-unboost|p2a: Cyclizar|spa|2\n|move|p1a: Glaceon|Freeze-Dry|p2a: Cyclizar\n|-supereffective|p2a: Cyclizar\n|-damage|p2a: Cyclizar|0 fnt\n|faint|p2a: Cyclizar\n|\n|-heal|p1a: Glaceon|183/275|[from] Grassy Terrain\n|upkeep\n|\n|t:|1783536197\n|switch|p2a: Slither Wing|Slither Wing, L81|28/100\n|turn|67\n|inactive|Time left: 300 sec this turn | 300 sec total\n|\n|t:|1783536198\n|move|p2a: Slither Wing|Close Combat|p1a: Glaceon\n|-supereffective|p1a: Glaceon\n|-damage|p1a: Glaceon|0 fnt\n|-unboost|p2a: Slither Wing|def|1\n|-unboost|p2a: Slither Wing|spd|1\n|faint|p1a: Glaceon\n|\n|-heal|p2a: Slither Wing|34/100|[from] Grassy Terrain\n|upkeep\n|inactive|Time left: 300 sec this turn | 300 sec total | 5 sec grace\n|\n|t:|1783536199\n|switch|p1a: Mandibuzz|Mandibuzz, L85, F|133/326\n|turn|68\n|inactive|Time left: 300 sec this turn | 300 sec total\n|\n|t:|1783536200\n|-end|p2a: Slither Wing|Protosynthesis|[silent]\n|switch|p2a: Ho-Oh|Ho-Oh, L71, tera:Ground|100/100 par\n|move|p1a: Mandibuzz|Foul Play|p2a: Ho-Oh\n|-damage|p2a: Ho-Oh|50/100 par\n|\n|-heal|p2a: Ho-Oh|56/100 par|[from] Grassy Terrain\n|-fieldend|move: Grassy Terrain\n|upkeep\n|turn|69\n|inactive|Time left: 300 sec this turn | 300 sec total\n|\n|t:|1783536201\n|switch|p2a: Slither Wing|Slither Wing, L81|34/100\n|move|p1a: Mandibuzz|Foul Play|p2a: Slither Wing\n|-resisted|p2a: Slither Wing\n|-damage|p2a: Slither Wing|7/100\n|\n|upkeep\n|turn|70\n|inactive|Time left: 300 sec this turn | 300 sec total\n|\n|t:|1783536202\n|-end|p2a: Slither Wing|Protosynthesis|[silent]\n|switch|p2a: Ho-Oh|Ho-Oh, L71, tera:Ground|89/100 par\n|move|p1a: Mandibuzz|Foul Play|p2a: Ho-Oh\n|-damage|p2a: Ho-Oh|37/100 par\n|\n|upkeep\n|turn|71\n|inactive|Time left: 300 sec this turn | 300 sec total\n|\n|t:|1783536202\n|switch|p2a: Slither Wing|Slither Wing, L81|7/100\n|move|p1a: Mandibuzz|Foul Play|p2a: Slither Wing\n|-resisted|p2a: Slither Wing\n|-damage|p2a: Slither Wing|0 fnt\n|faint|p2a: Slither Wing\n|-end|p2a: Slither Wing|Protosynthesis|[silent]\n|\n|upkeep\n|\n|t:|1783536203\n|switch|p2a: Ho-Oh|Ho-Oh, L71, tera:Ground|71/100 par\n|turn|72\n|inactive|Time left: 300 sec this turn | 300 sec total\n|\n|t:|1783536204\n|move|p1a: Mandibuzz|Foul Play|p2a: Ho-Oh\n|-damage|p2a: Ho-Oh|26/100 par\n|cant|p2a: Ho-Oh|par\n|\n|upkeep\n|turn|73\n|inactive|Time left: 300 sec this turn | 300 sec total\n|\n|t:|1783536205\n|move|p1a: Mandibuzz|Foul Play|p2a: Ho-Oh\n|-damage|p2a: Ho-Oh|0 fnt\n|faint|p2a: Ho-Oh\n|\n|win|p0x245acce", "uploadtime": 1783536205, "views": 0, "rating": 0, "private": 0, "password": null, "_winner": "p0x245acce", "_our_name": "p0x245acce"}