{"id": "battle-gen9randombattle-1942", "formatid": "gen9randombattle", "format": "[Gen 9] Random Battle", "players": ["p0x194207fb", "p0y1942ff31"], "log": "|init|battle\n|title|p0x194207fb vs. p0y1942ff31\n|j|\u2606p0x194207fb\n|j|\u2606p0y1942ff31\n|t:|1783561732\n|gametype|singles\n|player|p1|p0x194207fb|102|\n|player|p2|p0y1942ff31|169|\n|gen|9\n|tier|[Gen 9] Random Battle\n|rule|Species Clause: Limit one of each Pok\u00e9mon\n|rule|HP Percentage Mod: HP is shown in percentages\n|rule|Sleep Clause Mod: Limit one foe put to sleep\n|rule|Illusion Level Mod: Illusion disguises the Pok\u00e9mon's true level\n|\n|t:|1783561732\n|teamsize|p1|6\n|teamsize|p2|6\n|start\n|switch|p1a: Flapple|Flapple, L88, F|266/266\n|switch|p2a: Pelipper|Pelipper, L86, F|100/100\n|-weather|RainDance|[from] ability: Drizzle|[of] p2a: Pelipper\n|turn|1\n|inactive|Battle timer is ON: inactive players will automatically lose when time's up. (requested by p0y1942ff31)\n|inactive|Time left: 300 sec this turn | 300 sec total | 60 sec grace\n|inactive|p0x194207fb also wants the timer to be on.\n|\n|t:|1783561734\n|move|p1a: Flapple|Outrage|p2a: Pelipper|[miss]\n|-miss|p1a: Flapple|p2a: Pelipper\n|move|p2a: Pelipper|Hurricane|p1a: Flapple\n|-supereffective|p1a: Flapple\n|-damage|p1a: Flapple|0 fnt\n|faint|p1a: Flapple\n|\n|-weather|RainDance|[upkeep]\n|upkeep\n|inactive|Time left: 300 sec this turn | 300 sec total | 65 sec grace\n|\n|t:|1783561735\n|switch|p1a: Blastoise|Blastoise, L80, F|258/258\n|turn|2\n|inactive|Time left: 300 sec this turn | 300 sec total\n|\n|t:|1783561736\n|move|p1a: Blastoise|Shell Smash|p1a: Blastoise\n|-unboost|p1a: Blastoise|def|1\n|-unboost|p1a: Blastoise|spd|1\n|-boost|p1a: Blastoise|atk|2\n|-boost|p1a: Blastoise|spa|2\n|-boost|p1a: Blastoise|spe|2\n|-enditem|p1a: Blastoise|White Herb\n|-clearnegativeboost|p1a: Blastoise|[silent]\n|move|p2a: Pelipper|Hurricane|p1a: Blastoise\n|-damage|p1a: Blastoise|95/258\n|-start|p1a: Blastoise|confusion\n|\n|-weather|RainDance|[upkeep]\n|upkeep\n|turn|3\n|inactive|Time left: 300 sec this turn | 300 sec total\n|\n|t:|1783561737\n|-activate|p1a: Blastoise|confusion\n|move|p1a: Blastoise|Hydro Pump|p2a: Pelipper\n|-resisted|p2a: Pelipper\n|-damage|p2a: Pelipper|37/100\n|move|p2a: Pelipper|Hurricane|p1a: Blastoise\n|-damage|p1a: Blastoise|0 fnt\n|faint|p1a: Blastoise\n|\n|-weather|RainDance|[upkeep]\n|upkeep\n|inactive|Time left: 300 sec this turn | 300 sec total | 5 sec grace\n|\n|t:|1783561738\n|switch|p1a: Calyrex|Calyrex-Shadow, L64|235/235\n|-ability|p1a: Calyrex|As One\n|-ability|p1a: Calyrex|Unnerve\n|turn|4\n|inactive|Time left: 300 sec this turn | 300 sec total\n|\n|t:|1783561739\n|switch|p2a: Zangoose|Zangoose, L85, F|100/100\n|move|p1a: Calyrex|Astral Barrage|p2a: Zangoose\n|-immune|p2a: Zangoose\n|\n|-weather|RainDance|[upkeep]\n|-status|p2a: Zangoose|tox|[from] item: Toxic Orb\n|upkeep\n|turn|5\n|inactive|Time left: 300 sec this turn | 300 sec total\n|\n|t:|1783561740\n|switch|p1a: Kingambit|Kingambit, L74, M|270/270\n|-activate|p1a: Kingambit|ability: Supreme Overlord\n|-start|p1a: Kingambit|fallen2|[silent]\n|move|p2a: Zangoose|Knock Off|p1a: Kingambit\n|-resisted|p1a: Kingambit\n|-damage|p1a: Kingambit|216/270\n|-enditem|p1a: Kingambit|Leftovers|[from] move: Knock Off|[of] p2a: Zangoose\n|\n|-weather|none\n|-damage|p2a: Zangoose|94/100 tox|[from] psn\n|upkeep\n|turn|6\n|inactive|Time left: 300 sec this turn | 300 sec total\n|\n|t:|1783561741\n|move|p2a: Zangoose|Close Combat|p1a: Kingambit\n|-supereffective|p1a: Kingambit\n|-damage|p1a: Kingambit|0 fnt\n|-unboost|p2a: Zangoose|def|1\n|-unboost|p2a: Zangoose|spd|1\n|faint|p1a: Kingambit\n|-end|p1a: Kingambit|fallen2|[silent]\n|\n|-damage|p2a: Zangoose|82/100 tox|[from] psn\n|upkeep\n|inactive|Time left: 300 sec this turn | 300 sec total | 5 sec grace\n|\n|t:|1783561742\n|switch|p1a: Calyrex|Calyrex-Shadow, L64|235/235\n|-ability|p1a: Calyrex|As One\n|-ability|p1a: Calyrex|Unnerve\n|turn|7\n|inactive|Time left: 300 sec this turn | 300 sec total\n|\n|t:|1783561743\n|switch|p2a: Armarouge|Armarouge, L80, F|100/100\n|move|p1a: Calyrex|Psyshock|p2a: Armarouge\n|-resisted|p2a: Armarouge\n|-damage|p2a: Armarouge|81/100\n|\n|upkeep\n|turn|8\n|inactive|Time left: 300 sec this turn | 300 sec total\n|\n|t:|1783561744\n|switch|p1a: Jirachi|Jirachi, L80|291/291\n|move|p2a: Armarouge|Meteor Beam||[still]\n|-prepare|p2a: Armarouge|Meteor Beam\n|-boost|p2a: Armarouge|spa|1\n|-enditem|p2a: Armarouge|Power Herb\n|-anim|p2a: Armarouge|Meteor Beam|p1a: Jirachi\n|-resisted|p1a: Jirachi\n|-damage|p1a: Jirachi|220/291\n|\n|-heal|p1a: Jirachi|238/291|[from] item: Leftovers\n|upkeep\n|turn|9\n|inactive|Time left: 300 sec this turn | 300 sec total\n|\n|t:|1783561745\n|move|p1a: Jirachi|Wish|p1a: Jirachi\n|move|p2a: Armarouge|Armor Cannon|p1a: Jirachi\n|-supereffective|p1a: Jirachi\n|-damage|p1a: Jirachi|0 fnt\n|-unboost|p2a: Armarouge|def|1\n|-unboost|p2a: Armarouge|spd|1\n|faint|p1a: Jirachi\n|\n|upkeep\n|inactive|Time left: 300 sec this turn | 300 sec total | 5 sec grace\n|\n|t:|1783561746\n|switch|p1a: Calyrex|Calyrex-Shadow, L64|235/235\n|-ability|p1a: Calyrex|As One\n|-ability|p1a: Calyrex|Unnerve\n|turn|10\n|inactive|Time left: 300 sec this turn | 300 sec total\n|\n|t:|1783561746\n|switch|p2a: Zangoose|Zangoose, L85, F|82/100 tox\n|move|p1a: Calyrex|Astral Barrage|p2a: Zangoose\n|-immune|p2a: Zangoose\n|\n|-damage|p2a: Zangoose|76/100 tox|[from] psn\n|upkeep\n|turn|11\n|inactive|Time left: 300 sec this turn | 300 sec total\n|\n|t:|1783561747\n|switch|p1a: Vileplume|Vileplume, L85, M|266/266\n|move|p2a: Zangoose|Knock Off|p1a: Vileplume\n|-damage|p1a: Vileplume|137/266\n|-enditem|p1a: Vileplume|Leftovers|[from] move: Knock Off|[of] p2a: Zangoose\n|\n|-damage|p2a: Zangoose|64/100 tox|[from] psn\n|upkeep\n|turn|12\n|inactive|Time left: 300 sec this turn | 300 sec total\n|\n|t:|1783561748\n|move|p2a: Zangoose|Facade|p1a: Vileplume\n|-crit|p1a: Vileplume\n|-damage|p1a: Vileplume|0 fnt\n|faint|p1a: Vileplume\n|\n|-damage|p2a: Zangoose|46/100 tox|[from] psn\n|upkeep\n|inactive|Time left: 300 sec this turn | 300 sec total | 5 sec grace\n|\n|t:|1783561749\n|switch|p1a: Calyrex|Calyrex-Shadow, L64|235/235\n|-ability|p1a: Calyrex|As One\n|-ability|p1a: Calyrex|Unnerve\n|turn|13\n|inactive|Time left: 300 sec this turn | 300 sec total\n|\n|t:|1783561750\n|move|p1a: Calyrex|Psyshock|p2a: Zangoose\n|-damage|p2a: Zangoose|0 fnt\n|faint|p2a: Zangoose\n|-ability|p1a: Calyrex|Grim Neigh|boost\n|-boost|p1a: Calyrex|spa|1\n|\n|upkeep\n|\n|t:|1783561751\n|switch|p2a: Feraligatr|Feraligatr, L79, M|100/100\n|turn|14\n|inactive|Time left: 300 sec this turn | 300 sec total\n|\n|t:|1783561752\n|-terastallize|p1a: Calyrex|Ghost\n|-terastallize|p2a: Feraligatr|Steel\n|move|p1a: Calyrex|Psyshock|p2a: Feraligatr\n|-resisted|p2a: Feraligatr\n|-damage|p2a: Feraligatr|68/100\n|move|p2a: Feraligatr|Crunch|p1a: Calyrex\n|-supereffective|p1a: Calyrex\n|-damage|p1a: Calyrex|0 fnt\n|faint|p1a: Calyrex\n|\n|win|p0y1942ff31", "uploadtime": 1783561752, "views": 0, "rating": 0, "private": 0, "password": null, "_winner": "p0y1942ff31", "_our_name": "p0x194207fb"}