{"id": "battle-gen9randombattle-863", "formatid": "gen9randombattle", "format": "[Gen 9] Random Battle", "players": ["p0x8638602", "p0y86358ff"], "log": "|init|battle\n|title|p0x8638602 vs. p0y86358ff\n|j|\u2606p0x8638602\n|j|\u2606p0y86358ff\n|t:|1783549908\n|gametype|singles\n|player|p1|p0x8638602|266|\n|player|p2|p0y86358ff|2|\n|gen|9\n|tier|[Gen 9] Random Battle\n|rule|Species Clause: Limit one of each Pok\u00e9mon\n|rule|HP Percentage Mod: HP is shown in percentages\n|rule|Sleep Clause Mod: Limit one foe put to sleep\n|rule|Illusion Level Mod: Illusion disguises the Pok\u00e9mon's true level\n|\n|t:|1783549908\n|teamsize|p1|6\n|teamsize|p2|6\n|start\n|switch|p1a: Comfey|Comfey, L85, F|100/100\n|switch|p2a: Grimmsnarl|Grimmsnarl, L83, M|293/293\n|turn|1\n|inactive|Battle timer is ON: inactive players will automatically lose when time's up. (requested by p0y86358ff)\n|inactive|p0x8638602 also wants the timer to be on.\n|\n|t:|1783549910\n|move|p2a: Grimmsnarl|Light Screen|p2a: Grimmsnarl\n|-sidestart|p2: p0y86358ff|move: Light Screen\n|move|p1a: Comfey|Calm Mind|p1a: Comfey\n|-boost|p1a: Comfey|spa|1\n|-boost|p1a: Comfey|spd|1\n|\n|upkeep\n|turn|2\n|inactive|Time left: 300 sec this turn | 300 sec total\n|\n|t:|1783549911\n|move|p1a: Comfey|Calm Mind|p1a: Comfey\n|-boost|p1a: Comfey|spa|1\n|-boost|p1a: Comfey|spd|1\n|move|p2a: Grimmsnarl|Spirit Break|p1a: Comfey\n|-damage|p1a: Comfey|58/100\n|-unboost|p1a: Comfey|spa|1\n|\n|-heal|p1a: Comfey|64/100|[from] item: Leftovers\n|upkeep\n|turn|3\n|inactive|Time left: 300 sec this turn | 300 sec total\n|\n|t:|1783549912\n|move|p1a: Comfey|Draining Kiss|p2a: Grimmsnarl\n|-supereffective|p2a: Grimmsnarl\n|-damage|p2a: Grimmsnarl|212/293\n|-heal|p1a: Comfey|91/100|[from] drain|[of] p2a: Grimmsnarl\n|move|p2a: Grimmsnarl|Spirit Break|p1a: Comfey\n|-damage|p1a: Comfey|52/100\n|-unboost|p1a: Comfey|spa|1\n|\n|-heal|p1a: Comfey|59/100|[from] item: Leftovers\n|upkeep\n|turn|4\n|inactive|Time left: 300 sec this turn | 300 sec total\n|\n|t:|1783549914\n|move|p1a: Comfey|Draining Kiss|p2a: Grimmsnarl\n|-supereffective|p2a: Grimmsnarl\n|-damage|p2a: Grimmsnarl|158/293\n|-heal|p1a: Comfey|77/100|[from] drain|[of] p2a: Grimmsnarl\n|move|p2a: Grimmsnarl|Spirit Break|p1a: Comfey\n|-damage|p1a: Comfey|36/100\n|-unboost|p1a: Comfey|spa|1\n|\n|-heal|p1a: Comfey|43/100|[from] item: Leftovers\n|upkeep\n|turn|5\n|inactive|Time left: 300 sec this turn | 300 sec total\n|\n|t:|1783549915\n|move|p1a: Comfey|Calm Mind|p1a: Comfey\n|-boost|p1a: Comfey|spa|1\n|-boost|p1a: Comfey|spd|1\n|move|p2a: Grimmsnarl|Spirit Break|p1a: Comfey\n|-damage|p1a: Comfey|4/100\n|-unboost|p1a: Comfey|spa|1\n|\n|-heal|p1a: Comfey|10/100|[from] item: Leftovers\n|upkeep\n|turn|6\n|inactive|Time left: 300 sec this turn | 300 sec total\n|\n|t:|1783549916\n|move|p1a: Comfey|Draining Kiss|p2a: Grimmsnarl\n|-supereffective|p2a: Grimmsnarl\n|-damage|p2a: Grimmsnarl|119/293\n|-heal|p1a: Comfey|23/100|[from] drain|[of] p2a: Grimmsnarl\n|move|p2a: Grimmsnarl|Spirit Break|p1a: Comfey\n|-damage|p1a: Comfey|0 fnt\n|faint|p1a: Comfey\n|\n|upkeep\n|\n|t:|1783549917\n|switch|p1a: Probopass|Probopass, L91, F|100/100\n|turn|7\n|inactive|Time left: 300 sec this turn | 300 sec total\n|\n|t:|1783549918\n|move|p2a: Grimmsnarl|Reflect|p2a: Grimmsnarl\n|-sidestart|p2: p0y86358ff|Reflect\n|move|p1a: Probopass|Body Press|p2a: Grimmsnarl\n|-damage|p2a: Grimmsnarl|57/293\n|\n|upkeep\n|turn|8\n|inactive|Time left: 300 sec this turn | 300 sec total\n|\n|t:|1783549919\n|move|p2a: Grimmsnarl|Spirit Break|p1a: Probopass\n|-resisted|p1a: Probopass\n|-damage|p1a: Probopass|90/100\n|-unboost|p1a: Probopass|spa|1\n|move|p1a: Probopass|Body Press|p2a: Grimmsnarl\n|-damage|p2a: Grimmsnarl|3/293\n|\n|-heal|p1a: Probopass|96/100|[from] item: Leftovers\n|-sideend|p2: p0y86358ff|move: Light Screen\n|upkeep\n|turn|9\n|inactive|Time left: 300 sec this turn | 300 sec total\n|\n|t:|1783549920\n|move|p2a: Grimmsnarl|Spirit Break|p1a: Probopass\n|-resisted|p1a: Probopass\n|-damage|p1a: Probopass|84/100\n|-unboost|p1a: Probopass|spa|1\n|move|p1a: Probopass|Iron Defense|p1a: Probopass\n|-boost|p1a: Probopass|def|2\n|\n|-heal|p1a: Probopass|90/100|[from] item: Leftovers\n|upkeep\n|turn|10\n|inactive|Time left: 300 sec this turn | 300 sec total\n|\n|t:|1783549921\n|move|p2a: Grimmsnarl|Light Screen|p2a: Grimmsnarl\n|-sidestart|p2: p0y86358ff|move: Light Screen\n|move|p1a: Probopass|Body Press|p2a: Grimmsnarl\n|-damage|p2a: Grimmsnarl|0 fnt\n|faint|p2a: Grimmsnarl\n|\n|-heal|p1a: Probopass|96/100|[from] item: Leftovers\n|upkeep\n|inactive|Time left: 300 sec this turn | 300 sec total | 5 sec grace\n|\n|t:|1783549922\n|switch|p2a: Kricketune|Kricketune, L99, M|312/312\n|turn|11\n|inactive|Time left: 300 sec this turn | 300 sec total\n|\n|t:|1783549923\n|move|p2a: Kricketune|Sticky Web|p1a: Probopass\n|-sidestart|p1: p0x8638602|move: Sticky Web\n|move|p1a: Probopass|Body Press|p2a: Kricketune\n|-resisted|p2a: Kricketune\n|-damage|p2a: Kricketune|253/312\n|\n|-heal|p1a: Probopass|100/100|[from] item: Leftovers\n|upkeep\n|turn|12\n|inactive|Time left: 300 sec this turn | 300 sec total\n|\n|t:|1783549924\n|move|p2a: Kricketune|Pounce|p1a: Probopass\n|-resisted|p1a: Probopass\n|-damage|p1a: Probopass|94/100\n|-unboost|p1a: Probopass|spe|1\n|move|p1a: Probopass|Iron Defense|p1a: Probopass\n|-boost|p1a: Probopass|def|2\n|\n|-heal|p1a: Probopass|100/100|[from] item: Leftovers\n|upkeep\n|turn|13\n|inactive|Time left: 300 sec this turn | 300 sec total\n|\n|t:|1783549925\n|move|p2a: Kricketune|Knock Off|p1a: Probopass\n|-damage|p1a: Probopass|94/100\n|-enditem|p1a: Probopass|Leftovers|[from] move: Knock Off|[of] p2a: Kricketune\n|move|p1a: Probopass|Body Press|p2a: Kricketune\n|-resisted|p2a: Kricketune\n|-damage|p2a: Kricketune|163/312\n|\n|upkeep\n|turn|14\n|inactive|Time left: 300 sec this turn | 300 sec total\n|\n|t:|1783549926\n|move|p2a: Kricketune|Pounce|p1a: Probopass\n|-resisted|p1a: Probopass\n|-damage|p1a: Probopass|90/100\n|-unboost|p1a: Probopass|spe|1\n|move|p1a: Probopass|Body Press|p2a: Kricketune\n|-resisted|p2a: Kricketune\n|-damage|p2a: Kricketune|71/312\n|\n|-sideend|p2: p0y86358ff|Reflect\n|upkeep\n|turn|15\n|inactive|Time left: 300 sec this turn | 300 sec total\n|\n|t:|1783549927\n|move|p2a: Kricketune|Knock Off|p1a: Probopass\n|-damage|p1a: Probopass|85/100\n|move|p1a: Probopass|Body Press|p2a: Kricketune\n|-resisted|p2a: Kricketune\n|-damage|p2a: Kricketune|0 fnt\n|faint|p2a: Kricketune\n|\n|upkeep\n|inactive|Time left: 300 sec this turn | 300 sec total | 5 sec grace\n|\n|t:|1783549928\n|switch|p2a: Arboliva|Arboliva, L91, F|290/290\n|turn|16\n|inactive|Time left: 300 sec this turn | 300 sec total\n|\n|t:|1783549929\n|move|p2a: Arboliva|Earth Power|p1a: Probopass\n|-supereffective|p1a: Probopass\n|-damage|p1a: Probopass|0 fnt\n|faint|p1a: Probopass\n|\n|upkeep\n|\n|t:|1783549930\n|switch|p1a: Regice|Regice, L88|100/100\n|turn|17\n|inactive|Time left: 300 sec this turn | 300 sec total\n|\n|t:|1783549930\n|move|p1a: Regice|Ice Beam|p2a: Arboliva\n|-supereffective|p2a: Arboliva\n|-damage|p2a: Arboliva|197/290\n|-fieldstart|move: Grassy Terrain|[from] ability: Seed Sower|[of] p2a: Arboliva\n|move|p2a: Arboliva|Hyper Voice|p1a: Regice\n|-damage|p1a: Regice|78/100\n|\n|-heal|p1a: Regice|84/100|[from] Grassy Terrain\n|-heal|p2a: Arboliva|215/290|[from] Grassy Terrain\n|-heal|p2a: Arboliva|233/290|[from] item: Leftovers\n|-sideend|p2: p0y86358ff|move: Light Screen\n|upkeep\n|turn|18\n|inactive|Time left: 300 sec this turn | 300 sec total\n|\n|t:|1783549931\n|move|p1a: Regice|Ice Beam|p2a: Arboliva\n|-supereffective|p2a: Arboliva\n|-damage|p2a: Arboliva|63/290\n|move|p2a: Arboliva|Strength Sap|p1a: Regice\n|-fail|p1a: Regice|unboost|[from] ability: Clear Body|[of] p1a: Regice\n|-heal|p2a: Arboliva|156/290\n|\n|-heal|p1a: Regice|90/100|[from] Grassy Terrain\n|-heal|p2a: Arboliva|174/290|[from] Grassy Terrain\n|-heal|p2a: Arboliva|192/290|[from] item: Leftovers\n|upkeep\n|turn|19\n|inactive|Time left: 300 sec this turn | 300 sec total\n|\n|t:|1783549932\n|move|p1a: Regice|Ice Beam|p2a: Arboliva\n|-supereffective|p2a: Arboliva\n|-damage|p2a: Arboliva|24/290\n|move|p2a: Arboliva|Strength Sap|p1a: Regice\n|-fail|p1a: Regice|unboost|[from] ability: Clear Body|[of] p1a: Regice\n|-heal|p2a: Arboliva|117/290\n|\n|-heal|p1a: Regice|96/100|[from] Grassy Terrain\n|-heal|p2a: Arboliva|135/290|[from] Grassy Terrain\n|-heal|p2a: Arboliva|153/290|[from] item: Leftovers\n|upkeep\n|turn|20\n|inactive|Time left: 300 sec this turn | 300 sec total\n|\n|t:|1783549933\n|switch|p2a: Coalossal|Coalossal, L89, M|341/341\n|move|p1a: Regice|Ice Beam|p2a: Coalossal\n|-resisted|p2a: Coalossal\n|-damage|p2a: Coalossal|295/341\n|\n|-heal|p1a: Regice|100/100|[from] Grassy Terrain\n|-heal|p2a: Coalossal|316/341|[from] Grassy Terrain\n|upkeep\n|turn|21\n|inactive|Time left: 300 sec this turn | 300 sec total\n|\n|t:|1783549934\n|move|p1a: Regice|Ice Beam|p2a: Coalossal\n|-resisted|p2a: Coalossal\n|-damage|p2a: Coalossal|264/341\n|move|p2a: Coalossal|Stone Edge|p1a: Regice\n|-supereffective|p1a: Regice\n|-damage|p1a: Regice|39/100\n|\n|-heal|p1a: Regice|45/100|[from] Grassy Terrain\n|-heal|p2a: Coalossal|285/341|[from] Grassy Terrain\n|-fieldend|move: Grassy Terrain\n|upkeep\n|turn|22\n|inactive|Time left: 300 sec this turn | 300 sec total\n|\n|t:|1783549935\n|move|p1a: Regice|Ice Beam|p2a: Coalossal\n|-resisted|p2a: Coalossal\n|-damage|p2a: Coalossal|233/341\n|move|p2a: Coalossal|Stone Edge|p1a: Regice|[miss]\n|-miss|p2a: Coalossal|p1a: Regice\n|\n|upkeep\n|turn|23\n|inactive|Time left: 300 sec this turn | 300 sec total\n|\n|t:|1783549936\n|move|p1a: Regice|Thunderbolt|p2a: Coalossal\n|-damage|p2a: Coalossal|161/341\n|move|p2a: Coalossal|Stone Edge|p1a: Regice\n|-supereffective|p1a: Regice\n|-damage|p1a: Regice|0 fnt\n|faint|p1a: Regice\n|\n|upkeep\n|\n|t:|1783549937\n|switch|p1a: Magmortar|Magmortar, L88, F|100/100\n|turn|24\n|inactive|Time left: 300 sec this turn | 300 sec total\n|\n|t:|1783549938\n|move|p1a: Magmortar|Focus Blast|p2a: Coalossal\n|-supereffective|p2a: Coalossal\n|-crit|p2a: Coalossal\n|-damage|p2a: Coalossal|0 fnt\n|faint|p2a: Coalossal\n|\n|upkeep\n|inactive|Time left: 300 sec this turn | 300 sec total | 5 sec grace\n|\n|t:|1783549939\n|switch|p2a: Arboliva|Arboliva, L91, F|153/290\n|turn|25\n|inactive|Time left: 300 sec this turn | 300 sec total\n|\n|t:|1783549940\n|-terastallize|p2a: Arboliva|Ground\n|move|p1a: Magmortar|Fire Blast|p2a: Arboliva|[miss]\n|-miss|p1a: Magmortar|p2a: Arboliva\n|move|p2a: Arboliva|Strength Sap|p1a: Magmortar\n|-unboost|p1a: Magmortar|atk|1\n|-heal|p2a: Arboliva|290/290\n|\n|upkeep\n|turn|26\n|inactive|Time left: 300 sec this turn | 300 sec total\n|\n|t:|1783549941\n|move|p1a: Magmortar|Focus Blast|p2a: Arboliva\n|-damage|p2a: Arboliva|194/290\n|-fieldstart|move: Grassy Terrain|[from] ability: Seed Sower|[of] p2a: Arboliva\n|move|p2a: Arboliva|Earth Power|p1a: Magmortar\n|-supereffective|p1a: Magmortar\n|-damage|p1a: Magmortar|4/100\n|\n|-heal|p1a: Magmortar|11/100|[from] Grassy Terrain\n|-heal|p2a: Arboliva|212/290|[from] Grassy Terrain\n|-heal|p2a: Arboliva|230/290|[from] item: Leftovers\n|upkeep\n|turn|27\n|inactive|Time left: 300 sec this turn | 300 sec total\n|\n|t:|1783549943\n|move|p1a: Magmortar|Knock Off|p2a: Arboliva\n|-damage|p2a: Arboliva|187/290\n|-enditem|p2a: Arboliva|Leftovers|[from] move: Knock Off|[of] p1a: Magmortar\n|move|p2a: Arboliva|Energy Ball|p1a: Magmortar\n|-resisted|p1a: Magmortar\n|-damage|p1a: Magmortar|0 fnt\n|faint|p1a: Magmortar\n|\n|-heal|p2a: Arboliva|205/290|[from] Grassy Terrain\n|upkeep\n|\n|t:|1783549944\n|switch|p1a: Espeon|Espeon, L84, M|100/100\n|-activate|p1a: Espeon|move: Sticky Web\n|-unboost|p1a: Espeon|spe|1\n|turn|28\n|inactive|Time left: 300 sec this turn | 300 sec total\n|\n|t:|1783549945\n|move|p1a: Espeon|Calm Mind|p1a: Espeon\n|-boost|p1a: Espeon|spa|1\n|-boost|p1a: Espeon|spd|1\n|move|p2a: Arboliva|Strength Sap|p1a: Espeon\n|move|p1a: Espeon|Strength Sap|p2a: Arboliva|[from] ability: Magic Bounce\n|-unboost|p2a: Arboliva|atk|1\n|\n|-heal|p2a: Arboliva|223/290|[from] Grassy Terrain\n|upkeep\n|turn|29\n|inactive|Time left: 300 sec this turn | 300 sec total\n|\n|t:|1783549946\n|move|p1a: Espeon|Calm Mind|p1a: Espeon\n|-boost|p1a: Espeon|spa|1\n|-boost|p1a: Espeon|spd|1\n|move|p2a: Arboliva|Strength Sap|p1a: Espeon\n|move|p1a: Espeon|Strength Sap|p2a: Arboliva|[from] ability: Magic Bounce\n|-unboost|p2a: Arboliva|atk|1\n|\n|-heal|p2a: Arboliva|241/290|[from] Grassy Terrain\n|upkeep\n|turn|30\n|inactive|Time left: 300 sec this turn | 300 sec total\n|\n|t:|1783549947\n|switch|p2a: Qwilfish|Qwilfish-Hisui, L83, F|244/244\n|-ability|p2a: Qwilfish|Intimidate|boost\n|-unboost|p1a: Espeon|atk|1\n|move|p1a: Espeon|Psyshock|p2a: Qwilfish\n|-immune|p2a: Qwilfish\n|\n|-fieldend|move: Grassy Terrain\n|upkeep\n|turn|31\n|inactive|Time left: 300 sec this turn | 300 sec total\n|\n|t:|1783549948\n|move|p2a: Qwilfish|Gunk Shot|p1a: Espeon\n|-damage|p1a: Espeon|38/100\n|move|p1a: Espeon|Alluring Voice|p2a: Qwilfish\n|-damage|p2a: Qwilfish|71/244\n|-damage|p1a: Espeon|29/100|[from] item: Life Orb\n|\n|upkeep\n|turn|32\n|inactive|Time left: 300 sec this turn | 300 sec total\n|\n|t:|1783549950\n|move|p2a: Qwilfish|Crunch|p1a: Espeon\n|-supereffective|p1a: Espeon\n|-damage|p1a: Espeon|0 fnt\n|faint|p1a: Espeon\n|\n|upkeep\n|\n|t:|1783549951\n|switch|p1a: Glalie|Glalie, L96, M|100/100\n|turn|33\n|inactive|Time left: 300 sec this turn | 300 sec total\n|\n|t:|1783549952\n|move|p1a: Glalie|Freeze-Dry|p2a: Qwilfish\n|-damage|p2a: Qwilfish|0 fnt\n|faint|p2a: Qwilfish\n|\n|upkeep\n|inactive|Time left: 300 sec this turn | 300 sec total | 5 sec grace\n|\n|t:|1783549953\n|switch|p2a: Arboliva|Arboliva, L91, F, tera:Ground|241/290\n|turn|34\n|inactive|Time left: 300 sec this turn | 300 sec total\n|\n|t:|1783549954\n|move|p1a: Glalie|Freeze-Dry|p2a: Arboliva\n|-supereffective|p2a: Arboliva\n|-damage|p2a: Arboliva|107/290\n|-fieldstart|move: Grassy Terrain|[from] ability: Seed Sower|[of] p2a: Arboliva\n|move|p2a: Arboliva|Strength Sap|p1a: Glalie\n|-unboost|p1a: Glalie|atk|1\n|-heal|p2a: Arboliva|290/290\n|\n|upkeep\n|turn|35\n|inactive|Time left: 300 sec this turn | 300 sec total\n|\n|t:|1783549955\n|move|p1a: Glalie|Freeze-Dry|p2a: Arboliva\n|-supereffective|p2a: Arboliva\n|-damage|p2a: Arboliva|168/290\n|move|p2a: Arboliva|Energy Ball|p1a: Glalie\n|-damage|p1a: Glalie|49/100\n|\n|-heal|p1a: Glalie|55/100|[from] Grassy Terrain\n|-heal|p2a: Arboliva|186/290|[from] Grassy Terrain\n|upkeep\n|turn|36\n|inactive|Time left: 300 sec this turn | 300 sec total\n|\n|t:|1783549956\n|move|p1a: Glalie|Freeze-Dry|p2a: Arboliva\n|-supereffective|p2a: Arboliva\n|-damage|p2a: Arboliva|60/290\n|move|p2a: Arboliva|Energy Ball|p1a: Glalie\n|-damage|p1a: Glalie|4/100\n|\n|-heal|p1a: Glalie|11/100|[from] Grassy Terrain\n|-heal|p2a: Arboliva|78/290|[from] Grassy Terrain\n|upkeep\n|turn|37\n|inactive|Time left: 300 sec this turn | 300 sec total\n|\n|t:|1783549957\n|-terastallize|p1a: Glalie|Ghost\n|move|p1a: Glalie|Freeze-Dry|p2a: Arboliva\n|-supereffective|p2a: Arboliva\n|-damage|p2a: Arboliva|0 fnt\n|faint|p2a: Arboliva\n|\n|-heal|p1a: Glalie|17/100|[from] Grassy Terrain\n|upkeep\n|inactive|Time left: 300 sec this turn | 300 sec total | 5 sec grace\n|\n|t:|1783549958\n|switch|p2a: Corviknight|Corviknight, L80, M|288/288\n|-ability|p2a: Corviknight|Pressure\n|turn|38\n|inactive|Time left: 300 sec this turn | 300 sec total\n|\n|t:|1783549959\n|move|p1a: Glalie|Freeze-Dry|p2a: Corviknight\n|-damage|p2a: Corviknight|192/288\n|move|p2a: Corviknight|Brave Bird|p1a: Glalie\n|-damage|p1a: Glalie|0 fnt\n|faint|p1a: Glalie\n|-damage|p2a: Corviknight|175/288|[from] Recoil\n|\n|win|p0y86358ff", "uploadtime": 1783549959, "views": 0, "rating": 0, "private": 0, "password": null, "_winner": "p0y86358ff", "_our_name": "p0y86358ff"}