{"id": "battle-gen9randombattle-1496", "formatid": "gen9randombattle", "format": "[Gen 9] Random Battle", "players": ["p0x1496bf0a", "p0y1496e602"], "log": "|init|battle\n|title|p0x1496bf0a vs. p0y1496e602\n|j|\u2606p0x1496bf0a\n|j|\u2606p0y1496e602\n|t:|1783556497\n|gametype|singles\n|player|p1|p0x1496bf0a|170|\n|player|p2|p0y1496e602|266|\n|gen|9\n|tier|[Gen 9] Random Battle\n|rule|Species Clause: Limit one of each Pok\u00e9mon\n|rule|HP Percentage Mod: HP is shown in percentages\n|rule|Sleep Clause Mod: Limit one foe put to sleep\n|rule|Illusion Level Mod: Illusion disguises the Pok\u00e9mon's true level\n|\n|t:|1783556497\n|teamsize|p1|6\n|teamsize|p2|6\n|start\n|switch|p1a: Vaporeon|Vaporeon, L86, M|364/364\n|switch|p2a: Iron Moth|Iron Moth, L78|100/100\n|turn|1\n|inactive|Battle timer is ON: inactive players will automatically lose when time's up. (requested by p0y1496e602)\n|inactive|Time left: 300 sec this turn | 300 sec total | 60 sec grace\n|inactive|p0x1496bf0a also wants the timer to be on.\n|\n|t:|1783556498\n|move|p2a: Iron Moth|Toxic Spikes|p1a: Vaporeon\n|-sidestart|p1: p0x1496bf0a|move: Toxic Spikes\n|move|p1a: Vaporeon|Scald|p2a: Iron Moth\n|-supereffective|p2a: Iron Moth\n|-damage|p2a: Iron Moth|29/100\n|\n|upkeep\n|turn|2\n|inactive|Time left: 300 sec this turn | 300 sec total\n|\n|t:|1783556499\n|move|p2a: Iron Moth|Toxic Spikes|p1a: Vaporeon\n|-sidestart|p1: p0x1496bf0a|move: Toxic Spikes\n|move|p1a: Vaporeon|Scald|p2a: Iron Moth\n|-supereffective|p2a: Iron Moth\n|-damage|p2a: Iron Moth|0 fnt\n|faint|p2a: Iron Moth\n|-end|p2a: Iron Moth|Quark Drive|[silent]\n|\n|upkeep\n|\n|t:|1783556500\n|switch|p2a: Skuntank|Skuntank, L84, F|100/100\n|turn|3\n|inactive|Time left: 300 sec this turn | 300 sec total\n|\n|t:|1783556501\n|move|p2a: Skuntank|Gunk Shot|p1a: Vaporeon|[miss]\n|-miss|p2a: Skuntank|p1a: Vaporeon\n|move|p1a: Vaporeon|Scald|p2a: Skuntank\n|-damage|p2a: Skuntank|60/100\n|-status|p2a: Skuntank|brn\n|\n|-damage|p2a: Skuntank|54/100 brn|[from] brn\n|upkeep\n|turn|4\n|inactive|Time left: 300 sec this turn | 300 sec total\n|\n|t:|1783556502\n|move|p2a: Skuntank|Knock Off|p1a: Vaporeon\n|-damage|p1a: Vaporeon|287/364\n|-enditem|p1a: Vaporeon|Leftovers|[from] move: Knock Off|[of] p2a: Skuntank\n|-damage|p2a: Skuntank|44/100 brn|[from] item: Life Orb\n|move|p1a: Vaporeon|Calm Mind|p1a: Vaporeon\n|-boost|p1a: Vaporeon|spa|1\n|-boost|p1a: Vaporeon|spd|1\n|\n|-damage|p2a: Skuntank|38/100 brn|[from] brn\n|upkeep\n|turn|5\n|inactive|Time left: 300 sec this turn | 300 sec total\n|\n|t:|1783556503\n|move|p2a: Skuntank|Gunk Shot|p1a: Vaporeon\n|-damage|p1a: Vaporeon|191/364\n|-damage|p2a: Skuntank|28/100 brn|[from] item: Life Orb\n|move|p1a: Vaporeon|Scald|p2a: Skuntank\n|-damage|p2a: Skuntank|0 fnt\n|faint|p2a: Skuntank\n|\n|upkeep\n|\n|t:|1783556504\n|switch|p2a: Cryogonal|Cryogonal, L89|100/100\n|turn|6\n|inactive|Time left: 300 sec this turn | 300 sec total\n|\n|t:|1783556506\n|move|p2a: Cryogonal|Freeze-Dry|p1a: Vaporeon\n|-supereffective|p1a: Vaporeon\n|-damage|p1a: Vaporeon|95/364\n|move|p1a: Vaporeon|Scald|p2a: Cryogonal\n|-damage|p2a: Cryogonal|69/100\n|\n|upkeep\n|turn|7\n|inactive|Time left: 300 sec this turn | 300 sec total\n|\n|t:|1783556507\n|move|p1a: Vaporeon|Protect|p1a: Vaporeon\n|-singleturn|p1a: Vaporeon|Protect\n|move|p2a: Cryogonal|Freeze-Dry|p1a: Vaporeon\n|-activate|p1a: Vaporeon|move: Protect\n|\n|upkeep\n|turn|8\n|inactive|Time left: 300 sec this turn | 300 sec total\n|\n|t:|1783556508\n|move|p2a: Cryogonal|Freeze-Dry|p1a: Vaporeon\n|-supereffective|p1a: Vaporeon\n|-damage|p1a: Vaporeon|0 fnt\n|faint|p1a: Vaporeon\n|\n|upkeep\n|inactive|Time left: 300 sec this turn | 300 sec total | 5 sec grace\n|\n|t:|1783556509\n|switch|p1a: Zacian|Zacian-Crowned, L64|225/225\n|-ability|p1a: Zacian|Intrepid Sword|boost\n|-boost|p1a: Zacian|atk|1\n|turn|9\n|inactive|Time left: 300 sec this turn | 300 sec total\n|\n|t:|1783556510\n|switch|p2a: Rhydon|Rhydon, L85, M|100/100\n|move|p1a: Zacian|Behemoth Blade|p2a: Rhydon\n|-supereffective|p2a: Rhydon\n|-damage|p2a: Rhydon|54/100\n|\n|upkeep\n|turn|10\n|inactive|Time left: 300 sec this turn | 300 sec total\n|\n|t:|1783556511\n|-terastallize|p1a: Zacian|Fighting\n|move|p1a: Zacian|Behemoth Blade|p2a: Rhydon\n|-supereffective|p2a: Rhydon\n|-damage|p2a: Rhydon|8/100\n|move|p2a: Rhydon|Earthquake|p1a: Zacian\n|-damage|p1a: Zacian|69/225\n|\n|upkeep\n|turn|11\n|inactive|Time left: 300 sec this turn | 300 sec total\n|\n|t:|1783556513\n|move|p1a: Zacian|Behemoth Blade|p2a: Rhydon\n|-supereffective|p2a: Rhydon\n|-damage|p2a: Rhydon|0 fnt\n|faint|p2a: Rhydon\n|\n|upkeep\n|\n|t:|1783556514\n|switch|p2a: Cryogonal|Cryogonal, L89|69/100\n|turn|12\n|inactive|Time left: 300 sec this turn | 300 sec total\n|\n|t:|1783556515\n|switch|p1a: Iron Hands|Iron Hands, L79|373/373\n|-status|p1a: Iron Hands|tox\n|move|p2a: Cryogonal|Freeze-Dry|p1a: Iron Hands\n|-damage|p1a: Iron Hands|262/373 tox\n|\n|-heal|p1a: Iron Hands|285/373 tox|[from] item: Leftovers\n|-damage|p1a: Iron Hands|262/373 tox|[from] psn\n|upkeep\n|turn|13\n|inactive|Time left: 300 sec this turn | 300 sec total\n|\n|t:|1783556516\n|switch|p2a: Sableye|Sableye, L88, M|100/100\n|move|p1a: Iron Hands|Drain Punch|p2a: Sableye\n|-immune|p2a: Sableye\n|\n|-heal|p1a: Iron Hands|285/373 tox|[from] item: Leftovers\n|-damage|p1a: Iron Hands|239/373 tox|[from] psn\n|upkeep\n|turn|14\n|inactive|Time left: 300 sec this turn | 300 sec total\n|\n|t:|1783556517\n|move|p2a: Sableye|Knock Off|p1a: Iron Hands\n|-resisted|p1a: Iron Hands\n|-damage|p1a: Iron Hands|196/373 tox\n|-enditem|p1a: Iron Hands|Leftovers|[from] move: Knock Off|[of] p2a: Sableye\n|move|p1a: Iron Hands|Wild Charge|p2a: Sableye\n|-damage|p2a: Sableye|51/100\n|-damage|p1a: Iron Hands|167/373 tox|[from] Recoil\n|\n|-heal|p2a: Sableye|57/100|[from] item: Leftovers\n|-damage|p1a: Iron Hands|98/373 tox|[from] psn\n|upkeep\n|turn|15\n|inactive|Time left: 300 sec this turn | 300 sec total\n|\n|t:|1783556518\n|move|p2a: Sableye|Recover|p2a: Sableye\n|-heal|p2a: Sableye|100/100\n|move|p1a: Iron Hands|Wild Charge|p2a: Sableye\n|-damage|p2a: Sableye|45/100\n|-damage|p1a: Iron Hands|66/373 tox|[from] Recoil\n|\n|-heal|p2a: Sableye|51/100|[from] item: Leftovers\n|-damage|p1a: Iron Hands|0 fnt|[from] psn\n|faint|p1a: Iron Hands\n|-end|p1a: Iron Hands|Quark Drive|[silent]\n|upkeep\n|inactive|Time left: 300 sec this turn | 300 sec total | 5 sec grace\n|\n|t:|1783556519\n|switch|p1a: Zacian|Zacian-Crowned, L64, tera:Fighting|69/225\n|-status|p1a: Zacian|tox\n|turn|16\n|inactive|Time left: 300 sec this turn | 300 sec total\n|\n|t:|1783556520\n|move|p2a: Sableye|Recover|p2a: Sableye\n|-heal|p2a: Sableye|100/100\n|move|p1a: Zacian|Play Rough|p2a: Sableye\n|-supereffective|p2a: Sableye\n|-damage|p2a: Sableye|22/100\n|\n|-heal|p2a: Sableye|28/100|[from] item: Leftovers\n|-damage|p1a: Zacian|55/225 tox|[from] psn\n|upkeep\n|turn|17\n|inactive|Time left: 300 sec this turn | 300 sec total\n|\n|t:|1783556521\n|move|p2a: Sableye|Recover|p2a: Sableye\n|-heal|p2a: Sableye|78/100\n|move|p1a: Zacian|Play Rough|p2a: Sableye\n|-supereffective|p2a: Sableye\n|-damage|p2a: Sableye|5/100\n|\n|-heal|p2a: Sableye|11/100|[from] item: Leftovers\n|-damage|p1a: Zacian|27/225 tox|[from] psn\n|upkeep\n|turn|18\n|inactive|Time left: 300 sec this turn | 300 sec total\n|\n|t:|1783556522\n|move|p2a: Sableye|Recover|p2a: Sableye\n|-heal|p2a: Sableye|62/100\n|move|p1a: Zacian|Play Rough|p2a: Sableye\n|-supereffective|p2a: Sableye\n|-damage|p2a: Sableye|0 fnt\n|faint|p2a: Sableye\n|\n|-damage|p1a: Zacian|0 fnt|[from] psn\n|faint|p1a: Zacian\n|upkeep\n|inactive|Time left: 300 sec this turn | 300 sec total | 5 sec grace\n|\n|t:|1783556523\n|switch|p1a: Electivire|Electivire, L84, M|263/263\n|switch|p2a: Cryogonal|Cryogonal, L89|69/100\n|-status|p1a: Electivire|tox\n|turn|19\n|inactive|Time left: 300 sec this turn | 300 sec total\n|\n|t:|1783556524\n|move|p2a: Cryogonal|Recover|p2a: Cryogonal\n|-heal|p2a: Cryogonal|100/100\n|move|p1a: Electivire|Supercell Slam|p2a: Cryogonal\n|-damage|p2a: Cryogonal|14/100\n|-damage|p1a: Electivire|237/263 tox|[from] item: Life Orb\n|\n|-damage|p1a: Electivire|221/263 tox|[from] psn\n|upkeep\n|turn|20\n|inactive|Time left: 300 sec this turn | 300 sec total\n|\n|t:|1783556525\n|move|p2a: Cryogonal|Freeze-Dry|p1a: Electivire\n|-damage|p1a: Electivire|140/263 tox\n|move|p1a: Electivire|Supercell Slam|p2a: Cryogonal\n|-damage|p2a: Cryogonal|0 fnt\n|faint|p2a: Cryogonal\n|-damage|p1a: Electivire|114/263 tox|[from] item: Life Orb\n|\n|-damage|p1a: Electivire|82/263 tox|[from] psn\n|upkeep\n|\n|t:|1783556526\n|switch|p2a: Walking Wake|Walking Wake, L79|100/100\n|turn|21\n|inactive|Time left: 300 sec this turn | 300 sec total\n|\n|t:|1783556527\n|move|p2a: Walking Wake|Flamethrower|p1a: Electivire\n|-damage|p1a: Electivire|0 fnt\n|faint|p1a: Electivire\n|-damage|p2a: Walking Wake|91/100|[from] item: Life Orb\n|\n|upkeep\n|inactive|Time left: 300 sec this turn | 300 sec total | 5 sec grace\n|\n|t:|1783556528\n|switch|p1a: Farigiraf|Farigiraf, L90, M|362/362\n|-status|p1a: Farigiraf|tox\n|turn|22\n|inactive|Time left: 300 sec this turn | 300 sec total\n|\n|t:|1783556529\n|move|p2a: Walking Wake|Sunny Day|p2a: Walking Wake\n|-weather|SunnyDay\n|-activate|p2a: Walking Wake|ability: Protosynthesis\n|-start|p2a: Walking Wake|protosynthesisspa\n|move|p1a: Farigiraf|Psychic Noise|p2a: Walking Wake\n|-damage|p2a: Walking Wake|54/100\n|-start|p2a: Walking Wake|move: Heal Block\n|\n|-weather|SunnyDay|[upkeep]\n|-damage|p1a: Farigiraf|340/362 tox|[from] psn\n|upkeep\n|turn|23\n|inactive|Time left: 300 sec this turn | 300 sec total\n|\n|t:|1783556530\n|move|p2a: Walking Wake|Hydro Steam|p1a: Farigiraf\n|-damage|p1a: Farigiraf|102/362 tox\n|-damage|p2a: Walking Wake|44/100|[from] item: Life Orb\n|move|p1a: Farigiraf|Psychic Noise|p2a: Walking Wake\n|-damage|p2a: Walking Wake|2/100\n|\n|-weather|SunnyDay|[upkeep]\n|-heal|p1a: Farigiraf|124/362 tox|[from] item: Leftovers\n|-damage|p1a: Farigiraf|80/362 tox|[from] psn\n|-end|p2a: Walking Wake|move: Heal Block\n|upkeep\n|turn|24\n|inactive|Time left: 300 sec this turn | 300 sec total\n|\n|t:|1783556531\n|-terastallize|p2a: Walking Wake|Fire\n|move|p2a: Walking Wake|Draco Meteor|p1a: Farigiraf\n|-crit|p1a: Farigiraf\n|-damage|p1a: Farigiraf|0 fnt\n|-unboost|p2a: Walking Wake|spa|2\n|faint|p1a: Farigiraf\n|-damage|p2a: Walking Wake|0 fnt|[from] item: Life Orb\n|faint|p2a: Walking Wake\n|-end|p2a: Walking Wake|Protosynthesis|[silent]\n|\n|win|p0x1496bf0a", "uploadtime": 1783556531, "views": 0, "rating": 0, "private": 0, "password": null, "_winner": "p0x1496bf0a", "_our_name": "p0x1496bf0a"}