{"id": "battle-gen9randombattle-2504", "formatid": "gen9randombattle", "format": "[Gen 9] Random Battle", "players": ["p0x250418c7", "p0y25042b4e"], "log": "|init|battle\n|title|p0x250418c7 vs. p0y25042b4e\n|j|\u2606p0x250418c7\n|j|\u2606p0y25042b4e\n|t:|1783569005\n|gametype|singles\n|player|p1|p0x250418c7|265|\n|player|p2|p0y25042b4e|101|\n|gen|9\n|tier|[Gen 9] Random Battle\n|rule|Species Clause: Limit one of each Pok\u00e9mon\n|rule|HP Percentage Mod: HP is shown in percentages\n|rule|Sleep Clause Mod: Limit one foe put to sleep\n|rule|Illusion Level Mod: Illusion disguises the Pok\u00e9mon's true level\n|\n|t:|1783569005\n|teamsize|p1|6\n|teamsize|p2|6\n|start\n|switch|p1a: Inteleon|Inteleon, L81, F|100/100\n|switch|p2a: Amoonguss|Amoonguss, L82, F|321/321\n|turn|1\n|inactive|Battle timer is ON: inactive players will automatically lose when time's up. (requested by p0y25042b4e)\n|\n|t:|1783569007\n|move|p1a: Inteleon|Ice Beam|p2a: Amoonguss\n|-supereffective|p2a: Amoonguss\n|-damage|p2a: Amoonguss|93/321\n|move|p2a: Amoonguss|Giga Drain|p1a: Inteleon\n|-supereffective|p1a: Inteleon\n|-damage|p1a: Inteleon|30/100\n|-heal|p2a: Amoonguss|180/321|[from] drain|[of] p1a: Inteleon\n|\n|upkeep\n|turn|2\n|inactive|p0x250418c7 also wants the timer to be on.\n|inactive|Time left: 300 sec this turn | 300 sec total\n|\n|t:|1783569008\n|switch|p2a: Crabominable|Crabominable, L90, M|321/321\n|move|p1a: Inteleon|Ice Beam|p2a: Crabominable\n|-resisted|p2a: Crabominable\n|-damage|p2a: Crabominable|256/321\n|\n|upkeep\n|turn|3\n|inactive|Time left: 300 sec this turn | 300 sec total\n|\n|t:|1783569010\n|move|p1a: Inteleon|Ice Beam|p2a: Crabominable\n|-resisted|p2a: Crabominable\n|-damage|p2a: Crabominable|196/321\n|move|p2a: Crabominable|Close Combat|p1a: Inteleon\n|-damage|p1a: Inteleon|0 fnt\n|-unboost|p2a: Crabominable|def|1\n|-unboost|p2a: Crabominable|spd|1\n|faint|p1a: Inteleon\n|\n|upkeep\n|\n|t:|1783569011\n|switch|p1a: Fezandipiti|Fezandipiti, L82, M|100/100\n|turn|4\n|inactive|Time left: 300 sec this turn | 300 sec total\n|\n|t:|1783569012\n|switch|p2a: Quagsire|Quagsire, L84, F|297/297\n|move|p1a: Fezandipiti|Swords Dance|p1a: Fezandipiti\n|-boost|p1a: Fezandipiti|atk|2\n|\n|upkeep\n|turn|5\n|inactive|Time left: 300 sec this turn | 300 sec total\n|\n|t:|1783569013\n|move|p1a: Fezandipiti|Play Rough|p2a: Quagsire\n|-damage|p2a: Quagsire|216/297\n|move|p2a: Quagsire|Earthquake|p1a: Fezandipiti\n|-supereffective|p1a: Fezandipiti\n|-damage|p1a: Fezandipiti|21/100\n|\n|-heal|p1a: Fezandipiti|27/100|[from] item: Leftovers\n|-heal|p2a: Quagsire|234/297|[from] item: Leftovers\n|upkeep\n|turn|6\n|inactive|Time left: 300 sec this turn | 300 sec total\n|\n|t:|1783569015\n|move|p1a: Fezandipiti|Play Rough|p2a: Quagsire\n|-damage|p2a: Quagsire|141/297\n|-unboost|p2a: Quagsire|atk|1\n|-status|p2a: Quagsire|tox|[from] ability: Toxic Chain|[of] p1a: Fezandipiti\n|move|p2a: Quagsire|Earthquake|p1a: Fezandipiti\n|-supereffective|p1a: Fezandipiti\n|-damage|p1a: Fezandipiti|0 fnt\n|faint|p1a: Fezandipiti\n|\n|-heal|p2a: Quagsire|159/297 tox|[from] item: Leftovers\n|-damage|p2a: Quagsire|141/297 tox|[from] psn\n|upkeep\n|\n|t:|1783569015\n|switch|p1a: Hydrapple|Hydrapple, L83, M|100/100\n|turn|7\n|inactive|Time left: 300 sec this turn | 300 sec total\n|\n|t:|1783569017\n|switch|p2a: Crabominable|Crabominable, L90, M|196/321\n|move|p1a: Hydrapple|Fickle Beam|p2a: Crabominable\n|-damage|p2a: Crabominable|37/321\n|\n|upkeep\n|turn|8\n|inactive|Time left: 300 sec this turn | 300 sec total\n|\n|t:|1783569018\n|move|p2a: Crabominable|Ice Hammer|p1a: Hydrapple\n|-supereffective|p1a: Hydrapple\n|-damage|p1a: Hydrapple|0 fnt\n|-unboost|p2a: Crabominable|spe|1\n|faint|p1a: Hydrapple\n|\n|upkeep\n|\n|t:|1783569019\n|switch|p1a: Shiftry|Shiftry, L89, F|100/100\n|turn|9\n|inactive|Time left: 300 sec this turn | 300 sec total\n|\n|t:|1783569020\n|move|p1a: Shiftry|Knock Off|p2a: Crabominable\n|-resisted|p2a: Crabominable\n|-damage|p2a: Crabominable|0 fnt\n|-enditem|p2a: Crabominable|Choice Band|[from] move: Knock Off|[of] p1a: Shiftry\n|faint|p2a: Crabominable\n|-damage|p1a: Shiftry|91/100|[from] item: Life Orb\n|\n|upkeep\n|inactive|Time left: 300 sec this turn | 300 sec total | 5 sec grace\n|\n|t:|1783569021\n|switch|p2a: Leavanny|Leavanny, L86, F|269/269\n|turn|10\n|inactive|Time left: 300 sec this turn | 300 sec total\n|\n|t:|1783569022\n|move|p2a: Leavanny|Lunge|p1a: Shiftry\n|-supereffective|p1a: Shiftry\n|-damage|p1a: Shiftry|0 fnt\n|faint|p1a: Shiftry\n|\n|upkeep\n|\n|t:|1783569023\n|switch|p1a: Ting-Lu|Ting-Lu, L78|100/100\n|-ability|p1a: Ting-Lu|Vessel of Ruin\n|turn|11\n|inactive|Time left: 300 sec this turn | 300 sec total\n|\n|t:|1783569024\n|move|p2a: Leavanny|Lunge|p1a: Ting-Lu\n|-supereffective|p1a: Ting-Lu\n|-damage|p1a: Ting-Lu|61/100\n|-unboost|p1a: Ting-Lu|atk|1\n|move|p1a: Ting-Lu|Ruination|p2a: Leavanny\n|-damage|p2a: Leavanny|135/269\n|\n|-heal|p1a: Ting-Lu|67/100|[from] item: Leftovers\n|upkeep\n|turn|12\n|inactive|Time left: 300 sec this turn | 300 sec total\n|\n|t:|1783569025\n|move|p2a: Leavanny|Lunge|p1a: Ting-Lu\n|-supereffective|p1a: Ting-Lu\n|-damage|p1a: Ting-Lu|28/100\n|-unboost|p1a: Ting-Lu|atk|1\n|move|p1a: Ting-Lu|Spikes|p2a: Leavanny\n|-sidestart|p2: p0y25042b4e|Spikes\n|\n|-heal|p1a: Ting-Lu|34/100|[from] item: Leftovers\n|upkeep\n|turn|13\n|inactive|Time left: 300 sec this turn | 300 sec total\n|\n|t:|1783569026\n|switch|p1a: Ursaring|Ursaring, L84, F|100/100\n|move|p2a: Leavanny|Leaf Blade|p1a: Ursaring\n|-damage|p1a: Ursaring|75/100\n|\n|upkeep\n|turn|14\n|inactive|Time left: 300 sec this turn | 300 sec total\n|\n|t:|1783569027\n|move|p2a: Leavanny|Lunge|p1a: Ursaring\n|-damage|p1a: Ursaring|52/100\n|-unboost|p1a: Ursaring|atk|1\n|move|p1a: Ursaring|Body Slam|p2a: Leavanny\n|-damage|p2a: Leavanny|56/269\n|\n|upkeep\n|turn|15\n|inactive|Time left: 300 sec this turn | 300 sec total\n|\n|t:|1783569028\n|move|p2a: Leavanny|Sticky Web|p1a: Ursaring\n|-sidestart|p1: p0x250418c7|move: Sticky Web\n|move|p1a: Ursaring|Body Slam|p2a: Leavanny\n|-damage|p2a: Leavanny|0 fnt\n|faint|p2a: Leavanny\n|\n|upkeep\n|inactive|Time left: 300 sec this turn | 300 sec total | 5 sec grace\n|\n|t:|1783569028\n|switch|p2a: Bruxish|Bruxish, L85, M|254/254\n|-damage|p2a: Bruxish|223/254|[from] Spikes\n|turn|16\n|inactive|Time left: 300 sec this turn | 300 sec total\n|\n|t:|1783569029\n|move|p2a: Bruxish|Wave Crash|p1a: Ursaring\n|-damage|p1a: Ursaring|0 fnt\n|faint|p1a: Ursaring\n|-damage|p2a: Bruxish|174/254|[from] Recoil\n|\n|upkeep\n|\n|t:|1783569030\n|switch|p1a: Ting-Lu|Ting-Lu, L78|34/100\n|-activate|p1a: Ting-Lu|move: Sticky Web\n|-unboost|p1a: Ting-Lu|spe|1\n|-ability|p1a: Ting-Lu|Vessel of Ruin\n|turn|17\n|inactive|Time left: 300 sec this turn | 300 sec total\n|\n|t:|1783569030\n|-terastallize|p2a: Bruxish|Psychic\n|-terastallize|p1a: Ting-Lu|Poison\n|move|p2a: Bruxish|Wave Crash|p1a: Ting-Lu\n|-damage|p1a: Ting-Lu|0 fnt\n|faint|p1a: Ting-Lu\n|-damage|p2a: Bruxish|133/254|[from] Recoil\n|\n|win|p0y25042b4e", "uploadtime": 1783569030, "views": 0, "rating": 0, "private": 0, "password": null, "_winner": "p0y25042b4e", "_our_name": "p0y25042b4e"}