{"id": "battle-gen9randombattle-1788", "formatid": "gen9randombattle", "format": "[Gen 9] Random Battle", "players": ["p0x178848c6", "p0y178872a3"], "log": "|init|battle\n|title|p0x178848c6 vs. p0y178872a3\n|j|\u2606p0x178848c6\n|j|\u2606p0y178872a3\n|t:|1783560725\n|gametype|singles\n|player|p1|p0x178848c6|2|\n|player|p2|p0y178872a3|170|\n|gen|9\n|tier|[Gen 9] Random Battle\n|rule|Species Clause: Limit one of each Pok\u00e9mon\n|rule|HP Percentage Mod: HP is shown in percentages\n|rule|Sleep Clause Mod: Limit one foe put to sleep\n|rule|Illusion Level Mod: Illusion disguises the Pok\u00e9mon's true level\n|\n|t:|1783560725\n|teamsize|p1|6\n|teamsize|p2|6\n|start\n|switch|p1a: Ludicolo|Ludicolo, L90, F|100/100\n|switch|p2a: Spiritomb|Spiritomb, L89, M|234/234\n|turn|1\n|inactive|Battle timer is ON: inactive players will automatically lose when time's up. (requested by p0x178848c6)\n|inactive|Time left: 300 sec this turn | 300 sec total | 60 sec grace\n|\n|t:|1783560727\n|move|p1a: Ludicolo|Hydro Pump|p2a: Spiritomb\n|-damage|p2a: Spiritomb|92/234\n|move|p2a: Spiritomb|Foul Play|p1a: Ludicolo\n|-crit|p1a: Ludicolo\n|-damage|p1a: Ludicolo|60/100\n|\n|-heal|p2a: Spiritomb|106/234|[from] item: Leftovers\n|upkeep\n|turn|2\n|inactive|Time left: 300 sec this turn | 300 sec total\n|inactive|p0y178872a3 also wants the timer to be on.\n|\n|t:|1783560728\n|move|p1a: Ludicolo|Hydro Pump|p2a: Spiritomb\n|-damage|p2a: Spiritomb|0 fnt\n|faint|p2a: Spiritomb\n|\n|upkeep\n|inactive|Time left: 300 sec this turn | 300 sec total | 5 sec grace\n|\n|t:|1783560729\n|switch|p2a: Mienshao|Mienshao, L83, M|243/243\n|turn|3\n|inactive|Time left: 300 sec this turn | 300 sec total\n|\n|t:|1783560730\n|move|p2a: Mienshao|High Jump Kick|p1a: Ludicolo\n|-damage|p1a: Ludicolo|0 fnt\n|faint|p1a: Ludicolo\n|\n|upkeep\n|\n|t:|1783560731\n|switch|p1a: Articuno|Articuno-Galar, L84|100/100\n|turn|4\n|inactive|Time left: 300 sec this turn | 300 sec total\n|\n|t:|1783560732\n|move|p2a: Mienshao|High Jump Kick|p1a: Articuno\n|-resisted|p1a: Articuno\n|-damage|p1a: Articuno|76/100\n|move|p1a: Articuno|Freezing Glare|p2a: Mienshao\n|-supereffective|p2a: Mienshao\n|-damage|p2a: Mienshao|0 fnt\n|faint|p2a: Mienshao\n|\n|upkeep\n|inactive|Time left: 300 sec this turn | 300 sec total | 5 sec grace\n|\n|t:|1783560733\n|switch|p2a: Galvantula|Galvantula, L82, M|249/249\n|turn|5\n|inactive|Time left: 300 sec this turn | 300 sec total\n|\n|t:|1783560734\n|move|p2a: Galvantula|Thunder|p1a: Articuno\n|-supereffective|p1a: Articuno\n|-crit|p1a: Articuno\n|-damage|p1a: Articuno|0 fnt\n|faint|p1a: Articuno\n|\n|upkeep\n|\n|t:|1783560735\n|switch|p1a: Kingdra|Kingdra, L84, F|100/100\n|turn|6\n|inactive|Time left: 300 sec this turn | 300 sec total\n|\n|t:|1783560736\n|move|p2a: Galvantula|Sticky Web|p1a: Kingdra\n|-sidestart|p1: p0x178848c6|move: Sticky Web\n|move|p1a: Kingdra|Dragon Dance|p1a: Kingdra\n|-boost|p1a: Kingdra|atk|1\n|-boost|p1a: Kingdra|spe|1\n|\n|upkeep\n|turn|7\n|inactive|Time left: 300 sec this turn | 300 sec total\n|\n|t:|1783560737\n|switch|p2a: Vespiquen|Vespiquen, L99, F|299/299\n|-ability|p2a: Vespiquen|Pressure\n|move|p1a: Kingdra|Outrage|p2a: Vespiquen\n|-damage|p2a: Vespiquen|154/299\n|\n|upkeep\n|turn|8\n|inactive|Time left: 300 sec this turn | 300 sec total\n|\n|t:|1783560737\n|-terastallize|p2a: Vespiquen|Steel\n|move|p1a: Kingdra|Outrage|p2a: Vespiquen|[from] lockedmove\n|-resisted|p2a: Vespiquen\n|-damage|p2a: Vespiquen|79/299\n|-start|p1a: Kingdra|confusion|[fatigue]\n|-enditem|p1a: Kingdra|Lum Berry|[eat]\n|-end|p1a: Kingdra|confusion\n|move|p2a: Vespiquen|Roost|p2a: Vespiquen\n|-heal|p2a: Vespiquen|229/299\n|\n|upkeep\n|turn|9\n|inactive|Time left: 300 sec this turn | 300 sec total\n|\n|t:|1783560738\n|move|p1a: Kingdra|Dragon Dance|p1a: Kingdra\n|-boost|p1a: Kingdra|atk|1\n|-boost|p1a: Kingdra|spe|1\n|move|p2a: Vespiquen|Hurricane|p1a: Kingdra\n|-damage|p1a: Kingdra|49/100\n|\n|upkeep\n|turn|10\n|inactive|Time left: 300 sec this turn | 300 sec total\n|\n|t:|1783560739\n|-terastallize|p1a: Kingdra|Steel\n|move|p1a: Kingdra|Dragon Dance|p1a: Kingdra\n|-boost|p1a: Kingdra|atk|1\n|-boost|p1a: Kingdra|spe|1\n|move|p2a: Vespiquen|Hurricane|p1a: Kingdra|[miss]\n|-miss|p2a: Vespiquen|p1a: Kingdra\n|\n|upkeep\n|turn|11\n|inactive|Time left: 300 sec this turn | 300 sec total\n|\n|t:|1783560740\n|move|p1a: Kingdra|Wave Crash|p2a: Vespiquen\n|-damage|p2a: Vespiquen|0 fnt\n|faint|p2a: Vespiquen\n|-damage|p1a: Kingdra|20/100|[from] Recoil\n|\n|upkeep\n|inactive|Time left: 300 sec this turn | 300 sec total | 5 sec grace\n|\n|t:|1783560741\n|switch|p2a: Reuniclus|Reuniclus, L88, F|337/337\n|turn|12\n|inactive|Time left: 300 sec this turn | 300 sec total\n|\n|t:|1783560741\n|move|p1a: Kingdra|Outrage|p2a: Reuniclus\n|-damage|p2a: Reuniclus|0 fnt\n|faint|p2a: Reuniclus\n|\n|upkeep\n|inactive|Time left: 300 sec this turn | 300 sec total | 5 sec grace\n|\n|t:|1783560742\n|switch|p2a: Urshifu|Urshifu, L74, F|270/270\n|turn|13\n|inactive|Time left: 300 sec this turn | 300 sec total\n|\n|t:|1783560743\n|move|p1a: Kingdra|Outrage|p2a: Urshifu|[from] lockedmove\n|-damage|p2a: Urshifu|0 fnt\n|faint|p2a: Urshifu\n|-start|p1a: Kingdra|confusion|[fatigue]\n|\n|upkeep\n|inactive|Time left: 300 sec this turn | 300 sec total | 5 sec grace\n|\n|t:|1783560744\n|switch|p2a: Galvantula|Galvantula, L82, M|249/249\n|turn|14\n|inactive|Time left: 300 sec this turn | 300 sec total\n|\n|t:|1783560745\n|-activate|p1a: Kingdra|confusion\n|-damage|p1a: Kingdra|0 fnt|[from] confusion\n|faint|p1a: Kingdra\n|move|p2a: Galvantula|Sticky Web||[still]\n|-fail|p2a: Galvantula\n|\n|upkeep\n|\n|t:|1783560746\n|switch|p1a: Garganacl|Garganacl, L80, F|100/100\n|-activate|p1a: Garganacl|move: Sticky Web\n|-unboost|p1a: Garganacl|spe|1\n|turn|15\n|inactive|Time left: 300 sec this turn | 300 sec total\n|\n|t:|1783560746\n|move|p2a: Galvantula|Bug Buzz|p1a: Garganacl\n|-damage|p1a: Garganacl|70/100\n|-unboost|p1a: Garganacl|spd|1\n|move|p1a: Garganacl|Salt Cure|p2a: Galvantula\n|-supereffective|p2a: Galvantula\n|-damage|p2a: Galvantula|141/249\n|-start|p2a: Galvantula|Salt Cure\n|\n|-heal|p1a: Garganacl|76/100|[from] item: Leftovers\n|-damage|p2a: Galvantula|110/249|[from] Salt Cure\n|upkeep\n|turn|16\n|inactive|Time left: 300 sec this turn | 300 sec total\n|\n|t:|1783560747\n|move|p2a: Galvantula|Volt Switch|p1a: Garganacl\n|-damage|p1a: Garganacl|38/100\n|move|p1a: Garganacl|Salt Cure|p2a: Galvantula\n|-supereffective|p2a: Galvantula\n|-damage|p2a: Galvantula|0 fnt\n|faint|p2a: Galvantula\n|\n|win|p0x178848c6", "uploadtime": 1783560747, "views": 0, "rating": 0, "private": 0, "password": null, "_winner": "p0x178848c6", "_our_name": "p0y178872a3"}