{"id": "battle-gen9randombattle-2637", "formatid": "gen9randombattle", "format": "[Gen 9] Random Battle", "players": ["p0x2637f11f", "p0y26379ec5"], "log": "|init|battle\n|title|p0x2637f11f vs. p0y26379ec5\n|j|\u2606p0x2637f11f\n|j|\u2606p0y26379ec5\n|t:|1783569436\n|gametype|singles\n|player|p1|p0x2637f11f|265|\n|player|p2|p0y26379ec5|266|\n|gen|9\n|tier|[Gen 9] Random Battle\n|rule|Species Clause: Limit one of each Pok\u00e9mon\n|rule|HP Percentage Mod: HP is shown in percentages\n|rule|Sleep Clause Mod: Limit one foe put to sleep\n|rule|Illusion Level Mod: Illusion disguises the Pok\u00e9mon's true level\n|\n|t:|1783569436\n|teamsize|p1|6\n|teamsize|p2|6\n|start\n|switch|p1a: Banette|Banette, L93, M|100/100\n|switch|p2a: Solgaleo|Solgaleo, L74|325/325\n|turn|1\n|inactive|Battle timer is ON: inactive players will automatically lose when time's up. (requested by p0y26379ec5)\n|inactive|p0x2637f11f also wants the timer to be on.\n|\n|t:|1783569438\n|move|p2a: Solgaleo|Knock Off|p1a: Banette\n|-supereffective|p1a: Banette\n|-damage|p1a: Banette|42/100\n|-enditem|p1a: Banette|Life Orb|[from] move: Knock Off|[of] p2a: Solgaleo\n|move|p1a: Banette|Poltergeist|p2a: Solgaleo\n|-activate|p2a: Solgaleo|move: Poltergeist|Rocky Helmet\n|-supereffective|p2a: Solgaleo\n|-damage|p2a: Solgaleo|35/325\n|\n|upkeep\n|turn|2\n|inactive|Time left: 300 sec this turn | 300 sec total\n|\n|t:|1783569439\n|move|p1a: Banette|Shadow Sneak|p2a: Solgaleo\n|-supereffective|p2a: Solgaleo\n|-damage|p2a: Solgaleo|0 fnt\n|-damage|p1a: Banette|25/100|[from] item: Rocky Helmet|[of] p2a: Solgaleo\n|faint|p2a: Solgaleo\n|\n|upkeep\n|inactive|Time left: 300 sec this turn | 300 sec total | 5 sec grace\n|\n|t:|1783569440\n|switch|p2a: Mudsdale|Mudsdale, L83, M|302/302\n|turn|3\n|inactive|Time left: 300 sec this turn | 300 sec total\n|\n|t:|1783569441\n|move|p1a: Banette|Poltergeist|p2a: Mudsdale\n|-activate|p2a: Mudsdale|move: Poltergeist|Leftovers\n|-damage|p2a: Mudsdale|139/302\n|-ability|p2a: Mudsdale|Stamina|boost\n|-boost|p2a: Mudsdale|def|1\n|move|p2a: Mudsdale|Stealth Rock|p1a: Banette\n|-sidestart|p1: p0x2637f11f|move: Stealth Rock\n|\n|-heal|p2a: Mudsdale|157/302|[from] item: Leftovers\n|upkeep\n|turn|4\n|inactive|Time left: 300 sec this turn | 300 sec total\n|\n|t:|1783569442\n|move|p1a: Banette|Poltergeist|p2a: Mudsdale\n|-activate|p2a: Mudsdale|move: Poltergeist|Leftovers\n|-crit|p2a: Mudsdale\n|-damage|p2a: Mudsdale|0 fnt\n|faint|p2a: Mudsdale\n|\n|upkeep\n|inactive|Time left: 300 sec this turn | 300 sec total | 5 sec grace\n|\n|t:|1783569443\n|switch|p2a: Groudon|Groudon, L72|263/263\n|-weather|SunnyDay|[from] ability: Drought|[of] p2a: Groudon\n|turn|5\n|inactive|Time left: 300 sec this turn | 300 sec total\n|\n|t:|1783569444\n|move|p1a: Banette|Poltergeist|p2a: Groudon\n|-activate|p2a: Groudon|move: Poltergeist|Leftovers\n|-damage|p2a: Groudon|122/263\n|move|p2a: Groudon|Swords Dance|p2a: Groudon\n|-boost|p2a: Groudon|atk|2\n|\n|-weather|SunnyDay|[upkeep]\n|-heal|p2a: Groudon|138/263|[from] item: Leftovers\n|upkeep\n|turn|6\n|inactive|Time left: 300 sec this turn | 300 sec total\n|\n|t:|1783569445\n|-terastallize|p1a: Banette|Ghost\n|move|p1a: Banette|Poltergeist|p2a: Groudon\n|-activate|p2a: Groudon|move: Poltergeist|Leftovers\n|-damage|p2a: Groudon|0 fnt\n|faint|p2a: Groudon\n|\n|-weather|SunnyDay|[upkeep]\n|upkeep\n|inactive|Time left: 300 sec this turn | 300 sec total | 5 sec grace\n|\n|t:|1783569446\n|switch|p2a: Swanna|Swanna, L89, M|278/278\n|turn|7\n|inactive|Time left: 300 sec this turn | 300 sec total\n|\n|t:|1783569448\n|move|p2a: Swanna|Brave Bird|p1a: Banette\n|-damage|p1a: Banette|0 fnt\n|faint|p1a: Banette\n|-damage|p2a: Swanna|256/278|[from] Recoil\n|\n|-weather|SunnyDay|[upkeep]\n|upkeep\n|\n|t:|1783569448\n|switch|p1a: Forretress|Forretress, L84, M|100/100\n|-damage|p1a: Forretress|88/100|[from] Stealth Rock\n|turn|8\n|inactive|Time left: 300 sec this turn | 300 sec total\n|\n|t:|1783569450\n|move|p2a: Swanna|Hydro Pump|p1a: Forretress\n|-damage|p1a: Forretress|58/100\n|move|p1a: Forretress|Rapid Spin|p2a: Swanna\n|-damage|p2a: Swanna|212/278\n|-boost|p1a: Forretress|spe|1\n|-sideend|p1: p0x2637f11f|Stealth Rock|[from] move: Rapid Spin|[of] p1a: Forretress\n|\n|-weather|SunnyDay|[upkeep]\n|-heal|p1a: Forretress|64/100|[from] item: Leftovers\n|upkeep\n|turn|9\n|inactive|Time left: 300 sec this turn | 300 sec total\n|\n|t:|1783569451\n|move|p2a: Swanna|Brave Bird|p1a: Forretress\n|-damage|p1a: Forretress|29/100\n|-damage|p2a: Swanna|181/278|[from] Recoil\n|move|p1a: Forretress|Rapid Spin|p2a: Swanna\n|-damage|p2a: Swanna|139/278\n|-boost|p1a: Forretress|spe|1\n|\n|-weather|none\n|-heal|p1a: Forretress|35/100|[from] item: Leftovers\n|upkeep\n|turn|10\n|inactive|Time left: 300 sec this turn | 300 sec total\n|\n|t:|1783569451\n|move|p1a: Forretress|Iron Head|p2a: Swanna\n|-resisted|p2a: Swanna\n|-damage|p2a: Swanna|94/278\n|cant|p2a: Swanna|flinch\n|\n|-heal|p1a: Forretress|41/100|[from] item: Leftovers\n|upkeep\n|turn|11\n|inactive|Time left: 300 sec this turn | 300 sec total\n|\n|t:|1783569452\n|move|p1a: Forretress|Iron Head|p2a: Swanna\n|-resisted|p2a: Swanna\n|-damage|p2a: Swanna|46/278\n|move|p2a: Swanna|Hydro Pump|p1a: Forretress\n|-damage|p1a: Forretress|0 fnt\n|faint|p1a: Forretress\n|\n|upkeep\n|\n|t:|1783569453\n|switch|p1a: Bisharp|Bisharp, L79, M|100/100\n|turn|12\n|inactive|Time left: 300 sec this turn | 300 sec total\n|\n|t:|1783569454\n|move|p2a: Swanna|Roost|p2a: Swanna\n|-heal|p2a: Swanna|185/278\n|-singleturn|p2a: Swanna|move: Roost\n|move|p1a: Bisharp|Swords Dance|p1a: Bisharp\n|-boost|p1a: Bisharp|atk|2\n|\n|upkeep\n|turn|13\n|inactive|Time left: 300 sec this turn | 300 sec total\n|\n|t:|1783569455\n|move|p2a: Swanna|Roost|p2a: Swanna\n|-heal|p2a: Swanna|278/278\n|-singleturn|p2a: Swanna|move: Roost\n|move|p1a: Bisharp|Throat Chop|p2a: Swanna\n|-damage|p2a: Swanna|70/278\n|-start|p2a: Swanna|Throat Chop|[silent]\n|\n|upkeep\n|turn|14\n|inactive|Time left: 300 sec this turn | 300 sec total\n|\n|t:|1783569456\n|move|p2a: Swanna|Roost|p2a: Swanna\n|-heal|p2a: Swanna|209/278\n|-singleturn|p2a: Swanna|move: Roost\n|move|p1a: Bisharp|Throat Chop|p2a: Swanna\n|-damage|p2a: Swanna|2/278\n|\n|-end|p2a: Swanna|Throat Chop|[silent]\n|upkeep\n|turn|15\n|inactive|Time left: 300 sec this turn | 300 sec total\n|\n|t:|1783569457\n|move|p2a: Swanna|Roost|p2a: Swanna\n|-heal|p2a: Swanna|141/278\n|-singleturn|p2a: Swanna|move: Roost\n|move|p1a: Bisharp|Throat Chop|p2a: Swanna\n|-damage|p2a: Swanna|0 fnt\n|faint|p2a: Swanna\n|\n|upkeep\n|inactive|Time left: 300 sec this turn | 300 sec total | 5 sec grace\n|\n|t:|1783569458\n|switch|p2a: Amoonguss|Amoonguss, L82, M|321/321\n|turn|16\n|inactive|Time left: 300 sec this turn | 300 sec total\n|\n|t:|1783569459\n|move|p1a: Bisharp|Iron Head|p2a: Amoonguss\n|-damage|p2a: Amoonguss|108/321\n|move|p2a: Amoonguss|Spore|p1a: Bisharp\n|-status|p1a: Bisharp|slp|[from] move: Spore\n|\n|-heal|p2a: Amoonguss|128/321|[from] item: Leftovers\n|upkeep\n|turn|17\n|inactive|Time left: 300 sec this turn | 300 sec total\n|\n|t:|1783569460\n|switch|p2a: Terapagos|Terapagos, L77, F|265/265\n|-activate|p2a: Terapagos|ability: Tera Shift\n|detailschange|p2a: Terapagos|Terapagos-Terastal, L77, F\n|-heal|p2a: Terapagos|273/273|[silent]\n|cant|p1a: Bisharp|slp\n|\n|upkeep\n|turn|18\n|inactive|Time left: 300 sec this turn | 300 sec total\n|\n|t:|1783569460\n|move|p2a: Terapagos|Calm Mind|p2a: Terapagos\n|-boost|p2a: Terapagos|spa|1\n|-boost|p2a: Terapagos|spd|1\n|cant|p1a: Bisharp|slp\n|\n|upkeep\n|turn|19\n|inactive|Time left: 300 sec this turn | 300 sec total\n|\n|t:|1783569461\n|move|p2a: Terapagos|Earth Power|p1a: Bisharp\n|-supereffective|p1a: Bisharp\n|-damage|p1a: Bisharp|39/100 slp\n|-curestatus|p1a: Bisharp|slp|[msg]\n|move|p1a: Bisharp|Iron Head|p2a: Terapagos\n|-activate|p2a: Terapagos|ability: Tera Shell\n|-resisted|p2a: Terapagos\n|-damage|p2a: Terapagos|188/273\n|\n|upkeep\n|turn|20\n|inactive|Time left: 300 sec this turn | 300 sec total\n|\n|t:|1783569462\n|move|p1a: Bisharp|Sucker Punch|p2a: Terapagos\n|-damage|p2a: Terapagos|49/273\n|move|p2a: Terapagos|Earth Power|p1a: Bisharp\n|-supereffective|p1a: Bisharp\n|-damage|p1a: Bisharp|0 fnt\n|faint|p1a: Bisharp\n|\n|upkeep\n|\n|t:|1783569463\n|switch|p1a: Leafeon|Leafeon, L88, M|100/100\n|turn|21\n|inactive|Time left: 300 sec this turn | 300 sec total\n|\n|t:|1783569464\n|move|p1a: Leafeon|Knock Off|p2a: Terapagos\n|-damage|p2a: Terapagos|0 fnt\n|-enditem|p2a: Terapagos|Chesto Berry|[from] move: Knock Off|[of] p1a: Leafeon\n|faint|p2a: Terapagos\n|\n|upkeep\n|inactive|Time left: 300 sec this turn | 300 sec total | 5 sec grace\n|\n|t:|1783569464\n|switch|p2a: Amoonguss|Amoonguss, L82, M|235/321\n|turn|22\n|inactive|Time left: 300 sec this turn | 300 sec total\n|\n|t:|1783569465\n|move|p1a: Leafeon|Swords Dance|p1a: Leafeon\n|-boost|p1a: Leafeon|atk|2\n|move|p2a: Amoonguss|Sludge Bomb|p1a: Leafeon\n|-supereffective|p1a: Leafeon\n|-damage|p1a: Leafeon|19/100\n|\n|-heal|p1a: Leafeon|25/100|[from] item: Leftovers\n|-heal|p2a: Amoonguss|255/321|[from] item: Leftovers\n|upkeep\n|turn|23\n|inactive|Time left: 300 sec this turn | 300 sec total\n|\n|t:|1783569466\n|-terastallize|p2a: Amoonguss|Steel\n|move|p1a: Leafeon|Knock Off|p2a: Amoonguss\n|-damage|p2a: Amoonguss|51/321\n|-enditem|p2a: Amoonguss|Leftovers|[from] move: Knock Off|[of] p1a: Leafeon\n|move|p2a: Amoonguss|Giga Drain|p1a: Leafeon\n|-resisted|p1a: Leafeon\n|-damage|p1a: Leafeon|11/100\n|-heal|p2a: Amoonguss|70/321|[from] drain|[of] p1a: Leafeon\n|\n|-heal|p1a: Leafeon|17/100|[from] item: Leftovers\n|upkeep\n|turn|24\n|inactive|Time left: 300 sec this turn | 300 sec total\n|\n|t:|1783569467\n|move|p1a: Leafeon|Leaf Blade|p2a: Amoonguss\n|-resisted|p2a: Amoonguss\n|-damage|p2a: Amoonguss|0 fnt\n|faint|p2a: Amoonguss\n|\n|win|p0x2637f11f", "uploadtime": 1783569467, "views": 0, "rating": 0, "private": 0, "password": null, "_winner": "p0x2637f11f", "_our_name": "p0y26379ec5"}