{"id": "battle-gen9randombattle-1442", "formatid": "gen9randombattle", "format": "[Gen 9] Random Battle", "players": ["p0x1442a9c0", "p0y1442ba23"], "log": "|init|battle\n|title|p0x1442a9c0 vs. p0y1442ba23\n|j|\u2606p0x1442a9c0\n|j|\u2606p0y1442ba23\n|t:|1783555866\n|gametype|singles\n|player|p1|p0x1442a9c0|266|\n|player|p2|p0y1442ba23|102|\n|gen|9\n|tier|[Gen 9] Random Battle\n|rule|Species Clause: Limit one of each Pok\u00e9mon\n|rule|HP Percentage Mod: HP is shown in percentages\n|rule|Sleep Clause Mod: Limit one foe put to sleep\n|rule|Illusion Level Mod: Illusion disguises the Pok\u00e9mon's true level\n|\n|t:|1783555866\n|teamsize|p1|6\n|teamsize|p2|6\n|start\n|switch|p1a: Donphan|Donphan, L84, M|288/288\n|switch|p2a: Iron Treads|Iron Treads, L77|100/100\n|turn|1\n|inactive|Battle timer is ON: inactive players will automatically lose when time's up. (requested by p0x1442a9c0)\n|inactive|p0y1442ba23 also wants the timer to be on.\n|\n|t:|1783555867\n|-end|p2a: Iron Treads|Quark Drive|[silent]\n|switch|p2a: Blastoise|Blastoise, L80, F|100/100\n|move|p1a: Donphan|Earthquake|p2a: Blastoise\n|-damage|p2a: Blastoise|51/100\n|\n|upkeep\n|turn|2\n|inactive|Time left: 300 sec this turn | 300 sec total | 60 sec grace\n|\n|t:|1783555868\n|move|p2a: Blastoise|Shell Smash|p2a: Blastoise\n|-unboost|p2a: Blastoise|def|1\n|-unboost|p2a: Blastoise|spd|1\n|-boost|p2a: Blastoise|atk|2\n|-boost|p2a: Blastoise|spa|2\n|-boost|p2a: Blastoise|spe|2\n|-enditem|p2a: Blastoise|White Herb\n|-clearnegativeboost|p2a: Blastoise|[silent]\n|move|p1a: Donphan|Earthquake|p2a: Blastoise\n|-damage|p2a: Blastoise|2/100\n|\n|upkeep\n|turn|3\n|inactive|Time left: 300 sec this turn | 300 sec total\n|\n|t:|1783555869\n|move|p2a: Blastoise|Ice Beam|p1a: Donphan\n|-supereffective|p1a: Donphan\n|-damage|p1a: Donphan|6/288\n|move|p1a: Donphan|Rapid Spin|p2a: Blastoise\n|-damage|p2a: Blastoise|0 fnt\n|-boost|p1a: Donphan|spe|1\n|faint|p2a: Blastoise\n|\n|-heal|p1a: Donphan|24/288|[from] item: Leftovers\n|upkeep\n|\n|t:|1783555870\n|switch|p2a: Iron Treads|Iron Treads, L77|100/100\n|turn|4\n|inactive|Time left: 300 sec this turn | 300 sec total\n|\n|t:|1783555872\n|switch|p1a: Giratina|Giratina, L75|349/349\n|-ability|p1a: Giratina|Pressure\n|move|p2a: Iron Treads|Iron Head|p1a: Giratina\n|-damage|p1a: Giratina|276/349\n|\n|-heal|p1a: Giratina|297/349|[from] item: Leftovers\n|upkeep\n|turn|5\n|inactive|Time left: 300 sec this turn | 300 sec total\n|\n|t:|1783555873\n|move|p2a: Iron Treads|Earthquake|p1a: Giratina\n|-damage|p1a: Giratina|203/349\n|move|p1a: Giratina|Will-O-Wisp|p2a: Iron Treads\n|-status|p2a: Iron Treads|brn\n|\n|-heal|p1a: Giratina|224/349|[from] item: Leftovers\n|-damage|p2a: Iron Treads|94/100 brn|[from] brn\n|upkeep\n|turn|6\n|inactive|Time left: 300 sec this turn | 300 sec total\n|\n|t:|1783555874\n|move|p2a: Iron Treads|Knock Off|p1a: Giratina\n|-supereffective|p1a: Giratina\n|-damage|p1a: Giratina|164/349\n|-enditem|p1a: Giratina|Leftovers|[from] move: Knock Off|[of] p2a: Iron Treads\n|move|p1a: Giratina|Dragon Tail|p2a: Iron Treads\n|-resisted|p2a: Iron Treads\n|-damage|p2a: Iron Treads|85/100 brn\n|-end|p2a: Iron Treads|Quark Drive|[silent]\n|drag|p2a: Weezing|Weezing-Galar, L86, M|100/100\n|\n|upkeep\n|turn|7\n|inactive|Time left: 300 sec this turn | 300 sec total\n|\n|t:|1783555875\n|move|p1a: Giratina|Shadow Ball|p2a: Weezing\n|-crit|p2a: Weezing\n|-damage|p2a: Weezing|51/100\n|move|p2a: Weezing|Strange Steam|p1a: Giratina\n|-supereffective|p1a: Giratina\n|-damage|p1a: Giratina|0 fnt\n|faint|p1a: Giratina\n|\n|-heal|p2a: Weezing|57/100|[from] item: Leftovers\n|upkeep\n|inactive|Time left: 300 sec this turn | 300 sec total | 5 sec grace\n|\n|t:|1783555876\n|switch|p1a: Araquanid|Araquanid, L82, M|246/246\n|turn|8\n|inactive|Time left: 300 sec this turn | 300 sec total\n|\n|t:|1783555877\n|move|p2a: Weezing|Pain Split|p1a: Araquanid\n|-sethp|p1a: Araquanid|194/246|[from] move: Pain Split|[silent]\n|-sethp|p2a: Weezing|77/100|[from] move: Pain Split\n|move|p1a: Araquanid|Sticky Web|p2a: Weezing\n|-sidestart|p2: p0y1442ba23|move: Sticky Web\n|\n|-heal|p2a: Weezing|83/100|[from] item: Leftovers\n|upkeep\n|turn|9\n|inactive|Time left: 300 sec this turn | 300 sec total\n|\n|t:|1783555878\n|move|p2a: Weezing|Gunk Shot|p1a: Araquanid|[miss]\n|-miss|p2a: Weezing|p1a: Araquanid\n|move|p1a: Araquanid|Hydro Pump|p2a: Weezing\n|-damage|p2a: Weezing|24/100\n|\n|-heal|p2a: Weezing|30/100|[from] item: Leftovers\n|upkeep\n|turn|10\n|inactive|Time left: 300 sec this turn | 300 sec total\n|\n|t:|1783555879\n|move|p2a: Weezing|Pain Split|p1a: Araquanid\n|-sethp|p1a: Araquanid|134/246|[from] move: Pain Split|[silent]\n|-sethp|p2a: Weezing|54/100|[from] move: Pain Split\n|move|p1a: Araquanid|Liquidation|p2a: Weezing\n|-damage|p2a: Weezing|14/100\n|\n|-heal|p2a: Weezing|20/100|[from] item: Leftovers\n|upkeep\n|turn|11\n|inactive|Time left: 300 sec this turn | 300 sec total\n|\n|t:|1783555880\n|move|p2a: Weezing|Gunk Shot|p1a: Araquanid\n|-damage|p1a: Araquanid|1/246\n|move|p1a: Araquanid|Liquidation|p2a: Weezing\n|-damage|p2a: Weezing|0 fnt\n|faint|p2a: Weezing\n|\n|upkeep\n|\n|t:|1783555881\n|switch|p2a: Iron Treads|Iron Treads, L77|85/100 brn\n|-activate|p2a: Iron Treads|move: Sticky Web\n|-unboost|p2a: Iron Treads|spe|1\n|turn|12\n|inactive|Time left: 300 sec this turn | 300 sec total\n|\n|t:|1783555882\n|switch|p1a: Azumarill|Azumarill, L82, M|298/298\n|move|p2a: Iron Treads|Rapid Spin|p1a: Azumarill\n|-damage|p1a: Azumarill|280/298\n|-boost|p2a: Iron Treads|spe|1\n|-sideend|p2: p0y1442ba23|Sticky Web|[from] move: Rapid Spin|[of] p2a: Iron Treads\n|\n|-damage|p2a: Iron Treads|79/100 brn|[from] brn\n|upkeep\n|turn|13\n|inactive|Time left: 300 sec this turn | 300 sec total\n|\n|t:|1783555883\n|move|p2a: Iron Treads|Knock Off|p1a: Azumarill\n|-resisted|p1a: Azumarill\n|-damage|p1a: Azumarill|264/298\n|-enditem|p1a: Azumarill|Sitrus Berry|[from] move: Knock Off|[of] p2a: Iron Treads\n|move|p1a: Azumarill|Belly Drum|p1a: Azumarill\n|-damage|p1a: Azumarill|115/298\n|-setboost|p1a: Azumarill|atk|6|[from] move: Belly Drum\n|\n|-damage|p2a: Iron Treads|73/100 brn|[from] brn\n|upkeep\n|turn|14\n|inactive|Time left: 300 sec this turn | 300 sec total\n|\n|t:|1783555884\n|move|p1a: Azumarill|Aqua Jet|p2a: Iron Treads\n|-supereffective|p2a: Iron Treads\n|-damage|p2a: Iron Treads|0 fnt\n|faint|p2a: Iron Treads\n|-end|p2a: Iron Treads|Quark Drive|[silent]\n|\n|upkeep\n|\n|t:|1783555885\n|switch|p2a: Toxicroak|Toxicroak, L84, F|100/100\n|turn|15\n|inactive|Time left: 300 sec this turn | 300 sec total\n|\n|t:|1783555886\n|move|p2a: Toxicroak|Gunk Shot|p1a: Azumarill|[miss]\n|-miss|p2a: Toxicroak|p1a: Azumarill\n|move|p1a: Azumarill|Play Rough|p2a: Toxicroak\n|-damage|p2a: Toxicroak|0 fnt\n|faint|p2a: Toxicroak\n|\n|upkeep\n|\n|t:|1783555887\n|switch|p2a: Bombirdier|Bombirdier, L85, M|100/100\n|turn|16\n|inactive|Time left: 300 sec this turn | 300 sec total\n|\n|t:|1783555888\n|-terastallize|p1a: Azumarill|Water\n|move|p2a: Bombirdier|Sucker Punch|p1a: Azumarill\n|-damage|p1a: Azumarill|0 fnt\n|faint|p1a: Azumarill\n|\n|upkeep\n|inactive|Time left: 300 sec this turn | 300 sec total | 5 sec grace\n|\n|t:|1783555889\n|switch|p1a: Klawf|Klawf, L90, F|272/272\n|turn|17\n|inactive|Time left: 300 sec this turn | 300 sec total\n|\n|t:|1783555890\n|switch|p2a: Cetitan|Cetitan, L82, M|100/100\n|move|p1a: Klawf|Stone Edge|p2a: Cetitan\n|-supereffective|p2a: Cetitan\n|-damage|p2a: Cetitan|16/100\n|-enditem|p2a: Cetitan|Sitrus Berry|[eat]\n|-heal|p2a: Cetitan|41/100|[from] item: Sitrus Berry\n|\n|upkeep\n|turn|18\n|inactive|Time left: 300 sec this turn | 300 sec total\n|\n|t:|1783555891\n|move|p1a: Klawf|Stone Edge|p2a: Cetitan|[miss]\n|-miss|p1a: Klawf|p2a: Cetitan\n|move|p2a: Cetitan|Earthquake|p1a: Klawf\n|-supereffective|p1a: Klawf\n|-damage|p1a: Klawf|160/272\n|\n|upkeep\n|turn|19\n|inactive|Time left: 300 sec this turn | 300 sec total\n|\n|t:|1783555892\n|move|p1a: Klawf|Stone Edge|p2a: Cetitan\n|-supereffective|p2a: Cetitan\n|-damage|p2a: Cetitan|0 fnt\n|faint|p2a: Cetitan\n|\n|upkeep\n|\n|t:|1783555893\n|switch|p2a: Bombirdier|Bombirdier, L85, M|100/100\n|turn|20\n|inactive|Time left: 300 sec this turn | 300 sec total\n|\n|t:|1783555894\n|-terastallize|p2a: Bombirdier|Rock\n|move|p1a: Klawf|Stone Edge|p2a: Bombirdier\n|-damage|p2a: Bombirdier|51/100\n|move|p2a: Bombirdier|Stone Edge|p1a: Klawf\n|-damage|p1a: Klawf|0 fnt\n|faint|p1a: Klawf\n|\n|upkeep\n|inactive|Time left: 300 sec this turn | 300 sec total | 5 sec grace\n|\n|t:|1783555895\n|switch|p1a: Donphan|Donphan, L84, M|24/288\n|turn|21\n|inactive|Time left: 300 sec this turn | 300 sec total\n|\n|t:|1783555896\n|move|p2a: Bombirdier|Stone Edge|p1a: Donphan\n|-resisted|p1a: Donphan\n|-crit|p1a: Donphan\n|-damage|p1a: Donphan|0 fnt\n|faint|p1a: Donphan\n|\n|upkeep\n|inactive|Time left: 300 sec this turn | 300 sec total | 5 sec grace\n|\n|t:|1783555897\n|switch|p1a: Araquanid|Araquanid, L82, M|1/246\n|turn|22\n|inactive|Time left: 300 sec this turn | 300 sec total\n|\n|t:|1783555898\n|move|p2a: Bombirdier|Stone Edge|p1a: Araquanid\n|-supereffective|p1a: Araquanid\n|-damage|p1a: Araquanid|0 fnt\n|faint|p1a: Araquanid\n|\n|upkeep\n|inactive|Time left: 300 sec this turn | 300 sec total | 5 sec grace\n|\n|t:|1783555899\n|switch|p1a: Coalossal|Coalossal, L89, F|341/341\n|turn|23\n|inactive|Time left: 300 sec this turn | 300 sec total\n|\n|t:|1783555900\n|move|p2a: Bombirdier|Stone Edge|p1a: Coalossal\n|-supereffective|p1a: Coalossal\n|-damage|p1a: Coalossal|0 fnt\n|faint|p1a: Coalossal\n|\n|win|p0y1442ba23", "uploadtime": 1783555900, "views": 0, "rating": 0, "private": 0, "password": null, "_winner": "p0y1442ba23", "_our_name": "p0x1442a9c0"}