{"id": "battle-gen9randombattle-1813", "formatid": "gen9randombattle", "format": "[Gen 9] Random Battle", "players": ["p0x1813e05d", "p0y1813d2b6"], "log": "|init|battle\n|title|p0x1813e05d vs. p0y1813d2b6\n|j|\u2606p0x1813e05d\n|j|\u2606p0y1813d2b6\n|t:|1783560233\n|gametype|singles\n|player|p1|p0x1813e05d|169|\n|player|p2|p0y1813d2b6|102|\n|gen|9\n|tier|[Gen 9] Random Battle\n|rule|Species Clause: Limit one of each Pok\u00e9mon\n|rule|HP Percentage Mod: HP is shown in percentages\n|rule|Sleep Clause Mod: Limit one foe put to sleep\n|rule|Illusion Level Mod: Illusion disguises the Pok\u00e9mon's true level\n|\n|t:|1783560233\n|teamsize|p1|6\n|teamsize|p2|6\n|start\n|switch|p1a: Delphox|Delphox, L84, F|100/100\n|switch|p2a: Annihilape|Annihilape, L76, F|292/292\n|turn|1\n|inactive|Battle timer is ON: inactive players will automatically lose when time's up. (requested by p0x1813e05d)\n|inactive|Time left: 300 sec this turn | 300 sec total | 60 sec grace\n|inactive|p0y1813d2b6 also wants the timer to be on.\n|\n|t:|1783560235\n|switch|p2a: Wyrdeer|Wyrdeer, L87, F|321/321\n|-ability|p2a: Wyrdeer|Intimidate|boost\n|-unboost|p1a: Delphox|atk|1\n|move|p1a: Delphox|Psyshock|p2a: Wyrdeer\n|-resisted|p2a: Wyrdeer\n|-damage|p2a: Wyrdeer|267/321\n|\n|-heal|p2a: Wyrdeer|287/321|[from] item: Leftovers\n|upkeep\n|turn|2\n|inactive|Time left: 300 sec this turn | 300 sec total\n|\n|t:|1783560236\n|switch|p1a: Tornadus|Tornadus, L82, M|100/100\n|move|p2a: Wyrdeer|Body Slam|p1a: Tornadus\n|-damage|p1a: Tornadus|57/100\n|\n|-heal|p2a: Wyrdeer|307/321|[from] item: Leftovers\n|upkeep\n|turn|3\n|inactive|Time left: 300 sec this turn | 300 sec total\n|\n|t:|1783560237\n|move|p1a: Tornadus|Bleakwind Storm|p2a: Wyrdeer|[miss]\n|-miss|p1a: Tornadus|p2a: Wyrdeer\n|move|p2a: Wyrdeer|Body Slam|p1a: Tornadus\n|-damage|p1a: Tornadus|10/100\n|\n|-heal|p2a: Wyrdeer|321/321|[from] item: Leftovers\n|upkeep\n|turn|4\n|inactive|Time left: 300 sec this turn | 300 sec total\n|\n|t:|1783560238\n|move|p1a: Tornadus|Bleakwind Storm|p2a: Wyrdeer|[miss]\n|-miss|p1a: Tornadus|p2a: Wyrdeer\n|move|p2a: Wyrdeer|Psychic Noise|p1a: Tornadus\n|-damage|p1a: Tornadus|0 fnt\n|faint|p1a: Tornadus\n|\n|upkeep\n|\n|t:|1783560239\n|switch|p1a: Kingdra|Kingdra, L84, F|100/100\n|turn|5\n|inactive|Time left: 300 sec this turn | 300 sec total\n|\n|t:|1783560240\n|switch|p2a: Luxray|Luxray, L88, F|284/284\n|-ability|p2a: Luxray|Intimidate|boost\n|-unboost|p1a: Kingdra|atk|1\n|move|p1a: Kingdra|Dragon Dance|p1a: Kingdra\n|-boost|p1a: Kingdra|atk|1\n|-boost|p1a: Kingdra|spe|1\n|\n|upkeep\n|turn|6\n|inactive|Time left: 300 sec this turn | 300 sec total\n|\n|t:|1783560241\n|switch|p2a: Wyrdeer|Wyrdeer, L87, F|321/321\n|-ability|p2a: Wyrdeer|Intimidate|boost\n|-unboost|p1a: Kingdra|atk|1\n|move|p1a: Kingdra|Dragon Dance|p1a: Kingdra\n|-boost|p1a: Kingdra|atk|1\n|-boost|p1a: Kingdra|spe|1\n|\n|upkeep\n|turn|7\n|inactive|Time left: 300 sec this turn | 300 sec total\n|\n|t:|1783560242\n|switch|p2a: Luxray|Luxray, L88, F|284/284\n|-ability|p2a: Luxray|Intimidate|boost\n|-unboost|p1a: Kingdra|atk|1\n|move|p1a: Kingdra|Outrage|p2a: Luxray\n|-damage|p2a: Luxray|197/284\n|\n|upkeep\n|turn|8\n|inactive|Time left: 300 sec this turn | 300 sec total\n|\n|t:|1783560243\n|switch|p2a: Crabominable|Crabominable, L90, M|321/321\n|move|p1a: Kingdra|Outrage|p2a: Crabominable|[from] lockedmove\n|-damage|p2a: Crabominable|239/321\n|\n|upkeep\n|turn|9\n|inactive|Time left: 300 sec this turn | 300 sec total\n|\n|t:|1783560244\n|move|p1a: Kingdra|Outrage|p2a: Crabominable|[from] lockedmove\n|-damage|p2a: Crabominable|154/321\n|-start|p1a: Kingdra|confusion|[fatigue]\n|-enditem|p1a: Kingdra|Lum Berry|[eat]\n|-end|p1a: Kingdra|confusion\n|move|p2a: Crabominable|Close Combat|p1a: Kingdra\n|-damage|p1a: Kingdra|6/100\n|-unboost|p2a: Crabominable|def|1\n|-unboost|p2a: Crabominable|spd|1\n|\n|upkeep\n|turn|10\n|inactive|Time left: 300 sec this turn | 300 sec total\n|\n|t:|1783560245\n|move|p1a: Kingdra|Outrage|p2a: Crabominable\n|-damage|p2a: Crabominable|31/321\n|move|p2a: Crabominable|Close Combat|p1a: Kingdra\n|-damage|p1a: Kingdra|0 fnt\n|-unboost|p2a: Crabominable|def|1\n|-unboost|p2a: Crabominable|spd|1\n|faint|p1a: Kingdra\n|\n|upkeep\n|\n|t:|1783560246\n|switch|p1a: Delphox|Delphox, L84, F|100/100\n|turn|11\n|inactive|Time left: 300 sec this turn | 300 sec total\n|\n|t:|1783560247\n|switch|p2a: Regidrago|Regidrago, L77|435/435\n|move|p1a: Delphox|Nasty Plot|p1a: Delphox\n|-boost|p1a: Delphox|spa|2\n|\n|upkeep\n|turn|12\n|inactive|Time left: 300 sec this turn | 300 sec total\n|\n|t:|1783560248\n|-terastallize|p2a: Regidrago|Dragon\n|move|p2a: Regidrago|Outrage|p1a: Delphox\n|-damage|p1a: Delphox|6/100\n|move|p1a: Delphox|Psyshock|p2a: Regidrago\n|-damage|p2a: Regidrago|110/435\n|\n|upkeep\n|turn|13\n|inactive|Time left: 300 sec this turn | 300 sec total\n|\n|t:|1783560249\n|move|p2a: Regidrago|Outrage|p1a: Delphox|[from] lockedmove\n|-damage|p1a: Delphox|0 fnt\n|faint|p1a: Delphox\n|\n|upkeep\n|\n|t:|1783560251\n|switch|p1a: Hitmontop|Hitmontop, L88, M|100/100\n|-ability|p1a: Hitmontop|Intimidate|boost\n|-unboost|p2a: Regidrago|atk|1\n|turn|14\n|inactive|Time left: 300 sec this turn | 300 sec total\n|\n|t:|1783560252\n|move|p2a: Regidrago|Outrage|p1a: Hitmontop|[from] lockedmove\n|-damage|p1a: Hitmontop|48/100\n|-start|p2a: Regidrago|confusion|[fatigue]\n|move|p1a: Hitmontop|Earthquake|p2a: Regidrago\n|-damage|p2a: Regidrago|0 fnt\n|faint|p2a: Regidrago\n|\n|upkeep\n|inactive|Time left: 300 sec this turn | 300 sec total | 5 sec grace\n|\n|t:|1783560253\n|switch|p2a: Wyrdeer|Wyrdeer, L87, F|321/321\n|-ability|p2a: Wyrdeer|Intimidate|boost\n|-unboost|p1a: Hitmontop|atk|1\n|turn|15\n|inactive|Time left: 300 sec this turn | 300 sec total\n|\n|t:|1783560254\n|switch|p1a: Kilowattrel|Kilowattrel, L83, M|100/100\n|move|p2a: Wyrdeer|Body Slam|p1a: Kilowattrel\n|-damage|p1a: Kilowattrel|43/100\n|\n|upkeep\n|turn|16\n|inactive|Time left: 300 sec this turn | 300 sec total\n|\n|t:|1783560255\n|move|p1a: Kilowattrel|Roost|p1a: Kilowattrel\n|-heal|p1a: Kilowattrel|93/100\n|-singleturn|p1a: Kilowattrel|move: Roost\n|move|p2a: Wyrdeer|Psychic Noise|p1a: Kilowattrel\n|-damage|p1a: Kilowattrel|47/100\n|-start|p1a: Kilowattrel|move: Heal Block\n|\n|upkeep\n|turn|17\n|inactive|Time left: 300 sec this turn | 300 sec total\n|\n|t:|1783560256\n|move|p1a: Kilowattrel|U-turn|p2a: Wyrdeer\n|-supereffective|p2a: Wyrdeer\n|-damage|p2a: Wyrdeer|233/321\n|\n|t:|1783560258\n|switch|p1a: Hitmontop|Hitmontop, L88, M|48/100|[from] U-turn\n|-ability|p1a: Hitmontop|Intimidate|boost\n|-unboost|p2a: Wyrdeer|atk|1\n|move|p2a: Wyrdeer|Psychic Noise|p1a: Hitmontop\n|-supereffective|p1a: Hitmontop\n|-damage|p1a: Hitmontop|9/100\n|-start|p1a: Hitmontop|move: Heal Block\n|\n|-heal|p2a: Wyrdeer|253/321|[from] item: Leftovers\n|upkeep\n|turn|18\n|inactive|Time left: 300 sec this turn | 300 sec total\n|\n|t:|1783560259\n|switch|p2a: Annihilape|Annihilape, L76, F|292/292\n|move|p1a: Hitmontop|Close Combat|p2a: Annihilape\n|-immune|p2a: Annihilape\n|\n|-end|p1a: Hitmontop|move: Heal Block\n|upkeep\n|turn|19\n|inactive|Time left: 300 sec this turn | 300 sec total\n|\n|t:|1783560260\n|switch|p1a: Kilowattrel|Kilowattrel, L83, M|47/100\n|move|p2a: Annihilape|Bulk Up|p2a: Annihilape\n|-boost|p2a: Annihilape|atk|1\n|-boost|p2a: Annihilape|def|1\n|\n|upkeep\n|turn|20\n|inactive|Time left: 300 sec this turn | 300 sec total\n|\n|t:|1783560261\n|move|p1a: Kilowattrel|Hurricane|p2a: Annihilape|[miss]\n|-miss|p1a: Kilowattrel|p2a: Annihilape\n|move|p2a: Annihilape|Gunk Shot|p1a: Kilowattrel|[miss]\n|-miss|p2a: Annihilape|p1a: Kilowattrel\n|\n|upkeep\n|turn|21\n|inactive|Time left: 300 sec this turn | 300 sec total\n|\n|t:|1783560262\n|move|p1a: Kilowattrel|Hurricane|p2a: Annihilape\n|-supereffective|p2a: Annihilape\n|-damage|p2a: Annihilape|14/292\n|move|p2a: Annihilape|Gunk Shot|p1a: Kilowattrel\n|-damage|p1a: Kilowattrel|0 fnt\n|faint|p1a: Kilowattrel\n|\n|-heal|p2a: Annihilape|32/292|[from] item: Leftovers\n|upkeep\n|\n|t:|1783560263\n|switch|p1a: Ditto|Ditto, L87|100/100\n|-transform|p1a: Ditto|p2a: Annihilape|[from] ability: Imposter\n|turn|22\n|inactive|Time left: 300 sec this turn | 300 sec total\n|\n|t:|1783560264\n|move|p1a: Ditto|Rage Fist|p2a: Annihilape\n|-supereffective|p2a: Annihilape\n|-damage|p2a: Annihilape|0 fnt\n|faint|p2a: Annihilape\n|\n|upkeep\n|inactive|Time left: 300 sec this turn | 300 sec total | 5 sec grace\n|\n|t:|1783560265\n|switch|p2a: Wyrdeer|Wyrdeer, L87, F|253/321\n|-ability|p2a: Wyrdeer|Intimidate|boost\n|-unboost|p1a: Ditto|atk|1\n|-ability|p1a: Ditto|Defiant|boost\n|-boost|p1a: Ditto|atk|2\n|turn|23\n|inactive|Time left: 300 sec this turn | 300 sec total\n|\n|t:|1783560266\n|-terastallize|p1a: Ditto|Ghost\n|move|p1a: Ditto|Rage Fist|p2a: Wyrdeer\n|-immune|p2a: Wyrdeer\n|move|p2a: Wyrdeer|Psychic Noise|p1a: Ditto\n|-damage|p1a: Ditto|56/100\n|-start|p1a: Ditto|move: Heal Block\n|\n|-heal|p2a: Wyrdeer|273/321|[from] item: Leftovers\n|upkeep\n|turn|24\n|inactive|Time left: 300 sec this turn | 300 sec total\n|\n|t:|1783560267\n|move|p1a: Ditto|Rage Fist|p2a: Wyrdeer\n|-immune|p2a: Wyrdeer\n|move|p2a: Wyrdeer|Psychic Noise|p1a: Ditto\n|-damage|p1a: Ditto|12/100\n|\n|-heal|p2a: Wyrdeer|293/321|[from] item: Leftovers\n|-end|p1a: Ditto|move: Heal Block\n|upkeep\n|turn|25\n|inactive|Time left: 300 sec this turn | 300 sec total\n|\n|t:|1783560268\n|move|p1a: Ditto|Rage Fist|p2a: Wyrdeer\n|-immune|p2a: Wyrdeer\n|move|p2a: Wyrdeer|Psychic Noise|p1a: Ditto\n|-damage|p1a: Ditto|0 fnt\n|faint|p1a: Ditto\n|\n|-heal|p2a: Wyrdeer|313/321|[from] item: Leftovers\n|upkeep\n|\n|t:|1783560269\n|switch|p1a: Hitmontop|Hitmontop, L88, M|9/100\n|-ability|p1a: Hitmontop|Intimidate|boost\n|-unboost|p2a: Wyrdeer|atk|1\n|turn|26\n|inactive|Time left: 300 sec this turn | 300 sec total\n|\n|t:|1783560270\n|move|p1a: Hitmontop|Earthquake|p2a: Wyrdeer\n|-damage|p2a: Wyrdeer|221/321\n|move|p2a: Wyrdeer|Psychic Noise|p1a: Hitmontop\n|-supereffective|p1a: Hitmontop\n|-damage|p1a: Hitmontop|0 fnt\n|faint|p1a: Hitmontop\n|\n|win|p0y1813d2b6", "uploadtime": 1783560270, "views": 0, "rating": 0, "private": 0, "password": null, "_winner": "p0y1813d2b6", "_our_name": "p0y1813d2b6"}