{"id": "battle-gen9randombattle-479", "formatid": "gen9randombattle", "format": "[Gen 9] Random Battle", "players": ["p0x479b637", "p0y4799dfd"], "log": "|init|battle\n|title|p0x479b637 vs. p0y4799dfd\n|j|\u2606p0x479b637\n|j|\u2606p0y4799dfd\n|t:|1783544599\n|gametype|singles\n|player|p1|p0x479b637|170|\n|player|p2|p0y4799dfd|169|\n|gen|9\n|tier|[Gen 9] Random Battle\n|rule|Species Clause: Limit one of each Pok\u00e9mon\n|rule|HP Percentage Mod: HP is shown in percentages\n|rule|Sleep Clause Mod: Limit one foe put to sleep\n|rule|Illusion Level Mod: Illusion disguises the Pok\u00e9mon's true level\n|\n|t:|1783544599\n|teamsize|p1|6\n|teamsize|p2|6\n|start\n|switch|p1a: Komala|Komala, L87, M|100/100\n|switch|p2a: Clefable|Clefable, L83, M|293/293\n|-ability|p1a: Komala|Comatose\n|turn|1\n|inactive|Battle timer is ON: inactive players will automatically lose when time's up. (requested by p0x479b637)\n|inactive|Time left: 300 sec this turn | 300 sec total | 60 sec grace\n|inactive|p0y4799dfd also wants the timer to be on.\n|\n|t:|1783544601\n|move|p1a: Komala|Rapid Spin|p2a: Clefable\n|-crit|p2a: Clefable\n|-damage|p2a: Clefable|187/293\n|-boost|p1a: Komala|spe|1\n|move|p2a: Clefable|Moonblast|p1a: Komala\n|-damage|p1a: Komala|70/100\n|\n|upkeep\n|turn|2\n|inactive|Time left: 300 sec this turn | 300 sec total\n|\n|t:|1783544602\n|move|p1a: Komala|Body Slam|p2a: Clefable\n|-damage|p2a: Clefable|67/293\n|move|p2a: Clefable|Moonlight|p2a: Clefable\n|-heal|p2a: Clefable|213/293\n|\n|upkeep\n|turn|3\n|inactive|Time left: 300 sec this turn | 300 sec total\n|\n|t:|1783544604\n|move|p1a: Komala|Body Slam|p2a: Clefable\n|-damage|p2a: Clefable|78/293\n|move|p2a: Clefable|Moonlight|p2a: Clefable\n|-heal|p2a: Clefable|224/293\n|\n|upkeep\n|turn|4\n|inactive|Time left: 300 sec this turn | 300 sec total\n|\n|t:|1783544605\n|move|p1a: Komala|Body Slam|p2a: Clefable\n|-damage|p2a: Clefable|92/293\n|move|p2a: Clefable|Moonlight|p2a: Clefable\n|-heal|p2a: Clefable|238/293\n|\n|upkeep\n|turn|5\n|inactive|Time left: 300 sec this turn | 300 sec total\n|\n|t:|1783544606\n|move|p1a: Komala|Body Slam|p2a: Clefable\n|-damage|p2a: Clefable|114/293\n|move|p2a: Clefable|Moonlight|p2a: Clefable\n|-heal|p2a: Clefable|260/293\n|\n|upkeep\n|turn|6\n|inactive|Time left: 300 sec this turn | 300 sec total\n|\n|t:|1783544607\n|move|p1a: Komala|Body Slam|p2a: Clefable\n|-damage|p2a: Clefable|139/293\n|move|p2a: Clefable|Knock Off|p1a: Komala\n|-damage|p1a: Komala|36/100\n|-enditem|p1a: Komala|Assault Vest|[from] move: Knock Off|[of] p2a: Clefable\n|\n|upkeep\n|turn|7\n|inactive|Time left: 300 sec this turn | 300 sec total\n|\n|t:|1783544609\n|move|p1a: Komala|Body Slam|p2a: Clefable\n|-damage|p2a: Clefable|1/293\n|-status|p2a: Clefable|par\n|move|p2a: Clefable|Moonblast|p1a: Komala\n|-damage|p1a: Komala|0 fnt\n|faint|p1a: Komala\n|\n|upkeep\n|\n|t:|1783544610\n|switch|p1a: Chi-Yu|Chi-Yu, L77|100/100\n|-ability|p1a: Chi-Yu|Beads of Ruin\n|turn|8\n|inactive|Time left: 300 sec this turn | 300 sec total\n|\n|t:|1783544611\n|move|p1a: Chi-Yu|Dark Pulse|p2a: Clefable\n|-resisted|p2a: Clefable\n|-damage|p2a: Clefable|0 fnt\n|faint|p2a: Clefable\n|\n|upkeep\n|inactive|Time left: 300 sec this turn | 300 sec total | 5 sec grace\n|\n|t:|1783544612\n|switch|p2a: Emboar|Emboar, L84, M|322/322\n|turn|9\n|inactive|Time left: 300 sec this turn | 300 sec total\n|\n|t:|1783544613\n|move|p1a: Chi-Yu|Dark Pulse|p2a: Emboar\n|-resisted|p2a: Emboar\n|-damage|p2a: Emboar|242/322\n|cant|p2a: Emboar|flinch\n|\n|upkeep\n|turn|10\n|inactive|Time left: 300 sec this turn | 300 sec total\n|\n|t:|1783544614\n|move|p1a: Chi-Yu|Dark Pulse|p2a: Emboar\n|-resisted|p2a: Emboar\n|-damage|p2a: Emboar|170/322\n|move|p2a: Emboar|Close Combat|p1a: Chi-Yu\n|-supereffective|p1a: Chi-Yu\n|-damage|p1a: Chi-Yu|0 fnt\n|-unboost|p2a: Emboar|def|1\n|-unboost|p2a: Emboar|spd|1\n|faint|p1a: Chi-Yu\n|\n|upkeep\n|\n|t:|1783544615\n|switch|p1a: Enamorus|Enamorus, L79, F|100/100\n|turn|11\n|inactive|Time left: 300 sec this turn | 300 sec total\n|\n|t:|1783544616\n|switch|p2a: Farigiraf|Farigiraf, L90, M|362/362\n|move|p1a: Enamorus|Earth Power|p2a: Farigiraf\n|-damage|p2a: Farigiraf|284/362\n|\n|-heal|p2a: Farigiraf|306/362|[from] item: Leftovers\n|upkeep\n|turn|12\n|inactive|Time left: 300 sec this turn | 300 sec total\n|\n|t:|1783544617\n|move|p1a: Enamorus|Moonblast|p2a: Farigiraf\n|-damage|p2a: Farigiraf|186/362\n|-unboost|p2a: Farigiraf|spa|1\n|move|p2a: Farigiraf|Body Slam|p1a: Enamorus\n|-damage|p1a: Enamorus|48/100\n|\n|-heal|p1a: Enamorus|54/100|[from] item: Leftovers\n|-heal|p2a: Farigiraf|208/362|[from] item: Leftovers\n|upkeep\n|turn|13\n|inactive|Time left: 300 sec this turn | 300 sec total\n|\n|t:|1783544618\n|move|p1a: Enamorus|Moonblast|p2a: Farigiraf\n|-damage|p2a: Farigiraf|70/362\n|-unboost|p2a: Farigiraf|spa|1\n|move|p2a: Farigiraf|Body Slam|p1a: Enamorus\n|-damage|p1a: Enamorus|5/100\n|-status|p1a: Enamorus|par\n|-start|p2a: Farigiraf|Attract|[from] ability: Cute Charm|[of] p1a: Enamorus\n|\n|-heal|p2a: Farigiraf|92/362|[from] item: Leftovers\n|-heal|p1a: Enamorus|11/100 par|[from] item: Leftovers\n|upkeep\n|turn|14\n|inactive|Time left: 300 sec this turn | 300 sec total\n|\n|t:|1783544618\n|-activate|p2a: Farigiraf|move: Attract|[of] p1a: Enamorus\n|move|p2a: Farigiraf|Body Slam|p1a: Enamorus\n|-damage|p1a: Enamorus|0 fnt\n|faint|p1a: Enamorus\n|-end|p2a: Farigiraf|Attract|[silent]\n|\n|-heal|p2a: Farigiraf|114/362|[from] item: Leftovers\n|upkeep\n|\n|t:|1783544619\n|switch|p1a: Weezing|Weezing, L88, F|100/100\n|turn|15\n|inactive|Time left: 300 sec this turn | 300 sec total\n|\n|t:|1783544620\n|move|p2a: Farigiraf|Body Slam|p1a: Weezing\n|-damage|p1a: Weezing|69/100\n|move|p1a: Weezing|Toxic Spikes|p2a: Farigiraf\n|-sidestart|p2: p0y4799dfd|move: Toxic Spikes\n|\n|-heal|p2a: Farigiraf|136/362|[from] item: Leftovers\n|-heal|p1a: Weezing|75/100|[from] item: Leftovers\n|upkeep\n|turn|16\n|inactive|Time left: 300 sec this turn | 300 sec total\n|\n|t:|1783544621\n|move|p2a: Farigiraf|Wish|p2a: Farigiraf\n|move|p1a: Weezing|Gunk Shot|p2a: Farigiraf\n|-damage|p2a: Farigiraf|0 fnt\n|faint|p2a: Farigiraf\n|\n|-heal|p1a: Weezing|82/100|[from] item: Leftovers\n|upkeep\n|inactive|Time left: 300 sec this turn | 300 sec total | 5 sec grace\n|\n|t:|1783544622\n|switch|p2a: Mabosstiff|Mabosstiff, L86, M|278/278\n|-status|p2a: Mabosstiff|psn\n|turn|17\n|inactive|Time left: 300 sec this turn | 300 sec total\n|\n|t:|1783544623\n|move|p2a: Mabosstiff|Crunch|p1a: Weezing\n|-damage|p1a: Weezing|32/100\n|move|p1a: Weezing|Pain Split|p2a: Mabosstiff\n|-sethp|p2a: Mabosstiff|180/278 psn|[from] move: Pain Split|[silent]\n|-sethp|p1a: Weezing|70/100|[from] move: Pain Split\n|\n|-heal|p2a: Mabosstiff|278/278 psn|[from] move: Wish|[wisher] Farigiraf\n|-heal|p1a: Weezing|76/100|[from] item: Leftovers\n|-damage|p2a: Mabosstiff|244/278 psn|[from] psn\n|upkeep\n|turn|18\n|inactive|Time left: 300 sec this turn | 300 sec total\n|\n|t:|1783544624\n|move|p2a: Mabosstiff|Crunch|p1a: Weezing\n|-damage|p1a: Weezing|27/100\n|move|p1a: Weezing|Pain Split|p2a: Mabosstiff\n|-sethp|p2a: Mabosstiff|156/278 psn|[from] move: Pain Split|[silent]\n|-sethp|p1a: Weezing|61/100|[from] move: Pain Split\n|\n|-heal|p1a: Weezing|67/100|[from] item: Leftovers\n|-damage|p2a: Mabosstiff|122/278 psn|[from] psn\n|upkeep\n|turn|19\n|inactive|Time left: 300 sec this turn | 300 sec total\n|\n|t:|1783544625\n|move|p2a: Mabosstiff|Crunch|p1a: Weezing\n|-damage|p1a: Weezing|23/100\n|move|p1a: Weezing|Gunk Shot|p2a: Mabosstiff\n|-damage|p2a: Mabosstiff|0 fnt\n|faint|p2a: Mabosstiff\n|\n|-heal|p1a: Weezing|29/100|[from] item: Leftovers\n|upkeep\n|inactive|Time left: 300 sec this turn | 300 sec total | 5 sec grace\n|\n|t:|1783544626\n|switch|p2a: Emboar|Emboar, L84, M|170/322\n|-status|p2a: Emboar|psn\n|turn|20\n|inactive|Time left: 300 sec this turn | 300 sec total\n|\n|t:|1783544627\n|move|p2a: Emboar|Flare Blitz|p1a: Weezing\n|-damage|p1a: Weezing|0 fnt\n|faint|p1a: Weezing\n|-damage|p2a: Emboar|146/322 psn|[from] Recoil\n|\n|-damage|p2a: Emboar|106/322 psn|[from] psn\n|upkeep\n|\n|t:|1783544628\n|switch|p1a: Pachirisu|Pachirisu, L96, M|100/100\n|turn|21\n|inactive|Time left: 300 sec this turn | 300 sec total\n|\n|t:|1783544629\n|move|p1a: Pachirisu|Super Fang|p2a: Emboar\n|-damage|p2a: Emboar|53/322 psn\n|move|p2a: Emboar|Flare Blitz|p1a: Pachirisu\n|-damage|p1a: Pachirisu|31/100\n|-damage|p2a: Emboar|0 fnt|[from] Recoil\n|faint|p2a: Emboar\n|\n|upkeep\n|inactive|Time left: 300 sec this turn | 300 sec total | 5 sec grace\n|\n|t:|1783544630\n|switch|p2a: Copperajah|Copperajah, L86, F|350/350\n|turn|22\n|inactive|Time left: 300 sec this turn | 300 sec total\n|\n|t:|1783544631\n|move|p1a: Pachirisu|Nuzzle|p2a: Copperajah\n|-damage|p2a: Copperajah|329/350\n|-status|p2a: Copperajah|par\n|move|p2a: Copperajah|Iron Head|p1a: Pachirisu\n|-resisted|p1a: Pachirisu\n|-damage|p1a: Pachirisu|0 fnt\n|faint|p1a: Pachirisu\n|\n|upkeep\n|\n|t:|1783544632\n|switch|p1a: Terapagos|Terapagos, L77, F|100/100\n|-activate|p1a: Terapagos|ability: Tera Shift\n|detailschange|p1a: Terapagos|Terapagos-Terastal, L77, F\n|-heal|p1a: Terapagos|100/100|[silent]\n|turn|23\n|inactive|Time left: 300 sec this turn | 300 sec total\n|\n|t:|1783544633\n|move|p1a: Terapagos|Calm Mind|p1a: Terapagos\n|-boost|p1a: Terapagos|spa|1\n|-boost|p1a: Terapagos|spd|1\n|move|p2a: Copperajah|Iron Head|p1a: Terapagos\n|-activate|p1a: Terapagos|ability: Tera Shell\n|-resisted|p1a: Terapagos\n|-damage|p1a: Terapagos|69/100\n|\n|upkeep\n|turn|24\n|inactive|Time left: 300 sec this turn | 300 sec total\n|\n|t:|1783544635\n|-terastallize|p2a: Copperajah|Fairy\n|move|p1a: Terapagos|Rest|p1a: Terapagos\n|-status|p1a: Terapagos|slp|[from] move: Rest\n|-heal|p1a: Terapagos|100/100 slp|[silent]\n|-enditem|p1a: Terapagos|Chesto Berry|[eat]\n|-curestatus|p1a: Terapagos|slp|[msg]\n|move|p2a: Copperajah|Play Rough|p1a: Terapagos\n|-activate|p1a: Terapagos|ability: Tera Shell\n|-resisted|p1a: Terapagos\n|-damage|p1a: Terapagos|66/100\n|\n|upkeep\n|turn|25\n|inactive|Time left: 300 sec this turn | 300 sec total\n|\n|t:|1783544636\n|move|p1a: Terapagos|Tera Starstorm|p2a: Copperajah\n|-damage|p2a: Copperajah|148/350 par\n|cant|p2a: Copperajah|par\n|\n|upkeep\n|turn|26\n|inactive|Time left: 300 sec this turn | 300 sec total\n|\n|t:|1783544637\n|switch|p2a: Floatzel|Floatzel, L86, M|286/286\n|-status|p2a: Floatzel|psn\n|-terastallize|p1a: Terapagos|Stellar\n|detailschange|p1a: Terapagos|Terapagos-Stellar, L77, F, tera:Stellar\n|-heal|p1a: Terapagos|75/100|[silent]\n|move|p1a: Terapagos|Tera Starstorm|p2a: Floatzel\n|-damage|p2a: Floatzel|45/286 psn\n|\n|-heal|p2a: Floatzel|62/286 psn|[from] item: Leftovers\n|-damage|p2a: Floatzel|27/286 psn|[from] psn\n|upkeep\n|turn|27\n|inactive|Time left: 300 sec this turn | 300 sec total\n|\n|t:|1783544638\n|move|p2a: Floatzel|Bulk Up|p2a: Floatzel\n|-boost|p2a: Floatzel|atk|1\n|-boost|p2a: Floatzel|def|1\n|move|p1a: Terapagos|Tera Starstorm|p2a: Floatzel\n|-damage|p2a: Floatzel|0 fnt\n|faint|p2a: Floatzel\n|\n|upkeep\n|inactive|Time left: 300 sec this turn | 300 sec total | 5 sec grace\n|\n|t:|1783544638\n|switch|p2a: Copperajah|Copperajah, L86, F, tera:Fairy|148/350 par\n|turn|28\n|inactive|Time left: 300 sec this turn | 300 sec total\n|\n|t:|1783544639\n|move|p1a: Terapagos|Tera Starstorm|p2a: Copperajah\n|-supereffective|p2a: Copperajah\n|-damage|p2a: Copperajah|0 fnt\n|faint|p2a: Copperajah\n|\n|win|p0x479b637", "uploadtime": 1783544639, "views": 0, "rating": 0, "private": 0, "password": null, "_winner": "p0x479b637", "_our_name": "p0y4799dfd"}