{"id": "battle-gen9randombattle-1737", "formatid": "gen9randombattle", "format": "[Gen 9] Random Battle", "players": ["p0x1737bd2f", "p0y17374f99"], "log": "|init|battle\n|title|p0x1737bd2f vs. p0y17374f99\n|j|\u2606p0x1737bd2f\n|j|\u2606p0y17374f99\n|t:|1783559337\n|gametype|singles\n|player|p1|p0x1737bd2f|2|\n|player|p2|p0y17374f99|101|\n|gen|9\n|tier|[Gen 9] Random Battle\n|rule|Species Clause: Limit one of each Pok\u00e9mon\n|rule|HP Percentage Mod: HP is shown in percentages\n|rule|Sleep Clause Mod: Limit one foe put to sleep\n|rule|Illusion Level Mod: Illusion disguises the Pok\u00e9mon's true level\n|\n|t:|1783559337\n|teamsize|p1|6\n|teamsize|p2|6\n|start\n|switch|p1a: Moltres|Moltres-Galar, L79|100/100\n|switch|p2a: Mesprit|Mesprit, L85|275/275\n|turn|1\n|inactive|Battle timer is ON: inactive players will automatically lose when time's up. (requested by p0x1737bd2f)\n|inactive|Time left: 300 sec this turn | 300 sec total | 60 sec grace\n|inactive|p0y17374f99 also wants the timer to be on.\n|\n|t:|1783559339\n|move|p1a: Moltres|Nasty Plot|p1a: Moltres\n|-boost|p1a: Moltres|spa|2\n|move|p2a: Mesprit|Drain Punch|p1a: Moltres\n|-damage|p1a: Moltres|79/100\n|\n|upkeep\n|turn|2\n|inactive|Time left: 300 sec this turn | 300 sec total\n|\n|t:|1783559340\n|move|p1a: Moltres|Fiery Wrath|p2a: Mesprit\n|-supereffective|p2a: Mesprit\n|-damage|p2a: Mesprit|81/275\n|move|p2a: Mesprit|U-turn|p1a: Moltres\n|-damage|p1a: Moltres|58/100\n|inactive|Time left: 300 sec this turn | 300 sec total | 5 sec grace\n|\n|t:|1783559341\n|switch|p2a: Dachsbun|Dachsbun, L92, M|254/254|[from] U-turn\n|\n|upkeep\n|turn|3\n|inactive|Time left: 300 sec this turn | 300 sec total\n|\n|t:|1783559342\n|switch|p1a: Suicune|Suicune, L82|100/100\n|-ability|p1a: Suicune|Pressure\n|move|p2a: Dachsbun|Play Rough|p1a: Suicune|[miss]\n|-miss|p2a: Dachsbun|p1a: Suicune\n|\n|upkeep\n|turn|4\n|inactive|Time left: 300 sec this turn | 300 sec total\n|\n|t:|1783559343\n|switch|p2a: Masquerain|Masquerain, L87, M|264/264\n|-ability|p2a: Masquerain|Intimidate|boost\n|-unboost|p1a: Suicune|atk|1\n|move|p1a: Suicune|Calm Mind|p1a: Suicune\n|-boost|p1a: Suicune|spa|1\n|-boost|p1a: Suicune|spd|1\n|\n|upkeep\n|turn|5\n|inactive|Time left: 300 sec this turn | 300 sec total\n|\n|t:|1783559344\n|move|p2a: Masquerain|Quiver Dance|p2a: Masquerain\n|-boost|p2a: Masquerain|spa|1\n|-boost|p2a: Masquerain|spd|1\n|-boost|p2a: Masquerain|spe|1\n|move|p1a: Suicune|Scald|p2a: Masquerain\n|-damage|p2a: Masquerain|183/264\n|\n|upkeep\n|turn|6\n|inactive|Time left: 300 sec this turn | 300 sec total\n|\n|t:|1783559345\n|move|p2a: Masquerain|Quiver Dance|p2a: Masquerain\n|-boost|p2a: Masquerain|spa|1\n|-boost|p2a: Masquerain|spd|1\n|-boost|p2a: Masquerain|spe|1\n|move|p1a: Suicune|Scald|p2a: Masquerain\n|-damage|p2a: Masquerain|128/264\n|\n|upkeep\n|turn|7\n|inactive|Time left: 300 sec this turn | 300 sec total\n|\n|t:|1783559346\n|move|p2a: Masquerain|Quiver Dance|p2a: Masquerain\n|-boost|p2a: Masquerain|spa|1\n|-boost|p2a: Masquerain|spd|1\n|-boost|p2a: Masquerain|spe|1\n|move|p1a: Suicune|Calm Mind|p1a: Suicune\n|-boost|p1a: Suicune|spa|1\n|-boost|p1a: Suicune|spd|1\n|\n|upkeep\n|turn|8\n|inactive|Time left: 300 sec this turn | 300 sec total\n|\n|t:|1783559347\n|move|p2a: Masquerain|Quiver Dance|p2a: Masquerain\n|-boost|p2a: Masquerain|spa|1\n|-boost|p2a: Masquerain|spd|1\n|-boost|p2a: Masquerain|spe|1\n|move|p1a: Suicune|Scald|p2a: Masquerain\n|-damage|p2a: Masquerain|77/264\n|-status|p2a: Masquerain|brn\n|\n|-damage|p2a: Masquerain|61/264 brn|[from] brn\n|upkeep\n|turn|9\n|inactive|Time left: 300 sec this turn | 300 sec total\n|\n|t:|1783559348\n|-terastallize|p2a: Masquerain|Water\n|move|p2a: Masquerain|Hurricane|p1a: Suicune\n|-damage|p1a: Suicune|45/100\n|-start|p1a: Suicune|confusion\n|-activate|p1a: Suicune|confusion\n|-damage|p1a: Suicune|41/100|[from] confusion\n|\n|-heal|p1a: Suicune|47/100|[from] item: Leftovers\n|-damage|p2a: Masquerain|45/264 brn|[from] brn\n|upkeep\n|turn|10\n|inactive|Time left: 300 sec this turn | 300 sec total\n|\n|t:|1783559350\n|move|p2a: Masquerain|Hurricane|p1a: Suicune\n|-damage|p1a: Suicune|0 fnt\n|faint|p1a: Suicune\n|\n|-damage|p2a: Masquerain|29/264 brn|[from] brn\n|upkeep\n|\n|t:|1783559351\n|switch|p1a: Cryogonal|Cryogonal, L89|100/100\n|turn|11\n|inactive|Time left: 300 sec this turn | 300 sec total\n|\n|t:|1783559352\n|move|p2a: Masquerain|Hurricane|p1a: Cryogonal\n|-damage|p1a: Cryogonal|6/100\n|move|p1a: Cryogonal|Rapid Spin|p2a: Masquerain\n|-damage|p2a: Masquerain|0 fnt\n|-boost|p1a: Cryogonal|spe|1\n|faint|p2a: Masquerain\n|\n|upkeep\n|inactive|Time left: 300 sec this turn | 300 sec total | 5 sec grace\n|\n|t:|1783559353\n|switch|p2a: Bisharp|Bisharp, L79, F|232/232\n|turn|12\n|inactive|Time left: 300 sec this turn | 300 sec total\n|\n|t:|1783559355\n|move|p1a: Cryogonal|Ice Beam|p2a: Bisharp\n|-resisted|p2a: Bisharp\n|-damage|p2a: Bisharp|187/232\n|move|p2a: Bisharp|Swords Dance|p2a: Bisharp\n|-boost|p2a: Bisharp|atk|2\n|\n|upkeep\n|turn|13\n|inactive|Time left: 300 sec this turn | 300 sec total\n|\n|t:|1783559356\n|switch|p1a: Passimian|Passimian, L83, M|100/100\n|move|p2a: Bisharp|Throat Chop|p1a: Passimian\n|-resisted|p1a: Passimian\n|-damage|p1a: Passimian|70/100\n|-start|p1a: Passimian|Throat Chop|[silent]\n|\n|-heal|p1a: Passimian|76/100|[from] item: Leftovers\n|upkeep\n|turn|14\n|inactive|Time left: 300 sec this turn | 300 sec total\n|\n|t:|1783559357\n|switch|p2a: Dachsbun|Dachsbun, L92, M|254/254\n|move|p1a: Passimian|Drain Punch|p2a: Dachsbun\n|-resisted|p2a: Dachsbun\n|-damage|p2a: Dachsbun|221/254\n|-heal|p1a: Passimian|81/100|[from] drain|[of] p2a: Dachsbun\n|\n|-heal|p2a: Dachsbun|236/254|[from] item: Leftovers\n|-heal|p1a: Passimian|87/100|[from] item: Leftovers\n|-end|p1a: Passimian|Throat Chop|[silent]\n|upkeep\n|turn|15\n|inactive|Time left: 300 sec this turn | 300 sec total\n|\n|t:|1783559358\n|move|p2a: Dachsbun|Play Rough|p1a: Passimian\n|-supereffective|p1a: Passimian\n|-damage|p1a: Passimian|28/100\n|move|p1a: Passimian|Gunk Shot|p2a: Dachsbun\n|-supereffective|p2a: Dachsbun\n|-damage|p2a: Dachsbun|92/254\n|\n|-heal|p2a: Dachsbun|107/254|[from] item: Leftovers\n|-heal|p1a: Passimian|34/100|[from] item: Leftovers\n|upkeep\n|turn|16\n|inactive|Time left: 300 sec this turn | 300 sec total\n|\n|t:|1783559360\n|switch|p1a: Stonjourner|Stonjourner, L91, F|100/100\n|move|p2a: Dachsbun|Play Rough|p1a: Stonjourner\n|-damage|p1a: Stonjourner|81/100\n|\n|-heal|p2a: Dachsbun|122/254|[from] item: Leftovers\n|upkeep\n|turn|17\n|inactive|Time left: 300 sec this turn | 300 sec total\n|\n|t:|1783559361\n|move|p2a: Dachsbun|Protect|p2a: Dachsbun\n|-singleturn|p2a: Dachsbun|Protect\n|move|p1a: Stonjourner|Stone Edge|p2a: Dachsbun\n|-activate|p2a: Dachsbun|move: Protect\n|\n|-heal|p2a: Dachsbun|137/254|[from] item: Leftovers\n|upkeep\n|turn|18\n|inactive|Time left: 300 sec this turn | 300 sec total\n|\n|t:|1783559362\n|move|p2a: Dachsbun|Play Rough|p1a: Stonjourner\n|-damage|p1a: Stonjourner|63/100\n|move|p1a: Stonjourner|Stone Edge|p2a: Dachsbun\n|-damage|p2a: Dachsbun|3/254\n|-damage|p1a: Stonjourner|53/100|[from] item: Life Orb\n|\n|-heal|p2a: Dachsbun|18/254|[from] item: Leftovers\n|upkeep\n|turn|19\n|inactive|Time left: 300 sec this turn | 300 sec total\n|\n|t:|1783559363\n|move|p2a: Dachsbun|Body Press|p1a: Stonjourner\n|-supereffective|p1a: Stonjourner\n|-damage|p1a: Stonjourner|20/100\n|move|p1a: Stonjourner|Stealth Rock|p2a: Dachsbun\n|-sidestart|p2: p0y17374f99|move: Stealth Rock\n|\n|-heal|p2a: Dachsbun|33/254|[from] item: Leftovers\n|upkeep\n|turn|20\n|inactive|Time left: 300 sec this turn | 300 sec total\n|\n|t:|1783559364\n|switch|p1a: Calyrex|Calyrex-Ice, L72|100/100\n|-ability|p1a: Calyrex|As One\n|-ability|p1a: Calyrex|Unnerve\n|move|p2a: Dachsbun|Play Rough|p1a: Calyrex\n|-crit|p1a: Calyrex\n|-damage|p1a: Calyrex|57/100\n|\n|-heal|p2a: Dachsbun|48/254|[from] item: Leftovers\n|upkeep\n|turn|21\n|inactive|Time left: 300 sec this turn | 300 sec total\n|\n|t:|1783559365\n|move|p2a: Dachsbun|Protect|p2a: Dachsbun\n|-singleturn|p2a: Dachsbun|Protect\n|move|p1a: Calyrex|Glacial Lance|p2a: Dachsbun\n|-activate|p2a: Dachsbun|move: Protect\n|\n|-heal|p2a: Dachsbun|63/254|[from] item: Leftovers\n|upkeep\n|turn|22\n|inactive|Time left: 300 sec this turn | 300 sec total\n|\n|t:|1783559366\n|move|p2a: Dachsbun|Play Rough|p1a: Calyrex\n|-damage|p1a: Calyrex|28/100\n|move|p1a: Calyrex|Glacial Lance|p2a: Dachsbun\n|-damage|p2a: Dachsbun|0 fnt\n|faint|p2a: Dachsbun\n|-ability|p1a: Calyrex|Chilling Neigh|boost\n|-boost|p1a: Calyrex|atk|1\n|\n|upkeep\n|inactive|Time left: 300 sec this turn | 300 sec total | 5 sec grace\n|\n|t:|1783559367\n|switch|p2a: Virizion|Virizion, L82|283/283\n|-damage|p2a: Virizion|266/283|[from] Stealth Rock\n|turn|23\n|inactive|Time left: 300 sec this turn | 300 sec total\n|\n|t:|1783559368\n|switch|p1a: Moltres|Moltres-Galar, L79|58/100\n|move|p2a: Virizion|Leaf Blade|p1a: Moltres\n|-resisted|p1a: Moltres\n|-damage|p1a: Moltres|38/100\n|-ability|p1a: Moltres|Berserk|boost\n|-boost|p1a: Moltres|spa|1\n|-damage|p2a: Virizion|238/283|[from] item: Life Orb\n|\n|upkeep\n|turn|24\n|inactive|Time left: 300 sec this turn | 300 sec total\n|\n|t:|1783559370\n|move|p2a: Virizion|Close Combat|p1a: Moltres\n|-damage|p1a: Moltres|0 fnt\n|-unboost|p2a: Virizion|def|1\n|-unboost|p2a: Virizion|spd|1\n|faint|p1a: Moltres\n|-damage|p2a: Virizion|210/283|[from] item: Life Orb\n|\n|upkeep\n|\n|t:|1783559370\n|switch|p1a: Cryogonal|Cryogonal, L89|6/100\n|turn|25\n|inactive|Time left: 300 sec this turn | 300 sec total\n|\n|t:|1783559371\n|switch|p2a: Bisharp|Bisharp, L79, F|187/232\n|-damage|p2a: Bisharp|173/232|[from] Stealth Rock\n|move|p1a: Cryogonal|Ice Beam|p2a: Bisharp\n|-resisted|p2a: Bisharp\n|-damage|p2a: Bisharp|130/232\n|\n|upkeep\n|turn|26\n|inactive|Time left: 300 sec this turn | 300 sec total\n|\n|t:|1783559372\n|switch|p1a: Passimian|Passimian, L83, M|34/100\n|move|p2a: Bisharp|Iron Head|p1a: Passimian\n|-damage|p1a: Passimian|4/100\n|\n|-heal|p1a: Passimian|10/100|[from] item: Leftovers\n|upkeep\n|turn|27\n|inactive|Time left: 300 sec this turn | 300 sec total\n|\n|t:|1783559373\n|move|p2a: Bisharp|Sucker Punch||[still]\n|-fail|p2a: Bisharp\n|move|p1a: Passimian|Bulk Up|p1a: Passimian\n|-boost|p1a: Passimian|atk|1\n|-boost|p1a: Passimian|def|1\n|\n|-heal|p1a: Passimian|16/100|[from] item: Leftovers\n|upkeep\n|turn|28\n|inactive|Time left: 300 sec this turn | 300 sec total\n|\n|t:|1783559374\n|move|p1a: Passimian|Drain Punch|p2a: Bisharp\n|-supereffective|p2a: Bisharp\n|-damage|p2a: Bisharp|0 fnt\n|-heal|p1a: Passimian|37/100|[from] drain|[of] p2a: Bisharp\n|faint|p2a: Bisharp\n|\n|-heal|p1a: Passimian|43/100|[from] item: Leftovers\n|upkeep\n|inactive|Time left: 300 sec this turn | 300 sec total | 5 sec grace\n|\n|t:|1783559375\n|switch|p2a: Mesprit|Mesprit, L85|81/275\n|-damage|p2a: Mesprit|47/275|[from] Stealth Rock\n|turn|29\n|inactive|Time left: 300 sec this turn | 300 sec total\n|\n|t:|1783559376\n|-terastallize|p1a: Passimian|Dark\n|move|p2a: Mesprit|Psychic Noise|p1a: Passimian\n|-immune|p1a: Passimian\n|move|p1a: Passimian|Bulk Up|p1a: Passimian\n|-boost|p1a: Passimian|atk|1\n|-boost|p1a: Passimian|def|1\n|\n|-heal|p1a: Passimian|49/100|[from] item: Leftovers\n|upkeep\n|turn|30\n|inactive|Time left: 300 sec this turn | 300 sec total\n|\n|t:|1783559377\n|move|p2a: Mesprit|Ice Beam|p1a: Passimian\n|-damage|p1a: Passimian|19/100\n|move|p1a: Passimian|Drain Punch|p2a: Mesprit\n|-resisted|p2a: Mesprit\n|-damage|p2a: Mesprit|0 fnt\n|-heal|p1a: Passimian|27/100|[from] drain|[of] p2a: Mesprit\n|faint|p2a: Mesprit\n|\n|-heal|p1a: Passimian|33/100|[from] item: Leftovers\n|upkeep\n|inactive|Time left: 300 sec this turn | 300 sec total | 5 sec grace\n|\n|t:|1783559378\n|switch|p2a: Dedenne|Dedenne, L88, M|261/261\n|-damage|p2a: Dedenne|229/261|[from] Stealth Rock\n|turn|31\n|inactive|Time left: 300 sec this turn | 300 sec total\n|\n|t:|1783559379\n|move|p2a: Dedenne|Thunderbolt|p1a: Passimian\n|-damage|p1a: Passimian|0 fnt\n|faint|p1a: Passimian\n|\n|upkeep\n|\n|t:|1783559380\n|switch|p1a: Cryogonal|Cryogonal, L89|6/100\n|turn|32\n|inactive|Time left: 300 sec this turn | 300 sec total\n|\n|t:|1783559381\n|move|p1a: Cryogonal|Recover|p1a: Cryogonal\n|-heal|p1a: Cryogonal|57/100\n|move|p2a: Dedenne|U-turn|p1a: Cryogonal\n|-damage|p1a: Cryogonal|37/100\n|inactive|Time left: 300 sec this turn | 300 sec total | 5 sec grace\n|\n|t:|1783559382\n|switch|p2a: Virizion|Virizion, L82|210/283|[from] U-turn\n|-damage|p2a: Virizion|193/283|[from] Stealth Rock\n|\n|upkeep\n|turn|33\n|inactive|Time left: 300 sec this turn | 300 sec total\n|\n|t:|1783559383\n|move|p1a: Cryogonal|Ice Beam|p2a: Virizion\n|-supereffective|p2a: Virizion\n|-damage|p2a: Virizion|41/283\n|move|p2a: Virizion|Close Combat|p1a: Cryogonal\n|-supereffective|p1a: Cryogonal\n|-damage|p1a: Cryogonal|0 fnt\n|-unboost|p2a: Virizion|def|1\n|-unboost|p2a: Virizion|spd|1\n|faint|p1a: Cryogonal\n|-damage|p2a: Virizion|13/283|[from] item: Life Orb\n|\n|upkeep\n|\n|t:|1783559384\n|switch|p1a: Calyrex|Calyrex-Ice, L72|28/100\n|-ability|p1a: Calyrex|As One\n|-ability|p1a: Calyrex|Unnerve\n|turn|34\n|inactive|Time left: 300 sec this turn | 300 sec total\n|\n|t:|1783559385\n|switch|p1a: Stonjourner|Stonjourner, L91, F|20/100\n|move|p2a: Virizion|Leaf Blade|p1a: Stonjourner\n|-supereffective|p1a: Stonjourner\n|-damage|p1a: Stonjourner|0 fnt\n|faint|p1a: Stonjourner\n|-damage|p2a: Virizion|0 fnt|[from] item: Life Orb\n|faint|p2a: Virizion\n|\n|upkeep\n|inactive|Time left: 300 sec this turn | 300 sec total | 5 sec grace\n|\n|t:|1783559386\n|switch|p2a: Dedenne|Dedenne, L88, M|229/261\n|switch|p1a: Calyrex|Calyrex-Ice, L72|28/100\n|-ability|p1a: Calyrex|As One\n|-ability|p1a: Calyrex|Unnerve\n|-damage|p2a: Dedenne|197/261|[from] Stealth Rock\n|turn|35\n|inactive|Time left: 300 sec this turn | 300 sec total\n|\n|t:|1783559387\n|move|p2a: Dedenne|Thunderbolt|p1a: Calyrex\n|-damage|p1a: Calyrex|0 fnt\n|faint|p1a: Calyrex\n|\n|win|p0y17374f99", "uploadtime": 1783559387, "views": 0, "rating": 0, "private": 0, "password": null, "_winner": "p0y17374f99", "_our_name": "p0y17374f99"}