{"id": "battle-gen9randombattle-1014", "formatid": "gen9randombattle", "format": "[Gen 9] Random Battle", "players": ["p0x1014334c", "p0y1014452f"], "log": "|init|battle\n|title|p0x1014334c vs. p0y1014452f\n|j|\u2606p0x1014334c\n|j|\u2606p0y1014452f\n|t:|1783550950\n|gametype|singles\n|player|p1|p0x1014334c|265|\n|player|p2|p0y1014452f|169|\n|gen|9\n|tier|[Gen 9] Random Battle\n|rule|Species Clause: Limit one of each Pok\u00e9mon\n|rule|HP Percentage Mod: HP is shown in percentages\n|rule|Sleep Clause Mod: Limit one foe put to sleep\n|rule|Illusion Level Mod: Illusion disguises the Pok\u00e9mon's true level\n|\n|t:|1783550950\n|teamsize|p1|6\n|teamsize|p2|6\n|start\n|switch|p1a: Zangoose|Zangoose, L85, M|263/263\n|switch|p2a: Basculin|Basculin-Blue-Striped, L86, M|100/100\n|turn|1\n|inactive|Battle timer is ON: inactive players will automatically lose when time's up. (requested by p0x1014334c)\n|inactive|p0y1014452f also wants the timer to be on.\n|\n|t:|1783550951\n|switch|p1a: Kyurem|Kyurem, L77|319/319\n|-ability|p1a: Kyurem|Pressure\n|move|p2a: Basculin|Wave Crash|p1a: Kyurem\n|-resisted|p1a: Kyurem\n|-damage|p1a: Kyurem|171/319\n|-damage|p2a: Basculin|82/100|[from] Recoil\n|\n|upkeep\n|turn|2\n|inactive|Time left: 300 sec this turn | 300 sec total\n|\n|t:|1783550952\n|move|p2a: Basculin|Wave Crash|p1a: Kyurem\n|-resisted|p1a: Kyurem\n|-damage|p1a: Kyurem|34/319\n|-damage|p2a: Basculin|64/100|[from] Recoil\n|move|p1a: Kyurem|Scale Shot|p2a: Basculin\n|-damage|p2a: Basculin|51/100\n|-damage|p2a: Basculin|37/100\n|-damage|p2a: Basculin|22/100\n|-damage|p2a: Basculin|8/100\n|-hitcount|p2a: Basculin|4\n|-unboost|p1a: Kyurem|def|1\n|-boost|p1a: Kyurem|spe|1\n|\n|upkeep\n|turn|3\n|inactive|Time left: 300 sec this turn | 300 sec total\n|\n|t:|1783550953\n|move|p1a: Kyurem|Scale Shot|p2a: Basculin\n|-damage|p2a: Basculin|0 fnt\n|faint|p2a: Basculin\n|-hitcount|p2: Basculin|1\n|-unboost|p1a: Kyurem|def|1\n|-boost|p1a: Kyurem|spe|1\n|\n|upkeep\n|\n|t:|1783550954\n|switch|p2a: Zacian|Zacian, L69|100/100\n|-ability|p2a: Zacian|Intrepid Sword|boost\n|-boost|p2a: Zacian|atk|1\n|turn|4\n|inactive|Time left: 300 sec this turn | 300 sec total\n|\n|t:|1783550955\n|move|p1a: Kyurem|Icicle Spear|p2a: Zacian\n|-damage|p2a: Zacian|89/100\n|-damage|p2a: Zacian|78/100\n|-damage|p2a: Zacian|67/100\n|-damage|p2a: Zacian|54/100\n|-damage|p2a: Zacian|43/100\n|-hitcount|p2a: Zacian|5\n|move|p2a: Zacian|Crunch|p1a: Kyurem\n|-damage|p1a: Kyurem|0 fnt\n|faint|p1a: Kyurem\n|-damage|p2a: Zacian|33/100|[from] item: Life Orb\n|\n|upkeep\n|inactive|Time left: 300 sec this turn | 300 sec total | 5 sec grace\n|\n|t:|1783550956\n|switch|p1a: Whiscash|Whiscash, L88, F|337/337\n|turn|5\n|inactive|Time left: 300 sec this turn | 300 sec total\n|\n|t:|1783550957\n|move|p2a: Zacian|Play Rough|p1a: Whiscash|[miss]\n|-miss|p2a: Zacian|p1a: Whiscash\n|move|p1a: Whiscash|Dragon Dance|p1a: Whiscash\n|-boost|p1a: Whiscash|atk|1\n|-boost|p1a: Whiscash|spe|1\n|\n|upkeep\n|turn|6\n|inactive|Time left: 300 sec this turn | 300 sec total\n|\n|t:|1783550958\n|switch|p2a: Iron Leaves|Iron Leaves, L80|100/100\n|move|p1a: Whiscash|Earthquake|p2a: Iron Leaves\n|-resisted|p2a: Iron Leaves\n|-damage|p2a: Iron Leaves|64/100\n|-damage|p1a: Whiscash|304/337|[from] item: Life Orb\n|\n|upkeep\n|turn|7\n|inactive|Time left: 300 sec this turn | 300 sec total\n|\n|t:|1783550960\n|move|p1a: Whiscash|Stone Edge|p2a: Iron Leaves\n|-damage|p2a: Iron Leaves|16/100\n|-damage|p1a: Whiscash|271/337|[from] item: Life Orb\n|move|p2a: Iron Leaves|Leaf Blade|p1a: Whiscash\n|-supereffective|p1a: Whiscash\n|-crit|p1a: Whiscash\n|-damage|p1a: Whiscash|0 fnt\n|faint|p1a: Whiscash\n|-damage|p2a: Iron Leaves|6/100|[from] item: Life Orb\n|\n|upkeep\n|inactive|Time left: 300 sec this turn | 300 sec total | 5 sec grace\n|\n|t:|1783550960\n|switch|p1a: Gengar|Gengar, L81, F|230/230\n|turn|8\n|inactive|Time left: 300 sec this turn | 300 sec total\n|\n|t:|1783550961\n|move|p1a: Gengar|Sludge Wave|p2a: Iron Leaves\n|-supereffective|p2a: Iron Leaves\n|-damage|p2a: Iron Leaves|0 fnt\n|faint|p2a: Iron Leaves\n|-end|p2a: Iron Leaves|Quark Drive|[silent]\n|-damage|p1a: Gengar|207/230|[from] item: Life Orb\n|\n|upkeep\n|\n|t:|1783550962\n|switch|p2a: Meowstic|Meowstic-F, L89, F|100/100\n|turn|9\n|inactive|Time left: 300 sec this turn | 300 sec total\n|\n|t:|1783550963\n|switch|p1a: Bombirdier|Bombirdier, L85, M|258/258\n|move|p2a: Meowstic|Psyshock|p1a: Bombirdier\n|-immune|p1a: Bombirdier\n|\n|upkeep\n|turn|10\n|inactive|Time left: 300 sec this turn | 300 sec total\n|\n|t:|1783550964\n|-terastallize|p2a: Meowstic|Electric\n|move|p2a: Meowstic|Thunderbolt|p1a: Bombirdier\n|-supereffective|p1a: Bombirdier\n|-damage|p1a: Bombirdier|0 fnt\n|faint|p1a: Bombirdier\n|-damage|p2a: Meowstic|91/100|[from] item: Life Orb\n|\n|upkeep\n|inactive|Time left: 300 sec this turn | 300 sec total | 5 sec grace\n|\n|t:|1783550965\n|switch|p1a: Zangoose|Zangoose, L85, M|263/263\n|turn|11\n|inactive|Time left: 300 sec this turn | 300 sec total\n|\n|t:|1783550966\n|move|p2a: Meowstic|Nasty Plot|p2a: Meowstic\n|-boost|p2a: Meowstic|spa|2\n|move|p1a: Zangoose|Knock Off|p2a: Meowstic\n|-damage|p2a: Meowstic|59/100\n|-enditem|p2a: Meowstic|Life Orb|[from] move: Knock Off|[of] p1a: Zangoose\n|\n|-status|p1a: Zangoose|tox|[from] item: Toxic Orb\n|upkeep\n|turn|12\n|inactive|Time left: 300 sec this turn | 300 sec total\n|\n|t:|1783550967\n|move|p2a: Meowstic|Thunderbolt|p1a: Zangoose\n|-damage|p1a: Zangoose|20/263 tox\n|move|p1a: Zangoose|Facade|p2a: Meowstic\n|-damage|p2a: Meowstic|0 fnt\n|faint|p2a: Meowstic\n|\n|-damage|p1a: Zangoose|4/263 tox|[from] psn\n|upkeep\n|\n|t:|1783550968\n|switch|p2a: Zacian|Zacian, L69|33/100\n|turn|13\n|inactive|Time left: 300 sec this turn | 300 sec total\n|\n|t:|1783550969\n|move|p2a: Zacian|Swords Dance|p2a: Zacian\n|-boost|p2a: Zacian|atk|2\n|move|p1a: Zangoose|Facade|p2a: Zacian\n|-damage|p2a: Zacian|0 fnt\n|faint|p2a: Zacian\n|\n|-damage|p1a: Zangoose|0 fnt|[from] psn\n|faint|p1a: Zangoose\n|upkeep\n|inactive|Time left: 300 sec this turn | 300 sec total | 5 sec grace\n|\n|t:|1783550970\n|switch|p2a: Regidrago|Regidrago, L77|100/100\n|switch|p1a: Sableye|Sableye, L88, M|231/231\n|turn|14\n|inactive|Time left: 300 sec this turn | 300 sec total\n|\n|t:|1783550971\n|move|p1a: Sableye|Will-O-Wisp|p2a: Regidrago\n|-status|p2a: Regidrago|brn\n|move|p2a: Regidrago|Dragon Dance|p2a: Regidrago\n|-boost|p2a: Regidrago|atk|1\n|-boost|p2a: Regidrago|spe|1\n|\n|-damage|p2a: Regidrago|94/100 brn|[from] brn\n|upkeep\n|turn|15\n|inactive|Time left: 300 sec this turn | 300 sec total\n|\n|t:|1783550972\n|move|p2a: Regidrago|Dragon Dance|p2a: Regidrago\n|-boost|p2a: Regidrago|atk|1\n|-boost|p2a: Regidrago|spe|1\n|move|p1a: Sableye|Knock Off|p2a: Regidrago\n|-damage|p2a: Regidrago|62/100 brn\n|-enditem|p2a: Regidrago|Life Orb|[from] move: Knock Off|[of] p1a: Sableye\n|\n|-damage|p2a: Regidrago|56/100 brn|[from] brn\n|upkeep\n|turn|16\n|inactive|Time left: 300 sec this turn | 300 sec total\n|\n|t:|1783550973\n|move|p2a: Regidrago|Dragon Claw|p1a: Sableye\n|-damage|p1a: Sableye|110/231\n|move|p1a: Sableye|Knock Off|p2a: Regidrago\n|-damage|p2a: Regidrago|31/100 brn\n|\n|-heal|p1a: Sableye|124/231|[from] item: Leftovers\n|-damage|p2a: Regidrago|25/100 brn|[from] brn\n|upkeep\n|turn|17\n|inactive|Time left: 300 sec this turn | 300 sec total\n|\n|t:|1783550974\n|move|p2a: Regidrago|Dragon Claw|p1a: Sableye\n|-damage|p1a: Sableye|6/231\n|move|p1a: Sableye|Knock Off|p2a: Regidrago\n|-damage|p2a: Regidrago|1/100 brn\n|\n|-heal|p1a: Sableye|20/231|[from] item: Leftovers\n|-damage|p2a: Regidrago|0 fnt|[from] brn\n|faint|p2a: Regidrago\n|upkeep\n|\n|t:|1783550975\n|switch|p2a: Polteageist|Polteageist-Antique, L78|100/100\n|turn|18\n|inactive|Time left: 300 sec this turn | 300 sec total\n|\n|t:|1783550976\n|move|p2a: Polteageist|Strength Sap|p1a: Sableye\n|-unboost|p1a: Sableye|atk|1\n|move|p1a: Sableye|Knock Off|p2a: Polteageist\n|-supereffective|p2a: Polteageist\n|-damage|p2a: Polteageist|28/100\n|-enditem|p2a: Polteageist|White Herb|[from] move: Knock Off|[of] p1a: Sableye\n|\n|-heal|p1a: Sableye|34/231|[from] item: Leftovers\n|upkeep\n|turn|19\n|inactive|Time left: 300 sec this turn | 300 sec total\n|\n|t:|1783550977\n|-terastallize|p1a: Sableye|Poison\n|move|p1a: Sableye|Encore|p2a: Polteageist\n|-start|p2a: Polteageist|Encore\n|move|p2a: Polteageist|Strength Sap|p1a: Sableye\n|-unboost|p1a: Sableye|atk|1\n|-heal|p2a: Polteageist|82/100\n|\n|-heal|p1a: Sableye|48/231|[from] item: Leftovers\n|upkeep\n|turn|20\n|inactive|Time left: 300 sec this turn | 300 sec total\n|\n|t:|1783550978\n|switch|p1a: Gengar|Gengar, L81, F|207/230\n|move|p2a: Polteageist|Strength Sap|p1a: Gengar\n|-unboost|p1a: Gengar|atk|1\n|-heal|p2a: Polteageist|100/100\n|\n|upkeep\n|turn|21\n|inactive|Time left: 300 sec this turn | 300 sec total\n|\n|t:|1783550979\n|move|p1a: Gengar|Shadow Ball|p2a: Polteageist\n|-supereffective|p2a: Polteageist\n|-damage|p2a: Polteageist|5/100\n|-start|p1a: Gengar|Disable|Shadow Ball|[from] ability: Cursed Body|[of] p2a: Polteageist\n|-damage|p1a: Gengar|184/230|[from] item: Life Orb\n|move|p2a: Polteageist|Strength Sap|p1a: Gengar\n|-unboost|p1a: Gengar|atk|1\n|-heal|p2a: Polteageist|37/100\n|\n|-end|p2a: Polteageist|Encore\n|upkeep\n|turn|22\n|inactive|Time left: 300 sec this turn | 300 sec total\n|\n|t:|1783550980\n|switch|p1a: Sableye|Sableye, L88, M, tera:Poison|48/231\n|move|p2a: Polteageist|Shell Smash|p2a: Polteageist\n|-unboost|p2a: Polteageist|def|1\n|-unboost|p2a: Polteageist|spd|1\n|-boost|p2a: Polteageist|atk|2\n|-boost|p2a: Polteageist|spa|2\n|-boost|p2a: Polteageist|spe|2\n|\n|-heal|p1a: Sableye|62/231|[from] item: Leftovers\n|upkeep\n|turn|23\n|inactive|Time left: 300 sec this turn | 300 sec total\n|\n|t:|1783550981\n|move|p1a: Sableye|Encore|p2a: Polteageist\n|-start|p2a: Polteageist|Encore\n|move|p2a: Polteageist|Shell Smash|p2a: Polteageist\n|-unboost|p2a: Polteageist|def|1\n|-unboost|p2a: Polteageist|spd|1\n|-boost|p2a: Polteageist|atk|2\n|-boost|p2a: Polteageist|spa|2\n|-boost|p2a: Polteageist|spe|2\n|\n|-heal|p1a: Sableye|76/231|[from] item: Leftovers\n|upkeep\n|turn|24\n|inactive|Time left: 300 sec this turn | 300 sec total\n|\n|t:|1783550982\n|move|p2a: Polteageist|Shell Smash|p2a: Polteageist\n|-unboost|p2a: Polteageist|def|1\n|-unboost|p2a: Polteageist|spd|1\n|-boost|p2a: Polteageist|atk|2\n|-boost|p2a: Polteageist|spa|2\n|-boost|p2a: Polteageist|spe|2\n|move|p1a: Sableye|Knock Off|p2a: Polteageist\n|-supereffective|p2a: Polteageist\n|-damage|p2a: Polteageist|0 fnt\n|-start|p1a: Sableye|Disable|Knock Off|[from] ability: Cursed Body|[of] p2a: Polteageist\n|faint|p2a: Polteageist\n|\n|win|p0x1014334c", "uploadtime": 1783550982, "views": 0, "rating": 0, "private": 0, "password": null, "_winner": "p0x1014334c", "_our_name": "p0x1014334c"}