{"id": "battle-gen9randombattle-1166", "formatid": "gen9randombattle", "format": "[Gen 9] Random Battle", "players": ["p0x1166a4cc", "p0y11662e4b"], "log": "|init|battle\n|title|p0x1166a4cc vs. p0y11662e4b\n|j|\u2606p0x1166a4cc\n|j|\u2606p0y11662e4b\n|t:|1783552629\n|gametype|singles\n|player|p1|p0x1166a4cc|102|\n|player|p2|p0y11662e4b|170|\n|gen|9\n|tier|[Gen 9] Random Battle\n|rule|Species Clause: Limit one of each Pok\u00e9mon\n|rule|HP Percentage Mod: HP is shown in percentages\n|rule|Sleep Clause Mod: Limit one foe put to sleep\n|rule|Illusion Level Mod: Illusion disguises the Pok\u00e9mon's true level\n|\n|t:|1783552629\n|teamsize|p1|6\n|teamsize|p2|6\n|start\n|switch|p1a: Kommo-o|Kommo-o, L77, M|242/242\n|switch|p2a: Ampharos|Ampharos, L88, F|100/100\n|turn|1\n|inactive|Battle timer is ON: inactive players will automatically lose when time's up. (requested by p0x1166a4cc)\n|\n|t:|1783552630\n|move|p1a: Kommo-o|Clangorous Soul|p1a: Kommo-o\n|-boost|p1a: Kommo-o|atk|1\n|-boost|p1a: Kommo-o|def|1\n|-boost|p1a: Kommo-o|spa|1\n|-boost|p1a: Kommo-o|spd|1\n|-boost|p1a: Kommo-o|spe|1\n|-damage|p1a: Kommo-o|163/242\n|-enditem|p1a: Kommo-o|Throat Spray\n|-boost|p1a: Kommo-o|spa|1|[from] item: Throat Spray\n|move|p2a: Ampharos|Dazzling Gleam|p1a: Kommo-o\n|-supereffective|p1a: Kommo-o\n|-damage|p1a: Kommo-o|0 fnt\n|faint|p1a: Kommo-o\n|\n|upkeep\n|inactive|Time left: 300 sec this turn | 300 sec total | 65 sec grace\n|inactive|p0y11662e4b also wants the timer to be on.\n|\n|t:|1783552631\n|switch|p1a: Oranguru|Oranguru, L92, F|315/315\n|turn|2\n|inactive|Time left: 300 sec this turn | 300 sec total\n|\n|t:|1783552633\n|move|p1a: Oranguru|Psyshock|p2a: Ampharos\n|-damage|p2a: Ampharos|58/100\n|move|p2a: Ampharos|Dazzling Gleam|p1a: Oranguru\n|-damage|p1a: Oranguru|231/315\n|\n|upkeep\n|turn|3\n|inactive|Time left: 300 sec this turn | 300 sec total\n|\n|t:|1783552634\n|switch|p2a: Necrozma|Necrozma, L80|100/100\n|move|p1a: Oranguru|Psyshock|p2a: Necrozma\n|-resisted|p2a: Necrozma\n|-damage|p2a: Necrozma|77/100\n|\n|upkeep\n|turn|4\n|inactive|Time left: 300 sec this turn | 300 sec total\n|\n|t:|1783552635\n|move|p2a: Necrozma|Knock Off|p1a: Oranguru\n|-supereffective|p1a: Oranguru\n|-damage|p1a: Oranguru|67/315\n|-enditem|p1a: Oranguru|Choice Specs|[from] move: Knock Off|[of] p2a: Necrozma\n|-damage|p2a: Necrozma|68/100|[from] item: Life Orb\n|move|p1a: Oranguru|Psyshock|p2a: Necrozma\n|-resisted|p2a: Necrozma\n|-damage|p2a: Necrozma|53/100\n|\n|upkeep\n|turn|5\n|inactive|Time left: 300 sec this turn | 300 sec total\n|\n|t:|1783552637\n|move|p2a: Necrozma|Dragon Dance|p2a: Necrozma\n|-boost|p2a: Necrozma|atk|1\n|-boost|p2a: Necrozma|spe|1\n|move|p1a: Oranguru|Hyper Voice|p2a: Necrozma\n|-damage|p2a: Necrozma|13/100\n|\n|upkeep\n|turn|6\n|inactive|Time left: 300 sec this turn | 300 sec total\n|\n|t:|1783552638\n|switch|p1a: Dipplin|Dipplin, L88, M|284/284\n|move|p2a: Necrozma|Photon Geyser|p1a: Dipplin\n|-damage|p1a: Dipplin|174/284\n|-damage|p2a: Necrozma|3/100|[from] item: Life Orb\n|\n|upkeep\n|turn|7\n|inactive|Time left: 300 sec this turn | 300 sec total\n|\n|t:|1783552639\n|switch|p2a: Wyrdeer|Wyrdeer, L87, M|100/100\n|-ability|p2a: Wyrdeer|Intimidate|boost\n|-unboost|p1a: Dipplin|atk|1\n|move|p1a: Dipplin|Recover|p1a: Dipplin\n|-heal|p1a: Dipplin|284/284\n|\n|upkeep\n|turn|8\n|inactive|Time left: 300 sec this turn | 300 sec total\n|\n|t:|1783552641\n|move|p2a: Wyrdeer|Body Slam|p1a: Dipplin\n|-damage|p1a: Dipplin|227/284\n|move|p1a: Dipplin|Giga Drain|p2a: Wyrdeer\n|-damage|p2a: Wyrdeer|82/100\n|-heal|p1a: Dipplin|257/284|[from] drain|[of] p2a: Wyrdeer\n|\n|upkeep\n|turn|9\n|inactive|Time left: 300 sec this turn | 300 sec total\n|\n|t:|1783552642\n|move|p2a: Wyrdeer|Body Slam|p1a: Dipplin\n|-damage|p1a: Dipplin|205/284\n|-status|p1a: Dipplin|par\n|move|p1a: Dipplin|Dragon Pulse|p2a: Wyrdeer\n|-damage|p2a: Wyrdeer|58/100\n|\n|upkeep\n|turn|10\n|inactive|Time left: 300 sec this turn | 300 sec total\n|\n|t:|1783552643\n|move|p2a: Wyrdeer|Body Slam|p1a: Dipplin\n|-damage|p1a: Dipplin|151/284 par\n|move|p1a: Dipplin|Dragon Pulse|p2a: Wyrdeer\n|-damage|p2a: Wyrdeer|38/100\n|\n|upkeep\n|turn|11\n|inactive|Time left: 300 sec this turn | 300 sec total\n|\n|t:|1783552644\n|move|p2a: Wyrdeer|Psychic Noise|p1a: Dipplin\n|-damage|p1a: Dipplin|91/284 par\n|-start|p1a: Dipplin|move: Heal Block\n|cant|p1a: Dipplin|move: Heal Block|Giga Drain\n|\n|upkeep\n|turn|12\n|inactive|Time left: 300 sec this turn | 300 sec total\n|\n|t:|1783552645\n|move|p2a: Wyrdeer|Megahorn|p1a: Dipplin\n|-supereffective|p1a: Dipplin\n|-damage|p1a: Dipplin|0 fnt\n|faint|p1a: Dipplin\n|\n|upkeep\n|inactive|Time left: 300 sec this turn | 300 sec total | 5 sec grace\n|\n|t:|1783552646\n|switch|p1a: Lokix|Lokix, L82, M|251/251\n|turn|13\n|inactive|Time left: 300 sec this turn | 300 sec total\n|\n|t:|1783552647\n|switch|p2a: Ampharos|Ampharos, L88, F|58/100\n|move|p1a: Lokix|Swords Dance|p1a: Lokix\n|-boost|p1a: Lokix|atk|2\n|\n|upkeep\n|turn|14\n|inactive|Time left: 300 sec this turn | 300 sec total\n|\n|t:|1783552648\n|switch|p2a: Wyrdeer|Wyrdeer, L87, M|38/100\n|-ability|p2a: Wyrdeer|Intimidate|boost\n|-unboost|p1a: Lokix|atk|1\n|move|p1a: Lokix|Knock Off|p2a: Wyrdeer\n|-supereffective|p2a: Wyrdeer\n|-damage|p2a: Wyrdeer|0 fnt\n|-enditem|p2a: Wyrdeer|Assault Vest|[from] move: Knock Off|[of] p1a: Lokix\n|faint|p2a: Wyrdeer\n|-damage|p1a: Lokix|226/251|[from] item: Life Orb\n|\n|upkeep\n|\n|t:|1783552649\n|switch|p2a: Typhlosion|Typhlosion-Hisui, L83, M|100/100\n|turn|15\n|inactive|Time left: 300 sec this turn | 300 sec total\n|\n|t:|1783552651\n|-terastallize|p2a: Typhlosion|Fighting\n|move|p1a: Lokix|Sucker Punch|p2a: Typhlosion\n|-resisted|p2a: Typhlosion\n|-damage|p2a: Typhlosion|40/100\n|-damage|p1a: Lokix|201/251|[from] item: Life Orb\n|move|p2a: Typhlosion|Fire Blast|p1a: Lokix\n|-supereffective|p1a: Lokix\n|-damage|p1a: Lokix|0 fnt\n|faint|p1a: Lokix\n|\n|upkeep\n|inactive|Time left: 300 sec this turn | 300 sec total | 5 sec grace\n|\n|t:|1783552652\n|switch|p1a: Clawitzer|Clawitzer, L87, M|265/265\n|turn|16\n|inactive|Time left: 300 sec this turn | 300 sec total\n|\n|t:|1783552653\n|switch|p2a: Goodra|Goodra, L85, M|100/100\n|move|p1a: Clawitzer|Water Pulse|p2a: Goodra\n|-resisted|p2a: Goodra\n|-damage|p2a: Goodra|92/100\n|-start|p2a: Goodra|confusion\n|\n|upkeep\n|turn|17\n|inactive|Time left: 300 sec this turn | 300 sec total\n|\n|t:|1783552654\n|-activate|p2a: Goodra|confusion\n|-damage|p2a: Goodra|81/100|[from] confusion\n|move|p1a: Clawitzer|Dragon Pulse|p2a: Goodra\n|-supereffective|p2a: Goodra\n|-damage|p2a: Goodra|50/100\n|\n|upkeep\n|turn|18\n|inactive|Time left: 300 sec this turn | 300 sec total\n|\n|t:|1783552655\n|-end|p2a: Goodra|confusion\n|move|p2a: Goodra|Power Whip|p1a: Clawitzer\n|-supereffective|p1a: Clawitzer\n|-damage|p1a: Clawitzer|95/265\n|move|p1a: Clawitzer|Dragon Pulse|p2a: Goodra\n|-supereffective|p2a: Goodra\n|-damage|p2a: Goodra|17/100\n|\n|upkeep\n|turn|19\n|inactive|Time left: 300 sec this turn | 300 sec total\n|\n|t:|1783552657\n|move|p2a: Goodra|Draco Meteor|p1a: Clawitzer|[miss]\n|-miss|p2a: Goodra|p1a: Clawitzer\n|move|p1a: Clawitzer|Dragon Pulse|p2a: Goodra\n|-supereffective|p2a: Goodra\n|-damage|p2a: Goodra|0 fnt\n|faint|p2a: Goodra\n|\n|upkeep\n|\n|t:|1783552658\n|switch|p2a: Electivire|Electivire, L84, F|100/100\n|turn|20\n|inactive|Time left: 300 sec this turn | 300 sec total\n|\n|t:|1783552658\n|switch|p1a: Weezing|Weezing, L88, F|258/258\n|move|p2a: Electivire|Earthquake|p1a: Weezing\n|-immune|p1a: Weezing|[from] ability: Levitate\n|\n|upkeep\n|turn|21\n|inactive|Time left: 300 sec this turn | 300 sec total\n|\n|t:|1783552659\n|move|p2a: Electivire|Bulk Up|p2a: Electivire\n|-boost|p2a: Electivire|atk|1\n|-boost|p2a: Electivire|def|1\n|move|p1a: Weezing|Gunk Shot|p2a: Electivire\n|-damage|p2a: Electivire|62/100\n|\n|upkeep\n|turn|22\n|inactive|Time left: 300 sec this turn | 300 sec total\n|\n|t:|1783552660\n|move|p2a: Electivire|Supercell Slam|p1a: Weezing\n|-damage|p1a: Weezing|71/258\n|-damage|p2a: Electivire|53/100|[from] item: Life Orb\n|move|p1a: Weezing|Gunk Shot|p2a: Electivire\n|-damage|p2a: Electivire|8/100\n|\n|-heal|p1a: Weezing|87/258|[from] item: Leftovers\n|upkeep\n|turn|23\n|inactive|Time left: 300 sec this turn | 300 sec total\n|\n|t:|1783552662\n|move|p2a: Electivire|Supercell Slam|p1a: Weezing\n|-damage|p1a: Weezing|0 fnt\n|faint|p1a: Weezing\n|-damage|p2a: Electivire|0 fnt|[from] item: Life Orb\n|faint|p2a: Electivire\n|\n|upkeep\n|inactive|Time left: 300 sec this turn | 300 sec total | 5 sec grace\n|\n|t:|1783552662\n|switch|p2a: Necrozma|Necrozma, L80|3/100\n|switch|p1a: Oranguru|Oranguru, L92, F|67/315\n|turn|24\n|inactive|Time left: 300 sec this turn | 300 sec total\n|\n|t:|1783552663\n|switch|p1a: Clawitzer|Clawitzer, L87, M|95/265\n|move|p2a: Necrozma|Earthquake|p1a: Clawitzer\n|-damage|p1a: Clawitzer|13/265\n|-damage|p2a: Necrozma|0 fnt|[from] item: Life Orb\n|faint|p2a: Necrozma\n|\n|upkeep\n|\n|t:|1783552664\n|switch|p2a: Typhlosion|Typhlosion-Hisui, L83, M, tera:Fighting|40/100\n|turn|25\n|inactive|Time left: 300 sec this turn | 300 sec total\n|\n|t:|1783552665\n|switch|p1a: Oranguru|Oranguru, L92, F|67/315\n|move|p2a: Typhlosion|Shadow Ball|p1a: Oranguru\n|-immune|p1a: Oranguru\n|\n|upkeep\n|turn|26\n|inactive|Time left: 300 sec this turn | 300 sec total\n|\n|t:|1783552666\n|-terastallize|p1a: Oranguru|Normal\n|move|p2a: Typhlosion|Fire Blast|p1a: Oranguru\n|-damage|p1a: Oranguru|0 fnt\n|faint|p1a: Oranguru\n|\n|upkeep\n|inactive|Time left: 300 sec this turn | 300 sec total | 5 sec grace\n|\n|t:|1783552666\n|switch|p1a: Clawitzer|Clawitzer, L87, M|13/265\n|turn|27\n|inactive|Time left: 300 sec this turn | 300 sec total\n|\n|t:|1783552667\n|move|p2a: Typhlosion|Shadow Ball|p1a: Clawitzer\n|-damage|p1a: Clawitzer|0 fnt\n|faint|p1a: Clawitzer\n|\n|win|p0y11662e4b", "uploadtime": 1783552667, "views": 0, "rating": 0, "private": 0, "password": null, "_winner": "p0y11662e4b", "_our_name": "p0x1166a4cc"}