{"id": "battle-gen9randombattle-2299", "formatid": "gen9randombattle", "format": "[Gen 9] Random Battle", "players": ["p0x2299b2c1", "p0y229976cc"], "log": "|init|battle\n|title|p0x2299b2c1 vs. p0y229976cc\n|j|\u2606p0x2299b2c1\n|j|\u2606p0y229976cc\n|t:|1783566666\n|gametype|singles\n|player|p1|p0x2299b2c1|102|\n|player|p2|p0y229976cc|1|\n|gen|9\n|tier|[Gen 9] Random Battle\n|rule|Species Clause: Limit one of each Pok\u00e9mon\n|rule|HP Percentage Mod: HP is shown in percentages\n|rule|Sleep Clause Mod: Limit one foe put to sleep\n|rule|Illusion Level Mod: Illusion disguises the Pok\u00e9mon's true level\n|\n|t:|1783566666\n|teamsize|p1|6\n|teamsize|p2|6\n|start\n|switch|p1a: Eternatus|Eternatus, L69|100/100\n|switch|p2a: Appletun|Appletun, L92, F|352/352\n|-ability|p1a: Eternatus|Pressure\n|turn|1\n|inactive|Battle timer is ON: inactive players will automatically lose when time's up. (requested by p0y229976cc)\n|inactive|p0x2299b2c1 also wants the timer to be on.\n|\n|t:|1783566668\n|switch|p1a: Amoonguss|Amoonguss, L82, F|100/100\n|move|p2a: Appletun|Draco Meteor|p1a: Amoonguss\n|-damage|p1a: Amoonguss|46/100\n|-unboost|p2a: Appletun|spa|2\n|\n|-heal|p1a: Amoonguss|53/100|[from] item: Leftovers\n|upkeep\n|turn|2\n|inactive|Time left: 300 sec this turn | 300 sec total\n|\n|t:|1783566669\n|switch|p2a: Lunala|Lunala, L70|308/308\n|move|p1a: Amoonguss|Sludge Bomb|p2a: Lunala\n|-resisted|p2a: Lunala\n|-damage|p2a: Lunala|286/308\n|\n|-heal|p2a: Lunala|305/308|[from] item: Leftovers\n|-heal|p1a: Amoonguss|59/100|[from] item: Leftovers\n|upkeep\n|turn|3\n|inactive|Time left: 300 sec this turn | 300 sec total\n|\n|t:|1783566670\n|switch|p1a: Probopass|Probopass, L91, F|100/100\n|move|p2a: Lunala|Psyshock|p1a: Probopass\n|-resisted|p1a: Probopass\n|-damage|p1a: Probopass|90/100\n|\n|-heal|p2a: Lunala|308/308|[from] item: Leftovers\n|-heal|p1a: Probopass|97/100|[from] item: Leftovers\n|upkeep\n|turn|4\n|inactive|Time left: 300 sec this turn | 300 sec total\n|\n|t:|1783566671\n|move|p2a: Lunala|Calm Mind|p2a: Lunala\n|-boost|p2a: Lunala|spa|1\n|-boost|p2a: Lunala|spd|1\n|move|p1a: Probopass|Iron Defense|p1a: Probopass\n|-boost|p1a: Probopass|def|2\n|\n|-heal|p1a: Probopass|100/100|[from] item: Leftovers\n|upkeep\n|turn|5\n|inactive|Time left: 300 sec this turn | 300 sec total\n|\n|t:|1783566672\n|move|p2a: Lunala|Calm Mind|p2a: Lunala\n|-boost|p2a: Lunala|spa|1\n|-boost|p2a: Lunala|spd|1\n|move|p1a: Probopass|Thunder Wave|p2a: Lunala\n|-status|p2a: Lunala|par\n|\n|upkeep\n|turn|6\n|inactive|Time left: 300 sec this turn | 300 sec total\n|\n|t:|1783566673\n|move|p1a: Probopass|Flash Cannon|p2a: Lunala\n|-damage|p2a: Lunala|288/308 par\n|move|p2a: Lunala|Moongeist Beam|p1a: Probopass\n|-damage|p1a: Probopass|50/100\n|\n|-heal|p1a: Probopass|57/100|[from] item: Leftovers\n|-heal|p2a: Lunala|307/308 par|[from] item: Leftovers\n|upkeep\n|turn|7\n|inactive|Time left: 300 sec this turn | 300 sec total\n|\n|t:|1783566674\n|move|p1a: Probopass|Body Press|p2a: Lunala\n|-immune|p2a: Lunala\n|move|p2a: Lunala|Moongeist Beam|p1a: Probopass\n|-damage|p1a: Probopass|8/100\n|\n|-heal|p1a: Probopass|14/100|[from] item: Leftovers\n|-heal|p2a: Lunala|308/308 par|[from] item: Leftovers\n|upkeep\n|turn|8\n|inactive|Time left: 300 sec this turn | 300 sec total\n|\n|t:|1783566675\n|move|p1a: Probopass|Body Press|p2a: Lunala\n|-immune|p2a: Lunala\n|move|p2a: Lunala|Moongeist Beam|p1a: Probopass\n|-damage|p1a: Probopass|0 fnt\n|faint|p1a: Probopass\n|\n|upkeep\n|\n|t:|1783566676\n|switch|p1a: Toedscruel|Toedscruel, L87, F|100/100\n|turn|9\n|inactive|Time left: 300 sec this turn | 300 sec total\n|\n|t:|1783566677\n|move|p1a: Toedscruel|Knock Off|p2a: Lunala\n|-supereffective|p2a: Lunala\n|-damage|p2a: Lunala|166/308 par\n|-enditem|p2a: Lunala|Leftovers|[from] move: Knock Off|[of] p1a: Toedscruel\n|cant|p2a: Lunala|par\n|\n|upkeep\n|turn|10\n|inactive|Time left: 300 sec this turn | 300 sec total\n|\n|t:|1783566678\n|-terastallize|p2a: Lunala|Fairy\n|move|p1a: Toedscruel|Knock Off|p2a: Lunala\n|-resisted|p2a: Lunala\n|-damage|p2a: Lunala|142/308 par\n|move|p2a: Lunala|Psyshock|p1a: Toedscruel\n|-damage|p1a: Toedscruel|33/100\n|\n|-heal|p1a: Toedscruel|39/100|[from] item: Leftovers\n|upkeep\n|turn|11\n|inactive|Time left: 300 sec this turn | 300 sec total\n|\n|t:|1783566680\n|move|p1a: Toedscruel|Giga Drain|p2a: Lunala\n|-damage|p2a: Lunala|103/308 par\n|-heal|p1a: Toedscruel|46/100|[from] drain|[of] p2a: Lunala\n|cant|p2a: Lunala|par\n|\n|-heal|p1a: Toedscruel|52/100|[from] item: Leftovers\n|upkeep\n|turn|12\n|inactive|Time left: 300 sec this turn | 300 sec total\n|\n|t:|1783566681\n|move|p1a: Toedscruel|Earth Power|p2a: Lunala\n|-damage|p2a: Lunala|58/308 par\n|move|p2a: Lunala|Moongeist Beam|p1a: Toedscruel\n|-damage|p1a: Toedscruel|0 fnt\n|faint|p1a: Toedscruel\n|\n|upkeep\n|\n|t:|1783566682\n|switch|p1a: Eternatus|Eternatus, L69|100/100\n|-ability|p1a: Eternatus|Pressure\n|turn|13\n|inactive|Time left: 300 sec this turn | 300 sec total\n|\n|t:|1783566683\n|move|p1a: Eternatus|Sludge Bomb|p2a: Lunala\n|-supereffective|p2a: Lunala\n|-damage|p2a: Lunala|0 fnt\n|faint|p2a: Lunala\n|\n|upkeep\n|inactive|Time left: 300 sec this turn | 300 sec total | 5 sec grace\n|\n|t:|1783566684\n|switch|p2a: Palossand|Palossand, L89, M|296/296\n|turn|14\n|inactive|Time left: 300 sec this turn | 300 sec total\n|\n|t:|1783566685\n|switch|p1a: Amoonguss|Amoonguss, L82, F|92/100\n|move|p2a: Palossand|Earth Power|p1a: Amoonguss\n|-crit|p1a: Amoonguss\n|-damage|p1a: Amoonguss|34/100\n|\n|-heal|p1a: Amoonguss|40/100|[from] item: Leftovers\n|upkeep\n|turn|15\n|inactive|Time left: 300 sec this turn | 300 sec total\n|\n|t:|1783566686\n|move|p2a: Palossand|Earth Power|p1a: Amoonguss\n|-damage|p1a: Amoonguss|5/100\n|move|p1a: Amoonguss|Giga Drain|p2a: Palossand\n|-supereffective|p2a: Palossand\n|-damage|p2a: Palossand|158/296\n|-heal|p1a: Amoonguss|27/100|[from] drain|[of] p2a: Palossand\n|\n|-heal|p2a: Palossand|176/296|[from] item: Leftovers\n|-heal|p1a: Amoonguss|33/100|[from] item: Leftovers\n|upkeep\n|turn|16\n|inactive|Time left: 300 sec this turn | 300 sec total\n|\n|t:|1783566687\n|switch|p1a: Tatsugiri|Tatsugiri, L87, M|100/100\n|move|p2a: Palossand|Earth Power|p1a: Tatsugiri\n|-damage|p1a: Tatsugiri|62/100\n|\n|-heal|p2a: Palossand|194/296|[from] item: Leftovers\n|upkeep\n|turn|17\n|inactive|Time left: 300 sec this turn | 300 sec total\n|\n|t:|1783566688\n|switch|p2a: Appletun|Appletun, L92, F|352/352\n|move|p1a: Tatsugiri|Surf|p2a: Appletun\n|-resisted|p2a: Appletun\n|-damage|p2a: Appletun|322/352\n|\n|-heal|p2a: Appletun|344/352|[from] item: Leftovers\n|upkeep\n|turn|18\n|inactive|Time left: 300 sec this turn | 300 sec total\n|\n|t:|1783566689\n|move|p1a: Tatsugiri|Draco Meteor|p2a: Appletun\n|-supereffective|p2a: Appletun\n|-damage|p2a: Appletun|0 fnt\n|-unboost|p1a: Tatsugiri|spa|2\n|faint|p2a: Appletun\n|\n|upkeep\n|inactive|Time left: 300 sec this turn | 300 sec total | 5 sec grace\n|\n|t:|1783566690\n|switch|p2a: Falinks|Falinks, L84|246/246\n|turn|19\n|inactive|Time left: 300 sec this turn | 300 sec total\n|\n|t:|1783566691\n|move|p1a: Tatsugiri|Draco Meteor|p2a: Falinks\n|-damage|p2a: Falinks|135/246\n|-unboost|p1a: Tatsugiri|spa|2\n|move|p2a: Falinks|No Retreat|p2a: Falinks\n|-boost|p2a: Falinks|atk|1\n|-boost|p2a: Falinks|def|1\n|-boost|p2a: Falinks|spa|1\n|-boost|p2a: Falinks|spd|1\n|-boost|p2a: Falinks|spe|1\n|-start|p2a: Falinks|move: No Retreat\n|\n|upkeep\n|turn|20\n|inactive|Time left: 300 sec this turn | 300 sec total\n|\n|t:|1783566692\n|switch|p1a: Eternatus|Eternatus, L69|100/100\n|-ability|p1a: Eternatus|Pressure\n|move|p2a: Falinks|Knock Off|p1a: Eternatus\n|-damage|p1a: Eternatus|51/100\n|-enditem|p1a: Eternatus|Power Herb|[from] move: Knock Off|[of] p2a: Falinks\n|-damage|p2a: Falinks|111/246|[from] item: Life Orb\n|\n|upkeep\n|turn|21\n|inactive|Time left: 300 sec this turn | 300 sec total\n|\n|t:|1783566693\n|move|p2a: Falinks|Iron Head|p1a: Eternatus\n|-damage|p1a: Eternatus|11/100\n|-damage|p2a: Falinks|87/246|[from] item: Life Orb\n|move|p1a: Eternatus|Dynamax Cannon|p2a: Falinks\n|-damage|p2a: Falinks|5/246\n|\n|upkeep\n|turn|22\n|inactive|Time left: 300 sec this turn | 300 sec total\n|\n|t:|1783566694\n|move|p2a: Falinks|Close Combat|p1a: Eternatus\n|-resisted|p1a: Eternatus\n|-damage|p1a: Eternatus|0 fnt\n|-unboost|p2a: Falinks|def|1\n|-unboost|p2a: Falinks|spd|1\n|faint|p1a: Eternatus\n|-damage|p2a: Falinks|0 fnt|[from] item: Life Orb\n|faint|p2a: Falinks\n|\n|upkeep\n|inactive|Time left: 300 sec this turn | 300 sec total | 5 sec grace\n|\n|t:|1783566695\n|switch|p1a: Amoonguss|Amoonguss, L82, F|67/100\n|switch|p2a: Deoxys|Deoxys, L74|196/196\n|-ability|p2a: Deoxys|Pressure\n|turn|23\n|inactive|Time left: 300 sec this turn | 300 sec total\n|\n|t:|1783566696\n|-terastallize|p1a: Amoonguss|Steel\n|move|p2a: Deoxys|Psycho Boost|p1a: Amoonguss\n|-resisted|p1a: Amoonguss\n|-damage|p1a: Amoonguss|29/100\n|-unboost|p2a: Deoxys|spa|2\n|-damage|p2a: Deoxys|177/196|[from] item: Life Orb\n|move|p1a: Amoonguss|Giga Drain|p2a: Deoxys\n|-damage|p2a: Deoxys|72/196\n|-heal|p1a: Amoonguss|45/100|[from] drain|[of] p2a: Deoxys\n|\n|-heal|p1a: Amoonguss|52/100|[from] item: Leftovers\n|upkeep\n|turn|24\n|inactive|Time left: 300 sec this turn | 300 sec total\n|\n|t:|1783566697\n|switch|p1a: Tatsugiri|Tatsugiri, L87, M|62/100\n|move|p2a: Deoxys|Superpower|p1a: Tatsugiri\n|-damage|p1a: Tatsugiri|1/100\n|-unboost|p2a: Deoxys|atk|1\n|-unboost|p2a: Deoxys|def|1\n|-damage|p2a: Deoxys|53/196|[from] item: Life Orb\n|\n|upkeep\n|turn|25\n|inactive|Time left: 300 sec this turn | 300 sec total\n|\n|t:|1783566698\n|move|p2a: Deoxys|Knock Off|p1a: Tatsugiri\n|-damage|p1a: Tatsugiri|0 fnt\n|-enditem|p1a: Tatsugiri|Heavy-Duty Boots|[from] move: Knock Off|[of] p2a: Deoxys\n|faint|p1a: Tatsugiri\n|-damage|p2a: Deoxys|34/196|[from] item: Life Orb\n|\n|upkeep\n|\n|t:|1783566699\n|switch|p1a: Amoonguss|Amoonguss, L82, F, tera:Steel|85/100\n|turn|26\n|inactive|Time left: 300 sec this turn | 300 sec total\n|\n|t:|1783566700\n|move|p2a: Deoxys|Superpower|p1a: Amoonguss\n|-supereffective|p1a: Amoonguss\n|-damage|p1a: Amoonguss|19/100\n|-unboost|p2a: Deoxys|atk|1\n|-unboost|p2a: Deoxys|def|1\n|-damage|p2a: Deoxys|15/196|[from] item: Life Orb\n|move|p1a: Amoonguss|Spore|p2a: Deoxys\n|-status|p2a: Deoxys|slp|[from] move: Spore\n|\n|-heal|p1a: Amoonguss|25/100|[from] item: Leftovers\n|upkeep\n|turn|27\n|inactive|Time left: 300 sec this turn | 300 sec total\n|\n|t:|1783566701\n|switch|p2a: Palossand|Palossand, L89, M|194/296\n|move|p1a: Amoonguss|Giga Drain|p2a: Palossand\n|-supereffective|p2a: Palossand\n|-damage|p2a: Palossand|54/296\n|-heal|p1a: Amoonguss|47/100|[from] drain|[of] p2a: Palossand\n|\n|-heal|p2a: Palossand|72/296|[from] item: Leftovers\n|-heal|p1a: Amoonguss|53/100|[from] item: Leftovers\n|upkeep\n|turn|28\n|inactive|Time left: 300 sec this turn | 300 sec total\n|\n|t:|1783566702\n|switch|p1a: Ditto|Ditto, L87|100/100\n|-transform|p1a: Ditto|p2a: Palossand|[from] ability: Imposter\n|move|p2a: Palossand|Earth Power|p1a: Ditto\n|-damage|p1a: Ditto|52/100\n|\n|-heal|p2a: Palossand|90/296|[from] item: Leftovers\n|upkeep\n|turn|29\n|inactive|Time left: 300 sec this turn | 300 sec total\n|\n|t:|1783566703\n|move|p1a: Ditto|Shadow Ball|p2a: Palossand\n|-supereffective|p2a: Palossand\n|-damage|p2a: Palossand|0 fnt\n|faint|p2a: Palossand\n|\n|upkeep\n|inactive|Time left: 300 sec this turn | 300 sec total | 5 sec grace\n|\n|t:|1783566703\n|switch|p2a: Skarmory|Skarmory, L80, F|235/235\n|turn|30\n|inactive|Time left: 300 sec this turn | 300 sec total\n|\n|t:|1783566704\n|switch|p1a: Amoonguss|Amoonguss, L82, F, tera:Steel|87/100\n|move|p2a: Skarmory|Brave Bird|p1a: Amoonguss\n|-resisted|p1a: Amoonguss\n|-damage|p1a: Amoonguss|69/100\n|-damage|p2a: Skarmory|217/235|[from] Recoil\n|\n|-heal|p1a: Amoonguss|76/100|[from] item: Leftovers\n|upkeep\n|turn|31\n|inactive|Time left: 300 sec this turn | 300 sec total\n|\n|t:|1783566705\n|move|p2a: Skarmory|Stealth Rock|p1a: Amoonguss\n|-sidestart|p1: p0x2299b2c1|move: Stealth Rock\n|move|p1a: Amoonguss|Giga Drain|p2a: Skarmory\n|-resisted|p2a: Skarmory\n|-damage|p2a: Skarmory|197/235\n|-heal|p1a: Amoonguss|79/100|[from] drain|[of] p2a: Skarmory\n|\n|-heal|p1a: Amoonguss|85/100|[from] item: Leftovers\n|upkeep\n|turn|32\n|inactive|Time left: 300 sec this turn | 300 sec total\n|\n|t:|1783566706\n|move|p1a: Amoonguss|Giga Drain|p2a: Skarmory\n|-resisted|p2a: Skarmory\n|-damage|p2a: Skarmory|176/235\n|-heal|p1a: Amoonguss|88/100|[from] drain|[of] p2a: Skarmory\n|move|p2a: Skarmory|Whirlwind|p1a: Amoonguss\n|drag|p1a: Ditto|Ditto, L87|52/100\n|-damage|p1a: Ditto|40/100|[from] Stealth Rock\n|-transform|p1a: Ditto|p2a: Skarmory|[from] ability: Imposter\n|\n|upkeep\n|turn|33\n|inactive|Time left: 300 sec this turn | 300 sec total\n|\n|t:|1783566707\n|move|p1a: Ditto|Roost|p1a: Ditto\n|-heal|p1a: Ditto|90/100\n|-singleturn|p1a: Ditto|move: Roost\n|move|p2a: Skarmory|Roost|p2a: Skarmory\n|-heal|p2a: Skarmory|235/235\n|-singleturn|p2a: Skarmory|move: Roost\n|\n|upkeep\n|turn|34\n|inactive|Time left: 300 sec this turn | 300 sec total\n|\n|t:|1783566708\n|move|p1a: Ditto|Roost|p1a: Ditto\n|-heal|p1a: Ditto|100/100\n|-singleturn|p1a: Ditto|move: Roost\n|move|p2a: Skarmory|Brave Bird|p1a: Ditto\n|-resisted|p1a: Ditto\n|-damage|p1a: Ditto|84/100\n|-damage|p2a: Skarmory|223/235|[from] Recoil\n|\n|upkeep\n|turn|35\n|inactive|Time left: 300 sec this turn | 300 sec total\n|\n|t:|1783566709\n|move|p1a: Ditto|Roost|p1a: Ditto\n|-heal|p1a: Ditto|100/100\n|-singleturn|p1a: Ditto|move: Roost\n|move|p2a: Skarmory|Whirlwind|p1a: Ditto\n|drag|p1a: Amoonguss|Amoonguss, L82, F, tera:Steel|100/100\n|-damage|p1a: Amoonguss|94/100|[from] Stealth Rock\n|\n|-heal|p1a: Amoonguss|100/100|[from] item: Leftovers\n|upkeep\n|turn|36\n|inactive|Time left: 300 sec this turn | 300 sec total\n|\n|t:|1783566710\n|move|p1a: Amoonguss|Giga Drain|p2a: Skarmory\n|-resisted|p2a: Skarmory\n|-damage|p2a: Skarmory|202/235\n|move|p2a: Skarmory|Whirlwind|p1a: Amoonguss\n|drag|p1a: Ditto|Ditto, L87|100/100\n|-damage|p1a: Ditto|88/100|[from] Stealth Rock\n|-transform|p1a: Ditto|p2a: Skarmory|[from] ability: Imposter\n|\n|upkeep\n|turn|37\n|inactive|Time left: 300 sec this turn | 300 sec total\n|\n|t:|1783566712\n|move|p1a: Ditto|Roost|p1a: Ditto\n|-heal|p1a: Ditto|100/100\n|-singleturn|p1a: Ditto|move: Roost\n|move|p2a: Skarmory|Whirlwind|p1a: Ditto\n|drag|p1a: Amoonguss|Amoonguss, L82, F, tera:Steel|100/100\n|-damage|p1a: Amoonguss|94/100|[from] Stealth Rock\n|\n|-heal|p1a: Amoonguss|100/100|[from] item: Leftovers\n|upkeep\n|turn|38\n|inactive|Time left: 300 sec this turn | 300 sec total\n|\n|t:|1783566713\n|move|p1a: Amoonguss|Giga Drain|p2a: Skarmory\n|-resisted|p2a: Skarmory\n|-damage|p2a: Skarmory|181/235\n|move|p2a: Skarmory|Whirlwind|p1a: Amoonguss\n|drag|p1a: Ditto|Ditto, L87|100/100\n|-damage|p1a: Ditto|88/100|[from] Stealth Rock\n|-transform|p1a: Ditto|p2a: Skarmory|[from] ability: Imposter\n|\n|upkeep\n|turn|39\n|inactive|Time left: 300 sec this turn | 300 sec total\n|\n|t:|1783566714\n|move|p1a: Ditto|Stealth Rock|p2a: Skarmory\n|-sidestart|p2: p0y229976cc|move: Stealth Rock\n|move|p2a: Skarmory|Roost|p2a: Skarmory\n|-heal|p2a: Skarmory|235/235\n|-singleturn|p2a: Skarmory|move: Roost\n|\n|upkeep\n|turn|40\n|inactive|Time left: 300 sec this turn | 300 sec total\n|\n|t:|1783566715\n|switch|p1a: Amoonguss|Amoonguss, L82, F, tera:Steel|100/100\n|-damage|p1a: Amoonguss|94/100|[from] Stealth Rock\n|move|p2a: Skarmory|Whirlwind|p1a: Amoonguss\n|drag|p1a: Ditto|Ditto, L87|88/100\n|-damage|p1a: Ditto|76/100|[from] Stealth Rock\n|-transform|p1a: Ditto|p2a: Skarmory|[from] ability: Imposter\n|\n|upkeep\n|turn|41\n|inactive|Time left: 300 sec this turn | 300 sec total\n|\n|t:|1783566716\n|move|p1a: Ditto|Roost|p1a: Ditto\n|-heal|p1a: Ditto|100/100\n|-singleturn|p1a: Ditto|move: Roost\n|move|p2a: Skarmory|Whirlwind|p1a: Ditto\n|drag|p1a: Amoonguss|Amoonguss, L82, F, tera:Steel|100/100\n|-damage|p1a: Amoonguss|94/100|[from] Stealth Rock\n|\n|-heal|p1a: Amoonguss|100/100|[from] item: Leftovers\n|upkeep\n|turn|42\n|inactive|Time left: 300 sec this turn | 300 sec total\n|\n|t:|1783566717\n|move|p1a: Amoonguss|Giga Drain|p2a: Skarmory\n|-resisted|p2a: Skarmory\n|-damage|p2a: Skarmory|216/235\n|move|p2a: Skarmory|Whirlwind|p1a: Amoonguss\n|drag|p1a: Ditto|Ditto, L87|100/100\n|-damage|p1a: Ditto|88/100|[from] Stealth Rock\n|-transform|p1a: Ditto|p2a: Skarmory|[from] ability: Imposter\n|\n|upkeep\n|turn|43\n|inactive|Time left: 300 sec this turn | 300 sec total\n|\n|t:|1783566718\n|move|p1a: Ditto|Roost|p1a: Ditto\n|-heal|p1a: Ditto|100/100\n|-singleturn|p1a: Ditto|move: Roost\n|move|p2a: Skarmory|Whirlwind|p1a: Ditto\n|drag|p1a: Amoonguss|Amoonguss, L82, F, tera:Steel|100/100\n|-damage|p1a: Amoonguss|94/100|[from] Stealth Rock\n|\n|-heal|p1a: Amoonguss|100/100|[from] item: Leftovers\n|upkeep\n|turn|44\n|inactive|Time left: 300 sec this turn | 300 sec total\n|\n|t:|1783566719\n|move|p1a: Amoonguss|Giga Drain|p2a: Skarmory\n|-resisted|p2a: Skarmory\n|-damage|p2a: Skarmory|193/235\n|move|p2a: Skarmory|Whirlwind|p1a: Amoonguss\n|drag|p1a: Ditto|Ditto, L87|100/100\n|-damage|p1a: Ditto|88/100|[from] Stealth Rock\n|-transform|p1a: Ditto|p2a: Skarmory|[from] ability: Imposter\n|\n|upkeep\n|turn|45\n|inactive|Time left: 300 sec this turn | 300 sec total\n|\n|t:|1783566720\n|move|p1a: Ditto|Roost|p1a: Ditto\n|-heal|p1a: Ditto|100/100\n|-singleturn|p1a: Ditto|move: Roost\n|move|p2a: Skarmory|Whirlwind|p1a: Ditto\n|drag|p1a: Amoonguss|Amoonguss, L82, F, tera:Steel|100/100\n|-damage|p1a: Amoonguss|94/100|[from] Stealth Rock\n|\n|-heal|p1a: Amoonguss|100/100|[from] item: Leftovers\n|upkeep\n|turn|46\n|inactive|Time left: 300 sec this turn | 300 sec total\n|\n|t:|1783566721\n|move|p1a: Amoonguss|Giga Drain|p2a: Skarmory\n|-resisted|p2a: Skarmory\n|-damage|p2a: Skarmory|174/235\n|move|p2a: Skarmory|Whirlwind|p1a: Amoonguss\n|drag|p1a: Ditto|Ditto, L87|100/100\n|-damage|p1a: Ditto|88/100|[from] Stealth Rock\n|-transform|p1a: Ditto|p2a: Skarmory|[from] ability: Imposter\n|\n|upkeep\n|turn|47\n|inactive|Time left: 300 sec this turn | 300 sec total\n|\n|t:|1783566723\n|move|p1a: Ditto|Roost|p1a: Ditto\n|-heal|p1a: Ditto|100/100\n|-singleturn|p1a: Ditto|move: Roost\n|move|p2a: Skarmory|Roost|p2a: Skarmory\n|-heal|p2a: Skarmory|235/235\n|-singleturn|p2a: Skarmory|move: Roost\n|\n|upkeep\n|turn|48\n|inactive|Time left: 300 sec this turn | 300 sec total\n|\n|t:|1783566724\n|move|p1a: Ditto|Roost||[still]\n|-fail|p1a: Ditto|heal\n|move|p2a: Skarmory|Whirlwind|p1a: Ditto\n|drag|p1a: Amoonguss|Amoonguss, L82, F, tera:Steel|100/100\n|-damage|p1a: Amoonguss|94/100|[from] Stealth Rock\n|\n|-heal|p1a: Amoonguss|100/100|[from] item: Leftovers\n|upkeep\n|turn|49\n|inactive|Time left: 300 sec this turn | 300 sec total\n|\n|t:|1783566725\n|move|p1a: Amoonguss|Giga Drain|p2a: Skarmory\n|-resisted|p2a: Skarmory\n|-damage|p2a: Skarmory|215/235\n|move|p2a: Skarmory|Whirlwind|p1a: Amoonguss\n|drag|p1a: Ditto|Ditto, L87|100/100\n|-damage|p1a: Ditto|88/100|[from] Stealth Rock\n|-transform|p1a: Ditto|p2a: Skarmory|[from] ability: Imposter\n|\n|upkeep\n|turn|50\n|inactive|Time left: 300 sec this turn | 300 sec total\n|\n|t:|1783566726\n|move|p1a: Ditto|Roost|p1a: Ditto\n|-heal|p1a: Ditto|100/100\n|-singleturn|p1a: Ditto|move: Roost\n|move|p2a: Skarmory|Whirlwind|p1a: Ditto\n|drag|p1a: Amoonguss|Amoonguss, L82, F, tera:Steel|100/100\n|-damage|p1a: Amoonguss|94/100|[from] Stealth Rock\n|\n|-heal|p1a: Amoonguss|100/100|[from] item: Leftovers\n|upkeep\n|turn|51\n|inactive|Time left: 300 sec this turn | 300 sec total\n|\n|t:|1783566727\n|move|p1a: Amoonguss|Giga Drain|p2a: Skarmory\n|-resisted|p2a: Skarmory\n|-damage|p2a: Skarmory|193/235\n|move|p2a: Skarmory|Whirlwind|p1a: Amoonguss\n|drag|p1a: Ditto|Ditto, L87|100/100\n|-damage|p1a: Ditto|88/100|[from] Stealth Rock\n|-transform|p1a: Ditto|p2a: Skarmory|[from] ability: Imposter\n|\n|upkeep\n|turn|52\n|inactive|Time left: 300 sec this turn | 300 sec total\n|\n|t:|1783566728\n|move|p1a: Ditto|Roost|p1a: Ditto\n|-heal|p1a: Ditto|100/100\n|-singleturn|p1a: Ditto|move: Roost\n|move|p2a: Skarmory|Roost|p2a: Skarmory\n|-heal|p2a: Skarmory|235/235\n|-singleturn|p2a: Skarmory|move: Roost\n|\n|upkeep\n|turn|53\n|inactive|Time left: 300 sec this turn | 300 sec total\n|\n|t:|1783566729\n|move|p1a: Ditto|Roost||[still]\n|-fail|p1a: Ditto|heal\n|move|p2a: Skarmory|Whirlwind|p1a: Ditto\n|drag|p1a: Amoonguss|Amoonguss, L82, F, tera:Steel|100/100\n|-damage|p1a: Amoonguss|94/100|[from] Stealth Rock\n|\n|-heal|p1a: Amoonguss|100/100|[from] item: Leftovers\n|upkeep\n|turn|54\n|inactive|Time left: 300 sec this turn | 300 sec total\n|\n|t:|1783566730\n|move|p1a: Amoonguss|Giga Drain|p2a: Skarmory\n|-resisted|p2a: Skarmory\n|-damage|p2a: Skarmory|216/235\n|move|p2a: Skarmory|Whirlwind|p1a: Amoonguss\n|drag|p1a: Ditto|Ditto, L87|100/100\n|-damage|p1a: Ditto|88/100|[from] Stealth Rock\n|-transform|p1a: Ditto|p2a: Skarmory|[from] ability: Imposter\n|\n|upkeep\n|turn|55\n|inactive|Time left: 300 sec this turn | 300 sec total\n|\n|t:|1783566731\n|move|p1a: Ditto|Roost|p1a: Ditto\n|-heal|p1a: Ditto|100/100\n|-singleturn|p1a: Ditto|move: Roost\n|move|p2a: Skarmory|Whirlwind|p1a: Ditto\n|drag|p1a: Amoonguss|Amoonguss, L82, F, tera:Steel|100/100\n|-damage|p1a: Amoonguss|94/100|[from] Stealth Rock\n|\n|-heal|p1a: Amoonguss|100/100|[from] item: Leftovers\n|upkeep\n|turn|56\n|inactive|Time left: 300 sec this turn | 300 sec total\n|\n|t:|1783566732\n|move|p1a: Amoonguss|Giga Drain|p2a: Skarmory\n|-resisted|p2a: Skarmory\n|-damage|p2a: Skarmory|196/235\n|move|p2a: Skarmory|Whirlwind|p1a: Amoonguss\n|drag|p1a: Ditto|Ditto, L87|100/100\n|-damage|p1a: Ditto|88/100|[from] Stealth Rock\n|-transform|p1a: Ditto|p2a: Skarmory|[from] ability: Imposter\n|\n|upkeep\n|turn|57\n|inactive|Time left: 300 sec this turn | 300 sec total\n|\n|t:|1783566733\n|move|p1a: Ditto|Roost|p1a: Ditto\n|-heal|p1a: Ditto|100/100\n|-singleturn|p1a: Ditto|move: Roost\n|move|p2a: Skarmory|Roost|p2a: Skarmory\n|-heal|p2a: Skarmory|235/235\n|-singleturn|p2a: Skarmory|move: Roost\n|\n|upkeep\n|turn|58\n|inactive|Time left: 300 sec this turn | 300 sec total\n|\n|t:|1783566734\n|move|p1a: Ditto|Roost||[still]\n|-fail|p1a: Ditto|heal\n|move|p2a: Skarmory|Whirlwind|p1a: Ditto\n|drag|p1a: Amoonguss|Amoonguss, L82, F, tera:Steel|100/100\n|-damage|p1a: Amoonguss|94/100|[from] Stealth Rock\n|\n|-heal|p1a: Amoonguss|100/100|[from] item: Leftovers\n|upkeep\n|turn|59\n|inactive|Time left: 300 sec this turn | 300 sec total\n|\n|t:|1783566735\n|move|p1a: Amoonguss|Giga Drain|p2a: Skarmory\n|-resisted|p2a: Skarmory\n|-damage|p2a: Skarmory|212/235\n|move|p2a: Skarmory|Whirlwind|p1a: Amoonguss\n|drag|p1a: Ditto|Ditto, L87|100/100\n|-damage|p1a: Ditto|88/100|[from] Stealth Rock\n|-transform|p1a: Ditto|p2a: Skarmory|[from] ability: Imposter\n|\n|upkeep\n|turn|60\n|inactive|Time left: 300 sec this turn | 300 sec total\n|\n|t:|1783566736\n|move|p1a: Ditto|Roost|p1a: Ditto\n|-heal|p1a: Ditto|100/100\n|-singleturn|p1a: Ditto|move: Roost\n|move|p2a: Skarmory|Whirlwind|p1a: Ditto\n|drag|p1a: Amoonguss|Amoonguss, L82, F, tera:Steel|100/100\n|-damage|p1a: Amoonguss|94/100|[from] Stealth Rock\n|\n|-heal|p1a: Amoonguss|100/100|[from] item: Leftovers\n|upkeep\n|turn|61\n|inactive|Time left: 300 sec this turn | 300 sec total\n|\n|t:|1783566737\n|move|p1a: Amoonguss|Sludge Bomb|p2a: Skarmory\n|-immune|p2a: Skarmory\n|move|p2a: Skarmory|Whirlwind|p1a: Amoonguss\n|drag|p1a: Ditto|Ditto, L87|100/100\n|-damage|p1a: Ditto|88/100|[from] Stealth Rock\n|-transform|p1a: Ditto|p2a: Skarmory|[from] ability: Imposter\n|\n|upkeep\n|turn|62\n|inactive|Time left: 300 sec this turn | 300 sec total\n|\n|t:|1783566738\n|move|p1a: Ditto|Roost|p1a: Ditto\n|-heal|p1a: Ditto|100/100\n|-singleturn|p1a: Ditto|move: Roost\n|move|p2a: Skarmory|Whirlwind|p1a: Ditto\n|drag|p1a: Amoonguss|Amoonguss, L82, F, tera:Steel|100/100\n|-damage|p1a: Amoonguss|94/100|[from] Stealth Rock\n|\n|-heal|p1a: Amoonguss|100/100|[from] item: Leftovers\n|upkeep\n|turn|63\n|inactive|Time left: 300 sec this turn | 300 sec total\n|\n|t:|1783566739\n|move|p1a: Amoonguss|Spore|p2a: Skarmory\n|-message|Sleep Clause Mod activated.\n|-hint|Sleep Clause Mod prevents players from putting more than one of their opponent's Pok\u00e9mon to sleep at a time\n|move|p2a: Skarmory|Whirlwind|p1a: Amoonguss\n|drag|p1a: Ditto|Ditto, L87|100/100\n|-damage|p1a: Ditto|88/100|[from] Stealth Rock\n|-transform|p1a: Ditto|p2a: Skarmory|[from] ability: Imposter\n|\n|upkeep\n|turn|64\n|inactive|Time left: 300 sec this turn | 300 sec total\n|\n|t:|1783566740\n|move|p1a: Ditto|Roost|p1a: Ditto\n|-heal|p1a: Ditto|100/100\n|-singleturn|p1a: Ditto|move: Roost\n|move|p2a: Skarmory|Whirlwind|p1a: Ditto\n|drag|p1a: Amoonguss|Amoonguss, L82, F, tera:Steel|100/100\n|-damage|p1a: Amoonguss|94/100|[from] Stealth Rock\n|\n|-heal|p1a: Amoonguss|100/100|[from] item: Leftovers\n|upkeep\n|turn|65\n|inactive|Time left: 300 sec this turn | 300 sec total\n|\n|t:|1783566741\n|move|p1a: Amoonguss|Sludge Bomb|p2a: Skarmory\n|-immune|p2a: Skarmory\n|move|p2a: Skarmory|Whirlwind|p1a: Amoonguss\n|drag|p1a: Ditto|Ditto, L87|100/100\n|-damage|p1a: Ditto|88/100|[from] Stealth Rock\n|-transform|p1a: Ditto|p2a: Skarmory|[from] ability: Imposter\n|\n|upkeep\n|turn|66\n|inactive|Time left: 300 sec this turn | 300 sec total\n|\n|t:|1783566742\n|move|p1a: Ditto|Roost|p1a: Ditto\n|-heal|p1a: Ditto|100/100\n|-singleturn|p1a: Ditto|move: Roost\n|move|p2a: Skarmory|Whirlwind|p1a: Ditto\n|drag|p1a: Amoonguss|Amoonguss, L82, F, tera:Steel|100/100\n|-damage|p1a: Amoonguss|94/100|[from] Stealth Rock\n|\n|-heal|p1a: Amoonguss|100/100|[from] item: Leftovers\n|upkeep\n|turn|67\n|inactive|Time left: 300 sec this turn | 300 sec total\n|\n|t:|1783566742\n|move|p1a: Amoonguss|Toxic|p2a: Skarmory\n|-immune|p2a: Skarmory\n|move|p2a: Skarmory|Whirlwind|p1a: Amoonguss\n|drag|p1a: Ditto|Ditto, L87|100/100\n|-damage|p1a: Ditto|88/100|[from] Stealth Rock\n|-transform|p1a: Ditto|p2a: Skarmory|[from] ability: Imposter\n|\n|upkeep\n|turn|68\n|inactive|Time left: 300 sec this turn | 300 sec total\n|\n|t:|1783566743\n|move|p1a: Ditto|Roost|p1a: Ditto\n|-heal|p1a: Ditto|100/100\n|-singleturn|p1a: Ditto|move: Roost\n|move|p2a: Skarmory|Whirlwind|p1a: Ditto\n|drag|p1a: Amoonguss|Amoonguss, L82, F, tera:Steel|100/100\n|-damage|p1a: Amoonguss|94/100|[from] Stealth Rock\n|\n|-heal|p1a: Amoonguss|100/100|[from] item: Leftovers\n|upkeep\n|turn|69\n|inactive|Time left: 300 sec this turn | 300 sec total\n|\n|t:|1783566744\n|move|p1a: Amoonguss|Sludge Bomb|p2a: Skarmory\n|-immune|p2a: Skarmory\n|move|p2a: Skarmory|Whirlwind|p1a: Amoonguss\n|drag|p1a: Ditto|Ditto, L87|100/100\n|-damage|p1a: Ditto|88/100|[from] Stealth Rock\n|-transform|p1a: Ditto|p2a: Skarmory|[from] ability: Imposter\n|\n|upkeep\n|turn|70\n|inactive|Time left: 300 sec this turn | 300 sec total\n|\n|t:|1783566745\n|move|p1a: Ditto|Roost|p1a: Ditto\n|-heal|p1a: Ditto|100/100\n|-singleturn|p1a: Ditto|move: Roost\n|move|p2a: Skarmory|Roost|p2a: Skarmory\n|-heal|p2a: Skarmory|235/235\n|-singleturn|p2a: Skarmory|move: Roost\n|\n|upkeep\n|turn|71\n|inactive|Time left: 300 sec this turn | 300 sec total\n|\n|t:|1783566746\n|switch|p1a: Amoonguss|Amoonguss, L82, F, tera:Steel|100/100\n|-damage|p1a: Amoonguss|94/100|[from] Stealth Rock\n|move|p2a: Skarmory|Brave Bird|p1a: Amoonguss\n|-resisted|p1a: Amoonguss\n|-damage|p1a: Amoonguss|76/100\n|-damage|p2a: Skarmory|216/235|[from] Recoil\n|\n|-heal|p1a: Amoonguss|82/100|[from] item: Leftovers\n|upkeep\n|turn|72\n|inactive|Time left: 300 sec this turn | 300 sec total\n|\n|t:|1783566747\n|move|p2a: Skarmory|Brave Bird|p1a: Amoonguss\n|-resisted|p1a: Amoonguss\n|-damage|p1a: Amoonguss|64/100\n|-damage|p2a: Skarmory|196/235|[from] Recoil\n|move|p1a: Amoonguss|Sludge Bomb|p2a: Skarmory\n|-immune|p2a: Skarmory\n|\n|-heal|p1a: Amoonguss|70/100|[from] item: Leftovers\n|upkeep\n|turn|73\n|inactive|Time left: 300 sec this turn | 300 sec total\n|\n|t:|1783566748\n|move|p2a: Skarmory|Brave Bird|p1a: Amoonguss\n|-resisted|p1a: Amoonguss\n|-damage|p1a: Amoonguss|50/100\n|-damage|p2a: Skarmory|175/235|[from] Recoil\n|move|p1a: Amoonguss|Spore|p2a: Skarmory\n|-message|Sleep Clause Mod activated.\n|-hint|Sleep Clause Mod prevents players from putting more than one of their opponent's Pok\u00e9mon to sleep at a time\n|\n|-heal|p1a: Amoonguss|57/100|[from] item: Leftovers\n|upkeep\n|turn|74\n|inactive|Time left: 300 sec this turn | 300 sec total\n|\n|t:|1783566749\n|move|p2a: Skarmory|Brave Bird|p1a: Amoonguss\n|-resisted|p1a: Amoonguss\n|-damage|p1a: Amoonguss|37/100\n|-damage|p2a: Skarmory|155/235|[from] Recoil\n|move|p1a: Amoonguss|Sludge Bomb|p2a: Skarmory\n|-immune|p2a: Skarmory\n|\n|-heal|p1a: Amoonguss|43/100|[from] item: Leftovers\n|upkeep\n|turn|75\n|inactive|Time left: 300 sec this turn | 300 sec total\n|\n|t:|1783566750\n|move|p2a: Skarmory|Brave Bird|p1a: Amoonguss\n|-resisted|p1a: Amoonguss\n|-damage|p1a: Amoonguss|24/100\n|-damage|p2a: Skarmory|134/235|[from] Recoil\n|move|p1a: Amoonguss|Spore|p2a: Skarmory\n|-message|Sleep Clause Mod activated.\n|-hint|Sleep Clause Mod prevents players from putting more than one of their opponent's Pok\u00e9mon to sleep at a time\n|\n|-heal|p1a: Amoonguss|30/100|[from] item: Leftovers\n|upkeep\n|turn|76\n|inactive|Time left: 300 sec this turn | 300 sec total\n|\n|t:|1783566751\n|switch|p1a: Ditto|Ditto, L87|100/100\n|-damage|p1a: Ditto|88/100|[from] Stealth Rock\n|-transform|p1a: Ditto|p2a: Skarmory|[from] ability: Imposter\n|move|p2a: Skarmory|Brave Bird|p1a: Ditto\n|-resisted|p1a: Ditto\n|-damage|p1a: Ditto|72/100\n|-damage|p2a: Skarmory|122/235|[from] Recoil\n|\n|upkeep\n|turn|77\n|inactive|Time left: 300 sec this turn | 300 sec total\n|\n|t:|1783566752\n|move|p1a: Ditto|Roost|p1a: Ditto\n|-heal|p1a: Ditto|100/100\n|-singleturn|p1a: Ditto|move: Roost\n|move|p2a: Skarmory|Roost|p2a: Skarmory\n|-heal|p2a: Skarmory|235/235\n|-singleturn|p2a: Skarmory|move: Roost\n|\n|upkeep\n|turn|78\n|inactive|Time left: 300 sec this turn | 300 sec total\n|\n|t:|1783566753\n|switch|p1a: Amoonguss|Amoonguss, L82, F, tera:Steel|63/100\n|-damage|p1a: Amoonguss|57/100|[from] Stealth Rock\n|move|p2a: Skarmory|Brave Bird|p1a: Amoonguss\n|-resisted|p1a: Amoonguss\n|-damage|p1a: Amoonguss|38/100\n|-damage|p2a: Skarmory|215/235|[from] Recoil\n|\n|-heal|p1a: Amoonguss|44/100|[from] item: Leftovers\n|upkeep\n|turn|79\n|inactive|Time left: 300 sec this turn | 300 sec total\n|\n|t:|1783566754\n|move|p2a: Skarmory|Brave Bird|p1a: Amoonguss\n|-resisted|p1a: Amoonguss\n|-damage|p1a: Amoonguss|26/100\n|-damage|p2a: Skarmory|196/235|[from] Recoil\n|move|p1a: Amoonguss|Toxic|p2a: Skarmory\n|-immune|p2a: Skarmory\n|\n|-heal|p1a: Amoonguss|32/100|[from] item: Leftovers\n|upkeep\n|turn|80\n|inactive|Time left: 300 sec this turn | 300 sec total\n|\n|t:|1783566755\n|switch|p1a: Ditto|Ditto, L87|100/100\n|-damage|p1a: Ditto|88/100|[from] Stealth Rock\n|-transform|p1a: Ditto|p2a: Skarmory|[from] ability: Imposter\n|move|p2a: Skarmory|Brave Bird|p1a: Ditto\n|-resisted|p1a: Ditto\n|-damage|p1a: Ditto|71/100\n|-damage|p2a: Skarmory|183/235|[from] Recoil\n|\n|upkeep\n|turn|81\n|inactive|Time left: 300 sec this turn | 300 sec total\n|\n|t:|1783566756\n|move|p1a: Ditto|Roost|p1a: Ditto\n|-heal|p1a: Ditto|100/100\n|-singleturn|p1a: Ditto|move: Roost\n|move|p2a: Skarmory|Roost|p2a: Skarmory\n|-heal|p2a: Skarmory|235/235\n|-singleturn|p2a: Skarmory|move: Roost\n|\n|upkeep\n|turn|82\n|inactive|Time left: 300 sec this turn | 300 sec total\n|\n|t:|1783566757\n|move|p1a: Ditto|Roost||[still]\n|-fail|p1a: Ditto|heal\n|move|p2a: Skarmory|Brave Bird|p1a: Ditto\n|-resisted|p1a: Ditto\n|-damage|p1a: Ditto|84/100\n|-damage|p2a: Skarmory|223/235|[from] Recoil\n|\n|upkeep\n|turn|83\n|inactive|Time left: 300 sec this turn | 300 sec total\n|\n|t:|1783566759\n|move|p1a: Ditto|Roost|p1a: Ditto\n|-heal|p1a: Ditto|100/100\n|-singleturn|p1a: Ditto|move: Roost\n|move|p2a: Skarmory|Brave Bird|p1a: Ditto\n|-resisted|p1a: Ditto\n|-damage|p1a: Ditto|83/100\n|-damage|p2a: Skarmory|210/235|[from] Recoil\n|\n|upkeep\n|turn|84\n|inactive|Time left: 300 sec this turn | 300 sec total\n|\n|t:|1783566760\n|move|p1a: Ditto|Roost|p1a: Ditto\n|-heal|p1a: Ditto|100/100\n|-singleturn|p1a: Ditto|move: Roost\n|move|p2a: Skarmory|Brave Bird|p1a: Ditto\n|-resisted|p1a: Ditto\n|-damage|p1a: Ditto|83/100\n|-damage|p2a: Skarmory|197/235|[from] Recoil\n|\n|upkeep\n|turn|85\n|inactive|Time left: 300 sec this turn | 300 sec total\n|\n|t:|1783566761\n|move|p1a: Ditto|Roost|p1a: Ditto\n|-heal|p1a: Ditto|100/100\n|-singleturn|p1a: Ditto|move: Roost\n|move|p2a: Skarmory|Brave Bird|p1a: Ditto\n|-resisted|p1a: Ditto\n|-damage|p1a: Ditto|84/100\n|-damage|p2a: Skarmory|185/235|[from] Recoil\n|\n|upkeep\n|turn|86\n|inactive|Time left: 300 sec this turn | 300 sec total\n|\n|t:|1783566762\n|switch|p1a: Amoonguss|Amoonguss, L82, F, tera:Steel|66/100\n|-damage|p1a: Amoonguss|59/100|[from] Stealth Rock\n|move|p2a: Skarmory|Brave Bird|p1a: Amoonguss\n|-resisted|p1a: Amoonguss\n|-damage|p1a: Amoonguss|39/100\n|-damage|p2a: Skarmory|164/235|[from] Recoil\n|\n|-heal|p1a: Amoonguss|46/100|[from] item: Leftovers\n|upkeep\n|turn|87\n|inactive|Time left: 300 sec this turn | 300 sec total\n|\n|t:|1783566763\n|move|p2a: Skarmory|Brave Bird|p1a: Amoonguss\n|-resisted|p1a: Amoonguss\n|-damage|p1a: Amoonguss|26/100\n|-damage|p2a: Skarmory|143/235|[from] Recoil\n|move|p1a: Amoonguss|Sludge Bomb|p2a: Skarmory\n|-immune|p2a: Skarmory\n|\n|-heal|p1a: Amoonguss|32/100|[from] item: Leftovers\n|upkeep\n|turn|88\n|inactive|Time left: 300 sec this turn | 300 sec total\n|\n|t:|1783566764\n|switch|p1a: Ditto|Ditto, L87|84/100\n|-damage|p1a: Ditto|72/100|[from] Stealth Rock\n|-transform|p1a: Ditto|p2a: Skarmory|[from] ability: Imposter\n|move|p2a: Skarmory|Brave Bird|p1a: Ditto\n|-resisted|p1a: Ditto\n|-damage|p1a: Ditto|56/100\n|-damage|p2a: Skarmory|131/235|[from] Recoil\n|\n|upkeep\n|turn|89\n|inactive|Time left: 300 sec this turn | 300 sec total\n|\n|t:|1783566765\n|move|p1a: Ditto|Roost|p1a: Ditto\n|-heal|p1a: Ditto|100/100\n|-singleturn|p1a: Ditto|move: Roost\n|move|p2a: Skarmory|Brave Bird|p1a: Ditto\n|-resisted|p1a: Ditto\n|-damage|p1a: Ditto|84/100\n|-damage|p2a: Skarmory|119/235|[from] Recoil\n|\n|upkeep\n|turn|90\n|inactive|Time left: 300 sec this turn | 300 sec total\n|\n|t:|1783566767\n|move|p1a: Ditto|Roost|p1a: Ditto\n|-heal|p1a: Ditto|100/100\n|-singleturn|p1a: Ditto|move: Roost\n|move|p2a: Skarmory|Stealth Rock||[still]\n|-fail|p2a: Skarmory\n|\n|upkeep\n|turn|91\n|inactive|Time left: 300 sec this turn | 300 sec total\n|\n|t:|1783566768\n|move|p1a: Ditto|Roost||[still]\n|-fail|p1a: Ditto|heal\n|move|p2a: Skarmory|Stealth Rock||[still]\n|-fail|p2a: Skarmory\n|\n|upkeep\n|turn|92\n|inactive|Time left: 300 sec this turn | 300 sec total\n|\n|t:|1783566769\n|move|p1a: Ditto|Roost||[still]\n|-fail|p1a: Ditto|heal\n|move|p2a: Skarmory|Brave Bird|p1a: Ditto\n|-resisted|p1a: Ditto\n|-damage|p1a: Ditto|85/100\n|-damage|p2a: Skarmory|108/235|[from] Recoil\n|\n|upkeep\n|turn|93\n|inactive|Time left: 300 sec this turn | 300 sec total\n|\n|t:|1783566770\n|switch|p2a: Deoxys|Deoxys, L74|15/196 slp\n|-damage|p2a: Deoxys|0 fnt|[from] Stealth Rock\n|faint|p2a: Deoxys\n|move|p1a: Ditto|Roost|p1a: Ditto\n|-heal|p1a: Ditto|100/100\n|-singleturn|p1a: Ditto|move: Roost\n|\n|upkeep\n|inactive|Time left: 300 sec this turn | 300 sec total | 5 sec grace\n|\n|t:|1783566770\n|switch|p2a: Skarmory|Skarmory, L80, F|108/235\n|-damage|p2a: Skarmory|79/235|[from] Stealth Rock\n|turn|94\n|inactive|Time left: 300 sec this turn | 300 sec total\n|\n|t:|1783566772\n|switch|p1a: Amoonguss|Amoonguss, L82, F, tera:Steel|66/100\n|-damage|p1a: Amoonguss|59/100|[from] Stealth Rock\n|move|p2a: Skarmory|Stealth Rock||[still]\n|-fail|p2a: Skarmory\n|\n|-heal|p1a: Amoonguss|66/100|[from] item: Leftovers\n|upkeep\n|turn|95\n|inactive|Time left: 300 sec this turn | 300 sec total\n|\n|t:|1783566773\n|move|p2a: Skarmory|Stealth Rock||[still]\n|-fail|p2a: Skarmory\n|move|p1a: Amoonguss|Sludge Bomb|p2a: Skarmory\n|-immune|p2a: Skarmory\n|\n|-heal|p1a: Amoonguss|72/100|[from] item: Leftovers\n|upkeep\n|turn|96\n|inactive|Time left: 300 sec this turn | 300 sec total\n|\n|t:|1783566774\n|move|p2a: Skarmory|Stealth Rock||[still]\n|-fail|p2a: Skarmory\n|move|p1a: Amoonguss|Sludge Bomb|p2a: Skarmory\n|-immune|p2a: Skarmory\n|\n|-heal|p1a: Amoonguss|78/100|[from] item: Leftovers\n|upkeep\n|turn|97\n|inactive|Time left: 300 sec this turn | 300 sec total\n|\n|t:|1783566775\n|move|p2a: Skarmory|Stealth Rock||[still]\n|-fail|p2a: Skarmory\n|move|p1a: Amoonguss|Sludge Bomb|p2a: Skarmory\n|-immune|p2a: Skarmory\n|\n|-heal|p1a: Amoonguss|84/100|[from] item: Leftovers\n|upkeep\n|turn|98\n|inactive|Time left: 300 sec this turn | 300 sec total\n|\n|t:|1783566776\n|move|p2a: Skarmory|Stealth Rock||[still]\n|-fail|p2a: Skarmory\n|move|p1a: Amoonguss|Toxic|p2a: Skarmory\n|-immune|p2a: Skarmory\n|\n|-heal|p1a: Amoonguss|91/100|[from] item: Leftovers\n|upkeep\n|turn|99\n|inactive|Time left: 300 sec this turn | 300 sec total\n|\n|t:|1783566777\n|move|p2a: Skarmory|Stealth Rock||[still]\n|-fail|p2a: Skarmory\n|move|p1a: Amoonguss|Toxic|p2a: Skarmory|[miss]\n|-miss|p1a: Amoonguss|p2a: Skarmory\n|\n|-heal|p1a: Amoonguss|97/100|[from] item: Leftovers\n|upkeep\n|turn|100\n|inactive|Time left: 300 sec this turn | 300 sec total\n|\n|t:|1783566778\n|move|p2a: Skarmory|Stealth Rock||[still]\n|-fail|p2a: Skarmory\n|move|p1a: Amoonguss|Sludge Bomb|p2a: Skarmory\n|-immune|p2a: Skarmory\n|\n|-heal|p1a: Amoonguss|100/100|[from] item: Leftovers\n|upkeep\n|turn|101\n|inactive|Time left: 300 sec this turn | 300 sec total\n|\n|t:|1783566779\n|move|p2a: Skarmory|Stealth Rock||[still]\n|-fail|p2a: Skarmory\n|move|p1a: Amoonguss|Toxic|p2a: Skarmory\n|-immune|p2a: Skarmory\n|\n|upkeep\n|turn|102\n|inactive|Time left: 300 sec this turn | 300 sec total\n|\n|t:|1783566780\n|move|p2a: Skarmory|Stealth Rock||[still]\n|-fail|p2a: Skarmory\n|move|p1a: Amoonguss|Toxic|p2a: Skarmory\n|-immune|p2a: Skarmory\n|\n|upkeep\n|turn|103\n|inactive|Time left: 300 sec this turn | 300 sec total\n|\n|t:|1783566781\n|move|p2a: Skarmory|Stealth Rock||[still]\n|-fail|p2a: Skarmory\n|move|p1a: Amoonguss|Sludge Bomb|p2a: Skarmory\n|-immune|p2a: Skarmory\n|\n|upkeep\n|turn|104\n|inactive|Time left: 300 sec this turn | 300 sec total\n|\n|t:|1783566782\n|move|p2a: Skarmory|Stealth Rock||[still]\n|-fail|p2a: Skarmory\n|move|p1a: Amoonguss|Sludge Bomb|p2a: Skarmory\n|-immune|p2a: Skarmory\n|\n|upkeep\n|turn|105\n|inactive|Time left: 300 sec this turn | 300 sec total\n|\n|t:|1783566783\n|move|p2a: Skarmory|Stealth Rock||[still]\n|-fail|p2a: Skarmory\n|move|p1a: Amoonguss|Sludge Bomb|p2a: Skarmory\n|-immune|p2a: Skarmory\n|\n|upkeep\n|turn|106\n|inactive|Time left: 300 sec this turn | 300 sec total\n|\n|t:|1783566784\n|move|p2a: Skarmory|Stealth Rock||[still]\n|-fail|p2a: Skarmory\n|move|p1a: Amoonguss|Toxic|p2a: Skarmory\n|-immune|p2a: Skarmory\n|\n|upkeep\n|turn|107\n|inactive|Time left: 300 sec this turn | 300 sec total\n|\n|t:|1783566785\n|move|p2a: Skarmory|Stealth Rock||[still]\n|-fail|p2a: Skarmory\n|move|p1a: Amoonguss|Toxic|p2a: Skarmory\n|-immune|p2a: Skarmory\n|\n|upkeep\n|turn|108\n|inactive|Time left: 300 sec this turn | 300 sec total\n|\n|t:|1783566786\n|move|p2a: Skarmory|Stealth Rock||[still]\n|-fail|p2a: Skarmory\n|move|p1a: Amoonguss|Toxic|p2a: Skarmory\n|-immune|p2a: Skarmory\n|\n|upkeep\n|turn|109\n|inactive|Time left: 300 sec this turn | 300 sec total\n|\n|t:|1783566787\n|move|p2a: Skarmory|Stealth Rock||[still]\n|-fail|p2a: Skarmory\n|move|p1a: Amoonguss|Sludge Bomb|p2a: Skarmory\n|-immune|p2a: Skarmory\n|\n|upkeep\n|turn|110\n|inactive|Time left: 300 sec this turn | 300 sec total\n|\n|t:|1783566788\n|move|p2a: Skarmory|Stealth Rock||[still]\n|-fail|p2a: Skarmory\n|move|p1a: Amoonguss|Sludge Bomb|p2a: Skarmory\n|-immune|p2a: Skarmory\n|\n|upkeep\n|turn|111\n|inactive|Time left: 300 sec this turn | 300 sec total\n|\n|t:|1783566789\n|move|p2a: Skarmory|Stealth Rock||[still]\n|-fail|p2a: Skarmory\n|move|p1a: Amoonguss|Toxic|p2a: Skarmory\n|-immune|p2a: Skarmory\n|\n|upkeep\n|turn|112\n|inactive|Time left: 300 sec this turn | 300 sec total\n|\n|t:|1783566790\n|move|p2a: Skarmory|Stealth Rock||[still]\n|-fail|p2a: Skarmory\n|move|p1a: Amoonguss|Toxic|p2a: Skarmory\n|-immune|p2a: Skarmory\n|\n|upkeep\n|turn|113\n|inactive|Time left: 300 sec this turn | 300 sec total\n|\n|t:|1783566791\n|move|p2a: Skarmory|Stealth Rock||[still]\n|-fail|p2a: Skarmory\n|move|p1a: Amoonguss|Toxic|p2a: Skarmory\n|-immune|p2a: Skarmory\n|\n|upkeep\n|turn|114\n|inactive|Time left: 300 sec this turn | 300 sec total\n|\n|t:|1783566792\n|move|p2a: Skarmory|Stealth Rock||[still]\n|-fail|p2a: Skarmory\n|move|p1a: Amoonguss|Toxic|p2a: Skarmory\n|-immune|p2a: Skarmory\n|\n|upkeep\n|turn|115\n|inactive|Time left: 300 sec this turn | 300 sec total\n|\n|t:|1783566793\n|move|p2a: Skarmory|Stealth Rock||[still]\n|-fail|p2a: Skarmory\n|move|p1a: Amoonguss|Toxic|p2a: Skarmory\n|-immune|p2a: Skarmory\n|\n|upkeep\n|turn|116\n|inactive|Time left: 300 sec this turn | 300 sec total\n|\n|t:|1783566795\n|move|p2a: Skarmory|Stealth Rock||[still]\n|-fail|p2a: Skarmory\n|move|p1a: Amoonguss|Toxic|p2a: Skarmory\n|-immune|p2a: Skarmory\n|\n|upkeep\n|turn|117\n|inactive|Time left: 300 sec this turn | 300 sec total\n|\n|t:|1783566796\n|move|p2a: Skarmory|Stealth Rock||[still]\n|-fail|p2a: Skarmory\n|move|p1a: Amoonguss|Toxic|p2a: Skarmory\n|-immune|p2a: Skarmory\n|\n|upkeep\n|turn|118\n|inactive|Time left: 300 sec this turn | 300 sec total\n|\n|t:|1783566797\n|move|p2a: Skarmory|Stealth Rock||[still]\n|-fail|p2a: Skarmory\n|move|p1a: Amoonguss|Spore|p2a: Skarmory\n|-status|p2a: Skarmory|slp|[from] move: Spore\n|\n|upkeep\n|turn|119\n|inactive|Time left: 300 sec this turn | 300 sec total\n|\n|t:|1783566798\n|cant|p2a: Skarmory|slp\n|move|p1a: Amoonguss|Spore|p2a: Skarmory\n|-fail|p2a: Skarmory|slp\n|\n|upkeep\n|turn|120\n|inactive|Time left: 300 sec this turn | 300 sec total\n|\n|t:|1783566799\n|-curestatus|p2a: Skarmory|slp|[msg]\n|move|p2a: Skarmory|Stealth Rock||[still]\n|-fail|p2a: Skarmory\n|move|p1a: Amoonguss|Spore|p2a: Skarmory\n|-status|p2a: Skarmory|slp|[from] move: Spore\n|\n|upkeep\n|turn|121\n|inactive|Time left: 300 sec this turn | 300 sec total\n|\n|t:|1783566800\n|cant|p2a: Skarmory|slp\n|move|p1a: Amoonguss|Spore|p2a: Skarmory\n|-fail|p2a: Skarmory|slp\n|\n|upkeep\n|turn|122\n|inactive|Time left: 300 sec this turn | 300 sec total\n|\n|t:|1783566801\n|switch|p1a: Ditto|Ditto, L87|100/100\n|-damage|p1a: Ditto|88/100|[from] Stealth Rock\n|-transform|p1a: Ditto|p2a: Skarmory|[from] ability: Imposter\n|-curestatus|p2a: Skarmory|slp|[msg]\n|move|p2a: Skarmory|Brave Bird|p1a: Ditto\n|-resisted|p1a: Ditto\n|-crit|p1a: Ditto\n|-damage|p1a: Ditto|65/100\n|-damage|p2a: Skarmory|62/235|[from] Recoil\n|\n|upkeep\n|turn|123\n|inactive|Time left: 300 sec this turn | 300 sec total\n|\n|t:|1783566802\n|move|p1a: Ditto|Brave Bird|p2a: Skarmory\n|-resisted|p2a: Skarmory\n|-damage|p2a: Skarmory|23/235\n|-damage|p1a: Ditto|48/100|[from] item: Rocky Helmet|[of] p2a: Skarmory\n|-damage|p1a: Ditto|43/100|[from] Recoil\n|move|p2a: Skarmory|Brave Bird|p1a: Ditto\n|-resisted|p1a: Ditto\n|-damage|p1a: Ditto|27/100\n|-damage|p2a: Skarmory|11/235|[from] Recoil\n|\n|upkeep\n|turn|124\n|inactive|Time left: 300 sec this turn | 300 sec total\n|\n|t:|1783566802\n|move|p1a: Ditto|Brave Bird|p2a: Skarmory\n|-resisted|p2a: Skarmory\n|-damage|p2a: Skarmory|0 fnt\n|-damage|p1a: Ditto|10/100|[from] item: Rocky Helmet|[of] p2a: Skarmory\n|faint|p2a: Skarmory\n|-damage|p1a: Ditto|8/100|[from] Recoil\n|\n|win|p0x2299b2c1", "uploadtime": 1783566802, "views": 0, "rating": 0, "private": 0, "password": null, "_winner": "p0x2299b2c1", "_our_name": "p0y229976cc"}