{"id": "battle-gen9randombattle-2986", "formatid": "gen9randombattle", "format": "[Gen 9] Random Battle", "players": ["p0x29869bce", "p0y29868c6d"], "log": "|init|battle\n|title|p0x29869bce vs. p0y29868c6d\n|j|\u2606p0x29869bce\n|j|\u2606p0y29868c6d\n|t:|1783574383\n|gametype|singles\n|player|p1|p0x29869bce|266|\n|player|p2|p0y29868c6d|169|\n|gen|9\n|tier|[Gen 9] Random Battle\n|rule|Species Clause: Limit one of each Pok\u00e9mon\n|rule|HP Percentage Mod: HP is shown in percentages\n|rule|Sleep Clause Mod: Limit one foe put to sleep\n|rule|Illusion Level Mod: Illusion disguises the Pok\u00e9mon's true level\n|\n|t:|1783574383\n|teamsize|p1|6\n|teamsize|p2|6\n|start\n|switch|p1a: Iron Hands|Iron Hands, L79|373/373\n|switch|p2a: Bellossom|Bellossom, L84, F|100/100\n|turn|1\n|inactive|Battle timer is ON: inactive players will automatically lose when time's up. (requested by p0y29868c6d)\n|inactive|Time left: 300 sec this turn | 300 sec total | 60 sec grace\n|inactive|p0x29869bce also wants the timer to be on.\n|\n|t:|1783574384\n|switch|p2a: Luxray|Luxray, L88, F|100/100\n|move|p1a: Iron Hands|Ice Punch|p2a: Luxray\n|-damage|p2a: Luxray|76/100\n|\n|-status|p2a: Luxray|brn|[from] item: Flame Orb\n|upkeep\n|turn|2\n|inactive|Time left: 300 sec this turn | 300 sec total\n|\n|t:|1783574385\n|move|p2a: Luxray|Facade|p1a: Iron Hands\n|-damage|p1a: Iron Hands|207/373\n|move|p1a: Iron Hands|Close Combat|p2a: Luxray\n|-damage|p2a: Luxray|19/100 brn\n|-unboost|p1a: Iron Hands|def|1\n|-unboost|p1a: Iron Hands|spd|1\n|\n|-damage|p2a: Luxray|13/100 brn|[from] brn\n|upkeep\n|turn|3\n|inactive|Time left: 300 sec this turn | 300 sec total\n|\n|t:|1783574386\n|-end|p1a: Iron Hands|Quark Drive|[silent]\n|switch|p1a: Registeel|Registeel, L81|262/262\n|move|p2a: Luxray|Facade|p1a: Registeel\n|-resisted|p1a: Registeel\n|-damage|p1a: Registeel|199/262\n|\n|-heal|p1a: Registeel|215/262|[from] item: Leftovers\n|-damage|p2a: Luxray|7/100 brn|[from] brn\n|upkeep\n|turn|4\n|inactive|Time left: 300 sec this turn | 300 sec total\n|\n|t:|1783574388\n|switch|p2a: Palossand|Palossand, L89, F|100/100\n|move|p1a: Registeel|Iron Defense|p1a: Registeel\n|-boost|p1a: Registeel|def|2\n|\n|-heal|p1a: Registeel|231/262|[from] item: Leftovers\n|upkeep\n|turn|5\n|inactive|Time left: 300 sec this turn | 300 sec total\n|\n|t:|1783574389\n|move|p1a: Registeel|Thunder Wave|p2a: Palossand\n|-immune|p2a: Palossand\n|move|p2a: Palossand|Earth Power|p1a: Registeel\n|-supereffective|p1a: Registeel\n|-damage|p1a: Registeel|91/262\n|\n|-heal|p1a: Registeel|107/262|[from] item: Leftovers\n|upkeep\n|turn|6\n|inactive|Time left: 300 sec this turn | 300 sec total\n|\n|t:|1783574389\n|switch|p1a: Ho-Oh|Ho-Oh, L71|268/268\n|move|p2a: Palossand|Earth Power|p1a: Ho-Oh\n|-immune|p1a: Ho-Oh\n|\n|upkeep\n|turn|7\n|inactive|Time left: 300 sec this turn | 300 sec total\n|\n|t:|1783574390\n|move|p1a: Ho-Oh|Brave Bird|p2a: Palossand\n|-damage|p2a: Palossand|69/100\n|-damage|p1a: Ho-Oh|237/268|[from] Recoil\n|move|p2a: Palossand|Earth Power|p1a: Ho-Oh\n|-immune|p1a: Ho-Oh\n|\n|-heal|p2a: Palossand|75/100|[from] item: Leftovers\n|upkeep\n|turn|8\n|inactive|Time left: 300 sec this turn | 300 sec total\n|\n|t:|1783574391\n|move|p1a: Ho-Oh|Sacred Fire|p2a: Palossand\n|-damage|p2a: Palossand|46/100\n|-status|p2a: Palossand|brn\n|move|p2a: Palossand|Shadow Ball|p1a: Ho-Oh\n|-damage|p1a: Ho-Oh|165/268\n|\n|-heal|p2a: Palossand|53/100 brn|[from] item: Leftovers\n|-damage|p2a: Palossand|46/100 brn|[from] brn\n|upkeep\n|turn|9\n|inactive|Time left: 300 sec this turn | 300 sec total\n|\n|t:|1783574392\n|move|p1a: Ho-Oh|Sacred Fire|p2a: Palossand\n|-damage|p2a: Palossand|22/100 brn\n|move|p2a: Palossand|Shore Up|p2a: Palossand\n|-heal|p2a: Palossand|72/100 brn\n|\n|-heal|p2a: Palossand|78/100 brn|[from] item: Leftovers\n|-damage|p2a: Palossand|72/100 brn|[from] brn\n|upkeep\n|turn|10\n|inactive|Time left: 300 sec this turn | 300 sec total\n|\n|t:|1783574393\n|switch|p1a: Noivern|Noivern, L82, F|274/274\n|move|p2a: Palossand|Shore Up|p2a: Palossand\n|-heal|p2a: Palossand|100/100 brn\n|\n|-damage|p2a: Palossand|94/100 brn|[from] brn\n|upkeep\n|turn|11\n|inactive|Time left: 300 sec this turn | 300 sec total\n|\n|t:|1783574394\n|move|p1a: Noivern|Hurricane|p2a: Palossand\n|-damage|p2a: Palossand|35/100 brn\n|move|p2a: Palossand|Sludge Bomb|p1a: Noivern\n|-damage|p1a: Noivern|187/274\n|\n|-heal|p2a: Palossand|41/100 brn|[from] item: Leftovers\n|-damage|p2a: Palossand|35/100 brn|[from] brn\n|upkeep\n|turn|12\n|inactive|Time left: 300 sec this turn | 300 sec total\n|\n|t:|1783574395\n|move|p1a: Noivern|Hurricane|p2a: Palossand|[miss]\n|-miss|p1a: Noivern|p2a: Palossand\n|move|p2a: Palossand|Shore Up|p2a: Palossand\n|-heal|p2a: Palossand|85/100 brn\n|\n|-heal|p2a: Palossand|91/100 brn|[from] item: Leftovers\n|-damage|p2a: Palossand|85/100 brn|[from] brn\n|upkeep\n|turn|13\n|inactive|Time left: 300 sec this turn | 300 sec total\n|\n|t:|1783574396\n|move|p1a: Noivern|Hurricane|p2a: Palossand\n|-crit|p2a: Palossand\n|-damage|p2a: Palossand|3/100 brn\n|move|p2a: Palossand|Sludge Bomb|p1a: Noivern\n|-damage|p1a: Noivern|106/274\n|\n|-heal|p2a: Palossand|9/100 brn|[from] item: Leftovers\n|-damage|p2a: Palossand|3/100 brn|[from] brn\n|upkeep\n|turn|14\n|inactive|Time left: 300 sec this turn | 300 sec total\n|\n|t:|1783574397\n|move|p1a: Noivern|Hurricane|p2a: Palossand\n|-damage|p2a: Palossand|0 fnt\n|faint|p2a: Palossand\n|\n|upkeep\n|\n|t:|1783574398\n|switch|p2a: Rampardos|Rampardos, L90, M|100/100\n|turn|15\n|inactive|Time left: 300 sec this turn | 300 sec total\n|\n|t:|1783574399\n|move|p1a: Noivern|Hurricane|p2a: Rampardos|[miss]\n|-miss|p1a: Noivern|p2a: Rampardos\n|move|p2a: Rampardos|Rock Slide|p1a: Noivern\n|-supereffective|p1a: Noivern\n|-damage|p1a: Noivern|0 fnt\n|faint|p1a: Noivern\n|\n|upkeep\n|inactive|Time left: 300 sec this turn | 300 sec total | 5 sec grace\n|\n|t:|1783574400\n|switch|p1a: Serperior|Serperior, L79, F|248/248\n|turn|16\n|inactive|Time left: 300 sec this turn | 300 sec total\n|\n|t:|1783574401\n|-terastallize|p2a: Rampardos|Psychic\n|move|p1a: Serperior|Leaf Storm|p2a: Rampardos\n|-damage|p2a: Rampardos|48/100\n|-boost|p1a: Serperior|spa|2\n|-damage|p1a: Serperior|224/248|[from] item: Life Orb\n|move|p2a: Rampardos|Zen Headbutt|p1a: Serperior\n|-damage|p1a: Serperior|0 fnt\n|faint|p1a: Serperior\n|\n|upkeep\n|inactive|Time left: 300 sec this turn | 300 sec total | 5 sec grace\n|\n|t:|1783574402\n|switch|p1a: Arceus|Arceus-Dark, L71|288/288\n|turn|17\n|inactive|Time left: 300 sec this turn | 300 sec total\n|\n|t:|1783574403\n|switch|p2a: Gastrodon|Gastrodon, L86, M|100/100\n|move|p1a: Arceus|Judgment|p2a: Gastrodon\n|-damage|p2a: Gastrodon|67/100\n|\n|-heal|p2a: Gastrodon|73/100|[from] item: Leftovers\n|upkeep\n|turn|18\n|inactive|Time left: 300 sec this turn | 300 sec total\n|\n|t:|1783574404\n|move|p1a: Arceus|Calm Mind|p1a: Arceus\n|-boost|p1a: Arceus|spa|1\n|-boost|p1a: Arceus|spd|1\n|move|p2a: Gastrodon|Earthquake|p1a: Arceus\n|-damage|p1a: Arceus|192/288\n|\n|-heal|p2a: Gastrodon|79/100|[from] item: Leftovers\n|upkeep\n|turn|19\n|inactive|Time left: 300 sec this turn | 300 sec total\n|\n|t:|1783574405\n|move|p1a: Arceus|Judgment|p2a: Gastrodon\n|-damage|p2a: Gastrodon|31/100\n|move|p2a: Gastrodon|Recover|p2a: Gastrodon\n|-heal|p2a: Gastrodon|81/100\n|\n|-heal|p2a: Gastrodon|87/100|[from] item: Leftovers\n|upkeep\n|turn|20\n|inactive|Time left: 300 sec this turn | 300 sec total\n|\n|t:|1783574406\n|move|p1a: Arceus|Judgment|p2a: Gastrodon\n|-damage|p2a: Gastrodon|38/100\n|move|p2a: Gastrodon|Recover|p2a: Gastrodon\n|-heal|p2a: Gastrodon|88/100\n|\n|-heal|p2a: Gastrodon|94/100|[from] item: Leftovers\n|upkeep\n|turn|21\n|inactive|Time left: 300 sec this turn | 300 sec total\n|\n|t:|1783574407\n|move|p1a: Arceus|Judgment|p2a: Gastrodon\n|-crit|p2a: Gastrodon\n|-damage|p2a: Gastrodon|24/100\n|move|p2a: Gastrodon|Earthquake|p1a: Arceus\n|-damage|p1a: Arceus|99/288\n|\n|-heal|p2a: Gastrodon|30/100|[from] item: Leftovers\n|upkeep\n|turn|22\n|inactive|Time left: 300 sec this turn | 300 sec total\n|\n|t:|1783574408\n|switch|p2a: Dragalge|Dragalge, L88, F|100/100\n|move|p1a: Arceus|Judgment|p2a: Dragalge\n|-damage|p2a: Dragalge|54/100\n|\n|-heal|p2a: Dragalge|60/100|[from] item: Leftovers\n|upkeep\n|turn|23\n|inactive|Time left: 300 sec this turn | 300 sec total\n|\n|t:|1783574409\n|move|p1a: Arceus|Recover|p1a: Arceus\n|-heal|p1a: Arceus|243/288\n|move|p2a: Dragalge|Sludge Wave|p1a: Arceus\n|-damage|p1a: Arceus|145/288\n|\n|-heal|p2a: Dragalge|66/100|[from] item: Leftovers\n|upkeep\n|turn|24\n|inactive|Time left: 300 sec this turn | 300 sec total\n|\n|t:|1783574410\n|move|p1a: Arceus|Judgment|p2a: Dragalge\n|-damage|p2a: Dragalge|23/100\n|move|p2a: Dragalge|Sludge Wave|p1a: Arceus\n|-damage|p1a: Arceus|47/288\n|\n|-heal|p2a: Dragalge|29/100|[from] item: Leftovers\n|upkeep\n|turn|25\n|inactive|Time left: 300 sec this turn | 300 sec total\n|\n|t:|1783574411\n|move|p1a: Arceus|Judgment|p2a: Dragalge\n|-damage|p2a: Dragalge|0 fnt\n|faint|p2a: Dragalge\n|\n|upkeep\n|\n|t:|1783574413\n|switch|p2a: Bellossom|Bellossom, L84, F|100/100\n|turn|26\n|inactive|Time left: 300 sec this turn | 300 sec total\n|\n|t:|1783574414\n|move|p1a: Arceus|Recover|p1a: Arceus\n|-heal|p1a: Arceus|191/288\n|move|p2a: Bellossom|Quiver Dance|p2a: Bellossom\n|-boost|p2a: Bellossom|spa|1\n|-boost|p2a: Bellossom|spd|1\n|-boost|p2a: Bellossom|spe|1\n|\n|upkeep\n|turn|27\n|inactive|Time left: 300 sec this turn | 300 sec total\n|\n|t:|1783574415\n|move|p1a: Arceus|Calm Mind|p1a: Arceus\n|-boost|p1a: Arceus|spa|1\n|-boost|p1a: Arceus|spd|1\n|move|p2a: Bellossom|Quiver Dance|p2a: Bellossom\n|-boost|p2a: Bellossom|spa|1\n|-boost|p2a: Bellossom|spd|1\n|-boost|p2a: Bellossom|spe|1\n|\n|upkeep\n|turn|28\n|inactive|Time left: 300 sec this turn | 300 sec total\n|\n|t:|1783574416\n|-terastallize|p1a: Arceus|Poison\n|move|p2a: Bellossom|Quiver Dance|p2a: Bellossom\n|-boost|p2a: Bellossom|spa|1\n|-boost|p2a: Bellossom|spd|1\n|-boost|p2a: Bellossom|spe|1\n|move|p1a: Arceus|Sludge Bomb|p2a: Bellossom\n|-supereffective|p2a: Bellossom\n|-damage|p2a: Bellossom|57/100\n|\n|-heal|p2a: Bellossom|63/100|[from] item: Leftovers\n|upkeep\n|turn|29\n|inactive|Time left: 300 sec this turn | 300 sec total\n|\n|t:|1783574417\n|move|p2a: Bellossom|Quiver Dance|p2a: Bellossom\n|-boost|p2a: Bellossom|spa|1\n|-boost|p2a: Bellossom|spd|1\n|-boost|p2a: Bellossom|spe|1\n|move|p1a: Arceus|Sludge Bomb|p2a: Bellossom\n|-supereffective|p2a: Bellossom\n|-damage|p2a: Bellossom|21/100\n|\n|-heal|p2a: Bellossom|27/100|[from] item: Leftovers\n|upkeep\n|turn|30\n|inactive|Time left: 300 sec this turn | 300 sec total\n|\n|t:|1783574418\n|move|p2a: Bellossom|Strength Sap|p1a: Arceus\n|-unboost|p1a: Arceus|atk|1\n|-heal|p2a: Bellossom|94/100\n|move|p1a: Arceus|Sludge Bomb|p2a: Bellossom\n|-supereffective|p2a: Bellossom\n|-damage|p2a: Bellossom|59/100\n|\n|-heal|p2a: Bellossom|65/100|[from] item: Leftovers\n|upkeep\n|turn|31\n|inactive|Time left: 300 sec this turn | 300 sec total\n|\n|t:|1783574419\n|move|p2a: Bellossom|Strength Sap|p1a: Arceus\n|-unboost|p1a: Arceus|atk|1\n|-heal|p2a: Bellossom|100/100\n|move|p1a: Arceus|Sludge Bomb|p2a: Bellossom\n|-supereffective|p2a: Bellossom\n|-damage|p2a: Bellossom|64/100\n|-status|p2a: Bellossom|psn\n|\n|-heal|p2a: Bellossom|70/100 psn|[from] item: Leftovers\n|-damage|p2a: Bellossom|58/100 psn|[from] psn\n|upkeep\n|turn|32\n|inactive|Time left: 300 sec this turn | 300 sec total\n|\n|t:|1783574420\n|move|p2a: Bellossom|Strength Sap|p1a: Arceus\n|-unboost|p1a: Arceus|atk|1\n|-heal|p2a: Bellossom|91/100 psn\n|move|p1a: Arceus|Sludge Bomb|p2a: Bellossom\n|-supereffective|p2a: Bellossom\n|-crit|p2a: Bellossom\n|-damage|p2a: Bellossom|0 fnt\n|faint|p2a: Bellossom\n|\n|upkeep\n|\n|t:|1783574421\n|switch|p2a: Rampardos|Rampardos, L90, M, tera:Psychic|48/100\n|turn|33\n|inactive|Time left: 300 sec this turn | 300 sec total\n|\n|t:|1783574422\n|move|p1a: Arceus|Judgment|p2a: Rampardos\n|-supereffective|p2a: Rampardos\n|-damage|p2a: Rampardos|0 fnt\n|faint|p2a: Rampardos\n|\n|upkeep\n|\n|t:|1783574423\n|switch|p2a: Luxray|Luxray, L88, F|7/100 brn\n|turn|34\n|inactive|Time left: 300 sec this turn | 300 sec total\n|\n|t:|1783574424\n|move|p1a: Arceus|Judgment|p2a: Luxray\n|-damage|p2a: Luxray|0 fnt\n|faint|p2a: Luxray\n|\n|upkeep\n|\n|t:|1783574424\n|switch|p2a: Gastrodon|Gastrodon, L86, M|30/100\n|turn|35\n|inactive|Time left: 300 sec this turn | 300 sec total\n|\n|t:|1783574425\n|move|p1a: Arceus|Judgment|p2a: Gastrodon\n|-damage|p2a: Gastrodon|0 fnt\n|faint|p2a: Gastrodon\n|\n|win|p0x29869bce", "uploadtime": 1783574425, "views": 0, "rating": 0, "private": 0, "password": null, "_winner": "p0x29869bce", "_our_name": "p0x29869bce"}