{"id": "battle-gen9randombattle-543", "formatid": "gen9randombattle", "format": "[Gen 9] Random Battle", "players": ["p0x543a9a1", "p0y543d6cc"], "log": "|init|battle\n|title|p0x543a9a1 vs. p0y543d6cc\n|j|\u2606p0x543a9a1\n|j|\u2606p0y543d6cc\n|t:|1783545366\n|gametype|singles\n|player|p1|p0x543a9a1|2|\n|player|p2|p0y543d6cc|265|\n|gen|9\n|tier|[Gen 9] Random Battle\n|rule|Species Clause: Limit one of each Pok\u00e9mon\n|rule|HP Percentage Mod: HP is shown in percentages\n|rule|Sleep Clause Mod: Limit one foe put to sleep\n|rule|Illusion Level Mod: Illusion disguises the Pok\u00e9mon's true level\n|\n|t:|1783545366\n|teamsize|p1|6\n|teamsize|p2|6\n|start\n|switch|p1a: Whimsicott|Whimsicott, L84, F|238/238\n|switch|p2a: Kyogre|Kyogre, L71|100/100\n|-weather|RainDance|[from] ability: Drizzle|[of] p2a: Kyogre\n|turn|1\n|inactive|Battle timer is ON: inactive players will automatically lose when time's up. (requested by p0y543d6cc)\n|inactive|Time left: 300 sec this turn | 300 sec total | 60 sec grace\n|inactive|p0x543a9a1 also wants the timer to be on.\n|\n|t:|1783545368\n|move|p2a: Kyogre|Water Spout|p1a: Whimsicott\n|-resisted|p1a: Whimsicott\n|-damage|p1a: Whimsicott|101/238\n|move|p1a: Whimsicott|U-turn|p2a: Kyogre\n|-damage|p2a: Kyogre|84/100\n|inactive|Time left: 300 sec this turn | 300 sec total | 65 sec grace\n|\n|t:|1783545369\n|switch|p1a: Vileplume|Vileplume, L85, F|266/266|[from] U-turn\n|\n|-weather|RainDance|[upkeep]\n|upkeep\n|turn|2\n|inactive|Time left: 300 sec this turn | 300 sec total\n|\n|t:|1783545370\n|switch|p2a: Ariados|Ariados, L95, F|100/100\n|move|p1a: Vileplume|Sludge Bomb|p2a: Ariados\n|-resisted|p2a: Ariados\n|-damage|p2a: Ariados|82/100\n|\n|-weather|RainDance|[upkeep]\n|upkeep\n|turn|3\n|inactive|Time left: 300 sec this turn | 300 sec total\n|\n|t:|1783545372\n|move|p1a: Vileplume|Leech Seed|p2a: Ariados\n|-start|p2a: Ariados|move: Leech Seed\n|move|p2a: Ariados|Sticky Web|p1a: Vileplume\n|-sidestart|p1: p0x543a9a1|move: Sticky Web\n|\n|-weather|RainDance|[upkeep]\n|-damage|p2a: Ariados|69/100|[from] Leech Seed|[of] p1a: Vileplume\n|upkeep\n|turn|4\n|inactive|Time left: 300 sec this turn | 300 sec total\n|\n|t:|1783545373\n|switch|p2a: Dudunsparce|Dudunsparce-Three-Segment, L83, M|100/100\n|move|p1a: Vileplume|Sludge Bomb|p2a: Dudunsparce\n|-damage|p2a: Dudunsparce|66/100\n|\n|-weather|RainDance|[upkeep]\n|-heal|p2a: Dudunsparce|72/100|[from] item: Leftovers\n|upkeep\n|turn|5\n|inactive|Time left: 300 sec this turn | 300 sec total\n|\n|t:|1783545374\n|move|p2a: Dudunsparce|Calm Mind|p2a: Dudunsparce\n|-boost|p2a: Dudunsparce|spa|1\n|-boost|p2a: Dudunsparce|spd|1\n|move|p1a: Vileplume|Strength Sap|p2a: Dudunsparce\n|-unboost|p2a: Dudunsparce|atk|1\n|\n|-weather|none\n|-heal|p2a: Dudunsparce|78/100|[from] item: Leftovers\n|upkeep\n|turn|6\n|inactive|Time left: 300 sec this turn | 300 sec total\n|\n|t:|1783545375\n|move|p2a: Dudunsparce|Boomburst|p1a: Vileplume\n|-crit|p1a: Vileplume\n|-damage|p1a: Vileplume|0 fnt\n|faint|p1a: Vileplume\n|\n|-heal|p2a: Dudunsparce|84/100|[from] item: Leftovers\n|upkeep\n|inactive|Time left: 300 sec this turn | 300 sec total | 5 sec grace\n|\n|t:|1783545376\n|switch|p1a: Passimian|Passimian, L83, M|302/302\n|-activate|p1a: Passimian|move: Sticky Web\n|-unboost|p1a: Passimian|spe|1\n|-ability|p1a: Passimian|Defiant|boost\n|-boost|p1a: Passimian|atk|2\n|turn|7\n|inactive|Time left: 300 sec this turn | 300 sec total\n|\n|t:|1783545377\n|-terastallize|p2a: Dudunsparce|Poison\n|move|p2a: Dudunsparce|Boomburst|p1a: Passimian\n|-damage|p1a: Passimian|44/302\n|move|p1a: Passimian|Drain Punch|p2a: Dudunsparce\n|-resisted|p2a: Dudunsparce\n|-damage|p2a: Dudunsparce|54/100\n|-heal|p1a: Passimian|96/302|[from] drain|[of] p2a: Dudunsparce\n|\n|-heal|p2a: Dudunsparce|61/100|[from] item: Leftovers\n|-heal|p1a: Passimian|114/302|[from] item: Leftovers\n|upkeep\n|turn|8\n|inactive|Time left: 300 sec this turn | 300 sec total\n|\n|t:|1783545378\n|move|p2a: Dudunsparce|Boomburst|p1a: Passimian\n|-damage|p1a: Passimian|0 fnt\n|faint|p1a: Passimian\n|\n|-heal|p2a: Dudunsparce|67/100|[from] item: Leftovers\n|upkeep\n|inactive|Time left: 300 sec this turn | 300 sec total | 5 sec grace\n|\n|t:|1783545379\n|switch|p1a: Orthworm|Orthworm, L88, F|266/266\n|-activate|p1a: Orthworm|move: Sticky Web\n|-unboost|p1a: Orthworm|spe|1\n|turn|9\n|inactive|Time left: 300 sec this turn | 300 sec total\n|\n|t:|1783545380\n|move|p2a: Dudunsparce|Boomburst|p1a: Orthworm\n|-resisted|p1a: Orthworm\n|-damage|p1a: Orthworm|141/266\n|move|p1a: Orthworm|Coil|p1a: Orthworm\n|-boost|p1a: Orthworm|atk|1\n|-boost|p1a: Orthworm|def|1\n|-boost|p1a: Orthworm|accuracy|1\n|\n|-heal|p2a: Dudunsparce|73/100|[from] item: Leftovers\n|upkeep\n|turn|10\n|inactive|Time left: 300 sec this turn | 300 sec total\n|\n|t:|1783545381\n|move|p2a: Dudunsparce|Boomburst|p1a: Orthworm\n|-resisted|p1a: Orthworm\n|-damage|p1a: Orthworm|21/266\n|move|p1a: Orthworm|Rest|p1a: Orthworm\n|-status|p1a: Orthworm|slp|[from] move: Rest\n|-heal|p1a: Orthworm|266/266 slp|[silent]\n|-enditem|p1a: Orthworm|Chesto Berry|[eat]\n|-curestatus|p1a: Orthworm|slp|[msg]\n|\n|-heal|p2a: Dudunsparce|79/100|[from] item: Leftovers\n|upkeep\n|turn|11\n|inactive|Time left: 300 sec this turn | 300 sec total\n|\n|t:|1783545382\n|move|p2a: Dudunsparce|Boomburst|p1a: Orthworm\n|-resisted|p1a: Orthworm\n|-damage|p1a: Orthworm|134/266\n|move|p1a: Orthworm|Iron Tail|p2a: Dudunsparce\n|-damage|p2a: Dudunsparce|28/100\n|\n|-heal|p2a: Dudunsparce|34/100|[from] item: Leftovers\n|upkeep\n|turn|12\n|inactive|Time left: 300 sec this turn | 300 sec total\n|\n|t:|1783545383\n|move|p2a: Dudunsparce|Boomburst|p1a: Orthworm\n|-resisted|p1a: Orthworm\n|-crit|p1a: Orthworm\n|-damage|p1a: Orthworm|0 fnt\n|faint|p1a: Orthworm\n|\n|-heal|p2a: Dudunsparce|40/100|[from] item: Leftovers\n|upkeep\n|inactive|Time left: 300 sec this turn | 300 sec total | 5 sec grace\n|\n|t:|1783545384\n|switch|p1a: Dragalge|Dragalge, L88, M|258/258\n|-activate|p1a: Dragalge|move: Sticky Web\n|-unboost|p1a: Dragalge|spe|1\n|turn|13\n|inactive|Time left: 300 sec this turn | 300 sec total\n|\n|t:|1783545386\n|move|p2a: Dudunsparce|Roost|p2a: Dudunsparce\n|-heal|p2a: Dudunsparce|90/100\n|move|p1a: Dragalge|Dragon Tail|p2a: Dudunsparce\n|-damage|p2a: Dudunsparce|63/100\n|drag|p2a: Quagsire|Quagsire, L84, M|100/100\n|\n|upkeep\n|turn|14\n|inactive|Time left: 300 sec this turn | 300 sec total\n|\n|t:|1783545387\n|move|p2a: Quagsire|Earthquake|p1a: Dragalge\n|-supereffective|p1a: Dragalge\n|-damage|p1a: Dragalge|94/258\n|move|p1a: Dragalge|Draco Meteor|p2a: Quagsire\n|-damage|p2a: Quagsire|12/100\n|-unboost|p1a: Dragalge|spa|2\n|\n|-heal|p2a: Quagsire|18/100|[from] item: Leftovers\n|upkeep\n|turn|15\n|inactive|Time left: 300 sec this turn | 300 sec total\n|\n|t:|1783545388\n|switch|p1a: Whimsicott|Whimsicott, L84, F|101/238\n|move|p2a: Quagsire|Recover|p2a: Quagsire\n|-heal|p2a: Quagsire|68/100\n|\n|-heal|p2a: Quagsire|74/100|[from] item: Leftovers\n|upkeep\n|turn|16\n|inactive|Time left: 300 sec this turn | 300 sec total\n|\n|t:|1783545389\n|switch|p2a: Dudunsparce|Dudunsparce-Three-Segment, L83, M, tera:Poison|63/100\n|move|p1a: Whimsicott|Moonblast|p2a: Dudunsparce\n|-resisted|p2a: Dudunsparce\n|-damage|p2a: Dudunsparce|48/100\n|\n|-heal|p2a: Dudunsparce|54/100|[from] item: Leftovers\n|upkeep\n|turn|17\n|inactive|Time left: 300 sec this turn | 300 sec total\n|\n|t:|1783545390\n|move|p1a: Whimsicott|Stun Spore|p2a: Dudunsparce\n|-status|p2a: Dudunsparce|par\n|move|p2a: Dudunsparce|Boomburst|p1a: Whimsicott\n|-damage|p1a: Whimsicott|0 fnt\n|faint|p1a: Whimsicott\n|\n|-heal|p2a: Dudunsparce|61/100 par|[from] item: Leftovers\n|upkeep\n|inactive|Time left: 300 sec this turn | 300 sec total | 5 sec grace\n|\n|t:|1783545391\n|switch|p1a: Dragalge|Dragalge, L88, M|94/258\n|-activate|p1a: Dragalge|move: Sticky Web\n|-unboost|p1a: Dragalge|spe|1\n|turn|18\n|inactive|Time left: 300 sec this turn | 300 sec total\n|\n|t:|1783545391\n|move|p1a: Dragalge|Draco Meteor|p2a: Dudunsparce\n|-damage|p2a: Dudunsparce|0 fnt\n|-unboost|p1a: Dragalge|spa|2\n|faint|p2a: Dudunsparce\n|\n|upkeep\n|\n|t:|1783545392\n|switch|p2a: Baxcalibur|Baxcalibur, L75, M|100/100\n|turn|19\n|inactive|Time left: 300 sec this turn | 300 sec total\n|\n|t:|1783545393\n|switch|p1a: Duraludon|Duraludon, L82, M|249/249\n|-activate|p1a: Duraludon|move: Sticky Web\n|-unboost|p1a: Duraludon|spe|1\n|move|p2a: Baxcalibur|Scale Shot|p1a: Duraludon\n|-damage|p1a: Duraludon|233/249\n|-damage|p1a: Duraludon|215/249\n|-damage|p1a: Duraludon|197/249\n|-damage|p1a: Duraludon|179/249\n|-damage|p1a: Duraludon|161/249\n|-hitcount|p1a: Duraludon|5\n|-unboost|p2a: Baxcalibur|def|1\n|-boost|p2a: Baxcalibur|spe|1\n|\n|upkeep\n|turn|20\n|inactive|Time left: 300 sec this turn | 300 sec total\n|\n|t:|1783545394\n|switch|p2a: Quagsire|Quagsire, L84, M|74/100\n|move|p1a: Duraludon|Draco Meteor|p2a: Quagsire\n|-damage|p2a: Quagsire|13/100\n|-unboost|p1a: Duraludon|spa|2\n|\n|-heal|p2a: Quagsire|19/100|[from] item: Leftovers\n|upkeep\n|turn|21\n|inactive|Time left: 300 sec this turn | 300 sec total\n|\n|t:|1783545396\n|switch|p2a: Brute Bonnet|Brute Bonnet, L80|100/100\n|move|p1a: Duraludon|Body Press|p2a: Brute Bonnet\n|-supereffective|p2a: Brute Bonnet\n|-damage|p2a: Brute Bonnet|66/100\n|\n|-heal|p2a: Brute Bonnet|72/100|[from] item: Leftovers\n|upkeep\n|turn|22\n|inactive|Time left: 300 sec this turn | 300 sec total\n|\n|t:|1783545397\n|switch|p1a: Dragalge|Dragalge, L88, M|94/258\n|-activate|p1a: Dragalge|move: Sticky Web\n|-unboost|p1a: Dragalge|spe|1\n|move|p2a: Brute Bonnet|Spore|p1a: Dragalge\n|-status|p1a: Dragalge|slp|[from] move: Spore\n|\n|-heal|p2a: Brute Bonnet|78/100|[from] item: Leftovers\n|upkeep\n|turn|23\n|inactive|Time left: 300 sec this turn | 300 sec total\n|\n|t:|1783545398\n|move|p2a: Brute Bonnet|Crunch|p1a: Dragalge\n|-damage|p1a: Dragalge|0 fnt\n|faint|p1a: Dragalge\n|\n|-heal|p2a: Brute Bonnet|84/100|[from] item: Leftovers\n|upkeep\n|inactive|Time left: 300 sec this turn | 300 sec total | 5 sec grace\n|\n|t:|1783545399\n|switch|p1a: Duraludon|Duraludon, L82, M|161/249\n|-activate|p1a: Duraludon|move: Sticky Web\n|-unboost|p1a: Duraludon|spe|1\n|turn|24\n|inactive|Time left: 300 sec this turn | 300 sec total\n|\n|t:|1783545400\n|move|p2a: Brute Bonnet|Spore|p1a: Duraludon\n|-status|p1a: Duraludon|slp|[from] move: Spore\n|cant|p1a: Duraludon|slp\n|\n|-heal|p2a: Brute Bonnet|90/100|[from] item: Leftovers\n|upkeep\n|turn|25\n|inactive|Time left: 300 sec this turn | 300 sec total\n|\n|t:|1783545401\n|move|p2a: Brute Bonnet|Close Combat|p1a: Duraludon\n|-supereffective|p1a: Duraludon\n|-damage|p1a: Duraludon|43/249 slp\n|-unboost|p2a: Brute Bonnet|def|1\n|-unboost|p2a: Brute Bonnet|spd|1\n|-curestatus|p1a: Duraludon|slp|[msg]\n|move|p1a: Duraludon|Flash Cannon|p2a: Brute Bonnet\n|-damage|p2a: Brute Bonnet|44/100\n|\n|-heal|p2a: Brute Bonnet|50/100|[from] item: Leftovers\n|upkeep\n|turn|26\n|inactive|Time left: 300 sec this turn | 300 sec total\n|\n|t:|1783545403\n|-terastallize|p1a: Duraludon|Fighting\n|move|p2a: Brute Bonnet|Close Combat|p1a: Duraludon\n|-damage|p1a: Duraludon|0 fnt\n|-unboost|p2a: Brute Bonnet|def|1\n|-unboost|p2a: Brute Bonnet|spd|1\n|faint|p1a: Duraludon\n|\n|win|p0y543d6cc", "uploadtime": 1783545403, "views": 0, "rating": 0, "private": 0, "password": null, "_winner": "p0y543d6cc", "_our_name": "p0x543a9a1"}