{"id": "battle-gen9randombattle-1768", "formatid": "gen9randombattle", "format": "[Gen 9] Random Battle", "players": ["p0x176809ce", "p0y17680b5d"], "log": "|init|battle\n|title|p0x176809ce vs. p0y17680b5d\n|j|\u2606p0x176809ce\n|j|\u2606p0y17680b5d\n|t:|1783560455\n|gametype|singles\n|player|p1|p0x176809ce|265|\n|player|p2|p0y17680b5d|1|\n|gen|9\n|tier|[Gen 9] Random Battle\n|rule|Species Clause: Limit one of each Pok\u00e9mon\n|rule|HP Percentage Mod: HP is shown in percentages\n|rule|Sleep Clause Mod: Limit one foe put to sleep\n|rule|Illusion Level Mod: Illusion disguises the Pok\u00e9mon's true level\n|\n|t:|1783560455\n|teamsize|p1|6\n|teamsize|p2|6\n|start\n|switch|p1a: Sandslash|Sandslash-Alola, L88, F|100/100\n|switch|p2a: Electivire|Electivire, L84, M|263/263\n|turn|1\n|inactive|Battle timer is ON: inactive players will automatically lose when time's up. (requested by p0x176809ce)\n|inactive|Time left: 300 sec this turn | 300 sec total | 60 sec grace\n|inactive|p0y17680b5d also wants the timer to be on.\n|\n|t:|1783560457\n|switch|p2a: Cetitan|Cetitan, L82, M|413/413\n|move|p1a: Sandslash|Triple Axel|p2a: Cetitan\n|-resisted|p2a: Cetitan\n|-damage|p2a: Cetitan|392/413\n|-resisted|p2a: Cetitan\n|-damage|p2a: Cetitan|354/413\n|-resisted|p2a: Cetitan\n|-crit|p2a: Cetitan\n|-damage|p2a: Cetitan|260/413\n|-hitcount|p2a: Cetitan|3\n|-damage|p1a: Sandslash|91/100|[from] item: Life Orb\n|\n|upkeep\n|turn|2\n|inactive|Time left: 300 sec this turn | 300 sec total\n|\n|t:|1783560458\n|move|p2a: Cetitan|Superpower|p1a: Sandslash\n|-supereffective|p1a: Sandslash\n|-damage|p1a: Sandslash|0 fnt\n|-unboost|p2a: Cetitan|atk|1\n|-unboost|p2a: Cetitan|def|1\n|faint|p1a: Sandslash\n|-damage|p2a: Cetitan|219/413|[from] item: Life Orb\n|\n|upkeep\n|\n|t:|1783560459\n|switch|p1a: Dusknoir|Dusknoir, L89, M|100/100\n|-item|p2a: Cetitan|Life Orb|[from] ability: Frisk|[of] p1a: Dusknoir\n|turn|3\n|inactive|Time left: 300 sec this turn | 300 sec total\n|\n|t:|1783560460\n|switch|p2a: Serperior|Serperior, L79, F|248/248\n|move|p1a: Dusknoir|Poltergeist|p2a: Serperior\n|-activate|p2a: Serperior|move: Poltergeist|Leftovers\n|-damage|p2a: Serperior|115/248\n|\n|-heal|p2a: Serperior|130/248|[from] item: Leftovers\n|upkeep\n|turn|4\n|inactive|Time left: 300 sec this turn | 300 sec total\n|\n|t:|1783560461\n|move|p2a: Serperior|Leaf Storm|p1a: Dusknoir\n|-damage|p1a: Dusknoir|69/100\n|-boost|p2a: Serperior|spa|2\n|move|p1a: Dusknoir|Poltergeist|p2a: Serperior\n|-activate|p2a: Serperior|move: Poltergeist|Leftovers\n|-damage|p2a: Serperior|0 fnt\n|faint|p2a: Serperior\n|\n|-heal|p1a: Dusknoir|76/100|[from] item: Leftovers\n|upkeep\n|inactive|Time left: 300 sec this turn | 300 sec total | 5 sec grace\n|\n|t:|1783560462\n|switch|p2a: Empoleon|Empoleon, L84, M|278/278\n|turn|5\n|inactive|Time left: 300 sec this turn | 300 sec total\n|\n|t:|1783560462\n|move|p2a: Empoleon|Knock Off|p1a: Dusknoir\n|-supereffective|p1a: Dusknoir\n|-damage|p1a: Dusknoir|39/100\n|-enditem|p1a: Dusknoir|Leftovers|[from] move: Knock Off|[of] p2a: Empoleon\n|move|p1a: Dusknoir|Pain Split|p2a: Empoleon\n|-sethp|p2a: Empoleon|182/278|[from] move: Pain Split|[silent]\n|-sethp|p1a: Dusknoir|81/100|[from] move: Pain Split\n|\n|-heal|p2a: Empoleon|199/278|[from] item: Leftovers\n|upkeep\n|turn|6\n|inactive|Time left: 300 sec this turn | 300 sec total\n|\n|t:|1783560463\n|move|p2a: Empoleon|Surf|p1a: Dusknoir\n|-damage|p1a: Dusknoir|51/100\n|move|p1a: Dusknoir|Earthquake|p2a: Empoleon\n|-supereffective|p2a: Empoleon\n|-damage|p2a: Empoleon|31/278\n|\n|-heal|p2a: Empoleon|48/278|[from] item: Leftovers\n|upkeep\n|turn|7\n|inactive|Time left: 300 sec this turn | 300 sec total\n|\n|t:|1783560464\n|move|p2a: Empoleon|Roost|p2a: Empoleon\n|-heal|p2a: Empoleon|187/278\n|-singleturn|p2a: Empoleon|move: Roost\n|move|p1a: Dusknoir|Poltergeist|p2a: Empoleon\n|-activate|p2a: Empoleon|move: Poltergeist|Leftovers\n|-damage|p2a: Empoleon|52/278\n|\n|-heal|p2a: Empoleon|69/278|[from] item: Leftovers\n|upkeep\n|turn|8\n|inactive|Time left: 300 sec this turn | 300 sec total\n|\n|t:|1783560465\n|move|p2a: Empoleon|Roost|p2a: Empoleon\n|-heal|p2a: Empoleon|208/278\n|-singleturn|p2a: Empoleon|move: Roost\n|move|p1a: Dusknoir|Earthquake|p2a: Empoleon\n|-supereffective|p2a: Empoleon\n|-damage|p2a: Empoleon|48/278\n|\n|-heal|p2a: Empoleon|65/278|[from] item: Leftovers\n|upkeep\n|turn|9\n|inactive|Time left: 300 sec this turn | 300 sec total\n|\n|t:|1783560466\n|move|p2a: Empoleon|Roost|p2a: Empoleon\n|-heal|p2a: Empoleon|204/278\n|-singleturn|p2a: Empoleon|move: Roost\n|move|p1a: Dusknoir|Earthquake|p2a: Empoleon\n|-supereffective|p2a: Empoleon\n|-crit|p2a: Empoleon\n|-damage|p2a: Empoleon|0 fnt\n|faint|p2a: Empoleon\n|\n|upkeep\n|inactive|Time left: 300 sec this turn | 300 sec total | 5 sec grace\n|\n|t:|1783560467\n|switch|p2a: Pikachu|Pikachu-Partner, L93, M|216/216\n|turn|10\n|inactive|Time left: 300 sec this turn | 300 sec total\n|\n|t:|1783560468\n|switch|p1a: Tsareena|Tsareena, L87, F|100/100\n|move|p2a: Pikachu|Volt Tackle|p1a: Tsareena\n|-resisted|p1a: Tsareena\n|-damage|p1a: Tsareena|66/100\n|-damage|p2a: Pikachu|186/216|[from] Recoil\n|\n|upkeep\n|turn|11\n|inactive|Time left: 300 sec this turn | 300 sec total\n|\n|t:|1783560469\n|move|p2a: Pikachu|Volt Switch|p1a: Tsareena\n|-resisted|p1a: Tsareena\n|-damage|p1a: Tsareena|46/100\n|inactive|Time left: 300 sec this turn | 300 sec total | 5 sec grace\n|\n|t:|1783560470\n|switch|p2a: Electivire|Electivire, L84, M|263/263|[from] Volt Switch\n|move|p1a: Tsareena|Power Whip|p2a: Electivire\n|-damage|p2a: Electivire|85/263\n|\n|upkeep\n|turn|12\n|inactive|Time left: 300 sec this turn | 300 sec total\n|\n|t:|1783560471\n|move|p2a: Electivire|Ice Punch|p1a: Tsareena\n|-supereffective|p1a: Tsareena\n|-damage|p1a: Tsareena|0 fnt\n|faint|p1a: Tsareena\n|\n|upkeep\n|\n|t:|1783560472\n|switch|p1a: Raichu|Raichu-Alola, L87, F|100/100\n|turn|13\n|inactive|Time left: 300 sec this turn | 300 sec total\n|\n|t:|1783560473\n|move|p2a: Electivire|Ice Punch|p1a: Raichu\n|-damage|p1a: Raichu|66/100\n|move|p1a: Raichu|Psychic|p2a: Electivire\n|-damage|p2a: Electivire|0 fnt\n|faint|p2a: Electivire\n|\n|upkeep\n|inactive|Time left: 300 sec this turn | 300 sec total | 5 sec grace\n|\n|t:|1783560474\n|switch|p2a: Whimsicott|Whimsicott, L84, M|238/238\n|turn|14\n|inactive|Time left: 300 sec this turn | 300 sec total\n|\n|t:|1783560475\n|move|p2a: Whimsicott|Moonblast|p1a: Raichu\n|-damage|p1a: Raichu|35/100\n|move|p1a: Raichu|Psychic|p2a: Whimsicott\n|-damage|p2a: Whimsicott|72/238\n|\n|upkeep\n|turn|15\n|inactive|Time left: 300 sec this turn | 300 sec total\n|\n|t:|1783560476\n|move|p2a: Whimsicott|Moonblast|p1a: Raichu\n|-damage|p1a: Raichu|1/100\n|move|p1a: Raichu|Psychic|p2a: Whimsicott\n|-damage|p2a: Whimsicott|0 fnt\n|faint|p2a: Whimsicott\n|\n|upkeep\n|inactive|Time left: 300 sec this turn | 300 sec total | 5 sec grace\n|\n|t:|1783560477\n|switch|p2a: Pikachu|Pikachu-Partner, L93, M|186/216\n|turn|16\n|inactive|Time left: 300 sec this turn | 300 sec total\n|\n|t:|1783560477\n|move|p2a: Pikachu|Fake Out|p1a: Raichu\n|-damage|p1a: Raichu|0 fnt\n|faint|p1a: Raichu\n|\n|upkeep\n|\n|t:|1783560478\n|switch|p1a: Spiritomb|Spiritomb, L89, M|100/100\n|turn|17\n|inactive|Time left: 300 sec this turn | 300 sec total\n|\n|t:|1783560479\n|move|p2a: Pikachu|Volt Switch|p1a: Spiritomb\n|-damage|p1a: Spiritomb|65/100\n|inactive|Time left: 300 sec this turn | 300 sec total | 5 sec grace\n|\n|t:|1783560480\n|switch|p2a: Cetitan|Cetitan, L82, M|219/413|[from] Volt Switch\n|move|p1a: Spiritomb|Poltergeist|p2a: Cetitan\n|-activate|p2a: Cetitan|move: Poltergeist|Life Orb\n|-damage|p2a: Cetitan|74/413\n|\n|-heal|p1a: Spiritomb|71/100|[from] item: Leftovers\n|upkeep\n|turn|18\n|inactive|Time left: 300 sec this turn | 300 sec total\n|\n|t:|1783560481\n|move|p2a: Cetitan|Icicle Crash|p1a: Spiritomb\n|-damage|p1a: Spiritomb|17/100\n|move|p1a: Spiritomb|Foul Play|p2a: Cetitan\n|-damage|p2a: Cetitan|0 fnt\n|faint|p2a: Cetitan\n|\n|-heal|p1a: Spiritomb|23/100|[from] item: Leftovers\n|upkeep\n|inactive|Time left: 300 sec this turn | 300 sec total | 5 sec grace\n|\n|t:|1783560481\n|switch|p2a: Pikachu|Pikachu-Partner, L93, M|186/216\n|turn|19\n|inactive|Time left: 300 sec this turn | 300 sec total\n|\n|t:|1783560482\n|-terastallize|p2a: Pikachu|Water\n|move|p2a: Pikachu|Volt Switch|p1a: Spiritomb\n|-damage|p1a: Spiritomb|0 fnt\n|faint|p1a: Spiritomb\n|\n|upkeep\n|\n|t:|1783560483\n|switch|p1a: Mandibuzz|Mandibuzz, L85, F|100/100\n|turn|20\n|inactive|Time left: 300 sec this turn | 300 sec total\n|\n|t:|1783560484\n|-terastallize|p1a: Mandibuzz|Steel\n|move|p2a: Pikachu|Surf|p1a: Mandibuzz\n|-damage|p1a: Mandibuzz|55/100\n|move|p1a: Mandibuzz|Knock Off|p2a: Pikachu\n|-damage|p2a: Pikachu|63/216\n|-enditem|p2a: Pikachu|Light Ball|[from] move: Knock Off|[of] p1a: Mandibuzz\n|\n|upkeep\n|turn|21\n|inactive|Time left: 300 sec this turn | 300 sec total\n|\n|t:|1783560485\n|move|p2a: Pikachu|Volt Tackle|p1a: Mandibuzz\n|-damage|p1a: Mandibuzz|28/100\n|-damage|p2a: Pikachu|34/216|[from] Recoil\n|move|p1a: Mandibuzz|Knock Off|p2a: Pikachu\n|-damage|p2a: Pikachu|0 fnt\n|faint|p2a: Pikachu\n|\n|win|p0x176809ce", "uploadtime": 1783560485, "views": 0, "rating": 0, "private": 0, "password": null, "_winner": "p0x176809ce", "_our_name": "p0y17680b5d"}