{"id": "battle-gen9randombattle-1851", "formatid": "gen9randombattle", "format": "[Gen 9] Random Battle", "players": ["p0x18517f8e", "p0y18515271"], "log": "|init|battle\n|title|p0x18517f8e vs. p0y18515271\n|j|\u2606p0x18517f8e\n|j|\u2606p0y18515271\n|t:|1783561445\n|gametype|singles\n|player|p1|p0x18517f8e|265|\n|player|p2|p0y18515271|101|\n|gen|9\n|tier|[Gen 9] Random Battle\n|rule|Species Clause: Limit one of each Pok\u00e9mon\n|rule|HP Percentage Mod: HP is shown in percentages\n|rule|Sleep Clause Mod: Limit one foe put to sleep\n|rule|Illusion Level Mod: Illusion disguises the Pok\u00e9mon's true level\n|\n|t:|1783561445\n|teamsize|p1|6\n|teamsize|p2|6\n|start\n|switch|p1a: Indeedee|Indeedee-F, L90, F|272/272\n|switch|p2a: Urshifu|Urshifu-Rapid-Strike, L75, F|100/100\n|-fieldstart|move: Psychic Terrain|[from] ability: Psychic Surge|[of] p1a: Indeedee\n|turn|1\n|inactive|Battle timer is ON: inactive players will automatically lose when time's up. (requested by p0y18515271)\n|inactive|Time left: 300 sec this turn | 300 sec total | 60 sec grace\n|inactive|p0x18517f8e also wants the timer to be on.\n|\n|t:|1783561446\n|move|p2a: Urshifu|U-turn|p1a: Indeedee\n|-supereffective|p1a: Indeedee\n|-damage|p1a: Indeedee|154/272\n|\n|t:|1783561447\n|switch|p2a: Grumpig|Grumpig, L92, M|100/100|[from] U-turn\n|move|p1a: Indeedee|Psychic|p2a: Grumpig\n|-resisted|p2a: Grumpig\n|-damage|p2a: Grumpig|79/100\n|-damage|p1a: Indeedee|127/272|[from] item: Life Orb\n|\n|-heal|p2a: Grumpig|85/100|[from] item: Leftovers\n|upkeep\n|turn|2\n|inactive|Time left: 300 sec this turn | 300 sec total\n|\n|t:|1783561448\n|move|p1a: Indeedee|Calm Mind|p1a: Indeedee\n|-boost|p1a: Indeedee|spa|1\n|-boost|p1a: Indeedee|spd|1\n|move|p2a: Grumpig|Nasty Plot|p2a: Grumpig\n|-boost|p2a: Grumpig|spa|2\n|\n|-heal|p2a: Grumpig|91/100|[from] item: Leftovers\n|upkeep\n|turn|3\n|inactive|Time left: 300 sec this turn | 300 sec total\n|\n|t:|1783561449\n|move|p1a: Indeedee|Shadow Ball|p2a: Grumpig\n|-supereffective|p2a: Grumpig\n|-damage|p2a: Grumpig|24/100\n|-damage|p1a: Indeedee|100/272|[from] item: Life Orb\n|move|p2a: Grumpig|Psyshock|p1a: Indeedee\n|-resisted|p1a: Indeedee\n|-damage|p1a: Indeedee|0 fnt\n|faint|p1a: Indeedee\n|\n|-heal|p2a: Grumpig|30/100|[from] item: Leftovers\n|upkeep\n|inactive|Time left: 300 sec this turn | 300 sec total | 5 sec grace\n|\n|t:|1783561450\n|switch|p1a: Farigiraf|Farigiraf, L90, F|362/362\n|turn|4\n|inactive|Time left: 300 sec this turn | 300 sec total\n|\n|t:|1783561451\n|move|p2a: Grumpig|Focus Blast|p1a: Farigiraf|[miss]\n|-miss|p2a: Grumpig|p1a: Farigiraf\n|move|p1a: Farigiraf|Body Slam|p2a: Grumpig\n|-damage|p2a: Grumpig|0 fnt\n|faint|p2a: Grumpig\n|\n|upkeep\n|\n|t:|1783561452\n|switch|p2a: Palossand|Palossand, L89, F|100/100\n|turn|5\n|inactive|Time left: 300 sec this turn | 300 sec total\n|\n|t:|1783561453\n|move|p1a: Farigiraf|Psychic Noise|p2a: Palossand\n|-damage|p2a: Palossand|54/100\n|-start|p2a: Palossand|move: Heal Block\n|move|p2a: Palossand|Stealth Rock|p1a: Farigiraf\n|-sidestart|p1: p0x18517f8e|move: Stealth Rock\n|\n|-fieldend|move: Psychic Terrain\n|upkeep\n|turn|6\n|inactive|Time left: 300 sec this turn | 300 sec total\n|\n|t:|1783561454\n|move|p1a: Farigiraf|Psychic Noise|p2a: Palossand\n|-damage|p2a: Palossand|16/100\n|move|p2a: Palossand|Earth Power|p1a: Farigiraf\n|-damage|p1a: Farigiraf|242/362\n|\n|-heal|p1a: Farigiraf|264/362|[from] item: Leftovers\n|-end|p2a: Palossand|move: Heal Block\n|upkeep\n|turn|7\n|inactive|Time left: 300 sec this turn | 300 sec total\n|\n|t:|1783561455\n|move|p1a: Farigiraf|Psychic Noise|p2a: Palossand\n|-damage|p2a: Palossand|0 fnt\n|faint|p2a: Palossand\n|\n|-heal|p1a: Farigiraf|286/362|[from] item: Leftovers\n|upkeep\n|\n|t:|1783561456\n|switch|p2a: Ampharos|Ampharos, L88, F|100/100\n|turn|8\n|inactive|Time left: 300 sec this turn | 300 sec total\n|\n|t:|1783561457\n|move|p1a: Farigiraf|Body Slam|p2a: Ampharos\n|-damage|p2a: Ampharos|69/100\n|move|p2a: Ampharos|Agility|p2a: Ampharos\n|-boost|p2a: Ampharos|spe|2\n|\n|-heal|p1a: Farigiraf|308/362|[from] item: Leftovers\n|upkeep\n|turn|9\n|inactive|Time left: 300 sec this turn | 300 sec total\n|\n|t:|1783561458\n|move|p2a: Ampharos|Thunderbolt|p1a: Farigiraf\n|-damage|p1a: Farigiraf|121/362\n|-damage|p2a: Ampharos|59/100|[from] item: Life Orb\n|move|p1a: Farigiraf|Psychic Noise|p2a: Ampharos\n|-damage|p2a: Ampharos|29/100\n|-start|p2a: Ampharos|move: Heal Block\n|\n|-heal|p1a: Farigiraf|143/362|[from] item: Leftovers\n|upkeep\n|turn|10\n|inactive|Time left: 300 sec this turn | 300 sec total\n|\n|t:|1783561459\n|switch|p1a: Lurantis|Lurantis, L87, M|264/264\n|-damage|p1a: Lurantis|231/264|[from] Stealth Rock\n|move|p2a: Ampharos|Thunderbolt|p1a: Lurantis\n|-resisted|p1a: Lurantis\n|-damage|p1a: Lurantis|186/264\n|-damage|p2a: Ampharos|19/100|[from] item: Life Orb\n|\n|-end|p2a: Ampharos|move: Heal Block\n|upkeep\n|turn|11\n|inactive|Time left: 300 sec this turn | 300 sec total\n|\n|t:|1783561460\n|move|p2a: Ampharos|Thunderbolt|p1a: Lurantis\n|-resisted|p1a: Lurantis\n|-damage|p1a: Lurantis|135/264\n|-damage|p2a: Ampharos|9/100|[from] item: Life Orb\n|move|p1a: Lurantis|Superpower|p2a: Ampharos\n|-damage|p2a: Ampharos|0 fnt\n|-boost|p1a: Lurantis|atk|1\n|-boost|p1a: Lurantis|def|1\n|faint|p2a: Ampharos\n|\n|upkeep\n|\n|t:|1783561461\n|switch|p2a: Seviper|Seviper, L93, F|100/100\n|turn|12\n|inactive|Time left: 300 sec this turn | 300 sec total\n|\n|t:|1783561462\n|-terastallize|p1a: Lurantis|Fighting\n|move|p2a: Seviper|Flamethrower|p1a: Lurantis\n|-damage|p1a: Lurantis|70/264\n|-damage|p2a: Seviper|91/100|[from] item: Life Orb\n|move|p1a: Lurantis|Superpower|p2a: Seviper\n|-resisted|p2a: Seviper\n|-damage|p2a: Seviper|50/100\n|-boost|p1a: Lurantis|atk|1\n|-boost|p1a: Lurantis|def|1\n|\n|upkeep\n|turn|13\n|inactive|Time left: 300 sec this turn | 300 sec total\n|\n|t:|1783561464\n|move|p2a: Seviper|Gunk Shot|p1a: Lurantis|[miss]\n|-miss|p2a: Seviper|p1a: Lurantis\n|move|p1a: Lurantis|Leech Life|p2a: Seviper\n|-resisted|p2a: Seviper\n|-damage|p2a: Seviper|23/100\n|-heal|p1a: Lurantis|109/264|[from] drain|[of] p2a: Seviper\n|\n|upkeep\n|turn|14\n|inactive|Time left: 300 sec this turn | 300 sec total\n|\n|t:|1783561465\n|move|p2a: Seviper|Gunk Shot|p1a: Lurantis\n|-damage|p1a: Lurantis|12/264\n|-damage|p2a: Seviper|13/100|[from] item: Life Orb\n|move|p1a: Lurantis|Leech Life|p2a: Seviper\n|-resisted|p2a: Seviper\n|-damage|p2a: Seviper|0 fnt\n|-heal|p1a: Lurantis|30/264|[from] drain|[of] p2a: Seviper\n|faint|p2a: Seviper\n|\n|upkeep\n|\n|t:|1783561466\n|switch|p2a: Urshifu|Urshifu-Rapid-Strike, L75, F|100/100\n|turn|15\n|inactive|Time left: 300 sec this turn | 300 sec total\n|\n|t:|1783561467\n|move|p2a: Urshifu|Surging Strikes|p1a: Lurantis\n|-crit|p1a: Lurantis\n|-damage|p1a: Lurantis|0 fnt\n|faint|p1a: Lurantis\n|-hitcount|p1: Lurantis|1\n|\n|upkeep\n|inactive|Time left: 300 sec this turn | 300 sec total | 5 sec grace\n|\n|t:|1783561468\n|switch|p1a: Empoleon|Empoleon, L84, F|278/278\n|-damage|p1a: Empoleon|261/278|[from] Stealth Rock\n|turn|16\n|inactive|Time left: 300 sec this turn | 300 sec total\n|\n|t:|1783561469\n|move|p2a: Urshifu|Surging Strikes|p1a: Empoleon\n|-resisted|p1a: Empoleon\n|-crit|p1a: Empoleon\n|-damage|p1a: Empoleon|241/278\n|-resisted|p1a: Empoleon\n|-crit|p1a: Empoleon\n|-damage|p1a: Empoleon|218/278\n|-resisted|p1a: Empoleon\n|-crit|p1a: Empoleon\n|-damage|p1a: Empoleon|199/278\n|-hitcount|p1a: Empoleon|3\n|move|p1a: Empoleon|Surf|p2a: Urshifu\n|-resisted|p2a: Urshifu\n|-damage|p2a: Urshifu|74/100\n|\n|-heal|p1a: Empoleon|216/278|[from] item: Leftovers\n|upkeep\n|turn|17\n|inactive|Time left: 300 sec this turn | 300 sec total\n|\n|t:|1783561470\n|move|p2a: Urshifu|Surging Strikes|p1a: Empoleon\n|-resisted|p1a: Empoleon\n|-crit|p1a: Empoleon\n|-damage|p1a: Empoleon|194/278\n|-resisted|p1a: Empoleon\n|-crit|p1a: Empoleon\n|-damage|p1a: Empoleon|175/278\n|-resisted|p1a: Empoleon\n|-crit|p1a: Empoleon\n|-damage|p1a: Empoleon|154/278\n|-hitcount|p1a: Empoleon|3\n|move|p1a: Empoleon|Surf|p2a: Urshifu\n|-resisted|p2a: Urshifu\n|-damage|p2a: Urshifu|44/100\n|\n|-heal|p1a: Empoleon|171/278|[from] item: Leftovers\n|upkeep\n|turn|18\n|inactive|Time left: 300 sec this turn | 300 sec total\n|\n|t:|1783561471\n|move|p2a: Urshifu|Surging Strikes|p1a: Empoleon\n|-resisted|p1a: Empoleon\n|-crit|p1a: Empoleon\n|-damage|p1a: Empoleon|152/278\n|-resisted|p1a: Empoleon\n|-crit|p1a: Empoleon\n|-damage|p1a: Empoleon|131/278\n|-resisted|p1a: Empoleon\n|-crit|p1a: Empoleon\n|-damage|p1a: Empoleon|110/278\n|-hitcount|p1a: Empoleon|3\n|move|p1a: Empoleon|Surf|p2a: Urshifu\n|-resisted|p2a: Urshifu\n|-damage|p2a: Urshifu|17/100\n|\n|-heal|p1a: Empoleon|127/278|[from] item: Leftovers\n|upkeep\n|turn|19\n|inactive|Time left: 300 sec this turn | 300 sec total\n|\n|t:|1783561472\n|move|p2a: Urshifu|Surging Strikes|p1a: Empoleon\n|-resisted|p1a: Empoleon\n|-crit|p1a: Empoleon\n|-damage|p1a: Empoleon|108/278\n|-resisted|p1a: Empoleon\n|-crit|p1a: Empoleon\n|-damage|p1a: Empoleon|86/278\n|-resisted|p1a: Empoleon\n|-crit|p1a: Empoleon\n|-damage|p1a: Empoleon|67/278\n|-hitcount|p1a: Empoleon|3\n|move|p1a: Empoleon|Roost|p1a: Empoleon\n|-heal|p1a: Empoleon|206/278\n|-singleturn|p1a: Empoleon|move: Roost\n|\n|-heal|p1a: Empoleon|223/278|[from] item: Leftovers\n|upkeep\n|turn|20\n|inactive|Time left: 300 sec this turn | 300 sec total\n|\n|t:|1783561473\n|move|p2a: Urshifu|Surging Strikes|p1a: Empoleon\n|-resisted|p1a: Empoleon\n|-crit|p1a: Empoleon\n|-damage|p1a: Empoleon|203/278\n|-resisted|p1a: Empoleon\n|-crit|p1a: Empoleon\n|-damage|p1a: Empoleon|184/278\n|-resisted|p1a: Empoleon\n|-crit|p1a: Empoleon\n|-damage|p1a: Empoleon|162/278\n|-hitcount|p1a: Empoleon|3\n|move|p1a: Empoleon|Surf|p2a: Urshifu\n|-resisted|p2a: Urshifu\n|-damage|p2a: Urshifu|0 fnt\n|faint|p2a: Urshifu\n|\n|-heal|p1a: Empoleon|179/278|[from] item: Leftovers\n|upkeep\n|\n|t:|1783561474\n|switch|p2a: Sinistcha|Sinistcha, L83|100/100\n|turn|21\n|inactive|Time left: 300 sec this turn | 300 sec total\n|\n|t:|1783561475\n|switch|p1a: Farigiraf|Farigiraf, L90, F|143/362\n|-damage|p1a: Farigiraf|98/362|[from] Stealth Rock\n|move|p2a: Sinistcha|Calm Mind|p2a: Sinistcha\n|-boost|p2a: Sinistcha|spa|1\n|-boost|p2a: Sinistcha|spd|1\n|\n|-heal|p1a: Farigiraf|120/362|[from] item: Leftovers\n|upkeep\n|turn|22\n|inactive|Time left: 300 sec this turn | 300 sec total\n|\n|t:|1783561476\n|move|p2a: Sinistcha|Calm Mind|p2a: Sinistcha\n|-boost|p2a: Sinistcha|spa|1\n|-boost|p2a: Sinistcha|spd|1\n|move|p1a: Farigiraf|Wish|p1a: Farigiraf\n|\n|-heal|p1a: Farigiraf|142/362|[from] item: Leftovers\n|upkeep\n|turn|23\n|inactive|Time left: 300 sec this turn | 300 sec total\n|\n|t:|1783561477\n|move|p2a: Sinistcha|Calm Mind|p2a: Sinistcha\n|-boost|p2a: Sinistcha|spa|1\n|-boost|p2a: Sinistcha|spd|1\n|move|p1a: Farigiraf|Psychic Noise|p2a: Sinistcha\n|-damage|p2a: Sinistcha|84/100\n|-start|p2a: Sinistcha|move: Heal Block\n|\n|-heal|p1a: Farigiraf|323/362|[from] move: Wish|[wisher] Farigiraf\n|-heal|p1a: Farigiraf|345/362|[from] item: Leftovers\n|upkeep\n|turn|24\n|inactive|Time left: 300 sec this turn | 300 sec total\n|\n|t:|1783561478\n|move|p2a: Sinistcha|Calm Mind|p2a: Sinistcha\n|-boost|p2a: Sinistcha|spa|1\n|-boost|p2a: Sinistcha|spd|1\n|move|p1a: Farigiraf|Psychic Noise|p2a: Sinistcha\n|-damage|p2a: Sinistcha|69/100\n|\n|-heal|p1a: Farigiraf|362/362|[from] item: Leftovers\n|-end|p2a: Sinistcha|move: Heal Block\n|upkeep\n|turn|25\n|inactive|Time left: 300 sec this turn | 300 sec total\n|\n|t:|1783561479\n|move|p2a: Sinistcha|Calm Mind|p2a: Sinistcha\n|-boost|p2a: Sinistcha|spa|1\n|-boost|p2a: Sinistcha|spd|1\n|move|p1a: Farigiraf|Psychic Noise|p2a: Sinistcha\n|-damage|p2a: Sinistcha|56/100\n|-start|p2a: Sinistcha|move: Heal Block\n|\n|upkeep\n|turn|26\n|inactive|Time left: 300 sec this turn | 300 sec total\n|\n|t:|1783561480\n|move|p2a: Sinistcha|Shadow Ball|p1a: Farigiraf\n|-immune|p1a: Farigiraf\n|move|p1a: Farigiraf|Psychic Noise|p2a: Sinistcha\n|-damage|p2a: Sinistcha|44/100\n|\n|-end|p2a: Sinistcha|move: Heal Block\n|upkeep\n|turn|27\n|inactive|Time left: 300 sec this turn | 300 sec total\n|\n|t:|1783561482\n|move|p2a: Sinistcha|Shadow Ball|p1a: Farigiraf\n|-immune|p1a: Farigiraf\n|move|p1a: Farigiraf|Psychic Noise|p2a: Sinistcha\n|-damage|p2a: Sinistcha|31/100\n|-start|p2a: Sinistcha|move: Heal Block\n|\n|upkeep\n|turn|28\n|inactive|Time left: 300 sec this turn | 300 sec total\n|\n|t:|1783561483\n|move|p2a: Sinistcha|Calm Mind|p2a: Sinistcha\n|-boost|p2a: Sinistcha|spa|1\n|-boost|p2a: Sinistcha|spd|1\n|move|p1a: Farigiraf|Psychic Noise|p2a: Sinistcha\n|-damage|p2a: Sinistcha|21/100\n|\n|-end|p2a: Sinistcha|move: Heal Block\n|upkeep\n|turn|29\n|inactive|Time left: 300 sec this turn | 300 sec total\n|\n|t:|1783561484\n|move|p2a: Sinistcha|Calm Mind|p2a: Sinistcha\n|-boost|p2a: Sinistcha|spa|0\n|-boost|p2a: Sinistcha|spd|0\n|move|p1a: Farigiraf|Psychic Noise|p2a: Sinistcha\n|-damage|p2a: Sinistcha|10/100\n|-start|p2a: Sinistcha|move: Heal Block\n|\n|upkeep\n|turn|30\n|inactive|Time left: 300 sec this turn | 300 sec total\n|\n|t:|1783561484\n|-terastallize|p2a: Sinistcha|Steel\n|move|p2a: Sinistcha|Calm Mind|p2a: Sinistcha\n|-boost|p2a: Sinistcha|spa|0\n|-boost|p2a: Sinistcha|spd|0\n|move|p1a: Farigiraf|Psychic Noise|p2a: Sinistcha\n|-resisted|p2a: Sinistcha\n|-damage|p2a: Sinistcha|4/100\n|\n|-end|p2a: Sinistcha|move: Heal Block\n|upkeep\n|turn|31\n|inactive|Time left: 300 sec this turn | 300 sec total\n|\n|t:|1783561485\n|move|p2a: Sinistcha|Calm Mind|p2a: Sinistcha\n|-boost|p2a: Sinistcha|spa|0\n|-boost|p2a: Sinistcha|spd|0\n|move|p1a: Farigiraf|Body Slam|p2a: Sinistcha\n|-resisted|p2a: Sinistcha\n|-damage|p2a: Sinistcha|0 fnt\n|faint|p2a: Sinistcha\n|\n|win|p0x18517f8e", "uploadtime": 1783561485, "views": 0, "rating": 0, "private": 0, "password": null, "_winner": "p0x18517f8e", "_our_name": "p0x18517f8e"}