{"id": "battle-gen9randombattle-1675", "formatid": "gen9randombattle", "format": "[Gen 9] Random Battle", "players": ["p0x16757dd0", "p0y1675a221"], "log": "|init|battle\n|title|p0x16757dd0 vs. p0y1675a221\n|j|\u2606p0x16757dd0\n|j|\u2606p0y1675a221\n|t:|1783558635\n|gametype|singles\n|player|p1|p0x16757dd0|170|\n|player|p2|p0y1675a221|265|\n|gen|9\n|tier|[Gen 9] Random Battle\n|rule|Species Clause: Limit one of each Pok\u00e9mon\n|rule|HP Percentage Mod: HP is shown in percentages\n|rule|Sleep Clause Mod: Limit one foe put to sleep\n|rule|Illusion Level Mod: Illusion disguises the Pok\u00e9mon's true level\n|\n|t:|1783558635\n|teamsize|p1|6\n|teamsize|p2|6\n|start\n|switch|p1a: Comfey|Comfey, L85, M|100/100\n|switch|p2a: Ariados|Ariados, L95, M|287/287\n|turn|1\n|inactive|Battle timer is ON: inactive players will automatically lose when time's up. (requested by p0y1675a221)\n|inactive|p0x16757dd0 also wants the timer to be on.\n|\n|t:|1783558637\n|move|p1a: Comfey|Calm Mind|p1a: Comfey\n|-boost|p1a: Comfey|spa|1\n|-boost|p1a: Comfey|spd|1\n|move|p2a: Ariados|Sticky Web|p1a: Comfey\n|-sidestart|p1: p0x16757dd0|move: Sticky Web\n|\n|upkeep\n|turn|2\n|inactive|Time left: 300 sec this turn | 300 sec total\n|\n|t:|1783558638\n|move|p1a: Comfey|Calm Mind|p1a: Comfey\n|-boost|p1a: Comfey|spa|1\n|-boost|p1a: Comfey|spd|1\n|move|p2a: Ariados|Poison Jab|p1a: Comfey\n|-supereffective|p1a: Comfey\n|-damage|p1a: Comfey|4/100\n|\n|-heal|p1a: Comfey|11/100|[from] item: Leftovers\n|upkeep\n|turn|3\n|inactive|Time left: 300 sec this turn | 300 sec total\n|\n|t:|1783558639\n|move|p1a: Comfey|Stored Power|p2a: Ariados\n|-supereffective|p2a: Ariados\n|-damage|p2a: Ariados|39/287\n|move|p2a: Ariados|Poison Jab|p1a: Comfey\n|-supereffective|p1a: Comfey\n|-damage|p1a: Comfey|0 fnt\n|faint|p1a: Comfey\n|\n|upkeep\n|\n|t:|1783558640\n|switch|p1a: Delphox|Delphox, L84, M|100/100\n|-activate|p1a: Delphox|move: Sticky Web\n|-unboost|p1a: Delphox|spe|1\n|turn|4\n|inactive|Time left: 300 sec this turn | 300 sec total\n|\n|t:|1783558641\n|move|p2a: Ariados|Sucker Punch|p1a: Delphox\n|-supereffective|p1a: Delphox\n|-damage|p1a: Delphox|50/100\n|move|p1a: Delphox|Fire Blast|p2a: Ariados\n|-supereffective|p2a: Ariados\n|-damage|p2a: Ariados|0 fnt\n|faint|p2a: Ariados\n|\n|upkeep\n|inactive|Time left: 300 sec this turn | 300 sec total | 5 sec grace\n|\n|t:|1783558642\n|switch|p2a: Toedscruel|Toedscruel, L87, M|281/281\n|turn|5\n|inactive|Time left: 300 sec this turn | 300 sec total\n|\n|t:|1783558643\n|switch|p1a: Arboliva|Arboliva, L91, F|100/100\n|-activate|p1a: Arboliva|move: Sticky Web\n|-unboost|p1a: Arboliva|spe|1\n|move|p2a: Toedscruel|Spore|p1a: Arboliva\n|-immune|p1a: Arboliva\n|\n|upkeep\n|turn|6\n|inactive|Time left: 300 sec this turn | 300 sec total\n|\n|t:|1783558644\n|move|p2a: Toedscruel|Knock Off|p1a: Arboliva\n|-damage|p1a: Arboliva|84/100\n|-fieldstart|move: Grassy Terrain|[from] ability: Seed Sower|[of] p1a: Arboliva\n|-enditem|p1a: Arboliva|Leftovers|[from] move: Knock Off|[of] p2a: Toedscruel\n|move|p1a: Arboliva|Energy Ball|p2a: Toedscruel\n|-damage|p2a: Toedscruel|158/281\n|\n|-heal|p2a: Toedscruel|175/281|[from] Grassy Terrain\n|-heal|p2a: Toedscruel|192/281|[from] item: Leftovers\n|-heal|p1a: Arboliva|90/100|[from] Grassy Terrain\n|upkeep\n|turn|7\n|inactive|Time left: 300 sec this turn | 300 sec total\n|\n|t:|1783558645\n|move|p2a: Toedscruel|Knock Off|p1a: Arboliva\n|-damage|p1a: Arboliva|77/100\n|move|p1a: Arboliva|Energy Ball|p2a: Toedscruel\n|-damage|p2a: Toedscruel|53/281\n|\n|-heal|p2a: Toedscruel|70/281|[from] Grassy Terrain\n|-heal|p2a: Toedscruel|87/281|[from] item: Leftovers\n|-heal|p1a: Arboliva|83/100|[from] Grassy Terrain\n|upkeep\n|turn|8\n|inactive|Time left: 300 sec this turn | 300 sec total\n|\n|t:|1783558646\n|switch|p2a: Mienshao|Mienshao, L83, F|244/244\n|move|p1a: Arboliva|Energy Ball|p2a: Mienshao\n|-damage|p2a: Mienshao|96/244\n|\n|-heal|p2a: Mienshao|111/244|[from] Grassy Terrain\n|-heal|p1a: Arboliva|89/100|[from] Grassy Terrain\n|upkeep\n|turn|9\n|inactive|Time left: 300 sec this turn | 300 sec total\n|\n|t:|1783558647\n|move|p2a: Mienshao|Close Combat|p1a: Arboliva\n|-supereffective|p1a: Arboliva\n|-damage|p1a: Arboliva|0 fnt\n|-unboost|p2a: Mienshao|def|1\n|-unboost|p2a: Mienshao|spd|1\n|faint|p1a: Arboliva\n|\n|-heal|p2a: Mienshao|126/244|[from] Grassy Terrain\n|upkeep\n|\n|t:|1783558648\n|switch|p1a: Delphox|Delphox, L84, M|50/100\n|-activate|p1a: Delphox|move: Sticky Web\n|-unboost|p1a: Delphox|spe|1\n|turn|10\n|inactive|Time left: 300 sec this turn | 300 sec total\n|\n|t:|1783558649\n|move|p1a: Delphox|Fire Blast|p2a: Mienshao\n|-damage|p2a: Mienshao|0 fnt\n|faint|p2a: Mienshao\n|\n|-heal|p1a: Delphox|56/100|[from] Grassy Terrain\n|-fieldend|move: Grassy Terrain\n|upkeep\n|inactive|Time left: 300 sec this turn | 300 sec total | 5 sec grace\n|\n|t:|1783558650\n|switch|p2a: Toedscruel|Toedscruel, L87, M|87/281\n|turn|11\n|inactive|Time left: 300 sec this turn | 300 sec total\n|\n|t:|1783558651\n|move|p1a: Delphox|Fire Blast|p2a: Toedscruel\n|-supereffective|p2a: Toedscruel\n|-damage|p2a: Toedscruel|0 fnt\n|faint|p2a: Toedscruel\n|\n|upkeep\n|inactive|Time left: 300 sec this turn | 300 sec total | 5 sec grace\n|\n|t:|1783558652\n|switch|p2a: Cyclizar|Cyclizar, L84, F|255/255\n|turn|12\n|inactive|Time left: 300 sec this turn | 300 sec total\n|\n|t:|1783558653\n|move|p2a: Cyclizar|Knock Off|p1a: Delphox\n|-supereffective|p1a: Delphox\n|-damage|p1a: Delphox|1/100\n|-enditem|p1a: Delphox|Choice Scarf|[from] move: Knock Off|[of] p2a: Cyclizar\n|move|p1a: Delphox|Fire Blast|p2a: Cyclizar\n|-resisted|p2a: Cyclizar\n|-damage|p2a: Cyclizar|130/255\n|\n|upkeep\n|turn|13\n|inactive|Time left: 300 sec this turn | 300 sec total\n|\n|t:|1783558654\n|move|p2a: Cyclizar|Rapid Spin|p1a: Delphox\n|-damage|p1a: Delphox|0 fnt\n|-boost|p2a: Cyclizar|spe|1\n|faint|p1a: Delphox\n|\n|upkeep\n|\n|t:|1783558655\n|switch|p1a: Necrozma|Necrozma-Dawn-Wings, L76|100/100\n|-activate|p1a: Necrozma|move: Sticky Web\n|-unboost|p1a: Necrozma|spe|1\n|turn|14\n|inactive|Time left: 300 sec this turn | 300 sec total\n|\n|t:|1783558656\n|move|p2a: Cyclizar|Knock Off|p1a: Necrozma\n|-supereffective|p1a: Necrozma\n|-damage|p1a: Necrozma|28/100\n|-enditem|p1a: Necrozma|Life Orb|[from] move: Knock Off|[of] p2a: Cyclizar\n|move|p1a: Necrozma|Photon Geyser|p2a: Cyclizar\n|-crit|p2a: Cyclizar\n|-damage|p2a: Cyclizar|0 fnt\n|faint|p2a: Cyclizar\n|\n|upkeep\n|inactive|Time left: 300 sec this turn | 300 sec total | 5 sec grace\n|\n|t:|1783558657\n|switch|p2a: Terapagos|Terapagos, L77, M|265/265\n|-activate|p2a: Terapagos|ability: Tera Shift\n|detailschange|p2a: Terapagos|Terapagos-Terastal, L77, M\n|-heal|p2a: Terapagos|273/273|[silent]\n|turn|15\n|inactive|Time left: 300 sec this turn | 300 sec total\n|\n|t:|1783558658\n|move|p2a: Terapagos|Calm Mind|p2a: Terapagos\n|-boost|p2a: Terapagos|spa|1\n|-boost|p2a: Terapagos|spd|1\n|move|p1a: Necrozma|Dragon Dance|p1a: Necrozma\n|-boost|p1a: Necrozma|atk|1\n|-boost|p1a: Necrozma|spe|1\n|\n|upkeep\n|turn|16\n|inactive|Time left: 300 sec this turn | 300 sec total\n|\n|t:|1783558659\n|move|p2a: Terapagos|Dark Pulse|p1a: Necrozma\n|-supereffective|p1a: Necrozma\n|-damage|p1a: Necrozma|0 fnt\n|faint|p1a: Necrozma\n|\n|upkeep\n|\n|t:|1783558660\n|switch|p1a: Grafaiai|Grafaiai, L86, M|100/100\n|-activate|p1a: Grafaiai|move: Sticky Web\n|-unboost|p1a: Grafaiai|spe|1\n|turn|17\n|inactive|Time left: 300 sec this turn | 300 sec total\n|\n|t:|1783558661\n|move|p2a: Terapagos|Tera Starstorm|p1a: Grafaiai\n|-damage|p1a: Grafaiai|51/100\n|move|p1a: Grafaiai|Super Fang|p2a: Terapagos\n|-damage|p2a: Terapagos|137/273\n|-status|p2a: Terapagos|psn|[from] ability: Poison Touch|[of] p1a: Grafaiai\n|\n|-damage|p2a: Terapagos|103/273 psn|[from] psn\n|upkeep\n|turn|18\n|inactive|Time left: 300 sec this turn | 300 sec total\n|\n|t:|1783558662\n|move|p2a: Terapagos|Rest|p2a: Terapagos\n|-status|p2a: Terapagos|slp|[from] move: Rest\n|-heal|p2a: Terapagos|273/273 slp|[silent]\n|-enditem|p2a: Terapagos|Chesto Berry|[eat]\n|-curestatus|p2a: Terapagos|slp|[msg]\n|move|p1a: Grafaiai|Knock Off|p2a: Terapagos\n|-activate|p2a: Terapagos|ability: Tera Shell\n|-resisted|p2a: Terapagos\n|-damage|p2a: Terapagos|253/273\n|\n|upkeep\n|turn|19\n|inactive|Time left: 300 sec this turn | 300 sec total\n|\n|t:|1783558663\n|move|p2a: Terapagos|Tera Starstorm|p1a: Grafaiai\n|-crit|p1a: Grafaiai\n|-damage|p1a: Grafaiai|0 fnt\n|faint|p1a: Grafaiai\n|\n|upkeep\n|\n|t:|1783558664\n|switch|p1a: Sableye|Sableye, L88, F|100/100\n|-activate|p1a: Sableye|move: Sticky Web\n|-unboost|p1a: Sableye|spe|1\n|turn|20\n|inactive|Time left: 300 sec this turn | 300 sec total\n|\n|t:|1783558665\n|move|p1a: Sableye|Encore|p2a: Terapagos\n|-start|p2a: Terapagos|Encore\n|move|p2a: Terapagos|Tera Starstorm|p1a: Sableye\n|-immune|p1a: Sableye\n|\n|upkeep\n|turn|21\n|inactive|Time left: 300 sec this turn | 300 sec total\n|\n|t:|1783558666\n|move|p2a: Terapagos|Tera Starstorm|p1a: Sableye\n|-immune|p1a: Sableye\n|move|p1a: Sableye|Knock Off|p2a: Terapagos\n|-damage|p2a: Terapagos|195/273\n|\n|upkeep\n|turn|22\n|inactive|Time left: 300 sec this turn | 300 sec total\n|\n|t:|1783558667\n|move|p2a: Terapagos|Tera Starstorm|p1a: Sableye\n|-immune|p1a: Sableye\n|move|p1a: Sableye|Knock Off|p2a: Terapagos\n|-damage|p2a: Terapagos|141/273\n|\n|-end|p2a: Terapagos|Encore\n|upkeep\n|turn|23\n|inactive|Time left: 300 sec this turn | 300 sec total\n|\n|t:|1783558669\n|move|p1a: Sableye|Encore|p2a: Terapagos\n|-start|p2a: Terapagos|Encore\n|move|p2a: Terapagos|Tera Starstorm|p1a: Sableye\n|-immune|p1a: Sableye\n|\n|upkeep\n|turn|24\n|inactive|Time left: 300 sec this turn | 300 sec total\n|\n|t:|1783558670\n|switch|p2a: Dondozo|Dondozo, L78, F|362/362\n|move|p1a: Sableye|Knock Off|p2a: Dondozo\n|-damage|p2a: Dondozo|284/362\n|-enditem|p2a: Dondozo|Leftovers|[from] move: Knock Off|[of] p1a: Sableye\n|\n|upkeep\n|turn|25\n|inactive|Time left: 300 sec this turn | 300 sec total\n|\n|t:|1783558671\n|move|p1a: Sableye|Thunder Wave|p2a: Dondozo\n|-status|p2a: Dondozo|par\n|move|p2a: Dondozo|Wave Crash|p1a: Sableye\n|-damage|p1a: Sableye|46/100\n|-damage|p2a: Dondozo|242/362 par|[from] Recoil\n|\n|-heal|p1a: Sableye|52/100|[from] item: Leftovers\n|upkeep\n|turn|26\n|inactive|Time left: 300 sec this turn | 300 sec total\n|\n|t:|1783558672\n|move|p1a: Sableye|Recover|p1a: Sableye\n|-heal|p1a: Sableye|100/100\n|move|p2a: Dondozo|Wave Crash|p1a: Sableye\n|-damage|p1a: Sableye|50/100\n|-damage|p2a: Dondozo|203/362 par|[from] Recoil\n|\n|-heal|p1a: Sableye|56/100|[from] item: Leftovers\n|upkeep\n|turn|27\n|inactive|Time left: 300 sec this turn | 300 sec total\n|\n|t:|1783558673\n|move|p1a: Sableye|Recover|p1a: Sableye\n|-heal|p1a: Sableye|100/100\n|move|p2a: Dondozo|Wave Crash|p1a: Sableye\n|-damage|p1a: Sableye|49/100\n|-damage|p2a: Dondozo|164/362 par|[from] Recoil\n|\n|-heal|p1a: Sableye|55/100|[from] item: Leftovers\n|upkeep\n|turn|28\n|inactive|Time left: 300 sec this turn | 300 sec total\n|\n|t:|1783558674\n|move|p1a: Sableye|Recover|p1a: Sableye\n|-heal|p1a: Sableye|100/100\n|move|p2a: Dondozo|Wave Crash|p1a: Sableye\n|-damage|p1a: Sableye|45/100\n|-damage|p2a: Dondozo|121/362 par|[from] Recoil\n|\n|-heal|p1a: Sableye|51/100|[from] item: Leftovers\n|upkeep\n|turn|29\n|inactive|Time left: 300 sec this turn | 300 sec total\n|\n|t:|1783558675\n|move|p1a: Sableye|Recover|p1a: Sableye\n|-heal|p1a: Sableye|100/100\n|cant|p2a: Dondozo|par\n|\n|upkeep\n|turn|30\n|inactive|Time left: 300 sec this turn | 300 sec total\n|\n|t:|1783558676\n|move|p1a: Sableye|Knock Off|p2a: Dondozo\n|-damage|p2a: Dondozo|60/362 par\n|move|p2a: Dondozo|Rest|p2a: Dondozo\n|-status|p2a: Dondozo|slp|[from] move: Rest\n|-heal|p2a: Dondozo|362/362 slp|[silent]\n|\n|upkeep\n|turn|31\n|inactive|Time left: 300 sec this turn | 300 sec total\n|\n|t:|1783558677\n|move|p1a: Sableye|Encore|p2a: Dondozo\n|-start|p2a: Dondozo|Encore\n|cant|p2a: Dondozo|slp\n|\n|upkeep\n|turn|32\n|inactive|Time left: 300 sec this turn | 300 sec total\n|\n|t:|1783558678\n|switch|p2a: Terapagos|Terapagos-Terastal, L77, M|141/273\n|move|p1a: Sableye|Knock Off|p2a: Terapagos\n|-damage|p2a: Terapagos|87/273\n|\n|upkeep\n|turn|33\n|inactive|Time left: 300 sec this turn | 300 sec total\n|\n|t:|1783558679\n|move|p2a: Terapagos|Calm Mind|p2a: Terapagos\n|-boost|p2a: Terapagos|spa|1\n|-boost|p2a: Terapagos|spd|1\n|move|p1a: Sableye|Knock Off|p2a: Terapagos\n|-damage|p2a: Terapagos|33/273\n|\n|upkeep\n|turn|34\n|inactive|Time left: 300 sec this turn | 300 sec total\n|\n|t:|1783558680\n|move|p1a: Sableye|Encore|p2a: Terapagos\n|-start|p2a: Terapagos|Encore\n|move|p2a: Terapagos|Calm Mind|p2a: Terapagos\n|-boost|p2a: Terapagos|spa|1\n|-boost|p2a: Terapagos|spd|1\n|\n|upkeep\n|turn|35\n|inactive|Time left: 300 sec this turn | 300 sec total\n|\n|t:|1783558681\n|switch|p2a: Dondozo|Dondozo, L78, F|362/362 slp\n|move|p1a: Sableye|Knock Off|p2a: Dondozo\n|-damage|p2a: Dondozo|305/362 slp\n|\n|upkeep\n|turn|36\n|inactive|Time left: 300 sec this turn | 300 sec total\n|\n|t:|1783558682\n|cant|p2a: Dondozo|slp\n|move|p2a: Dondozo|Sleep Talk|p2a: Dondozo\n|move|p2a: Dondozo|Curse|p2a: Dondozo|[from] move: Sleep Talk\n|-unboost|p2a: Dondozo|spe|1\n|-boost|p2a: Dondozo|atk|1\n|-boost|p2a: Dondozo|def|1\n|move|p1a: Sableye|Knock Off|p2a: Dondozo\n|-damage|p2a: Dondozo|269/362 slp\n|\n|upkeep\n|turn|37\n|inactive|Time left: 300 sec this turn | 300 sec total\n|\n|t:|1783558683\n|move|p1a: Sableye|Encore||[still]\n|-fail|p1a: Sableye\n|-curestatus|p2a: Dondozo|slp|[msg]\n|move|p2a: Dondozo|Wave Crash|p1a: Sableye\n|-damage|p1a: Sableye|20/100\n|-damage|p2a: Dondozo|208/362|[from] Recoil\n|\n|-heal|p1a: Sableye|26/100|[from] item: Leftovers\n|upkeep\n|turn|38\n|inactive|Time left: 300 sec this turn | 300 sec total\n|\n|t:|1783558683\n|-terastallize|p1a: Sableye|Poison\n|-terastallize|p2a: Dondozo|Fairy\n|move|p1a: Sableye|Thunder Wave|p2a: Dondozo\n|-status|p2a: Dondozo|par\n|move|p2a: Dondozo|Wave Crash|p1a: Sableye\n|-damage|p1a: Sableye|0 fnt\n|faint|p1a: Sableye\n|-damage|p2a: Dondozo|189/362 par|[from] Recoil\n|\n|win|p0y1675a221", "uploadtime": 1783558683, "views": 0, "rating": 0, "private": 0, "password": null, "_winner": "p0y1675a221", "_our_name": "p0y1675a221"}