{"id": "battle-gen9randombattle-2087", "formatid": "gen9randombattle", "format": "[Gen 9] Random Battle", "players": ["p0x2087e50f", "p0y20873259"], "log": "|init|battle\n|title|p0x2087e50f vs. p0y20873259\n|j|\u2606p0x2087e50f\n|j|\u2606p0y20873259\n|t:|1783563364\n|gametype|singles\n|player|p1|p0x2087e50f|2|\n|player|p2|p0y20873259|1|\n|gen|9\n|tier|[Gen 9] Random Battle\n|rule|Species Clause: Limit one of each Pok\u00e9mon\n|rule|HP Percentage Mod: HP is shown in percentages\n|rule|Sleep Clause Mod: Limit one foe put to sleep\n|rule|Illusion Level Mod: Illusion disguises the Pok\u00e9mon's true level\n|\n|t:|1783563364\n|teamsize|p1|6\n|teamsize|p2|6\n|start\n|switch|p1a: Scovillain|Scovillain, L91, F|100/100\n|switch|p2a: Grumpig|Grumpig, L92, M|297/297\n|turn|1\n|inactive|Battle timer is ON: inactive players will automatically lose when time's up. (requested by p0y20873259)\n|inactive|p0x2087e50f also wants the timer to be on.\n|\n|t:|1783563365\n|move|p2a: Grumpig|Nasty Plot|p2a: Grumpig\n|-boost|p2a: Grumpig|spa|2\n|move|p1a: Scovillain|Energy Ball|p2a: Grumpig\n|-damage|p2a: Grumpig|201/297\n|\n|-heal|p2a: Grumpig|219/297|[from] item: Leftovers\n|upkeep\n|turn|2\n|inactive|Time left: 300 sec this turn | 300 sec total\n|\n|t:|1783563367\n|switch|p1a: Persian|Persian, L92, M|100/100\n|move|p2a: Grumpig|Psyshock|p1a: Persian\n|-damage|p1a: Persian|14/100\n|\n|-heal|p2a: Grumpig|237/297|[from] item: Leftovers\n|upkeep\n|turn|3\n|inactive|Time left: 300 sec this turn | 300 sec total\n|\n|t:|1783563368\n|move|p1a: Persian|Fake Out|p2a: Grumpig\n|-damage|p2a: Grumpig|152/297\n|cant|p2a: Grumpig|flinch\n|\n|-heal|p2a: Grumpig|170/297|[from] item: Leftovers\n|upkeep\n|turn|4\n|inactive|Time left: 300 sec this turn | 300 sec total\n|\n|t:|1783563369\n|move|p1a: Persian|Knock Off|p2a: Grumpig\n|-supereffective|p2a: Grumpig\n|-damage|p2a: Grumpig|28/297\n|-enditem|p2a: Grumpig|Leftovers|[from] move: Knock Off|[of] p1a: Persian\n|move|p2a: Grumpig|Psyshock|p1a: Persian\n|-damage|p1a: Persian|0 fnt\n|faint|p1a: Persian\n|\n|upkeep\n|\n|t:|1783563370\n|switch|p1a: Grafaiai|Grafaiai, L86, M|100/100\n|turn|5\n|inactive|Time left: 300 sec this turn | 300 sec total\n|\n|t:|1783563371\n|move|p1a: Grafaiai|Low Kick|p2a: Grumpig\n|-resisted|p2a: Grumpig\n|-damage|p2a: Grumpig|0 fnt\n|faint|p2a: Grumpig\n|-damage|p1a: Grafaiai|91/100|[from] item: Life Orb\n|\n|upkeep\n|inactive|Time left: 300 sec this turn | 300 sec total | 5 sec grace\n|\n|t:|1783563372\n|switch|p2a: Malamar|Malamar, L82, M|275/275\n|turn|6\n|inactive|Time left: 300 sec this turn | 300 sec total\n|\n|t:|1783563373\n|move|p1a: Grafaiai|Swords Dance|p1a: Grafaiai\n|-boost|p1a: Grafaiai|atk|2\n|move|p2a: Malamar|Superpower|p1a: Grafaiai\n|-damage|p1a: Grafaiai|52/100\n|-boost|p2a: Malamar|atk|1\n|-boost|p2a: Malamar|def|1\n|\n|upkeep\n|turn|7\n|inactive|Time left: 300 sec this turn | 300 sec total\n|\n|t:|1783563374\n|move|p1a: Grafaiai|Gunk Shot|p2a: Malamar\n|-damage|p2a: Malamar|59/275\n|-status|p2a: Malamar|psn\n|-damage|p1a: Grafaiai|43/100|[from] item: Life Orb\n|move|p2a: Malamar|Superpower|p1a: Grafaiai\n|-damage|p1a: Grafaiai|0 fnt\n|-boost|p2a: Malamar|atk|1\n|-boost|p2a: Malamar|def|1\n|faint|p1a: Grafaiai\n|\n|-heal|p2a: Malamar|76/275 psn|[from] item: Leftovers\n|-damage|p2a: Malamar|42/275 psn|[from] psn\n|upkeep\n|\n|t:|1783563375\n|switch|p1a: Kommo-o|Kommo-o, L77, F|100/100\n|turn|8\n|inactive|Time left: 300 sec this turn | 300 sec total\n|\n|t:|1783563376\n|move|p1a: Kommo-o|Clanging Scales|p2a: Malamar\n|-damage|p2a: Malamar|0 fnt\n|faint|p2a: Malamar\n|-unboost|p1a: Kommo-o|def|1\n|-enditem|p1a: Kommo-o|Throat Spray\n|-boost|p1a: Kommo-o|spa|1|[from] item: Throat Spray\n|\n|upkeep\n|inactive|Time left: 300 sec this turn | 300 sec total | 5 sec grace\n|\n|t:|1783563377\n|switch|p2a: Mamoswine|Mamoswine, L81, F|311/311\n|turn|9\n|inactive|Time left: 300 sec this turn | 300 sec total\n|\n|t:|1783563378\n|move|p2a: Mamoswine|Earthquake|p1a: Kommo-o\n|-damage|p1a: Kommo-o|15/100\n|-damage|p2a: Mamoswine|280/311|[from] item: Life Orb\n|move|p1a: Kommo-o|Drain Punch|p2a: Mamoswine\n|-supereffective|p2a: Mamoswine\n|-damage|p2a: Mamoswine|128/311\n|-heal|p1a: Kommo-o|46/100|[from] drain|[of] p2a: Mamoswine\n|\n|upkeep\n|turn|10\n|inactive|Time left: 300 sec this turn | 300 sec total\n|\n|t:|1783563380\n|switch|p1a: Vaporeon|Vaporeon, L86, F|100/100\n|move|p2a: Mamoswine|Earthquake|p1a: Vaporeon\n|-damage|p1a: Vaporeon|43/100\n|-damage|p2a: Mamoswine|97/311|[from] item: Life Orb\n|\n|-heal|p1a: Vaporeon|49/100|[from] item: Leftovers\n|upkeep\n|turn|11\n|inactive|Time left: 300 sec this turn | 300 sec total\n|\n|t:|1783563381\n|move|p1a: Vaporeon|Protect|p1a: Vaporeon\n|-singleturn|p1a: Vaporeon|Protect\n|move|p2a: Mamoswine|Earthquake|p1a: Vaporeon\n|-activate|p1a: Vaporeon|move: Protect\n|\n|-heal|p1a: Vaporeon|55/100|[from] item: Leftovers\n|upkeep\n|turn|12\n|inactive|Time left: 300 sec this turn | 300 sec total\n|\n|t:|1783563382\n|move|p2a: Mamoswine|Earthquake|p1a: Vaporeon\n|-damage|p1a: Vaporeon|0 fnt\n|faint|p1a: Vaporeon\n|-damage|p2a: Mamoswine|66/311|[from] item: Life Orb\n|\n|upkeep\n|\n|t:|1783563383\n|switch|p1a: Scovillain|Scovillain, L91, F|100/100\n|turn|13\n|inactive|Time left: 300 sec this turn | 300 sec total\n|\n|t:|1783563384\n|move|p2a: Mamoswine|Ice Shard|p1a: Scovillain\n|-damage|p1a: Scovillain|70/100\n|-damage|p2a: Mamoswine|35/311|[from] item: Life Orb\n|move|p1a: Scovillain|Energy Ball|p2a: Mamoswine\n|-supereffective|p2a: Mamoswine\n|-damage|p2a: Mamoswine|0 fnt\n|faint|p2a: Mamoswine\n|\n|upkeep\n|inactive|Time left: 300 sec this turn | 300 sec total | 5 sec grace\n|\n|t:|1783563385\n|switch|p2a: Arceus|Arceus-Water, L71|288/288\n|turn|14\n|inactive|Time left: 300 sec this turn | 300 sec total\n|\n|t:|1783563386\n|-terastallize|p2a: Arceus|Steel\n|move|p2a: Arceus|Calm Mind|p2a: Arceus\n|-boost|p2a: Arceus|spa|1\n|-boost|p2a: Arceus|spd|1\n|move|p1a: Scovillain|Energy Ball|p2a: Arceus\n|-resisted|p2a: Arceus\n|-damage|p2a: Arceus|249/288\n|-unboost|p2a: Arceus|spd|1\n|\n|upkeep\n|turn|15\n|inactive|Time left: 300 sec this turn | 300 sec total\n|\n|t:|1783563387\n|move|p2a: Arceus|Judgment|p1a: Scovillain\n|-damage|p1a: Scovillain|3/100\n|move|p1a: Scovillain|Fire Blast|p2a: Arceus\n|-supereffective|p2a: Arceus\n|-damage|p2a: Arceus|0 fnt\n|faint|p2a: Arceus\n|\n|upkeep\n|inactive|Time left: 300 sec this turn | 300 sec total | 5 sec grace\n|\n|t:|1783563388\n|switch|p2a: Mightyena|Mightyena, L96, M|290/290\n|-ability|p2a: Mightyena|Intimidate|boost\n|-unboost|p1a: Scovillain|atk|1\n|turn|16\n|inactive|Time left: 300 sec this turn | 300 sec total\n|\n|t:|1783563389\n|switch|p1a: Palafin|Palafin, L77, F|100/100\n|move|p2a: Mightyena|Poison Fang|p1a: Palafin\n|-damage|p1a: Palafin|79/100\n|-status|p1a: Palafin|tox\n|\n|-heal|p1a: Palafin|85/100 tox|[from] item: Leftovers\n|-damage|p1a: Palafin|79/100 tox|[from] psn\n|upkeep\n|turn|17\n|inactive|Time left: 300 sec this turn | 300 sec total\n|\n|t:|1783563390\n|detailschange|p1a: Palafin|Palafin-Hero, L77, F\n|switch|p1a: Scovillain|Scovillain, L91, F|3/100\n|move|p2a: Mightyena|Throat Chop|p1a: Scovillain\n|-damage|p1a: Scovillain|0 fnt\n|faint|p1a: Scovillain\n|\n|upkeep\n|\n|t:|1783563391\n|switch|p1a: Palafin|Palafin-Hero, L77, F|79/100 tox\n|-activate|p1a: Palafin|ability: Zero to Hero\n|turn|18\n|inactive|Time left: 300 sec this turn | 300 sec total\n|\n|t:|1783563392\n|switch|p2a: Hippowdon|Hippowdon, L82, F|311/311\n|-weather|Sandstorm|[from] ability: Sand Stream|[of] p2a: Hippowdon\n|move|p1a: Palafin|Bulk Up|p1a: Palafin\n|-boost|p1a: Palafin|atk|1\n|-boost|p1a: Palafin|def|1\n|\n|-weather|Sandstorm|[upkeep]\n|-damage|p1a: Palafin|73/100 tox|[from] Sandstorm\n|-heal|p1a: Palafin|79/100 tox|[from] item: Leftovers\n|-damage|p1a: Palafin|73/100 tox|[from] psn\n|upkeep\n|turn|19\n|inactive|Time left: 300 sec this turn | 300 sec total\n|\n|t:|1783563393\n|move|p1a: Palafin|Jet Punch|p2a: Hippowdon\n|-supereffective|p2a: Hippowdon\n|-damage|p2a: Hippowdon|125/311\n|-damage|p1a: Palafin|57/100 tox|[from] item: Rocky Helmet|[of] p2a: Hippowdon\n|move|p2a: Hippowdon|Slack Off|p2a: Hippowdon\n|-heal|p2a: Hippowdon|281/311\n|\n|-weather|Sandstorm|[upkeep]\n|-damage|p1a: Palafin|51/100 tox|[from] Sandstorm\n|-heal|p1a: Palafin|57/100 tox|[from] item: Leftovers\n|-damage|p1a: Palafin|45/100 tox|[from] psn\n|upkeep\n|turn|20\n|inactive|Time left: 300 sec this turn | 300 sec total\n|\n|t:|1783563394\n|move|p1a: Palafin|Jet Punch|p2a: Hippowdon\n|-supereffective|p2a: Hippowdon\n|-damage|p2a: Hippowdon|71/311\n|-damage|p1a: Palafin|28/100 tox|[from] item: Rocky Helmet|[of] p2a: Hippowdon\n|move|p2a: Hippowdon|Earthquake|p1a: Palafin\n|-damage|p1a: Palafin|1/100 tox\n|\n|-weather|Sandstorm|[upkeep]\n|-damage|p1a: Palafin|0 fnt|[from] Sandstorm\n|faint|p1a: Palafin\n|upkeep\n|\n|t:|1783563395\n|switch|p1a: Kommo-o|Kommo-o, L77, F|46/100\n|turn|21\n|inactive|Time left: 300 sec this turn | 300 sec total\n|\n|t:|1783563396\n|move|p1a: Kommo-o|Clanging Scales|p2a: Hippowdon\n|-damage|p2a: Hippowdon|0 fnt\n|faint|p2a: Hippowdon\n|-unboost|p1a: Kommo-o|def|1\n|\n|-weather|Sandstorm|[upkeep]\n|-damage|p1a: Kommo-o|40/100|[from] Sandstorm\n|upkeep\n|inactive|Time left: 300 sec this turn | 300 sec total | 5 sec grace\n|\n|t:|1783563397\n|switch|p2a: Mightyena|Mightyena, L96, M|290/290\n|-ability|p2a: Mightyena|Intimidate|boost\n|-unboost|p1a: Kommo-o|atk|1\n|turn|22\n|inactive|Time left: 300 sec this turn | 300 sec total\n|\n|t:|1783563397\n|move|p2a: Mightyena|Poison Fang|p1a: Kommo-o\n|-damage|p1a: Kommo-o|17/100\n|move|p1a: Kommo-o|Drain Punch|p2a: Mightyena\n|-supereffective|p2a: Mightyena\n|-damage|p2a: Mightyena|192/290\n|-heal|p1a: Kommo-o|37/100|[from] drain|[of] p2a: Mightyena\n|\n|-weather|none\n|-heal|p2a: Mightyena|210/290|[from] item: Leftovers\n|upkeep\n|turn|23\n|inactive|Time left: 300 sec this turn | 300 sec total\n|\n|t:|1783563398\n|move|p2a: Mightyena|Poison Fang|p1a: Kommo-o\n|-damage|p1a: Kommo-o|15/100\n|-status|p1a: Kommo-o|tox\n|move|p1a: Kommo-o|Drain Punch|p2a: Mightyena\n|-supereffective|p2a: Mightyena\n|-damage|p2a: Mightyena|108/290\n|-heal|p1a: Kommo-o|36/100 tox|[from] drain|[of] p2a: Mightyena\n|\n|-heal|p2a: Mightyena|126/290|[from] item: Leftovers\n|-damage|p1a: Kommo-o|29/100 tox|[from] psn\n|upkeep\n|turn|24\n|inactive|Time left: 300 sec this turn | 300 sec total\n|\n|t:|1783563399\n|move|p2a: Mightyena|Throat Chop|p1a: Kommo-o\n|-resisted|p1a: Kommo-o\n|-damage|p1a: Kommo-o|2/100 tox\n|-start|p1a: Kommo-o|Throat Chop|[silent]\n|move|p1a: Kommo-o|Drain Punch|p2a: Mightyena\n|-supereffective|p2a: Mightyena\n|-damage|p2a: Mightyena|30/290\n|-heal|p1a: Kommo-o|22/100 tox|[from] drain|[of] p2a: Mightyena\n|\n|-heal|p2a: Mightyena|48/290|[from] item: Leftovers\n|-damage|p1a: Kommo-o|9/100 tox|[from] psn\n|upkeep\n|turn|25\n|inactive|Time left: 300 sec this turn | 300 sec total\n|\n|t:|1783563400\n|-terastallize|p1a: Kommo-o|Steel\n|move|p2a: Mightyena|Throat Chop|p1a: Kommo-o\n|-damage|p1a: Kommo-o|0 fnt\n|faint|p1a: Kommo-o\n|\n|win|p0y20873259", "uploadtime": 1783563400, "views": 0, "rating": 0, "private": 0, "password": null, "_winner": "p0y20873259", "_our_name": "p0y20873259"}