{"id": "battle-gen9randombattle-2249", "formatid": "gen9randombattle", "format": "[Gen 9] Random Battle", "players": ["p0x22497696", "p0y2249cd5d"], "log": "|init|battle\n|title|p0x22497696 vs. p0y2249cd5d\n|j|\u2606p0x22497696\n|j|\u2606p0y2249cd5d\n|t:|1783565148\n|gametype|singles\n|player|p1|p0x22497696|1|\n|player|p2|p0y2249cd5d|101|\n|gen|9\n|tier|[Gen 9] Random Battle\n|rule|Species Clause: Limit one of each Pok\u00e9mon\n|rule|HP Percentage Mod: HP is shown in percentages\n|rule|Sleep Clause Mod: Limit one foe put to sleep\n|rule|Illusion Level Mod: Illusion disguises the Pok\u00e9mon's true level\n|\n|t:|1783565148\n|teamsize|p1|6\n|teamsize|p2|6\n|start\n|switch|p1a: Talonflame|Talonflame, L83, M|265/265\n|switch|p2a: Jolteon|Jolteon, L84, F|100/100\n|turn|1\n|inactive|Battle timer is ON: inactive players will automatically lose when time's up. (requested by p0y2249cd5d)\n|inactive|Time left: 300 sec this turn | 300 sec total | 60 sec grace\n|inactive|p0x22497696 also wants the timer to be on.\n|\n|t:|1783565149\n|switch|p1a: Dugtrio|Dugtrio-Alola, L84, M|196/196\n|move|p2a: Jolteon|Thunderbolt|p1a: Dugtrio\n|-immune|p1a: Dugtrio\n|\n|upkeep\n|turn|2\n|inactive|Time left: 300 sec this turn | 300 sec total\n|\n|t:|1783565150\n|switch|p2a: Articuno|Articuno-Galar, L84|100/100\n|move|p1a: Dugtrio|Swords Dance|p1a: Dugtrio\n|-boost|p1a: Dugtrio|atk|2\n|\n|upkeep\n|turn|3\n|inactive|Time left: 300 sec this turn | 300 sec total\n|\n|t:|1783565151\n|move|p1a: Dugtrio|Stone Edge|p2a: Articuno\n|-supereffective|p2a: Articuno\n|-damage|p2a: Articuno|0 fnt\n|faint|p2a: Articuno\n|-damage|p1a: Dugtrio|177/196|[from] item: Life Orb\n|\n|upkeep\n|\n|t:|1783565151\n|switch|p2a: Lucario|Lucario, L84, M|100/100\n|turn|4\n|inactive|Time left: 300 sec this turn | 300 sec total\n|\n|t:|1783565152\n|-terastallize|p2a: Lucario|Fighting\n|move|p2a: Lucario|Vacuum Wave|p1a: Dugtrio\n|-supereffective|p1a: Dugtrio\n|-damage|p1a: Dugtrio|0 fnt\n|faint|p1a: Dugtrio\n|-damage|p2a: Lucario|91/100|[from] item: Life Orb\n|\n|upkeep\n|inactive|Time left: 300 sec this turn | 300 sec total | 5 sec grace\n|\n|t:|1783565153\n|switch|p1a: Mew|Mew, L82|298/298\n|turn|5\n|inactive|Time left: 300 sec this turn | 300 sec total\n|\n|t:|1783565153\n|switch|p2a: Scrafty|Scrafty, L83, M|100/100\n|move|p1a: Mew|Nasty Plot|p1a: Mew\n|-boost|p1a: Mew|spa|2\n|\n|upkeep\n|turn|6\n|inactive|Time left: 300 sec this turn | 300 sec total\n|\n|t:|1783565154\n|-terastallize|p1a: Mew|Fighting\n|move|p1a: Mew|Aura Sphere|p2a: Scrafty\n|-supereffective|p2a: Scrafty\n|-damage|p2a: Scrafty|0 fnt\n|faint|p2a: Scrafty\n|-damage|p1a: Mew|269/298|[from] item: Life Orb\n|\n|upkeep\n|\n|t:|1783565155\n|switch|p2a: Zacian|Zacian, L69|100/100\n|-ability|p2a: Zacian|Intrepid Sword|boost\n|-boost|p2a: Zacian|atk|1\n|turn|7\n|inactive|Time left: 300 sec this turn | 300 sec total\n|\n|t:|1783565156\n|switch|p1a: Torkoal|Torkoal, L88, F|266/266\n|-weather|SunnyDay|[from] ability: Drought|[of] p1a: Torkoal\n|move|p2a: Zacian|Play Rough|p1a: Torkoal\n|-resisted|p1a: Torkoal\n|-damage|p1a: Torkoal|207/266\n|\n|-weather|SunnyDay|[upkeep]\n|upkeep\n|turn|8\n|inactive|Time left: 300 sec this turn | 300 sec total\n|\n|t:|1783565157\n|switch|p2a: Golduck|Golduck, L90, F|100/100\n|-ability|p2a: Golduck|Cloud Nine\n|move|p1a: Torkoal|Lava Plume|p2a: Golduck\n|-resisted|p2a: Golduck\n|-damage|p2a: Golduck|86/100\n|\n|-weather|SunnyDay|[upkeep]\n|-heal|p2a: Golduck|92/100|[from] item: Leftovers\n|upkeep\n|turn|9\n|inactive|Time left: 300 sec this turn | 300 sec total\n|\n|t:|1783565158\n|switch|p1a: Hitmontop|Hitmontop, L88, M|231/231\n|move|p2a: Golduck|Hydro Pump|p1a: Hitmontop\n|-crit|p1a: Hitmontop\n|-damage|p1a: Hitmontop|59/231\n|\n|-weather|SunnyDay|[upkeep]\n|-heal|p2a: Golduck|98/100|[from] item: Leftovers\n|-heal|p1a: Hitmontop|73/231|[from] item: Leftovers\n|upkeep\n|turn|10\n|inactive|Time left: 300 sec this turn | 300 sec total\n|\n|t:|1783565159\n|move|p2a: Golduck|Hydro Pump|p1a: Hitmontop\n|-damage|p1a: Hitmontop|0 fnt\n|faint|p1a: Hitmontop\n|\n|-weather|SunnyDay|[upkeep]\n|-heal|p2a: Golduck|100/100|[from] item: Leftovers\n|upkeep\n|inactive|Time left: 300 sec this turn | 300 sec total | 5 sec grace\n|\n|t:|1783565160\n|switch|p1a: Maushold|Maushold-Four, L76|238/238\n|turn|11\n|inactive|Time left: 300 sec this turn | 300 sec total\n|\n|t:|1783565161\n|move|p1a: Maushold|Tidy Up|p1a: Maushold\n|-boost|p1a: Maushold|atk|1\n|-boost|p1a: Maushold|spe|1\n|move|p2a: Golduck|Hydro Pump|p1a: Maushold\n|-damage|p1a: Maushold|82/238\n|\n|-weather|none\n|upkeep\n|turn|12\n|inactive|Time left: 300 sec this turn | 300 sec total\n|\n|t:|1783565162\n|move|p1a: Maushold|Population Bomb|p2a: Golduck\n|-damage|p2a: Golduck|88/100\n|-damage|p2a: Golduck|77/100\n|-damage|p2a: Golduck|65/100\n|-damage|p2a: Golduck|54/100\n|-damage|p2a: Golduck|42/100\n|-damage|p2a: Golduck|31/100\n|-damage|p2a: Golduck|19/100\n|-damage|p2a: Golduck|7/100\n|-damage|p2a: Golduck|0 fnt\n|faint|p2a: Golduck\n|-hitcount|p2: Golduck|9\n|\n|upkeep\n|\n|t:|1783565163\n|switch|p2a: Lucario|Lucario, L84, M, tera:Fighting|91/100\n|turn|13\n|inactive|Time left: 300 sec this turn | 300 sec total\n|\n|t:|1783565164\n|move|p2a: Lucario|Vacuum Wave|p1a: Maushold\n|-supereffective|p1a: Maushold\n|-damage|p1a: Maushold|0 fnt\n|faint|p1a: Maushold\n|-damage|p2a: Lucario|81/100|[from] item: Life Orb\n|\n|upkeep\n|inactive|Time left: 300 sec this turn | 300 sec total | 5 sec grace\n|\n|t:|1783565165\n|switch|p1a: Mew|Mew, L82, tera:Fighting|269/298\n|turn|14\n|inactive|Time left: 300 sec this turn | 300 sec total\n|\n|t:|1783565166\n|switch|p2a: Zacian|Zacian, L69|100/100\n|move|p1a: Mew|Psyshock|p2a: Zacian\n|-damage|p2a: Zacian|57/100\n|-damage|p1a: Mew|240/298|[from] item: Life Orb\n|\n|upkeep\n|turn|15\n|inactive|Time left: 300 sec this turn | 300 sec total\n|\n|t:|1783565167\n|switch|p1a: Torkoal|Torkoal, L88, F|207/266\n|-weather|SunnyDay|[from] ability: Drought|[of] p1a: Torkoal\n|move|p2a: Zacian|Play Rough|p1a: Torkoal|[miss]\n|-miss|p2a: Zacian|p1a: Torkoal\n|\n|-weather|SunnyDay|[upkeep]\n|upkeep\n|turn|16\n|inactive|Time left: 300 sec this turn | 300 sec total\n|\n|t:|1783565168\n|switch|p2a: Jolteon|Jolteon, L84, F|100/100\n|move|p1a: Torkoal|Lava Plume|p2a: Jolteon\n|-damage|p2a: Jolteon|49/100\n|\n|-weather|SunnyDay|[upkeep]\n|upkeep\n|turn|17\n|inactive|Time left: 300 sec this turn | 300 sec total\n|\n|t:|1783565169\n|move|p2a: Jolteon|Thunderbolt|p1a: Torkoal\n|-damage|p1a: Torkoal|98/266\n|move|p1a: Torkoal|Lava Plume|p2a: Jolteon\n|-damage|p2a: Jolteon|0 fnt\n|faint|p2a: Jolteon\n|\n|-weather|SunnyDay|[upkeep]\n|upkeep\n|\n|t:|1783565170\n|switch|p2a: Lucario|Lucario, L84, M, tera:Fighting|81/100\n|turn|18\n|inactive|Time left: 300 sec this turn | 300 sec total\n|\n|t:|1783565171\n|switch|p1a: Talonflame|Talonflame, L83, M|265/265\n|move|p2a: Lucario|Aura Sphere|p1a: Talonflame\n|-resisted|p1a: Talonflame\n|-damage|p1a: Talonflame|170/265\n|-damage|p2a: Lucario|71/100|[from] item: Life Orb\n|\n|-weather|SunnyDay|[upkeep]\n|upkeep\n|turn|19\n|inactive|Time left: 300 sec this turn | 300 sec total\n|\n|t:|1783565172\n|move|p1a: Talonflame|Brave Bird|p2a: Lucario\n|-supereffective|p2a: Lucario\n|-damage|p2a: Lucario|0 fnt\n|faint|p2a: Lucario\n|-damage|p1a: Talonflame|111/265|[from] Recoil\n|\n|-weather|none\n|upkeep\n|\n|t:|1783565173\n|switch|p2a: Zacian|Zacian, L69|57/100\n|turn|20\n|inactive|Time left: 300 sec this turn | 300 sec total\n|\n|t:|1783565174\n|move|p1a: Talonflame|Brave Bird|p2a: Zacian\n|-damage|p2a: Zacian|16/100\n|-damage|p1a: Talonflame|78/265|[from] Recoil\n|move|p2a: Zacian|Crunch|p1a: Talonflame\n|-damage|p1a: Talonflame|0 fnt\n|faint|p1a: Talonflame\n|\n|upkeep\n|inactive|Time left: 300 sec this turn | 300 sec total | 5 sec grace\n|\n|t:|1783565175\n|switch|p1a: Torkoal|Torkoal, L88, F|98/266\n|-weather|SunnyDay|[from] ability: Drought|[of] p1a: Torkoal\n|turn|21\n|inactive|Time left: 300 sec this turn | 300 sec total\n|\n|t:|1783565176\n|move|p2a: Zacian|Crunch|p1a: Torkoal\n|-damage|p1a: Torkoal|48/266\n|-unboost|p1a: Torkoal|def|1\n|move|p1a: Torkoal|Lava Plume|p2a: Zacian\n|-damage|p2a: Zacian|0 fnt\n|faint|p2a: Zacian\n|\n|win|p0x22497696", "uploadtime": 1783565176, "views": 0, "rating": 0, "private": 0, "password": null, "_winner": "p0x22497696", "_our_name": "p0x22497696"}