{"id": "battle-gen9randombattle-1367", "formatid": "gen9randombattle", "format": "[Gen 9] Random Battle", "players": ["p0x1367be31", "p0y13677c58"], "log": "|init|battle\n|title|p0x1367be31 vs. p0y13677c58\n|j|\u2606p0x1367be31\n|j|\u2606p0y13677c58\n|t:|1783554991\n|gametype|singles\n|player|p1|p0x1367be31|102|\n|player|p2|p0y13677c58|265|\n|gen|9\n|tier|[Gen 9] Random Battle\n|rule|Species Clause: Limit one of each Pok\u00e9mon\n|rule|HP Percentage Mod: HP is shown in percentages\n|rule|Sleep Clause Mod: Limit one foe put to sleep\n|rule|Illusion Level Mod: Illusion disguises the Pok\u00e9mon's true level\n|\n|t:|1783554991\n|teamsize|p1|6\n|teamsize|p2|6\n|start\n|switch|p1a: Rayquaza|Rayquaza, L72|270/270\n|switch|p2a: Mienshao|Mienshao, L83, M|100/100\n|-ability|p1a: Rayquaza|Air Lock\n|turn|1\n|inactive|Battle timer is ON: inactive players will automatically lose when time's up. (requested by p0x1367be31)\n|inactive|p0y13677c58 also wants the timer to be on.\n|\n|t:|1783554993\n|move|p2a: Mienshao|Stone Edge|p1a: Rayquaza|[miss]\n|-miss|p2a: Mienshao|p1a: Rayquaza\n|move|p1a: Rayquaza|Dragon Ascent|p2a: Mienshao\n|-supereffective|p2a: Mienshao\n|-damage|p2a: Mienshao|0 fnt\n|-unboost|p1a: Rayquaza|def|1\n|-unboost|p1a: Rayquaza|spd|1\n|faint|p2a: Mienshao\n|\n|upkeep\n|\n|t:|1783554994\n|switch|p2a: Magnezone|Magnezone, L85|100/100\n|turn|2\n|inactive|Time left: 300 sec this turn | 300 sec total\n|\n|t:|1783554995\n|move|p1a: Rayquaza|Earthquake|p2a: Magnezone\n|-supereffective|p2a: Magnezone\n|-damage|p2a: Magnezone|11/100\n|move|p2a: Magnezone|Discharge|p1a: Rayquaza\n|-damage|p1a: Rayquaza|8/270\n|-status|p1a: Rayquaza|par\n|\n|-heal|p2a: Magnezone|17/100|[from] item: Leftovers\n|upkeep\n|turn|3\n|inactive|Time left: 300 sec this turn | 300 sec total\n|\n|t:|1783554996\n|switch|p1a: Gogoat|Gogoat, L88, F|360/360\n|move|p2a: Magnezone|Flash Cannon|p1a: Gogoat\n|-damage|p1a: Gogoat|213/360\n|\n|-heal|p1a: Gogoat|235/360|[from] item: Leftovers\n|-heal|p2a: Magnezone|23/100|[from] item: Leftovers\n|upkeep\n|turn|4\n|inactive|Time left: 300 sec this turn | 300 sec total\n|\n|t:|1783554997\n|move|p1a: Gogoat|Earthquake|p2a: Magnezone\n|-supereffective|p2a: Magnezone\n|-damage|p2a: Magnezone|0 fnt\n|faint|p2a: Magnezone\n|\n|-heal|p1a: Gogoat|257/360|[from] item: Leftovers\n|upkeep\n|\n|t:|1783554998\n|switch|p2a: Camerupt|Camerupt, L91, M|100/100\n|turn|5\n|inactive|Time left: 300 sec this turn | 300 sec total\n|\n|t:|1783554999\n|move|p1a: Gogoat|Earthquake|p2a: Camerupt\n|-supereffective|p2a: Camerupt\n|-damage|p2a: Camerupt|51/100\n|move|p2a: Camerupt|Overheat|p1a: Gogoat\n|-supereffective|p1a: Gogoat\n|-damage|p1a: Gogoat|0 fnt\n|-unboost|p2a: Camerupt|spa|2\n|faint|p1a: Gogoat\n|\n|-heal|p2a: Camerupt|57/100|[from] item: Leftovers\n|upkeep\n|inactive|Time left: 300 sec this turn | 300 sec total | 5 sec grace\n|\n|t:|1783555000\n|switch|p1a: Urshifu|Urshifu, L74, M|270/270\n|turn|6\n|inactive|Time left: 300 sec this turn | 300 sec total\n|\n|t:|1783555001\n|switch|p2a: Azumarill|Azumarill, L82, M|100/100\n|move|p1a: Urshifu|Wicked Blow|p2a: Azumarill\n|-resisted|p2a: Azumarill\n|-crit|p2a: Azumarill\n|-damage|p2a: Azumarill|73/100\n|-damage|p1a: Urshifu|243/270|[from] item: Life Orb\n|\n|upkeep\n|turn|7\n|inactive|Time left: 300 sec this turn | 300 sec total\n|\n|t:|1783555002\n|switch|p1a: Rayquaza|Rayquaza, L72|8/270 par\n|-ability|p1a: Rayquaza|Air Lock\n|move|p2a: Azumarill|Play Rough|p1a: Rayquaza\n|-supereffective|p1a: Rayquaza\n|-damage|p1a: Rayquaza|0 fnt\n|faint|p1a: Rayquaza\n|\n|upkeep\n|inactive|Time left: 300 sec this turn | 300 sec total | 5 sec grace\n|\n|t:|1783555003\n|switch|p1a: Gengar|Gengar, L81, F|230/230\n|turn|8\n|inactive|Time left: 300 sec this turn | 300 sec total\n|\n|t:|1783555004\n|move|p1a: Gengar|Sludge Wave|p2a: Azumarill\n|-supereffective|p2a: Azumarill\n|-damage|p2a: Azumarill|0 fnt\n|faint|p2a: Azumarill\n|\n|upkeep\n|\n|t:|1783555005\n|switch|p2a: Camerupt|Camerupt, L91, M|57/100\n|turn|9\n|inactive|Time left: 300 sec this turn | 300 sec total\n|\n|t:|1783555006\n|switch|p1a: Floatzel|Floatzel, L86, M|286/286\n|move|p2a: Camerupt|Earthquake|p1a: Floatzel\n|-damage|p1a: Floatzel|109/286\n|\n|-heal|p2a: Camerupt|63/100|[from] item: Leftovers\n|upkeep\n|turn|10\n|inactive|Time left: 300 sec this turn | 300 sec total\n|\n|t:|1783555007\n|switch|p2a: Golduck|Golduck, L90, M|100/100\n|-ability|p2a: Golduck|Cloud Nine\n|move|p1a: Floatzel|Wave Crash|p2a: Golduck\n|-resisted|p2a: Golduck\n|-damage|p2a: Golduck|65/100\n|-damage|p1a: Floatzel|75/286|[from] Recoil\n|\n|-heal|p2a: Golduck|72/100|[from] item: Leftovers\n|upkeep\n|turn|11\n|inactive|Time left: 300 sec this turn | 300 sec total\n|\n|t:|1783555008\n|move|p1a: Floatzel|Wave Crash|p2a: Golduck\n|-resisted|p2a: Golduck\n|-damage|p2a: Golduck|33/100\n|-damage|p1a: Floatzel|38/286|[from] Recoil\n|move|p2a: Golduck|Ice Beam|p1a: Floatzel\n|-resisted|p1a: Floatzel\n|-damage|p1a: Floatzel|0 fnt\n|faint|p1a: Floatzel\n|\n|-heal|p2a: Golduck|39/100|[from] item: Leftovers\n|upkeep\n|inactive|Time left: 300 sec this turn | 300 sec total | 5 sec grace\n|\n|t:|1783555009\n|switch|p1a: Gengar|Gengar, L81, F|230/230\n|turn|12\n|inactive|Time left: 300 sec this turn | 300 sec total\n|\n|t:|1783555010\n|move|p1a: Gengar|Shadow Ball|p2a: Golduck\n|-damage|p2a: Golduck|0 fnt\n|faint|p2a: Golduck\n|\n|upkeep\n|\n|t:|1783555012\n|switch|p2a: Arboliva|Arboliva, L91, F|100/100\n|turn|13\n|inactive|Time left: 300 sec this turn | 300 sec total\n|\n|t:|1783555013\n|move|p1a: Gengar|Shadow Ball|p2a: Arboliva\n|-immune|p2a: Arboliva\n|move|p2a: Arboliva|Earth Power|p1a: Gengar\n|-supereffective|p1a: Gengar\n|-crit|p1a: Gengar\n|-damage|p1a: Gengar|0 fnt\n|-start|p2a: Arboliva|Disable|Earth Power|[from] ability: Cursed Body|[of] p1a: Gengar\n|faint|p1a: Gengar\n|\n|upkeep\n|inactive|Time left: 300 sec this turn | 300 sec total | 5 sec grace\n|\n|t:|1783555014\n|switch|p1a: Piloswine|Piloswine, L85, M|309/309\n|turn|14\n|inactive|Time left: 300 sec this turn | 300 sec total\n|\n|t:|1783555014\n|-terastallize|p1a: Piloswine|Dragon\n|move|p1a: Piloswine|Icicle Crash|p2a: Arboliva\n|-supereffective|p2a: Arboliva\n|-damage|p2a: Arboliva|40/100\n|-fieldstart|move: Grassy Terrain|[from] ability: Seed Sower|[of] p2a: Arboliva\n|move|p2a: Arboliva|Energy Ball|p1a: Piloswine\n|-resisted|p1a: Piloswine\n|-damage|p1a: Piloswine|231/309\n|-unboost|p1a: Piloswine|spd|1\n|\n|-heal|p1a: Piloswine|250/309|[from] Grassy Terrain\n|-heal|p2a: Arboliva|47/100|[from] Grassy Terrain\n|-heal|p2a: Arboliva|53/100|[from] item: Leftovers\n|upkeep\n|turn|15\n|inactive|Time left: 300 sec this turn | 300 sec total\n|\n|t:|1783555015\n|-terastallize|p2a: Arboliva|Poison\n|move|p1a: Piloswine|Icicle Crash|p2a: Arboliva\n|-damage|p2a: Arboliva|24/100\n|move|p2a: Arboliva|Strength Sap|p1a: Piloswine\n|-unboost|p1a: Piloswine|atk|1\n|-heal|p2a: Arboliva|99/100\n|\n|-heal|p1a: Piloswine|269/309|[from] Grassy Terrain\n|-heal|p2a: Arboliva|100/100|[from] Grassy Terrain\n|upkeep\n|turn|16\n|inactive|Time left: 300 sec this turn | 300 sec total\n|\n|t:|1783555016\n|move|p1a: Piloswine|Icicle Crash|p2a: Arboliva\n|-damage|p2a: Arboliva|79/100\n|move|p2a: Arboliva|Hyper Voice|p1a: Piloswine\n|-damage|p1a: Piloswine|76/309\n|\n|-heal|p1a: Piloswine|95/309|[from] Grassy Terrain\n|-heal|p2a: Arboliva|85/100|[from] Grassy Terrain\n|-heal|p2a: Arboliva|91/100|[from] item: Leftovers\n|-end|p2a: Arboliva|Disable\n|upkeep\n|turn|17\n|inactive|Time left: 300 sec this turn | 300 sec total\n|\n|t:|1783555017\n|move|p1a: Piloswine|Icicle Crash|p2a: Arboliva\n|-damage|p2a: Arboliva|70/100\n|move|p2a: Arboliva|Energy Ball|p1a: Piloswine\n|-resisted|p1a: Piloswine\n|-damage|p1a: Piloswine|0 fnt\n|faint|p1a: Piloswine\n|\n|-heal|p2a: Arboliva|76/100|[from] Grassy Terrain\n|-heal|p2a: Arboliva|83/100|[from] item: Leftovers\n|upkeep\n|inactive|Time left: 300 sec this turn | 300 sec total | 5 sec grace\n|\n|t:|1783555018\n|switch|p1a: Urshifu|Urshifu, L74, M|243/270\n|turn|18\n|inactive|Time left: 300 sec this turn | 300 sec total\n|\n|t:|1783555019\n|move|p1a: Urshifu|Wicked Blow|p2a: Arboliva\n|-crit|p2a: Arboliva\n|-damage|p2a: Arboliva|32/100\n|-damage|p1a: Urshifu|216/270|[from] item: Life Orb\n|move|p2a: Arboliva|Energy Ball|p1a: Urshifu\n|-damage|p1a: Urshifu|0 fnt\n|faint|p1a: Urshifu\n|\n|win|p0y13677c58", "uploadtime": 1783555019, "views": 0, "rating": 0, "private": 0, "password": null, "_winner": "p0y13677c58", "_our_name": "p0x1367be31"}