{"id": "battle-gen9randombattle-2378", "formatid": "gen9randombattle", "format": "[Gen 9] Random Battle", "players": ["p0x237853a1", "p0y2378cf47"], "log": "|init|battle\n|title|p0x237853a1 vs. p0y2378cf47\n|j|\u2606p0x237853a1\n|j|\u2606p0y2378cf47\n|t:|1783566577\n|gametype|singles\n|player|p1|p0x237853a1|101|\n|player|p2|p0y2378cf47|169|\n|gen|9\n|tier|[Gen 9] Random Battle\n|rule|Species Clause: Limit one of each Pok\u00e9mon\n|rule|HP Percentage Mod: HP is shown in percentages\n|rule|Sleep Clause Mod: Limit one foe put to sleep\n|rule|Illusion Level Mod: Illusion disguises the Pok\u00e9mon's true level\n|\n|t:|1783566577\n|teamsize|p1|6\n|teamsize|p2|6\n|start\n|switch|p1a: Electivire|Electivire, L84, M|100/100\n|switch|p2a: Sinistcha|Sinistcha-Masterpiece, L83|254/254\n|turn|1\n|inactive|Battle timer is ON: inactive players will automatically lose when time's up. (requested by p0x237853a1)\n|inactive|Time left: 300 sec this turn | 300 sec total | 60 sec grace\n|inactive|p0y2378cf47 also wants the timer to be on.\n|\n|t:|1783566578\n|move|p1a: Electivire|Bulk Up|p1a: Electivire\n|-boost|p1a: Electivire|atk|1\n|-boost|p1a: Electivire|def|1\n|move|p2a: Sinistcha|Matcha Gotcha|p1a: Electivire|[miss]\n|-miss|p2a: Sinistcha|p1a: Electivire\n|\n|upkeep\n|turn|2\n|inactive|Time left: 300 sec this turn | 300 sec total\n|\n|t:|1783566580\n|move|p1a: Electivire|Ice Punch|p2a: Sinistcha\n|-supereffective|p2a: Sinistcha\n|-crit|p2a: Sinistcha\n|-damage|p2a: Sinistcha|0 fnt\n|faint|p2a: Sinistcha\n|-damage|p1a: Electivire|91/100|[from] item: Life Orb\n|\n|upkeep\n|inactive|Time left: 300 sec this turn | 300 sec total | 5 sec grace\n|\n|t:|1783566581\n|switch|p2a: Lurantis|Lurantis, L87, M|264/264\n|turn|3\n|inactive|Time left: 300 sec this turn | 300 sec total\n|\n|t:|1783566582\n|move|p1a: Electivire|Ice Punch|p2a: Lurantis\n|-supereffective|p2a: Lurantis\n|-damage|p2a: Lurantis|9/264\n|-damage|p1a: Electivire|81/100|[from] item: Life Orb\n|move|p2a: Lurantis|Superpower|p1a: Electivire\n|-damage|p1a: Electivire|49/100\n|-boost|p2a: Lurantis|atk|1\n|-boost|p2a: Lurantis|def|1\n|\n|-heal|p2a: Lurantis|25/264|[from] item: Leftovers\n|upkeep\n|turn|4\n|inactive|Time left: 300 sec this turn | 300 sec total\n|\n|t:|1783566583\n|move|p1a: Electivire|Earthquake|p2a: Lurantis\n|-resisted|p2a: Lurantis\n|-damage|p2a: Lurantis|0 fnt\n|faint|p2a: Lurantis\n|-damage|p1a: Electivire|39/100|[from] item: Life Orb\n|\n|upkeep\n|inactive|Time left: 300 sec this turn | 300 sec total | 5 sec grace\n|\n|t:|1783566584\n|switch|p2a: Bronzong|Bronzong, L88|261/261\n|turn|5\n|inactive|Time left: 300 sec this turn | 300 sec total\n|\n|t:|1783566585\n|move|p1a: Electivire|Supercell Slam|p2a: Bronzong\n|-damage|p2a: Bronzong|66/261\n|-damage|p1a: Electivire|29/100|[from] item: Life Orb\n|move|p2a: Bronzong|Psychic|p1a: Electivire\n|-damage|p1a: Electivire|0 fnt\n|faint|p1a: Electivire\n|\n|-heal|p2a: Bronzong|82/261|[from] item: Leftovers\n|upkeep\n|\n|t:|1783566586\n|switch|p1a: Magmortar|Magmortar, L88, F|100/100\n|turn|6\n|inactive|Time left: 300 sec this turn | 300 sec total\n|\n|t:|1783566588\n|switch|p2a: Diancie|Diancie, L82|216/216\n|move|p1a: Magmortar|Knock Off|p2a: Diancie\n|-resisted|p2a: Diancie\n|-damage|p2a: Diancie|192/216\n|-enditem|p2a: Diancie|Leftovers|[from] move: Knock Off|[of] p1a: Magmortar\n|\n|upkeep\n|turn|7\n|inactive|Time left: 300 sec this turn | 300 sec total\n|\n|t:|1783566589\n|switch|p1a: Zamazenta|Zamazenta, L71|100/100\n|-ability|p1a: Zamazenta|Dauntless Shield|boost\n|-boost|p1a: Zamazenta|def|1\n|move|p2a: Diancie|Diamond Storm|p1a: Zamazenta\n|-resisted|p1a: Zamazenta\n|-damage|p1a: Zamazenta|88/100\n|\n|-heal|p1a: Zamazenta|94/100|[from] item: Leftovers\n|upkeep\n|turn|8\n|inactive|Time left: 300 sec this turn | 300 sec total\n|\n|t:|1783566590\n|move|p1a: Zamazenta|Body Press|p2a: Diancie\n|-crit|p2a: Diancie\n|-damage|p2a: Diancie|81/216\n|move|p2a: Diancie|Moonblast|p1a: Zamazenta\n|-supereffective|p1a: Zamazenta\n|-damage|p1a: Zamazenta|12/100\n|\n|-heal|p1a: Zamazenta|18/100|[from] item: Leftovers\n|upkeep\n|turn|9\n|inactive|Time left: 300 sec this turn | 300 sec total\n|\n|t:|1783566591\n|-terastallize|p1a: Zamazenta|Fighting\n|move|p1a: Zamazenta|Body Press|p2a: Diancie\n|-damage|p2a: Diancie|0 fnt\n|faint|p2a: Diancie\n|\n|-heal|p1a: Zamazenta|24/100|[from] item: Leftovers\n|upkeep\n|inactive|Time left: 300 sec this turn | 300 sec total | 5 sec grace\n|\n|t:|1783566592\n|switch|p2a: Reshiram|Reshiram, L76|277/277\n|-ability|p2a: Reshiram|Turboblaze\n|turn|10\n|inactive|Time left: 300 sec this turn | 300 sec total\n|\n|t:|1783566593\n|move|p1a: Zamazenta|Body Press|p2a: Reshiram\n|-damage|p2a: Reshiram|131/277\n|move|p2a: Reshiram|Dragon Dance|p2a: Reshiram\n|-boost|p2a: Reshiram|atk|1\n|-boost|p2a: Reshiram|spe|1\n|\n|-heal|p1a: Zamazenta|30/100|[from] item: Leftovers\n|upkeep\n|turn|11\n|inactive|Time left: 300 sec this turn | 300 sec total\n|\n|t:|1783566594\n|-terastallize|p2a: Reshiram|Dragon\n|move|p2a: Reshiram|Outrage|p1a: Zamazenta\n|-damage|p1a: Zamazenta|0 fnt\n|faint|p1a: Zamazenta\n|\n|upkeep\n|\n|t:|1783566595\n|switch|p1a: Gurdurr|Gurdurr, L85, M|100/100\n|turn|12\n|inactive|Time left: 300 sec this turn | 300 sec total\n|\n|t:|1783566596\n|move|p2a: Reshiram|Outrage|p1a: Gurdurr|[from] lockedmove\n|-damage|p1a: Gurdurr|43/100\n|move|p1a: Gurdurr|Drain Punch|p2a: Reshiram\n|-damage|p2a: Reshiram|44/277\n|-heal|p1a: Gurdurr|59/100|[from] drain|[of] p2a: Reshiram\n|\n|upkeep\n|turn|13\n|inactive|Time left: 300 sec this turn | 300 sec total\n|\n|t:|1783566597\n|move|p1a: Gurdurr|Mach Punch|p2a: Reshiram\n|-damage|p2a: Reshiram|0 fnt\n|faint|p2a: Reshiram\n|\n|upkeep\n|inactive|Time left: 300 sec this turn | 300 sec total | 5 sec grace\n|\n|t:|1783566598\n|switch|p2a: Groudon|Groudon, L72|263/263\n|-weather|SunnyDay|[from] ability: Drought|[of] p2a: Groudon\n|turn|14\n|inactive|Time left: 300 sec this turn | 300 sec total\n|\n|t:|1783566599\n|move|p2a: Groudon|Precipice Blades|p1a: Gurdurr|[miss]\n|-miss|p2a: Groudon|p1a: Gurdurr\n|move|p1a: Gurdurr|Bulk Up|p1a: Gurdurr\n|-boost|p1a: Gurdurr|atk|1\n|-boost|p1a: Gurdurr|def|1\n|\n|-weather|SunnyDay|[upkeep]\n|upkeep\n|turn|15\n|inactive|Time left: 300 sec this turn | 300 sec total\n|\n|t:|1783566600\n|move|p2a: Groudon|Precipice Blades|p1a: Gurdurr\n|-damage|p1a: Gurdurr|36/100\n|move|p1a: Gurdurr|Drain Punch|p2a: Groudon\n|-crit|p2a: Groudon\n|-damage|p2a: Groudon|110/263\n|-heal|p1a: Gurdurr|63/100|[from] drain|[of] p2a: Groudon\n|\n|-weather|SunnyDay|[upkeep]\n|-heal|p2a: Groudon|126/263|[from] item: Leftovers\n|upkeep\n|turn|16\n|inactive|Time left: 300 sec this turn | 300 sec total\n|\n|t:|1783566601\n|move|p2a: Groudon|Heat Crash|p1a: Gurdurr\n|-damage|p1a: Gurdurr|43/100\n|move|p1a: Gurdurr|Drain Punch|p2a: Groudon\n|-damage|p2a: Groudon|17/263\n|-heal|p1a: Gurdurr|62/100|[from] drain|[of] p2a: Groudon\n|\n|-weather|SunnyDay|[upkeep]\n|-heal|p2a: Groudon|33/263|[from] item: Leftovers\n|upkeep\n|turn|17\n|inactive|Time left: 300 sec this turn | 300 sec total\n|\n|t:|1783566602\n|move|p1a: Gurdurr|Mach Punch|p2a: Groudon\n|-damage|p2a: Groudon|0 fnt\n|faint|p2a: Groudon\n|\n|-weather|SunnyDay|[upkeep]\n|upkeep\n|inactive|Time left: 300 sec this turn | 300 sec total | 5 sec grace\n|\n|t:|1783566603\n|switch|p2a: Bronzong|Bronzong, L88|82/261\n|turn|18\n|inactive|Time left: 300 sec this turn | 300 sec total\n|\n|t:|1783566603\n|move|p1a: Gurdurr|Drain Punch|p2a: Bronzong\n|-damage|p2a: Bronzong|0 fnt\n|-heal|p1a: Gurdurr|77/100|[from] drain|[of] p2a: Bronzong\n|faint|p2a: Bronzong\n|\n|win|p0x237853a1", "uploadtime": 1783566603, "views": 0, "rating": 0, "private": 0, "password": null, "_winner": "p0x237853a1", "_our_name": "p0y2378cf47"}