{"id": "battle-gen9randombattle-253", "formatid": "gen9randombattle", "format": "[Gen 9] Random Battle", "players": ["p0x253425a", "p0y253697e"], "log": "|init|battle\n|title|p0x253425a vs. p0y253697e\n|j|\u2606p0x253425a\n|j|\u2606p0y253697e\n|t:|1783536214\n|gametype|singles\n|player|p1|p0x253425a|1|\n|player|p2|p0y253697e|169|\n|gen|9\n|tier|[Gen 9] Random Battle\n|rule|Species Clause: Limit one of each Pok\u00e9mon\n|rule|HP Percentage Mod: HP is shown in percentages\n|rule|Sleep Clause Mod: Limit one foe put to sleep\n|rule|Illusion Level Mod: Illusion disguises the Pok\u00e9mon's true level\n|\n|t:|1783536214\n|teamsize|p1|6\n|teamsize|p2|6\n|start\n|switch|p1a: Samurott|Samurott-Hisui, L77, F|265/265\n|switch|p2a: Dragapult|Dragapult, L77, F|100/100\n|turn|1\n|inactive|Battle timer is ON: inactive players will automatically lose when time's up. (requested by p0x253425a)\n|inactive|p0y253697e also wants the timer to be on.\n|\n|t:|1783536216\n|switch|p2a: Luxray|Luxray, L88, F|100/100\n|move|p1a: Samurott|Ceaseless Edge|p2a: Luxray\n|-damage|p2a: Luxray|46/100\n|-sidestart|p2: p0y253697e|Spikes\n|\n|-status|p2a: Luxray|brn|[from] item: Flame Orb\n|upkeep\n|turn|2\n|inactive|Time left: 300 sec this turn | 300 sec total\n|\n|t:|1783536217\n|switch|p2a: Lokix|Lokix, L82, F|100/100\n|-damage|p2a: Lokix|88/100|[from] Spikes\n|move|p1a: Samurott|Ceaseless Edge|p2a: Lokix\n|-resisted|p2a: Lokix\n|-damage|p2a: Lokix|56/100\n|-sidestart|p2: p0y253697e|Spikes\n|\n|upkeep\n|turn|3\n|inactive|Time left: 300 sec this turn | 300 sec total\n|\n|t:|1783536218\n|switch|p1a: Tinkaton|Tinkaton, L82, F|274/274\n|-ability|p1a: Tinkaton|Mold Breaker\n|move|p2a: Lokix|First Impression|p1a: Tinkaton\n|-resisted|p1a: Tinkaton\n|-damage|p1a: Tinkaton|206/274\n|\n|-heal|p1a: Tinkaton|223/274|[from] item: Leftovers\n|upkeep\n|turn|4\n|inactive|Time left: 300 sec this turn | 300 sec total\n|\n|t:|1783536219\n|switch|p2a: Typhlosion|Typhlosion, L84, M|100/100\n|-damage|p2a: Typhlosion|84/100|[from] Spikes\n|move|p1a: Tinkaton|Gigaton Hammer|p2a: Typhlosion\n|-resisted|p2a: Typhlosion\n|-damage|p2a: Typhlosion|59/100\n|\n|-heal|p1a: Tinkaton|240/274|[from] item: Leftovers\n|upkeep\n|turn|5\n|inactive|Time left: 300 sec this turn | 300 sec total\n|\n|t:|1783536220\n|switch|p1a: Walking Wake|Walking Wake, L79|286/286\n|move|p2a: Typhlosion|Fire Blast|p1a: Walking Wake\n|-resisted|p1a: Walking Wake\n|-damage|p1a: Walking Wake|251/286\n|-status|p1a: Walking Wake|brn\n|\n|-damage|p1a: Walking Wake|234/286 brn|[from] brn\n|upkeep\n|turn|6\n|inactive|Time left: 300 sec this turn | 300 sec total\n|\n|t:|1783536221\n|move|p2a: Typhlosion|Fire Blast|p1a: Walking Wake\n|-resisted|p1a: Walking Wake\n|-damage|p1a: Walking Wake|197/286 brn\n|move|p1a: Walking Wake|Hydro Steam|p2a: Typhlosion\n|-supereffective|p2a: Typhlosion\n|-damage|p2a: Typhlosion|0 fnt\n|faint|p2a: Typhlosion\n|-damage|p1a: Walking Wake|169/286 brn|[from] item: Life Orb\n|\n|-damage|p1a: Walking Wake|152/286 brn|[from] brn\n|upkeep\n|\n|t:|1783536222\n|switch|p2a: Dragapult|Dragapult, L77, F|100/100\n|-damage|p2a: Dragapult|84/100|[from] Spikes\n|turn|7\n|inactive|Time left: 300 sec this turn | 300 sec total\n|\n|t:|1783536223\n|-end|p1a: Walking Wake|Protosynthesis|[silent]\n|switch|p1a: Tinkaton|Tinkaton, L82, F|240/274\n|-ability|p1a: Tinkaton|Mold Breaker\n|move|p2a: Dragapult|Dragon Darts|p1a: Tinkaton\n|-immune|p1a: Tinkaton\n|\n|-heal|p1a: Tinkaton|257/274|[from] item: Leftovers\n|upkeep\n|turn|8\n|inactive|Time left: 300 sec this turn | 300 sec total\n|\n|t:|1783536224\n|move|p2a: Dragapult|Fire Blast|p1a: Tinkaton\n|-supereffective|p1a: Tinkaton\n|-damage|p1a: Tinkaton|114/274\n|-damage|p2a: Dragapult|74/100|[from] item: Life Orb\n|move|p1a: Tinkaton|Knock Off|p2a: Dragapult\n|-supereffective|p2a: Dragapult\n|-damage|p2a: Dragapult|20/100\n|-enditem|p2a: Dragapult|Life Orb|[from] move: Knock Off|[of] p1a: Tinkaton\n|\n|-heal|p1a: Tinkaton|131/274|[from] item: Leftovers\n|upkeep\n|turn|9\n|inactive|Time left: 300 sec this turn | 300 sec total\n|\n|t:|1783536225\n|move|p2a: Dragapult|Fire Blast|p1a: Tinkaton\n|-supereffective|p1a: Tinkaton\n|-damage|p1a: Tinkaton|13/274\n|move|p1a: Tinkaton|Play Rough|p2a: Dragapult\n|-supereffective|p2a: Dragapult\n|-damage|p2a: Dragapult|0 fnt\n|faint|p2a: Dragapult\n|\n|-heal|p1a: Tinkaton|30/274|[from] item: Leftovers\n|upkeep\n|\n|t:|1783536226\n|switch|p2a: Ogerpon|Ogerpon-Wellspring, L76, F|100/100\n|-damage|p2a: Ogerpon|84/100|[from] Spikes\n|turn|10\n|inactive|Time left: 300 sec this turn | 300 sec total\n|\n|t:|1783536227\n|move|p2a: Ogerpon|Ivy Cudgel|p1a: Tinkaton|[anim] Ivy Cudgel Water\n|-crit|p1a: Tinkaton\n|-damage|p1a: Tinkaton|0 fnt\n|faint|p1a: Tinkaton\n|\n|upkeep\n|inactive|Time left: 300 sec this turn | 300 sec total | 5 sec grace\n|\n|t:|1783536228\n|switch|p1a: Banette|Banette, L93, F|270/270\n|turn|11\n|inactive|Time left: 300 sec this turn | 300 sec total\n|\n|t:|1783536229\n|move|p2a: Ogerpon|Wood Hammer|p1a: Banette\n|-damage|p1a: Banette|92/270\n|-damage|p2a: Ogerpon|60/100|[from] Recoil\n|move|p1a: Banette|Poltergeist|p2a: Ogerpon\n|-activate|p2a: Ogerpon|move: Poltergeist|Wellspring Mask\n|-damage|p2a: Ogerpon|0 fnt\n|faint|p2a: Ogerpon\n|-damage|p1a: Banette|65/270|[from] item: Life Orb\n|\n|upkeep\n|\n|t:|1783536230\n|switch|p2a: Dewgong|Dewgong, L94, M|100/100\n|-damage|p2a: Dewgong|84/100|[from] Spikes\n|turn|12\n|inactive|Time left: 300 sec this turn | 300 sec total\n|\n|t:|1783536231\n|switch|p1a: Samurott|Samurott-Hisui, L77, F|265/265\n|move|p2a: Dewgong|Surf|p1a: Samurott\n|-resisted|p1a: Samurott\n|-damage|p1a: Samurott|198/265\n|\n|upkeep\n|turn|13\n|inactive|Time left: 300 sec this turn | 300 sec total\n|\n|t:|1783536232\n|move|p2a: Dewgong|Knock Off|p1a: Samurott\n|-resisted|p1a: Samurott\n|-damage|p1a: Samurott|158/265\n|-enditem|p1a: Samurott|Choice Band|[from] move: Knock Off|[of] p2a: Dewgong\n|move|p1a: Samurott|Sacred Sword|p2a: Dewgong\n|-supereffective|p2a: Dewgong\n|-damage|p2a: Dewgong|28/100\n|\n|upkeep\n|turn|14\n|inactive|Time left: 300 sec this turn | 300 sec total\n|\n|t:|1783536233\n|move|p2a: Dewgong|Surf|p1a: Samurott\n|-resisted|p1a: Samurott\n|-damage|p1a: Samurott|94/265\n|move|p1a: Samurott|Sacred Sword|p2a: Dewgong\n|-supereffective|p2a: Dewgong\n|-damage|p2a: Dewgong|0 fnt\n|faint|p2a: Dewgong\n|\n|upkeep\n|\n|t:|1783536234\n|switch|p2a: Lokix|Lokix, L82, F|56/100\n|-damage|p2a: Lokix|40/100|[from] Spikes\n|turn|15\n|inactive|Time left: 300 sec this turn | 300 sec total\n|\n|t:|1783536235\n|switch|p1a: Infernape|Infernape, L82, F|259/259\n|move|p2a: Lokix|First Impression|p1a: Infernape\n|-resisted|p1a: Infernape\n|-crit|p1a: Infernape\n|-damage|p1a: Infernape|153/259\n|\n|upkeep\n|turn|16\n|inactive|Time left: 300 sec this turn | 300 sec total\n|\n|t:|1783536237\n|-terastallize|p2a: Lokix|Bug\n|move|p2a: Lokix|Sucker Punch|p1a: Infernape\n|-resisted|p1a: Infernape\n|-damage|p1a: Infernape|71/259\n|move|p1a: Infernape|Overheat|p2a: Lokix\n|-supereffective|p2a: Lokix\n|-damage|p2a: Lokix|0 fnt\n|-unboost|p1a: Infernape|spa|2\n|faint|p2a: Lokix\n|-damage|p1a: Infernape|46/259|[from] item: Life Orb\n|\n|upkeep\n|\n|t:|1783536238\n|switch|p2a: Luxray|Luxray, L88, F|46/100 brn\n|-damage|p2a: Luxray|30/100 brn|[from] Spikes\n|turn|17\n|inactive|Time left: 300 sec this turn | 300 sec total\n|\n|t:|1783536239\n|move|p1a: Infernape|Knock Off|p2a: Luxray\n|-damage|p2a: Luxray|0 fnt\n|-enditem|p2a: Luxray|Flame Orb|[from] move: Knock Off|[of] p1a: Infernape\n|faint|p2a: Luxray\n|-damage|p1a: Infernape|21/259|[from] item: Life Orb\n|\n|win|p0x253425a", "uploadtime": 1783536239, "views": 0, "rating": 0, "private": 0, "password": null, "_winner": "p0x253425a", "_our_name": "p0x253425a"}