{"id": "battle-gen9randombattle-1189", "formatid": "gen9randombattle", "format": "[Gen 9] Random Battle", "players": ["p0x11897f10", "p0y1189c983"], "log": "|init|battle\n|title|p0x11897f10 vs. p0y1189c983\n|j|\u2606p0x11897f10\n|j|\u2606p0y1189c983\n|t:|1783553751\n|gametype|singles\n|player|p1|p0x11897f10|101|\n|player|p2|p0y1189c983|169|\n|gen|9\n|tier|[Gen 9] Random Battle\n|rule|Species Clause: Limit one of each Pok\u00e9mon\n|rule|HP Percentage Mod: HP is shown in percentages\n|rule|Sleep Clause Mod: Limit one foe put to sleep\n|rule|Illusion Level Mod: Illusion disguises the Pok\u00e9mon's true level\n|\n|t:|1783553751\n|teamsize|p1|6\n|teamsize|p2|6\n|start\n|switch|p1a: Dragalge|Dragalge, L88, M|100/100\n|switch|p2a: Blastoise|Blastoise, L80, F|258/258\n|turn|1\n|inactive|Battle timer is ON: inactive players will automatically lose when time's up. (requested by p0x11897f10)\n|inactive|Time left: 300 sec this turn | 300 sec total | 60 sec grace\n|\n|t:|1783553753\n|move|p2a: Blastoise|Shell Smash|p2a: Blastoise\n|-unboost|p2a: Blastoise|def|1\n|-unboost|p2a: Blastoise|spd|1\n|-boost|p2a: Blastoise|atk|2\n|-boost|p2a: Blastoise|spa|2\n|-boost|p2a: Blastoise|spe|2\n|-enditem|p2a: Blastoise|White Herb\n|-clearnegativeboost|p2a: Blastoise|[silent]\n|move|p1a: Dragalge|Sludge Wave|p2a: Blastoise\n|-damage|p2a: Blastoise|134/258\n|\n|upkeep\n|turn|2\n|inactive|p0y1189c983 also wants the timer to be on.\n|inactive|Time left: 300 sec this turn | 300 sec total\n|\n|t:|1783553754\n|move|p2a: Blastoise|Ice Beam|p1a: Dragalge\n|-supereffective|p1a: Dragalge\n|-damage|p1a: Dragalge|35/100\n|move|p1a: Dragalge|Sludge Wave|p2a: Blastoise\n|-damage|p2a: Blastoise|0 fnt\n|faint|p2a: Blastoise\n|\n|-heal|p1a: Dragalge|41/100|[from] item: Leftovers\n|upkeep\n|inactive|Time left: 300 sec this turn | 300 sec total | 5 sec grace\n|\n|t:|1783553755\n|switch|p2a: Ambipom|Ambipom, L84, F|263/263\n|turn|3\n|inactive|Time left: 300 sec this turn | 300 sec total\n|\n|t:|1783553756\n|switch|p1a: Ceruledge|Ceruledge, L78, F|100/100\n|move|p2a: Ambipom|Triple Axel|p1a: Ceruledge\n|-resisted|p1a: Ceruledge\n|-damage|p1a: Ceruledge|92/100\n|-ability|p1a: Ceruledge|Weak Armor|boost\n|-unboost|p1a: Ceruledge|def|1\n|-boost|p1a: Ceruledge|spe|2\n|-resisted|p1a: Ceruledge\n|-damage|p1a: Ceruledge|69/100\n|-ability|p1a: Ceruledge|Weak Armor|boost\n|-unboost|p1a: Ceruledge|def|1\n|-boost|p1a: Ceruledge|spe|2\n|-resisted|p1a: Ceruledge\n|-damage|p1a: Ceruledge|23/100\n|-ability|p1a: Ceruledge|Weak Armor|boost\n|-unboost|p1a: Ceruledge|def|1\n|-boost|p1a: Ceruledge|spe|2\n|-hitcount|p1a: Ceruledge|3\n|\n|upkeep\n|turn|4\n|inactive|Time left: 300 sec this turn | 300 sec total\n|\n|t:|1783553758\n|move|p1a: Ceruledge|Bitter Blade|p2a: Ambipom\n|-damage|p2a: Ambipom|146/263\n|-heal|p1a: Ceruledge|47/100|[from] drain|[of] p2a: Ambipom\n|move|p2a: Ambipom|Triple Axel|p1a: Ceruledge\n|-resisted|p1a: Ceruledge\n|-damage|p1a: Ceruledge|28/100\n|-ability|p1a: Ceruledge|Weak Armor|boost\n|-unboost|p1a: Ceruledge|def|1\n|-resisted|p1a: Ceruledge\n|-damage|p1a: Ceruledge|0 fnt\n|faint|p1a: Ceruledge\n|-hitcount|p1: Ceruledge|2\n|\n|upkeep\n|\n|t:|1783553759\n|switch|p1a: Kleavor|Kleavor, L78, F|100/100\n|turn|5\n|inactive|Time left: 300 sec this turn | 300 sec total\n|\n|t:|1783553760\n|-terastallize|p2a: Ambipom|Ice\n|move|p2a: Ambipom|Triple Axel|p1a: Kleavor\n|-damage|p1a: Kleavor|81/100\n|-damage|p1a: Kleavor|41/100\n|-damage|p1a: Kleavor|0 fnt\n|faint|p1a: Kleavor\n|-hitcount|p1: Kleavor|3\n|\n|upkeep\n|\n|t:|1783553761\n|switch|p1a: Dragalge|Dragalge, L88, M|41/100\n|turn|6\n|inactive|Time left: 300 sec this turn | 300 sec total\n|\n|t:|1783553762\n|move|p2a: Ambipom|Triple Axel|p1a: Dragalge\n|-supereffective|p1a: Dragalge\n|-damage|p1a: Dragalge|7/100\n|-supereffective|p1a: Dragalge\n|-damage|p1a: Dragalge|0 fnt\n|faint|p1a: Dragalge\n|-hitcount|p1: Dragalge|2\n|\n|upkeep\n|\n|t:|1783553763\n|switch|p1a: Victreebel|Victreebel, L90, M|100/100\n|turn|7\n|inactive|Time left: 300 sec this turn | 300 sec total\n|\n|t:|1783553764\n|move|p2a: Ambipom|Triple Axel|p1a: Victreebel\n|-supereffective|p1a: Victreebel\n|-damage|p1a: Victreebel|63/100\n|-supereffective|p1a: Victreebel\n|-damage|p1a: Victreebel|0 fnt\n|faint|p1a: Victreebel\n|-hitcount|p1: Victreebel|2\n|\n|upkeep\n|\n|t:|1783553765\n|switch|p1a: Enamorus|Enamorus-Therian, L83, F|100/100\n|turn|8\n|inactive|Time left: 300 sec this turn | 300 sec total\n|\n|t:|1783553767\n|move|p2a: Ambipom|Triple Axel|p1a: Enamorus|[miss]\n|-miss|p2a: Ambipom|p1a: Enamorus\n|move|p1a: Enamorus|Mystical Fire|p2a: Ambipom\n|-supereffective|p2a: Ambipom\n|-damage|p2a: Ambipom|0 fnt\n|faint|p2a: Ambipom\n|\n|upkeep\n|inactive|Time left: 300 sec this turn | 300 sec total | 5 sec grace\n|\n|t:|1783553768\n|switch|p2a: Grafaiai|Grafaiai, L86, F|249/249\n|turn|9\n|inactive|Time left: 300 sec this turn | 300 sec total\n|\n|t:|1783553769\n|-terastallize|p1a: Enamorus|Ground\n|move|p2a: Grafaiai|Gunk Shot|p1a: Enamorus\n|-resisted|p1a: Enamorus\n|-damage|p1a: Enamorus|78/100\n|move|p1a: Enamorus|Earth Power|p2a: Grafaiai\n|-supereffective|p2a: Grafaiai\n|-damage|p2a: Grafaiai|49/249\n|\n|upkeep\n|turn|10\n|inactive|Time left: 300 sec this turn | 300 sec total\n|\n|t:|1783553770\n|move|p2a: Grafaiai|Super Fang|p1a: Enamorus\n|-damage|p1a: Enamorus|39/100\n|-status|p1a: Enamorus|psn|[from] ability: Poison Touch|[of] p2a: Grafaiai\n|move|p1a: Enamorus|Mystical Fire|p2a: Grafaiai\n|-damage|p2a: Grafaiai|0 fnt\n|faint|p2a: Grafaiai\n|\n|-damage|p1a: Enamorus|27/100 psn|[from] psn\n|upkeep\n|inactive|Time left: 300 sec this turn | 300 sec total | 5 sec grace\n|\n|t:|1783553771\n|switch|p2a: Tornadus|Tornadus-Therian, L79, M|254/254\n|turn|11\n|inactive|Time left: 300 sec this turn | 300 sec total\n|\n|t:|1783553772\n|move|p2a: Tornadus|Bleakwind Storm|p1a: Enamorus\n|-damage|p1a: Enamorus|0 fnt\n|faint|p1a: Enamorus\n|\n|upkeep\n|\n|t:|1783553773\n|switch|p1a: Espeon|Espeon, L84, F|100/100\n|turn|12\n|inactive|Time left: 300 sec this turn | 300 sec total\n|\n|t:|1783553774\n|move|p2a: Tornadus|Bleakwind Storm|p1a: Espeon\n|-damage|p1a: Espeon|37/100\n|move|p1a: Espeon|Shadow Ball|p2a: Tornadus\n|-damage|p2a: Tornadus|136/254\n|\n|upkeep\n|turn|13\n|inactive|Time left: 300 sec this turn | 300 sec total\n|\n|t:|1783553775\n|move|p2a: Tornadus|Bleakwind Storm|p1a: Espeon\n|-damage|p1a: Espeon|0 fnt\n|faint|p1a: Espeon\n|\n|win|p0y1189c983", "uploadtime": 1783553775, "views": 0, "rating": 0, "private": 0, "password": null, "_winner": "p0y1189c983", "_our_name": "p0y1189c983"}