{"id": "battle-gen9randombattle-1852", "formatid": "gen9randombattle", "format": "[Gen 9] Random Battle", "players": ["p0x1852f8e5", "p0y1852b2bb"], "log": "|init|battle\n|title|p0x1852f8e5 vs. p0y1852b2bb\n|j|\u2606p0x1852f8e5\n|j|\u2606p0y1852b2bb\n|t:|1783561449\n|gametype|singles\n|player|p1|p0x1852f8e5|170|\n|player|p2|p0y1852b2bb|169|\n|gen|9\n|tier|[Gen 9] Random Battle\n|rule|Species Clause: Limit one of each Pok\u00e9mon\n|rule|HP Percentage Mod: HP is shown in percentages\n|rule|Sleep Clause Mod: Limit one foe put to sleep\n|rule|Illusion Level Mod: Illusion disguises the Pok\u00e9mon's true level\n|\n|t:|1783561449\n|teamsize|p1|6\n|teamsize|p2|6\n|start\n|switch|p1a: Iron Bundle|Iron Bundle, L78|100/100\n|switch|p2a: Skuntank|Skuntank, L84, F|310/310\n|turn|1\n|inactive|Battle timer is ON: inactive players will automatically lose when time's up. (requested by p0x1852f8e5)\n|inactive|Time left: 300 sec this turn | 300 sec total | 60 sec grace\n|\n|t:|1783561451\n|move|p1a: Iron Bundle|Ice Beam|p2a: Skuntank\n|-damage|p2a: Skuntank|112/310\n|-status|p2a: Skuntank|frz\n|cant|p2a: Skuntank|frz\n|\n|upkeep\n|turn|2\n|inactive|Time left: 300 sec this turn | 300 sec total\n|inactive|p0y1852b2bb also wants the timer to be on.\n|\n|t:|1783561452\n|move|p1a: Iron Bundle|Ice Beam|p2a: Skuntank\n|-damage|p2a: Skuntank|0 fnt\n|faint|p2a: Skuntank\n|\n|upkeep\n|inactive|Time left: 300 sec this turn | 300 sec total | 5 sec grace\n|\n|t:|1783561453\n|switch|p2a: Entei|Entei, L78|307/307\n|turn|3\n|inactive|Time left: 300 sec this turn | 300 sec total\n|\n|t:|1783561454\n|-end|p1a: Iron Bundle|Quark Drive|[silent]\n|switch|p1a: Alomomola|Alomomola, L87, M|100/100\n|move|p2a: Entei|Sacred Fire|p1a: Alomomola\n|-resisted|p1a: Alomomola\n|-damage|p1a: Alomomola|80/100\n|\n|upkeep\n|turn|4\n|inactive|Time left: 300 sec this turn | 300 sec total\n|\n|t:|1783561455\n|move|p2a: Entei|Sacred Fire|p1a: Alomomola\n|-resisted|p1a: Alomomola\n|-damage|p1a: Alomomola|63/100\n|-status|p1a: Alomomola|brn\n|move|p1a: Alomomola|Flip Turn|p2a: Entei\n|-supereffective|p2a: Entei\n|-damage|p2a: Entei|247/307\n|\n|t:|1783561456\n|switch|p1a: Iron Bundle|Iron Bundle, L78|100/100|[from] Flip Turn\n|\n|upkeep\n|turn|5\n|inactive|Time left: 300 sec this turn | 300 sec total\n|\n|t:|1783561457\n|move|p1a: Iron Bundle|Hydro Pump|p2a: Entei\n|-supereffective|p2a: Entei\n|-damage|p2a: Entei|0 fnt\n|faint|p2a: Entei\n|\n|upkeep\n|inactive|Time left: 300 sec this turn | 300 sec total | 5 sec grace\n|\n|t:|1783561458\n|switch|p2a: Baxcalibur|Baxcalibur, L75, M|295/295\n|turn|6\n|inactive|Time left: 300 sec this turn | 300 sec total\n|\n|t:|1783561459\n|move|p1a: Iron Bundle|Hydro Pump|p2a: Baxcalibur|[miss]\n|-miss|p1a: Iron Bundle|p2a: Baxcalibur\n|move|p2a: Baxcalibur|Glaive Rush|p1a: Iron Bundle\n|-damage|p1a: Iron Bundle|11/100\n|-singlemove|p2a: Baxcalibur|Glaive Rush|[silent]\n|\n|upkeep\n|turn|7\n|inactive|Time left: 300 sec this turn | 300 sec total\n|\n|t:|1783561460\n|move|p1a: Iron Bundle|Hydro Pump|p2a: Baxcalibur\n|-resisted|p2a: Baxcalibur\n|-damage|p2a: Baxcalibur|73/295\n|move|p2a: Baxcalibur|Glaive Rush|p1a: Iron Bundle\n|-damage|p1a: Iron Bundle|0 fnt\n|-singlemove|p2a: Baxcalibur|Glaive Rush|[silent]\n|faint|p1a: Iron Bundle\n|-end|p1a: Iron Bundle|Quark Drive|[silent]\n|\n|upkeep\n|\n|t:|1783561461\n|switch|p1a: Munkidori|Munkidori, L79, M|100/100\n|turn|8\n|inactive|Time left: 300 sec this turn | 300 sec total\n|\n|t:|1783561462\n|switch|p2a: Ting-Lu|Ting-Lu, L78|370/370\n|-ability|p2a: Ting-Lu|Vessel of Ruin\n|move|p1a: Munkidori|Sludge Wave|p2a: Ting-Lu\n|-resisted|p2a: Ting-Lu\n|-damage|p2a: Ting-Lu|337/370\n|-status|p2a: Ting-Lu|psn\n|\n|-damage|p2a: Ting-Lu|291/370 psn|[from] psn\n|upkeep\n|turn|9\n|inactive|Time left: 300 sec this turn | 300 sec total\n|\n|t:|1783561463\n|switch|p1a: Great Tusk|Great Tusk, L77|100/100\n|-enditem|p1a: Great Tusk|Booster Energy\n|-activate|p1a: Great Tusk|ability: Protosynthesis|[fromitem]\n|-start|p1a: Great Tusk|protosynthesisatk\n|move|p2a: Ting-Lu|Earthquake|p1a: Great Tusk\n|-damage|p1a: Great Tusk|75/100\n|\n|-damage|p2a: Ting-Lu|245/370 psn|[from] psn\n|upkeep\n|turn|10\n|inactive|Time left: 300 sec this turn | 300 sec total\n|\n|t:|1783561464\n|switch|p2a: Tauros|Tauros-Paldea-Aqua, L81, M|252/252\n|move|p1a: Great Tusk|Close Combat|p2a: Tauros\n|-damage|p2a: Tauros|96/252\n|-unboost|p1a: Great Tusk|def|1\n|-unboost|p1a: Great Tusk|spd|1\n|-enditem|p2a: Tauros|Sitrus Berry|[eat]\n|-heal|p2a: Tauros|159/252|[from] item: Sitrus Berry\n|\n|upkeep\n|turn|11\n|inactive|Time left: 300 sec this turn | 300 sec total\n|\n|t:|1783561465\n|-end|p1a: Great Tusk|Protosynthesis|[silent]\n|switch|p1a: Alomomola|Alomomola, L87, M|96/100 brn\n|move|p2a: Tauros|Liquidation|p1a: Alomomola\n|-resisted|p1a: Alomomola\n|-damage|p1a: Alomomola|84/100 brn\n|-damage|p2a: Tauros|117/252|[from] item: Rocky Helmet|[of] p1a: Alomomola\n|\n|-damage|p1a: Alomomola|78/100 brn|[from] brn\n|-activate|p2a: Tauros|ability: Cud Chew\n|-enditem|p2a: Tauros|Sitrus Berry|[eat]\n|-heal|p2a: Tauros|180/252|[from] item: Sitrus Berry\n|upkeep\n|turn|12\n|inactive|Time left: 300 sec this turn | 300 sec total\n|\n|t:|1783561466\n|move|p2a: Tauros|Bulk Up|p2a: Tauros\n|-boost|p2a: Tauros|atk|1\n|-boost|p2a: Tauros|def|1\n|move|p1a: Alomomola|Flip Turn|p2a: Tauros\n|-resisted|p2a: Tauros\n|-damage|p2a: Tauros|171/252\n|\n|t:|1783561467\n|switch|p1a: Zebstrika|Zebstrika, L87, M|100/100|[from] Flip Turn\n|\n|upkeep\n|turn|13\n|inactive|Time left: 300 sec this turn | 300 sec total\n|\n|t:|1783561468\n|switch|p2a: Ting-Lu|Ting-Lu, L78|245/370 psn\n|-ability|p2a: Ting-Lu|Vessel of Ruin\n|move|p1a: Zebstrika|Volt Switch|p2a: Ting-Lu\n|-immune|p2a: Ting-Lu\n|\n|-damage|p2a: Ting-Lu|199/370 psn|[from] psn\n|upkeep\n|turn|14\n|inactive|Time left: 300 sec this turn | 300 sec total\n|\n|t:|1783561469\n|switch|p1a: Great Tusk|Great Tusk, L77|75/100\n|move|p2a: Ting-Lu|Ruination|p1a: Great Tusk\n|-damage|p1a: Great Tusk|38/100\n|\n|-damage|p2a: Ting-Lu|153/370 psn|[from] psn\n|upkeep\n|turn|15\n|inactive|Time left: 300 sec this turn | 300 sec total\n|\n|t:|1783561470\n|move|p1a: Great Tusk|Earthquake|p2a: Ting-Lu\n|-crit|p2a: Ting-Lu\n|-damage|p2a: Ting-Lu|15/370 psn\n|move|p2a: Ting-Lu|Earthquake|p1a: Great Tusk\n|-damage|p1a: Great Tusk|12/100\n|\n|-damage|p2a: Ting-Lu|0 fnt|[from] psn\n|faint|p2a: Ting-Lu\n|upkeep\n|inactive|Time left: 300 sec this turn | 300 sec total | 5 sec grace\n|\n|t:|1783561471\n|switch|p2a: Dugtrio|Dugtrio-Alola, L84, F|196/196\n|turn|16\n|inactive|Time left: 300 sec this turn | 300 sec total\n|\n|t:|1783561472\n|-end|p1a: Great Tusk|Protosynthesis|[silent]\n|switch|p1a: Alomomola|Alomomola, L87, M|100/100 brn\n|move|p2a: Dugtrio|Earthquake|p1a: Alomomola\n|-damage|p1a: Alomomola|63/100 brn\n|-damage|p2a: Dugtrio|177/196|[from] item: Life Orb\n|\n|-damage|p1a: Alomomola|57/100 brn|[from] brn\n|upkeep\n|turn|17\n|inactive|Time left: 300 sec this turn | 300 sec total\n|\n|t:|1783561473\n|move|p2a: Dugtrio|Earthquake|p1a: Alomomola\n|-damage|p1a: Alomomola|25/100 brn\n|-damage|p2a: Dugtrio|158/196|[from] item: Life Orb\n|move|p1a: Alomomola|Scald|p2a: Dugtrio\n|-supereffective|p2a: Dugtrio\n|-damage|p2a: Dugtrio|48/196\n|\n|-damage|p1a: Alomomola|18/100 brn|[from] brn\n|upkeep\n|turn|18\n|inactive|Time left: 300 sec this turn | 300 sec total\n|\n|t:|1783561474\n|move|p2a: Dugtrio|Earthquake|p1a: Alomomola\n|-damage|p1a: Alomomola|0 fnt\n|faint|p1a: Alomomola\n|-damage|p2a: Dugtrio|29/196|[from] item: Life Orb\n|\n|upkeep\n|\n|t:|1783561475\n|switch|p1a: Oricorio|Oricorio-Sensu, L85, F|100/100\n|turn|19\n|inactive|Time left: 300 sec this turn | 300 sec total\n|\n|t:|1783561476\n|move|p2a: Dugtrio|Iron Head|p1a: Oricorio\n|-damage|p1a: Oricorio|46/100\n|-damage|p2a: Dugtrio|10/196|[from] item: Life Orb\n|move|p1a: Oricorio|Quiver Dance|p1a: Oricorio\n|-boost|p1a: Oricorio|spa|1\n|-boost|p1a: Oricorio|spd|1\n|-boost|p1a: Oricorio|spe|1\n|\n|upkeep\n|turn|20\n|inactive|Time left: 300 sec this turn | 300 sec total\n|\n|t:|1783561477\n|move|p1a: Oricorio|Revelation Dance|p2a: Dugtrio\n|-damage|p2a: Dugtrio|0 fnt\n|faint|p2a: Dugtrio\n|\n|upkeep\n|inactive|Time left: 300 sec this turn | 300 sec total | 5 sec grace\n|\n|t:|1783561478\n|switch|p2a: Tauros|Tauros-Paldea-Aqua, L81, M|171/252\n|turn|21\n|inactive|Time left: 300 sec this turn | 300 sec total\n|\n|t:|1783561479\n|move|p1a: Oricorio|Revelation Dance|p2a: Tauros\n|-damage|p2a: Tauros|0 fnt\n|faint|p2a: Tauros\n|\n|upkeep\n|inactive|Time left: 300 sec this turn | 300 sec total | 5 sec grace\n|\n|t:|1783561480\n|switch|p2a: Baxcalibur|Baxcalibur, L75, M|73/295\n|turn|22\n|inactive|Time left: 300 sec this turn | 300 sec total\n|\n|t:|1783561481\n|-terastallize|p1a: Oricorio|Fighting\n|-terastallize|p2a: Baxcalibur|Ground\n|move|p2a: Baxcalibur|Ice Shard|p1a: Oricorio\n|-damage|p1a: Oricorio|16/100\n|move|p1a: Oricorio|Revelation Dance|p2a: Baxcalibur\n|-damage|p2a: Baxcalibur|0 fnt\n|faint|p2a: Baxcalibur\n|\n|win|p0x1852f8e5", "uploadtime": 1783561481, "views": 0, "rating": 0, "private": 0, "password": null, "_winner": "p0x1852f8e5", "_our_name": "p0y1852b2bb"}