{"id": "battle-gen9randombattle-2344", "formatid": "gen9randombattle", "format": "[Gen 9] Random Battle", "players": ["p0x2344405e", "p0y2344e303"], "log": "|init|battle\n|title|p0x2344405e vs. p0y2344e303\n|j|\u2606p0x2344405e\n|j|\u2606p0y2344e303\n|t:|1783566186\n|gametype|singles\n|player|p1|p0x2344405e|266|\n|player|p2|p0y2344e303|1|\n|gen|9\n|tier|[Gen 9] Random Battle\n|rule|Species Clause: Limit one of each Pok\u00e9mon\n|rule|HP Percentage Mod: HP is shown in percentages\n|rule|Sleep Clause Mod: Limit one foe put to sleep\n|rule|Illusion Level Mod: Illusion disguises the Pok\u00e9mon's true level\n|\n|t:|1783566186\n|teamsize|p1|6\n|teamsize|p2|6\n|start\n|switch|p1a: Tropius|Tropius, L91, M|328/328\n|switch|p2a: Grimmsnarl|Grimmsnarl, L83, M|100/100\n|turn|1\n|inactive|Battle timer is ON: inactive players will automatically lose when time's up. (requested by p0x2344405e)\n|inactive|p0y2344e303 also wants the timer to be on.\n|\n|t:|1783566187\n|move|p2a: Grimmsnarl|Spirit Break|p1a: Tropius\n|-damage|p1a: Tropius|238/328\n|-unboost|p1a: Tropius|spa|1\n|move|p1a: Tropius|Leech Seed|p2a: Grimmsnarl\n|-start|p2a: Grimmsnarl|move: Leech Seed\n|\n|-damage|p2a: Grimmsnarl|88/100|[from] Leech Seed|[of] p1a: Tropius\n|-heal|p1a: Tropius|274/328|[silent]\n|upkeep\n|turn|2\n|inactive|Time left: 300 sec this turn | 300 sec total\n|\n|t:|1783566188\n|switch|p1a: Raikou|Raikou, L81|278/278\n|-ability|p1a: Raikou|Pressure\n|move|p2a: Grimmsnarl|Light Screen|p2a: Grimmsnarl\n|-sidestart|p2: p0y2344e303|move: Light Screen\n|\n|-damage|p2a: Grimmsnarl|76/100|[from] Leech Seed|[of] p1a: Raikou\n|upkeep\n|turn|3\n|inactive|Time left: 300 sec this turn | 300 sec total\n|\n|t:|1783566189\n|switch|p2a: Fezandipiti|Fezandipiti, L82, M|100/100\n|move|p1a: Raikou|Calm Mind|p1a: Raikou\n|-boost|p1a: Raikou|spa|1\n|-boost|p1a: Raikou|spd|1\n|\n|upkeep\n|turn|4\n|inactive|Time left: 300 sec this turn | 300 sec total\n|\n|t:|1783566190\n|move|p1a: Raikou|Scald|p2a: Fezandipiti\n|-damage|p2a: Fezandipiti|88/100\n|move|p2a: Fezandipiti|Gunk Shot|p1a: Raikou\n|-damage|p1a: Raikou|148/278\n|\n|-heal|p1a: Raikou|165/278|[from] item: Leftovers\n|-heal|p2a: Fezandipiti|94/100|[from] item: Leftovers\n|upkeep\n|turn|5\n|inactive|Time left: 300 sec this turn | 300 sec total\n|\n|t:|1783566191\n|move|p1a: Raikou|Substitute|p1a: Raikou\n|-start|p1a: Raikou|Substitute\n|-damage|p1a: Raikou|96/278\n|move|p2a: Fezandipiti|Gunk Shot|p1a: Raikou\n|-end|p1a: Raikou|Substitute\n|\n|-heal|p1a: Raikou|113/278|[from] item: Leftovers\n|-heal|p2a: Fezandipiti|99/100|[from] item: Leftovers\n|upkeep\n|turn|6\n|inactive|Time left: 300 sec this turn | 300 sec total\n|\n|t:|1783566192\n|move|p1a: Raikou|Substitute|p1a: Raikou\n|-start|p1a: Raikou|Substitute\n|-damage|p1a: Raikou|44/278\n|move|p2a: Fezandipiti|Gunk Shot|p1a: Raikou\n|-end|p1a: Raikou|Substitute\n|\n|-heal|p1a: Raikou|61/278|[from] item: Leftovers\n|-heal|p2a: Fezandipiti|100/100|[from] item: Leftovers\n|upkeep\n|turn|7\n|inactive|Time left: 300 sec this turn | 300 sec total\n|\n|t:|1783566193\n|move|p1a: Raikou|Scald|p2a: Fezandipiti\n|-damage|p2a: Fezandipiti|87/100\n|move|p2a: Fezandipiti|Play Rough|p1a: Raikou\n|-damage|p1a: Raikou|0 fnt\n|faint|p1a: Raikou\n|\n|-heal|p2a: Fezandipiti|93/100|[from] item: Leftovers\n|upkeep\n|inactive|Time left: 300 sec this turn | 300 sec total | 5 sec grace\n|\n|t:|1783566194\n|switch|p1a: Rampardos|Rampardos, L90, F|321/321\n|turn|8\n|inactive|Time left: 300 sec this turn | 300 sec total\n|\n|t:|1783566195\n|-terastallize|p2a: Fezandipiti|Ground\n|move|p2a: Fezandipiti|Tera Blast|p1a: Rampardos|[anim] Tera Blast Ground\n|-supereffective|p1a: Rampardos\n|-damage|p1a: Rampardos|127/321\n|move|p1a: Rampardos|Earthquake|p2a: Fezandipiti\n|-damage|p2a: Fezandipiti|30/100\n|-damage|p1a: Rampardos|95/321|[from] item: Life Orb\n|\n|-heal|p2a: Fezandipiti|36/100|[from] item: Leftovers\n|upkeep\n|turn|9\n|inactive|Time left: 300 sec this turn | 300 sec total\n|\n|t:|1783566196\n|switch|p1a: Arceus|Arceus-Water, L71|288/288\n|move|p2a: Fezandipiti|Tera Blast|p1a: Arceus|[anim] Tera Blast Ground\n|-damage|p1a: Arceus|218/288\n|-status|p1a: Arceus|tox|[from] ability: Toxic Chain|[of] p2a: Fezandipiti\n|\n|-heal|p2a: Fezandipiti|43/100|[from] item: Leftovers\n|-damage|p1a: Arceus|200/288 tox|[from] psn\n|-sideend|p2: p0y2344e303|move: Light Screen\n|upkeep\n|turn|10\n|inactive|Time left: 300 sec this turn | 300 sec total\n|\n|t:|1783566197\n|switch|p2a: Grimmsnarl|Grimmsnarl, L83, M|76/100\n|move|p1a: Arceus|Judgment|p2a: Grimmsnarl\n|-damage|p2a: Grimmsnarl|31/100\n|\n|-damage|p1a: Arceus|164/288 tox|[from] psn\n|upkeep\n|turn|11\n|inactive|Time left: 300 sec this turn | 300 sec total\n|\n|t:|1783566198\n|move|p2a: Grimmsnarl|Light Screen|p2a: Grimmsnarl\n|-sidestart|p2: p0y2344e303|move: Light Screen\n|move|p1a: Arceus|Judgment|p2a: Grimmsnarl\n|-damage|p2a: Grimmsnarl|8/100\n|\n|-damage|p1a: Arceus|110/288 tox|[from] psn\n|upkeep\n|turn|12\n|inactive|Time left: 300 sec this turn | 300 sec total\n|\n|t:|1783566199\n|move|p2a: Grimmsnarl|Reflect|p2a: Grimmsnarl\n|-sidestart|p2: p0y2344e303|Reflect\n|move|p1a: Arceus|Recover|p1a: Arceus\n|-heal|p1a: Arceus|254/288 tox\n|\n|-damage|p1a: Arceus|182/288 tox|[from] psn\n|upkeep\n|turn|13\n|inactive|Time left: 300 sec this turn | 300 sec total\n|\n|t:|1783566200\n|switch|p1a: Magnezone|Magnezone, L85|258/258\n|move|p2a: Grimmsnarl|Spirit Break|p1a: Magnezone\n|-resisted|p1a: Magnezone\n|-damage|p1a: Magnezone|219/258\n|-unboost|p1a: Magnezone|spa|1\n|\n|upkeep\n|turn|14\n|inactive|Time left: 300 sec this turn | 300 sec total\n|\n|t:|1783566201\n|switch|p2a: Fezandipiti|Fezandipiti, L82, M, tera:Ground|43/100\n|move|p1a: Magnezone|Body Press|p2a: Fezandipiti\n|-damage|p2a: Fezandipiti|27/100\n|\n|-heal|p2a: Fezandipiti|33/100|[from] item: Leftovers\n|upkeep\n|turn|15\n|inactive|Time left: 300 sec this turn | 300 sec total\n|\n|t:|1783566202\n|switch|p1a: Arceus|Arceus-Water, L71|182/288 tox\n|move|p2a: Fezandipiti|Swords Dance|p2a: Fezandipiti\n|-boost|p2a: Fezandipiti|atk|2\n|\n|-heal|p2a: Fezandipiti|39/100|[from] item: Leftovers\n|-damage|p1a: Arceus|164/288 tox|[from] psn\n|upkeep\n|turn|16\n|inactive|Time left: 300 sec this turn | 300 sec total\n|\n|t:|1783566203\n|move|p1a: Arceus|Judgment|p2a: Fezandipiti\n|-supereffective|p2a: Fezandipiti\n|-damage|p2a: Fezandipiti|8/100\n|move|p2a: Fezandipiti|Tera Blast|p1a: Arceus|[anim] Tera Blast Ground\n|-damage|p1a: Arceus|20/288 tox\n|\n|-heal|p2a: Fezandipiti|14/100|[from] item: Leftovers\n|-damage|p1a: Arceus|0 fnt|[from] psn\n|faint|p1a: Arceus\n|upkeep\n|inactive|Time left: 300 sec this turn | 300 sec total | 5 sec grace\n|\n|t:|1783566204\n|switch|p1a: Magnezone|Magnezone, L85|219/258\n|turn|17\n|inactive|Time left: 300 sec this turn | 300 sec total\n|\n|t:|1783566204\n|move|p1a: Magnezone|Flash Cannon|p2a: Fezandipiti\n|-damage|p2a: Fezandipiti|0 fnt\n|faint|p2a: Fezandipiti\n|\n|upkeep\n|\n|t:|1783566205\n|switch|p2a: Komala|Komala, L87, M|100/100\n|-ability|p2a: Komala|Comatose\n|turn|18\n|inactive|Time left: 300 sec this turn | 300 sec total\n|\n|t:|1783566206\n|move|p1a: Magnezone|Flash Cannon|p2a: Komala\n|-damage|p2a: Komala|88/100\n|move|p2a: Komala|Earthquake|p1a: Magnezone\n|-supereffective|p1a: Magnezone\n|-damage|p1a: Magnezone|0 fnt\n|faint|p1a: Magnezone\n|\n|-sideend|p2: p0y2344e303|move: Light Screen\n|upkeep\n|inactive|Time left: 300 sec this turn | 300 sec total | 5 sec grace\n|\n|t:|1783566207\n|switch|p1a: Tropius|Tropius, L91, M|274/328\n|turn|19\n|inactive|Time left: 300 sec this turn | 300 sec total\n|\n|t:|1783566208\n|move|p2a: Komala|Body Slam|p1a: Tropius\n|-damage|p1a: Tropius|159/328\n|-enditem|p1a: Tropius|Sitrus Berry|[eat]\n|-heal|p1a: Tropius|241/328|[from] item: Sitrus Berry\n|move|p1a: Tropius|Leech Seed|p2a: Komala\n|-start|p2a: Komala|move: Leech Seed\n|\n|-damage|p2a: Komala|75/100|[from] Leech Seed|[of] p1a: Tropius\n|-heal|p1a: Tropius|272/328|[silent]\n|-sideend|p2: p0y2344e303|Reflect\n|-item|p1a: Tropius|Sitrus Berry|[from] ability: Harvest\n|upkeep\n|turn|20\n|inactive|Time left: 300 sec this turn | 300 sec total\n|\n|t:|1783566209\n|move|p2a: Komala|Knock Off|p1a: Tropius\n|-damage|p1a: Tropius|190/328\n|-enditem|p1a: Tropius|Sitrus Berry|[from] move: Knock Off|[of] p2a: Komala\n|move|p1a: Tropius|Air Slash|p2a: Komala\n|-damage|p2a: Komala|58/100\n|\n|-damage|p2a: Komala|46/100|[from] Leech Seed|[of] p1a: Tropius\n|-heal|p1a: Tropius|221/328|[silent]\n|upkeep\n|turn|21\n|inactive|Time left: 300 sec this turn | 300 sec total\n|\n|t:|1783566209\n|switch|p2a: Indeedee|Indeedee, L84, M|100/100\n|-fieldstart|move: Psychic Terrain|[from] ability: Psychic Surge|[of] p2a: Indeedee\n|move|p1a: Tropius|Air Slash|p2a: Indeedee\n|-damage|p2a: Indeedee|73/100\n|\n|upkeep\n|turn|22\n|inactive|Time left: 300 sec this turn | 300 sec total\n|\n|t:|1783566210\n|move|p2a: Indeedee|Expanding Force|p1a: Tropius\n|-damage|p1a: Tropius|0 fnt\n|faint|p1a: Tropius\n|-damage|p2a: Indeedee|63/100|[from] item: Life Orb\n|\n|upkeep\n|inactive|Time left: 300 sec this turn | 300 sec total | 5 sec grace\n|\n|t:|1783566211\n|switch|p1a: Rampardos|Rampardos, L90, F|95/321\n|turn|23\n|inactive|Time left: 300 sec this turn | 300 sec total\n|\n|t:|1783566212\n|-terastallize|p1a: Rampardos|Rock\n|move|p2a: Indeedee|Expanding Force|p1a: Rampardos\n|-damage|p1a: Rampardos|0 fnt\n|faint|p1a: Rampardos\n|-damage|p2a: Indeedee|53/100|[from] item: Life Orb\n|\n|upkeep\n|inactive|Time left: 300 sec this turn | 300 sec total | 5 sec grace\n|\n|t:|1783566213\n|switch|p1a: Smeargle|Smeargle, L95, M|258/258\n|turn|24\n|inactive|Time left: 300 sec this turn | 300 sec total\n|\n|t:|1783566214\n|move|p2a: Indeedee|Expanding Force|p1a: Smeargle\n|-damage|p1a: Smeargle|0 fnt\n|faint|p1a: Smeargle\n|-damage|p2a: Indeedee|44/100|[from] item: Life Orb\n|\n|win|p0y2344e303", "uploadtime": 1783566214, "views": 0, "rating": 0, "private": 0, "password": null, "_winner": "p0y2344e303", "_our_name": "p0x2344405e"}