{"id": "battle-gen9randombattle-1217", "formatid": "gen9randombattle", "format": "[Gen 9] Random Battle", "players": ["p0x1217ec88", "p0y1217785b"], "log": "|init|battle\n|title|p0x1217ec88 vs. p0y1217785b\n|j|\u2606p0x1217ec88\n|j|\u2606p0y1217785b\n|t:|1783553231\n|gametype|singles\n|player|p1|p0x1217ec88|265|\n|player|p2|p0y1217785b|2|\n|gen|9\n|tier|[Gen 9] Random Battle\n|rule|Species Clause: Limit one of each Pok\u00e9mon\n|rule|HP Percentage Mod: HP is shown in percentages\n|rule|Sleep Clause Mod: Limit one foe put to sleep\n|rule|Illusion Level Mod: Illusion disguises the Pok\u00e9mon's true level\n|\n|t:|1783553231\n|teamsize|p1|6\n|teamsize|p2|6\n|start\n|switch|p1a: Veluza|Veluza, L85, F|292/292\n|switch|p2a: Scovillain|Scovillain, L91, F|100/100\n|turn|1\n|inactive|Battle timer is ON: inactive players will automatically lose when time's up. (requested by p0x1217ec88)\n|inactive|p0y1217785b also wants the timer to be on.\n|\n|t:|1783553232\n|move|p2a: Scovillain|Leech Seed|p1a: Veluza\n|-start|p1a: Veluza|move: Leech Seed\n|move|p1a: Veluza|Fillet Away|p1a: Veluza\n|-boost|p1a: Veluza|atk|2\n|-boost|p1a: Veluza|spa|2\n|-boost|p1a: Veluza|spe|2\n|-damage|p1a: Veluza|146/292\n|-enditem|p1a: Veluza|Sitrus Berry|[eat]\n|-heal|p1a: Veluza|219/292|[from] item: Sitrus Berry\n|\n|-damage|p1a: Veluza|183/292|[from] Leech Seed|[of] p2a: Scovillain\n|upkeep\n|turn|2\n|inactive|Time left: 300 sec this turn | 300 sec total\n|\n|t:|1783553232\n|switch|p2a: Urshifu|Urshifu, L74, M|100/100\n|move|p1a: Veluza|Aqua Cutter|p2a: Urshifu\n|-damage|p2a: Urshifu|3/100\n|\n|-damage|p1a: Veluza|147/292|[from] Leech Seed|[of] p2a: Urshifu\n|-heal|p2a: Urshifu|17/100|[silent]\n|upkeep\n|turn|3\n|inactive|Time left: 300 sec this turn | 300 sec total\n|\n|t:|1783553233\n|-terastallize|p1a: Veluza|Water\n|move|p2a: Urshifu|Sucker Punch|p1a: Veluza\n|-damage|p1a: Veluza|46/292\n|-damage|p2a: Urshifu|7/100|[from] item: Life Orb\n|move|p1a: Veluza|Aqua Cutter|p2a: Urshifu\n|-damage|p2a: Urshifu|0 fnt\n|faint|p2a: Urshifu\n|\n|upkeep\n|\n|t:|1783553234\n|switch|p2a: Registeel|Registeel, L81|100/100\n|turn|4\n|inactive|Time left: 300 sec this turn | 300 sec total\n|\n|t:|1783553234\n|move|p1a: Veluza|Aqua Cutter|p2a: Registeel\n|-damage|p2a: Registeel|23/100\n|move|p2a: Registeel|Iron Head|p1a: Veluza\n|-resisted|p1a: Veluza\n|-damage|p1a: Veluza|11/292\n|\n|-damage|p1a: Veluza|0 fnt|[from] Leech Seed|[of] p2a: Registeel\n|-heal|p2a: Registeel|27/100|[silent]\n|faint|p1a: Veluza\n|upkeep\n|inactive|Time left: 300 sec this turn | 300 sec total | 5 sec grace\n|\n|t:|1783553235\n|switch|p1a: Yanmega|Yanmega, L82, M|275/275\n|turn|5\n|inactive|Time left: 300 sec this turn | 300 sec total\n|\n|t:|1783553236\n|move|p1a: Yanmega|Bug Buzz|p2a: Registeel\n|-resisted|p2a: Registeel\n|-damage|p2a: Registeel|0 fnt\n|faint|p2a: Registeel\n|\n|upkeep\n|\n|t:|1783553237\n|switch|p2a: Lycanroc|Lycanroc-Dusk, L81, F|100/100\n|turn|6\n|inactive|Time left: 300 sec this turn | 300 sec total\n|\n|t:|1783553238\n|switch|p1a: Regirock|Regirock, L83|268/268\n|move|p2a: Lycanroc|Stone Edge|p1a: Regirock|[miss]\n|-miss|p2a: Lycanroc|p1a: Regirock\n|\n|upkeep\n|turn|7\n|inactive|Time left: 300 sec this turn | 300 sec total\n|\n|t:|1783553239\n|-terastallize|p2a: Lycanroc|Fighting\n|move|p2a: Lycanroc|Swords Dance|p2a: Lycanroc\n|-boost|p2a: Lycanroc|atk|2\n|move|p1a: Regirock|Stone Edge|p2a: Lycanroc\n|-resisted|p2a: Lycanroc\n|-damage|p2a: Lycanroc|73/100\n|\n|upkeep\n|turn|8\n|inactive|Time left: 300 sec this turn | 300 sec total\n|\n|t:|1783553240\n|switch|p1a: Giratina|Giratina, L75|349/349\n|-ability|p1a: Giratina|Pressure\n|move|p2a: Lycanroc|Close Combat|p1a: Giratina\n|-immune|p1a: Giratina\n|\n|upkeep\n|turn|9\n|inactive|Time left: 300 sec this turn | 300 sec total\n|\n|t:|1783553241\n|move|p2a: Lycanroc|Stone Edge|p1a: Giratina|[miss]\n|-miss|p2a: Lycanroc|p1a: Giratina\n|move|p1a: Giratina|Dragon Pulse|p2a: Lycanroc\n|-damage|p2a: Lycanroc|37/100\n|\n|upkeep\n|turn|10\n|inactive|Time left: 300 sec this turn | 300 sec total\n|\n|t:|1783553242\n|move|p2a: Lycanroc|Stone Edge|p1a: Giratina\n|-damage|p1a: Giratina|71/349\n|-damage|p2a: Lycanroc|27/100|[from] item: Life Orb\n|move|p1a: Giratina|Dragon Pulse|p2a: Lycanroc\n|-damage|p2a: Lycanroc|0 fnt\n|faint|p2a: Lycanroc\n|\n|-heal|p1a: Giratina|92/349|[from] item: Leftovers\n|upkeep\n|\n|t:|1783553243\n|switch|p2a: Salazzle|Salazzle, L83, F|100/100\n|turn|11\n|inactive|Time left: 300 sec this turn | 300 sec total\n|\n|t:|1783553244\n|move|p2a: Salazzle|Nasty Plot|p2a: Salazzle\n|-boost|p2a: Salazzle|spa|2\n|move|p1a: Giratina|Rest|p1a: Giratina\n|-status|p1a: Giratina|slp|[from] move: Rest\n|-heal|p1a: Giratina|349/349 slp|[silent]\n|\n|upkeep\n|turn|12\n|inactive|Time left: 300 sec this turn | 300 sec total\n|\n|t:|1783553245\n|switch|p1a: Iron Boulder|Iron Boulder, L77|265/265\n|move|p2a: Salazzle|Sludge Wave|p1a: Iron Boulder\n|-resisted|p1a: Iron Boulder\n|-damage|p1a: Iron Boulder|166/265\n|\n|upkeep\n|turn|13\n|inactive|Time left: 300 sec this turn | 300 sec total\n|\n|t:|1783553247\n|move|p2a: Salazzle|Fire Blast|p1a: Iron Boulder\n|-resisted|p1a: Iron Boulder\n|-damage|p1a: Iron Boulder|49/265\n|move|p1a: Iron Boulder|Mighty Cleave|p2a: Salazzle\n|-supereffective|p2a: Salazzle\n|-damage|p2a: Salazzle|0 fnt\n|faint|p2a: Salazzle\n|-damage|p1a: Iron Boulder|23/265|[from] item: Life Orb\n|\n|upkeep\n|\n|t:|1783553247\n|switch|p2a: Volbeat|Volbeat, L90, M|100/100\n|turn|14\n|inactive|Time left: 300 sec this turn | 300 sec total\n|\n|t:|1783553249\n|move|p2a: Volbeat|Thunder Wave|p1a: Iron Boulder\n|-status|p1a: Iron Boulder|par\n|move|p1a: Iron Boulder|Mighty Cleave|p2a: Volbeat\n|-supereffective|p2a: Volbeat\n|-damage|p2a: Volbeat|0 fnt\n|faint|p2a: Volbeat\n|-damage|p1a: Iron Boulder|0 fnt|[from] item: Life Orb\n|faint|p1a: Iron Boulder\n|-end|p1a: Iron Boulder|Quark Drive|[silent]\n|\n|upkeep\n|inactive|Time left: 300 sec this turn | 300 sec total | 5 sec grace\n|\n|t:|1783553250\n|switch|p1a: Yanmega|Yanmega, L82, M|275/275\n|switch|p2a: Scovillain|Scovillain, L91, F|100/100\n|turn|15\n|inactive|Time left: 300 sec this turn | 300 sec total\n|\n|t:|1783553251\n|move|p2a: Scovillain|Protect|p2a: Scovillain\n|-singleturn|p2a: Scovillain|Protect\n|move|p1a: Yanmega|Air Slash|p2a: Scovillain\n|-activate|p2a: Scovillain|move: Protect\n|\n|upkeep\n|turn|16\n|inactive|Time left: 300 sec this turn | 300 sec total\n|\n|t:|1783553252\n|move|p1a: Yanmega|Air Slash|p2a: Scovillain\n|-supereffective|p2a: Scovillain\n|-damage|p2a: Scovillain|0 fnt\n|faint|p2a: Scovillain\n|\n|win|p0x1217ec88", "uploadtime": 1783553252, "views": 0, "rating": 0, "private": 0, "password": null, "_winner": "p0x1217ec88", "_our_name": "p0x1217ec88"}