{"id": "battle-gen9randombattle-1264", "formatid": "gen9randombattle", "format": "[Gen 9] Random Battle", "players": ["p0x126442aa", "p0y1264c253"], "log": "|init|battle\n|title|p0x126442aa vs. p0y1264c253\n|j|\u2606p0x126442aa\n|j|\u2606p0y1264c253\n|t:|1783554658\n|gametype|singles\n|player|p1|p0x126442aa|265|\n|player|p2|p0y1264c253|265|\n|gen|9\n|tier|[Gen 9] Random Battle\n|rule|Species Clause: Limit one of each Pok\u00e9mon\n|rule|HP Percentage Mod: HP is shown in percentages\n|rule|Sleep Clause Mod: Limit one foe put to sleep\n|rule|Illusion Level Mod: Illusion disguises the Pok\u00e9mon's true level\n|\n|t:|1783554658\n|teamsize|p1|6\n|teamsize|p2|6\n|start\n|switch|p1a: Iron Treads|Iron Treads, L77|265/265\n|switch|p2a: Phione|Phione, L91|100/100\n|turn|1\n|inactive|Battle timer is ON: inactive players will automatically lose when time's up. (requested by p0y1264c253)\n|inactive|Time left: 300 sec this turn | 300 sec total | 60 sec grace\n|inactive|p0x126442aa also wants the timer to be on.\n|\n|t:|1783554660\n|move|p1a: Iron Treads|Stealth Rock|p2a: Phione\n|-sidestart|p2: p0y1264c253|move: Stealth Rock\n|move|p2a: Phione|Scald|p1a: Iron Treads\n|-supereffective|p1a: Iron Treads\n|-damage|p1a: Iron Treads|37/265\n|\n|-heal|p1a: Iron Treads|53/265|[from] item: Leftovers\n|upkeep\n|turn|2\n|inactive|Time left: 300 sec this turn | 300 sec total\n|\n|t:|1783554661\n|move|p1a: Iron Treads|Iron Head|p2a: Phione\n|-resisted|p2a: Phione\n|-damage|p2a: Phione|88/100\n|move|p2a: Phione|Scald|p1a: Iron Treads\n|-supereffective|p1a: Iron Treads\n|-damage|p1a: Iron Treads|0 fnt\n|faint|p1a: Iron Treads\n|-end|p1a: Iron Treads|Quark Drive|[silent]\n|\n|-heal|p2a: Phione|94/100|[from] item: Leftovers\n|upkeep\n|inactive|Time left: 300 sec this turn | 300 sec total | 5 sec grace\n|\n|t:|1783554662\n|switch|p1a: Archaludon|Archaludon, L78, F|268/268\n|turn|3\n|inactive|Time left: 300 sec this turn | 300 sec total\n|\n|t:|1783554663\n|move|p2a: Phione|Scald|p1a: Archaludon\n|-resisted|p1a: Archaludon\n|-damage|p1a: Archaludon|214/268\n|-status|p1a: Archaludon|brn\n|-enditem|p1a: Archaludon|Lum Berry|[eat]\n|-curestatus|p1a: Archaludon|brn|[msg]\n|-ability|p1a: Archaludon|Stamina|boost\n|-boost|p1a: Archaludon|def|1\n|move|p1a: Archaludon|Swords Dance|p1a: Archaludon\n|-boost|p1a: Archaludon|atk|2\n|\n|-heal|p2a: Phione|99/100|[from] item: Leftovers\n|upkeep\n|turn|4\n|inactive|Time left: 300 sec this turn | 300 sec total\n|\n|t:|1783554665\n|move|p2a: Phione|Scald|p1a: Archaludon\n|-resisted|p1a: Archaludon\n|-damage|p1a: Archaludon|161/268\n|-ability|p1a: Archaludon|Stamina|boost\n|-boost|p1a: Archaludon|def|1\n|move|p1a: Archaludon|Outrage|p2a: Phione\n|-crit|p2a: Phione\n|-damage|p2a: Phione|0 fnt\n|faint|p2a: Phione\n|\n|upkeep\n|\n|t:|1783554665\n|switch|p2a: Sceptile|Sceptile, L87, M|100/100\n|-damage|p2a: Sceptile|88/100|[from] Stealth Rock\n|turn|5\n|inactive|Time left: 300 sec this turn | 300 sec total\n|\n|t:|1783554667\n|-terastallize|p2a: Sceptile|Steel\n|move|p2a: Sceptile|Focus Blast|p1a: Archaludon\n|-supereffective|p1a: Archaludon\n|-damage|p1a: Archaludon|0 fnt\n|faint|p1a: Archaludon\n|\n|-heal|p2a: Sceptile|94/100|[from] item: Leftovers\n|upkeep\n|inactive|Time left: 300 sec this turn | 300 sec total | 5 sec grace\n|\n|t:|1783554668\n|switch|p1a: Lugia|Lugia, L73|275/275\n|turn|6\n|inactive|Time left: 300 sec this turn | 300 sec total\n|\n|t:|1783554669\n|move|p2a: Sceptile|Leech Seed|p1a: Lugia\n|-start|p1a: Lugia|move: Leech Seed\n|move|p1a: Lugia|Calm Mind|p1a: Lugia\n|-boost|p1a: Lugia|spa|1\n|-boost|p1a: Lugia|spd|1\n|\n|-heal|p2a: Sceptile|99/100|[from] item: Leftovers\n|-damage|p1a: Lugia|241/275|[from] Leech Seed|[of] p2a: Sceptile\n|-heal|p2a: Sceptile|100/100|[silent]\n|upkeep\n|turn|7\n|inactive|Time left: 300 sec this turn | 300 sec total\n|\n|t:|1783554670\n|switch|p2a: Klawf|Klawf, L90, F|100/100\n|-damage|p2a: Klawf|88/100|[from] Stealth Rock\n|move|p1a: Lugia|Calm Mind|p1a: Lugia\n|-boost|p1a: Lugia|spa|1\n|-boost|p1a: Lugia|spd|1\n|\n|-damage|p1a: Lugia|207/275|[from] Leech Seed|[of] p2a: Klawf\n|-heal|p2a: Klawf|100/100|[silent]\n|upkeep\n|turn|8\n|inactive|Time left: 300 sec this turn | 300 sec total\n|\n|t:|1783554671\n|-terastallize|p1a: Lugia|Ground\n|move|p1a: Lugia|Earth Power|p2a: Klawf\n|-supereffective|p2a: Klawf\n|-damage|p2a: Klawf|0 fnt\n|faint|p2a: Klawf\n|\n|upkeep\n|\n|t:|1783554672\n|switch|p2a: Piloswine|Piloswine, L85, M|100/100\n|-damage|p2a: Piloswine|88/100|[from] Stealth Rock\n|turn|9\n|inactive|Time left: 300 sec this turn | 300 sec total\n|\n|t:|1783554674\n|switch|p1a: Samurott|Samurott-Hisui, L77, F|265/265\n|move|p2a: Piloswine|Icicle Crash|p1a: Samurott\n|-resisted|p1a: Samurott\n|-damage|p1a: Samurott|212/265\n|\n|upkeep\n|turn|10\n|inactive|Time left: 300 sec this turn | 300 sec total\n|\n|t:|1783554675\n|move|p1a: Samurott|Razor Shell|p2a: Piloswine\n|-supereffective|p2a: Piloswine\n|-damage|p2a: Piloswine|27/100\n|-damage|p1a: Samurott|186/265|[from] item: Life Orb\n|move|p2a: Piloswine|Earthquake|p1a: Samurott\n|-damage|p1a: Samurott|45/265\n|\n|upkeep\n|turn|11\n|inactive|Time left: 300 sec this turn | 300 sec total\n|\n|t:|1783554676\n|move|p2a: Piloswine|Ice Shard|p1a: Samurott\n|-resisted|p1a: Samurott\n|-damage|p1a: Samurott|21/265\n|move|p1a: Samurott|Ceaseless Edge|p2a: Piloswine\n|-damage|p2a: Piloswine|0 fnt\n|-sidestart|p2: p0y1264c253|Spikes\n|faint|p2a: Piloswine\n|-damage|p1a: Samurott|0 fnt|[from] item: Life Orb\n|faint|p1a: Samurott\n|\n|upkeep\n|inactive|Time left: 300 sec this turn | 300 sec total | 5 sec grace\n|\n|t:|1783554677\n|switch|p1a: Articuno|Articuno, L86|295/295\n|switch|p2a: Talonflame|Talonflame, L83, F|100/100\n|-ability|p1a: Articuno|Pressure\n|turn|12\n|inactive|Time left: 300 sec this turn | 300 sec total\n|\n|t:|1783554678\n|move|p2a: Talonflame|Overheat|p1a: Articuno\n|-supereffective|p1a: Articuno\n|-damage|p1a: Articuno|125/295\n|-unboost|p2a: Talonflame|spa|2\n|move|p1a: Articuno|Brave Bird|p2a: Talonflame\n|-damage|p2a: Talonflame|47/100\n|-status|p1a: Articuno|brn|[from] ability: Flame Body|[of] p2a: Talonflame\n|-damage|p1a: Articuno|78/295 brn|[from] Recoil\n|\n|-damage|p1a: Articuno|60/295 brn|[from] brn\n|upkeep\n|turn|13\n|inactive|Time left: 300 sec this turn | 300 sec total\n|\n|t:|1783554679\n|move|p2a: Talonflame|Brave Bird|p1a: Articuno\n|-damage|p1a: Articuno|0 fnt\n|faint|p1a: Articuno\n|-damage|p2a: Talonflame|39/100|[from] Recoil\n|\n|upkeep\n|inactive|Time left: 300 sec this turn | 300 sec total | 5 sec grace\n|\n|t:|1783554680\n|switch|p1a: Lugia|Lugia, L73, tera:Ground|207/275\n|turn|14\n|inactive|Time left: 300 sec this turn | 300 sec total\n|\n|t:|1783554681\n|move|p2a: Talonflame|U-turn|p1a: Lugia\n|-damage|p1a: Lugia|172/275\n|\n|t:|1783554682\n|switch|p2a: Sawsbuck|Sawsbuck-Summer, L88, F|100/100|[from] U-turn\n|-damage|p2a: Sawsbuck|88/100|[from] Stealth Rock\n|-damage|p2a: Sawsbuck|76/100|[from] Spikes\n|move|p1a: Lugia|Calm Mind|p1a: Lugia\n|-boost|p1a: Lugia|spa|1\n|-boost|p1a: Lugia|spd|1\n|\n|upkeep\n|turn|15\n|inactive|Time left: 300 sec this turn | 300 sec total\n|\n|t:|1783554683\n|switch|p1a: Deoxys|Deoxys-Defense, L84|221/221\n|-ability|p1a: Deoxys|Pressure\n|move|p2a: Sawsbuck|Horn Leech|p1a: Deoxys\n|-damage|p1a: Deoxys|147/221\n|-heal|p2a: Sawsbuck|89/100|[from] drain|[of] p1a: Deoxys\n|-damage|p2a: Sawsbuck|79/100|[from] item: Life Orb\n|\n|-heal|p1a: Deoxys|160/221|[from] item: Leftovers\n|upkeep\n|turn|16\n|inactive|Time left: 300 sec this turn | 300 sec total\n|\n|t:|1783554684\n|move|p2a: Sawsbuck|Swords Dance|p2a: Sawsbuck\n|-boost|p2a: Sawsbuck|atk|2\n|move|p1a: Deoxys|Knock Off|p2a: Sawsbuck\n|-damage|p2a: Sawsbuck|58/100\n|-enditem|p2a: Sawsbuck|Life Orb|[from] move: Knock Off|[of] p1a: Deoxys\n|\n|-heal|p1a: Deoxys|173/221|[from] item: Leftovers\n|upkeep\n|turn|17\n|inactive|Time left: 300 sec this turn | 300 sec total\n|\n|t:|1783554685\n|move|p2a: Sawsbuck|Headbutt|p1a: Deoxys\n|-damage|p1a: Deoxys|73/221\n|move|p1a: Deoxys|Recover|p1a: Deoxys\n|-heal|p1a: Deoxys|184/221\n|\n|-heal|p1a: Deoxys|197/221|[from] item: Leftovers\n|upkeep\n|turn|18\n|inactive|Time left: 300 sec this turn | 300 sec total\n|\n|t:|1783554686\n|move|p2a: Sawsbuck|Horn Leech|p1a: Deoxys\n|-damage|p1a: Deoxys|88/221\n|-heal|p2a: Sawsbuck|77/100|[from] drain|[of] p1a: Deoxys\n|move|p1a: Deoxys|Recover|p1a: Deoxys\n|-heal|p1a: Deoxys|199/221\n|\n|-heal|p1a: Deoxys|212/221|[from] item: Leftovers\n|upkeep\n|turn|19\n|inactive|Time left: 300 sec this turn | 300 sec total\n|\n|t:|1783554687\n|move|p2a: Sawsbuck|Swords Dance|p2a: Sawsbuck\n|-boost|p2a: Sawsbuck|atk|2\n|move|p1a: Deoxys|Psychic Noise|p2a: Sawsbuck\n|-damage|p2a: Sawsbuck|53/100\n|-start|p2a: Sawsbuck|move: Heal Block\n|\n|-heal|p1a: Deoxys|221/221|[from] item: Leftovers\n|upkeep\n|turn|20\n|inactive|Time left: 300 sec this turn | 300 sec total\n|\n|t:|1783554688\n|move|p2a: Sawsbuck|Headbutt|p1a: Deoxys\n|-damage|p1a: Deoxys|64/221\n|move|p1a: Deoxys|Recover|p1a: Deoxys\n|-heal|p1a: Deoxys|175/221\n|\n|-heal|p1a: Deoxys|188/221|[from] item: Leftovers\n|-end|p2a: Sawsbuck|move: Heal Block\n|upkeep\n|turn|21\n|inactive|Time left: 300 sec this turn | 300 sec total\n|\n|t:|1783554689\n|move|p2a: Sawsbuck|Horn Leech|p1a: Deoxys\n|-crit|p1a: Deoxys\n|-damage|p1a: Deoxys|0 fnt\n|-heal|p2a: Sawsbuck|86/100|[from] drain|[of] p1a: Deoxys\n|faint|p1a: Deoxys\n|\n|upkeep\n|inactive|Time left: 300 sec this turn | 300 sec total | 5 sec grace\n|\n|t:|1783554690\n|switch|p1a: Lugia|Lugia, L73, tera:Ground|172/275\n|turn|22\n|inactive|Time left: 300 sec this turn | 300 sec total\n|\n|t:|1783554691\n|move|p2a: Sawsbuck|Headbutt|p1a: Lugia\n|-damage|p1a: Lugia|0 fnt\n|faint|p1a: Lugia\n|\n|win|p0y1264c253", "uploadtime": 1783554691, "views": 0, "rating": 0, "private": 0, "password": null, "_winner": "p0y1264c253", "_our_name": "p0x126442aa"}