{"id": "battle-gen9randombattle-169", "formatid": "gen9randombattle", "format": "[Gen 9] Random Battle", "players": ["p0x169c84c", "p0y16986bb"], "log": "|init|battle\n|title|p0x169c84c vs. p0y16986bb\n|j|\u2606p0x169c84c\n|j|\u2606p0y16986bb\n|t:|1783541551\n|gametype|singles\n|player|p1|p0x169c84c|265|\n|player|p2|p0y16986bb|169|\n|gen|9\n|tier|[Gen 9] Random Battle\n|rule|Species Clause: Limit one of each Pok\u00e9mon\n|rule|HP Percentage Mod: HP is shown in percentages\n|rule|Sleep Clause Mod: Limit one foe put to sleep\n|rule|Illusion Level Mod: Illusion disguises the Pok\u00e9mon's true level\n|\n|t:|1783541551\n|teamsize|p1|6\n|teamsize|p2|6\n|start\n|switch|p1a: Chesnaught|Chesnaught, L84, F|285/285\n|switch|p2a: Sneasler|Sneasler, L74, M|100/100\n|turn|1\n|inactive|Battle timer is ON: inactive players will automatically lose when time's up. (requested by p0y16986bb)\n|inactive|Time left: 300 sec this turn | 300 sec total | 60 sec grace\n|inactive|p0x169c84c also wants the timer to be on.\n|\n|t:|1783541552\n|move|p2a: Sneasler|Dire Claw|p1a: Chesnaught\n|-supereffective|p1a: Chesnaught\n|-damage|p1a: Chesnaught|87/285\n|-status|p1a: Chesnaught|par\n|move|p1a: Chesnaught|Trailblaze|p2a: Sneasler\n|-resisted|p2a: Sneasler\n|-damage|p2a: Sneasler|83/100\n|-boost|p1a: Chesnaught|spe|1\n|\n|-heal|p1a: Chesnaught|104/285 par|[from] item: Leftovers\n|upkeep\n|turn|2\n|inactive|Time left: 300 sec this turn | 300 sec total\n|\n|t:|1783541554\n|move|p2a: Sneasler|Dire Claw|p1a: Chesnaught\n|-supereffective|p1a: Chesnaught\n|-damage|p1a: Chesnaught|0 fnt\n|faint|p1a: Chesnaught\n|\n|upkeep\n|inactive|Time left: 300 sec this turn | 300 sec total | 5 sec grace\n|\n|t:|1783541555\n|switch|p1a: Inteleon|Inteleon, L81, F|246/246\n|turn|3\n|inactive|Time left: 300 sec this turn | 300 sec total\n|\n|t:|1783541556\n|move|p1a: Inteleon|Hydro Pump|p2a: Sneasler\n|-damage|p2a: Sneasler|0 fnt\n|faint|p2a: Sneasler\n|\n|upkeep\n|\n|t:|1783541557\n|switch|p2a: Baxcalibur|Baxcalibur, L75, F|100/100\n|turn|4\n|inactive|Time left: 300 sec this turn | 300 sec total\n|\n|t:|1783541558\n|move|p1a: Inteleon|Hydro Pump|p2a: Baxcalibur\n|-resisted|p2a: Baxcalibur\n|-damage|p2a: Baxcalibur|63/100\n|move|p2a: Baxcalibur|Glaive Rush|p1a: Inteleon\n|-damage|p1a: Inteleon|0 fnt\n|-singlemove|p2a: Baxcalibur|Glaive Rush|[silent]\n|faint|p1a: Inteleon\n|\n|upkeep\n|inactive|Time left: 300 sec this turn | 300 sec total | 5 sec grace\n|\n|t:|1783541559\n|switch|p1a: Tornadus|Tornadus, L82, M|263/263\n|turn|5\n|inactive|Time left: 300 sec this turn | 300 sec total\n|\n|t:|1783541560\n|move|p1a: Tornadus|Bleakwind Storm|p2a: Baxcalibur\n|-damage|p2a: Baxcalibur|0 fnt\n|faint|p2a: Baxcalibur\n|\n|upkeep\n|\n|t:|1783541561\n|switch|p2a: Azelf|Azelf, L82|100/100\n|turn|6\n|inactive|Time left: 300 sec this turn | 300 sec total\n|\n|t:|1783541562\n|move|p2a: Azelf|Psychic|p1a: Tornadus\n|-damage|p1a: Tornadus|143/263\n|move|p1a: Tornadus|Bleakwind Storm|p2a: Azelf\n|-damage|p2a: Azelf|42/100\n|\n|upkeep\n|turn|7\n|inactive|Time left: 300 sec this turn | 300 sec total\n|\n|t:|1783541563\n|move|p2a: Azelf|Psychic|p1a: Tornadus\n|-damage|p1a: Tornadus|31/263\n|move|p1a: Tornadus|Bleakwind Storm|p2a: Azelf\n|-damage|p2a: Azelf|0 fnt\n|faint|p2a: Azelf\n|\n|upkeep\n|\n|t:|1783541564\n|switch|p2a: Appletun|Appletun, L92, M|100/100\n|turn|8\n|inactive|Time left: 300 sec this turn | 300 sec total\n|\n|t:|1783541566\n|move|p1a: Tornadus|Bleakwind Storm|p2a: Appletun\n|-supereffective|p2a: Appletun\n|-crit|p2a: Appletun\n|-damage|p2a: Appletun|0 fnt\n|faint|p2a: Appletun\n|\n|upkeep\n|\n|t:|1783541566\n|switch|p2a: Iron Moth|Iron Moth, L78|100/100\n|turn|9\n|inactive|Time left: 300 sec this turn | 300 sec total\n|\n|t:|1783541567\n|move|p1a: Tornadus|Bleakwind Storm|p2a: Iron Moth\n|-damage|p2a: Iron Moth|33/100\n|move|p2a: Iron Moth|Energy Ball|p1a: Tornadus\n|-resisted|p1a: Tornadus\n|-damage|p1a: Tornadus|0 fnt\n|faint|p1a: Tornadus\n|\n|upkeep\n|inactive|Time left: 300 sec this turn | 300 sec total | 5 sec grace\n|\n|t:|1783541568\n|switch|p1a: Zangoose|Zangoose, L85, F|263/263\n|turn|10\n|inactive|Time left: 300 sec this turn | 300 sec total\n|\n|t:|1783541569\n|-end|p2a: Iron Moth|Quark Drive|[silent]\n|switch|p2a: Groudon|Groudon, L72|100/100\n|-weather|SunnyDay|[from] ability: Drought|[of] p2a: Groudon\n|-terastallize|p1a: Zangoose|Normal\n|move|p1a: Zangoose|Quick Attack|p2a: Groudon\n|-damage|p2a: Groudon|79/100\n|\n|-weather|SunnyDay|[upkeep]\n|-heal|p2a: Groudon|85/100|[from] item: Leftovers\n|-status|p1a: Zangoose|tox|[from] item: Toxic Orb\n|upkeep\n|turn|11\n|inactive|Time left: 300 sec this turn | 300 sec total\n|\n|t:|1783541570\n|-terastallize|p2a: Groudon|Fire\n|move|p1a: Zangoose|Facade|p2a: Groudon\n|-damage|p2a: Groudon|0 fnt\n|faint|p2a: Groudon\n|\n|-weather|SunnyDay|[upkeep]\n|-damage|p1a: Zangoose|247/263 tox|[from] psn\n|upkeep\n|\n|t:|1783541571\n|switch|p2a: Iron Moth|Iron Moth, L78|33/100\n|turn|12\n|inactive|Time left: 300 sec this turn | 300 sec total\n|\n|t:|1783541571\n|move|p1a: Zangoose|Quick Attack|p2a: Iron Moth\n|-damage|p2a: Iron Moth|0 fnt\n|faint|p2a: Iron Moth\n|-end|p2a: Iron Moth|Quark Drive|[silent]\n|\n|win|p0x169c84c", "uploadtime": 1783541571, "views": 0, "rating": 0, "private": 0, "password": null, "_winner": "p0x169c84c", "_our_name": "p0x169c84c"}