{"id": "battle-gen9randombattle-2314", "formatid": "gen9randombattle", "format": "[Gen 9] Random Battle", "players": ["p0x231445d9", "p0y23149189"], "log": "|init|battle\n|title|p0x231445d9 vs. p0y23149189\n|j|\u2606p0x231445d9\n|j|\u2606p0y23149189\n|t:|1783566871\n|gametype|singles\n|player|p1|p0x231445d9|266|\n|player|p2|p0y23149189|102|\n|gen|9\n|tier|[Gen 9] Random Battle\n|rule|Species Clause: Limit one of each Pok\u00e9mon\n|rule|HP Percentage Mod: HP is shown in percentages\n|rule|Sleep Clause Mod: Limit one foe put to sleep\n|rule|Illusion Level Mod: Illusion disguises the Pok\u00e9mon's true level\n|\n|t:|1783566871\n|teamsize|p1|6\n|teamsize|p2|6\n|start\n|switch|p1a: Meowstic|Meowstic-F, L89, F|100/100\n|switch|p2a: Skeledirge|Skeledirge, L79, F|294/294\n|turn|1\n|inactive|Battle timer is ON: inactive players will automatically lose when time's up. (requested by p0y23149189)\n|inactive|p0x231445d9 also wants the timer to be on.\n|\n|t:|1783566873\n|switch|p1a: Grimmsnarl|Grimmsnarl, L83, M|100/100\n|move|p2a: Skeledirge|Torch Song|p1a: Grimmsnarl\n|-damage|p1a: Grimmsnarl|68/100\n|-boost|p2a: Skeledirge|spa|1\n|\n|upkeep\n|turn|2\n|inactive|Time left: 300 sec this turn | 300 sec total\n|\n|t:|1783566874\n|move|p1a: Grimmsnarl|Light Screen|p1a: Grimmsnarl\n|-sidestart|p1: p0x231445d9|move: Light Screen\n|move|p2a: Skeledirge|Torch Song|p1a: Grimmsnarl\n|-damage|p1a: Grimmsnarl|46/100\n|-boost|p2a: Skeledirge|spa|1\n|\n|upkeep\n|turn|3\n|inactive|Time left: 300 sec this turn | 300 sec total\n|\n|t:|1783566875\n|move|p1a: Grimmsnarl|Parting Shot|p2a: Skeledirge\n|-unboost|p2a: Skeledirge|atk|1\n|-unboost|p2a: Skeledirge|spa|1\n|\n|t:|1783566876\n|switch|p1a: Vespiquen|Vespiquen, L99, F|100/100|[from] Parting Shot\n|-ability|p1a: Vespiquen|Pressure\n|move|p2a: Skeledirge|Torch Song|p1a: Vespiquen\n|-supereffective|p1a: Vespiquen\n|-damage|p1a: Vespiquen|68/100\n|-boost|p2a: Skeledirge|spa|1\n|\n|upkeep\n|turn|4\n|inactive|Time left: 300 sec this turn | 300 sec total\n|\n|t:|1783566878\n|move|p2a: Skeledirge|Torch Song|p1a: Vespiquen\n|-supereffective|p1a: Vespiquen\n|-damage|p1a: Vespiquen|23/100\n|-boost|p2a: Skeledirge|spa|1\n|move|p1a: Vespiquen|Roost|p1a: Vespiquen\n|-heal|p1a: Vespiquen|73/100\n|-singleturn|p1a: Vespiquen|move: Roost\n|\n|upkeep\n|turn|5\n|inactive|Time left: 300 sec this turn | 300 sec total\n|\n|t:|1783566878\n|move|p2a: Skeledirge|Torch Song|p1a: Vespiquen\n|-supereffective|p1a: Vespiquen\n|-damage|p1a: Vespiquen|25/100\n|-boost|p2a: Skeledirge|spa|1\n|move|p1a: Vespiquen|Roost|p1a: Vespiquen\n|-heal|p1a: Vespiquen|75/100\n|-singleturn|p1a: Vespiquen|move: Roost\n|\n|upkeep\n|turn|6\n|inactive|Time left: 300 sec this turn | 300 sec total\n|\n|t:|1783566879\n|move|p2a: Skeledirge|Torch Song|p1a: Vespiquen\n|-supereffective|p1a: Vespiquen\n|-damage|p1a: Vespiquen|9/100\n|-boost|p2a: Skeledirge|spa|1\n|move|p1a: Vespiquen|Toxic|p2a: Skeledirge\n|-status|p2a: Skeledirge|tox\n|\n|-damage|p2a: Skeledirge|276/294 tox|[from] psn\n|upkeep\n|turn|7\n|inactive|Time left: 300 sec this turn | 300 sec total\n|\n|t:|1783566880\n|move|p2a: Skeledirge|Torch Song|p1a: Vespiquen\n|-supereffective|p1a: Vespiquen\n|-damage|p1a: Vespiquen|0 fnt\n|-boost|p2a: Skeledirge|spa|1\n|faint|p1a: Vespiquen\n|\n|-damage|p2a: Skeledirge|240/294 tox|[from] psn\n|upkeep\n|\n|t:|1783566881\n|switch|p1a: Cyclizar|Cyclizar, L84, F|100/100\n|turn|8\n|inactive|Time left: 300 sec this turn | 300 sec total\n|\n|t:|1783566882\n|move|p1a: Cyclizar|Draco Meteor|p2a: Skeledirge|[miss]\n|-miss|p1a: Cyclizar|p2a: Skeledirge\n|move|p2a: Skeledirge|Torch Song|p1a: Cyclizar\n|-resisted|p1a: Cyclizar\n|-damage|p1a: Cyclizar|60/100\n|\n|-damage|p2a: Skeledirge|186/294 tox|[from] psn\n|upkeep\n|turn|9\n|inactive|Time left: 300 sec this turn | 300 sec total\n|\n|t:|1783566883\n|move|p1a: Cyclizar|Draco Meteor|p2a: Skeledirge\n|-damage|p2a: Skeledirge|44/294 tox\n|-unboost|p1a: Cyclizar|spa|2\n|move|p2a: Skeledirge|Torch Song|p1a: Cyclizar\n|-resisted|p1a: Cyclizar\n|-damage|p1a: Cyclizar|17/100\n|\n|-damage|p2a: Skeledirge|0 fnt|[from] psn\n|faint|p2a: Skeledirge\n|-sideend|p1: p0x231445d9|move: Light Screen\n|upkeep\n|inactive|Time left: 300 sec this turn | 300 sec total | 5 sec grace\n|\n|t:|1783566884\n|switch|p2a: Noctowl|Noctowl, L95, M|344/344\n|turn|10\n|inactive|Time left: 300 sec this turn | 300 sec total\n|\n|t:|1783566885\n|switch|p1a: Glaceon|Glaceon, L94, F|100/100\n|move|p2a: Noctowl|Hurricane|p1a: Glaceon\n|-damage|p1a: Glaceon|59/100\n|-start|p1a: Glaceon|confusion\n|\n|upkeep\n|turn|11\n|inactive|Time left: 300 sec this turn | 300 sec total\n|\n|t:|1783566886\n|move|p2a: Noctowl|Calm Mind|p2a: Noctowl\n|-boost|p2a: Noctowl|spa|1\n|-boost|p2a: Noctowl|spd|1\n|-activate|p1a: Glaceon|confusion\n|move|p1a: Glaceon|Freeze-Dry|p2a: Noctowl\n|-supereffective|p2a: Noctowl\n|-damage|p2a: Noctowl|228/344\n|\n|upkeep\n|turn|12\n|inactive|Time left: 300 sec this turn | 300 sec total\n|\n|t:|1783566887\n|move|p2a: Noctowl|Hyper Voice|p1a: Glaceon\n|-damage|p1a: Glaceon|6/100\n|-activate|p1a: Glaceon|confusion\n|move|p1a: Glaceon|Freeze-Dry|p2a: Noctowl\n|-supereffective|p2a: Noctowl\n|-damage|p2a: Noctowl|100/344\n|\n|upkeep\n|turn|13\n|inactive|Time left: 300 sec this turn | 300 sec total\n|\n|t:|1783566888\n|switch|p1a: Grimmsnarl|Grimmsnarl, L83, M|46/100\n|move|p2a: Noctowl|Roost|p2a: Noctowl\n|-heal|p2a: Noctowl|272/344\n|-singleturn|p2a: Noctowl|move: Roost\n|\n|upkeep\n|turn|14\n|inactive|Time left: 300 sec this turn | 300 sec total\n|\n|t:|1783566889\n|move|p1a: Grimmsnarl|Light Screen|p1a: Grimmsnarl\n|-sidestart|p1: p0x231445d9|move: Light Screen\n|move|p2a: Noctowl|Hyper Voice|p1a: Grimmsnarl\n|-damage|p1a: Grimmsnarl|13/100\n|\n|upkeep\n|turn|15\n|inactive|Time left: 300 sec this turn | 300 sec total\n|\n|t:|1783566890\n|move|p1a: Grimmsnarl|Parting Shot|p2a: Noctowl\n|-unboost|p2a: Noctowl|atk|1\n|-unboost|p2a: Noctowl|spa|1\n|\n|t:|1783566891\n|switch|p1a: Latias|Latias, L79, F|100/100|[from] Parting Shot\n|move|p2a: Noctowl|Hyper Voice|p1a: Latias\n|-damage|p1a: Latias|83/100\n|\n|upkeep\n|turn|16\n|inactive|Time left: 300 sec this turn | 300 sec total\n|\n|t:|1783566892\n|move|p1a: Latias|Calm Mind|p1a: Latias\n|-boost|p1a: Latias|spa|1\n|-boost|p1a: Latias|spd|1\n|move|p2a: Noctowl|Calm Mind|p2a: Noctowl\n|-boost|p2a: Noctowl|spa|1\n|-boost|p2a: Noctowl|spd|1\n|\n|upkeep\n|turn|17\n|inactive|Time left: 300 sec this turn | 300 sec total\n|\n|t:|1783566893\n|move|p1a: Latias|Psyshock|p2a: Noctowl\n|-damage|p2a: Noctowl|70/344\n|move|p2a: Noctowl|Roost|p2a: Noctowl\n|-heal|p2a: Noctowl|242/344\n|-singleturn|p2a: Noctowl|move: Roost\n|\n|upkeep\n|turn|18\n|inactive|Time left: 300 sec this turn | 300 sec total\n|\n|t:|1783566894\n|move|p1a: Latias|Psyshock|p2a: Noctowl\n|-damage|p2a: Noctowl|46/344\n|move|p2a: Noctowl|Roost|p2a: Noctowl\n|-heal|p2a: Noctowl|218/344\n|-singleturn|p2a: Noctowl|move: Roost\n|\n|upkeep\n|turn|19\n|inactive|Time left: 300 sec this turn | 300 sec total\n|\n|t:|1783566895\n|move|p1a: Latias|Psyshock|p2a: Noctowl\n|-damage|p2a: Noctowl|31/344\n|move|p2a: Noctowl|Roost|p2a: Noctowl\n|-heal|p2a: Noctowl|203/344\n|-singleturn|p2a: Noctowl|move: Roost\n|\n|upkeep\n|turn|20\n|inactive|Time left: 300 sec this turn | 300 sec total\n|\n|t:|1783566896\n|move|p1a: Latias|Psyshock|p2a: Noctowl\n|-damage|p2a: Noctowl|4/344\n|move|p2a: Noctowl|Roost|p2a: Noctowl\n|-heal|p2a: Noctowl|176/344\n|-singleturn|p2a: Noctowl|move: Roost\n|\n|upkeep\n|turn|21\n|inactive|Time left: 300 sec this turn | 300 sec total\n|\n|t:|1783566897\n|switch|p2a: Quagsire|Quagsire, L84, F|297/297\n|move|p1a: Latias|Psyshock|p2a: Quagsire\n|-damage|p2a: Quagsire|186/297\n|\n|-heal|p2a: Quagsire|204/297|[from] item: Leftovers\n|-sideend|p1: p0x231445d9|move: Light Screen\n|upkeep\n|turn|22\n|inactive|Time left: 300 sec this turn | 300 sec total\n|\n|t:|1783566899\n|move|p1a: Latias|Psyshock|p2a: Quagsire\n|-damage|p2a: Quagsire|111/297\n|move|p2a: Quagsire|Toxic|p1a: Latias\n|-status|p1a: Latias|tox\n|\n|-heal|p2a: Quagsire|129/297|[from] item: Leftovers\n|-damage|p1a: Latias|77/100 tox|[from] psn\n|upkeep\n|turn|23\n|inactive|Time left: 300 sec this turn | 300 sec total\n|\n|t:|1783566899\n|move|p1a: Latias|Draco Meteor|p2a: Quagsire\n|-damage|p2a: Quagsire|0 fnt\n|-unboost|p1a: Latias|spa|2\n|faint|p2a: Quagsire\n|\n|-damage|p1a: Latias|64/100 tox|[from] psn\n|upkeep\n|inactive|Time left: 300 sec this turn | 300 sec total | 5 sec grace\n|\n|t:|1783566901\n|switch|p2a: Noctowl|Noctowl, L95, M|176/344\n|turn|24\n|inactive|Time left: 300 sec this turn | 300 sec total\n|\n|t:|1783566902\n|switch|p1a: Grimmsnarl|Grimmsnarl, L83, M|13/100\n|move|p2a: Noctowl|Roost|p2a: Noctowl\n|-heal|p2a: Noctowl|344/344\n|-singleturn|p2a: Noctowl|move: Roost\n|\n|upkeep\n|turn|25\n|inactive|Time left: 300 sec this turn | 300 sec total\n|\n|t:|1783566903\n|move|p1a: Grimmsnarl|Light Screen|p1a: Grimmsnarl\n|-sidestart|p1: p0x231445d9|move: Light Screen\n|move|p2a: Noctowl|Hyper Voice|p1a: Grimmsnarl\n|-damage|p1a: Grimmsnarl|0 fnt\n|faint|p1a: Grimmsnarl\n|\n|upkeep\n|\n|t:|1783566904\n|switch|p1a: Meowstic|Meowstic-F, L89, F|100/100\n|turn|26\n|inactive|Time left: 300 sec this turn | 300 sec total\n|\n|t:|1783566905\n|move|p1a: Meowstic|Nasty Plot|p1a: Meowstic\n|-boost|p1a: Meowstic|spa|2\n|move|p2a: Noctowl|Calm Mind|p2a: Noctowl\n|-boost|p2a: Noctowl|spa|1\n|-boost|p2a: Noctowl|spd|1\n|\n|upkeep\n|turn|27\n|inactive|Time left: 300 sec this turn | 300 sec total\n|\n|t:|1783566905\n|move|p1a: Meowstic|Psyshock|p2a: Noctowl\n|-damage|p2a: Noctowl|36/344\n|-damage|p1a: Meowstic|91/100|[from] item: Life Orb\n|move|p2a: Noctowl|Calm Mind|p2a: Noctowl\n|-boost|p2a: Noctowl|spa|1\n|-boost|p2a: Noctowl|spd|1\n|\n|upkeep\n|turn|28\n|inactive|Time left: 300 sec this turn | 300 sec total\n|\n|t:|1783566906\n|switch|p2a: Dondozo|Dondozo, L78, F|362/362\n|move|p1a: Meowstic|Psyshock|p2a: Dondozo\n|-damage|p2a: Dondozo|268/362\n|-damage|p1a: Meowstic|81/100|[from] item: Life Orb\n|\n|-heal|p2a: Dondozo|290/362|[from] item: Leftovers\n|upkeep\n|turn|29\n|inactive|Time left: 300 sec this turn | 300 sec total\n|\n|t:|1783566907\n|-terastallize|p1a: Meowstic|Electric\n|-terastallize|p2a: Dondozo|Fairy\n|move|p1a: Meowstic|Thunderbolt|p2a: Dondozo\n|-damage|p2a: Dondozo|122/362\n|-damage|p1a: Meowstic|71/100|[from] item: Life Orb\n|move|p2a: Dondozo|Wave Crash|p1a: Meowstic\n|-damage|p1a: Meowstic|29/100\n|-damage|p2a: Dondozo|83/362|[from] Recoil\n|\n|-heal|p2a: Dondozo|105/362|[from] item: Leftovers\n|upkeep\n|turn|30\n|inactive|Time left: 300 sec this turn | 300 sec total\n|\n|t:|1783566908\n|move|p1a: Meowstic|Thunderbolt|p2a: Dondozo\n|-damage|p2a: Dondozo|0 fnt\n|faint|p2a: Dondozo\n|-damage|p1a: Meowstic|19/100|[from] item: Life Orb\n|\n|upkeep\n|inactive|Time left: 300 sec this turn | 300 sec total | 5 sec grace\n|\n|t:|1783566909\n|switch|p2a: Slowbro|Slowbro-Galar, L87, M|307/307\n|turn|31\n|inactive|Time left: 300 sec this turn | 300 sec total\n|\n|t:|1783566910\n|move|p1a: Meowstic|Thunderbolt|p2a: Slowbro\n|-damage|p2a: Slowbro|44/307\n|-damage|p1a: Meowstic|9/100|[from] item: Life Orb\n|move|p2a: Slowbro|Shell Side Arm|p1a: Meowstic|[anim] Shell Side Arm Physical\n|-damage|p1a: Meowstic|0 fnt\n|-hint|Physical Shell Side Arm\n|faint|p1a: Meowstic\n|\n|-heal|p2a: Slowbro|63/307|[from] item: Leftovers\n|upkeep\n|\n|t:|1783566911\n|switch|p1a: Latias|Latias, L79, F|64/100 tox\n|turn|32\n|inactive|Time left: 300 sec this turn | 300 sec total\n|\n|t:|1783566912\n|switch|p2a: Heatran|Heatran, L79, M|273/273\n|-item|p2a: Heatran|Air Balloon\n|move|p1a: Latias|Psyshock|p2a: Heatran\n|-resisted|p2a: Heatran\n|-damage|p2a: Heatran|228/273\n|-enditem|p2a: Heatran|Air Balloon\n|\n|-damage|p1a: Latias|58/100 tox|[from] psn\n|-sideend|p1: p0x231445d9|move: Light Screen\n|upkeep\n|turn|33\n|inactive|Time left: 300 sec this turn | 300 sec total\n|\n|t:|1783566913\n|move|p1a: Latias|Recover|p1a: Latias\n|-heal|p1a: Latias|100/100 tox\n|move|p2a: Heatran|Heavy Slam|p1a: Latias\n|-damage|p1a: Latias|58/100 tox\n|\n|-damage|p1a: Latias|46/100 tox|[from] psn\n|upkeep\n|turn|34\n|inactive|Time left: 300 sec this turn | 300 sec total\n|\n|t:|1783566914\n|move|p1a: Latias|Recover|p1a: Latias\n|-heal|p1a: Latias|96/100 tox\n|move|p2a: Heatran|Heavy Slam|p1a: Latias\n|-damage|p1a: Latias|49/100 tox\n|\n|-damage|p1a: Latias|30/100 tox|[from] psn\n|upkeep\n|turn|35\n|inactive|Time left: 300 sec this turn | 300 sec total\n|\n|t:|1783566915\n|move|p1a: Latias|Recover|p1a: Latias\n|-heal|p1a: Latias|80/100 tox\n|move|p2a: Heatran|Heavy Slam|p1a: Latias\n|-damage|p1a: Latias|33/100 tox\n|\n|-damage|p1a: Latias|8/100 tox|[from] psn\n|upkeep\n|turn|36\n|inactive|Time left: 300 sec this turn | 300 sec total\n|\n|t:|1783566917\n|move|p1a: Latias|Draco Meteor|p2a: Heatran\n|-resisted|p2a: Heatran\n|-damage|p2a: Heatran|159/273\n|-unboost|p1a: Latias|spa|2\n|move|p2a: Heatran|Heavy Slam|p1a: Latias\n|-damage|p1a: Latias|0 fnt\n|faint|p1a: Latias\n|\n|upkeep\n|\n|t:|1783566918\n|switch|p1a: Cyclizar|Cyclizar, L84, F|51/100\n|turn|37\n|inactive|Time left: 300 sec this turn | 300 sec total\n|\n|t:|1783566919\n|move|p1a: Cyclizar|Shed Tail|p1a: Cyclizar\n|-fail|p1a: Cyclizar|move: Shed Tail|[weak]\n|move|p2a: Heatran|Heavy Slam|p1a: Cyclizar\n|-damage|p1a: Cyclizar|2/100\n|\n|upkeep\n|turn|38\n|inactive|Time left: 300 sec this turn | 300 sec total\n|\n|t:|1783566920\n|move|p1a: Cyclizar|Draco Meteor|p2a: Heatran\n|-resisted|p2a: Heatran\n|-damage|p2a: Heatran|107/273\n|-unboost|p1a: Cyclizar|spa|2\n|move|p2a: Heatran|Earth Power|p1a: Cyclizar\n|-damage|p1a: Cyclizar|0 fnt\n|faint|p1a: Cyclizar\n|\n|upkeep\n|\n|t:|1783566921\n|switch|p1a: Glaceon|Glaceon, L94, F|6/100\n|turn|39\n|inactive|Time left: 300 sec this turn | 300 sec total\n|\n|t:|1783566921\n|move|p1a: Glaceon|Freeze-Dry|p2a: Heatran\n|-resisted|p2a: Heatran\n|-damage|p2a: Heatran|81/273\n|move|p2a: Heatran|Earth Power|p1a: Glaceon\n|-damage|p1a: Glaceon|0 fnt\n|faint|p1a: Glaceon\n|\n|win|p0y23149189", "uploadtime": 1783566921, "views": 0, "rating": 0, "private": 0, "password": null, "_winner": "p0y23149189", "_our_name": "p0y23149189"}