{"id": "battle-gen9randombattle-1683", "formatid": "gen9randombattle", "format": "[Gen 9] Random Battle", "players": ["p0x16838c2e", "p0y16838bb2"], "log": "|init|battle\n|title|p0x16838c2e vs. p0y16838bb2\n|j|\u2606p0x16838c2e\n|j|\u2606p0y16838bb2\n|t:|1783558731\n|gametype|singles\n|player|p1|p0x16838c2e|101|\n|player|p2|p0y16838bb2|169|\n|gen|9\n|tier|[Gen 9] Random Battle\n|rule|Species Clause: Limit one of each Pok\u00e9mon\n|rule|HP Percentage Mod: HP is shown in percentages\n|rule|Sleep Clause Mod: Limit one foe put to sleep\n|rule|Illusion Level Mod: Illusion disguises the Pok\u00e9mon's true level\n|\n|t:|1783558731\n|teamsize|p1|6\n|teamsize|p2|6\n|start\n|switch|p1a: Minun|Minun, L95, F|100/100\n|switch|p2a: Inteleon|Inteleon, L81, M|246/246\n|turn|1\n|inactive|Battle timer is ON: inactive players will automatically lose when time's up. (requested by p0x16838c2e)\n|inactive|Time left: 300 sec this turn | 300 sec total | 60 sec grace\n|inactive|p0y16838bb2 also wants the timer to be on.\n|\n|t:|1783558733\n|move|p2a: Inteleon|Scald|p1a: Minun\n|-damage|p1a: Minun|48/100\n|move|p1a: Minun|Thunderbolt|p2a: Inteleon\n|-supereffective|p2a: Inteleon\n|-damage|p2a: Inteleon|0 fnt\n|faint|p2a: Inteleon\n|-damage|p1a: Minun|38/100|[from] item: Life Orb\n|\n|upkeep\n|inactive|Time left: 300 sec this turn | 300 sec total | 65 sec grace\n|\n|t:|1783558734\n|switch|p2a: Gardevoir|Gardevoir, L83, F|249/249\n|-ability|p2a: Gardevoir|Volt Absorb|Trace|[from] ability: Trace|[of] p1a: Minun\n|turn|2\n|inactive|Time left: 300 sec this turn | 300 sec total\n|\n|t:|1783558735\n|switch|p1a: Iron Treads|Iron Treads, L77|100/100\n|move|p2a: Gardevoir|Moonblast|p1a: Iron Treads\n|-resisted|p1a: Iron Treads\n|-damage|p1a: Iron Treads|65/100\n|-damage|p2a: Gardevoir|225/249|[from] item: Life Orb\n|\n|-heal|p1a: Iron Treads|71/100|[from] item: Leftovers\n|upkeep\n|turn|3\n|inactive|Time left: 300 sec this turn | 300 sec total\n|\n|t:|1783558737\n|move|p1a: Iron Treads|Iron Head|p2a: Gardevoir\n|-supereffective|p2a: Gardevoir\n|-damage|p2a: Gardevoir|31/249\n|move|p2a: Gardevoir|Mystical Fire|p1a: Iron Treads\n|-supereffective|p1a: Iron Treads\n|-damage|p1a: Iron Treads|0 fnt\n|faint|p1a: Iron Treads\n|-end|p1a: Iron Treads|Quark Drive|[silent]\n|-damage|p2a: Gardevoir|7/249|[from] item: Life Orb\n|\n|upkeep\n|\n|t:|1783558738\n|switch|p1a: Heracross|Heracross, L80, F|100/100\n|turn|4\n|inactive|Time left: 300 sec this turn | 300 sec total\n|\n|t:|1783558739\n|switch|p2a: Venusaur|Venusaur, L84, M|272/272\n|move|p1a: Heracross|Megahorn|p2a: Venusaur\n|-damage|p2a: Venusaur|110/272\n|\n|-heal|p2a: Venusaur|127/272|[from] item: Leftovers\n|upkeep\n|turn|5\n|inactive|Time left: 300 sec this turn | 300 sec total\n|\n|t:|1783558740\n|switch|p2a: Tornadus|Tornadus-Therian, L79, M|254/254\n|move|p1a: Heracross|Megahorn|p2a: Tornadus\n|-resisted|p2a: Tornadus\n|-damage|p2a: Tornadus|178/254\n|\n|upkeep\n|turn|6\n|inactive|Time left: 300 sec this turn | 300 sec total\n|\n|t:|1783558742\n|move|p1a: Heracross|Megahorn|p2a: Tornadus|[miss]\n|-miss|p1a: Heracross|p2a: Tornadus\n|move|p2a: Tornadus|Bleakwind Storm|p1a: Heracross\n|-supereffective|p1a: Heracross\n|-damage|p1a: Heracross|0 fnt\n|faint|p1a: Heracross\n|\n|upkeep\n|\n|t:|1783558743\n|switch|p1a: Iron Bundle|Iron Bundle, L78|100/100\n|turn|7\n|inactive|Time left: 300 sec this turn | 300 sec total\n|\n|t:|1783558744\n|switch|p2a: Lapras|Lapras, L87, F|367/367\n|move|p1a: Iron Bundle|Ice Beam|p2a: Lapras\n|-resisted|p2a: Lapras\n|-damage|p2a: Lapras|343/367\n|\n|upkeep\n|turn|8\n|inactive|Time left: 300 sec this turn | 300 sec total\n|\n|t:|1783558745\n|move|p1a: Iron Bundle|Freeze-Dry|p2a: Lapras\n|-damage|p2a: Lapras|271/367\n|move|p2a: Lapras|Freeze-Dry|p1a: Iron Bundle\n|-damage|p1a: Iron Bundle|26/100\n|\n|upkeep\n|turn|9\n|inactive|Time left: 300 sec this turn | 300 sec total\n|\n|t:|1783558746\n|move|p1a: Iron Bundle|Freeze-Dry|p2a: Lapras\n|-crit|p2a: Lapras\n|-damage|p2a: Lapras|154/367\n|move|p2a: Lapras|Freeze-Dry|p1a: Iron Bundle\n|-damage|p1a: Iron Bundle|0 fnt\n|faint|p1a: Iron Bundle\n|-end|p1a: Iron Bundle|Quark Drive|[silent]\n|\n|upkeep\n|\n|t:|1783558747\n|switch|p1a: Kingdra|Kingdra, L84, M|100/100\n|turn|10\n|inactive|Time left: 300 sec this turn | 300 sec total\n|\n|t:|1783558748\n|-terastallize|p1a: Kingdra|Steel\n|move|p1a: Kingdra|Dragon Dance|p1a: Kingdra\n|-boost|p1a: Kingdra|atk|1\n|-boost|p1a: Kingdra|spe|1\n|move|p2a: Lapras|Freeze-Dry|p1a: Kingdra\n|-resisted|p1a: Kingdra\n|-damage|p1a: Kingdra|81/100\n|\n|upkeep\n|turn|11\n|inactive|Time left: 300 sec this turn | 300 sec total\n|\n|t:|1783558749\n|switch|p2a: Gardevoir|Gardevoir, L83, F|7/249\n|-ability|p2a: Gardevoir|Sniper|Trace|[from] ability: Trace|[of] p1a: Kingdra\n|move|p1a: Kingdra|Dragon Dance|p1a: Kingdra\n|-boost|p1a: Kingdra|atk|1\n|-boost|p1a: Kingdra|spe|1\n|\n|upkeep\n|turn|12\n|inactive|Time left: 300 sec this turn | 300 sec total\n|\n|t:|1783558749\n|move|p1a: Kingdra|Iron Head|p2a: Gardevoir\n|-supereffective|p2a: Gardevoir\n|-damage|p2a: Gardevoir|0 fnt\n|faint|p2a: Gardevoir\n|\n|upkeep\n|inactive|Time left: 300 sec this turn | 300 sec total | 5 sec grace\n|\n|t:|1783558750\n|switch|p2a: Venusaur|Venusaur, L84, M|127/272\n|turn|13\n|inactive|Time left: 300 sec this turn | 300 sec total\n|\n|t:|1783558751\n|-terastallize|p2a: Venusaur|Steel\n|move|p1a: Kingdra|Outrage|p2a: Venusaur\n|-resisted|p2a: Venusaur\n|-damage|p2a: Venusaur|7/272\n|move|p2a: Venusaur|Synthesis|p2a: Venusaur\n|-heal|p2a: Venusaur|143/272\n|\n|-heal|p2a: Venusaur|160/272|[from] item: Leftovers\n|upkeep\n|turn|14\n|inactive|Time left: 300 sec this turn | 300 sec total\n|\n|t:|1783558753\n|move|p1a: Kingdra|Outrage|p2a: Venusaur|[from] lockedmove\n|-resisted|p2a: Venusaur\n|-damage|p2a: Venusaur|20/272\n|move|p2a: Venusaur|Synthesis|p2a: Venusaur\n|-heal|p2a: Venusaur|156/272\n|\n|-heal|p2a: Venusaur|173/272|[from] item: Leftovers\n|upkeep\n|turn|15\n|inactive|Time left: 300 sec this turn | 300 sec total\n|\n|t:|1783558754\n|move|p1a: Kingdra|Outrage|p2a: Venusaur|[from] lockedmove\n|-resisted|p2a: Venusaur\n|-damage|p2a: Venusaur|46/272\n|-start|p1a: Kingdra|confusion|[fatigue]\n|-enditem|p1a: Kingdra|Lum Berry|[eat]\n|-end|p1a: Kingdra|confusion\n|move|p2a: Venusaur|Synthesis|p2a: Venusaur\n|-heal|p2a: Venusaur|182/272\n|\n|-heal|p2a: Venusaur|199/272|[from] item: Leftovers\n|upkeep\n|turn|16\n|inactive|Time left: 300 sec this turn | 300 sec total\n|\n|t:|1783558755\n|move|p1a: Kingdra|Wave Crash|p2a: Venusaur\n|-damage|p2a: Venusaur|0 fnt\n|faint|p2a: Venusaur\n|-damage|p1a: Kingdra|56/100|[from] Recoil\n|\n|upkeep\n|inactive|Time left: 300 sec this turn | 300 sec total | 5 sec grace\n|\n|t:|1783558756\n|switch|p2a: Tornadus|Tornadus-Therian, L79, M|254/254\n|turn|17\n|inactive|Time left: 300 sec this turn | 300 sec total\n|\n|t:|1783558757\n|switch|p2a: Lapras|Lapras, L87, F|154/367\n|move|p1a: Kingdra|Outrage|p2a: Lapras\n|-damage|p2a: Lapras|0 fnt\n|faint|p2a: Lapras\n|\n|upkeep\n|inactive|Time left: 300 sec this turn | 300 sec total | 5 sec grace\n|\n|t:|1783558758\n|switch|p2a: Darkrai|Darkrai, L77|234/234\n|turn|18\n|inactive|Time left: 300 sec this turn | 300 sec total\n|\n|t:|1783558758\n|switch|p2a: Tornadus|Tornadus-Therian, L79, M|254/254\n|move|p1a: Kingdra|Outrage|p2a: Tornadus|[from] lockedmove\n|-damage|p2a: Tornadus|0 fnt\n|faint|p2a: Tornadus\n|\n|upkeep\n|inactive|Time left: 300 sec this turn | 300 sec total | 5 sec grace\n|\n|t:|1783558759\n|switch|p2a: Darkrai|Darkrai, L77|234/234\n|turn|19\n|inactive|Time left: 300 sec this turn | 300 sec total\n|\n|t:|1783558760\n|move|p1a: Kingdra|Outrage|p2a: Darkrai|[from] lockedmove\n|-damage|p2a: Darkrai|0 fnt\n|faint|p2a: Darkrai\n|-start|p1a: Kingdra|confusion|[fatigue]\n|\n|win|p0x16838c2e", "uploadtime": 1783558760, "views": 0, "rating": 0, "private": 0, "password": null, "_winner": "p0x16838c2e", "_our_name": "p0y16838bb2"}