{"id": "battle-gen9randombattle-2518", "formatid": "gen9randombattle", "format": "[Gen 9] Random Battle", "players": ["p0x25186c31", "p0y2518f823"], "log": "|init|battle\n|title|p0x25186c31 vs. p0y2518f823\n|j|\u2606p0x25186c31\n|j|\u2606p0y2518f823\n|t:|1783568188\n|gametype|singles\n|player|p1|p0x25186c31|170|\n|player|p2|p0y2518f823|1|\n|gen|9\n|tier|[Gen 9] Random Battle\n|rule|Species Clause: Limit one of each Pok\u00e9mon\n|rule|HP Percentage Mod: HP is shown in percentages\n|rule|Sleep Clause Mod: Limit one foe put to sleep\n|rule|Illusion Level Mod: Illusion disguises the Pok\u00e9mon's true level\n|\n|t:|1783568188\n|teamsize|p1|6\n|teamsize|p2|6\n|start\n|switch|p1a: Sawsbuck|Sawsbuck-Autumn, L88, M|284/284\n|switch|p2a: Espeon|Espeon, L84, M|100/100\n|turn|1\n|inactive|Battle timer is ON: inactive players will automatically lose when time's up. (requested by p0y2518f823)\n|inactive|Time left: 300 sec this turn | 300 sec total | 60 sec grace\n|\n|t:|1783568189\n|move|p2a: Espeon|Psyshock|p1a: Sawsbuck\n|-damage|p1a: Sawsbuck|138/284\n|-damage|p2a: Espeon|91/100|[from] item: Life Orb\n|move|p1a: Sawsbuck|Double-Edge|p2a: Espeon\n|-damage|p2a: Espeon|0 fnt\n|faint|p2a: Espeon\n|-damage|p1a: Sawsbuck|65/284|[from] Recoil\n|-damage|p1a: Sawsbuck|37/284|[from] item: Life Orb\n|\n|upkeep\n|inactive|p0x25186c31 also wants the timer to be on.\n|\n|t:|1783568190\n|switch|p2a: Chesnaught|Chesnaught, L84, F|100/100\n|turn|2\n|inactive|Time left: 300 sec this turn | 300 sec total\n|\n|t:|1783568191\n|switch|p1a: Arceus|Arceus-Bug, L73|295/295\n|move|p2a: Chesnaught|Body Press|p1a: Arceus\n|-resisted|p1a: Arceus\n|-damage|p1a: Arceus|253/295\n|\n|upkeep\n|turn|3\n|inactive|Time left: 300 sec this turn | 300 sec total\n|\n|t:|1783568192\n|switch|p2a: Reshiram|Reshiram, L76|100/100\n|-ability|p2a: Reshiram|Turboblaze\n|move|p1a: Arceus|Calm Mind|p1a: Arceus\n|-boost|p1a: Arceus|spa|1\n|-boost|p1a: Arceus|spd|1\n|\n|upkeep\n|turn|4\n|inactive|Time left: 300 sec this turn | 300 sec total\n|\n|t:|1783568193\n|-terastallize|p2a: Reshiram|Dragon\n|move|p1a: Arceus|Judgment|p2a: Reshiram\n|-damage|p2a: Reshiram|49/100\n|move|p2a: Reshiram|Outrage|p1a: Arceus\n|-damage|p1a: Arceus|99/295\n|\n|upkeep\n|turn|5\n|inactive|Time left: 300 sec this turn | 300 sec total\n|\n|t:|1783568194\n|move|p1a: Arceus|Judgment|p2a: Reshiram\n|-damage|p2a: Reshiram|0 fnt\n|faint|p2a: Reshiram\n|\n|upkeep\n|\n|t:|1783568195\n|switch|p2a: Glimmora|Glimmora, L75, M|100/100\n|turn|6\n|inactive|Time left: 300 sec this turn | 300 sec total\n|\n|t:|1783568197\n|move|p1a: Arceus|Judgment|p2a: Glimmora\n|-resisted|p2a: Glimmora\n|-damage|p2a: Glimmora|58/100\n|move|p2a: Glimmora|Meteor Beam||[still]\n|-prepare|p2a: Glimmora|Meteor Beam\n|-boost|p2a: Glimmora|spa|1\n|-enditem|p2a: Glimmora|Power Herb\n|-anim|p2a: Glimmora|Meteor Beam|p1a: Arceus\n|-supereffective|p1a: Arceus\n|-crit|p1a: Arceus\n|-damage|p1a: Arceus|0 fnt\n|faint|p1a: Arceus\n|\n|upkeep\n|inactive|Time left: 300 sec this turn | 300 sec total | 5 sec grace\n|\n|t:|1783568198\n|switch|p1a: Clawitzer|Clawitzer, L87, M|265/265\n|turn|7\n|inactive|Time left: 300 sec this turn | 300 sec total\n|\n|t:|1783568199\n|move|p2a: Glimmora|Sludge Wave|p1a: Clawitzer\n|-damage|p1a: Clawitzer|174/265\n|-status|p1a: Clawitzer|psn\n|move|p1a: Clawitzer|Water Pulse|p2a: Glimmora\n|-supereffective|p2a: Glimmora\n|-damage|p2a: Glimmora|0 fnt\n|faint|p2a: Glimmora\n|\n|-damage|p1a: Clawitzer|141/265 psn|[from] psn\n|upkeep\n|\n|t:|1783568200\n|switch|p2a: Clawitzer|Clawitzer, L87, F|100/100\n|turn|8\n|inactive|Time left: 300 sec this turn | 300 sec total\n|\n|t:|1783568201\n|move|p2a: Clawitzer|Dragon Pulse|p1a: Clawitzer\n|-damage|p1a: Clawitzer|36/265 psn\n|move|p1a: Clawitzer|Dragon Pulse|p2a: Clawitzer\n|-damage|p2a: Clawitzer|61/100\n|\n|-damage|p1a: Clawitzer|3/265 psn|[from] psn\n|upkeep\n|turn|9\n|inactive|Time left: 300 sec this turn | 300 sec total\n|\n|t:|1783568202\n|move|p1a: Clawitzer|Dragon Pulse|p2a: Clawitzer\n|-damage|p2a: Clawitzer|21/100\n|move|p2a: Clawitzer|Dragon Pulse|p1a: Clawitzer\n|-damage|p1a: Clawitzer|0 fnt\n|faint|p1a: Clawitzer\n|\n|upkeep\n|inactive|Time left: 300 sec this turn | 300 sec total | 5 sec grace\n|\n|t:|1783568203\n|switch|p1a: Cinccino|Cinccino, L83, M|260/260\n|turn|10\n|inactive|Time left: 300 sec this turn | 300 sec total\n|\n|t:|1783568204\n|move|p1a: Cinccino|Triple Axel|p2a: Clawitzer\n|-resisted|p2a: Clawitzer\n|-damage|p2a: Clawitzer|17/100\n|-resisted|p2a: Clawitzer\n|-damage|p2a: Clawitzer|10/100\n|-resisted|p2a: Clawitzer\n|-crit|p2a: Clawitzer\n|-damage|p2a: Clawitzer|0 fnt\n|faint|p2a: Clawitzer\n|-hitcount|p2: Clawitzer|3\n|\n|upkeep\n|\n|t:|1783568205\n|switch|p2a: Gouging Fire|Gouging Fire, L74|100/100\n|turn|11\n|inactive|Time left: 300 sec this turn | 300 sec total\n|\n|t:|1783568206\n|move|p1a: Cinccino|Tail Slap|p2a: Gouging Fire\n|-damage|p2a: Gouging Fire|88/100\n|-crit|p2a: Gouging Fire\n|-damage|p2a: Gouging Fire|71/100\n|-damage|p2a: Gouging Fire|60/100\n|-damage|p2a: Gouging Fire|48/100\n|-damage|p2a: Gouging Fire|36/100\n|-hitcount|p2a: Gouging Fire|5\n|move|p2a: Gouging Fire|Dragon Dance|p2a: Gouging Fire\n|-boost|p2a: Gouging Fire|atk|1\n|-boost|p2a: Gouging Fire|spe|1\n|\n|upkeep\n|turn|12\n|inactive|Time left: 300 sec this turn | 300 sec total\n|\n|t:|1783568207\n|move|p2a: Gouging Fire|Heat Crash|p1a: Cinccino\n|-damage|p1a: Cinccino|43/260\n|move|p1a: Cinccino|Triple Axel|p2a: Gouging Fire\n|-damage|p2a: Gouging Fire|29/100\n|-damage|p2a: Gouging Fire|16/100\n|-damage|p2a: Gouging Fire|0 fnt\n|faint|p2a: Gouging Fire\n|-end|p2a: Gouging Fire|Protosynthesis|[silent]\n|-hitcount|p2: Gouging Fire|3\n|\n|upkeep\n|\n|t:|1783568208\n|switch|p2a: Chesnaught|Chesnaught, L84, F|100/100\n|turn|13\n|inactive|Time left: 300 sec this turn | 300 sec total\n|\n|t:|1783568209\n|-terastallize|p1a: Cinccino|Ice\n|move|p1a: Cinccino|Triple Axel|p2a: Chesnaught\n|-supereffective|p2a: Chesnaught\n|-damage|p2a: Chesnaught|83/100\n|-supereffective|p2a: Chesnaught\n|-damage|p2a: Chesnaught|47/100\n|-supereffective|p2a: Chesnaught\n|-damage|p2a: Chesnaught|0 fnt\n|faint|p2a: Chesnaught\n|-hitcount|p2: Chesnaught|3\n|\n|win|p0x25186c31", "uploadtime": 1783568209, "views": 0, "rating": 0, "private": 0, "password": null, "_winner": "p0x25186c31", "_our_name": "p0x25186c31"}