{"id": "battle-gen9randombattle-2406", "formatid": "gen9randombattle", "format": "[Gen 9] Random Battle", "players": ["p0x240643d2", "p0y2406325f"], "log": "|init|battle\n|title|p0x240643d2 vs. p0y2406325f\n|j|\u2606p0x240643d2\n|j|\u2606p0y2406325f\n|t:|1783566930\n|gametype|singles\n|player|p1|p0x240643d2|1|\n|player|p2|p0y2406325f|2|\n|gen|9\n|tier|[Gen 9] Random Battle\n|rule|Species Clause: Limit one of each Pok\u00e9mon\n|rule|HP Percentage Mod: HP is shown in percentages\n|rule|Sleep Clause Mod: Limit one foe put to sleep\n|rule|Illusion Level Mod: Illusion disguises the Pok\u00e9mon's true level\n|\n|t:|1783566930\n|teamsize|p1|6\n|teamsize|p2|6\n|start\n|switch|p1a: Palossand|Palossand, L89, F|296/296\n|switch|p2a: Comfey|Comfey, L85, M|100/100\n|turn|1\n|inactive|Battle timer is ON: inactive players will automatically lose when time's up. (requested by p0y2406325f)\n|inactive|Time left: 300 sec this turn | 300 sec total | 60 sec grace\n|inactive|p0x240643d2 also wants the timer to be on.\n|\n|t:|1783566931\n|move|p2a: Comfey|Calm Mind|p2a: Comfey\n|-boost|p2a: Comfey|spa|1\n|-boost|p2a: Comfey|spd|1\n|move|p1a: Palossand|Earth Power|p2a: Comfey\n|-damage|p2a: Comfey|73/100\n|\n|-heal|p2a: Comfey|80/100|[from] item: Leftovers\n|upkeep\n|turn|2\n|inactive|Time left: 300 sec this turn | 300 sec total\n|\n|t:|1783566932\n|move|p2a: Comfey|Calm Mind|p2a: Comfey\n|-boost|p2a: Comfey|spa|1\n|-boost|p2a: Comfey|spd|1\n|move|p1a: Palossand|Sludge Bomb|p2a: Comfey\n|-supereffective|p2a: Comfey\n|-damage|p2a: Comfey|55/100\n|\n|-heal|p2a: Comfey|61/100|[from] item: Leftovers\n|upkeep\n|turn|3\n|inactive|Time left: 300 sec this turn | 300 sec total\n|\n|t:|1783566933\n|move|p2a: Comfey|Giga Drain|p1a: Palossand\n|-supereffective|p1a: Palossand\n|-damage|p1a: Palossand|88/296\n|-heal|p2a: Comfey|100/100|[from] drain|[of] p1a: Palossand\n|move|p1a: Palossand|Sludge Bomb|p2a: Comfey\n|-supereffective|p2a: Comfey\n|-damage|p2a: Comfey|75/100\n|\n|-heal|p2a: Comfey|81/100|[from] item: Leftovers\n|-heal|p1a: Palossand|106/296|[from] item: Leftovers\n|upkeep\n|turn|4\n|inactive|Time left: 300 sec this turn | 300 sec total\n|\n|t:|1783566934\n|switch|p1a: Grumpig|Grumpig, L92, M|297/297\n|move|p2a: Comfey|Stored Power|p1a: Grumpig\n|-resisted|p1a: Grumpig\n|-damage|p1a: Grumpig|251/297\n|\n|-heal|p2a: Comfey|87/100|[from] item: Leftovers\n|-heal|p1a: Grumpig|269/297|[from] item: Leftovers\n|upkeep\n|turn|5\n|inactive|Time left: 300 sec this turn | 300 sec total\n|\n|t:|1783566935\n|move|p2a: Comfey|Draining Kiss|p1a: Grumpig\n|-damage|p1a: Grumpig|190/297\n|-heal|p2a: Comfey|100/100|[from] drain|[of] p1a: Grumpig\n|move|p1a: Grumpig|Nasty Plot|p1a: Grumpig\n|-boost|p1a: Grumpig|spa|2\n|\n|-heal|p1a: Grumpig|208/297|[from] item: Leftovers\n|upkeep\n|turn|6\n|inactive|Time left: 300 sec this turn | 300 sec total\n|\n|t:|1783566936\n|move|p2a: Comfey|Giga Drain|p1a: Grumpig\n|-damage|p1a: Grumpig|138/297\n|move|p1a: Grumpig|Psyshock|p2a: Comfey\n|-damage|p2a: Comfey|13/100\n|\n|-heal|p2a: Comfey|20/100|[from] item: Leftovers\n|-heal|p1a: Grumpig|156/297|[from] item: Leftovers\n|upkeep\n|turn|7\n|inactive|Time left: 300 sec this turn | 300 sec total\n|\n|t:|1783566937\n|move|p2a: Comfey|Draining Kiss|p1a: Grumpig\n|-damage|p1a: Grumpig|74/297\n|-heal|p2a: Comfey|47/100|[from] drain|[of] p1a: Grumpig\n|move|p1a: Grumpig|Psyshock|p2a: Comfey\n|-damage|p2a: Comfey|0 fnt\n|faint|p2a: Comfey\n|\n|-heal|p1a: Grumpig|92/297|[from] item: Leftovers\n|upkeep\n|\n|t:|1783566938\n|switch|p2a: Entei|Entei, L78|100/100\n|turn|8\n|inactive|Time left: 300 sec this turn | 300 sec total\n|\n|t:|1783566939\n|switch|p1a: Drednaw|Drednaw, L81, F|278/278\n|move|p2a: Entei|Flare Blitz|p1a: Drednaw\n|-resisted|p1a: Drednaw\n|-damage|p1a: Drednaw|234/278\n|-damage|p2a: Entei|96/100|[from] Recoil\n|\n|upkeep\n|turn|9\n|inactive|Time left: 300 sec this turn | 300 sec total\n|\n|t:|1783566940\n|switch|p2a: Bellossom|Bellossom, L84, M|100/100\n|move|p1a: Drednaw|Shell Smash|p1a: Drednaw\n|-unboost|p1a: Drednaw|def|1\n|-unboost|p1a: Drednaw|spd|1\n|-boost|p1a: Drednaw|atk|2\n|-boost|p1a: Drednaw|spa|2\n|-boost|p1a: Drednaw|spe|2\n|-enditem|p1a: Drednaw|White Herb\n|-clearnegativeboost|p1a: Drednaw|[silent]\n|\n|upkeep\n|turn|10\n|inactive|Time left: 300 sec this turn | 300 sec total\n|\n|t:|1783566941\n|-terastallize|p1a: Drednaw|Dark\n|move|p1a: Drednaw|Crunch|p2a: Bellossom\n|-damage|p2a: Bellossom|12/100\n|-unboost|p2a: Bellossom|def|1\n|move|p2a: Bellossom|Giga Drain|p1a: Drednaw\n|-damage|p1a: Drednaw|146/278\n|-heal|p2a: Bellossom|28/100|[from] drain|[of] p1a: Drednaw\n|\n|-heal|p2a: Bellossom|34/100|[from] item: Leftovers\n|upkeep\n|turn|11\n|inactive|Time left: 300 sec this turn | 300 sec total\n|\n|t:|1783566942\n|move|p1a: Drednaw|Crunch|p2a: Bellossom\n|-damage|p2a: Bellossom|0 fnt\n|faint|p2a: Bellossom\n|\n|upkeep\n|\n|t:|1783566943\n|switch|p2a: Entei|Entei, L78|96/100\n|turn|12\n|inactive|Time left: 300 sec this turn | 300 sec total\n|\n|t:|1783566944\n|-terastallize|p2a: Entei|Normal\n|move|p2a: Entei|Extreme Speed|p1a: Drednaw\n|-damage|p1a: Drednaw|10/278\n|move|p1a: Drednaw|Liquidation|p2a: Entei\n|-damage|p2a: Entei|25/100\n|\n|upkeep\n|turn|13\n|inactive|Time left: 300 sec this turn | 300 sec total\n|\n|t:|1783566945\n|switch|p1a: Palossand|Palossand, L89, F|106/296\n|move|p2a: Entei|Extreme Speed|p1a: Palossand\n|-immune|p1a: Palossand\n|\n|-heal|p1a: Palossand|124/296|[from] item: Leftovers\n|upkeep\n|turn|14\n|inactive|Time left: 300 sec this turn | 300 sec total\n|\n|t:|1783566946\n|switch|p2a: Araquanid|Araquanid, L82, F|100/100\n|move|p1a: Palossand|Shore Up|p1a: Palossand\n|-heal|p1a: Palossand|272/296\n|\n|-heal|p1a: Palossand|290/296|[from] item: Leftovers\n|upkeep\n|turn|15\n|inactive|Time left: 300 sec this turn | 300 sec total\n|\n|t:|1783566947\n|switch|p1a: Drednaw|Drednaw, L81, F, tera:Dark|10/278\n|move|p2a: Araquanid|Sticky Web|p1a: Drednaw\n|-sidestart|p1: p0x240643d2|move: Sticky Web\n|\n|upkeep\n|turn|16\n|inactive|Time left: 300 sec this turn | 300 sec total\n|\n|t:|1783566948\n|switch|p2a: Regigigas|Regigigas, L84|100/100\n|-start|p2a: Regigigas|ability: Slow Start\n|move|p1a: Drednaw|Stone Edge|p2a: Regigigas\n|-damage|p2a: Regigigas|70/100\n|\n|-heal|p2a: Regigigas|76/100|[from] item: Leftovers\n|upkeep\n|turn|17\n|inactive|Time left: 300 sec this turn | 300 sec total\n|\n|t:|1783566948\n|move|p1a: Drednaw|Crunch|p2a: Regigigas\n|-damage|p2a: Regigigas|39/100\n|-unboost|p2a: Regigigas|def|1\n|move|p2a: Regigigas|Knock Off|p1a: Drednaw\n|-resisted|p1a: Drednaw\n|-damage|p1a: Drednaw|0 fnt\n|faint|p1a: Drednaw\n|\n|-heal|p2a: Regigigas|46/100|[from] item: Leftovers\n|upkeep\n|inactive|Time left: 300 sec this turn | 300 sec total | 5 sec grace\n|\n|t:|1783566949\n|switch|p1a: Samurott|Samurott-Hisui, L77, M|265/265\n|-activate|p1a: Samurott|move: Sticky Web\n|-unboost|p1a: Samurott|spe|1\n|turn|18\n|inactive|Time left: 300 sec this turn | 300 sec total\n|\n|t:|1783566950\n|move|p2a: Regigigas|Protect|p2a: Regigigas\n|-singleturn|p2a: Regigigas|Protect\n|move|p1a: Samurott|Ceaseless Edge|p2a: Regigigas\n|-activate|p2a: Regigigas|move: Protect\n|\n|-heal|p2a: Regigigas|52/100|[from] item: Leftovers\n|upkeep\n|turn|19\n|inactive|Time left: 300 sec this turn | 300 sec total\n|\n|t:|1783566951\n|switch|p2a: Chi-Yu|Chi-Yu, L77|100/100\n|-ability|p2a: Chi-Yu|Beads of Ruin\n|move|p1a: Samurott|Razor Shell|p2a: Chi-Yu\n|-supereffective|p2a: Chi-Yu\n|-damage|p2a: Chi-Yu|0 fnt\n|faint|p2a: Chi-Yu\n|-damage|p1a: Samurott|239/265|[from] item: Life Orb\n|\n|upkeep\n|\n|t:|1783566952\n|switch|p2a: Araquanid|Araquanid, L82, F|100/100\n|turn|20\n|inactive|Time left: 300 sec this turn | 300 sec total\n|\n|t:|1783566953\n|move|p1a: Samurott|Ceaseless Edge|p2a: Araquanid\n|-damage|p2a: Araquanid|53/100\n|-sidestart|p2: p0y2406325f|Spikes\n|-damage|p1a: Samurott|213/265|[from] item: Life Orb\n|move|p2a: Araquanid|Leech Life|p1a: Samurott\n|-supereffective|p1a: Samurott\n|-damage|p1a: Samurott|69/265\n|-heal|p2a: Araquanid|82/100|[from] drain|[of] p1a: Samurott\n|\n|upkeep\n|turn|21\n|inactive|Time left: 300 sec this turn | 300 sec total\n|\n|t:|1783566954\n|move|p2a: Araquanid|Leech Life|p1a: Samurott\n|-supereffective|p1a: Samurott\n|-damage|p1a: Samurott|0 fnt\n|-heal|p2a: Araquanid|96/100|[from] drain|[of] p1a: Samurott\n|faint|p1a: Samurott\n|\n|upkeep\n|inactive|Time left: 300 sec this turn | 300 sec total | 5 sec grace\n|\n|t:|1783566955\n|switch|p1a: Oinkologne|Oinkologne, L92, M|352/352\n|-activate|p1a: Oinkologne|move: Sticky Web\n|-unboost|p1a: Oinkologne|spe|1\n|turn|22\n|inactive|Time left: 300 sec this turn | 300 sec total\n|\n|t:|1783566956\n|move|p2a: Araquanid|Liquidation|p1a: Oinkologne\n|-damage|p1a: Oinkologne|207/352\n|move|p1a: Oinkologne|Body Slam|p2a: Araquanid\n|-damage|p2a: Araquanid|56/100\n|\n|-heal|p1a: Oinkologne|229/352|[from] item: Leftovers\n|upkeep\n|turn|23\n|inactive|Time left: 300 sec this turn | 300 sec total\n|\n|t:|1783566957\n|move|p2a: Araquanid|Liquidation|p1a: Oinkologne\n|-damage|p1a: Oinkologne|99/352\n|-unboost|p1a: Oinkologne|def|1\n|move|p1a: Oinkologne|Body Slam|p2a: Araquanid\n|-damage|p2a: Araquanid|16/100\n|\n|-heal|p1a: Oinkologne|121/352|[from] item: Leftovers\n|upkeep\n|turn|24\n|inactive|Time left: 300 sec this turn | 300 sec total\n|\n|t:|1783566958\n|move|p2a: Araquanid|Liquidation|p1a: Oinkologne\n|-damage|p1a: Oinkologne|0 fnt\n|faint|p1a: Oinkologne\n|\n|upkeep\n|inactive|Time left: 300 sec this turn | 300 sec total | 5 sec grace\n|\n|t:|1783566959\n|switch|p1a: Grumpig|Grumpig, L92, M|92/297\n|-activate|p1a: Grumpig|move: Sticky Web\n|-unboost|p1a: Grumpig|spe|1\n|turn|25\n|inactive|Time left: 300 sec this turn | 300 sec total\n|\n|t:|1783566960\n|move|p1a: Grumpig|Psyshock|p2a: Araquanid\n|-crit|p2a: Araquanid\n|-damage|p2a: Araquanid|0 fnt\n|faint|p2a: Araquanid\n|\n|-heal|p1a: Grumpig|110/297|[from] item: Leftovers\n|upkeep\n|\n|t:|1783566961\n|switch|p2a: Regigigas|Regigigas, L84|52/100\n|-damage|p2a: Regigigas|39/100|[from] Spikes\n|-start|p2a: Regigigas|ability: Slow Start\n|turn|26\n|inactive|Time left: 300 sec this turn | 300 sec total\n|\n|t:|1783566962\n|move|p1a: Grumpig|Focus Blast|p2a: Regigigas\n|-supereffective|p2a: Regigigas\n|-damage|p2a: Regigigas|0 fnt\n|faint|p2a: Regigigas\n|-end|p2a: Regigigas|Slow Start|[silent]\n|\n|-heal|p1a: Grumpig|128/297|[from] item: Leftovers\n|upkeep\n|\n|t:|1783566963\n|switch|p2a: Entei|Entei, L78, tera:Normal|25/100\n|-damage|p2a: Entei|13/100|[from] Spikes\n|turn|27\n|inactive|Time left: 300 sec this turn | 300 sec total\n|\n|t:|1783566964\n|move|p2a: Entei|Extreme Speed|p1a: Grumpig\n|-damage|p1a: Grumpig|0 fnt\n|faint|p1a: Grumpig\n|\n|upkeep\n|inactive|Time left: 300 sec this turn | 300 sec total | 5 sec grace\n|\n|t:|1783566965\n|switch|p1a: Palossand|Palossand, L89, F|290/296\n|-activate|p1a: Palossand|move: Sticky Web\n|-unboost|p1a: Palossand|spe|1\n|turn|28\n|inactive|Time left: 300 sec this turn | 300 sec total\n|\n|t:|1783566965\n|move|p2a: Entei|Extreme Speed|p1a: Palossand\n|-immune|p1a: Palossand\n|move|p1a: Palossand|Earth Power|p2a: Entei\n|-damage|p2a: Entei|0 fnt\n|faint|p2a: Entei\n|\n|win|p0x240643d2", "uploadtime": 1783566965, "views": 0, "rating": 0, "private": 0, "password": null, "_winner": "p0x240643d2", "_our_name": "p0x240643d2"}