{"id": "battle-gen9randombattle-2974", "formatid": "gen9randombattle", "format": "[Gen 9] Random Battle", "players": ["p0x2974ce95", "p0y29746bc7"], "log": "|init|battle\n|title|p0x2974ce95 vs. p0y29746bc7\n|j|\u2606p0x2974ce95\n|j|\u2606p0y29746bc7\n|t:|1783574228\n|gametype|singles\n|player|p1|p0x2974ce95|2|\n|player|p2|p0y29746bc7|265|\n|gen|9\n|tier|[Gen 9] Random Battle\n|rule|Species Clause: Limit one of each Pok\u00e9mon\n|rule|HP Percentage Mod: HP is shown in percentages\n|rule|Sleep Clause Mod: Limit one foe put to sleep\n|rule|Illusion Level Mod: Illusion disguises the Pok\u00e9mon's true level\n|\n|t:|1783574228\n|teamsize|p1|6\n|teamsize|p2|6\n|start\n|switch|p1a: Mandibuzz|Mandibuzz, L85, F|100/100\n|switch|p2a: Gallade|Gallade, L80, M|240/240\n|turn|1\n|inactive|Battle timer is ON: inactive players will automatically lose when time's up. (requested by p0y29746bc7)\n|inactive|p0x2974ce95 also wants the timer to be on.\n|\n|t:|1783574230\n|move|p1a: Mandibuzz|Brave Bird|p2a: Gallade\n|-supereffective|p2a: Gallade\n|-damage|p2a: Gallade|0 fnt\n|faint|p2a: Gallade\n|-damage|p1a: Mandibuzz|76/100|[from] Recoil\n|\n|upkeep\n|inactive|Time left: 300 sec this turn | 300 sec total | 65 sec grace\n|\n|t:|1783574231\n|switch|p2a: Magcargo|Magcargo, L95, F|268/268\n|turn|2\n|inactive|Time left: 300 sec this turn | 300 sec total\n|\n|t:|1783574232\n|move|p1a: Mandibuzz|Toxic|p2a: Magcargo\n|-status|p2a: Magcargo|tox\n|move|p2a: Magcargo|Lava Plume|p1a: Mandibuzz\n|-crit|p1a: Mandibuzz\n|-damage|p1a: Mandibuzz|35/100\n|\n|-damage|p2a: Magcargo|252/268 tox|[from] psn\n|upkeep\n|turn|3\n|inactive|Time left: 300 sec this turn | 300 sec total\n|\n|t:|1783574233\n|move|p1a: Mandibuzz|Roost|p1a: Mandibuzz\n|-heal|p1a: Mandibuzz|85/100\n|-singleturn|p1a: Mandibuzz|move: Roost\n|move|p2a: Magcargo|Lava Plume|p1a: Mandibuzz\n|-damage|p1a: Mandibuzz|57/100\n|-status|p1a: Mandibuzz|brn\n|\n|-damage|p2a: Magcargo|220/268 tox|[from] psn\n|-damage|p1a: Mandibuzz|51/100 brn|[from] brn\n|upkeep\n|turn|4\n|inactive|Time left: 300 sec this turn | 300 sec total\n|\n|t:|1783574234\n|move|p1a: Mandibuzz|Roost|p1a: Mandibuzz\n|-heal|p1a: Mandibuzz|100/100 brn\n|-singleturn|p1a: Mandibuzz|move: Roost\n|move|p2a: Magcargo|Stealth Rock|p1a: Mandibuzz\n|-sidestart|p1: p0x2974ce95|move: Stealth Rock\n|\n|-damage|p2a: Magcargo|172/268 tox|[from] psn\n|-damage|p1a: Mandibuzz|94/100 brn|[from] brn\n|upkeep\n|turn|5\n|inactive|Time left: 300 sec this turn | 300 sec total\n|\n|t:|1783574235\n|switch|p1a: Slowking|Slowking, L88, M|100/100\n|-damage|p1a: Slowking|88/100|[from] Stealth Rock\n|move|p2a: Magcargo|Lava Plume|p1a: Slowking\n|-resisted|p1a: Slowking\n|-damage|p1a: Slowking|74/100\n|-status|p1a: Slowking|brn\n|\n|-heal|p1a: Slowking|80/100 brn|[from] item: Leftovers\n|-damage|p2a: Magcargo|108/268 tox|[from] psn\n|-damage|p1a: Slowking|74/100 brn|[from] brn\n|upkeep\n|turn|6\n|inactive|Time left: 300 sec this turn | 300 sec total\n|\n|t:|1783574236\n|switch|p2a: Wo-Chien|Wo-Chien, L83|277/277\n|-ability|p2a: Wo-Chien|Tablets of Ruin\n|move|p1a: Slowking|Scald|p2a: Wo-Chien\n|-resisted|p2a: Wo-Chien\n|-damage|p2a: Wo-Chien|243/277\n|-status|p2a: Wo-Chien|brn\n|\n|-heal|p2a: Wo-Chien|260/277 brn|[from] item: Leftovers\n|-heal|p1a: Slowking|80/100 brn|[from] item: Leftovers\n|-damage|p2a: Wo-Chien|243/277 brn|[from] brn\n|-damage|p1a: Slowking|74/100 brn|[from] brn\n|upkeep\n|turn|7\n|inactive|Time left: 300 sec this turn | 300 sec total\n|\n|t:|1783574237\n|move|p2a: Wo-Chien|Giga Drain|p1a: Slowking\n|-supereffective|p1a: Slowking\n|-damage|p1a: Slowking|32/100 brn\n|-heal|p2a: Wo-Chien|277/277 brn|[from] drain|[of] p1a: Slowking\n|move|p1a: Slowking|Scald|p2a: Wo-Chien\n|-resisted|p2a: Wo-Chien\n|-damage|p2a: Wo-Chien|244/277 brn\n|\n|-heal|p2a: Wo-Chien|261/277 brn|[from] item: Leftovers\n|-heal|p1a: Slowking|39/100 brn|[from] item: Leftovers\n|-damage|p2a: Wo-Chien|244/277 brn|[from] brn\n|-damage|p1a: Slowking|32/100 brn|[from] brn\n|upkeep\n|turn|8\n|inactive|Time left: 300 sec this turn | 300 sec total\n|\n|t:|1783574238\n|switch|p1a: Morpeko|Morpeko, L88, M|100/100\n|-damage|p1a: Morpeko|88/100|[from] Stealth Rock\n|move|p2a: Wo-Chien|Knock Off|p1a: Morpeko\n|-resisted|p1a: Morpeko\n|-damage|p1a: Morpeko|76/100\n|-enditem|p1a: Morpeko|Leftovers|[from] move: Knock Off|[of] p2a: Wo-Chien\n|\n|-heal|p2a: Wo-Chien|261/277 brn|[from] item: Leftovers\n|-damage|p2a: Wo-Chien|244/277 brn|[from] brn\n|-formechange|p1a: Morpeko|Morpeko-Hangry||[from] ability: Hunger Switch\n|upkeep\n|turn|9\n|inactive|Time left: 300 sec this turn | 300 sec total\n|\n|t:|1783574239\n|move|p1a: Morpeko|Rapid Spin|p2a: Wo-Chien\n|-damage|p2a: Wo-Chien|219/277 brn\n|-boost|p1a: Morpeko|spe|1\n|-sideend|p1: p0x2974ce95|Stealth Rock|[from] move: Rapid Spin|[of] p1a: Morpeko\n|move|p2a: Wo-Chien|Giga Drain|p1a: Morpeko\n|-damage|p1a: Morpeko|36/100\n|-heal|p2a: Wo-Chien|269/277 brn|[from] drain|[of] p1a: Morpeko\n|\n|-heal|p2a: Wo-Chien|277/277 brn|[from] item: Leftovers\n|-damage|p2a: Wo-Chien|260/277 brn|[from] brn\n|-formechange|p1a: Morpeko|Morpeko||[from] ability: Hunger Switch\n|upkeep\n|turn|10\n|inactive|Time left: 300 sec this turn | 300 sec total\n|\n|t:|1783574240\n|move|p1a: Morpeko|Protect|p1a: Morpeko\n|-singleturn|p1a: Morpeko|Protect\n|move|p2a: Wo-Chien|Giga Drain|p1a: Morpeko\n|-activate|p1a: Morpeko|move: Protect\n|\n|-heal|p2a: Wo-Chien|277/277 brn|[from] item: Leftovers\n|-damage|p2a: Wo-Chien|260/277 brn|[from] brn\n|-formechange|p1a: Morpeko|Morpeko-Hangry||[from] ability: Hunger Switch\n|upkeep\n|turn|11\n|inactive|Time left: 300 sec this turn | 300 sec total\n|\n|t:|1783574241\n|move|p1a: Morpeko|Knock Off|p2a: Wo-Chien\n|-resisted|p2a: Wo-Chien\n|-damage|p2a: Wo-Chien|221/277 brn\n|-enditem|p2a: Wo-Chien|Leftovers|[from] move: Knock Off|[of] p1a: Morpeko\n|move|p2a: Wo-Chien|Giga Drain|p1a: Morpeko\n|-damage|p1a: Morpeko|0 fnt\n|-heal|p2a: Wo-Chien|264/277 brn|[from] drain|[of] p1a: Morpeko\n|faint|p1a: Morpeko\n|\n|-damage|p2a: Wo-Chien|247/277 brn|[from] brn\n|upkeep\n|\n|t:|1783574243\n|switch|p1a: Gengar|Gengar, L81, M|100/100\n|turn|12\n|inactive|Time left: 300 sec this turn | 300 sec total\n|\n|t:|1783574244\n|move|p1a: Gengar|Sludge Wave|p2a: Wo-Chien\n|-supereffective|p2a: Wo-Chien\n|-damage|p2a: Wo-Chien|0 fnt\n|faint|p2a: Wo-Chien\n|\n|upkeep\n|inactive|Time left: 300 sec this turn | 300 sec total | 5 sec grace\n|\n|t:|1783574245\n|switch|p2a: Goodra|Goodra-Hisui, L82, F|265/265\n|turn|13\n|inactive|Time left: 300 sec this turn | 300 sec total\n|\n|t:|1783574246\n|switch|p1a: Volcanion|Volcanion, L79|100/100\n|move|p2a: Goodra|Thunderbolt|p1a: Volcanion\n|-supereffective|p1a: Volcanion\n|-damage|p1a: Volcanion|66/100\n|\n|upkeep\n|turn|14\n|inactive|Time left: 300 sec this turn | 300 sec total\n|\n|t:|1783574247\n|move|p1a: Volcanion|Steam Eruption|p2a: Goodra\n|-resisted|p2a: Goodra\n|-damage|p2a: Goodra|236/265\n|-status|p2a: Goodra|brn\n|move|p2a: Goodra|Thunderbolt|p1a: Volcanion\n|-supereffective|p1a: Volcanion\n|-damage|p1a: Volcanion|32/100\n|\n|-damage|p2a: Goodra|220/265 brn|[from] brn\n|upkeep\n|turn|15\n|inactive|Time left: 300 sec this turn | 300 sec total\n|\n|t:|1783574248\n|switch|p1a: Slowking|Slowking, L88, M|66/100 brn\n|move|p2a: Goodra|Thunderbolt|p1a: Slowking\n|-supereffective|p1a: Slowking\n|-damage|p1a: Slowking|31/100 brn\n|\n|-heal|p1a: Slowking|38/100 brn|[from] item: Leftovers\n|-damage|p2a: Goodra|204/265 brn|[from] brn\n|-damage|p1a: Slowking|31/100 brn|[from] brn\n|upkeep\n|turn|16\n|inactive|Time left: 300 sec this turn | 300 sec total\n|\n|t:|1783574250\n|switch|p1a: Mandibuzz|Mandibuzz, L85, F|94/100 brn\n|move|p2a: Goodra|Thunderbolt|p1a: Mandibuzz\n|-supereffective|p1a: Mandibuzz\n|-damage|p1a: Mandibuzz|54/100 brn\n|\n|-damage|p1a: Mandibuzz|48/100 brn|[from] brn\n|-damage|p2a: Goodra|188/265 brn|[from] brn\n|upkeep\n|turn|17\n|inactive|Time left: 300 sec this turn | 300 sec total\n|\n|t:|1783574251\n|move|p1a: Mandibuzz|Roost|p1a: Mandibuzz\n|-heal|p1a: Mandibuzz|98/100 brn\n|-singleturn|p1a: Mandibuzz|move: Roost\n|move|p2a: Goodra|Fire Blast|p1a: Mandibuzz\n|-damage|p1a: Mandibuzz|76/100 brn\n|\n|-damage|p1a: Mandibuzz|70/100 brn|[from] brn\n|-damage|p2a: Goodra|172/265 brn|[from] brn\n|upkeep\n|turn|18\n|inactive|Time left: 300 sec this turn | 300 sec total\n|\n|t:|1783574252\n|move|p1a: Mandibuzz|Roost|p1a: Mandibuzz\n|-heal|p1a: Mandibuzz|100/100 brn\n|-singleturn|p1a: Mandibuzz|move: Roost\n|move|p2a: Goodra|Thunderbolt|p1a: Mandibuzz\n|-damage|p1a: Mandibuzz|81/100 brn\n|\n|-damage|p1a: Mandibuzz|74/100 brn|[from] brn\n|-damage|p2a: Goodra|156/265 brn|[from] brn\n|upkeep\n|turn|19\n|inactive|Time left: 300 sec this turn | 300 sec total\n|\n|t:|1783574253\n|move|p1a: Mandibuzz|Roost|p1a: Mandibuzz\n|-heal|p1a: Mandibuzz|100/100 brn\n|-singleturn|p1a: Mandibuzz|move: Roost\n|move|p2a: Goodra|Thunderbolt|p1a: Mandibuzz\n|-damage|p1a: Mandibuzz|81/100 brn\n|\n|-damage|p1a: Mandibuzz|75/100 brn|[from] brn\n|-damage|p2a: Goodra|140/265 brn|[from] brn\n|upkeep\n|turn|20\n|inactive|Time left: 300 sec this turn | 300 sec total\n|\n|t:|1783574254\n|switch|p1a: Slowking|Slowking, L88, M|65/100 brn\n|move|p2a: Goodra|Thunderbolt|p1a: Slowking\n|-supereffective|p1a: Slowking\n|-damage|p1a: Slowking|31/100 brn\n|\n|-heal|p1a: Slowking|37/100 brn|[from] item: Leftovers\n|-damage|p2a: Goodra|124/265 brn|[from] brn\n|-damage|p1a: Slowking|31/100 brn|[from] brn\n|upkeep\n|turn|21\n|inactive|Time left: 300 sec this turn | 300 sec total\n|\n|t:|1783574255\n|switch|p1a: Porygon-Z|Porygon-Z, L83|100/100\n|move|p2a: Goodra|Thunderbolt|p1a: Porygon-Z\n|-damage|p1a: Porygon-Z|72/100\n|\n|-damage|p2a: Goodra|108/265 brn|[from] brn\n|upkeep\n|turn|22\n|inactive|Time left: 300 sec this turn | 300 sec total\n|\n|t:|1783574256\n|move|p1a: Porygon-Z|Nasty Plot|p1a: Porygon-Z\n|-boost|p1a: Porygon-Z|spa|2\n|move|p2a: Goodra|Thunderbolt|p1a: Porygon-Z\n|-damage|p1a: Porygon-Z|45/100\n|\n|-damage|p2a: Goodra|92/265 brn|[from] brn\n|upkeep\n|turn|23\n|inactive|Time left: 300 sec this turn | 300 sec total\n|\n|t:|1783574257\n|move|p1a: Porygon-Z|Tera Blast|p2a: Goodra\n|-resisted|p2a: Goodra\n|-damage|p2a: Goodra|10/265 brn\n|-damage|p1a: Porygon-Z|36/100|[from] item: Life Orb\n|move|p2a: Goodra|Draco Meteor|p1a: Porygon-Z\n|-damage|p1a: Porygon-Z|0 fnt\n|-unboost|p2a: Goodra|spa|2\n|faint|p1a: Porygon-Z\n|\n|-damage|p2a: Goodra|0 fnt|[from] brn\n|faint|p2a: Goodra\n|upkeep\n|inactive|Time left: 300 sec this turn | 300 sec total | 5 sec grace\n|\n|t:|1783574258\n|switch|p1a: Slowking|Slowking, L88, M|64/100 brn\n|switch|p2a: Chimecho|Chimecho, L93, M|290/290\n|turn|24\n|inactive|Time left: 300 sec this turn | 300 sec total\n|\n|t:|1783574259\n|move|p2a: Chimecho|Cosmic Power|p2a: Chimecho\n|-boost|p2a: Chimecho|def|1\n|-boost|p2a: Chimecho|spd|1\n|move|p1a: Slowking|Scald|p2a: Chimecho\n|-damage|p2a: Chimecho|235/290\n|\n|-heal|p2a: Chimecho|253/290|[from] item: Leftovers\n|-heal|p1a: Slowking|70/100 brn|[from] item: Leftovers\n|-damage|p1a: Slowking|64/100 brn|[from] brn\n|upkeep\n|turn|25\n|inactive|Time left: 300 sec this turn | 300 sec total\n|\n|t:|1783574260\n|move|p2a: Chimecho|Cosmic Power|p2a: Chimecho\n|-boost|p2a: Chimecho|def|1\n|-boost|p2a: Chimecho|spd|1\n|move|p1a: Slowking|Thunder Wave|p2a: Chimecho\n|-status|p2a: Chimecho|par\n|\n|-heal|p1a: Slowking|70/100 brn|[from] item: Leftovers\n|-heal|p2a: Chimecho|271/290 par|[from] item: Leftovers\n|-damage|p1a: Slowking|64/100 brn|[from] brn\n|upkeep\n|turn|26\n|inactive|Time left: 300 sec this turn | 300 sec total\n|\n|t:|1783574261\n|move|p1a: Slowking|Slack Off|p1a: Slowking\n|-heal|p1a: Slowking|100/100 brn\n|move|p2a: Chimecho|Stored Power|p1a: Slowking\n|-resisted|p1a: Slowking\n|-damage|p1a: Slowking|84/100 brn\n|\n|-heal|p1a: Slowking|90/100 brn|[from] item: Leftovers\n|-heal|p2a: Chimecho|289/290 par|[from] item: Leftovers\n|-damage|p1a: Slowking|84/100 brn|[from] brn\n|upkeep\n|turn|27\n|inactive|Time left: 300 sec this turn | 300 sec total\n|\n|t:|1783574262\n|switch|p1a: Mandibuzz|Mandibuzz, L85, F|75/100 brn\n|move|p2a: Chimecho|Stored Power|p1a: Mandibuzz\n|-immune|p1a: Mandibuzz\n|\n|-heal|p2a: Chimecho|290/290 par|[from] item: Leftovers\n|-damage|p1a: Mandibuzz|69/100 brn|[from] brn\n|upkeep\n|turn|28\n|inactive|Time left: 300 sec this turn | 300 sec total\n|\n|t:|1783574263\n|move|p1a: Mandibuzz|Roost|p1a: Mandibuzz\n|-heal|p1a: Mandibuzz|100/100 brn\n|-singleturn|p1a: Mandibuzz|move: Roost\n|move|p2a: Chimecho|Stored Power|p1a: Mandibuzz\n|-immune|p1a: Mandibuzz\n|\n|-damage|p1a: Mandibuzz|94/100 brn|[from] brn\n|upkeep\n|turn|29\n|inactive|Time left: 300 sec this turn | 300 sec total\n|\n|t:|1783574264\n|move|p1a: Mandibuzz|Roost|p1a: Mandibuzz\n|-heal|p1a: Mandibuzz|100/100 brn\n|-singleturn|p1a: Mandibuzz|move: Roost\n|move|p2a: Chimecho|Stored Power|p1a: Mandibuzz\n|-immune|p1a: Mandibuzz\n|\n|-damage|p1a: Mandibuzz|94/100 brn|[from] brn\n|upkeep\n|turn|30\n|inactive|Time left: 300 sec this turn | 300 sec total\n|\n|t:|1783574265\n|switch|p1a: Slowking|Slowking, L88, M|100/100 brn\n|cant|p2a: Chimecho|par\n|\n|-damage|p1a: Slowking|94/100 brn|[from] brn\n|upkeep\n|turn|31\n|inactive|Time left: 300 sec this turn | 300 sec total\n|\n|t:|1783574266\n|move|p1a: Slowking|Psychic Noise|p2a: Chimecho\n|-resisted|p2a: Chimecho\n|-damage|p2a: Chimecho|270/290 par\n|-start|p2a: Chimecho|move: Heal Block\n|move|p2a: Chimecho|Stored Power|p1a: Slowking\n|-resisted|p1a: Slowking\n|-damage|p1a: Slowking|79/100 brn\n|\n|-heal|p1a: Slowking|85/100 brn|[from] item: Leftovers\n|-damage|p1a: Slowking|79/100 brn|[from] brn\n|upkeep\n|turn|32\n|inactive|Time left: 300 sec this turn | 300 sec total\n|\n|t:|1783574267\n|move|p1a: Slowking|Scald|p2a: Chimecho\n|-damage|p2a: Chimecho|228/290 par\n|move|p2a: Chimecho|Stored Power|p1a: Slowking\n|-resisted|p1a: Slowking\n|-damage|p1a: Slowking|64/100 brn\n|\n|-heal|p1a: Slowking|70/100 brn|[from] item: Leftovers\n|-damage|p1a: Slowking|64/100 brn|[from] brn\n|-end|p2a: Chimecho|move: Heal Block\n|upkeep\n|turn|33\n|inactive|Time left: 300 sec this turn | 300 sec total\n|\n|t:|1783574269\n|move|p1a: Slowking|Slack Off|p1a: Slowking\n|-heal|p1a: Slowking|100/100 brn\n|cant|p2a: Chimecho|par\n|\n|-heal|p2a: Chimecho|246/290 par|[from] item: Leftovers\n|-damage|p1a: Slowking|94/100 brn|[from] brn\n|upkeep\n|turn|34\n|inactive|Time left: 300 sec this turn | 300 sec total\n|\n|t:|1783574270\n|move|p1a: Slowking|Psychic Noise|p2a: Chimecho\n|-resisted|p2a: Chimecho\n|-crit|p2a: Chimecho\n|-damage|p2a: Chimecho|189/290 par\n|-start|p2a: Chimecho|move: Heal Block\n|move|p2a: Chimecho|Stored Power|p1a: Slowking\n|-resisted|p1a: Slowking\n|-damage|p1a: Slowking|77/100 brn\n|\n|-heal|p1a: Slowking|83/100 brn|[from] item: Leftovers\n|-damage|p1a: Slowking|77/100 brn|[from] brn\n|upkeep\n|turn|35\n|inactive|Time left: 300 sec this turn | 300 sec total\n|\n|t:|1783574271\n|move|p1a: Slowking|Scald|p2a: Chimecho\n|-damage|p2a: Chimecho|143/290 par\n|move|p2a: Chimecho|Cosmic Power|p2a: Chimecho\n|-boost|p2a: Chimecho|def|1\n|-boost|p2a: Chimecho|spd|1\n|\n|-heal|p1a: Slowking|83/100 brn|[from] item: Leftovers\n|-damage|p1a: Slowking|77/100 brn|[from] brn\n|-end|p2a: Chimecho|move: Heal Block\n|upkeep\n|turn|36\n|inactive|Time left: 300 sec this turn | 300 sec total\n|\n|t:|1783574272\n|move|p1a: Slowking|Slack Off|p1a: Slowking\n|-heal|p1a: Slowking|100/100 brn\n|move|p2a: Chimecho|Recover|p2a: Chimecho\n|-heal|p2a: Chimecho|288/290 par\n|\n|-heal|p2a: Chimecho|290/290 par|[from] item: Leftovers\n|-damage|p1a: Slowking|94/100 brn|[from] brn\n|upkeep\n|turn|37\n|inactive|Time left: 300 sec this turn | 300 sec total\n|\n|t:|1783574273\n|move|p1a: Slowking|Thunder Wave|p2a: Chimecho\n|-fail|p2a: Chimecho|par\n|move|p2a: Chimecho|Stored Power|p1a: Slowking\n|-resisted|p1a: Slowking\n|-damage|p1a: Slowking|71/100 brn\n|\n|-heal|p1a: Slowking|77/100 brn|[from] item: Leftovers\n|-damage|p1a: Slowking|71/100 brn|[from] brn\n|upkeep\n|turn|38\n|inactive|Time left: 300 sec this turn | 300 sec total\n|\n|t:|1783574274\n|switch|p1a: Mandibuzz|Mandibuzz, L85, F|94/100 brn\n|move|p2a: Chimecho|Stored Power|p1a: Mandibuzz\n|-immune|p1a: Mandibuzz\n|\n|-damage|p1a: Mandibuzz|88/100 brn|[from] brn\n|upkeep\n|turn|39\n|inactive|Time left: 300 sec this turn | 300 sec total\n|\n|t:|1783574275\n|move|p1a: Mandibuzz|Brave Bird|p2a: Chimecho\n|-damage|p2a: Chimecho|270/290 par\n|-damage|p1a: Mandibuzz|86/100 brn|[from] Recoil\n|move|p2a: Chimecho|Stored Power|p1a: Mandibuzz\n|-immune|p1a: Mandibuzz\n|\n|-heal|p2a: Chimecho|288/290 par|[from] item: Leftovers\n|-damage|p1a: Mandibuzz|80/100 brn|[from] brn\n|upkeep\n|turn|40\n|inactive|Time left: 300 sec this turn | 300 sec total\n|\n|t:|1783574276\n|move|p1a: Mandibuzz|Roost|p1a: Mandibuzz\n|-heal|p1a: Mandibuzz|100/100 brn\n|-singleturn|p1a: Mandibuzz|move: Roost\n|move|p2a: Chimecho|Dazzling Gleam|p1a: Mandibuzz\n|-supereffective|p1a: Mandibuzz\n|-damage|p1a: Mandibuzz|59/100 brn\n|\n|-heal|p2a: Chimecho|290/290 par|[from] item: Leftovers\n|-damage|p1a: Mandibuzz|53/100 brn|[from] brn\n|upkeep\n|turn|41\n|inactive|Time left: 300 sec this turn | 300 sec total\n|\n|t:|1783574277\n|move|p1a: Mandibuzz|Foul Play|p2a: Chimecho\n|-supereffective|p2a: Chimecho\n|-damage|p2a: Chimecho|271/290 par\n|move|p2a: Chimecho|Cosmic Power|p2a: Chimecho\n|-boost|p2a: Chimecho|def|1\n|-boost|p2a: Chimecho|spd|1\n|\n|-heal|p2a: Chimecho|289/290 par|[from] item: Leftovers\n|-damage|p1a: Mandibuzz|47/100 brn|[from] brn\n|upkeep\n|turn|42\n|inactive|Time left: 300 sec this turn | 300 sec total\n|\n|t:|1783574278\n|move|p1a: Mandibuzz|Foul Play|p2a: Chimecho\n|-supereffective|p2a: Chimecho\n|-damage|p2a: Chimecho|271/290 par\n|move|p2a: Chimecho|Dazzling Gleam|p1a: Mandibuzz\n|-supereffective|p1a: Mandibuzz\n|-damage|p1a: Mandibuzz|5/100 brn\n|\n|-heal|p2a: Chimecho|289/290 par|[from] item: Leftovers\n|-damage|p1a: Mandibuzz|0 fnt|[from] brn\n|faint|p1a: Mandibuzz\n|upkeep\n|\n|t:|1783574279\n|switch|p1a: Slowking|Slowking, L88, M|100/100 brn\n|turn|43\n|inactive|Time left: 300 sec this turn | 300 sec total\n|\n|t:|1783574280\n|move|p1a: Slowking|Slack Off||[still]\n|-fail|p1a: Slowking|heal\n|move|p2a: Chimecho|Stored Power|p1a: Slowking\n|-resisted|p1a: Slowking\n|-damage|p1a: Slowking|71/100 brn\n|\n|-heal|p1a: Slowking|78/100 brn|[from] item: Leftovers\n|-heal|p2a: Chimecho|290/290 par|[from] item: Leftovers\n|-damage|p1a: Slowking|71/100 brn|[from] brn\n|upkeep\n|turn|44\n|inactive|Time left: 300 sec this turn | 300 sec total\n|\n|t:|1783574281\n|move|p1a: Slowking|Slack Off|p1a: Slowking\n|-heal|p1a: Slowking|100/100 brn\n|cant|p2a: Chimecho|par\n|\n|-damage|p1a: Slowking|94/100 brn|[from] brn\n|upkeep\n|turn|45\n|inactive|Time left: 300 sec this turn | 300 sec total\n|\n|t:|1783574283\n|move|p1a: Slowking|Slack Off|p1a: Slowking\n|-heal|p1a: Slowking|100/100 brn\n|move|p2a: Chimecho|Stored Power|p1a: Slowking\n|-resisted|p1a: Slowking\n|-damage|p1a: Slowking|72/100 brn\n|\n|-heal|p1a: Slowking|78/100 brn|[from] item: Leftovers\n|-damage|p1a: Slowking|72/100 brn|[from] brn\n|upkeep\n|turn|46\n|inactive|Time left: 300 sec this turn | 300 sec total\n|\n|t:|1783574284\n|move|p1a: Slowking|Slack Off|p1a: Slowking\n|-heal|p1a: Slowking|100/100 brn\n|cant|p2a: Chimecho|par\n|\n|-damage|p1a: Slowking|94/100 brn|[from] brn\n|upkeep\n|turn|47\n|inactive|Time left: 300 sec this turn | 300 sec total\n|\n|t:|1783574285\n|move|p1a: Slowking|Thunder Wave|p2a: Chimecho\n|-fail|p2a: Chimecho|par\n|move|p2a: Chimecho|Stored Power|p1a: Slowking\n|-resisted|p1a: Slowking\n|-damage|p1a: Slowking|66/100 brn\n|\n|-heal|p1a: Slowking|72/100 brn|[from] item: Leftovers\n|-damage|p1a: Slowking|66/100 brn|[from] brn\n|upkeep\n|turn|48\n|inactive|Time left: 300 sec this turn | 300 sec total\n|\n|t:|1783574286\n|move|p1a: Slowking|Slack Off|p1a: Slowking\n|-heal|p1a: Slowking|100/100 brn\n|move|p2a: Chimecho|Stored Power|p1a: Slowking\n|-resisted|p1a: Slowking\n|-damage|p1a: Slowking|72/100 brn\n|\n|-heal|p1a: Slowking|79/100 brn|[from] item: Leftovers\n|-damage|p1a: Slowking|72/100 brn|[from] brn\n|upkeep\n|turn|49\n|inactive|Time left: 300 sec this turn | 300 sec total\n|\n|t:|1783574287\n|move|p1a: Slowking|Thunder Wave|p2a: Chimecho\n|-fail|p2a: Chimecho|par\n|cant|p2a: Chimecho|par\n|\n|-heal|p1a: Slowking|79/100 brn|[from] item: Leftovers\n|-damage|p1a: Slowking|72/100 brn|[from] brn\n|upkeep\n|turn|50\n|inactive|Time left: 300 sec this turn | 300 sec total\n|\n|t:|1783574287\n|switch|p1a: Volcanion|Volcanion, L79|32/100\n|cant|p2a: Chimecho|par\n|\n|upkeep\n|turn|51\n|inactive|Time left: 300 sec this turn | 300 sec total\n|\n|t:|1783574288\n|switch|p1a: Slowking|Slowking, L88, M|100/100 brn\n|move|p2a: Chimecho|Stored Power|p1a: Slowking\n|-resisted|p1a: Slowking\n|-damage|p1a: Slowking|70/100 brn\n|\n|-heal|p1a: Slowking|76/100 brn|[from] item: Leftovers\n|-damage|p1a: Slowking|70/100 brn|[from] brn\n|upkeep\n|turn|52\n|inactive|Time left: 300 sec this turn | 300 sec total\n|\n|t:|1783574289\n|switch|p1a: Volcanion|Volcanion, L79|32/100\n|move|p2a: Chimecho|Stored Power|p1a: Volcanion\n|-damage|p1a: Volcanion|0 fnt\n|faint|p1a: Volcanion\n|\n|upkeep\n|\n|t:|1783574290\n|switch|p1a: Gengar|Gengar, L81, M|100/100\n|turn|53\n|inactive|Time left: 300 sec this turn | 300 sec total\n|\n|t:|1783574291\n|move|p1a: Gengar|Shadow Ball|p2a: Chimecho\n|-supereffective|p2a: Chimecho\n|-damage|p2a: Chimecho|204/290 par\n|cant|p2a: Chimecho|par\n|\n|-heal|p2a: Chimecho|222/290 par|[from] item: Leftovers\n|upkeep\n|turn|54\n|inactive|Time left: 300 sec this turn | 300 sec total\n|\n|t:|1783574292\n|move|p1a: Gengar|Shadow Ball|p2a: Chimecho\n|-supereffective|p2a: Chimecho\n|-damage|p2a: Chimecho|132/290 par\n|move|p2a: Chimecho|Recover|p2a: Chimecho\n|-heal|p2a: Chimecho|277/290 par\n|\n|-heal|p2a: Chimecho|290/290 par|[from] item: Leftovers\n|upkeep\n|turn|55\n|inactive|Time left: 300 sec this turn | 300 sec total\n|\n|t:|1783574293\n|move|p1a: Gengar|Shadow Ball|p2a: Chimecho\n|-supereffective|p2a: Chimecho\n|-damage|p2a: Chimecho|206/290 par\n|move|p2a: Chimecho|Dazzling Gleam|p1a: Gengar\n|-resisted|p1a: Gengar\n|-damage|p1a: Gengar|83/100\n|\n|-heal|p2a: Chimecho|224/290 par|[from] item: Leftovers\n|upkeep\n|turn|56\n|inactive|Time left: 300 sec this turn | 300 sec total\n|\n|t:|1783574294\n|move|p1a: Gengar|Shadow Ball|p2a: Chimecho\n|-supereffective|p2a: Chimecho\n|-damage|p2a: Chimecho|128/290 par\n|-unboost|p2a: Chimecho|spd|1\n|cant|p2a: Chimecho|par\n|\n|-heal|p2a: Chimecho|146/290 par|[from] item: Leftovers\n|upkeep\n|turn|57\n|inactive|Time left: 300 sec this turn | 300 sec total\n|\n|t:|1783574295\n|-terastallize|p2a: Chimecho|Steel\n|move|p1a: Gengar|Shadow Ball|p2a: Chimecho\n|-damage|p2a: Chimecho|91/290 par\n|move|p2a: Chimecho|Recover|p2a: Chimecho\n|-heal|p2a: Chimecho|236/290 par\n|\n|-heal|p2a: Chimecho|254/290 par|[from] item: Leftovers\n|upkeep\n|turn|58\n|inactive|Time left: 300 sec this turn | 300 sec total\n|\n|t:|1783574296\n|move|p1a: Gengar|Shadow Ball|p2a: Chimecho\n|-damage|p2a: Chimecho|199/290 par\n|-unboost|p2a: Chimecho|spd|1\n|move|p2a: Chimecho|Recover|p2a: Chimecho\n|-heal|p2a: Chimecho|290/290 par\n|\n|upkeep\n|turn|59\n|inactive|Time left: 300 sec this turn | 300 sec total\n|\n|t:|1783574297\n|move|p1a: Gengar|Shadow Ball|p2a: Chimecho\n|-damage|p2a: Chimecho|229/290 par\n|move|p2a: Chimecho|Cosmic Power|p2a: Chimecho\n|-boost|p2a: Chimecho|def|1\n|-boost|p2a: Chimecho|spd|1\n|\n|-heal|p2a: Chimecho|247/290 par|[from] item: Leftovers\n|upkeep\n|turn|60\n|inactive|Time left: 300 sec this turn | 300 sec total\n|\n|t:|1783574298\n|move|p1a: Gengar|Shadow Ball|p2a: Chimecho\n|-damage|p2a: Chimecho|190/290 par\n|move|p2a: Chimecho|Dazzling Gleam|p1a: Gengar\n|-resisted|p1a: Gengar\n|-damage|p1a: Gengar|65/100\n|\n|-heal|p2a: Chimecho|208/290 par|[from] item: Leftovers\n|upkeep\n|turn|61\n|inactive|Time left: 300 sec this turn | 300 sec total\n|\n|t:|1783574299\n|move|p1a: Gengar|Shadow Ball|p2a: Chimecho\n|-damage|p2a: Chimecho|151/290 par\n|move|p2a: Chimecho|Recover|p2a: Chimecho\n|-heal|p2a: Chimecho|290/290 par\n|\n|upkeep\n|turn|62\n|inactive|Time left: 300 sec this turn | 300 sec total\n|\n|t:|1783574300\n|move|p1a: Gengar|Shadow Ball|p2a: Chimecho\n|-damage|p2a: Chimecho|239/290 par\n|move|p2a: Chimecho|Dazzling Gleam|p1a: Gengar\n|-resisted|p1a: Gengar\n|-damage|p1a: Gengar|48/100\n|\n|-heal|p2a: Chimecho|257/290 par|[from] item: Leftovers\n|upkeep\n|turn|63\n|inactive|Time left: 300 sec this turn | 300 sec total\n|\n|t:|1783574301\n|move|p1a: Gengar|Shadow Ball|p2a: Chimecho\n|-damage|p2a: Chimecho|197/290 par\n|cant|p2a: Chimecho|par\n|\n|-heal|p2a: Chimecho|215/290 par|[from] item: Leftovers\n|upkeep\n|turn|64\n|inactive|Time left: 300 sec this turn | 300 sec total\n|\n|t:|1783574302\n|move|p1a: Gengar|Shadow Ball|p2a: Chimecho\n|-damage|p2a: Chimecho|157/290 par\n|move|p2a: Chimecho|Recover|p2a: Chimecho\n|-heal|p2a: Chimecho|290/290 par\n|\n|upkeep\n|turn|65\n|inactive|Time left: 300 sec this turn | 300 sec total\n|\n|t:|1783574303\n|move|p1a: Gengar|Shadow Ball|p2a: Chimecho\n|-damage|p2a: Chimecho|235/290 par\n|cant|p2a: Chimecho|par\n|\n|-heal|p2a: Chimecho|253/290 par|[from] item: Leftovers\n|upkeep\n|turn|66\n|inactive|Time left: 300 sec this turn | 300 sec total\n|\n|t:|1783574304\n|move|p1a: Gengar|Shadow Ball|p2a: Chimecho\n|-damage|p2a: Chimecho|195/290 par\n|-unboost|p2a: Chimecho|spd|1\n|cant|p2a: Chimecho|par\n|\n|-heal|p2a: Chimecho|213/290 par|[from] item: Leftovers\n|upkeep\n|turn|67\n|inactive|Time left: 300 sec this turn | 300 sec total\n|\n|t:|1783574306\n|move|p1a: Gengar|Shadow Ball|p2a: Chimecho\n|-damage|p2a: Chimecho|147/290 par\n|-unboost|p2a: Chimecho|spd|1\n|move|p2a: Chimecho|Recover|p2a: Chimecho\n|-heal|p2a: Chimecho|290/290 par\n|\n|upkeep\n|turn|68\n|inactive|Time left: 300 sec this turn | 300 sec total\n|\n|t:|1783574307\n|move|p1a: Gengar|Shadow Ball|p2a: Chimecho\n|-damage|p2a: Chimecho|205/290 par\n|-unboost|p2a: Chimecho|spd|1\n|move|p2a: Chimecho|Cosmic Power|p2a: Chimecho\n|-boost|p2a: Chimecho|def|1\n|-boost|p2a: Chimecho|spd|1\n|\n|-heal|p2a: Chimecho|223/290 par|[from] item: Leftovers\n|upkeep\n|turn|69\n|inactive|Time left: 300 sec this turn | 300 sec total\n|\n|t:|1783574308\n|move|p1a: Gengar|Shadow Ball|p2a: Chimecho\n|-damage|p2a: Chimecho|127/290 par\n|move|p2a: Chimecho|Cosmic Power|p2a: Chimecho\n|-boost|p2a: Chimecho|def|0\n|-boost|p2a: Chimecho|spd|1\n|\n|-heal|p2a: Chimecho|145/290 par|[from] item: Leftovers\n|upkeep\n|turn|70\n|inactive|Time left: 300 sec this turn | 300 sec total\n|\n|t:|1783574309\n|move|p1a: Gengar|Shadow Ball|p2a: Chimecho\n|-damage|p2a: Chimecho|76/290 par\n|move|p2a: Chimecho|Recover|p2a: Chimecho\n|-heal|p2a: Chimecho|221/290 par\n|\n|-heal|p2a: Chimecho|239/290 par|[from] item: Leftovers\n|upkeep\n|turn|71\n|inactive|Time left: 300 sec this turn | 300 sec total\n|\n|t:|1783574311\n|move|p1a: Gengar|Shadow Ball|p2a: Chimecho\n|-damage|p2a: Chimecho|173/290 par\n|move|p2a: Chimecho|Cosmic Power|p2a: Chimecho\n|-boost|p2a: Chimecho|def|0\n|-boost|p2a: Chimecho|spd|1\n|\n|-heal|p2a: Chimecho|191/290 par|[from] item: Leftovers\n|upkeep\n|turn|72\n|inactive|Time left: 300 sec this turn | 300 sec total\n|\n|t:|1783574312\n|move|p1a: Gengar|Shadow Ball|p2a: Chimecho\n|-damage|p2a: Chimecho|136/290 par\n|move|p2a: Chimecho|Dazzling Gleam|p1a: Gengar\n|-resisted|p1a: Gengar\n|-damage|p1a: Gengar|31/100\n|\n|-heal|p2a: Chimecho|154/290 par|[from] item: Leftovers\n|upkeep\n|turn|73\n|inactive|Time left: 300 sec this turn | 300 sec total\n|\n|t:|1783574313\n|move|p1a: Gengar|Shadow Ball|p2a: Chimecho\n|-damage|p2a: Chimecho|103/290 par\n|-unboost|p2a: Chimecho|spd|1\n|move|p2a: Chimecho|Dazzling Gleam|p1a: Gengar\n|-resisted|p1a: Gengar\n|-damage|p1a: Gengar|14/100\n|\n|-heal|p2a: Chimecho|121/290 par|[from] item: Leftovers\n|upkeep\n|turn|74\n|inactive|Time left: 300 sec this turn | 300 sec total\n|\n|t:|1783574314\n|move|p1a: Gengar|Shadow Ball|p2a: Chimecho\n|-damage|p2a: Chimecho|57/290 par\n|cant|p2a: Chimecho|par\n|\n|-heal|p2a: Chimecho|75/290 par|[from] item: Leftovers\n|upkeep\n|turn|75\n|inactive|Time left: 300 sec this turn | 300 sec total\n|\n|t:|1783574315\n|move|p1a: Gengar|Shadow Ball|p2a: Chimecho\n|-damage|p2a: Chimecho|2/290 par\n|move|p2a: Chimecho|Dazzling Gleam|p1a: Gengar\n|-resisted|p1a: Gengar\n|-damage|p1a: Gengar|0 fnt\n|-start|p2a: Chimecho|Disable|Dazzling Gleam|[from] ability: Cursed Body|[of] p1a: Gengar\n|faint|p1a: Gengar\n|\n|-heal|p2a: Chimecho|20/290 par|[from] item: Leftovers\n|upkeep\n|\n|t:|1783574317\n|switch|p1a: Slowking|Slowking, L88, M|100/100 brn\n|turn|76\n|inactive|Time left: 300 sec this turn | 300 sec total\n|\n|t:|1783574318\n|-terastallize|p1a: Slowking|Dragon\n|move|p1a: Slowking|Scald|p2a: Chimecho\n|-damage|p2a: Chimecho|0 fnt\n|faint|p2a: Chimecho\n|\n|-damage|p1a: Slowking|94/100 brn|[from] brn\n|upkeep\n|inactive|Time left: 300 sec this turn | 300 sec total | 5 sec grace\n|\n|t:|1783574319\n|switch|p2a: Clefable|Clefable, L83, M|293/293\n|turn|77\n|inactive|Time left: 300 sec this turn | 300 sec total\n|\n|t:|1783574320\n|move|p2a: Clefable|Moonblast|p1a: Slowking\n|-supereffective|p1a: Slowking\n|-damage|p1a: Slowking|44/100 brn\n|move|p1a: Slowking|Thunder Wave|p2a: Clefable\n|-status|p2a: Clefable|par\n|\n|-heal|p1a: Slowking|50/100 brn|[from] item: Leftovers\n|-damage|p1a: Slowking|44/100 brn|[from] brn\n|upkeep\n|turn|78\n|inactive|Time left: 300 sec this turn | 300 sec total\n|\n|t:|1783574321\n|move|p1a: Slowking|Thunder Wave|p2a: Clefable\n|-fail|p2a: Clefable|par\n|move|p2a: Clefable|Moonblast|p1a: Slowking\n|-supereffective|p1a: Slowking\n|-damage|p1a: Slowking|0 fnt\n|faint|p1a: Slowking\n|\n|win|p0y29746bc7", "uploadtime": 1783574321, "views": 0, "rating": 0, "private": 0, "password": null, "_winner": "p0y29746bc7", "_our_name": "p0y29746bc7"}