{"id": "battle-gen9randombattle-1939", "formatid": "gen9randombattle", "format": "[Gen 9] Random Battle", "players": ["p0x19396265", "p0y1939b821"], "log": "|init|battle\n|title|p0x19396265 vs. p0y1939b821\n|j|\u2606p0x19396265\n|j|\u2606p0y1939b821\n|t:|1783562426\n|gametype|singles\n|player|p1|p0x19396265|1|\n|player|p2|p0y1939b821|169|\n|gen|9\n|tier|[Gen 9] Random Battle\n|rule|Species Clause: Limit one of each Pok\u00e9mon\n|rule|HP Percentage Mod: HP is shown in percentages\n|rule|Sleep Clause Mod: Limit one foe put to sleep\n|rule|Illusion Level Mod: Illusion disguises the Pok\u00e9mon's true level\n|\n|t:|1783562426\n|teamsize|p1|6\n|teamsize|p2|6\n|start\n|switch|p1a: Luvdisc|Luvdisc, F|100/100\n|switch|p2a: Frosmoth|Frosmoth, L82, F|249/249\n|turn|1\n|inactive|Battle timer is ON: inactive players will automatically lose when time's up. (requested by p0y1939b821)\n|inactive|p0x19396265 also wants the timer to be on.\n|\n|t:|1783562427\n|move|p1a: Luvdisc|Flip Turn|p2a: Frosmoth\n|-damage|p2a: Frosmoth|192/249\n|\n|t:|1783562428\n|switch|p1a: Chien-Pao|Chien-Pao, L72|100/100|[from] Flip Turn\n|-ability|p1a: Chien-Pao|Sword of Ruin\n|move|p2a: Frosmoth|Quiver Dance|p2a: Frosmoth\n|-boost|p2a: Frosmoth|spa|1\n|-boost|p2a: Frosmoth|spd|1\n|-boost|p2a: Frosmoth|spe|1\n|\n|upkeep\n|turn|2\n|inactive|Time left: 300 sec this turn | 300 sec total\n|\n|t:|1783562429\n|move|p1a: Chien-Pao|Crunch|p2a: Frosmoth\n|-damage|p2a: Frosmoth|0 fnt\n|faint|p2a: Frosmoth\n|\n|upkeep\n|inactive|Time left: 300 sec this turn | 300 sec total | 5 sec grace\n|\n|t:|1783562430\n|switch|p2a: Iron Hands|Iron Hands, L79|373/373\n|turn|3\n|inactive|Time left: 300 sec this turn | 300 sec total\n|\n|t:|1783562431\n|switch|p1a: Overqwil|Overqwil, L82, M|100/100\n|-ability|p1a: Overqwil|Intimidate|boost\n|-unboost|p2a: Iron Hands|atk|1\n|move|p2a: Iron Hands|Swords Dance|p2a: Iron Hands\n|-boost|p2a: Iron Hands|atk|2\n|\n|upkeep\n|turn|4\n|inactive|Time left: 300 sec this turn | 300 sec total\n|\n|t:|1783562432\n|switch|p1a: Rotom|Rotom, L88|100/100\n|move|p2a: Iron Hands|Thunder Punch|p1a: Rotom\n|-resisted|p1a: Rotom\n|-damage|p1a: Rotom|68/100\n|\n|upkeep\n|turn|5\n|inactive|Time left: 300 sec this turn | 300 sec total\n|\n|t:|1783562433\n|move|p1a: Rotom|Trick|p2a: Iron Hands\n|-activate|p1a: Rotom|move: Trick|[of] p2a: Iron Hands\n|-item|p2a: Iron Hands|Choice Scarf|[from] move: Trick\n|-item|p1a: Rotom|Leftovers|[from] move: Trick\n|move|p2a: Iron Hands|Ice Punch|p1a: Rotom\n|-damage|p1a: Rotom|27/100\n|\n|-heal|p1a: Rotom|33/100|[from] item: Leftovers\n|upkeep\n|turn|6\n|inactive|Time left: 300 sec this turn | 300 sec total\n|\n|t:|1783562434\n|move|p1a: Rotom|Volt Switch|p2a: Iron Hands\n|-resisted|p2a: Iron Hands\n|-damage|p2a: Iron Hands|325/373\n|\n|t:|1783562435\n|switch|p1a: Iron Bundle|Iron Bundle, L78|100/100|[from] Volt Switch\n|move|p2a: Iron Hands|Ice Punch|p1a: Iron Bundle\n|-resisted|p1a: Iron Bundle\n|-damage|p1a: Iron Bundle|91/100\n|\n|upkeep\n|turn|7\n|inactive|Time left: 300 sec this turn | 300 sec total\n|\n|t:|1783562436\n|-end|p2a: Iron Hands|Quark Drive|[silent]\n|switch|p2a: Chansey|Chansey, L85, F|564/564\n|move|p1a: Iron Bundle|Ice Beam|p2a: Chansey\n|-damage|p2a: Chansey|479/564\n|\n|upkeep\n|turn|8\n|inactive|Time left: 300 sec this turn | 300 sec total\n|\n|t:|1783562437\n|-end|p1a: Iron Bundle|Quark Drive|[silent]\n|switch|p1a: Overqwil|Overqwil, L82, M|100/100\n|-ability|p1a: Overqwil|Intimidate|boost\n|-unboost|p2a: Chansey|atk|1\n|move|p2a: Chansey|Stealth Rock|p1a: Overqwil\n|-sidestart|p1: p0x19396265|move: Stealth Rock\n|\n|upkeep\n|turn|9\n|inactive|Time left: 300 sec this turn | 300 sec total\n|\n|t:|1783562438\n|switch|p2a: Iron Hands|Iron Hands, L79|325/373\n|move|p1a: Overqwil|Swords Dance|p1a: Overqwil\n|-boost|p1a: Overqwil|atk|2\n|\n|upkeep\n|turn|10\n|inactive|Time left: 300 sec this turn | 300 sec total\n|\n|t:|1783562439\n|move|p2a: Iron Hands|Drain Punch|p1a: Overqwil\n|-damage|p1a: Overqwil|68/100\n|-heal|p2a: Iron Hands|370/373|[from] drain|[of] p1a: Overqwil\n|move|p1a: Overqwil|Gunk Shot|p2a: Iron Hands\n|-damage|p2a: Iron Hands|112/373\n|-status|p2a: Iron Hands|psn\n|\n|-damage|p2a: Iron Hands|66/373 psn|[from] psn\n|upkeep\n|turn|11\n|inactive|Time left: 300 sec this turn | 300 sec total\n|\n|t:|1783562440\n|move|p2a: Iron Hands|Drain Punch|p1a: Overqwil\n|-damage|p1a: Overqwil|36/100\n|-heal|p2a: Iron Hands|110/373 psn|[from] drain|[of] p1a: Overqwil\n|move|p1a: Overqwil|Scale Shot|p2a: Iron Hands\n|-damage|p2a: Iron Hands|75/373 psn\n|-damage|p2a: Iron Hands|39/373 psn\n|-damage|p2a: Iron Hands|1/373 psn\n|-damage|p2a: Iron Hands|0 fnt\n|faint|p2a: Iron Hands\n|-end|p2a: Iron Hands|Quark Drive|[silent]\n|-hitcount|p2: Iron Hands|4\n|-unboost|p1a: Overqwil|def|1\n|-boost|p1a: Overqwil|spe|1\n|\n|upkeep\n|inactive|Time left: 300 sec this turn | 300 sec total | 5 sec grace\n|\n|t:|1783562441\n|switch|p2a: Avalugg|Avalugg, L88, M|310/310\n|turn|12\n|inactive|Time left: 300 sec this turn | 300 sec total\n|\n|t:|1783562443\n|move|p1a: Overqwil|Gunk Shot|p2a: Avalugg\n|-damage|p2a: Avalugg|174/310\n|-status|p2a: Avalugg|psn\n|move|p2a: Avalugg|Body Press|p1a: Overqwil\n|-damage|p1a: Overqwil|0 fnt\n|faint|p1a: Overqwil\n|\n|-damage|p2a: Avalugg|136/310 psn|[from] psn\n|upkeep\n|\n|t:|1783562443\n|switch|p1a: Rotom|Rotom, L88|33/100\n|-damage|p1a: Rotom|21/100|[from] Stealth Rock\n|turn|13\n|inactive|Time left: 300 sec this turn | 300 sec total\n|\n|t:|1783562444\n|switch|p2a: Flygon|Flygon, L82, F|265/265\n|move|p1a: Rotom|Thunderbolt|p2a: Flygon\n|-immune|p2a: Flygon\n|\n|-heal|p1a: Rotom|27/100|[from] item: Leftovers\n|upkeep\n|turn|14\n|inactive|Time left: 300 sec this turn | 300 sec total\n|\n|t:|1783562445\n|move|p2a: Flygon|Dragon Dance|p2a: Flygon\n|-boost|p2a: Flygon|atk|1\n|-boost|p2a: Flygon|spe|1\n|move|p1a: Rotom|Thunderbolt|p2a: Flygon\n|-immune|p2a: Flygon\n|\n|-heal|p1a: Rotom|33/100|[from] item: Leftovers\n|upkeep\n|turn|15\n|inactive|Time left: 300 sec this turn | 300 sec total\n|\n|t:|1783562447\n|move|p2a: Flygon|Outrage|p1a: Rotom\n|-damage|p1a: Rotom|0 fnt\n|faint|p1a: Rotom\n|\n|upkeep\n|\n|t:|1783562448\n|switch|p1a: Luvdisc|Luvdisc, F|100/100\n|turn|16\n|inactive|Time left: 300 sec this turn | 300 sec total\n|\n|t:|1783562449\n|move|p2a: Flygon|Outrage|p1a: Luvdisc|[from] lockedmove\n|-damage|p1a: Luvdisc|14/100\n|move|p1a: Luvdisc|Endeavor|p2a: Flygon\n|-damage|p2a: Flygon|33/265\n|\n|upkeep\n|turn|17\n|inactive|Time left: 300 sec this turn | 300 sec total\n|\n|t:|1783562450\n|move|p2a: Flygon|Outrage|p1a: Luvdisc|[from] lockedmove\n|-damage|p1a: Luvdisc|0 fnt\n|faint|p1a: Luvdisc\n|-start|p2a: Flygon|confusion|[fatigue]\n|-enditem|p2a: Flygon|Lum Berry|[eat]\n|-end|p2a: Flygon|confusion\n|\n|upkeep\n|\n|t:|1783562451\n|switch|p1a: Chien-Pao|Chien-Pao, L72|100/100\n|-damage|p1a: Chien-Pao|76/100|[from] Stealth Rock\n|-ability|p1a: Chien-Pao|Sword of Ruin\n|turn|18\n|inactive|Time left: 300 sec this turn | 300 sec total\n|\n|t:|1783562452\n|move|p1a: Chien-Pao|Ice Shard|p2a: Flygon\n|-supereffective|p2a: Flygon\n|-damage|p2a: Flygon|0 fnt\n|faint|p2a: Flygon\n|\n|upkeep\n|inactive|Time left: 300 sec this turn | 300 sec total | 5 sec grace\n|\n|t:|1783562453\n|switch|p2a: Rhyperior|Rhyperior, L82, M|323/323\n|turn|19\n|inactive|Time left: 300 sec this turn | 300 sec total\n|\n|t:|1783562454\n|move|p1a: Chien-Pao|Ice Shard|p2a: Rhyperior\n|-supereffective|p2a: Rhyperior\n|-damage|p2a: Rhyperior|242/323\n|move|p2a: Rhyperior|Stone Edge|p1a: Chien-Pao|[miss]\n|-miss|p2a: Rhyperior|p1a: Chien-Pao\n|\n|upkeep\n|turn|20\n|inactive|Time left: 300 sec this turn | 300 sec total\n|\n|t:|1783562455\n|move|p1a: Chien-Pao|Ice Shard|p2a: Rhyperior\n|-supereffective|p2a: Rhyperior\n|-damage|p2a: Rhyperior|164/323\n|move|p2a: Rhyperior|Stone Edge|p1a: Chien-Pao\n|-supereffective|p1a: Chien-Pao\n|-damage|p1a: Chien-Pao|0 fnt\n|faint|p1a: Chien-Pao\n|\n|upkeep\n|\n|t:|1783562456\n|switch|p1a: Iron Bundle|Iron Bundle, L78|91/100\n|-damage|p1a: Iron Bundle|67/100|[from] Stealth Rock\n|turn|21\n|inactive|Time left: 300 sec this turn | 300 sec total\n|\n|t:|1783562457\n|switch|p2a: Chansey|Chansey, L85, F|479/564\n|move|p1a: Iron Bundle|Ice Beam|p2a: Chansey\n|-damage|p2a: Chansey|397/564\n|\n|upkeep\n|turn|22\n|inactive|Time left: 300 sec this turn | 300 sec total\n|\n|t:|1783562458\n|move|p1a: Iron Bundle|Ice Beam|p2a: Chansey\n|-damage|p2a: Chansey|312/564\n|move|p2a: Chansey|Seismic Toss|p1a: Iron Bundle\n|-damage|p1a: Iron Bundle|27/100\n|\n|upkeep\n|turn|23\n|inactive|Time left: 300 sec this turn | 300 sec total\n|\n|t:|1783562460\n|move|p1a: Iron Bundle|Ice Beam|p2a: Chansey\n|-damage|p2a: Chansey|219/564\n|-status|p2a: Chansey|frz\n|cant|p2a: Chansey|frz\n|\n|upkeep\n|turn|24\n|inactive|Time left: 300 sec this turn | 300 sec total\n|\n|t:|1783562461\n|move|p1a: Iron Bundle|Ice Beam|p2a: Chansey\n|-crit|p2a: Chansey\n|-damage|p2a: Chansey|78/564 frz\n|-curestatus|p2a: Chansey|frz|[msg]\n|move|p2a: Chansey|Seismic Toss|p1a: Iron Bundle\n|-damage|p1a: Iron Bundle|0 fnt\n|faint|p1a: Iron Bundle\n|-end|p1a: Iron Bundle|Quark Drive|[silent]\n|\n|upkeep\n|\n|t:|1783562462\n|switch|p1a: Noivern|Noivern, L82, F|100/100\n|turn|25\n|inactive|Time left: 300 sec this turn | 300 sec total\n|\n|t:|1783562463\n|move|p1a: Noivern|Hurricane|p2a: Chansey\n|-damage|p2a: Chansey|20/564\n|-start|p2a: Chansey|confusion\n|-activate|p2a: Chansey|confusion\n|move|p2a: Chansey|Soft-Boiled|p2a: Chansey\n|-heal|p2a: Chansey|302/564\n|\n|upkeep\n|turn|26\n|inactive|Time left: 300 sec this turn | 300 sec total\n|\n|t:|1783562464\n|switch|p2a: Rhyperior|Rhyperior, L82, M|164/323\n|move|p1a: Noivern|Flamethrower|p2a: Rhyperior\n|-resisted|p2a: Rhyperior\n|-damage|p2a: Rhyperior|135/323\n|\n|upkeep\n|turn|27\n|inactive|Time left: 300 sec this turn | 300 sec total\n|\n|t:|1783562465\n|move|p1a: Noivern|Draco Meteor|p2a: Rhyperior|[miss]\n|-miss|p1a: Noivern|p2a: Rhyperior\n|move|p2a: Rhyperior|Stone Edge|p1a: Noivern\n|-supereffective|p1a: Noivern\n|-damage|p1a: Noivern|0 fnt\n|faint|p1a: Noivern\n|\n|win|p0y1939b821", "uploadtime": 1783562465, "views": 0, "rating": 0, "private": 0, "password": null, "_winner": "p0y1939b821", "_our_name": "p0y1939b821"}