{"id": "battle-gen9randombattle-1039", "formatid": "gen9randombattle", "format": "[Gen 9] Random Battle", "players": ["p0x10398bbe", "p0y10391ff5"], "log": "|init|battle\n|title|p0x10398bbe vs. p0y10391ff5\n|j|\u2606p0x10398bbe\n|j|\u2606p0y10391ff5\n|t:|1783551220\n|gametype|singles\n|player|p1|p0x10398bbe|2|\n|player|p2|p0y10391ff5|102|\n|gen|9\n|tier|[Gen 9] Random Battle\n|rule|Species Clause: Limit one of each Pok\u00e9mon\n|rule|HP Percentage Mod: HP is shown in percentages\n|rule|Sleep Clause Mod: Limit one foe put to sleep\n|rule|Illusion Level Mod: Illusion disguises the Pok\u00e9mon's true level\n|\n|t:|1783551220\n|teamsize|p1|6\n|teamsize|p2|6\n|start\n|switch|p1a: Diancie|Diancie, L82|216/216\n|switch|p2a: Hawlucha|Hawlucha, L80, M|100/100\n|turn|1\n|inactive|Battle timer is ON: inactive players will automatically lose when time's up. (requested by p0y10391ff5)\n|inactive|Time left: 300 sec this turn | 300 sec total | 60 sec grace\n|inactive|p0x10398bbe also wants the timer to be on.\n|\n|t:|1783551222\n|move|p2a: Hawlucha|Swords Dance|p2a: Hawlucha\n|-boost|p2a: Hawlucha|atk|2\n|move|p1a: Diancie|Diamond Storm|p2a: Hawlucha\n|-damage|p2a: Hawlucha|53/100\n|-boost|p1a: Diancie|def|2\n|\n|upkeep\n|turn|2\n|inactive|Time left: 300 sec this turn | 300 sec total\n|\n|t:|1783551223\n|move|p2a: Hawlucha|Close Combat|p1a: Diancie\n|-damage|p1a: Diancie|134/216\n|-unboost|p2a: Hawlucha|def|1\n|-unboost|p2a: Hawlucha|spd|1\n|-enditem|p2a: Hawlucha|White Herb\n|-clearnegativeboost|p2a: Hawlucha|[silent]\n|move|p1a: Diancie|Draining Kiss|p2a: Hawlucha\n|-supereffective|p2a: Hawlucha\n|-damage|p2a: Hawlucha|3/100\n|-heal|p1a: Diancie|216/216|[from] drain|[of] p2a: Hawlucha\n|\n|upkeep\n|turn|3\n|inactive|Time left: 300 sec this turn | 300 sec total\n|\n|t:|1783551225\n|move|p2a: Hawlucha|Close Combat|p1a: Diancie\n|-damage|p1a: Diancie|143/216\n|-unboost|p2a: Hawlucha|def|1\n|-unboost|p2a: Hawlucha|spd|1\n|move|p1a: Diancie|Diamond Storm|p2a: Hawlucha|[miss]\n|-miss|p1a: Diancie|p2a: Hawlucha\n|\n|-heal|p1a: Diancie|156/216|[from] item: Leftovers\n|upkeep\n|turn|4\n|inactive|Time left: 300 sec this turn | 300 sec total\n|\n|t:|1783551226\n|move|p2a: Hawlucha|Close Combat|p1a: Diancie\n|-damage|p1a: Diancie|81/216\n|-unboost|p2a: Hawlucha|def|1\n|-unboost|p2a: Hawlucha|spd|1\n|move|p1a: Diancie|Draining Kiss|p2a: Hawlucha\n|-supereffective|p2a: Hawlucha\n|-damage|p2a: Hawlucha|0 fnt\n|-heal|p1a: Diancie|86/216|[from] drain|[of] p2a: Hawlucha\n|faint|p2a: Hawlucha\n|\n|-heal|p1a: Diancie|99/216|[from] item: Leftovers\n|upkeep\n|\n|t:|1783551227\n|switch|p2a: Arceus|Arceus-Water, L71|100/100\n|turn|5\n|inactive|Time left: 300 sec this turn | 300 sec total\n|\n|t:|1783551228\n|move|p2a: Arceus|Judgment|p1a: Diancie\n|-supereffective|p1a: Diancie\n|-damage|p1a: Diancie|0 fnt\n|faint|p1a: Diancie\n|\n|upkeep\n|inactive|Time left: 300 sec this turn | 300 sec total | 5 sec grace\n|\n|t:|1783551229\n|switch|p1a: Zangoose|Zangoose, L85, M|263/263\n|turn|6\n|inactive|Time left: 300 sec this turn | 300 sec total\n|\n|t:|1783551230\n|move|p2a: Arceus|Judgment|p1a: Zangoose\n|-damage|p1a: Zangoose|116/263\n|move|p1a: Zangoose|Swords Dance|p1a: Zangoose\n|-boost|p1a: Zangoose|atk|2\n|\n|-status|p1a: Zangoose|tox|[from] item: Toxic Orb\n|upkeep\n|turn|7\n|inactive|Time left: 300 sec this turn | 300 sec total\n|\n|t:|1783551231\n|switch|p1a: Deoxys|Deoxys-Defense, L84|221/221\n|-ability|p1a: Deoxys|Pressure\n|move|p2a: Arceus|Judgment|p1a: Deoxys\n|-damage|p1a: Deoxys|146/221\n|\n|-heal|p1a: Deoxys|159/221|[from] item: Leftovers\n|upkeep\n|turn|8\n|inactive|Time left: 300 sec this turn | 300 sec total\n|\n|t:|1783551232\n|move|p2a: Arceus|Calm Mind|p2a: Arceus\n|-boost|p2a: Arceus|spa|1\n|-boost|p2a: Arceus|spd|1\n|move|p1a: Deoxys|Cosmic Power|p1a: Deoxys\n|-boost|p1a: Deoxys|def|1\n|-boost|p1a: Deoxys|spd|1\n|\n|-heal|p1a: Deoxys|172/221|[from] item: Leftovers\n|upkeep\n|turn|9\n|inactive|Time left: 300 sec this turn | 300 sec total\n|\n|t:|1783551233\n|move|p2a: Arceus|Calm Mind|p2a: Arceus\n|-boost|p2a: Arceus|spa|1\n|-boost|p2a: Arceus|spd|1\n|move|p1a: Deoxys|Cosmic Power|p1a: Deoxys\n|-boost|p1a: Deoxys|def|1\n|-boost|p1a: Deoxys|spd|1\n|\n|-heal|p1a: Deoxys|185/221|[from] item: Leftovers\n|upkeep\n|turn|10\n|inactive|Time left: 300 sec this turn | 300 sec total\n|\n|t:|1783551234\n|move|p2a: Arceus|Judgment|p1a: Deoxys\n|-damage|p1a: Deoxys|116/221\n|move|p1a: Deoxys|Night Shade|p2a: Arceus\n|-damage|p2a: Arceus|71/100\n|\n|-heal|p1a: Deoxys|129/221|[from] item: Leftovers\n|upkeep\n|turn|11\n|inactive|Time left: 300 sec this turn | 300 sec total\n|\n|t:|1783551235\n|move|p2a: Arceus|Judgment|p1a: Deoxys\n|-damage|p1a: Deoxys|60/221\n|move|p1a: Deoxys|Recover|p1a: Deoxys\n|-heal|p1a: Deoxys|171/221\n|\n|-heal|p1a: Deoxys|184/221|[from] item: Leftovers\n|upkeep\n|turn|12\n|inactive|Time left: 300 sec this turn | 300 sec total\n|\n|t:|1783551236\n|move|p2a: Arceus|Calm Mind|p2a: Arceus\n|-boost|p2a: Arceus|spa|1\n|-boost|p2a: Arceus|spd|1\n|move|p1a: Deoxys|Night Shade|p2a: Arceus\n|-damage|p2a: Arceus|42/100\n|\n|-heal|p1a: Deoxys|197/221|[from] item: Leftovers\n|upkeep\n|turn|13\n|inactive|Time left: 300 sec this turn | 300 sec total\n|\n|t:|1783551237\n|move|p2a: Arceus|Recover|p2a: Arceus\n|-heal|p2a: Arceus|92/100\n|move|p1a: Deoxys|Night Shade|p2a: Arceus\n|-damage|p2a: Arceus|63/100\n|\n|-heal|p1a: Deoxys|210/221|[from] item: Leftovers\n|upkeep\n|turn|14\n|inactive|Time left: 300 sec this turn | 300 sec total\n|\n|t:|1783551238\n|move|p2a: Arceus|Recover|p2a: Arceus\n|-heal|p2a: Arceus|100/100\n|move|p1a: Deoxys|Night Shade|p2a: Arceus\n|-damage|p2a: Arceus|71/100\n|\n|-heal|p1a: Deoxys|221/221|[from] item: Leftovers\n|upkeep\n|turn|15\n|inactive|Time left: 300 sec this turn | 300 sec total\n|\n|t:|1783551239\n|move|p2a: Arceus|Judgment|p1a: Deoxys\n|-damage|p1a: Deoxys|133/221\n|move|p1a: Deoxys|Cosmic Power|p1a: Deoxys\n|-boost|p1a: Deoxys|def|1\n|-boost|p1a: Deoxys|spd|1\n|\n|-heal|p1a: Deoxys|146/221|[from] item: Leftovers\n|upkeep\n|turn|16\n|inactive|Time left: 300 sec this turn | 300 sec total\n|\n|t:|1783551240\n|move|p2a: Arceus|Recover|p2a: Arceus\n|-heal|p2a: Arceus|100/100\n|move|p1a: Deoxys|Night Shade|p2a: Arceus\n|-damage|p2a: Arceus|71/100\n|\n|-heal|p1a: Deoxys|159/221|[from] item: Leftovers\n|upkeep\n|turn|17\n|inactive|Time left: 300 sec this turn | 300 sec total\n|\n|t:|1783551241\n|move|p2a: Arceus|Recover|p2a: Arceus\n|-heal|p2a: Arceus|100/100\n|move|p1a: Deoxys|Night Shade|p2a: Arceus\n|-damage|p2a: Arceus|71/100\n|\n|-heal|p1a: Deoxys|172/221|[from] item: Leftovers\n|upkeep\n|turn|18\n|inactive|Time left: 300 sec this turn | 300 sec total\n|\n|t:|1783551242\n|move|p2a: Arceus|Judgment|p1a: Deoxys\n|-damage|p1a: Deoxys|105/221\n|move|p1a: Deoxys|Night Shade|p2a: Arceus\n|-damage|p2a: Arceus|42/100\n|\n|-heal|p1a: Deoxys|118/221|[from] item: Leftovers\n|upkeep\n|turn|19\n|inactive|Time left: 300 sec this turn | 300 sec total\n|\n|t:|1783551243\n|move|p2a: Arceus|Recover|p2a: Arceus\n|-heal|p2a: Arceus|92/100\n|move|p1a: Deoxys|Recover|p1a: Deoxys\n|-heal|p1a: Deoxys|221/221\n|\n|upkeep\n|turn|20\n|inactive|Time left: 300 sec this turn | 300 sec total\n|\n|t:|1783551244\n|move|p2a: Arceus|Judgment|p1a: Deoxys\n|-damage|p1a: Deoxys|154/221\n|move|p1a: Deoxys|Night Shade|p2a: Arceus\n|-damage|p2a: Arceus|63/100\n|\n|-heal|p1a: Deoxys|167/221|[from] item: Leftovers\n|upkeep\n|turn|21\n|inactive|Time left: 300 sec this turn | 300 sec total\n|\n|t:|1783551245\n|move|p2a: Arceus|Recover|p2a: Arceus\n|-heal|p2a: Arceus|100/100\n|move|p1a: Deoxys|Night Shade|p2a: Arceus\n|-damage|p2a: Arceus|71/100\n|\n|-heal|p1a: Deoxys|180/221|[from] item: Leftovers\n|upkeep\n|turn|22\n|inactive|Time left: 300 sec this turn | 300 sec total\n|\n|t:|1783551247\n|move|p2a: Arceus|Calm Mind|p2a: Arceus\n|-boost|p2a: Arceus|spa|1\n|-boost|p2a: Arceus|spd|1\n|move|p1a: Deoxys|Night Shade|p2a: Arceus\n|-damage|p2a: Arceus|42/100\n|\n|-heal|p1a: Deoxys|193/221|[from] item: Leftovers\n|upkeep\n|turn|23\n|inactive|Time left: 300 sec this turn | 300 sec total\n|\n|t:|1783551248\n|move|p2a: Arceus|Recover|p2a: Arceus\n|-heal|p2a: Arceus|92/100\n|move|p1a: Deoxys|Night Shade|p2a: Arceus\n|-damage|p2a: Arceus|63/100\n|\n|-heal|p1a: Deoxys|206/221|[from] item: Leftovers\n|upkeep\n|turn|24\n|inactive|Time left: 300 sec this turn | 300 sec total\n|\n|t:|1783551249\n|move|p2a: Arceus|Recover|p2a: Arceus\n|-heal|p2a: Arceus|100/100\n|move|p1a: Deoxys|Night Shade|p2a: Arceus\n|-damage|p2a: Arceus|71/100\n|\n|-heal|p1a: Deoxys|219/221|[from] item: Leftovers\n|upkeep\n|turn|25\n|inactive|Time left: 300 sec this turn | 300 sec total\n|\n|t:|1783551250\n|move|p2a: Arceus|Calm Mind|p2a: Arceus\n|-boost|p2a: Arceus|spa|1\n|-boost|p2a: Arceus|spd|1\n|move|p1a: Deoxys|Night Shade|p2a: Arceus\n|-damage|p2a: Arceus|42/100\n|\n|-heal|p1a: Deoxys|221/221|[from] item: Leftovers\n|upkeep\n|turn|26\n|inactive|Time left: 300 sec this turn | 300 sec total\n|\n|t:|1783551251\n|move|p2a: Arceus|Ice Beam|p1a: Deoxys\n|-damage|p1a: Deoxys|171/221\n|move|p1a: Deoxys|Night Shade|p2a: Arceus\n|-damage|p2a: Arceus|13/100\n|\n|-heal|p1a: Deoxys|184/221|[from] item: Leftovers\n|upkeep\n|turn|27\n|inactive|Time left: 300 sec this turn | 300 sec total\n|\n|t:|1783551253\n|move|p2a: Arceus|Ice Beam|p1a: Deoxys\n|-damage|p1a: Deoxys|136/221\n|move|p1a: Deoxys|Night Shade|p2a: Arceus\n|-damage|p2a: Arceus|0 fnt\n|faint|p2a: Arceus\n|\n|-heal|p1a: Deoxys|149/221|[from] item: Leftovers\n|upkeep\n|\n|t:|1783551254\n|switch|p2a: Furret|Furret, L94, M|100/100\n|-item|p1a: Deoxys|Leftovers|[from] ability: Frisk|[of] p2a: Furret\n|turn|28\n|inactive|Time left: 300 sec this turn | 300 sec total\n|\n|t:|1783551256\n|move|p2a: Furret|Knock Off|p1a: Deoxys\n|-supereffective|p1a: Deoxys\n|-damage|p1a: Deoxys|95/221\n|-enditem|p1a: Deoxys|Leftovers|[from] move: Knock Off|[of] p2a: Furret\n|move|p1a: Deoxys|Stored Power|p2a: Furret\n|-damage|p2a: Furret|53/100\n|\n|upkeep\n|turn|29\n|inactive|Time left: 300 sec this turn | 300 sec total\n|\n|t:|1783551257\n|move|p2a: Furret|Knock Off|p1a: Deoxys\n|-supereffective|p1a: Deoxys\n|-damage|p1a: Deoxys|61/221\n|move|p1a: Deoxys|Recover|p1a: Deoxys\n|-heal|p1a: Deoxys|172/221\n|\n|upkeep\n|turn|30\n|inactive|Time left: 300 sec this turn | 300 sec total\n|\n|t:|1783551258\n|move|p2a: Furret|Knock Off|p1a: Deoxys\n|-supereffective|p1a: Deoxys\n|-damage|p1a: Deoxys|136/221\n|move|p1a: Deoxys|Stored Power|p2a: Furret\n|-damage|p2a: Furret|4/100\n|\n|upkeep\n|turn|31\n|inactive|Time left: 300 sec this turn | 300 sec total\n|\n|t:|1783551259\n|switch|p2a: Bellibolt|Bellibolt, L84, F|100/100\n|move|p1a: Deoxys|Stored Power|p2a: Bellibolt\n|-damage|p2a: Bellibolt|62/100\n|-start|p2a: Bellibolt|Charge|Stored Power|[from] ability: Electromorphosis\n|\n|-heal|p2a: Bellibolt|68/100|[from] item: Leftovers\n|upkeep\n|turn|32\n|inactive|Time left: 300 sec this turn | 300 sec total\n|\n|t:|1783551261\n|move|p1a: Deoxys|Stored Power|p2a: Bellibolt\n|-damage|p2a: Bellibolt|30/100\n|-start|p2a: Bellibolt|Charge|Stored Power|[from] ability: Electromorphosis\n|move|p2a: Bellibolt|Thunderbolt|p1a: Deoxys\n|-damage|p1a: Deoxys|82/221\n|-end|p2a: Bellibolt|Charge|[silent]\n|\n|-heal|p2a: Bellibolt|36/100|[from] item: Leftovers\n|upkeep\n|turn|33\n|inactive|Time left: 300 sec this turn | 300 sec total\n|\n|t:|1783551262\n|switch|p2a: Arboliva|Arboliva, L91, M|100/100\n|move|p1a: Deoxys|Stored Power|p2a: Arboliva\n|-damage|p2a: Arboliva|67/100\n|\n|upkeep\n|turn|34\n|inactive|Time left: 300 sec this turn | 300 sec total\n|\n|t:|1783551263\n|move|p1a: Deoxys|Recover|p1a: Deoxys\n|-heal|p1a: Deoxys|193/221\n|move|p2a: Arboliva|Leech Seed|p1a: Deoxys\n|-start|p1a: Deoxys|move: Leech Seed\n|\n|-damage|p1a: Deoxys|166/221|[from] Leech Seed|[of] p2a: Arboliva\n|-heal|p2a: Arboliva|76/100|[silent]\n|upkeep\n|turn|35\n|inactive|Time left: 300 sec this turn | 300 sec total\n|\n|t:|1783551264\n|move|p1a: Deoxys|Stored Power|p2a: Arboliva\n|-damage|p2a: Arboliva|43/100\n|-enditem|p2a: Arboliva|Sitrus Berry|[eat]\n|-heal|p2a: Arboliva|68/100|[from] item: Sitrus Berry\n|move|p2a: Arboliva|Hyper Voice|p1a: Deoxys\n|-damage|p1a: Deoxys|132/221\n|\n|-damage|p1a: Deoxys|105/221|[from] Leech Seed|[of] p2a: Arboliva\n|-heal|p2a: Arboliva|77/100|[silent]\n|upkeep\n|turn|36\n|inactive|Time left: 300 sec this turn | 300 sec total\n|\n|t:|1783551266\n|move|p1a: Deoxys|Recover|p1a: Deoxys\n|-heal|p1a: Deoxys|216/221\n|move|p2a: Arboliva|Hyper Voice|p1a: Deoxys\n|-damage|p1a: Deoxys|183/221\n|\n|-damage|p1a: Deoxys|156/221|[from] Leech Seed|[of] p2a: Arboliva\n|-heal|p2a: Arboliva|86/100|[silent]\n|-item|p2a: Arboliva|Sitrus Berry|[from] ability: Harvest\n|upkeep\n|turn|37\n|inactive|Time left: 300 sec this turn | 300 sec total\n|\n|t:|1783551267\n|move|p1a: Deoxys|Stored Power|p2a: Arboliva\n|-damage|p2a: Arboliva|54/100\n|move|p2a: Arboliva|Hyper Voice|p1a: Deoxys\n|-damage|p1a: Deoxys|119/221\n|\n|-damage|p1a: Deoxys|92/221|[from] Leech Seed|[of] p2a: Arboliva\n|-heal|p2a: Arboliva|63/100|[silent]\n|upkeep\n|turn|38\n|inactive|Time left: 300 sec this turn | 300 sec total\n|\n|t:|1783551268\n|move|p1a: Deoxys|Recover|p1a: Deoxys\n|-heal|p1a: Deoxys|203/221\n|move|p2a: Arboliva|Hyper Voice|p1a: Deoxys\n|-damage|p1a: Deoxys|169/221\n|\n|-damage|p1a: Deoxys|142/221|[from] Leech Seed|[of] p2a: Arboliva\n|-heal|p2a: Arboliva|73/100|[silent]\n|upkeep\n|turn|39\n|inactive|Time left: 300 sec this turn | 300 sec total\n|\n|t:|1783551269\n|move|p1a: Deoxys|Stored Power|p2a: Arboliva\n|-damage|p2a: Arboliva|43/100\n|-enditem|p2a: Arboliva|Sitrus Berry|[eat]\n|-heal|p2a: Arboliva|68/100|[from] item: Sitrus Berry\n|move|p2a: Arboliva|Hyper Voice|p1a: Deoxys\n|-damage|p1a: Deoxys|106/221\n|\n|-damage|p1a: Deoxys|79/221|[from] Leech Seed|[of] p2a: Arboliva\n|-heal|p2a: Arboliva|78/100|[silent]\n|-item|p2a: Arboliva|Sitrus Berry|[from] ability: Harvest\n|upkeep\n|turn|40\n|inactive|Time left: 300 sec this turn | 300 sec total\n|\n|t:|1783551270\n|move|p1a: Deoxys|Recover|p1a: Deoxys\n|-heal|p1a: Deoxys|190/221\n|move|p2a: Arboliva|Hyper Voice|p1a: Deoxys\n|-damage|p1a: Deoxys|157/221\n|\n|-damage|p1a: Deoxys|130/221|[from] Leech Seed|[of] p2a: Arboliva\n|-heal|p2a: Arboliva|87/100|[silent]\n|upkeep\n|turn|41\n|inactive|Time left: 300 sec this turn | 300 sec total\n|\n|t:|1783551271\n|move|p1a: Deoxys|Stored Power|p2a: Arboliva\n|-damage|p2a: Arboliva|57/100\n|move|p2a: Arboliva|Hyper Voice|p1a: Deoxys\n|-damage|p1a: Deoxys|94/221\n|\n|-damage|p1a: Deoxys|67/221|[from] Leech Seed|[of] p2a: Arboliva\n|-heal|p2a: Arboliva|66/100|[silent]\n|upkeep\n|turn|42\n|inactive|Time left: 300 sec this turn | 300 sec total\n|\n|t:|1783551272\n|move|p1a: Deoxys|Recover|p1a: Deoxys\n|-heal|p1a: Deoxys|178/221\n|move|p2a: Arboliva|Hyper Voice|p1a: Deoxys\n|-damage|p1a: Deoxys|142/221\n|\n|-damage|p1a: Deoxys|115/221|[from] Leech Seed|[of] p2a: Arboliva\n|-heal|p2a: Arboliva|75/100|[silent]\n|upkeep\n|turn|43\n|inactive|Time left: 300 sec this turn | 300 sec total\n|\n|t:|1783551274\n|move|p2a: Arboliva|Protect|p2a: Arboliva\n|-singleturn|p2a: Arboliva|Protect\n|move|p1a: Deoxys|Stored Power|p2a: Arboliva\n|-activate|p2a: Arboliva|move: Protect\n|\n|-damage|p1a: Deoxys|88/221|[from] Leech Seed|[of] p2a: Arboliva\n|-heal|p2a: Arboliva|85/100|[silent]\n|upkeep\n|turn|44\n|inactive|Time left: 300 sec this turn | 300 sec total\n|\n|t:|1783551275\n|move|p1a: Deoxys|Stored Power|p2a: Arboliva\n|-damage|p2a: Arboliva|55/100\n|move|p2a: Arboliva|Leech Seed||[still]\n|-fail|p2a: Arboliva\n|\n|-damage|p1a: Deoxys|61/221|[from] Leech Seed|[of] p2a: Arboliva\n|-heal|p2a: Arboliva|64/100|[silent]\n|upkeep\n|turn|45\n|inactive|Time left: 300 sec this turn | 300 sec total\n|\n|t:|1783551276\n|move|p1a: Deoxys|Stored Power|p2a: Arboliva\n|-damage|p2a: Arboliva|32/100\n|-enditem|p2a: Arboliva|Sitrus Berry|[eat]\n|-heal|p2a: Arboliva|57/100|[from] item: Sitrus Berry\n|move|p2a: Arboliva|Substitute|p2a: Arboliva\n|-start|p2a: Arboliva|Substitute\n|-damage|p2a: Arboliva|32/100\n|\n|-damage|p1a: Deoxys|34/221|[from] Leech Seed|[of] p2a: Arboliva\n|-heal|p2a: Arboliva|41/100|[silent]\n|upkeep\n|turn|46\n|inactive|Time left: 300 sec this turn | 300 sec total\n|\n|t:|1783551277\n|move|p1a: Deoxys|Stored Power|p2a: Arboliva\n|-end|p2a: Arboliva|Substitute\n|move|p2a: Arboliva|Leech Seed||[still]\n|-fail|p2a: Arboliva\n|\n|-damage|p1a: Deoxys|7/221|[from] Leech Seed|[of] p2a: Arboliva\n|-heal|p2a: Arboliva|50/100|[silent]\n|-item|p2a: Arboliva|Sitrus Berry|[from] ability: Harvest\n|upkeep\n|-enditem|p2a: Arboliva|Sitrus Berry|[eat]\n|-heal|p2a: Arboliva|75/100|[from] item: Sitrus Berry\n|turn|47\n|inactive|Time left: 300 sec this turn | 300 sec total\n|\n|t:|1783551278\n|move|p1a: Deoxys|Stored Power|p2a: Arboliva\n|-damage|p2a: Arboliva|42/100\n|move|p2a: Arboliva|Substitute|p2a: Arboliva\n|-start|p2a: Arboliva|Substitute\n|-damage|p2a: Arboliva|17/100\n|\n|-damage|p1a: Deoxys|0 fnt|[from] Leech Seed|[of] p2a: Arboliva\n|-heal|p2a: Arboliva|19/100|[silent]\n|faint|p1a: Deoxys\n|-item|p2a: Arboliva|Sitrus Berry|[from] ability: Harvest\n|upkeep\n|-enditem|p2a: Arboliva|Sitrus Berry|[eat]\n|-heal|p2a: Arboliva|44/100|[from] item: Sitrus Berry\n|inactive|Time left: 300 sec this turn | 300 sec total | 5 sec grace\n|\n|t:|1783551279\n|switch|p1a: Tauros|Tauros-Paldea-Blaze, L81, M|254/254\n|-ability|p1a: Tauros|Intimidate|boost\n|-immune|p2a: Arboliva\n|turn|48\n|inactive|Time left: 300 sec this turn | 300 sec total\n|\n|t:|1783551280\n|move|p1a: Tauros|Flare Blitz|p2a: Arboliva\n|-supereffective|p2a: Arboliva\n|-end|p2a: Arboliva|Substitute\n|-damage|p1a: Tauros|230/254|[from] Recoil|[of] p2a: Arboliva\n|move|p2a: Arboliva|Leech Seed|p1a: Tauros\n|-start|p1a: Tauros|move: Leech Seed\n|\n|-damage|p1a: Tauros|199/254|[from] Leech Seed|[of] p2a: Arboliva\n|-heal|p2a: Arboliva|55/100|[silent]\n|upkeep\n|turn|49\n|inactive|Time left: 300 sec this turn | 300 sec total\n|\n|t:|1783551280\n|move|p2a: Arboliva|Protect|p2a: Arboliva\n|-singleturn|p2a: Arboliva|Protect\n|move|p1a: Tauros|Flare Blitz|p2a: Arboliva\n|-activate|p2a: Arboliva|move: Protect\n|\n|-damage|p1a: Tauros|168/254|[from] Leech Seed|[of] p2a: Arboliva\n|-heal|p2a: Arboliva|66/100|[silent]\n|upkeep\n|turn|50\n|inactive|Time left: 300 sec this turn | 300 sec total\n|\n|t:|1783551281\n|move|p2a: Arboliva|Protect||[still]\n|-fail|p2a: Arboliva\n|move|p1a: Tauros|Flare Blitz|p2a: Arboliva\n|-supereffective|p2a: Arboliva\n|-damage|p2a: Arboliva|0 fnt\n|faint|p2a: Arboliva\n|-damage|p1a: Tauros|106/254|[from] Recoil\n|\n|upkeep\n|\n|t:|1783551282\n|switch|p2a: Gengar|Gengar, L81, F|100/100\n|turn|51\n|inactive|Time left: 300 sec this turn | 300 sec total\n|\n|t:|1783551283\n|switch|p1a: Probopass|Probopass, L91, F|257/257\n|move|p2a: Gengar|Sludge Wave|p1a: Probopass\n|-immune|p1a: Probopass\n|\n|upkeep\n|turn|52\n|inactive|Time left: 300 sec this turn | 300 sec total\n|\n|t:|1783551284\n|move|p2a: Gengar|Focus Blast|p1a: Probopass|[miss]\n|-miss|p2a: Gengar|p1a: Probopass\n|move|p1a: Probopass|Power Gem|p2a: Gengar\n|-damage|p2a: Gengar|60/100\n|\n|upkeep\n|turn|53\n|inactive|Time left: 300 sec this turn | 300 sec total\n|\n|t:|1783551285\n|-terastallize|p1a: Probopass|Fighting\n|move|p2a: Gengar|Focus Blast|p1a: Probopass\n|-damage|p1a: Probopass|174/257\n|-unboost|p1a: Probopass|spd|1\n|-damage|p2a: Gengar|50/100|[from] item: Life Orb\n|move|p1a: Probopass|Power Gem|p2a: Gengar\n|-damage|p2a: Gengar|9/100\n|\n|upkeep\n|turn|54\n|inactive|Time left: 300 sec this turn | 300 sec total\n|\n|t:|1783551286\n|move|p2a: Gengar|Will-O-Wisp|p1a: Probopass\n|-status|p1a: Probopass|brn\n|move|p1a: Probopass|Rest|p1a: Probopass\n|-status|p1a: Probopass|slp|[from] move: Rest\n|-heal|p1a: Probopass|257/257 slp|[silent]\n|-enditem|p1a: Probopass|Chesto Berry|[eat]\n|-curestatus|p1a: Probopass|slp|[msg]\n|\n|upkeep\n|turn|55\n|inactive|Time left: 300 sec this turn | 300 sec total\n|\n|t:|1783551287\n|move|p2a: Gengar|Will-O-Wisp|p1a: Probopass\n|-status|p1a: Probopass|brn\n|move|p1a: Probopass|Iron Defense|p1a: Probopass\n|-boost|p1a: Probopass|def|2\n|\n|-damage|p1a: Probopass|241/257 brn|[from] brn\n|upkeep\n|turn|56\n|inactive|Time left: 300 sec this turn | 300 sec total\n|\n|t:|1783551288\n|move|p2a: Gengar|Shadow Ball|p1a: Probopass\n|-damage|p1a: Probopass|132/257 brn\n|-damage|p2a: Gengar|0 fnt|[from] item: Life Orb\n|faint|p2a: Gengar\n|move|p1a: Probopass|Power Gem|p2: Gengar|[notarget]\n|-fail|p1a: Probopass\n|\n|-damage|p1a: Probopass|116/257 brn|[from] brn\n|upkeep\n|\n|t:|1783551288\n|switch|p2a: Furret|Furret, L94, M|4/100\n|turn|57\n|inactive|Time left: 300 sec this turn | 300 sec total\n|\n|t:|1783551289\n|-terastallize|p2a: Furret|Normal\n|move|p2a: Furret|Double-Edge|p1a: Probopass\n|-damage|p1a: Probopass|32/257 brn\n|-damage|p2a: Furret|0 fnt|[from] Recoil\n|faint|p2a: Furret\n|move|p1a: Probopass|Body Press|p2: Furret|[notarget]\n|-fail|p1a: Probopass\n|\n|-damage|p1a: Probopass|16/257 brn|[from] brn\n|upkeep\n|\n|t:|1783551290\n|switch|p2a: Bellibolt|Bellibolt, L84, F|36/100\n|turn|58\n|inactive|Time left: 300 sec this turn | 300 sec total\n|\n|t:|1783551291\n|move|p1a: Probopass|Body Press|p2a: Bellibolt\n|-damage|p2a: Bellibolt|0 fnt\n|faint|p2a: Bellibolt\n|\n|win|p0x10398bbe", "uploadtime": 1783551291, "views": 0, "rating": 0, "private": 0, "password": null, "_winner": "p0x10398bbe", "_our_name": "p0x10398bbe"}