{"id": "battle-gen9randombattle-1941", "formatid": "gen9randombattle", "format": "[Gen 9] Random Battle", "players": ["p0x1941f5ed", "p0y1941a2f1"], "log": "|init|battle\n|title|p0x1941f5ed vs. p0y1941a2f1\n|j|\u2606p0x1941f5ed\n|j|\u2606p0y1941a2f1\n|t:|1783562440\n|gametype|singles\n|player|p1|p0x1941f5ed|169|\n|player|p2|p0y1941a2f1|1|\n|gen|9\n|tier|[Gen 9] Random Battle\n|rule|Species Clause: Limit one of each Pok\u00e9mon\n|rule|HP Percentage Mod: HP is shown in percentages\n|rule|Sleep Clause Mod: Limit one foe put to sleep\n|rule|Illusion Level Mod: Illusion disguises the Pok\u00e9mon's true level\n|\n|t:|1783562440\n|teamsize|p1|6\n|teamsize|p2|6\n|start\n|switch|p1a: Magnezone|Magnezone, L85|100/100\n|switch|p2a: Cyclizar|Cyclizar, L84, F|255/255\n|turn|1\n|inactive|Battle timer is ON: inactive players will automatically lose when time's up. (requested by p0y1941a2f1)\n|inactive|p0x1941f5ed also wants the timer to be on.\n|\n|t:|1783562442\n|move|p2a: Cyclizar|Shed Tail|p2a: Cyclizar\n|-start|p2a: Cyclizar|Substitute|[from] move: Shed Tail\n|-damage|p2a: Cyclizar|127/255\n|inactive|Time left: 300 sec this turn | 300 sec total | 65 sec grace\n|\n|t:|1783562443\n|switch|p2a: Ribombee|Ribombee, L83, F|235/235|[from] Shed Tail\n|move|p1a: Magnezone|Flash Cannon|p2a: Ribombee\n|-supereffective|p2a: Ribombee\n|-end|p2a: Ribombee|Substitute\n|\n|upkeep\n|turn|2\n|inactive|Time left: 300 sec this turn | 300 sec total\n|\n|t:|1783562444\n|-terastallize|p2a: Ribombee|Ground\n|move|p2a: Ribombee|Tera Blast|p1a: Magnezone|[anim] Tera Blast Ground\n|-supereffective|p1a: Magnezone\n|-damage|p1a: Magnezone|0 fnt\n|faint|p1a: Magnezone\n|\n|upkeep\n|\n|t:|1783562445\n|switch|p1a: Politoed|Politoed, L88, F|100/100\n|-weather|RainDance|[from] ability: Drizzle|[of] p1a: Politoed\n|turn|3\n|inactive|Time left: 300 sec this turn | 300 sec total\n|\n|t:|1783562446\n|switch|p2a: Hypno|Hypno, L95, M|315/315\n|move|p1a: Politoed|Weather Ball|p2a: Hypno\n|-damage|p2a: Hypno|143/315\n|\n|-weather|RainDance|[upkeep]\n|-heal|p2a: Hypno|162/315|[from] item: Leftovers\n|upkeep\n|turn|4\n|inactive|Time left: 300 sec this turn | 300 sec total\n|\n|t:|1783562448\n|move|p2a: Hypno|Knock Off|p1a: Politoed\n|-damage|p1a: Politoed|76/100\n|-enditem|p1a: Politoed|Choice Specs|[from] move: Knock Off|[of] p2a: Hypno\n|move|p1a: Politoed|Weather Ball|p2a: Hypno\n|-damage|p2a: Hypno|35/315\n|\n|-weather|RainDance|[upkeep]\n|-heal|p2a: Hypno|54/315|[from] item: Leftovers\n|upkeep\n|turn|5\n|inactive|Time left: 300 sec this turn | 300 sec total\n|\n|t:|1783562449\n|move|p2a: Hypno|Toxic|p1a: Politoed|[miss]\n|-miss|p2a: Hypno|p1a: Politoed\n|move|p1a: Politoed|Weather Ball|p2a: Hypno\n|-damage|p2a: Hypno|0 fnt\n|faint|p2a: Hypno\n|\n|-weather|RainDance|[upkeep]\n|upkeep\n|inactive|Time left: 300 sec this turn | 300 sec total | 5 sec grace\n|\n|t:|1783562450\n|switch|p2a: Morpeko|Morpeko, L88, F|245/245\n|turn|6\n|inactive|Time left: 300 sec this turn | 300 sec total\n|\n|t:|1783562451\n|switch|p1a: Wo-Chien|Wo-Chien, L83|100/100\n|-ability|p1a: Wo-Chien|Tablets of Ruin\n|move|p2a: Morpeko|Aura Wheel|p1a: Wo-Chien\n|-resisted|p1a: Wo-Chien\n|-damage|p1a: Wo-Chien|86/100\n|-boost|p2a: Morpeko|spe|1\n|\n|-weather|RainDance|[upkeep]\n|-heal|p1a: Wo-Chien|92/100|[from] item: Leftovers\n|-formechange|p2a: Morpeko|Morpeko-Hangry||[from] ability: Hunger Switch\n|upkeep\n|turn|7\n|inactive|Time left: 300 sec this turn | 300 sec total\n|\n|t:|1783562452\n|move|p2a: Morpeko|Aura Wheel|p1a: Wo-Chien\n|-resisted|p1a: Wo-Chien\n|-damage|p1a: Wo-Chien|76/100\n|-boost|p2a: Morpeko|spe|1\n|move|p1a: Wo-Chien|Knock Off|p2a: Morpeko\n|-resisted|p2a: Morpeko\n|-damage|p2a: Morpeko|186/245\n|-enditem|p2a: Morpeko|Leftovers|[from] move: Knock Off|[of] p1a: Wo-Chien\n|\n|-weather|none\n|-heal|p1a: Wo-Chien|82/100|[from] item: Leftovers\n|-formechange|p2a: Morpeko|Morpeko||[from] ability: Hunger Switch\n|upkeep\n|turn|8\n|inactive|Time left: 300 sec this turn | 300 sec total\n|\n|t:|1783562453\n|move|p2a: Morpeko|Aura Wheel|p1a: Wo-Chien\n|-resisted|p1a: Wo-Chien\n|-damage|p1a: Wo-Chien|65/100\n|-boost|p2a: Morpeko|spe|1\n|move|p1a: Wo-Chien|Leech Seed|p2a: Morpeko\n|-start|p2a: Morpeko|move: Leech Seed\n|\n|-heal|p1a: Wo-Chien|72/100|[from] item: Leftovers\n|-damage|p2a: Morpeko|156/245|[from] Leech Seed|[of] p1a: Wo-Chien\n|-heal|p1a: Wo-Chien|82/100|[silent]\n|-formechange|p2a: Morpeko|Morpeko-Hangry||[from] ability: Hunger Switch\n|upkeep\n|turn|9\n|inactive|Time left: 300 sec this turn | 300 sec total\n|\n|t:|1783562454\n|move|p2a: Morpeko|Knock Off|p1a: Wo-Chien\n|-resisted|p1a: Wo-Chien\n|-damage|p1a: Wo-Chien|68/100\n|-enditem|p1a: Wo-Chien|Leftovers|[from] move: Knock Off|[of] p2a: Morpeko\n|move|p1a: Wo-Chien|Knock Off|p2a: Morpeko\n|-resisted|p2a: Morpeko\n|-damage|p2a: Morpeko|118/245\n|\n|-damage|p2a: Morpeko|88/245|[from] Leech Seed|[of] p1a: Wo-Chien\n|-heal|p1a: Wo-Chien|79/100|[silent]\n|-formechange|p2a: Morpeko|Morpeko||[from] ability: Hunger Switch\n|upkeep\n|turn|10\n|inactive|Time left: 300 sec this turn | 300 sec total\n|\n|t:|1783562455\n|move|p2a: Morpeko|Aura Wheel|p1a: Wo-Chien\n|-resisted|p1a: Wo-Chien\n|-damage|p1a: Wo-Chien|64/100\n|-boost|p2a: Morpeko|spe|1\n|move|p1a: Wo-Chien|Knock Off|p2a: Morpeko\n|-resisted|p2a: Morpeko\n|-damage|p2a: Morpeko|50/245\n|\n|-damage|p2a: Morpeko|20/245|[from] Leech Seed|[of] p1a: Wo-Chien\n|-heal|p1a: Wo-Chien|75/100|[silent]\n|-formechange|p2a: Morpeko|Morpeko-Hangry||[from] ability: Hunger Switch\n|upkeep\n|turn|11\n|inactive|Time left: 300 sec this turn | 300 sec total\n|\n|t:|1783562456\n|switch|p1a: Politoed|Politoed, L88, F|76/100\n|-weather|RainDance|[from] ability: Drizzle|[of] p1a: Politoed\n|move|p2a: Morpeko|Aura Wheel|p1a: Politoed\n|-crit|p1a: Politoed\n|-damage|p1a: Politoed|3/100\n|-boost|p2a: Morpeko|spe|1\n|\n|-weather|RainDance|[upkeep]\n|-damage|p2a: Morpeko|0 fnt|[from] Leech Seed|[of] p1a: Politoed\n|-heal|p1a: Politoed|9/100|[silent]\n|faint|p2a: Morpeko\n|upkeep\n|inactive|Time left: 300 sec this turn | 300 sec total | 5 sec grace\n|\n|t:|1783562457\n|switch|p2a: Ribombee|Ribombee, L83, F, tera:Ground|235/235\n|turn|12\n|inactive|Time left: 300 sec this turn | 300 sec total\n|\n|t:|1783562458\n|move|p2a: Ribombee|Moonblast|p1a: Politoed\n|-damage|p1a: Politoed|0 fnt\n|faint|p1a: Politoed\n|\n|-weather|RainDance|[upkeep]\n|upkeep\n|\n|t:|1783562459\n|switch|p1a: Flamigo|Flamigo, L82, F|100/100\n|turn|13\n|inactive|Time left: 300 sec this turn | 300 sec total\n|\n|t:|1783562460\n|move|p2a: Ribombee|Moonblast|p1a: Flamigo\n|-supereffective|p1a: Flamigo\n|-damage|p1a: Flamigo|13/100\n|move|p1a: Flamigo|Brave Bird|p2a: Ribombee\n|-damage|p2a: Ribombee|11/235\n|-damage|p1a: Flamigo|0 fnt|[from] Recoil\n|faint|p1a: Flamigo\n|\n|-weather|RainDance|[upkeep]\n|upkeep\n|\n|t:|1783562461\n|switch|p1a: Regieleki|Regieleki, L79|100/100\n|turn|14\n|inactive|Time left: 300 sec this turn | 300 sec total\n|\n|t:|1783562462\n|switch|p2a: Dragalge|Dragalge, L88, M|258/258\n|move|p1a: Regieleki|Rapid Spin|p2a: Dragalge\n|-damage|p2a: Dragalge|227/258\n|-boost|p1a: Regieleki|spe|1\n|\n|-weather|RainDance|[upkeep]\n|-heal|p2a: Dragalge|243/258|[from] item: Leftovers\n|upkeep\n|turn|15\n|inactive|Time left: 300 sec this turn | 300 sec total\n|\n|t:|1783562464\n|move|p1a: Regieleki|Volt Switch|p2a: Dragalge\n|-resisted|p2a: Dragalge\n|-damage|p2a: Dragalge|202/258\n|\n|t:|1783562465\n|switch|p1a: Swalot|Swalot, L90, M|100/100|[from] Volt Switch\n|move|p2a: Dragalge|Sludge Wave|p1a: Swalot\n|-resisted|p1a: Swalot\n|-damage|p1a: Swalot|80/100\n|\n|-weather|none\n|-heal|p1a: Swalot|86/100|[from] item: Leftovers\n|-heal|p2a: Dragalge|218/258|[from] item: Leftovers\n|upkeep\n|turn|16\n|inactive|Time left: 300 sec this turn | 300 sec total\n|\n|t:|1783562466\n|move|p1a: Swalot|Earthquake|p2a: Dragalge\n|-supereffective|p2a: Dragalge\n|-damage|p2a: Dragalge|88/258\n|move|p2a: Dragalge|Draco Meteor|p1a: Swalot\n|-damage|p1a: Swalot|28/100\n|-unboost|p2a: Dragalge|spa|2\n|\n|-heal|p1a: Swalot|34/100|[from] item: Leftovers\n|-heal|p2a: Dragalge|104/258|[from] item: Leftovers\n|upkeep\n|turn|17\n|inactive|Time left: 300 sec this turn | 300 sec total\n|\n|t:|1783562467\n|switch|p2a: Ribombee|Ribombee, L83, F, tera:Ground|11/235\n|move|p1a: Swalot|Earthquake|p2a: Ribombee\n|-damage|p2a: Ribombee|0 fnt\n|faint|p2a: Ribombee\n|\n|-heal|p1a: Swalot|40/100|[from] item: Leftovers\n|upkeep\n|inactive|Time left: 300 sec this turn | 300 sec total | 5 sec grace\n|\n|t:|1783562468\n|switch|p2a: Skuntank|Skuntank, L84, F|310/310\n|turn|18\n|inactive|Time left: 300 sec this turn | 300 sec total\n|\n|t:|1783562469\n|move|p2a: Skuntank|Knock Off|p1a: Swalot\n|-damage|p1a: Swalot|4/100\n|-enditem|p1a: Swalot|Leftovers|[from] move: Knock Off|[of] p2a: Skuntank\n|-damage|p2a: Skuntank|279/310|[from] item: Life Orb\n|move|p1a: Swalot|Earthquake|p2a: Skuntank\n|-supereffective|p2a: Skuntank\n|-damage|p2a: Skuntank|131/310\n|\n|upkeep\n|turn|19\n|inactive|Time left: 300 sec this turn | 300 sec total\n|\n|t:|1783562470\n|move|p2a: Skuntank|Gunk Shot|p1a: Swalot\n|-resisted|p1a: Swalot\n|-damage|p1a: Swalot|0 fnt\n|faint|p1a: Swalot\n|-damage|p2a: Skuntank|100/310|[from] item: Life Orb\n|\n|upkeep\n|\n|t:|1783562471\n|switch|p1a: Regieleki|Regieleki, L79|100/100\n|turn|20\n|inactive|Time left: 300 sec this turn | 300 sec total\n|\n|t:|1783562472\n|move|p2a: Skuntank|Sucker Punch|p1a: Regieleki\n|-damage|p1a: Regieleki|48/100\n|-damage|p2a: Skuntank|69/310|[from] item: Life Orb\n|move|p1a: Regieleki|Volt Switch|p2a: Skuntank\n|-damage|p2a: Skuntank|0 fnt\n|faint|p2a: Skuntank\n|\n|t:|1783562473\n|switch|p1a: Wo-Chien|Wo-Chien, L83|75/100|[from] Volt Switch\n|-ability|p1a: Wo-Chien|Tablets of Ruin\n|\n|upkeep\n|inactive|Time left: 300 sec this turn | 300 sec total | 10 sec grace\n|\n|t:|1783562473\n|switch|p2a: Dragalge|Dragalge, L88, M|104/258\n|turn|21\n|inactive|Time left: 300 sec this turn | 300 sec total\n|\n|t:|1783562474\n|move|p1a: Wo-Chien|Knock Off|p2a: Dragalge\n|-damage|p2a: Dragalge|20/258\n|-enditem|p2a: Dragalge|Leftovers|[from] move: Knock Off|[of] p1a: Wo-Chien\n|move|p2a: Dragalge|Sludge Wave|p1a: Wo-Chien\n|-supereffective|p1a: Wo-Chien\n|-damage|p1a: Wo-Chien|0 fnt\n|faint|p1a: Wo-Chien\n|\n|upkeep\n|\n|t:|1783562475\n|switch|p1a: Regieleki|Regieleki, L79|48/100\n|turn|22\n|inactive|Time left: 300 sec this turn | 300 sec total\n|\n|t:|1783562476\n|-terastallize|p1a: Regieleki|Ice\n|move|p1a: Regieleki|Tera Blast|p2a: Dragalge|[anim] Tera Blast Ice\n|-supereffective|p2a: Dragalge\n|-damage|p2a: Dragalge|0 fnt\n|faint|p2a: Dragalge\n|\n|upkeep\n|inactive|Time left: 300 sec this turn | 300 sec total | 5 sec grace\n|\n|t:|1783562477\n|switch|p2a: Cyclizar|Cyclizar, L84, F|212/255\n|turn|23\n|inactive|Time left: 300 sec this turn | 300 sec total\n|\n|t:|1783562478\n|move|p1a: Regieleki|Tera Blast|p2a: Cyclizar|[anim] Tera Blast Ice\n|-supereffective|p2a: Cyclizar\n|-damage|p2a: Cyclizar|14/255\n|move|p2a: Cyclizar|Draco Meteor|p1a: Regieleki\n|-damage|p1a: Regieleki|0 fnt\n|-unboost|p2a: Cyclizar|spa|2\n|faint|p1a: Regieleki\n|\n|win|p0y1941a2f1", "uploadtime": 1783562478, "views": 0, "rating": 0, "private": 0, "password": null, "_winner": "p0y1941a2f1", "_our_name": "p0y1941a2f1"}