{"id": "battle-gen9randombattle-2774", "formatid": "gen9randombattle", "format": "[Gen 9] Random Battle", "players": ["p0x27742549", "p0y27748afd"], "log": "|init|battle\n|title|p0x27742549 vs. p0y27748afd\n|j|\u2606p0x27742549\n|j|\u2606p0y27748afd\n|t:|1783570959\n|gametype|singles\n|player|p1|p0x27742549|265|\n|player|p2|p0y27748afd|265|\n|gen|9\n|tier|[Gen 9] Random Battle\n|rule|Species Clause: Limit one of each Pok\u00e9mon\n|rule|HP Percentage Mod: HP is shown in percentages\n|rule|Sleep Clause Mod: Limit one foe put to sleep\n|rule|Illusion Level Mod: Illusion disguises the Pok\u00e9mon's true level\n|\n|t:|1783570959\n|teamsize|p1|6\n|teamsize|p2|6\n|start\n|switch|p1a: Golduck|Golduck, L90, M|290/290\n|switch|p2a: Necrozma|Necrozma-Dawn-Wings, L76|100/100\n|-ability|p1a: Golduck|Cloud Nine\n|turn|1\n|inactive|Battle timer is ON: inactive players will automatically lose when time's up. (requested by p0y27748afd)\n|inactive|Time left: 300 sec this turn | 300 sec total | 60 sec grace\n|inactive|p0x27742549 also wants the timer to be on.\n|\n|t:|1783570960\n|move|p1a: Golduck|Nasty Plot|p1a: Golduck\n|-boost|p1a: Golduck|spa|2\n|move|p2a: Necrozma|Photon Geyser|p1a: Golduck\n|-damage|p1a: Golduck|129/290\n|-damage|p2a: Necrozma|91/100|[from] item: Life Orb\n|\n|-heal|p1a: Golduck|147/290|[from] item: Leftovers\n|upkeep\n|turn|2\n|inactive|Time left: 300 sec this turn | 300 sec total\n|\n|t:|1783570961\n|-terastallize|p1a: Golduck|Water\n|move|p1a: Golduck|Hydro Pump|p2a: Necrozma\n|-damage|p2a: Necrozma|0 fnt\n|faint|p2a: Necrozma\n|\n|-heal|p1a: Golduck|165/290|[from] item: Leftovers\n|upkeep\n|\n|t:|1783570962\n|switch|p2a: Bruxish|Bruxish, L85, M|100/100\n|turn|3\n|inactive|Time left: 300 sec this turn | 300 sec total\n|\n|t:|1783570963\n|switch|p1a: Mightyena|Mightyena, L96, F|290/290\n|-ability|p1a: Mightyena|Intimidate|boost\n|-unboost|p2a: Bruxish|atk|1\n|move|p2a: Bruxish|Psychic Fangs|p1a: Mightyena\n|-immune|p1a: Mightyena\n|\n|upkeep\n|turn|4\n|inactive|Time left: 300 sec this turn | 300 sec total\n|\n|t:|1783570964\n|switch|p2a: Gumshoos|Gumshoos, L95, M|100/100\n|move|p1a: Mightyena|Super Fang|p2a: Gumshoos\n|-damage|p2a: Gumshoos|51/100\n|\n|upkeep\n|turn|5\n|inactive|Time left: 300 sec this turn | 300 sec total\n|\n|t:|1783570965\n|move|p1a: Mightyena|Throat Chop|p2a: Gumshoos\n|-crit|p2a: Gumshoos\n|-damage|p2a: Gumshoos|0 fnt\n|faint|p2a: Gumshoos\n|\n|upkeep\n|\n|t:|1783570966\n|switch|p2a: Leavanny|Leavanny, L86, F|100/100\n|turn|6\n|inactive|Time left: 300 sec this turn | 300 sec total\n|\n|t:|1783570967\n|move|p2a: Leavanny|Sticky Web|p1a: Mightyena\n|-sidestart|p1: p0x27742549|move: Sticky Web\n|move|p1a: Mightyena|Throat Chop|p2a: Leavanny\n|-damage|p2a: Leavanny|58/100\n|-start|p2a: Leavanny|Throat Chop|[silent]\n|\n|upkeep\n|turn|7\n|inactive|Time left: 300 sec this turn | 300 sec total\n|\n|t:|1783570968\n|move|p2a: Leavanny|Bullet Seed|p1a: Mightyena\n|-damage|p1a: Mightyena|260/290\n|-damage|p1a: Mightyena|229/290\n|-damage|p1a: Mightyena|199/290\n|-damage|p1a: Mightyena|165/290\n|-damage|p1a: Mightyena|132/290\n|-hitcount|p1a: Mightyena|5\n|move|p1a: Mightyena|Poison Fang|p2a: Leavanny\n|-supereffective|p2a: Leavanny\n|-damage|p2a: Leavanny|22/100\n|\n|-end|p2a: Leavanny|Throat Chop|[silent]\n|upkeep\n|turn|8\n|inactive|Time left: 300 sec this turn | 300 sec total\n|\n|t:|1783570969\n|move|p2a: Leavanny|Bullet Seed|p1a: Mightyena\n|-damage|p1a: Mightyena|99/290\n|-damage|p1a: Mightyena|68/290\n|-damage|p1a: Mightyena|37/290\n|-damage|p1a: Mightyena|9/290\n|-damage|p1a: Mightyena|0 fnt\n|faint|p1a: Mightyena\n|-hitcount|p1: Mightyena|5\n|\n|upkeep\n|inactive|Time left: 300 sec this turn | 300 sec total | 5 sec grace\n|\n|t:|1783570970\n|switch|p1a: Pyroar|Pyroar, L88, F|295/295\n|-ability|p1a: Pyroar|Unnerve\n|turn|9\n|inactive|Time left: 300 sec this turn | 300 sec total\n|\n|t:|1783570970\n|move|p1a: Pyroar|Hyper Voice|p2a: Leavanny\n|-damage|p2a: Leavanny|0 fnt\n|faint|p2a: Leavanny\n|\n|upkeep\n|\n|t:|1783570971\n|switch|p2a: Bruxish|Bruxish, L85, M|100/100\n|turn|10\n|inactive|Time left: 300 sec this turn | 300 sec total\n|\n|t:|1783570972\n|move|p1a: Pyroar|Will-O-Wisp|p2a: Bruxish\n|-status|p2a: Bruxish|brn\n|move|p2a: Bruxish|Wave Crash|p1a: Pyroar\n|-supereffective|p1a: Pyroar\n|-damage|p1a: Pyroar|61/295\n|-damage|p2a: Bruxish|70/100 brn|[from] Recoil\n|\n|-damage|p2a: Bruxish|64/100 brn|[from] brn\n|upkeep\n|turn|11\n|inactive|Time left: 300 sec this turn | 300 sec total\n|\n|t:|1783570973\n|switch|p1a: Hitmonchan|Hitmonchan, L87, M|229/229\n|-activate|p1a: Hitmonchan|move: Sticky Web\n|-unboost|p1a: Hitmonchan|spe|1\n|move|p2a: Bruxish|Wave Crash|p1a: Hitmonchan\n|-damage|p1a: Hitmonchan|124/229\n|-damage|p2a: Bruxish|50/100 brn|[from] Recoil\n|\n|-heal|p1a: Hitmonchan|138/229|[from] item: Leftovers\n|-damage|p2a: Bruxish|45/100 brn|[from] brn\n|upkeep\n|turn|12\n|inactive|Time left: 300 sec this turn | 300 sec total\n|\n|t:|1783570974\n|move|p2a: Bruxish|Wave Crash|p1a: Hitmonchan\n|-damage|p1a: Hitmonchan|19/229\n|-damage|p2a: Bruxish|29/100 brn|[from] Recoil\n|move|p1a: Hitmonchan|Rapid Spin|p2a: Bruxish\n|-damage|p2a: Bruxish|11/100 brn\n|-boost|p1a: Hitmonchan|spe|1\n|-sideend|p1: p0x27742549|Sticky Web|[from] move: Rapid Spin|[of] p1a: Hitmonchan\n|\n|-heal|p1a: Hitmonchan|33/229|[from] item: Leftovers\n|-damage|p2a: Bruxish|5/100 brn|[from] brn\n|upkeep\n|turn|13\n|inactive|Time left: 300 sec this turn | 300 sec total\n|\n|t:|1783570975\n|switch|p1a: Golduck|Golduck, L90, M, tera:Water|165/290\n|-ability|p1a: Golduck|Cloud Nine\n|move|p2a: Bruxish|Wave Crash|p1a: Golduck\n|-resisted|p1a: Golduck\n|-damage|p1a: Golduck|109/290\n|-damage|p2a: Bruxish|0 fnt|[from] Recoil\n|faint|p2a: Bruxish\n|\n|-heal|p1a: Golduck|127/290|[from] item: Leftovers\n|upkeep\n|\n|t:|1783570976\n|switch|p2a: Houndstone|Houndstone, L86, M|100/100\n|turn|14\n|inactive|Time left: 300 sec this turn | 300 sec total\n|\n|t:|1783570977\n|move|p1a: Golduck|Hydro Pump|p2a: Houndstone|[miss]\n|-miss|p1a: Golduck|p2a: Houndstone\n|move|p2a: Houndstone|Poltergeist|p1a: Golduck\n|-activate|p1a: Golduck|move: Poltergeist|Leftovers\n|-damage|p1a: Golduck|0 fnt\n|faint|p1a: Golduck\n|\n|upkeep\n|inactive|Time left: 300 sec this turn | 300 sec total | 5 sec grace\n|\n|t:|1783570977\n|switch|p1a: Pyroar|Pyroar, L88, F|61/295\n|-ability|p1a: Pyroar|Unnerve\n|turn|15\n|inactive|Time left: 300 sec this turn | 300 sec total\n|\n|t:|1783570978\n|move|p1a: Pyroar|Will-O-Wisp|p2a: Houndstone\n|-status|p2a: Houndstone|brn\n|move|p2a: Houndstone|Body Press|p1a: Pyroar\n|-supereffective|p1a: Pyroar\n|-damage|p1a: Pyroar|0 fnt\n|faint|p1a: Pyroar\n|\n|-damage|p2a: Houndstone|94/100 brn|[from] brn\n|upkeep\n|inactive|Time left: 300 sec this turn | 300 sec total | 5 sec grace\n|\n|t:|1783570979\n|switch|p1a: Lapras|Lapras, L87, F|367/367\n|turn|16\n|inactive|Time left: 300 sec this turn | 300 sec total\n|\n|t:|1783570980\n|move|p2a: Houndstone|Body Press|p1a: Lapras\n|-supereffective|p1a: Lapras\n|-damage|p1a: Lapras|309/367\n|move|p1a: Lapras|Dragon Dance|p1a: Lapras\n|-boost|p1a: Lapras|atk|1\n|-boost|p1a: Lapras|spe|1\n|\n|-heal|p2a: Houndstone|100/100 brn|[from] item: Leftovers\n|-damage|p2a: Houndstone|94/100 brn|[from] brn\n|upkeep\n|turn|17\n|inactive|Time left: 300 sec this turn | 300 sec total\n|\n|t:|1783570981\n|move|p1a: Lapras|Dragon Dance|p1a: Lapras\n|-boost|p1a: Lapras|atk|1\n|-boost|p1a: Lapras|spe|1\n|move|p2a: Houndstone|Roar|p1a: Lapras\n|drag|p1a: Pikachu|Pikachu-Hoenn, L93, F|216/216\n|\n|-heal|p2a: Houndstone|100/100 brn|[from] item: Leftovers\n|-damage|p2a: Houndstone|94/100 brn|[from] brn\n|upkeep\n|turn|18\n|inactive|Time left: 300 sec this turn | 300 sec total\n|\n|t:|1783570982\n|switch|p1a: Lapras|Lapras, L87, F|309/367\n|move|p2a: Houndstone|Poltergeist|p1a: Lapras\n|-activate|p1a: Lapras|move: Poltergeist|Loaded Dice\n|-damage|p1a: Lapras|248/367\n|\n|-heal|p2a: Houndstone|100/100 brn|[from] item: Leftovers\n|-damage|p2a: Houndstone|94/100 brn|[from] brn\n|upkeep\n|turn|19\n|inactive|Time left: 300 sec this turn | 300 sec total\n|\n|t:|1783570983\n|move|p1a: Lapras|Dragon Dance|p1a: Lapras\n|-boost|p1a: Lapras|atk|1\n|-boost|p1a: Lapras|spe|1\n|move|p2a: Houndstone|Roar|p1a: Lapras\n|drag|p1a: Pikachu|Pikachu-Hoenn, L93, F|216/216\n|\n|-heal|p2a: Houndstone|100/100 brn|[from] item: Leftovers\n|-damage|p2a: Houndstone|94/100 brn|[from] brn\n|upkeep\n|turn|20\n|inactive|Time left: 300 sec this turn | 300 sec total\n|\n|t:|1783570984\n|switch|p1a: Lapras|Lapras, L87, F|248/367\n|move|p2a: Houndstone|Poltergeist|p1a: Lapras\n|-activate|p1a: Lapras|move: Poltergeist|Loaded Dice\n|-damage|p1a: Lapras|180/367\n|\n|-heal|p2a: Houndstone|100/100 brn|[from] item: Leftovers\n|-damage|p2a: Houndstone|94/100 brn|[from] brn\n|upkeep\n|turn|21\n|inactive|Time left: 300 sec this turn | 300 sec total\n|\n|t:|1783570985\n|move|p2a: Houndstone|Poltergeist|p1a: Lapras\n|-activate|p1a: Lapras|move: Poltergeist|Loaded Dice\n|-damage|p1a: Lapras|120/367\n|move|p1a: Lapras|Dragon Dance|p1a: Lapras\n|-boost|p1a: Lapras|atk|1\n|-boost|p1a: Lapras|spe|1\n|\n|-heal|p2a: Houndstone|100/100 brn|[from] item: Leftovers\n|-damage|p2a: Houndstone|94/100 brn|[from] brn\n|upkeep\n|turn|22\n|inactive|Time left: 300 sec this turn | 300 sec total\n|\n|t:|1783570986\n|move|p1a: Lapras|Icicle Spear|p2a: Houndstone\n|-damage|p2a: Houndstone|82/100 brn\n|-damage|p2a: Houndstone|69/100 brn\n|-damage|p2a: Houndstone|56/100 brn\n|-damage|p2a: Houndstone|42/100 brn\n|-hitcount|p2a: Houndstone|4\n|move|p2a: Houndstone|Body Press|p1a: Lapras\n|-supereffective|p1a: Lapras\n|-damage|p1a: Lapras|53/367\n|\n|-heal|p2a: Houndstone|48/100 brn|[from] item: Leftovers\n|-damage|p2a: Houndstone|42/100 brn|[from] brn\n|upkeep\n|turn|23\n|inactive|Time left: 300 sec this turn | 300 sec total\n|\n|t:|1783570987\n|move|p1a: Lapras|Icicle Spear|p2a: Houndstone\n|-damage|p2a: Houndstone|28/100 brn\n|-damage|p2a: Houndstone|14/100 brn\n|-damage|p2a: Houndstone|0 fnt\n|faint|p2a: Houndstone\n|-hitcount|p2: Houndstone|3\n|\n|upkeep\n|\n|t:|1783570988\n|switch|p2a: Qwilfish|Qwilfish-Hisui, L83, F|100/100\n|-ability|p2a: Qwilfish|Intimidate|boost\n|-unboost|p1a: Lapras|atk|1\n|turn|24\n|inactive|Time left: 300 sec this turn | 300 sec total\n|\n|t:|1783570989\n|move|p1a: Lapras|Icicle Spear|p2a: Qwilfish\n|-damage|p2a: Qwilfish|93/100\n|-damage|p2a: Qwilfish|86/100\n|-damage|p2a: Qwilfish|78/100\n|-damage|p2a: Qwilfish|70/100\n|-hitcount|p2a: Qwilfish|4\n|move|p2a: Qwilfish|Gunk Shot|p1a: Lapras\n|-damage|p1a: Lapras|0 fnt\n|faint|p1a: Lapras\n|\n|upkeep\n|inactive|Time left: 300 sec this turn | 300 sec total | 5 sec grace\n|\n|t:|1783570990\n|switch|p1a: Pikachu|Pikachu-Hoenn, L93, F|216/216\n|turn|25\n|inactive|Time left: 300 sec this turn | 300 sec total\n|\n|t:|1783570990\n|-terastallize|p2a: Qwilfish|Poison\n|move|p1a: Pikachu|Fake Out|p2a: Qwilfish\n|-damage|p2a: Qwilfish|55/100\n|cant|p2a: Qwilfish|flinch\n|\n|upkeep\n|turn|26\n|inactive|Time left: 300 sec this turn | 300 sec total\n|\n|t:|1783570991\n|move|p1a: Pikachu|Volt Tackle|p2a: Qwilfish\n|-damage|p2a: Qwilfish|0 fnt\n|faint|p2a: Qwilfish\n|-damage|p1a: Pikachu|172/216|[from] Recoil\n|\n|win|p0x27742549", "uploadtime": 1783570991, "views": 0, "rating": 0, "private": 0, "password": null, "_winner": "p0x27742549", "_our_name": "p0x27742549"}