{"id": "battle-gen9randombattle-2206", "formatid": "gen9randombattle", "format": "[Gen 9] Random Battle", "players": ["p0x22068c3e", "p0y2206fad3"], "log": "|init|battle\n|title|p0x22068c3e vs. p0y2206fad3\n|j|\u2606p0x22068c3e\n|j|\u2606p0y2206fad3\n|t:|1783565565\n|gametype|singles\n|player|p1|p0x22068c3e|102|\n|player|p2|p0y2206fad3|169|\n|gen|9\n|tier|[Gen 9] Random Battle\n|rule|Species Clause: Limit one of each Pok\u00e9mon\n|rule|HP Percentage Mod: HP is shown in percentages\n|rule|Sleep Clause Mod: Limit one foe put to sleep\n|rule|Illusion Level Mod: Illusion disguises the Pok\u00e9mon's true level\n|\n|t:|1783565565\n|teamsize|p1|6\n|teamsize|p2|6\n|start\n|switch|p1a: Polteageist|Polteageist, L78|222/222\n|switch|p2a: Tatsugiri|Tatsugiri, L87, M|100/100\n|turn|1\n|inactive|Battle timer is ON: inactive players will automatically lose when time's up. (requested by p0y2206fad3)\n|inactive|Time left: 300 sec this turn | 300 sec total | 60 sec grace\n|inactive|p0x22068c3e also wants the timer to be on.\n|\n|t:|1783565567\n|move|p2a: Tatsugiri|Nasty Plot|p2a: Tatsugiri\n|-boost|p2a: Tatsugiri|spa|2\n|move|p1a: Polteageist|Shell Smash|p1a: Polteageist\n|-unboost|p1a: Polteageist|def|1\n|-unboost|p1a: Polteageist|spd|1\n|-boost|p1a: Polteageist|atk|2\n|-boost|p1a: Polteageist|spa|2\n|-boost|p1a: Polteageist|spe|2\n|-enditem|p1a: Polteageist|White Herb\n|-clearnegativeboost|p1a: Polteageist|[silent]\n|\n|upkeep\n|turn|2\n|inactive|Time left: 300 sec this turn | 300 sec total\n|\n|t:|1783565568\n|move|p1a: Polteageist|Shadow Ball|p2a: Tatsugiri\n|-damage|p2a: Tatsugiri|29/100\n|move|p2a: Tatsugiri|Draco Meteor|p1a: Polteageist|[miss]\n|-miss|p2a: Tatsugiri|p1a: Polteageist\n|\n|upkeep\n|turn|3\n|inactive|Time left: 300 sec this turn | 300 sec total\n|\n|t:|1783565569\n|switch|p2a: Girafarig|Girafarig, L89, F|100/100\n|move|p1a: Polteageist|Stored Power|p2a: Girafarig\n|-resisted|p2a: Girafarig\n|-damage|p2a: Girafarig|69/100\n|\n|upkeep\n|turn|4\n|inactive|Time left: 300 sec this turn | 300 sec total\n|\n|t:|1783565570\n|move|p1a: Polteageist|Shell Smash|p1a: Polteageist\n|-unboost|p1a: Polteageist|def|1\n|-unboost|p1a: Polteageist|spd|1\n|-boost|p1a: Polteageist|atk|2\n|-boost|p1a: Polteageist|spa|2\n|-boost|p1a: Polteageist|spe|2\n|move|p2a: Girafarig|Psyshock|p1a: Polteageist\n|-damage|p1a: Polteageist|56/222\n|\n|upkeep\n|turn|5\n|inactive|Time left: 300 sec this turn | 300 sec total\n|\n|t:|1783565571\n|switch|p2a: Malamar|Malamar, L82, F|100/100\n|move|p1a: Polteageist|Stored Power|p2a: Malamar\n|-immune|p2a: Malamar\n|\n|upkeep\n|turn|6\n|inactive|Time left: 300 sec this turn | 300 sec total\n|\n|t:|1783565573\n|switch|p2a: Girafarig|Girafarig, L89, F|69/100\n|move|p1a: Polteageist|Shadow Ball|p2a: Girafarig\n|-immune|p2a: Girafarig\n|\n|upkeep\n|turn|7\n|inactive|Time left: 300 sec this turn | 300 sec total\n|\n|t:|1783565574\n|switch|p2a: Malamar|Malamar, L82, F|100/100\n|move|p1a: Polteageist|Stored Power|p2a: Malamar\n|-immune|p2a: Malamar\n|\n|upkeep\n|turn|8\n|inactive|Time left: 300 sec this turn | 300 sec total\n|\n|t:|1783565575\n|switch|p2a: Girafarig|Girafarig, L89, F|69/100\n|move|p1a: Polteageist|Shadow Ball|p2a: Girafarig\n|-immune|p2a: Girafarig\n|\n|upkeep\n|turn|9\n|inactive|Time left: 300 sec this turn | 300 sec total\n|\n|t:|1783565576\n|switch|p2a: Malamar|Malamar, L82, F|100/100\n|move|p1a: Polteageist|Stored Power|p2a: Malamar\n|-immune|p2a: Malamar\n|\n|upkeep\n|turn|10\n|inactive|Time left: 300 sec this turn | 300 sec total\n|\n|t:|1783565577\n|switch|p2a: Girafarig|Girafarig, L89, F|69/100\n|move|p1a: Polteageist|Shadow Ball|p2a: Girafarig\n|-immune|p2a: Girafarig\n|\n|upkeep\n|turn|11\n|inactive|Time left: 300 sec this turn | 300 sec total\n|\n|t:|1783565578\n|switch|p2a: Malamar|Malamar, L82, F|100/100\n|move|p1a: Polteageist|Stored Power|p2a: Malamar\n|-immune|p2a: Malamar\n|\n|upkeep\n|turn|12\n|inactive|Time left: 300 sec this turn | 300 sec total\n|\n|t:|1783565579\n|switch|p2a: Girafarig|Girafarig, L89, F|69/100\n|move|p1a: Polteageist|Shadow Ball|p2a: Girafarig\n|-immune|p2a: Girafarig\n|\n|upkeep\n|turn|13\n|inactive|Time left: 300 sec this turn | 300 sec total\n|\n|t:|1783565580\n|switch|p2a: Malamar|Malamar, L82, F|100/100\n|move|p1a: Polteageist|Stored Power|p2a: Malamar\n|-immune|p2a: Malamar\n|\n|upkeep\n|turn|14\n|inactive|Time left: 300 sec this turn | 300 sec total\n|\n|t:|1783565581\n|switch|p2a: Girafarig|Girafarig, L89, F|69/100\n|move|p1a: Polteageist|Shadow Ball|p2a: Girafarig\n|-immune|p2a: Girafarig\n|\n|upkeep\n|turn|15\n|inactive|Time left: 300 sec this turn | 300 sec total\n|\n|t:|1783565582\n|switch|p2a: Malamar|Malamar, L82, F|100/100\n|move|p1a: Polteageist|Stored Power|p2a: Malamar\n|-immune|p2a: Malamar\n|\n|upkeep\n|turn|16\n|inactive|Time left: 300 sec this turn | 300 sec total\n|\n|t:|1783565583\n|switch|p2a: Girafarig|Girafarig, L89, F|69/100\n|move|p1a: Polteageist|Shadow Ball|p2a: Girafarig\n|-immune|p2a: Girafarig\n|\n|upkeep\n|turn|17\n|inactive|Time left: 300 sec this turn | 300 sec total\n|\n|t:|1783565584\n|switch|p2a: Malamar|Malamar, L82, F|100/100\n|move|p1a: Polteageist|Stored Power|p2a: Malamar\n|-immune|p2a: Malamar\n|\n|upkeep\n|turn|18\n|inactive|Time left: 300 sec this turn | 300 sec total\n|\n|t:|1783565585\n|switch|p2a: Girafarig|Girafarig, L89, F|69/100\n|move|p1a: Polteageist|Shadow Ball|p2a: Girafarig\n|-immune|p2a: Girafarig\n|\n|upkeep\n|turn|19\n|inactive|Time left: 300 sec this turn | 300 sec total\n|\n|t:|1783565586\n|switch|p2a: Malamar|Malamar, L82, F|100/100\n|move|p1a: Polteageist|Stored Power|p2a: Malamar\n|-immune|p2a: Malamar\n|\n|upkeep\n|turn|20\n|inactive|Time left: 300 sec this turn | 300 sec total\n|\n|t:|1783565587\n|switch|p2a: Girafarig|Girafarig, L89, F|69/100\n|move|p1a: Polteageist|Shadow Ball|p2a: Girafarig\n|-immune|p2a: Girafarig\n|\n|upkeep\n|turn|21\n|inactive|Time left: 300 sec this turn | 300 sec total\n|\n|t:|1783565588\n|switch|p2a: Malamar|Malamar, L82, F|100/100\n|move|p1a: Polteageist|Stored Power|p2a: Malamar\n|-immune|p2a: Malamar\n|\n|upkeep\n|turn|22\n|inactive|Time left: 300 sec this turn | 300 sec total\n|\n|t:|1783565589\n|switch|p2a: Girafarig|Girafarig, L89, F|69/100\n|move|p1a: Polteageist|Shadow Ball|p2a: Girafarig\n|-immune|p2a: Girafarig\n|\n|upkeep\n|turn|23\n|inactive|Time left: 300 sec this turn | 300 sec total\n|\n|t:|1783565590\n|switch|p2a: Malamar|Malamar, L82, F|100/100\n|move|p1a: Polteageist|Stored Power|p2a: Malamar\n|-immune|p2a: Malamar\n|\n|upkeep\n|turn|24\n|inactive|Time left: 300 sec this turn | 300 sec total\n|\n|t:|1783565591\n|switch|p2a: Girafarig|Girafarig, L89, F|69/100\n|move|p1a: Polteageist|Shadow Ball|p2a: Girafarig\n|-immune|p2a: Girafarig\n|\n|upkeep\n|turn|25\n|inactive|Time left: 300 sec this turn | 300 sec total\n|\n|t:|1783565592\n|switch|p2a: Malamar|Malamar, L82, F|100/100\n|move|p1a: Polteageist|Stored Power|p2a: Malamar\n|-immune|p2a: Malamar\n|\n|upkeep\n|turn|26\n|inactive|Time left: 300 sec this turn | 300 sec total\n|\n|t:|1783565594\n|switch|p2a: Girafarig|Girafarig, L89, F|69/100\n|move|p1a: Polteageist|Shadow Ball|p2a: Girafarig\n|-immune|p2a: Girafarig\n|\n|upkeep\n|turn|27\n|inactive|Time left: 300 sec this turn | 300 sec total\n|\n|t:|1783565595\n|switch|p2a: Malamar|Malamar, L82, F|100/100\n|move|p1a: Polteageist|Stored Power|p2a: Malamar\n|-immune|p2a: Malamar\n|\n|upkeep\n|turn|28\n|inactive|Time left: 300 sec this turn | 300 sec total\n|\n|t:|1783565596\n|switch|p2a: Girafarig|Girafarig, L89, F|69/100\n|move|p1a: Polteageist|Shadow Ball|p2a: Girafarig\n|-immune|p2a: Girafarig\n|\n|upkeep\n|turn|29\n|inactive|Time left: 300 sec this turn | 300 sec total\n|\n|t:|1783565597\n|switch|p2a: Malamar|Malamar, L82, F|100/100\n|move|p1a: Polteageist|Stored Power|p2a: Malamar\n|-immune|p2a: Malamar\n|\n|upkeep\n|turn|30\n|inactive|Time left: 300 sec this turn | 300 sec total\n|\n|t:|1783565598\n|switch|p2a: Girafarig|Girafarig, L89, F|69/100\n|move|p1a: Polteageist|Shadow Ball|p2a: Girafarig\n|-immune|p2a: Girafarig\n|\n|upkeep\n|turn|31\n|inactive|Time left: 300 sec this turn | 300 sec total\n|\n|t:|1783565599\n|switch|p2a: Vespiquen|Vespiquen, L99, F|100/100\n|-ability|p2a: Vespiquen|Pressure\n|move|p1a: Polteageist|Stored Power|p2a: Vespiquen\n|-damage|p2a: Vespiquen|0 fnt\n|faint|p2a: Vespiquen\n|\n|upkeep\n|\n|t:|1783565601\n|switch|p2a: Girafarig|Girafarig, L89, F|69/100\n|turn|32\n|inactive|Time left: 300 sec this turn | 300 sec total\n|\n|t:|1783565602\n|-terastallize|p1a: Polteageist|Fighting\n|move|p1a: Polteageist|Tera Blast|p2a: Girafarig|[anim] Tera Blast Fighting\n|-damage|p2a: Girafarig|0 fnt\n|faint|p2a: Girafarig\n|\n|upkeep\n|\n|t:|1783565603\n|switch|p2a: Manaphy|Manaphy, L78|100/100\n|turn|33\n|inactive|Time left: 300 sec this turn | 300 sec total\n|\n|t:|1783565604\n|switch|p2a: Tatsugiri|Tatsugiri, L87, M|29/100\n|move|p1a: Polteageist|Tera Blast|p2a: Tatsugiri|[anim] Tera Blast Fighting\n|-damage|p2a: Tatsugiri|0 fnt\n|faint|p2a: Tatsugiri\n|\n|upkeep\n|\n|t:|1783565605\n|switch|p2a: Vileplume|Vileplume, L85, M|100/100\n|turn|34\n|inactive|Time left: 300 sec this turn | 300 sec total\n|\n|t:|1783565606\n|move|p1a: Polteageist|Shadow Ball|p2a: Vileplume\n|-damage|p2a: Vileplume|0 fnt\n|faint|p2a: Vileplume\n|\n|upkeep\n|\n|t:|1783565607\n|switch|p2a: Manaphy|Manaphy, L78|100/100\n|turn|35\n|inactive|Time left: 300 sec this turn | 300 sec total\n|\n|t:|1783565608\n|move|p1a: Polteageist|Tera Blast|p2a: Manaphy|[anim] Tera Blast Fighting\n|-damage|p2a: Manaphy|5/100\n|move|p2a: Manaphy|Energy Ball|p1a: Polteageist\n|-damage|p1a: Polteageist|0 fnt\n|faint|p1a: Polteageist\n|\n|-heal|p2a: Manaphy|11/100|[from] item: Leftovers\n|upkeep\n|inactive|Time left: 300 sec this turn | 300 sec total | 5 sec grace\n|\n|t:|1783565609\n|switch|p1a: Squawkabilly|Squawkabilly-Blue, L85, F|278/278\n|turn|36\n|inactive|Time left: 300 sec this turn | 300 sec total\n|\n|t:|1783565610\n|move|p1a: Squawkabilly|Brave Bird|p2a: Manaphy\n|-damage|p2a: Manaphy|0 fnt\n|faint|p2a: Manaphy\n|-damage|p1a: Squawkabilly|268/278|[from] Recoil\n|\n|-status|p1a: Squawkabilly|brn|[from] item: Flame Orb\n|upkeep\n|\n|t:|1783565611\n|switch|p2a: Malamar|Malamar, L82, F|100/100\n|turn|37\n|inactive|Time left: 300 sec this turn | 300 sec total\n|\n|t:|1783565612\n|-terastallize|p2a: Malamar|Steel\n|move|p1a: Squawkabilly|Facade|p2a: Malamar\n|-resisted|p2a: Malamar\n|-damage|p2a: Malamar|60/100\n|move|p2a: Malamar|Superpower|p1a: Squawkabilly\n|-damage|p1a: Squawkabilly|150/278 brn\n|-boost|p2a: Malamar|atk|1\n|-boost|p2a: Malamar|def|1\n|\n|-damage|p1a: Squawkabilly|133/278 brn|[from] brn\n|upkeep\n|turn|38\n|inactive|Time left: 300 sec this turn | 300 sec total\n|\n|t:|1783565613\n|switch|p1a: Clefable|Clefable, L83, M|293/293\n|move|p2a: Malamar|Rest|p2a: Malamar\n|-status|p2a: Malamar|slp|[from] move: Rest\n|-heal|p2a: Malamar|100/100 slp|[silent]\n|-enditem|p2a: Malamar|Chesto Berry|[eat]\n|-curestatus|p2a: Malamar|slp|[msg]\n|\n|upkeep\n|turn|39\n|inactive|Time left: 300 sec this turn | 300 sec total\n|\n|t:|1783565614\n|move|p2a: Malamar|Superpower|p1a: Clefable\n|-resisted|p1a: Clefable\n|-damage|p1a: Clefable|221/293\n|-boost|p2a: Malamar|atk|1\n|-boost|p2a: Malamar|def|1\n|move|p1a: Clefable|Fire Blast|p2a: Malamar\n|-supereffective|p2a: Malamar\n|-damage|p2a: Malamar|25/100\n|\n|upkeep\n|turn|40\n|inactive|Time left: 300 sec this turn | 300 sec total\n|\n|t:|1783565615\n|move|p2a: Malamar|Rest|p2a: Malamar\n|-status|p2a: Malamar|slp|[from] move: Rest\n|-heal|p2a: Malamar|100/100 slp|[silent]\n|move|p1a: Clefable|Fire Blast|p2a: Malamar\n|-supereffective|p2a: Malamar\n|-damage|p2a: Malamar|25/100 slp\n|\n|upkeep\n|turn|41\n|inactive|Time left: 300 sec this turn | 300 sec total\n|\n|t:|1783565616\n|cant|p2a: Malamar|slp\n|move|p1a: Clefable|Moonblast|p2a: Malamar\n|-resisted|p2a: Malamar\n|-damage|p2a: Malamar|0 fnt\n|faint|p2a: Malamar\n|\n|win|p0x22068c3e", "uploadtime": 1783565616, "views": 0, "rating": 0, "private": 0, "password": null, "_winner": "p0x22068c3e", "_our_name": "p0x22068c3e"}