{"id": "battle-gen9randombattle-445", "formatid": "gen9randombattle", "format": "[Gen 9] Random Battle", "players": ["p0x4458b56", "p0y4457f9a"], "log": "|init|battle\n|title|p0x4458b56 vs. p0y4457f9a\n|j|\u2606p0x4458b56\n|j|\u2606p0y4457f9a\n|t:|1783544216\n|gametype|singles\n|player|p1|p0x4458b56|102|\n|player|p2|p0y4457f9a|101|\n|gen|9\n|tier|[Gen 9] Random Battle\n|rule|Species Clause: Limit one of each Pok\u00e9mon\n|rule|HP Percentage Mod: HP is shown in percentages\n|rule|Sleep Clause Mod: Limit one foe put to sleep\n|rule|Illusion Level Mod: Illusion disguises the Pok\u00e9mon's true level\n|\n|t:|1783544216\n|teamsize|p1|6\n|teamsize|p2|6\n|start\n|switch|p1a: Kyurem|Kyurem-Black, L71|295/295\n|switch|p2a: Ogerpon|Ogerpon, L80, F|100/100\n|-ability|p1a: Kyurem|Teravolt\n|turn|1\n|inactive|Battle timer is ON: inactive players will automatically lose when time's up. (requested by p0y4457f9a)\n|inactive|Time left: 300 sec this turn | 300 sec total | 60 sec grace\n|inactive|p0x4458b56 also wants the timer to be on.\n|\n|t:|1783544218\n|switch|p2a: Incineroar|Incineroar, L82, F|100/100\n|-ability|p2a: Incineroar|Intimidate|boost\n|-unboost|p1a: Kyurem|atk|1\n|move|p1a: Kyurem|Icicle Spear|p2a: Incineroar\n|-resisted|p2a: Incineroar\n|-damage|p2a: Incineroar|96/100\n|-resisted|p2a: Incineroar\n|-damage|p2a: Incineroar|93/100\n|-resisted|p2a: Incineroar\n|-damage|p2a: Incineroar|89/100\n|-resisted|p2a: Incineroar\n|-damage|p2a: Incineroar|85/100\n|-hitcount|p2a: Incineroar|4\n|\n|upkeep\n|turn|2\n|inactive|Time left: 300 sec this turn | 300 sec total\n|\n|t:|1783544219\n|move|p1a: Kyurem|Dragon Dance|p1a: Kyurem\n|-boost|p1a: Kyurem|atk|1\n|-boost|p1a: Kyurem|spe|1\n|move|p2a: Incineroar|Knock Off|p1a: Kyurem\n|-damage|p1a: Kyurem|183/295\n|-enditem|p1a: Kyurem|Loaded Dice|[from] move: Knock Off|[of] p2a: Incineroar\n|\n|upkeep\n|turn|3\n|inactive|Time left: 300 sec this turn | 300 sec total\n|\n|t:|1783544219\n|move|p1a: Kyurem|Dragon Dance|p1a: Kyurem\n|-boost|p1a: Kyurem|atk|1\n|-boost|p1a: Kyurem|spe|1\n|move|p2a: Incineroar|Flare Blitz|p1a: Kyurem\n|-damage|p1a: Kyurem|27/295\n|-damage|p2a: Incineroar|68/100|[from] Recoil\n|\n|upkeep\n|turn|4\n|inactive|Time left: 300 sec this turn | 300 sec total\n|\n|t:|1783544220\n|-terastallize|p1a: Kyurem|Ground\n|move|p1a: Kyurem|Tera Blast|p2a: Incineroar|[anim] Tera Blast Ground\n|-supereffective|p2a: Incineroar\n|-damage|p2a: Incineroar|0 fnt\n|faint|p2a: Incineroar\n|\n|upkeep\n|\n|t:|1783544221\n|switch|p2a: Mudsdale|Mudsdale, L83, M|100/100\n|turn|5\n|inactive|Time left: 300 sec this turn | 300 sec total\n|\n|t:|1783544222\n|move|p1a: Kyurem|Icicle Spear|p2a: Mudsdale\n|-supereffective|p2a: Mudsdale\n|-damage|p2a: Mudsdale|73/100\n|-ability|p2a: Mudsdale|Stamina|boost\n|-boost|p2a: Mudsdale|def|1\n|-supereffective|p2a: Mudsdale\n|-damage|p2a: Mudsdale|56/100\n|-ability|p2a: Mudsdale|Stamina|boost\n|-boost|p2a: Mudsdale|def|1\n|-supereffective|p2a: Mudsdale\n|-damage|p2a: Mudsdale|42/100\n|-ability|p2a: Mudsdale|Stamina|boost\n|-boost|p2a: Mudsdale|def|1\n|-hitcount|p2a: Mudsdale|3\n|move|p2a: Mudsdale|Heavy Slam|p1a: Kyurem\n|-damage|p1a: Kyurem|0 fnt\n|faint|p1a: Kyurem\n|\n|-heal|p2a: Mudsdale|48/100|[from] item: Leftovers\n|upkeep\n|inactive|Time left: 300 sec this turn | 300 sec total | 5 sec grace\n|\n|t:|1783544223\n|switch|p1a: Reuniclus|Reuniclus, L88, F|337/337\n|turn|6\n|inactive|Time left: 300 sec this turn | 300 sec total\n|\n|t:|1783544225\n|move|p2a: Mudsdale|Earthquake|p1a: Reuniclus\n|-damage|p1a: Reuniclus|192/337\n|move|p1a: Reuniclus|Psychic|p2a: Mudsdale\n|-damage|p2a: Mudsdale|0 fnt\n|faint|p2a: Mudsdale\n|\n|upkeep\n|\n|t:|1783544226\n|switch|p2a: Krookodile|Krookodile, L79, M|100/100\n|-ability|p2a: Krookodile|Intimidate|boost\n|-unboost|p1a: Reuniclus|atk|1\n|turn|7\n|inactive|Time left: 300 sec this turn | 300 sec total\n|\n|t:|1783544227\n|switch|p1a: Virizion|Virizion, L82|283/283\n|move|p2a: Krookodile|Knock Off|p1a: Virizion\n|-resisted|p1a: Virizion\n|-damage|p1a: Virizion|226/283\n|-ability|p1a: Virizion|Justified|boost\n|-boost|p1a: Virizion|atk|1\n|-enditem|p1a: Virizion|Life Orb|[from] move: Knock Off|[of] p2a: Krookodile\n|\n|upkeep\n|turn|8\n|inactive|Time left: 300 sec this turn | 300 sec total\n|\n|t:|1783544228\n|-terastallize|p2a: Krookodile|Poison\n|move|p1a: Virizion|Leaf Blade|p2a: Krookodile\n|-resisted|p2a: Krookodile\n|-damage|p2a: Krookodile|75/100\n|move|p2a: Krookodile|Gunk Shot|p1a: Virizion\n|-supereffective|p1a: Virizion\n|-damage|p1a: Virizion|0 fnt\n|faint|p1a: Virizion\n|\n|-heal|p2a: Krookodile|81/100|[from] item: Leftovers\n|upkeep\n|inactive|Time left: 300 sec this turn | 300 sec total | 5 sec grace\n|\n|t:|1783544229\n|switch|p1a: Weavile|Weavile, L79, F|240/240\n|turn|9\n|inactive|Time left: 300 sec this turn | 300 sec total\n|\n|t:|1783544230\n|switch|p2a: Alomomola|Alomomola, L87, M|100/100\n|move|p1a: Weavile|Triple Axel|p2a: Alomomola\n|-resisted|p2a: Alomomola\n|-damage|p2a: Alomomola|97/100\n|-resisted|p2a: Alomomola\n|-damage|p2a: Alomomola|92/100\n|-hitcount|p2a: Alomomola|2\n|\n|upkeep\n|turn|10\n|inactive|Time left: 300 sec this turn | 300 sec total\n|\n|t:|1783544231\n|move|p1a: Weavile|Swords Dance|p1a: Weavile\n|-boost|p1a: Weavile|atk|2\n|move|p2a: Alomomola|Flip Turn|p1a: Weavile\n|-damage|p1a: Weavile|164/240\n|\n|t:|1783544232\n|switch|p2a: Krookodile|Krookodile, L79, M, tera:Poison|81/100|[from] Flip Turn\n|-ability|p2a: Krookodile|Intimidate|boost\n|-unboost|p1a: Weavile|atk|1\n|\n|-heal|p2a: Krookodile|87/100|[from] item: Leftovers\n|upkeep\n|turn|11\n|inactive|Time left: 300 sec this turn | 300 sec total\n|\n|t:|1783544233\n|move|p1a: Weavile|Knock Off|p2a: Krookodile\n|-damage|p2a: Krookodile|17/100\n|-enditem|p2a: Krookodile|Leftovers|[from] move: Knock Off|[of] p1a: Weavile\n|move|p2a: Krookodile|Gunk Shot|p1a: Weavile|[miss]\n|-miss|p2a: Krookodile|p1a: Weavile\n|\n|upkeep\n|turn|12\n|inactive|Time left: 300 sec this turn | 300 sec total\n|\n|t:|1783544235\n|switch|p2a: Alomomola|Alomomola, L87, M|100/100\n|move|p1a: Weavile|Knock Off|p2a: Alomomola\n|-damage|p2a: Alomomola|61/100\n|-enditem|p2a: Alomomola|Heavy-Duty Boots|[from] move: Knock Off|[of] p1a: Weavile\n|\n|upkeep\n|turn|13\n|inactive|Time left: 300 sec this turn | 300 sec total\n|\n|t:|1783544236\n|move|p1a: Weavile|Swords Dance|p1a: Weavile\n|-boost|p1a: Weavile|atk|2\n|move|p2a: Alomomola|Scald|p1a: Weavile\n|-damage|p1a: Weavile|113/240\n|\n|upkeep\n|turn|14\n|inactive|Time left: 300 sec this turn | 300 sec total\n|\n|t:|1783544237\n|move|p1a: Weavile|Knock Off|p2a: Alomomola\n|-damage|p2a: Alomomola|14/100\n|move|p2a: Alomomola|Scald|p1a: Weavile\n|-damage|p1a: Weavile|56/240\n|\n|upkeep\n|turn|15\n|inactive|Time left: 300 sec this turn | 300 sec total\n|\n|t:|1783544238\n|switch|p2a: Krookodile|Krookodile, L79, M, tera:Poison|17/100\n|-ability|p2a: Krookodile|Intimidate|boost\n|-unboost|p1a: Weavile|atk|1\n|move|p1a: Weavile|Triple Axel|p2a: Krookodile\n|-damage|p2a: Krookodile|0 fnt\n|faint|p2a: Krookodile\n|-hitcount|p2: Krookodile|1\n|\n|upkeep\n|\n|t:|1783544238\n|switch|p2a: Alomomola|Alomomola, L87, M|48/100\n|turn|16\n|inactive|Time left: 300 sec this turn | 300 sec total\n|\n|t:|1783544239\n|switch|p1a: Clodsire|Clodsire, L81, M|343/343\n|move|p2a: Alomomola|Flip Turn|p1a: Clodsire\n|-immune|p1a: Clodsire|[from] ability: Water Absorb\n|\n|upkeep\n|turn|17\n|inactive|Time left: 300 sec this turn | 300 sec total\n|\n|t:|1783544240\n|move|p2a: Alomomola|Wish|p2a: Alomomola\n|move|p1a: Clodsire|Poison Jab|p2a: Alomomola\n|-damage|p2a: Alomomola|32/100\n|\n|upkeep\n|turn|18\n|inactive|Time left: 300 sec this turn | 300 sec total\n|\n|t:|1783544241\n|move|p2a: Alomomola|Flip Turn|p1a: Clodsire\n|-immune|p1a: Clodsire|[from] ability: Water Absorb\n|move|p1a: Clodsire|Stealth Rock|p2a: Alomomola\n|-sidestart|p2: p0y4457f9a|move: Stealth Rock\n|\n|-heal|p2a: Alomomola|81/100|[from] move: Wish|[wisher] Alomomola\n|upkeep\n|turn|19\n|inactive|Time left: 300 sec this turn | 300 sec total\n|\n|t:|1783544242\n|move|p2a: Alomomola|Wish|p2a: Alomomola\n|move|p1a: Clodsire|Poison Jab|p2a: Alomomola\n|-crit|p2a: Alomomola\n|-damage|p2a: Alomomola|59/100\n|-status|p2a: Alomomola|psn\n|\n|-damage|p2a: Alomomola|46/100 psn|[from] psn\n|upkeep\n|turn|20\n|inactive|Time left: 300 sec this turn | 300 sec total\n|\n|t:|1783544243\n|switch|p2a: Maushold|Maushold, L76|100/100\n|-damage|p2a: Maushold|88/100|[from] Stealth Rock\n|switch|p1a: Reuniclus|Reuniclus, L88, F|192/337\n|\n|-heal|p2a: Maushold|100/100|[from] move: Wish|[wisher] Alomomola\n|upkeep\n|turn|21\n|inactive|Time left: 300 sec this turn | 300 sec total\n|\n|t:|1783544244\n|switch|p1a: Weavile|Weavile, L79, F|56/240\n|move|p2a: Maushold|Population Bomb|p1a: Weavile\n|-damage|p1a: Weavile|23/240\n|-damage|p1a: Weavile|0 fnt\n|faint|p1a: Weavile\n|-hitcount|p1: Weavile|2\n|\n|upkeep\n|inactive|Time left: 300 sec this turn | 300 sec total | 5 sec grace\n|\n|t:|1783544245\n|switch|p1a: Clodsire|Clodsire, L81, M|343/343\n|turn|22\n|inactive|Time left: 300 sec this turn | 300 sec total\n|\n|t:|1783544246\n|move|p2a: Maushold|Tidy Up|p2a: Maushold\n|-sideend|p2: p0y4457f9a|Stealth Rock\n|-activate|p2a: Maushold|move: Tidy Up\n|-boost|p2a: Maushold|atk|1\n|-boost|p2a: Maushold|spe|1\n|move|p1a: Clodsire|Poison Jab|p2a: Maushold\n|-damage|p2a: Maushold|64/100\n|-status|p2a: Maushold|psn\n|\n|-damage|p2a: Maushold|51/100 psn|[from] psn\n|upkeep\n|turn|23\n|inactive|Time left: 300 sec this turn | 300 sec total\n|\n|t:|1783544247\n|switch|p1a: Reuniclus|Reuniclus, L88, F|192/337\n|move|p2a: Maushold|Population Bomb|p1a: Reuniclus\n|-damage|p1a: Reuniclus|155/337\n|-damage|p1a: Reuniclus|119/337\n|-damage|p1a: Reuniclus|85/337\n|-damage|p1a: Reuniclus|52/337\n|-damage|p1a: Reuniclus|16/337\n|-damage|p1a: Reuniclus|0 fnt\n|faint|p1a: Reuniclus\n|-hitcount|p1: Reuniclus|6\n|\n|-damage|p2a: Maushold|39/100 psn|[from] psn\n|upkeep\n|inactive|Time left: 300 sec this turn | 300 sec total | 5 sec grace\n|\n|t:|1783544248\n|switch|p1a: Blissey|Blissey, L85, F|572/572\n|turn|24\n|inactive|Time left: 300 sec this turn | 300 sec total\n|\n|t:|1783544249\n|move|p2a: Maushold|Population Bomb|p1a: Blissey\n|-damage|p1a: Blissey|473/572\n|-damage|p1a: Blissey|379/572\n|-damage|p1a: Blissey|285/572\n|-crit|p1a: Blissey\n|-damage|p1a: Blissey|144/572\n|-damage|p1a: Blissey|54/572\n|-damage|p1a: Blissey|0 fnt\n|faint|p1a: Blissey\n|-hitcount|p1: Blissey|6\n|\n|-damage|p2a: Maushold|27/100 psn|[from] psn\n|upkeep\n|inactive|Time left: 300 sec this turn | 300 sec total | 5 sec grace\n|\n|t:|1783544250\n|switch|p1a: Clodsire|Clodsire, L81, M|343/343\n|turn|25\n|inactive|Time left: 300 sec this turn | 300 sec total\n|\n|t:|1783544251\n|move|p2a: Maushold|Population Bomb|p1a: Clodsire\n|-damage|p1a: Clodsire|295/343\n|-damage|p1a: Clodsire|250/343\n|-damage|p1a: Clodsire|207/343\n|-damage|p1a: Clodsire|165/343\n|-damage|p1a: Clodsire|120/343\n|-damage|p1a: Clodsire|78/343\n|-damage|p1a: Clodsire|36/343\n|-damage|p1a: Clodsire|0 fnt\n|faint|p1a: Clodsire\n|-hitcount|p1: Clodsire|8\n|\n|win|p0y4457f9a", "uploadtime": 1783544251, "views": 0, "rating": 0, "private": 0, "password": null, "_winner": "p0y4457f9a", "_our_name": "p0x4458b56"}