{"id": "battle-gen9randombattle-2716", "formatid": "gen9randombattle", "format": "[Gen 9] Random Battle", "players": ["p0x2716733c", "p0y2716e326"], "log": "|init|battle\n|title|p0x2716733c vs. p0y2716e326\n|j|\u2606p0x2716733c\n|j|\u2606p0y2716e326\n|t:|1783571309\n|gametype|singles\n|player|p1|p0x2716733c|265|\n|player|p2|p0y2716e326|266|\n|gen|9\n|tier|[Gen 9] Random Battle\n|rule|Species Clause: Limit one of each Pok\u00e9mon\n|rule|HP Percentage Mod: HP is shown in percentages\n|rule|Sleep Clause Mod: Limit one foe put to sleep\n|rule|Illusion Level Mod: Illusion disguises the Pok\u00e9mon's true level\n|\n|t:|1783571309\n|teamsize|p1|6\n|teamsize|p2|6\n|start\n|switch|p1a: Dondozo|Dondozo, L78, F|362/362\n|switch|p2a: Giratina|Giratina, L75|100/100\n|-ability|p2a: Giratina|Pressure\n|turn|1\n|inactive|Battle timer is ON: inactive players will automatically lose when time's up. (requested by p0y2716e326)\n|inactive|Time left: 300 sec this turn | 300 sec total | 60 sec grace\n|\n|t:|1783571310\n|move|p2a: Giratina|Shadow Ball|p1a: Dondozo\n|-damage|p1a: Dondozo|269/362\n|move|p1a: Dondozo|Wave Crash|p2a: Giratina\n|-resisted|p2a: Giratina\n|-damage|p2a: Giratina|87/100\n|-damage|p1a: Dondozo|254/362|[from] Recoil\n|\n|-heal|p2a: Giratina|93/100|[from] item: Leftovers\n|-heal|p1a: Dondozo|276/362|[from] item: Leftovers\n|upkeep\n|turn|2\n|inactive|Time left: 300 sec this turn | 300 sec total\n|inactive|p0x2716733c also wants the timer to be on.\n|\n|t:|1783571312\n|switch|p1a: Minior|Minior, L79|224/224\n|-formechange|p1a: Minior|Minior-Meteor||[from] ability: Shields Down\n|move|p2a: Giratina|Shadow Ball|p1a: Minior\n|-damage|p1a: Minior|152/224\n|\n|-heal|p2a: Giratina|99/100|[from] item: Leftovers\n|upkeep\n|turn|3\n|inactive|Time left: 300 sec this turn | 300 sec total\n|\n|t:|1783571313\n|move|p1a: Minior|Shell Smash|p1a: Minior\n|-unboost|p1a: Minior|def|1\n|-unboost|p1a: Minior|spd|1\n|-boost|p1a: Minior|atk|2\n|-boost|p1a: Minior|spa|2\n|-boost|p1a: Minior|spe|2\n|-enditem|p1a: Minior|White Herb\n|-clearnegativeboost|p1a: Minior|[silent]\n|move|p2a: Giratina|Dragon Tail|p1a: Minior\n|-damage|p1a: Minior|101/224\n|drag|p1a: Dondozo|Dondozo, L78, F|276/362\n|\n|-heal|p2a: Giratina|100/100|[from] item: Leftovers\n|-heal|p1a: Dondozo|298/362|[from] item: Leftovers\n|upkeep\n|turn|4\n|inactive|Time left: 300 sec this turn | 300 sec total\n|\n|t:|1783571314\n|switch|p1a: Scrafty|Scrafty, L83, F|244/244\n|-ability|p1a: Scrafty|Intimidate|boost\n|-unboost|p2a: Giratina|atk|1\n|move|p2a: Giratina|Shadow Ball|p1a: Scrafty\n|-resisted|p1a: Scrafty\n|-damage|p1a: Scrafty|215/244\n|-unboost|p1a: Scrafty|spd|1\n|\n|-heal|p1a: Scrafty|230/244|[from] item: Leftovers\n|upkeep\n|turn|5\n|inactive|Time left: 300 sec this turn | 300 sec total\n|\n|t:|1783571315\n|switch|p2a: Oricorio|Oricorio, L84, F|100/100\n|move|p1a: Scrafty|Dragon Dance|p1a: Scrafty\n|-boost|p1a: Scrafty|atk|1\n|-boost|p1a: Scrafty|spe|1\n|-activate|p2a: Oricorio|ability: Dancer\n|move|p2a: Oricorio|Dragon Dance|p2a: Oricorio|[from] ability: Dancer\n|-boost|p2a: Oricorio|atk|1\n|-boost|p2a: Oricorio|spe|1\n|\n|-heal|p1a: Scrafty|244/244|[from] item: Leftovers\n|upkeep\n|turn|6\n|inactive|Time left: 300 sec this turn | 300 sec total\n|\n|t:|1783571315\n|move|p2a: Oricorio|Hurricane|p1a: Scrafty\n|-supereffective|p1a: Scrafty\n|-damage|p1a: Scrafty|0 fnt\n|faint|p1a: Scrafty\n|\n|upkeep\n|inactive|Time left: 300 sec this turn | 300 sec total | 5 sec grace\n|\n|t:|1783571316\n|switch|p1a: Minior|Minior, L79|101/224\n|turn|7\n|inactive|Time left: 300 sec this turn | 300 sec total\n|\n|t:|1783571317\n|move|p2a: Oricorio|Quiver Dance|p2a: Oricorio\n|-boost|p2a: Oricorio|spa|1\n|-boost|p2a: Oricorio|spd|1\n|-boost|p2a: Oricorio|spe|1\n|move|p1a: Minior|Shell Smash|p1a: Minior\n|-unboost|p1a: Minior|def|1\n|-unboost|p1a: Minior|spd|1\n|-boost|p1a: Minior|atk|2\n|-boost|p1a: Minior|spa|2\n|-boost|p1a: Minior|spe|2\n|\n|upkeep\n|turn|8\n|inactive|Time left: 300 sec this turn | 300 sec total\n|\n|t:|1783571318\n|-terastallize|p1a: Minior|Flying\n|move|p1a: Minior|Acrobatics|p2a: Oricorio\n|-damage|p2a: Oricorio|0 fnt\n|faint|p2a: Oricorio\n|\n|upkeep\n|\n|t:|1783571319\n|switch|p2a: Dipplin|Dipplin, L88, F|100/100\n|turn|9\n|inactive|Time left: 300 sec this turn | 300 sec total\n|\n|t:|1783571320\n|move|p1a: Minior|Acrobatics|p2a: Dipplin\n|-supereffective|p2a: Dipplin\n|-damage|p2a: Dipplin|0 fnt\n|faint|p2a: Dipplin\n|\n|upkeep\n|\n|t:|1783571321\n|switch|p2a: Giratina|Giratina, L75|100/100\n|-ability|p2a: Giratina|Pressure\n|turn|10\n|inactive|Time left: 300 sec this turn | 300 sec total\n|\n|t:|1783571322\n|move|p1a: Minior|Acrobatics|p2a: Giratina\n|-damage|p2a: Giratina|27/100\n|move|p2a: Giratina|Dragon Tail|p1a: Minior\n|-damage|p1a: Minior|0 fnt\n|faint|p1a: Minior\n|\n|-heal|p2a: Giratina|33/100|[from] item: Leftovers\n|upkeep\n|inactive|Time left: 300 sec this turn | 300 sec total | 5 sec grace\n|\n|t:|1783571323\n|switch|p1a: Clefable|Clefable, L83, M|293/293\n|turn|11\n|inactive|Time left: 300 sec this turn | 300 sec total\n|\n|t:|1783571324\n|switch|p2a: Munkidori|Munkidori, L79, M|100/100\n|move|p1a: Clefable|Moonblast|p2a: Munkidori\n|-resisted|p2a: Munkidori\n|-damage|p2a: Munkidori|76/100\n|\n|upkeep\n|turn|12\n|inactive|Time left: 300 sec this turn | 300 sec total\n|\n|t:|1783571325\n|switch|p1a: Regice|Regice, L88|284/284\n|move|p2a: Munkidori|Sludge Wave|p1a: Regice\n|-damage|p1a: Regice|199/284\n|\n|upkeep\n|turn|13\n|inactive|Time left: 300 sec this turn | 300 sec total\n|\n|t:|1783571326\n|move|p2a: Munkidori|Sludge Wave|p1a: Regice\n|-damage|p1a: Regice|118/284\n|move|p1a: Regice|Ice Beam|p2a: Munkidori\n|-damage|p2a: Munkidori|35/100\n|\n|upkeep\n|turn|14\n|inactive|Time left: 300 sec this turn | 300 sec total\n|\n|t:|1783571327\n|move|p2a: Munkidori|Sludge Wave|p1a: Regice\n|-damage|p1a: Regice|40/284\n|-status|p1a: Regice|tox|[from] ability: Toxic Chain|[of] p2a: Munkidori\n|move|p1a: Regice|Ice Beam|p2a: Munkidori\n|-damage|p2a: Munkidori|0 fnt\n|faint|p2a: Munkidori\n|\n|-damage|p1a: Regice|23/284 tox|[from] psn\n|upkeep\n|\n|t:|1783571328\n|switch|p2a: Pyroar|Pyroar, L88, M|100/100\n|-ability|p2a: Pyroar|Unnerve\n|turn|15\n|inactive|Time left: 300 sec this turn | 300 sec total\n|\n|t:|1783571329\n|move|p2a: Pyroar|Fire Blast|p1a: Regice\n|-supereffective|p1a: Regice\n|-damage|p1a: Regice|0 fnt\n|faint|p1a: Regice\n|\n|upkeep\n|inactive|Time left: 300 sec this turn | 300 sec total | 5 sec grace\n|\n|t:|1783571330\n|switch|p1a: Dondozo|Dondozo, L78, F|298/362\n|turn|16\n|inactive|Time left: 300 sec this turn | 300 sec total\n|\n|t:|1783571331\n|switch|p2a: Giratina|Giratina, L75|33/100\n|-ability|p2a: Giratina|Pressure\n|move|p1a: Dondozo|Wave Crash|p2a: Giratina\n|-resisted|p2a: Giratina\n|-damage|p2a: Giratina|18/100\n|-damage|p1a: Dondozo|281/362|[from] Recoil\n|\n|-heal|p2a: Giratina|24/100|[from] item: Leftovers\n|-heal|p1a: Dondozo|303/362|[from] item: Leftovers\n|upkeep\n|turn|17\n|inactive|Time left: 300 sec this turn | 300 sec total\n|\n|t:|1783571332\n|switch|p1a: Clefable|Clefable, L83, M|293/293\n|move|p2a: Giratina|Shadow Ball|p1a: Clefable\n|-damage|p1a: Clefable|224/293\n|-unboost|p1a: Clefable|spd|1\n|\n|-heal|p2a: Giratina|30/100|[from] item: Leftovers\n|upkeep\n|turn|18\n|inactive|Time left: 300 sec this turn | 300 sec total\n|\n|t:|1783571333\n|move|p2a: Giratina|Shadow Ball|p1a: Clefable\n|-damage|p1a: Clefable|122/293\n|-unboost|p1a: Clefable|spd|1\n|move|p1a: Clefable|Calm Mind|p1a: Clefable\n|-boost|p1a: Clefable|spa|1\n|-boost|p1a: Clefable|spd|1\n|\n|-heal|p2a: Giratina|36/100|[from] item: Leftovers\n|upkeep\n|turn|19\n|inactive|Time left: 300 sec this turn | 300 sec total\n|\n|t:|1783571334\n|move|p2a: Giratina|Shadow Ball|p1a: Clefable\n|-damage|p1a: Clefable|17/293\n|move|p1a: Clefable|Moonlight|p1a: Clefable\n|-heal|p1a: Clefable|163/293\n|\n|-heal|p2a: Giratina|42/100|[from] item: Leftovers\n|upkeep\n|turn|20\n|inactive|Time left: 300 sec this turn | 300 sec total\n|\n|t:|1783571335\n|move|p2a: Giratina|Shadow Ball|p1a: Clefable\n|-damage|p1a: Clefable|64/293\n|move|p1a: Clefable|Moonlight|p1a: Clefable\n|-heal|p1a: Clefable|210/293\n|\n|-heal|p2a: Giratina|48/100|[from] item: Leftovers\n|upkeep\n|turn|21\n|inactive|Time left: 300 sec this turn | 300 sec total\n|\n|t:|1783571336\n|move|p2a: Giratina|Shadow Ball|p1a: Clefable\n|-damage|p1a: Clefable|104/293\n|move|p1a: Clefable|Calm Mind|p1a: Clefable\n|-boost|p1a: Clefable|spa|1\n|-boost|p1a: Clefable|spd|1\n|\n|-heal|p2a: Giratina|54/100|[from] item: Leftovers\n|upkeep\n|turn|22\n|inactive|Time left: 300 sec this turn | 300 sec total\n|\n|t:|1783571337\n|move|p2a: Giratina|Shadow Ball|p1a: Clefable\n|-damage|p1a: Clefable|38/293\n|move|p1a: Clefable|Moonlight|p1a: Clefable\n|-heal|p1a: Clefable|184/293\n|\n|-heal|p2a: Giratina|60/100|[from] item: Leftovers\n|upkeep\n|turn|23\n|inactive|Time left: 300 sec this turn | 300 sec total\n|\n|t:|1783571338\n|move|p2a: Giratina|Shadow Ball|p1a: Clefable\n|-damage|p1a: Clefable|106/293\n|-unboost|p1a: Clefable|spd|1\n|move|p1a: Clefable|Calm Mind|p1a: Clefable\n|-boost|p1a: Clefable|spa|1\n|-boost|p1a: Clefable|spd|1\n|\n|-heal|p2a: Giratina|66/100|[from] item: Leftovers\n|upkeep\n|turn|24\n|inactive|Time left: 300 sec this turn | 300 sec total\n|\n|t:|1783571340\n|move|p2a: Giratina|Shadow Ball|p1a: Clefable\n|-damage|p1a: Clefable|39/293\n|move|p1a: Clefable|Moonlight|p1a: Clefable\n|-heal|p1a: Clefable|185/293\n|\n|-heal|p2a: Giratina|72/100|[from] item: Leftovers\n|upkeep\n|turn|25\n|inactive|Time left: 300 sec this turn | 300 sec total\n|\n|t:|1783571341\n|move|p2a: Giratina|Shadow Ball|p1a: Clefable\n|-damage|p1a: Clefable|112/293\n|move|p1a: Clefable|Moonblast|p2a: Giratina\n|-supereffective|p2a: Giratina\n|-damage|p2a: Giratina|0 fnt\n|faint|p2a: Giratina\n|\n|upkeep\n|\n|t:|1783571342\n|switch|p2a: Pyroar|Pyroar, L88, M|100/100\n|-ability|p2a: Pyroar|Unnerve\n|turn|26\n|inactive|Time left: 300 sec this turn | 300 sec total\n|\n|t:|1783571343\n|move|p2a: Pyroar|Fire Blast|p1a: Clefable\n|-damage|p1a: Clefable|0 fnt\n|faint|p1a: Clefable\n|\n|upkeep\n|inactive|Time left: 300 sec this turn | 300 sec total | 5 sec grace\n|\n|t:|1783571344\n|switch|p1a: Dondozo|Dondozo, L78, F|303/362\n|turn|27\n|inactive|Time left: 300 sec this turn | 300 sec total\n|\n|t:|1783571345\n|move|p2a: Pyroar|Hyper Voice|p1a: Dondozo\n|-damage|p1a: Dondozo|140/362\n|move|p1a: Dondozo|Wave Crash|p2a: Pyroar\n|-supereffective|p2a: Pyroar\n|-crit|p2a: Pyroar\n|-damage|p2a: Pyroar|0 fnt\n|faint|p2a: Pyroar\n|-damage|p1a: Dondozo|43/362|[from] Recoil\n|\n|-heal|p1a: Dondozo|65/362|[from] item: Leftovers\n|upkeep\n|\n|t:|1783571346\n|switch|p2a: Hitmontop|Hitmontop, L88, M|100/100\n|turn|28\n|inactive|Time left: 300 sec this turn | 300 sec total\n|\n|t:|1783571347\n|-terastallize|p2a: Hitmontop|Ice\n|move|p2a: Hitmontop|Triple Axel|p1a: Dondozo|[miss]\n|-miss|p2a: Hitmontop|p1a: Dondozo\n|move|p1a: Dondozo|Rest|p1a: Dondozo\n|-status|p1a: Dondozo|slp|[from] move: Rest\n|-heal|p1a: Dondozo|362/362 slp|[silent]\n|\n|upkeep\n|turn|29\n|inactive|Time left: 300 sec this turn | 300 sec total\n|\n|t:|1783571348\n|move|p2a: Hitmontop|Bulk Up|p2a: Hitmontop\n|-boost|p2a: Hitmontop|atk|1\n|-boost|p2a: Hitmontop|def|1\n|cant|p1a: Dondozo|slp\n|move|p1a: Dondozo|Sleep Talk|p1a: Dondozo\n|move|p1a: Dondozo|Rest||[from] move: Sleep Talk|[still]\n|-fail|p1a: Dondozo\n|\n|upkeep\n|turn|30\n|inactive|Time left: 300 sec this turn | 300 sec total\n|\n|t:|1783571349\n|move|p2a: Hitmontop|Rapid Spin|p1a: Dondozo\n|-damage|p1a: Dondozo|308/362 slp\n|-boost|p2a: Hitmontop|spe|1\n|cant|p1a: Dondozo|slp\n|move|p1a: Dondozo|Sleep Talk|p1a: Dondozo\n|move|p1a: Dondozo|Rest||[from] move: Sleep Talk|[still]\n|-fail|p1a: Dondozo\n|\n|-heal|p1a: Dondozo|330/362 slp|[from] item: Leftovers\n|upkeep\n|turn|31\n|inactive|Time left: 300 sec this turn | 300 sec total\n|\n|t:|1783571350\n|move|p2a: Hitmontop|Triple Axel|p1a: Dondozo|[miss]\n|-miss|p2a: Hitmontop|p1a: Dondozo\n|-curestatus|p1a: Dondozo|slp|[msg]\n|move|p1a: Dondozo|Curse|p1a: Dondozo\n|-unboost|p1a: Dondozo|spe|1\n|-boost|p1a: Dondozo|atk|1\n|-boost|p1a: Dondozo|def|1\n|\n|-heal|p1a: Dondozo|352/362|[from] item: Leftovers\n|upkeep\n|turn|32\n|inactive|Time left: 300 sec this turn | 300 sec total\n|\n|t:|1783571351\n|move|p2a: Hitmontop|Close Combat|p1a: Dondozo\n|-damage|p1a: Dondozo|265/362\n|-unboost|p2a: Hitmontop|def|1\n|-unboost|p2a: Hitmontop|spd|1\n|move|p1a: Dondozo|Wave Crash|p2a: Hitmontop\n|-damage|p2a: Hitmontop|37/100\n|-damage|p1a: Dondozo|216/362|[from] Recoil\n|\n|-heal|p2a: Hitmontop|43/100|[from] item: Leftovers\n|-heal|p1a: Dondozo|238/362|[from] item: Leftovers\n|upkeep\n|turn|33\n|inactive|Time left: 300 sec this turn | 300 sec total\n|\n|t:|1783571352\n|move|p2a: Hitmontop|Close Combat|p1a: Dondozo\n|-damage|p1a: Dondozo|162/362\n|-unboost|p2a: Hitmontop|def|1\n|-unboost|p2a: Hitmontop|spd|1\n|move|p1a: Dondozo|Wave Crash|p2a: Hitmontop\n|-damage|p2a: Hitmontop|0 fnt\n|faint|p2a: Hitmontop\n|-damage|p1a: Dondozo|130/362|[from] Recoil\n|\n|win|p0x2716733c", "uploadtime": 1783571352, "views": 0, "rating": 0, "private": 0, "password": null, "_winner": "p0x2716733c", "_our_name": "p0x2716733c"}