{"id": "battle-gen9randombattle-2227", "formatid": "gen9randombattle", "format": "[Gen 9] Random Battle", "players": ["p0x22274d07", "p0y2227ffad"], "log": "|init|battle\n|title|p0x22274d07 vs. p0y2227ffad\n|j|\u2606p0x22274d07\n|j|\u2606p0y2227ffad\n|t:|1783564886\n|gametype|singles\n|player|p1|p0x22274d07|169|\n|player|p2|p0y2227ffad|170|\n|gen|9\n|tier|[Gen 9] Random Battle\n|rule|Species Clause: Limit one of each Pok\u00e9mon\n|rule|HP Percentage Mod: HP is shown in percentages\n|rule|Sleep Clause Mod: Limit one foe put to sleep\n|rule|Illusion Level Mod: Illusion disguises the Pok\u00e9mon's true level\n|\n|t:|1783564886\n|teamsize|p1|6\n|teamsize|p2|6\n|start\n|switch|p1a: Tyranitar|Tyranitar, L78, M|284/284\n|switch|p2a: Floatzel|Floatzel, L86, F|100/100\n|-weather|Sandstorm|[from] ability: Sand Stream|[of] p1a: Tyranitar\n|turn|1\n|inactive|Battle timer is ON: inactive players will automatically lose when time's up. (requested by p0x22274d07)\n|inactive|p0y2227ffad also wants the timer to be on.\n|\n|t:|1783564887\n|switch|p1a: Conkeldurr|Conkeldurr, L80, M|299/299\n|move|p2a: Floatzel|Bulk Up|p2a: Floatzel\n|-boost|p2a: Floatzel|atk|1\n|-boost|p2a: Floatzel|def|1\n|\n|-weather|Sandstorm|[upkeep]\n|-damage|p2a: Floatzel|95/100|[from] Sandstorm\n|-damage|p1a: Conkeldurr|281/299|[from] Sandstorm\n|-heal|p2a: Floatzel|100/100|[from] item: Leftovers\n|-status|p1a: Conkeldurr|brn|[from] item: Flame Orb\n|upkeep\n|turn|2\n|inactive|Time left: 300 sec this turn | 300 sec total\n|\n|t:|1783564889\n|move|p2a: Floatzel|Bulk Up|p2a: Floatzel\n|-boost|p2a: Floatzel|atk|1\n|-boost|p2a: Floatzel|def|1\n|move|p1a: Conkeldurr|Close Combat|p2a: Floatzel\n|-damage|p2a: Floatzel|45/100\n|-unboost|p1a: Conkeldurr|def|1\n|-unboost|p1a: Conkeldurr|spd|1\n|\n|-weather|Sandstorm|[upkeep]\n|-damage|p2a: Floatzel|39/100|[from] Sandstorm\n|-damage|p1a: Conkeldurr|263/299 brn|[from] Sandstorm\n|-heal|p2a: Floatzel|45/100|[from] item: Leftovers\n|-damage|p1a: Conkeldurr|245/299 brn|[from] brn\n|upkeep\n|turn|3\n|inactive|Time left: 300 sec this turn | 300 sec total\n|\n|t:|1783564889\n|move|p1a: Conkeldurr|Mach Punch|p2a: Floatzel\n|-damage|p2a: Floatzel|24/100\n|move|p2a: Floatzel|Wave Crash|p1a: Conkeldurr\n|-damage|p1a: Conkeldurr|0 fnt\n|faint|p1a: Conkeldurr\n|-damage|p2a: Floatzel|0 fnt|[from] Recoil\n|faint|p2a: Floatzel\n|\n|-weather|Sandstorm|[upkeep]\n|upkeep\n|inactive|Time left: 300 sec this turn | 300 sec total | 5 sec grace\n|\n|t:|1783564890\n|switch|p2a: Passimian|Passimian, L83, M|100/100\n|switch|p1a: Tyranitar|Tyranitar, L78, M|284/284\n|turn|4\n|inactive|Time left: 300 sec this turn | 300 sec total\n|\n|t:|1783564891\n|switch|p1a: Rotom|Rotom-Fan, L86|226/226\n|move|p2a: Passimian|Drain Punch|p1a: Rotom\n|-resisted|p1a: Rotom\n|-damage|p1a: Rotom|184/226\n|\n|-weather|Sandstorm|[upkeep]\n|-damage|p1a: Rotom|170/226|[from] Sandstorm\n|-damage|p2a: Passimian|95/100|[from] Sandstorm\n|-heal|p2a: Passimian|100/100|[from] item: Leftovers\n|upkeep\n|turn|5\n|inactive|Time left: 300 sec this turn | 300 sec total\n|\n|t:|1783564892\n|switch|p2a: Lunala|Lunala, L70|100/100\n|move|p1a: Rotom|Will-O-Wisp|p2a: Lunala\n|-status|p2a: Lunala|brn\n|\n|-weather|none\n|-damage|p2a: Lunala|94/100 brn|[from] brn\n|upkeep\n|turn|6\n|inactive|Time left: 300 sec this turn | 300 sec total\n|\n|t:|1783564893\n|switch|p1a: Tyranitar|Tyranitar, L78, M|284/284\n|-weather|Sandstorm|[from] ability: Sand Stream|[of] p1a: Tyranitar\n|move|p2a: Lunala|Calm Mind|p2a: Lunala\n|-boost|p2a: Lunala|spa|1\n|-boost|p2a: Lunala|spd|1\n|\n|-weather|Sandstorm|[upkeep]\n|-damage|p2a: Lunala|88/100 brn|[from] Sandstorm\n|-heal|p2a: Lunala|94/100 brn|[from] item: Leftovers\n|-damage|p2a: Lunala|88/100 brn|[from] brn\n|upkeep\n|turn|7\n|inactive|Time left: 300 sec this turn | 300 sec total\n|\n|t:|1783564894\n|switch|p2a: Passimian|Passimian, L83, M|100/100\n|move|p1a: Tyranitar|Knock Off|p2a: Passimian\n|-resisted|p2a: Passimian\n|-damage|p2a: Passimian|81/100\n|-enditem|p2a: Passimian|Leftovers|[from] move: Knock Off|[of] p1a: Tyranitar\n|\n|-weather|Sandstorm|[upkeep]\n|-damage|p2a: Passimian|75/100|[from] Sandstorm\n|upkeep\n|turn|8\n|inactive|Time left: 300 sec this turn | 300 sec total\n|\n|t:|1783564896\n|switch|p1a: Rotom|Rotom-Fan, L86|170/226\n|move|p2a: Passimian|Drain Punch|p1a: Rotom\n|-resisted|p1a: Rotom\n|-damage|p1a: Rotom|133/226\n|-heal|p2a: Passimian|81/100|[from] drain|[of] p1a: Rotom\n|\n|-weather|Sandstorm|[upkeep]\n|-damage|p1a: Rotom|119/226|[from] Sandstorm\n|-damage|p2a: Passimian|75/100|[from] Sandstorm\n|upkeep\n|turn|9\n|inactive|Time left: 300 sec this turn | 300 sec total\n|\n|t:|1783564897\n|switch|p2a: Donphan|Donphan, L84, F|100/100\n|move|p1a: Rotom|Air Slash|p2a: Donphan\n|-damage|p2a: Donphan|62/100\n|\n|-weather|Sandstorm|[upkeep]\n|-damage|p1a: Rotom|105/226|[from] Sandstorm\n|-heal|p2a: Donphan|68/100|[from] item: Leftovers\n|upkeep\n|turn|10\n|inactive|Time left: 300 sec this turn | 300 sec total\n|\n|t:|1783564898\n|move|p1a: Rotom|Will-O-Wisp|p2a: Donphan\n|-status|p2a: Donphan|brn\n|move|p2a: Donphan|Knock Off|p1a: Rotom\n|-damage|p1a: Rotom|70/226\n|-enditem|p1a: Rotom|Heavy-Duty Boots|[from] move: Knock Off|[of] p2a: Donphan\n|\n|-weather|none\n|-heal|p2a: Donphan|74/100 brn|[from] item: Leftovers\n|-damage|p2a: Donphan|68/100 brn|[from] brn\n|upkeep\n|turn|11\n|inactive|Time left: 300 sec this turn | 300 sec total\n|\n|t:|1783564899\n|move|p1a: Rotom|Air Slash|p2a: Donphan\n|-damage|p2a: Donphan|24/100 brn\n|move|p2a: Donphan|Stealth Rock|p1a: Rotom\n|-sidestart|p1: p0x22274d07|move: Stealth Rock\n|\n|-heal|p2a: Donphan|30/100 brn|[from] item: Leftovers\n|-damage|p2a: Donphan|24/100 brn|[from] brn\n|upkeep\n|turn|12\n|inactive|Time left: 300 sec this turn | 300 sec total\n|\n|t:|1783564900\n|move|p1a: Rotom|Air Slash|p2a: Donphan\n|-damage|p2a: Donphan|0 fnt\n|faint|p2a: Donphan\n|\n|upkeep\n|\n|t:|1783564901\n|switch|p2a: Gallade|Gallade, L80, M|100/100\n|turn|13\n|inactive|Time left: 300 sec this turn | 300 sec total\n|\n|t:|1783564902\n|move|p2a: Gallade|Psycho Cut|p1a: Rotom\n|-damage|p1a: Rotom|0 fnt\n|faint|p1a: Rotom\n|\n|upkeep\n|inactive|Time left: 300 sec this turn | 300 sec total | 5 sec grace\n|\n|t:|1783564903\n|switch|p1a: Noctowl|Noctowl, L95, M|344/344\n|turn|14\n|inactive|Time left: 300 sec this turn | 300 sec total\n|\n|t:|1783564904\n|move|p2a: Gallade|Psycho Cut|p1a: Noctowl\n|-damage|p1a: Noctowl|193/344\n|move|p1a: Noctowl|Hurricane|p2a: Gallade|[miss]\n|-miss|p1a: Noctowl|p2a: Gallade\n|\n|upkeep\n|turn|15\n|inactive|Time left: 300 sec this turn | 300 sec total\n|\n|t:|1783564905\n|switch|p1a: Tyranitar|Tyranitar, L78, M|284/284\n|-damage|p1a: Tyranitar|249/284|[from] Stealth Rock\n|-weather|Sandstorm|[from] ability: Sand Stream|[of] p1a: Tyranitar\n|move|p2a: Gallade|Psycho Cut|p1a: Tyranitar\n|-immune|p1a: Tyranitar\n|\n|-weather|Sandstorm|[upkeep]\n|-damage|p2a: Gallade|94/100|[from] Sandstorm\n|-heal|p1a: Tyranitar|266/284|[from] item: Leftovers\n|upkeep\n|turn|16\n|inactive|Time left: 300 sec this turn | 300 sec total\n|\n|t:|1783564906\n|switch|p2a: Passimian|Passimian, L83, M|75/100\n|move|p1a: Tyranitar|Earthquake|p2a: Passimian\n|-damage|p2a: Passimian|48/100\n|\n|-weather|Sandstorm|[upkeep]\n|-damage|p2a: Passimian|42/100|[from] Sandstorm\n|-heal|p1a: Tyranitar|283/284|[from] item: Leftovers\n|upkeep\n|turn|17\n|inactive|Time left: 300 sec this turn | 300 sec total\n|\n|t:|1783564907\n|switch|p1a: Sneasler|Sneasler, L74, M|240/240\n|-damage|p1a: Sneasler|225/240|[from] Stealth Rock\n|move|p2a: Passimian|Drain Punch|p1a: Sneasler\n|-resisted|p1a: Sneasler\n|-damage|p1a: Sneasler|152/240\n|-heal|p2a: Passimian|54/100|[from] drain|[of] p1a: Sneasler\n|\n|-weather|Sandstorm|[upkeep]\n|-damage|p1a: Sneasler|137/240|[from] Sandstorm\n|-damage|p2a: Passimian|48/100|[from] Sandstorm\n|upkeep\n|turn|18\n|inactive|Time left: 300 sec this turn | 300 sec total\n|\n|t:|1783564908\n|move|p1a: Sneasler|Dire Claw|p2a: Passimian\n|-damage|p2a: Passimian|21/100\n|-status|p2a: Passimian|par\n|move|p2a: Passimian|Drain Punch|p1a: Sneasler\n|-resisted|p1a: Sneasler\n|-damage|p1a: Sneasler|73/240\n|-heal|p2a: Passimian|32/100 par|[from] drain|[of] p1a: Sneasler\n|\n|-weather|Sandstorm|[upkeep]\n|-damage|p1a: Sneasler|58/240|[from] Sandstorm\n|-damage|p2a: Passimian|26/100 par|[from] Sandstorm\n|upkeep\n|turn|19\n|inactive|Time left: 300 sec this turn | 300 sec total\n|\n|t:|1783564909\n|move|p1a: Sneasler|Dire Claw|p2a: Passimian\n|-damage|p2a: Passimian|0 fnt\n|faint|p2a: Passimian\n|\n|-weather|none\n|upkeep\n|\n|t:|1783564910\n|switch|p2a: Gallade|Gallade, L80, M|94/100\n|turn|20\n|inactive|Time left: 300 sec this turn | 300 sec total\n|\n|t:|1783564911\n|switch|p1a: Gothitelle|Gothitelle, L90, F|272/272\n|-damage|p1a: Gothitelle|238/272|[from] Stealth Rock\n|move|p2a: Gallade|Sacred Sword|p1a: Gothitelle\n|-resisted|p1a: Gothitelle\n|-damage|p1a: Gothitelle|169/272\n|\n|-heal|p1a: Gothitelle|186/272|[from] item: Leftovers\n|upkeep\n|turn|21\n|inactive|Time left: 300 sec this turn | 300 sec total\n|\n|t:|1783564912\n|-terastallize|p1a: Gothitelle|Ghost\n|move|p2a: Gallade|Sacred Sword|p1a: Gothitelle\n|-immune|p1a: Gothitelle\n|move|p1a: Gothitelle|Calm Mind|p1a: Gothitelle\n|-boost|p1a: Gothitelle|spa|1\n|-boost|p1a: Gothitelle|spd|1\n|\n|-heal|p1a: Gothitelle|203/272|[from] item: Leftovers\n|upkeep\n|turn|22\n|inactive|Time left: 300 sec this turn | 300 sec total\n|\n|t:|1783564913\n|move|p2a: Gallade|Sacred Sword|p1a: Gothitelle\n|-immune|p1a: Gothitelle\n|move|p1a: Gothitelle|Psychic Noise|p2a: Gallade\n|-damage|p2a: Gallade|46/100\n|-start|p2a: Gallade|move: Heal Block\n|\n|-heal|p1a: Gothitelle|220/272|[from] item: Leftovers\n|upkeep\n|turn|23\n|inactive|Time left: 300 sec this turn | 300 sec total\n|\n|t:|1783564914\n|move|p2a: Gallade|Sacred Sword|p1a: Gothitelle\n|-immune|p1a: Gothitelle\n|move|p1a: Gothitelle|Dark Pulse|p2a: Gallade\n|-damage|p2a: Gallade|10/100\n|\n|-heal|p1a: Gothitelle|237/272|[from] item: Leftovers\n|-end|p2a: Gallade|move: Heal Block\n|upkeep\n|turn|24\n|inactive|Time left: 300 sec this turn | 300 sec total\n|\n|t:|1783564915\n|move|p2a: Gallade|Sacred Sword|p1a: Gothitelle\n|-immune|p1a: Gothitelle\n|move|p1a: Gothitelle|Calm Mind|p1a: Gothitelle\n|-boost|p1a: Gothitelle|spa|1\n|-boost|p1a: Gothitelle|spd|1\n|\n|-heal|p1a: Gothitelle|254/272|[from] item: Leftovers\n|upkeep\n|turn|25\n|inactive|Time left: 300 sec this turn | 300 sec total\n|\n|t:|1783564916\n|move|p2a: Gallade|Sacred Sword|p1a: Gothitelle\n|-immune|p1a: Gothitelle\n|move|p1a: Gothitelle|Calm Mind|p1a: Gothitelle\n|-boost|p1a: Gothitelle|spa|1\n|-boost|p1a: Gothitelle|spd|1\n|\n|-heal|p1a: Gothitelle|271/272|[from] item: Leftovers\n|upkeep\n|turn|26\n|inactive|Time left: 300 sec this turn | 300 sec total\n|\n|t:|1783564917\n|move|p2a: Gallade|Sacred Sword|p1a: Gothitelle\n|-immune|p1a: Gothitelle\n|move|p1a: Gothitelle|Dark Pulse|p2a: Gallade\n|-damage|p2a: Gallade|0 fnt\n|faint|p2a: Gallade\n|\n|-heal|p1a: Gothitelle|272/272|[from] item: Leftovers\n|upkeep\n|\n|t:|1783564918\n|switch|p2a: Lunala|Lunala, L70|88/100 brn\n|turn|27\n|inactive|Time left: 300 sec this turn | 300 sec total\n|\n|t:|1783564919\n|-terastallize|p2a: Lunala|Fairy\n|move|p2a: Lunala|Calm Mind|p2a: Lunala\n|-boost|p2a: Lunala|spa|1\n|-boost|p2a: Lunala|spd|1\n|move|p1a: Gothitelle|Psychic Noise|p2a: Lunala\n|-damage|p2a: Lunala|37/100 brn\n|-start|p2a: Lunala|move: Heal Block\n|\n|-damage|p2a: Lunala|30/100 brn|[from] brn\n|upkeep\n|turn|28\n|inactive|Time left: 300 sec this turn | 300 sec total\n|\n|t:|1783564920\n|move|p2a: Lunala|Moongeist Beam|p1a: Gothitelle\n|-supereffective|p1a: Gothitelle\n|-damage|p1a: Gothitelle|180/272\n|move|p1a: Gothitelle|Psychic Noise|p2a: Lunala\n|-damage|p2a: Lunala|0 fnt\n|faint|p2a: Lunala\n|\n|-heal|p1a: Gothitelle|197/272|[from] item: Leftovers\n|upkeep\n|\n|t:|1783564920\n|switch|p2a: Vigoroth|Vigoroth, L85, M|100/100\n|turn|29\n|inactive|Time left: 300 sec this turn | 300 sec total\n|\n|t:|1783564921\n|move|p2a: Vigoroth|Earthquake|p1a: Gothitelle\n|-damage|p1a: Gothitelle|141/272\n|move|p1a: Gothitelle|Psychic Noise|p2a: Vigoroth\n|-damage|p2a: Vigoroth|25/100\n|-start|p2a: Vigoroth|move: Heal Block\n|\n|-heal|p1a: Gothitelle|158/272|[from] item: Leftovers\n|upkeep\n|turn|30\n|inactive|Time left: 300 sec this turn | 300 sec total\n|\n|t:|1783564922\n|move|p2a: Vigoroth|Bulk Up|p2a: Vigoroth\n|-boost|p2a: Vigoroth|atk|1\n|-boost|p2a: Vigoroth|def|1\n|move|p1a: Gothitelle|Psychic Noise|p2a: Vigoroth\n|-damage|p2a: Vigoroth|0 fnt\n|faint|p2a: Vigoroth\n|\n|win|p0x22274d07", "uploadtime": 1783564922, "views": 0, "rating": 0, "private": 0, "password": null, "_winner": "p0x22274d07", "_our_name": "p0x22274d07"}