{"id": "battle-gen9randombattle-391", "formatid": "gen9randombattle", "format": "[Gen 9] Random Battle", "players": ["p0x39176cf", "p0y391ef03"], "log": "|init|battle\n|title|p0x39176cf vs. p0y391ef03\n|j|\u2606p0x39176cf\n|j|\u2606p0y391ef03\n|t:|1783543632\n|gametype|singles\n|player|p1|p0x39176cf|170|\n|player|p2|p0y391ef03|170|\n|gen|9\n|tier|[Gen 9] Random Battle\n|rule|Species Clause: Limit one of each Pok\u00e9mon\n|rule|HP Percentage Mod: HP is shown in percentages\n|rule|Sleep Clause Mod: Limit one foe put to sleep\n|rule|Illusion Level Mod: Illusion disguises the Pok\u00e9mon's true level\n|\n|t:|1783543632\n|teamsize|p1|6\n|teamsize|p2|6\n|start\n|switch|p1a: Lucario|Lucario, L84, M|255/255\n|switch|p2a: Mesprit|Mesprit, L85|100/100\n|turn|1\n|inactive|Battle timer is ON: inactive players will automatically lose when time's up. (requested by p0x39176cf)\n|inactive|p0y391ef03 also wants the timer to be on.\n|\n|t:|1783543633\n|move|p1a: Lucario|Swords Dance|p1a: Lucario\n|-boost|p1a: Lucario|atk|2\n|move|p2a: Mesprit|Stealth Rock|p1a: Lucario\n|-sidestart|p1: p0x39176cf|move: Stealth Rock\n|\n|upkeep\n|turn|2\n|inactive|Time left: 300 sec this turn | 300 sec total\n|\n|t:|1783543634\n|switch|p2a: Quagsire|Quagsire, L84, M|100/100\n|move|p1a: Lucario|Meteor Mash|p2a: Quagsire\n|-resisted|p2a: Quagsire\n|-damage|p2a: Quagsire|78/100\n|-damage|p1a: Lucario|230/255|[from] item: Life Orb\n|\n|-heal|p2a: Quagsire|84/100|[from] item: Leftovers\n|upkeep\n|turn|3\n|inactive|Time left: 300 sec this turn | 300 sec total\n|\n|t:|1783543635\n|move|p1a: Lucario|Close Combat|p2a: Quagsire\n|-damage|p2a: Quagsire|21/100\n|-unboost|p1a: Lucario|def|1\n|-unboost|p1a: Lucario|spd|1\n|-damage|p1a: Lucario|205/255|[from] item: Life Orb\n|move|p2a: Quagsire|Earthquake|p1a: Lucario\n|-supereffective|p1a: Lucario\n|-damage|p1a: Lucario|0 fnt\n|faint|p1a: Lucario\n|\n|-heal|p2a: Quagsire|27/100|[from] item: Leftovers\n|upkeep\n|inactive|Time left: 300 sec this turn | 300 sec total | 5 sec grace\n|\n|t:|1783543636\n|switch|p1a: Wo-Chien|Wo-Chien, L83|277/277\n|-damage|p1a: Wo-Chien|243/277|[from] Stealth Rock\n|-ability|p1a: Wo-Chien|Tablets of Ruin\n|turn|4\n|inactive|Time left: 300 sec this turn | 300 sec total\n|\n|t:|1783543636\n|switch|p2a: Salamence|Salamence, L77, M|100/100\n|-ability|p2a: Salamence|Intimidate|boost\n|-unboost|p1a: Wo-Chien|atk|1\n|move|p1a: Wo-Chien|Knock Off|p2a: Salamence\n|-damage|p2a: Salamence|76/100\n|-enditem|p2a: Salamence|Heavy-Duty Boots|[from] move: Knock Off|[of] p1a: Wo-Chien\n|\n|-heal|p1a: Wo-Chien|260/277|[from] item: Leftovers\n|upkeep\n|turn|5\n|inactive|Time left: 300 sec this turn | 300 sec total\n|\n|t:|1783543637\n|move|p2a: Salamence|Dragon Dance|p2a: Salamence\n|-boost|p2a: Salamence|atk|1\n|-boost|p2a: Salamence|spe|1\n|move|p1a: Wo-Chien|Leech Seed|p2a: Salamence\n|-start|p2a: Salamence|move: Leech Seed\n|\n|-heal|p1a: Wo-Chien|277/277|[from] item: Leftovers\n|-damage|p2a: Salamence|64/100|[from] Leech Seed|[of] p1a: Wo-Chien\n|upkeep\n|turn|6\n|inactive|Time left: 300 sec this turn | 300 sec total\n|\n|t:|1783543638\n|switch|p1a: Wyrdeer|Wyrdeer, L87, M|321/321\n|-damage|p1a: Wyrdeer|281/321|[from] Stealth Rock\n|-ability|p1a: Wyrdeer|Intimidate|boost\n|-unboost|p2a: Salamence|atk|1\n|move|p2a: Salamence|Dragon Dance|p2a: Salamence\n|-boost|p2a: Salamence|atk|1\n|-boost|p2a: Salamence|spe|1\n|\n|-damage|p2a: Salamence|51/100|[from] Leech Seed|[of] p1a: Wyrdeer\n|-heal|p1a: Wyrdeer|315/321|[silent]\n|upkeep\n|turn|7\n|inactive|Time left: 300 sec this turn | 300 sec total\n|\n|t:|1783543640\n|move|p2a: Salamence|Outrage|p1a: Wyrdeer\n|-damage|p1a: Wyrdeer|101/321\n|move|p1a: Wyrdeer|Psychic Noise|p2a: Salamence\n|-damage|p2a: Salamence|15/100\n|-start|p2a: Salamence|move: Heal Block\n|\n|-damage|p2a: Salamence|3/100|[from] Leech Seed|[of] p1a: Wyrdeer\n|-heal|p1a: Wyrdeer|135/321|[silent]\n|upkeep\n|turn|8\n|inactive|Time left: 300 sec this turn | 300 sec total\n|\n|t:|1783543641\n|switch|p1a: Wo-Chien|Wo-Chien, L83|277/277\n|-damage|p1a: Wo-Chien|243/277|[from] Stealth Rock\n|-ability|p1a: Wo-Chien|Tablets of Ruin\n|move|p2a: Salamence|Outrage|p1a: Wo-Chien|[from] lockedmove\n|-damage|p1a: Wo-Chien|92/277\n|-start|p2a: Salamence|confusion|[fatigue]\n|\n|-heal|p1a: Wo-Chien|109/277|[from] item: Leftovers\n|-damage|p2a: Salamence|0 fnt|[from] Leech Seed|[of] p1a: Wo-Chien\n|-heal|p1a: Wo-Chien|115/277|[silent]\n|faint|p2a: Salamence\n|upkeep\n|\n|t:|1783543642\n|switch|p2a: Entei|Entei, L78|100/100\n|turn|9\n|inactive|Time left: 300 sec this turn | 300 sec total\n|\n|t:|1783543643\n|move|p1a: Wo-Chien|Protect|p1a: Wo-Chien\n|-singleturn|p1a: Wo-Chien|Protect\n|move|p2a: Entei|Sacred Fire|p1a: Wo-Chien\n|-activate|p1a: Wo-Chien|move: Protect\n|\n|-heal|p1a: Wo-Chien|132/277|[from] item: Leftovers\n|upkeep\n|turn|10\n|inactive|Time left: 300 sec this turn | 300 sec total\n|\n|t:|1783543644\n|switch|p1a: Clawitzer|Clawitzer, L87, M|265/265\n|-damage|p1a: Clawitzer|232/265|[from] Stealth Rock\n|move|p2a: Entei|Sacred Fire|p1a: Clawitzer\n|-resisted|p1a: Clawitzer\n|-damage|p1a: Clawitzer|160/265\n|-status|p1a: Clawitzer|brn\n|\n|-damage|p1a: Clawitzer|144/265 brn|[from] brn\n|upkeep\n|turn|11\n|inactive|Time left: 300 sec this turn | 300 sec total\n|\n|t:|1783543645\n|move|p2a: Entei|Sacred Fire|p1a: Clawitzer\n|-resisted|p1a: Clawitzer\n|-damage|p1a: Clawitzer|74/265 brn\n|move|p1a: Clawitzer|Water Pulse|p2a: Entei\n|-supereffective|p2a: Entei\n|-damage|p2a: Entei|13/100\n|\n|-damage|p1a: Clawitzer|58/265 brn|[from] brn\n|upkeep\n|turn|12\n|inactive|Time left: 300 sec this turn | 300 sec total\n|\n|t:|1783543646\n|move|p2a: Entei|Sacred Fire|p1a: Clawitzer\n|-resisted|p1a: Clawitzer\n|-damage|p1a: Clawitzer|0 fnt\n|faint|p1a: Clawitzer\n|\n|upkeep\n|inactive|Time left: 300 sec this turn | 300 sec total | 5 sec grace\n|\n|t:|1783543647\n|switch|p1a: Persian|Persian, L92, M|269/269\n|-damage|p1a: Persian|236/269|[from] Stealth Rock\n|turn|13\n|inactive|Time left: 300 sec this turn | 300 sec total\n|\n|t:|1783543648\n|switch|p2a: Urshifu|Urshifu-Rapid-Strike, L75, F|100/100\n|move|p1a: Persian|Knock Off|p2a: Urshifu\n|-resisted|p2a: Urshifu\n|-damage|p2a: Urshifu|84/100\n|-enditem|p2a: Urshifu|Choice Band|[from] move: Knock Off|[of] p1a: Persian\n|\n|upkeep\n|turn|14\n|inactive|Time left: 300 sec this turn | 300 sec total\n|\n|t:|1783543649\n|switch|p1a: Okidogi|Okidogi, L77, M|262/262\n|-damage|p1a: Okidogi|246/262|[from] Stealth Rock\n|move|p2a: Urshifu|Close Combat|p1a: Okidogi\n|-resisted|p1a: Okidogi\n|-damage|p1a: Okidogi|185/262\n|-unboost|p2a: Urshifu|def|1\n|-unboost|p2a: Urshifu|spd|1\n|\n|upkeep\n|turn|15\n|inactive|Time left: 300 sec this turn | 300 sec total\n|\n|t:|1783543651\n|move|p2a: Urshifu|Surging Strikes|p1a: Okidogi\n|-crit|p1a: Okidogi\n|-damage|p1a: Okidogi|143/262\n|-crit|p1a: Okidogi\n|-damage|p1a: Okidogi|104/262\n|-crit|p1a: Okidogi\n|-damage|p1a: Okidogi|65/262\n|-hitcount|p1a: Okidogi|3\n|move|p1a: Okidogi|Drain Punch|p2a: Urshifu\n|-damage|p2a: Urshifu|36/100\n|-heal|p1a: Okidogi|132/262|[from] drain|[of] p2a: Urshifu\n|\n|upkeep\n|turn|16\n|inactive|Time left: 300 sec this turn | 300 sec total\n|\n|t:|1783543652\n|-terastallize|p2a: Urshifu|Water\n|move|p2a: Urshifu|Surging Strikes|p1a: Okidogi\n|-crit|p1a: Okidogi\n|-damage|p1a: Okidogi|86/262\n|-crit|p1a: Okidogi\n|-damage|p1a: Okidogi|34/262\n|-crit|p1a: Okidogi\n|-damage|p1a: Okidogi|0 fnt\n|faint|p1a: Okidogi\n|-hitcount|p1: Okidogi|3\n|\n|upkeep\n|inactive|Time left: 300 sec this turn | 300 sec total | 5 sec grace\n|\n|t:|1783543653\n|switch|p1a: Persian|Persian, L92, M|236/269\n|-damage|p1a: Persian|203/269|[from] Stealth Rock\n|turn|17\n|inactive|Time left: 300 sec this turn | 300 sec total\n|\n|t:|1783543654\n|switch|p2a: Hypno|Hypno, L95, M|100/100\n|move|p1a: Persian|Double-Edge|p2a: Hypno\n|-damage|p2a: Hypno|39/100\n|-damage|p1a: Persian|139/269|[from] Recoil\n|\n|-heal|p2a: Hypno|45/100|[from] item: Leftovers\n|upkeep\n|turn|18\n|inactive|Time left: 300 sec this turn | 300 sec total\n|\n|t:|1783543655\n|switch|p2a: Urshifu|Urshifu-Rapid-Strike, L75, F, tera:Water|36/100\n|move|p1a: Persian|Double-Edge|p2a: Urshifu\n|-damage|p2a: Urshifu|0 fnt\n|faint|p2a: Urshifu\n|-damage|p1a: Persian|107/269|[from] Recoil\n|\n|upkeep\n|\n|t:|1783543656\n|switch|p2a: Entei|Entei, L78|13/100\n|turn|19\n|inactive|Time left: 300 sec this turn | 300 sec total\n|\n|t:|1783543657\n|-terastallize|p1a: Persian|Ghost\n|move|p2a: Entei|Extreme Speed|p1a: Persian\n|-immune|p1a: Persian\n|move|p1a: Persian|Double-Edge|p2a: Entei\n|-damage|p2a: Entei|0 fnt\n|faint|p2a: Entei\n|-damage|p1a: Persian|95/269|[from] Recoil\n|\n|upkeep\n|\n|t:|1783543658\n|switch|p2a: Mesprit|Mesprit, L85|100/100\n|turn|20\n|inactive|Time left: 300 sec this turn | 300 sec total\n|\n|t:|1783543659\n|move|p1a: Persian|Double-Edge|p2a: Mesprit\n|-damage|p2a: Mesprit|44/100\n|-damage|p1a: Persian|44/269|[from] Recoil\n|move|p2a: Mesprit|Knock Off|p1a: Persian\n|-supereffective|p1a: Persian\n|-damage|p1a: Persian|0 fnt\n|-enditem|p1a: Persian|Choice Band|[from] move: Knock Off|[of] p2a: Mesprit\n|faint|p1a: Persian\n|\n|-heal|p2a: Mesprit|51/100|[from] item: Leftovers\n|upkeep\n|inactive|Time left: 300 sec this turn | 300 sec total | 5 sec grace\n|\n|t:|1783543660\n|switch|p1a: Wo-Chien|Wo-Chien, L83|132/277\n|-damage|p1a: Wo-Chien|98/277|[from] Stealth Rock\n|-ability|p1a: Wo-Chien|Tablets of Ruin\n|turn|21\n|inactive|Time left: 300 sec this turn | 300 sec total\n|\n|t:|1783543661\n|move|p2a: Mesprit|Knock Off|p1a: Wo-Chien\n|-resisted|p1a: Wo-Chien\n|-damage|p1a: Wo-Chien|73/277\n|-enditem|p1a: Wo-Chien|Leftovers|[from] move: Knock Off|[of] p2a: Mesprit\n|move|p1a: Wo-Chien|Knock Off|p2a: Mesprit\n|-supereffective|p2a: Mesprit\n|-damage|p2a: Mesprit|0 fnt\n|-enditem|p2a: Mesprit|Leftovers|[from] move: Knock Off|[of] p1a: Wo-Chien\n|faint|p2a: Mesprit\n|\n|upkeep\n|\n|t:|1783543662\n|switch|p2a: Hypno|Hypno, L95, M|45/100\n|turn|22\n|inactive|Time left: 300 sec this turn | 300 sec total\n|\n|t:|1783543663\n|move|p2a: Hypno|Thunder Wave|p1a: Wo-Chien|[miss]\n|-miss|p2a: Hypno|p1a: Wo-Chien\n|move|p1a: Wo-Chien|Knock Off|p2a: Hypno\n|-supereffective|p2a: Hypno\n|-damage|p2a: Hypno|0 fnt\n|-enditem|p2a: Hypno|Leftovers|[from] move: Knock Off|[of] p1a: Wo-Chien\n|faint|p2a: Hypno\n|\n|upkeep\n|\n|t:|1783543664\n|switch|p2a: Quagsire|Quagsire, L84, M|27/100\n|turn|23\n|inactive|Time left: 300 sec this turn | 300 sec total\n|\n|t:|1783543665\n|move|p1a: Wo-Chien|Knock Off|p2a: Quagsire\n|-damage|p2a: Quagsire|0 fnt\n|-enditem|p2a: Quagsire|Leftovers|[from] move: Knock Off|[of] p1a: Wo-Chien\n|faint|p2a: Quagsire\n|\n|win|p0x39176cf", "uploadtime": 1783543665, "views": 0, "rating": 0, "private": 0, "password": null, "_winner": "p0x39176cf", "_our_name": "p0x39176cf"}