{"id": "battle-gen9randombattle-75", "formatid": "gen9randombattle", "format": "[Gen 9] Random Battle", "players": ["p0x0754bdd", "p0y075cf38"], "log": "|init|battle\n|title|p0x0754bdd vs. p0y075cf38\n|j|\u2606p0x0754bdd\n|j|\u2606p0y075cf38\n|t:|1783534644\n|gametype|singles\n|player|p1|p0x0754bdd|266|\n|player|p2|p0y075cf38|265|\n|gen|9\n|tier|[Gen 9] Random Battle\n|rule|Species Clause: Limit one of each Pok\u00e9mon\n|rule|HP Percentage Mod: HP is shown in percentages\n|rule|Sleep Clause Mod: Limit one foe put to sleep\n|rule|Illusion Level Mod: Illusion disguises the Pok\u00e9mon's true level\n|\n|t:|1783534644\n|teamsize|p1|6\n|teamsize|p2|6\n|start\n|switch|p1a: Regice|Regice, L88|284/284\n|switch|p2a: Veluza|Veluza, L85, F|100/100\n|turn|1\n|inactive|Battle timer is ON: inactive players will automatically lose when time's up. (requested by p0x0754bdd)\n|inactive|p0y075cf38 also wants the timer to be on.\n|\n|t:|1783534646\n|move|p2a: Veluza|Aqua Cutter|p1a: Regice\n|-damage|p1a: Regice|178/284\n|move|p1a: Regice|Thunderbolt|p2a: Veluza\n|-supereffective|p2a: Veluza\n|-damage|p2a: Veluza|38/100\n|-enditem|p2a: Veluza|Sitrus Berry|[eat]\n|-heal|p2a: Veluza|63/100|[from] item: Sitrus Berry\n|\n|upkeep\n|turn|2\n|inactive|Time left: 300 sec this turn | 300 sec total\n|\n|t:|1783534647\n|move|p2a: Veluza|Aqua Cutter|p1a: Regice\n|-damage|p1a: Regice|72/284\n|move|p1a: Regice|Thunderbolt|p2a: Veluza\n|-supereffective|p2a: Veluza\n|-damage|p2a: Veluza|2/100\n|\n|upkeep\n|turn|3\n|inactive|Time left: 300 sec this turn | 300 sec total\n|\n|t:|1783534648\n|switch|p1a: Squawkabilly|Squawkabilly, L85, M|278/278\n|move|p2a: Veluza|Aqua Cutter|p1a: Squawkabilly\n|-damage|p1a: Squawkabilly|98/278\n|\n|-status|p1a: Squawkabilly|brn|[from] item: Flame Orb\n|upkeep\n|turn|4\n|inactive|Time left: 300 sec this turn | 300 sec total\n|\n|t:|1783534649\n|move|p1a: Squawkabilly|Facade|p2a: Veluza\n|-damage|p2a: Veluza|0 fnt\n|faint|p2a: Veluza\n|\n|-damage|p1a: Squawkabilly|81/278 brn|[from] brn\n|upkeep\n|\n|t:|1783534649\n|switch|p2a: Glimmora|Glimmora, L75, M|100/100\n|turn|5\n|inactive|Time left: 300 sec this turn | 300 sec total\n|\n|t:|1783534651\n|switch|p1a: Misdreavus|Misdreavus, L90, M|254/254\n|move|p2a: Glimmora|Meteor Beam||[still]\n|-prepare|p2a: Glimmora|Meteor Beam\n|-boost|p2a: Glimmora|spa|1\n|-enditem|p2a: Glimmora|Power Herb\n|-anim|p2a: Glimmora|Meteor Beam|p1a: Misdreavus\n|-damage|p1a: Misdreavus|130/254\n|\n|upkeep\n|turn|6\n|inactive|Time left: 300 sec this turn | 300 sec total\n|\n|t:|1783534652\n|move|p1a: Misdreavus|Shadow Ball|p2a: Glimmora\n|-damage|p2a: Glimmora|57/100\n|-unboost|p2a: Glimmora|spd|1\n|move|p2a: Glimmora|Meteor Beam||[still]\n|-prepare|p2a: Glimmora|Meteor Beam\n|-boost|p2a: Glimmora|spa|1\n|\n|upkeep\n|turn|7\n|inactive|Time left: 300 sec this turn | 300 sec total\n|\n|t:|1783534653\n|move|p1a: Misdreavus|Shadow Ball|p2a: Glimmora\n|-damage|p2a: Glimmora|0 fnt\n|faint|p2a: Glimmora\n|\n|upkeep\n|\n|t:|1783534654\n|switch|p2a: Tentacruel|Tentacruel, L84, F|100/100\n|turn|8\n|inactive|Time left: 300 sec this turn | 300 sec total\n|\n|t:|1783534655\n|move|p2a: Tentacruel|Knock Off|p1a: Misdreavus\n|-supereffective|p1a: Misdreavus\n|-damage|p1a: Misdreavus|40/254\n|-enditem|p1a: Misdreavus|Eviolite|[from] move: Knock Off|[of] p2a: Tentacruel\n|move|p1a: Misdreavus|Calm Mind|p1a: Misdreavus\n|-boost|p1a: Misdreavus|spa|1\n|-boost|p1a: Misdreavus|spd|1\n|\n|upkeep\n|turn|9\n|inactive|Time left: 300 sec this turn | 300 sec total\n|\n|t:|1783534656\n|move|p2a: Tentacruel|Knock Off|p1a: Misdreavus\n|-supereffective|p1a: Misdreavus\n|-damage|p1a: Misdreavus|0 fnt\n|faint|p1a: Misdreavus\n|\n|upkeep\n|inactive|Time left: 300 sec this turn | 300 sec total | 5 sec grace\n|\n|t:|1783534657\n|switch|p1a: Hitmonchan|Hitmonchan, L87, M|229/229\n|turn|10\n|inactive|Time left: 300 sec this turn | 300 sec total\n|\n|t:|1783534658\n|move|p2a: Tentacruel|Rapid Spin|p1a: Hitmonchan\n|-damage|p1a: Hitmonchan|200/229\n|-boost|p2a: Tentacruel|spe|1\n|move|p1a: Hitmonchan|Bulk Up|p1a: Hitmonchan\n|-boost|p1a: Hitmonchan|atk|1\n|-boost|p1a: Hitmonchan|def|1\n|\n|-heal|p1a: Hitmonchan|214/229|[from] item: Leftovers\n|upkeep\n|turn|11\n|inactive|Time left: 300 sec this turn | 300 sec total\n|\n|t:|1783534659\n|move|p2a: Tentacruel|Sludge Bomb|p1a: Hitmonchan\n|-damage|p1a: Hitmonchan|148/229\n|-status|p1a: Hitmonchan|psn\n|move|p1a: Hitmonchan|Knock Off|p2a: Tentacruel\n|-damage|p2a: Tentacruel|51/100\n|-enditem|p2a: Tentacruel|Assault Vest|[from] move: Knock Off|[of] p1a: Hitmonchan\n|\n|-heal|p1a: Hitmonchan|162/229 psn|[from] item: Leftovers\n|-damage|p1a: Hitmonchan|134/229 psn|[from] psn\n|upkeep\n|turn|12\n|inactive|Time left: 300 sec this turn | 300 sec total\n|\n|t:|1783534660\n|move|p2a: Tentacruel|Surf|p1a: Hitmonchan\n|-damage|p1a: Hitmonchan|70/229 psn\n|move|p1a: Hitmonchan|Knock Off|p2a: Tentacruel\n|-damage|p2a: Tentacruel|17/100\n|\n|-heal|p1a: Hitmonchan|84/229 psn|[from] item: Leftovers\n|-damage|p1a: Hitmonchan|56/229 psn|[from] psn\n|upkeep\n|turn|13\n|inactive|Time left: 300 sec this turn | 300 sec total\n|\n|t:|1783534661\n|move|p2a: Tentacruel|Surf|p1a: Hitmonchan\n|-damage|p1a: Hitmonchan|0 fnt\n|faint|p1a: Hitmonchan\n|\n|upkeep\n|inactive|Time left: 300 sec this turn | 300 sec total | 5 sec grace\n|\n|t:|1783534662\n|switch|p1a: Regice|Regice, L88|72/284\n|turn|14\n|inactive|Time left: 300 sec this turn | 300 sec total\n|\n|t:|1783534663\n|move|p2a: Tentacruel|Knock Off|p1a: Regice\n|-crit|p1a: Regice\n|-damage|p1a: Regice|4/284\n|-enditem|p1a: Regice|Heavy-Duty Boots|[from] move: Knock Off|[of] p2a: Tentacruel\n|move|p1a: Regice|Rest|p1a: Regice\n|-status|p1a: Regice|slp|[from] move: Rest\n|-heal|p1a: Regice|284/284 slp|[silent]\n|\n|upkeep\n|turn|15\n|inactive|Time left: 300 sec this turn | 300 sec total\n|\n|t:|1783534664\n|move|p2a: Tentacruel|Rapid Spin|p1a: Regice\n|-damage|p1a: Regice|259/284 slp\n|-boost|p2a: Tentacruel|spe|1\n|cant|p1a: Regice|slp\n|move|p1a: Regice|Sleep Talk|p1a: Regice\n|move|p1a: Regice|Thunderbolt|p2a: Tentacruel|[from] move: Sleep Talk\n|-supereffective|p2a: Tentacruel\n|-damage|p2a: Tentacruel|0 fnt\n|faint|p2a: Tentacruel\n|\n|upkeep\n|\n|t:|1783534665\n|switch|p2a: Arceus|Arceus-Fighting, L70|100/100\n|turn|16\n|inactive|Time left: 300 sec this turn | 300 sec total\n|\n|t:|1783534666\n|move|p2a: Arceus|Cosmic Power|p2a: Arceus\n|-boost|p2a: Arceus|def|1\n|-boost|p2a: Arceus|spd|1\n|cant|p1a: Regice|slp\n|move|p1a: Regice|Sleep Talk|p1a: Regice\n|move|p1a: Regice|Ice Beam|p2a: Arceus|[from] move: Sleep Talk\n|-damage|p2a: Arceus|74/100\n|\n|upkeep\n|turn|17\n|inactive|Time left: 300 sec this turn | 300 sec total\n|\n|t:|1783534667\n|move|p2a: Arceus|Body Press|p1a: Regice\n|-supereffective|p1a: Regice\n|-damage|p1a: Regice|43/284 slp\n|-curestatus|p1a: Regice|slp|[msg]\n|move|p1a: Regice|Ice Beam|p2a: Arceus\n|-damage|p2a: Arceus|49/100\n|-status|p2a: Arceus|frz\n|\n|upkeep\n|turn|18\n|inactive|Time left: 300 sec this turn | 300 sec total\n|\n|t:|1783534668\n|cant|p2a: Arceus|frz\n|move|p1a: Regice|Rest|p1a: Regice\n|-status|p1a: Regice|slp|[from] move: Rest\n|-heal|p1a: Regice|284/284 slp|[silent]\n|\n|upkeep\n|turn|19\n|inactive|Time left: 300 sec this turn | 300 sec total\n|\n|t:|1783534669\n|cant|p2a: Arceus|frz\n|cant|p1a: Regice|slp\n|move|p1a: Regice|Sleep Talk|p1a: Regice\n|move|p1a: Regice|Ice Beam|p2a: Arceus|[from] move: Sleep Talk\n|-damage|p2a: Arceus|27/100 frz\n|\n|upkeep\n|turn|20\n|inactive|Time left: 300 sec this turn | 300 sec total\n|\n|t:|1783534670\n|cant|p2a: Arceus|frz\n|cant|p1a: Regice|slp\n|move|p1a: Regice|Sleep Talk|p1a: Regice\n|move|p1a: Regice|Rest||[from] move: Sleep Talk|[still]\n|-fail|p1a: Regice\n|\n|upkeep\n|turn|21\n|inactive|Time left: 300 sec this turn | 300 sec total\n|\n|t:|1783534671\n|cant|p2a: Arceus|frz\n|-curestatus|p1a: Regice|slp|[msg]\n|move|p1a: Regice|Ice Beam|p2a: Arceus\n|-damage|p2a: Arceus|4/100 frz\n|\n|upkeep\n|turn|22\n|inactive|Time left: 300 sec this turn | 300 sec total\n|\n|t:|1783534672\n|cant|p2a: Arceus|frz\n|move|p1a: Regice|Thunderbolt|p2a: Arceus\n|-damage|p2a: Arceus|0 fnt\n|faint|p2a: Arceus\n|\n|upkeep\n|\n|t:|1783534673\n|switch|p2a: Gothitelle|Gothitelle, L90, M|100/100\n|turn|23\n|inactive|Time left: 300 sec this turn | 300 sec total\n|\n|t:|1783534674\n|move|p2a: Gothitelle|Calm Mind|p2a: Gothitelle\n|-boost|p2a: Gothitelle|spa|1\n|-boost|p2a: Gothitelle|spd|1\n|move|p1a: Regice|Ice Beam|p2a: Gothitelle\n|-damage|p2a: Gothitelle|79/100\n|\n|-heal|p2a: Gothitelle|85/100|[from] item: Leftovers\n|upkeep\n|turn|24\n|inactive|Time left: 300 sec this turn | 300 sec total\n|\n|t:|1783534675\n|move|p2a: Gothitelle|Calm Mind|p2a: Gothitelle\n|-boost|p2a: Gothitelle|spa|1\n|-boost|p2a: Gothitelle|spd|1\n|move|p1a: Regice|Ice Beam|p2a: Gothitelle\n|-crit|p2a: Gothitelle\n|-damage|p2a: Gothitelle|39/100\n|\n|-heal|p2a: Gothitelle|45/100|[from] item: Leftovers\n|upkeep\n|turn|25\n|inactive|Time left: 300 sec this turn | 300 sec total\n|\n|t:|1783534676\n|move|p2a: Gothitelle|Calm Mind|p2a: Gothitelle\n|-boost|p2a: Gothitelle|spa|1\n|-boost|p2a: Gothitelle|spd|1\n|move|p1a: Regice|Ice Beam|p2a: Gothitelle\n|-damage|p2a: Gothitelle|33/100\n|\n|-heal|p2a: Gothitelle|39/100|[from] item: Leftovers\n|upkeep\n|turn|26\n|inactive|Time left: 300 sec this turn | 300 sec total\n|\n|t:|1783534677\n|move|p2a: Gothitelle|Psychic Noise|p1a: Regice\n|-damage|p1a: Regice|179/284\n|-start|p1a: Regice|move: Heal Block\n|move|p1a: Regice|Ice Beam|p2a: Gothitelle\n|-damage|p2a: Gothitelle|25/100\n|\n|-heal|p2a: Gothitelle|31/100|[from] item: Leftovers\n|upkeep\n|turn|27\n|inactive|Time left: 300 sec this turn | 300 sec total\n|\n|t:|1783534678\n|move|p2a: Gothitelle|Dark Pulse|p1a: Regice\n|-damage|p1a: Regice|95/284\n|cant|p1a: Regice|flinch\n|\n|-heal|p2a: Gothitelle|38/100|[from] item: Leftovers\n|-end|p1a: Regice|move: Heal Block\n|upkeep\n|turn|28\n|inactive|Time left: 300 sec this turn | 300 sec total\n|\n|t:|1783534679\n|move|p2a: Gothitelle|Calm Mind|p2a: Gothitelle\n|-boost|p2a: Gothitelle|spa|1\n|-boost|p2a: Gothitelle|spd|1\n|move|p1a: Regice|Ice Beam|p2a: Gothitelle\n|-damage|p2a: Gothitelle|26/100\n|\n|-heal|p2a: Gothitelle|32/100|[from] item: Leftovers\n|upkeep\n|turn|29\n|inactive|Time left: 300 sec this turn | 300 sec total\n|\n|t:|1783534681\n|move|p2a: Gothitelle|Calm Mind|p2a: Gothitelle\n|-boost|p2a: Gothitelle|spa|1\n|-boost|p2a: Gothitelle|spd|1\n|move|p1a: Regice|Ice Beam|p2a: Gothitelle\n|-damage|p2a: Gothitelle|22/100\n|\n|-heal|p2a: Gothitelle|28/100|[from] item: Leftovers\n|upkeep\n|turn|30\n|inactive|Time left: 300 sec this turn | 300 sec total\n|\n|t:|1783534682\n|move|p2a: Gothitelle|Calm Mind|p2a: Gothitelle\n|-boost|p2a: Gothitelle|spa|1\n|-boost|p2a: Gothitelle|spd|1\n|move|p1a: Regice|Ice Beam|p2a: Gothitelle\n|-damage|p2a: Gothitelle|20/100\n|\n|-heal|p2a: Gothitelle|27/100|[from] item: Leftovers\n|upkeep\n|turn|31\n|inactive|Time left: 300 sec this turn | 300 sec total\n|\n|t:|1783534683\n|move|p2a: Gothitelle|Calm Mind|p2a: Gothitelle\n|-boost|p2a: Gothitelle|spa|0\n|-boost|p2a: Gothitelle|spd|0\n|move|p1a: Regice|Ice Beam|p2a: Gothitelle\n|-damage|p2a: Gothitelle|19/100\n|\n|-heal|p2a: Gothitelle|25/100|[from] item: Leftovers\n|upkeep\n|turn|32\n|inactive|Time left: 300 sec this turn | 300 sec total\n|\n|t:|1783534684\n|move|p2a: Gothitelle|Calm Mind|p2a: Gothitelle\n|-boost|p2a: Gothitelle|spa|0\n|-boost|p2a: Gothitelle|spd|0\n|move|p1a: Regice|Ice Beam|p2a: Gothitelle\n|-damage|p2a: Gothitelle|16/100\n|-status|p2a: Gothitelle|frz\n|\n|-heal|p2a: Gothitelle|22/100 frz|[from] item: Leftovers\n|upkeep\n|turn|33\n|inactive|Time left: 300 sec this turn | 300 sec total\n|\n|t:|1783534685\n|cant|p2a: Gothitelle|frz\n|move|p1a: Regice|Rest|p1a: Regice\n|-status|p1a: Regice|slp|[from] move: Rest\n|-heal|p1a: Regice|284/284 slp|[silent]\n|\n|-heal|p2a: Gothitelle|28/100 frz|[from] item: Leftovers\n|upkeep\n|turn|34\n|inactive|Time left: 300 sec this turn | 300 sec total\n|\n|t:|1783534686\n|cant|p2a: Gothitelle|frz\n|cant|p1a: Regice|slp\n|\n|-heal|p2a: Gothitelle|34/100 frz|[from] item: Leftovers\n|upkeep\n|turn|35\n|inactive|Time left: 300 sec this turn | 300 sec total\n|\n|t:|1783534687\n|cant|p2a: Gothitelle|frz\n|cant|p1a: Regice|slp\n|move|p1a: Regice|Sleep Talk|p1a: Regice\n|move|p1a: Regice|Rest||[from] move: Sleep Talk|[still]\n|-fail|p1a: Regice\n|\n|-heal|p2a: Gothitelle|41/100 frz|[from] item: Leftovers\n|upkeep\n|turn|36\n|inactive|Time left: 300 sec this turn | 300 sec total\n|\n|t:|1783534688\n|cant|p2a: Gothitelle|frz\n|-curestatus|p1a: Regice|slp|[msg]\n|move|p1a: Regice|Ice Beam|p2a: Gothitelle\n|-damage|p2a: Gothitelle|32/100 frz\n|\n|-heal|p2a: Gothitelle|39/100 frz|[from] item: Leftovers\n|upkeep\n|turn|37\n|inactive|Time left: 300 sec this turn | 300 sec total\n|\n|t:|1783534689\n|cant|p2a: Gothitelle|frz\n|move|p1a: Regice|Ice Beam|p2a: Gothitelle\n|-damage|p2a: Gothitelle|30/100 frz\n|\n|-heal|p2a: Gothitelle|36/100 frz|[from] item: Leftovers\n|upkeep\n|turn|38\n|inactive|Time left: 300 sec this turn | 300 sec total\n|\n|t:|1783534690\n|cant|p2a: Gothitelle|frz\n|move|p1a: Regice|Ice Beam|p2a: Gothitelle\n|-damage|p2a: Gothitelle|28/100 frz\n|\n|-heal|p2a: Gothitelle|34/100 frz|[from] item: Leftovers\n|upkeep\n|turn|39\n|inactive|Time left: 300 sec this turn | 300 sec total\n|\n|t:|1783534691\n|cant|p2a: Gothitelle|frz\n|move|p1a: Regice|Ice Beam|p2a: Gothitelle\n|-damage|p2a: Gothitelle|27/100 frz\n|\n|-heal|p2a: Gothitelle|33/100 frz|[from] item: Leftovers\n|upkeep\n|turn|40\n|inactive|Time left: 300 sec this turn | 300 sec total\n|\n|t:|1783534692\n|cant|p2a: Gothitelle|frz\n|move|p1a: Regice|Thunderbolt|p2a: Gothitelle\n|-damage|p2a: Gothitelle|27/100 frz\n|\n|-heal|p2a: Gothitelle|33/100 frz|[from] item: Leftovers\n|upkeep\n|turn|41\n|inactive|Time left: 300 sec this turn | 300 sec total\n|\n|t:|1783534694\n|cant|p2a: Gothitelle|frz\n|move|p1a: Regice|Thunderbolt|p2a: Gothitelle\n|-damage|p2a: Gothitelle|27/100 frz\n|\n|-heal|p2a: Gothitelle|34/100 frz|[from] item: Leftovers\n|upkeep\n|turn|42\n|inactive|Time left: 300 sec this turn | 300 sec total\n|\n|t:|1783534694\n|cant|p2a: Gothitelle|frz\n|move|p1a: Regice|Thunderbolt|p2a: Gothitelle\n|-damage|p2a: Gothitelle|28/100 frz\n|\n|-heal|p2a: Gothitelle|34/100 frz|[from] item: Leftovers\n|upkeep\n|turn|43\n|inactive|Time left: 300 sec this turn | 300 sec total\n|\n|t:|1783534695\n|cant|p2a: Gothitelle|frz\n|move|p1a: Regice|Thunderbolt|p2a: Gothitelle\n|-damage|p2a: Gothitelle|28/100 frz\n|\n|-heal|p2a: Gothitelle|35/100 frz|[from] item: Leftovers\n|upkeep\n|turn|44\n|inactive|Time left: 300 sec this turn | 300 sec total\n|\n|t:|1783534696\n|cant|p2a: Gothitelle|frz\n|move|p1a: Regice|Thunderbolt|p2a: Gothitelle\n|-damage|p2a: Gothitelle|30/100 frz\n|\n|-heal|p2a: Gothitelle|36/100 frz|[from] item: Leftovers\n|upkeep\n|turn|45\n|inactive|Time left: 300 sec this turn | 300 sec total\n|\n|t:|1783534697\n|cant|p2a: Gothitelle|frz\n|move|p1a: Regice|Ice Beam|p2a: Gothitelle\n|-damage|p2a: Gothitelle|28/100 frz\n|\n|-heal|p2a: Gothitelle|34/100 frz|[from] item: Leftovers\n|upkeep\n|turn|46\n|inactive|Time left: 300 sec this turn | 300 sec total\n|\n|t:|1783534698\n|cant|p2a: Gothitelle|frz\n|move|p1a: Regice|Thunderbolt|p2a: Gothitelle\n|-damage|p2a: Gothitelle|28/100 frz\n|\n|-heal|p2a: Gothitelle|34/100 frz|[from] item: Leftovers\n|upkeep\n|turn|47\n|inactive|Time left: 300 sec this turn | 300 sec total\n|\n|t:|1783534699\n|cant|p2a: Gothitelle|frz\n|move|p1a: Regice|Thunderbolt|p2a: Gothitelle\n|-damage|p2a: Gothitelle|29/100 frz\n|\n|-heal|p2a: Gothitelle|35/100 frz|[from] item: Leftovers\n|upkeep\n|turn|48\n|inactive|Time left: 300 sec this turn | 300 sec total\n|\n|t:|1783534700\n|-curestatus|p2a: Gothitelle|frz|[msg]\n|move|p2a: Gothitelle|Thunderbolt|p1a: Regice\n|-damage|p1a: Regice|142/284\n|move|p1a: Regice|Thunderbolt|p2a: Gothitelle\n|-damage|p2a: Gothitelle|30/100\n|\n|-heal|p2a: Gothitelle|36/100|[from] item: Leftovers\n|upkeep\n|turn|49\n|inactive|Time left: 300 sec this turn | 300 sec total\n|\n|t:|1783534701\n|move|p2a: Gothitelle|Dark Pulse|p1a: Regice\n|-damage|p1a: Regice|11/284\n|move|p1a: Regice|Thunderbolt|p2a: Gothitelle\n|-damage|p2a: Gothitelle|31/100\n|\n|-heal|p2a: Gothitelle|37/100|[from] item: Leftovers\n|upkeep\n|turn|50\n|inactive|Time left: 300 sec this turn | 300 sec total\n|\n|t:|1783534702\n|move|p2a: Gothitelle|Calm Mind|p2a: Gothitelle\n|-boost|p2a: Gothitelle|spa|0\n|-boost|p2a: Gothitelle|spd|0\n|move|p1a: Regice|Rest|p1a: Regice\n|-status|p1a: Regice|slp|[from] move: Rest\n|-heal|p1a: Regice|284/284 slp|[silent]\n|\n|-heal|p2a: Gothitelle|43/100|[from] item: Leftovers\n|upkeep\n|turn|51\n|inactive|Time left: 300 sec this turn | 300 sec total\n|\n|t:|1783534703\n|move|p2a: Gothitelle|Psychic Noise|p1a: Regice\n|-damage|p1a: Regice|98/284 slp\n|-start|p1a: Regice|move: Heal Block\n|cant|p1a: Regice|slp\n|move|p1a: Regice|Sleep Talk|p1a: Regice\n|move|p1a: Regice|Thunderbolt|p2a: Gothitelle|[from] move: Sleep Talk\n|-damage|p2a: Gothitelle|38/100\n|\n|-heal|p2a: Gothitelle|44/100|[from] item: Leftovers\n|upkeep\n|turn|52\n|inactive|Time left: 300 sec this turn | 300 sec total\n|\n|t:|1783534704\n|move|p2a: Gothitelle|Calm Mind|p2a: Gothitelle\n|-boost|p2a: Gothitelle|spa|0\n|-boost|p2a: Gothitelle|spd|0\n|cant|p1a: Regice|slp\n|\n|-heal|p2a: Gothitelle|50/100|[from] item: Leftovers\n|-end|p1a: Regice|move: Heal Block\n|upkeep\n|turn|53\n|inactive|Time left: 300 sec this turn | 300 sec total\n|\n|t:|1783534705\n|move|p2a: Gothitelle|Calm Mind|p2a: Gothitelle\n|-boost|p2a: Gothitelle|spa|0\n|-boost|p2a: Gothitelle|spd|0\n|-curestatus|p1a: Regice|slp|[msg]\n|move|p1a: Regice|Thunderbolt|p2a: Gothitelle\n|-damage|p2a: Gothitelle|44/100\n|\n|-heal|p2a: Gothitelle|50/100|[from] item: Leftovers\n|upkeep\n|turn|54\n|inactive|Time left: 300 sec this turn | 300 sec total\n|\n|t:|1783534706\n|move|p2a: Gothitelle|Calm Mind|p2a: Gothitelle\n|-boost|p2a: Gothitelle|spa|0\n|-boost|p2a: Gothitelle|spd|0\n|move|p1a: Regice|Thunderbolt|p2a: Gothitelle\n|-damage|p2a: Gothitelle|44/100\n|-status|p2a: Gothitelle|par\n|\n|-heal|p2a: Gothitelle|50/100 par|[from] item: Leftovers\n|upkeep\n|turn|55\n|inactive|Time left: 300 sec this turn | 300 sec total\n|\n|t:|1783534707\n|move|p1a: Regice|Thunderbolt|p2a: Gothitelle\n|-damage|p2a: Gothitelle|45/100 par\n|cant|p2a: Gothitelle|par\n|\n|-heal|p2a: Gothitelle|51/100 par|[from] item: Leftovers\n|upkeep\n|turn|56\n|inactive|Time left: 300 sec this turn | 300 sec total\n|\n|t:|1783534708\n|move|p1a: Regice|Thunderbolt|p2a: Gothitelle\n|-damage|p2a: Gothitelle|45/100 par\n|move|p2a: Gothitelle|Calm Mind|p2a: Gothitelle\n|-boost|p2a: Gothitelle|spa|0\n|-boost|p2a: Gothitelle|spd|0\n|\n|-heal|p2a: Gothitelle|51/100 par|[from] item: Leftovers\n|upkeep\n|turn|57\n|inactive|Time left: 300 sec this turn | 300 sec total\n|\n|t:|1783534709\n|move|p1a: Regice|Thunderbolt|p2a: Gothitelle\n|-damage|p2a: Gothitelle|45/100 par\n|move|p2a: Gothitelle|Calm Mind|p2a: Gothitelle\n|-boost|p2a: Gothitelle|spa|0\n|-boost|p2a: Gothitelle|spd|0\n|\n|-heal|p2a: Gothitelle|52/100 par|[from] item: Leftovers\n|upkeep\n|turn|58\n|inactive|Time left: 300 sec this turn | 300 sec total\n|\n|t:|1783534710\n|move|p1a: Regice|Thunderbolt|p2a: Gothitelle\n|-damage|p2a: Gothitelle|46/100 par\n|move|p2a: Gothitelle|Calm Mind|p2a: Gothitelle\n|-boost|p2a: Gothitelle|spa|0\n|-boost|p2a: Gothitelle|spd|0\n|\n|-heal|p2a: Gothitelle|52/100 par|[from] item: Leftovers\n|upkeep\n|turn|59\n|inactive|Time left: 300 sec this turn | 300 sec total\n|\n|t:|1783534711\n|move|p1a: Regice|Thunderbolt|p2a: Gothitelle\n|-damage|p2a: Gothitelle|46/100 par\n|move|p2a: Gothitelle|Calm Mind|p2a: Gothitelle\n|-boost|p2a: Gothitelle|spa|0\n|-boost|p2a: Gothitelle|spd|0\n|\n|-heal|p2a: Gothitelle|53/100 par|[from] item: Leftovers\n|upkeep\n|turn|60\n|inactive|Time left: 300 sec this turn | 300 sec total\n|\n|t:|1783534712\n|move|p1a: Regice|Thunderbolt|p2a: Gothitelle\n|-damage|p2a: Gothitelle|47/100 par\n|move|p2a: Gothitelle|Calm Mind|p2a: Gothitelle\n|-boost|p2a: Gothitelle|spa|0\n|-boost|p2a: Gothitelle|spd|0\n|\n|-heal|p2a: Gothitelle|53/100 par|[from] item: Leftovers\n|upkeep\n|turn|61\n|inactive|Time left: 300 sec this turn | 300 sec total\n|\n|t:|1783534712\n|move|p1a: Regice|Thunderbolt|p2a: Gothitelle\n|-damage|p2a: Gothitelle|48/100 par\n|move|p2a: Gothitelle|Calm Mind|p2a: Gothitelle\n|-boost|p2a: Gothitelle|spa|0\n|-boost|p2a: Gothitelle|spd|0\n|\n|-heal|p2a: Gothitelle|54/100 par|[from] item: Leftovers\n|upkeep\n|turn|62\n|inactive|Time left: 300 sec this turn | 300 sec total\n|\n|t:|1783534713\n|move|p1a: Regice|Thunderbolt|p2a: Gothitelle\n|-damage|p2a: Gothitelle|48/100 par\n|move|p2a: Gothitelle|Thunderbolt|p1a: Regice\n|-damage|p1a: Regice|0 fnt\n|faint|p1a: Regice\n|\n|-heal|p2a: Gothitelle|54/100 par|[from] item: Leftovers\n|upkeep\n|inactive|Time left: 300 sec this turn | 300 sec total | 5 sec grace\n|\n|t:|1783534714\n|switch|p1a: Squawkabilly|Squawkabilly, L85, M|81/278 brn\n|turn|63\n|inactive|Time left: 300 sec this turn | 300 sec total\n|\n|t:|1783534715\n|-terastallize|p2a: Gothitelle|Ghost\n|move|p1a: Squawkabilly|Facade|p2a: Gothitelle\n|-immune|p2a: Gothitelle\n|move|p2a: Gothitelle|Dark Pulse|p1a: Squawkabilly\n|-damage|p1a: Squawkabilly|0 fnt\n|faint|p1a: Squawkabilly\n|\n|-heal|p2a: Gothitelle|60/100 par|[from] item: Leftovers\n|upkeep\n|inactive|Time left: 300 sec this turn | 300 sec total | 5 sec grace\n|\n|t:|1783534716\n|switch|p1a: Avalugg|Avalugg-Hisui, L90, F|317/317\n|turn|64\n|inactive|Time left: 300 sec this turn | 300 sec total\n|\n|t:|1783534717\n|move|p2a: Gothitelle|Dark Pulse|p1a: Avalugg\n|-ability|p1a: Avalugg|Sturdy\n|-damage|p1a: Avalugg|1/317\n|move|p1a: Avalugg|Avalanche|p2a: Gothitelle\n|-damage|p2a: Gothitelle|5/100 par\n|\n|-heal|p2a: Gothitelle|12/100 par|[from] item: Leftovers\n|upkeep\n|turn|65\n|inactive|Time left: 300 sec this turn | 300 sec total\n|\n|t:|1783534719\n|move|p1a: Avalugg|Stone Edge|p2a: Gothitelle\n|-damage|p2a: Gothitelle|0 fnt\n|faint|p2a: Gothitelle\n|\n|upkeep\n|\n|t:|1783534720\n|switch|p2a: Hydreigon|Hydreigon, L79, M|100/100\n|turn|66\n|inactive|Time left: 300 sec this turn | 300 sec total\n|\n|t:|1783534721\n|-terastallize|p1a: Avalugg|Ghost\n|move|p2a: Hydreigon|Fire Blast|p1a: Avalugg\n|-damage|p1a: Avalugg|0 fnt\n|faint|p1a: Avalugg\n|\n|upkeep\n|inactive|Time left: 300 sec this turn | 300 sec total | 5 sec grace\n|\n|t:|1783534722\n|switch|p1a: Pachirisu|Pachirisu, L96, M|271/271\n|turn|67\n|inactive|Time left: 300 sec this turn | 300 sec total\n|\n|t:|1783534722\n|move|p2a: Hydreigon|Fire Blast|p1a: Pachirisu\n|-damage|p1a: Pachirisu|195/271\n|move|p1a: Pachirisu|Super Fang|p2a: Hydreigon\n|-damage|p2a: Hydreigon|51/100\n|\n|upkeep\n|turn|68\n|inactive|Time left: 300 sec this turn | 300 sec total\n|\n|t:|1783534724\n|move|p2a: Hydreigon|Fire Blast|p1a: Pachirisu\n|-damage|p1a: Pachirisu|124/271\n|move|p1a: Pachirisu|Super Fang|p2a: Hydreigon\n|-damage|p2a: Hydreigon|26/100\n|\n|upkeep\n|turn|69\n|inactive|Time left: 300 sec this turn | 300 sec total\n|\n|t:|1783534725\n|move|p2a: Hydreigon|Fire Blast|p1a: Pachirisu\n|-crit|p1a: Pachirisu\n|-damage|p1a: Pachirisu|12/271\n|move|p1a: Pachirisu|U-turn|p2a: Hydreigon\n|-supereffective|p2a: Hydreigon\n|-damage|p2a: Hydreigon|0 fnt\n|faint|p2a: Hydreigon\n|\n|win|p0x0754bdd", "uploadtime": 1783534725, "views": 0, "rating": 0, "private": 0, "password": null, "_winner": "p0x0754bdd", "_our_name": "p0x0754bdd"}