{"id": "battle-gen9randombattle-2153", "formatid": "gen9randombattle", "format": "[Gen 9] Random Battle", "players": ["p0x2153b98c", "p0y2153171e"], "log": "|init|battle\n|title|p0x2153b98c vs. p0y2153171e\n|j|\u2606p0x2153b98c\n|j|\u2606p0y2153171e\n|t:|1783564914\n|gametype|singles\n|player|p1|p0x2153b98c|102|\n|player|p2|p0y2153171e|1|\n|gen|9\n|tier|[Gen 9] Random Battle\n|rule|Species Clause: Limit one of each Pok\u00e9mon\n|rule|HP Percentage Mod: HP is shown in percentages\n|rule|Sleep Clause Mod: Limit one foe put to sleep\n|rule|Illusion Level Mod: Illusion disguises the Pok\u00e9mon's true level\n|\n|t:|1783564914\n|teamsize|p1|6\n|teamsize|p2|6\n|start\n|switch|p1a: Chi-Yu|Chi-Yu, L77|100/100\n|switch|p2a: Ampharos|Ampharos, L88, M|302/302\n|-ability|p1a: Chi-Yu|Beads of Ruin\n|turn|1\n|inactive|Battle timer is ON: inactive players will automatically lose when time's up. (requested by p0x2153b98c)\n|inactive|Time left: 300 sec this turn | 300 sec total | 60 sec grace\n|\n|t:|1783564915\n|move|p1a: Chi-Yu|Flamethrower|p2a: Ampharos\n|-damage|p2a: Ampharos|176/302\n|move|p2a: Ampharos|Discharge|p1a: Chi-Yu\n|-damage|p1a: Chi-Yu|61/100\n|\n|upkeep\n|turn|2\n|inactive|Time left: 300 sec this turn | 300 sec total\n|inactive|p0y2153171e also wants the timer to be on.\n|\n|t:|1783564917\n|move|p1a: Chi-Yu|Flamethrower|p2a: Ampharos\n|-damage|p2a: Ampharos|49/302\n|move|p2a: Ampharos|Focus Blast|p1a: Chi-Yu\n|-supereffective|p1a: Chi-Yu\n|-damage|p1a: Chi-Yu|0 fnt\n|faint|p1a: Chi-Yu\n|\n|upkeep\n|\n|t:|1783564917\n|switch|p1a: Iron Crown|Iron Crown, L78|100/100\n|turn|3\n|inactive|Time left: 300 sec this turn | 300 sec total\n|\n|t:|1783564919\n|move|p1a: Iron Crown|Psyshock|p2a: Ampharos\n|-damage|p2a: Ampharos|0 fnt\n|faint|p2a: Ampharos\n|\n|upkeep\n|inactive|Time left: 300 sec this turn | 300 sec total | 5 sec grace\n|\n|t:|1783564919\n|switch|p2a: Bastiodon|Bastiodon, L89, M, shiny|252/252\n|turn|4\n|inactive|Time left: 300 sec this turn | 300 sec total\n|\n|t:|1783564920\n|-end|p1a: Iron Crown|Quark Drive|[silent]\n|switch|p1a: Enamorus|Enamorus-Therian, L83, F|100/100\n|move|p2a: Bastiodon|Body Press|p1a: Enamorus\n|-resisted|p1a: Enamorus\n|-damage|p1a: Enamorus|93/100\n|\n|upkeep\n|turn|5\n|inactive|Time left: 300 sec this turn | 300 sec total\n|\n|t:|1783564922\n|switch|p2a: Scream Tail|Scream Tail, L84|330/330\n|move|p1a: Enamorus|Earth Power|p2a: Scream Tail\n|-damage|p2a: Scream Tail|227/330\n|\n|-heal|p2a: Scream Tail|247/330|[from] item: Leftovers\n|upkeep\n|turn|6\n|inactive|Time left: 300 sec this turn | 300 sec total\n|\n|t:|1783564923\n|move|p2a: Scream Tail|Play Rough|p1a: Enamorus\n|-damage|p1a: Enamorus|70/100\n|move|p1a: Enamorus|Earth Power|p2a: Scream Tail\n|-damage|p2a: Scream Tail|152/330\n|\n|-heal|p2a: Scream Tail|172/330|[from] item: Leftovers\n|upkeep\n|turn|7\n|inactive|Time left: 300 sec this turn | 300 sec total\n|\n|t:|1783564924\n|move|p2a: Scream Tail|Play Rough|p1a: Enamorus\n|-damage|p1a: Enamorus|44/100\n|move|p1a: Enamorus|Earth Power|p2a: Scream Tail\n|-damage|p2a: Scream Tail|66/330\n|\n|-heal|p2a: Scream Tail|86/330|[from] item: Leftovers\n|upkeep\n|turn|8\n|inactive|Time left: 300 sec this turn | 300 sec total\n|\n|t:|1783564925\n|move|p2a: Scream Tail|Thunder Wave|p1a: Enamorus\n|-status|p1a: Enamorus|par\n|move|p1a: Enamorus|Earth Power|p2a: Scream Tail\n|-damage|p2a: Scream Tail|0 fnt\n|faint|p2a: Scream Tail\n|-end|p2a: Scream Tail|Protosynthesis|[silent]\n|\n|upkeep\n|inactive|Time left: 300 sec this turn | 300 sec total | 5 sec grace\n|\n|t:|1783564926\n|switch|p2a: Kingdra|Kingdra, L84, F|263/263\n|turn|9\n|inactive|Time left: 300 sec this turn | 300 sec total\n|\n|t:|1783564927\n|move|p2a: Kingdra|Dragon Dance|p2a: Kingdra\n|-boost|p2a: Kingdra|atk|1\n|-boost|p2a: Kingdra|spe|1\n|cant|p1a: Enamorus|par\n|\n|upkeep\n|turn|10\n|inactive|Time left: 300 sec this turn | 300 sec total\n|\n|t:|1783564928\n|move|p2a: Kingdra|Iron Head|p1a: Enamorus\n|-supereffective|p1a: Enamorus\n|-damage|p1a: Enamorus|0 fnt\n|faint|p1a: Enamorus\n|\n|upkeep\n|\n|t:|1783564929\n|switch|p1a: Iron Crown|Iron Crown, L78|100/100\n|turn|11\n|inactive|Time left: 300 sec this turn | 300 sec total\n|\n|t:|1783564930\n|move|p2a: Kingdra|Wave Crash|p1a: Iron Crown\n|-damage|p1a: Iron Crown|31/100\n|-damage|p2a: Kingdra|201/263|[from] Recoil\n|move|p1a: Iron Crown|Psyshock|p2a: Kingdra\n|-damage|p2a: Kingdra|113/263\n|\n|-heal|p1a: Iron Crown|37/100|[from] item: Leftovers\n|upkeep\n|turn|12\n|inactive|Time left: 300 sec this turn | 300 sec total\n|\n|t:|1783564931\n|move|p2a: Kingdra|Outrage|p1a: Iron Crown\n|-resisted|p1a: Iron Crown\n|-damage|p1a: Iron Crown|2/100\n|move|p1a: Iron Crown|Focus Blast|p2a: Kingdra|[miss]\n|-miss|p1a: Iron Crown|p2a: Kingdra\n|\n|-heal|p1a: Iron Crown|8/100|[from] item: Leftovers\n|upkeep\n|turn|13\n|inactive|Time left: 300 sec this turn | 300 sec total\n|\n|t:|1783564932\n|-end|p1a: Iron Crown|Quark Drive|[silent]\n|switch|p1a: Wo-Chien|Wo-Chien, L83|100/100\n|-ability|p1a: Wo-Chien|Tablets of Ruin\n|move|p2a: Kingdra|Outrage|p1a: Wo-Chien|[from] lockedmove\n|-damage|p1a: Wo-Chien|54/100\n|-start|p2a: Kingdra|confusion|[fatigue]\n|-enditem|p2a: Kingdra|Lum Berry|[eat]\n|-end|p2a: Kingdra|confusion\n|\n|-heal|p1a: Wo-Chien|60/100|[from] item: Leftovers\n|upkeep\n|turn|14\n|inactive|Time left: 300 sec this turn | 300 sec total\n|\n|t:|1783564933\n|move|p2a: Kingdra|Outrage|p1a: Wo-Chien\n|-crit|p1a: Wo-Chien\n|-damage|p1a: Wo-Chien|0 fnt\n|faint|p1a: Wo-Chien\n|\n|upkeep\n|\n|t:|1783564934\n|switch|p1a: Coalossal|Coalossal, L89, M|100/100\n|turn|15\n|inactive|Time left: 300 sec this turn | 300 sec total\n|\n|t:|1783564935\n|move|p2a: Kingdra|Outrage|p1a: Coalossal|[from] lockedmove\n|-damage|p1a: Coalossal|61/100\n|-status|p2a: Kingdra|brn|[from] ability: Flame Body|[of] p1a: Coalossal\n|-start|p2a: Kingdra|confusion|[fatigue]\n|move|p1a: Coalossal|Stone Edge|p2a: Kingdra\n|-damage|p2a: Kingdra|16/263 brn\n|\n|-damage|p2a: Kingdra|0 fnt|[from] brn\n|faint|p2a: Kingdra\n|upkeep\n|inactive|Time left: 300 sec this turn | 300 sec total | 5 sec grace\n|\n|t:|1783564936\n|switch|p2a: Phione|Phione, L91|293/293\n|turn|16\n|inactive|Time left: 300 sec this turn | 300 sec total\n|\n|t:|1783564937\n|switch|p1a: Leafeon|Leafeon, L88, F|100/100\n|move|p2a: Phione|Scald|p1a: Leafeon\n|-resisted|p1a: Leafeon\n|-damage|p1a: Leafeon|80/100\n|\n|-heal|p1a: Leafeon|86/100|[from] item: Leftovers\n|upkeep\n|turn|17\n|inactive|Time left: 300 sec this turn | 300 sec total\n|\n|t:|1783564938\n|-terastallize|p2a: Phione|Steel\n|move|p1a: Leafeon|Swords Dance|p1a: Leafeon\n|-boost|p1a: Leafeon|atk|2\n|move|p2a: Phione|Ice Beam|p1a: Leafeon\n|-supereffective|p1a: Leafeon\n|-damage|p1a: Leafeon|31/100\n|\n|-heal|p1a: Leafeon|37/100|[from] item: Leftovers\n|upkeep\n|turn|18\n|inactive|Time left: 300 sec this turn | 300 sec total\n|\n|t:|1783564939\n|move|p1a: Leafeon|Substitute|p1a: Leafeon\n|-start|p1a: Leafeon|Substitute\n|-damage|p1a: Leafeon|13/100\n|move|p2a: Phione|Ice Beam|p1a: Leafeon\n|-supereffective|p1a: Leafeon\n|-end|p1a: Leafeon|Substitute\n|\n|-heal|p1a: Leafeon|19/100|[from] item: Leftovers\n|upkeep\n|turn|19\n|inactive|Time left: 300 sec this turn | 300 sec total\n|\n|t:|1783564940\n|move|p1a: Leafeon|Leaf Blade|p2a: Phione\n|-resisted|p2a: Phione\n|-damage|p2a: Phione|169/293\n|move|p2a: Phione|Scald|p1a: Leafeon\n|-resisted|p1a: Leafeon\n|-damage|p1a: Leafeon|0 fnt\n|faint|p1a: Leafeon\n|\n|-heal|p2a: Phione|187/293|[from] item: Leftovers\n|upkeep\n|\n|t:|1783564941\n|switch|p1a: Iron Crown|Iron Crown, L78|8/100\n|turn|20\n|inactive|Time left: 300 sec this turn | 300 sec total\n|\n|t:|1783564943\n|move|p1a: Iron Crown|Focus Blast|p2a: Phione\n|-supereffective|p2a: Phione\n|-damage|p2a: Phione|0 fnt\n|faint|p2a: Phione\n|\n|-heal|p1a: Iron Crown|14/100|[from] item: Leftovers\n|upkeep\n|inactive|Time left: 300 sec this turn | 300 sec total | 5 sec grace\n|\n|t:|1783564944\n|switch|p2a: Iron Valiant|Iron Valiant, L78|244/244\n|turn|21\n|inactive|Time left: 300 sec this turn | 300 sec total\n|\n|t:|1783564945\n|move|p2a: Iron Valiant|Close Combat|p1a: Iron Crown\n|-damage|p1a: Iron Crown|0 fnt\n|-unboost|p2a: Iron Valiant|def|1\n|-unboost|p2a: Iron Valiant|spd|1\n|faint|p1a: Iron Crown\n|-end|p1a: Iron Crown|Quark Drive|[silent]\n|-damage|p2a: Iron Valiant|220/244|[from] item: Life Orb\n|\n|upkeep\n|\n|t:|1783564946\n|switch|p1a: Coalossal|Coalossal, L89, M|61/100\n|turn|22\n|inactive|Time left: 300 sec this turn | 300 sec total\n|\n|t:|1783564947\n|-terastallize|p1a: Coalossal|Ghost\n|move|p2a: Iron Valiant|Close Combat|p1a: Coalossal\n|-immune|p1a: Coalossal\n|move|p1a: Coalossal|Rapid Spin|p2a: Iron Valiant\n|-crit|p2a: Iron Valiant\n|-damage|p2a: Iron Valiant|138/244\n|-boost|p1a: Coalossal|spe|1\n|\n|upkeep\n|turn|23\n|inactive|Time left: 300 sec this turn | 300 sec total\n|\n|t:|1783564948\n|move|p2a: Iron Valiant|Moonblast|p1a: Coalossal\n|-damage|p1a: Coalossal|26/100\n|-damage|p2a: Iron Valiant|114/244|[from] item: Life Orb\n|move|p1a: Coalossal|Stone Edge|p2a: Iron Valiant\n|-resisted|p2a: Iron Valiant\n|-damage|p2a: Iron Valiant|39/244\n|\n|upkeep\n|turn|24\n|inactive|Time left: 300 sec this turn | 300 sec total\n|\n|t:|1783564949\n|move|p2a: Iron Valiant|Moonblast|p1a: Coalossal\n|-damage|p1a: Coalossal|0 fnt\n|faint|p1a: Coalossal\n|-damage|p2a: Iron Valiant|15/244|[from] item: Life Orb\n|\n|win|p0y2153171e", "uploadtime": 1783564949, "views": 0, "rating": 0, "private": 0, "password": null, "_winner": "p0y2153171e", "_our_name": "p0y2153171e"}