{"id": "battle-gen9randombattle-2631", "formatid": "gen9randombattle", "format": "[Gen 9] Random Battle", "players": ["p0x26312cf6", "p0y26317d44"], "log": "|init|battle\n|title|p0x26312cf6 vs. p0y26317d44\n|j|\u2606p0x26312cf6\n|j|\u2606p0y26317d44\n|t:|1783570383\n|gametype|singles\n|player|p1|p0x26312cf6|265|\n|player|p2|p0y26317d44|2|\n|gen|9\n|tier|[Gen 9] Random Battle\n|rule|Species Clause: Limit one of each Pok\u00e9mon\n|rule|HP Percentage Mod: HP is shown in percentages\n|rule|Sleep Clause Mod: Limit one foe put to sleep\n|rule|Illusion Level Mod: Illusion disguises the Pok\u00e9mon's true level\n|\n|t:|1783570383\n|teamsize|p1|6\n|teamsize|p2|6\n|start\n|switch|p1a: Eiscue|Eiscue, L88, M|274/274\n|switch|p2a: Mightyena|Mightyena, L96, M|100/100\n|-ability|p2a: Mightyena|Intimidate|boost\n|-unboost|p1a: Eiscue|atk|1\n|turn|1\n|inactive|Battle timer is ON: inactive players will automatically lose when time's up. (requested by p0y26317d44)\n|inactive|Time left: 300 sec this turn | 300 sec total | 60 sec grace\n|inactive|p0x26312cf6 also wants the timer to be on.\n|\n|t:|1783570385\n|switch|p2a: Hariyama|Hariyama, L87, F|100/100\n|move|p1a: Eiscue|Belly Drum|p1a: Eiscue\n|-damage|p1a: Eiscue|137/274\n|-setboost|p1a: Eiscue|atk|6|[from] move: Belly Drum\n|-enditem|p1a: Eiscue|Sitrus Berry|[eat]\n|-heal|p1a: Eiscue|205/274|[from] item: Sitrus Berry\n|\n|-status|p2a: Hariyama|brn|[from] item: Flame Orb\n|upkeep\n|turn|2\n|inactive|Time left: 300 sec this turn | 300 sec total\n|\n|t:|1783570386\n|move|p2a: Hariyama|Fake Out|p1a: Eiscue\n|-activate|p1a: Eiscue|ability: Ice Face\n|-damage|p1a: Eiscue|205/274\n|detailschange|p1a: Eiscue|Eiscue-Noice, L88, M\n|cant|p1a: Eiscue|flinch\n|\n|-damage|p2a: Hariyama|94/100 brn|[from] brn\n|upkeep\n|turn|3\n|inactive|Time left: 300 sec this turn | 300 sec total\n|\n|t:|1783570387\n|switch|p2a: Golduck|Golduck, L90, M|100/100\n|-ability|p2a: Golduck|Cloud Nine\n|move|p1a: Eiscue|Ice Spinner|p2a: Golduck\n|-resisted|p2a: Golduck\n|-damage|p2a: Golduck|45/100\n|\n|-heal|p2a: Golduck|51/100|[from] item: Leftovers\n|upkeep\n|turn|4\n|inactive|Time left: 300 sec this turn | 300 sec total\n|\n|t:|1783570388\n|move|p1a: Eiscue|Ice Spinner|p2a: Golduck\n|-resisted|p2a: Golduck\n|-damage|p2a: Golduck|0 fnt\n|faint|p2a: Golduck\n|\n|upkeep\n|\n|t:|1783570389\n|switch|p2a: Klefki|Klefki, L84, F|100/100\n|turn|5\n|inactive|Time left: 300 sec this turn | 300 sec total\n|\n|t:|1783570390\n|move|p1a: Eiscue|Ice Spinner|p2a: Klefki\n|-resisted|p2a: Klefki\n|-damage|p2a: Klefki|33/100\n|move|p2a: Klefki|Foul Play|p1a: Eiscue\n|-crit|p1a: Eiscue\n|-damage|p1a: Eiscue|0 fnt\n|faint|p1a: Eiscue\n|\n|-heal|p2a: Klefki|39/100|[from] item: Leftovers\n|upkeep\n|inactive|Time left: 300 sec this turn | 300 sec total | 5 sec grace\n|\n|t:|1783570391\n|switch|p1a: Ariados|Ariados, L95, F|287/287\n|turn|6\n|inactive|Time left: 300 sec this turn | 300 sec total\n|\n|t:|1783570392\n|move|p2a: Klefki|Thunder Wave|p1a: Ariados\n|-status|p1a: Ariados|par\n|move|p1a: Ariados|Sticky Web|p2a: Klefki\n|-sidestart|p2: p0y26317d44|move: Sticky Web\n|\n|-heal|p2a: Klefki|45/100|[from] item: Leftovers\n|upkeep\n|turn|7\n|inactive|Time left: 300 sec this turn | 300 sec total\n|\n|t:|1783570393\n|move|p2a: Klefki|Spikes|p1a: Ariados\n|-sidestart|p1: p0x26312cf6|Spikes\n|move|p1a: Ariados|Toxic Spikes|p2a: Klefki\n|-sidestart|p2: p0y26317d44|move: Toxic Spikes\n|\n|-heal|p2a: Klefki|51/100|[from] item: Leftovers\n|upkeep\n|turn|8\n|inactive|Time left: 300 sec this turn | 300 sec total\n|\n|t:|1783570394\n|move|p2a: Klefki|Foul Play|p1a: Ariados\n|-damage|p1a: Ariados|210/287 par\n|cant|p1a: Ariados|par\n|\n|-heal|p2a: Klefki|57/100|[from] item: Leftovers\n|upkeep\n|turn|9\n|inactive|Time left: 300 sec this turn | 300 sec total\n|\n|t:|1783570395\n|switch|p1a: Mismagius|Mismagius, L86, M|243/243\n|move|p2a: Klefki|Spikes|p1a: Mismagius\n|-sidestart|p1: p0x26312cf6|Spikes\n|\n|-heal|p2a: Klefki|63/100|[from] item: Leftovers\n|upkeep\n|turn|10\n|inactive|Time left: 300 sec this turn | 300 sec total\n|\n|t:|1783570395\n|move|p2a: Klefki|Thunder Wave|p1a: Mismagius\n|-status|p1a: Mismagius|par\n|move|p1a: Mismagius|Nasty Plot|p1a: Mismagius\n|-boost|p1a: Mismagius|spa|2\n|\n|-heal|p2a: Klefki|69/100|[from] item: Leftovers\n|upkeep\n|turn|11\n|inactive|Time left: 300 sec this turn | 300 sec total\n|\n|t:|1783570396\n|move|p2a: Klefki|Foul Play|p1a: Mismagius\n|-supereffective|p1a: Mismagius\n|-damage|p1a: Mismagius|153/243 par\n|move|p1a: Mismagius|Shadow Ball|p2a: Klefki\n|-damage|p2a: Klefki|0 fnt\n|faint|p2a: Klefki\n|\n|-heal|p1a: Mismagius|168/243 par|[from] item: Leftovers\n|upkeep\n|\n|t:|1783570397\n|switch|p2a: Mightyena|Mightyena, L96, M|100/100\n|-activate|p2a: Mightyena|move: Sticky Web\n|-unboost|p2a: Mightyena|spe|1\n|-status|p2a: Mightyena|psn\n|-ability|p2a: Mightyena|Intimidate|boost\n|-unboost|p1a: Mismagius|atk|1\n|turn|12\n|inactive|Time left: 300 sec this turn | 300 sec total\n|\n|t:|1783570398\n|-terastallize|p1a: Mismagius|Fighting\n|move|p2a: Mightyena|Throat Chop|p1a: Mismagius\n|-resisted|p1a: Mismagius\n|-damage|p1a: Mismagius|104/243 par\n|-start|p1a: Mismagius|Throat Chop|[silent]\n|move|p1a: Mismagius|Tera Blast|p2a: Mightyena|[anim] Tera Blast Fighting\n|-supereffective|p2a: Mightyena\n|-damage|p2a: Mightyena|0 fnt\n|faint|p2a: Mightyena\n|\n|-heal|p1a: Mismagius|119/243 par|[from] item: Leftovers\n|upkeep\n|\n|t:|1783570399\n|switch|p2a: Hawlucha|Hawlucha, L80, F|100/100\n|turn|13\n|inactive|Time left: 300 sec this turn | 300 sec total\n|\n|t:|1783570400\n|switch|p1a: Metagross|Metagross, L79|256/256\n|-damage|p1a: Metagross|214/256|[from] Spikes\n|move|p2a: Hawlucha|Swords Dance|p2a: Hawlucha\n|-boost|p2a: Hawlucha|atk|2\n|\n|upkeep\n|turn|14\n|inactive|Time left: 300 sec this turn | 300 sec total\n|\n|t:|1783570401\n|-terastallize|p2a: Hawlucha|Fighting\n|move|p2a: Hawlucha|Close Combat|p1a: Metagross\n|-damage|p1a: Metagross|0 fnt\n|-unboost|p2a: Hawlucha|def|1\n|-unboost|p2a: Hawlucha|spd|1\n|faint|p1a: Metagross\n|-enditem|p2a: Hawlucha|White Herb\n|-clearnegativeboost|p2a: Hawlucha|[silent]\n|\n|upkeep\n|inactive|Time left: 300 sec this turn | 300 sec total | 5 sec grace\n|\n|t:|1783570402\n|switch|p1a: Comfey|Comfey, L85, M|225/225\n|-damage|p1a: Comfey|188/225|[from] Spikes\n|turn|15\n|inactive|Time left: 300 sec this turn | 300 sec total\n|\n|t:|1783570403\n|move|p1a: Comfey|Draining Kiss|p2a: Hawlucha\n|-supereffective|p2a: Hawlucha\n|-damage|p2a: Hawlucha|48/100\n|-heal|p1a: Comfey|225/225|[from] drain|[of] p2a: Hawlucha\n|move|p2a: Hawlucha|Brave Bird|p1a: Comfey\n|-damage|p1a: Comfey|2/225\n|-damage|p2a: Hawlucha|19/100|[from] Recoil\n|\n|-heal|p1a: Comfey|16/225|[from] item: Leftovers\n|upkeep\n|turn|16\n|inactive|Time left: 300 sec this turn | 300 sec total\n|\n|t:|1783570404\n|move|p1a: Comfey|Draining Kiss|p2a: Hawlucha\n|-supereffective|p2a: Hawlucha\n|-damage|p2a: Hawlucha|0 fnt\n|-heal|p1a: Comfey|52/225|[from] drain|[of] p2a: Hawlucha\n|faint|p2a: Hawlucha\n|\n|-heal|p1a: Comfey|66/225|[from] item: Leftovers\n|upkeep\n|\n|t:|1783570405\n|switch|p2a: Greedent|Greedent, L86, F|100/100\n|-activate|p2a: Greedent|move: Sticky Web\n|-unboost|p2a: Greedent|spe|1\n|-status|p2a: Greedent|psn\n|turn|17\n|inactive|Time left: 300 sec this turn | 300 sec total\n|\n|t:|1783570405\n|move|p1a: Comfey|Giga Drain|p2a: Greedent\n|-damage|p2a: Greedent|85/100 psn\n|-heal|p1a: Comfey|93/225|[from] drain|[of] p2a: Greedent\n|move|p2a: Greedent|Swords Dance|p2a: Greedent\n|-boost|p2a: Greedent|atk|2\n|\n|-heal|p1a: Comfey|107/225|[from] item: Leftovers\n|-damage|p2a: Greedent|73/100 psn|[from] psn\n|upkeep\n|turn|18\n|inactive|Time left: 300 sec this turn | 300 sec total\n|\n|t:|1783570406\n|move|p1a: Comfey|Draining Kiss|p2a: Greedent\n|-damage|p2a: Greedent|56/100 psn\n|-heal|p1a: Comfey|150/225|[from] drain|[of] p2a: Greedent\n|move|p2a: Greedent|Double-Edge|p1a: Comfey\n|-damage|p1a: Comfey|0 fnt\n|faint|p1a: Comfey\n|-damage|p2a: Greedent|42/100 psn|[from] Recoil\n|-enditem|p2a: Greedent|Sitrus Berry|[eat]\n|-heal|p2a: Greedent|66/100 psn|[from] item: Sitrus Berry\n|-heal|p2a: Greedent|99/100 psn|[from] ability: Cheek Pouch\n|\n|-damage|p2a: Greedent|87/100 psn|[from] psn\n|upkeep\n|inactive|Time left: 300 sec this turn | 300 sec total | 5 sec grace\n|\n|t:|1783570407\n|switch|p1a: Mismagius|Mismagius, L86, M, tera:Fighting|119/243 par\n|turn|19\n|inactive|Time left: 300 sec this turn | 300 sec total\n|\n|t:|1783570408\n|cant|p1a: Mismagius|par\n|move|p2a: Greedent|Double-Edge|p1a: Mismagius\n|-damage|p1a: Mismagius|0 fnt\n|faint|p1a: Mismagius\n|-damage|p2a: Greedent|76/100 psn|[from] Recoil\n|\n|-damage|p2a: Greedent|64/100 psn|[from] psn\n|upkeep\n|inactive|Time left: 300 sec this turn | 300 sec total | 5 sec grace\n|\n|t:|1783570409\n|switch|p1a: Tauros|Tauros, L82, M|257/257\n|-damage|p1a: Tauros|215/257|[from] Spikes\n|turn|20\n|inactive|Time left: 300 sec this turn | 300 sec total\n|\n|t:|1783570410\n|move|p1a: Tauros|Throat Chop|p2a: Greedent\n|-damage|p2a: Greedent|38/100 psn\n|move|p2a: Greedent|Double-Edge|p1a: Tauros\n|-damage|p1a: Tauros|0 fnt\n|faint|p1a: Tauros\n|-damage|p2a: Greedent|18/100 psn|[from] Recoil\n|\n|-damage|p2a: Greedent|5/100 psn|[from] psn\n|upkeep\n|inactive|Time left: 300 sec this turn | 300 sec total | 5 sec grace\n|\n|t:|1783570411\n|switch|p1a: Ariados|Ariados, L95, F|210/287 par\n|turn|21\n|inactive|Time left: 300 sec this turn | 300 sec total\n|\n|t:|1783570412\n|move|p1a: Ariados|Poison Jab|p2a: Greedent\n|-damage|p2a: Greedent|0 fnt\n|faint|p2a: Greedent\n|\n|upkeep\n|\n|t:|1783570412\n|switch|p2a: Hariyama|Hariyama, L87, F|94/100 brn\n|-activate|p2a: Hariyama|move: Sticky Web\n|-unboost|p2a: Hariyama|spe|1\n|turn|22\n|inactive|Time left: 300 sec this turn | 300 sec total\n|\n|t:|1783570413\n|move|p2a: Hariyama|Facade|p1a: Ariados\n|-damage|p1a: Ariados|29/287 par\n|move|p1a: Ariados|Toxic Spikes|p2a: Hariyama\n|-sidestart|p2: p0y26317d44|move: Toxic Spikes\n|\n|-damage|p2a: Hariyama|88/100 brn|[from] brn\n|upkeep\n|turn|23\n|inactive|Time left: 300 sec this turn | 300 sec total\n|\n|t:|1783570414\n|move|p2a: Hariyama|Close Combat|p1a: Ariados\n|-resisted|p1a: Ariados\n|-damage|p1a: Ariados|0 fnt\n|-unboost|p2a: Hariyama|def|1\n|-unboost|p2a: Hariyama|spd|1\n|faint|p1a: Ariados\n|\n|win|p0y26317d44", "uploadtime": 1783570414, "views": 0, "rating": 0, "private": 0, "password": null, "_winner": "p0y26317d44", "_our_name": "p0x26312cf6"}