{"id": "battle-gen9randombattle-1401", "formatid": "gen9randombattle", "format": "[Gen 9] Random Battle", "players": ["p0x140111d6", "p0y140144df"], "log": "|init|battle\n|title|p0x140111d6 vs. p0y140144df\n|j|\u2606p0x140111d6\n|j|\u2606p0y140144df\n|t:|1783556287\n|gametype|singles\n|player|p1|p0x140111d6|2|\n|player|p2|p0y140144df|102|\n|gen|9\n|tier|[Gen 9] Random Battle\n|rule|Species Clause: Limit one of each Pok\u00e9mon\n|rule|HP Percentage Mod: HP is shown in percentages\n|rule|Sleep Clause Mod: Limit one foe put to sleep\n|rule|Illusion Level Mod: Illusion disguises the Pok\u00e9mon's true level\n|\n|t:|1783556287\n|teamsize|p1|6\n|teamsize|p2|6\n|start\n|switch|p1a: Piloswine|Piloswine, L85, F|100/100\n|switch|p2a: Venusaur|Venusaur, L84, F|272/272\n|turn|1\n|inactive|Battle timer is ON: inactive players will automatically lose when time's up. (requested by p0x140111d6)\n|inactive|Time left: 300 sec this turn | 300 sec total | 60 sec grace\n|inactive|p0y140144df also wants the timer to be on.\n|\n|t:|1783556289\n|move|p2a: Venusaur|Leech Seed|p1a: Piloswine\n|-start|p1a: Piloswine|move: Leech Seed\n|move|p1a: Piloswine|Stealth Rock|p2a: Venusaur\n|-sidestart|p2: p0y140144df|move: Stealth Rock\n|\n|-damage|p1a: Piloswine|88/100|[from] Leech Seed|[of] p2a: Venusaur\n|upkeep\n|turn|2\n|inactive|Time left: 300 sec this turn | 300 sec total\n|\n|t:|1783556290\n|switch|p1a: Spidops|Spidops, L96, F|100/100\n|move|p2a: Venusaur|Sleep Powder|p1a: Spidops\n|-status|p1a: Spidops|slp|[from] move: Sleep Powder\n|\n|upkeep\n|turn|3\n|inactive|Time left: 300 sec this turn | 300 sec total\n|\n|t:|1783556291\n|switch|p1a: Serperior|Serperior, L79, M|100/100\n|move|p2a: Venusaur|Sludge Bomb|p1a: Serperior\n|-supereffective|p1a: Serperior\n|-damage|p1a: Serperior|25/100\n|-status|p1a: Serperior|psn\n|\n|-heal|p1a: Serperior|32/100 psn|[from] item: Leftovers\n|-damage|p1a: Serperior|19/100 psn|[from] psn\n|upkeep\n|turn|4\n|inactive|Time left: 300 sec this turn | 300 sec total\n|\n|t:|1783556293\n|switch|p1a: Misdreavus|Misdreavus, L90, F|100/100\n|move|p2a: Venusaur|Sludge Bomb|p1a: Misdreavus\n|-resisted|p1a: Misdreavus\n|-damage|p1a: Misdreavus|87/100\n|-status|p1a: Misdreavus|psn\n|\n|-damage|p1a: Misdreavus|75/100 psn|[from] psn\n|upkeep\n|turn|5\n|inactive|Time left: 300 sec this turn | 300 sec total\n|\n|t:|1783556294\n|move|p1a: Misdreavus|Shadow Ball|p2a: Venusaur\n|-crit|p2a: Venusaur\n|-damage|p2a: Venusaur|154/272\n|move|p2a: Venusaur|Leech Seed|p1a: Misdreavus\n|-start|p1a: Misdreavus|move: Leech Seed\n|\n|-heal|p2a: Venusaur|171/272|[from] item: Leftovers\n|-damage|p1a: Misdreavus|63/100 psn|[from] Leech Seed|[of] p2a: Venusaur\n|-heal|p2a: Venusaur|202/272|[silent]\n|-damage|p1a: Misdreavus|50/100 psn|[from] psn\n|upkeep\n|turn|6\n|inactive|Time left: 300 sec this turn | 300 sec total\n|\n|t:|1783556295\n|switch|p1a: Persian|Persian, L92, F|100/100\n|move|p2a: Venusaur|Sludge Bomb|p1a: Persian\n|-damage|p1a: Persian|57/100\n|\n|-heal|p2a: Venusaur|219/272|[from] item: Leftovers\n|upkeep\n|turn|7\n|inactive|Time left: 300 sec this turn | 300 sec total\n|\n|t:|1783556296\n|move|p1a: Persian|Fake Out|p2a: Venusaur\n|-damage|p2a: Venusaur|147/272\n|cant|p2a: Venusaur|flinch\n|\n|-heal|p2a: Venusaur|164/272|[from] item: Leftovers\n|upkeep\n|turn|8\n|inactive|Time left: 300 sec this turn | 300 sec total\n|\n|t:|1783556297\n|switch|p2a: Coalossal|Coalossal, L89, F|341/341\n|move|p1a: Persian|Knock Off|p2a: Coalossal\n|-damage|p2a: Coalossal|295/341\n|-status|p1a: Persian|brn|[from] ability: Flame Body|[of] p2a: Coalossal\n|-enditem|p2a: Coalossal|Heavy-Duty Boots|[from] move: Knock Off|[of] p1a: Persian\n|\n|-damage|p1a: Persian|51/100 brn|[from] brn\n|upkeep\n|turn|9\n|inactive|Time left: 300 sec this turn | 300 sec total\n|\n|t:|1783556298\n|move|p1a: Persian|Knock Off|p2a: Coalossal\n|-damage|p2a: Coalossal|279/341\n|move|p2a: Coalossal|Rapid Spin|p1a: Persian\n|-damage|p1a: Persian|37/100 brn\n|-boost|p2a: Coalossal|spe|1\n|-sideend|p2: p0y140144df|Stealth Rock|[from] move: Rapid Spin|[of] p2a: Coalossal\n|\n|-damage|p1a: Persian|31/100 brn|[from] brn\n|upkeep\n|turn|10\n|inactive|Time left: 300 sec this turn | 300 sec total\n|\n|t:|1783556300\n|switch|p1a: Piloswine|Piloswine, L85, F|88/100\n|move|p2a: Coalossal|Stealth Rock|p1a: Piloswine\n|-sidestart|p1: p0x140111d6|move: Stealth Rock\n|\n|upkeep\n|turn|11\n|inactive|Time left: 300 sec this turn | 300 sec total\n|\n|t:|1783556301\n|move|p2a: Coalossal|Flamethrower|p1a: Piloswine\n|-supereffective|p1a: Piloswine\n|-crit|p1a: Piloswine\n|-damage|p1a: Piloswine|45/100\n|move|p1a: Piloswine|Earthquake|p2a: Coalossal\n|-supereffective|p2a: Coalossal\n|-damage|p2a: Coalossal|0 fnt\n|faint|p2a: Coalossal\n|\n|upkeep\n|inactive|Time left: 300 sec this turn | 300 sec total | 5 sec grace\n|\n|t:|1783556301\n|switch|p2a: Indeedee|Indeedee-F, L90, F|272/272\n|-fieldstart|move: Psychic Terrain|[from] ability: Psychic Surge|[of] p2a: Indeedee\n|turn|12\n|inactive|Time left: 300 sec this turn | 300 sec total\n|\n|t:|1783556303\n|move|p2a: Indeedee|Hyper Voice|p1a: Piloswine\n|-damage|p1a: Piloswine|0 fnt\n|faint|p1a: Piloswine\n|\n|upkeep\n|\n|t:|1783556304\n|switch|p1a: Cyclizar|Cyclizar, L84, F|100/100\n|turn|13\n|inactive|Time left: 300 sec this turn | 300 sec total\n|\n|t:|1783556305\n|move|p1a: Cyclizar|Knock Off|p2a: Indeedee\n|-supereffective|p2a: Indeedee\n|-damage|p2a: Indeedee|118/272\n|-enditem|p2a: Indeedee|Choice Specs|[from] move: Knock Off|[of] p1a: Cyclizar\n|move|p2a: Indeedee|Hyper Voice|p1a: Cyclizar\n|-damage|p1a: Cyclizar|45/100\n|\n|upkeep\n|turn|14\n|inactive|Time left: 300 sec this turn | 300 sec total\n|\n|t:|1783556306\n|switch|p1a: Persian|Persian, L92, F|31/100 brn\n|-damage|p1a: Persian|19/100 brn|[from] Stealth Rock\n|move|p2a: Indeedee|Psyshock|p1a: Persian\n|-damage|p1a: Persian|0 fnt\n|faint|p1a: Persian\n|\n|upkeep\n|\n|t:|1783556307\n|switch|p1a: Cyclizar|Cyclizar, L84, F|78/100\n|turn|15\n|inactive|Time left: 300 sec this turn | 300 sec total\n|\n|t:|1783556308\n|-terastallize|p2a: Indeedee|Fairy\n|move|p1a: Cyclizar|Rapid Spin|p2a: Indeedee\n|-damage|p2a: Indeedee|52/272\n|-boost|p1a: Cyclizar|spe|1\n|-sideend|p1: p0x140111d6|Stealth Rock|[from] move: Rapid Spin|[of] p1a: Cyclizar\n|move|p2a: Indeedee|Dazzling Gleam|p1a: Cyclizar\n|-supereffective|p1a: Cyclizar\n|-damage|p1a: Cyclizar|0 fnt\n|faint|p1a: Cyclizar\n|\n|upkeep\n|\n|t:|1783556309\n|switch|p1a: Misdreavus|Misdreavus, L90, F|50/100 psn\n|turn|16\n|inactive|Time left: 300 sec this turn | 300 sec total\n|\n|t:|1783556310\n|move|p1a: Misdreavus|Shadow Ball|p2a: Indeedee\n|-damage|p2a: Indeedee|0 fnt\n|faint|p2a: Indeedee\n|\n|-damage|p1a: Misdreavus|38/100 psn|[from] psn\n|-fieldend|move: Psychic Terrain\n|upkeep\n|inactive|Time left: 300 sec this turn | 300 sec total | 5 sec grace\n|\n|t:|1783556311\n|switch|p2a: Venusaur|Venusaur, L84, F|164/272\n|turn|17\n|inactive|Time left: 300 sec this turn | 300 sec total\n|\n|t:|1783556312\n|move|p1a: Misdreavus|Shadow Ball|p2a: Venusaur\n|-damage|p2a: Venusaur|79/272\n|move|p2a: Venusaur|Leech Seed|p1a: Misdreavus\n|-start|p1a: Misdreavus|move: Leech Seed\n|\n|-heal|p2a: Venusaur|96/272|[from] item: Leftovers\n|-damage|p1a: Misdreavus|26/100 psn|[from] Leech Seed|[of] p2a: Venusaur\n|-heal|p2a: Venusaur|127/272|[silent]\n|-damage|p1a: Misdreavus|14/100 psn|[from] psn\n|upkeep\n|turn|18\n|inactive|Time left: 300 sec this turn | 300 sec total\n|\n|t:|1783556313\n|move|p1a: Misdreavus|Shadow Ball|p2a: Venusaur\n|-damage|p2a: Venusaur|42/272\n|-unboost|p2a: Venusaur|spd|1\n|move|p2a: Venusaur|Leech Seed||[still]\n|-fail|p2a: Venusaur\n|\n|-heal|p2a: Venusaur|59/272|[from] item: Leftovers\n|-damage|p1a: Misdreavus|2/100 psn|[from] Leech Seed|[of] p2a: Venusaur\n|-heal|p2a: Venusaur|90/272|[silent]\n|-damage|p1a: Misdreavus|0 fnt|[from] psn\n|faint|p1a: Misdreavus\n|upkeep\n|\n|t:|1783556315\n|switch|p1a: Spidops|Spidops, L96, F|100/100 slp\n|turn|19\n|inactive|Time left: 300 sec this turn | 300 sec total\n|\n|t:|1783556316\n|move|p2a: Venusaur|Leech Seed|p1a: Spidops\n|-start|p1a: Spidops|move: Leech Seed\n|cant|p1a: Spidops|slp\n|\n|-heal|p2a: Venusaur|107/272|[from] item: Leftovers\n|-damage|p1a: Spidops|88/100 slp|[from] Leech Seed|[of] p2a: Venusaur\n|-heal|p2a: Venusaur|140/272|[silent]\n|upkeep\n|turn|20\n|inactive|Time left: 300 sec this turn | 300 sec total\n|\n|t:|1783556317\n|move|p2a: Venusaur|Sludge Bomb|p1a: Spidops\n|-damage|p1a: Spidops|57/100 slp\n|-curestatus|p1a: Spidops|slp|[msg]\n|move|p1a: Spidops|Knock Off|p2a: Venusaur\n|-damage|p2a: Venusaur|56/272\n|-enditem|p2a: Venusaur|Leftovers|[from] move: Knock Off|[of] p1a: Spidops\n|\n|-damage|p1a: Spidops|45/100|[from] Leech Seed|[of] p2a: Venusaur\n|-heal|p2a: Venusaur|89/272|[silent]\n|upkeep\n|turn|21\n|inactive|Time left: 300 sec this turn | 300 sec total\n|\n|t:|1783556318\n|move|p2a: Venusaur|Sleep Powder|p1a: Spidops\n|-status|p1a: Spidops|slp|[from] move: Sleep Powder\n|cant|p1a: Spidops|slp\n|\n|-damage|p1a: Spidops|33/100 slp|[from] Leech Seed|[of] p2a: Venusaur\n|-heal|p2a: Venusaur|122/272|[silent]\n|upkeep\n|turn|22\n|inactive|Time left: 300 sec this turn | 300 sec total\n|\n|t:|1783556319\n|switch|p1a: Serperior|Serperior, L79, M|19/100 psn\n|move|p2a: Venusaur|Sludge Bomb|p1a: Serperior\n|-supereffective|p1a: Serperior\n|-damage|p1a: Serperior|0 fnt\n|faint|p1a: Serperior\n|\n|upkeep\n|\n|t:|1783556321\n|switch|p1a: Spidops|Spidops, L96, F|33/100 slp\n|turn|23\n|inactive|Time left: 300 sec this turn | 300 sec total\n|\n|t:|1783556322\n|move|p2a: Venusaur|Leech Seed|p1a: Spidops\n|-start|p1a: Spidops|move: Leech Seed\n|-curestatus|p1a: Spidops|slp|[msg]\n|move|p1a: Spidops|Knock Off|p2a: Venusaur\n|-damage|p2a: Venusaur|71/272\n|\n|-damage|p1a: Spidops|21/100|[from] Leech Seed|[of] p2a: Venusaur\n|-heal|p2a: Venusaur|104/272|[silent]\n|upkeep\n|turn|24\n|inactive|Time left: 300 sec this turn | 300 sec total\n|\n|t:|1783556323\n|-terastallize|p1a: Spidops|Ghost\n|move|p2a: Venusaur|Sludge Bomb|p1a: Spidops\n|-resisted|p1a: Spidops\n|-damage|p1a: Spidops|6/100\n|move|p1a: Spidops|Knock Off|p2a: Venusaur\n|-damage|p2a: Venusaur|49/272\n|\n|-damage|p1a: Spidops|0 fnt|[from] Leech Seed|[of] p2a: Venusaur\n|-heal|p2a: Venusaur|65/272|[silent]\n|faint|p1a: Spidops\n|\n|win|p0y140144df", "uploadtime": 1783556323, "views": 0, "rating": 0, "private": 0, "password": null, "_winner": "p0y140144df", "_our_name": "p0y140144df"}