{"id": "battle-gen9randombattle-120", "formatid": "gen9randombattle", "format": "[Gen 9] Random Battle", "players": ["p0x1205957", "p0y1202dbc"], "log": "|init|battle\n|title|p0x1205957 vs. p0y1202dbc\n|j|\u2606p0x1205957\n|j|\u2606p0y1202dbc\n|t:|1783535132\n|gametype|singles\n|player|p1|p0x1205957|101|\n|player|p2|p0y1202dbc|266|\n|gen|9\n|tier|[Gen 9] Random Battle\n|rule|Species Clause: Limit one of each Pok\u00e9mon\n|rule|HP Percentage Mod: HP is shown in percentages\n|rule|Sleep Clause Mod: Limit one foe put to sleep\n|rule|Illusion Level Mod: Illusion disguises the Pok\u00e9mon's true level\n|\n|t:|1783535132\n|teamsize|p1|6\n|teamsize|p2|6\n|start\n|switch|p1a: Tentacruel|Tentacruel, L84, F|272/272\n|switch|p2a: Reuniclus|Reuniclus, L88, M|100/100\n|turn|1\n|inactive|Battle timer is ON: inactive players will automatically lose when time's up. (requested by p0y1202dbc)\n|inactive|Time left: 300 sec this turn | 300 sec total | 60 sec grace\n|inactive|p0x1205957 also wants the timer to be on.\n|\n|t:|1783535133\n|switch|p1a: Drifblim|Drifblim, L86, F|396/396\n|move|p2a: Reuniclus|Psychic|p1a: Drifblim\n|-damage|p1a: Drifblim|146/396\n|-enditem|p1a: Drifblim|Sitrus Berry|[eat]\n|-heal|p1a: Drifblim|245/396|[from] item: Sitrus Berry\n|\n|upkeep\n|turn|2\n|inactive|Time left: 300 sec this turn | 300 sec total\n|\n|t:|1783535134\n|move|p1a: Drifblim|Strength Sap|p2a: Reuniclus\n|-unboost|p2a: Reuniclus|atk|1\n|-heal|p1a: Drifblim|364/396\n|move|p2a: Reuniclus|Psychic|p1a: Drifblim\n|-damage|p1a: Drifblim|130/396\n|\n|upkeep\n|turn|3\n|inactive|Time left: 300 sec this turn | 300 sec total\n|\n|t:|1783535135\n|move|p1a: Drifblim|Strength Sap|p2a: Reuniclus\n|-unboost|p2a: Reuniclus|atk|1\n|-heal|p1a: Drifblim|209/396\n|move|p2a: Reuniclus|Psychic|p1a: Drifblim\n|-damage|p1a: Drifblim|0 fnt\n|faint|p1a: Drifblim\n|\n|upkeep\n|inactive|Time left: 300 sec this turn | 300 sec total | 5 sec grace\n|\n|t:|1783535136\n|switch|p1a: Masquerain|Masquerain, L87, F|264/264\n|-ability|p1a: Masquerain|Intimidate|boost\n|-unboost|p2a: Reuniclus|atk|1\n|turn|4\n|inactive|Time left: 300 sec this turn | 300 sec total\n|\n|t:|1783535138\n|move|p1a: Masquerain|Quiver Dance|p1a: Masquerain\n|-boost|p1a: Masquerain|spa|1\n|-boost|p1a: Masquerain|spd|1\n|-boost|p1a: Masquerain|spe|1\n|move|p2a: Reuniclus|Psychic|p1a: Masquerain\n|-damage|p1a: Masquerain|151/264\n|\n|upkeep\n|turn|5\n|inactive|Time left: 300 sec this turn | 300 sec total\n|\n|t:|1783535139\n|switch|p2a: Lucario|Lucario, L84, M|100/100\n|move|p1a: Masquerain|Quiver Dance|p1a: Masquerain\n|-boost|p1a: Masquerain|spa|1\n|-boost|p1a: Masquerain|spd|1\n|-boost|p1a: Masquerain|spe|1\n|\n|upkeep\n|turn|6\n|inactive|Time left: 300 sec this turn | 300 sec total\n|\n|t:|1783535140\n|-terastallize|p2a: Lucario|Normal\n|move|p2a: Lucario|Extreme Speed|p1a: Masquerain\n|-damage|p1a: Masquerain|0 fnt\n|faint|p1a: Masquerain\n|\n|upkeep\n|inactive|Time left: 300 sec this turn | 300 sec total | 5 sec grace\n|\n|t:|1783535141\n|switch|p1a: Sandslash|Sandslash, L89, M|278/278\n|turn|7\n|inactive|Time left: 300 sec this turn | 300 sec total\n|\n|t:|1783535142\n|switch|p2a: Scream Tail|Scream Tail, L84|100/100\n|move|p1a: Sandslash|Swords Dance|p1a: Sandslash\n|-boost|p1a: Sandslash|atk|2\n|\n|upkeep\n|turn|8\n|inactive|Time left: 300 sec this turn | 300 sec total\n|\n|t:|1783535143\n|move|p2a: Scream Tail|Encore|p1a: Sandslash\n|-start|p1a: Sandslash|Encore\n|move|p1a: Sandslash|Swords Dance|p1a: Sandslash\n|-boost|p1a: Sandslash|atk|2\n|\n|upkeep\n|turn|9\n|inactive|Time left: 300 sec this turn | 300 sec total\n|\n|t:|1783535144\n|-end|p2a: Scream Tail|Protosynthesis|[silent]\n|switch|p2a: Duraludon|Duraludon, L82, M|100/100\n|move|p1a: Sandslash|Swords Dance|p1a: Sandslash\n|-boost|p1a: Sandslash|atk|2\n|\n|upkeep\n|turn|10\n|inactive|Time left: 300 sec this turn | 300 sec total\n|\n|t:|1783535145\n|switch|p1a: Tentacruel|Tentacruel, L84, F|272/272\n|move|p2a: Duraludon|Dragon Tail|p1a: Tentacruel\n|-damage|p1a: Tentacruel|202/272\n|drag|p1a: Dachsbun|Dachsbun, L92, M|254/254\n|\n|upkeep\n|turn|11\n|inactive|Time left: 300 sec this turn | 300 sec total\n|\n|t:|1783535146\n|switch|p1a: Sandslash|Sandslash, L89, M|278/278\n|move|p2a: Duraludon|Flash Cannon|p1a: Sandslash\n|-damage|p1a: Sandslash|161/278\n|\n|-heal|p1a: Sandslash|178/278|[from] item: Leftovers\n|upkeep\n|turn|12\n|inactive|Time left: 300 sec this turn | 300 sec total\n|\n|t:|1783535147\n|switch|p1a: Probopass|Probopass, L91, F|257/257\n|move|p2a: Duraludon|Draco Meteor|p1a: Probopass\n|-resisted|p1a: Probopass\n|-damage|p1a: Probopass|212/257\n|-unboost|p2a: Duraludon|spa|2\n|\n|-heal|p1a: Probopass|228/257|[from] item: Leftovers\n|upkeep\n|turn|13\n|inactive|Time left: 300 sec this turn | 300 sec total\n|\n|t:|1783535148\n|move|p2a: Duraludon|Body Press|p1a: Probopass\n|-supereffective|p1a: Probopass\n|-damage|p1a: Probopass|64/257\n|move|p1a: Probopass|Body Press|p2a: Duraludon\n|-supereffective|p2a: Duraludon\n|-crit|p2a: Duraludon\n|-damage|p2a: Duraludon|34/100\n|\n|-heal|p1a: Probopass|80/257|[from] item: Leftovers\n|upkeep\n|turn|14\n|inactive|Time left: 300 sec this turn | 300 sec total\n|\n|t:|1783535149\n|switch|p1a: Tentacruel|Tentacruel, L84, F|202/272\n|move|p2a: Duraludon|Body Press|p1a: Tentacruel\n|-resisted|p1a: Tentacruel\n|-damage|p1a: Tentacruel|166/272\n|\n|-heal|p1a: Tentacruel|183/272|[from] item: Leftovers\n|upkeep\n|turn|15\n|inactive|Time left: 300 sec this turn | 300 sec total\n|\n|t:|1783535150\n|switch|p2a: Reuniclus|Reuniclus, L88, M|100/100\n|move|p1a: Tentacruel|Rapid Spin|p2a: Reuniclus\n|-crit|p2a: Reuniclus\n|-damage|p2a: Reuniclus|86/100\n|-boost|p1a: Tentacruel|spe|1\n|\n|-heal|p1a: Tentacruel|200/272|[from] item: Leftovers\n|upkeep\n|turn|16\n|inactive|Time left: 300 sec this turn | 300 sec total\n|\n|t:|1783535151\n|switch|p1a: Probopass|Probopass, L91, F|80/257\n|move|p2a: Reuniclus|Psychic|p1a: Probopass\n|-resisted|p1a: Probopass\n|-damage|p1a: Probopass|27/257\n|\n|-heal|p1a: Probopass|43/257|[from] item: Leftovers\n|upkeep\n|turn|17\n|inactive|Time left: 300 sec this turn | 300 sec total\n|\n|t:|1783535152\n|move|p1a: Probopass|Power Gem|p2a: Reuniclus\n|-damage|p2a: Reuniclus|64/100\n|move|p2a: Reuniclus|Psychic|p1a: Probopass\n|-resisted|p1a: Probopass\n|-damage|p1a: Probopass|0 fnt\n|faint|p1a: Probopass\n|\n|upkeep\n|inactive|Time left: 300 sec this turn | 300 sec total | 5 sec grace\n|\n|t:|1783535153\n|switch|p1a: Sandslash|Sandslash, L89, M|178/278\n|turn|18\n|inactive|Time left: 300 sec this turn | 300 sec total\n|\n|t:|1783535154\n|move|p1a: Sandslash|Knock Off|p2a: Reuniclus\n|-supereffective|p2a: Reuniclus\n|-damage|p2a: Reuniclus|12/100\n|-enditem|p2a: Reuniclus|Life Orb|[from] move: Knock Off|[of] p1a: Sandslash\n|move|p2a: Reuniclus|Psychic|p1a: Sandslash\n|-damage|p1a: Sandslash|12/278\n|\n|-heal|p1a: Sandslash|29/278|[from] item: Leftovers\n|upkeep\n|turn|19\n|inactive|Time left: 300 sec this turn | 300 sec total\n|\n|t:|1783535156\n|switch|p2a: Scream Tail|Scream Tail, L84|100/100\n|move|p1a: Sandslash|Earthquake|p2a: Scream Tail\n|-damage|p2a: Scream Tail|67/100\n|\n|-heal|p2a: Scream Tail|73/100|[from] item: Leftovers\n|-heal|p1a: Sandslash|46/278|[from] item: Leftovers\n|upkeep\n|turn|20\n|inactive|Time left: 300 sec this turn | 300 sec total\n|\n|t:|1783535157\n|switch|p1a: Tentacruel|Tentacruel, L84, F|200/272\n|move|p2a: Scream Tail|Dazzling Gleam|p1a: Tentacruel\n|-resisted|p1a: Tentacruel\n|-damage|p1a: Tentacruel|173/272\n|\n|-heal|p2a: Scream Tail|79/100|[from] item: Leftovers\n|-heal|p1a: Tentacruel|190/272|[from] item: Leftovers\n|upkeep\n|turn|21\n|inactive|Time left: 300 sec this turn | 300 sec total\n|\n|t:|1783535158\n|move|p2a: Scream Tail|Protect|p2a: Scream Tail\n|-singleturn|p2a: Scream Tail|Protect\n|move|p1a: Tentacruel|Rapid Spin|p2a: Scream Tail\n|-activate|p2a: Scream Tail|move: Protect\n|\n|-heal|p2a: Scream Tail|85/100|[from] item: Leftovers\n|-heal|p1a: Tentacruel|207/272|[from] item: Leftovers\n|upkeep\n|turn|22\n|inactive|Time left: 300 sec this turn | 300 sec total\n|\n|t:|1783535159\n|move|p2a: Scream Tail|Wish|p2a: Scream Tail\n|move|p1a: Tentacruel|Rapid Spin|p2a: Scream Tail\n|-damage|p2a: Scream Tail|77/100\n|-boost|p1a: Tentacruel|spe|1\n|\n|-heal|p1a: Tentacruel|224/272|[from] item: Leftovers\n|-heal|p2a: Scream Tail|83/100|[from] item: Leftovers\n|upkeep\n|turn|23\n|inactive|Time left: 300 sec this turn | 300 sec total\n|\n|t:|1783535160\n|-end|p2a: Scream Tail|Protosynthesis|[silent]\n|switch|p2a: Duraludon|Duraludon, L82, M|34/100\n|move|p1a: Tentacruel|Rapid Spin|p2a: Duraludon\n|-resisted|p2a: Duraludon\n|-damage|p2a: Duraludon|31/100\n|-boost|p1a: Tentacruel|spe|1\n|\n|-heal|p2a: Duraludon|97/100|[from] move: Wish|[wisher] Scream Tail\n|-heal|p1a: Tentacruel|241/272|[from] item: Leftovers\n|upkeep\n|turn|24\n|inactive|Time left: 300 sec this turn | 300 sec total\n|\n|t:|1783535161\n|move|p1a: Tentacruel|Surf|p2a: Duraludon\n|-resisted|p2a: Duraludon\n|-damage|p2a: Duraludon|82/100\n|move|p2a: Duraludon|Dragon Tail|p1a: Tentacruel\n|-damage|p1a: Tentacruel|169/272\n|drag|p1a: Dachsbun|Dachsbun, L92, M|254/254\n|\n|upkeep\n|turn|25\n|inactive|Time left: 300 sec this turn | 300 sec total\n|\n|t:|1783535162\n|move|p1a: Dachsbun|Play Rough|p2a: Duraludon\n|-damage|p2a: Duraludon|60/100\n|move|p2a: Duraludon|Flash Cannon|p1a: Dachsbun\n|-supereffective|p1a: Dachsbun\n|-damage|p1a: Dachsbun|84/254\n|\n|-heal|p1a: Dachsbun|99/254|[from] item: Leftovers\n|upkeep\n|turn|26\n|inactive|Time left: 300 sec this turn | 300 sec total\n|\n|t:|1783535163\n|move|p1a: Dachsbun|Protect|p1a: Dachsbun\n|-singleturn|p1a: Dachsbun|Protect\n|move|p2a: Duraludon|Flash Cannon|p1a: Dachsbun\n|-activate|p1a: Dachsbun|move: Protect\n|\n|-heal|p1a: Dachsbun|114/254|[from] item: Leftovers\n|upkeep\n|turn|27\n|inactive|Time left: 300 sec this turn | 300 sec total\n|\n|t:|1783535164\n|move|p1a: Dachsbun|Wish|p1a: Dachsbun\n|move|p2a: Duraludon|Flash Cannon|p1a: Dachsbun\n|-supereffective|p1a: Dachsbun\n|-damage|p1a: Dachsbun|0 fnt\n|faint|p1a: Dachsbun\n|\n|upkeep\n|inactive|Time left: 300 sec this turn | 300 sec total | 5 sec grace\n|\n|t:|1783535165\n|switch|p1a: Tentacruel|Tentacruel, L84, F|169/272\n|turn|28\n|inactive|Time left: 300 sec this turn | 300 sec total\n|\n|t:|1783535165\n|move|p1a: Tentacruel|Rapid Spin|p2a: Duraludon\n|-resisted|p2a: Duraludon\n|-damage|p2a: Duraludon|56/100\n|-boost|p1a: Tentacruel|spe|1\n|move|p2a: Duraludon|Body Press|p1a: Tentacruel\n|-resisted|p1a: Tentacruel\n|-damage|p1a: Tentacruel|131/272\n|\n|-heal|p1a: Tentacruel|258/272|[from] move: Wish|[wisher] Dachsbun\n|-heal|p1a: Tentacruel|272/272|[from] item: Leftovers\n|upkeep\n|turn|29\n|inactive|Time left: 300 sec this turn | 300 sec total\n|\n|t:|1783535166\n|move|p1a: Tentacruel|Surf|p2a: Duraludon\n|-resisted|p2a: Duraludon\n|-damage|p2a: Duraludon|38/100\n|move|p2a: Duraludon|Dragon Tail|p1a: Tentacruel\n|-damage|p1a: Tentacruel|205/272\n|drag|p1a: Sandslash|Sandslash, L89, M|46/278\n|\n|-heal|p1a: Sandslash|63/278|[from] item: Leftovers\n|upkeep\n|turn|30\n|inactive|Time left: 300 sec this turn | 300 sec total\n|\n|t:|1783535167\n|switch|p1a: Tentacruel|Tentacruel, L84, F|205/272\n|move|p2a: Duraludon|Flash Cannon|p1a: Tentacruel\n|-resisted|p1a: Tentacruel\n|-damage|p1a: Tentacruel|165/272\n|\n|-heal|p1a: Tentacruel|182/272|[from] item: Leftovers\n|upkeep\n|turn|31\n|inactive|Time left: 300 sec this turn | 300 sec total\n|\n|t:|1783535168\n|move|p1a: Tentacruel|Rapid Spin|p2a: Duraludon\n|-resisted|p2a: Duraludon\n|-damage|p2a: Duraludon|35/100\n|-boost|p1a: Tentacruel|spe|1\n|move|p2a: Duraludon|Dragon Tail|p1a: Tentacruel\n|-damage|p1a: Tentacruel|109/272\n|drag|p1a: Sandslash|Sandslash, L89, M|63/278\n|\n|-heal|p1a: Sandslash|80/278|[from] item: Leftovers\n|upkeep\n|turn|32\n|inactive|Time left: 300 sec this turn | 300 sec total\n|\n|t:|1783535169\n|switch|p1a: Tentacruel|Tentacruel, L84, F|109/272\n|move|p2a: Duraludon|Draco Meteor|p1a: Tentacruel\n|-damage|p1a: Tentacruel|0 fnt\n|-unboost|p2a: Duraludon|spa|2\n|faint|p1a: Tentacruel\n|\n|upkeep\n|inactive|Time left: 300 sec this turn | 300 sec total | 5 sec grace\n|\n|t:|1783535170\n|switch|p1a: Sandslash|Sandslash, L89, M|80/278\n|turn|33\n|inactive|Time left: 300 sec this turn | 300 sec total\n|\n|t:|1783535171\n|move|p2a: Duraludon|Draco Meteor|p1a: Sandslash\n|-damage|p1a: Sandslash|0 fnt\n|-unboost|p2a: Duraludon|spa|2\n|faint|p1a: Sandslash\n|\n|win|p0y1202dbc", "uploadtime": 1783535171, "views": 0, "rating": 0, "private": 0, "password": null, "_winner": "p0y1202dbc", "_our_name": "p0x1205957"}