{"id": "battle-gen9randombattle-1852", "formatid": "gen9randombattle", "format": "[Gen 9] Random Battle", "players": ["p0x1852d3b8", "p0y1852f94e"], "log": "|init|battle\n|title|p0x1852d3b8 vs. p0y1852f94e\n|j|\u2606p0x1852d3b8\n|j|\u2606p0y1852f94e\n|t:|1783560690\n|gametype|singles\n|player|p1|p0x1852d3b8|170|\n|player|p2|p0y1852f94e|170|\n|gen|9\n|tier|[Gen 9] Random Battle\n|rule|Species Clause: Limit one of each Pok\u00e9mon\n|rule|HP Percentage Mod: HP is shown in percentages\n|rule|Sleep Clause Mod: Limit one foe put to sleep\n|rule|Illusion Level Mod: Illusion disguises the Pok\u00e9mon's true level\n|\n|t:|1783560690\n|teamsize|p1|6\n|teamsize|p2|6\n|start\n|switch|p1a: Fezandipiti|Fezandipiti, L82, M|278/278\n|switch|p2a: Jirachi|Jirachi, L80|100/100\n|turn|1\n|inactive|Battle timer is ON: inactive players will automatically lose when time's up. (requested by p0x1852d3b8)\n|inactive|p0y1852f94e also wants the timer to be on.\n|\n|t:|1783560692\n|move|p1a: Fezandipiti|Moonblast|p2a: Jirachi\n|-resisted|p2a: Jirachi\n|-damage|p2a: Jirachi|88/100\n|move|p2a: Jirachi|Psychic|p1a: Fezandipiti\n|-supereffective|p1a: Fezandipiti\n|-damage|p1a: Fezandipiti|144/278\n|\n|-heal|p1a: Fezandipiti|161/278|[from] item: Leftovers\n|-heal|p2a: Jirachi|94/100|[from] item: Leftovers\n|upkeep\n|turn|2\n|inactive|Time left: 300 sec this turn | 300 sec total\n|\n|t:|1783560693\n|move|p1a: Fezandipiti|U-turn|p2a: Jirachi\n|-damage|p2a: Jirachi|79/100\n|inactive|Time left: 300 sec this turn | 300 sec total | 5 sec grace\n|\n|t:|1783560694\n|switch|p1a: Armarouge|Armarouge, L80, F|267/267|[from] U-turn\n|move|p2a: Jirachi|Iron Head|p1a: Armarouge\n|-resisted|p1a: Armarouge\n|-damage|p1a: Armarouge|229/267\n|-ability|p1a: Armarouge|Weak Armor|boost\n|-unboost|p1a: Armarouge|def|1\n|-boost|p1a: Armarouge|spe|2\n|\n|-heal|p2a: Jirachi|85/100|[from] item: Leftovers\n|upkeep\n|turn|3\n|inactive|Time left: 300 sec this turn | 300 sec total\n|\n|t:|1783560695\n|move|p2a: Jirachi|Protect|p2a: Jirachi\n|-singleturn|p2a: Jirachi|Protect\n|move|p1a: Armarouge|Armor Cannon|p2a: Jirachi\n|-activate|p2a: Jirachi|move: Protect\n|\n|-heal|p2a: Jirachi|91/100|[from] item: Leftovers\n|upkeep\n|turn|4\n|inactive|Time left: 300 sec this turn | 300 sec total\n|\n|t:|1783560696\n|switch|p2a: Swampert|Swampert, L83, M|100/100\n|move|p1a: Armarouge|Armor Cannon|p2a: Swampert\n|-resisted|p2a: Swampert\n|-crit|p2a: Swampert\n|-damage|p2a: Swampert|63/100\n|-unboost|p1a: Armarouge|def|1\n|-unboost|p1a: Armarouge|spd|1\n|\n|-heal|p2a: Swampert|69/100|[from] item: Leftovers\n|upkeep\n|turn|5\n|inactive|Time left: 300 sec this turn | 300 sec total\n|\n|t:|1783560698\n|move|p1a: Armarouge|Energy Ball|p2a: Swampert\n|-supereffective|p2a: Swampert\n|-damage|p2a: Swampert|0 fnt\n|faint|p2a: Swampert\n|\n|upkeep\n|\n|t:|1783560699\n|switch|p2a: Espeon|Espeon, L84, M|100/100\n|turn|6\n|inactive|Time left: 300 sec this turn | 300 sec total\n|\n|t:|1783560700\n|move|p1a: Armarouge|Armor Cannon|p2a: Espeon\n|-damage|p2a: Espeon|43/100\n|-unboost|p1a: Armarouge|def|1\n|-unboost|p1a: Armarouge|spd|1\n|move|p2a: Espeon|Shadow Ball|p1a: Armarouge\n|-supereffective|p1a: Armarouge\n|-damage|p1a: Armarouge|0 fnt\n|faint|p1a: Armarouge\n|\n|upkeep\n|inactive|Time left: 300 sec this turn | 300 sec total | 5 sec grace\n|\n|t:|1783560701\n|switch|p1a: Barraskewda|Barraskewda, L81, F|231/231\n|turn|7\n|inactive|Time left: 300 sec this turn | 300 sec total\n|\n|t:|1783560702\n|switch|p2a: Jirachi|Jirachi, L80|91/100\n|move|p1a: Barraskewda|Waterfall|p2a: Jirachi\n|-damage|p2a: Jirachi|43/100\n|\n|-heal|p2a: Jirachi|50/100|[from] item: Leftovers\n|upkeep\n|turn|8\n|inactive|Time left: 300 sec this turn | 300 sec total\n|\n|t:|1783560703\n|move|p2a: Jirachi|Protect|p2a: Jirachi\n|-singleturn|p2a: Jirachi|Protect\n|move|p1a: Barraskewda|Waterfall|p2a: Jirachi\n|-activate|p2a: Jirachi|move: Protect\n|\n|-heal|p2a: Jirachi|56/100|[from] item: Leftovers\n|upkeep\n|turn|9\n|inactive|Time left: 300 sec this turn | 300 sec total\n|\n|t:|1783560704\n|-terastallize|p2a: Jirachi|Water\n|move|p1a: Barraskewda|Waterfall|p2a: Jirachi\n|-resisted|p2a: Jirachi\n|-damage|p2a: Jirachi|33/100\n|move|p2a: Jirachi|Psychic|p1a: Barraskewda\n|-damage|p1a: Barraskewda|102/231\n|\n|-heal|p2a: Jirachi|40/100|[from] item: Leftovers\n|upkeep\n|turn|10\n|inactive|Time left: 300 sec this turn | 300 sec total\n|\n|t:|1783560705\n|switch|p1a: Arboliva|Arboliva, L91, F|290/290\n|move|p2a: Jirachi|Psychic|p1a: Arboliva\n|-damage|p1a: Arboliva|215/290\n|-fieldstart|move: Grassy Terrain|[from] ability: Seed Sower|[of] p1a: Arboliva\n|\n|-heal|p2a: Jirachi|46/100|[from] Grassy Terrain\n|-heal|p2a: Jirachi|52/100|[from] item: Leftovers\n|-heal|p1a: Arboliva|233/290|[from] Grassy Terrain\n|-heal|p1a: Arboliva|251/290|[from] item: Leftovers\n|upkeep\n|turn|11\n|inactive|Time left: 300 sec this turn | 300 sec total\n|\n|t:|1783560706\n|move|p2a: Jirachi|Iron Head|p1a: Arboliva\n|-damage|p1a: Arboliva|175/290\n|cant|p1a: Arboliva|flinch\n|\n|-heal|p2a: Jirachi|58/100|[from] Grassy Terrain\n|-heal|p2a: Jirachi|64/100|[from] item: Leftovers\n|-heal|p1a: Arboliva|193/290|[from] Grassy Terrain\n|-heal|p1a: Arboliva|211/290|[from] item: Leftovers\n|upkeep\n|turn|12\n|inactive|Time left: 300 sec this turn | 300 sec total\n|\n|t:|1783560707\n|move|p2a: Jirachi|Iron Head|p1a: Arboliva\n|-damage|p1a: Arboliva|141/290\n|move|p1a: Arboliva|Energy Ball|p2a: Jirachi\n|-supereffective|p2a: Jirachi\n|-damage|p2a: Jirachi|0 fnt\n|faint|p2a: Jirachi\n|\n|-heal|p1a: Arboliva|159/290|[from] Grassy Terrain\n|-heal|p1a: Arboliva|177/290|[from] item: Leftovers\n|upkeep\n|\n|t:|1783560708\n|switch|p2a: Squawkabilly|Squawkabilly-Blue, L85, M|100/100\n|turn|13\n|inactive|Time left: 300 sec this turn | 300 sec total\n|\n|t:|1783560709\n|-terastallize|p1a: Arboliva|Poison\n|move|p2a: Squawkabilly|Brave Bird|p1a: Arboliva\n|-damage|p1a: Arboliva|63/290\n|-damage|p2a: Squawkabilly|87/100|[from] Recoil\n|move|p1a: Arboliva|Strength Sap|p2a: Squawkabilly\n|-unboost|p2a: Squawkabilly|atk|1\n|-heal|p1a: Arboliva|275/290\n|\n|-heal|p1a: Arboliva|290/290|[from] Grassy Terrain\n|-status|p2a: Squawkabilly|brn|[from] item: Flame Orb\n|upkeep\n|turn|14\n|inactive|Time left: 300 sec this turn | 300 sec total\n|\n|t:|1783560710\n|switch|p2a: Probopass|Probopass, L91, M|100/100\n|move|p1a: Arboliva|Hyper Voice|p2a: Probopass\n|-resisted|p2a: Probopass\n|-damage|p2a: Probopass|92/100\n|\n|-heal|p2a: Probopass|98/100|[from] Grassy Terrain\n|-heal|p2a: Probopass|100/100|[from] item: Leftovers\n|-fieldend|move: Grassy Terrain\n|upkeep\n|turn|15\n|inactive|Time left: 300 sec this turn | 300 sec total\n|\n|t:|1783560711\n|switch|p2a: Espeon|Espeon, L84, M|43/100\n|move|p1a: Arboliva|Earth Power|p2a: Espeon\n|-damage|p2a: Espeon|9/100\n|\n|upkeep\n|turn|16\n|inactive|Time left: 300 sec this turn | 300 sec total\n|\n|t:|1783560712\n|switch|p1a: Sableye|Sableye, L88, M|231/231\n|move|p2a: Espeon|Psyshock|p1a: Sableye\n|-immune|p1a: Sableye\n|\n|upkeep\n|turn|17\n|inactive|Time left: 300 sec this turn | 300 sec total\n|\n|t:|1783560713\n|move|p2a: Espeon|Psyshock|p1a: Sableye\n|-immune|p1a: Sableye\n|move|p1a: Sableye|Knock Off|p2a: Espeon\n|-supereffective|p2a: Espeon\n|-damage|p2a: Espeon|0 fnt\n|-enditem|p2a: Espeon|Choice Specs|[from] move: Knock Off|[of] p1a: Sableye\n|faint|p2a: Espeon\n|\n|upkeep\n|\n|t:|1783560714\n|switch|p2a: Probopass|Probopass, L91, M|100/100\n|turn|18\n|inactive|Time left: 300 sec this turn | 300 sec total\n|\n|t:|1783560715\n|switch|p1a: Arboliva|Arboliva, L91, F, tera:Poison|290/290\n|move|p2a: Probopass|Iron Defense|p2a: Probopass\n|-boost|p2a: Probopass|def|2\n|\n|upkeep\n|turn|19\n|inactive|Time left: 300 sec this turn | 300 sec total\n|\n|t:|1783560716\n|switch|p2a: Squawkabilly|Squawkabilly-Blue, L85, M|87/100 brn\n|move|p1a: Arboliva|Earth Power|p2a: Squawkabilly\n|-immune|p2a: Squawkabilly\n|\n|-damage|p2a: Squawkabilly|81/100 brn|[from] brn\n|upkeep\n|turn|20\n|inactive|Time left: 300 sec this turn | 300 sec total\n|\n|t:|1783560717\n|move|p2a: Squawkabilly|Facade|p1a: Arboliva\n|-damage|p1a: Arboliva|95/290\n|-fieldstart|move: Grassy Terrain|[from] ability: Seed Sower|[of] p1a: Arboliva\n|move|p1a: Arboliva|Hyper Voice|p2a: Squawkabilly\n|-damage|p2a: Squawkabilly|15/100 brn\n|\n|-heal|p1a: Arboliva|113/290|[from] Grassy Terrain\n|-heal|p1a: Arboliva|131/290|[from] item: Leftovers\n|-damage|p2a: Squawkabilly|9/100 brn|[from] brn\n|upkeep\n|turn|21\n|inactive|Time left: 300 sec this turn | 300 sec total\n|\n|t:|1783560718\n|switch|p1a: Sableye|Sableye, L88, M|231/231\n|move|p2a: Squawkabilly|Facade|p1a: Sableye\n|-immune|p1a: Sableye\n|\n|-damage|p2a: Squawkabilly|3/100 brn|[from] brn\n|upkeep\n|turn|22\n|inactive|Time left: 300 sec this turn | 300 sec total\n|\n|t:|1783560719\n|switch|p2a: Probopass|Probopass, L91, M|100/100\n|move|p1a: Sableye|Encore||[still]\n|-fail|p1a: Sableye\n|\n|upkeep\n|turn|23\n|inactive|Time left: 300 sec this turn | 300 sec total\n|\n|t:|1783560720\n|switch|p1a: Arboliva|Arboliva, L91, F, tera:Poison|131/290\n|move|p2a: Probopass|Flash Cannon|p1a: Arboliva\n|-crit|p1a: Arboliva\n|-damage|p1a: Arboliva|38/290\n|\n|-heal|p1a: Arboliva|56/290|[from] Grassy Terrain\n|-heal|p1a: Arboliva|74/290|[from] item: Leftovers\n|upkeep\n|turn|24\n|inactive|Time left: 300 sec this turn | 300 sec total\n|\n|t:|1783560721\n|move|p2a: Probopass|Power Gem|p1a: Arboliva\n|-damage|p1a: Arboliva|7/290\n|move|p1a: Arboliva|Strength Sap|p2a: Probopass\n|-unboost|p2a: Probopass|atk|1\n|-heal|p1a: Arboliva|112/290\n|\n|-heal|p1a: Arboliva|130/290|[from] Grassy Terrain\n|-heal|p1a: Arboliva|148/290|[from] item: Leftovers\n|-fieldend|move: Grassy Terrain\n|upkeep\n|turn|25\n|inactive|Time left: 300 sec this turn | 300 sec total\n|\n|t:|1783560722\n|move|p2a: Probopass|Power Gem|p1a: Arboliva\n|-damage|p1a: Arboliva|79/290\n|-fieldstart|move: Grassy Terrain|[from] ability: Seed Sower|[of] p1a: Arboliva\n|move|p1a: Arboliva|Strength Sap|p2a: Probopass\n|-unboost|p2a: Probopass|atk|1\n|-heal|p1a: Arboliva|149/290\n|\n|-heal|p1a: Arboliva|167/290|[from] Grassy Terrain\n|-heal|p1a: Arboliva|185/290|[from] item: Leftovers\n|upkeep\n|turn|26\n|inactive|Time left: 300 sec this turn | 300 sec total\n|\n|t:|1783560723\n|move|p2a: Probopass|Power Gem|p1a: Arboliva\n|-damage|p1a: Arboliva|119/290\n|move|p1a: Arboliva|Strength Sap|p2a: Probopass\n|-unboost|p2a: Probopass|atk|1\n|-heal|p1a: Arboliva|171/290\n|\n|-heal|p1a: Arboliva|189/290|[from] Grassy Terrain\n|-heal|p1a: Arboliva|207/290|[from] item: Leftovers\n|upkeep\n|turn|27\n|inactive|Time left: 300 sec this turn | 300 sec total\n|\n|t:|1783560724\n|switch|p2a: Luvdisc|Luvdisc, M|100/100\n|move|p1a: Arboliva|Earth Power|p2a: Luvdisc\n|-damage|p2a: Luvdisc|62/100\n|\n|-heal|p2a: Luvdisc|69/100|[from] Grassy Terrain\n|-heal|p1a: Arboliva|225/290|[from] Grassy Terrain\n|-heal|p1a: Arboliva|243/290|[from] item: Leftovers\n|upkeep\n|turn|28\n|inactive|Time left: 300 sec this turn | 300 sec total\n|\n|t:|1783560725\n|move|p2a: Luvdisc|Substitute|p2a: Luvdisc\n|-start|p2a: Luvdisc|Substitute\n|-damage|p2a: Luvdisc|44/100\n|move|p1a: Arboliva|Energy Ball|p2a: Luvdisc\n|-supereffective|p2a: Luvdisc\n|-end|p2a: Luvdisc|Substitute\n|\n|-heal|p2a: Luvdisc|50/100|[from] Grassy Terrain\n|-heal|p1a: Arboliva|261/290|[from] Grassy Terrain\n|-heal|p1a: Arboliva|279/290|[from] item: Leftovers\n|upkeep\n|turn|29\n|inactive|Time left: 300 sec this turn | 300 sec total\n|\n|t:|1783560726\n|move|p2a: Luvdisc|Endeavor|p1a: Arboliva\n|-damage|p1a: Arboliva|122/290\n|move|p1a: Arboliva|Energy Ball|p2a: Luvdisc\n|-supereffective|p2a: Luvdisc\n|-damage|p2a: Luvdisc|0 fnt\n|faint|p2a: Luvdisc\n|\n|-heal|p1a: Arboliva|140/290|[from] Grassy Terrain\n|-heal|p1a: Arboliva|158/290|[from] item: Leftovers\n|-fieldend|move: Grassy Terrain\n|upkeep\n|\n|t:|1783560727\n|switch|p2a: Squawkabilly|Squawkabilly-Blue, L85, M|3/100 brn\n|turn|30\n|inactive|Time left: 300 sec this turn | 300 sec total\n|\n|t:|1783560728\n|switch|p2a: Probopass|Probopass, L91, M|100/100\n|move|p1a: Arboliva|Earth Power|p2a: Probopass\n|-supereffective|p2a: Probopass\n|-damage|p2a: Probopass|9/100\n|-unboost|p2a: Probopass|spd|1\n|\n|-heal|p2a: Probopass|15/100|[from] item: Leftovers\n|-heal|p1a: Arboliva|176/290|[from] item: Leftovers\n|upkeep\n|turn|31\n|inactive|Time left: 300 sec this turn | 300 sec total\n|\n|t:|1783560729\n|switch|p2a: Squawkabilly|Squawkabilly-Blue, L85, M|3/100 brn\n|move|p1a: Arboliva|Energy Ball|p2a: Squawkabilly\n|-resisted|p2a: Squawkabilly\n|-damage|p2a: Squawkabilly|0 fnt\n|faint|p2a: Squawkabilly\n|\n|-heal|p1a: Arboliva|194/290|[from] item: Leftovers\n|upkeep\n|\n|t:|1783560730\n|switch|p2a: Probopass|Probopass, L91, M|15/100\n|turn|32\n|inactive|Time left: 300 sec this turn | 300 sec total\n|\n|t:|1783560731\n|move|p2a: Probopass|Iron Defense|p2a: Probopass\n|-boost|p2a: Probopass|def|2\n|move|p1a: Arboliva|Earth Power|p2a: Probopass\n|-supereffective|p2a: Probopass\n|-damage|p2a: Probopass|0 fnt\n|faint|p2a: Probopass\n|\n|win|p0x1852d3b8", "uploadtime": 1783560731, "views": 0, "rating": 0, "private": 0, "password": null, "_winner": "p0x1852d3b8", "_our_name": "p0x1852d3b8"}