{"id": "battle-gen9randombattle-72", "formatid": "gen9randombattle", "format": "[Gen 9] Random Battle", "players": ["p0x0729c51", "p0y072f9db"], "log": "|init|battle\n|title|p0x0729c51 vs. p0y072f9db\n|j|\u2606p0x0729c51\n|j|\u2606p0y072f9db\n|t:|1783534072\n|gametype|singles\n|player|p1|p0x0729c51|169|\n|player|p2|p0y072f9db|265|\n|gen|9\n|tier|[Gen 9] Random Battle\n|rule|Species Clause: Limit one of each Pok\u00e9mon\n|rule|HP Percentage Mod: HP is shown in percentages\n|rule|Sleep Clause Mod: Limit one foe put to sleep\n|rule|Illusion Level Mod: Illusion disguises the Pok\u00e9mon's true level\n|\n|t:|1783534072\n|teamsize|p1|6\n|teamsize|p2|6\n|start\n|switch|p1a: Zarude|Zarude, L77|288/288\n|switch|p2a: Perrserker|Perrserker, L89, F|100/100\n|turn|1\n|inactive|Battle timer is ON: inactive players will automatically lose when time's up. (requested by p0y072f9db)\n|inactive|Time left: 300 sec this turn | 300 sec total | 60 sec grace\n|inactive|p0x0729c51 also wants the timer to be on.\n|\n|t:|1783534073\n|switch|p1a: Moltres|Moltres, L81|278/278\n|move|p2a: Perrserker|U-turn|p1a: Moltres\n|-resisted|p1a: Moltres\n|-damage|p1a: Moltres|250/278\n|-status|p2a: Perrserker|brn|[from] ability: Flame Body|[of] p1a: Moltres\n|\n|t:|1783534075\n|switch|p2a: Ursaluna|Ursaluna, L79, F|100/100|[from] U-turn\n|\n|-status|p2a: Ursaluna|brn|[from] item: Flame Orb\n|upkeep\n|turn|2\n|inactive|Time left: 300 sec this turn | 300 sec total\n|\n|t:|1783534076\n|move|p1a: Moltres|Fire Blast|p2a: Ursaluna\n|-damage|p2a: Ursaluna|53/100 brn\n|move|p2a: Ursaluna|Facade|p1a: Moltres\n|-crit|p1a: Moltres\n|-damage|p1a: Moltres|0 fnt\n|faint|p1a: Moltres\n|\n|-damage|p2a: Ursaluna|47/100 brn|[from] brn\n|upkeep\n|inactive|Time left: 300 sec this turn | 300 sec total | 5 sec grace\n|\n|t:|1783534077\n|switch|p1a: Kricketune|Kricketune, L99, M|312/312\n|turn|3\n|inactive|Time left: 300 sec this turn | 300 sec total\n|\n|t:|1783534079\n|move|p1a: Kricketune|Sticky Web|p2a: Ursaluna\n|-sidestart|p2: p0y072f9db|move: Sticky Web\n|move|p2a: Ursaluna|Facade|p1a: Kricketune\n|-damage|p1a: Kricketune|0 fnt\n|faint|p1a: Kricketune\n|\n|-damage|p2a: Ursaluna|41/100 brn|[from] brn\n|upkeep\n|inactive|Time left: 300 sec this turn | 300 sec total | 5 sec grace\n|\n|t:|1783534080\n|switch|p1a: Zarude|Zarude, L77|288/288\n|turn|4\n|inactive|Time left: 300 sec this turn | 300 sec total\n|\n|t:|1783534081\n|switch|p2a: Perrserker|Perrserker, L89, F|100/100 brn\n|-activate|p2a: Perrserker|move: Sticky Web\n|-unboost|p2a: Perrserker|spe|1\n|move|p1a: Zarude|Knock Off|p2a: Perrserker\n|-damage|p2a: Perrserker|57/100 brn\n|-enditem|p2a: Perrserker|Choice Band|[from] move: Knock Off|[of] p1a: Zarude\n|-damage|p1a: Zarude|260/288|[from] item: Life Orb\n|\n|-damage|p2a: Perrserker|51/100 brn|[from] brn\n|upkeep\n|turn|5\n|inactive|Time left: 300 sec this turn | 300 sec total\n|\n|t:|1783534082\n|move|p1a: Zarude|Swords Dance|p1a: Zarude\n|-boost|p1a: Zarude|atk|2\n|move|p2a: Perrserker|Close Combat|p1a: Zarude\n|-supereffective|p1a: Zarude\n|-damage|p1a: Zarude|134/288\n|-unboost|p2a: Perrserker|def|1\n|-unboost|p2a: Perrserker|spd|1\n|\n|-damage|p2a: Perrserker|45/100 brn|[from] brn\n|upkeep\n|turn|6\n|inactive|Time left: 300 sec this turn | 300 sec total\n|\n|t:|1783534083\n|move|p1a: Zarude|Knock Off|p2a: Perrserker\n|-damage|p2a: Perrserker|0 fnt\n|faint|p2a: Perrserker\n|-damage|p1a: Zarude|106/288|[from] item: Life Orb\n|\n|upkeep\n|\n|t:|1783534083\n|switch|p2a: Hitmonchan|Hitmonchan, L87, M|100/100\n|-activate|p2a: Hitmonchan|move: Sticky Web\n|-unboost|p2a: Hitmonchan|spe|1\n|turn|7\n|inactive|Time left: 300 sec this turn | 300 sec total\n|\n|t:|1783534085\n|move|p2a: Hitmonchan|Mach Punch|p1a: Zarude\n|-supereffective|p1a: Zarude\n|-damage|p1a: Zarude|0 fnt\n|faint|p1a: Zarude\n|-damage|p2a: Hitmonchan|91/100|[from] item: Life Orb\n|\n|upkeep\n|inactive|Time left: 300 sec this turn | 300 sec total | 5 sec grace\n|\n|t:|1783534086\n|switch|p1a: Lilligant|Lilligant, L86, F|261/261\n|turn|8\n|inactive|Time left: 300 sec this turn | 300 sec total\n|\n|t:|1783534087\n|-terastallize|p1a: Lilligant|Grass\n|move|p1a: Lilligant|Petal Dance|p2a: Hitmonchan\n|-damage|p2a: Hitmonchan|0 fnt\n|faint|p2a: Hitmonchan\n|-damage|p1a: Lilligant|235/261|[from] item: Life Orb\n|\n|upkeep\n|\n|t:|1783534088\n|switch|p2a: Scovillain|Scovillain, L91, M|100/100\n|-activate|p2a: Scovillain|move: Sticky Web\n|-unboost|p2a: Scovillain|spe|1\n|turn|9\n|inactive|Time left: 300 sec this turn | 300 sec total\n|\n|t:|1783534089\n|move|p1a: Lilligant|Petal Dance|p2a: Scovillain|[from] lockedmove\n|-resisted|p2a: Scovillain\n|-damage|p2a: Scovillain|71/100\n|-damage|p1a: Lilligant|209/261|[from] item: Life Orb\n|move|p2a: Scovillain|Flamethrower|p1a: Lilligant\n|-supereffective|p1a: Lilligant\n|-damage|p1a: Lilligant|0 fnt\n|faint|p1a: Lilligant\n|\n|upkeep\n|inactive|Time left: 300 sec this turn | 300 sec total | 5 sec grace\n|\n|t:|1783534090\n|switch|p1a: Incineroar|Incineroar, L82, M|290/290\n|-ability|p1a: Incineroar|Intimidate|boost\n|-unboost|p2a: Scovillain|atk|1\n|turn|10\n|inactive|Time left: 300 sec this turn | 300 sec total\n|\n|t:|1783534091\n|switch|p2a: Stantler|Stantler, L92, F|100/100\n|-activate|p2a: Stantler|move: Sticky Web\n|-unboost|p2a: Stantler|spe|1\n|-ability|p2a: Stantler|Intimidate|boost\n|-unboost|p1a: Incineroar|atk|1\n|move|p1a: Incineroar|Knock Off|p2a: Stantler\n|-damage|p2a: Stantler|80/100\n|-enditem|p2a: Stantler|Eviolite|[from] move: Knock Off|[of] p1a: Incineroar\n|\n|upkeep\n|turn|11\n|inactive|Time left: 300 sec this turn | 300 sec total\n|\n|t:|1783534092\n|move|p1a: Incineroar|Knock Off|p2a: Stantler\n|-damage|p2a: Stantler|61/100\n|move|p2a: Stantler|Body Slam|p1a: Incineroar\n|-damage|p1a: Incineroar|181/290\n|\n|upkeep\n|turn|12\n|inactive|Time left: 300 sec this turn | 300 sec total\n|\n|t:|1783534093\n|move|p1a: Incineroar|U-turn|p2a: Stantler\n|-damage|p2a: Stantler|46/100\n|inactive|Time left: 300 sec this turn | 300 sec total | 5 sec grace\n|\n|t:|1783534094\n|switch|p1a: Spectrier|Spectrier, L75|274/274|[from] U-turn\n|move|p2a: Stantler|Earthquake|p1a: Spectrier\n|-damage|p1a: Spectrier|144/274\n|\n|upkeep\n|turn|13\n|inactive|Time left: 300 sec this turn | 300 sec total\n|\n|t:|1783534095\n|move|p1a: Spectrier|Will-O-Wisp|p2a: Stantler\n|-status|p2a: Stantler|brn\n|move|p2a: Stantler|Throat Chop|p1a: Spectrier\n|-supereffective|p1a: Spectrier\n|-damage|p1a: Spectrier|42/274\n|-start|p1a: Spectrier|Throat Chop|[silent]\n|\n|-damage|p2a: Stantler|40/100 brn|[from] brn\n|upkeep\n|turn|14\n|inactive|Time left: 300 sec this turn | 300 sec total\n|\n|t:|1783534096\n|switch|p1a: Incineroar|Incineroar, L82, M|181/290\n|-ability|p1a: Incineroar|Intimidate|boost\n|-unboost|p2a: Stantler|atk|1\n|move|p2a: Stantler|Earthquake|p1a: Incineroar\n|-supereffective|p1a: Incineroar\n|-damage|p1a: Incineroar|125/290\n|\n|-damage|p2a: Stantler|34/100 brn|[from] brn\n|upkeep\n|turn|15\n|inactive|Time left: 300 sec this turn | 300 sec total\n|\n|t:|1783534097\n|move|p1a: Incineroar|Knock Off|p2a: Stantler\n|-damage|p2a: Stantler|2/100 brn\n|move|p2a: Stantler|Throat Chop|p1a: Incineroar\n|-resisted|p1a: Incineroar\n|-damage|p1a: Incineroar|115/290\n|-start|p1a: Incineroar|Throat Chop|[silent]\n|\n|-damage|p2a: Stantler|0 fnt|[from] brn\n|faint|p2a: Stantler\n|upkeep\n|\n|t:|1783534098\n|switch|p2a: Dugtrio|Dugtrio, L84, F|100/100\n|-activate|p2a: Dugtrio|move: Sticky Web\n|-unboost|p2a: Dugtrio|spe|1\n|turn|16\n|inactive|Time left: 300 sec this turn | 300 sec total\n|\n|t:|1783534099\n|-terastallize|p2a: Dugtrio|Flying\n|move|p2a: Dugtrio|Earthquake|p1a: Incineroar\n|-supereffective|p1a: Incineroar\n|-damage|p1a: Incineroar|0 fnt\n|faint|p1a: Incineroar\n|-damage|p2a: Dugtrio|91/100|[from] item: Life Orb\n|\n|upkeep\n|inactive|Time left: 300 sec this turn | 300 sec total | 5 sec grace\n|\n|t:|1783534100\n|switch|p1a: Spectrier|Spectrier, L75|42/274\n|turn|17\n|inactive|Time left: 300 sec this turn | 300 sec total\n|\n|t:|1783534101\n|move|p1a: Spectrier|Will-O-Wisp|p2a: Dugtrio\n|-status|p2a: Dugtrio|brn\n|move|p2a: Dugtrio|Earthquake|p1a: Spectrier\n|-damage|p1a: Spectrier|0 fnt\n|faint|p1a: Spectrier\n|-damage|p2a: Dugtrio|81/100 brn|[from] item: Life Orb\n|\n|win|p0y072f9db", "uploadtime": 1783534101, "views": 0, "rating": 0, "private": 0, "password": null, "_winner": "p0y072f9db", "_our_name": "p0x0729c51"}