{"id": "battle-gen9randombattle-1559", "formatid": "gen9randombattle", "format": "[Gen 9] Random Battle", "players": ["p0x15591042", "p0y1559cd7a"], "log": "|init|battle\n|title|p0x15591042 vs. p0y1559cd7a\n|j|\u2606p0x15591042\n|j|\u2606p0y1559cd7a\n|t:|1783558095\n|gametype|singles\n|player|p1|p0x15591042|266|\n|player|p2|p0y1559cd7a|101|\n|gen|9\n|tier|[Gen 9] Random Battle\n|rule|Species Clause: Limit one of each Pok\u00e9mon\n|rule|HP Percentage Mod: HP is shown in percentages\n|rule|Sleep Clause Mod: Limit one foe put to sleep\n|rule|Illusion Level Mod: Illusion disguises the Pok\u00e9mon's true level\n|\n|t:|1783558095\n|teamsize|p1|6\n|teamsize|p2|6\n|start\n|switch|p1a: Drednaw|Drednaw, L81, F|100/100\n|switch|p2a: Shiftry|Shiftry, L89, F|305/305\n|turn|1\n|inactive|Battle timer is ON: inactive players will automatically lose when time's up. (requested by p0y1559cd7a)\n|inactive|p0x15591042 also wants the timer to be on.\n|\n|t:|1783558096\n|switch|p1a: Kricketune|Kricketune, L99, F|100/100\n|move|p2a: Shiftry|Leaf Blade|p1a: Kricketune\n|-resisted|p1a: Kricketune\n|-damage|p1a: Kricketune|74/100\n|-damage|p2a: Shiftry|275/305|[from] item: Life Orb\n|\n|upkeep\n|turn|2\n|inactive|Time left: 300 sec this turn | 300 sec total\n|\n|t:|1783558097\n|-terastallize|p2a: Shiftry|Dark\n|move|p2a: Shiftry|Knock Off|p1a: Kricketune\n|-damage|p1a: Kricketune|0 fnt\n|-enditem|p1a: Kricketune|Heavy-Duty Boots|[from] move: Knock Off|[of] p2a: Shiftry\n|faint|p1a: Kricketune\n|-damage|p2a: Shiftry|245/305|[from] item: Life Orb\n|\n|upkeep\n|\n|t:|1783558098\n|switch|p1a: Pincurchin|Pincurchin, F|100/100\n|-fieldstart|move: Electric Terrain|[from] ability: Electric Surge|[of] p1a: Pincurchin\n|turn|3\n|inactive|Time left: 300 sec this turn | 300 sec total\n|\n|t:|1783558099\n|move|p2a: Shiftry|Knock Off|p1a: Pincurchin\n|-damage|p1a: Pincurchin|42/100\n|-enditem|p1a: Pincurchin|Leftovers|[from] move: Knock Off|[of] p2a: Shiftry\n|-damage|p2a: Shiftry|215/305|[from] item: Life Orb\n|move|p1a: Pincurchin|Zing Zap|p2a: Shiftry\n|-damage|p2a: Shiftry|10/305\n|\n|upkeep\n|turn|4\n|inactive|Time left: 300 sec this turn | 300 sec total\n|\n|t:|1783558100\n|move|p2a: Shiftry|Leaf Blade|p1a: Pincurchin\n|-damage|p1a: Pincurchin|0 fnt\n|faint|p1a: Pincurchin\n|-damage|p2a: Shiftry|0 fnt|[from] item: Life Orb\n|faint|p2a: Shiftry\n|\n|upkeep\n|inactive|Time left: 300 sec this turn | 300 sec total | 5 sec grace\n|\n|t:|1783558101\n|switch|p2a: Iron Crown|Iron Crown, L78|268/268\n|switch|p1a: Drednaw|Drednaw, L81, F|100/100\n|-activate|p2a: Iron Crown|ability: Quark Drive\n|-start|p2a: Iron Crown|quarkdrivespa\n|turn|5\n|inactive|Time left: 300 sec this turn | 300 sec total\n|\n|t:|1783558102\n|-terastallize|p1a: Drednaw|Ground\n|move|p2a: Iron Crown|Tachyon Cutter|p1a: Drednaw\n|-damage|p1a: Drednaw|50/100\n|-damage|p1a: Drednaw|0 fnt\n|faint|p1a: Drednaw\n|-hitcount|p1: Drednaw|2\n|\n|upkeep\n|\n|t:|1783558103\n|switch|p1a: Lanturn|Lanturn, L89, F|100/100\n|turn|6\n|inactive|Time left: 300 sec this turn | 300 sec total\n|\n|t:|1783558104\n|move|p2a: Iron Crown|Tachyon Cutter|p1a: Lanturn\n|-resisted|p1a: Lanturn\n|-damage|p1a: Lanturn|93/100\n|-resisted|p1a: Lanturn\n|-damage|p1a: Lanturn|86/100\n|-hitcount|p1a: Lanturn|2\n|move|p1a: Lanturn|Thunderbolt|p2a: Iron Crown\n|-damage|p2a: Iron Crown|169/268\n|\n|upkeep\n|turn|7\n|inactive|Time left: 300 sec this turn | 300 sec total\n|\n|t:|1783558105\n|-end|p2a: Iron Crown|Quark Drive|[silent]\n|switch|p2a: Eternatus|Eternatus, L69|308/308\n|-ability|p2a: Eternatus|Pressure\n|move|p1a: Lanturn|Scald|p2a: Eternatus\n|-resisted|p2a: Eternatus\n|-damage|p2a: Eternatus|260/308\n|\n|-fieldend|move: Electric Terrain\n|upkeep\n|turn|8\n|inactive|Time left: 300 sec this turn | 300 sec total\n|\n|t:|1783558107\n|move|p2a: Eternatus|Dynamax Cannon|p1a: Lanturn\n|-damage|p1a: Lanturn|58/100\n|move|p1a: Lanturn|Thunder Wave|p2a: Eternatus\n|-status|p2a: Eternatus|par\n|\n|upkeep\n|turn|9\n|inactive|Time left: 300 sec this turn | 300 sec total\n|\n|t:|1783558108\n|move|p1a: Lanturn|Volt Switch|p2a: Eternatus\n|-resisted|p2a: Eternatus\n|-damage|p2a: Eternatus|219/308 par\n|\n|t:|1783558108\n|switch|p1a: Glaceon|Glaceon, L94, F|100/100|[from] Volt Switch\n|move|p2a: Eternatus|Dynamax Cannon|p1a: Glaceon\n|-damage|p1a: Glaceon|70/100\n|\n|upkeep\n|turn|10\n|inactive|Time left: 300 sec this turn | 300 sec total\n|\n|t:|1783558109\n|switch|p2a: Magcargo|Magcargo, L95, M|268/268\n|move|p1a: Glaceon|Freeze-Dry|p2a: Magcargo\n|-resisted|p2a: Magcargo\n|-damage|p2a: Magcargo|213/268\n|\n|upkeep\n|turn|11\n|inactive|Time left: 300 sec this turn | 300 sec total\n|\n|t:|1783558110\n|switch|p1a: Lanturn|Lanturn, L89, F|58/100\n|move|p2a: Magcargo|Shell Smash|p2a: Magcargo\n|-unboost|p2a: Magcargo|def|1\n|-unboost|p2a: Magcargo|spd|1\n|-boost|p2a: Magcargo|atk|2\n|-boost|p2a: Magcargo|spa|2\n|-boost|p2a: Magcargo|spe|2\n|\n|upkeep\n|turn|12\n|inactive|Time left: 300 sec this turn | 300 sec total\n|\n|t:|1783558111\n|switch|p1a: Cryogonal|Cryogonal, L89|100/100\n|move|p2a: Magcargo|Earth Power|p1a: Cryogonal\n|-immune|p1a: Cryogonal|[from] ability: Levitate\n|\n|upkeep\n|turn|13\n|inactive|Time left: 300 sec this turn | 300 sec total\n|\n|t:|1783558112\n|move|p1a: Cryogonal|Haze|p1a: Cryogonal\n|-clearallboost\n|move|p2a: Magcargo|Fire Blast|p1a: Cryogonal|[miss]\n|-miss|p2a: Magcargo|p1a: Cryogonal\n|\n|upkeep\n|turn|14\n|inactive|Time left: 300 sec this turn | 300 sec total\n|\n|t:|1783558113\n|move|p1a: Cryogonal|Freeze-Dry|p2a: Magcargo\n|-resisted|p2a: Magcargo\n|-damage|p2a: Magcargo|175/268\n|move|p2a: Magcargo|Shell Smash|p2a: Magcargo\n|-unboost|p2a: Magcargo|def|1\n|-unboost|p2a: Magcargo|spd|1\n|-boost|p2a: Magcargo|atk|2\n|-boost|p2a: Magcargo|spa|2\n|-boost|p2a: Magcargo|spe|2\n|\n|upkeep\n|turn|15\n|inactive|Time left: 300 sec this turn | 300 sec total\n|\n|t:|1783558114\n|move|p1a: Cryogonal|Haze|p1a: Cryogonal\n|-clearallboost\n|move|p2a: Magcargo|Shell Smash|p2a: Magcargo\n|-unboost|p2a: Magcargo|def|1\n|-unboost|p2a: Magcargo|spd|1\n|-boost|p2a: Magcargo|atk|2\n|-boost|p2a: Magcargo|spa|2\n|-boost|p2a: Magcargo|spe|2\n|\n|upkeep\n|turn|16\n|inactive|Time left: 300 sec this turn | 300 sec total\n|\n|t:|1783558115\n|move|p1a: Cryogonal|Haze|p1a: Cryogonal\n|-clearallboost\n|move|p2a: Magcargo|Fire Blast|p1a: Cryogonal\n|-supereffective|p1a: Cryogonal\n|-damage|p1a: Cryogonal|38/100\n|\n|upkeep\n|turn|17\n|inactive|Time left: 300 sec this turn | 300 sec total\n|\n|t:|1783558116\n|move|p1a: Cryogonal|Recover|p1a: Cryogonal\n|-heal|p1a: Cryogonal|88/100\n|move|p2a: Magcargo|Shell Smash|p2a: Magcargo\n|-unboost|p2a: Magcargo|def|1\n|-unboost|p2a: Magcargo|spd|1\n|-boost|p2a: Magcargo|atk|2\n|-boost|p2a: Magcargo|spa|2\n|-boost|p2a: Magcargo|spe|2\n|\n|upkeep\n|turn|18\n|inactive|Time left: 300 sec this turn | 300 sec total\n|\n|t:|1783558117\n|move|p1a: Cryogonal|Haze|p1a: Cryogonal\n|-clearallboost\n|move|p2a: Magcargo|Shell Smash|p2a: Magcargo\n|-unboost|p2a: Magcargo|def|1\n|-unboost|p2a: Magcargo|spd|1\n|-boost|p2a: Magcargo|atk|2\n|-boost|p2a: Magcargo|spa|2\n|-boost|p2a: Magcargo|spe|2\n|\n|upkeep\n|turn|19\n|inactive|Time left: 300 sec this turn | 300 sec total\n|\n|t:|1783558118\n|move|p1a: Cryogonal|Haze|p1a: Cryogonal\n|-clearallboost\n|move|p2a: Magcargo|Shell Smash|p2a: Magcargo\n|-unboost|p2a: Magcargo|def|1\n|-unboost|p2a: Magcargo|spd|1\n|-boost|p2a: Magcargo|atk|2\n|-boost|p2a: Magcargo|spa|2\n|-boost|p2a: Magcargo|spe|2\n|\n|upkeep\n|turn|20\n|inactive|Time left: 300 sec this turn | 300 sec total\n|\n|t:|1783558119\n|move|p1a: Cryogonal|Haze|p1a: Cryogonal\n|-clearallboost\n|move|p2a: Magcargo|Shell Smash|p2a: Magcargo\n|-unboost|p2a: Magcargo|def|1\n|-unboost|p2a: Magcargo|spd|1\n|-boost|p2a: Magcargo|atk|2\n|-boost|p2a: Magcargo|spa|2\n|-boost|p2a: Magcargo|spe|2\n|\n|upkeep\n|turn|21\n|inactive|Time left: 300 sec this turn | 300 sec total\n|\n|t:|1783558120\n|move|p1a: Cryogonal|Haze|p1a: Cryogonal\n|-clearallboost\n|move|p2a: Magcargo|Power Gem|p1a: Cryogonal\n|-supereffective|p1a: Cryogonal\n|-damage|p1a: Cryogonal|39/100\n|\n|upkeep\n|turn|22\n|inactive|Time left: 300 sec this turn | 300 sec total\n|\n|t:|1783558121\n|move|p1a: Cryogonal|Recover|p1a: Cryogonal\n|-heal|p1a: Cryogonal|89/100\n|move|p2a: Magcargo|Shell Smash|p2a: Magcargo\n|-unboost|p2a: Magcargo|def|1\n|-unboost|p2a: Magcargo|spd|1\n|-boost|p2a: Magcargo|atk|2\n|-boost|p2a: Magcargo|spa|2\n|-boost|p2a: Magcargo|spe|2\n|\n|upkeep\n|turn|23\n|inactive|Time left: 300 sec this turn | 300 sec total\n|\n|t:|1783558122\n|move|p1a: Cryogonal|Haze|p1a: Cryogonal\n|-clearallboost\n|move|p2a: Magcargo|Power Gem|p1a: Cryogonal\n|-supereffective|p1a: Cryogonal\n|-damage|p1a: Cryogonal|39/100\n|\n|upkeep\n|turn|24\n|inactive|Time left: 300 sec this turn | 300 sec total\n|\n|t:|1783558123\n|move|p1a: Cryogonal|Recover|p1a: Cryogonal\n|-heal|p1a: Cryogonal|89/100\n|move|p2a: Magcargo|Shell Smash|p2a: Magcargo\n|-unboost|p2a: Magcargo|def|1\n|-unboost|p2a: Magcargo|spd|1\n|-boost|p2a: Magcargo|atk|2\n|-boost|p2a: Magcargo|spa|2\n|-boost|p2a: Magcargo|spe|2\n|\n|upkeep\n|turn|25\n|inactive|Time left: 300 sec this turn | 300 sec total\n|\n|t:|1783558123\n|move|p1a: Cryogonal|Haze|p1a: Cryogonal\n|-clearallboost\n|move|p2a: Magcargo|Shell Smash|p2a: Magcargo\n|-unboost|p2a: Magcargo|def|1\n|-unboost|p2a: Magcargo|spd|1\n|-boost|p2a: Magcargo|atk|2\n|-boost|p2a: Magcargo|spa|2\n|-boost|p2a: Magcargo|spe|2\n|\n|upkeep\n|turn|26\n|inactive|Time left: 300 sec this turn | 300 sec total\n|\n|t:|1783558124\n|move|p1a: Cryogonal|Haze|p1a: Cryogonal\n|-clearallboost\n|move|p2a: Magcargo|Power Gem|p1a: Cryogonal\n|-supereffective|p1a: Cryogonal\n|-damage|p1a: Cryogonal|45/100\n|\n|upkeep\n|turn|27\n|inactive|Time left: 300 sec this turn | 300 sec total\n|\n|t:|1783558125\n|move|p1a: Cryogonal|Recover|p1a: Cryogonal\n|-heal|p1a: Cryogonal|95/100\n|move|p2a: Magcargo|Shell Smash|p2a: Magcargo\n|-unboost|p2a: Magcargo|def|1\n|-unboost|p2a: Magcargo|spd|1\n|-boost|p2a: Magcargo|atk|2\n|-boost|p2a: Magcargo|spa|2\n|-boost|p2a: Magcargo|spe|2\n|\n|upkeep\n|turn|28\n|inactive|Time left: 300 sec this turn | 300 sec total\n|\n|t:|1783558126\n|move|p1a: Cryogonal|Haze|p1a: Cryogonal\n|-clearallboost\n|move|p2a: Magcargo|Shell Smash|p2a: Magcargo\n|-unboost|p2a: Magcargo|def|1\n|-unboost|p2a: Magcargo|spd|1\n|-boost|p2a: Magcargo|atk|2\n|-boost|p2a: Magcargo|spa|2\n|-boost|p2a: Magcargo|spe|2\n|\n|upkeep\n|turn|29\n|inactive|Time left: 300 sec this turn | 300 sec total\n|\n|t:|1783558127\n|move|p1a: Cryogonal|Haze|p1a: Cryogonal\n|-clearallboost\n|move|p2a: Magcargo|Shell Smash|p2a: Magcargo\n|-unboost|p2a: Magcargo|def|1\n|-unboost|p2a: Magcargo|spd|1\n|-boost|p2a: Magcargo|atk|2\n|-boost|p2a: Magcargo|spa|2\n|-boost|p2a: Magcargo|spe|2\n|\n|upkeep\n|turn|30\n|inactive|Time left: 300 sec this turn | 300 sec total\n|\n|t:|1783558128\n|move|p1a: Cryogonal|Haze|p1a: Cryogonal\n|-clearallboost\n|move|p2a: Magcargo|Shell Smash|p2a: Magcargo\n|-unboost|p2a: Magcargo|def|1\n|-unboost|p2a: Magcargo|spd|1\n|-boost|p2a: Magcargo|atk|2\n|-boost|p2a: Magcargo|spa|2\n|-boost|p2a: Magcargo|spe|2\n|\n|upkeep\n|turn|31\n|inactive|Time left: 300 sec this turn | 300 sec total\n|\n|t:|1783558129\n|move|p1a: Cryogonal|Haze|p1a: Cryogonal\n|-clearallboost\n|move|p2a: Magcargo|Shell Smash|p2a: Magcargo\n|-unboost|p2a: Magcargo|def|1\n|-unboost|p2a: Magcargo|spd|1\n|-boost|p2a: Magcargo|atk|2\n|-boost|p2a: Magcargo|spa|2\n|-boost|p2a: Magcargo|spe|2\n|\n|upkeep\n|turn|32\n|inactive|Time left: 300 sec this turn | 300 sec total\n|\n|t:|1783558130\n|move|p1a: Cryogonal|Haze|p1a: Cryogonal\n|-clearallboost\n|move|p2a: Magcargo|Shell Smash|p2a: Magcargo\n|-unboost|p2a: Magcargo|def|1\n|-unboost|p2a: Magcargo|spd|1\n|-boost|p2a: Magcargo|atk|2\n|-boost|p2a: Magcargo|spa|2\n|-boost|p2a: Magcargo|spe|2\n|\n|upkeep\n|turn|33\n|inactive|Time left: 300 sec this turn | 300 sec total\n|\n|t:|1783558131\n|move|p1a: Cryogonal|Haze|p1a: Cryogonal\n|-clearallboost\n|move|p2a: Magcargo|Shell Smash|p2a: Magcargo\n|-unboost|p2a: Magcargo|def|1\n|-unboost|p2a: Magcargo|spd|1\n|-boost|p2a: Magcargo|atk|2\n|-boost|p2a: Magcargo|spa|2\n|-boost|p2a: Magcargo|spe|2\n|\n|upkeep\n|turn|34\n|inactive|Time left: 300 sec this turn | 300 sec total\n|\n|t:|1783558132\n|move|p1a: Cryogonal|Haze|p1a: Cryogonal\n|-clearallboost\n|move|p2a: Magcargo|Power Gem|p1a: Cryogonal\n|-supereffective|p1a: Cryogonal\n|-damage|p1a: Cryogonal|49/100\n|\n|upkeep\n|turn|35\n|inactive|Time left: 300 sec this turn | 300 sec total\n|\n|t:|1783558133\n|move|p1a: Cryogonal|Recover|p1a: Cryogonal\n|-heal|p1a: Cryogonal|99/100\n|move|p2a: Magcargo|Shell Smash|p2a: Magcargo\n|-unboost|p2a: Magcargo|def|1\n|-unboost|p2a: Magcargo|spd|1\n|-boost|p2a: Magcargo|atk|2\n|-boost|p2a: Magcargo|spa|2\n|-boost|p2a: Magcargo|spe|2\n|\n|upkeep\n|turn|36\n|inactive|Time left: 300 sec this turn | 300 sec total\n|\n|t:|1783558134\n|move|p1a: Cryogonal|Haze|p1a: Cryogonal\n|-clearallboost\n|move|p2a: Magcargo|Shell Smash|p2a: Magcargo\n|-unboost|p2a: Magcargo|def|1\n|-unboost|p2a: Magcargo|spd|1\n|-boost|p2a: Magcargo|atk|2\n|-boost|p2a: Magcargo|spa|2\n|-boost|p2a: Magcargo|spe|2\n|\n|upkeep\n|turn|37\n|inactive|Time left: 300 sec this turn | 300 sec total\n|\n|t:|1783558134\n|move|p1a: Cryogonal|Haze|p1a: Cryogonal\n|-clearallboost\n|move|p2a: Magcargo|Shell Smash|p2a: Magcargo\n|-unboost|p2a: Magcargo|def|1\n|-unboost|p2a: Magcargo|spd|1\n|-boost|p2a: Magcargo|atk|2\n|-boost|p2a: Magcargo|spa|2\n|-boost|p2a: Magcargo|spe|2\n|\n|upkeep\n|turn|38\n|inactive|Time left: 300 sec this turn | 300 sec total\n|\n|t:|1783558135\n|move|p1a: Cryogonal|Haze|p1a: Cryogonal\n|-clearallboost\n|move|p2a: Magcargo|Power Gem|p1a: Cryogonal\n|-supereffective|p1a: Cryogonal\n|-damage|p1a: Cryogonal|51/100\n|\n|upkeep\n|turn|39\n|inactive|Time left: 300 sec this turn | 300 sec total\n|\n|t:|1783558136\n|move|p1a: Cryogonal|Recover|p1a: Cryogonal\n|-heal|p1a: Cryogonal|100/100\n|move|p2a: Magcargo|Shell Smash|p2a: Magcargo\n|-unboost|p2a: Magcargo|def|1\n|-unboost|p2a: Magcargo|spd|1\n|-boost|p2a: Magcargo|atk|2\n|-boost|p2a: Magcargo|spa|2\n|-boost|p2a: Magcargo|spe|2\n|\n|upkeep\n|turn|40\n|inactive|Time left: 300 sec this turn | 300 sec total\n|\n|t:|1783558137\n|move|p1a: Cryogonal|Haze|p1a: Cryogonal\n|-clearallboost\n|move|p2a: Magcargo|Shell Smash|p2a: Magcargo\n|-unboost|p2a: Magcargo|def|1\n|-unboost|p2a: Magcargo|spd|1\n|-boost|p2a: Magcargo|atk|2\n|-boost|p2a: Magcargo|spa|2\n|-boost|p2a: Magcargo|spe|2\n|\n|upkeep\n|turn|41\n|inactive|Time left: 300 sec this turn | 300 sec total\n|\n|t:|1783558138\n|move|p1a: Cryogonal|Haze|p1a: Cryogonal\n|-clearallboost\n|move|p2a: Magcargo|Power Gem|p1a: Cryogonal\n|-supereffective|p1a: Cryogonal\n|-damage|p1a: Cryogonal|50/100\n|\n|upkeep\n|turn|42\n|inactive|Time left: 300 sec this turn | 300 sec total\n|\n|t:|1783558139\n|move|p1a: Cryogonal|Recover|p1a: Cryogonal\n|-heal|p1a: Cryogonal|99/100\n|move|p2a: Magcargo|Shell Smash|p2a: Magcargo\n|-unboost|p2a: Magcargo|def|1\n|-unboost|p2a: Magcargo|spd|1\n|-boost|p2a: Magcargo|atk|2\n|-boost|p2a: Magcargo|spa|2\n|-boost|p2a: Magcargo|spe|2\n|\n|upkeep\n|turn|43\n|inactive|Time left: 300 sec this turn | 300 sec total\n|\n|t:|1783558140\n|move|p1a: Cryogonal|Haze|p1a: Cryogonal\n|-clearallboost\n|move|p2a: Magcargo|Power Gem|p1a: Cryogonal\n|-supereffective|p1a: Cryogonal\n|-damage|p1a: Cryogonal|53/100\n|\n|upkeep\n|turn|44\n|inactive|Time left: 300 sec this turn | 300 sec total\n|\n|t:|1783558141\n|move|p1a: Cryogonal|Recover|p1a: Cryogonal\n|-heal|p1a: Cryogonal|100/100\n|move|p2a: Magcargo|Shell Smash|p2a: Magcargo\n|-unboost|p2a: Magcargo|def|1\n|-unboost|p2a: Magcargo|spd|1\n|-boost|p2a: Magcargo|atk|2\n|-boost|p2a: Magcargo|spa|2\n|-boost|p2a: Magcargo|spe|2\n|\n|upkeep\n|turn|45\n|inactive|Time left: 300 sec this turn | 300 sec total\n|\n|t:|1783558142\n|move|p1a: Cryogonal|Haze|p1a: Cryogonal\n|-clearallboost\n|move|p2a: Magcargo|Fire Blast|p1a: Cryogonal|[miss]\n|-miss|p2a: Magcargo|p1a: Cryogonal\n|\n|upkeep\n|turn|46\n|inactive|Time left: 300 sec this turn | 300 sec total\n|\n|t:|1783558143\n|switch|p1a: Lanturn|Lanturn, L89, F|58/100\n|move|p2a: Magcargo|Power Gem|p1a: Lanturn\n|-damage|p1a: Lanturn|27/100\n|\n|upkeep\n|turn|47\n|inactive|Time left: 300 sec this turn | 300 sec total\n|\n|t:|1783558144\n|switch|p2a: Eternatus|Eternatus, L69|219/308 par\n|-ability|p2a: Eternatus|Pressure\n|move|p1a: Lanturn|Scald|p2a: Eternatus\n|-resisted|p2a: Eternatus\n|-damage|p2a: Eternatus|170/308 par\n|\n|upkeep\n|turn|48\n|inactive|Time left: 300 sec this turn | 300 sec total\n|\n|t:|1783558146\n|move|p1a: Lanturn|Scald|p2a: Eternatus\n|-resisted|p2a: Eternatus\n|-damage|p2a: Eternatus|128/308 par\n|move|p2a: Eternatus|Recover|p2a: Eternatus\n|-heal|p2a: Eternatus|282/308 par\n|\n|upkeep\n|turn|49\n|inactive|Time left: 300 sec this turn | 300 sec total\n|\n|t:|1783558147\n|move|p1a: Lanturn|Volt Switch|p2a: Eternatus\n|-resisted|p2a: Eternatus\n|-damage|p2a: Eternatus|243/308 par\n|\n|t:|1783558148\n|switch|p1a: Glaceon|Glaceon, L94, F|70/100|[from] Volt Switch\n|move|p2a: Eternatus|Dynamax Cannon|p1a: Glaceon\n|-damage|p1a: Glaceon|37/100\n|\n|upkeep\n|turn|50\n|inactive|Time left: 300 sec this turn | 300 sec total\n|\n|t:|1783558149\n|switch|p2a: Iron Crown|Iron Crown, L78|169/268\n|move|p1a: Glaceon|Freeze-Dry|p2a: Iron Crown\n|-resisted|p2a: Iron Crown\n|-damage|p2a: Iron Crown|115/268\n|\n|upkeep\n|turn|51\n|inactive|Time left: 300 sec this turn | 300 sec total\n|\n|t:|1783558149\n|move|p1a: Glaceon|Protect|p1a: Glaceon\n|-singleturn|p1a: Glaceon|Protect\n|move|p2a: Iron Crown|Tachyon Cutter|p1a: Glaceon\n|-activate|p1a: Glaceon|move: Protect\n|\n|upkeep\n|turn|52\n|inactive|Time left: 300 sec this turn | 300 sec total\n|\n|t:|1783558150\n|switch|p1a: Lanturn|Lanturn, L89, F|27/100\n|move|p2a: Iron Crown|Tachyon Cutter|p1a: Lanturn\n|-resisted|p1a: Lanturn\n|-damage|p1a: Lanturn|20/100\n|-resisted|p1a: Lanturn\n|-crit|p1a: Lanturn\n|-damage|p1a: Lanturn|11/100\n|-hitcount|p1a: Lanturn|2\n|\n|upkeep\n|turn|53\n|inactive|Time left: 300 sec this turn | 300 sec total\n|\n|t:|1783558151\n|move|p2a: Iron Crown|Tachyon Cutter|p1a: Lanturn\n|-resisted|p1a: Lanturn\n|-damage|p1a: Lanturn|6/100\n|-resisted|p1a: Lanturn\n|-crit|p1a: Lanturn\n|-damage|p1a: Lanturn|0 fnt\n|faint|p1a: Lanturn\n|-hitcount|p1: Lanturn|2\n|\n|upkeep\n|\n|t:|1783558152\n|switch|p1a: Glaceon|Glaceon, L94, F|37/100\n|turn|54\n|inactive|Time left: 300 sec this turn | 300 sec total\n|\n|t:|1783558153\n|move|p1a: Glaceon|Protect|p1a: Glaceon\n|-singleturn|p1a: Glaceon|Protect\n|move|p2a: Iron Crown|Tachyon Cutter|p1a: Glaceon\n|-activate|p1a: Glaceon|move: Protect\n|\n|upkeep\n|turn|55\n|inactive|Time left: 300 sec this turn | 300 sec total\n|\n|t:|1783558154\n|move|p1a: Glaceon|Protect||[still]\n|-fail|p1a: Glaceon\n|move|p2a: Iron Crown|Tachyon Cutter|p1a: Glaceon\n|-supereffective|p1a: Glaceon\n|-damage|p1a: Glaceon|0 fnt\n|faint|p1a: Glaceon\n|-hitcount|p1: Glaceon|1\n|\n|upkeep\n|\n|t:|1783558155\n|switch|p1a: Cryogonal|Cryogonal, L89|100/100\n|turn|56\n|inactive|Time left: 300 sec this turn | 300 sec total\n|\n|t:|1783558156\n|move|p1a: Cryogonal|Freeze-Dry|p2a: Iron Crown\n|-resisted|p2a: Iron Crown\n|-damage|p2a: Iron Crown|79/268\n|move|p2a: Iron Crown|Tachyon Cutter|p1a: Cryogonal\n|-supereffective|p1a: Cryogonal\n|-damage|p1a: Cryogonal|64/100\n|-supereffective|p1a: Cryogonal\n|-damage|p1a: Cryogonal|25/100\n|-hitcount|p1a: Cryogonal|2\n|\n|upkeep\n|turn|57\n|inactive|Time left: 300 sec this turn | 300 sec total\n|\n|t:|1783558156\n|move|p1a: Cryogonal|Freeze-Dry|p2a: Iron Crown\n|-resisted|p2a: Iron Crown\n|-damage|p2a: Iron Crown|40/268\n|move|p2a: Iron Crown|Tachyon Cutter|p1a: Cryogonal\n|-supereffective|p1a: Cryogonal\n|-damage|p1a: Cryogonal|0 fnt\n|faint|p1a: Cryogonal\n|-hitcount|p1: Cryogonal|1\n|\n|win|p0y1559cd7a", "uploadtime": 1783558156, "views": 0, "rating": 0, "private": 0, "password": null, "_winner": "p0y1559cd7a", "_our_name": "p0y1559cd7a"}