{"id": "battle-gen9randombattle-708", "formatid": "gen9randombattle", "format": "[Gen 9] Random Battle", "players": ["p0x7087a30", "p0y708ac61"], "log": "|init|battle\n|title|p0x7087a30 vs. p0y708ac61\n|j|\u2606p0x7087a30\n|j|\u2606p0y708ac61\n|t:|1783547324\n|gametype|singles\n|player|p1|p0x7087a30|1|\n|player|p2|p0y708ac61|170|\n|gen|9\n|tier|[Gen 9] Random Battle\n|rule|Species Clause: Limit one of each Pok\u00e9mon\n|rule|HP Percentage Mod: HP is shown in percentages\n|rule|Sleep Clause Mod: Limit one foe put to sleep\n|rule|Illusion Level Mod: Illusion disguises the Pok\u00e9mon's true level\n|\n|t:|1783547324\n|teamsize|p1|6\n|teamsize|p2|6\n|start\n|switch|p1a: Archaludon|Archaludon, L78, F|100/100\n|switch|p2a: Porygon2|Porygon2, L81|270/270\n|-ability|p2a: Porygon2|Download|boost\n|-boost|p2a: Porygon2|spa|1\n|turn|1\n|inactive|Battle timer is ON: inactive players will automatically lose when time's up. (requested by p0x7087a30)\n|inactive|Time left: 300 sec this turn | 300 sec total | 60 sec grace\n|inactive|p0y708ac61 also wants the timer to be on.\n|\n|t:|1783547326\n|move|p1a: Archaludon|Stealth Rock|p2a: Porygon2\n|-sidestart|p2: p0y708ac61|move: Stealth Rock\n|move|p2a: Porygon2|Tera Blast|p1a: Archaludon\n|-resisted|p1a: Archaludon\n|-damage|p1a: Archaludon|67/100\n|-ability|p1a: Archaludon|Stamina|boost\n|-boost|p1a: Archaludon|def|1\n|\n|-heal|p1a: Archaludon|73/100|[from] item: Leftovers\n|upkeep\n|turn|2\n|inactive|Time left: 300 sec this turn | 300 sec total\n|\n|t:|1783547327\n|move|p1a: Archaludon|Body Press|p2a: Porygon2\n|-supereffective|p2a: Porygon2\n|-damage|p2a: Porygon2|146/270\n|move|p2a: Porygon2|Shadow Ball|p1a: Archaludon\n|-damage|p1a: Archaludon|28/100\n|-ability|p1a: Archaludon|Stamina|boost\n|-boost|p1a: Archaludon|def|1\n|\n|-heal|p1a: Archaludon|34/100|[from] item: Leftovers\n|upkeep\n|turn|3\n|inactive|Time left: 300 sec this turn | 300 sec total\n|\n|t:|1783547328\n|-terastallize|p2a: Porygon2|Fighting\n|move|p1a: Archaludon|Body Press|p2a: Porygon2\n|-damage|p2a: Porygon2|68/270\n|move|p2a: Porygon2|Shadow Ball|p1a: Archaludon\n|-damage|p1a: Archaludon|0 fnt\n|faint|p1a: Archaludon\n|\n|upkeep\n|\n|t:|1783547329\n|switch|p1a: Houndstone|Houndstone, L86, M|100/100\n|turn|4\n|inactive|Time left: 300 sec this turn | 300 sec total\n|\n|t:|1783547331\n|switch|p2a: Squawkabilly|Squawkabilly-Blue, L85, F|278/278\n|-damage|p2a: Squawkabilly|209/278|[from] Stealth Rock\n|move|p1a: Houndstone|Play Rough|p2a: Squawkabilly\n|-damage|p2a: Squawkabilly|104/278\n|\n|-status|p2a: Squawkabilly|brn|[from] item: Flame Orb\n|upkeep\n|turn|5\n|inactive|Time left: 300 sec this turn | 300 sec total\n|\n|t:|1783547332\n|move|p2a: Squawkabilly|Protect|p2a: Squawkabilly\n|-singleturn|p2a: Squawkabilly|Protect\n|move|p1a: Houndstone|Play Rough|p2a: Squawkabilly\n|-activate|p2a: Squawkabilly|move: Protect\n|\n|-damage|p2a: Squawkabilly|87/278 brn|[from] brn\n|upkeep\n|turn|6\n|inactive|Time left: 300 sec this turn | 300 sec total\n|\n|t:|1783547333\n|move|p2a: Squawkabilly|Brave Bird|p1a: Houndstone\n|-damage|p1a: Houndstone|69/100\n|-damage|p2a: Squawkabilly|59/278 brn|[from] Recoil\n|move|p1a: Houndstone|Body Press|p2a: Squawkabilly\n|-damage|p2a: Squawkabilly|0 fnt\n|faint|p2a: Squawkabilly\n|\n|upkeep\n|inactive|Time left: 300 sec this turn | 300 sec total | 5 sec grace\n|\n|t:|1783547334\n|switch|p2a: Kyurem|Kyurem-Black, L71|295/295\n|-damage|p2a: Kyurem|222/295|[from] Stealth Rock\n|-ability|p2a: Kyurem|Teravolt\n|turn|7\n|inactive|Time left: 300 sec this turn | 300 sec total\n|\n|t:|1783547335\n|move|p2a: Kyurem|Icicle Spear|p1a: Houndstone\n|-damage|p1a: Houndstone|57/100\n|-damage|p1a: Houndstone|47/100\n|-damage|p1a: Houndstone|36/100\n|-damage|p1a: Houndstone|25/100\n|-damage|p1a: Houndstone|15/100\n|-hitcount|p1a: Houndstone|5\n|move|p1a: Houndstone|Body Press|p2a: Kyurem\n|-supereffective|p2a: Kyurem\n|-damage|p2a: Kyurem|96/295\n|\n|upkeep\n|turn|8\n|inactive|Time left: 300 sec this turn | 300 sec total\n|\n|t:|1783547337\n|switch|p1a: Mew|Mew, L82|100/100\n|move|p2a: Kyurem|Icicle Spear|p1a: Mew\n|-damage|p1a: Mew|90/100\n|-damage|p1a: Mew|80/100\n|-damage|p1a: Mew|70/100\n|-damage|p1a: Mew|61/100\n|-damage|p1a: Mew|52/100\n|-hitcount|p1a: Mew|5\n|\n|upkeep\n|turn|9\n|inactive|Time left: 300 sec this turn | 300 sec total\n|\n|t:|1783547338\n|move|p1a: Mew|Psyshock|p2a: Kyurem\n|-damage|p2a: Kyurem|0 fnt\n|faint|p2a: Kyurem\n|-damage|p1a: Mew|42/100|[from] item: Life Orb\n|\n|upkeep\n|inactive|Time left: 300 sec this turn | 300 sec total | 5 sec grace\n|\n|t:|1783547340\n|switch|p2a: Scrafty|Scrafty, L83, F|244/244\n|-damage|p2a: Scrafty|229/244|[from] Stealth Rock\n|turn|10\n|inactive|Time left: 300 sec this turn | 300 sec total\n|\n|t:|1783547341\n|move|p1a: Mew|Aura Sphere|p2a: Scrafty\n|-supereffective|p2a: Scrafty\n|-damage|p2a: Scrafty|102/244\n|-damage|p1a: Mew|32/100|[from] item: Life Orb\n|move|p2a: Scrafty|Knock Off|p1a: Mew\n|-supereffective|p1a: Mew\n|-damage|p1a: Mew|0 fnt\n|-enditem|p1a: Mew|Life Orb|[from] move: Knock Off|[of] p2a: Scrafty\n|faint|p1a: Mew\n|\n|-heal|p2a: Scrafty|117/244|[from] item: Leftovers\n|upkeep\n|\n|t:|1783547342\n|switch|p1a: Basculegion|Basculegion, L80, M|100/100\n|turn|11\n|inactive|Time left: 300 sec this turn | 300 sec total\n|\n|t:|1783547343\n|move|p1a: Basculegion|Wave Crash|p2a: Scrafty\n|-damage|p2a: Scrafty|0 fnt\n|faint|p2a: Scrafty\n|-damage|p1a: Basculegion|88/100|[from] Recoil\n|\n|upkeep\n|inactive|Time left: 300 sec this turn | 300 sec total | 5 sec grace\n|\n|t:|1783547344\n|switch|p2a: Annihilape|Annihilape, L76, F|292/292\n|-damage|p2a: Annihilape|274/292|[from] Stealth Rock\n|turn|12\n|inactive|Time left: 300 sec this turn | 300 sec total\n|\n|t:|1783547345\n|move|p2a: Annihilape|Rage Fist|p1a: Basculegion\n|-supereffective|p1a: Basculegion\n|-damage|p1a: Basculegion|45/100\n|move|p1a: Basculegion|Shadow Ball|p2a: Annihilape\n|-supereffective|p2a: Annihilape\n|-damage|p2a: Annihilape|70/292\n|\n|-heal|p2a: Annihilape|88/292|[from] item: Leftovers\n|upkeep\n|turn|13\n|inactive|Time left: 300 sec this turn | 300 sec total\n|\n|t:|1783547346\n|move|p2a: Annihilape|Rage Fist|p1a: Basculegion\n|-supereffective|p1a: Basculegion\n|-damage|p1a: Basculegion|0 fnt\n|faint|p1a: Basculegion\n|\n|-heal|p2a: Annihilape|106/292|[from] item: Leftovers\n|upkeep\n|\n|t:|1783547347\n|switch|p1a: Houndstone|Houndstone, L86, M|15/100\n|turn|14\n|inactive|Time left: 300 sec this turn | 300 sec total\n|\n|t:|1783547348\n|move|p1a: Houndstone|Shadow Sneak|p2a: Annihilape\n|-supereffective|p2a: Annihilape\n|-damage|p2a: Annihilape|4/292\n|move|p2a: Annihilape|Rage Fist|p1a: Houndstone\n|-supereffective|p1a: Houndstone\n|-damage|p1a: Houndstone|0 fnt\n|faint|p1a: Houndstone\n|\n|-heal|p2a: Annihilape|22/292|[from] item: Leftovers\n|upkeep\n|\n|t:|1783547349\n|switch|p1a: Swampert|Swampert, L83, M|100/100\n|turn|15\n|inactive|Time left: 300 sec this turn | 300 sec total\n|\n|t:|1783547350\n|move|p2a: Annihilape|Drain Punch|p1a: Swampert\n|-damage|p1a: Swampert|74/100\n|-heal|p2a: Annihilape|62/292|[from] drain|[of] p1a: Swampert\n|move|p1a: Swampert|Earthquake|p2a: Annihilape\n|-damage|p2a: Annihilape|0 fnt\n|faint|p2a: Annihilape\n|\n|-heal|p1a: Swampert|80/100|[from] item: Leftovers\n|upkeep\n|inactive|Time left: 300 sec this turn | 300 sec total | 5 sec grace\n|\n|t:|1783547351\n|switch|p2a: Azelf|Azelf, L82|257/257\n|-damage|p2a: Azelf|225/257|[from] Stealth Rock\n|turn|16\n|inactive|Time left: 300 sec this turn | 300 sec total\n|\n|t:|1783547352\n|move|p2a: Azelf|Psychic|p1a: Swampert\n|-damage|p1a: Swampert|35/100\n|-damage|p2a: Azelf|200/257|[from] item: Life Orb\n|move|p1a: Swampert|Knock Off|p2a: Azelf\n|-supereffective|p2a: Azelf\n|-damage|p2a: Azelf|26/257\n|-enditem|p2a: Azelf|Life Orb|[from] move: Knock Off|[of] p1a: Swampert\n|\n|-heal|p1a: Swampert|41/100|[from] item: Leftovers\n|upkeep\n|turn|17\n|inactive|Time left: 300 sec this turn | 300 sec total\n|\n|t:|1783547354\n|move|p2a: Azelf|Psychic|p1a: Swampert\n|-damage|p1a: Swampert|5/100\n|move|p1a: Swampert|Ice Beam|p2a: Azelf\n|-damage|p2a: Azelf|0 fnt\n|faint|p2a: Azelf\n|\n|-heal|p1a: Swampert|11/100|[from] item: Leftovers\n|upkeep\n|inactive|Time left: 300 sec this turn | 300 sec total | 5 sec grace\n|\n|t:|1783547355\n|switch|p2a: Porygon2|Porygon2, L81, tera:Fighting|68/270\n|-damage|p2a: Porygon2|52/270|[from] Stealth Rock\n|-ability|p2a: Porygon2|Download|boost\n|-boost|p2a: Porygon2|spa|1\n|turn|18\n|inactive|Time left: 300 sec this turn | 300 sec total\n|\n|t:|1783547356\n|-terastallize|p1a: Swampert|Poison\n|move|p1a: Swampert|Earthquake|p2a: Porygon2\n|-damage|p2a: Porygon2|0 fnt\n|faint|p2a: Porygon2\n|\n|win|p0x7087a30", "uploadtime": 1783547356, "views": 0, "rating": 0, "private": 0, "password": null, "_winner": "p0x7087a30", "_our_name": "p0y708ac61"}