{"id": "battle-gen9randombattle-218", "formatid": "gen9randombattle", "format": "[Gen 9] Random Battle", "players": ["p0x218f6af", "p0y2184763"], "log": "|init|battle\n|title|p0x218f6af vs. p0y2184763\n|j|\u2606p0x218f6af\n|j|\u2606p0y2184763\n|t:|1783536319\n|gametype|singles\n|player|p1|p0x218f6af|170|\n|player|p2|p0y2184763|266|\n|gen|9\n|tier|[Gen 9] Random Battle\n|rule|Species Clause: Limit one of each Pok\u00e9mon\n|rule|HP Percentage Mod: HP is shown in percentages\n|rule|Sleep Clause Mod: Limit one foe put to sleep\n|rule|Illusion Level Mod: Illusion disguises the Pok\u00e9mon's true level\n|\n|t:|1783536319\n|teamsize|p1|6\n|teamsize|p2|6\n|start\n|switch|p1a: Dragonite|Dragonite, L74, M|257/257\n|switch|p2a: Raikou|Raikou, L81|100/100\n|-ability|p2a: Raikou|Pressure\n|turn|1\n|inactive|Battle timer is ON: inactive players will automatically lose when time's up. (requested by p0y2184763)\n|inactive|Time left: 300 sec this turn | 300 sec total | 60 sec grace\n|inactive|p0x218f6af also wants the timer to be on.\n|\n|t:|1783536321\n|switch|p2a: Grimmsnarl|Grimmsnarl, L83, M|100/100\n|move|p1a: Dragonite|Outrage|p2a: Grimmsnarl\n|-immune|p2a: Grimmsnarl\n|\n|upkeep\n|turn|2\n|inactive|Time left: 300 sec this turn | 300 sec total\n|\n|t:|1783536322\n|move|p1a: Dragonite|Dragon Dance|p1a: Dragonite\n|-boost|p1a: Dragonite|atk|1\n|-boost|p1a: Dragonite|spe|1\n|move|p2a: Grimmsnarl|Spirit Break|p1a: Dragonite\n|-supereffective|p1a: Dragonite\n|-damage|p1a: Dragonite|155/257\n|-unboost|p1a: Dragonite|spa|1\n|\n|upkeep\n|turn|3\n|inactive|Time left: 300 sec this turn | 300 sec total\n|\n|t:|1783536323\n|move|p1a: Dragonite|Roost|p1a: Dragonite\n|-heal|p1a: Dragonite|257/257\n|-singleturn|p1a: Dragonite|move: Roost\n|move|p2a: Grimmsnarl|Spirit Break|p1a: Dragonite\n|-supereffective|p1a: Dragonite\n|-damage|p1a: Dragonite|161/257\n|-unboost|p1a: Dragonite|spa|1\n|\n|upkeep\n|turn|4\n|inactive|Time left: 300 sec this turn | 300 sec total\n|\n|t:|1783536324\n|-terastallize|p1a: Dragonite|Steel\n|move|p2a: Grimmsnarl|Thunder Wave|p1a: Dragonite|[miss]\n|-miss|p2a: Grimmsnarl|p1a: Dragonite\n|move|p1a: Dragonite|Dragon Dance|p1a: Dragonite\n|-boost|p1a: Dragonite|atk|1\n|-boost|p1a: Dragonite|spe|1\n|\n|upkeep\n|turn|5\n|inactive|Time left: 300 sec this turn | 300 sec total\n|\n|t:|1783536325\n|switch|p2a: Barraskewda|Barraskewda, L81, F|100/100\n|move|p1a: Dragonite|Earthquake|p2a: Barraskewda\n|-damage|p2a: Barraskewda|18/100\n|\n|upkeep\n|turn|6\n|inactive|Time left: 300 sec this turn | 300 sec total\n|\n|t:|1783536326\n|move|p1a: Dragonite|Outrage|p2a: Barraskewda\n|-damage|p2a: Barraskewda|0 fnt\n|faint|p2a: Barraskewda\n|\n|upkeep\n|\n|t:|1783536327\n|switch|p2a: Kingambit|Kingambit, L74, M|100/100\n|-activate|p2a: Kingambit|ability: Supreme Overlord\n|-start|p2a: Kingambit|fallen1|[silent]\n|turn|7\n|inactive|Time left: 300 sec this turn | 300 sec total\n|\n|t:|1783536328\n|move|p1a: Dragonite|Outrage|p2a: Kingambit|[from] lockedmove\n|-resisted|p2a: Kingambit\n|-damage|p2a: Kingambit|61/100\n|move|p2a: Kingambit|Swords Dance|p2a: Kingambit\n|-boost|p2a: Kingambit|atk|2\n|\n|-heal|p2a: Kingambit|67/100|[from] item: Leftovers\n|upkeep\n|turn|8\n|inactive|Time left: 300 sec this turn | 300 sec total\n|\n|t:|1783536329\n|move|p2a: Kingambit|Sucker Punch|p1a: Dragonite\n|-damage|p1a: Dragonite|0 fnt\n|faint|p1a: Dragonite\n|\n|-heal|p2a: Kingambit|73/100|[from] item: Leftovers\n|upkeep\n|inactive|Time left: 300 sec this turn | 300 sec total | 5 sec grace\n|\n|t:|1783536330\n|switch|p1a: Camerupt|Camerupt, L91, M|275/275\n|turn|9\n|inactive|Time left: 300 sec this turn | 300 sec total\n|\n|t:|1783536331\n|-terastallize|p2a: Kingambit|Flying\n|move|p1a: Camerupt|Overheat|p2a: Kingambit|[miss]\n|-miss|p1a: Camerupt|p2a: Kingambit\n|move|p2a: Kingambit|Kowtow Cleave|p1a: Camerupt\n|-damage|p1a: Camerupt|59/275\n|\n|-heal|p1a: Camerupt|76/275|[from] item: Leftovers\n|-heal|p2a: Kingambit|79/100|[from] item: Leftovers\n|upkeep\n|turn|10\n|inactive|Time left: 300 sec this turn | 300 sec total\n|\n|t:|1783536332\n|move|p2a: Kingambit|Sucker Punch||[still]\n|-fail|p2a: Kingambit\n|move|p1a: Camerupt|Will-O-Wisp|p2a: Kingambit\n|-status|p2a: Kingambit|brn\n|\n|-heal|p1a: Camerupt|93/275|[from] item: Leftovers\n|-heal|p2a: Kingambit|85/100 brn|[from] item: Leftovers\n|-damage|p2a: Kingambit|79/100 brn|[from] brn\n|upkeep\n|turn|11\n|inactive|Time left: 300 sec this turn | 300 sec total\n|\n|t:|1783536333\n|move|p1a: Camerupt|Stealth Rock|p2a: Kingambit\n|-sidestart|p2: p0y2184763|move: Stealth Rock\n|move|p2a: Kingambit|Kowtow Cleave|p1a: Camerupt\n|-damage|p1a: Camerupt|0 fnt\n|faint|p1a: Camerupt\n|\n|-heal|p2a: Kingambit|85/100 brn|[from] item: Leftovers\n|-damage|p2a: Kingambit|79/100 brn|[from] brn\n|upkeep\n|inactive|Time left: 300 sec this turn | 300 sec total | 5 sec grace\n|\n|t:|1783536334\n|switch|p1a: Eelektross|Eelektross, L87, M|290/290\n|turn|12\n|inactive|Time left: 300 sec this turn | 300 sec total\n|\n|t:|1783536334\n|move|p2a: Kingambit|Sucker Punch|p1a: Eelektross\n|-damage|p1a: Eelektross|212/290\n|move|p1a: Eelektross|Discharge|p2a: Kingambit\n|-supereffective|p2a: Kingambit\n|-damage|p2a: Kingambit|0 fnt\n|faint|p2a: Kingambit\n|-end|p2a: Kingambit|fallen1|[silent]\n|\n|upkeep\n|\n|t:|1783536336\n|switch|p2a: Grimmsnarl|Grimmsnarl, L83, M|100/100\n|-damage|p2a: Grimmsnarl|88/100|[from] Stealth Rock\n|turn|13\n|inactive|Time left: 300 sec this turn | 300 sec total\n|\n|t:|1783536337\n|move|p2a: Grimmsnarl|Spirit Break|p1a: Eelektross\n|-damage|p1a: Eelektross|122/290\n|-unboost|p1a: Eelektross|spa|1\n|move|p1a: Eelektross|Discharge|p2a: Grimmsnarl\n|-damage|p2a: Grimmsnarl|63/100\n|\n|upkeep\n|turn|14\n|inactive|Time left: 300 sec this turn | 300 sec total\n|\n|t:|1783536338\n|move|p2a: Grimmsnarl|Reflect|p2a: Grimmsnarl\n|-sidestart|p2: p0y2184763|Reflect\n|move|p1a: Eelektross|U-turn|p2a: Grimmsnarl\n|-damage|p2a: Grimmsnarl|49/100\n|inactive|Time left: 300 sec this turn | 300 sec total | 5 sec grace\n|\n|t:|1783536339\n|switch|p1a: Inteleon|Inteleon, L81, F|246/246|[from] U-turn\n|\n|upkeep\n|turn|15\n|inactive|Time left: 300 sec this turn | 300 sec total\n|\n|t:|1783536340\n|move|p2a: Grimmsnarl|Light Screen|p2a: Grimmsnarl\n|-sidestart|p2: p0y2184763|move: Light Screen\n|move|p1a: Inteleon|Scald|p2a: Grimmsnarl\n|-damage|p2a: Grimmsnarl|21/100\n|\n|upkeep\n|turn|16\n|inactive|Time left: 300 sec this turn | 300 sec total\n|\n|t:|1783536341\n|move|p2a: Grimmsnarl|Thunder Wave|p1a: Inteleon\n|-status|p1a: Inteleon|par\n|move|p1a: Inteleon|Scald|p2a: Grimmsnarl\n|-damage|p2a: Grimmsnarl|0 fnt\n|faint|p2a: Grimmsnarl\n|\n|upkeep\n|\n|t:|1783536342\n|switch|p2a: Furret|Furret, L94, F|100/100\n|-damage|p2a: Furret|88/100|[from] Stealth Rock\n|-item|p1a: Inteleon|Choice Specs|[from] ability: Frisk|[of] p2a: Furret\n|turn|17\n|inactive|Time left: 300 sec this turn | 300 sec total\n|\n|t:|1783536343\n|move|p2a: Furret|Tidy Up|p2a: Furret\n|-sideend|p2: p0y2184763|Stealth Rock\n|-activate|p2a: Furret|move: Tidy Up\n|-boost|p2a: Furret|atk|1\n|-boost|p2a: Furret|spe|1\n|cant|p1a: Inteleon|par\n|\n|upkeep\n|turn|18\n|inactive|Time left: 300 sec this turn | 300 sec total\n|\n|t:|1783536344\n|move|p2a: Furret|Double-Edge|p1a: Inteleon\n|-damage|p1a: Inteleon|0 fnt\n|faint|p1a: Inteleon\n|-damage|p2a: Furret|62/100|[from] Recoil\n|-damage|p2a: Furret|52/100|[from] item: Life Orb\n|\n|upkeep\n|inactive|Time left: 300 sec this turn | 300 sec total | 5 sec grace\n|\n|t:|1783536345\n|switch|p1a: Eelektross|Eelektross, L87, M|122/290\n|turn|19\n|inactive|Time left: 300 sec this turn | 300 sec total\n|\n|t:|1783536345\n|move|p2a: Furret|Knock Off|p1a: Eelektross\n|-damage|p1a: Eelektross|0 fnt\n|-enditem|p1a: Eelektross|Assault Vest|[from] move: Knock Off|[of] p2a: Furret\n|faint|p1a: Eelektross\n|-damage|p2a: Furret|42/100|[from] item: Life Orb\n|\n|upkeep\n|inactive|Time left: 300 sec this turn | 300 sec total | 5 sec grace\n|\n|t:|1783536346\n|switch|p1a: Braviary|Braviary-Hisui, L85, M|326/326\n|turn|20\n|inactive|Time left: 300 sec this turn | 300 sec total\n|\n|t:|1783536347\n|switch|p1a: Palkia|Palkia-Origin, L72|249/249\n|-ability|p1a: Palkia|Pressure\n|move|p2a: Furret|Knock Off|p1a: Palkia\n|-damage|p1a: Palkia|148/249\n|-damage|p2a: Furret|32/100|[from] item: Life Orb\n|\n|upkeep\n|turn|21\n|inactive|Time left: 300 sec this turn | 300 sec total\n|\n|t:|1783536348\n|switch|p1a: Braviary|Braviary-Hisui, L85, M|326/326\n|move|p2a: Furret|Double-Edge|p1a: Braviary\n|-damage|p1a: Braviary|24/326\n|-damage|p2a: Furret|0 fnt|[from] Recoil\n|faint|p2a: Furret\n|\n|-sideend|p2: p0y2184763|Reflect\n|upkeep\n|\n|t:|1783536349\n|switch|p2a: Raikou|Raikou, L81|100/100\n|-ability|p2a: Raikou|Pressure\n|turn|22\n|inactive|Time left: 300 sec this turn | 300 sec total\n|\n|t:|1783536350\n|move|p2a: Raikou|Thunderbolt|p1a: Braviary\n|-supereffective|p1a: Braviary\n|-damage|p1a: Braviary|0 fnt\n|faint|p1a: Braviary\n|\n|-sideend|p2: p0y2184763|move: Light Screen\n|upkeep\n|inactive|Time left: 300 sec this turn | 300 sec total | 5 sec grace\n|\n|t:|1783536351\n|switch|p1a: Palkia|Palkia-Origin, L72|148/249\n|-ability|p1a: Palkia|Pressure\n|turn|23\n|inactive|Time left: 300 sec this turn | 300 sec total\n|\n|t:|1783536352\n|move|p2a: Raikou|Thunderbolt|p1a: Palkia\n|-damage|p1a: Palkia|46/249\n|move|p1a: Palkia|Hydro Pump|p2a: Raikou\n|-damage|p2a: Raikou|48/100\n|\n|-heal|p2a: Raikou|54/100|[from] item: Leftovers\n|upkeep\n|turn|24\n|inactive|Time left: 300 sec this turn | 300 sec total\n|\n|t:|1783536353\n|move|p2a: Raikou|Thunderbolt|p1a: Palkia\n|-damage|p1a: Palkia|0 fnt\n|faint|p1a: Palkia\n|\n|win|p0y2184763", "uploadtime": 1783536353, "views": 0, "rating": 0, "private": 0, "password": null, "_winner": "p0y2184763", "_our_name": "p0x218f6af"}