{"id": "battle-gen9randombattle-2245", "formatid": "gen9randombattle", "format": "[Gen 9] Random Battle", "players": ["p0x2245d6ad", "p0y224531c9"], "log": "|init|battle\n|title|p0x2245d6ad vs. p0y224531c9\n|j|\u2606p0x2245d6ad\n|j|\u2606p0y224531c9\n|t:|1783565109\n|gametype|singles\n|player|p1|p0x2245d6ad|169|\n|player|p2|p0y224531c9|2|\n|gen|9\n|tier|[Gen 9] Random Battle\n|rule|Species Clause: Limit one of each Pok\u00e9mon\n|rule|HP Percentage Mod: HP is shown in percentages\n|rule|Sleep Clause Mod: Limit one foe put to sleep\n|rule|Illusion Level Mod: Illusion disguises the Pok\u00e9mon's true level\n|\n|t:|1783565109\n|teamsize|p1|6\n|teamsize|p2|6\n|start\n|switch|p1a: Heatran|Heatran, L79, M|100/100\n|switch|p2a: Registeel|Registeel, L81|262/262\n|-item|p1a: Heatran|Air Balloon\n|turn|1\n|inactive|Battle timer is ON: inactive players will automatically lose when time's up. (requested by p0y224531c9)\n|inactive|p0x2245d6ad also wants the timer to be on.\n|\n|t:|1783565110\n|move|p1a: Heatran|Lava Plume|p2a: Registeel\n|-supereffective|p2a: Registeel\n|-damage|p2a: Registeel|136/262\n|move|p2a: Registeel|Body Press|p1a: Heatran\n|-supereffective|p1a: Heatran\n|-damage|p1a: Heatran|53/100\n|-enditem|p1a: Heatran|Air Balloon\n|\n|-heal|p2a: Registeel|152/262|[from] item: Leftovers\n|upkeep\n|turn|2\n|inactive|Time left: 300 sec this turn | 300 sec total\n|\n|t:|1783565111\n|move|p1a: Heatran|Lava Plume|p2a: Registeel\n|-supereffective|p2a: Registeel\n|-damage|p2a: Registeel|14/262\n|-status|p2a: Registeel|brn\n|move|p2a: Registeel|Body Press|p1a: Heatran\n|-supereffective|p1a: Heatran\n|-crit|p1a: Heatran\n|-damage|p1a: Heatran|17/100\n|\n|-heal|p2a: Registeel|30/262 brn|[from] item: Leftovers\n|-damage|p2a: Registeel|14/262 brn|[from] brn\n|upkeep\n|turn|3\n|inactive|Time left: 300 sec this turn | 300 sec total\n|\n|t:|1783565112\n|switch|p2a: Swanna|Swanna, L89, F|278/278\n|move|p1a: Heatran|Stealth Rock|p2a: Swanna\n|-sidestart|p2: p0y224531c9|move: Stealth Rock\n|\n|upkeep\n|turn|4\n|inactive|Time left: 300 sec this turn | 300 sec total\n|\n|t:|1783565112\n|switch|p1a: Basculegion|Basculegion-F, L83, F|100/100\n|move|p2a: Swanna|Hydro Pump|p1a: Basculegion\n|-resisted|p1a: Basculegion\n|-damage|p1a: Basculegion|81/100\n|\n|upkeep\n|turn|5\n|inactive|Time left: 300 sec this turn | 300 sec total\n|\n|t:|1783565113\n|move|p2a: Swanna|Brave Bird|p1a: Basculegion\n|-damage|p1a: Basculegion|30/100\n|-damage|p2a: Swanna|221/278|[from] Recoil\n|move|p1a: Basculegion|Shadow Ball|p2a: Swanna\n|-damage|p2a: Swanna|3/278\n|\n|upkeep\n|turn|6\n|inactive|Time left: 300 sec this turn | 300 sec total\n|\n|t:|1783565114\n|move|p2a: Swanna|Defog|p1a: Basculegion\n|-unboost|p1a: Basculegion|evasion|1\n|-sideend|p2: p0y224531c9|Stealth Rock|[from] move: Defog|[of] p2a: Swanna\n|move|p1a: Basculegion|Shadow Ball|p2a: Swanna\n|-damage|p2a: Swanna|0 fnt\n|faint|p2a: Swanna\n|\n|upkeep\n|inactive|Time left: 300 sec this turn | 300 sec total | 5 sec grace\n|\n|t:|1783565114\n|switch|p2a: Florges|Florges-White, L85, F|271/271\n|turn|7\n|inactive|Time left: 300 sec this turn | 300 sec total\n|\n|t:|1783565115\n|move|p1a: Basculegion|Shadow Ball|p2a: Florges\n|-damage|p2a: Florges|169/271\n|move|p2a: Florges|Moonblast|p1a: Basculegion\n|-damage|p1a: Basculegion|0 fnt\n|faint|p1a: Basculegion\n|\n|-heal|p2a: Florges|185/271|[from] item: Leftovers\n|upkeep\n|\n|t:|1783565116\n|switch|p1a: Heatran|Heatran, L79, M|17/100\n|turn|8\n|inactive|Time left: 300 sec this turn | 300 sec total\n|\n|t:|1783565116\n|move|p2a: Florges|Protect|p2a: Florges\n|-singleturn|p2a: Florges|Protect\n|move|p1a: Heatran|Heavy Slam|p2a: Florges\n|-activate|p2a: Florges|move: Protect\n|\n|-heal|p2a: Florges|201/271|[from] item: Leftovers\n|upkeep\n|turn|9\n|inactive|Time left: 300 sec this turn | 300 sec total\n|\n|t:|1783565117\n|switch|p2a: Feraligatr|Feraligatr, L79, F|264/264\n|move|p1a: Heatran|Heavy Slam|p2a: Feraligatr\n|-resisted|p2a: Feraligatr\n|-damage|p2a: Feraligatr|225/264\n|\n|upkeep\n|turn|10\n|inactive|Time left: 300 sec this turn | 300 sec total\n|\n|t:|1783565118\n|switch|p1a: Pelipper|Pelipper, L86, F|100/100\n|-weather|RainDance|[from] ability: Drizzle|[of] p1a: Pelipper\n|move|p2a: Feraligatr|Liquidation|p1a: Pelipper\n|-resisted|p1a: Pelipper\n|-damage|p1a: Pelipper|61/100\n|\n|-weather|RainDance|[upkeep]\n|upkeep\n|turn|11\n|inactive|Time left: 300 sec this turn | 300 sec total\n|\n|t:|1783565119\n|move|p2a: Feraligatr|Dragon Dance|p2a: Feraligatr\n|-boost|p2a: Feraligatr|atk|1\n|-boost|p2a: Feraligatr|spe|1\n|move|p1a: Pelipper|Hurricane|p2a: Feraligatr\n|-damage|p2a: Feraligatr|18/264\n|\n|-weather|RainDance|[upkeep]\n|upkeep\n|turn|12\n|inactive|Time left: 300 sec this turn | 300 sec total\n|\n|t:|1783565120\n|move|p2a: Feraligatr|Liquidation|p1a: Pelipper\n|-resisted|p1a: Pelipper\n|-damage|p1a: Pelipper|2/100\n|move|p1a: Pelipper|Hurricane|p2a: Feraligatr\n|-damage|p2a: Feraligatr|0 fnt\n|faint|p2a: Feraligatr\n|\n|-weather|RainDance|[upkeep]\n|upkeep\n|inactive|Time left: 300 sec this turn | 300 sec total | 5 sec grace\n|\n|t:|1783565121\n|switch|p2a: Florges|Florges-White, L85, F|201/271\n|turn|13\n|inactive|Time left: 300 sec this turn | 300 sec total\n|\n|t:|1783565123\n|switch|p1a: Beartic|Beartic, L91, M|100/100\n|move|p2a: Florges|Moonblast|p1a: Beartic\n|-damage|p1a: Beartic|67/100\n|\n|-weather|RainDance|[upkeep]\n|-heal|p2a: Florges|217/271|[from] item: Leftovers\n|upkeep\n|turn|14\n|inactive|Time left: 300 sec this turn | 300 sec total\n|\n|t:|1783565124\n|move|p1a: Beartic|Icicle Crash|p2a: Florges\n|-damage|p2a: Florges|70/271\n|cant|p2a: Florges|flinch\n|\n|-weather|none\n|-heal|p2a: Florges|86/271|[from] item: Leftovers\n|upkeep\n|turn|15\n|inactive|Time left: 300 sec this turn | 300 sec total\n|\n|t:|1783565125\n|move|p2a: Florges|Moonblast|p1a: Beartic\n|-damage|p1a: Beartic|34/100\n|-unboost|p1a: Beartic|spa|1\n|move|p1a: Beartic|Earthquake|p2a: Florges\n|-damage|p2a: Florges|0 fnt\n|faint|p2a: Florges\n|\n|upkeep\n|inactive|Time left: 300 sec this turn | 300 sec total | 5 sec grace\n|\n|t:|1783565126\n|switch|p2a: Skeledirge|Skeledirge, L79, M|294/294\n|turn|16\n|inactive|Time left: 300 sec this turn | 300 sec total\n|\n|t:|1783565127\n|switch|p1a: Heatran|Heatran, L79, M|17/100\n|move|p2a: Skeledirge|Torch Song|p1a: Heatran\n|-start|p1a: Heatran|ability: Flash Fire\n|\n|upkeep\n|turn|17\n|inactive|Time left: 300 sec this turn | 300 sec total\n|\n|t:|1783565128\n|move|p1a: Heatran|Earth Power|p2a: Skeledirge\n|-supereffective|p2a: Skeledirge\n|-damage|p2a: Skeledirge|120/294\n|move|p2a: Skeledirge|Hex|p1a: Heatran\n|-damage|p1a: Heatran|0 fnt\n|faint|p1a: Heatran\n|\n|upkeep\n|\n|t:|1783565129\n|switch|p1a: Pelipper|Pelipper, L86, F|2/100\n|-weather|RainDance|[from] ability: Drizzle|[of] p1a: Pelipper\n|turn|18\n|inactive|Time left: 300 sec this turn | 300 sec total\n|\n|t:|1783565130\n|switch|p2a: Registeel|Registeel, L81|14/262 brn\n|move|p1a: Pelipper|Weather Ball|p2a: Registeel\n|-damage|p2a: Registeel|0 fnt\n|faint|p2a: Registeel\n|\n|-weather|RainDance|[upkeep]\n|upkeep\n|inactive|Time left: 300 sec this turn | 300 sec total | 5 sec grace\n|\n|t:|1783565131\n|switch|p2a: Brute Bonnet|Brute Bonnet, L80|309/309\n|turn|19\n|inactive|Time left: 300 sec this turn | 300 sec total\n|\n|t:|1783565132\n|move|p2a: Brute Bonnet|Sucker Punch|p1a: Pelipper\n|-damage|p1a: Pelipper|0 fnt\n|faint|p1a: Pelipper\n|\n|-weather|RainDance|[upkeep]\n|upkeep\n|\n|t:|1783565133\n|switch|p1a: Beartic|Beartic, L91, M|34/100\n|turn|20\n|inactive|Time left: 300 sec this turn | 300 sec total\n|\n|t:|1783565134\n|-terastallize|p1a: Beartic|Fighting\n|move|p1a: Beartic|Close Combat|p2a: Brute Bonnet\n|-supereffective|p2a: Brute Bonnet\n|-damage|p2a: Brute Bonnet|0 fnt\n|-unboost|p1a: Beartic|def|1\n|-unboost|p1a: Beartic|spd|1\n|faint|p2a: Brute Bonnet\n|-end|p2a: Brute Bonnet|Protosynthesis|[silent]\n|\n|-weather|RainDance|[upkeep]\n|upkeep\n|inactive|Time left: 300 sec this turn | 300 sec total | 5 sec grace\n|\n|t:|1783565135\n|switch|p2a: Skeledirge|Skeledirge, L79, M|120/294\n|turn|21\n|inactive|Time left: 300 sec this turn | 300 sec total\n|\n|t:|1783565136\n|-terastallize|p2a: Skeledirge|Fairy\n|move|p1a: Beartic|Earthquake|p2a: Skeledirge\n|-damage|p2a: Skeledirge|16/294\n|move|p2a: Skeledirge|Slack Off|p2a: Skeledirge\n|-heal|p2a: Skeledirge|163/294\n|\n|-weather|RainDance|[upkeep]\n|upkeep\n|turn|22\n|inactive|Time left: 300 sec this turn | 300 sec total\n|\n|t:|1783565137\n|switch|p1a: Darkrai|Darkrai, L77|100/100\n|move|p2a: Skeledirge|Slack Off|p2a: Skeledirge\n|-heal|p2a: Skeledirge|294/294\n|\n|-weather|none\n|upkeep\n|turn|23\n|inactive|Time left: 300 sec this turn | 300 sec total\n|\n|t:|1783565138\n|move|p1a: Darkrai|Sludge Bomb|p2a: Skeledirge\n|-supereffective|p2a: Skeledirge\n|-damage|p2a: Skeledirge|86/294\n|-status|p2a: Skeledirge|psn\n|-damage|p1a: Darkrai|91/100|[from] item: Life Orb\n|move|p2a: Skeledirge|Slack Off|p2a: Skeledirge\n|-heal|p2a: Skeledirge|233/294 psn\n|\n|-damage|p2a: Skeledirge|197/294 psn|[from] psn\n|upkeep\n|turn|24\n|inactive|Time left: 300 sec this turn | 300 sec total\n|\n|t:|1783565139\n|move|p1a: Darkrai|Sludge Bomb|p2a: Skeledirge\n|-supereffective|p2a: Skeledirge\n|-damage|p2a: Skeledirge|0 fnt\n|faint|p2a: Skeledirge\n|-damage|p1a: Darkrai|81/100|[from] item: Life Orb\n|\n|win|p0x2245d6ad", "uploadtime": 1783565139, "views": 0, "rating": 0, "private": 0, "password": null, "_winner": "p0x2245d6ad", "_our_name": "p0y224531c9"}