{"id": "battle-gen9randombattle-193", "formatid": "gen9randombattle", "format": "[Gen 9] Random Battle", "players": ["p0x1937c98", "p0y1933922"], "log": "|init|battle\n|title|p0x1937c98 vs. p0y1933922\n|j|\u2606p0x1937c98\n|j|\u2606p0y1933922\n|t:|1783541350\n|gametype|singles\n|player|p1|p0x1937c98|1|\n|player|p2|p0y1933922|169|\n|gen|9\n|tier|[Gen 9] Random Battle\n|rule|Species Clause: Limit one of each Pok\u00e9mon\n|rule|HP Percentage Mod: HP is shown in percentages\n|rule|Sleep Clause Mod: Limit one foe put to sleep\n|rule|Illusion Level Mod: Illusion disguises the Pok\u00e9mon's true level\n|\n|t:|1783541350\n|teamsize|p1|6\n|teamsize|p2|6\n|start\n|switch|p1a: Barraskewda|Barraskewda, L81, F|100/100\n|switch|p2a: Pachirisu|Pachirisu, L96, F|271/271\n|turn|1\n|inactive|Battle timer is ON: inactive players will automatically lose when time's up. (requested by p0x1937c98)\n|inactive|Time left: 300 sec this turn | 300 sec total | 60 sec grace\n|inactive|p0y1933922 also wants the timer to be on.\n|\n|t:|1783541352\n|move|p1a: Barraskewda|Waterfall|p2a: Pachirisu\n|-damage|p2a: Pachirisu|127/271\n|move|p2a: Pachirisu|Discharge|p1a: Barraskewda\n|-supereffective|p1a: Barraskewda\n|-damage|p1a: Barraskewda|11/100\n|\n|upkeep\n|turn|2\n|inactive|Time left: 300 sec this turn | 300 sec total\n|\n|t:|1783541353\n|switch|p2a: Cresselia|Cresselia, L80, F|323/323\n|move|p1a: Barraskewda|Waterfall|p2a: Cresselia\n|-damage|p2a: Cresselia|199/323\n|\n|-heal|p2a: Cresselia|219/323|[from] item: Leftovers\n|upkeep\n|turn|3\n|inactive|Time left: 300 sec this turn | 300 sec total\n|\n|t:|1783541354\n|move|p1a: Barraskewda|Waterfall|p2a: Cresselia\n|-damage|p2a: Cresselia|95/323\n|move|p2a: Cresselia|Psyshock|p1a: Barraskewda\n|-damage|p1a: Barraskewda|0 fnt\n|faint|p1a: Barraskewda\n|\n|-heal|p2a: Cresselia|115/323|[from] item: Leftovers\n|upkeep\n|\n|t:|1783541355\n|switch|p1a: Medicham|Medicham, L86, F|100/100\n|turn|4\n|inactive|Time left: 300 sec this turn | 300 sec total\n|\n|t:|1783541356\n|move|p1a: Medicham|Close Combat|p2a: Cresselia\n|-resisted|p2a: Cresselia\n|-damage|p2a: Cresselia|0 fnt\n|-unboost|p1a: Medicham|def|1\n|-unboost|p1a: Medicham|spd|1\n|faint|p2a: Cresselia\n|\n|upkeep\n|inactive|Time left: 300 sec this turn | 300 sec total | 5 sec grace\n|\n|t:|1783541357\n|switch|p2a: Galvantula|Galvantula, L82, F|249/249\n|turn|5\n|inactive|Time left: 300 sec this turn | 300 sec total\n|\n|t:|1783541358\n|move|p2a: Galvantula|Sticky Web|p1a: Medicham\n|-sidestart|p1: p0x1937c98|move: Sticky Web\n|move|p1a: Medicham|Close Combat|p2a: Galvantula\n|-resisted|p2a: Galvantula\n|-damage|p2a: Galvantula|57/249\n|-unboost|p1a: Medicham|def|1\n|-unboost|p1a: Medicham|spd|1\n|\n|upkeep\n|turn|6\n|inactive|Time left: 300 sec this turn | 300 sec total\n|\n|t:|1783541360\n|switch|p1a: Magnezone|Magnezone, L85|100/100\n|-activate|p1a: Magnezone|move: Sticky Web\n|-unboost|p1a: Magnezone|spe|1\n|move|p2a: Galvantula|Thunder|p1a: Magnezone\n|-resisted|p1a: Magnezone\n|-damage|p1a: Magnezone|87/100\n|\n|upkeep\n|turn|7\n|inactive|Time left: 300 sec this turn | 300 sec total\n|\n|t:|1783541361\n|switch|p2a: Clodsire|Clodsire, L81, F|343/343\n|move|p1a: Magnezone|Flash Cannon|p2a: Clodsire\n|-damage|p2a: Clodsire|204/343\n|\n|-heal|p2a: Clodsire|225/343|[from] item: Leftovers\n|upkeep\n|turn|8\n|inactive|Time left: 300 sec this turn | 300 sec total\n|\n|t:|1783541362\n|switch|p1a: Masquerain|Masquerain, L87, M|100/100\n|-ability|p1a: Masquerain|Intimidate|boost\n|-unboost|p2a: Clodsire|atk|1\n|move|p2a: Clodsire|Earthquake|p1a: Masquerain\n|-immune|p1a: Masquerain\n|\n|-heal|p2a: Clodsire|246/343|[from] item: Leftovers\n|upkeep\n|turn|9\n|inactive|Time left: 300 sec this turn | 300 sec total\n|\n|t:|1783541363\n|move|p1a: Masquerain|Quiver Dance|p1a: Masquerain\n|-boost|p1a: Masquerain|spa|1\n|-boost|p1a: Masquerain|spd|1\n|-boost|p1a: Masquerain|spe|1\n|move|p2a: Clodsire|Toxic|p1a: Masquerain\n|-status|p1a: Masquerain|tox\n|\n|-heal|p2a: Clodsire|267/343|[from] item: Leftovers\n|-damage|p1a: Masquerain|94/100 tox|[from] psn\n|upkeep\n|turn|10\n|inactive|Time left: 300 sec this turn | 300 sec total\n|\n|t:|1783541364\n|switch|p2a: Hariyama|Hariyama, L87, F|392/392\n|move|p1a: Masquerain|Quiver Dance|p1a: Masquerain\n|-boost|p1a: Masquerain|spa|1\n|-boost|p1a: Masquerain|spd|1\n|-boost|p1a: Masquerain|spe|1\n|\n|-damage|p1a: Masquerain|82/100 tox|[from] psn\n|upkeep\n|turn|11\n|inactive|Time left: 300 sec this turn | 300 sec total\n|\n|t:|1783541365\n|-terastallize|p2a: Hariyama|Steel\n|move|p1a: Masquerain|Hurricane|p2a: Hariyama\n|-resisted|p2a: Hariyama\n|-damage|p2a: Hariyama|279/392\n|move|p2a: Hariyama|Knock Off|p1a: Masquerain\n|-damage|p1a: Masquerain|40/100 tox\n|-enditem|p1a: Masquerain|Heavy-Duty Boots|[from] move: Knock Off|[of] p2a: Hariyama\n|\n|-damage|p1a: Masquerain|22/100 tox|[from] psn\n|upkeep\n|turn|12\n|inactive|Time left: 300 sec this turn | 300 sec total\n|\n|t:|1783541365\n|move|p1a: Masquerain|Hurricane|p2a: Hariyama\n|-resisted|p2a: Hariyama\n|-damage|p2a: Hariyama|166/392\n|move|p2a: Hariyama|Close Combat|p1a: Masquerain\n|-resisted|p1a: Masquerain\n|-damage|p1a: Masquerain|3/100 tox\n|-unboost|p2a: Hariyama|def|1\n|-unboost|p2a: Hariyama|spd|1\n|\n|-damage|p1a: Masquerain|0 fnt|[from] psn\n|faint|p1a: Masquerain\n|upkeep\n|\n|t:|1783541366\n|switch|p1a: Cramorant|Cramorant, L86, M|100/100\n|turn|13\n|inactive|Time left: 300 sec this turn | 300 sec total\n|\n|t:|1783541367\n|move|p1a: Cramorant|Defog|p2a: Hariyama\n|-unboost|p2a: Hariyama|evasion|1\n|-sideend|p1: p0x1937c98|Sticky Web|[from] move: Defog|[of] p1a: Cramorant\n|move|p2a: Hariyama|Knock Off|p1a: Cramorant\n|-damage|p1a: Cramorant|54/100\n|-enditem|p1a: Cramorant|Heavy-Duty Boots|[from] move: Knock Off|[of] p2a: Hariyama\n|\n|upkeep\n|turn|14\n|inactive|Time left: 300 sec this turn | 300 sec total\n|\n|t:|1783541368\n|move|p1a: Cramorant|Surf|p2a: Hariyama\n|-formechange|p1a: Cramorant|Cramorant-Gulping|\n|-damage|p2a: Hariyama|49/392\n|move|p2a: Hariyama|Close Combat|p1a: Cramorant\n|-resisted|p1a: Cramorant\n|-damage|p1a: Cramorant|15/100\n|-unboost|p2a: Hariyama|def|1\n|-unboost|p2a: Hariyama|spd|1\n|-damage|p2a: Hariyama|0 fnt|[from] ability: Gulp Missile|[of] p1a: Cramorant\n|-formechange|p1a: Cramorant|Cramorant|\n|faint|p2a: Hariyama\n|\n|upkeep\n|inactive|Time left: 300 sec this turn | 300 sec total | 5 sec grace\n|\n|t:|1783541368\n|switch|p2a: Galvantula|Galvantula, L82, F|57/249\n|turn|15\n|inactive|Time left: 300 sec this turn | 300 sec total\n|\n|t:|1783541369\n|move|p2a: Galvantula|Bug Buzz|p1a: Cramorant\n|-resisted|p1a: Cramorant\n|-damage|p1a: Cramorant|0 fnt\n|faint|p1a: Cramorant\n|\n|upkeep\n|\n|t:|1783541370\n|switch|p1a: Medicham|Medicham, L86, F|100/100\n|turn|16\n|inactive|Time left: 300 sec this turn | 300 sec total\n|\n|t:|1783541371\n|move|p2a: Galvantula|Sticky Web|p1a: Medicham\n|-sidestart|p1: p0x1937c98|move: Sticky Web\n|move|p1a: Medicham|Ice Punch|p2a: Galvantula\n|-damage|p2a: Galvantula|0 fnt\n|faint|p2a: Galvantula\n|\n|upkeep\n|inactive|Time left: 300 sec this turn | 300 sec total | 5 sec grace\n|\n|t:|1783541372\n|switch|p2a: Noctowl|Noctowl, L95, M|344/344\n|turn|17\n|inactive|Time left: 300 sec this turn | 300 sec total\n|\n|t:|1783541373\n|move|p1a: Medicham|Ice Punch|p2a: Noctowl\n|-supereffective|p2a: Noctowl\n|-damage|p2a: Noctowl|18/344\n|move|p2a: Noctowl|Hurricane|p1a: Medicham\n|-supereffective|p1a: Medicham\n|-damage|p1a: Medicham|0 fnt\n|faint|p1a: Medicham\n|\n|upkeep\n|\n|t:|1783541374\n|switch|p1a: Magnezone|Magnezone, L85|87/100\n|-activate|p1a: Magnezone|move: Sticky Web\n|-unboost|p1a: Magnezone|spe|1\n|turn|18\n|inactive|Time left: 300 sec this turn | 300 sec total\n|\n|t:|1783541375\n|switch|p2a: Clodsire|Clodsire, L81, F|267/343\n|move|p1a: Magnezone|Flash Cannon|p2a: Clodsire\n|-damage|p2a: Clodsire|135/343\n|\n|-heal|p2a: Clodsire|156/343|[from] item: Leftovers\n|upkeep\n|turn|19\n|inactive|Time left: 300 sec this turn | 300 sec total\n|\n|t:|1783541376\n|move|p1a: Magnezone|Flash Cannon|p2a: Clodsire\n|-damage|p2a: Clodsire|47/343\n|move|p2a: Clodsire|Recover|p2a: Clodsire\n|-heal|p2a: Clodsire|219/343\n|\n|-heal|p2a: Clodsire|240/343|[from] item: Leftovers\n|upkeep\n|turn|20\n|inactive|Time left: 300 sec this turn | 300 sec total\n|\n|t:|1783541377\n|-terastallize|p1a: Magnezone|Flying\n|move|p1a: Magnezone|Flash Cannon|p2a: Clodsire\n|-damage|p2a: Clodsire|143/343\n|-unboost|p2a: Clodsire|spd|1\n|move|p2a: Clodsire|Recover|p2a: Clodsire\n|-heal|p2a: Clodsire|315/343\n|\n|-heal|p2a: Clodsire|336/343|[from] item: Leftovers\n|upkeep\n|turn|21\n|inactive|Time left: 300 sec this turn | 300 sec total\n|\n|t:|1783541378\n|switch|p1a: Swalot|Swalot, L90, F|100/100\n|-activate|p1a: Swalot|move: Sticky Web\n|-unboost|p1a: Swalot|spe|1\n|move|p2a: Clodsire|Toxic|p1a: Swalot\n|-immune|p1a: Swalot\n|\n|-heal|p2a: Clodsire|343/343|[from] item: Leftovers\n|upkeep\n|turn|22\n|inactive|Time left: 300 sec this turn | 300 sec total\n|\n|t:|1783541380\n|move|p1a: Swalot|Knock Off|p2a: Clodsire\n|-damage|p2a: Clodsire|253/343\n|-enditem|p2a: Clodsire|Leftovers|[from] move: Knock Off|[of] p1a: Swalot\n|move|p2a: Clodsire|Earthquake|p1a: Swalot\n|-supereffective|p1a: Swalot\n|-damage|p1a: Swalot|52/100\n|\n|-heal|p1a: Swalot|58/100|[from] item: Leftovers\n|upkeep\n|turn|23\n|inactive|Time left: 300 sec this turn | 300 sec total\n|\n|t:|1783541381\n|move|p1a: Swalot|Ice Beam|p2a: Clodsire\n|-supereffective|p2a: Clodsire\n|-damage|p2a: Clodsire|81/343\n|move|p2a: Clodsire|Earthquake|p1a: Swalot\n|-supereffective|p1a: Swalot\n|-damage|p1a: Swalot|12/100\n|\n|-heal|p1a: Swalot|18/100|[from] item: Leftovers\n|upkeep\n|turn|24\n|inactive|Time left: 300 sec this turn | 300 sec total\n|\n|t:|1783541383\n|move|p1a: Swalot|Ice Beam|p2a: Clodsire\n|-supereffective|p2a: Clodsire\n|-damage|p2a: Clodsire|0 fnt\n|faint|p2a: Clodsire\n|\n|-heal|p1a: Swalot|24/100|[from] item: Leftovers\n|upkeep\n|inactive|Time left: 300 sec this turn | 300 sec total | 5 sec grace\n|\n|t:|1783541384\n|switch|p2a: Noctowl|Noctowl, L95, M|18/344\n|turn|25\n|inactive|Time left: 300 sec this turn | 300 sec total\n|\n|t:|1783541385\n|move|p2a: Noctowl|Roost|p2a: Noctowl\n|-heal|p2a: Noctowl|190/344\n|-singleturn|p2a: Noctowl|move: Roost\n|move|p1a: Swalot|Knock Off|p2a: Noctowl\n|-damage|p2a: Noctowl|112/344\n|-enditem|p2a: Noctowl|Heavy-Duty Boots|[from] move: Knock Off|[of] p1a: Swalot\n|\n|-heal|p1a: Swalot|30/100|[from] item: Leftovers\n|upkeep\n|turn|26\n|inactive|Time left: 300 sec this turn | 300 sec total\n|\n|t:|1783541386\n|move|p2a: Noctowl|Hyper Voice|p1a: Swalot\n|-damage|p1a: Swalot|0 fnt\n|faint|p1a: Swalot\n|\n|upkeep\n|\n|t:|1783541387\n|switch|p1a: Magnezone|Magnezone, L85, tera:Flying|87/100\n|turn|27\n|inactive|Time left: 300 sec this turn | 300 sec total\n|\n|t:|1783541388\n|move|p2a: Noctowl|Hyper Voice|p1a: Magnezone\n|-damage|p1a: Magnezone|59/100\n|move|p1a: Magnezone|Flash Cannon|p2a: Noctowl\n|-damage|p2a: Noctowl|0 fnt\n|faint|p2a: Noctowl\n|\n|upkeep\n|inactive|Time left: 300 sec this turn | 300 sec total | 5 sec grace\n|\n|t:|1783541389\n|switch|p2a: Pachirisu|Pachirisu, L96, F|127/271\n|turn|28\n|inactive|Time left: 300 sec this turn | 300 sec total\n|\n|t:|1783541390\n|move|p2a: Pachirisu|Super Fang|p1a: Magnezone|[miss]\n|-miss|p2a: Pachirisu|p1a: Magnezone\n|move|p1a: Magnezone|Body Press|p2a: Pachirisu\n|-damage|p2a: Pachirisu|29/271\n|\n|upkeep\n|turn|29\n|inactive|Time left: 300 sec this turn | 300 sec total\n|\n|t:|1783541391\n|move|p2a: Pachirisu|Discharge|p1a: Magnezone\n|-supereffective|p1a: Magnezone\n|-damage|p1a: Magnezone|28/100\n|move|p1a: Magnezone|Flash Cannon|p2a: Pachirisu\n|-resisted|p2a: Pachirisu\n|-damage|p2a: Pachirisu|0 fnt\n|faint|p2a: Pachirisu\n|\n|win|p0x1937c98", "uploadtime": 1783541391, "views": 0, "rating": 0, "private": 0, "password": null, "_winner": "p0x1937c98", "_our_name": "p0y1933922"}