{"id": "battle-gen9randombattle-2290", "formatid": "gen9randombattle", "format": "[Gen 9] Random Battle", "players": ["p0x22907cac", "p0y22909875"], "log": "|init|battle\n|title|p0x22907cac vs. p0y22909875\n|j|\u2606p0x22907cac\n|j|\u2606p0y22909875\n|t:|1783565608\n|gametype|singles\n|player|p1|p0x22907cac|2|\n|player|p2|p0y22909875|2|\n|gen|9\n|tier|[Gen 9] Random Battle\n|rule|Species Clause: Limit one of each Pok\u00e9mon\n|rule|HP Percentage Mod: HP is shown in percentages\n|rule|Sleep Clause Mod: Limit one foe put to sleep\n|rule|Illusion Level Mod: Illusion disguises the Pok\u00e9mon's true level\n|\n|t:|1783565608\n|teamsize|p1|6\n|teamsize|p2|6\n|start\n|switch|p1a: Iron Leaves|Iron Leaves, L80|275/275\n|switch|p2a: Mewtwo|Mewtwo, L72|100/100\n|-ability|p2a: Mewtwo|Unnerve\n|turn|1\n|inactive|Battle timer is ON: inactive players will automatically lose when time's up. (requested by p0x22907cac)\n|\n|t:|1783565610\n|move|p2a: Mewtwo|Nasty Plot|p2a: Mewtwo\n|-boost|p2a: Mewtwo|spa|2\n|move|p1a: Iron Leaves|Leaf Blade|p2a: Mewtwo\n|-damage|p2a: Mewtwo|37/100\n|-damage|p1a: Iron Leaves|248/275|[from] item: Life Orb\n|\n|upkeep\n|turn|2\n|inactive|Time left: 300 sec this turn | 300 sec total\n|inactive|p0y22909875 also wants the timer to be on.\n|\n|t:|1783565611\n|move|p2a: Mewtwo|Dark Pulse|p1a: Iron Leaves\n|-supereffective|p1a: Iron Leaves\n|-damage|p1a: Iron Leaves|0 fnt\n|faint|p1a: Iron Leaves\n|-end|p1a: Iron Leaves|Quark Drive|[silent]\n|-damage|p2a: Mewtwo|27/100|[from] item: Life Orb\n|\n|upkeep\n|inactive|Time left: 300 sec this turn | 300 sec total | 5 sec grace\n|\n|t:|1783565612\n|switch|p1a: Grafaiai|Grafaiai, L86, F|249/249\n|turn|3\n|inactive|Time left: 300 sec this turn | 300 sec total\n|\n|t:|1783565613\n|move|p1a: Grafaiai|Knock Off|p2a: Mewtwo\n|-supereffective|p2a: Mewtwo\n|-damage|p2a: Mewtwo|0 fnt\n|-enditem|p2a: Mewtwo|Life Orb|[from] move: Knock Off|[of] p1a: Grafaiai\n|faint|p2a: Mewtwo\n|-damage|p1a: Grafaiai|225/249|[from] item: Life Orb\n|\n|upkeep\n|\n|t:|1783565613\n|switch|p2a: Iron Hands|Iron Hands, L79|100/100\n|turn|4\n|inactive|Time left: 300 sec this turn | 300 sec total\n|\n|t:|1783565614\n|switch|p1a: Misdreavus|Misdreavus, L90, M|254/254\n|move|p2a: Iron Hands|Swords Dance|p2a: Iron Hands\n|-boost|p2a: Iron Hands|atk|2\n|\n|upkeep\n|turn|5\n|inactive|Time left: 300 sec this turn | 300 sec total\n|\n|t:|1783565615\n|move|p1a: Misdreavus|Will-O-Wisp|p2a: Iron Hands\n|-status|p2a: Iron Hands|brn\n|move|p2a: Iron Hands|Wild Charge|p1a: Misdreavus\n|-damage|p1a: Misdreavus|158/254\n|-damage|p2a: Iron Hands|94/100 brn|[from] Recoil\n|\n|-heal|p2a: Iron Hands|99/100 brn|[from] item: Leftovers\n|-damage|p2a: Iron Hands|94/100 brn|[from] brn\n|upkeep\n|turn|6\n|inactive|Time left: 300 sec this turn | 300 sec total\n|\n|t:|1783565616\n|move|p1a: Misdreavus|Draining Kiss|p2a: Iron Hands\n|-supereffective|p2a: Iron Hands\n|-damage|p2a: Iron Hands|69/100 brn\n|-heal|p1a: Misdreavus|227/254|[from] drain|[of] p2a: Iron Hands\n|move|p2a: Iron Hands|Wild Charge|p1a: Misdreavus\n|-damage|p1a: Misdreavus|133/254\n|-damage|p2a: Iron Hands|63/100 brn|[from] Recoil\n|\n|-heal|p2a: Iron Hands|69/100 brn|[from] item: Leftovers\n|-damage|p2a: Iron Hands|63/100 brn|[from] brn\n|upkeep\n|turn|7\n|inactive|Time left: 300 sec this turn | 300 sec total\n|\n|t:|1783565617\n|move|p1a: Misdreavus|Draining Kiss|p2a: Iron Hands\n|-supereffective|p2a: Iron Hands\n|-damage|p2a: Iron Hands|37/100 brn\n|-heal|p1a: Misdreavus|207/254|[from] drain|[of] p2a: Iron Hands\n|move|p2a: Iron Hands|Ice Punch|p1a: Misdreavus\n|-damage|p1a: Misdreavus|152/254\n|\n|-heal|p2a: Iron Hands|43/100 brn|[from] item: Leftovers\n|-damage|p2a: Iron Hands|37/100 brn|[from] brn\n|upkeep\n|turn|8\n|inactive|Time left: 300 sec this turn | 300 sec total\n|\n|t:|1783565618\n|move|p1a: Misdreavus|Draining Kiss|p2a: Iron Hands\n|-supereffective|p2a: Iron Hands\n|-damage|p2a: Iron Hands|13/100 brn\n|-heal|p1a: Misdreavus|218/254|[from] drain|[of] p2a: Iron Hands\n|move|p2a: Iron Hands|Wild Charge|p1a: Misdreavus\n|-damage|p1a: Misdreavus|122/254\n|-damage|p2a: Iron Hands|7/100 brn|[from] Recoil\n|\n|-heal|p2a: Iron Hands|13/100 brn|[from] item: Leftovers\n|-damage|p2a: Iron Hands|7/100 brn|[from] brn\n|upkeep\n|turn|9\n|inactive|Time left: 300 sec this turn | 300 sec total\n|\n|t:|1783565619\n|-end|p2a: Iron Hands|Quark Drive|[silent]\n|switch|p2a: Typhlosion|Typhlosion-Hisui, L83, F|100/100\n|move|p1a: Misdreavus|Shadow Ball|p2a: Typhlosion\n|-supereffective|p2a: Typhlosion\n|-damage|p2a: Typhlosion|30/100\n|\n|upkeep\n|turn|10\n|inactive|Time left: 300 sec this turn | 300 sec total\n|\n|t:|1783565620\n|move|p2a: Typhlosion|Fire Blast|p1a: Misdreavus\n|-damage|p1a: Misdreavus|0 fnt\n|faint|p1a: Misdreavus\n|\n|upkeep\n|inactive|Time left: 300 sec this turn | 300 sec total | 5 sec grace\n|\n|t:|1783565621\n|switch|p1a: Minior|Minior-Blue, L79|224/224\n|-formechange|p1a: Minior|Minior-Meteor||[from] ability: Shields Down\n|turn|11\n|inactive|Time left: 300 sec this turn | 300 sec total\n|\n|t:|1783565622\n|move|p2a: Typhlosion|Fire Blast|p1a: Minior\n|-resisted|p1a: Minior\n|-damage|p1a: Minior|71/224\n|move|p1a: Minior|Shell Smash|p1a: Minior\n|-unboost|p1a: Minior|def|1\n|-unboost|p1a: Minior|spd|1\n|-boost|p1a: Minior|atk|2\n|-boost|p1a: Minior|spa|2\n|-boost|p1a: Minior|spe|2\n|-enditem|p1a: Minior|White Herb\n|-clearnegativeboost|p1a: Minior|[silent]\n|\n|-formechange|p1a: Minior|Minior-Blue||[from] ability: Shields Down\n|upkeep\n|turn|12\n|inactive|Time left: 300 sec this turn | 300 sec total\n|\n|t:|1783565623\n|switch|p2a: Iron Hands|Iron Hands, L79|7/100 brn\n|move|p1a: Minior|Power Gem|p2a: Iron Hands\n|-resisted|p2a: Iron Hands\n|-damage|p2a: Iron Hands|0 fnt\n|faint|p2a: Iron Hands\n|-end|p2a: Iron Hands|Quark Drive|[silent]\n|\n|upkeep\n|\n|t:|1783565624\n|switch|p2a: Mesprit|Mesprit, L85|100/100\n|turn|13\n|inactive|Time left: 300 sec this turn | 300 sec total\n|\n|t:|1783565625\n|-terastallize|p1a: Minior|Steel\n|move|p1a: Minior|Acrobatics|p2a: Mesprit\n|-damage|p2a: Mesprit|36/100\n|move|p2a: Mesprit|Psychic Noise|p1a: Minior\n|-resisted|p1a: Minior\n|-damage|p1a: Minior|12/224\n|-start|p1a: Minior|move: Heal Block\n|\n|-heal|p2a: Mesprit|42/100|[from] item: Leftovers\n|upkeep\n|turn|14\n|inactive|Time left: 300 sec this turn | 300 sec total\n|\n|t:|1783565626\n|move|p1a: Minior|Acrobatics|p2a: Mesprit\n|-damage|p2a: Mesprit|0 fnt\n|faint|p2a: Mesprit\n|\n|-end|p1a: Minior|move: Heal Block\n|upkeep\n|\n|t:|1783565627\n|switch|p2a: Gurdurr|Gurdurr, L85, M|100/100\n|turn|15\n|inactive|Time left: 300 sec this turn | 300 sec total\n|\n|t:|1783565628\n|move|p2a: Gurdurr|Mach Punch|p1a: Minior\n|-supereffective|p1a: Minior\n|-damage|p1a: Minior|0 fnt\n|faint|p1a: Minior\n|\n|upkeep\n|inactive|Time left: 300 sec this turn | 300 sec total | 5 sec grace\n|\n|t:|1783565629\n|switch|p1a: Zapdos|Zapdos-Galar, L77|265/265\n|turn|16\n|inactive|Time left: 300 sec this turn | 300 sec total\n|\n|t:|1783565630\n|move|p1a: Zapdos|Brave Bird|p2a: Gurdurr\n|-supereffective|p2a: Gurdurr\n|-damage|p2a: Gurdurr|7/100\n|-damage|p1a: Zapdos|178/265|[from] Recoil\n|move|p2a: Gurdurr|Drain Punch|p1a: Zapdos\n|-resisted|p1a: Zapdos\n|-crit|p1a: Zapdos\n|-damage|p1a: Zapdos|110/265\n|-heal|p2a: Gurdurr|19/100|[from] drain|[of] p1a: Zapdos\n|\n|upkeep\n|turn|17\n|inactive|Time left: 300 sec this turn | 300 sec total\n|\n|t:|1783565631\n|move|p1a: Zapdos|Brave Bird|p2a: Gurdurr\n|-supereffective|p2a: Gurdurr\n|-damage|p2a: Gurdurr|0 fnt\n|faint|p2a: Gurdurr\n|-damage|p1a: Zapdos|93/265|[from] Recoil\n|\n|upkeep\n|\n|t:|1783565632\n|switch|p2a: Haxorus|Haxorus, L77, F|100/100\n|-ability|p2a: Haxorus|Mold Breaker\n|turn|18\n|inactive|Time left: 300 sec this turn | 300 sec total\n|\n|t:|1783565633\n|-terastallize|p2a: Haxorus|Steel\n|move|p1a: Zapdos|Brave Bird|p2a: Haxorus\n|-resisted|p2a: Haxorus\n|-damage|p2a: Haxorus|56/100\n|-damage|p1a: Zapdos|57/265|[from] Recoil\n|move|p2a: Haxorus|Dragon Dance|p2a: Haxorus\n|-boost|p2a: Haxorus|atk|1\n|-boost|p2a: Haxorus|spe|1\n|\n|upkeep\n|turn|19\n|inactive|Time left: 300 sec this turn | 300 sec total\n|\n|t:|1783565634\n|switch|p1a: Hitmonlee|Hitmonlee, L85, M|223/223\n|move|p2a: Haxorus|Dragon Dance|p2a: Haxorus\n|-boost|p2a: Haxorus|atk|1\n|-boost|p2a: Haxorus|spe|1\n|\n|upkeep\n|turn|20\n|inactive|Time left: 300 sec this turn | 300 sec total\n|\n|t:|1783565635\n|move|p2a: Haxorus|Outrage|p1a: Hitmonlee\n|-damage|p1a: Hitmonlee|0 fnt\n|faint|p1a: Hitmonlee\n|\n|upkeep\n|inactive|Time left: 300 sec this turn | 300 sec total | 5 sec grace\n|\n|t:|1783565636\n|switch|p1a: Grafaiai|Grafaiai, L86, F|225/249\n|turn|21\n|inactive|Time left: 300 sec this turn | 300 sec total\n|\n|t:|1783565637\n|move|p2a: Haxorus|Outrage|p1a: Grafaiai|[from] lockedmove\n|-damage|p1a: Grafaiai|0 fnt\n|faint|p1a: Grafaiai\n|-start|p2a: Haxorus|confusion|[fatigue]\n|-enditem|p2a: Haxorus|Lum Berry|[eat]\n|-end|p2a: Haxorus|confusion\n|\n|upkeep\n|inactive|Time left: 300 sec this turn | 300 sec total | 5 sec grace\n|\n|t:|1783565638\n|switch|p1a: Zapdos|Zapdos-Galar, L77|57/265\n|turn|22\n|inactive|Time left: 300 sec this turn | 300 sec total\n|\n|t:|1783565639\n|move|p2a: Haxorus|Outrage|p1a: Zapdos\n|-damage|p1a: Zapdos|0 fnt\n|faint|p1a: Zapdos\n|\n|win|p0y22909875", "uploadtime": 1783565639, "views": 0, "rating": 0, "private": 0, "password": null, "_winner": "p0y22909875", "_our_name": "p0x22907cac"}