{"id": "battle-gen9randombattle-2628", "formatid": "gen9randombattle", "format": "[Gen 9] Random Battle", "players": ["p0x26281984", "p0y2628a70c"], "log": "|init|battle\n|title|p0x26281984 vs. p0y2628a70c\n|j|\u2606p0x26281984\n|j|\u2606p0y2628a70c\n|t:|1783569353\n|gametype|singles\n|player|p1|p0x26281984|1|\n|player|p2|p0y2628a70c|1|\n|gen|9\n|tier|[Gen 9] Random Battle\n|rule|Species Clause: Limit one of each Pok\u00e9mon\n|rule|HP Percentage Mod: HP is shown in percentages\n|rule|Sleep Clause Mod: Limit one foe put to sleep\n|rule|Illusion Level Mod: Illusion disguises the Pok\u00e9mon's true level\n|\n|t:|1783569353\n|teamsize|p1|6\n|teamsize|p2|6\n|start\n|switch|p1a: Bellibolt|Bellibolt, L84, M|100/100\n|switch|p2a: Emboar|Emboar, L84, F|322/322\n|turn|1\n|inactive|Battle timer is ON: inactive players will automatically lose when time's up. (requested by p0x26281984)\n|inactive|Time left: 300 sec this turn | 300 sec total | 60 sec grace\n|\n|t:|1783569354\n|move|p2a: Emboar|Flare Blitz|p1a: Bellibolt\n|-damage|p1a: Bellibolt|42/100\n|-start|p1a: Bellibolt|Charge|Flare Blitz|[from] ability: Electromorphosis\n|-damage|p2a: Emboar|260/322|[from] Recoil\n|move|p1a: Bellibolt|Toxic|p2a: Emboar\n|-status|p2a: Emboar|tox\n|\n|-heal|p1a: Bellibolt|48/100|[from] item: Leftovers\n|-damage|p2a: Emboar|240/322 tox|[from] psn\n|upkeep\n|turn|2\n|inactive|Time left: 300 sec this turn | 300 sec total\n|inactive|p0y2628a70c also wants the timer to be on.\n|\n|t:|1783569355\n|switch|p1a: Dipplin|Dipplin, L88, F|100/100\n|move|p2a: Emboar|Flare Blitz|p1a: Dipplin\n|-damage|p1a: Dipplin|66/100\n|-status|p1a: Dipplin|brn\n|-damage|p2a: Emboar|208/322 tox|[from] Recoil\n|\n|-damage|p2a: Emboar|168/322 tox|[from] psn\n|-damage|p1a: Dipplin|60/100 brn|[from] brn\n|upkeep\n|turn|3\n|inactive|Time left: 300 sec this turn | 300 sec total\n|\n|t:|1783569356\n|move|p2a: Emboar|Flare Blitz|p1a: Dipplin\n|-damage|p1a: Dipplin|25/100 brn\n|-damage|p2a: Emboar|135/322 tox|[from] Recoil\n|move|p1a: Dipplin|Recover|p1a: Dipplin\n|-heal|p1a: Dipplin|75/100 brn\n|\n|-damage|p2a: Emboar|75/322 tox|[from] psn\n|-damage|p1a: Dipplin|69/100 brn|[from] brn\n|upkeep\n|turn|4\n|inactive|Time left: 300 sec this turn | 300 sec total\n|\n|t:|1783569357\n|move|p2a: Emboar|Flare Blitz|p1a: Dipplin\n|-damage|p1a: Dipplin|32/100 brn\n|-damage|p2a: Emboar|40/322 tox|[from] Recoil\n|move|p1a: Dipplin|Recover|p1a: Dipplin\n|-heal|p1a: Dipplin|82/100 brn\n|\n|-damage|p2a: Emboar|0 fnt|[from] psn\n|faint|p2a: Emboar\n|-damage|p1a: Dipplin|76/100 brn|[from] brn\n|upkeep\n|inactive|Time left: 300 sec this turn | 300 sec total | 5 sec grace\n|\n|t:|1783569358\n|switch|p2a: Hitmontop|Hitmontop, L88, M|231/231\n|turn|5\n|inactive|Time left: 300 sec this turn | 300 sec total\n|\n|t:|1783569359\n|move|p2a: Hitmontop|Triple Axel|p1a: Dipplin\n|-supereffective|p1a: Dipplin\n|-damage|p1a: Dipplin|58/100 brn\n|-supereffective|p1a: Dipplin\n|-damage|p1a: Dipplin|23/100 brn\n|-supereffective|p1a: Dipplin\n|-damage|p1a: Dipplin|0 fnt\n|faint|p1a: Dipplin\n|-hitcount|p1: Dipplin|3\n|\n|upkeep\n|\n|t:|1783569360\n|switch|p1a: Gallade|Gallade, L80, M|100/100\n|turn|6\n|inactive|Time left: 300 sec this turn | 300 sec total\n|\n|t:|1783569361\n|switch|p2a: Brambleghast|Brambleghast, L88, F|240/240\n|move|p1a: Gallade|Psycho Cut|p2a: Brambleghast\n|-damage|p2a: Brambleghast|108/240\n|\n|-heal|p2a: Brambleghast|123/240|[from] item: Leftovers\n|upkeep\n|turn|7\n|inactive|Time left: 300 sec this turn | 300 sec total\n|\n|t:|1783569362\n|move|p1a: Gallade|Psycho Cut|p2a: Brambleghast\n|-damage|p2a: Brambleghast|0 fnt\n|faint|p2a: Brambleghast\n|\n|upkeep\n|inactive|Time left: 300 sec this turn | 300 sec total | 5 sec grace\n|\n|t:|1783569363\n|switch|p2a: Houndoom|Houndoom, L87, F|272/272\n|turn|8\n|inactive|Time left: 300 sec this turn | 300 sec total\n|\n|t:|1783569364\n|move|p1a: Gallade|Psycho Cut|p2a: Houndoom\n|-immune|p2a: Houndoom\n|move|p2a: Houndoom|Nasty Plot|p2a: Houndoom\n|-boost|p2a: Houndoom|spa|2\n|\n|upkeep\n|turn|9\n|inactive|Time left: 300 sec this turn | 300 sec total\n|\n|t:|1783569365\n|switch|p1a: Bellibolt|Bellibolt, L84, M|48/100\n|move|p2a: Houndoom|Dark Pulse|p1a: Bellibolt\n|-damage|p1a: Bellibolt|0 fnt\n|faint|p1a: Bellibolt\n|\n|upkeep\n|\n|t:|1783569366\n|switch|p1a: Gallade|Gallade, L80, M|100/100\n|turn|10\n|inactive|Time left: 300 sec this turn | 300 sec total\n|\n|t:|1783569367\n|-terastallize|p2a: Houndoom|Poison\n|move|p1a: Gallade|Sacred Sword|p2a: Houndoom\n|-resisted|p2a: Houndoom\n|-damage|p2a: Houndoom|161/272\n|move|p2a: Houndoom|Fire Blast|p1a: Gallade\n|-damage|p1a: Gallade|10/100\n|-status|p1a: Gallade|brn\n|\n|-damage|p1a: Gallade|4/100 brn|[from] brn\n|upkeep\n|turn|11\n|inactive|Time left: 300 sec this turn | 300 sec total\n|\n|t:|1783569368\n|move|p1a: Gallade|Sacred Sword|p2a: Houndoom\n|-resisted|p2a: Houndoom\n|-damage|p2a: Houndoom|108/272\n|move|p2a: Houndoom|Nasty Plot|p2a: Houndoom\n|-boost|p2a: Houndoom|spa|2\n|\n|-damage|p1a: Gallade|0 fnt|[from] brn\n|faint|p1a: Gallade\n|upkeep\n|\n|t:|1783569369\n|switch|p1a: Shaymin|Shaymin, L82|100/100\n|turn|12\n|inactive|Time left: 300 sec this turn | 300 sec total\n|\n|t:|1783569370\n|move|p2a: Houndoom|Fire Blast|p1a: Shaymin\n|-supereffective|p1a: Shaymin\n|-damage|p1a: Shaymin|0 fnt\n|faint|p1a: Shaymin\n|\n|upkeep\n|\n|t:|1783569370\n|switch|p1a: Meloetta|Meloetta, L82|100/100\n|turn|13\n|inactive|Time left: 300 sec this turn | 300 sec total\n|\n|t:|1783569371\n|move|p2a: Houndoom|Fire Blast|p1a: Meloetta|[miss]\n|-miss|p2a: Houndoom|p1a: Meloetta\n|move|p1a: Meloetta|Focus Blast|p2a: Houndoom\n|-resisted|p2a: Houndoom\n|-damage|p2a: Houndoom|61/272\n|\n|upkeep\n|turn|14\n|inactive|Time left: 300 sec this turn | 300 sec total\n|\n|t:|1783569372\n|switch|p1a: Electivire|Electivire, L84, F|100/100\n|move|p2a: Houndoom|Dark Pulse|p1a: Electivire\n|-damage|p1a: Electivire|0 fnt\n|faint|p1a: Electivire\n|\n|upkeep\n|\n|t:|1783569373\n|switch|p1a: Meloetta|Meloetta, L82|100/100\n|turn|15\n|inactive|Time left: 300 sec this turn | 300 sec total\n|\n|t:|1783569374\n|move|p2a: Houndoom|Dark Pulse|p1a: Meloetta\n|-supereffective|p1a: Meloetta\n|-damage|p1a: Meloetta|0 fnt\n|faint|p1a: Meloetta\n|\n|win|p0y2628a70c", "uploadtime": 1783569374, "views": 0, "rating": 0, "private": 0, "password": null, "_winner": "p0y2628a70c", "_our_name": "p0y2628a70c"}