{"id": "battle-gen9randombattle-123", "formatid": "gen9randombattle", "format": "[Gen 9] Random Battle", "players": ["p0x123a174", "p0y12322f0"], "log": "|init|battle\n|title|p0x123a174 vs. p0y12322f0\n|j|\u2606p0x123a174\n|j|\u2606p0y12322f0\n|t:|1783535177\n|gametype|singles\n|player|p1|p0x123a174|102|\n|player|p2|p0y12322f0|169|\n|gen|9\n|tier|[Gen 9] Random Battle\n|rule|Species Clause: Limit one of each Pok\u00e9mon\n|rule|HP Percentage Mod: HP is shown in percentages\n|rule|Sleep Clause Mod: Limit one foe put to sleep\n|rule|Illusion Level Mod: Illusion disguises the Pok\u00e9mon's true level\n|\n|t:|1783535177\n|teamsize|p1|6\n|teamsize|p2|6\n|start\n|switch|p1a: Trevenant|Trevenant, L89, M|100/100\n|switch|p2a: Misdreavus|Misdreavus, L90, F|254/254\n|turn|1\n|inactive|Battle timer is ON: inactive players will automatically lose when time's up. (requested by p0x123a174)\n|inactive|Time left: 300 sec this turn | 300 sec total | 60 sec grace\n|inactive|p0y12322f0 also wants the timer to be on.\n|\n|t:|1783535178\n|move|p2a: Misdreavus|Will-O-Wisp|p1a: Trevenant\n|-status|p1a: Trevenant|brn\n|move|p1a: Trevenant|Poltergeist|p2a: Misdreavus\n|-activate|p2a: Misdreavus|move: Poltergeist|Eviolite\n|-supereffective|p2a: Misdreavus\n|-damage|p2a: Misdreavus|67/254\n|\n|-damage|p1a: Trevenant|94/100 brn|[from] brn\n|upkeep\n|turn|2\n|inactive|Time left: 300 sec this turn | 300 sec total\n|\n|t:|1783535180\n|move|p2a: Misdreavus|Shadow Ball|p1a: Trevenant\n|-supereffective|p1a: Trevenant\n|-damage|p1a: Trevenant|34/100 brn\n|move|p1a: Trevenant|Poltergeist|p2a: Misdreavus|[miss]\n|-miss|p1a: Trevenant|p2a: Misdreavus\n|\n|-damage|p1a: Trevenant|28/100 brn|[from] brn\n|upkeep\n|turn|3\n|inactive|Time left: 300 sec this turn | 300 sec total\n|\n|t:|1783535181\n|move|p2a: Misdreavus|Shadow Ball|p1a: Trevenant\n|-supereffective|p1a: Trevenant\n|-damage|p1a: Trevenant|0 fnt\n|faint|p1a: Trevenant\n|\n|upkeep\n|\n|t:|1783535181\n|switch|p1a: Ogerpon|Ogerpon-Wellspring, L76, F|100/100\n|turn|4\n|inactive|Time left: 300 sec this turn | 300 sec total\n|\n|t:|1783535183\n|switch|p2a: Hitmontop|Hitmontop, L88, M|231/231\n|-ability|p2a: Hitmontop|Intimidate|boost\n|-unboost|p1a: Ogerpon|atk|1\n|move|p1a: Ogerpon|Ivy Cudgel|p2a: Hitmontop|[anim] Ivy Cudgel Water\n|-damage|p2a: Hitmontop|153/231\n|\n|upkeep\n|turn|5\n|inactive|Time left: 300 sec this turn | 300 sec total\n|\n|t:|1783535184\n|move|p1a: Ogerpon|Swords Dance|p1a: Ogerpon\n|-boost|p1a: Ogerpon|atk|2\n|move|p2a: Hitmontop|Close Combat|p1a: Ogerpon\n|-damage|p1a: Ogerpon|34/100\n|-unboost|p2a: Hitmontop|def|1\n|-unboost|p2a: Hitmontop|spd|1\n|\n|upkeep\n|turn|6\n|inactive|Time left: 300 sec this turn | 300 sec total\n|\n|t:|1783535185\n|switch|p2a: Rabsca|Rabsca, L91, F|284/284\n|move|p1a: Ogerpon|Ivy Cudgel|p2a: Rabsca|[anim] Ivy Cudgel Water\n|-damage|p2a: Rabsca|124/284\n|\n|upkeep\n|turn|7\n|inactive|Time left: 300 sec this turn | 300 sec total\n|\n|t:|1783535186\n|move|p1a: Ogerpon|Ivy Cudgel|p2a: Rabsca|[anim] Ivy Cudgel Water\n|-crit|p2a: Rabsca\n|-damage|p2a: Rabsca|0 fnt\n|faint|p2a: Rabsca\n|\n|upkeep\n|inactive|Time left: 300 sec this turn | 300 sec total | 5 sec grace\n|\n|t:|1783535187\n|switch|p2a: Braviary|Braviary-Hisui, L85, M|326/326\n|turn|8\n|inactive|Time left: 300 sec this turn | 300 sec total\n|\n|t:|1783535188\n|move|p1a: Ogerpon|Ivy Cudgel|p2a: Braviary|[anim] Ivy Cudgel Water\n|-damage|p2a: Braviary|92/326\n|move|p2a: Braviary|Esper Wing|p1a: Ogerpon\n|-damage|p1a: Ogerpon|0 fnt\n|-boost|p2a: Braviary|spe|1\n|faint|p1a: Ogerpon\n|\n|upkeep\n|\n|t:|1783535189\n|switch|p1a: Hoopa|Hoopa, L85|100/100\n|turn|9\n|inactive|Time left: 300 sec this turn | 300 sec total\n|\n|t:|1783535191\n|move|p1a: Hoopa|Shadow Ball|p2a: Braviary\n|-supereffective|p2a: Braviary\n|-damage|p2a: Braviary|0 fnt\n|faint|p2a: Braviary\n|\n|upkeep\n|inactive|Time left: 300 sec this turn | 300 sec total | 5 sec grace\n|\n|t:|1783535191\n|switch|p2a: Hitmontop|Hitmontop, L88, M|153/231\n|-ability|p2a: Hitmontop|Intimidate|boost\n|-unboost|p1a: Hoopa|atk|1\n|turn|10\n|inactive|Time left: 300 sec this turn | 300 sec total\n|\n|t:|1783535192\n|move|p2a: Hitmontop|Sucker Punch|p1a: Hoopa\n|-supereffective|p1a: Hoopa\n|-damage|p1a: Hoopa|0 fnt\n|faint|p1a: Hoopa\n|\n|upkeep\n|\n|t:|1783535193\n|switch|p1a: Excadrill|Excadrill, L79, M|100/100\n|-ability|p1a: Excadrill|Mold Breaker\n|turn|11\n|inactive|Time left: 300 sec this turn | 300 sec total\n|\n|t:|1783535194\n|move|p1a: Excadrill|Swords Dance|p1a: Excadrill\n|-boost|p1a: Excadrill|atk|2\n|move|p2a: Hitmontop|Close Combat|p1a: Excadrill\n|-supereffective|p1a: Excadrill\n|-damage|p1a: Excadrill|0 fnt\n|-unboost|p2a: Hitmontop|def|1\n|-unboost|p2a: Hitmontop|spd|1\n|faint|p1a: Excadrill\n|\n|upkeep\n|\n|t:|1783535194\n|switch|p1a: Bombirdier|Bombirdier, L85, F|100/100\n|turn|12\n|inactive|Time left: 300 sec this turn | 300 sec total\n|\n|t:|1783535195\n|switch|p2a: Alomomola|Alomomola, L87, M|429/429\n|move|p1a: Bombirdier|Brave Bird|p2a: Alomomola\n|-damage|p2a: Alomomola|296/429\n|-damage|p1a: Bombirdier|83/100|[from] Recoil\n|\n|upkeep\n|turn|13\n|inactive|Time left: 300 sec this turn | 300 sec total\n|\n|t:|1783535196\n|move|p1a: Bombirdier|Brave Bird|p2a: Alomomola\n|-damage|p2a: Alomomola|161/429\n|-damage|p1a: Bombirdier|66/100|[from] Recoil\n|move|p2a: Alomomola|Flip Turn|p1a: Bombirdier\n|-damage|p1a: Bombirdier|42/100\n|inactive|Time left: 300 sec this turn | 300 sec total | 5 sec grace\n|\n|t:|1783535197\n|switch|p2a: Manaphy|Manaphy, L78|284/284|[from] Flip Turn\n|\n|upkeep\n|turn|14\n|inactive|Time left: 300 sec this turn | 300 sec total\n|\n|t:|1783535197\n|move|p2a: Manaphy|Tail Glow|p2a: Manaphy\n|-boost|p2a: Manaphy|spa|3\n|move|p1a: Bombirdier|Knock Off|p2a: Manaphy\n|-damage|p2a: Manaphy|181/284\n|-enditem|p2a: Manaphy|Leftovers|[from] move: Knock Off|[of] p1a: Bombirdier\n|\n|upkeep\n|turn|15\n|inactive|Time left: 300 sec this turn | 300 sec total\n|\n|t:|1783535198\n|switch|p1a: Dewgong|Dewgong, L94, F|100/100\n|move|p2a: Manaphy|Surf|p1a: Dewgong\n|-resisted|p1a: Dewgong\n|-damage|p1a: Dewgong|72/100\n|\n|upkeep\n|turn|16\n|inactive|Time left: 300 sec this turn | 300 sec total\n|\n|t:|1783535199\n|-terastallize|p1a: Dewgong|Steel\n|move|p2a: Manaphy|Energy Ball|p1a: Dewgong\n|-resisted|p1a: Dewgong\n|-damage|p1a: Dewgong|54/100\n|move|p1a: Dewgong|Encore|p2a: Manaphy\n|-start|p2a: Manaphy|Encore\n|\n|upkeep\n|turn|17\n|inactive|Time left: 300 sec this turn | 300 sec total\n|\n|t:|1783535200\n|move|p2a: Manaphy|Energy Ball|p1a: Dewgong\n|-resisted|p1a: Dewgong\n|-damage|p1a: Dewgong|34/100\n|-unboost|p1a: Dewgong|spd|1\n|move|p1a: Dewgong|Surf|p2a: Manaphy\n|-resisted|p2a: Manaphy\n|-damage|p2a: Manaphy|136/284\n|\n|upkeep\n|turn|18\n|inactive|Time left: 300 sec this turn | 300 sec total\n|\n|t:|1783535201\n|-terastallize|p2a: Manaphy|Grass\n|move|p2a: Manaphy|Energy Ball|p1a: Dewgong\n|-resisted|p1a: Dewgong\n|-damage|p1a: Dewgong|0 fnt\n|faint|p1a: Dewgong\n|\n|upkeep\n|\n|t:|1783535202\n|switch|p1a: Bombirdier|Bombirdier, L85, F|42/100\n|turn|19\n|inactive|Time left: 300 sec this turn | 300 sec total\n|\n|t:|1783535203\n|move|p2a: Manaphy|Energy Ball|p1a: Bombirdier\n|-resisted|p1a: Bombirdier\n|-damage|p1a: Bombirdier|2/100\n|move|p1a: Bombirdier|Stone Edge|p2a: Manaphy\n|-damage|p2a: Manaphy|29/284\n|\n|-end|p2a: Manaphy|Encore\n|upkeep\n|turn|20\n|inactive|Time left: 300 sec this turn | 300 sec total\n|\n|t:|1783535204\n|move|p2a: Manaphy|Energy Ball|p1a: Bombirdier\n|-resisted|p1a: Bombirdier\n|-damage|p1a: Bombirdier|0 fnt\n|faint|p1a: Bombirdier\n|\n|win|p0y12322f0", "uploadtime": 1783535204, "views": 0, "rating": 0, "private": 0, "password": null, "_winner": "p0y12322f0", "_our_name": "p0y12322f0"}