{"id": "battle-gen9randombattle-2939", "formatid": "gen9randombattle", "format": "[Gen 9] Random Battle", "players": ["p0x2939f755", "p0y293981a3"], "log": "|init|battle\n|title|p0x2939f755 vs. p0y293981a3\n|j|\u2606p0x2939f755\n|j|\u2606p0y293981a3\n|t:|1783573828\n|gametype|singles\n|player|p1|p0x2939f755|265|\n|player|p2|p0y293981a3|2|\n|gen|9\n|tier|[Gen 9] Random Battle\n|rule|Species Clause: Limit one of each Pok\u00e9mon\n|rule|HP Percentage Mod: HP is shown in percentages\n|rule|Sleep Clause Mod: Limit one foe put to sleep\n|rule|Illusion Level Mod: Illusion disguises the Pok\u00e9mon's true level\n|\n|t:|1783573828\n|teamsize|p1|6\n|teamsize|p2|6\n|start\n|switch|p1a: Zapdos|Zapdos-Galar, L77|100/100\n|switch|p2a: Charizard|Charizard, L85, M|271/271\n|turn|1\n|inactive|Battle timer is ON: inactive players will automatically lose when time's up. (requested by p0y293981a3)\n|inactive|p0x2939f755 also wants the timer to be on.\n|\n|t:|1783573830\n|move|p2a: Charizard|Flare Blitz|p1a: Zapdos\n|-damage|p1a: Zapdos|54/100\n|-damage|p2a: Charizard|230/271|[from] Recoil\n|move|p1a: Zapdos|Brave Bird|p2a: Charizard\n|-damage|p2a: Charizard|37/271\n|-damage|p1a: Zapdos|30/100|[from] Recoil\n|\n|upkeep\n|turn|2\n|inactive|Time left: 300 sec this turn | 300 sec total\n|\n|t:|1783573831\n|switch|p1a: Scrafty|Scrafty, L83, M|100/100\n|-ability|p1a: Scrafty|Intimidate|boost\n|-unboost|p2a: Charizard|atk|1\n|move|p2a: Charizard|Flare Blitz|p1a: Scrafty\n|-damage|p1a: Scrafty|61/100\n|-damage|p2a: Charizard|5/271|[from] Recoil\n|\n|-heal|p1a: Scrafty|67/100|[from] item: Leftovers\n|upkeep\n|turn|3\n|inactive|Time left: 300 sec this turn | 300 sec total\n|\n|t:|1783573833\n|move|p2a: Charizard|Flare Blitz|p1a: Scrafty\n|-damage|p1a: Scrafty|24/100\n|-damage|p2a: Charizard|0 fnt|[from] Recoil\n|faint|p2a: Charizard\n|move|p1a: Scrafty|Dragon Dance|p1a: Scrafty\n|-boost|p1a: Scrafty|atk|1\n|-boost|p1a: Scrafty|spe|1\n|\n|-heal|p1a: Scrafty|30/100|[from] item: Leftovers\n|upkeep\n|inactive|Time left: 300 sec this turn | 300 sec total | 5 sec grace\n|\n|t:|1783573834\n|switch|p2a: Indeedee|Indeedee, L84, M|238/238\n|-fieldstart|move: Psychic Terrain|[from] ability: Psychic Surge|[of] p2a: Indeedee\n|turn|4\n|inactive|Time left: 300 sec this turn | 300 sec total\n|\n|t:|1783573835\n|move|p2a: Indeedee|Hyper Voice|p1a: Scrafty\n|-damage|p1a: Scrafty|0 fnt\n|faint|p1a: Scrafty\n|\n|upkeep\n|\n|t:|1783573836\n|switch|p1a: Hydrapple|Hydrapple, L83, F|100/100\n|turn|5\n|inactive|Time left: 300 sec this turn | 300 sec total\n|\n|t:|1783573837\n|move|p2a: Indeedee|Hyper Voice|p1a: Hydrapple\n|-crit|p1a: Hydrapple\n|-damage|p1a: Hydrapple|44/100\n|move|p1a: Hydrapple|Fickle Beam|p2a: Indeedee\n|-damage|p2a: Indeedee|106/238\n|\n|upkeep\n|turn|6\n|inactive|Time left: 300 sec this turn | 300 sec total\n|\n|t:|1783573838\n|move|p2a: Indeedee|Hyper Voice|p1a: Hydrapple\n|-damage|p1a: Hydrapple|6/100\n|move|p1a: Hydrapple|Fickle Beam|p2a: Indeedee\n|-damage|p2a: Indeedee|0 fnt\n|faint|p2a: Indeedee\n|\n|upkeep\n|inactive|Time left: 300 sec this turn | 300 sec total | 5 sec grace\n|\n|t:|1783573839\n|switch|p2a: Calyrex|Calyrex-Ice, L72|263/263\n|-ability|p2a: Calyrex|As One\n|-ability|p2a: Calyrex|Unnerve\n|turn|7\n|inactive|Time left: 300 sec this turn | 300 sec total\n|\n|t:|1783573840\n|switch|p1a: Corviknight|Corviknight, L80, M|100/100\n|move|p2a: Calyrex|Glacial Lance|p1a: Corviknight\n|-damage|p1a: Corviknight|53/100\n|\n|-heal|p1a: Corviknight|60/100|[from] item: Leftovers\n|upkeep\n|turn|8\n|inactive|Time left: 300 sec this turn | 300 sec total\n|\n|t:|1783573841\n|move|p1a: Corviknight|Roost|p1a: Corviknight\n|-heal|p1a: Corviknight|100/100\n|-singleturn|p1a: Corviknight|move: Roost\n|move|p2a: Calyrex|Glacial Lance|p1a: Corviknight\n|-resisted|p1a: Corviknight\n|-damage|p1a: Corviknight|76/100\n|\n|-heal|p1a: Corviknight|82/100|[from] item: Leftovers\n|-fieldend|move: Psychic Terrain\n|upkeep\n|turn|9\n|inactive|Time left: 300 sec this turn | 300 sec total\n|\n|t:|1783573842\n|move|p1a: Corviknight|Roost|p1a: Corviknight\n|-heal|p1a: Corviknight|100/100\n|-singleturn|p1a: Corviknight|move: Roost\n|move|p2a: Calyrex|Glacial Lance|p1a: Corviknight\n|-resisted|p1a: Corviknight\n|-damage|p1a: Corviknight|77/100\n|\n|-heal|p1a: Corviknight|83/100|[from] item: Leftovers\n|upkeep\n|turn|10\n|inactive|Time left: 300 sec this turn | 300 sec total\n|\n|t:|1783573843\n|move|p1a: Corviknight|Brave Bird|p2a: Calyrex\n|-damage|p2a: Calyrex|178/263\n|-damage|p1a: Corviknight|73/100|[from] Recoil\n|move|p2a: Calyrex|Glacial Lance|p1a: Corviknight\n|-damage|p1a: Corviknight|28/100\n|\n|-heal|p1a: Corviknight|35/100|[from] item: Leftovers\n|upkeep\n|turn|11\n|inactive|Time left: 300 sec this turn | 300 sec total\n|\n|t:|1783573844\n|move|p1a: Corviknight|Roost|p1a: Corviknight\n|-heal|p1a: Corviknight|85/100\n|-singleturn|p1a: Corviknight|move: Roost\n|move|p2a: Calyrex|Glacial Lance|p1a: Corviknight\n|-resisted|p1a: Corviknight\n|-damage|p1a: Corviknight|64/100\n|\n|-heal|p1a: Corviknight|70/100|[from] item: Leftovers\n|upkeep\n|turn|12\n|inactive|Time left: 300 sec this turn | 300 sec total\n|\n|t:|1783573845\n|move|p1a: Corviknight|Brave Bird|p2a: Calyrex\n|-damage|p2a: Calyrex|96/263\n|-damage|p1a: Corviknight|61/100|[from] Recoil\n|move|p2a: Calyrex|Glacial Lance|p1a: Corviknight\n|-damage|p1a: Corviknight|13/100\n|\n|-heal|p1a: Corviknight|20/100|[from] item: Leftovers\n|upkeep\n|turn|13\n|inactive|Time left: 300 sec this turn | 300 sec total\n|\n|t:|1783573846\n|move|p1a: Corviknight|Roost|p1a: Corviknight\n|-heal|p1a: Corviknight|70/100\n|-singleturn|p1a: Corviknight|move: Roost\n|move|p2a: Calyrex|Agility|p2a: Calyrex\n|-boost|p2a: Calyrex|spe|2\n|\n|-heal|p1a: Corviknight|76/100|[from] item: Leftovers\n|upkeep\n|turn|14\n|inactive|Time left: 300 sec this turn | 300 sec total\n|\n|t:|1783573847\n|move|p2a: Calyrex|Glacial Lance|p1a: Corviknight\n|-damage|p1a: Corviknight|26/100\n|move|p1a: Corviknight|Roost|p1a: Corviknight\n|-heal|p1a: Corviknight|76/100\n|-singleturn|p1a: Corviknight|move: Roost\n|\n|-heal|p1a: Corviknight|82/100|[from] item: Leftovers\n|upkeep\n|turn|15\n|inactive|Time left: 300 sec this turn | 300 sec total\n|\n|t:|1783573848\n|move|p2a: Calyrex|Glacial Lance|p1a: Corviknight\n|-damage|p1a: Corviknight|37/100\n|move|p1a: Corviknight|Brave Bird|p2a: Calyrex\n|-damage|p2a: Calyrex|12/263\n|-damage|p1a: Corviknight|28/100|[from] Recoil\n|\n|-heal|p1a: Corviknight|34/100|[from] item: Leftovers\n|upkeep\n|turn|16\n|inactive|Time left: 300 sec this turn | 300 sec total\n|\n|t:|1783573849\n|-terastallize|p2a: Calyrex|Fighting\n|move|p2a: Calyrex|Close Combat|p1a: Corviknight\n|-damage|p1a: Corviknight|0 fnt\n|-unboost|p2a: Calyrex|def|1\n|-unboost|p2a: Calyrex|spd|1\n|faint|p1a: Corviknight\n|-ability|p2a: Calyrex|Chilling Neigh|boost\n|-boost|p2a: Calyrex|atk|1\n|\n|upkeep\n|\n|t:|1783573850\n|switch|p1a: Klefki|Klefki, L84, M|100/100\n|turn|17\n|inactive|Time left: 300 sec this turn | 300 sec total\n|\n|t:|1783573851\n|move|p2a: Calyrex|Close Combat|p1a: Klefki\n|-damage|p1a: Klefki|17/100\n|-unboost|p2a: Calyrex|def|1\n|-unboost|p2a: Calyrex|spd|1\n|move|p1a: Klefki|Play Rough|p2a: Calyrex\n|-supereffective|p2a: Calyrex\n|-damage|p2a: Calyrex|0 fnt\n|faint|p2a: Calyrex\n|\n|-heal|p1a: Klefki|23/100|[from] item: Leftovers\n|upkeep\n|inactive|Time left: 300 sec this turn | 300 sec total | 5 sec grace\n|\n|t:|1783573852\n|switch|p2a: Tentacruel|Tentacruel, L84, F|272/272\n|turn|18\n|inactive|Time left: 300 sec this turn | 300 sec total\n|\n|t:|1783573853\n|move|p1a: Klefki|Thunder Wave|p2a: Tentacruel\n|-status|p2a: Tentacruel|par\n|move|p2a: Tentacruel|Surf|p1a: Klefki\n|-damage|p1a: Klefki|0 fnt\n|faint|p1a: Klefki\n|\n|upkeep\n|\n|t:|1783573854\n|switch|p1a: Hydrapple|Hydrapple, L83, F|39/100\n|turn|19\n|inactive|Time left: 300 sec this turn | 300 sec total\n|\n|t:|1783573855\n|move|p1a: Hydrapple|Earth Power|p2a: Tentacruel\n|-supereffective|p2a: Tentacruel\n|-damage|p2a: Tentacruel|100/272 par\n|move|p2a: Tentacruel|Sludge Bomb|p1a: Hydrapple\n|-supereffective|p1a: Hydrapple\n|-crit|p1a: Hydrapple\n|-damage|p1a: Hydrapple|0 fnt\n|faint|p1a: Hydrapple\n|\n|-heal|p2a: Tentacruel|117/272 par|[from] item: Leftovers\n|upkeep\n|\n|t:|1783573856\n|switch|p1a: Zapdos|Zapdos-Galar, L77|30/100\n|turn|20\n|inactive|Time left: 300 sec this turn | 300 sec total\n|\n|t:|1783573857\n|switch|p2a: Camerupt|Camerupt, L91, M|275/275\n|move|p1a: Zapdos|Close Combat|p2a: Camerupt\n|-damage|p2a: Camerupt|59/275\n|-unboost|p1a: Zapdos|def|1\n|-unboost|p1a: Zapdos|spd|1\n|\n|-heal|p2a: Camerupt|76/275|[from] item: Leftovers\n|upkeep\n|turn|21\n|inactive|Time left: 300 sec this turn | 300 sec total\n|\n|t:|1783573857\n|switch|p2a: Tentacruel|Tentacruel, L84, F|117/272 par\n|move|p1a: Zapdos|Close Combat|p2a: Tentacruel\n|-resisted|p2a: Tentacruel\n|-damage|p2a: Tentacruel|0 fnt\n|-unboost|p1a: Zapdos|def|1\n|-unboost|p1a: Zapdos|spd|1\n|faint|p2a: Tentacruel\n|\n|upkeep\n|inactive|Time left: 300 sec this turn | 300 sec total | 5 sec grace\n|\n|t:|1783573858\n|switch|p2a: Hitmonchan|Hitmonchan, L87, M|229/229\n|turn|22\n|inactive|Time left: 300 sec this turn | 300 sec total\n|\n|t:|1783573859\n|move|p1a: Zapdos|Close Combat|p2a: Hitmonchan\n|-damage|p2a: Hitmonchan|25/229\n|-unboost|p1a: Zapdos|def|1\n|-unboost|p1a: Zapdos|spd|1\n|move|p2a: Hitmonchan|Drain Punch|p1a: Zapdos\n|-resisted|p1a: Zapdos\n|-damage|p1a: Zapdos|0 fnt\n|-heal|p2a: Hitmonchan|64/229|[from] drain|[of] p1a: Zapdos\n|faint|p1a: Zapdos\n|\n|-heal|p2a: Hitmonchan|78/229|[from] item: Leftovers\n|upkeep\n|\n|t:|1783573860\n|switch|p1a: Meloetta|Meloetta, L82|100/100\n|turn|23\n|inactive|Time left: 300 sec this turn | 300 sec total\n|\n|t:|1783573860\n|switch|p2a: Camerupt|Camerupt, L91, M|76/275\n|move|p1a: Meloetta|Relic Song|p2a: Camerupt\n|-damage|p2a: Camerupt|0 fnt\n|faint|p2a: Camerupt\n|-formechange|p1a: Meloetta|Meloetta-Pirouette|[msg]\n|-damage|p1a: Meloetta|91/100|[from] item: Life Orb\n|\n|upkeep\n|inactive|Time left: 300 sec this turn | 300 sec total | 5 sec grace\n|\n|t:|1783573861\n|switch|p2a: Hitmonchan|Hitmonchan, L87, M|78/229\n|turn|24\n|inactive|Time left: 300 sec this turn | 300 sec total\n|\n|t:|1783573862\n|move|p1a: Meloetta|Close Combat|p2a: Hitmonchan\n|-damage|p2a: Hitmonchan|0 fnt\n|-unboost|p1a: Meloetta|def|1\n|-unboost|p1a: Meloetta|spd|1\n|faint|p2a: Hitmonchan\n|-damage|p1a: Meloetta|81/100|[from] item: Life Orb\n|\n|win|p0x2939f755", "uploadtime": 1783573862, "views": 0, "rating": 0, "private": 0, "password": null, "_winner": "p0x2939f755", "_our_name": "p0y293981a3"}