{"id": "battle-gen9randombattle-491", "formatid": "gen9randombattle", "format": "[Gen 9] Random Battle", "players": ["p0x491855b", "p0y4914004"], "log": "|init|battle\n|title|p0x491855b vs. p0y4914004\n|j|\u2606p0x491855b\n|j|\u2606p0y4914004\n|t:|1783545493\n|gametype|singles\n|player|p1|p0x491855b|170|\n|player|p2|p0y4914004|101|\n|gen|9\n|tier|[Gen 9] Random Battle\n|rule|Species Clause: Limit one of each Pok\u00e9mon\n|rule|HP Percentage Mod: HP is shown in percentages\n|rule|Sleep Clause Mod: Limit one foe put to sleep\n|rule|Illusion Level Mod: Illusion disguises the Pok\u00e9mon's true level\n|\n|t:|1783545493\n|teamsize|p1|6\n|teamsize|p2|6\n|start\n|switch|p1a: Deoxys|Deoxys, L74|196/196\n|switch|p2a: Appletun|Appletun, L92, F|100/100\n|-ability|p1a: Deoxys|Pressure\n|turn|1\n|inactive|Battle timer is ON: inactive players will automatically lose when time's up. (requested by p0y4914004)\n|inactive|Time left: 300 sec this turn | 300 sec total | 60 sec grace\n|inactive|p0x491855b also wants the timer to be on.\n|\n|t:|1783545494\n|switch|p1a: Delphox|Delphox, L84, M|263/263\n|move|p2a: Appletun|Dragon Pulse|p1a: Delphox\n|-damage|p1a: Delphox|169/263\n|\n|upkeep\n|turn|2\n|inactive|Time left: 300 sec this turn | 300 sec total\n|\n|t:|1783545496\n|move|p1a: Delphox|Fire Blast|p2a: Appletun\n|-damage|p2a: Appletun|72/100\n|move|p2a: Appletun|Dragon Pulse|p1a: Delphox\n|-damage|p1a: Delphox|69/263\n|\n|-heal|p2a: Appletun|79/100|[from] item: Leftovers\n|upkeep\n|turn|3\n|inactive|Time left: 300 sec this turn | 300 sec total\n|\n|t:|1783545496\n|move|p1a: Delphox|Fire Blast|p2a: Appletun|[miss]\n|-miss|p1a: Delphox|p2a: Appletun\n|move|p2a: Appletun|Dragon Pulse|p1a: Delphox\n|-damage|p1a: Delphox|0 fnt\n|faint|p1a: Delphox\n|\n|-heal|p2a: Appletun|85/100|[from] item: Leftovers\n|upkeep\n|inactive|Time left: 300 sec this turn | 300 sec total | 5 sec grace\n|\n|t:|1783545497\n|switch|p1a: Rayquaza|Rayquaza, L72|270/270\n|-ability|p1a: Rayquaza|Air Lock\n|turn|4\n|inactive|Time left: 300 sec this turn | 300 sec total\n|\n|t:|1783545498\n|move|p1a: Rayquaza|Outrage|p2a: Appletun\n|-supereffective|p2a: Appletun\n|-damage|p2a: Appletun|11/100\n|move|p2a: Appletun|Dragon Pulse|p1a: Rayquaza\n|-supereffective|p1a: Rayquaza\n|-damage|p1a: Rayquaza|36/270\n|\n|-heal|p2a: Appletun|17/100|[from] item: Leftovers\n|upkeep\n|turn|5\n|inactive|Time left: 300 sec this turn | 300 sec total\n|\n|t:|1783545499\n|switch|p2a: Revavroom|Revavroom, L79, F|100/100\n|move|p1a: Rayquaza|Outrage|p2a: Revavroom|[from] lockedmove\n|-resisted|p2a: Revavroom\n|-damage|p2a: Revavroom|75/100\n|-start|p1a: Rayquaza|confusion|[fatigue]\n|\n|upkeep\n|turn|6\n|inactive|Time left: 300 sec this turn | 300 sec total\n|\n|t:|1783545500\n|switch|p1a: Mudsdale|Mudsdale, L83, F|302/302\n|move|p2a: Revavroom|Shift Gear|p2a: Revavroom\n|-boost|p2a: Revavroom|spe|2\n|-boost|p2a: Revavroom|atk|1\n|\n|upkeep\n|turn|7\n|inactive|Time left: 300 sec this turn | 300 sec total\n|\n|t:|1783545501\n|move|p2a: Revavroom|Iron Head|p1a: Mudsdale\n|-crit|p1a: Mudsdale\n|-damage|p1a: Mudsdale|80/302\n|-ability|p1a: Mudsdale|Stamina|boost\n|-boost|p1a: Mudsdale|def|1\n|-damage|p2a: Revavroom|65/100|[from] item: Life Orb\n|cant|p1a: Mudsdale|flinch\n|\n|-heal|p1a: Mudsdale|98/302|[from] item: Leftovers\n|upkeep\n|turn|8\n|inactive|Time left: 300 sec this turn | 300 sec total\n|\n|t:|1783545502\n|move|p2a: Revavroom|Iron Head|p1a: Mudsdale\n|-damage|p1a: Mudsdale|0 fnt\n|faint|p1a: Mudsdale\n|-damage|p2a: Revavroom|55/100|[from] item: Life Orb\n|\n|upkeep\n|inactive|Time left: 300 sec this turn | 300 sec total | 5 sec grace\n|\n|t:|1783545503\n|switch|p1a: Raging Bolt|Raging Bolt, L78|323/323\n|turn|9\n|inactive|Time left: 300 sec this turn | 300 sec total\n|\n|t:|1783545504\n|-end|p1a: Raging Bolt|Protosynthesis|[silent]\n|switch|p1a: Rayquaza|Rayquaza, L72|36/270\n|-ability|p1a: Rayquaza|Air Lock\n|-terastallize|p2a: Revavroom|Ground\n|move|p2a: Revavroom|High Horsepower|p1a: Rayquaza\n|-immune|p1a: Rayquaza\n|\n|upkeep\n|turn|10\n|inactive|Time left: 300 sec this turn | 300 sec total\n|\n|t:|1783545505\n|move|p2a: Revavroom|Iron Head|p1a: Rayquaza\n|-damage|p1a: Rayquaza|0 fnt\n|faint|p1a: Rayquaza\n|-damage|p2a: Revavroom|45/100|[from] item: Life Orb\n|\n|upkeep\n|inactive|Time left: 300 sec this turn | 300 sec total | 5 sec grace\n|\n|t:|1783545506\n|switch|p1a: Eiscue|Eiscue, L88, M|274/274\n|turn|11\n|inactive|Time left: 300 sec this turn | 300 sec total\n|\n|t:|1783545507\n|move|p2a: Revavroom|Iron Head|p1a: Eiscue\n|-activate|p1a: Eiscue|ability: Ice Face\n|-damage|p1a: Eiscue|274/274\n|detailschange|p1a: Eiscue|Eiscue-Noice, L88, M\n|-damage|p2a: Revavroom|36/100|[from] item: Life Orb\n|cant|p1a: Eiscue|flinch\n|\n|upkeep\n|turn|12\n|inactive|Time left: 300 sec this turn | 300 sec total\n|\n|t:|1783545508\n|-terastallize|p1a: Eiscue|Electric\n|move|p2a: Revavroom|Gunk Shot|p1a: Eiscue|[miss]\n|-miss|p2a: Revavroom|p1a: Eiscue\n|move|p1a: Eiscue|Ice Spinner|p2a: Revavroom\n|-supereffective|p2a: Revavroom\n|-damage|p2a: Revavroom|0 fnt\n|faint|p2a: Revavroom\n|\n|upkeep\n|\n|t:|1783545509\n|switch|p2a: Umbreon|Umbreon, L84, F|100/100\n|turn|13\n|inactive|Time left: 300 sec this turn | 300 sec total\n|\n|t:|1783545510\n|move|p1a: Eiscue|Ice Spinner|p2a: Umbreon\n|-damage|p2a: Umbreon|75/100\n|move|p2a: Umbreon|Foul Play|p1a: Eiscue\n|-damage|p1a: Eiscue|178/274\n|\n|-heal|p2a: Umbreon|81/100|[from] item: Leftovers\n|upkeep\n|turn|14\n|inactive|Time left: 300 sec this turn | 300 sec total\n|\n|t:|1783545511\n|move|p1a: Eiscue|Tera Blast|p2a: Umbreon|[anim] Tera Blast Electric\n|-damage|p2a: Umbreon|59/100\n|move|p2a: Umbreon|Foul Play|p1a: Eiscue\n|-damage|p1a: Eiscue|84/274\n|-enditem|p1a: Eiscue|Sitrus Berry|[eat]\n|-heal|p1a: Eiscue|152/274|[from] item: Sitrus Berry\n|\n|-heal|p2a: Umbreon|65/100|[from] item: Leftovers\n|upkeep\n|turn|15\n|inactive|Time left: 300 sec this turn | 300 sec total\n|\n|t:|1783545513\n|move|p1a: Eiscue|Liquidation|p2a: Umbreon\n|-damage|p2a: Umbreon|49/100\n|move|p2a: Umbreon|Toxic|p1a: Eiscue\n|-status|p1a: Eiscue|tox\n|\n|-heal|p2a: Umbreon|55/100|[from] item: Leftovers\n|-damage|p1a: Eiscue|135/274 tox|[from] psn\n|upkeep\n|turn|16\n|inactive|Time left: 300 sec this turn | 300 sec total\n|\n|t:|1783545514\n|move|p1a: Eiscue|Ice Spinner|p2a: Umbreon\n|-damage|p2a: Umbreon|33/100\n|move|p2a: Umbreon|Wish|p2a: Umbreon\n|\n|-heal|p2a: Umbreon|39/100|[from] item: Leftovers\n|-damage|p1a: Eiscue|101/274 tox|[from] psn\n|upkeep\n|turn|17\n|inactive|Time left: 300 sec this turn | 300 sec total\n|\n|t:|1783545515\n|move|p1a: Eiscue|Ice Spinner|p2a: Umbreon\n|-damage|p2a: Umbreon|18/100\n|move|p2a: Umbreon|Foul Play|p1a: Eiscue\n|-damage|p1a: Eiscue|2/274 tox\n|\n|-heal|p2a: Umbreon|68/100|[from] move: Wish|[wisher] Umbreon\n|-heal|p2a: Umbreon|74/100|[from] item: Leftovers\n|-damage|p1a: Eiscue|0 fnt|[from] psn\n|faint|p1a: Eiscue\n|upkeep\n|inactive|Time left: 300 sec this turn | 300 sec total | 5 sec grace\n|\n|t:|1783545516\n|switch|p1a: Raging Bolt|Raging Bolt, L78|323/323\n|turn|18\n|inactive|Time left: 300 sec this turn | 300 sec total\n|\n|t:|1783545517\n|move|p1a: Raging Bolt|Discharge|p2a: Umbreon\n|-damage|p2a: Umbreon|51/100\n|-status|p2a: Umbreon|par\n|-activate|p2a: Umbreon|ability: Synchronize\n|-immune|p1a: Raging Bolt\n|move|p2a: Umbreon|Toxic|p1a: Raging Bolt\n|-status|p1a: Raging Bolt|tox\n|\n|-heal|p2a: Umbreon|57/100 par|[from] item: Leftovers\n|-damage|p1a: Raging Bolt|303/323 tox|[from] psn\n|upkeep\n|turn|19\n|inactive|Time left: 300 sec this turn | 300 sec total\n|\n|t:|1783545518\n|move|p1a: Raging Bolt|Discharge|p2a: Umbreon\n|-damage|p2a: Umbreon|35/100 par\n|move|p2a: Umbreon|Foul Play|p1a: Raging Bolt\n|-damage|p1a: Raging Bolt|239/323 tox\n|\n|-heal|p2a: Umbreon|41/100 par|[from] item: Leftovers\n|-damage|p1a: Raging Bolt|199/323 tox|[from] psn\n|upkeep\n|turn|20\n|inactive|Time left: 300 sec this turn | 300 sec total\n|\n|t:|1783545519\n|move|p1a: Raging Bolt|Discharge|p2a: Umbreon\n|-damage|p2a: Umbreon|14/100 par\n|move|p2a: Umbreon|Foul Play|p1a: Raging Bolt\n|-damage|p1a: Raging Bolt|138/323 tox\n|\n|-heal|p2a: Umbreon|20/100 par|[from] item: Leftovers\n|-damage|p1a: Raging Bolt|78/323 tox|[from] psn\n|upkeep\n|turn|21\n|inactive|Time left: 300 sec this turn | 300 sec total\n|\n|t:|1783545520\n|move|p2a: Umbreon|Protect|p2a: Umbreon\n|-singleturn|p2a: Umbreon|Protect\n|move|p1a: Raging Bolt|Volt Switch|p2a: Umbreon\n|-activate|p2a: Umbreon|move: Protect\n|\n|-heal|p2a: Umbreon|26/100 par|[from] item: Leftovers\n|-damage|p1a: Raging Bolt|0 fnt|[from] psn\n|faint|p1a: Raging Bolt\n|-end|p1a: Raging Bolt|Protosynthesis|[silent]\n|upkeep\n|inactive|Time left: 300 sec this turn | 300 sec total | 5 sec grace\n|\n|t:|1783545521\n|switch|p1a: Deoxys|Deoxys, L74|196/196\n|-ability|p1a: Deoxys|Pressure\n|turn|22\n|inactive|Time left: 300 sec this turn | 300 sec total\n|\n|t:|1783545522\n|move|p1a: Deoxys|Ice Beam|p2a: Umbreon\n|-damage|p2a: Umbreon|4/100 par\n|-damage|p1a: Deoxys|177/196|[from] item: Life Orb\n|move|p2a: Umbreon|Foul Play|p1a: Deoxys\n|-supereffective|p1a: Deoxys\n|-damage|p1a: Deoxys|0 fnt\n|faint|p1a: Deoxys\n|\n|win|p0y4914004", "uploadtime": 1783545522, "views": 0, "rating": 0, "private": 0, "password": null, "_winner": "p0y4914004", "_our_name": "p0x491855b"}