{"id": "battle-gen9randombattle-2454", "formatid": "gen9randombattle", "format": "[Gen 9] Random Battle", "players": ["p0x24541dc2", "p0y24546e7c"], "log": "|init|battle\n|title|p0x24541dc2 vs. p0y24546e7c\n|j|\u2606p0x24541dc2\n|j|\u2606p0y24546e7c\n|t:|1783568446\n|gametype|singles\n|player|p1|p0x24541dc2|170|\n|player|p2|p0y24546e7c|266|\n|gen|9\n|tier|[Gen 9] Random Battle\n|rule|Species Clause: Limit one of each Pok\u00e9mon\n|rule|HP Percentage Mod: HP is shown in percentages\n|rule|Sleep Clause Mod: Limit one foe put to sleep\n|rule|Illusion Level Mod: Illusion disguises the Pok\u00e9mon's true level\n|\n|t:|1783568446\n|teamsize|p1|6\n|teamsize|p2|6\n|start\n|switch|p1a: Oricorio|Oricorio-Sensu, L85, M|266/266\n|switch|p2a: Toucannon|Toucannon, L88, M|100/100\n|turn|1\n|inactive|Battle timer is ON: inactive players will automatically lose when time's up. (requested by p0y24546e7c)\n|inactive|Time left: 300 sec this turn | 300 sec total | 60 sec grace\n|inactive|p0x24541dc2 also wants the timer to be on.\n|\n|t:|1783568447\n|-singleturn|p2a: Toucannon|move: Beak Blast\n|move|p1a: Oricorio|Quiver Dance|p1a: Oricorio\n|-boost|p1a: Oricorio|spa|1\n|-boost|p1a: Oricorio|spd|1\n|-boost|p1a: Oricorio|spe|1\n|move|p2a: Toucannon|Beak Blast|p1a: Oricorio\n|-damage|p1a: Oricorio|106/266\n|\n|upkeep\n|turn|2\n|inactive|Time left: 300 sec this turn | 300 sec total\n|\n|t:|1783568448\n|-singleturn|p2a: Toucannon|move: Beak Blast\n|move|p1a: Oricorio|Roost|p1a: Oricorio\n|-heal|p1a: Oricorio|239/266\n|-singleturn|p1a: Oricorio|move: Roost\n|move|p2a: Toucannon|Beak Blast|p1a: Oricorio\n|-damage|p1a: Oricorio|70/266\n|\n|upkeep\n|turn|3\n|inactive|Time left: 300 sec this turn | 300 sec total\n|\n|t:|1783568449\n|-singleturn|p2a: Toucannon|move: Beak Blast\n|move|p1a: Oricorio|Roost|p1a: Oricorio\n|-heal|p1a: Oricorio|203/266\n|-singleturn|p1a: Oricorio|move: Roost\n|move|p2a: Toucannon|Beak Blast|p1a: Oricorio\n|-damage|p1a: Oricorio|40/266\n|\n|upkeep\n|turn|4\n|inactive|Time left: 300 sec this turn | 300 sec total\n|\n|t:|1783568450\n|-singleturn|p2a: Toucannon|move: Beak Blast\n|move|p1a: Oricorio|Hurricane|p2a: Toucannon|[miss]\n|-miss|p1a: Oricorio|p2a: Toucannon\n|move|p2a: Toucannon|Beak Blast|p1a: Oricorio\n|-damage|p1a: Oricorio|0 fnt\n|faint|p1a: Oricorio\n|\n|upkeep\n|inactive|Time left: 300 sec this turn | 300 sec total | 5 sec grace\n|\n|t:|1783568451\n|switch|p1a: Gumshoos|Gumshoos, L95, F|321/321\n|turn|5\n|inactive|Time left: 300 sec this turn | 300 sec total\n|\n|t:|1783568453\n|move|p2a: Toucannon|Knock Off|p1a: Gumshoos\n|-damage|p1a: Gumshoos|221/321\n|-enditem|p1a: Gumshoos|Choice Band|[from] move: Knock Off|[of] p2a: Toucannon\n|move|p1a: Gumshoos|Double-Edge|p2a: Toucannon\n|-damage|p2a: Toucannon|28/100\n|-damage|p1a: Gumshoos|153/321|[from] Recoil\n|\n|upkeep\n|turn|6\n|inactive|Time left: 300 sec this turn | 300 sec total\n|\n|t:|1783568453\n|move|p2a: Toucannon|Boomburst|p1a: Gumshoos\n|-damage|p1a: Gumshoos|0 fnt\n|faint|p1a: Gumshoos\n|\n|upkeep\n|inactive|Time left: 300 sec this turn | 300 sec total | 5 sec grace\n|\n|t:|1783568454\n|switch|p1a: Reshiram|Reshiram, L76|277/277\n|-ability|p1a: Reshiram|Turboblaze\n|turn|7\n|inactive|Time left: 300 sec this turn | 300 sec total\n|\n|t:|1783568455\n|switch|p2a: Conkeldurr|Conkeldurr, L80, M|100/100\n|move|p1a: Reshiram|Dragon Dance|p1a: Reshiram\n|-boost|p1a: Reshiram|atk|1\n|-boost|p1a: Reshiram|spe|1\n|\n|-status|p2a: Conkeldurr|brn|[from] item: Flame Orb\n|upkeep\n|turn|8\n|inactive|Time left: 300 sec this turn | 300 sec total\n|\n|t:|1783568456\n|move|p1a: Reshiram|Outrage|p2a: Conkeldurr\n|-damage|p2a: Conkeldurr|40/100 brn\n|move|p2a: Conkeldurr|Close Combat|p1a: Reshiram\n|-damage|p1a: Reshiram|57/277\n|-unboost|p2a: Conkeldurr|def|1\n|-unboost|p2a: Conkeldurr|spd|1\n|\n|-damage|p2a: Conkeldurr|34/100 brn|[from] brn\n|upkeep\n|turn|9\n|inactive|Time left: 300 sec this turn | 300 sec total\n|\n|t:|1783568457\n|move|p2a: Conkeldurr|Mach Punch|p1a: Reshiram\n|-damage|p1a: Reshiram|0 fnt\n|faint|p1a: Reshiram\n|\n|-damage|p2a: Conkeldurr|28/100 brn|[from] brn\n|upkeep\n|inactive|Time left: 300 sec this turn | 300 sec total | 5 sec grace\n|\n|t:|1783568458\n|switch|p1a: Iron Crown|Iron Crown, L78|268/268\n|turn|10\n|inactive|Time left: 300 sec this turn | 300 sec total\n|\n|t:|1783568459\n|switch|p2a: Stantler|Stantler, L92, M|100/100\n|-ability|p2a: Stantler|Intimidate|boost\n|-unboost|p1a: Iron Crown|atk|1\n|move|p1a: Iron Crown|Tachyon Cutter|p2a: Stantler\n|-damage|p2a: Stantler|86/100\n|-damage|p2a: Stantler|72/100\n|-hitcount|p2a: Stantler|2\n|\n|upkeep\n|turn|11\n|inactive|Time left: 300 sec this turn | 300 sec total\n|\n|t:|1783568460\n|move|p2a: Stantler|Calm Mind|p2a: Stantler\n|-boost|p2a: Stantler|spa|1\n|-boost|p2a: Stantler|spd|1\n|move|p1a: Iron Crown|Calm Mind|p1a: Iron Crown\n|-boost|p1a: Iron Crown|spa|1\n|-boost|p1a: Iron Crown|spd|1\n|\n|upkeep\n|turn|12\n|inactive|Time left: 300 sec this turn | 300 sec total\n|\n|t:|1783568461\n|move|p2a: Stantler|Calm Mind|p2a: Stantler\n|-boost|p2a: Stantler|spa|1\n|-boost|p2a: Stantler|spd|1\n|move|p1a: Iron Crown|Psyshock|p2a: Stantler\n|-damage|p2a: Stantler|34/100\n|\n|upkeep\n|turn|13\n|inactive|Time left: 300 sec this turn | 300 sec total\n|\n|t:|1783568462\n|move|p2a: Stantler|Earth Power|p1a: Iron Crown\n|-supereffective|p1a: Iron Crown\n|-damage|p1a: Iron Crown|110/268\n|move|p1a: Iron Crown|Tachyon Cutter|p2a: Stantler\n|-damage|p2a: Stantler|24/100\n|-damage|p2a: Stantler|13/100\n|-hitcount|p2a: Stantler|2\n|\n|-heal|p1a: Iron Crown|126/268|[from] item: Leftovers\n|upkeep\n|turn|14\n|inactive|Time left: 300 sec this turn | 300 sec total\n|\n|t:|1783568463\n|-end|p1a: Iron Crown|Quark Drive|[silent]\n|switch|p1a: Drifblim|Drifblim, L86, F|398/398\n|move|p2a: Stantler|Earth Power|p1a: Drifblim\n|-immune|p1a: Drifblim\n|\n|upkeep\n|turn|15\n|inactive|Time left: 300 sec this turn | 300 sec total\n|\n|t:|1783568464\n|move|p2a: Stantler|Shadow Ball|p1a: Drifblim\n|-supereffective|p1a: Drifblim\n|-damage|p1a: Drifblim|92/398\n|move|p1a: Drifblim|Air Slash|p2a: Stantler\n|-damage|p2a: Stantler|2/100\n|\n|upkeep\n|turn|16\n|inactive|Time left: 300 sec this turn | 300 sec total\n|\n|t:|1783568465\n|move|p2a: Stantler|Shadow Ball|p1a: Drifblim\n|-supereffective|p1a: Drifblim\n|-damage|p1a: Drifblim|0 fnt\n|faint|p1a: Drifblim\n|\n|upkeep\n|inactive|Time left: 300 sec this turn | 300 sec total | 5 sec grace\n|\n|t:|1783568465\n|switch|p1a: Whimsicott|Whimsicott, L84, F|238/238\n|turn|17\n|inactive|Time left: 300 sec this turn | 300 sec total\n|\n|t:|1783568466\n|switch|p2a: Skeledirge|Skeledirge, L79, F|100/100\n|move|p1a: Whimsicott|Moonblast|p2a: Skeledirge\n|-resisted|p2a: Skeledirge\n|-damage|p2a: Skeledirge|84/100\n|\n|upkeep\n|turn|18\n|inactive|Time left: 300 sec this turn | 300 sec total\n|\n|t:|1783568467\n|move|p1a: Whimsicott|Moonblast|p2a: Skeledirge\n|-resisted|p2a: Skeledirge\n|-damage|p2a: Skeledirge|65/100\n|-unboost|p2a: Skeledirge|spa|1\n|move|p2a: Skeledirge|Torch Song|p1a: Whimsicott\n|-supereffective|p1a: Whimsicott\n|-damage|p1a: Whimsicott|112/238\n|-boost|p2a: Skeledirge|spa|1\n|\n|-heal|p1a: Whimsicott|126/238|[from] item: Leftovers\n|upkeep\n|turn|19\n|inactive|Time left: 300 sec this turn | 300 sec total\n|\n|t:|1783568468\n|move|p1a: Whimsicott|Stun Spore|p2a: Skeledirge\n|-status|p2a: Skeledirge|par\n|move|p2a: Skeledirge|Torch Song|p1a: Whimsicott\n|-supereffective|p1a: Whimsicott\n|-damage|p1a: Whimsicott|0 fnt\n|-boost|p2a: Skeledirge|spa|1\n|faint|p1a: Whimsicott\n|\n|upkeep\n|inactive|Time left: 300 sec this turn | 300 sec total | 5 sec grace\n|\n|t:|1783568469\n|switch|p1a: Iron Crown|Iron Crown, L78|126/268\n|turn|20\n|inactive|Time left: 300 sec this turn | 300 sec total\n|\n|t:|1783568470\n|-terastallize|p1a: Iron Crown|Fighting\n|move|p1a: Iron Crown|Psyshock|p2a: Skeledirge\n|-damage|p2a: Skeledirge|37/100 par\n|move|p2a: Skeledirge|Torch Song|p1a: Iron Crown\n|-crit|p1a: Iron Crown\n|-damage|p1a: Iron Crown|0 fnt\n|-boost|p2a: Skeledirge|spa|1\n|faint|p1a: Iron Crown\n|-end|p1a: Iron Crown|Quark Drive|[silent]\n|\n|win|p0y24546e7c", "uploadtime": 1783568470, "views": 0, "rating": 0, "private": 0, "password": null, "_winner": "p0y24546e7c", "_our_name": "p0x24541dc2"}