{"id": "battle-gen9randombattle-1490", "formatid": "gen9randombattle", "format": "[Gen 9] Random Battle", "players": ["p0x1490b62a", "p0y14908626"], "log": "|init|battle\n|title|p0x1490b62a vs. p0y14908626\n|j|\u2606p0x1490b62a\n|j|\u2606p0y14908626\n|t:|1783557320\n|gametype|singles\n|player|p1|p0x1490b62a|1|\n|player|p2|p0y14908626|102|\n|gen|9\n|tier|[Gen 9] Random Battle\n|rule|Species Clause: Limit one of each Pok\u00e9mon\n|rule|HP Percentage Mod: HP is shown in percentages\n|rule|Sleep Clause Mod: Limit one foe put to sleep\n|rule|Illusion Level Mod: Illusion disguises the Pok\u00e9mon's true level\n|\n|t:|1783557320\n|teamsize|p1|6\n|teamsize|p2|6\n|start\n|switch|p1a: Decidueye|Decidueye-Hisui, L87, F|295/295\n|switch|p2a: Spidops|Spidops, L96, M|100/100\n|turn|1\n|inactive|Battle timer is ON: inactive players will automatically lose when time's up. (requested by p0x1490b62a)\n|inactive|p0y14908626 also wants the timer to be on.\n|\n|t:|1783557322\n|move|p1a: Decidueye|Swords Dance|p1a: Decidueye\n|-boost|p1a: Decidueye|atk|2\n|move|p2a: Spidops|Sticky Web|p1a: Decidueye\n|-sidestart|p1: p0x1490b62a|move: Sticky Web\n|\n|upkeep\n|turn|2\n|inactive|Time left: 300 sec this turn | 300 sec total\n|\n|t:|1783557324\n|move|p1a: Decidueye|Triple Arrows|p2a: Spidops\n|-resisted|p2a: Spidops\n|-damage|p2a: Spidops|65/100\n|-unboost|p2a: Spidops|def|1\n|move|p2a: Spidops|Knock Off|p1a: Decidueye\n|-resisted|p1a: Decidueye\n|-damage|p1a: Decidueye|257/295\n|-enditem|p1a: Decidueye|Leftovers|[from] move: Knock Off|[of] p2a: Spidops\n|\n|upkeep\n|turn|3\n|inactive|Time left: 300 sec this turn | 300 sec total\n|\n|t:|1783557325\n|switch|p2a: Forretress|Forretress, L84, M|100/100\n|move|p1a: Decidueye|Leaf Blade|p2a: Forretress\n|-resisted|p2a: Forretress\n|-damage|p2a: Forretress|87/100\n|\n|-heal|p2a: Forretress|93/100|[from] item: Leftovers\n|upkeep\n|turn|4\n|inactive|Time left: 300 sec this turn | 300 sec total\n|\n|t:|1783557326\n|move|p1a: Decidueye|Triple Arrows|p2a: Forretress\n|-damage|p2a: Forretress|30/100\n|-unboost|p2a: Forretress|def|1\n|move|p2a: Forretress|Rapid Spin|p1a: Decidueye\n|-damage|p1a: Decidueye|224/295\n|-boost|p2a: Forretress|spe|1\n|\n|-heal|p2a: Forretress|36/100|[from] item: Leftovers\n|upkeep\n|turn|5\n|inactive|Time left: 300 sec this turn | 300 sec total\n|\n|t:|1783557327\n|move|p2a: Forretress|Iron Head|p1a: Decidueye\n|-damage|p1a: Decidueye|146/295\n|cant|p1a: Decidueye|flinch\n|\n|-heal|p2a: Forretress|42/100|[from] item: Leftovers\n|upkeep\n|turn|6\n|inactive|Time left: 300 sec this turn | 300 sec total\n|\n|t:|1783557328\n|move|p2a: Forretress|Iron Head|p1a: Decidueye\n|-damage|p1a: Decidueye|59/295\n|move|p1a: Decidueye|Triple Arrows|p2a: Forretress\n|-crit|p2a: Forretress\n|-damage|p2a: Forretress|0 fnt\n|faint|p2a: Forretress\n|\n|upkeep\n|\n|t:|1783557329\n|switch|p2a: Mew|Mew, L82|100/100\n|turn|7\n|inactive|Time left: 300 sec this turn | 300 sec total\n|\n|t:|1783557330\n|move|p2a: Mew|Psychic Noise|p1a: Decidueye\n|-supereffective|p1a: Decidueye\n|-damage|p1a: Decidueye|0 fnt\n|faint|p1a: Decidueye\n|\n|upkeep\n|inactive|Time left: 300 sec this turn | 300 sec total | 5 sec grace\n|\n|t:|1783557331\n|switch|p1a: Altaria|Altaria, L89, F|278/278\n|turn|8\n|inactive|Time left: 300 sec this turn | 300 sec total\n|\n|t:|1783557333\n|switch|p2a: Greedent|Greedent, L86, F|100/100\n|move|p1a: Altaria|Defog|p2a: Greedent\n|-unboost|p2a: Greedent|evasion|1\n|-sideend|p1: p0x1490b62a|Sticky Web|[from] move: Defog|[of] p1a: Altaria\n|\n|upkeep\n|turn|9\n|inactive|Time left: 300 sec this turn | 300 sec total\n|\n|t:|1783557334\n|move|p1a: Altaria|Brave Bird|p2a: Greedent\n|-damage|p2a: Greedent|71/100\n|-damage|p1a: Altaria|244/278|[from] Recoil\n|move|p2a: Greedent|Swords Dance|p2a: Greedent\n|-boost|p2a: Greedent|atk|2\n|\n|upkeep\n|turn|10\n|inactive|Time left: 300 sec this turn | 300 sec total\n|\n|t:|1783557335\n|move|p1a: Altaria|Roost|p1a: Altaria\n|-heal|p1a: Altaria|278/278\n|-singleturn|p1a: Altaria|move: Roost\n|move|p2a: Greedent|Double-Edge|p1a: Altaria\n|-damage|p1a: Altaria|28/278\n|-damage|p2a: Greedent|47/100|[from] Recoil\n|-enditem|p2a: Greedent|Sitrus Berry|[eat]\n|-heal|p2a: Greedent|72/100|[from] item: Sitrus Berry\n|-heal|p2a: Greedent|100/100|[from] ability: Cheek Pouch\n|\n|upkeep\n|turn|11\n|inactive|Time left: 300 sec this turn | 300 sec total\n|\n|t:|1783557336\n|move|p1a: Altaria|Roost|p1a: Altaria\n|-heal|p1a: Altaria|167/278\n|-singleturn|p1a: Altaria|move: Roost\n|move|p2a: Greedent|Knock Off|p1a: Altaria\n|-damage|p1a: Altaria|24/278\n|-enditem|p1a: Altaria|Heavy-Duty Boots|[from] move: Knock Off|[of] p2a: Greedent\n|\n|upkeep\n|turn|12\n|inactive|Time left: 300 sec this turn | 300 sec total\n|\n|t:|1783557337\n|move|p1a: Altaria|Brave Bird|p2a: Greedent\n|-damage|p2a: Greedent|73/100\n|-damage|p1a: Altaria|0 fnt|[from] Recoil\n|faint|p1a: Altaria\n|move|p2a: Greedent|Double-Edge|p1: Altaria|[notarget]\n|-fail|p2a: Greedent\n|\n|upkeep\n|inactive|Time left: 300 sec this turn | 300 sec total | 5 sec grace\n|\n|t:|1783557338\n|switch|p1a: Oinkologne|Oinkologne, L92, M|352/352\n|turn|13\n|inactive|Time left: 300 sec this turn | 300 sec total\n|\n|t:|1783557339\n|move|p1a: Oinkologne|Curse|p1a: Oinkologne\n|-unboost|p1a: Oinkologne|spe|1\n|-boost|p1a: Oinkologne|atk|1\n|-boost|p1a: Oinkologne|def|1\n|move|p2a: Greedent|Knock Off|p1a: Oinkologne\n|-damage|p1a: Oinkologne|258/352\n|-enditem|p1a: Oinkologne|Leftovers|[from] move: Knock Off|[of] p2a: Greedent\n|\n|upkeep\n|turn|14\n|inactive|Time left: 300 sec this turn | 300 sec total\n|\n|t:|1783557340\n|move|p1a: Oinkologne|Body Slam|p2a: Greedent\n|-damage|p2a: Greedent|30/100\n|move|p2a: Greedent|Earthquake|p1a: Oinkologne\n|-damage|p1a: Oinkologne|164/352\n|\n|upkeep\n|turn|15\n|inactive|Time left: 300 sec this turn | 300 sec total\n|\n|t:|1783557341\n|switch|p2a: Clefable|Clefable, L83, F|100/100\n|move|p1a: Oinkologne|Body Slam|p2a: Clefable\n|-damage|p2a: Clefable|53/100\n|-status|p2a: Clefable|par\n|\n|-heal|p2a: Clefable|60/100 par|[from] item: Leftovers\n|upkeep\n|turn|16\n|inactive|Time left: 300 sec this turn | 300 sec total\n|\n|t:|1783557342\n|move|p1a: Oinkologne|Body Slam|p2a: Clefable\n|-damage|p2a: Clefable|12/100 par\n|move|p2a: Clefable|Moonlight|p2a: Clefable\n|-heal|p2a: Clefable|62/100 par\n|\n|-heal|p2a: Clefable|68/100 par|[from] item: Leftovers\n|upkeep\n|turn|17\n|inactive|Time left: 300 sec this turn | 300 sec total\n|\n|t:|1783557343\n|move|p1a: Oinkologne|Body Slam|p2a: Clefable\n|-damage|p2a: Clefable|22/100 par\n|move|p2a: Clefable|Moonblast|p1a: Oinkologne\n|-damage|p1a: Oinkologne|76/352\n|\n|-heal|p2a: Clefable|28/100 par|[from] item: Leftovers\n|upkeep\n|turn|18\n|inactive|Time left: 300 sec this turn | 300 sec total\n|\n|t:|1783557344\n|move|p1a: Oinkologne|High Horsepower|p2a: Clefable\n|-damage|p2a: Clefable|0 fnt\n|faint|p2a: Clefable\n|\n|upkeep\n|\n|t:|1783557344\n|switch|p2a: Spidops|Spidops, L96, M|65/100\n|turn|19\n|inactive|Time left: 300 sec this turn | 300 sec total\n|\n|t:|1783557345\n|move|p2a: Spidops|Sticky Web|p1a: Oinkologne\n|-sidestart|p1: p0x1490b62a|move: Sticky Web\n|move|p1a: Oinkologne|Body Slam|p2a: Spidops\n|-damage|p2a: Spidops|16/100\n|\n|upkeep\n|turn|20\n|inactive|Time left: 300 sec this turn | 300 sec total\n|\n|t:|1783557347\n|move|p2a: Spidops|Knock Off|p1a: Oinkologne\n|-damage|p1a: Oinkologne|41/352\n|move|p1a: Oinkologne|Body Slam|p2a: Spidops\n|-damage|p2a: Spidops|0 fnt\n|faint|p2a: Spidops\n|\n|upkeep\n|\n|t:|1783557348\n|switch|p2a: Comfey|Comfey, L85, F|100/100\n|turn|21\n|inactive|Time left: 300 sec this turn | 300 sec total\n|\n|t:|1783557349\n|move|p2a: Comfey|Tera Blast|p1a: Oinkologne\n|-damage|p1a: Oinkologne|0 fnt\n|faint|p1a: Oinkologne\n|\n|upkeep\n|inactive|Time left: 300 sec this turn | 300 sec total | 5 sec grace\n|\n|t:|1783557350\n|switch|p1a: Regice|Regice, L88|284/284\n|turn|22\n|inactive|Time left: 300 sec this turn | 300 sec total\n|\n|t:|1783557350\n|move|p2a: Comfey|Calm Mind|p2a: Comfey\n|-boost|p2a: Comfey|spa|1\n|-boost|p2a: Comfey|spd|1\n|move|p1a: Regice|Ice Beam|p2a: Comfey\n|-damage|p2a: Comfey|75/100\n|\n|-heal|p2a: Comfey|81/100|[from] item: Leftovers\n|upkeep\n|turn|23\n|inactive|Time left: 300 sec this turn | 300 sec total\n|\n|t:|1783557351\n|move|p2a: Comfey|Calm Mind|p2a: Comfey\n|-boost|p2a: Comfey|spa|1\n|-boost|p2a: Comfey|spd|1\n|move|p1a: Regice|Ice Beam|p2a: Comfey\n|-damage|p2a: Comfey|61/100\n|\n|-heal|p2a: Comfey|67/100|[from] item: Leftovers\n|upkeep\n|turn|24\n|inactive|Time left: 300 sec this turn | 300 sec total\n|\n|t:|1783557352\n|move|p2a: Comfey|Draining Kiss|p1a: Regice\n|-damage|p1a: Regice|238/284\n|-heal|p2a: Comfey|83/100|[from] drain|[of] p1a: Regice\n|move|p1a: Regice|Ice Beam|p2a: Comfey\n|-damage|p2a: Comfey|64/100\n|\n|-heal|p2a: Comfey|70/100|[from] item: Leftovers\n|upkeep\n|turn|25\n|inactive|Time left: 300 sec this turn | 300 sec total\n|\n|t:|1783557353\n|move|p2a: Comfey|Draining Kiss|p1a: Regice\n|-damage|p1a: Regice|189/284\n|-heal|p2a: Comfey|87/100|[from] drain|[of] p1a: Regice\n|move|p1a: Regice|Ice Beam|p2a: Comfey\n|-damage|p2a: Comfey|68/100\n|\n|-heal|p2a: Comfey|74/100|[from] item: Leftovers\n|upkeep\n|turn|26\n|inactive|Time left: 300 sec this turn | 300 sec total\n|\n|t:|1783557354\n|move|p2a: Comfey|Calm Mind|p2a: Comfey\n|-boost|p2a: Comfey|spa|1\n|-boost|p2a: Comfey|spd|1\n|move|p1a: Regice|Ice Beam|p2a: Comfey\n|-damage|p2a: Comfey|59/100\n|\n|-heal|p2a: Comfey|65/100|[from] item: Leftovers\n|upkeep\n|turn|27\n|inactive|Time left: 300 sec this turn | 300 sec total\n|\n|t:|1783557355\n|move|p2a: Comfey|Draining Kiss|p1a: Regice\n|-damage|p1a: Regice|129/284\n|-heal|p2a: Comfey|85/100|[from] drain|[of] p1a: Regice\n|move|p1a: Regice|Ice Beam|p2a: Comfey\n|-damage|p2a: Comfey|68/100\n|\n|-heal|p2a: Comfey|74/100|[from] item: Leftovers\n|upkeep\n|turn|28\n|inactive|Time left: 300 sec this turn | 300 sec total\n|\n|t:|1783557356\n|move|p2a: Comfey|Draining Kiss|p1a: Regice\n|-damage|p1a: Regice|69/284\n|-heal|p2a: Comfey|94/100|[from] drain|[of] p1a: Regice\n|move|p1a: Regice|Rest|p1a: Regice\n|-status|p1a: Regice|slp|[from] move: Rest\n|-heal|p1a: Regice|284/284 slp|[silent]\n|\n|-heal|p2a: Comfey|100/100|[from] item: Leftovers\n|upkeep\n|turn|29\n|inactive|Time left: 300 sec this turn | 300 sec total\n|\n|t:|1783557357\n|move|p2a: Comfey|Calm Mind|p2a: Comfey\n|-boost|p2a: Comfey|spa|1\n|-boost|p2a: Comfey|spd|1\n|cant|p1a: Regice|slp\n|\n|upkeep\n|turn|30\n|inactive|Time left: 300 sec this turn | 300 sec total\n|\n|t:|1783557358\n|move|p2a: Comfey|Tera Blast|p1a: Regice\n|-damage|p1a: Regice|211/284 slp\n|cant|p1a: Regice|slp\n|\n|upkeep\n|turn|31\n|inactive|Time left: 300 sec this turn | 300 sec total\n|\n|t:|1783557359\n|move|p2a: Comfey|Draining Kiss|p1a: Regice\n|-damage|p1a: Regice|144/284 slp\n|-curestatus|p1a: Regice|slp|[msg]\n|move|p1a: Regice|Ice Beam|p2a: Comfey\n|-damage|p2a: Comfey|86/100\n|\n|-heal|p2a: Comfey|92/100|[from] item: Leftovers\n|upkeep\n|turn|32\n|inactive|Time left: 300 sec this turn | 300 sec total\n|\n|t:|1783557360\n|move|p2a: Comfey|Draining Kiss|p1a: Regice\n|-damage|p1a: Regice|74/284\n|-heal|p2a: Comfey|100/100|[from] drain|[of] p1a: Regice\n|move|p1a: Regice|Rest|p1a: Regice\n|-status|p1a: Regice|slp|[from] move: Rest\n|-heal|p1a: Regice|284/284 slp|[silent]\n|\n|upkeep\n|turn|33\n|inactive|Time left: 300 sec this turn | 300 sec total\n|\n|t:|1783557361\n|move|p2a: Comfey|Tera Blast|p1a: Regice\n|-damage|p1a: Regice|210/284 slp\n|cant|p1a: Regice|slp\n|\n|upkeep\n|turn|34\n|inactive|Time left: 300 sec this turn | 300 sec total\n|\n|t:|1783557362\n|move|p2a: Comfey|Giga Drain|p1a: Regice\n|-damage|p1a: Regice|140/284 slp\n|cant|p1a: Regice|slp\n|move|p1a: Regice|Sleep Talk|p1a: Regice\n|move|p1a: Regice|Rest||[from] move: Sleep Talk|[still]\n|-fail|p1a: Regice\n|\n|upkeep\n|turn|35\n|inactive|Time left: 300 sec this turn | 300 sec total\n|\n|t:|1783557363\n|move|p2a: Comfey|Draining Kiss|p1a: Regice\n|-damage|p1a: Regice|65/284 slp\n|-curestatus|p1a: Regice|slp|[msg]\n|move|p1a: Regice|Rest|p1a: Regice\n|-status|p1a: Regice|slp|[from] move: Rest\n|-heal|p1a: Regice|284/284 slp|[silent]\n|\n|upkeep\n|turn|36\n|inactive|Time left: 300 sec this turn | 300 sec total\n|\n|t:|1783557364\n|move|p2a: Comfey|Tera Blast|p1a: Regice\n|-damage|p1a: Regice|209/284 slp\n|cant|p1a: Regice|slp\n|move|p1a: Regice|Sleep Talk|p1a: Regice\n|move|p1a: Regice|Thunderbolt|p2a: Comfey|[from] move: Sleep Talk\n|-damage|p2a: Comfey|90/100\n|\n|-heal|p2a: Comfey|96/100|[from] item: Leftovers\n|upkeep\n|turn|37\n|inactive|Time left: 300 sec this turn | 300 sec total\n|\n|t:|1783557365\n|move|p2a: Comfey|Draining Kiss|p1a: Regice\n|-damage|p1a: Regice|137/284 slp\n|-heal|p2a: Comfey|100/100|[from] drain|[of] p1a: Regice\n|cant|p1a: Regice|slp\n|move|p1a: Regice|Sleep Talk|p1a: Regice\n|move|p1a: Regice|Ice Beam|p2a: Comfey|[from] move: Sleep Talk\n|-damage|p2a: Comfey|87/100\n|\n|-heal|p2a: Comfey|93/100|[from] item: Leftovers\n|upkeep\n|turn|38\n|inactive|Time left: 300 sec this turn | 300 sec total\n|\n|t:|1783557366\n|move|p2a: Comfey|Tera Blast|p1a: Regice\n|-damage|p1a: Regice|60/284 slp\n|-curestatus|p1a: Regice|slp|[msg]\n|move|p1a: Regice|Rest|p1a: Regice\n|-status|p1a: Regice|slp|[from] move: Rest\n|-heal|p1a: Regice|284/284 slp|[silent]\n|\n|-heal|p2a: Comfey|99/100|[from] item: Leftovers\n|upkeep\n|turn|39\n|inactive|Time left: 300 sec this turn | 300 sec total\n|\n|t:|1783557367\n|move|p2a: Comfey|Giga Drain|p1a: Regice\n|-damage|p1a: Regice|209/284 slp\n|-heal|p2a: Comfey|100/100|[from] drain|[of] p1a: Regice\n|cant|p1a: Regice|slp\n|\n|upkeep\n|turn|40\n|inactive|Time left: 300 sec this turn | 300 sec total\n|\n|t:|1783557368\n|move|p2a: Comfey|Giga Drain|p1a: Regice\n|-damage|p1a: Regice|132/284 slp\n|cant|p1a: Regice|slp\n|\n|upkeep\n|turn|41\n|inactive|Time left: 300 sec this turn | 300 sec total\n|\n|t:|1783557370\n|move|p2a: Comfey|Giga Drain|p1a: Regice\n|-damage|p1a: Regice|59/284 slp\n|-curestatus|p1a: Regice|slp|[msg]\n|move|p1a: Regice|Rest|p1a: Regice\n|-status|p1a: Regice|slp|[from] move: Rest\n|-heal|p1a: Regice|284/284 slp|[silent]\n|\n|upkeep\n|turn|42\n|inactive|Time left: 300 sec this turn | 300 sec total\n|\n|t:|1783557371\n|move|p2a: Comfey|Tera Blast|p1a: Regice\n|-damage|p1a: Regice|215/284 slp\n|cant|p1a: Regice|slp\n|move|p1a: Regice|Sleep Talk|p1a: Regice\n|move|p1a: Regice|Ice Beam|p2a: Comfey|[from] move: Sleep Talk\n|-damage|p2a: Comfey|87/100\n|\n|-heal|p2a: Comfey|93/100|[from] item: Leftovers\n|upkeep\n|turn|43\n|inactive|Time left: 300 sec this turn | 300 sec total\n|\n|t:|1783557372\n|move|p2a: Comfey|Tera Blast|p1a: Regice\n|-damage|p1a: Regice|138/284 slp\n|cant|p1a: Regice|slp\n|move|p1a: Regice|Sleep Talk|p1a: Regice\n|move|p1a: Regice|Thunderbolt|p2a: Comfey|[from] move: Sleep Talk\n|-damage|p2a: Comfey|84/100\n|\n|-heal|p2a: Comfey|91/100|[from] item: Leftovers\n|upkeep\n|turn|44\n|inactive|Time left: 300 sec this turn | 300 sec total\n|\n|t:|1783557373\n|move|p2a: Comfey|Tera Blast|p1a: Regice\n|-crit|p1a: Regice\n|-damage|p1a: Regice|20/284 slp\n|-curestatus|p1a: Regice|slp|[msg]\n|move|p1a: Regice|Rest|p1a: Regice\n|-status|p1a: Regice|slp|[from] move: Rest\n|-heal|p1a: Regice|284/284 slp|[silent]\n|\n|-heal|p2a: Comfey|97/100|[from] item: Leftovers\n|upkeep\n|turn|45\n|inactive|Time left: 300 sec this turn | 300 sec total\n|\n|t:|1783557374\n|move|p2a: Comfey|Tera Blast|p1a: Regice\n|-damage|p1a: Regice|211/284 slp\n|cant|p1a: Regice|slp\n|move|p1a: Regice|Sleep Talk|p1a: Regice\n|move|p1a: Regice|Thunderbolt|p2a: Comfey|[from] move: Sleep Talk\n|-damage|p2a: Comfey|88/100\n|\n|-heal|p2a: Comfey|94/100|[from] item: Leftovers\n|upkeep\n|turn|46\n|inactive|Time left: 300 sec this turn | 300 sec total\n|\n|t:|1783557375\n|move|p2a: Comfey|Giga Drain|p1a: Regice\n|-damage|p1a: Regice|141/284 slp\n|-heal|p2a: Comfey|100/100|[from] drain|[of] p1a: Regice\n|cant|p1a: Regice|slp\n|move|p1a: Regice|Sleep Talk|p1a: Regice\n|move|p1a: Regice|Thunderbolt|p2a: Comfey|[from] move: Sleep Talk\n|-damage|p2a: Comfey|92/100\n|\n|-heal|p2a: Comfey|98/100|[from] item: Leftovers\n|upkeep\n|turn|47\n|inactive|Time left: 300 sec this turn | 300 sec total\n|\n|t:|1783557376\n|move|p2a: Comfey|Giga Drain|p1a: Regice\n|-damage|p1a: Regice|72/284 slp\n|-heal|p2a: Comfey|100/100|[from] drain|[of] p1a: Regice\n|-curestatus|p1a: Regice|slp|[msg]\n|move|p1a: Regice|Rest|p1a: Regice\n|-status|p1a: Regice|slp|[from] move: Rest\n|-heal|p1a: Regice|284/284 slp|[silent]\n|\n|upkeep\n|turn|48\n|inactive|Time left: 300 sec this turn | 300 sec total\n|\n|t:|1783557378\n|move|p2a: Comfey|Draining Kiss|p1a: Regice\n|-damage|p1a: Regice|214/284 slp\n|cant|p1a: Regice|slp\n|move|p1a: Regice|Sleep Talk|p1a: Regice\n|move|p1a: Regice|Ice Beam|p2a: Comfey|[from] move: Sleep Talk\n|-damage|p2a: Comfey|86/100\n|\n|-heal|p2a: Comfey|92/100|[from] item: Leftovers\n|upkeep\n|turn|49\n|inactive|Time left: 300 sec this turn | 300 sec total\n|\n|t:|1783557379\n|move|p2a: Comfey|Draining Kiss|p1a: Regice\n|-damage|p1a: Regice|142/284 slp\n|-heal|p2a: Comfey|100/100|[from] drain|[of] p1a: Regice\n|cant|p1a: Regice|slp\n|move|p1a: Regice|Sleep Talk|p1a: Regice\n|move|p1a: Regice|Ice Beam|p2a: Comfey|[from] move: Sleep Talk\n|-damage|p2a: Comfey|88/100\n|\n|-heal|p2a: Comfey|94/100|[from] item: Leftovers\n|upkeep\n|turn|50\n|inactive|Time left: 300 sec this turn | 300 sec total\n|\n|t:|1783557380\n|move|p2a: Comfey|Draining Kiss|p1a: Regice\n|-damage|p1a: Regice|69/284 slp\n|-heal|p2a: Comfey|100/100|[from] drain|[of] p1a: Regice\n|-curestatus|p1a: Regice|slp|[msg]\n|move|p1a: Regice|Rest|p1a: Regice\n|-status|p1a: Regice|slp|[from] move: Rest\n|-heal|p1a: Regice|284/284 slp|[silent]\n|\n|upkeep\n|turn|51\n|inactive|Time left: 300 sec this turn | 300 sec total\n|\n|t:|1783557381\n|move|p2a: Comfey|Draining Kiss|p1a: Regice\n|-damage|p1a: Regice|209/284 slp\n|cant|p1a: Regice|slp\n|move|p1a: Regice|Sleep Talk|p1a: Regice\n|move|p1a: Regice|Thunderbolt|p2a: Comfey|[from] move: Sleep Talk\n|-damage|p2a: Comfey|92/100\n|-status|p2a: Comfey|par\n|\n|-heal|p2a: Comfey|98/100 par|[from] item: Leftovers\n|upkeep\n|turn|52\n|inactive|Time left: 300 sec this turn | 300 sec total\n|\n|t:|1783557382\n|move|p2a: Comfey|Giga Drain|p1a: Regice\n|-damage|p1a: Regice|142/284 slp\n|-heal|p2a: Comfey|100/100 par|[from] drain|[of] p1a: Regice\n|cant|p1a: Regice|slp\n|move|p1a: Regice|Sleep Talk|p1a: Regice\n|move|p1a: Regice|Ice Beam|p2a: Comfey|[from] move: Sleep Talk\n|-damage|p2a: Comfey|87/100 par\n|\n|-heal|p2a: Comfey|93/100 par|[from] item: Leftovers\n|upkeep\n|turn|53\n|inactive|Time left: 300 sec this turn | 300 sec total\n|\n|t:|1783557383\n|-curestatus|p1a: Regice|slp|[msg]\n|move|p1a: Regice|Ice Beam|p2a: Comfey\n|-damage|p2a: Comfey|78/100 par\n|move|p2a: Comfey|Tera Blast|p1a: Regice\n|-damage|p1a: Regice|69/284\n|\n|-heal|p2a: Comfey|84/100 par|[from] item: Leftovers\n|upkeep\n|turn|54\n|inactive|Time left: 300 sec this turn | 300 sec total\n|\n|t:|1783557384\n|switch|p1a: Comfey|Comfey, L85, M|225/225\n|-activate|p1a: Comfey|move: Sticky Web\n|-unboost|p1a: Comfey|spe|1\n|cant|p2a: Comfey|par\n|\n|-heal|p2a: Comfey|91/100 par|[from] item: Leftovers\n|upkeep\n|turn|55\n|inactive|Time left: 300 sec this turn | 300 sec total\n|\n|t:|1783557386\n|move|p2a: Comfey|Giga Drain|p1a: Comfey\n|-damage|p1a: Comfey|114/225\n|-heal|p2a: Comfey|100/100 par|[from] drain|[of] p1a: Comfey\n|move|p1a: Comfey|Calm Mind|p1a: Comfey\n|-boost|p1a: Comfey|spa|1\n|-boost|p1a: Comfey|spd|1\n|\n|-heal|p1a: Comfey|128/225|[from] item: Leftovers\n|upkeep\n|turn|56\n|inactive|Time left: 300 sec this turn | 300 sec total\n|\n|t:|1783557387\n|move|p2a: Comfey|Giga Drain|p1a: Comfey\n|-damage|p1a: Comfey|45/225\n|move|p1a: Comfey|Calm Mind|p1a: Comfey\n|-boost|p1a: Comfey|spa|1\n|-boost|p1a: Comfey|spd|1\n|\n|-heal|p1a: Comfey|59/225|[from] item: Leftovers\n|upkeep\n|turn|57\n|inactive|Time left: 300 sec this turn | 300 sec total\n|\n|t:|1783557388\n|move|p1a: Comfey|Draining Kiss|p2a: Comfey\n|-damage|p2a: Comfey|87/100 par\n|-heal|p1a: Comfey|82/225|[from] drain|[of] p2a: Comfey\n|move|p2a: Comfey|Draining Kiss|p1a: Comfey\n|-crit|p1a: Comfey\n|-damage|p1a: Comfey|0 fnt\n|-heal|p2a: Comfey|100/100 par|[from] drain|[of] p1a: Comfey\n|faint|p1a: Comfey\n|\n|upkeep\n|inactive|Time left: 300 sec this turn | 300 sec total | 5 sec grace\n|\n|t:|1783557389\n|switch|p1a: Regice|Regice, L88|69/284\n|turn|58\n|inactive|Time left: 300 sec this turn | 300 sec total\n|\n|t:|1783557390\n|move|p1a: Regice|Thunderbolt|p2a: Comfey\n|-damage|p2a: Comfey|92/100 par\n|cant|p2a: Comfey|par\n|\n|-heal|p2a: Comfey|98/100 par|[from] item: Leftovers\n|upkeep\n|turn|59\n|inactive|Time left: 300 sec this turn | 300 sec total\n|\n|t:|1783557391\n|move|p1a: Regice|Thunderbolt|p2a: Comfey\n|-damage|p2a: Comfey|88/100 par\n|move|p2a: Comfey|Tera Blast|p1a: Regice\n|-damage|p1a: Regice|0 fnt\n|faint|p1a: Regice\n|\n|-heal|p2a: Comfey|95/100 par|[from] item: Leftovers\n|upkeep\n|inactive|Time left: 300 sec this turn | 300 sec total | 5 sec grace\n|\n|t:|1783557391\n|switch|p1a: Pawmot|Pawmot, L80, F|243/243\n|-activate|p1a: Pawmot|move: Sticky Web\n|-unboost|p1a: Pawmot|spe|1\n|turn|60\n|inactive|Time left: 300 sec this turn | 300 sec total\n|\n|t:|1783557392\n|-terastallize|p2a: Comfey|Ground\n|move|p1a: Pawmot|Close Combat|p2a: Comfey\n|-damage|p2a: Comfey|36/100 par\n|-unboost|p1a: Pawmot|def|1\n|-unboost|p1a: Pawmot|spd|1\n|move|p2a: Comfey|Tera Blast|p1a: Pawmot|[anim] Tera Blast Ground\n|-supereffective|p1a: Pawmot\n|-damage|p1a: Pawmot|0 fnt\n|faint|p1a: Pawmot\n|\n|win|p0y14908626", "uploadtime": 1783557392, "views": 0, "rating": 0, "private": 0, "password": null, "_winner": "p0y14908626", "_our_name": "p0x1490b62a"}