{"id": "battle-gen9randombattle-355", "formatid": "gen9randombattle", "format": "[Gen 9] Random Battle", "players": ["p0x35523ba", "p0y355046e"], "log": "|init|battle\n|title|p0x35523ba vs. p0y355046e\n|j|\u2606p0x35523ba\n|j|\u2606p0y355046e\n|t:|1783543772\n|gametype|singles\n|player|p1|p0x35523ba|2|\n|player|p2|p0y355046e|2|\n|gen|9\n|tier|[Gen 9] Random Battle\n|rule|Species Clause: Limit one of each Pok\u00e9mon\n|rule|HP Percentage Mod: HP is shown in percentages\n|rule|Sleep Clause Mod: Limit one foe put to sleep\n|rule|Illusion Level Mod: Illusion disguises the Pok\u00e9mon's true level\n|\n|t:|1783543772\n|teamsize|p1|6\n|teamsize|p2|6\n|start\n|switch|p1a: Oinkologne|Oinkologne-F, L92, F|361/361\n|switch|p2a: Leavanny|Leavanny, L86, M|100/100\n|turn|1\n|inactive|Battle timer is ON: inactive players will automatically lose when time's up. (requested by p0y355046e)\n|inactive|Time left: 300 sec this turn | 300 sec total | 60 sec grace\n|inactive|p0x35523ba also wants the timer to be on.\n|\n|t:|1783543774\n|switch|p1a: Torkoal|Torkoal, L88, M|266/266\n|-weather|SunnyDay|[from] ability: Drought|[of] p1a: Torkoal\n|move|p2a: Leavanny|Sticky Web|p1a: Torkoal\n|-sidestart|p1: p0x35523ba|move: Sticky Web\n|\n|-weather|SunnyDay|[upkeep]\n|upkeep\n|turn|2\n|inactive|Time left: 300 sec this turn | 300 sec total\n|\n|t:|1783543775\n|switch|p2a: Golduck|Golduck, L90, F|100/100\n|-ability|p2a: Golduck|Cloud Nine\n|move|p1a: Torkoal|Rapid Spin|p2a: Golduck\n|-damage|p2a: Golduck|88/100\n|-boost|p1a: Torkoal|spe|1\n|-sideend|p1: p0x35523ba|Sticky Web|[from] move: Rapid Spin|[of] p1a: Torkoal\n|\n|-weather|SunnyDay|[upkeep]\n|upkeep\n|turn|3\n|inactive|Time left: 300 sec this turn | 300 sec total\n|\n|t:|1783543776\n|move|p2a: Golduck|Hydro Pump|p1a: Torkoal\n|-supereffective|p1a: Torkoal\n|-damage|p1a: Torkoal|0 fnt\n|faint|p1a: Torkoal\n|-damage|p2a: Golduck|78/100|[from] item: Life Orb\n|\n|-weather|SunnyDay|[upkeep]\n|upkeep\n|inactive|Time left: 300 sec this turn | 300 sec total | 5 sec grace\n|\n|t:|1783543777\n|switch|p1a: Toxtricity|Toxtricity, L82, F|257/257\n|turn|4\n|inactive|Time left: 300 sec this turn | 300 sec total\n|\n|t:|1783543778\n|move|p2a: Golduck|Hydro Pump|p1a: Toxtricity\n|-damage|p1a: Toxtricity|62/257\n|-damage|p2a: Golduck|68/100|[from] item: Life Orb\n|move|p1a: Toxtricity|Overdrive|p2a: Golduck\n|-supereffective|p2a: Golduck\n|-damage|p2a: Golduck|0 fnt\n|faint|p2a: Golduck\n|-enditem|p1a: Toxtricity|Throat Spray\n|-boost|p1a: Toxtricity|spa|1|[from] item: Throat Spray\n|\n|-weather|SunnyDay|[upkeep]\n|upkeep\n|\n|t:|1783543779\n|switch|p2a: Lokix|Lokix, L82, F|100/100\n|turn|5\n|inactive|Time left: 300 sec this turn | 300 sec total\n|\n|t:|1783543779\n|switch|p1a: Arbok|Arbok, L87, F|246/246\n|-ability|p1a: Arbok|Intimidate|boost\n|-unboost|p2a: Lokix|atk|1\n|move|p2a: Lokix|U-turn|p1a: Arbok\n|-resisted|p1a: Arbok\n|-damage|p1a: Arbok|180/246\n|\n|t:|1783543780\n|switch|p2a: Leavanny|Leavanny, L86, M|100/100|[from] U-turn\n|\n|-weather|none\n|-heal|p1a: Arbok|195/246|[from] item: Leftovers\n|upkeep\n|turn|6\n|inactive|Time left: 300 sec this turn | 300 sec total\n|\n|t:|1783543781\n|move|p2a: Leavanny|Sticky Web|p1a: Arbok\n|-sidestart|p1: p0x35523ba|move: Sticky Web\n|move|p1a: Arbok|Gunk Shot|p2a: Leavanny\n|-supereffective|p2a: Leavanny\n|-enditem|p2a: Leavanny|Focus Sash\n|-damage|p2a: Leavanny|1/100\n|\n|-heal|p1a: Arbok|210/246|[from] item: Leftovers\n|upkeep\n|turn|7\n|inactive|Time left: 300 sec this turn | 300 sec total\n|\n|t:|1783543782\n|move|p2a: Leavanny|Lunge|p1a: Arbok\n|-resisted|p1a: Arbok\n|-damage|p1a: Arbok|123/246\n|-unboost|p1a: Arbok|atk|1\n|move|p1a: Arbok|Trailblaze|p2a: Leavanny\n|-resisted|p2a: Leavanny\n|-damage|p2a: Leavanny|0 fnt\n|-boost|p1a: Arbok|spe|1\n|faint|p2a: Leavanny\n|\n|-heal|p1a: Arbok|138/246|[from] item: Leftovers\n|upkeep\n|\n|t:|1783543783\n|switch|p2a: Swampert|Swampert, L83, M|100/100\n|turn|8\n|inactive|Time left: 300 sec this turn | 300 sec total\n|\n|t:|1783543784\n|move|p1a: Arbok|Trailblaze|p2a: Swampert\n|-supereffective|p2a: Swampert\n|-damage|p2a: Swampert|67/100\n|-boost|p1a: Arbok|spe|1\n|move|p2a: Swampert|Earthquake|p1a: Arbok\n|-supereffective|p1a: Arbok\n|-damage|p1a: Arbok|0 fnt\n|faint|p1a: Arbok\n|\n|-heal|p2a: Swampert|73/100|[from] item: Leftovers\n|upkeep\n|inactive|Time left: 300 sec this turn | 300 sec total | 5 sec grace\n|\n|t:|1783543785\n|switch|p1a: Samurott|Samurott, L88, M|310/310\n|-activate|p1a: Samurott|move: Sticky Web\n|-unboost|p1a: Samurott|spe|1\n|turn|9\n|inactive|Time left: 300 sec this turn | 300 sec total\n|\n|t:|1783543787\n|move|p2a: Swampert|Knock Off|p1a: Samurott\n|-damage|p1a: Samurott|234/310\n|-enditem|p1a: Samurott|Assault Vest|[from] move: Knock Off|[of] p2a: Swampert\n|move|p1a: Samurott|Hydro Pump|p2a: Swampert\n|-crit|p2a: Swampert\n|-damage|p2a: Swampert|2/100\n|\n|-heal|p2a: Swampert|8/100|[from] item: Leftovers\n|upkeep\n|turn|10\n|inactive|Time left: 300 sec this turn | 300 sec total\n|\n|t:|1783543788\n|move|p1a: Samurott|Aqua Jet|p2a: Swampert\n|-damage|p2a: Swampert|0 fnt\n|faint|p2a: Swampert\n|\n|upkeep\n|\n|t:|1783543789\n|switch|p2a: Iron Leaves|Iron Leaves, L80|100/100\n|turn|11\n|inactive|Time left: 300 sec this turn | 300 sec total\n|\n|t:|1783543790\n|move|p2a: Iron Leaves|Swords Dance|p2a: Iron Leaves\n|-boost|p2a: Iron Leaves|atk|2\n|move|p1a: Samurott|Megahorn|p2a: Iron Leaves\n|-supereffective|p2a: Iron Leaves\n|-damage|p2a: Iron Leaves|0 fnt\n|faint|p2a: Iron Leaves\n|-end|p2a: Iron Leaves|Quark Drive|[silent]\n|\n|upkeep\n|\n|t:|1783543791\n|switch|p2a: Grafaiai|Grafaiai, L86, M|100/100\n|turn|12\n|inactive|Time left: 300 sec this turn | 300 sec total\n|\n|t:|1783543792\n|move|p2a: Grafaiai|Gunk Shot|p1a: Samurott\n|-damage|p1a: Samurott|104/310\n|move|p1a: Samurott|Hydro Pump|p2a: Grafaiai\n|-damage|p2a: Grafaiai|61/100\n|\n|upkeep\n|turn|13\n|inactive|Time left: 300 sec this turn | 300 sec total\n|\n|t:|1783543794\n|move|p2a: Grafaiai|Gunk Shot|p1a: Samurott\n|-damage|p1a: Samurott|0 fnt\n|faint|p1a: Samurott\n|\n|upkeep\n|inactive|Time left: 300 sec this turn | 300 sec total | 5 sec grace\n|\n|t:|1783543795\n|switch|p1a: Groudon|Groudon, L72|263/263\n|-activate|p1a: Groudon|move: Sticky Web\n|-unboost|p1a: Groudon|spe|1\n|-weather|SunnyDay|[from] ability: Drought|[of] p1a: Groudon\n|turn|14\n|inactive|Time left: 300 sec this turn | 300 sec total\n|\n|t:|1783543796\n|-terastallize|p1a: Groudon|Fire\n|move|p2a: Grafaiai|Gunk Shot|p1a: Groudon|[miss]\n|-miss|p2a: Grafaiai|p1a: Groudon\n|move|p1a: Groudon|Heat Crash|p2a: Grafaiai\n|-damage|p2a: Grafaiai|0 fnt\n|faint|p2a: Grafaiai\n|\n|-weather|SunnyDay|[upkeep]\n|upkeep\n|\n|t:|1783543797\n|switch|p2a: Lokix|Lokix, L82, F|100/100\n|turn|15\n|inactive|Time left: 300 sec this turn | 300 sec total\n|\n|t:|1783543798\n|move|p2a: Lokix|Knock Off|p1a: Groudon\n|-damage|p1a: Groudon|184/263\n|-enditem|p1a: Groudon|Leftovers|[from] move: Knock Off|[of] p2a: Lokix\n|move|p1a: Groudon|Heat Crash|p2a: Lokix\n|-supereffective|p2a: Lokix\n|-damage|p2a: Lokix|0 fnt\n|faint|p2a: Lokix\n|\n|win|p0x35523ba", "uploadtime": 1783543798, "views": 0, "rating": 0, "private": 0, "password": null, "_winner": "p0x35523ba", "_our_name": "p0x35523ba"}