{"id": "battle-gen9randombattle-1003", "formatid": "gen9randombattle", "format": "[Gen 9] Random Battle", "players": ["p0x10033640", "p0y1003d1e6"], "log": "|init|battle\n|title|p0x10033640 vs. p0y1003d1e6\n|j|\u2606p0x10033640\n|j|\u2606p0y1003d1e6\n|t:|1783551536\n|gametype|singles\n|player|p1|p0x10033640|169|\n|player|p2|p0y1003d1e6|170|\n|gen|9\n|tier|[Gen 9] Random Battle\n|rule|Species Clause: Limit one of each Pok\u00e9mon\n|rule|HP Percentage Mod: HP is shown in percentages\n|rule|Sleep Clause Mod: Limit one foe put to sleep\n|rule|Illusion Level Mod: Illusion disguises the Pok\u00e9mon's true level\n|\n|t:|1783551536\n|teamsize|p1|6\n|teamsize|p2|6\n|start\n|switch|p1a: Lugia|Lugia, L73|275/275\n|switch|p2a: Chien-Pao|Chien-Pao, L72|100/100\n|-ability|p2a: Chien-Pao|Sword of Ruin\n|turn|1\n|inactive|Battle timer is ON: inactive players will automatically lose when time's up. (requested by p0y1003d1e6)\n|inactive|Time left: 300 sec this turn | 300 sec total | 60 sec grace\n|inactive|p0x10033640 also wants the timer to be on.\n|\n|t:|1783551538\n|move|p2a: Chien-Pao|Crunch|p1a: Lugia\n|-supereffective|p1a: Lugia\n|-damage|p1a: Lugia|154/275\n|move|p1a: Lugia|Aeroblast|p2a: Chien-Pao\n|-damage|p2a: Chien-Pao|49/100\n|\n|upkeep\n|turn|2\n|inactive|Time left: 300 sec this turn | 300 sec total\n|\n|t:|1783551540\n|switch|p1a: Rillaboom|Rillaboom, L79, F|288/288\n|-fieldstart|move: Grassy Terrain|[from] ability: Grassy Surge|[of] p1a: Rillaboom\n|move|p2a: Chien-Pao|Crunch|p1a: Rillaboom\n|-damage|p1a: Rillaboom|126/288\n|-unboost|p1a: Rillaboom|def|1\n|\n|-heal|p2a: Chien-Pao|55/100|[from] Grassy Terrain\n|-heal|p1a: Rillaboom|144/288|[from] Grassy Terrain\n|upkeep\n|turn|3\n|inactive|Time left: 300 sec this turn | 300 sec total\n|\n|t:|1783551541\n|move|p1a: Rillaboom|Grassy Glide|p2a: Chien-Pao\n|-damage|p2a: Chien-Pao|0 fnt\n|faint|p2a: Chien-Pao\n|\n|-heal|p1a: Rillaboom|162/288|[from] Grassy Terrain\n|upkeep\n|\n|t:|1783551542\n|switch|p2a: Perrserker|Perrserker, L89, M|100/100\n|turn|4\n|inactive|Time left: 300 sec this turn | 300 sec total\n|\n|t:|1783551543\n|switch|p1a: Meganium|Meganium, L90, F|290/290\n|move|p2a: Perrserker|Knock Off|p1a: Meganium\n|-damage|p1a: Meganium|157/290\n|-enditem|p1a: Meganium|Leftovers|[from] move: Knock Off|[of] p2a: Perrserker\n|\n|-heal|p1a: Meganium|175/290|[from] Grassy Terrain\n|upkeep\n|turn|5\n|inactive|Time left: 300 sec this turn | 300 sec total\n|\n|t:|1783551544\n|move|p1a: Meganium|Swords Dance|p1a: Meganium\n|-boost|p1a: Meganium|atk|2\n|move|p2a: Perrserker|Knock Off|p1a: Meganium\n|-damage|p1a: Meganium|82/290\n|\n|-heal|p1a: Meganium|100/290|[from] Grassy Terrain\n|upkeep\n|turn|6\n|inactive|Time left: 300 sec this turn | 300 sec total\n|\n|t:|1783551545\n|move|p1a: Meganium|Knock Off|p2a: Perrserker\n|-damage|p2a: Perrserker|52/100\n|-enditem|p2a: Perrserker|Choice Band|[from] move: Knock Off|[of] p1a: Meganium\n|move|p2a: Perrserker|Knock Off|p1a: Meganium\n|-damage|p1a: Meganium|33/290\n|\n|-heal|p1a: Meganium|51/290|[from] Grassy Terrain\n|-heal|p2a: Perrserker|58/100|[from] Grassy Terrain\n|-fieldend|move: Grassy Terrain\n|upkeep\n|turn|7\n|inactive|Time left: 300 sec this turn | 300 sec total\n|\n|t:|1783551546\n|move|p1a: Meganium|Earthquake|p2a: Perrserker\n|-supereffective|p2a: Perrserker\n|-damage|p2a: Perrserker|0 fnt\n|faint|p2a: Perrserker\n|\n|upkeep\n|\n|t:|1783551547\n|switch|p2a: Illumise|Illumise, L91, F|100/100\n|turn|8\n|inactive|Time left: 300 sec this turn | 300 sec total\n|\n|t:|1783551549\n|move|p2a: Illumise|Bug Buzz|p1a: Meganium\n|-supereffective|p1a: Meganium\n|-damage|p1a: Meganium|0 fnt\n|faint|p1a: Meganium\n|\n|upkeep\n|inactive|Time left: 300 sec this turn | 300 sec total | 5 sec grace\n|\n|t:|1783551550\n|switch|p1a: Porygon-Z|Porygon-Z, L83|277/277\n|-ability|p1a: Porygon-Z|Download|boost\n|-boost|p1a: Porygon-Z|atk|1\n|turn|9\n|inactive|Time left: 300 sec this turn | 300 sec total\n|\n|t:|1783551551\n|switch|p2a: Politoed|Politoed, L88, M|100/100\n|-weather|RainDance|[from] ability: Drizzle|[of] p2a: Politoed\n|move|p1a: Porygon-Z|Tri Attack|p2a: Politoed\n|-damage|p2a: Politoed|51/100\n|\n|-weather|RainDance|[upkeep]\n|upkeep\n|turn|10\n|inactive|Time left: 300 sec this turn | 300 sec total\n|\n|t:|1783551552\n|move|p1a: Porygon-Z|Tri Attack|p2a: Politoed\n|-damage|p2a: Politoed|3/100\n|-status|p2a: Politoed|brn\n|move|p2a: Politoed|Weather Ball|p1a: Porygon-Z\n|-damage|p1a: Porygon-Z|15/277\n|\n|-weather|RainDance|[upkeep]\n|-damage|p2a: Politoed|0 fnt|[from] brn\n|faint|p2a: Politoed\n|upkeep\n|\n|t:|1783551553\n|switch|p2a: Electrode|Electrode, L92|100/100\n|turn|11\n|inactive|Time left: 300 sec this turn | 300 sec total\n|\n|t:|1783551554\n|switch|p1a: Rillaboom|Rillaboom, L79, F|162/288\n|-fieldstart|move: Grassy Terrain|[from] ability: Grassy Surge|[of] p1a: Rillaboom\n|move|p2a: Electrode|Volt Switch|p1a: Rillaboom\n|-resisted|p1a: Rillaboom\n|-damage|p1a: Rillaboom|110/288\n|\n|t:|1783551555\n|switch|p2a: Illumise|Illumise, L91, F|100/100|[from] Volt Switch\n|\n|-weather|RainDance|[upkeep]\n|-heal|p1a: Rillaboom|128/288|[from] Grassy Terrain\n|upkeep\n|turn|12\n|inactive|Time left: 300 sec this turn | 300 sec total\n|\n|t:|1783551556\n|switch|p1a: Chandelure|Chandelure, L83, F|235/235\n|move|p2a: Illumise|Bug Buzz|p1a: Chandelure\n|-resisted|p1a: Chandelure\n|-damage|p1a: Chandelure|213/235\n|-unboost|p1a: Chandelure|spd|1\n|\n|-weather|RainDance|[upkeep]\n|-heal|p1a: Chandelure|227/235|[from] Grassy Terrain\n|upkeep\n|turn|13\n|inactive|Time left: 300 sec this turn | 300 sec total\n|\n|t:|1783551557\n|switch|p2a: Smeargle|Smeargle, L95, F|100/100\n|move|p1a: Chandelure|Shadow Ball|p2a: Smeargle\n|-immune|p2a: Smeargle\n|\n|-weather|none\n|-heal|p1a: Chandelure|235/235|[from] Grassy Terrain\n|upkeep\n|turn|14\n|inactive|Time left: 300 sec this turn | 300 sec total\n|\n|t:|1783551558\n|switch|p1a: Rillaboom|Rillaboom, L79, F|128/288\n|move|p2a: Smeargle|Spore|p1a: Rillaboom\n|-immune|p1a: Rillaboom\n|\n|-heal|p1a: Rillaboom|146/288|[from] Grassy Terrain\n|upkeep\n|turn|15\n|inactive|Time left: 300 sec this turn | 300 sec total\n|\n|t:|1783551559\n|move|p2a: Smeargle|Population Bomb|p1a: Rillaboom\n|-damage|p1a: Rillaboom|127/288\n|-damage|p1a: Rillaboom|111/288\n|-damage|p1a: Rillaboom|93/288\n|-damage|p1a: Rillaboom|75/288\n|-damage|p1a: Rillaboom|59/288\n|-damage|p1a: Rillaboom|41/288\n|-damage|p1a: Rillaboom|25/288\n|-damage|p1a: Rillaboom|9/288\n|-damage|p1a: Rillaboom|0 fnt\n|faint|p1a: Rillaboom\n|-hitcount|p1: Rillaboom|9\n|\n|-fieldend|move: Grassy Terrain\n|upkeep\n|inactive|Time left: 300 sec this turn | 300 sec total | 5 sec grace\n|\n|t:|1783551559\n|switch|p1a: Chandelure|Chandelure, L83, F|235/235\n|turn|16\n|inactive|Time left: 300 sec this turn | 300 sec total\n|\n|t:|1783551560\n|move|p1a: Chandelure|Fire Blast|p2a: Smeargle|[miss]\n|-miss|p1a: Chandelure|p2a: Smeargle\n|move|p2a: Smeargle|Shell Smash|p2a: Smeargle\n|-unboost|p2a: Smeargle|def|1\n|-unboost|p2a: Smeargle|spd|1\n|-boost|p2a: Smeargle|atk|2\n|-boost|p2a: Smeargle|spa|2\n|-boost|p2a: Smeargle|spe|2\n|\n|upkeep\n|turn|17\n|inactive|Time left: 300 sec this turn | 300 sec total\n|\n|t:|1783551561\n|move|p2a: Smeargle|Spore|p1a: Chandelure\n|-status|p1a: Chandelure|slp|[from] move: Spore\n|cant|p1a: Chandelure|slp\n|\n|upkeep\n|turn|18\n|inactive|Time left: 300 sec this turn | 300 sec total\n|\n|t:|1783551562\n|move|p2a: Smeargle|Power Trip|p1a: Chandelure\n|-supereffective|p1a: Chandelure\n|-damage|p1a: Chandelure|45/235 slp\n|cant|p1a: Chandelure|slp\n|\n|upkeep\n|turn|19\n|inactive|Time left: 300 sec this turn | 300 sec total\n|\n|t:|1783551563\n|move|p2a: Smeargle|Power Trip|p1a: Chandelure\n|-supereffective|p1a: Chandelure\n|-damage|p1a: Chandelure|0 fnt\n|faint|p1a: Chandelure\n|\n|upkeep\n|inactive|Time left: 300 sec this turn | 300 sec total | 5 sec grace\n|\n|t:|1783551564\n|switch|p1a: Wyrdeer|Wyrdeer, L87, F|321/321\n|-ability|p1a: Wyrdeer|Intimidate|boost\n|-unboost|p2a: Smeargle|atk|1\n|turn|20\n|inactive|Time left: 300 sec this turn | 300 sec total\n|\n|t:|1783551565\n|-terastallize|p2a: Smeargle|Normal\n|-terastallize|p1a: Wyrdeer|Ground\n|move|p2a: Smeargle|Population Bomb|p1a: Wyrdeer\n|-damage|p1a: Wyrdeer|287/321\n|-damage|p1a: Wyrdeer|249/321\n|-damage|p1a: Wyrdeer|209/321\n|-damage|p1a: Wyrdeer|171/321\n|-damage|p1a: Wyrdeer|137/321\n|-hitcount|p1a: Wyrdeer|5\n|move|p1a: Wyrdeer|Earthquake|p2a: Smeargle\n|-damage|p2a: Smeargle|0 fnt\n|faint|p2a: Smeargle\n|\n|-heal|p1a: Wyrdeer|157/321|[from] item: Leftovers\n|upkeep\n|\n|t:|1783551566\n|switch|p2a: Illumise|Illumise, L91, F|100/100\n|turn|21\n|inactive|Time left: 300 sec this turn | 300 sec total\n|\n|t:|1783551567\n|move|p2a: Illumise|Bug Buzz|p1a: Wyrdeer\n|-crit|p1a: Wyrdeer\n|-damage|p1a: Wyrdeer|19/321\n|move|p1a: Wyrdeer|Body Slam|p2a: Illumise\n|-damage|p2a: Illumise|59/100\n|-status|p2a: Illumise|par\n|\n|-heal|p1a: Wyrdeer|39/321|[from] item: Leftovers\n|upkeep\n|turn|22\n|inactive|Time left: 300 sec this turn | 300 sec total\n|\n|t:|1783551568\n|move|p1a: Wyrdeer|Psychic Noise|p2a: Illumise\n|-damage|p2a: Illumise|27/100 par\n|-start|p2a: Illumise|move: Heal Block\n|move|p2a: Illumise|Bug Buzz|p1a: Wyrdeer\n|-damage|p1a: Wyrdeer|0 fnt\n|faint|p1a: Wyrdeer\n|\n|upkeep\n|inactive|Time left: 300 sec this turn | 300 sec total | 5 sec grace\n|\n|t:|1783551569\n|switch|p1a: Lugia|Lugia, L73|154/275\n|turn|23\n|inactive|Time left: 300 sec this turn | 300 sec total\n|\n|t:|1783551569\n|switch|p2a: Electrode|Electrode, L92|100/100\n|move|p1a: Lugia|Recover|p1a: Lugia\n|-heal|p1a: Lugia|275/275\n|\n|upkeep\n|turn|24\n|inactive|Time left: 300 sec this turn | 300 sec total\n|\n|t:|1783551571\n|move|p2a: Electrode|Thunderbolt|p1a: Lugia\n|-supereffective|p1a: Lugia\n|-damage|p1a: Lugia|206/275\n|move|p1a: Lugia|Calm Mind|p1a: Lugia\n|-boost|p1a: Lugia|spa|1\n|-boost|p1a: Lugia|spd|1\n|\n|upkeep\n|turn|25\n|inactive|Time left: 300 sec this turn | 300 sec total\n|\n|t:|1783551572\n|move|p2a: Electrode|Thunderbolt|p1a: Lugia\n|-supereffective|p1a: Lugia\n|-damage|p1a: Lugia|104/275\n|move|p1a: Lugia|Recover|p1a: Lugia\n|-heal|p1a: Lugia|242/275\n|\n|upkeep\n|turn|26\n|inactive|Time left: 300 sec this turn | 300 sec total\n|\n|t:|1783551573\n|move|p2a: Electrode|Thunderbolt|p1a: Lugia\n|-supereffective|p1a: Lugia\n|-damage|p1a: Lugia|152/275\n|move|p1a: Lugia|Earth Power|p2a: Electrode\n|-supereffective|p2a: Electrode\n|-damage|p2a: Electrode|65/100\n|\n|upkeep\n|turn|27\n|inactive|Time left: 300 sec this turn | 300 sec total\n|\n|t:|1783551575\n|move|p2a: Electrode|Thunderbolt|p1a: Lugia\n|-supereffective|p1a: Lugia\n|-damage|p1a: Lugia|60/275\n|move|p1a: Lugia|Recover|p1a: Lugia\n|-heal|p1a: Lugia|198/275\n|\n|upkeep\n|turn|28\n|inactive|Time left: 300 sec this turn | 300 sec total\n|\n|t:|1783551576\n|move|p2a: Electrode|Thunderbolt|p1a: Lugia\n|-supereffective|p1a: Lugia\n|-damage|p1a: Lugia|102/275\n|move|p1a: Lugia|Recover|p1a: Lugia\n|-heal|p1a: Lugia|240/275\n|\n|upkeep\n|turn|29\n|inactive|Time left: 300 sec this turn | 300 sec total\n|\n|t:|1783551577\n|move|p2a: Electrode|Foul Play|p1a: Lugia\n|-supereffective|p1a: Lugia\n|-damage|p1a: Lugia|160/275\n|move|p1a: Lugia|Earth Power|p2a: Electrode\n|-supereffective|p2a: Electrode\n|-damage|p2a: Electrode|32/100\n|\n|upkeep\n|turn|30\n|inactive|Time left: 300 sec this turn | 300 sec total\n|\n|t:|1783551579\n|move|p2a: Electrode|Volt Switch|p1a: Lugia\n|-supereffective|p1a: Lugia\n|-damage|p1a: Lugia|92/275\n|\n|t:|1783551580\n|switch|p2a: Illumise|Illumise, L91, F|27/100 par|[from] Volt Switch\n|move|p1a: Lugia|Recover|p1a: Lugia\n|-heal|p1a: Lugia|230/275\n|\n|upkeep\n|turn|31\n|inactive|Time left: 300 sec this turn | 300 sec total\n|\n|t:|1783551581\n|cant|p2a: Illumise|par\n|move|p1a: Lugia|Aeroblast|p2a: Illumise|[miss]\n|-miss|p1a: Lugia|p2a: Illumise\n|\n|upkeep\n|turn|32\n|inactive|Time left: 300 sec this turn | 300 sec total\n|\n|t:|1783551582\n|move|p2a: Illumise|Encore|p1a: Lugia\n|-start|p1a: Lugia|Encore\n|move|p1a: Lugia|Aeroblast|p2a: Illumise\n|-supereffective|p2a: Illumise\n|-damage|p2a: Illumise|0 fnt\n|faint|p2a: Illumise\n|\n|upkeep\n|\n|t:|1783551582\n|switch|p2a: Electrode|Electrode, L92|32/100\n|turn|33\n|inactive|Time left: 300 sec this turn | 300 sec total\n|\n|t:|1783551583\n|move|p2a: Electrode|Thunderbolt|p1a: Lugia\n|-supereffective|p1a: Lugia\n|-damage|p1a: Lugia|132/275\n|move|p1a: Lugia|Aeroblast|p2a: Electrode\n|-resisted|p2a: Electrode\n|-damage|p2a: Electrode|17/100\n|\n|upkeep\n|turn|34\n|inactive|Time left: 300 sec this turn | 300 sec total\n|\n|t:|1783551585\n|move|p2a: Electrode|Volt Switch|p1a: Lugia\n|-supereffective|p1a: Lugia\n|-damage|p1a: Lugia|58/275\n|move|p1a: Lugia|Aeroblast|p2a: Electrode\n|-resisted|p2a: Electrode\n|-damage|p2a: Electrode|2/100\n|\n|-end|p1a: Lugia|Encore\n|upkeep\n|turn|35\n|inactive|Time left: 300 sec this turn | 300 sec total\n|\n|t:|1783551586\n|move|p2a: Electrode|Foul Play|p1a: Lugia\n|-supereffective|p1a: Lugia\n|-damage|p1a: Lugia|0 fnt\n|faint|p1a: Lugia\n|\n|upkeep\n|inactive|Time left: 300 sec this turn | 300 sec total | 5 sec grace\n|\n|t:|1783551587\n|switch|p1a: Porygon-Z|Porygon-Z, L83|15/277\n|-ability|p1a: Porygon-Z|Download|boost\n|-boost|p1a: Porygon-Z|atk|1\n|turn|36\n|inactive|Time left: 300 sec this turn | 300 sec total\n|\n|t:|1783551587\n|move|p2a: Electrode|Foul Play|p1a: Porygon-Z\n|-damage|p1a: Porygon-Z|0 fnt\n|faint|p1a: Porygon-Z\n|\n|win|p0y1003d1e6", "uploadtime": 1783551587, "views": 0, "rating": 0, "private": 0, "password": null, "_winner": "p0y1003d1e6", "_our_name": "p0x10033640"}