{"id": "battle-gen9randombattle-9", "formatid": "gen9randombattle", "format": "[Gen 9] Random Battle", "players": ["p0x0095a43", "p0y0098e44"], "log": "|init|battle\n|title|p0x0095a43 vs. p0y0098e44\n|j|\u2606p0x0095a43\n|j|\u2606p0y0098e44\n|t:|1783539263\n|gametype|singles\n|player|p1|p0x0095a43|102|\n|player|p2|p0y0098e44|169|\n|gen|9\n|tier|[Gen 9] Random Battle\n|rule|Species Clause: Limit one of each Pok\u00e9mon\n|rule|HP Percentage Mod: HP is shown in percentages\n|rule|Sleep Clause Mod: Limit one foe put to sleep\n|rule|Illusion Level Mod: Illusion disguises the Pok\u00e9mon's true level\n|\n|t:|1783539263\n|teamsize|p1|6\n|teamsize|p2|6\n|start\n|switch|p1a: Dodrio|Dodrio, L85, M|241/241\n|switch|p2a: Samurott|Samurott-Hisui, L77, F|100/100\n|turn|1\n|inactive|Battle timer is ON: inactive players will automatically lose when time's up. (requested by p0y0098e44)\n|inactive|Time left: 300 sec this turn | 300 sec total | 60 sec grace\n|inactive|p0x0095a43 also wants the timer to be on.\n|\n|t:|1783539264\n|move|p1a: Dodrio|Brave Bird|p2a: Samurott\n|-damage|p2a: Samurott|3/100\n|-damage|p1a: Dodrio|156/241|[from] Recoil\n|move|p2a: Samurott|Ceaseless Edge|p1a: Dodrio\n|-damage|p1a: Dodrio|3/241\n|-sidestart|p1: p0x0095a43|Spikes\n|-damage|p2a: Samurott|0 fnt|[from] item: Life Orb\n|faint|p2a: Samurott\n|\n|upkeep\n|\n|t:|1783539265\n|switch|p2a: Zacian|Zacian-Crowned, L64|100/100\n|-ability|p2a: Zacian|Intrepid Sword|boost\n|-boost|p2a: Zacian|atk|1\n|turn|2\n|inactive|Time left: 300 sec this turn | 300 sec total\n|\n|t:|1783539266\n|move|p1a: Dodrio|Brave Bird|p2a: Zacian\n|-resisted|p2a: Zacian\n|-damage|p2a: Zacian|52/100\n|-damage|p1a: Dodrio|0 fnt|[from] Recoil\n|faint|p1a: Dodrio\n|move|p2a: Zacian|Swords Dance|p2a: Zacian\n|-boost|p2a: Zacian|atk|2\n|\n|upkeep\n|inactive|Time left: 300 sec this turn | 300 sec total | 5 sec grace\n|\n|t:|1783539267\n|switch|p1a: Dragonite|Dragonite, L74, M|257/257\n|turn|3\n|inactive|Time left: 300 sec this turn | 300 sec total\n|\n|t:|1783539268\n|move|p2a: Zacian|Play Rough|p1a: Dragonite\n|-supereffective|p1a: Dragonite\n|-damage|p1a: Dragonite|40/257\n|move|p1a: Dragonite|Earthquake|p2a: Zacian\n|-supereffective|p2a: Zacian\n|-damage|p2a: Zacian|0 fnt\n|faint|p2a: Zacian\n|\n|upkeep\n|\n|t:|1783539269\n|switch|p2a: Bellossom|Bellossom, L84, F|100/100\n|turn|4\n|inactive|Time left: 300 sec this turn | 300 sec total\n|\n|t:|1783539270\n|move|p1a: Dragonite|Outrage|p2a: Bellossom\n|-damage|p2a: Bellossom|51/100\n|move|p2a: Bellossom|Quiver Dance|p2a: Bellossom\n|-boost|p2a: Bellossom|spa|1\n|-boost|p2a: Bellossom|spd|1\n|-boost|p2a: Bellossom|spe|1\n|\n|-heal|p2a: Bellossom|57/100|[from] item: Leftovers\n|upkeep\n|turn|5\n|inactive|Time left: 300 sec this turn | 300 sec total\n|\n|t:|1783539271\n|move|p2a: Bellossom|Tera Blast|p1a: Dragonite\n|-damage|p1a: Dragonite|0 fnt\n|faint|p1a: Dragonite\n|\n|-heal|p2a: Bellossom|63/100|[from] item: Leftovers\n|upkeep\n|inactive|Time left: 300 sec this turn | 300 sec total | 5 sec grace\n|\n|t:|1783539272\n|switch|p1a: Fezandipiti|Fezandipiti, L82, M|278/278\n|-damage|p1a: Fezandipiti|244/278|[from] Spikes\n|turn|6\n|inactive|Time left: 300 sec this turn | 300 sec total\n|\n|t:|1783539274\n|-terastallize|p2a: Bellossom|Fire\n|move|p1a: Fezandipiti|Gunk Shot|p2a: Bellossom\n|-damage|p2a: Bellossom|22/100\n|move|p2a: Bellossom|Strength Sap|p1a: Fezandipiti\n|-unboost|p1a: Fezandipiti|atk|1\n|-heal|p2a: Bellossom|97/100\n|\n|-heal|p1a: Fezandipiti|261/278|[from] item: Leftovers\n|-heal|p2a: Bellossom|100/100|[from] item: Leftovers\n|upkeep\n|turn|7\n|inactive|Time left: 300 sec this turn | 300 sec total\n|\n|t:|1783539275\n|move|p1a: Fezandipiti|Swords Dance|p1a: Fezandipiti\n|-boost|p1a: Fezandipiti|atk|2\n|move|p2a: Bellossom|Quiver Dance|p2a: Bellossom\n|-boost|p2a: Bellossom|spa|1\n|-boost|p2a: Bellossom|spd|1\n|-boost|p2a: Bellossom|spe|1\n|\n|-heal|p1a: Fezandipiti|278/278|[from] item: Leftovers\n|upkeep\n|turn|8\n|inactive|Time left: 300 sec this turn | 300 sec total\n|\n|t:|1783539276\n|move|p2a: Bellossom|Tera Blast|p1a: Fezandipiti|[anim] Tera Blast Fire\n|-crit|p1a: Fezandipiti\n|-damage|p1a: Fezandipiti|95/278\n|move|p1a: Fezandipiti|Swords Dance|p1a: Fezandipiti\n|-boost|p1a: Fezandipiti|atk|2\n|\n|-heal|p1a: Fezandipiti|112/278|[from] item: Leftovers\n|upkeep\n|turn|9\n|inactive|Time left: 300 sec this turn | 300 sec total\n|\n|t:|1783539277\n|switch|p1a: Grumpig|Grumpig, L92, F|297/297\n|-damage|p1a: Grumpig|260/297|[from] Spikes\n|move|p2a: Bellossom|Tera Blast|p1a: Grumpig|[anim] Tera Blast Fire\n|-damage|p1a: Grumpig|197/297\n|\n|-heal|p1a: Grumpig|215/297|[from] item: Leftovers\n|upkeep\n|turn|10\n|inactive|Time left: 300 sec this turn | 300 sec total\n|\n|t:|1783539278\n|move|p2a: Bellossom|Giga Drain|p1a: Grumpig\n|-damage|p1a: Grumpig|91/297\n|move|p1a: Grumpig|Nasty Plot|p1a: Grumpig\n|-boost|p1a: Grumpig|spa|2\n|\n|-heal|p1a: Grumpig|109/297|[from] item: Leftovers\n|upkeep\n|turn|11\n|inactive|Time left: 300 sec this turn | 300 sec total\n|\n|t:|1783539279\n|switch|p1a: Snorlax|Snorlax, L82, F|397/397\n|-damage|p1a: Snorlax|348/397|[from] Spikes\n|move|p2a: Bellossom|Giga Drain|p1a: Snorlax\n|-damage|p1a: Snorlax|221/397\n|\n|-heal|p1a: Snorlax|245/397|[from] item: Leftovers\n|upkeep\n|turn|12\n|inactive|Time left: 300 sec this turn | 300 sec total\n|\n|t:|1783539280\n|move|p2a: Bellossom|Quiver Dance|p2a: Bellossom\n|-boost|p2a: Bellossom|spa|1\n|-boost|p2a: Bellossom|spd|1\n|-boost|p2a: Bellossom|spe|1\n|move|p1a: Snorlax|Body Slam|p2a: Bellossom\n|-damage|p2a: Bellossom|65/100\n|\n|-heal|p2a: Bellossom|71/100|[from] item: Leftovers\n|-heal|p1a: Snorlax|269/397|[from] item: Leftovers\n|upkeep\n|turn|13\n|inactive|Time left: 300 sec this turn | 300 sec total\n|\n|t:|1783539281\n|move|p2a: Bellossom|Giga Drain|p1a: Snorlax\n|-damage|p1a: Snorlax|95/397\n|-heal|p2a: Bellossom|100/100|[from] drain|[of] p1a: Snorlax\n|move|p1a: Snorlax|Body Slam|p2a: Bellossom\n|-damage|p2a: Bellossom|65/100\n|\n|-heal|p2a: Bellossom|71/100|[from] item: Leftovers\n|-heal|p1a: Snorlax|119/397|[from] item: Leftovers\n|upkeep\n|turn|14\n|inactive|Time left: 300 sec this turn | 300 sec total\n|\n|t:|1783539282\n|-terastallize|p1a: Snorlax|Poison\n|move|p2a: Bellossom|Giga Drain|p1a: Snorlax\n|-resisted|p1a: Snorlax\n|-damage|p1a: Snorlax|34/397\n|-heal|p2a: Bellossom|87/100|[from] drain|[of] p1a: Snorlax\n|move|p1a: Snorlax|Rest|p1a: Snorlax\n|-status|p1a: Snorlax|slp|[from] move: Rest\n|-heal|p1a: Snorlax|397/397 slp|[silent]\n|\n|-heal|p2a: Bellossom|93/100|[from] item: Leftovers\n|upkeep\n|turn|15\n|inactive|Time left: 300 sec this turn | 300 sec total\n|\n|t:|1783539283\n|move|p2a: Bellossom|Quiver Dance|p2a: Bellossom\n|-boost|p2a: Bellossom|spa|1\n|-boost|p2a: Bellossom|spd|1\n|-boost|p2a: Bellossom|spe|1\n|cant|p1a: Snorlax|slp\n|\n|-heal|p2a: Bellossom|99/100|[from] item: Leftovers\n|upkeep\n|turn|16\n|inactive|Time left: 300 sec this turn | 300 sec total\n|\n|t:|1783539284\n|move|p2a: Bellossom|Strength Sap|p1a: Snorlax\n|-unboost|p1a: Snorlax|atk|1\n|-heal|p2a: Bellossom|100/100\n|cant|p1a: Snorlax|slp\n|\n|upkeep\n|turn|17\n|inactive|Time left: 300 sec this turn | 300 sec total\n|\n|t:|1783539285\n|move|p2a: Bellossom|Giga Drain|p1a: Snorlax\n|-resisted|p1a: Snorlax\n|-damage|p1a: Snorlax|297/397 slp\n|-curestatus|p1a: Snorlax|slp|[msg]\n|move|p1a: Snorlax|Curse|p1a: Snorlax\n|-unboost|p1a: Snorlax|spe|1\n|-boost|p1a: Snorlax|atk|1\n|-boost|p1a: Snorlax|def|1\n|\n|-heal|p1a: Snorlax|321/397|[from] item: Leftovers\n|upkeep\n|turn|18\n|inactive|Time left: 300 sec this turn | 300 sec total\n|\n|t:|1783539286\n|move|p2a: Bellossom|Strength Sap|p1a: Snorlax\n|-unboost|p1a: Snorlax|atk|1\n|move|p1a: Snorlax|Curse|p1a: Snorlax\n|-unboost|p1a: Snorlax|spe|1\n|-boost|p1a: Snorlax|atk|1\n|-boost|p1a: Snorlax|def|1\n|\n|-heal|p1a: Snorlax|345/397|[from] item: Leftovers\n|upkeep\n|turn|19\n|inactive|Time left: 300 sec this turn | 300 sec total\n|\n|t:|1783539287\n|move|p2a: Bellossom|Strength Sap|p1a: Snorlax\n|-unboost|p1a: Snorlax|atk|1\n|move|p1a: Snorlax|Body Slam|p2a: Bellossom\n|-damage|p2a: Bellossom|78/100\n|\n|-heal|p2a: Bellossom|85/100|[from] item: Leftovers\n|-heal|p1a: Snorlax|369/397|[from] item: Leftovers\n|upkeep\n|turn|20\n|inactive|Time left: 300 sec this turn | 300 sec total\n|\n|t:|1783539288\n|move|p2a: Bellossom|Tera Blast|p1a: Snorlax|[anim] Tera Blast Fire\n|-damage|p1a: Snorlax|261/397\n|move|p1a: Snorlax|Curse|p1a: Snorlax\n|-unboost|p1a: Snorlax|spe|1\n|-boost|p1a: Snorlax|atk|1\n|-boost|p1a: Snorlax|def|1\n|\n|-heal|p2a: Bellossom|91/100|[from] item: Leftovers\n|-heal|p1a: Snorlax|285/397|[from] item: Leftovers\n|upkeep\n|turn|21\n|inactive|Time left: 300 sec this turn | 300 sec total\n|\n|t:|1783539289\n|move|p2a: Bellossom|Strength Sap|p1a: Snorlax\n|-unboost|p1a: Snorlax|atk|1\n|-heal|p2a: Bellossom|100/100\n|move|p1a: Snorlax|Curse|p1a: Snorlax\n|-unboost|p1a: Snorlax|spe|1\n|-boost|p1a: Snorlax|atk|1\n|-boost|p1a: Snorlax|def|1\n|\n|-heal|p1a: Snorlax|309/397|[from] item: Leftovers\n|upkeep\n|turn|22\n|inactive|Time left: 300 sec this turn | 300 sec total\n|\n|t:|1783539290\n|move|p2a: Bellossom|Giga Drain|p1a: Snorlax\n|-resisted|p1a: Snorlax\n|-damage|p1a: Snorlax|216/397\n|move|p1a: Snorlax|Curse|p1a: Snorlax\n|-unboost|p1a: Snorlax|spe|1\n|-boost|p1a: Snorlax|atk|1\n|-boost|p1a: Snorlax|def|1\n|\n|-heal|p1a: Snorlax|240/397|[from] item: Leftovers\n|upkeep\n|turn|23\n|inactive|Time left: 300 sec this turn | 300 sec total\n|\n|t:|1783539291\n|move|p2a: Bellossom|Giga Drain|p1a: Snorlax\n|-resisted|p1a: Snorlax\n|-damage|p1a: Snorlax|138/397\n|move|p1a: Snorlax|Body Slam|p2a: Bellossom\n|-damage|p2a: Bellossom|48/100\n|\n|-heal|p2a: Bellossom|54/100|[from] item: Leftovers\n|-heal|p1a: Snorlax|162/397|[from] item: Leftovers\n|upkeep\n|turn|24\n|inactive|Time left: 300 sec this turn | 300 sec total\n|\n|t:|1783539292\n|move|p2a: Bellossom|Strength Sap|p1a: Snorlax\n|-unboost|p1a: Snorlax|atk|1\n|-heal|p2a: Bellossom|100/100\n|move|p1a: Snorlax|Body Slam|p2a: Bellossom\n|-damage|p2a: Bellossom|69/100\n|\n|-heal|p2a: Bellossom|75/100|[from] item: Leftovers\n|-heal|p1a: Snorlax|186/397|[from] item: Leftovers\n|upkeep\n|turn|25\n|inactive|Time left: 300 sec this turn | 300 sec total\n|\n|t:|1783539293\n|move|p2a: Bellossom|Tera Blast|p1a: Snorlax|[anim] Tera Blast Fire\n|-damage|p1a: Snorlax|78/397\n|move|p1a: Snorlax|Rest|p1a: Snorlax\n|-status|p1a: Snorlax|slp|[from] move: Rest\n|-heal|p1a: Snorlax|397/397 slp|[silent]\n|\n|-heal|p2a: Bellossom|81/100|[from] item: Leftovers\n|upkeep\n|turn|26\n|inactive|Time left: 300 sec this turn | 300 sec total\n|\n|t:|1783539294\n|move|p2a: Bellossom|Giga Drain|p1a: Snorlax\n|-resisted|p1a: Snorlax\n|-damage|p1a: Snorlax|308/397 slp\n|-heal|p2a: Bellossom|99/100|[from] drain|[of] p1a: Snorlax\n|cant|p1a: Snorlax|slp\n|move|p1a: Snorlax|Sleep Talk|p1a: Snorlax\n|move|p1a: Snorlax|Body Slam|p2a: Bellossom|[from] move: Sleep Talk\n|-damage|p2a: Bellossom|62/100\n|\n|-heal|p2a: Bellossom|68/100|[from] item: Leftovers\n|-heal|p1a: Snorlax|332/397 slp|[from] item: Leftovers\n|upkeep\n|turn|27\n|inactive|Time left: 300 sec this turn | 300 sec total\n|\n|t:|1783539296\n|move|p2a: Bellossom|Strength Sap|p1a: Snorlax\n|-unboost|p1a: Snorlax|atk|1\n|-heal|p2a: Bellossom|100/100\n|cant|p1a: Snorlax|slp\n|\n|-heal|p1a: Snorlax|356/397 slp|[from] item: Leftovers\n|upkeep\n|turn|28\n|inactive|Time left: 300 sec this turn | 300 sec total\n|\n|t:|1783539297\n|move|p2a: Bellossom|Tera Blast|p1a: Snorlax|[anim] Tera Blast Fire\n|-damage|p1a: Snorlax|250/397 slp\n|-curestatus|p1a: Snorlax|slp|[msg]\n|move|p1a: Snorlax|Curse|p1a: Snorlax\n|-unboost|p1a: Snorlax|spe|1\n|-boost|p1a: Snorlax|atk|1\n|-boost|p1a: Snorlax|def|1\n|\n|-heal|p1a: Snorlax|274/397|[from] item: Leftovers\n|upkeep\n|turn|29\n|inactive|Time left: 300 sec this turn | 300 sec total\n|\n|t:|1783539298\n|move|p2a: Bellossom|Giga Drain|p1a: Snorlax\n|-resisted|p1a: Snorlax\n|-damage|p1a: Snorlax|186/397\n|move|p1a: Snorlax|Curse|p1a: Snorlax\n|-boost|p1a: Snorlax|atk|1\n|\n|-heal|p1a: Snorlax|210/397|[from] item: Leftovers\n|upkeep\n|turn|30\n|inactive|Time left: 300 sec this turn | 300 sec total\n|\n|t:|1783539299\n|move|p2a: Bellossom|Strength Sap|p1a: Snorlax\n|-unboost|p1a: Snorlax|atk|1\n|move|p1a: Snorlax|Body Slam|p2a: Bellossom\n|-damage|p2a: Bellossom|67/100\n|\n|-heal|p2a: Bellossom|74/100|[from] item: Leftovers\n|-heal|p1a: Snorlax|234/397|[from] item: Leftovers\n|upkeep\n|turn|31\n|inactive|Time left: 300 sec this turn | 300 sec total\n|\n|t:|1783539300\n|move|p2a: Bellossom|Strength Sap|p1a: Snorlax\n|-unboost|p1a: Snorlax|atk|1\n|-heal|p2a: Bellossom|100/100\n|move|p1a: Snorlax|Body Slam|p2a: Bellossom\n|-crit|p2a: Bellossom\n|-damage|p2a: Bellossom|49/100\n|\n|-heal|p2a: Bellossom|55/100|[from] item: Leftovers\n|-heal|p1a: Snorlax|258/397|[from] item: Leftovers\n|upkeep\n|turn|32\n|inactive|Time left: 300 sec this turn | 300 sec total\n|\n|t:|1783539302\n|move|p2a: Bellossom|Strength Sap|p1a: Snorlax\n|-unboost|p1a: Snorlax|atk|1\n|-heal|p2a: Bellossom|100/100\n|move|p1a: Snorlax|Curse|p1a: Snorlax\n|-boost|p1a: Snorlax|atk|1\n|\n|-heal|p1a: Snorlax|282/397|[from] item: Leftovers\n|upkeep\n|turn|33\n|inactive|Time left: 300 sec this turn | 300 sec total\n|\n|t:|1783539303\n|move|p2a: Bellossom|Giga Drain|p1a: Snorlax\n|-resisted|p1a: Snorlax\n|-damage|p1a: Snorlax|189/397\n|move|p1a: Snorlax|Curse|p1a: Snorlax\n|-boost|p1a: Snorlax|atk|1\n|\n|-heal|p1a: Snorlax|213/397|[from] item: Leftovers\n|upkeep\n|turn|34\n|inactive|Time left: 300 sec this turn | 300 sec total\n|\n|t:|1783539304\n|move|p2a: Bellossom|Tera Blast|p1a: Snorlax|[anim] Tera Blast Fire\n|-damage|p1a: Snorlax|114/397\n|move|p1a: Snorlax|Body Slam|p2a: Bellossom\n|-damage|p2a: Bellossom|66/100\n|\n|-heal|p2a: Bellossom|72/100|[from] item: Leftovers\n|-heal|p1a: Snorlax|138/397|[from] item: Leftovers\n|upkeep\n|turn|35\n|inactive|Time left: 300 sec this turn | 300 sec total\n|\n|t:|1783539305\n|move|p2a: Bellossom|Giga Drain|p1a: Snorlax\n|-resisted|p1a: Snorlax\n|-damage|p1a: Snorlax|47/397\n|-heal|p2a: Bellossom|89/100|[from] drain|[of] p1a: Snorlax\n|move|p1a: Snorlax|Rest|p1a: Snorlax\n|-status|p1a: Snorlax|slp|[from] move: Rest\n|-heal|p1a: Snorlax|397/397 slp|[silent]\n|\n|-heal|p2a: Bellossom|96/100|[from] item: Leftovers\n|upkeep\n|turn|36\n|inactive|Time left: 300 sec this turn | 300 sec total\n|\n|t:|1783539306\n|move|p2a: Bellossom|Tera Blast|p1a: Snorlax|[anim] Tera Blast Fire\n|-damage|p1a: Snorlax|289/397 slp\n|cant|p1a: Snorlax|slp\n|\n|-heal|p2a: Bellossom|100/100|[from] item: Leftovers\n|-heal|p1a: Snorlax|313/397 slp|[from] item: Leftovers\n|upkeep\n|turn|37\n|inactive|Time left: 300 sec this turn | 300 sec total\n|\n|t:|1783539307\n|move|p2a: Bellossom|Strength Sap|p1a: Snorlax\n|-unboost|p1a: Snorlax|atk|1\n|cant|p1a: Snorlax|slp\n|\n|-heal|p1a: Snorlax|337/397 slp|[from] item: Leftovers\n|upkeep\n|turn|38\n|inactive|Time left: 300 sec this turn | 300 sec total\n|\n|t:|1783539308\n|move|p2a: Bellossom|Tera Blast|p1a: Snorlax|[anim] Tera Blast Fire\n|-damage|p1a: Snorlax|229/397 slp\n|-curestatus|p1a: Snorlax|slp|[msg]\n|move|p1a: Snorlax|Curse|p1a: Snorlax\n|-boost|p1a: Snorlax|atk|1\n|\n|-heal|p1a: Snorlax|253/397|[from] item: Leftovers\n|upkeep\n|turn|39\n|inactive|Time left: 300 sec this turn | 300 sec total\n|\n|t:|1783539309\n|move|p2a: Bellossom|Tera Blast|p1a: Snorlax|[anim] Tera Blast Fire\n|-damage|p1a: Snorlax|144/397\n|move|p1a: Snorlax|Curse|p1a: Snorlax\n|-boost|p1a: Snorlax|atk|1\n|\n|-heal|p1a: Snorlax|168/397|[from] item: Leftovers\n|upkeep\n|turn|40\n|inactive|Time left: 300 sec this turn | 300 sec total\n|\n|t:|1783539310\n|move|p2a: Bellossom|Tera Blast|p1a: Snorlax|[anim] Tera Blast Fire\n|-damage|p1a: Snorlax|69/397\n|move|p1a: Snorlax|Rest|p1a: Snorlax\n|-status|p1a: Snorlax|slp|[from] move: Rest\n|-heal|p1a: Snorlax|397/397 slp|[silent]\n|\n|upkeep\n|turn|41\n|inactive|Time left: 300 sec this turn | 300 sec total\n|\n|t:|1783539311\n|move|p2a: Bellossom|Strength Sap|p1a: Snorlax\n|-unboost|p1a: Snorlax|atk|1\n|cant|p1a: Snorlax|slp\n|\n|upkeep\n|turn|42\n|inactive|Time left: 300 sec this turn | 300 sec total\n|\n|t:|1783539312\n|move|p2a: Bellossom|Strength Sap|p1a: Snorlax\n|-unboost|p1a: Snorlax|atk|1\n|cant|p1a: Snorlax|slp\n|\n|upkeep\n|turn|43\n|inactive|Time left: 300 sec this turn | 300 sec total\n|\n|t:|1783539313\n|move|p2a: Bellossom|Tera Blast|p1a: Snorlax|[anim] Tera Blast Fire\n|-damage|p1a: Snorlax|298/397 slp\n|-curestatus|p1a: Snorlax|slp|[msg]\n|move|p1a: Snorlax|Curse|p1a: Snorlax\n|-boost|p1a: Snorlax|atk|1\n|\n|-heal|p1a: Snorlax|322/397|[from] item: Leftovers\n|upkeep\n|turn|44\n|inactive|Time left: 300 sec this turn | 300 sec total\n|\n|t:|1783539314\n|move|p2a: Bellossom|Giga Drain|p1a: Snorlax\n|-resisted|p1a: Snorlax\n|-damage|p1a: Snorlax|220/397\n|move|p1a: Snorlax|Curse|p1a: Snorlax\n|-boost|p1a: Snorlax|atk|1\n|\n|-heal|p1a: Snorlax|244/397|[from] item: Leftovers\n|upkeep\n|turn|45\n|inactive|Time left: 300 sec this turn | 300 sec total\n|\n|t:|1783539315\n|move|p2a: Bellossom|Tera Blast|p1a: Snorlax|[anim] Tera Blast Fire\n|-damage|p1a: Snorlax|144/397\n|move|p1a: Snorlax|Body Slam|p2a: Bellossom\n|-damage|p2a: Bellossom|48/100\n|\n|-heal|p2a: Bellossom|54/100|[from] item: Leftovers\n|-heal|p1a: Snorlax|168/397|[from] item: Leftovers\n|upkeep\n|turn|46\n|inactive|Time left: 300 sec this turn | 300 sec total\n|\n|t:|1783539317\n|move|p2a: Bellossom|Strength Sap|p1a: Snorlax\n|-unboost|p1a: Snorlax|atk|1\n|-heal|p2a: Bellossom|100/100\n|move|p1a: Snorlax|Body Slam|p2a: Bellossom\n|-damage|p2a: Bellossom|69/100\n|-status|p2a: Bellossom|par\n|\n|-heal|p2a: Bellossom|75/100 par|[from] item: Leftovers\n|-heal|p1a: Snorlax|192/397|[from] item: Leftovers\n|upkeep\n|turn|47\n|inactive|Time left: 300 sec this turn | 300 sec total\n|\n|t:|1783539318\n|move|p2a: Bellossom|Giga Drain|p1a: Snorlax\n|-resisted|p1a: Snorlax\n|-damage|p1a: Snorlax|104/397\n|-heal|p2a: Bellossom|91/100 par|[from] drain|[of] p1a: Snorlax\n|move|p1a: Snorlax|Curse|p1a: Snorlax\n|-boost|p1a: Snorlax|atk|1\n|\n|-heal|p2a: Bellossom|97/100 par|[from] item: Leftovers\n|-heal|p1a: Snorlax|128/397|[from] item: Leftovers\n|upkeep\n|turn|48\n|inactive|Time left: 300 sec this turn | 300 sec total\n|\n|t:|1783539319\n|move|p2a: Bellossom|Giga Drain|p1a: Snorlax\n|-resisted|p1a: Snorlax\n|-damage|p1a: Snorlax|37/397\n|-heal|p2a: Bellossom|100/100 par|[from] drain|[of] p1a: Snorlax\n|move|p1a: Snorlax|Rest|p1a: Snorlax\n|-status|p1a: Snorlax|slp|[from] move: Rest\n|-heal|p1a: Snorlax|397/397 slp|[silent]\n|\n|upkeep\n|turn|49\n|inactive|Time left: 300 sec this turn | 300 sec total\n|\n|t:|1783539320\n|move|p2a: Bellossom|Giga Drain|p1a: Snorlax\n|-resisted|p1a: Snorlax\n|-damage|p1a: Snorlax|302/397 slp\n|cant|p1a: Snorlax|slp\n|move|p1a: Snorlax|Sleep Talk|p1a: Snorlax\n|move|p1a: Snorlax|Rest||[from] move: Sleep Talk|[still]\n|-fail|p1a: Snorlax\n|\n|-heal|p1a: Snorlax|326/397 slp|[from] item: Leftovers\n|upkeep\n|turn|50\n|inactive|Time left: 300 sec this turn | 300 sec total\n|\n|t:|1783539321\n|move|p2a: Bellossom|Strength Sap|p1a: Snorlax\n|-unboost|p1a: Snorlax|atk|1\n|cant|p1a: Snorlax|slp\n|\n|-heal|p1a: Snorlax|350/397 slp|[from] item: Leftovers\n|upkeep\n|turn|51\n|inactive|Time left: 300 sec this turn | 300 sec total\n|\n|t:|1783539322\n|move|p2a: Bellossom|Tera Blast|p1a: Snorlax|[anim] Tera Blast Fire\n|-damage|p1a: Snorlax|256/397 slp\n|-curestatus|p1a: Snorlax|slp|[msg]\n|move|p1a: Snorlax|Curse|p1a: Snorlax\n|-boost|p1a: Snorlax|atk|1\n|\n|-heal|p1a: Snorlax|280/397|[from] item: Leftovers\n|upkeep\n|turn|52\n|inactive|Time left: 300 sec this turn | 300 sec total\n|\n|t:|1783539323\n|move|p2a: Bellossom|Tera Blast|p1a: Snorlax|[anim] Tera Blast Fire\n|-damage|p1a: Snorlax|177/397\n|move|p1a: Snorlax|Body Slam|p2a: Bellossom\n|-damage|p2a: Bellossom|47/100 par\n|\n|-heal|p2a: Bellossom|53/100 par|[from] item: Leftovers\n|-heal|p1a: Snorlax|201/397|[from] item: Leftovers\n|upkeep\n|turn|53\n|inactive|Time left: 300 sec this turn | 300 sec total\n|\n|t:|1783539324\n|move|p2a: Bellossom|Strength Sap|p1a: Snorlax\n|-unboost|p1a: Snorlax|atk|1\n|-heal|p2a: Bellossom|100/100 par\n|move|p1a: Snorlax|Body Slam|p2a: Bellossom\n|-damage|p2a: Bellossom|68/100 par\n|\n|-heal|p2a: Bellossom|74/100 par|[from] item: Leftovers\n|-heal|p1a: Snorlax|225/397|[from] item: Leftovers\n|upkeep\n|turn|54\n|inactive|Time left: 300 sec this turn | 300 sec total\n|\n|t:|1783539325\n|move|p2a: Bellossom|Quiver Dance|p2a: Bellossom\n|-boost|p2a: Bellossom|spa|1\n|-boost|p2a: Bellossom|spd|1\n|-boost|p2a: Bellossom|spe|1\n|move|p1a: Snorlax|Body Slam|p2a: Bellossom\n|-damage|p2a: Bellossom|43/100 par\n|\n|-heal|p2a: Bellossom|49/100 par|[from] item: Leftovers\n|-heal|p1a: Snorlax|249/397|[from] item: Leftovers\n|upkeep\n|turn|55\n|inactive|Time left: 300 sec this turn | 300 sec total\n|\n|t:|1783539326\n|move|p2a: Bellossom|Giga Drain|p1a: Snorlax\n|-resisted|p1a: Snorlax\n|-damage|p1a: Snorlax|141/397\n|-heal|p2a: Bellossom|70/100 par|[from] drain|[of] p1a: Snorlax\n|move|p1a: Snorlax|Body Slam|p2a: Bellossom\n|-damage|p2a: Bellossom|38/100 par\n|\n|-heal|p2a: Bellossom|44/100 par|[from] item: Leftovers\n|-heal|p1a: Snorlax|165/397|[from] item: Leftovers\n|upkeep\n|turn|56\n|inactive|Time left: 300 sec this turn | 300 sec total\n|\n|t:|1783539327\n|move|p2a: Bellossom|Quiver Dance|p2a: Bellossom\n|-boost|p2a: Bellossom|spa|1\n|-boost|p2a: Bellossom|spd|1\n|-boost|p2a: Bellossom|spe|1\n|move|p1a: Snorlax|Body Slam|p2a: Bellossom\n|-damage|p2a: Bellossom|10/100 par\n|\n|-heal|p2a: Bellossom|16/100 par|[from] item: Leftovers\n|-heal|p1a: Snorlax|189/397|[from] item: Leftovers\n|upkeep\n|turn|57\n|inactive|Time left: 300 sec this turn | 300 sec total\n|\n|t:|1783539328\n|move|p2a: Bellossom|Quiver Dance|p2a: Bellossom\n|-boost|p2a: Bellossom|spa|0\n|-boost|p2a: Bellossom|spd|0\n|-boost|p2a: Bellossom|spe|0\n|move|p1a: Snorlax|Body Slam|p2a: Bellossom\n|-damage|p2a: Bellossom|0 fnt\n|faint|p2a: Bellossom\n|\n|-heal|p1a: Snorlax|213/397|[from] item: Leftovers\n|upkeep\n|\n|t:|1783539329\n|switch|p2a: Ting-Lu|Ting-Lu, L78|100/100\n|-ability|p2a: Ting-Lu|Vessel of Ruin\n|turn|58\n|inactive|Time left: 300 sec this turn | 300 sec total\n|\n|t:|1783539330\n|move|p2a: Ting-Lu|Spikes|p1a: Snorlax\n|-sidestart|p1: p0x0095a43|Spikes\n|move|p1a: Snorlax|Body Slam|p2a: Ting-Lu\n|-damage|p2a: Ting-Lu|79/100\n|-status|p2a: Ting-Lu|par\n|\n|-heal|p2a: Ting-Lu|86/100 par|[from] item: Leftovers\n|-heal|p1a: Snorlax|237/397|[from] item: Leftovers\n|upkeep\n|turn|59\n|inactive|Time left: 300 sec this turn | 300 sec total\n|\n|t:|1783539331\n|move|p2a: Ting-Lu|Spikes|p1a: Snorlax\n|-sidestart|p1: p0x0095a43|Spikes\n|move|p1a: Snorlax|Body Slam|p2a: Ting-Lu\n|-damage|p2a: Ting-Lu|64/100 par\n|\n|-heal|p2a: Ting-Lu|70/100 par|[from] item: Leftovers\n|-heal|p1a: Snorlax|261/397|[from] item: Leftovers\n|upkeep\n|turn|60\n|inactive|Time left: 300 sec this turn | 300 sec total\n|\n|t:|1783539332\n|move|p1a: Snorlax|Body Slam|p2a: Ting-Lu\n|-damage|p2a: Ting-Lu|49/100 par\n|move|p2a: Ting-Lu|Whirlwind|p1a: Snorlax\n|drag|p1a: Grumpig|Grumpig, L92, F|109/297\n|-damage|p1a: Grumpig|35/297|[from] Spikes\n|\n|-heal|p1a: Grumpig|53/297|[from] item: Leftovers\n|-heal|p2a: Ting-Lu|55/100 par|[from] item: Leftovers\n|upkeep\n|turn|61\n|inactive|Time left: 300 sec this turn | 300 sec total\n|\n|t:|1783539333\n|move|p1a: Grumpig|Focus Blast|p2a: Ting-Lu\n|-supereffective|p2a: Ting-Lu\n|-damage|p2a: Ting-Lu|13/100 par\n|move|p2a: Ting-Lu|Earthquake|p1a: Grumpig\n|-damage|p1a: Grumpig|0 fnt\n|faint|p1a: Grumpig\n|\n|-heal|p2a: Ting-Lu|19/100 par|[from] item: Leftovers\n|upkeep\n|inactive|Time left: 300 sec this turn | 300 sec total | 5 sec grace\n|\n|t:|1783539334\n|switch|p1a: Snorlax|Snorlax, L82, F, tera:Poison|261/397\n|-damage|p1a: Snorlax|162/397|[from] Spikes\n|turn|62\n|inactive|Time left: 300 sec this turn | 300 sec total\n|\n|t:|1783539335\n|move|p1a: Snorlax|Body Slam|p2a: Ting-Lu\n|-damage|p2a: Ting-Lu|0 fnt\n|faint|p2a: Ting-Lu\n|\n|-heal|p1a: Snorlax|186/397|[from] item: Leftovers\n|upkeep\n|\n|t:|1783539336\n|switch|p2a: Delibird|Delibird, F|100/100\n|turn|63\n|inactive|Time left: 300 sec this turn | 300 sec total\n|\n|t:|1783539337\n|move|p2a: Delibird|Drill Run|p1a: Snorlax\n|-supereffective|p1a: Snorlax\n|-damage|p1a: Snorlax|0 fnt\n|faint|p1a: Snorlax\n|\n|upkeep\n|inactive|Time left: 300 sec this turn | 300 sec total | 5 sec grace\n|\n|t:|1783539338\n|switch|p1a: Deoxys|Deoxys-Speed, L82|216/216\n|-damage|p1a: Deoxys|162/216|[from] Spikes\n|-ability|p1a: Deoxys|Pressure\n|turn|64\n|inactive|Time left: 300 sec this turn | 300 sec total\n|\n|t:|1783539339\n|move|p1a: Deoxys|Psycho Boost|p2a: Delibird\n|-damage|p2a: Delibird|9/100\n|-unboost|p1a: Deoxys|spa|2\n|-damage|p1a: Deoxys|141/216|[from] item: Life Orb\n|move|p2a: Delibird|Brave Bird|p1a: Deoxys\n|-damage|p1a: Deoxys|0 fnt\n|faint|p1a: Deoxys\n|-damage|p2a: Delibird|0 fnt|[from] Recoil\n|faint|p2a: Delibird\n|\n|upkeep\n|inactive|Time left: 300 sec this turn | 300 sec total | 5 sec grace\n|\n|t:|1783539340\n|switch|p1a: Fezandipiti|Fezandipiti, L82, M|112/278\n|switch|p2a: Kilowattrel|Kilowattrel, L83, F|100/100\n|-damage|p1a: Fezandipiti|43/278|[from] Spikes\n|turn|65\n|inactive|Time left: 300 sec this turn | 300 sec total\n|\n|t:|1783539341\n|move|p2a: Kilowattrel|Discharge|p1a: Fezandipiti\n|-damage|p1a: Fezandipiti|0 fnt\n|faint|p1a: Fezandipiti\n|\n|win|p0y0098e44", "uploadtime": 1783539341, "views": 0, "rating": 0, "private": 0, "password": null, "_winner": "p0y0098e44", "_our_name": "p0x0095a43"}