{"id": "battle-gen9randombattle-1885", "formatid": "gen9randombattle", "format": "[Gen 9] Random Battle", "players": ["p0x1885fa8c", "p0y18858d1f"], "log": "|init|battle\n|title|p0x1885fa8c vs. p0y18858d1f\n|j|\u2606p0x1885fa8c\n|j|\u2606p0y18858d1f\n|t:|1783561053\n|gametype|singles\n|player|p1|p0x1885fa8c|2|\n|player|p2|p0y18858d1f|101|\n|gen|9\n|tier|[Gen 9] Random Battle\n|rule|Species Clause: Limit one of each Pok\u00e9mon\n|rule|HP Percentage Mod: HP is shown in percentages\n|rule|Sleep Clause Mod: Limit one foe put to sleep\n|rule|Illusion Level Mod: Illusion disguises the Pok\u00e9mon's true level\n|\n|t:|1783561053\n|teamsize|p1|6\n|teamsize|p2|6\n|start\n|switch|p1a: Primarina|Primarina, L83, M|100/100\n|switch|p2a: Whimsicott|Whimsicott, L84, M|238/238\n|turn|1\n|inactive|Battle timer is ON: inactive players will automatically lose when time's up. (requested by p0y18858d1f)\n|inactive|p0x1885fa8c also wants the timer to be on.\n|\n|t:|1783561055\n|move|p2a: Whimsicott|Moonblast|p1a: Primarina\n|-damage|p1a: Primarina|76/100\n|move|p1a: Primarina|Moonblast|p2a: Whimsicott\n|-crit|p2a: Whimsicott\n|-damage|p2a: Whimsicott|0 fnt\n|faint|p2a: Whimsicott\n|\n|upkeep\n|inactive|Time left: 300 sec this turn | 300 sec total | 65 sec grace\n|\n|t:|1783561056\n|switch|p2a: Iron Thorns|Iron Thorns, L83|302/302\n|turn|2\n|inactive|Time left: 300 sec this turn | 300 sec total\n|\n|t:|1783561057\n|switch|p1a: Duraludon|Duraludon, L82, F|100/100\n|move|p2a: Iron Thorns|Wild Charge|p1a: Duraludon\n|-resisted|p1a: Duraludon\n|-damage|p1a: Duraludon|86/100\n|-damage|p2a: Iron Thorns|293/302|[from] Recoil\n|\n|upkeep\n|turn|3\n|inactive|Time left: 300 sec this turn | 300 sec total\n|\n|t:|1783561059\n|-end|p2a: Iron Thorns|Quark Drive|[silent]\n|switch|p2a: Iron Crown|Iron Crown, L78|268/268\n|move|p1a: Duraludon|Iron Defense|p1a: Duraludon\n|-boost|p1a: Duraludon|def|2\n|\n|upkeep\n|turn|4\n|inactive|Time left: 300 sec this turn | 300 sec total\n|\n|t:|1783561060\n|move|p2a: Iron Crown|Calm Mind|p2a: Iron Crown\n|-boost|p2a: Iron Crown|spa|1\n|-boost|p2a: Iron Crown|spd|1\n|move|p1a: Duraludon|Body Press|p2a: Iron Crown\n|-damage|p2a: Iron Crown|149/268\n|\n|-heal|p2a: Iron Crown|165/268|[from] item: Leftovers\n|upkeep\n|turn|5\n|inactive|Time left: 300 sec this turn | 300 sec total\n|\n|t:|1783561061\n|-terastallize|p1a: Duraludon|Fighting\n|move|p2a: Iron Crown|Focus Blast|p1a: Duraludon\n|-damage|p1a: Duraludon|29/100\n|move|p1a: Duraludon|Body Press|p2a: Iron Crown\n|-damage|p2a: Iron Crown|2/268\n|\n|-heal|p2a: Iron Crown|18/268|[from] item: Leftovers\n|upkeep\n|turn|6\n|inactive|Time left: 300 sec this turn | 300 sec total\n|\n|t:|1783561062\n|move|p2a: Iron Crown|Tachyon Cutter|p1a: Duraludon\n|-damage|p1a: Duraludon|0 fnt\n|faint|p1a: Duraludon\n|-hitcount|p1: Duraludon|1\n|\n|-heal|p2a: Iron Crown|34/268|[from] item: Leftovers\n|upkeep\n|\n|t:|1783561062\n|switch|p1a: Flutter Mane|Flutter Mane, L74|100/100\n|turn|7\n|inactive|Time left: 300 sec this turn | 300 sec total\n|\n|t:|1783561063\n|-end|p2a: Iron Crown|Quark Drive|[silent]\n|switch|p2a: Iron Thorns|Iron Thorns, L83|293/302\n|move|p1a: Flutter Mane|Moonblast|p2a: Iron Thorns\n|-damage|p2a: Iron Thorns|194/302\n|\n|upkeep\n|turn|8\n|inactive|Time left: 300 sec this turn | 300 sec total\n|\n|t:|1783561064\n|move|p1a: Flutter Mane|Moonblast|p2a: Iron Thorns\n|-damage|p2a: Iron Thorns|83/302\n|-unboost|p2a: Iron Thorns|spa|1\n|move|p2a: Iron Thorns|Stone Edge|p1a: Flutter Mane\n|-crit|p1a: Flutter Mane\n|-damage|p1a: Flutter Mane|0 fnt\n|faint|p1a: Flutter Mane\n|-end|p1a: Flutter Mane|Protosynthesis|[silent]\n|\n|upkeep\n|\n|t:|1783561064\n|switch|p1a: Hitmonlee|Hitmonlee, L85, M|100/100\n|turn|9\n|inactive|Time left: 300 sec this turn | 300 sec total\n|\n|t:|1783561065\n|move|p1a: Hitmonlee|Knock Off|p2a: Iron Thorns\n|-damage|p2a: Iron Thorns|0 fnt\n|-enditem|p2a: Iron Thorns|Assault Vest|[from] move: Knock Off|[of] p1a: Hitmonlee\n|faint|p2a: Iron Thorns\n|-end|p2a: Iron Thorns|Quark Drive|[silent]\n|\n|upkeep\n|inactive|Time left: 300 sec this turn | 300 sec total | 5 sec grace\n|\n|t:|1783561066\n|switch|p2a: Iron Crown|Iron Crown, L78|34/268\n|turn|10\n|inactive|Time left: 300 sec this turn | 300 sec total\n|\n|t:|1783561066\n|switch|p1a: Gyarados|Gyarados, L79, M|100/100\n|move|p2a: Iron Crown|Psyshock|p1a: Gyarados\n|-damage|p1a: Gyarados|62/100\n|\n|-heal|p2a: Iron Crown|50/268|[from] item: Leftovers\n|upkeep\n|turn|11\n|inactive|Time left: 300 sec this turn | 300 sec total\n|\n|t:|1783561067\n|-end|p2a: Iron Crown|Quark Drive|[silent]\n|switch|p2a: Shaymin|Shaymin, L82|298/298\n|move|p1a: Gyarados|Dragon Dance|p1a: Gyarados\n|-boost|p1a: Gyarados|atk|1\n|-boost|p1a: Gyarados|spe|1\n|\n|upkeep\n|turn|12\n|inactive|Time left: 300 sec this turn | 300 sec total\n|\n|t:|1783561068\n|move|p1a: Gyarados|Temper Flare|p2a: Shaymin\n|-supereffective|p2a: Shaymin\n|-damage|p2a: Shaymin|130/298\n|move|p2a: Shaymin|Leech Seed|p1a: Gyarados\n|-start|p1a: Gyarados|move: Leech Seed\n|\n|-heal|p2a: Shaymin|148/298|[from] item: Leftovers\n|-damage|p1a: Gyarados|49/100|[from] Leech Seed|[of] p2a: Shaymin\n|-heal|p2a: Shaymin|183/298|[silent]\n|upkeep\n|turn|13\n|inactive|Time left: 300 sec this turn | 300 sec total\n|\n|t:|1783561069\n|move|p1a: Gyarados|Temper Flare|p2a: Shaymin\n|-supereffective|p2a: Shaymin\n|-damage|p2a: Shaymin|15/298\n|move|p2a: Shaymin|Seed Flare|p1a: Gyarados\n|-damage|p1a: Gyarados|7/100\n|\n|-heal|p2a: Shaymin|33/298|[from] item: Leftovers\n|-damage|p1a: Gyarados|0 fnt|[from] Leech Seed|[of] p2a: Shaymin\n|-heal|p2a: Shaymin|52/298|[silent]\n|faint|p1a: Gyarados\n|upkeep\n|\n|t:|1783561069\n|switch|p1a: Masquerain|Masquerain, L87, M|100/100\n|-ability|p1a: Masquerain|Intimidate|boost\n|-unboost|p2a: Shaymin|atk|1\n|turn|14\n|inactive|Time left: 300 sec this turn | 300 sec total\n|\n|t:|1783561071\n|move|p2a: Shaymin|Air Slash|p1a: Masquerain\n|-supereffective|p1a: Masquerain\n|-damage|p1a: Masquerain|61/100\n|move|p1a: Masquerain|Sticky Web|p2a: Shaymin\n|-sidestart|p2: p0y18858d1f|move: Sticky Web\n|\n|-heal|p2a: Shaymin|70/298|[from] item: Leftovers\n|upkeep\n|turn|15\n|inactive|Time left: 300 sec this turn | 300 sec total\n|\n|t:|1783561072\n|move|p2a: Shaymin|Air Slash|p1a: Masquerain\n|-supereffective|p1a: Masquerain\n|-damage|p1a: Masquerain|24/100\n|move|p1a: Masquerain|U-turn|p2a: Shaymin\n|-supereffective|p2a: Shaymin\n|-damage|p2a: Shaymin|0 fnt\n|faint|p2a: Shaymin\n|\n|t:|1783561073\n|switch|p1a: Primarina|Primarina, L83, M|76/100|[from] U-turn\n|\n|upkeep\n|inactive|Time left: 300 sec this turn | 300 sec total | 10 sec grace\n|\n|t:|1783561074\n|switch|p2a: Tatsugiri|Tatsugiri, L87, M|260/260\n|turn|16\n|inactive|Time left: 300 sec this turn | 300 sec total\n|\n|t:|1783561075\n|-terastallize|p2a: Tatsugiri|Steel\n|move|p2a: Tatsugiri|Rapid Spin|p1a: Primarina\n|-damage|p1a: Primarina|67/100\n|-boost|p2a: Tatsugiri|spe|1\n|-sideend|p2: p0y18858d1f|Sticky Web|[from] move: Rapid Spin|[of] p2a: Tatsugiri\n|move|p1a: Primarina|Moonblast|p2a: Tatsugiri\n|-resisted|p2a: Tatsugiri\n|-damage|p2a: Tatsugiri|172/260\n|\n|upkeep\n|turn|17\n|inactive|Time left: 300 sec this turn | 300 sec total\n|\n|t:|1783561076\n|move|p2a: Tatsugiri|Hydro Pump|p1a: Primarina\n|-resisted|p1a: Primarina\n|-damage|p1a: Primarina|45/100\n|move|p1a: Primarina|Moonblast|p2a: Tatsugiri\n|-resisted|p2a: Tatsugiri\n|-damage|p2a: Tatsugiri|91/260\n|\n|upkeep\n|turn|18\n|inactive|Time left: 300 sec this turn | 300 sec total\n|\n|t:|1783561077\n|move|p2a: Tatsugiri|Nasty Plot|p2a: Tatsugiri\n|-boost|p2a: Tatsugiri|spa|2\n|move|p1a: Primarina|Moonblast|p2a: Tatsugiri\n|-resisted|p2a: Tatsugiri\n|-damage|p2a: Tatsugiri|1/260\n|-unboost|p2a: Tatsugiri|spa|1\n|\n|upkeep\n|turn|19\n|inactive|Time left: 300 sec this turn | 300 sec total\n|\n|t:|1783561078\n|move|p2a: Tatsugiri|Hydro Pump|p1a: Primarina\n|-resisted|p1a: Primarina\n|-damage|p1a: Primarina|13/100\n|move|p1a: Primarina|Moonblast|p2a: Tatsugiri\n|-resisted|p2a: Tatsugiri\n|-damage|p2a: Tatsugiri|0 fnt\n|faint|p2a: Tatsugiri\n|\n|upkeep\n|inactive|Time left: 300 sec this turn | 300 sec total | 5 sec grace\n|\n|t:|1783561079\n|switch|p2a: Iron Crown|Iron Crown, L78|50/268\n|turn|20\n|inactive|Time left: 300 sec this turn | 300 sec total\n|\n|t:|1783561080\n|move|p2a: Iron Crown|Psyshock|p1a: Primarina\n|-damage|p1a: Primarina|0 fnt\n|faint|p1a: Primarina\n|\n|-heal|p2a: Iron Crown|66/268|[from] item: Leftovers\n|upkeep\n|\n|t:|1783561080\n|switch|p1a: Hitmonlee|Hitmonlee, L85, M|100/100\n|turn|21\n|inactive|Time left: 300 sec this turn | 300 sec total\n|\n|t:|1783561081\n|move|p1a: Hitmonlee|Mach Punch|p2a: Iron Crown\n|-damage|p2a: Iron Crown|0 fnt\n|faint|p2a: Iron Crown\n|-end|p2a: Iron Crown|Quark Drive|[silent]\n|\n|upkeep\n|inactive|Time left: 300 sec this turn | 300 sec total | 5 sec grace\n|\n|t:|1783561082\n|switch|p2a: Keldeo|Keldeo-Resolute, L79|273/273\n|turn|22\n|inactive|Time left: 300 sec this turn | 300 sec total\n|\n|t:|1783561083\n|switch|p1a: Masquerain|Masquerain, L87, M|24/100\n|-ability|p1a: Masquerain|Intimidate|boost\n|-unboost|p2a: Keldeo|atk|1\n|move|p2a: Keldeo|Calm Mind|p2a: Keldeo\n|-boost|p2a: Keldeo|spa|1\n|-boost|p2a: Keldeo|spd|1\n|\n|upkeep\n|turn|23\n|inactive|Time left: 300 sec this turn | 300 sec total\n|\n|t:|1783561084\n|move|p2a: Keldeo|Calm Mind|p2a: Keldeo\n|-boost|p2a: Keldeo|spa|1\n|-boost|p2a: Keldeo|spd|1\n|move|p1a: Masquerain|Hurricane|p2a: Keldeo\n|-supereffective|p2a: Keldeo\n|-damage|p2a: Keldeo|147/273\n|-start|p2a: Keldeo|confusion\n|\n|-heal|p2a: Keldeo|164/273|[from] item: Leftovers\n|upkeep\n|turn|24\n|inactive|Time left: 300 sec this turn | 300 sec total\n|\n|t:|1783561085\n|-activate|p2a: Keldeo|confusion\n|move|p2a: Keldeo|Hydro Pump|p1a: Masquerain\n|-damage|p1a: Masquerain|0 fnt\n|faint|p1a: Masquerain\n|\n|-heal|p2a: Keldeo|181/273|[from] item: Leftovers\n|upkeep\n|\n|t:|1783561086\n|switch|p1a: Hitmonlee|Hitmonlee, L85, M|100/100\n|turn|25\n|inactive|Time left: 300 sec this turn | 300 sec total\n|\n|t:|1783561087\n|-activate|p2a: Keldeo|confusion\n|move|p2a: Keldeo|Secret Sword|p1a: Hitmonlee\n|-damage|p1a: Hitmonlee|0 fnt\n|faint|p1a: Hitmonlee\n|\n|win|p0y18858d1f", "uploadtime": 1783561087, "views": 0, "rating": 0, "private": 0, "password": null, "_winner": "p0y18858d1f", "_our_name": "p0y18858d1f"}