{"id": "battle-gen9randombattle-1857", "formatid": "gen9randombattle", "format": "[Gen 9] Random Battle", "players": ["p0x1857cbdc", "p0y1857ecea"], "log": "|init|battle\n|title|p0x1857cbdc vs. p0y1857ecea\n|j|\u2606p0x1857cbdc\n|j|\u2606p0y1857ecea\n|t:|1783561498\n|gametype|singles\n|player|p1|p0x1857cbdc|1|\n|player|p2|p0y1857ecea|266|\n|gen|9\n|tier|[Gen 9] Random Battle\n|rule|Species Clause: Limit one of each Pok\u00e9mon\n|rule|HP Percentage Mod: HP is shown in percentages\n|rule|Sleep Clause Mod: Limit one foe put to sleep\n|rule|Illusion Level Mod: Illusion disguises the Pok\u00e9mon's true level\n|\n|t:|1783561498\n|teamsize|p1|6\n|teamsize|p2|6\n|start\n|switch|p1a: Regigigas|Regigigas, L84|322/322\n|switch|p2a: Iron Leaves|Iron Leaves, L80|100/100\n|-start|p1a: Regigigas|ability: Slow Start\n|turn|1\n|inactive|Battle timer is ON: inactive players will automatically lose when time's up. (requested by p0x1857cbdc)\n|inactive|p0y1857ecea also wants the timer to be on.\n|\n|t:|1783561499\n|move|p2a: Iron Leaves|Psyblade|p1a: Regigigas\n|-damage|p1a: Regigigas|205/322\n|move|p1a: Regigigas|Knock Off|p2a: Iron Leaves\n|-supereffective|p2a: Iron Leaves\n|-damage|p2a: Iron Leaves|59/100\n|-enditem|p2a: Iron Leaves|Choice Band|[from] move: Knock Off|[of] p1a: Regigigas\n|\n|-heal|p1a: Regigigas|225/322|[from] item: Leftovers\n|upkeep\n|turn|2\n|inactive|Time left: 300 sec this turn | 300 sec total\n|\n|t:|1783561501\n|-end|p2a: Iron Leaves|Quark Drive|[silent]\n|switch|p2a: Ursaluna|Ursaluna, L79, M|100/100\n|move|p1a: Regigigas|Knock Off|p2a: Ursaluna\n|-damage|p2a: Ursaluna|86/100\n|-enditem|p2a: Ursaluna|Flame Orb|[from] move: Knock Off|[of] p1a: Regigigas\n|\n|-heal|p1a: Regigigas|245/322|[from] item: Leftovers\n|upkeep\n|turn|3\n|inactive|Time left: 300 sec this turn | 300 sec total\n|\n|t:|1783561502\n|move|p2a: Ursaluna|Facade|p1a: Regigigas\n|-damage|p1a: Regigigas|169/322\n|move|p1a: Regigigas|Body Slam|p2a: Ursaluna\n|-damage|p2a: Ursaluna|68/100\n|-status|p2a: Ursaluna|par\n|\n|-heal|p1a: Regigigas|189/322|[from] item: Leftovers\n|upkeep\n|turn|4\n|inactive|Time left: 300 sec this turn | 300 sec total\n|\n|t:|1783561503\n|move|p1a: Regigigas|Substitute|p1a: Regigigas\n|-start|p1a: Regigigas|Substitute\n|-damage|p1a: Regigigas|109/322\n|move|p2a: Ursaluna|Facade|p1a: Regigigas\n|-end|p1a: Regigigas|Substitute\n|\n|-heal|p1a: Regigigas|129/322|[from] item: Leftovers\n|upkeep\n|turn|5\n|inactive|Time left: 300 sec this turn | 300 sec total\n|\n|t:|1783561504\n|move|p1a: Regigigas|Protect|p1a: Regigigas\n|-singleturn|p1a: Regigigas|Protect\n|move|p2a: Ursaluna|Facade|p1a: Regigigas\n|-activate|p1a: Regigigas|move: Protect\n|\n|-heal|p1a: Regigigas|149/322|[from] item: Leftovers\n|-end|p1a: Regigigas|Slow Start\n|upkeep\n|turn|6\n|inactive|Time left: 300 sec this turn | 300 sec total\n|\n|t:|1783561505\n|move|p1a: Regigigas|Body Slam|p2a: Ursaluna\n|-damage|p2a: Ursaluna|30/100 par\n|move|p2a: Ursaluna|Facade|p1a: Regigigas\n|-damage|p1a: Regigigas|0 fnt\n|faint|p1a: Regigigas\n|-end|p1a: Regigigas|Slow Start|[silent]\n|\n|upkeep\n|inactive|Time left: 300 sec this turn | 300 sec total | 5 sec grace\n|\n|t:|1783561506\n|switch|p1a: Spiritomb|Spiritomb, L89, M|234/234\n|turn|7\n|inactive|Time left: 300 sec this turn | 300 sec total\n|\n|t:|1783561507\n|move|p1a: Spiritomb|Foul Play|p2a: Ursaluna\n|-damage|p2a: Ursaluna|0 fnt\n|faint|p2a: Ursaluna\n|\n|upkeep\n|\n|t:|1783561508\n|switch|p2a: Azumarill|Azumarill, L82, M|100/100\n|turn|8\n|inactive|Time left: 300 sec this turn | 300 sec total\n|\n|t:|1783561509\n|move|p2a: Azumarill|Play Rough|p1a: Spiritomb\n|-supereffective|p1a: Spiritomb\n|-damage|p1a: Spiritomb|0 fnt\n|faint|p1a: Spiritomb\n|\n|upkeep\n|inactive|Time left: 300 sec this turn | 300 sec total | 5 sec grace\n|\n|t:|1783561510\n|switch|p1a: Dusknoir|Dusknoir, L89, M|225/225\n|-item|p2a: Azumarill|Choice Band|[from] ability: Frisk|[of] p1a: Dusknoir\n|turn|9\n|inactive|Time left: 300 sec this turn | 300 sec total\n|\n|t:|1783561511\n|move|p1a: Dusknoir|Poltergeist|p2a: Azumarill\n|-activate|p2a: Azumarill|move: Poltergeist|Choice Band\n|-damage|p2a: Azumarill|40/100\n|-damage|p1a: Dusknoir|203/225|[from] item: Life Orb\n|move|p2a: Azumarill|Play Rough|p1a: Dusknoir\n|-damage|p1a: Dusknoir|80/225\n|\n|upkeep\n|turn|10\n|inactive|Time left: 300 sec this turn | 300 sec total\n|\n|t:|1783561512\n|move|p1a: Dusknoir|Poltergeist|p2a: Azumarill\n|-activate|p2a: Azumarill|move: Poltergeist|Choice Band\n|-damage|p2a: Azumarill|0 fnt\n|faint|p2a: Azumarill\n|-damage|p1a: Dusknoir|58/225|[from] item: Life Orb\n|\n|upkeep\n|\n|t:|1783561513\n|switch|p2a: Armarouge|Armarouge, L80, M|100/100\n|turn|11\n|inactive|Time left: 300 sec this turn | 300 sec total\n|\n|t:|1783561514\n|move|p1a: Dusknoir|Shadow Sneak|p2a: Armarouge\n|-supereffective|p2a: Armarouge\n|-damage|p2a: Armarouge|54/100\n|-ability|p2a: Armarouge|Weak Armor|boost\n|-unboost|p2a: Armarouge|def|1\n|-boost|p2a: Armarouge|spe|2\n|-damage|p1a: Dusknoir|36/225|[from] item: Life Orb\n|move|p2a: Armarouge|Armor Cannon|p1a: Dusknoir\n|-damage|p1a: Dusknoir|0 fnt\n|-unboost|p2a: Armarouge|def|1\n|-unboost|p2a: Armarouge|spd|1\n|faint|p1a: Dusknoir\n|\n|upkeep\n|inactive|Time left: 300 sec this turn | 300 sec total | 5 sec grace\n|\n|t:|1783561515\n|switch|p1a: Grimmsnarl|Grimmsnarl, L83, M|293/293\n|turn|12\n|inactive|Time left: 300 sec this turn | 300 sec total\n|\n|t:|1783561516\n|move|p1a: Grimmsnarl|Sucker Punch|p2a: Armarouge\n|-supereffective|p2a: Armarouge\n|-damage|p2a: Armarouge|0 fnt\n|faint|p2a: Armarouge\n|\n|upkeep\n|\n|t:|1783561517\n|switch|p2a: Flapple|Flapple, L88, F|100/100\n|turn|13\n|inactive|Time left: 300 sec this turn | 300 sec total\n|\n|t:|1783561518\n|-terastallize|p2a: Flapple|Fire\n|move|p2a: Flapple|Dragon Dance|p2a: Flapple\n|-boost|p2a: Flapple|atk|1\n|-boost|p2a: Flapple|spe|1\n|move|p1a: Grimmsnarl|Spirit Break|p2a: Flapple\n|-resisted|p2a: Flapple\n|-damage|p2a: Flapple|84/100\n|-unboost|p2a: Flapple|spa|1\n|\n|upkeep\n|turn|14\n|inactive|Time left: 300 sec this turn | 300 sec total\n|\n|t:|1783561519\n|move|p1a: Grimmsnarl|Parting Shot|p2a: Flapple\n|-unboost|p2a: Flapple|atk|1\n|-unboost|p2a: Flapple|spa|1\n|inactive|Time left: 300 sec this turn | 300 sec total | 5 sec grace\n|\n|t:|1783561519\n|switch|p1a: Rayquaza|Rayquaza, L72|270/270|[from] Parting Shot\n|-ability|p1a: Rayquaza|Air Lock\n|move|p2a: Flapple|Dragon Dance|p2a: Flapple\n|-boost|p2a: Flapple|atk|1\n|-boost|p2a: Flapple|spe|1\n|\n|upkeep\n|turn|15\n|inactive|Time left: 300 sec this turn | 300 sec total\n|\n|t:|1783561520\n|switch|p1a: Grimmsnarl|Grimmsnarl, L83, M|293/293\n|move|p2a: Flapple|Outrage|p1a: Grimmsnarl\n|-immune|p1a: Grimmsnarl\n|\n|upkeep\n|turn|16\n|inactive|Time left: 300 sec this turn | 300 sec total\n|\n|t:|1783561521\n|move|p1a: Grimmsnarl|Sucker Punch||[still]\n|-fail|p1a: Grimmsnarl\n|move|p2a: Flapple|Dragon Dance|p2a: Flapple\n|-boost|p2a: Flapple|atk|1\n|-boost|p2a: Flapple|spe|1\n|\n|upkeep\n|turn|17\n|inactive|Time left: 300 sec this turn | 300 sec total\n|\n|t:|1783561522\n|move|p2a: Flapple|Tera Blast|p1a: Grimmsnarl|[anim] Tera Blast Fire\n|-damage|p1a: Grimmsnarl|0 fnt\n|faint|p1a: Grimmsnarl\n|\n|upkeep\n|inactive|Time left: 300 sec this turn | 300 sec total | 5 sec grace\n|\n|t:|1783561523\n|switch|p1a: Rayquaza|Rayquaza, L72|270/270\n|-ability|p1a: Rayquaza|Air Lock\n|turn|18\n|inactive|Time left: 300 sec this turn | 300 sec total\n|\n|t:|1783561524\n|move|p2a: Flapple|Outrage|p1a: Rayquaza\n|-supereffective|p1a: Rayquaza\n|-damage|p1a: Rayquaza|0 fnt\n|faint|p1a: Rayquaza\n|\n|upkeep\n|inactive|Time left: 300 sec this turn | 300 sec total | 5 sec grace\n|\n|t:|1783561525\n|switch|p1a: Scizor|Scizor, L79, F|240/240\n|turn|19\n|inactive|Time left: 300 sec this turn | 300 sec total\n|\n|t:|1783561526\n|-terastallize|p1a: Scizor|Dragon\n|move|p2a: Flapple|Outrage|p1a: Scizor|[from] lockedmove\n|-supereffective|p1a: Scizor\n|-damage|p1a: Scizor|0 fnt\n|faint|p1a: Scizor\n|\n|win|p0y1857ecea", "uploadtime": 1783561526, "views": 0, "rating": 0, "private": 0, "password": null, "_winner": "p0y1857ecea", "_our_name": "p0x1857cbdc"}