{"id": "battle-gen9randombattle-151", "formatid": "gen9randombattle", "format": "[Gen 9] Random Battle", "players": ["p0x151c6b9", "p0y151a0fb"], "log": "|init|battle\n|title|p0x151c6b9 vs. p0y151a0fb\n|j|\u2606p0x151c6b9\n|j|\u2606p0y151a0fb\n|t:|1783541299\n|gametype|singles\n|player|p1|p0x151c6b9|170|\n|player|p2|p0y151a0fb|2|\n|gen|9\n|tier|[Gen 9] Random Battle\n|rule|Species Clause: Limit one of each Pok\u00e9mon\n|rule|HP Percentage Mod: HP is shown in percentages\n|rule|Sleep Clause Mod: Limit one foe put to sleep\n|rule|Illusion Level Mod: Illusion disguises the Pok\u00e9mon's true level\n|\n|t:|1783541299\n|teamsize|p1|6\n|teamsize|p2|6\n|start\n|switch|p1a: Volcanion|Volcanion, L79|100/100\n|switch|p2a: Arboliva|Arboliva, L91, M|288/288\n|turn|1\n|inactive|Battle timer is ON: inactive players will automatically lose when time's up. (requested by p0y151a0fb)\n|inactive|p0x151c6b9 also wants the timer to be on.\n|\n|t:|1783541300\n|switch|p1a: Masquerain|Masquerain, L87, M|100/100\n|-ability|p1a: Masquerain|Intimidate|boost\n|-unboost|p2a: Arboliva|atk|1\n|move|p2a: Arboliva|Hyper Voice|p1a: Masquerain\n|-damage|p1a: Masquerain|48/100\n|\n|upkeep\n|turn|2\n|inactive|Time left: 300 sec this turn | 300 sec total\n|\n|t:|1783541301\n|move|p1a: Masquerain|Sticky Web|p2a: Arboliva\n|-sidestart|p2: p0y151a0fb|move: Sticky Web\n|move|p2a: Arboliva|Hyper Voice|p1a: Masquerain\n|-damage|p1a: Masquerain|0 fnt\n|faint|p1a: Masquerain\n|\n|upkeep\n|\n|t:|1783541302\n|switch|p1a: Falinks|Falinks, L84|100/100\n|turn|3\n|inactive|Time left: 300 sec this turn | 300 sec total\n|\n|t:|1783541303\n|move|p1a: Falinks|No Retreat|p1a: Falinks\n|-boost|p1a: Falinks|atk|1\n|-boost|p1a: Falinks|def|1\n|-boost|p1a: Falinks|spa|1\n|-boost|p1a: Falinks|spd|1\n|-boost|p1a: Falinks|spe|1\n|-start|p1a: Falinks|move: No Retreat\n|move|p2a: Arboliva|Hyper Voice|p1a: Falinks\n|-damage|p1a: Falinks|51/100\n|\n|upkeep\n|turn|4\n|inactive|Time left: 300 sec this turn | 300 sec total\n|\n|t:|1783541304\n|-terastallize|p2a: Arboliva|Water\n|move|p1a: Falinks|Close Combat|p2a: Arboliva\n|-damage|p2a: Arboliva|46/288\n|-unboost|p1a: Falinks|def|1\n|-unboost|p1a: Falinks|spd|1\n|-enditem|p2a: Arboliva|Sitrus Berry|[eat]\n|-heal|p2a: Arboliva|118/288|[from] item: Sitrus Berry\n|-damage|p1a: Falinks|42/100|[from] item: Life Orb\n|move|p2a: Arboliva|Hyper Voice|p1a: Falinks\n|-damage|p1a: Falinks|0 fnt\n|faint|p1a: Falinks\n|\n|-item|p2a: Arboliva|Sitrus Berry|[from] ability: Harvest\n|upkeep\n|-enditem|p2a: Arboliva|Sitrus Berry|[eat]\n|-heal|p2a: Arboliva|190/288|[from] item: Sitrus Berry\n|\n|t:|1783541304\n|switch|p1a: Porygon-Z|Porygon-Z, L83|100/100\n|turn|5\n|inactive|Time left: 300 sec this turn | 300 sec total\n|\n|t:|1783541305\n|move|p1a: Porygon-Z|Nasty Plot|p1a: Porygon-Z\n|-boost|p1a: Porygon-Z|spa|2\n|move|p2a: Arboliva|Hyper Voice|p1a: Porygon-Z\n|-damage|p1a: Porygon-Z|41/100\n|\n|-item|p2a: Arboliva|Sitrus Berry|[from] ability: Harvest\n|upkeep\n|turn|6\n|inactive|Time left: 300 sec this turn | 300 sec total\n|\n|t:|1783541306\n|move|p1a: Porygon-Z|Tera Blast|p2a: Arboliva\n|-damage|p2a: Arboliva|0 fnt\n|faint|p2a: Arboliva\n|-damage|p1a: Porygon-Z|31/100|[from] item: Life Orb\n|\n|upkeep\n|inactive|Time left: 300 sec this turn | 300 sec total | 5 sec grace\n|\n|t:|1783541307\n|switch|p2a: Malamar|Malamar, L82, F|275/275\n|-activate|p2a: Malamar|move: Sticky Web\n|-boost|p2a: Malamar|spe|1\n|turn|7\n|inactive|Time left: 300 sec this turn | 300 sec total\n|\n|t:|1783541308\n|switch|p1a: Dipplin|Dipplin, L88, F|100/100\n|move|p2a: Malamar|Superpower|p1a: Dipplin\n|-damage|p1a: Dipplin|86/100\n|-boost|p2a: Malamar|atk|1\n|-boost|p2a: Malamar|def|1\n|\n|upkeep\n|turn|8\n|inactive|Time left: 300 sec this turn | 300 sec total\n|\n|t:|1783541309\n|move|p2a: Malamar|Superpower|p1a: Dipplin\n|-damage|p1a: Dipplin|66/100\n|-boost|p2a: Malamar|atk|1\n|-boost|p2a: Malamar|def|1\n|move|p1a: Dipplin|Dragon Tail|p2a: Malamar\n|-damage|p2a: Malamar|244/275\n|drag|p2a: Cinderace|Cinderace, L77, M|250/250\n|\n|upkeep\n|turn|9\n|inactive|Time left: 300 sec this turn | 300 sec total\n|\n|t:|1783541310\n|move|p2a: Cinderace|Court Change|p2a: Cinderace\n|-start|p2a: Cinderace|typechange|Normal|[from] ability: Libero\n|-swapsideconditions\n|-activate|p2a: Cinderace|move: Court Change\n|move|p1a: Dipplin|Dragon Pulse|p2a: Cinderace\n|-damage|p2a: Cinderace|130/250\n|\n|upkeep\n|turn|10\n|inactive|Time left: 300 sec this turn | 300 sec total\n|\n|t:|1783541311\n|switch|p2a: Chansey|Chansey, L85, F|564/564\n|move|p1a: Dipplin|Giga Drain|p2a: Chansey\n|-damage|p2a: Chansey|515/564\n|-heal|p1a: Dipplin|75/100|[from] drain|[of] p2a: Chansey\n|\n|upkeep\n|turn|11\n|inactive|Time left: 300 sec this turn | 300 sec total\n|\n|t:|1783541312\n|move|p2a: Chansey|Thunder Wave|p1a: Dipplin\n|-status|p1a: Dipplin|par\n|move|p1a: Dipplin|Dragon Tail|p2a: Chansey\n|-damage|p2a: Chansey|370/564\n|drag|p2a: Grumpig|Grumpig, L92, M|297/297\n|\n|upkeep\n|turn|12\n|inactive|Time left: 300 sec this turn | 300 sec total\n|\n|t:|1783541313\n|move|p2a: Grumpig|Nasty Plot|p2a: Grumpig\n|-boost|p2a: Grumpig|spa|2\n|move|p1a: Dipplin|Giga Drain|p2a: Grumpig\n|-damage|p2a: Grumpig|225/297\n|-heal|p1a: Dipplin|88/100 par|[from] drain|[of] p2a: Grumpig\n|\n|-heal|p2a: Grumpig|243/297|[from] item: Leftovers\n|upkeep\n|turn|13\n|inactive|Time left: 300 sec this turn | 300 sec total\n|\n|t:|1783541314\n|move|p2a: Grumpig|Focus Blast|p1a: Dipplin\n|-damage|p1a: Dipplin|45/100 par\n|-unboost|p1a: Dipplin|spd|1\n|cant|p1a: Dipplin|par\n|\n|-heal|p2a: Grumpig|261/297|[from] item: Leftovers\n|upkeep\n|turn|14\n|inactive|Time left: 300 sec this turn | 300 sec total\n|\n|t:|1783541315\n|move|p2a: Grumpig|Shadow Ball|p1a: Dipplin\n|-damage|p1a: Dipplin|0 fnt\n|faint|p1a: Dipplin\n|\n|-heal|p2a: Grumpig|279/297|[from] item: Leftovers\n|upkeep\n|\n|t:|1783541317\n|switch|p1a: Volcanion|Volcanion, L79|100/100\n|-activate|p1a: Volcanion|move: Sticky Web\n|-unboost|p1a: Volcanion|spe|1\n|turn|15\n|inactive|Time left: 300 sec this turn | 300 sec total\n|\n|t:|1783541317\n|move|p2a: Grumpig|Psyshock|p1a: Volcanion\n|-damage|p1a: Volcanion|43/100\n|move|p1a: Volcanion|Steam Eruption|p2a: Grumpig\n|-damage|p2a: Grumpig|183/297\n|\n|-heal|p2a: Grumpig|201/297|[from] item: Leftovers\n|upkeep\n|turn|16\n|inactive|Time left: 300 sec this turn | 300 sec total\n|\n|t:|1783541319\n|move|p2a: Grumpig|Psyshock|p1a: Volcanion\n|-damage|p1a: Volcanion|0 fnt\n|faint|p1a: Volcanion\n|\n|-heal|p2a: Grumpig|219/297|[from] item: Leftovers\n|upkeep\n|\n|t:|1783541320\n|switch|p1a: Porygon-Z|Porygon-Z, L83|31/100\n|-activate|p1a: Porygon-Z|move: Sticky Web\n|-unboost|p1a: Porygon-Z|spe|1\n|turn|17\n|inactive|Time left: 300 sec this turn | 300 sec total\n|\n|t:|1783541321\n|move|p2a: Grumpig|Psyshock|p1a: Porygon-Z\n|-damage|p1a: Porygon-Z|0 fnt\n|faint|p1a: Porygon-Z\n|\n|-heal|p2a: Grumpig|237/297|[from] item: Leftovers\n|upkeep\n|\n|t:|1783541322\n|switch|p1a: Cramorant|Cramorant, L86, F|100/100\n|turn|18\n|inactive|Time left: 300 sec this turn | 300 sec total\n|\n|t:|1783541323\n|-terastallize|p1a: Cramorant|Ground\n|move|p2a: Grumpig|Psyshock|p1a: Cramorant\n|-damage|p1a: Cramorant|0 fnt\n|faint|p1a: Cramorant\n|\n|win|p0y151a0fb", "uploadtime": 1783541323, "views": 0, "rating": 0, "private": 0, "password": null, "_winner": "p0y151a0fb", "_our_name": "p0y151a0fb"}