{"id": "battle-gen9randombattle-1850", "formatid": "gen9randombattle", "format": "[Gen 9] Random Battle", "players": ["p0x185051b6", "p0y185061eb"], "log": "|init|battle\n|title|p0x185051b6 vs. p0y185061eb\n|j|\u2606p0x185051b6\n|j|\u2606p0y185061eb\n|t:|1783560683\n|gametype|singles\n|player|p1|p0x185051b6|266|\n|player|p2|p0y185061eb|2|\n|gen|9\n|tier|[Gen 9] Random Battle\n|rule|Species Clause: Limit one of each Pok\u00e9mon\n|rule|HP Percentage Mod: HP is shown in percentages\n|rule|Sleep Clause Mod: Limit one foe put to sleep\n|rule|Illusion Level Mod: Illusion disguises the Pok\u00e9mon's true level\n|\n|t:|1783560683\n|teamsize|p1|6\n|teamsize|p2|6\n|start\n|switch|p1a: Jirachi|Jirachi, L80|291/291\n|switch|p2a: Basculegion|Basculegion-F, L83, F|100/100\n|turn|1\n|inactive|Battle timer is ON: inactive players will automatically lose when time's up. (requested by p0x185051b6)\n|inactive|p0y185061eb also wants the timer to be on.\n|\n|t:|1783560684\n|move|p1a: Jirachi|Protect|p1a: Jirachi\n|-singleturn|p1a: Jirachi|Protect\n|move|p2a: Basculegion|Shadow Ball|p1a: Jirachi\n|-activate|p1a: Jirachi|move: Protect\n|\n|upkeep\n|turn|2\n|inactive|Time left: 300 sec this turn | 300 sec total\n|\n|t:|1783560685\n|move|p1a: Jirachi|Iron Head|p2a: Basculegion\n|-resisted|p2a: Basculegion\n|-damage|p2a: Basculegion|85/100\n|cant|p2a: Basculegion|flinch\n|\n|upkeep\n|turn|3\n|inactive|Time left: 300 sec this turn | 300 sec total\n|\n|t:|1783560686\n|move|p1a: Jirachi|Protect|p1a: Jirachi\n|-singleturn|p1a: Jirachi|Protect\n|move|p2a: Basculegion|Shadow Ball|p1a: Jirachi\n|-activate|p1a: Jirachi|move: Protect\n|\n|upkeep\n|turn|4\n|inactive|Time left: 300 sec this turn | 300 sec total\n|\n|t:|1783560687\n|move|p1a: Jirachi|Iron Head|p2a: Basculegion\n|-resisted|p2a: Basculegion\n|-damage|p2a: Basculegion|69/100\n|cant|p2a: Basculegion|flinch\n|\n|upkeep\n|turn|5\n|inactive|Time left: 300 sec this turn | 300 sec total\n|\n|t:|1783560688\n|move|p1a: Jirachi|Protect|p1a: Jirachi\n|-singleturn|p1a: Jirachi|Protect\n|move|p2a: Basculegion|Shadow Ball|p1a: Jirachi\n|-activate|p1a: Jirachi|move: Protect\n|\n|upkeep\n|turn|6\n|inactive|Time left: 300 sec this turn | 300 sec total\n|\n|t:|1783560689\n|move|p1a: Jirachi|Iron Head|p2a: Basculegion\n|-resisted|p2a: Basculegion\n|-damage|p2a: Basculegion|52/100\n|move|p2a: Basculegion|Shadow Ball|p1a: Jirachi\n|-supereffective|p1a: Jirachi\n|-damage|p1a: Jirachi|0 fnt\n|faint|p1a: Jirachi\n|\n|upkeep\n|inactive|Time left: 300 sec this turn | 300 sec total | 5 sec grace\n|\n|t:|1783560689\n|switch|p1a: Manaphy|Manaphy, L78|284/284\n|turn|7\n|inactive|Time left: 300 sec this turn | 300 sec total\n|\n|t:|1783560691\n|move|p1a: Manaphy|Tail Glow|p1a: Manaphy\n|-boost|p1a: Manaphy|spa|3\n|move|p2a: Basculegion|Shadow Ball|p1a: Manaphy\n|-damage|p1a: Manaphy|130/284\n|\n|-heal|p1a: Manaphy|147/284|[from] item: Leftovers\n|upkeep\n|turn|8\n|inactive|Time left: 300 sec this turn | 300 sec total\n|\n|t:|1783560692\n|switch|p2a: Farigiraf|Farigiraf, L90, F|100/100\n|move|p1a: Manaphy|Energy Ball|p2a: Farigiraf\n|-ability|p2a: Farigiraf|Sap Sipper|boost\n|-boost|p2a: Farigiraf|atk|1\n|\n|-heal|p1a: Manaphy|164/284|[from] item: Leftovers\n|upkeep\n|turn|9\n|inactive|Time left: 300 sec this turn | 300 sec total\n|\n|t:|1783560693\n|move|p1a: Manaphy|Hydro Pump|p2a: Farigiraf\n|-damage|p2a: Farigiraf|21/100\n|move|p2a: Farigiraf|Body Slam|p1a: Manaphy\n|-damage|p1a: Manaphy|32/284\n|\n|-heal|p1a: Manaphy|49/284|[from] item: Leftovers\n|-heal|p2a: Farigiraf|27/100|[from] item: Leftovers\n|upkeep\n|turn|10\n|inactive|Time left: 300 sec this turn | 300 sec total\n|\n|t:|1783560694\n|move|p2a: Farigiraf|Protect|p2a: Farigiraf\n|-singleturn|p2a: Farigiraf|Protect\n|move|p1a: Manaphy|Ice Beam|p2a: Farigiraf\n|-activate|p2a: Farigiraf|move: Protect\n|\n|-heal|p1a: Manaphy|66/284|[from] item: Leftovers\n|-heal|p2a: Farigiraf|33/100|[from] item: Leftovers\n|upkeep\n|turn|11\n|inactive|Time left: 300 sec this turn | 300 sec total\n|\n|t:|1783560695\n|switch|p2a: Archaludon|Archaludon, L78, F|100/100\n|move|p1a: Manaphy|Hydro Pump|p2a: Archaludon\n|-resisted|p2a: Archaludon\n|-damage|p2a: Archaludon|59/100\n|-ability|p2a: Archaludon|Stamina|boost\n|-boost|p2a: Archaludon|def|1\n|\n|-heal|p1a: Manaphy|83/284|[from] item: Leftovers\n|upkeep\n|turn|12\n|inactive|Time left: 300 sec this turn | 300 sec total\n|\n|t:|1783560696\n|move|p1a: Manaphy|Ice Beam|p2a: Archaludon\n|-damage|p2a: Archaludon|9/100\n|-ability|p2a: Archaludon|Stamina|boost\n|-boost|p2a: Archaludon|def|1\n|move|p2a: Archaludon|Body Press|p1a: Manaphy\n|-damage|p1a: Manaphy|0 fnt\n|faint|p1a: Manaphy\n|\n|upkeep\n|inactive|Time left: 300 sec this turn | 300 sec total | 5 sec grace\n|\n|t:|1783560697\n|switch|p1a: Espathra|Espathra, L80, F|283/283\n|turn|13\n|inactive|Time left: 300 sec this turn | 300 sec total\n|\n|t:|1783560698\n|switch|p2a: Milotic|Milotic, L83, M|100/100\n|move|p1a: Espathra|Calm Mind|p1a: Espathra\n|-boost|p1a: Espathra|spa|1\n|-boost|p1a: Espathra|spd|1\n|\n|-ability|p1a: Espathra|Speed Boost|boost\n|-boost|p1a: Espathra|spe|1\n|upkeep\n|turn|14\n|inactive|Time left: 300 sec this turn | 300 sec total\n|\n|t:|1783560699\n|-terastallize|p1a: Espathra|Fairy\n|move|p1a: Espathra|Calm Mind|p1a: Espathra\n|-boost|p1a: Espathra|spa|1\n|-boost|p1a: Espathra|spd|1\n|move|p2a: Milotic|Haze|p2a: Milotic\n|-clearallboost\n|\n|-ability|p1a: Espathra|Speed Boost|boost\n|-boost|p1a: Espathra|spe|1\n|upkeep\n|turn|15\n|inactive|Time left: 300 sec this turn | 300 sec total\n|\n|t:|1783560700\n|move|p1a: Espathra|Calm Mind|p1a: Espathra\n|-boost|p1a: Espathra|spa|1\n|-boost|p1a: Espathra|spd|1\n|move|p2a: Milotic|Ice Beam|p1a: Espathra\n|-damage|p1a: Espathra|223/283\n|\n|-heal|p1a: Espathra|240/283|[from] item: Leftovers\n|-ability|p1a: Espathra|Speed Boost|boost\n|-boost|p1a: Espathra|spe|1\n|upkeep\n|turn|16\n|inactive|Time left: 300 sec this turn | 300 sec total\n|\n|t:|1783560701\n|move|p1a: Espathra|Stored Power|p2a: Milotic\n|-damage|p2a: Milotic|62/100\n|move|p2a: Milotic|Haze|p2a: Milotic\n|-clearallboost\n|\n|-heal|p1a: Espathra|257/283|[from] item: Leftovers\n|-heal|p2a: Milotic|68/100|[from] item: Leftovers\n|-ability|p1a: Espathra|Speed Boost|boost\n|-boost|p1a: Espathra|spe|1\n|upkeep\n|turn|17\n|inactive|Time left: 300 sec this turn | 300 sec total\n|\n|t:|1783560702\n|move|p1a: Espathra|Calm Mind|p1a: Espathra\n|-boost|p1a: Espathra|spa|1\n|-boost|p1a: Espathra|spd|1\n|move|p2a: Milotic|Scald|p1a: Espathra\n|-damage|p1a: Espathra|172/283\n|\n|-heal|p1a: Espathra|189/283|[from] item: Leftovers\n|-heal|p2a: Milotic|75/100|[from] item: Leftovers\n|-ability|p1a: Espathra|Speed Boost|boost\n|-boost|p1a: Espathra|spe|1\n|upkeep\n|turn|18\n|inactive|Time left: 300 sec this turn | 300 sec total\n|\n|t:|1783560703\n|move|p1a: Espathra|Stored Power|p2a: Milotic\n|-damage|p2a: Milotic|33/100\n|move|p2a: Milotic|Haze|p2a: Milotic\n|-clearallboost\n|\n|-heal|p1a: Espathra|206/283|[from] item: Leftovers\n|-heal|p2a: Milotic|39/100|[from] item: Leftovers\n|-ability|p1a: Espathra|Speed Boost|boost\n|-boost|p1a: Espathra|spe|1\n|upkeep\n|turn|19\n|inactive|Time left: 300 sec this turn | 300 sec total\n|\n|t:|1783560704\n|move|p1a: Espathra|Calm Mind|p1a: Espathra\n|-boost|p1a: Espathra|spa|1\n|-boost|p1a: Espathra|spd|1\n|move|p2a: Milotic|Recover|p2a: Milotic\n|-heal|p2a: Milotic|89/100\n|\n|-heal|p1a: Espathra|223/283|[from] item: Leftovers\n|-heal|p2a: Milotic|95/100|[from] item: Leftovers\n|-ability|p1a: Espathra|Speed Boost|boost\n|-boost|p1a: Espathra|spe|1\n|upkeep\n|turn|20\n|inactive|Time left: 300 sec this turn | 300 sec total\n|\n|t:|1783560705\n|move|p1a: Espathra|Dazzling Gleam|p2a: Milotic\n|-damage|p2a: Milotic|65/100\n|move|p2a: Milotic|Haze|p2a: Milotic\n|-clearallboost\n|\n|-heal|p1a: Espathra|240/283|[from] item: Leftovers\n|-heal|p2a: Milotic|71/100|[from] item: Leftovers\n|-ability|p1a: Espathra|Speed Boost|boost\n|-boost|p1a: Espathra|spe|1\n|upkeep\n|turn|21\n|inactive|Time left: 300 sec this turn | 300 sec total\n|\n|t:|1783560706\n|move|p1a: Espathra|Calm Mind|p1a: Espathra\n|-boost|p1a: Espathra|spa|1\n|-boost|p1a: Espathra|spd|1\n|move|p2a: Milotic|Scald|p1a: Espathra\n|-crit|p1a: Espathra\n|-damage|p1a: Espathra|51/283\n|\n|-heal|p1a: Espathra|68/283|[from] item: Leftovers\n|-heal|p2a: Milotic|78/100|[from] item: Leftovers\n|-ability|p1a: Espathra|Speed Boost|boost\n|-boost|p1a: Espathra|spe|1\n|upkeep\n|turn|22\n|inactive|Time left: 300 sec this turn | 300 sec total\n|\n|t:|1783560707\n|move|p1a: Espathra|Roost|p1a: Espathra\n|-heal|p1a: Espathra|210/283\n|move|p2a: Milotic|Scald|p1a: Espathra\n|-damage|p1a: Espathra|132/283\n|\n|-heal|p1a: Espathra|149/283|[from] item: Leftovers\n|-heal|p2a: Milotic|84/100|[from] item: Leftovers\n|-ability|p1a: Espathra|Speed Boost|boost\n|-boost|p1a: Espathra|spe|1\n|upkeep\n|turn|23\n|inactive|Time left: 300 sec this turn | 300 sec total\n|\n|t:|1783560708\n|move|p1a: Espathra|Stored Power|p2a: Milotic\n|-damage|p2a: Milotic|37/100\n|move|p2a: Milotic|Haze|p2a: Milotic\n|-clearallboost\n|\n|-heal|p1a: Espathra|166/283|[from] item: Leftovers\n|-heal|p2a: Milotic|44/100|[from] item: Leftovers\n|-ability|p1a: Espathra|Speed Boost|boost\n|-boost|p1a: Espathra|spe|1\n|upkeep\n|turn|24\n|inactive|Time left: 300 sec this turn | 300 sec total\n|\n|t:|1783560709\n|move|p1a: Espathra|Calm Mind|p1a: Espathra\n|-boost|p1a: Espathra|spa|1\n|-boost|p1a: Espathra|spd|1\n|move|p2a: Milotic|Scald|p1a: Espathra\n|-damage|p1a: Espathra|85/283\n|\n|-heal|p1a: Espathra|102/283|[from] item: Leftovers\n|-heal|p2a: Milotic|50/100|[from] item: Leftovers\n|-ability|p1a: Espathra|Speed Boost|boost\n|-boost|p1a: Espathra|spe|1\n|upkeep\n|turn|25\n|inactive|Time left: 300 sec this turn | 300 sec total\n|\n|t:|1783560710\n|move|p1a: Espathra|Roost|p1a: Espathra\n|-heal|p1a: Espathra|244/283\n|move|p2a: Milotic|Haze|p2a: Milotic\n|-clearallboost\n|\n|-heal|p1a: Espathra|261/283|[from] item: Leftovers\n|-heal|p2a: Milotic|56/100|[from] item: Leftovers\n|-ability|p1a: Espathra|Speed Boost|boost\n|-boost|p1a: Espathra|spe|1\n|upkeep\n|turn|26\n|inactive|Time left: 300 sec this turn | 300 sec total\n|\n|t:|1783560711\n|move|p1a: Espathra|Calm Mind|p1a: Espathra\n|-boost|p1a: Espathra|spa|1\n|-boost|p1a: Espathra|spd|1\n|move|p2a: Milotic|Ice Beam|p1a: Espathra\n|-damage|p1a: Espathra|201/283\n|\n|-heal|p1a: Espathra|218/283|[from] item: Leftovers\n|-heal|p2a: Milotic|62/100|[from] item: Leftovers\n|-ability|p1a: Espathra|Speed Boost|boost\n|-boost|p1a: Espathra|spe|1\n|upkeep\n|turn|27\n|inactive|Time left: 300 sec this turn | 300 sec total\n|\n|t:|1783560712\n|move|p1a: Espathra|Stored Power|p2a: Milotic\n|-damage|p2a: Milotic|24/100\n|move|p2a: Milotic|Haze|p2a: Milotic\n|-clearallboost\n|\n|-heal|p1a: Espathra|235/283|[from] item: Leftovers\n|-heal|p2a: Milotic|30/100|[from] item: Leftovers\n|-ability|p1a: Espathra|Speed Boost|boost\n|-boost|p1a: Espathra|spe|1\n|upkeep\n|turn|28\n|inactive|Time left: 300 sec this turn | 300 sec total\n|\n|t:|1783560713\n|move|p1a: Espathra|Calm Mind|p1a: Espathra\n|-boost|p1a: Espathra|spa|1\n|-boost|p1a: Espathra|spd|1\n|move|p2a: Milotic|Recover|p2a: Milotic\n|-heal|p2a: Milotic|80/100\n|\n|-heal|p1a: Espathra|252/283|[from] item: Leftovers\n|-heal|p2a: Milotic|86/100|[from] item: Leftovers\n|-ability|p1a: Espathra|Speed Boost|boost\n|-boost|p1a: Espathra|spe|1\n|upkeep\n|turn|29\n|inactive|Time left: 300 sec this turn | 300 sec total\n|\n|t:|1783560714\n|move|p1a: Espathra|Stored Power|p2a: Milotic\n|-damage|p2a: Milotic|47/100\n|move|p2a: Milotic|Haze|p2a: Milotic\n|-clearallboost\n|\n|-heal|p1a: Espathra|269/283|[from] item: Leftovers\n|-heal|p2a: Milotic|53/100|[from] item: Leftovers\n|-ability|p1a: Espathra|Speed Boost|boost\n|-boost|p1a: Espathra|spe|1\n|upkeep\n|turn|30\n|inactive|Time left: 300 sec this turn | 300 sec total\n|\n|t:|1783560716\n|move|p1a: Espathra|Calm Mind|p1a: Espathra\n|-boost|p1a: Espathra|spa|1\n|-boost|p1a: Espathra|spd|1\n|move|p2a: Milotic|Scald|p1a: Espathra\n|-damage|p1a: Espathra|191/283\n|\n|-heal|p1a: Espathra|208/283|[from] item: Leftovers\n|-heal|p2a: Milotic|59/100|[from] item: Leftovers\n|-ability|p1a: Espathra|Speed Boost|boost\n|-boost|p1a: Espathra|spe|1\n|upkeep\n|turn|31\n|inactive|Time left: 300 sec this turn | 300 sec total\n|\n|t:|1783560717\n|move|p1a: Espathra|Stored Power|p2a: Milotic\n|-damage|p2a: Milotic|19/100\n|move|p2a: Milotic|Haze|p2a: Milotic\n|-clearallboost\n|\n|-heal|p1a: Espathra|225/283|[from] item: Leftovers\n|-heal|p2a: Milotic|25/100|[from] item: Leftovers\n|-ability|p1a: Espathra|Speed Boost|boost\n|-boost|p1a: Espathra|spe|1\n|upkeep\n|turn|32\n|inactive|Time left: 300 sec this turn | 300 sec total\n|\n|t:|1783560718\n|move|p1a: Espathra|Calm Mind|p1a: Espathra\n|-boost|p1a: Espathra|spa|1\n|-boost|p1a: Espathra|spd|1\n|move|p2a: Milotic|Recover|p2a: Milotic\n|-heal|p2a: Milotic|75/100\n|\n|-heal|p1a: Espathra|242/283|[from] item: Leftovers\n|-heal|p2a: Milotic|81/100|[from] item: Leftovers\n|-ability|p1a: Espathra|Speed Boost|boost\n|-boost|p1a: Espathra|spe|1\n|upkeep\n|turn|33\n|inactive|Time left: 300 sec this turn | 300 sec total\n|\n|t:|1783560719\n|move|p1a: Espathra|Stored Power|p2a: Milotic\n|-damage|p2a: Milotic|38/100\n|move|p2a: Milotic|Haze|p2a: Milotic\n|-clearallboost\n|\n|-heal|p1a: Espathra|259/283|[from] item: Leftovers\n|-heal|p2a: Milotic|44/100|[from] item: Leftovers\n|-ability|p1a: Espathra|Speed Boost|boost\n|-boost|p1a: Espathra|spe|1\n|upkeep\n|turn|34\n|inactive|Time left: 300 sec this turn | 300 sec total\n|\n|t:|1783560720\n|move|p1a: Espathra|Calm Mind|p1a: Espathra\n|-boost|p1a: Espathra|spa|1\n|-boost|p1a: Espathra|spd|1\n|move|p2a: Milotic|Recover|p2a: Milotic\n|-heal|p2a: Milotic|94/100\n|\n|-heal|p1a: Espathra|276/283|[from] item: Leftovers\n|-heal|p2a: Milotic|100/100|[from] item: Leftovers\n|-ability|p1a: Espathra|Speed Boost|boost\n|-boost|p1a: Espathra|spe|1\n|upkeep\n|turn|35\n|inactive|Time left: 300 sec this turn | 300 sec total\n|\n|t:|1783560721\n|move|p1a: Espathra|Stored Power|p2a: Milotic\n|-damage|p2a: Milotic|57/100\n|move|p2a: Milotic|Haze|p2a: Milotic\n|-clearallboost\n|\n|-heal|p1a: Espathra|283/283|[from] item: Leftovers\n|-heal|p2a: Milotic|63/100|[from] item: Leftovers\n|-ability|p1a: Espathra|Speed Boost|boost\n|-boost|p1a: Espathra|spe|1\n|upkeep\n|turn|36\n|inactive|Time left: 300 sec this turn | 300 sec total\n|\n|t:|1783560722\n|move|p1a: Espathra|Calm Mind|p1a: Espathra\n|-boost|p1a: Espathra|spa|1\n|-boost|p1a: Espathra|spd|1\n|move|p2a: Milotic|Recover|p2a: Milotic\n|-heal|p2a: Milotic|100/100\n|\n|-ability|p1a: Espathra|Speed Boost|boost\n|-boost|p1a: Espathra|spe|1\n|upkeep\n|turn|37\n|inactive|Time left: 300 sec this turn | 300 sec total\n|\n|t:|1783560723\n|move|p1a: Espathra|Stored Power|p2a: Milotic\n|-damage|p2a: Milotic|59/100\n|move|p2a: Milotic|Haze|p2a: Milotic\n|-clearallboost\n|\n|-heal|p2a: Milotic|65/100|[from] item: Leftovers\n|-ability|p1a: Espathra|Speed Boost|boost\n|-boost|p1a: Espathra|spe|1\n|upkeep\n|turn|38\n|inactive|Time left: 300 sec this turn | 300 sec total\n|\n|t:|1783560724\n|move|p1a: Espathra|Calm Mind|p1a: Espathra\n|-boost|p1a: Espathra|spa|1\n|-boost|p1a: Espathra|spd|1\n|move|p2a: Milotic|Recover|p2a: Milotic\n|-heal|p2a: Milotic|100/100\n|\n|-ability|p1a: Espathra|Speed Boost|boost\n|-boost|p1a: Espathra|spe|1\n|upkeep\n|turn|39\n|inactive|Time left: 300 sec this turn | 300 sec total\n|\n|t:|1783560725\n|move|p1a: Espathra|Stored Power|p2a: Milotic\n|-crit|p2a: Milotic\n|-damage|p2a: Milotic|39/100\n|move|p2a: Milotic|Haze|p2a: Milotic\n|-clearallboost\n|\n|-heal|p2a: Milotic|45/100|[from] item: Leftovers\n|-ability|p1a: Espathra|Speed Boost|boost\n|-boost|p1a: Espathra|spe|1\n|upkeep\n|turn|40\n|inactive|Time left: 300 sec this turn | 300 sec total\n|\n|t:|1783560726\n|move|p1a: Espathra|Calm Mind|p1a: Espathra\n|-boost|p1a: Espathra|spa|1\n|-boost|p1a: Espathra|spd|1\n|move|p2a: Milotic|Recover|p2a: Milotic\n|-heal|p2a: Milotic|95/100\n|\n|-heal|p2a: Milotic|100/100|[from] item: Leftovers\n|-ability|p1a: Espathra|Speed Boost|boost\n|-boost|p1a: Espathra|spe|1\n|upkeep\n|turn|41\n|inactive|Time left: 300 sec this turn | 300 sec total\n|\n|t:|1783560727\n|move|p1a: Espathra|Dazzling Gleam|p2a: Milotic\n|-damage|p2a: Milotic|70/100\n|move|p2a: Milotic|Haze|p2a: Milotic\n|-clearallboost\n|\n|-heal|p2a: Milotic|77/100|[from] item: Leftovers\n|-ability|p1a: Espathra|Speed Boost|boost\n|-boost|p1a: Espathra|spe|1\n|upkeep\n|turn|42\n|inactive|Time left: 300 sec this turn | 300 sec total\n|\n|t:|1783560728\n|move|p1a: Espathra|Calm Mind|p1a: Espathra\n|-boost|p1a: Espathra|spa|1\n|-boost|p1a: Espathra|spd|1\n|move|p2a: Milotic|Recover|p2a: Milotic\n|-heal|p2a: Milotic|100/100\n|\n|-ability|p1a: Espathra|Speed Boost|boost\n|-boost|p1a: Espathra|spe|1\n|upkeep\n|turn|43\n|inactive|Time left: 300 sec this turn | 300 sec total\n|\n|t:|1783560729\n|move|p1a: Espathra|Stored Power|p2a: Milotic\n|-damage|p2a: Milotic|64/100\n|move|p2a: Milotic|Haze|p2a: Milotic\n|-clearallboost\n|\n|-heal|p2a: Milotic|70/100|[from] item: Leftovers\n|-ability|p1a: Espathra|Speed Boost|boost\n|-boost|p1a: Espathra|spe|1\n|upkeep\n|turn|44\n|inactive|Time left: 300 sec this turn | 300 sec total\n|\n|t:|1783560730\n|move|p1a: Espathra|Calm Mind|p1a: Espathra\n|-boost|p1a: Espathra|spa|1\n|-boost|p1a: Espathra|spd|1\n|move|p2a: Milotic|Scald|p1a: Espathra\n|-damage|p1a: Espathra|198/283\n|\n|-heal|p1a: Espathra|215/283|[from] item: Leftovers\n|-heal|p2a: Milotic|76/100|[from] item: Leftovers\n|-ability|p1a: Espathra|Speed Boost|boost\n|-boost|p1a: Espathra|spe|1\n|upkeep\n|turn|45\n|inactive|Time left: 300 sec this turn | 300 sec total\n|\n|t:|1783560731\n|move|p1a: Espathra|Stored Power|p2a: Milotic\n|-crit|p2a: Milotic\n|-damage|p2a: Milotic|18/100\n|move|p2a: Milotic|Haze|p2a: Milotic\n|-clearallboost\n|\n|-heal|p1a: Espathra|232/283|[from] item: Leftovers\n|-heal|p2a: Milotic|24/100|[from] item: Leftovers\n|-ability|p1a: Espathra|Speed Boost|boost\n|-boost|p1a: Espathra|spe|1\n|upkeep\n|turn|46\n|inactive|Time left: 300 sec this turn | 300 sec total\n|\n|t:|1783560732\n|move|p1a: Espathra|Calm Mind|p1a: Espathra\n|-boost|p1a: Espathra|spa|1\n|-boost|p1a: Espathra|spd|1\n|move|p2a: Milotic|Scald|p1a: Espathra\n|-damage|p1a: Espathra|156/283\n|\n|-heal|p1a: Espathra|173/283|[from] item: Leftovers\n|-heal|p2a: Milotic|31/100|[from] item: Leftovers\n|-ability|p1a: Espathra|Speed Boost|boost\n|-boost|p1a: Espathra|spe|1\n|upkeep\n|turn|47\n|inactive|Time left: 300 sec this turn | 300 sec total\n|\n|t:|1783560733\n|-terastallize|p2a: Milotic|Steel\n|move|p1a: Espathra|Stored Power|p2a: Milotic\n|-resisted|p2a: Milotic\n|-damage|p2a: Milotic|10/100\n|move|p2a: Milotic|Haze|p2a: Milotic\n|-clearallboost\n|\n|-heal|p1a: Espathra|190/283|[from] item: Leftovers\n|-heal|p2a: Milotic|17/100|[from] item: Leftovers\n|-ability|p1a: Espathra|Speed Boost|boost\n|-boost|p1a: Espathra|spe|1\n|upkeep\n|turn|48\n|inactive|Time left: 300 sec this turn | 300 sec total\n|\n|t:|1783560734\n|move|p1a: Espathra|Calm Mind|p1a: Espathra\n|-boost|p1a: Espathra|spa|1\n|-boost|p1a: Espathra|spd|1\n|move|p2a: Milotic|Scald|p1a: Espathra\n|-damage|p1a: Espathra|114/283\n|-status|p1a: Espathra|brn\n|\n|-heal|p1a: Espathra|131/283 brn|[from] item: Leftovers\n|-heal|p2a: Milotic|23/100|[from] item: Leftovers\n|-damage|p1a: Espathra|114/283 brn|[from] brn\n|-ability|p1a: Espathra|Speed Boost|boost\n|-boost|p1a: Espathra|spe|1\n|upkeep\n|turn|49\n|inactive|Time left: 300 sec this turn | 300 sec total\n|\n|t:|1783560735\n|move|p1a: Espathra|Roost|p1a: Espathra\n|-heal|p1a: Espathra|256/283 brn\n|move|p2a: Milotic|Haze|p2a: Milotic\n|-clearallboost\n|\n|-heal|p1a: Espathra|273/283 brn|[from] item: Leftovers\n|-heal|p2a: Milotic|29/100|[from] item: Leftovers\n|-damage|p1a: Espathra|256/283 brn|[from] brn\n|-ability|p1a: Espathra|Speed Boost|boost\n|-boost|p1a: Espathra|spe|1\n|upkeep\n|turn|50\n|inactive|Time left: 300 sec this turn | 300 sec total\n|\n|t:|1783560736\n|move|p1a: Espathra|Calm Mind|p1a: Espathra\n|-boost|p1a: Espathra|spa|1\n|-boost|p1a: Espathra|spd|1\n|move|p2a: Milotic|Scald|p1a: Espathra\n|-damage|p1a: Espathra|183/283 brn\n|\n|-heal|p1a: Espathra|200/283 brn|[from] item: Leftovers\n|-heal|p2a: Milotic|35/100|[from] item: Leftovers\n|-damage|p1a: Espathra|183/283 brn|[from] brn\n|-ability|p1a: Espathra|Speed Boost|boost\n|-boost|p1a: Espathra|spe|1\n|upkeep\n|turn|51\n|inactive|Time left: 300 sec this turn | 300 sec total\n|\n|t:|1783560737\n|move|p1a: Espathra|Roost|p1a: Espathra\n|-heal|p1a: Espathra|283/283 brn\n|move|p2a: Milotic|Haze|p2a: Milotic\n|-clearallboost\n|\n|-heal|p2a: Milotic|41/100|[from] item: Leftovers\n|-damage|p1a: Espathra|266/283 brn|[from] brn\n|-ability|p1a: Espathra|Speed Boost|boost\n|-boost|p1a: Espathra|spe|1\n|upkeep\n|turn|52\n|inactive|Time left: 300 sec this turn | 300 sec total\n|\n|t:|1783560738\n|move|p1a: Espathra|Calm Mind|p1a: Espathra\n|-boost|p1a: Espathra|spa|1\n|-boost|p1a: Espathra|spd|1\n|move|p2a: Milotic|Scald|p1a: Espathra\n|-damage|p1a: Espathra|188/283 brn\n|\n|-heal|p1a: Espathra|205/283 brn|[from] item: Leftovers\n|-heal|p2a: Milotic|47/100|[from] item: Leftovers\n|-damage|p1a: Espathra|188/283 brn|[from] brn\n|-ability|p1a: Espathra|Speed Boost|boost\n|-boost|p1a: Espathra|spe|1\n|upkeep\n|turn|53\n|inactive|Time left: 300 sec this turn | 300 sec total\n|\n|t:|1783560739\n|move|p1a: Espathra|Roost|p1a: Espathra\n|-heal|p1a: Espathra|283/283 brn\n|move|p2a: Milotic|Haze|p2a: Milotic\n|-clearallboost\n|\n|-heal|p2a: Milotic|53/100|[from] item: Leftovers\n|-damage|p1a: Espathra|266/283 brn|[from] brn\n|-ability|p1a: Espathra|Speed Boost|boost\n|-boost|p1a: Espathra|spe|1\n|upkeep\n|turn|54\n|inactive|Time left: 300 sec this turn | 300 sec total\n|\n|t:|1783560740\n|move|p1a: Espathra|Calm Mind|p1a: Espathra\n|-boost|p1a: Espathra|spa|1\n|-boost|p1a: Espathra|spd|1\n|move|p2a: Milotic|Scald|p1a: Espathra\n|-damage|p1a: Espathra|193/283 brn\n|\n|-heal|p1a: Espathra|210/283 brn|[from] item: Leftovers\n|-heal|p2a: Milotic|60/100|[from] item: Leftovers\n|-damage|p1a: Espathra|193/283 brn|[from] brn\n|-ability|p1a: Espathra|Speed Boost|boost\n|-boost|p1a: Espathra|spe|1\n|upkeep\n|turn|55\n|inactive|Time left: 300 sec this turn | 300 sec total\n|\n|t:|1783560741\n|move|p1a: Espathra|Roost|p1a: Espathra\n|-heal|p1a: Espathra|283/283 brn\n|move|p2a: Milotic|Haze|p2a: Milotic\n|-clearallboost\n|\n|-heal|p2a: Milotic|66/100|[from] item: Leftovers\n|-damage|p1a: Espathra|266/283 brn|[from] brn\n|-ability|p1a: Espathra|Speed Boost|boost\n|-boost|p1a: Espathra|spe|1\n|upkeep\n|turn|56\n|inactive|Time left: 300 sec this turn | 300 sec total\n|\n|t:|1783560742\n|move|p1a: Espathra|Calm Mind|p1a: Espathra\n|-boost|p1a: Espathra|spa|1\n|-boost|p1a: Espathra|spd|1\n|move|p2a: Milotic|Scald|p1a: Espathra\n|-damage|p1a: Espathra|188/283 brn\n|\n|-heal|p1a: Espathra|205/283 brn|[from] item: Leftovers\n|-heal|p2a: Milotic|72/100|[from] item: Leftovers\n|-damage|p1a: Espathra|188/283 brn|[from] brn\n|-ability|p1a: Espathra|Speed Boost|boost\n|-boost|p1a: Espathra|spe|1\n|upkeep\n|turn|57\n|inactive|Time left: 300 sec this turn | 300 sec total\n|\n|t:|1783560743\n|move|p1a: Espathra|Roost|p1a: Espathra\n|-heal|p1a: Espathra|283/283 brn\n|move|p2a: Milotic|Haze|p2a: Milotic\n|-clearallboost\n|\n|-heal|p2a: Milotic|78/100|[from] item: Leftovers\n|-damage|p1a: Espathra|266/283 brn|[from] brn\n|-ability|p1a: Espathra|Speed Boost|boost\n|-boost|p1a: Espathra|spe|1\n|upkeep\n|turn|58\n|inactive|Time left: 300 sec this turn | 300 sec total\n|\n|t:|1783560744\n|move|p1a: Espathra|Calm Mind|p1a: Espathra\n|-boost|p1a: Espathra|spa|1\n|-boost|p1a: Espathra|spd|1\n|move|p2a: Milotic|Scald|p1a: Espathra\n|-damage|p1a: Espathra|181/283 brn\n|\n|-heal|p1a: Espathra|198/283 brn|[from] item: Leftovers\n|-heal|p2a: Milotic|84/100|[from] item: Leftovers\n|-damage|p1a: Espathra|181/283 brn|[from] brn\n|-ability|p1a: Espathra|Speed Boost|boost\n|-boost|p1a: Espathra|spe|1\n|upkeep\n|turn|59\n|inactive|Time left: 300 sec this turn | 300 sec total\n|\n|t:|1783560745\n|move|p1a: Espathra|Roost|p1a: Espathra\n|-heal|p1a: Espathra|283/283 brn\n|move|p2a: Milotic|Haze|p2a: Milotic\n|-clearallboost\n|\n|-heal|p2a: Milotic|90/100|[from] item: Leftovers\n|-damage|p1a: Espathra|266/283 brn|[from] brn\n|-ability|p1a: Espathra|Speed Boost|boost\n|-boost|p1a: Espathra|spe|1\n|upkeep\n|turn|60\n|inactive|Time left: 300 sec this turn | 300 sec total\n|\n|t:|1783560746\n|move|p1a: Espathra|Calm Mind|p1a: Espathra\n|-boost|p1a: Espathra|spa|1\n|-boost|p1a: Espathra|spd|1\n|move|p2a: Milotic|Scald|p1a: Espathra\n|-damage|p1a: Espathra|182/283 brn\n|\n|-heal|p1a: Espathra|199/283 brn|[from] item: Leftovers\n|-heal|p2a: Milotic|96/100|[from] item: Leftovers\n|-damage|p1a: Espathra|182/283 brn|[from] brn\n|-ability|p1a: Espathra|Speed Boost|boost\n|-boost|p1a: Espathra|spe|1\n|upkeep\n|turn|61\n|inactive|Time left: 300 sec this turn | 300 sec total\n|\n|t:|1783560747\n|move|p1a: Espathra|Calm Mind|p1a: Espathra\n|-boost|p1a: Espathra|spa|1\n|-boost|p1a: Espathra|spd|1\n|move|p2a: Milotic|Scald|p1a: Espathra\n|-damage|p1a: Espathra|118/283 brn\n|\n|-heal|p1a: Espathra|135/283 brn|[from] item: Leftovers\n|-heal|p2a: Milotic|100/100|[from] item: Leftovers\n|-damage|p1a: Espathra|118/283 brn|[from] brn\n|-ability|p1a: Espathra|Speed Boost|boost\n|-boost|p1a: Espathra|spe|1\n|upkeep\n|turn|62\n|inactive|Time left: 300 sec this turn | 300 sec total\n|\n|t:|1783560748\n|move|p1a: Espathra|Stored Power|p2a: Milotic\n|-resisted|p2a: Milotic\n|-damage|p2a: Milotic|57/100\n|move|p2a: Milotic|Haze|p2a: Milotic\n|-clearallboost\n|\n|-heal|p1a: Espathra|135/283 brn|[from] item: Leftovers\n|-heal|p2a: Milotic|63/100|[from] item: Leftovers\n|-damage|p1a: Espathra|118/283 brn|[from] brn\n|-ability|p1a: Espathra|Speed Boost|boost\n|-boost|p1a: Espathra|spe|1\n|upkeep\n|turn|63\n|inactive|Time left: 300 sec this turn | 300 sec total\n|\n|t:|1783560749\n|switch|p1a: Mismagius|Mismagius, L86, M|243/243\n|move|p2a: Milotic|Scald|p1a: Mismagius\n|-damage|p1a: Mismagius|167/243\n|\n|-heal|p1a: Mismagius|182/243|[from] item: Leftovers\n|-heal|p2a: Milotic|69/100|[from] item: Leftovers\n|upkeep\n|turn|64\n|inactive|Time left: 300 sec this turn | 300 sec total\n|\n|t:|1783560750\n|move|p1a: Mismagius|Nasty Plot|p1a: Mismagius\n|-boost|p1a: Mismagius|spa|2\n|move|p2a: Milotic|Scald|p1a: Mismagius\n|-damage|p1a: Mismagius|107/243\n|\n|-heal|p1a: Mismagius|122/243|[from] item: Leftovers\n|-heal|p2a: Milotic|76/100|[from] item: Leftovers\n|upkeep\n|turn|65\n|inactive|Time left: 300 sec this turn | 300 sec total\n|\n|t:|1783560751\n|move|p1a: Mismagius|Shadow Ball|p2a: Milotic\n|-damage|p2a: Milotic|29/100\n|move|p2a: Milotic|Scald|p1a: Mismagius\n|-damage|p1a: Mismagius|46/243\n|-status|p1a: Mismagius|brn\n|\n|-heal|p1a: Mismagius|61/243 brn|[from] item: Leftovers\n|-heal|p2a: Milotic|35/100|[from] item: Leftovers\n|-damage|p1a: Mismagius|46/243 brn|[from] brn\n|upkeep\n|turn|66\n|inactive|Time left: 300 sec this turn | 300 sec total\n|\n|t:|1783560752\n|switch|p2a: Mimikyu|Mimikyu, L79, F|100/100\n|move|p1a: Mismagius|Shadow Ball|p2a: Mimikyu\n|-activate|p2a: Mimikyu|ability: Disguise\n|-damage|p2a: Mimikyu|100/100\n|detailschange|p2a: Mimikyu|Mimikyu-Busted, L79, F\n|-damage|p2a: Mimikyu|88/100|[from] pokemon: Mimikyu-Busted\n|\n|-heal|p1a: Mismagius|61/243 brn|[from] item: Leftovers\n|-damage|p1a: Mismagius|46/243 brn|[from] brn\n|upkeep\n|turn|67\n|inactive|Time left: 300 sec this turn | 300 sec total\n|\n|t:|1783560753\n|move|p2a: Mimikyu|Shadow Sneak|p1a: Mismagius\n|-supereffective|p1a: Mismagius\n|-damage|p1a: Mismagius|0 fnt\n|faint|p1a: Mismagius\n|-damage|p2a: Mimikyu|78/100|[from] item: Life Orb\n|\n|upkeep\n|inactive|Time left: 300 sec this turn | 300 sec total | 5 sec grace\n|\n|t:|1783560754\n|switch|p1a: Piloswine|Piloswine, L85, M|309/309\n|turn|68\n|inactive|Time left: 300 sec this turn | 300 sec total\n|\n|t:|1783560755\n|switch|p2a: Basculegion|Basculegion-F, L83, F|52/100\n|move|p1a: Piloswine|Earthquake|p2a: Basculegion\n|-damage|p2a: Basculegion|9/100\n|\n|upkeep\n|turn|69\n|inactive|Time left: 300 sec this turn | 300 sec total\n|\n|t:|1783560756\n|move|p2a: Basculegion|Hydro Pump|p1a: Piloswine\n|-supereffective|p1a: Piloswine\n|-damage|p1a: Piloswine|0 fnt\n|faint|p1a: Piloswine\n|\n|upkeep\n|inactive|Time left: 300 sec this turn | 300 sec total | 5 sec grace\n|\n|t:|1783560757\n|switch|p1a: Espathra|Espathra, L80, F, tera:Fairy|118/283 brn\n|turn|70\n|inactive|Time left: 300 sec this turn | 300 sec total\n|\n|t:|1783560758\n|switch|p2a: Milotic|Milotic, L83, M, tera:Steel|35/100\n|move|p1a: Espathra|Dazzling Gleam|p2a: Milotic\n|-resisted|p2a: Milotic\n|-damage|p2a: Milotic|24/100\n|\n|-heal|p1a: Espathra|135/283 brn|[from] item: Leftovers\n|-heal|p2a: Milotic|31/100|[from] item: Leftovers\n|-damage|p1a: Espathra|118/283 brn|[from] brn\n|-ability|p1a: Espathra|Speed Boost|boost\n|-boost|p1a: Espathra|spe|1\n|upkeep\n|turn|71\n|inactive|Time left: 300 sec this turn | 300 sec total\n|\n|t:|1783560759\n|move|p1a: Espathra|Calm Mind|p1a: Espathra\n|-boost|p1a: Espathra|spa|1\n|-boost|p1a: Espathra|spd|1\n|move|p2a: Milotic|Scald|p1a: Espathra\n|-damage|p1a: Espathra|31/283 brn\n|\n|-heal|p1a: Espathra|48/283 brn|[from] item: Leftovers\n|-heal|p2a: Milotic|37/100|[from] item: Leftovers\n|-damage|p1a: Espathra|31/283 brn|[from] brn\n|-ability|p1a: Espathra|Speed Boost|boost\n|-boost|p1a: Espathra|spe|1\n|upkeep\n|turn|72\n|inactive|Time left: 300 sec this turn | 300 sec total\n|\n|t:|1783560760\n|move|p1a: Espathra|Stored Power|p2a: Milotic\n|-resisted|p2a: Milotic\n|-damage|p2a: Milotic|16/100\n|move|p2a: Milotic|Scald|p1a: Espathra\n|-damage|p1a: Espathra|0 fnt\n|faint|p1a: Espathra\n|\n|-heal|p2a: Milotic|22/100|[from] item: Leftovers\n|upkeep\n|inactive|Time left: 300 sec this turn | 300 sec total | 5 sec grace\n|\n|t:|1783560761\n|switch|p1a: Iron Thorns|Iron Thorns, L83|302/302\n|-item|p1a: Iron Thorns|Air Balloon\n|turn|73\n|inactive|Time left: 300 sec this turn | 300 sec total\n|\n|t:|1783560762\n|move|p2a: Milotic|Scald|p1a: Iron Thorns\n|-supereffective|p1a: Iron Thorns\n|-damage|p1a: Iron Thorns|132/302\n|-status|p1a: Iron Thorns|brn\n|-enditem|p1a: Iron Thorns|Air Balloon\n|move|p1a: Iron Thorns|Ice Punch|p2a: Milotic\n|-resisted|p2a: Milotic\n|-damage|p2a: Milotic|16/100\n|\n|-heal|p2a: Milotic|22/100|[from] item: Leftovers\n|-damage|p1a: Iron Thorns|114/302 brn|[from] brn\n|upkeep\n|turn|74\n|inactive|Time left: 300 sec this turn | 300 sec total\n|\n|t:|1783560763\n|move|p2a: Milotic|Scald|p1a: Iron Thorns\n|-supereffective|p1a: Iron Thorns\n|-damage|p1a: Iron Thorns|0 fnt\n|faint|p1a: Iron Thorns\n|-end|p1a: Iron Thorns|Quark Drive|[silent]\n|\n|win|p0y185061eb", "uploadtime": 1783560763, "views": 0, "rating": 0, "private": 0, "password": null, "_winner": "p0y185061eb", "_our_name": "p0x185051b6"}