{"id": "battle-gen9randombattle-1829", "formatid": "gen9randombattle", "format": "[Gen 9] Random Battle", "players": ["p0x182991f9", "p0y182913a8"], "log": "|init|battle\n|title|p0x182991f9 vs. p0y182913a8\n|j|\u2606p0x182991f9\n|j|\u2606p0y182913a8\n|t:|1783560423\n|gametype|singles\n|player|p1|p0x182991f9|266|\n|player|p2|p0y182913a8|2|\n|gen|9\n|tier|[Gen 9] Random Battle\n|rule|Species Clause: Limit one of each Pok\u00e9mon\n|rule|HP Percentage Mod: HP is shown in percentages\n|rule|Sleep Clause Mod: Limit one foe put to sleep\n|rule|Illusion Level Mod: Illusion disguises the Pok\u00e9mon's true level\n|\n|t:|1783560423\n|teamsize|p1|6\n|teamsize|p2|6\n|start\n|switch|p1a: Terrakion|Terrakion, L79|100/100\n|switch|p2a: Glimmora|Glimmora, L75, F|248/248\n|turn|1\n|inactive|Battle timer is ON: inactive players will automatically lose when time's up. (requested by p0x182991f9)\n|inactive|Time left: 300 sec this turn | 300 sec total | 60 sec grace\n|\n|t:|1783560425\n|move|p1a: Terrakion|Earthquake|p2a: Glimmora\n|-supereffective|p2a: Glimmora\n|-enditem|p2a: Glimmora|Focus Sash\n|-damage|p2a: Glimmora|1/248\n|-activate|p2a: Glimmora|ability: Toxic Debris\n|-sidestart|p1: p0x182991f9|move: Toxic Spikes\n|move|p2a: Glimmora|Stealth Rock|p1a: Terrakion\n|-sidestart|p1: p0x182991f9|move: Stealth Rock\n|\n|upkeep\n|turn|2\n|inactive|Time left: 300 sec this turn | 300 sec total\n|inactive|p0y182913a8 also wants the timer to be on.\n|\n|t:|1783560426\n|move|p1a: Terrakion|Earthquake|p2a: Glimmora\n|-supereffective|p2a: Glimmora\n|-damage|p2a: Glimmora|0 fnt\n|-activate|p2a: Glimmora|ability: Toxic Debris\n|-sidestart|p1: p0x182991f9|move: Toxic Spikes\n|faint|p2a: Glimmora\n|\n|upkeep\n|inactive|Time left: 300 sec this turn | 300 sec total | 5 sec grace\n|\n|t:|1783560427\n|switch|p2a: Indeedee|Indeedee-F, L90, F|272/272\n|-fieldstart|move: Psychic Terrain|[from] ability: Psychic Surge|[of] p2a: Indeedee\n|turn|3\n|inactive|Time left: 300 sec this turn | 300 sec total\n|\n|t:|1783560428\n|switch|p1a: Scizor|Scizor, L79, F|100/100\n|-damage|p1a: Scizor|88/100|[from] Stealth Rock\n|move|p2a: Indeedee|Psyshock|p1a: Scizor\n|-resisted|p1a: Scizor\n|-damage|p1a: Scizor|53/100\n|\n|-heal|p1a: Scizor|59/100|[from] item: Leftovers\n|upkeep\n|turn|4\n|inactive|Time left: 300 sec this turn | 300 sec total\n|\n|t:|1783560430\n|move|p2a: Indeedee|Psyshock|p1a: Scizor\n|-resisted|p1a: Scizor\n|-damage|p1a: Scizor|18/100\n|move|p1a: Scizor|Defog|p2a: Indeedee\n|-unboost|p2a: Indeedee|evasion|1\n|-sideend|p1: p0x182991f9|Toxic Spikes|[from] move: Defog|[of] p1a: Scizor\n|-sideend|p1: p0x182991f9|Stealth Rock|[from] move: Defog|[of] p1a: Scizor\n|-fieldend|move: Psychic Terrain\n|\n|-heal|p1a: Scizor|25/100|[from] item: Leftovers\n|upkeep\n|turn|5\n|inactive|Time left: 300 sec this turn | 300 sec total\n|\n|t:|1783560431\n|move|p2a: Indeedee|Psyshock|p1a: Scizor\n|-resisted|p1a: Scizor\n|-damage|p1a: Scizor|0 fnt\n|faint|p1a: Scizor\n|\n|upkeep\n|\n|t:|1783560432\n|switch|p1a: Darkrai|Darkrai, L77|100/100\n|turn|6\n|inactive|Time left: 300 sec this turn | 300 sec total\n|\n|t:|1783560433\n|switch|p2a: Perrserker|Perrserker, L89, M|269/269\n|move|p1a: Darkrai|Nasty Plot|p1a: Darkrai\n|-boost|p1a: Darkrai|spa|2\n|\n|upkeep\n|turn|7\n|inactive|Time left: 300 sec this turn | 300 sec total\n|\n|t:|1783560434\n|move|p1a: Darkrai|Focus Blast|p2a: Perrserker\n|-supereffective|p2a: Perrserker\n|-damage|p2a: Perrserker|0 fnt\n|faint|p2a: Perrserker\n|-damage|p1a: Darkrai|91/100|[from] item: Life Orb\n|\n|upkeep\n|inactive|Time left: 300 sec this turn | 300 sec total | 5 sec grace\n|\n|t:|1783560435\n|switch|p2a: Necrozma|Necrozma-Dawn-Wings, L76|272/272\n|turn|8\n|inactive|Time left: 300 sec this turn | 300 sec total\n|\n|t:|1783560436\n|-terastallize|p2a: Necrozma|Fighting\n|move|p1a: Darkrai|Dark Pulse|p2a: Necrozma\n|-resisted|p2a: Necrozma\n|-damage|p2a: Necrozma|165/272\n|-damage|p1a: Darkrai|81/100|[from] item: Life Orb\n|move|p2a: Necrozma|Brick Break|p1a: Darkrai\n|-supereffective|p1a: Darkrai\n|-damage|p1a: Darkrai|0 fnt\n|faint|p1a: Darkrai\n|-damage|p2a: Necrozma|138/272|[from] item: Life Orb\n|\n|upkeep\n|\n|t:|1783560437\n|switch|p1a: Bruxish|Bruxish, L85, F|100/100\n|turn|9\n|inactive|Time left: 300 sec this turn | 300 sec total\n|\n|t:|1783560438\n|move|p1a: Bruxish|Psychic Fangs|p2a: Necrozma\n|-supereffective|p2a: Necrozma\n|-damage|p2a: Necrozma|0 fnt\n|faint|p2a: Necrozma\n|\n|upkeep\n|inactive|Time left: 300 sec this turn | 300 sec total | 5 sec grace\n|\n|t:|1783560439\n|switch|p2a: Glaceon|Glaceon, L94, M|275/275\n|turn|10\n|inactive|Time left: 300 sec this turn | 300 sec total\n|\n|t:|1783560440\n|switch|p1a: Terrakion|Terrakion, L79|100/100\n|move|p2a: Glaceon|Freeze-Dry|p1a: Terrakion\n|-damage|p1a: Terrakion|58/100\n|\n|upkeep\n|turn|11\n|inactive|Time left: 300 sec this turn | 300 sec total\n|\n|t:|1783560441\n|move|p2a: Glaceon|Protect|p2a: Glaceon\n|-singleturn|p2a: Glaceon|Protect\n|move|p1a: Terrakion|Close Combat|p2a: Glaceon\n|-activate|p2a: Glaceon|move: Protect\n|\n|upkeep\n|turn|12\n|inactive|Time left: 300 sec this turn | 300 sec total\n|\n|t:|1783560441\n|switch|p2a: Indeedee|Indeedee-F, L90, F|272/272\n|-fieldstart|move: Psychic Terrain|[from] ability: Psychic Surge|[of] p2a: Indeedee\n|move|p1a: Terrakion|Close Combat|p2a: Indeedee\n|-damage|p2a: Indeedee|40/272\n|-unboost|p1a: Terrakion|def|1\n|-unboost|p1a: Terrakion|spd|1\n|\n|upkeep\n|turn|13\n|inactive|Time left: 300 sec this turn | 300 sec total\n|\n|t:|1783560442\n|move|p1a: Terrakion|Close Combat|p2a: Indeedee\n|-crit|p2a: Indeedee\n|-damage|p2a: Indeedee|0 fnt\n|-unboost|p1a: Terrakion|def|1\n|-unboost|p1a: Terrakion|spd|1\n|faint|p2a: Indeedee\n|\n|upkeep\n|inactive|Time left: 300 sec this turn | 300 sec total | 5 sec grace\n|\n|t:|1783560443\n|switch|p2a: Zangoose|Zangoose, L85, M|263/263\n|turn|14\n|inactive|Time left: 300 sec this turn | 300 sec total\n|\n|t:|1783560444\n|move|p2a: Zangoose|Quick Attack|p1a: Terrakion\n|-activate|p1a: Terrakion|move: Psychic Terrain\n|move|p1a: Terrakion|Close Combat|p2a: Zangoose\n|-supereffective|p2a: Zangoose\n|-damage|p2a: Zangoose|0 fnt\n|-unboost|p1a: Terrakion|def|1\n|-unboost|p1a: Terrakion|spd|1\n|faint|p2a: Zangoose\n|\n|upkeep\n|inactive|Time left: 300 sec this turn | 300 sec total | 5 sec grace\n|\n|t:|1783560445\n|switch|p2a: Glaceon|Glaceon, L94, M|275/275\n|turn|15\n|inactive|Time left: 300 sec this turn | 300 sec total\n|\n|t:|1783560446\n|-terastallize|p1a: Terrakion|Fighting\n|move|p2a: Glaceon|Protect|p2a: Glaceon\n|-singleturn|p2a: Glaceon|Protect\n|move|p1a: Terrakion|Close Combat|p2a: Glaceon\n|-activate|p2a: Glaceon|move: Protect\n|\n|upkeep\n|turn|16\n|inactive|Time left: 300 sec this turn | 300 sec total\n|\n|t:|1783560447\n|move|p2a: Glaceon|Protect||[still]\n|-fail|p2a: Glaceon\n|move|p1a: Terrakion|Close Combat|p2a: Glaceon\n|-supereffective|p2a: Glaceon\n|-damage|p2a: Glaceon|0 fnt\n|-unboost|p1a: Terrakion|def|1\n|-unboost|p1a: Terrakion|spd|1\n|faint|p2a: Glaceon\n|\n|win|p0x182991f9", "uploadtime": 1783560447, "views": 0, "rating": 0, "private": 0, "password": null, "_winner": "p0x182991f9", "_our_name": "p0y182913a8"}