{"id": "battle-gen9randombattle-850", "formatid": "gen9randombattle", "format": "[Gen 9] Random Battle", "players": ["p0x850c77d", "p0y850f0b3"], "log": "|init|battle\n|title|p0x850c77d vs. p0y850f0b3\n|j|\u2606p0x850c77d\n|j|\u2606p0y850f0b3\n|t:|1783549001\n|gametype|singles\n|player|p1|p0x850c77d|1|\n|player|p2|p0y850f0b3|266|\n|gen|9\n|tier|[Gen 9] Random Battle\n|rule|Species Clause: Limit one of each Pok\u00e9mon\n|rule|HP Percentage Mod: HP is shown in percentages\n|rule|Sleep Clause Mod: Limit one foe put to sleep\n|rule|Illusion Level Mod: Illusion disguises the Pok\u00e9mon's true level\n|\n|t:|1783549001\n|teamsize|p1|6\n|teamsize|p2|6\n|start\n|switch|p1a: Slowbro|Slowbro-Galar, L87, M|307/307\n|switch|p2a: Venusaur|Venusaur, L84, F|100/100\n|turn|1\n|inactive|Battle timer is ON: inactive players will automatically lose when time's up. (requested by p0x850c77d)\n|inactive|p0y850f0b3 also wants the timer to be on.\n|\n|t:|1783549003\n|move|p2a: Venusaur|Leech Seed|p1a: Slowbro\n|-start|p1a: Slowbro|move: Leech Seed\n|move|p1a: Slowbro|Psychic|p2a: Venusaur\n|-supereffective|p2a: Venusaur\n|-damage|p2a: Venusaur|34/100\n|\n|-heal|p2a: Venusaur|41/100|[from] item: Leftovers\n|-damage|p1a: Slowbro|269/307|[from] Leech Seed|[of] p2a: Venusaur\n|-heal|p2a: Venusaur|55/100|[silent]\n|upkeep\n|turn|2\n|inactive|Time left: 300 sec this turn | 300 sec total\n|\n|t:|1783549004\n|switch|p1a: Arboliva|Arboliva, L91, M|290/290\n|move|p2a: Venusaur|Giga Drain|p1a: Arboliva\n|-resisted|p1a: Arboliva\n|-damage|p1a: Arboliva|260/290\n|-heal|p2a: Venusaur|60/100|[from] drain|[of] p1a: Arboliva\n|-fieldstart|move: Grassy Terrain|[from] ability: Seed Sower|[of] p1a: Arboliva\n|\n|-heal|p2a: Venusaur|66/100|[from] Grassy Terrain\n|-heal|p2a: Venusaur|73/100|[from] item: Leftovers\n|-heal|p1a: Arboliva|278/290|[from] Grassy Terrain\n|-heal|p1a: Arboliva|290/290|[from] item: Leftovers\n|upkeep\n|turn|3\n|inactive|Time left: 300 sec this turn | 300 sec total\n|\n|t:|1783549005\n|move|p2a: Venusaur|Sludge Bomb|p1a: Arboliva\n|-supereffective|p1a: Arboliva\n|-damage|p1a: Arboliva|144/290\n|-status|p1a: Arboliva|psn\n|move|p1a: Arboliva|Hyper Voice|p2a: Venusaur\n|-damage|p2a: Venusaur|23/100\n|\n|-heal|p2a: Venusaur|29/100|[from] Grassy Terrain\n|-heal|p2a: Venusaur|35/100|[from] item: Leftovers\n|-heal|p1a: Arboliva|162/290 psn|[from] Grassy Terrain\n|-heal|p1a: Arboliva|180/290 psn|[from] item: Leftovers\n|-damage|p1a: Arboliva|144/290 psn|[from] psn\n|upkeep\n|turn|4\n|inactive|Time left: 300 sec this turn | 300 sec total\n|\n|t:|1783549007\n|-terastallize|p1a: Arboliva|Poison\n|move|p2a: Venusaur|Sludge Bomb|p1a: Arboliva\n|-resisted|p1a: Arboliva\n|-damage|p1a: Arboliva|104/290 psn\n|move|p1a: Arboliva|Hyper Voice|p2a: Venusaur\n|-damage|p2a: Venusaur|0 fnt\n|faint|p2a: Venusaur\n|\n|-heal|p1a: Arboliva|122/290 psn|[from] Grassy Terrain\n|-heal|p1a: Arboliva|140/290 psn|[from] item: Leftovers\n|-damage|p1a: Arboliva|104/290 psn|[from] psn\n|upkeep\n|\n|t:|1783549008\n|switch|p2a: Slaking|Slaking, L84, M|100/100\n|turn|5\n|inactive|Time left: 300 sec this turn | 300 sec total\n|\n|t:|1783549009\n|switch|p1a: Bisharp|Bisharp, L79, M|232/232\n|move|p2a: Slaking|Giga Impact|p1a: Bisharp\n|-resisted|p1a: Bisharp\n|-damage|p1a: Bisharp|162/232\n|-mustrecharge|p2a: Slaking\n|\n|-heal|p1a: Bisharp|176/232|[from] Grassy Terrain\n|upkeep\n|turn|6\n|inactive|Time left: 300 sec this turn | 300 sec total\n|\n|t:|1783549010\n|cant|p2a: Slaking|recharge\n|move|p1a: Bisharp|Swords Dance|p1a: Bisharp\n|-boost|p1a: Bisharp|atk|2\n|\n|-heal|p1a: Bisharp|190/232|[from] Grassy Terrain\n|-fieldend|move: Grassy Terrain\n|upkeep\n|turn|7\n|inactive|Time left: 300 sec this turn | 300 sec total\n|\n|t:|1783549010\n|move|p2a: Slaking|Giga Impact|p1a: Bisharp\n|-resisted|p1a: Bisharp\n|-damage|p1a: Bisharp|115/232\n|-mustrecharge|p2a: Slaking\n|move|p1a: Bisharp|Throat Chop|p2a: Slaking\n|-damage|p2a: Slaking|54/100\n|-start|p2a: Slaking|Throat Chop|[silent]\n|\n|upkeep\n|turn|8\n|inactive|Time left: 300 sec this turn | 300 sec total\n|\n|t:|1783549011\n|cant|p2a: Slaking|recharge\n|move|p1a: Bisharp|Iron Head|p2a: Slaking\n|-damage|p2a: Slaking|14/100\n|\n|-end|p2a: Slaking|Throat Chop|[silent]\n|upkeep\n|turn|9\n|inactive|Time left: 300 sec this turn | 300 sec total\n|\n|t:|1783549012\n|move|p1a: Bisharp|Sucker Punch|p2a: Slaking\n|-damage|p2a: Slaking|0 fnt\n|faint|p2a: Slaking\n|\n|upkeep\n|\n|t:|1783549013\n|switch|p2a: Terrakion|Terrakion, L79|100/100\n|turn|10\n|inactive|Time left: 300 sec this turn | 300 sec total\n|\n|t:|1783549014\n|switch|p1a: Yanmega|Yanmega, L82, M|275/275\n|move|p2a: Terrakion|Earthquake|p1a: Yanmega\n|-immune|p1a: Yanmega\n|\n|upkeep\n|turn|11\n|inactive|Time left: 300 sec this turn | 300 sec total\n|\n|t:|1783549014\n|switch|p2a: Glaceon|Glaceon, L94, F|100/100\n|move|p1a: Yanmega|Bug Buzz|p2a: Glaceon\n|-damage|p2a: Glaceon|56/100\n|\n|upkeep\n|turn|12\n|inactive|Time left: 300 sec this turn | 300 sec total\n|\n|t:|1783549015\n|switch|p1a: Slowbro|Slowbro-Galar, L87, M|307/307\n|move|p2a: Glaceon|Freeze-Dry|p1a: Slowbro\n|-damage|p1a: Slowbro|213/307\n|\n|upkeep\n|turn|13\n|inactive|Time left: 300 sec this turn | 300 sec total\n|\n|t:|1783549016\n|move|p2a: Glaceon|Freeze-Dry|p1a: Slowbro\n|-damage|p1a: Slowbro|125/307\n|move|p1a: Slowbro|Shell Side Arm|p2a: Glaceon|[anim] Shell Side Arm Special\n|-damage|p2a: Glaceon|26/100\n|-hint|Special Shell Side Arm\n|\n|upkeep\n|turn|14\n|inactive|Time left: 300 sec this turn | 300 sec total\n|\n|t:|1783549016\n|move|p2a: Glaceon|Freeze-Dry|p1a: Slowbro\n|-damage|p1a: Slowbro|31/307\n|move|p1a: Slowbro|Shell Side Arm|p2a: Glaceon|[anim] Shell Side Arm Special\n|-damage|p2a: Glaceon|0 fnt\n|-hint|Special Shell Side Arm\n|faint|p2a: Glaceon\n|\n|upkeep\n|\n|t:|1783549017\n|switch|p2a: Terrakion|Terrakion, L79|100/100\n|turn|15\n|inactive|Time left: 300 sec this turn | 300 sec total\n|\n|t:|1783549018\n|switch|p1a: Yanmega|Yanmega, L82, M|275/275\n|move|p2a: Terrakion|Stone Edge|p1a: Yanmega\n|-supereffective|p1a: Yanmega\n|-damage|p1a: Yanmega|0 fnt\n|faint|p1a: Yanmega\n|\n|upkeep\n|inactive|Time left: 300 sec this turn | 300 sec total | 5 sec grace\n|\n|t:|1783549019\n|switch|p1a: Bisharp|Bisharp, L79, M|115/232\n|turn|16\n|inactive|Time left: 300 sec this turn | 300 sec total\n|\n|t:|1783549020\n|move|p2a: Terrakion|Stone Edge|p1a: Bisharp\n|-resisted|p1a: Bisharp\n|-crit|p1a: Bisharp\n|-damage|p1a: Bisharp|23/232\n|move|p1a: Bisharp|Iron Head|p2a: Terrakion\n|-supereffective|p2a: Terrakion\n|-damage|p2a: Terrakion|32/100\n|\n|upkeep\n|turn|17\n|inactive|Time left: 300 sec this turn | 300 sec total\n|\n|t:|1783549021\n|move|p2a: Terrakion|Stone Edge|p1a: Bisharp\n|-resisted|p1a: Bisharp\n|-damage|p1a: Bisharp|0 fnt\n|faint|p1a: Bisharp\n|\n|upkeep\n|inactive|Time left: 300 sec this turn | 300 sec total | 5 sec grace\n|\n|t:|1783549021\n|switch|p1a: Palafin|Palafin, L77, F|281/281\n|turn|18\n|inactive|Time left: 300 sec this turn | 300 sec total\n|\n|t:|1783549022\n|move|p1a: Palafin|Jet Punch|p2a: Terrakion\n|-supereffective|p2a: Terrakion\n|-crit|p2a: Terrakion\n|-damage|p2a: Terrakion|0 fnt\n|faint|p2a: Terrakion\n|\n|upkeep\n|\n|t:|1783549023\n|switch|p2a: Deoxys|Deoxys-Speed, L82|100/100\n|-ability|p2a: Deoxys|Pressure\n|turn|19\n|inactive|Time left: 300 sec this turn | 300 sec total\n|\n|t:|1783549024\n|detailschange|p1a: Palafin|Palafin-Hero, L77, F\n|switch|p1a: Slowbro|Slowbro-Galar, L87, M|133/307\n|move|p2a: Deoxys|Nasty Plot|p2a: Deoxys\n|-boost|p2a: Deoxys|spa|2\n|\n|upkeep\n|turn|20\n|inactive|Time left: 300 sec this turn | 300 sec total\n|\n|t:|1783549025\n|switch|p1a: Iron Moth|Iron Moth, L78|253/253\n|move|p2a: Deoxys|Dark Pulse|p1a: Iron Moth\n|-damage|p1a: Iron Moth|124/253\n|-damage|p2a: Deoxys|91/100|[from] item: Life Orb\n|\n|upkeep\n|turn|21\n|inactive|Time left: 300 sec this turn | 300 sec total\n|\n|t:|1783549027\n|move|p2a: Deoxys|Dark Pulse|p1a: Iron Moth\n|-damage|p1a: Iron Moth|4/253\n|-damage|p2a: Deoxys|81/100|[from] item: Life Orb\n|cant|p1a: Iron Moth|flinch\n|\n|upkeep\n|turn|22\n|inactive|Time left: 300 sec this turn | 300 sec total\n|\n|t:|1783549028\n|move|p2a: Deoxys|Dark Pulse|p1a: Iron Moth\n|-damage|p1a: Iron Moth|0 fnt\n|faint|p1a: Iron Moth\n|-end|p1a: Iron Moth|Quark Drive|[silent]\n|-damage|p2a: Deoxys|71/100|[from] item: Life Orb\n|\n|upkeep\n|inactive|Time left: 300 sec this turn | 300 sec total | 5 sec grace\n|\n|t:|1783549029\n|switch|p1a: Slowbro|Slowbro-Galar, L87, M|235/307\n|turn|23\n|inactive|Time left: 300 sec this turn | 300 sec total\n|\n|t:|1783549030\n|move|p2a: Deoxys|Dark Pulse|p1a: Slowbro\n|-supereffective|p1a: Slowbro\n|-crit|p1a: Slowbro\n|-damage|p1a: Slowbro|0 fnt\n|faint|p1a: Slowbro\n|-damage|p2a: Deoxys|62/100|[from] item: Life Orb\n|\n|upkeep\n|inactive|Time left: 300 sec this turn | 300 sec total | 5 sec grace\n|\n|t:|1783549031\n|switch|p1a: Palafin|Palafin-Hero, L77, F|281/281\n|-activate|p1a: Palafin|ability: Zero to Hero\n|turn|24\n|inactive|Time left: 300 sec this turn | 300 sec total\n|\n|t:|1783549032\n|switch|p1a: Arboliva|Arboliva, L91, M, tera:Poison|104/290 psn\n|move|p2a: Deoxys|Psycho Boost|p1a: Arboliva\n|-supereffective|p1a: Arboliva\n|-damage|p1a: Arboliva|0 fnt\n|-unboost|p2a: Deoxys|spa|2\n|-fieldstart|move: Grassy Terrain|[from] ability: Seed Sower|[of] p1a: Arboliva\n|faint|p1a: Arboliva\n|-damage|p2a: Deoxys|52/100|[from] item: Life Orb\n|\n|-heal|p2a: Deoxys|58/100|[from] Grassy Terrain\n|upkeep\n|inactive|Time left: 300 sec this turn | 300 sec total | 5 sec grace\n|\n|t:|1783549033\n|switch|p1a: Palafin|Palafin-Hero, L77, F|281/281\n|turn|25\n|inactive|Time left: 300 sec this turn | 300 sec total\n|\n|t:|1783549035\n|-terastallize|p2a: Deoxys|Psychic\n|move|p1a: Palafin|Jet Punch|p2a: Deoxys\n|-damage|p2a: Deoxys|18/100\n|move|p2a: Deoxys|Psycho Boost|p1a: Palafin\n|-damage|p1a: Palafin|8/281\n|-unboost|p2a: Deoxys|spa|2\n|-damage|p2a: Deoxys|8/100|[from] item: Life Orb\n|\n|-heal|p2a: Deoxys|14/100|[from] Grassy Terrain\n|-heal|p1a: Palafin|25/281|[from] Grassy Terrain\n|-heal|p1a: Palafin|42/281|[from] item: Leftovers\n|upkeep\n|turn|26\n|inactive|Time left: 300 sec this turn | 300 sec total\n|\n|t:|1783549036\n|switch|p2a: Luvdisc|Luvdisc, M|100/100\n|move|p1a: Palafin|Jet Punch|p2a: Luvdisc\n|-resisted|p2a: Luvdisc\n|-damage|p2a: Luvdisc|81/100\n|\n|-heal|p2a: Luvdisc|87/100|[from] Grassy Terrain\n|-heal|p1a: Palafin|59/281|[from] Grassy Terrain\n|-heal|p1a: Palafin|76/281|[from] item: Leftovers\n|upkeep\n|turn|27\n|inactive|Time left: 300 sec this turn | 300 sec total\n|\n|t:|1783549037\n|move|p2a: Luvdisc|Surf|p1a: Palafin\n|-resisted|p1a: Palafin\n|-damage|p1a: Palafin|38/281\n|move|p1a: Palafin|Bulk Up|p1a: Palafin\n|-boost|p1a: Palafin|atk|1\n|-boost|p1a: Palafin|def|1\n|\n|-heal|p2a: Luvdisc|93/100|[from] Grassy Terrain\n|-heal|p1a: Palafin|55/281|[from] Grassy Terrain\n|-heal|p1a: Palafin|72/281|[from] item: Leftovers\n|upkeep\n|turn|28\n|inactive|Time left: 300 sec this turn | 300 sec total\n|\n|t:|1783549038\n|move|p2a: Luvdisc|Surf|p1a: Palafin\n|-resisted|p1a: Palafin\n|-damage|p1a: Palafin|30/281\n|move|p1a: Palafin|Drain Punch|p2a: Luvdisc\n|-damage|p2a: Luvdisc|47/100\n|-heal|p1a: Palafin|87/281|[from] drain|[of] p2a: Luvdisc\n|\n|-heal|p2a: Luvdisc|54/100|[from] Grassy Terrain\n|-heal|p1a: Palafin|104/281|[from] Grassy Terrain\n|-heal|p1a: Palafin|121/281|[from] item: Leftovers\n|-fieldend|move: Grassy Terrain\n|upkeep\n|turn|29\n|inactive|Time left: 300 sec this turn | 300 sec total\n|\n|t:|1783549039\n|move|p2a: Luvdisc|Substitute|p2a: Luvdisc\n|-start|p2a: Luvdisc|Substitute\n|-damage|p2a: Luvdisc|29/100\n|move|p1a: Palafin|Bulk Up|p1a: Palafin\n|-boost|p1a: Palafin|atk|1\n|-boost|p1a: Palafin|def|1\n|\n|-heal|p1a: Palafin|138/281|[from] item: Leftovers\n|upkeep\n|turn|30\n|inactive|Time left: 300 sec this turn | 300 sec total\n|\n|t:|1783549040\n|move|p2a: Luvdisc|Substitute|p2a: Luvdisc\n|-fail|p2a: Luvdisc|move: Substitute\n|move|p1a: Palafin|Drain Punch|p2a: Luvdisc\n|-end|p2a: Luvdisc|Substitute\n|-heal|p1a: Palafin|169/281|[from] drain|[of] p2a: Luvdisc\n|\n|-heal|p1a: Palafin|186/281|[from] item: Leftovers\n|upkeep\n|turn|31\n|inactive|Time left: 300 sec this turn | 300 sec total\n|\n|t:|1783549041\n|move|p1a: Palafin|Jet Punch|p2a: Luvdisc\n|-resisted|p2a: Luvdisc\n|-damage|p2a: Luvdisc|0 fnt\n|faint|p2a: Luvdisc\n|\n|-heal|p1a: Palafin|203/281|[from] item: Leftovers\n|upkeep\n|\n|t:|1783549042\n|switch|p2a: Deoxys|Deoxys-Speed, L82, tera:Psychic|14/100\n|-ability|p2a: Deoxys|Pressure\n|turn|32\n|inactive|Time left: 300 sec this turn | 300 sec total\n|\n|t:|1783549043\n|move|p1a: Palafin|Jet Punch|p2a: Deoxys\n|-damage|p2a: Deoxys|0 fnt\n|faint|p2a: Deoxys\n|\n|win|p0x850c77d", "uploadtime": 1783549043, "views": 0, "rating": 0, "private": 0, "password": null, "_winner": "p0x850c77d", "_our_name": "p0x850c77d"}