{"id": "battle-gen9randombattle-1089", "formatid": "gen9randombattle", "format": "[Gen 9] Random Battle", "players": ["p0x1089c7e8", "p0y1089429c"], "log": "|init|battle\n|title|p0x1089c7e8 vs. p0y1089429c\n|j|\u2606p0x1089c7e8\n|j|\u2606p0y1089429c\n|t:|1783552564\n|gametype|singles\n|player|p1|p0x1089c7e8|102|\n|player|p2|p0y1089429c|101|\n|gen|9\n|tier|[Gen 9] Random Battle\n|rule|Species Clause: Limit one of each Pok\u00e9mon\n|rule|HP Percentage Mod: HP is shown in percentages\n|rule|Sleep Clause Mod: Limit one foe put to sleep\n|rule|Illusion Level Mod: Illusion disguises the Pok\u00e9mon's true level\n|\n|t:|1783552564\n|teamsize|p1|6\n|teamsize|p2|6\n|start\n|switch|p1a: Torterra|Torterra, L78, F|276/276\n|switch|p2a: Noivern|Noivern, L82, M|100/100\n|turn|1\n|inactive|Battle timer is ON: inactive players will automatically lose when time's up. (requested by p0x1089c7e8)\n|inactive|p0y1089429c also wants the timer to be on.\n|\n|t:|1783552565\n|move|p2a: Noivern|Hurricane|p1a: Torterra|[miss]\n|-miss|p2a: Noivern|p1a: Torterra\n|move|p1a: Torterra|Shell Smash|p1a: Torterra\n|-unboost|p1a: Torterra|def|1\n|-unboost|p1a: Torterra|spd|1\n|-boost|p1a: Torterra|atk|2\n|-boost|p1a: Torterra|spa|2\n|-boost|p1a: Torterra|spe|2\n|\n|upkeep\n|turn|2\n|inactive|Time left: 300 sec this turn | 300 sec total\n|\n|t:|1783552566\n|move|p1a: Torterra|Rock Blast|p2a: Noivern|[miss]\n|-miss|p1a: Torterra|p2a: Noivern\n|move|p2a: Noivern|Hurricane|p1a: Torterra\n|-supereffective|p1a: Torterra\n|-damage|p1a: Torterra|0 fnt\n|faint|p1a: Torterra\n|\n|upkeep\n|inactive|Time left: 300 sec this turn | 300 sec total | 5 sec grace\n|\n|t:|1783552567\n|switch|p1a: Thundurus|Thundurus-Therian, L80, M|258/258\n|turn|3\n|inactive|Time left: 300 sec this turn | 300 sec total\n|\n|t:|1783552568\n|switch|p2a: Swampert|Swampert, L83, F|100/100\n|move|p1a: Thundurus|Nasty Plot|p1a: Thundurus\n|-boost|p1a: Thundurus|spa|2\n|\n|upkeep\n|turn|4\n|inactive|Time left: 300 sec this turn | 300 sec total\n|\n|t:|1783552570\n|-terastallize|p1a: Thundurus|Flying\n|move|p1a: Thundurus|Tera Blast|p2a: Swampert|[anim] Tera Blast Flying\n|-damage|p2a: Swampert|6/100\n|move|p2a: Swampert|Flip Turn|p1a: Thundurus\n|-damage|p1a: Thundurus|119/258\n|\n|t:|1783552571\n|switch|p2a: Iron Bundle|Iron Bundle, L78|100/100|[from] Flip Turn\n|\n|upkeep\n|turn|5\n|inactive|Time left: 300 sec this turn | 300 sec total\n|\n|t:|1783552572\n|switch|p1a: Typhlosion|Typhlosion, L84, M|267/267\n|move|p2a: Iron Bundle|Ice Beam|p1a: Typhlosion\n|-resisted|p1a: Typhlosion\n|-damage|p1a: Typhlosion|211/267\n|\n|upkeep\n|turn|6\n|inactive|Time left: 300 sec this turn | 300 sec total\n|\n|t:|1783552573\n|move|p2a: Iron Bundle|Hydro Pump|p1a: Typhlosion\n|-supereffective|p1a: Typhlosion\n|-damage|p1a: Typhlosion|0 fnt\n|faint|p1a: Typhlosion\n|\n|upkeep\n|inactive|Time left: 300 sec this turn | 300 sec total | 5 sec grace\n|\n|t:|1783552574\n|switch|p1a: Houndstone|Houndstone, L86, F|264/264\n|turn|7\n|inactive|Time left: 300 sec this turn | 300 sec total\n|\n|t:|1783552576\n|move|p2a: Iron Bundle|Hydro Pump|p1a: Houndstone\n|-damage|p1a: Houndstone|143/264\n|move|p1a: Houndstone|Body Press|p2a: Iron Bundle\n|-supereffective|p2a: Iron Bundle\n|-damage|p2a: Iron Bundle|53/100\n|\n|-heal|p1a: Houndstone|159/264|[from] item: Leftovers\n|upkeep\n|turn|8\n|inactive|Time left: 300 sec this turn | 300 sec total\n|\n|t:|1783552577\n|move|p2a: Iron Bundle|Ice Beam|p1a: Houndstone\n|-damage|p1a: Houndstone|59/264\n|move|p1a: Houndstone|Poltergeist|p2a: Iron Bundle|[miss]\n|-miss|p1a: Houndstone|p2a: Iron Bundle\n|\n|-heal|p1a: Houndstone|75/264|[from] item: Leftovers\n|upkeep\n|turn|9\n|inactive|Time left: 300 sec this turn | 300 sec total\n|\n|t:|1783552578\n|move|p1a: Houndstone|Shadow Sneak|p2a: Iron Bundle\n|-damage|p2a: Iron Bundle|32/100\n|move|p2a: Iron Bundle|Ice Beam|p1a: Houndstone\n|-damage|p1a: Houndstone|0 fnt\n|faint|p1a: Houndstone\n|\n|upkeep\n|inactive|Time left: 300 sec this turn | 300 sec total | 5 sec grace\n|\n|t:|1783552579\n|switch|p1a: Volcarona|Volcarona, L77, M|257/257\n|turn|10\n|inactive|Time left: 300 sec this turn | 300 sec total\n|\n|t:|1783552580\n|-terastallize|p2a: Iron Bundle|Water\n|move|p2a: Iron Bundle|Hydro Pump|p1a: Volcarona|[miss]\n|-miss|p2a: Iron Bundle|p1a: Volcarona\n|move|p1a: Volcarona|Quiver Dance|p1a: Volcarona\n|-boost|p1a: Volcarona|spa|1\n|-boost|p1a: Volcarona|spd|1\n|-boost|p1a: Volcarona|spe|1\n|\n|upkeep\n|turn|11\n|inactive|Time left: 300 sec this turn | 300 sec total\n|\n|t:|1783552581\n|-end|p2a: Iron Bundle|Quark Drive|[silent]\n|switch|p2a: Swampert|Swampert, L83, F|6/100\n|move|p1a: Volcarona|Fiery Dance|p2a: Swampert\n|-resisted|p2a: Swampert\n|-damage|p2a: Swampert|0 fnt\n|-boost|p1a: Volcarona|spa|1\n|faint|p2a: Swampert\n|\n|upkeep\n|\n|t:|1783552582\n|switch|p2a: Scovillain|Scovillain, L91, F|100/100\n|turn|12\n|inactive|Time left: 300 sec this turn | 300 sec total\n|\n|t:|1783552583\n|move|p1a: Volcarona|Fiery Dance|p2a: Scovillain\n|-damage|p2a: Scovillain|18/100\n|move|p2a: Scovillain|Leech Seed|p1a: Volcarona|[miss]\n|-miss|p2a: Scovillain|p1a: Volcarona\n|\n|-heal|p2a: Scovillain|24/100|[from] item: Leftovers\n|upkeep\n|turn|13\n|inactive|Time left: 300 sec this turn | 300 sec total\n|\n|t:|1783552585\n|move|p2a: Scovillain|Protect|p2a: Scovillain\n|-singleturn|p2a: Scovillain|Protect\n|move|p1a: Volcarona|Fiery Dance|p2a: Scovillain\n|-activate|p2a: Scovillain|move: Protect\n|\n|-heal|p2a: Scovillain|30/100|[from] item: Leftovers\n|upkeep\n|turn|14\n|inactive|Time left: 300 sec this turn | 300 sec total\n|\n|t:|1783552586\n|move|p1a: Volcarona|Fiery Dance|p2a: Scovillain\n|-damage|p2a: Scovillain|0 fnt\n|-boost|p1a: Volcarona|spa|1\n|faint|p2a: Scovillain\n|\n|upkeep\n|\n|t:|1783552587\n|switch|p2a: Eelektross|Eelektross, L87, M|100/100\n|turn|15\n|inactive|Time left: 300 sec this turn | 300 sec total\n|\n|t:|1783552588\n|move|p1a: Volcarona|Fiery Dance|p2a: Eelektross\n|-damage|p2a: Eelektross|22/100\n|move|p2a: Eelektross|Supercell Slam|p1a: Volcarona\n|-damage|p1a: Volcarona|95/257\n|\n|-heal|p2a: Eelektross|28/100|[from] item: Leftovers\n|upkeep\n|turn|16\n|inactive|Time left: 300 sec this turn | 300 sec total\n|\n|t:|1783552589\n|move|p1a: Volcarona|Fiery Dance|p2a: Eelektross\n|-damage|p2a: Eelektross|0 fnt\n|faint|p2a: Eelektross\n|\n|upkeep\n|\n|t:|1783552590\n|switch|p2a: Noivern|Noivern, L82, M|100/100\n|turn|17\n|inactive|Time left: 300 sec this turn | 300 sec total\n|\n|t:|1783552591\n|move|p1a: Volcarona|Morning Sun|p1a: Volcarona\n|-heal|p1a: Volcarona|223/257\n|move|p2a: Noivern|Hurricane|p1a: Volcarona\n|-supereffective|p1a: Volcarona\n|-damage|p1a: Volcarona|85/257\n|\n|upkeep\n|turn|18\n|inactive|Time left: 300 sec this turn | 300 sec total\n|\n|t:|1783552592\n|move|p1a: Volcarona|Morning Sun|p1a: Volcarona\n|-heal|p1a: Volcarona|213/257\n|move|p2a: Noivern|Hurricane|p1a: Volcarona\n|-supereffective|p1a: Volcarona\n|-damage|p1a: Volcarona|61/257\n|-start|p1a: Volcarona|confusion\n|\n|upkeep\n|turn|19\n|inactive|Time left: 300 sec this turn | 300 sec total\n|\n|t:|1783552594\n|-activate|p1a: Volcarona|confusion\n|move|p1a: Volcarona|Morning Sun|p1a: Volcarona\n|-heal|p1a: Volcarona|189/257\n|move|p2a: Noivern|Hurricane|p1a: Volcarona\n|-supereffective|p1a: Volcarona\n|-damage|p1a: Volcarona|37/257\n|\n|upkeep\n|turn|20\n|inactive|Time left: 300 sec this turn | 300 sec total\n|\n|t:|1783552595\n|-activate|p1a: Volcarona|confusion\n|move|p1a: Volcarona|Morning Sun|p1a: Volcarona\n|-heal|p1a: Volcarona|165/257\n|move|p2a: Noivern|Hurricane|p1a: Volcarona\n|-supereffective|p1a: Volcarona\n|-damage|p1a: Volcarona|25/257\n|\n|upkeep\n|turn|21\n|inactive|Time left: 300 sec this turn | 300 sec total\n|\n|t:|1783552596\n|-end|p1a: Volcarona|confusion\n|move|p1a: Volcarona|Morning Sun|p1a: Volcarona\n|-heal|p1a: Volcarona|153/257\n|move|p2a: Noivern|Hurricane|p1a: Volcarona\n|-supereffective|p1a: Volcarona\n|-damage|p1a: Volcarona|15/257\n|-start|p1a: Volcarona|confusion\n|\n|upkeep\n|turn|22\n|inactive|Time left: 300 sec this turn | 300 sec total\n|\n|t:|1783552598\n|-activate|p1a: Volcarona|confusion\n|move|p1a: Volcarona|Morning Sun|p1a: Volcarona\n|-heal|p1a: Volcarona|143/257\n|move|p2a: Noivern|Hurricane|p1a: Volcarona\n|-supereffective|p1a: Volcarona\n|-damage|p1a: Volcarona|0 fnt\n|faint|p1a: Volcarona\n|\n|upkeep\n|inactive|Time left: 300 sec this turn | 300 sec total | 5 sec grace\n|\n|t:|1783552599\n|switch|p1a: Thundurus|Thundurus-Therian, L80, M, tera:Flying|119/258\n|turn|23\n|inactive|Time left: 300 sec this turn | 300 sec total\n|\n|t:|1783552600\n|move|p2a: Noivern|Draco Meteor|p1a: Thundurus|[miss]\n|-miss|p2a: Noivern|p1a: Thundurus\n|move|p1a: Thundurus|Tera Blast|p2a: Noivern|[anim] Tera Blast Flying\n|-damage|p2a: Noivern|45/100\n|\n|upkeep\n|turn|24\n|inactive|Time left: 300 sec this turn | 300 sec total\n|\n|t:|1783552601\n|move|p2a: Noivern|Draco Meteor|p1a: Thundurus\n|-damage|p1a: Thundurus|0 fnt\n|-unboost|p2a: Noivern|spa|2\n|faint|p1a: Thundurus\n|\n|upkeep\n|inactive|Time left: 300 sec this turn | 300 sec total | 5 sec grace\n|\n|t:|1783552602\n|switch|p1a: Iron Valiant|Iron Valiant, L78|244/244\n|turn|25\n|inactive|Time left: 300 sec this turn | 300 sec total\n|\n|t:|1783552603\n|move|p2a: Noivern|Hurricane|p1a: Iron Valiant\n|-supereffective|p1a: Iron Valiant\n|-damage|p1a: Iron Valiant|80/244\n|move|p1a: Iron Valiant|Swords Dance|p1a: Iron Valiant\n|-boost|p1a: Iron Valiant|atk|2\n|\n|upkeep\n|turn|26\n|inactive|Time left: 300 sec this turn | 300 sec total\n|\n|t:|1783552604\n|move|p2a: Noivern|Flamethrower|p1a: Iron Valiant\n|-damage|p1a: Iron Valiant|38/244\n|move|p1a: Iron Valiant|Swords Dance|p1a: Iron Valiant\n|-boost|p1a: Iron Valiant|atk|2\n|\n|upkeep\n|turn|27\n|inactive|Time left: 300 sec this turn | 300 sec total\n|\n|t:|1783552605\n|move|p2a: Noivern|Flamethrower|p1a: Iron Valiant\n|-damage|p1a: Iron Valiant|0 fnt\n|faint|p1a: Iron Valiant\n|-end|p1a: Iron Valiant|Quark Drive|[silent]\n|\n|win|p0y1089429c", "uploadtime": 1783552605, "views": 0, "rating": 0, "private": 0, "password": null, "_winner": "p0y1089429c", "_our_name": "p0x1089c7e8"}