{"id": "battle-gen9randombattle-167", "formatid": "gen9randombattle", "format": "[Gen 9] Random Battle", "players": ["p0x167da66", "p0y1676f29"], "log": "|init|battle\n|title|p0x167da66 vs. p0y1676f29\n|j|\u2606p0x167da66\n|j|\u2606p0y1676f29\n|t:|1783535677\n|gametype|singles\n|player|p1|p0x167da66|1|\n|player|p2|p0y1676f29|266|\n|gen|9\n|tier|[Gen 9] Random Battle\n|rule|Species Clause: Limit one of each Pok\u00e9mon\n|rule|HP Percentage Mod: HP is shown in percentages\n|rule|Sleep Clause Mod: Limit one foe put to sleep\n|rule|Illusion Level Mod: Illusion disguises the Pok\u00e9mon's true level\n|\n|t:|1783535677\n|teamsize|p1|6\n|teamsize|p2|6\n|start\n|switch|p1a: Kingambit|Kingambit, L74, F|270/270\n|switch|p2a: Registeel|Registeel, L81|100/100\n|turn|1\n|inactive|Battle timer is ON: inactive players will automatically lose when time's up. (requested by p0y1676f29)\n|inactive|Time left: 300 sec this turn | 300 sec total | 60 sec grace\n|inactive|p0x167da66 also wants the timer to be on.\n|\n|t:|1783535679\n|-end|p1a: Kingambit|fallenundefined|[silent]\n|switch|p1a: Vaporeon|Vaporeon, L86, F|364/364\n|move|p2a: Registeel|Body Press|p1a: Vaporeon\n|-damage|p1a: Vaporeon|261/364\n|\n|-heal|p1a: Vaporeon|283/364|[from] item: Leftovers\n|upkeep\n|turn|2\n|inactive|Time left: 300 sec this turn | 300 sec total\n|\n|t:|1783535680\n|move|p1a: Vaporeon|Calm Mind|p1a: Vaporeon\n|-boost|p1a: Vaporeon|spa|1\n|-boost|p1a: Vaporeon|spd|1\n|move|p2a: Registeel|Iron Defense|p2a: Registeel\n|-boost|p2a: Registeel|def|2\n|\n|-heal|p1a: Vaporeon|305/364|[from] item: Leftovers\n|upkeep\n|turn|3\n|inactive|Time left: 300 sec this turn | 300 sec total\n|\n|t:|1783535681\n|move|p1a: Vaporeon|Scald|p2a: Registeel\n|-damage|p2a: Registeel|65/100\n|-status|p2a: Registeel|brn\n|move|p2a: Registeel|Body Press|p1a: Vaporeon\n|-damage|p1a: Vaporeon|204/364\n|\n|-heal|p1a: Vaporeon|226/364|[from] item: Leftovers\n|-heal|p2a: Registeel|71/100 brn|[from] item: Leftovers\n|-damage|p2a: Registeel|65/100 brn|[from] brn\n|upkeep\n|turn|4\n|inactive|Time left: 300 sec this turn | 300 sec total\n|\n|t:|1783535682\n|move|p1a: Vaporeon|Scald|p2a: Registeel\n|-damage|p2a: Registeel|27/100 brn\n|move|p2a: Registeel|Thunder Wave|p1a: Vaporeon\n|-status|p1a: Vaporeon|par\n|\n|-heal|p2a: Registeel|33/100 brn|[from] item: Leftovers\n|-heal|p1a: Vaporeon|248/364 par|[from] item: Leftovers\n|-damage|p2a: Registeel|27/100 brn|[from] brn\n|upkeep\n|turn|5\n|inactive|Time left: 300 sec this turn | 300 sec total\n|\n|t:|1783535683\n|move|p2a: Registeel|Body Press|p1a: Vaporeon\n|-damage|p1a: Vaporeon|154/364 par\n|move|p1a: Vaporeon|Scald|p2a: Registeel\n|-damage|p2a: Registeel|0 fnt\n|faint|p2a: Registeel\n|\n|-heal|p1a: Vaporeon|176/364 par|[from] item: Leftovers\n|upkeep\n|\n|t:|1783535684\n|switch|p2a: Bruxish|Bruxish, L85, F|100/100\n|turn|6\n|inactive|Time left: 300 sec this turn | 300 sec total\n|\n|t:|1783535685\n|switch|p1a: Kingambit|Kingambit, L74, F|270/270\n|move|p2a: Bruxish|Crunch|p1a: Kingambit\n|-resisted|p1a: Kingambit\n|-damage|p1a: Kingambit|203/270\n|\n|-heal|p1a: Kingambit|219/270|[from] item: Leftovers\n|upkeep\n|turn|7\n|inactive|Time left: 300 sec this turn | 300 sec total\n|\n|t:|1783535686\n|switch|p2a: Breloom|Breloom, L83, M|100/100\n|move|p1a: Kingambit|Swords Dance|p1a: Kingambit\n|-boost|p1a: Kingambit|atk|2\n|\n|-heal|p1a: Kingambit|235/270|[from] item: Leftovers\n|upkeep\n|turn|8\n|inactive|Time left: 300 sec this turn | 300 sec total\n|\n|t:|1783535687\n|-terastallize|p1a: Kingambit|Flying\n|move|p2a: Breloom|Mach Punch|p1a: Kingambit\n|-resisted|p1a: Kingambit\n|-damage|p1a: Kingambit|193/270\n|-damage|p2a: Breloom|91/100|[from] item: Life Orb\n|move|p1a: Kingambit|Iron Head|p2a: Breloom\n|-damage|p2a: Breloom|16/100\n|\n|-heal|p1a: Kingambit|209/270|[from] item: Leftovers\n|upkeep\n|turn|9\n|inactive|Time left: 300 sec this turn | 300 sec total\n|\n|t:|1783535688\n|move|p1a: Kingambit|Sucker Punch||[still]\n|-fail|p1a: Kingambit\n|move|p2a: Breloom|Spore|p1a: Kingambit\n|-status|p1a: Kingambit|slp|[from] move: Spore\n|\n|-heal|p1a: Kingambit|225/270 slp|[from] item: Leftovers\n|upkeep\n|turn|10\n|inactive|Time left: 300 sec this turn | 300 sec total\n|\n|t:|1783535689\n|cant|p1a: Kingambit|slp\n|move|p2a: Breloom|Rock Tomb|p1a: Kingambit\n|-supereffective|p1a: Kingambit\n|-damage|p1a: Kingambit|53/270 slp\n|-unboost|p1a: Kingambit|spe|1\n|-damage|p2a: Breloom|6/100|[from] item: Life Orb\n|\n|-heal|p1a: Kingambit|69/270 slp|[from] item: Leftovers\n|upkeep\n|turn|11\n|inactive|Time left: 300 sec this turn | 300 sec total\n|\n|t:|1783535690\n|move|p2a: Breloom|Bullet Seed|p1a: Kingambit\n|-resisted|p1a: Kingambit\n|-damage|p1a: Kingambit|39/270 slp\n|-resisted|p1a: Kingambit\n|-damage|p1a: Kingambit|9/270 slp\n|-hitcount|p1a: Kingambit|2\n|-damage|p2a: Breloom|0 fnt|[from] item: Life Orb\n|faint|p2a: Breloom\n|-curestatus|p1a: Kingambit|slp|[msg]\n|move|p1a: Kingambit|Iron Head|p2: Breloom|[notarget]\n|-fail|p1a: Kingambit\n|\n|-heal|p1a: Kingambit|25/270|[from] item: Leftovers\n|upkeep\n|\n|t:|1783535690\n|switch|p2a: Whiscash|Whiscash, L88, F|100/100\n|turn|12\n|inactive|Time left: 300 sec this turn | 300 sec total\n|\n|t:|1783535691\n|move|p2a: Whiscash|Dragon Dance|p2a: Whiscash\n|-boost|p2a: Whiscash|atk|1\n|-boost|p2a: Whiscash|spe|1\n|move|p1a: Kingambit|Kowtow Cleave|p2a: Whiscash\n|-damage|p2a: Whiscash|41/100\n|\n|-heal|p1a: Kingambit|41/270|[from] item: Leftovers\n|upkeep\n|turn|13\n|inactive|Time left: 300 sec this turn | 300 sec total\n|\n|t:|1783535692\n|move|p1a: Kingambit|Sucker Punch|p2a: Whiscash\n|-damage|p2a: Whiscash|0 fnt\n|faint|p2a: Whiscash\n|\n|-heal|p1a: Kingambit|57/270|[from] item: Leftovers\n|upkeep\n|\n|t:|1783535693\n|switch|p2a: Seviper|Seviper, L93, M|100/100\n|turn|14\n|inactive|Time left: 300 sec this turn | 300 sec total\n|\n|t:|1783535694\n|move|p1a: Kingambit|Sucker Punch|p2a: Seviper\n|-damage|p2a: Seviper|42/100\n|move|p2a: Seviper|Knock Off|p1a: Kingambit\n|-damage|p1a: Kingambit|0 fnt\n|-enditem|p1a: Kingambit|Leftovers|[from] move: Knock Off|[of] p2a: Seviper\n|faint|p1a: Kingambit\n|-end|p1a: Kingambit|fallenundefined|[silent]\n|-damage|p2a: Seviper|32/100|[from] item: Life Orb\n|\n|upkeep\n|inactive|Time left: 300 sec this turn | 300 sec total | 5 sec grace\n|\n|t:|1783535695\n|switch|p1a: Furret|Furret, L94, M|312/312\n|-item|p2a: Seviper|Life Orb|[from] ability: Frisk|[of] p1a: Furret\n|turn|15\n|inactive|Time left: 300 sec this turn | 300 sec total\n|\n|t:|1783535696\n|move|p1a: Furret|Knock Off|p2a: Seviper\n|-damage|p2a: Seviper|0 fnt\n|-enditem|p2a: Seviper|Life Orb|[from] move: Knock Off|[of] p1a: Furret\n|faint|p2a: Seviper\n|-damage|p1a: Furret|281/312|[from] item: Life Orb\n|\n|upkeep\n|\n|t:|1783535697\n|switch|p2a: Bruxish|Bruxish, L85, F|100/100\n|turn|16\n|inactive|Time left: 300 sec this turn | 300 sec total\n|\n|t:|1783535698\n|move|p1a: Furret|Knock Off|p2a: Bruxish\n|-supereffective|p2a: Bruxish\n|-damage|p2a: Bruxish|10/100\n|-enditem|p2a: Bruxish|Choice Band|[from] move: Knock Off|[of] p1a: Furret\n|-damage|p1a: Furret|250/312|[from] item: Life Orb\n|move|p2a: Bruxish|Psychic Fangs|p1a: Furret\n|-damage|p1a: Furret|90/312\n|\n|upkeep\n|turn|17\n|inactive|Time left: 300 sec this turn | 300 sec total\n|\n|t:|1783535699\n|move|p1a: Furret|Double-Edge|p2a: Bruxish\n|-damage|p2a: Bruxish|0 fnt\n|faint|p2a: Bruxish\n|-damage|p1a: Furret|82/312|[from] Recoil\n|-damage|p1a: Furret|51/312|[from] item: Life Orb\n|\n|upkeep\n|\n|t:|1783535700\n|switch|p2a: Zebstrika|Zebstrika, L87, M|100/100\n|turn|18\n|inactive|Time left: 300 sec this turn | 300 sec total\n|\n|t:|1783535701\n|move|p2a: Zebstrika|Supercell Slam|p1a: Furret\n|-damage|p1a: Furret|0 fnt\n|faint|p1a: Furret\n|-damage|p2a: Zebstrika|91/100|[from] item: Life Orb\n|\n|upkeep\n|inactive|Time left: 300 sec this turn | 300 sec total | 5 sec grace\n|\n|t:|1783535702\n|switch|p1a: Ambipom|Ambipom, L84, F|263/263\n|turn|19\n|inactive|Time left: 300 sec this turn | 300 sec total\n|\n|t:|1783535702\n|move|p1a: Ambipom|Fake Out|p2a: Zebstrika\n|-damage|p2a: Zebstrika|57/100\n|cant|p2a: Zebstrika|flinch\n|\n|upkeep\n|turn|20\n|inactive|Time left: 300 sec this turn | 300 sec total\n|\n|t:|1783535703\n|-terastallize|p2a: Zebstrika|Ground\n|move|p2a: Zebstrika|Supercell Slam|p1a: Ambipom\n|-damage|p1a: Ambipom|84/263\n|-damage|p2a: Zebstrika|48/100|[from] item: Life Orb\n|move|p1a: Ambipom|Double-Edge|p2a: Zebstrika\n|-damage|p2a: Zebstrika|0 fnt\n|faint|p2a: Zebstrika\n|-damage|p1a: Ambipom|42/263|[from] Recoil\n|\n|win|p0x167da66", "uploadtime": 1783535703, "views": 0, "rating": 0, "private": 0, "password": null, "_winner": "p0x167da66", "_our_name": "p0x167da66"}