{"id": "battle-gen9randombattle-1156", "formatid": "gen9randombattle", "format": "[Gen 9] Random Battle", "players": ["p0x11565304", "p0y11563404"], "log": "|init|battle\n|title|p0x11565304 vs. p0y11563404\n|j|\u2606p0x11565304\n|j|\u2606p0y11563404\n|t:|1783553415\n|gametype|singles\n|player|p1|p0x11565304|1|\n|player|p2|p0y11563404|101|\n|gen|9\n|tier|[Gen 9] Random Battle\n|rule|Species Clause: Limit one of each Pok\u00e9mon\n|rule|HP Percentage Mod: HP is shown in percentages\n|rule|Sleep Clause Mod: Limit one foe put to sleep\n|rule|Illusion Level Mod: Illusion disguises the Pok\u00e9mon's true level\n|\n|t:|1783553415\n|teamsize|p1|6\n|teamsize|p2|6\n|start\n|switch|p1a: Bruxish|Bruxish, L85, F|100/100\n|switch|p2a: Braviary|Braviary-Hisui, L85, M|326/326\n|turn|1\n|inactive|Battle timer is ON: inactive players will automatically lose when time's up. (requested by p0x11565304)\n|inactive|Time left: 300 sec this turn | 300 sec total | 60 sec grace\n|inactive|p0y11563404 also wants the timer to be on.\n|\n|t:|1783553417\n|move|p1a: Bruxish|Crunch|p2a: Braviary\n|-supereffective|p2a: Braviary\n|-damage|p2a: Braviary|122/326\n|move|p2a: Braviary|Esper Wing|p1a: Bruxish\n|-resisted|p1a: Bruxish\n|-damage|p1a: Bruxish|32/100\n|-boost|p2a: Braviary|spe|1\n|\n|upkeep\n|turn|2\n|inactive|Time left: 300 sec this turn | 300 sec total\n|\n|t:|1783553418\n|move|p1a: Bruxish|Crunch|p2a: Braviary\n|-supereffective|p2a: Braviary\n|-damage|p2a: Braviary|0 fnt\n|faint|p2a: Braviary\n|\n|upkeep\n|inactive|Time left: 300 sec this turn | 300 sec total | 5 sec grace\n|\n|t:|1783553419\n|switch|p2a: Kommo-o|Kommo-o, L77, M|242/242\n|turn|3\n|inactive|Time left: 300 sec this turn | 300 sec total\n|\n|t:|1783553420\n|switch|p1a: Qwilfish|Qwilfish, L86, M|100/100\n|-ability|p1a: Qwilfish|Intimidate|boost\n|-unboost|p2a: Kommo-o|atk|1\n|move|p2a: Kommo-o|Clangorous Soul|p2a: Kommo-o\n|-boost|p2a: Kommo-o|atk|1\n|-boost|p2a: Kommo-o|def|1\n|-boost|p2a: Kommo-o|spa|1\n|-boost|p2a: Kommo-o|spd|1\n|-boost|p2a: Kommo-o|spe|1\n|-damage|p2a: Kommo-o|163/242\n|-enditem|p2a: Kommo-o|Throat Spray\n|-boost|p2a: Kommo-o|spa|1|[from] item: Throat Spray\n|\n|upkeep\n|turn|4\n|inactive|Time left: 300 sec this turn | 300 sec total\n|\n|t:|1783553421\n|switch|p1a: Perrserker|Perrserker, L89, F|100/100\n|move|p2a: Kommo-o|Clanging Scales|p1a: Perrserker\n|-resisted|p1a: Perrserker\n|-damage|p1a: Perrserker|58/100\n|-unboost|p2a: Kommo-o|def|1\n|\n|upkeep\n|turn|5\n|inactive|Time left: 300 sec this turn | 300 sec total\n|\n|t:|1783553422\n|move|p2a: Kommo-o|Drain Punch|p1a: Perrserker\n|-supereffective|p1a: Perrserker\n|-damage|p1a: Perrserker|13/100\n|-heal|p2a: Kommo-o|224/242|[from] drain|[of] p1a: Perrserker\n|move|p1a: Perrserker|Close Combat|p2a: Kommo-o\n|-damage|p2a: Kommo-o|53/242\n|-unboost|p1a: Perrserker|def|1\n|-unboost|p1a: Perrserker|spd|1\n|\n|upkeep\n|turn|6\n|inactive|Time left: 300 sec this turn | 300 sec total\n|\n|t:|1783553423\n|move|p2a: Kommo-o|Clanging Scales|p1a: Perrserker\n|-resisted|p1a: Perrserker\n|-damage|p1a: Perrserker|0 fnt\n|faint|p1a: Perrserker\n|-unboost|p2a: Kommo-o|def|1\n|\n|upkeep\n|\n|t:|1783553424\n|switch|p1a: Bruxish|Bruxish, L85, F|32/100\n|turn|7\n|inactive|Time left: 300 sec this turn | 300 sec total\n|\n|t:|1783553425\n|switch|p2a: Weavile|Weavile, L79, M|239/239\n|move|p1a: Bruxish|Psychic Fangs|p2a: Weavile\n|-immune|p2a: Weavile\n|\n|upkeep\n|turn|8\n|inactive|Time left: 300 sec this turn | 300 sec total\n|\n|t:|1783553426\n|switch|p1a: Qwilfish|Qwilfish, L86, M|100/100\n|-ability|p1a: Qwilfish|Intimidate|boost\n|-unboost|p2a: Weavile|atk|1\n|move|p2a: Weavile|Knock Off|p1a: Qwilfish\n|-damage|p1a: Qwilfish|58/100\n|-enditem|p1a: Qwilfish|Leftovers|[from] move: Knock Off|[of] p2a: Weavile\n|\n|upkeep\n|turn|9\n|inactive|Time left: 300 sec this turn | 300 sec total\n|\n|t:|1783553427\n|switch|p2a: Pecharunt|Pecharunt, L77|262/262\n|move|p1a: Qwilfish|Gunk Shot|p2a: Pecharunt|[miss]\n|-miss|p1a: Qwilfish|p2a: Pecharunt\n|\n|upkeep\n|turn|10\n|inactive|Time left: 300 sec this turn | 300 sec total\n|\n|t:|1783553428\n|move|p1a: Qwilfish|Spikes|p2a: Pecharunt\n|-sidestart|p2: p0y11563404|Spikes\n|move|p2a: Pecharunt|Nasty Plot|p2a: Pecharunt\n|-boost|p2a: Pecharunt|spa|2\n|\n|upkeep\n|turn|11\n|inactive|Time left: 300 sec this turn | 300 sec total\n|\n|t:|1783553429\n|move|p1a: Qwilfish|Thunder Wave|p2a: Pecharunt\n|-status|p2a: Pecharunt|par\n|move|p2a: Pecharunt|Shadow Ball|p1a: Qwilfish\n|-damage|p1a: Qwilfish|0 fnt\n|faint|p1a: Qwilfish\n|\n|upkeep\n|\n|t:|1783553430\n|switch|p1a: Ribombee|Ribombee, L83, M|100/100\n|turn|12\n|inactive|Time left: 300 sec this turn | 300 sec total\n|\n|t:|1783553431\n|-terastallize|p1a: Ribombee|Ground\n|move|p1a: Ribombee|Quiver Dance|p1a: Ribombee\n|-boost|p1a: Ribombee|spa|1\n|-boost|p1a: Ribombee|spd|1\n|-boost|p1a: Ribombee|spe|1\n|move|p2a: Pecharunt|Malignant Chain|p1a: Ribombee\n|-resisted|p1a: Ribombee\n|-damage|p1a: Ribombee|71/100\n|\n|upkeep\n|turn|13\n|inactive|Time left: 300 sec this turn | 300 sec total\n|\n|t:|1783553432\n|move|p1a: Ribombee|Tera Blast|p2a: Pecharunt|[anim] Tera Blast Ground\n|-supereffective|p2a: Pecharunt\n|-damage|p2a: Pecharunt|0 fnt\n|faint|p2a: Pecharunt\n|\n|upkeep\n|inactive|Time left: 300 sec this turn | 300 sec total | 5 sec grace\n|\n|t:|1783553434\n|switch|p2a: Weavile|Weavile, L79, M|239/239\n|-damage|p2a: Weavile|210/239|[from] Spikes\n|turn|14\n|inactive|Time left: 300 sec this turn | 300 sec total\n|\n|t:|1783553434\n|switch|p1a: Bruxish|Bruxish, L85, F|32/100\n|move|p2a: Weavile|Ice Shard|p1a: Bruxish\n|-resisted|p1a: Bruxish\n|-damage|p1a: Bruxish|17/100\n|\n|upkeep\n|turn|15\n|inactive|Time left: 300 sec this turn | 300 sec total\n|\n|t:|1783553436\n|move|p2a: Weavile|Ice Shard|p1a: Bruxish\n|-resisted|p1a: Bruxish\n|-damage|p1a: Bruxish|1/100\n|move|p1a: Bruxish|Flip Turn|p2a: Weavile\n|-damage|p2a: Weavile|111/239\n|\n|t:|1783553437\n|switch|p1a: Zekrom|Zekrom, L71|100/100|[from] Flip Turn\n|-ability|p1a: Zekrom|Teravolt\n|\n|upkeep\n|turn|16\n|inactive|Time left: 300 sec this turn | 300 sec total\n|\n|t:|1783553438\n|move|p2a: Weavile|Ice Shard|p1a: Zekrom\n|-supereffective|p1a: Zekrom\n|-damage|p1a: Zekrom|56/100\n|move|p1a: Zekrom|Dragon Dance|p1a: Zekrom\n|-boost|p1a: Zekrom|atk|1\n|-boost|p1a: Zekrom|spe|1\n|\n|-heal|p1a: Zekrom|62/100|[from] item: Leftovers\n|upkeep\n|turn|17\n|inactive|Time left: 300 sec this turn | 300 sec total\n|\n|t:|1783553439\n|move|p2a: Weavile|Ice Shard|p1a: Zekrom\n|-supereffective|p1a: Zekrom\n|-damage|p1a: Zekrom|17/100\n|move|p1a: Zekrom|Outrage|p2a: Weavile\n|-damage|p2a: Weavile|0 fnt\n|faint|p2a: Weavile\n|\n|-heal|p1a: Zekrom|23/100|[from] item: Leftovers\n|upkeep\n|inactive|Time left: 300 sec this turn | 300 sec total | 5 sec grace\n|\n|t:|1783553440\n|switch|p2a: Ambipom|Ambipom, L84, F|263/263\n|-damage|p2a: Ambipom|231/263|[from] Spikes\n|turn|18\n|inactive|Time left: 300 sec this turn | 300 sec total\n|\n|t:|1783553441\n|move|p2a: Ambipom|Fake Out|p1a: Zekrom\n|-damage|p1a: Zekrom|0 fnt\n|faint|p1a: Zekrom\n|\n|upkeep\n|\n|t:|1783553442\n|switch|p1a: Bruxish|Bruxish, L85, F|1/100\n|turn|19\n|inactive|Time left: 300 sec this turn | 300 sec total\n|\n|t:|1783553443\n|switch|p2a: Glalie|Glalie, L96, F|309/309\n|move|p1a: Bruxish|Psychic Fangs|p2a: Glalie\n|-damage|p2a: Glalie|171/309\n|\n|upkeep\n|turn|20\n|inactive|Time left: 300 sec this turn | 300 sec total\n|\n|t:|1783553445\n|switch|p2a: Kommo-o|Kommo-o, L77, M|53/242\n|-damage|p2a: Kommo-o|23/242|[from] Spikes\n|move|p1a: Bruxish|Psychic Fangs|p2a: Kommo-o\n|-supereffective|p2a: Kommo-o\n|-damage|p2a: Kommo-o|0 fnt\n|faint|p2a: Kommo-o\n|\n|upkeep\n|inactive|Time left: 300 sec this turn | 300 sec total | 5 sec grace\n|\n|t:|1783553446\n|switch|p2a: Ambipom|Ambipom, L84, F|231/263\n|-damage|p2a: Ambipom|199/263|[from] Spikes\n|turn|21\n|inactive|Time left: 300 sec this turn | 300 sec total\n|\n|t:|1783553447\n|move|p2a: Ambipom|Fake Out|p1a: Bruxish\n|-damage|p1a: Bruxish|0 fnt\n|faint|p1a: Bruxish\n|\n|upkeep\n|\n|t:|1783553448\n|switch|p1a: Amoonguss|Amoonguss, L82, M|100/100\n|turn|22\n|inactive|Time left: 300 sec this turn | 300 sec total\n|\n|t:|1783553449\n|move|p2a: Ambipom|Double-Edge|p1a: Amoonguss\n|-damage|p1a: Amoonguss|43/100\n|-damage|p2a: Ambipom|138/263|[from] Recoil\n|move|p1a: Amoonguss|Spore|p2a: Ambipom\n|-status|p2a: Ambipom|slp|[from] move: Spore\n|\n|-heal|p1a: Amoonguss|49/100|[from] item: Leftovers\n|upkeep\n|turn|23\n|inactive|Time left: 300 sec this turn | 300 sec total\n|\n|t:|1783553450\n|switch|p2a: Glalie|Glalie, L96, F|171/309\n|switch|p1a: Ribombee|Ribombee, L83, M, tera:Ground|71/100\n|\n|upkeep\n|turn|24\n|inactive|Time left: 300 sec this turn | 300 sec total\n|\n|t:|1783553451\n|move|p1a: Ribombee|Quiver Dance|p1a: Ribombee\n|-boost|p1a: Ribombee|spa|1\n|-boost|p1a: Ribombee|spd|1\n|-boost|p1a: Ribombee|spe|1\n|move|p2a: Glalie|Freeze-Dry|p1a: Ribombee\n|-supereffective|p1a: Ribombee\n|-damage|p1a: Ribombee|16/100\n|\n|upkeep\n|turn|25\n|inactive|Time left: 300 sec this turn | 300 sec total\n|\n|t:|1783553452\n|move|p1a: Ribombee|Moonblast|p2a: Glalie\n|-damage|p2a: Glalie|35/309\n|-unboost|p2a: Glalie|spa|1\n|move|p2a: Glalie|Freeze-Dry|p1a: Ribombee\n|-supereffective|p1a: Ribombee\n|-damage|p1a: Ribombee|0 fnt\n|faint|p1a: Ribombee\n|\n|upkeep\n|\n|t:|1783553453\n|switch|p1a: Amoonguss|Amoonguss, L82, M|83/100\n|turn|26\n|inactive|Time left: 300 sec this turn | 300 sec total\n|\n|t:|1783553454\n|move|p2a: Glalie|Freeze-Dry|p1a: Amoonguss\n|-supereffective|p1a: Amoonguss\n|-damage|p1a: Amoonguss|42/100\n|move|p1a: Amoonguss|Giga Drain|p2a: Glalie\n|-crit|p2a: Glalie\n|-damage|p2a: Glalie|0 fnt\n|-heal|p1a: Amoonguss|47/100|[from] drain|[of] p2a: Glalie\n|faint|p2a: Glalie\n|\n|-heal|p1a: Amoonguss|53/100|[from] item: Leftovers\n|upkeep\n|inactive|Time left: 300 sec this turn | 300 sec total | 5 sec grace\n|\n|t:|1783553454\n|switch|p2a: Ambipom|Ambipom, L84, F|138/263 slp\n|-damage|p2a: Ambipom|106/263 slp|[from] Spikes\n|turn|27\n|inactive|Time left: 300 sec this turn | 300 sec total\n|\n|t:|1783553455\n|cant|p2a: Ambipom|slp\n|move|p1a: Amoonguss|Giga Drain|p2a: Ambipom\n|-damage|p2a: Ambipom|27/263 slp\n|-heal|p1a: Amoonguss|66/100|[from] drain|[of] p2a: Ambipom\n|\n|-heal|p1a: Amoonguss|72/100|[from] item: Leftovers\n|upkeep\n|turn|28\n|inactive|Time left: 300 sec this turn | 300 sec total\n|\n|t:|1783553456\n|-terastallize|p2a: Ambipom|Normal\n|cant|p2a: Ambipom|slp\n|move|p1a: Amoonguss|Stomping Tantrum|p2a: Ambipom\n|-damage|p2a: Ambipom|0 fnt\n|faint|p2a: Ambipom\n|\n|win|p0x11565304", "uploadtime": 1783553456, "views": 0, "rating": 0, "private": 0, "password": null, "_winner": "p0x11565304", "_our_name": "p0y11563404"}