{"id": "battle-gen9randombattle-317", "formatid": "gen9randombattle", "format": "[Gen 9] Random Battle", "players": ["p0x317bb2a", "p0y317706d"], "log": "|init|battle\n|title|p0x317bb2a vs. p0y317706d\n|j|\u2606p0x317bb2a\n|j|\u2606p0y317706d\n|t:|1783542762\n|gametype|singles\n|player|p1|p0x317bb2a|101|\n|player|p2|p0y317706d|102|\n|gen|9\n|tier|[Gen 9] Random Battle\n|rule|Species Clause: Limit one of each Pok\u00e9mon\n|rule|HP Percentage Mod: HP is shown in percentages\n|rule|Sleep Clause Mod: Limit one foe put to sleep\n|rule|Illusion Level Mod: Illusion disguises the Pok\u00e9mon's true level\n|\n|t:|1783542762\n|teamsize|p1|6\n|teamsize|p2|6\n|start\n|switch|p1a: Blaziken|Blaziken, L76, M|100/100\n|switch|p2a: Terrakion|Terrakion, L79|273/273\n|turn|1\n|inactive|Battle timer is ON: inactive players will automatically lose when time's up. (requested by p0x317bb2a)\n|inactive|Time left: 300 sec this turn | 300 sec total | 60 sec grace\n|\n|t:|1783542764\n|switch|p1a: Whiscash|Whiscash, L88, M|100/100\n|move|p2a: Terrakion|Close Combat|p1a: Whiscash\n|-damage|p1a: Whiscash|27/100\n|-unboost|p2a: Terrakion|def|1\n|-unboost|p2a: Terrakion|spd|1\n|\n|upkeep\n|turn|2\n|inactive|Time left: 300 sec this turn | 300 sec total\n|inactive|p0y317706d also wants the timer to be on.\n|\n|t:|1783542765\n|switch|p1a: Polteageist|Polteageist-Antique, L78|100/100\n|move|p2a: Terrakion|Close Combat|p1a: Polteageist\n|-immune|p1a: Polteageist\n|\n|upkeep\n|turn|3\n|inactive|Time left: 300 sec this turn | 300 sec total\n|\n|t:|1783542766\n|switch|p2a: Ursaluna|Ursaluna, L79, M|335/335\n|move|p1a: Polteageist|Shell Smash|p1a: Polteageist\n|-unboost|p1a: Polteageist|def|1\n|-unboost|p1a: Polteageist|spd|1\n|-boost|p1a: Polteageist|atk|2\n|-boost|p1a: Polteageist|spa|2\n|-boost|p1a: Polteageist|spe|2\n|-enditem|p1a: Polteageist|White Herb\n|-clearnegativeboost|p1a: Polteageist|[silent]\n|\n|-status|p2a: Ursaluna|brn|[from] item: Flame Orb\n|upkeep\n|turn|4\n|inactive|Time left: 300 sec this turn | 300 sec total\n|\n|t:|1783542767\n|move|p1a: Polteageist|Strength Sap|p2a: Ursaluna\n|-unboost|p2a: Ursaluna|atk|1\n|move|p2a: Ursaluna|Crunch|p1a: Polteageist\n|-supereffective|p1a: Polteageist\n|-damage|p1a: Polteageist|19/100\n|\n|-damage|p2a: Ursaluna|315/335 brn|[from] brn\n|upkeep\n|turn|5\n|inactive|Time left: 300 sec this turn | 300 sec total\n|\n|t:|1783542768\n|move|p1a: Polteageist|Strength Sap|p2a: Ursaluna\n|-unboost|p2a: Ursaluna|atk|1\n|-heal|p1a: Polteageist|99/100\n|move|p2a: Ursaluna|Crunch|p1a: Polteageist\n|-supereffective|p1a: Polteageist\n|-damage|p1a: Polteageist|43/100\n|\n|-damage|p2a: Ursaluna|295/335 brn|[from] brn\n|upkeep\n|turn|6\n|inactive|Time left: 300 sec this turn | 300 sec total\n|\n|t:|1783542769\n|move|p1a: Polteageist|Strength Sap|p2a: Ursaluna\n|-unboost|p2a: Ursaluna|atk|1\n|-heal|p1a: Polteageist|100/100\n|move|p2a: Ursaluna|Crunch|p1a: Polteageist\n|-supereffective|p1a: Polteageist\n|-damage|p1a: Polteageist|52/100\n|-start|p2a: Ursaluna|Disable|Crunch|[from] ability: Cursed Body|[of] p1a: Polteageist\n|\n|-damage|p2a: Ursaluna|275/335 brn|[from] brn\n|upkeep\n|turn|7\n|inactive|Time left: 300 sec this turn | 300 sec total\n|\n|t:|1783542770\n|move|p1a: Polteageist|Strength Sap|p2a: Ursaluna\n|-unboost|p2a: Ursaluna|atk|1\n|-heal|p1a: Polteageist|99/100\n|move|p2a: Ursaluna|Headlong Rush|p1a: Polteageist\n|-damage|p1a: Polteageist|51/100\n|-unboost|p2a: Ursaluna|def|1\n|-unboost|p2a: Ursaluna|spd|1\n|\n|-damage|p2a: Ursaluna|255/335 brn|[from] brn\n|upkeep\n|turn|8\n|inactive|Time left: 300 sec this turn | 300 sec total\n|\n|t:|1783542771\n|switch|p2a: Iron Leaves|Iron Leaves, L80|275/275\n|move|p1a: Polteageist|Stored Power|p2a: Iron Leaves\n|-resisted|p2a: Iron Leaves\n|-damage|p2a: Iron Leaves|184/275\n|\n|upkeep\n|turn|9\n|inactive|Time left: 300 sec this turn | 300 sec total\n|\n|t:|1783542772\n|move|p1a: Polteageist|Strength Sap|p2a: Iron Leaves\n|-unboost|p2a: Iron Leaves|atk|1\n|-heal|p1a: Polteageist|100/100\n|move|p2a: Iron Leaves|Leaf Blade|p1a: Polteageist\n|-damage|p1a: Polteageist|36/100\n|\n|upkeep\n|turn|10\n|inactive|Time left: 300 sec this turn | 300 sec total\n|\n|t:|1783542773\n|move|p1a: Polteageist|Strength Sap|p2a: Iron Leaves\n|-unboost|p2a: Iron Leaves|atk|1\n|-heal|p1a: Polteageist|100/100\n|move|p2a: Iron Leaves|Leaf Blade|p1a: Polteageist\n|-damage|p1a: Polteageist|46/100\n|-start|p2a: Iron Leaves|Disable|Leaf Blade|[from] ability: Cursed Body|[of] p1a: Polteageist\n|\n|upkeep\n|turn|11\n|inactive|Time left: 300 sec this turn | 300 sec total\n|\n|t:|1783542774\n|move|p1a: Polteageist|Strength Sap|p2a: Iron Leaves\n|-unboost|p2a: Iron Leaves|atk|1\n|-heal|p1a: Polteageist|100/100\n|-activate|p2a: Iron Leaves|move: Struggle\n|move|p2a: Iron Leaves|Struggle|p1a: Polteageist\n|-damage|p1a: Polteageist|87/100\n|-damage|p2a: Iron Leaves|115/275|[from] recoil\n|\n|upkeep\n|turn|12\n|inactive|Time left: 300 sec this turn | 300 sec total\n|\n|t:|1783542775\n|move|p1a: Polteageist|Stored Power|p2a: Iron Leaves\n|-resisted|p2a: Iron Leaves\n|-damage|p2a: Iron Leaves|11/275\n|-activate|p2a: Iron Leaves|move: Struggle\n|move|p2a: Iron Leaves|Struggle|p1a: Polteageist\n|-damage|p1a: Polteageist|71/100\n|-damage|p2a: Iron Leaves|0 fnt|[from] recoil\n|faint|p2a: Iron Leaves\n|-end|p2a: Iron Leaves|Quark Drive|[silent]\n|\n|upkeep\n|inactive|Time left: 300 sec this turn | 300 sec total | 5 sec grace\n|\n|t:|1783542776\n|switch|p2a: Hariyama|Hariyama, L87, M|392/392\n|turn|13\n|inactive|Time left: 300 sec this turn | 300 sec total\n|\n|t:|1783542777\n|-terastallize|p2a: Hariyama|Normal\n|move|p1a: Polteageist|Strength Sap|p2a: Hariyama\n|-unboost|p2a: Hariyama|atk|1\n|-heal|p1a: Polteageist|100/100\n|move|p2a: Hariyama|Knock Off|p1a: Polteageist\n|-supereffective|p1a: Polteageist\n|-damage|p1a: Polteageist|52/100\n|\n|-status|p2a: Hariyama|brn|[from] item: Flame Orb\n|upkeep\n|turn|14\n|inactive|Time left: 300 sec this turn | 300 sec total\n|\n|t:|1783542779\n|move|p1a: Polteageist|Strength Sap|p2a: Hariyama\n|-unboost|p2a: Hariyama|atk|1\n|-heal|p1a: Polteageist|100/100\n|move|p2a: Hariyama|Knock Off|p1a: Polteageist\n|-supereffective|p1a: Polteageist\n|-damage|p1a: Polteageist|47/100\n|\n|-damage|p2a: Hariyama|368/392 brn|[from] brn\n|upkeep\n|turn|15\n|inactive|Time left: 300 sec this turn | 300 sec total\n|\n|t:|1783542780\n|move|p1a: Polteageist|Strength Sap|p2a: Hariyama\n|-unboost|p2a: Hariyama|atk|1\n|-heal|p1a: Polteageist|100/100\n|move|p2a: Hariyama|Knock Off|p1a: Polteageist\n|-supereffective|p1a: Polteageist\n|-damage|p1a: Polteageist|58/100\n|\n|-damage|p2a: Hariyama|344/392 brn|[from] brn\n|upkeep\n|turn|16\n|inactive|Time left: 300 sec this turn | 300 sec total\n|\n|t:|1783542781\n|move|p1a: Polteageist|Stored Power|p2a: Hariyama\n|-damage|p2a: Hariyama|84/392 brn\n|move|p2a: Hariyama|Knock Off|p1a: Polteageist\n|-supereffective|p1a: Polteageist\n|-damage|p1a: Polteageist|19/100\n|-start|p2a: Hariyama|Disable|Knock Off|[from] ability: Cursed Body|[of] p1a: Polteageist\n|\n|-damage|p2a: Hariyama|60/392 brn|[from] brn\n|upkeep\n|turn|17\n|inactive|Time left: 300 sec this turn | 300 sec total\n|\n|t:|1783542782\n|move|p1a: Polteageist|Strength Sap|p2a: Hariyama\n|-unboost|p2a: Hariyama|atk|1\n|-heal|p1a: Polteageist|66/100\n|move|p2a: Hariyama|Headlong Rush|p1a: Polteageist\n|-damage|p1a: Polteageist|34/100\n|-unboost|p2a: Hariyama|def|1\n|-unboost|p2a: Hariyama|spd|1\n|\n|-damage|p2a: Hariyama|36/392 brn|[from] brn\n|upkeep\n|turn|18\n|inactive|Time left: 300 sec this turn | 300 sec total\n|\n|t:|1783542783\n|move|p1a: Polteageist|Strength Sap|p2a: Hariyama\n|-unboost|p2a: Hariyama|atk|1\n|-heal|p1a: Polteageist|73/100\n|move|p2a: Hariyama|Headlong Rush|p1a: Polteageist\n|-damage|p1a: Polteageist|44/100\n|-unboost|p2a: Hariyama|def|1\n|-unboost|p2a: Hariyama|spd|1\n|\n|-damage|p2a: Hariyama|12/392 brn|[from] brn\n|upkeep\n|turn|19\n|inactive|Time left: 300 sec this turn | 300 sec total\n|\n|t:|1783542784\n|switch|p2a: Arboliva|Arboliva, L91, F|288/288\n|move|p1a: Polteageist|Stored Power|p2a: Arboliva\n|-damage|p2a: Arboliva|105/288\n|-enditem|p2a: Arboliva|Sitrus Berry|[eat]\n|-heal|p2a: Arboliva|177/288|[from] item: Sitrus Berry\n|\n|upkeep\n|turn|20\n|inactive|Time left: 300 sec this turn | 300 sec total\n|\n|t:|1783542785\n|move|p1a: Polteageist|Stored Power|p2a: Arboliva\n|-damage|p2a: Arboliva|17/288\n|move|p2a: Arboliva|Leech Seed|p1a: Polteageist\n|-start|p1a: Polteageist|move: Leech Seed\n|\n|-damage|p1a: Polteageist|32/100|[from] Leech Seed|[of] p2a: Arboliva\n|-heal|p2a: Arboliva|44/288|[silent]\n|-item|p2a: Arboliva|Sitrus Berry|[from] ability: Harvest\n|upkeep\n|-enditem|p2a: Arboliva|Sitrus Berry|[eat]\n|-heal|p2a: Arboliva|116/288|[from] item: Sitrus Berry\n|turn|21\n|inactive|Time left: 300 sec this turn | 300 sec total\n|\n|t:|1783542786\n|move|p2a: Arboliva|Protect|p2a: Arboliva\n|-singleturn|p2a: Arboliva|Protect\n|move|p1a: Polteageist|Stored Power|p2a: Arboliva\n|-activate|p2a: Arboliva|move: Protect\n|\n|-damage|p1a: Polteageist|20/100|[from] Leech Seed|[of] p2a: Arboliva\n|-heal|p2a: Arboliva|143/288|[silent]\n|upkeep\n|turn|22\n|inactive|Time left: 300 sec this turn | 300 sec total\n|\n|t:|1783542787\n|move|p2a: Arboliva|Protect||[still]\n|-fail|p2a: Arboliva\n|move|p1a: Polteageist|Strength Sap|p2a: Arboliva\n|-unboost|p2a: Arboliva|atk|1\n|-heal|p1a: Polteageist|78/100\n|\n|-damage|p1a: Polteageist|66/100|[from] Leech Seed|[of] p2a: Arboliva\n|-heal|p2a: Arboliva|170/288|[silent]\n|upkeep\n|turn|23\n|inactive|Time left: 300 sec this turn | 300 sec total\n|\n|t:|1783542788\n|move|p2a: Arboliva|Protect|p2a: Arboliva\n|-singleturn|p2a: Arboliva|Protect\n|move|p1a: Polteageist|Shell Smash|p1a: Polteageist\n|-unboost|p1a: Polteageist|def|1\n|-unboost|p1a: Polteageist|spd|1\n|-boost|p1a: Polteageist|atk|2\n|-boost|p1a: Polteageist|spa|2\n|-boost|p1a: Polteageist|spe|2\n|\n|-damage|p1a: Polteageist|54/100|[from] Leech Seed|[of] p2a: Arboliva\n|-heal|p2a: Arboliva|197/288|[silent]\n|upkeep\n|turn|24\n|inactive|Time left: 300 sec this turn | 300 sec total\n|\n|t:|1783542789\n|move|p2a: Arboliva|Protect||[still]\n|-fail|p2a: Arboliva\n|move|p1a: Polteageist|Stored Power|p2a: Arboliva\n|-damage|p2a: Arboliva|0 fnt\n|faint|p2a: Arboliva\n|\n|upkeep\n|inactive|Time left: 300 sec this turn | 300 sec total | 5 sec grace\n|\n|t:|1783542790\n|switch|p2a: Hariyama|Hariyama, L87, M, tera:Normal|12/392 brn\n|turn|25\n|inactive|Time left: 300 sec this turn | 300 sec total\n|\n|t:|1783542791\n|move|p1a: Polteageist|Stored Power|p2a: Hariyama\n|-damage|p2a: Hariyama|0 fnt\n|faint|p2a: Hariyama\n|\n|upkeep\n|inactive|Time left: 300 sec this turn | 300 sec total | 5 sec grace\n|\n|t:|1783542791\n|switch|p2a: Terrakion|Terrakion, L79|273/273\n|turn|26\n|inactive|Time left: 300 sec this turn | 300 sec total\n|\n|t:|1783542792\n|move|p1a: Polteageist|Stored Power|p2a: Terrakion\n|-supereffective|p2a: Terrakion\n|-damage|p2a: Terrakion|0 fnt\n|faint|p2a: Terrakion\n|\n|upkeep\n|inactive|Time left: 300 sec this turn | 300 sec total | 5 sec grace\n|\n|t:|1783542793\n|switch|p2a: Chandelure|Chandelure, L83, F|235/235\n|turn|27\n|inactive|Time left: 300 sec this turn | 300 sec total\n|\n|t:|1783542794\n|move|p1a: Polteageist|Stored Power|p2a: Chandelure\n|-damage|p2a: Chandelure|0 fnt\n|faint|p2a: Chandelure\n|\n|upkeep\n|inactive|Time left: 300 sec this turn | 300 sec total | 5 sec grace\n|\n|t:|1783542795\n|switch|p2a: Ursaluna|Ursaluna, L79, M|255/335 brn\n|turn|28\n|inactive|Time left: 300 sec this turn | 300 sec total\n|\n|t:|1783542796\n|-terastallize|p1a: Polteageist|Dark\n|move|p1a: Polteageist|Stored Power|p2a: Ursaluna\n|-damage|p2a: Ursaluna|0 fnt\n|faint|p2a: Ursaluna\n|\n|win|p0x317bb2a", "uploadtime": 1783542796, "views": 0, "rating": 0, "private": 0, "password": null, "_winner": "p0x317bb2a", "_our_name": "p0y317706d"}