{"id": "battle-gen9randombattle-2503", "formatid": "gen9randombattle", "format": "[Gen 9] Random Battle", "players": ["p0x25039485", "p0y2503746b"], "log": "|init|battle\n|title|p0x25039485 vs. p0y2503746b\n|j|\u2606p0x25039485\n|j|\u2606p0y2503746b\n|t:|1783568027\n|gametype|singles\n|player|p1|p0x25039485|265|\n|player|p2|p0y2503746b|170|\n|gen|9\n|tier|[Gen 9] Random Battle\n|rule|Species Clause: Limit one of each Pok\u00e9mon\n|rule|HP Percentage Mod: HP is shown in percentages\n|rule|Sleep Clause Mod: Limit one foe put to sleep\n|rule|Illusion Level Mod: Illusion disguises the Pok\u00e9mon's true level\n|\n|t:|1783568027\n|teamsize|p1|6\n|teamsize|p2|6\n|start\n|switch|p1a: Regice|Regice, L88|100/100\n|switch|p2a: Shiftry|Shiftry, L89, M|305/305\n|turn|1\n|inactive|Battle timer is ON: inactive players will automatically lose when time's up. (requested by p0y2503746b)\n|inactive|p0x25039485 also wants the timer to be on.\n|\n|t:|1783568028\n|move|p2a: Shiftry|Swords Dance|p2a: Shiftry\n|-boost|p2a: Shiftry|atk|2\n|move|p1a: Regice|Ice Beam|p2a: Shiftry\n|-supereffective|p2a: Shiftry\n|-damage|p2a: Shiftry|21/305\n|\n|upkeep\n|turn|2\n|inactive|Time left: 300 sec this turn | 300 sec total\n|\n|t:|1783568029\n|switch|p1a: Slaking|Slaking, L84, F|100/100\n|move|p2a: Shiftry|Knock Off|p1a: Slaking\n|-crit|p1a: Slaking\n|-damage|p1a: Slaking|0 fnt\n|-enditem|p1a: Slaking|Choice Band|[from] move: Knock Off|[of] p2a: Shiftry\n|faint|p1a: Slaking\n|-damage|p2a: Shiftry|0 fnt|[from] item: Life Orb\n|faint|p2a: Shiftry\n|\n|upkeep\n|inactive|Time left: 300 sec this turn | 300 sec total | 5 sec grace\n|\n|t:|1783568030\n|switch|p1a: Kingdra|Kingdra, L84, M|100/100\n|switch|p2a: Mimikyu|Mimikyu, L79, F|216/216\n|turn|3\n|inactive|Time left: 300 sec this turn | 300 sec total\n|\n|t:|1783568031\n|move|p2a: Mimikyu|Swords Dance|p2a: Mimikyu\n|-boost|p2a: Mimikyu|atk|2\n|move|p1a: Kingdra|Wave Crash|p2a: Mimikyu\n|-activate|p2a: Mimikyu|ability: Disguise\n|-damage|p2a: Mimikyu|216/216\n|detailschange|p2a: Mimikyu|Mimikyu-Busted, L79, F\n|-damage|p2a: Mimikyu|189/216|[from] pokemon: Mimikyu-Busted\n|\n|upkeep\n|turn|4\n|inactive|Time left: 300 sec this turn | 300 sec total\n|\n|t:|1783568032\n|-terastallize|p1a: Kingdra|Steel\n|move|p2a: Mimikyu|Play Rough|p1a: Kingdra\n|-resisted|p1a: Kingdra\n|-damage|p1a: Kingdra|63/100\n|-damage|p2a: Mimikyu|168/216|[from] item: Life Orb\n|move|p1a: Kingdra|Iron Head|p2a: Mimikyu\n|-supereffective|p2a: Mimikyu\n|-damage|p2a: Mimikyu|0 fnt\n|faint|p2a: Mimikyu\n|\n|upkeep\n|inactive|Time left: 300 sec this turn | 300 sec total | 5 sec grace\n|\n|t:|1783568033\n|switch|p2a: Mabosstiff|Mabosstiff, L86, F|278/278\n|turn|5\n|inactive|Time left: 300 sec this turn | 300 sec total\n|\n|t:|1783568034\n|-terastallize|p2a: Mabosstiff|Dark\n|move|p2a: Mabosstiff|Crunch|p1a: Kingdra\n|-damage|p1a: Kingdra|0 fnt\n|faint|p1a: Kingdra\n|\n|upkeep\n|\n|t:|1783568034\n|switch|p1a: Tinkaton|Tinkaton, L82, F|100/100\n|-ability|p1a: Tinkaton|Mold Breaker\n|turn|6\n|inactive|Time left: 300 sec this turn | 300 sec total\n|\n|t:|1783568035\n|move|p1a: Tinkaton|Play Rough|p2a: Mabosstiff\n|-supereffective|p2a: Mabosstiff\n|-damage|p2a: Mabosstiff|138/278\n|move|p2a: Mabosstiff|Crunch|p1a: Tinkaton\n|-resisted|p1a: Tinkaton\n|-damage|p1a: Tinkaton|57/100\n|\n|-heal|p1a: Tinkaton|64/100|[from] item: Leftovers\n|upkeep\n|turn|7\n|inactive|Time left: 300 sec this turn | 300 sec total\n|\n|t:|1783568036\n|move|p1a: Tinkaton|Play Rough|p2a: Mabosstiff\n|-supereffective|p2a: Mabosstiff\n|-damage|p2a: Mabosstiff|0 fnt\n|faint|p2a: Mabosstiff\n|\n|-heal|p1a: Tinkaton|70/100|[from] item: Leftovers\n|upkeep\n|inactive|Time left: 300 sec this turn | 300 sec total | 5 sec grace\n|\n|t:|1783568037\n|switch|p2a: Grumpig|Grumpig, L92, M|297/297\n|turn|8\n|inactive|Time left: 300 sec this turn | 300 sec total\n|\n|t:|1783568038\n|move|p1a: Tinkaton|Gigaton Hammer|p2a: Grumpig\n|-damage|p2a: Grumpig|137/297\n|move|p2a: Grumpig|Earth Power|p1a: Tinkaton\n|-supereffective|p1a: Tinkaton\n|-damage|p1a: Tinkaton|24/100\n|\n|-heal|p1a: Tinkaton|30/100|[from] item: Leftovers\n|-heal|p2a: Grumpig|155/297|[from] item: Leftovers\n|upkeep\n|turn|9\n|inactive|Time left: 300 sec this turn | 300 sec total\n|\n|t:|1783568039\n|switch|p1a: Brambleghast|Brambleghast, L88, F|100/100\n|move|p2a: Grumpig|Earth Power|p1a: Brambleghast\n|-resisted|p1a: Brambleghast\n|-damage|p1a: Brambleghast|84/100\n|\n|-heal|p2a: Grumpig|173/297|[from] item: Leftovers\n|upkeep\n|turn|10\n|inactive|Time left: 300 sec this turn | 300 sec total\n|\n|t:|1783568040\n|move|p1a: Brambleghast|Poltergeist|p2a: Grumpig|[miss]\n|-miss|p1a: Brambleghast|p2a: Grumpig\n|move|p2a: Grumpig|Psyshock|p1a: Brambleghast\n|-damage|p1a: Brambleghast|35/100\n|\n|-heal|p2a: Grumpig|191/297|[from] item: Leftovers\n|upkeep\n|turn|11\n|inactive|Time left: 300 sec this turn | 300 sec total\n|\n|t:|1783568041\n|move|p1a: Brambleghast|Poltergeist|p2a: Grumpig\n|-activate|p2a: Grumpig|move: Poltergeist|Leftovers\n|-supereffective|p2a: Grumpig\n|-damage|p2a: Grumpig|0 fnt\n|faint|p2a: Grumpig\n|\n|upkeep\n|inactive|Time left: 300 sec this turn | 300 sec total | 5 sec grace\n|\n|t:|1783568042\n|switch|p2a: Pelipper|Pelipper, L86, F|219/219\n|turn|12\n|inactive|Time left: 300 sec this turn | 300 sec total\n|\n|t:|1783568043\n|move|p2a: Pelipper|Bitter Malice|p1a: Brambleghast\n|-supereffective|p1a: Brambleghast\n|-damage|p1a: Brambleghast|0 fnt\n|faint|p1a: Brambleghast\n|\n|upkeep\n|\n|t:|1783568044\n|switch|p1a: Regice|Regice, L88|100/100\n|turn|13\n|inactive|Time left: 300 sec this turn | 300 sec total\n|\n|t:|1783568045\n|move|p2a: Pelipper|Bitter Malice|p1a: Regice\n|-damage|p1a: Regice|78/100\n|move|p1a: Regice|Ice Beam|p2a: Pelipper\n|-crit|p2a: Pelipper\n|-damage|p2a: Pelipper|0 fnt\n|replace|p2a: Zoroark|Zoroark-Hisui, L80, M\n|-end|p2a: Zoroark|Illusion\n|-hint|Illusion Level Mod is active, so this Pok\u00e9mon's true level was hidden.\n|faint|p2a: Zoroark\n|\n|upkeep\n|inactive|Time left: 300 sec this turn | 300 sec total | 5 sec grace\n|\n|t:|1783568046\n|switch|p2a: Pelipper|Pelipper, L86, F|243/243\n|-weather|RainDance|[from] ability: Drizzle|[of] p2a: Pelipper\n|turn|14\n|inactive|Time left: 300 sec this turn | 300 sec total\n|\n|t:|1783568047\n|move|p2a: Pelipper|Hurricane|p1a: Regice\n|-damage|p1a: Regice|59/100\n|move|p1a: Regice|Thunderbolt|p2a: Pelipper\n|-supereffective|p2a: Pelipper\n|-damage|p2a: Pelipper|0 fnt\n|faint|p2a: Pelipper\n|\n|win|p0x25039485", "uploadtime": 1783568047, "views": 0, "rating": 0, "private": 0, "password": null, "_winner": "p0x25039485", "_our_name": "p0y2503746b"}