{"id": "battle-gen9randombattle-823", "formatid": "gen9randombattle", "format": "[Gen 9] Random Battle", "players": ["p0x8238231", "p0y8239115"], "log": "|init|battle\n|title|p0x8238231 vs. p0y8239115\n|j|\u2606p0x8238231\n|j|\u2606p0y8239115\n|t:|1783549449\n|gametype|singles\n|player|p1|p0x8238231|1|\n|player|p2|p0y8239115|266|\n|gen|9\n|tier|[Gen 9] Random Battle\n|rule|Species Clause: Limit one of each Pok\u00e9mon\n|rule|HP Percentage Mod: HP is shown in percentages\n|rule|Sleep Clause Mod: Limit one foe put to sleep\n|rule|Illusion Level Mod: Illusion disguises the Pok\u00e9mon's true level\n|\n|t:|1783549449\n|teamsize|p1|6\n|teamsize|p2|6\n|start\n|switch|p1a: Banette|Banette, L93, F|270/270\n|switch|p2a: Scrafty|Scrafty, L83, F|100/100\n|turn|1\n|inactive|Battle timer is ON: inactive players will automatically lose when time's up. (requested by p0x8238231)\n|\n|t:|1783549450\n|switch|p1a: Whimsicott|Whimsicott, L84, M|238/238\n|move|p2a: Scrafty|Knock Off|p1a: Whimsicott\n|-resisted|p1a: Whimsicott\n|-damage|p1a: Whimsicott|189/238\n|-enditem|p1a: Whimsicott|Leftovers|[from] move: Knock Off|[of] p2a: Scrafty\n|\n|upkeep\n|turn|2\n|inactive|Time left: 300 sec this turn | 300 sec total\n|inactive|p0y8239115 also wants the timer to be on.\n|\n|t:|1783549451\n|switch|p2a: Wyrdeer|Wyrdeer, L87, F|100/100\n|-ability|p2a: Wyrdeer|Intimidate|boost\n|-unboost|p1a: Whimsicott|atk|1\n|move|p1a: Whimsicott|Moonblast|p2a: Wyrdeer\n|-damage|p2a: Wyrdeer|71/100\n|\n|-heal|p2a: Wyrdeer|77/100|[from] item: Leftovers\n|upkeep\n|turn|3\n|inactive|Time left: 300 sec this turn | 300 sec total\n|\n|t:|1783549452\n|move|p1a: Whimsicott|Moonblast|p2a: Wyrdeer\n|-damage|p2a: Wyrdeer|50/100\n|-unboost|p2a: Wyrdeer|spa|1\n|move|p2a: Wyrdeer|Psychic Noise|p1a: Whimsicott\n|-damage|p1a: Whimsicott|126/238\n|-start|p1a: Whimsicott|move: Heal Block\n|\n|-heal|p2a: Wyrdeer|56/100|[from] item: Leftovers\n|upkeep\n|turn|4\n|inactive|Time left: 300 sec this turn | 300 sec total\n|\n|t:|1783549453\n|switch|p2a: Gholdengo|Gholdengo, L77|100/100\n|move|p1a: Whimsicott|Moonblast|p2a: Gholdengo\n|-resisted|p2a: Gholdengo\n|-damage|p2a: Gholdengo|82/100\n|\n|-heal|p2a: Gholdengo|88/100|[from] item: Leftovers\n|-end|p1a: Whimsicott|move: Heal Block\n|upkeep\n|turn|5\n|inactive|Time left: 300 sec this turn | 300 sec total\n|\n|t:|1783549455\n|switch|p1a: Entei|Entei, L78|307/307\n|move|p2a: Gholdengo|Nasty Plot|p2a: Gholdengo\n|-boost|p2a: Gholdengo|spa|2\n|\n|-heal|p2a: Gholdengo|94/100|[from] item: Leftovers\n|upkeep\n|turn|6\n|inactive|Time left: 300 sec this turn | 300 sec total\n|\n|t:|1783549456\n|-terastallize|p2a: Gholdengo|Fighting\n|move|p1a: Entei|Sacred Fire|p2a: Gholdengo\n|-damage|p2a: Gholdengo|30/100\n|-status|p2a: Gholdengo|brn\n|move|p2a: Gholdengo|Focus Blast|p1a: Entei\n|-damage|p1a: Entei|0 fnt\n|faint|p1a: Entei\n|\n|-heal|p2a: Gholdengo|36/100 brn|[from] item: Leftovers\n|-damage|p2a: Gholdengo|30/100 brn|[from] brn\n|upkeep\n|inactive|Time left: 300 sec this turn | 300 sec total | 5 sec grace\n|\n|t:|1783549457\n|switch|p1a: Salazzle|Salazzle, L83, F|249/249\n|turn|7\n|inactive|Time left: 300 sec this turn | 300 sec total\n|\n|t:|1783549458\n|switch|p2a: Wyrdeer|Wyrdeer, L87, F|56/100\n|-ability|p2a: Wyrdeer|Intimidate|boost\n|-unboost|p1a: Salazzle|atk|1\n|move|p1a: Salazzle|Flamethrower|p2a: Wyrdeer\n|-damage|p2a: Wyrdeer|18/100\n|\n|-heal|p2a: Wyrdeer|24/100|[from] item: Leftovers\n|upkeep\n|turn|8\n|inactive|Time left: 300 sec this turn | 300 sec total\n|\n|t:|1783549459\n|switch|p2a: Scrafty|Scrafty, L83, F|100/100\n|move|p1a: Salazzle|Flamethrower|p2a: Scrafty\n|-damage|p2a: Scrafty|66/100\n|\n|-heal|p2a: Scrafty|72/100|[from] item: Leftovers\n|upkeep\n|turn|9\n|inactive|Time left: 300 sec this turn | 300 sec total\n|\n|t:|1783549460\n|switch|p1a: Whimsicott|Whimsicott, L84, M|126/238\n|move|p2a: Scrafty|Knock Off|p1a: Whimsicott\n|-resisted|p1a: Whimsicott\n|-damage|p1a: Whimsicott|93/238\n|\n|-heal|p2a: Scrafty|78/100|[from] item: Leftovers\n|upkeep\n|turn|10\n|inactive|Time left: 300 sec this turn | 300 sec total\n|\n|t:|1783549461\n|switch|p2a: Lurantis|Lurantis, L87, F|100/100\n|move|p1a: Whimsicott|Moonblast|p2a: Lurantis\n|-damage|p2a: Lurantis|72/100\n|\n|-heal|p2a: Lurantis|78/100|[from] item: Leftovers\n|upkeep\n|turn|11\n|inactive|Time left: 300 sec this turn | 300 sec total\n|\n|t:|1783549462\n|switch|p1a: Banette|Banette, L93, F|270/270\n|move|p2a: Lurantis|Leaf Storm|p1a: Banette\n|-damage|p1a: Banette|134/270\n|-boost|p2a: Lurantis|spa|2\n|\n|-heal|p2a: Lurantis|84/100|[from] item: Leftovers\n|upkeep\n|turn|12\n|inactive|Time left: 300 sec this turn | 300 sec total\n|\n|t:|1783549463\n|move|p1a: Banette|Gunk Shot|p2a: Lurantis\n|-supereffective|p2a: Lurantis\n|-damage|p2a: Lurantis|0 fnt\n|faint|p2a: Lurantis\n|-damage|p1a: Banette|107/270|[from] item: Life Orb\n|\n|upkeep\n|\n|t:|1783549464\n|switch|p2a: Braviary|Braviary, L85, M|100/100\n|turn|13\n|inactive|Time left: 300 sec this turn | 300 sec total\n|\n|t:|1783549465\n|switch|p1a: Registeel|Registeel, L81|262/262\n|move|p2a: Braviary|Brave Bird|p1a: Registeel\n|-resisted|p1a: Registeel\n|-damage|p1a: Registeel|213/262\n|-damage|p2a: Braviary|95/100|[from] Recoil\n|\n|-heal|p1a: Registeel|229/262|[from] item: Leftovers\n|upkeep\n|turn|14\n|inactive|Time left: 300 sec this turn | 300 sec total\n|\n|t:|1783549466\n|move|p2a: Braviary|Bulk Up|p2a: Braviary\n|-boost|p2a: Braviary|atk|1\n|-boost|p2a: Braviary|def|1\n|move|p1a: Registeel|Iron Defense|p1a: Registeel\n|-boost|p1a: Registeel|def|2\n|\n|-heal|p1a: Registeel|245/262|[from] item: Leftovers\n|upkeep\n|turn|15\n|inactive|Time left: 300 sec this turn | 300 sec total\n|\n|t:|1783549468\n|move|p2a: Braviary|Bulk Up|p2a: Braviary\n|-boost|p2a: Braviary|atk|1\n|-boost|p2a: Braviary|def|1\n|move|p1a: Registeel|Body Press|p2a: Braviary\n|-damage|p2a: Braviary|70/100\n|\n|-heal|p1a: Registeel|261/262|[from] item: Leftovers\n|upkeep\n|turn|16\n|inactive|Time left: 300 sec this turn | 300 sec total\n|\n|t:|1783549469\n|move|p2a: Braviary|Bulk Up|p2a: Braviary\n|-boost|p2a: Braviary|atk|1\n|-boost|p2a: Braviary|def|1\n|move|p1a: Registeel|Body Press|p2a: Braviary\n|-damage|p2a: Braviary|48/100\n|\n|-heal|p1a: Registeel|262/262|[from] item: Leftovers\n|upkeep\n|turn|17\n|inactive|Time left: 300 sec this turn | 300 sec total\n|\n|t:|1783549470\n|move|p2a: Braviary|Roost|p2a: Braviary\n|-heal|p2a: Braviary|99/100\n|-singleturn|p2a: Braviary|move: Roost\n|move|p1a: Registeel|Body Press|p2a: Braviary\n|-supereffective|p2a: Braviary\n|-damage|p2a: Braviary|53/100\n|\n|upkeep\n|turn|18\n|inactive|Time left: 300 sec this turn | 300 sec total\n|\n|t:|1783549471\n|move|p2a: Braviary|Roost|p2a: Braviary\n|-heal|p2a: Braviary|100/100\n|-singleturn|p2a: Braviary|move: Roost\n|move|p1a: Registeel|Body Press|p2a: Braviary\n|-supereffective|p2a: Braviary\n|-damage|p2a: Braviary|60/100\n|\n|upkeep\n|turn|19\n|inactive|Time left: 300 sec this turn | 300 sec total\n|\n|t:|1783549472\n|move|p2a: Braviary|Close Combat|p1a: Registeel\n|-supereffective|p1a: Registeel\n|-damage|p1a: Registeel|70/262\n|-unboost|p2a: Braviary|def|1\n|-unboost|p2a: Braviary|spd|1\n|move|p1a: Registeel|Iron Defense|p1a: Registeel\n|-boost|p1a: Registeel|def|2\n|\n|-heal|p1a: Registeel|86/262|[from] item: Leftovers\n|upkeep\n|turn|20\n|inactive|Time left: 300 sec this turn | 300 sec total\n|\n|t:|1783549473\n|-terastallize|p1a: Registeel|Fighting\n|move|p2a: Braviary|Close Combat|p1a: Registeel\n|-damage|p1a: Registeel|20/262\n|-unboost|p2a: Braviary|def|1\n|-unboost|p2a: Braviary|spd|1\n|move|p1a: Registeel|Body Press|p2a: Braviary\n|-damage|p2a: Braviary|0 fnt\n|faint|p2a: Braviary\n|\n|-heal|p1a: Registeel|36/262|[from] item: Leftovers\n|upkeep\n|\n|t:|1783549474\n|switch|p2a: Gholdengo|Gholdengo, L77, tera:Fighting|30/100 brn\n|turn|21\n|inactive|Time left: 300 sec this turn | 300 sec total\n|\n|t:|1783549475\n|switch|p1a: Salazzle|Salazzle, L83, F|249/249\n|move|p2a: Gholdengo|Shadow Ball|p1a: Salazzle\n|-damage|p1a: Salazzle|134/249\n|\n|-heal|p1a: Salazzle|149/249|[from] item: Leftovers\n|-heal|p2a: Gholdengo|36/100 brn|[from] item: Leftovers\n|-damage|p2a: Gholdengo|30/100 brn|[from] brn\n|upkeep\n|turn|22\n|inactive|Time left: 300 sec this turn | 300 sec total\n|\n|t:|1783549476\n|switch|p2a: Scrafty|Scrafty, L83, F|78/100\n|move|p1a: Salazzle|Flamethrower|p2a: Scrafty\n|-damage|p2a: Scrafty|40/100\n|-status|p2a: Scrafty|brn\n|\n|-heal|p1a: Salazzle|164/249|[from] item: Leftovers\n|-heal|p2a: Scrafty|46/100 brn|[from] item: Leftovers\n|-damage|p2a: Scrafty|40/100 brn|[from] brn\n|upkeep\n|turn|23\n|inactive|Time left: 300 sec this turn | 300 sec total\n|\n|t:|1783549477\n|switch|p1a: Whimsicott|Whimsicott, L84, M|93/238\n|move|p2a: Scrafty|Rest|p2a: Scrafty\n|-status|p2a: Scrafty|slp|[from] move: Rest\n|-heal|p2a: Scrafty|100/100 slp|[silent]\n|\n|upkeep\n|turn|24\n|inactive|Time left: 300 sec this turn | 300 sec total\n|\n|t:|1783549478\n|switch|p2a: Granbull|Granbull, L88, F|100/100\n|-ability|p2a: Granbull|Intimidate|boost\n|-unboost|p1a: Whimsicott|atk|1\n|move|p1a: Whimsicott|Moonblast|p2a: Granbull\n|-damage|p2a: Granbull|65/100\n|\n|-heal|p2a: Granbull|71/100|[from] item: Leftovers\n|upkeep\n|turn|25\n|inactive|Time left: 300 sec this turn | 300 sec total\n|\n|t:|1783549480\n|move|p1a: Whimsicott|Moonblast|p2a: Granbull\n|-damage|p2a: Granbull|39/100\n|move|p2a: Granbull|Play Rough|p1a: Whimsicott|[miss]\n|-miss|p2a: Granbull|p1a: Whimsicott\n|\n|-heal|p2a: Granbull|45/100|[from] item: Leftovers\n|upkeep\n|turn|26\n|inactive|Time left: 300 sec this turn | 300 sec total\n|\n|t:|1783549481\n|move|p1a: Whimsicott|Moonblast|p2a: Granbull\n|-damage|p2a: Granbull|7/100\n|move|p2a: Granbull|Play Rough|p1a: Whimsicott\n|-damage|p1a: Whimsicott|0 fnt\n|faint|p1a: Whimsicott\n|\n|-heal|p2a: Granbull|13/100|[from] item: Leftovers\n|upkeep\n|inactive|Time left: 300 sec this turn | 300 sec total | 5 sec grace\n|\n|t:|1783549481\n|switch|p1a: Piloswine|Piloswine, L85, M|309/309\n|turn|27\n|inactive|Time left: 300 sec this turn | 300 sec total\n|\n|t:|1783549483\n|switch|p2a: Scrafty|Scrafty, L83, F|100/100 slp\n|move|p1a: Piloswine|Earthquake|p2a: Scrafty\n|-damage|p2a: Scrafty|61/100 slp\n|\n|-heal|p2a: Scrafty|67/100 slp|[from] item: Leftovers\n|upkeep\n|turn|28\n|inactive|Time left: 300 sec this turn | 300 sec total\n|\n|t:|1783549483\n|cant|p2a: Scrafty|slp\n|move|p1a: Piloswine|Earthquake|p2a: Scrafty\n|-damage|p2a: Scrafty|32/100 slp\n|\n|-activate|p2a: Scrafty|ability: Shed Skin\n|-curestatus|p2a: Scrafty|slp|[msg]\n|-heal|p2a: Scrafty|38/100|[from] item: Leftovers\n|upkeep\n|turn|29\n|inactive|Time left: 300 sec this turn | 300 sec total\n|\n|t:|1783549485\n|move|p2a: Scrafty|Rest|p2a: Scrafty\n|-status|p2a: Scrafty|slp|[from] move: Rest\n|-heal|p2a: Scrafty|100/100 slp|[silent]\n|move|p1a: Piloswine|Earthquake|p2a: Scrafty\n|-damage|p2a: Scrafty|64/100 slp\n|\n|-heal|p2a: Scrafty|71/100 slp|[from] item: Leftovers\n|upkeep\n|turn|30\n|inactive|Time left: 300 sec this turn | 300 sec total\n|\n|t:|1783549486\n|cant|p2a: Scrafty|slp\n|move|p1a: Piloswine|Stealth Rock|p2a: Scrafty\n|-sidestart|p2: p0y8239115|move: Stealth Rock\n|\n|-heal|p2a: Scrafty|77/100 slp|[from] item: Leftovers\n|upkeep\n|turn|31\n|inactive|Time left: 300 sec this turn | 300 sec total\n|\n|t:|1783549487\n|cant|p2a: Scrafty|slp\n|move|p1a: Piloswine|Icicle Crash|p2a: Scrafty|[miss]\n|-miss|p1a: Piloswine|p2a: Scrafty\n|\n|-heal|p2a: Scrafty|83/100 slp|[from] item: Leftovers\n|upkeep\n|turn|32\n|inactive|Time left: 300 sec this turn | 300 sec total\n|\n|t:|1783549488\n|-curestatus|p2a: Scrafty|slp|[msg]\n|move|p2a: Scrafty|Drain Punch|p1a: Piloswine\n|-supereffective|p1a: Piloswine\n|-damage|p1a: Piloswine|199/309\n|-heal|p2a: Scrafty|100/100|[from] drain|[of] p1a: Piloswine\n|move|p1a: Piloswine|Earthquake|p2a: Scrafty\n|-damage|p2a: Scrafty|60/100\n|\n|-heal|p2a: Scrafty|66/100|[from] item: Leftovers\n|upkeep\n|turn|33\n|inactive|Time left: 300 sec this turn | 300 sec total\n|\n|t:|1783549489\n|move|p2a: Scrafty|Bulk Up|p2a: Scrafty\n|-boost|p2a: Scrafty|atk|1\n|-boost|p2a: Scrafty|def|1\n|move|p1a: Piloswine|Earthquake|p2a: Scrafty\n|-damage|p2a: Scrafty|38/100\n|\n|-heal|p2a: Scrafty|44/100|[from] item: Leftovers\n|upkeep\n|turn|34\n|inactive|Time left: 300 sec this turn | 300 sec total\n|\n|t:|1783549490\n|move|p2a: Scrafty|Drain Punch|p1a: Piloswine\n|-supereffective|p1a: Piloswine\n|-damage|p1a: Piloswine|47/309\n|-heal|p2a: Scrafty|75/100|[from] drain|[of] p1a: Piloswine\n|move|p1a: Piloswine|Roar|p2a: Scrafty\n|drag|p2a: Gholdengo|Gholdengo, L77, tera:Fighting|30/100 brn\n|-damage|p2a: Gholdengo|23/100 brn|[from] Stealth Rock\n|\n|-heal|p2a: Gholdengo|30/100 brn|[from] item: Leftovers\n|-damage|p2a: Gholdengo|23/100 brn|[from] brn\n|upkeep\n|turn|35\n|inactive|Time left: 300 sec this turn | 300 sec total\n|\n|t:|1783549491\n|move|p2a: Gholdengo|Shadow Ball|p1a: Piloswine\n|-damage|p1a: Piloswine|0 fnt\n|faint|p1a: Piloswine\n|\n|-heal|p2a: Gholdengo|30/100 brn|[from] item: Leftovers\n|-damage|p2a: Gholdengo|23/100 brn|[from] brn\n|upkeep\n|inactive|Time left: 300 sec this turn | 300 sec total | 5 sec grace\n|\n|t:|1783549492\n|switch|p1a: Salazzle|Salazzle, L83, F|164/249\n|turn|36\n|inactive|Time left: 300 sec this turn | 300 sec total\n|\n|t:|1783549493\n|switch|p2a: Scrafty|Scrafty, L83, F|75/100\n|-damage|p2a: Scrafty|69/100|[from] Stealth Rock\n|move|p1a: Salazzle|Flamethrower|p2a: Scrafty\n|-damage|p2a: Scrafty|35/100\n|\n|-heal|p1a: Salazzle|179/249|[from] item: Leftovers\n|-heal|p2a: Scrafty|41/100|[from] item: Leftovers\n|upkeep\n|turn|37\n|inactive|Time left: 300 sec this turn | 300 sec total\n|\n|t:|1783549494\n|move|p1a: Salazzle|Flamethrower|p2a: Scrafty\n|-damage|p2a: Scrafty|2/100\n|move|p2a: Scrafty|Rest|p2a: Scrafty\n|-status|p2a: Scrafty|slp|[from] move: Rest\n|-heal|p2a: Scrafty|100/100 slp|[silent]\n|\n|-heal|p1a: Salazzle|194/249|[from] item: Leftovers\n|upkeep\n|turn|38\n|inactive|Time left: 300 sec this turn | 300 sec total\n|\n|t:|1783549495\n|move|p1a: Salazzle|Flamethrower|p2a: Scrafty\n|-damage|p2a: Scrafty|66/100 slp\n|cant|p2a: Scrafty|slp\n|\n|-heal|p1a: Salazzle|209/249|[from] item: Leftovers\n|-heal|p2a: Scrafty|72/100 slp|[from] item: Leftovers\n|upkeep\n|turn|39\n|inactive|Time left: 300 sec this turn | 300 sec total\n|\n|t:|1783549496\n|move|p1a: Salazzle|Flamethrower|p2a: Scrafty\n|-damage|p2a: Scrafty|39/100 slp\n|cant|p2a: Scrafty|slp\n|\n|-heal|p1a: Salazzle|224/249|[from] item: Leftovers\n|-heal|p2a: Scrafty|46/100 slp|[from] item: Leftovers\n|upkeep\n|turn|40\n|inactive|Time left: 300 sec this turn | 300 sec total\n|\n|t:|1783549496\n|move|p1a: Salazzle|Flamethrower|p2a: Scrafty\n|-damage|p2a: Scrafty|11/100 slp\n|-curestatus|p2a: Scrafty|slp|[msg]\n|move|p2a: Scrafty|Rest|p2a: Scrafty\n|-status|p2a: Scrafty|slp|[from] move: Rest\n|-heal|p2a: Scrafty|100/100 slp|[silent]\n|\n|-heal|p1a: Salazzle|239/249|[from] item: Leftovers\n|-activate|p2a: Scrafty|ability: Shed Skin\n|-curestatus|p2a: Scrafty|slp|[msg]\n|upkeep\n|turn|41\n|inactive|Time left: 300 sec this turn | 300 sec total\n|\n|t:|1783549497\n|move|p1a: Salazzle|Protect|p1a: Salazzle\n|-singleturn|p1a: Salazzle|Protect\n|move|p2a: Scrafty|Bulk Up|p2a: Scrafty\n|-boost|p2a: Scrafty|atk|1\n|-boost|p2a: Scrafty|def|1\n|\n|-heal|p1a: Salazzle|249/249|[from] item: Leftovers\n|upkeep\n|turn|42\n|inactive|Time left: 300 sec this turn | 300 sec total\n|\n|t:|1783549498\n|move|p1a: Salazzle|Substitute|p1a: Salazzle\n|-start|p1a: Salazzle|Substitute\n|-damage|p1a: Salazzle|187/249\n|move|p2a: Scrafty|Knock Off|p1a: Salazzle\n|-end|p1a: Salazzle|Substitute\n|\n|-heal|p1a: Salazzle|202/249|[from] item: Leftovers\n|upkeep\n|turn|43\n|inactive|Time left: 300 sec this turn | 300 sec total\n|\n|t:|1783549499\n|move|p1a: Salazzle|Protect|p1a: Salazzle\n|-singleturn|p1a: Salazzle|Protect\n|move|p2a: Scrafty|Knock Off|p1a: Salazzle\n|-activate|p1a: Salazzle|move: Protect\n|\n|-heal|p1a: Salazzle|217/249|[from] item: Leftovers\n|upkeep\n|turn|44\n|inactive|Time left: 300 sec this turn | 300 sec total\n|\n|t:|1783549500\n|move|p1a: Salazzle|Substitute|p1a: Salazzle\n|-start|p1a: Salazzle|Substitute\n|-damage|p1a: Salazzle|155/249\n|move|p2a: Scrafty|Knock Off|p1a: Salazzle\n|-end|p1a: Salazzle|Substitute\n|\n|-heal|p1a: Salazzle|170/249|[from] item: Leftovers\n|upkeep\n|turn|45\n|inactive|Time left: 300 sec this turn | 300 sec total\n|\n|t:|1783549501\n|move|p1a: Salazzle|Substitute|p1a: Salazzle\n|-start|p1a: Salazzle|Substitute\n|-damage|p1a: Salazzle|108/249\n|move|p2a: Scrafty|Knock Off|p1a: Salazzle\n|-end|p1a: Salazzle|Substitute\n|\n|-heal|p1a: Salazzle|123/249|[from] item: Leftovers\n|upkeep\n|turn|46\n|inactive|Time left: 300 sec this turn | 300 sec total\n|\n|t:|1783549501\n|move|p1a: Salazzle|Protect|p1a: Salazzle\n|-singleturn|p1a: Salazzle|Protect\n|move|p2a: Scrafty|Knock Off|p1a: Salazzle\n|-activate|p1a: Salazzle|move: Protect\n|\n|-heal|p1a: Salazzle|138/249|[from] item: Leftovers\n|upkeep\n|turn|47\n|inactive|Time left: 300 sec this turn | 300 sec total\n|\n|t:|1783549502\n|move|p1a: Salazzle|Substitute|p1a: Salazzle\n|-start|p1a: Salazzle|Substitute\n|-damage|p1a: Salazzle|76/249\n|move|p2a: Scrafty|Knock Off|p1a: Salazzle\n|-end|p1a: Salazzle|Substitute\n|\n|-heal|p1a: Salazzle|91/249|[from] item: Leftovers\n|upkeep\n|turn|48\n|inactive|Time left: 300 sec this turn | 300 sec total\n|\n|t:|1783549503\n|move|p1a: Salazzle|Protect|p1a: Salazzle\n|-singleturn|p1a: Salazzle|Protect\n|move|p2a: Scrafty|Knock Off|p1a: Salazzle\n|-activate|p1a: Salazzle|move: Protect\n|\n|-heal|p1a: Salazzle|106/249|[from] item: Leftovers\n|upkeep\n|turn|49\n|inactive|Time left: 300 sec this turn | 300 sec total\n|\n|t:|1783549504\n|move|p1a: Salazzle|Substitute|p1a: Salazzle\n|-start|p1a: Salazzle|Substitute\n|-damage|p1a: Salazzle|44/249\n|move|p2a: Scrafty|Knock Off|p1a: Salazzle\n|-end|p1a: Salazzle|Substitute\n|\n|-heal|p1a: Salazzle|59/249|[from] item: Leftovers\n|upkeep\n|turn|50\n|inactive|Time left: 300 sec this turn | 300 sec total\n|\n|t:|1783549506\n|move|p1a: Salazzle|Protect|p1a: Salazzle\n|-singleturn|p1a: Salazzle|Protect\n|move|p2a: Scrafty|Knock Off|p1a: Salazzle\n|-activate|p1a: Salazzle|move: Protect\n|\n|-heal|p1a: Salazzle|74/249|[from] item: Leftovers\n|upkeep\n|turn|51\n|inactive|Time left: 300 sec this turn | 300 sec total\n|\n|t:|1783549507\n|move|p1a: Salazzle|Substitute|p1a: Salazzle\n|-start|p1a: Salazzle|Substitute\n|-damage|p1a: Salazzle|12/249\n|move|p2a: Scrafty|Knock Off|p1a: Salazzle\n|-end|p1a: Salazzle|Substitute\n|\n|-heal|p1a: Salazzle|27/249|[from] item: Leftovers\n|upkeep\n|turn|52\n|inactive|Time left: 300 sec this turn | 300 sec total\n|\n|t:|1783549508\n|move|p1a: Salazzle|Protect|p1a: Salazzle\n|-singleturn|p1a: Salazzle|Protect\n|move|p2a: Scrafty|Knock Off|p1a: Salazzle\n|-activate|p1a: Salazzle|move: Protect\n|\n|-heal|p1a: Salazzle|42/249|[from] item: Leftovers\n|upkeep\n|turn|53\n|inactive|Time left: 300 sec this turn | 300 sec total\n|\n|t:|1783549509\n|move|p1a: Salazzle|Flamethrower|p2a: Scrafty\n|-damage|p2a: Scrafty|66/100\n|move|p2a: Scrafty|Knock Off|p1a: Salazzle\n|-damage|p1a: Salazzle|0 fnt\n|-enditem|p1a: Salazzle|Leftovers|[from] move: Knock Off|[of] p2a: Scrafty\n|faint|p1a: Salazzle\n|\n|-heal|p2a: Scrafty|72/100|[from] item: Leftovers\n|upkeep\n|inactive|Time left: 300 sec this turn | 300 sec total | 5 sec grace\n|\n|t:|1783549510\n|switch|p1a: Registeel|Registeel, L81, tera:Fighting|36/262\n|turn|54\n|inactive|Time left: 300 sec this turn | 300 sec total\n|\n|t:|1783549510\n|move|p2a: Scrafty|Knock Off|p1a: Registeel\n|-resisted|p1a: Registeel\n|-damage|p1a: Registeel|0 fnt\n|-enditem|p1a: Registeel|Leftovers|[from] move: Knock Off|[of] p2a: Scrafty\n|faint|p1a: Registeel\n|\n|-heal|p2a: Scrafty|78/100|[from] item: Leftovers\n|upkeep\n|inactive|Time left: 300 sec this turn | 300 sec total | 5 sec grace\n|\n|t:|1783549511\n|switch|p1a: Banette|Banette, L93, F|107/270\n|turn|55\n|inactive|Time left: 300 sec this turn | 300 sec total\n|\n|t:|1783549512\n|move|p1a: Banette|Thunder Wave|p2a: Scrafty\n|-status|p2a: Scrafty|par\n|cant|p2a: Scrafty|par\n|\n|-activate|p2a: Scrafty|ability: Shed Skin\n|-curestatus|p2a: Scrafty|par|[msg]\n|-heal|p2a: Scrafty|84/100|[from] item: Leftovers\n|upkeep\n|turn|56\n|inactive|Time left: 300 sec this turn | 300 sec total\n|\n|t:|1783549513\n|move|p1a: Banette|Thunder Wave|p2a: Scrafty|[miss]\n|-miss|p1a: Banette|p2a: Scrafty\n|move|p2a: Scrafty|Knock Off|p1a: Banette\n|-supereffective|p1a: Banette\n|-damage|p1a: Banette|0 fnt\n|-enditem|p1a: Banette|Life Orb|[from] move: Knock Off|[of] p2a: Scrafty\n|faint|p1a: Banette\n|\n|win|p0y8239115", "uploadtime": 1783549513, "views": 0, "rating": 0, "private": 0, "password": null, "_winner": "p0y8239115", "_our_name": "p0x8238231"}