{"id": "battle-gen9randombattle-2010", "formatid": "gen9randombattle", "format": "[Gen 9] Random Battle", "players": ["p0x2010ad62", "p0y2010bd3c"], "log": "|init|battle\n|title|p0x2010ad62 vs. p0y2010bd3c\n|j|\u2606p0x2010ad62\n|j|\u2606p0y2010bd3c\n|t:|1783563277\n|gametype|singles\n|player|p1|p0x2010ad62|102|\n|player|p2|p0y2010bd3c|170|\n|gen|9\n|tier|[Gen 9] Random Battle\n|rule|Species Clause: Limit one of each Pok\u00e9mon\n|rule|HP Percentage Mod: HP is shown in percentages\n|rule|Sleep Clause Mod: Limit one foe put to sleep\n|rule|Illusion Level Mod: Illusion disguises the Pok\u00e9mon's true level\n|\n|t:|1783563277\n|teamsize|p1|6\n|teamsize|p2|6\n|start\n|switch|p1a: Piloswine|Piloswine, L85, F|100/100\n|switch|p2a: Mew|Mew, L82|298/298\n|turn|1\n|inactive|Battle timer is ON: inactive players will automatically lose when time's up. (requested by p0y2010bd3c)\n|inactive|p0x2010ad62 also wants the timer to be on.\n|\n|t:|1783563279\n|move|p2a: Mew|Nasty Plot|p2a: Mew\n|-boost|p2a: Mew|spa|2\n|move|p1a: Piloswine|Stealth Rock|p2a: Mew\n|-sidestart|p2: p0y2010bd3c|move: Stealth Rock\n|\n|upkeep\n|turn|2\n|inactive|Time left: 300 sec this turn | 300 sec total\n|\n|t:|1783563280\n|move|p2a: Mew|Fire Blast|p1a: Piloswine\n|-supereffective|p1a: Piloswine\n|-damage|p1a: Piloswine|43/100\n|-damage|p2a: Mew|269/298|[from] item: Life Orb\n|move|p1a: Piloswine|Roar|p2a: Mew\n|drag|p2a: Toxtricity|Toxtricity, L82, F|257/257\n|-damage|p2a: Toxtricity|225/257|[from] Stealth Rock\n|\n|upkeep\n|turn|3\n|inactive|Time left: 300 sec this turn | 300 sec total\n|\n|t:|1783563281\n|-terastallize|p2a: Toxtricity|Normal\n|move|p2a: Toxtricity|Boomburst|p1a: Piloswine\n|-damage|p1a: Piloswine|0 fnt\n|faint|p1a: Piloswine\n|-enditem|p2a: Toxtricity|Throat Spray\n|-boost|p2a: Toxtricity|spa|1|[from] item: Throat Spray\n|\n|upkeep\n|\n|t:|1783563282\n|switch|p1a: Basculin|Basculin, L86, F|100/100\n|turn|4\n|inactive|Time left: 300 sec this turn | 300 sec total\n|\n|t:|1783563283\n|switch|p2a: Dialga|Dialga, L73|266/266\n|-damage|p2a: Dialga|250/266|[from] Stealth Rock\n|-ability|p2a: Dialga|Pressure\n|move|p1a: Basculin|Wave Crash|p2a: Dialga\n|-resisted|p2a: Dialga\n|-damage|p2a: Dialga|135/266\n|-damage|p1a: Basculin|86/100|[from] Recoil\n|\n|upkeep\n|turn|5\n|inactive|Time left: 300 sec this turn | 300 sec total\n|\n|t:|1783563284\n|move|p1a: Basculin|Wave Crash|p2a: Dialga\n|-resisted|p2a: Dialga\n|-crit|p2a: Dialga\n|-damage|p2a: Dialga|0 fnt\n|faint|p2a: Dialga\n|-damage|p1a: Basculin|69/100|[from] Recoil\n|\n|upkeep\n|inactive|Time left: 300 sec this turn | 300 sec total | 5 sec grace\n|\n|t:|1783563285\n|switch|p2a: Primarina|Primarina, L83, F|268/268\n|-damage|p2a: Primarina|235/268|[from] Stealth Rock\n|turn|6\n|inactive|Time left: 300 sec this turn | 300 sec total\n|\n|t:|1783563286\n|switch|p1a: Gumshoos|Gumshoos, L95, F|100/100\n|move|p2a: Primarina|Moonblast|p1a: Gumshoos\n|-damage|p1a: Gumshoos|54/100\n|\n|-heal|p2a: Primarina|251/268|[from] item: Leftovers\n|upkeep\n|turn|7\n|inactive|Time left: 300 sec this turn | 300 sec total\n|\n|t:|1783563287\n|move|p2a: Primarina|Moonblast|p1a: Gumshoos\n|-damage|p1a: Gumshoos|12/100\n|-unboost|p1a: Gumshoos|spa|1\n|move|p1a: Gumshoos|Double-Edge|p2a: Primarina\n|-damage|p2a: Primarina|0 fnt\n|faint|p2a: Primarina\n|-damage|p1a: Gumshoos|0 fnt|[from] Recoil\n|faint|p1a: Gumshoos\n|\n|upkeep\n|inactive|Time left: 300 sec this turn | 300 sec total | 5 sec grace\n|\n|t:|1783563288\n|switch|p2a: Toxtricity|Toxtricity, L82, F, tera:Normal|225/257\n|switch|p1a: Minun|Minun, L95, M|100/100\n|-damage|p2a: Toxtricity|193/257|[from] Stealth Rock\n|turn|8\n|inactive|Time left: 300 sec this turn | 300 sec total\n|\n|t:|1783563289\n|-terastallize|p1a: Minun|Electric\n|move|p1a: Minun|Thunderbolt|p2a: Toxtricity\n|-damage|p2a: Toxtricity|0 fnt\n|faint|p2a: Toxtricity\n|-damage|p1a: Minun|91/100|[from] item: Life Orb\n|\n|upkeep\n|inactive|Time left: 300 sec this turn | 300 sec total | 5 sec grace\n|\n|t:|1783563290\n|switch|p2a: Garchomp|Garchomp, L74, F|282/282\n|-damage|p2a: Garchomp|265/282|[from] Stealth Rock\n|turn|9\n|inactive|Time left: 300 sec this turn | 300 sec total\n|\n|t:|1783563291\n|move|p1a: Minun|Alluring Voice|p2a: Garchomp\n|-supereffective|p2a: Garchomp\n|-damage|p2a: Garchomp|80/282\n|-damage|p1a: Minun|81/100|[from] item: Life Orb\n|move|p2a: Garchomp|Earthquake|p1a: Minun\n|-supereffective|p1a: Minun\n|-damage|p1a: Minun|0 fnt\n|faint|p1a: Minun\n|\n|upkeep\n|\n|t:|1783563292\n|switch|p1a: Basculin|Basculin, L86, F|69/100\n|turn|10\n|inactive|Time left: 300 sec this turn | 300 sec total\n|\n|t:|1783563293\n|move|p1a: Basculin|Wave Crash|p2a: Garchomp\n|-damage|p2a: Garchomp|0 fnt\n|-damage|p1a: Basculin|56/100|[from] ability: Rough Skin|[of] p2a: Garchomp\n|-damage|p1a: Basculin|40/100|[from] item: Rocky Helmet|[of] p2a: Garchomp\n|faint|p2a: Garchomp\n|-damage|p1a: Basculin|30/100|[from] Recoil\n|\n|upkeep\n|inactive|Time left: 300 sec this turn | 300 sec total | 5 sec grace\n|\n|t:|1783563294\n|switch|p2a: Chandelure|Chandelure, L83, F|235/235\n|-damage|p2a: Chandelure|177/235|[from] Stealth Rock\n|turn|11\n|inactive|Time left: 300 sec this turn | 300 sec total\n|\n|t:|1783563294\n|move|p2a: Chandelure|Fire Blast|p1a: Basculin\n|-resisted|p1a: Basculin\n|-damage|p1a: Basculin|0 fnt\n|faint|p1a: Basculin\n|\n|upkeep\n|\n|t:|1783563295\n|switch|p1a: Haxorus|Haxorus, L77, M|100/100\n|-ability|p1a: Haxorus|Mold Breaker\n|turn|12\n|inactive|Time left: 300 sec this turn | 300 sec total\n|\n|t:|1783563296\n|move|p2a: Chandelure|Fire Blast|p1a: Haxorus\n|-resisted|p1a: Haxorus\n|-damage|p1a: Haxorus|61/100\n|move|p1a: Haxorus|Swords Dance|p1a: Haxorus\n|-boost|p1a: Haxorus|atk|2\n|\n|upkeep\n|turn|13\n|inactive|Time left: 300 sec this turn | 300 sec total\n|\n|t:|1783563297\n|move|p2a: Chandelure|Fire Blast|p1a: Haxorus\n|-resisted|p1a: Haxorus\n|-damage|p1a: Haxorus|19/100\n|move|p1a: Haxorus|Scale Shot|p2a: Chandelure\n|-damage|p2a: Chandelure|110/235\n|-damage|p2a: Chandelure|43/235\n|-damage|p2a: Chandelure|0 fnt\n|faint|p2a: Chandelure\n|-hitcount|p2: Chandelure|3\n|-unboost|p1a: Haxorus|def|1\n|-boost|p1a: Haxorus|spe|1\n|\n|upkeep\n|inactive|Time left: 300 sec this turn | 300 sec total | 5 sec grace\n|\n|t:|1783563299\n|switch|p2a: Mew|Mew, L82|269/298\n|-damage|p2a: Mew|232/298|[from] Stealth Rock\n|turn|14\n|inactive|Time left: 300 sec this turn | 300 sec total\n|\n|t:|1783563299\n|move|p1a: Haxorus|Scale Shot|p2a: Mew|[miss]\n|-miss|p1a: Haxorus|p2a: Mew\n|move|p2a: Mew|Bug Buzz|p1a: Haxorus\n|-damage|p1a: Haxorus|0 fnt\n|faint|p1a: Haxorus\n|-damage|p2a: Mew|203/298|[from] item: Life Orb\n|\n|upkeep\n|\n|t:|1783563301\n|switch|p1a: Bastiodon|Bastiodon, L89, M|100/100\n|turn|15\n|inactive|Time left: 300 sec this turn | 300 sec total\n|\n|t:|1783563302\n|move|p2a: Mew|Fire Blast|p1a: Bastiodon\n|-damage|p1a: Bastiodon|75/100\n|-damage|p2a: Mew|174/298|[from] item: Life Orb\n|move|p1a: Bastiodon|Foul Play|p2a: Mew\n|-supereffective|p2a: Mew\n|-damage|p2a: Mew|62/298\n|\n|upkeep\n|turn|16\n|inactive|Time left: 300 sec this turn | 300 sec total\n|\n|t:|1783563304\n|move|p2a: Mew|Nasty Plot|p2a: Mew\n|-boost|p2a: Mew|spa|2\n|move|p1a: Bastiodon|Foul Play|p2a: Mew\n|-supereffective|p2a: Mew\n|-damage|p2a: Mew|0 fnt\n|faint|p2a: Mew\n|\n|win|p0x2010ad62", "uploadtime": 1783563304, "views": 0, "rating": 0, "private": 0, "password": null, "_winner": "p0x2010ad62", "_our_name": "p0y2010bd3c"}