{"id": "battle-gen9randombattle-1062", "formatid": "gen9randombattle", "format": "[Gen 9] Random Battle", "players": ["p0x1062348b", "p0y10624d9a"], "log": "|init|battle\n|title|p0x1062348b vs. p0y10624d9a\n|j|\u2606p0x1062348b\n|j|\u2606p0y10624d9a\n|t:|1783552205\n|gametype|singles\n|player|p1|p0x1062348b|170|\n|player|p2|p0y10624d9a|169|\n|gen|9\n|tier|[Gen 9] Random Battle\n|rule|Species Clause: Limit one of each Pok\u00e9mon\n|rule|HP Percentage Mod: HP is shown in percentages\n|rule|Sleep Clause Mod: Limit one foe put to sleep\n|rule|Illusion Level Mod: Illusion disguises the Pok\u00e9mon's true level\n|\n|t:|1783552205\n|teamsize|p1|6\n|teamsize|p2|6\n|start\n|switch|p1a: Rayquaza|Rayquaza, L72|100/100\n|switch|p2a: Pikachu|Pikachu-Unova, L93, M|216/216\n|-ability|p1a: Rayquaza|Air Lock\n|turn|1\n|inactive|Battle timer is ON: inactive players will automatically lose when time's up. (requested by p0y10624d9a)\n|inactive|p0x1062348b also wants the timer to be on.\n|\n|t:|1783552207\n|move|p2a: Pikachu|Play Rough|p1a: Rayquaza\n|-supereffective|p1a: Rayquaza\n|-damage|p1a: Rayquaza|15/100\n|move|p1a: Rayquaza|Scale Shot|p2a: Pikachu\n|-damage|p2a: Pikachu|173/216\n|-damage|p2a: Pikachu|125/216\n|-damage|p2a: Pikachu|83/216\n|-damage|p2a: Pikachu|41/216\n|-hitcount|p2a: Pikachu|4\n|-unboost|p1a: Rayquaza|def|1\n|-boost|p1a: Rayquaza|spe|1\n|\n|upkeep\n|turn|2\n|inactive|Time left: 300 sec this turn | 300 sec total\n|\n|t:|1783552208\n|switch|p2a: Bruxish|Bruxish, L85, M|254/254\n|move|p1a: Rayquaza|Dragon Ascent|p2a: Bruxish\n|-damage|p2a: Bruxish|89/254\n|-unboost|p1a: Rayquaza|def|1\n|-unboost|p1a: Rayquaza|spd|1\n|\n|upkeep\n|turn|3\n|inactive|Time left: 300 sec this turn | 300 sec total\n|\n|t:|1783552209\n|move|p2a: Bruxish|Psychic Fangs|p1a: Rayquaza\n|-damage|p1a: Rayquaza|0 fnt\n|faint|p1a: Rayquaza\n|\n|upkeep\n|\n|t:|1783552210\n|switch|p1a: Hatterene|Hatterene, L85, F|100/100\n|turn|4\n|inactive|Time left: 300 sec this turn | 300 sec total\n|\n|t:|1783552211\n|move|p2a: Bruxish|Psychic Fangs|p1a: Hatterene\n|-resisted|p1a: Hatterene\n|-damage|p1a: Hatterene|73/100\n|move|p1a: Hatterene|Mystical Fire|p2a: Bruxish\n|-resisted|p2a: Bruxish\n|-damage|p2a: Bruxish|49/254\n|-unboost|p2a: Bruxish|spa|1\n|\n|-heal|p1a: Hatterene|79/100|[from] item: Leftovers\n|upkeep\n|turn|5\n|inactive|Time left: 300 sec this turn | 300 sec total\n|\n|t:|1783552213\n|move|p2a: Bruxish|Psychic Fangs|p1a: Hatterene\n|-resisted|p1a: Hatterene\n|-damage|p1a: Hatterene|48/100\n|move|p1a: Hatterene|Psyshock|p2a: Bruxish\n|-resisted|p2a: Bruxish\n|-damage|p2a: Bruxish|0 fnt\n|faint|p2a: Bruxish\n|\n|-heal|p1a: Hatterene|54/100|[from] item: Leftovers\n|upkeep\n|inactive|Time left: 300 sec this turn | 300 sec total | 5 sec grace\n|\n|t:|1783552214\n|switch|p2a: Muk|Muk-Alola, L82, M|306/306\n|turn|6\n|inactive|Time left: 300 sec this turn | 300 sec total\n|\n|t:|1783552215\n|move|p2a: Muk|Poison Jab|p1a: Hatterene\n|-supereffective|p1a: Hatterene\n|-damage|p1a: Hatterene|0 fnt\n|faint|p1a: Hatterene\n|\n|upkeep\n|\n|t:|1783552216\n|switch|p1a: Wo-Chien|Wo-Chien, L83|100/100\n|-ability|p1a: Wo-Chien|Tablets of Ruin\n|turn|7\n|inactive|Time left: 300 sec this turn | 300 sec total\n|\n|t:|1783552217\n|switch|p2a: Chesnaught|Chesnaught, L84, F|285/285\n|move|p1a: Wo-Chien|Leech Seed|p2a: Chesnaught\n|-immune|p2a: Chesnaught\n|\n|upkeep\n|turn|8\n|inactive|Time left: 300 sec this turn | 300 sec total\n|\n|t:|1783552219\n|switch|p1a: Ceruledge|Ceruledge, L78, F|100/100\n|move|p2a: Chesnaught|Iron Defense|p2a: Chesnaught\n|-boost|p2a: Chesnaught|def|2\n|\n|upkeep\n|turn|9\n|inactive|Time left: 300 sec this turn | 300 sec total\n|\n|t:|1783552220\n|move|p1a: Ceruledge|Swords Dance|p1a: Ceruledge\n|-boost|p1a: Ceruledge|atk|2\n|move|p2a: Chesnaught|Iron Defense|p2a: Chesnaught\n|-boost|p2a: Chesnaught|def|2\n|\n|upkeep\n|turn|10\n|inactive|Time left: 300 sec this turn | 300 sec total\n|\n|t:|1783552221\n|move|p1a: Ceruledge|Swords Dance|p1a: Ceruledge\n|-boost|p1a: Ceruledge|atk|2\n|move|p2a: Chesnaught|Body Press|p1a: Ceruledge\n|-immune|p1a: Ceruledge\n|\n|upkeep\n|turn|11\n|inactive|Time left: 300 sec this turn | 300 sec total\n|\n|t:|1783552222\n|move|p1a: Ceruledge|Bitter Blade|p2a: Chesnaught\n|-supereffective|p2a: Chesnaught\n|-damage|p2a: Chesnaught|123/285\n|move|p2a: Chesnaught|Synthesis|p2a: Chesnaught\n|-heal|p2a: Chesnaught|265/285\n|\n|-heal|p2a: Chesnaught|282/285|[from] item: Leftovers\n|upkeep\n|turn|12\n|inactive|Time left: 300 sec this turn | 300 sec total\n|\n|t:|1783552223\n|move|p1a: Ceruledge|Bitter Blade|p2a: Chesnaught\n|-supereffective|p2a: Chesnaught\n|-damage|p2a: Chesnaught|118/285\n|move|p2a: Chesnaught|Synthesis|p2a: Chesnaught\n|-heal|p2a: Chesnaught|260/285\n|\n|-heal|p2a: Chesnaught|277/285|[from] item: Leftovers\n|upkeep\n|turn|13\n|inactive|Time left: 300 sec this turn | 300 sec total\n|\n|t:|1783552224\n|move|p1a: Ceruledge|Bitter Blade|p2a: Chesnaught\n|-supereffective|p2a: Chesnaught\n|-damage|p2a: Chesnaught|125/285\n|move|p2a: Chesnaught|Synthesis|p2a: Chesnaught\n|-heal|p2a: Chesnaught|267/285\n|\n|-heal|p2a: Chesnaught|284/285|[from] item: Leftovers\n|upkeep\n|turn|14\n|inactive|Time left: 300 sec this turn | 300 sec total\n|\n|t:|1783552225\n|move|p1a: Ceruledge|Bitter Blade|p2a: Chesnaught\n|-supereffective|p2a: Chesnaught\n|-damage|p2a: Chesnaught|138/285\n|move|p2a: Chesnaught|Synthesis|p2a: Chesnaught\n|-heal|p2a: Chesnaught|280/285\n|\n|-heal|p2a: Chesnaught|285/285|[from] item: Leftovers\n|upkeep\n|turn|15\n|inactive|Time left: 300 sec this turn | 300 sec total\n|\n|t:|1783552226\n|move|p1a: Ceruledge|Bitter Blade|p2a: Chesnaught\n|-supereffective|p2a: Chesnaught\n|-damage|p2a: Chesnaught|123/285\n|move|p2a: Chesnaught|Synthesis|p2a: Chesnaught\n|-heal|p2a: Chesnaught|265/285\n|\n|-heal|p2a: Chesnaught|282/285|[from] item: Leftovers\n|upkeep\n|turn|16\n|inactive|Time left: 300 sec this turn | 300 sec total\n|\n|t:|1783552227\n|move|p1a: Ceruledge|Bitter Blade|p2a: Chesnaught\n|-supereffective|p2a: Chesnaught\n|-damage|p2a: Chesnaught|130/285\n|move|p2a: Chesnaught|Synthesis|p2a: Chesnaught\n|-heal|p2a: Chesnaught|272/285\n|\n|-heal|p2a: Chesnaught|285/285|[from] item: Leftovers\n|upkeep\n|turn|17\n|inactive|Time left: 300 sec this turn | 300 sec total\n|\n|t:|1783552228\n|move|p1a: Ceruledge|Bitter Blade|p2a: Chesnaught\n|-supereffective|p2a: Chesnaught\n|-damage|p2a: Chesnaught|133/285\n|move|p2a: Chesnaught|Synthesis|p2a: Chesnaught\n|-heal|p2a: Chesnaught|275/285\n|\n|-heal|p2a: Chesnaught|285/285|[from] item: Leftovers\n|upkeep\n|turn|18\n|inactive|Time left: 300 sec this turn | 300 sec total\n|\n|t:|1783552229\n|move|p1a: Ceruledge|Bitter Blade|p2a: Chesnaught\n|-supereffective|p2a: Chesnaught\n|-damage|p2a: Chesnaught|121/285\n|move|p2a: Chesnaught|Synthesis|p2a: Chesnaught\n|-heal|p2a: Chesnaught|263/285\n|\n|-heal|p2a: Chesnaught|280/285|[from] item: Leftovers\n|upkeep\n|turn|19\n|inactive|Time left: 300 sec this turn | 300 sec total\n|\n|t:|1783552230\n|move|p1a: Ceruledge|Bitter Blade|p2a: Chesnaught\n|-supereffective|p2a: Chesnaught\n|-damage|p2a: Chesnaught|130/285\n|move|p2a: Chesnaught|Iron Defense|p2a: Chesnaught\n|-boost|p2a: Chesnaught|def|2\n|\n|-heal|p2a: Chesnaught|147/285|[from] item: Leftovers\n|upkeep\n|turn|20\n|inactive|Time left: 300 sec this turn | 300 sec total\n|\n|t:|1783552231\n|move|p1a: Ceruledge|Bitter Blade|p2a: Chesnaught\n|-supereffective|p2a: Chesnaught\n|-damage|p2a: Chesnaught|25/285\n|move|p2a: Chesnaught|Body Press|p1a: Ceruledge\n|-immune|p1a: Ceruledge\n|\n|-heal|p2a: Chesnaught|42/285|[from] item: Leftovers\n|upkeep\n|turn|21\n|inactive|Time left: 300 sec this turn | 300 sec total\n|\n|t:|1783552232\n|move|p1a: Ceruledge|Poltergeist|p2a: Chesnaught\n|-activate|p2a: Chesnaught|move: Poltergeist|Leftovers\n|-damage|p2a: Chesnaught|0 fnt\n|faint|p2a: Chesnaught\n|\n|upkeep\n|inactive|Time left: 300 sec this turn | 300 sec total | 5 sec grace\n|\n|t:|1783552233\n|switch|p2a: Pikachu|Pikachu-Unova, L93, M|41/216\n|turn|22\n|inactive|Time left: 300 sec this turn | 300 sec total\n|\n|t:|1783552234\n|-terastallize|p1a: Ceruledge|Fighting\n|move|p2a: Pikachu|Volt Tackle|p1a: Ceruledge\n|-damage|p1a: Ceruledge|9/100\n|-ability|p1a: Ceruledge|Weak Armor|boost\n|-unboost|p1a: Ceruledge|def|1\n|-boost|p1a: Ceruledge|spe|2\n|-damage|p2a: Pikachu|0 fnt|[from] Recoil\n|faint|p2a: Pikachu\n|move|p1a: Ceruledge|Bitter Blade|p2: Pikachu|[notarget]\n|-fail|p1a: Ceruledge\n|\n|upkeep\n|inactive|Time left: 300 sec this turn | 300 sec total | 5 sec grace\n|\n|t:|1783552235\n|switch|p2a: Cetitan|Cetitan, L82, M|412/412\n|turn|23\n|inactive|Time left: 300 sec this turn | 300 sec total\n|\n|t:|1783552235\n|move|p2a: Cetitan|Ice Shard|p1a: Ceruledge\n|-damage|p1a: Ceruledge|0 fnt\n|faint|p1a: Ceruledge\n|\n|upkeep\n|\n|t:|1783552236\n|switch|p1a: Wo-Chien|Wo-Chien, L83|100/100\n|-ability|p1a: Wo-Chien|Tablets of Ruin\n|turn|24\n|inactive|Time left: 300 sec this turn | 300 sec total\n|\n|t:|1783552237\n|move|p2a: Cetitan|Belly Drum|p2a: Cetitan\n|-damage|p2a: Cetitan|206/412\n|-setboost|p2a: Cetitan|atk|6|[from] move: Belly Drum\n|-enditem|p2a: Cetitan|Sitrus Berry|[eat]\n|-heal|p2a: Cetitan|309/412|[from] item: Sitrus Berry\n|move|p1a: Wo-Chien|Leech Seed|p2a: Cetitan\n|-start|p2a: Cetitan|move: Leech Seed\n|\n|-damage|p2a: Cetitan|258/412|[from] Leech Seed|[of] p1a: Wo-Chien\n|upkeep\n|turn|25\n|inactive|Time left: 300 sec this turn | 300 sec total\n|\n|t:|1783552238\n|move|p1a: Wo-Chien|Protect|p1a: Wo-Chien\n|-singleturn|p1a: Wo-Chien|Protect\n|move|p2a: Cetitan|Ice Spinner|p1a: Wo-Chien\n|-activate|p1a: Wo-Chien|move: Protect\n|\n|-damage|p2a: Cetitan|207/412|[from] Leech Seed|[of] p1a: Wo-Chien\n|upkeep\n|turn|26\n|inactive|Time left: 300 sec this turn | 300 sec total\n|\n|t:|1783552239\n|switch|p1a: Grumpig|Grumpig, L92, M|100/100\n|move|p2a: Cetitan|Ice Spinner|p1a: Grumpig\n|-damage|p1a: Grumpig|33/100\n|\n|-damage|p2a: Cetitan|156/412|[from] Leech Seed|[of] p1a: Grumpig\n|-heal|p1a: Grumpig|51/100|[silent]\n|upkeep\n|turn|27\n|inactive|Time left: 300 sec this turn | 300 sec total\n|\n|t:|1783552241\n|move|p1a: Grumpig|Psychic|p2a: Cetitan\n|-damage|p2a: Cetitan|17/412\n|move|p2a: Cetitan|Earthquake|p1a: Grumpig\n|-damage|p1a: Grumpig|0 fnt\n|faint|p1a: Grumpig\n|\n|upkeep\n|\n|t:|1783552241\n|switch|p1a: Wo-Chien|Wo-Chien, L83|100/100\n|-ability|p1a: Wo-Chien|Tablets of Ruin\n|turn|28\n|inactive|Time left: 300 sec this turn | 300 sec total\n|\n|t:|1783552243\n|move|p1a: Wo-Chien|Protect|p1a: Wo-Chien\n|-singleturn|p1a: Wo-Chien|Protect\n|move|p2a: Cetitan|Ice Spinner|p1a: Wo-Chien\n|-activate|p1a: Wo-Chien|move: Protect\n|\n|-damage|p2a: Cetitan|0 fnt|[from] Leech Seed|[of] p1a: Wo-Chien\n|faint|p2a: Cetitan\n|upkeep\n|inactive|Time left: 300 sec this turn | 300 sec total | 5 sec grace\n|\n|t:|1783552243\n|switch|p2a: Tauros|Tauros-Paldea-Combat, L82, M|257/257\n|-ability|p2a: Tauros|Intimidate|boost\n|-unboost|p1a: Wo-Chien|atk|1\n|turn|29\n|inactive|Time left: 300 sec this turn | 300 sec total\n|\n|t:|1783552244\n|switch|p1a: Zacian|Zacian, L69|100/100\n|-ability|p1a: Zacian|Intrepid Sword|boost\n|-boost|p1a: Zacian|atk|1\n|move|p2a: Tauros|Bulk Up|p2a: Tauros\n|-boost|p2a: Tauros|atk|1\n|-boost|p2a: Tauros|def|1\n|\n|upkeep\n|turn|30\n|inactive|Time left: 300 sec this turn | 300 sec total\n|\n|t:|1783552245\n|switch|p1a: Wo-Chien|Wo-Chien, L83|100/100\n|-ability|p1a: Wo-Chien|Tablets of Ruin\n|-terastallize|p2a: Tauros|Steel\n|move|p2a: Tauros|Iron Head|p1a: Wo-Chien\n|-damage|p1a: Wo-Chien|58/100\n|-damage|p2a: Tauros|232/257|[from] item: Life Orb\n|\n|-heal|p1a: Wo-Chien|64/100|[from] item: Leftovers\n|upkeep\n|turn|31\n|inactive|Time left: 300 sec this turn | 300 sec total\n|\n|t:|1783552246\n|move|p1a: Wo-Chien|Protect|p1a: Wo-Chien\n|-singleturn|p1a: Wo-Chien|Protect\n|move|p2a: Tauros|Iron Head|p1a: Wo-Chien\n|-activate|p1a: Wo-Chien|move: Protect\n|\n|-heal|p1a: Wo-Chien|71/100|[from] item: Leftovers\n|upkeep\n|turn|32\n|inactive|Time left: 300 sec this turn | 300 sec total\n|\n|t:|1783552247\n|switch|p1a: Zacian|Zacian, L69|100/100\n|move|p2a: Tauros|Iron Head|p1a: Zacian\n|-supereffective|p1a: Zacian\n|-damage|p1a: Zacian|0 fnt\n|faint|p1a: Zacian\n|-damage|p2a: Tauros|207/257|[from] item: Life Orb\n|\n|upkeep\n|\n|t:|1783552248\n|switch|p1a: Wo-Chien|Wo-Chien, L83|71/100\n|-ability|p1a: Wo-Chien|Tablets of Ruin\n|turn|33\n|inactive|Time left: 300 sec this turn | 300 sec total\n|\n|t:|1783552249\n|move|p1a: Wo-Chien|Protect|p1a: Wo-Chien\n|-singleturn|p1a: Wo-Chien|Protect\n|move|p2a: Tauros|Close Combat|p1a: Wo-Chien\n|-activate|p1a: Wo-Chien|move: Protect\n|\n|-heal|p1a: Wo-Chien|77/100|[from] item: Leftovers\n|upkeep\n|turn|34\n|inactive|Time left: 300 sec this turn | 300 sec total\n|\n|t:|1783552250\n|move|p1a: Wo-Chien|Protect||[still]\n|-fail|p1a: Wo-Chien\n|move|p2a: Tauros|Close Combat|p1a: Wo-Chien\n|-supereffective|p1a: Wo-Chien\n|-damage|p1a: Wo-Chien|0 fnt\n|-unboost|p2a: Tauros|def|1\n|-unboost|p2a: Tauros|spd|1\n|faint|p1a: Wo-Chien\n|-damage|p2a: Tauros|182/257|[from] item: Life Orb\n|\n|win|p0y10624d9a", "uploadtime": 1783552250, "views": 0, "rating": 0, "private": 0, "password": null, "_winner": "p0y10624d9a", "_our_name": "p0y10624d9a"}