{"id": "battle-gen9randombattle-1059", "formatid": "gen9randombattle", "format": "[Gen 9] Random Battle", "players": ["p0x1059817b", "p0y10596f63"], "log": "|init|battle\n|title|p0x1059817b vs. p0y10596f63\n|j|\u2606p0x1059817b\n|j|\u2606p0y10596f63\n|t:|1783551460\n|gametype|singles\n|player|p1|p0x1059817b|101|\n|player|p2|p0y10596f63|265|\n|gen|9\n|tier|[Gen 9] Random Battle\n|rule|Species Clause: Limit one of each Pok\u00e9mon\n|rule|HP Percentage Mod: HP is shown in percentages\n|rule|Sleep Clause Mod: Limit one foe put to sleep\n|rule|Illusion Level Mod: Illusion disguises the Pok\u00e9mon's true level\n|\n|t:|1783551460\n|teamsize|p1|6\n|teamsize|p2|6\n|start\n|switch|p1a: Furret|Furret, L94, M|312/312\n|switch|p2a: Pecharunt|Pecharunt, L77|100/100\n|-item|p2a: Pecharunt|Leftovers|[from] ability: Frisk|[of] p1a: Furret\n|turn|1\n|inactive|Battle timer is ON: inactive players will automatically lose when time's up. (requested by p0x1059817b)\n|inactive|p0y10596f63 also wants the timer to be on.\n|\n|t:|1783551462\n|move|p1a: Furret|Tidy Up|p1a: Furret\n|-boost|p1a: Furret|atk|1\n|-boost|p1a: Furret|spe|1\n|move|p2a: Pecharunt|Malignant Chain|p1a: Furret\n|-damage|p1a: Furret|216/312\n|\n|upkeep\n|turn|2\n|inactive|Time left: 300 sec this turn | 300 sec total\n|\n|t:|1783551462\n|move|p1a: Furret|Knock Off|p2a: Pecharunt\n|-supereffective|p2a: Pecharunt\n|-damage|p2a: Pecharunt|25/100\n|-enditem|p2a: Pecharunt|Leftovers|[from] move: Knock Off|[of] p1a: Furret\n|-damage|p1a: Furret|185/312|[from] item: Life Orb\n|move|p2a: Pecharunt|Malignant Chain|p1a: Furret\n|-damage|p1a: Furret|77/312\n|\n|upkeep\n|turn|3\n|inactive|Time left: 300 sec this turn | 300 sec total\n|\n|t:|1783551463\n|move|p1a: Furret|Knock Off|p2a: Pecharunt\n|-supereffective|p2a: Pecharunt\n|-damage|p2a: Pecharunt|0 fnt\n|faint|p2a: Pecharunt\n|-damage|p1a: Furret|46/312|[from] item: Life Orb\n|\n|upkeep\n|\n|t:|1783551464\n|switch|p2a: Archaludon|Archaludon, L78, F|100/100\n|turn|4\n|inactive|Time left: 300 sec this turn | 300 sec total\n|\n|t:|1783551465\n|move|p1a: Furret|Knock Off|p2a: Archaludon\n|-damage|p2a: Archaludon|63/100\n|-ability|p2a: Archaludon|Stamina|boost\n|-boost|p2a: Archaludon|def|1\n|-enditem|p2a: Archaludon|Leftovers|[from] move: Knock Off|[of] p1a: Furret\n|-damage|p1a: Furret|15/312|[from] item: Life Orb\n|move|p2a: Archaludon|Stealth Rock|p1a: Furret\n|-sidestart|p1: p0x1059817b|move: Stealth Rock\n|\n|upkeep\n|turn|5\n|inactive|Time left: 300 sec this turn | 300 sec total\n|\n|t:|1783551466\n|move|p1a: Furret|Tidy Up|p1a: Furret\n|-sideend|p1: p0x1059817b|Stealth Rock\n|-activate|p1a: Furret|move: Tidy Up\n|-boost|p1a: Furret|atk|1\n|-boost|p1a: Furret|spe|1\n|move|p2a: Archaludon|Stealth Rock|p1a: Furret\n|-sidestart|p1: p0x1059817b|move: Stealth Rock\n|\n|upkeep\n|turn|6\n|inactive|Time left: 300 sec this turn | 300 sec total\n|\n|t:|1783551467\n|move|p1a: Furret|Tidy Up|p1a: Furret\n|-sideend|p1: p0x1059817b|Stealth Rock\n|-activate|p1a: Furret|move: Tidy Up\n|-boost|p1a: Furret|atk|1\n|-boost|p1a: Furret|spe|1\n|move|p2a: Archaludon|Flash Cannon|p1a: Furret\n|-damage|p1a: Furret|0 fnt\n|faint|p1a: Furret\n|\n|upkeep\n|inactive|Time left: 300 sec this turn | 300 sec total | 5 sec grace\n|\n|t:|1783551468\n|switch|p1a: Serperior|Serperior, L79, F|248/248\n|turn|7\n|inactive|Time left: 300 sec this turn | 300 sec total\n|\n|t:|1783551469\n|move|p1a: Serperior|Leech Seed|p2a: Archaludon\n|-start|p2a: Archaludon|move: Leech Seed\n|move|p2a: Archaludon|Stealth Rock|p1a: Serperior\n|-sidestart|p1: p0x1059817b|move: Stealth Rock\n|\n|-damage|p2a: Archaludon|51/100|[from] Leech Seed|[of] p1a: Serperior\n|upkeep\n|turn|8\n|inactive|Time left: 300 sec this turn | 300 sec total\n|\n|t:|1783551470\n|switch|p2a: Gogoat|Gogoat, L88, F|100/100\n|move|p1a: Serperior|Leaf Storm|p2a: Gogoat\n|-ability|p2a: Gogoat|Sap Sipper|boost\n|-boost|p2a: Gogoat|atk|1\n|\n|upkeep\n|turn|9\n|inactive|Time left: 300 sec this turn | 300 sec total\n|\n|t:|1783551471\n|switch|p1a: Glastrier|Glastrier, L86|312/312\n|move|p2a: Gogoat|Bulk Up|p2a: Gogoat\n|-boost|p2a: Gogoat|atk|1\n|-boost|p2a: Gogoat|def|1\n|\n|upkeep\n|turn|10\n|inactive|Time left: 300 sec this turn | 300 sec total\n|\n|t:|1783551472\n|move|p2a: Gogoat|Horn Leech|p1a: Glastrier\n|-damage|p1a: Glastrier|182/312\n|move|p1a: Glastrier|Swords Dance|p1a: Glastrier\n|-boost|p1a: Glastrier|atk|2\n|\n|upkeep\n|turn|11\n|inactive|Time left: 300 sec this turn | 300 sec total\n|\n|t:|1783551473\n|-terastallize|p2a: Gogoat|Water\n|move|p2a: Gogoat|Horn Leech|p1a: Glastrier\n|-damage|p1a: Glastrier|59/312\n|move|p1a: Glastrier|Icicle Crash|p2a: Gogoat|[miss]\n|-miss|p1a: Glastrier|p2a: Gogoat\n|\n|upkeep\n|turn|12\n|inactive|Time left: 300 sec this turn | 300 sec total\n|\n|t:|1783551474\n|move|p2a: Gogoat|Earthquake|p1a: Glastrier\n|-damage|p1a: Glastrier|0 fnt\n|faint|p1a: Glastrier\n|\n|upkeep\n|inactive|Time left: 300 sec this turn | 300 sec total | 5 sec grace\n|\n|t:|1783551475\n|switch|p1a: Falinks|Falinks, L84|246/246\n|-damage|p1a: Falinks|231/246|[from] Stealth Rock\n|turn|13\n|inactive|Time left: 300 sec this turn | 300 sec total\n|\n|t:|1783551476\n|move|p1a: Falinks|No Retreat|p1a: Falinks\n|-boost|p1a: Falinks|atk|1\n|-boost|p1a: Falinks|def|1\n|-boost|p1a: Falinks|spa|1\n|-boost|p1a: Falinks|spd|1\n|-boost|p1a: Falinks|spe|1\n|-start|p1a: Falinks|move: No Retreat\n|move|p2a: Gogoat|Horn Leech|p1a: Falinks\n|-damage|p1a: Falinks|131/246\n|\n|upkeep\n|turn|14\n|inactive|Time left: 300 sec this turn | 300 sec total\n|\n|t:|1783551477\n|move|p1a: Falinks|Iron Head|p2a: Gogoat\n|-resisted|p2a: Gogoat\n|-damage|p2a: Gogoat|89/100\n|-damage|p1a: Falinks|107/246|[from] item: Life Orb\n|move|p2a: Gogoat|Earthquake|p1a: Falinks\n|-damage|p1a: Falinks|17/246\n|\n|-heal|p2a: Gogoat|95/100|[from] item: Leftovers\n|upkeep\n|turn|15\n|inactive|Time left: 300 sec this turn | 300 sec total\n|\n|t:|1783551478\n|move|p1a: Falinks|Close Combat|p2a: Gogoat\n|-damage|p2a: Gogoat|41/100\n|-unboost|p1a: Falinks|def|1\n|-unboost|p1a: Falinks|spd|1\n|-damage|p1a: Falinks|0 fnt|[from] item: Life Orb\n|faint|p1a: Falinks\n|move|p2a: Gogoat|Milk Drink|p2a: Gogoat\n|-heal|p2a: Gogoat|91/100\n|\n|-heal|p2a: Gogoat|97/100|[from] item: Leftovers\n|upkeep\n|inactive|Time left: 300 sec this turn | 300 sec total | 5 sec grace\n|\n|t:|1783551479\n|switch|p1a: Electivire|Electivire, L84, M|263/263\n|-damage|p1a: Electivire|231/263|[from] Stealth Rock\n|turn|16\n|inactive|Time left: 300 sec this turn | 300 sec total\n|\n|t:|1783551480\n|move|p1a: Electivire|Volt Switch|p2a: Gogoat\n|-supereffective|p2a: Gogoat\n|-damage|p2a: Gogoat|49/100\n|-damage|p1a: Electivire|205/263|[from] item: Life Orb\n|inactive|Time left: 300 sec this turn | 300 sec total | 5 sec grace\n|\n|t:|1783551481\n|switch|p1a: Serperior|Serperior, L79, F|248/248|[from] Volt Switch\n|-damage|p1a: Serperior|217/248|[from] Stealth Rock\n|move|p2a: Gogoat|Horn Leech|p1a: Serperior\n|-resisted|p1a: Serperior\n|-damage|p1a: Serperior|129/248\n|-heal|p2a: Gogoat|61/100|[from] drain|[of] p1a: Serperior\n|\n|-heal|p1a: Serperior|144/248|[from] item: Leftovers\n|-heal|p2a: Gogoat|67/100|[from] item: Leftovers\n|upkeep\n|turn|17\n|inactive|Time left: 300 sec this turn | 300 sec total\n|\n|t:|1783551482\n|move|p1a: Serperior|Tera Blast|p2a: Gogoat\n|-damage|p2a: Gogoat|55/100\n|move|p2a: Gogoat|Horn Leech|p1a: Serperior\n|-resisted|p1a: Serperior\n|-damage|p1a: Serperior|63/248\n|-heal|p2a: Gogoat|66/100|[from] drain|[of] p1a: Serperior\n|\n|-heal|p1a: Serperior|78/248|[from] item: Leftovers\n|-heal|p2a: Gogoat|72/100|[from] item: Leftovers\n|upkeep\n|turn|18\n|inactive|Time left: 300 sec this turn | 300 sec total\n|\n|t:|1783551484\n|move|p1a: Serperior|Substitute|p1a: Serperior\n|-start|p1a: Serperior|Substitute\n|-damage|p1a: Serperior|16/248\n|move|p2a: Gogoat|Horn Leech|p1a: Serperior\n|-resisted|p1a: Serperior\n|-end|p1a: Serperior|Substitute\n|-heal|p2a: Gogoat|81/100|[from] drain|[of] p1a: Serperior\n|\n|-heal|p1a: Serperior|31/248|[from] item: Leftovers\n|-heal|p2a: Gogoat|87/100|[from] item: Leftovers\n|upkeep\n|turn|19\n|inactive|Time left: 300 sec this turn | 300 sec total\n|\n|t:|1783551485\n|-terastallize|p1a: Serperior|Rock\n|move|p1a: Serperior|Tera Blast|p2a: Gogoat|[anim] Tera Blast Rock\n|-damage|p2a: Gogoat|70/100\n|move|p2a: Gogoat|Horn Leech|p1a: Serperior\n|-supereffective|p1a: Serperior\n|-damage|p1a: Serperior|0 fnt\n|-heal|p2a: Gogoat|75/100|[from] drain|[of] p1a: Serperior\n|faint|p1a: Serperior\n|\n|-heal|p2a: Gogoat|81/100|[from] item: Leftovers\n|upkeep\n|inactive|Time left: 300 sec this turn | 300 sec total | 5 sec grace\n|\n|t:|1783551486\n|switch|p1a: Electivire|Electivire, L84, M|205/263\n|-damage|p1a: Electivire|173/263|[from] Stealth Rock\n|turn|20\n|inactive|Time left: 300 sec this turn | 300 sec total\n|\n|t:|1783551486\n|move|p1a: Electivire|Supercell Slam|p2a: Gogoat|[miss]\n|-miss|p1a: Electivire|p2a: Gogoat\n|-damage|p1a: Electivire|42/263|[from] supercellslam\n|move|p2a: Gogoat|Horn Leech|p1a: Electivire\n|-damage|p1a: Electivire|0 fnt\n|-heal|p2a: Gogoat|87/100|[from] drain|[of] p1a: Electivire\n|faint|p1a: Electivire\n|\n|-heal|p2a: Gogoat|93/100|[from] item: Leftovers\n|upkeep\n|inactive|Time left: 300 sec this turn | 300 sec total | 5 sec grace\n|\n|t:|1783551487\n|switch|p1a: Blissey|Blissey, L85, F|572/572\n|-damage|p1a: Blissey|501/572|[from] Stealth Rock\n|turn|21\n|inactive|Time left: 300 sec this turn | 300 sec total\n|\n|t:|1783551488\n|move|p2a: Gogoat|Horn Leech|p1a: Blissey\n|-damage|p1a: Blissey|15/572\n|-heal|p2a: Gogoat|100/100|[from] drain|[of] p1a: Blissey\n|move|p1a: Blissey|Thunder Wave|p2a: Gogoat\n|-status|p2a: Gogoat|par\n|\n|-heal|p1a: Blissey|50/572|[from] item: Leftovers\n|upkeep\n|turn|22\n|inactive|Time left: 300 sec this turn | 300 sec total\n|\n|t:|1783551489\n|move|p1a: Blissey|Soft-Boiled|p1a: Blissey\n|-heal|p1a: Blissey|336/572\n|move|p2a: Gogoat|Earthquake|p1a: Blissey\n|-damage|p1a: Blissey|0 fnt\n|faint|p1a: Blissey\n|\n|win|p0y10596f63", "uploadtime": 1783551489, "views": 0, "rating": 0, "private": 0, "password": null, "_winner": "p0y10596f63", "_our_name": "p0x1059817b"}