{"id": "battle-gen9randombattle-1284", "formatid": "gen9randombattle", "format": "[Gen 9] Random Battle", "players": ["p0x12848946", "p0y12840d7e"], "log": "|init|battle\n|title|p0x12848946 vs. p0y12840d7e\n|j|\u2606p0x12848946\n|j|\u2606p0y12840d7e\n|t:|1783554021\n|gametype|singles\n|player|p1|p0x12848946|170|\n|player|p2|p0y12840d7e|169|\n|gen|9\n|tier|[Gen 9] Random Battle\n|rule|Species Clause: Limit one of each Pok\u00e9mon\n|rule|HP Percentage Mod: HP is shown in percentages\n|rule|Sleep Clause Mod: Limit one foe put to sleep\n|rule|Illusion Level Mod: Illusion disguises the Pok\u00e9mon's true level\n|\n|t:|1783554021\n|teamsize|p1|6\n|teamsize|p2|6\n|start\n|switch|p1a: Spectrier|Spectrier, L75|274/274\n|switch|p2a: Sawsbuck|Sawsbuck-Summer, L88, M|100/100\n|turn|1\n|inactive|Battle timer is ON: inactive players will automatically lose when time's up. (requested by p0x12848946)\n|inactive|p0y12840d7e also wants the timer to be on.\n|\n|t:|1783554023\n|move|p1a: Spectrier|Nasty Plot|p1a: Spectrier\n|-boost|p1a: Spectrier|spa|2\n|move|p2a: Sawsbuck|Swords Dance|p2a: Sawsbuck\n|-boost|p2a: Sawsbuck|atk|2\n|\n|upkeep\n|turn|2\n|inactive|Time left: 300 sec this turn | 300 sec total\n|\n|t:|1783554024\n|move|p1a: Spectrier|Substitute|p1a: Spectrier\n|-start|p1a: Spectrier|Substitute\n|-damage|p1a: Spectrier|206/274\n|move|p2a: Sawsbuck|Horn Leech|p1a: Spectrier\n|-end|p1a: Spectrier|Substitute\n|-damage|p2a: Sawsbuck|91/100|[from] item: Life Orb\n|\n|-heal|p1a: Spectrier|223/274|[from] item: Leftovers\n|upkeep\n|turn|3\n|inactive|Time left: 300 sec this turn | 300 sec total\n|\n|t:|1783554025\n|move|p1a: Spectrier|Substitute|p1a: Spectrier\n|-start|p1a: Spectrier|Substitute\n|-damage|p1a: Spectrier|155/274\n|move|p2a: Sawsbuck|Horn Leech|p1a: Spectrier\n|-end|p1a: Spectrier|Substitute\n|-heal|p2a: Sawsbuck|100/100|[from] drain|[of] p1a: Spectrier\n|-damage|p2a: Sawsbuck|91/100|[from] item: Life Orb\n|\n|-heal|p1a: Spectrier|172/274|[from] item: Leftovers\n|upkeep\n|turn|4\n|inactive|Time left: 300 sec this turn | 300 sec total\n|\n|t:|1783554027\n|move|p1a: Spectrier|Substitute|p1a: Spectrier\n|-start|p1a: Spectrier|Substitute\n|-damage|p1a: Spectrier|104/274\n|move|p2a: Sawsbuck|Horn Leech|p1a: Spectrier\n|-end|p1a: Spectrier|Substitute\n|-heal|p2a: Sawsbuck|100/100|[from] drain|[of] p1a: Spectrier\n|-damage|p2a: Sawsbuck|91/100|[from] item: Life Orb\n|\n|-heal|p1a: Spectrier|121/274|[from] item: Leftovers\n|upkeep\n|turn|5\n|inactive|Time left: 300 sec this turn | 300 sec total\n|\n|t:|1783554028\n|move|p1a: Spectrier|Dark Pulse|p2a: Sawsbuck\n|-damage|p2a: Sawsbuck|36/100\n|move|p2a: Sawsbuck|Horn Leech|p1a: Spectrier\n|-damage|p1a: Spectrier|0 fnt\n|-heal|p2a: Sawsbuck|58/100|[from] drain|[of] p1a: Spectrier\n|faint|p1a: Spectrier\n|-damage|p2a: Sawsbuck|48/100|[from] item: Life Orb\n|\n|upkeep\n|inactive|Time left: 300 sec this turn | 300 sec total | 5 sec grace\n|\n|t:|1783554029\n|switch|p1a: Zacian|Zacian-Crowned, L64|225/225\n|-ability|p1a: Zacian|Intrepid Sword|boost\n|-boost|p1a: Zacian|atk|1\n|turn|6\n|inactive|Time left: 300 sec this turn | 300 sec total\n|\n|t:|1783554030\n|switch|p2a: Arbok|Arbok, L87, M|100/100\n|-ability|p2a: Arbok|Intimidate|boost\n|-unboost|p1a: Zacian|atk|1\n|move|p1a: Zacian|Behemoth Blade|p2a: Arbok\n|-damage|p2a: Arbok|57/100\n|\n|-heal|p2a: Arbok|64/100|[from] item: Leftovers\n|upkeep\n|turn|7\n|inactive|Time left: 300 sec this turn | 300 sec total\n|\n|t:|1783554031\n|move|p1a: Zacian|Behemoth Blade|p2a: Arbok\n|-damage|p2a: Arbok|25/100\n|move|p2a: Arbok|Coil|p2a: Arbok\n|-boost|p2a: Arbok|atk|1\n|-boost|p2a: Arbok|def|1\n|-boost|p2a: Arbok|accuracy|1\n|\n|-heal|p2a: Arbok|31/100|[from] item: Leftovers\n|upkeep\n|turn|8\n|inactive|Time left: 300 sec this turn | 300 sec total\n|\n|t:|1783554032\n|switch|p1a: Blastoise|Blastoise, L80, M|258/258\n|move|p2a: Arbok|Earthquake|p1a: Blastoise\n|-damage|p1a: Blastoise|146/258\n|\n|-heal|p2a: Arbok|37/100|[from] item: Leftovers\n|upkeep\n|turn|9\n|inactive|Time left: 300 sec this turn | 300 sec total\n|\n|t:|1783554033\n|move|p2a: Arbok|Gunk Shot|p1a: Blastoise\n|-damage|p1a: Blastoise|0 fnt\n|faint|p1a: Blastoise\n|\n|-heal|p2a: Arbok|44/100|[from] item: Leftovers\n|upkeep\n|inactive|Time left: 300 sec this turn | 300 sec total | 5 sec grace\n|\n|t:|1783554034\n|switch|p1a: Pyroar|Pyroar, L88, M|295/295\n|-ability|p1a: Pyroar|Unnerve\n|turn|10\n|inactive|Time left: 300 sec this turn | 300 sec total\n|\n|t:|1783554035\n|switch|p2a: Ting-Lu|Ting-Lu, L78|100/100\n|-ability|p2a: Ting-Lu|Vessel of Ruin\n|move|p1a: Pyroar|Hyper Voice|p2a: Ting-Lu\n|-damage|p2a: Ting-Lu|72/100\n|\n|-heal|p2a: Ting-Lu|78/100|[from] item: Leftovers\n|upkeep\n|turn|11\n|inactive|Time left: 300 sec this turn | 300 sec total\n|\n|t:|1783554036\n|move|p1a: Pyroar|Will-O-Wisp|p2a: Ting-Lu\n|-status|p2a: Ting-Lu|brn\n|move|p2a: Ting-Lu|Earthquake|p1a: Pyroar\n|-supereffective|p1a: Pyroar\n|-damage|p1a: Pyroar|181/295\n|\n|-heal|p2a: Ting-Lu|85/100 brn|[from] item: Leftovers\n|-damage|p2a: Ting-Lu|78/100 brn|[from] brn\n|upkeep\n|turn|12\n|inactive|Time left: 300 sec this turn | 300 sec total\n|\n|t:|1783554037\n|move|p1a: Pyroar|Fire Blast|p2a: Ting-Lu\n|-damage|p2a: Ting-Lu|46/100 brn\n|move|p2a: Ting-Lu|Earthquake|p1a: Pyroar\n|-supereffective|p1a: Pyroar\n|-damage|p1a: Pyroar|69/295\n|\n|-heal|p2a: Ting-Lu|52/100 brn|[from] item: Leftovers\n|-damage|p2a: Ting-Lu|46/100 brn|[from] brn\n|upkeep\n|turn|13\n|inactive|Time left: 300 sec this turn | 300 sec total\n|\n|t:|1783554039\n|move|p1a: Pyroar|Hyper Voice|p2a: Ting-Lu\n|-damage|p2a: Ting-Lu|20/100 brn\n|move|p2a: Ting-Lu|Earthquake|p1a: Pyroar\n|-supereffective|p1a: Pyroar\n|-damage|p1a: Pyroar|0 fnt\n|faint|p1a: Pyroar\n|\n|-heal|p2a: Ting-Lu|26/100 brn|[from] item: Leftovers\n|-damage|p2a: Ting-Lu|20/100 brn|[from] brn\n|upkeep\n|inactive|Time left: 300 sec this turn | 300 sec total | 5 sec grace\n|\n|t:|1783554040\n|switch|p1a: Zacian|Zacian-Crowned, L64|225/225\n|turn|14\n|inactive|Time left: 300 sec this turn | 300 sec total\n|\n|t:|1783554041\n|move|p1a: Zacian|Swords Dance|p1a: Zacian\n|-boost|p1a: Zacian|atk|2\n|move|p2a: Ting-Lu|Earthquake|p1a: Zacian\n|-supereffective|p1a: Zacian\n|-damage|p1a: Zacian|116/225\n|\n|-heal|p2a: Ting-Lu|26/100 brn|[from] item: Leftovers\n|-damage|p2a: Ting-Lu|20/100 brn|[from] brn\n|upkeep\n|turn|15\n|inactive|Time left: 300 sec this turn | 300 sec total\n|\n|t:|1783554042\n|move|p1a: Zacian|Behemoth Blade|p2a: Ting-Lu\n|-damage|p2a: Ting-Lu|0 fnt\n|faint|p2a: Ting-Lu\n|\n|upkeep\n|\n|t:|1783554042\n|switch|p2a: Arbok|Arbok, L87, M|44/100\n|-ability|p2a: Arbok|Intimidate|boost\n|-unboost|p1a: Zacian|atk|1\n|turn|16\n|inactive|Time left: 300 sec this turn | 300 sec total\n|\n|t:|1783554043\n|switch|p2a: Appletun|Appletun, L92, F|100/100\n|move|p1a: Zacian|Behemoth Blade|p2a: Appletun\n|-damage|p2a: Appletun|61/100\n|\n|-heal|p2a: Appletun|68/100|[from] item: Leftovers\n|upkeep\n|turn|17\n|inactive|Time left: 300 sec this turn | 300 sec total\n|\n|t:|1783554044\n|switch|p2a: Arbok|Arbok, L87, M|44/100\n|-ability|p2a: Arbok|Intimidate|boost\n|-unboost|p1a: Zacian|atk|1\n|move|p1a: Zacian|Play Rough|p2a: Arbok\n|-resisted|p2a: Arbok\n|-damage|p2a: Arbok|25/100\n|\n|-heal|p2a: Arbok|31/100|[from] item: Leftovers\n|upkeep\n|turn|18\n|inactive|Time left: 300 sec this turn | 300 sec total\n|\n|t:|1783554045\n|switch|p2a: Kingambit|Kingambit, L74, M|100/100\n|-activate|p2a: Kingambit|ability: Supreme Overlord\n|-start|p2a: Kingambit|fallen1|[silent]\n|move|p1a: Zacian|Behemoth Blade|p2a: Kingambit\n|-resisted|p2a: Kingambit\n|-damage|p2a: Kingambit|85/100\n|\n|-heal|p2a: Kingambit|91/100|[from] item: Leftovers\n|upkeep\n|turn|19\n|inactive|Time left: 300 sec this turn | 300 sec total\n|\n|t:|1783554046\n|move|p1a: Zacian|Close Combat|p2a: Kingambit\n|-supereffective|p2a: Kingambit\n|-damage|p2a: Kingambit|5/100\n|-unboost|p1a: Zacian|def|1\n|-unboost|p1a: Zacian|spd|1\n|move|p2a: Kingambit|Iron Head|p1a: Zacian\n|-damage|p1a: Zacian|0 fnt\n|faint|p1a: Zacian\n|\n|-heal|p2a: Kingambit|11/100|[from] item: Leftovers\n|upkeep\n|inactive|Time left: 300 sec this turn | 300 sec total | 5 sec grace\n|\n|t:|1783554047\n|switch|p1a: Dudunsparce|Dudunsparce-Three-Segment, L83, F|343/343\n|turn|20\n|inactive|Time left: 300 sec this turn | 300 sec total\n|\n|t:|1783554048\n|-end|p2a: Kingambit|fallen1|[silent]\n|switch|p2a: Appletun|Appletun, L92, F|68/100\n|move|p1a: Dudunsparce|Earthquake|p2a: Appletun\n|-resisted|p2a: Appletun\n|-damage|p2a: Appletun|57/100\n|\n|-heal|p2a: Appletun|63/100|[from] item: Leftovers\n|upkeep\n|turn|21\n|inactive|Time left: 300 sec this turn | 300 sec total\n|\n|t:|1783554049\n|move|p1a: Dudunsparce|Headbutt|p2a: Appletun\n|-damage|p2a: Appletun|43/100\n|cant|p2a: Appletun|flinch\n|\n|-heal|p2a: Appletun|50/100|[from] item: Leftovers\n|upkeep\n|turn|22\n|inactive|Time left: 300 sec this turn | 300 sec total\n|\n|t:|1783554050\n|move|p1a: Dudunsparce|Headbutt|p2a: Appletun\n|-damage|p2a: Appletun|30/100\n|move|p2a: Appletun|Recover|p2a: Appletun\n|-heal|p2a: Appletun|80/100\n|\n|-heal|p2a: Appletun|86/100|[from] item: Leftovers\n|upkeep\n|turn|23\n|inactive|Time left: 300 sec this turn | 300 sec total\n|\n|t:|1783554052\n|move|p1a: Dudunsparce|Headbutt|p2a: Appletun\n|-damage|p2a: Appletun|65/100\n|cant|p2a: Appletun|flinch\n|\n|-heal|p2a: Appletun|71/100|[from] item: Leftovers\n|upkeep\n|turn|24\n|inactive|Time left: 300 sec this turn | 300 sec total\n|\n|t:|1783554052\n|move|p1a: Dudunsparce|Headbutt|p2a: Appletun\n|-damage|p2a: Appletun|50/100\n|cant|p2a: Appletun|flinch\n|\n|-heal|p2a: Appletun|56/100|[from] item: Leftovers\n|upkeep\n|turn|25\n|inactive|Time left: 300 sec this turn | 300 sec total\n|\n|t:|1783554053\n|move|p1a: Dudunsparce|Headbutt|p2a: Appletun\n|-damage|p2a: Appletun|37/100\n|cant|p2a: Appletun|flinch\n|\n|-heal|p2a: Appletun|43/100|[from] item: Leftovers\n|upkeep\n|turn|26\n|inactive|Time left: 300 sec this turn | 300 sec total\n|\n|t:|1783554054\n|move|p1a: Dudunsparce|Headbutt|p2a: Appletun\n|-damage|p2a: Appletun|22/100\n|cant|p2a: Appletun|flinch\n|\n|-heal|p2a: Appletun|28/100|[from] item: Leftovers\n|upkeep\n|turn|27\n|inactive|Time left: 300 sec this turn | 300 sec total\n|\n|t:|1783554055\n|move|p1a: Dudunsparce|Headbutt|p2a: Appletun\n|-damage|p2a: Appletun|9/100\n|move|p2a: Appletun|Recover|p2a: Appletun\n|-heal|p2a: Appletun|59/100\n|\n|-heal|p2a: Appletun|65/100|[from] item: Leftovers\n|upkeep\n|turn|28\n|inactive|Time left: 300 sec this turn | 300 sec total\n|\n|t:|1783554057\n|move|p1a: Dudunsparce|Headbutt|p2a: Appletun\n|-damage|p2a: Appletun|46/100\n|cant|p2a: Appletun|flinch\n|\n|-heal|p2a: Appletun|52/100|[from] item: Leftovers\n|upkeep\n|turn|29\n|inactive|Time left: 300 sec this turn | 300 sec total\n|\n|t:|1783554058\n|move|p1a: Dudunsparce|Headbutt|p2a: Appletun\n|-damage|p2a: Appletun|32/100\n|cant|p2a: Appletun|flinch\n|\n|-heal|p2a: Appletun|38/100|[from] item: Leftovers\n|upkeep\n|turn|30\n|inactive|Time left: 300 sec this turn | 300 sec total\n|\n|t:|1783554059\n|move|p1a: Dudunsparce|Headbutt|p2a: Appletun\n|-damage|p2a: Appletun|19/100\n|cant|p2a: Appletun|flinch\n|\n|-heal|p2a: Appletun|25/100|[from] item: Leftovers\n|upkeep\n|turn|31\n|inactive|Time left: 300 sec this turn | 300 sec total\n|\n|t:|1783554060\n|move|p1a: Dudunsparce|Headbutt|p2a: Appletun\n|-damage|p2a: Appletun|6/100\n|cant|p2a: Appletun|flinch\n|\n|-heal|p2a: Appletun|12/100|[from] item: Leftovers\n|upkeep\n|turn|32\n|inactive|Time left: 300 sec this turn | 300 sec total\n|\n|t:|1783554061\n|switch|p2a: Arbok|Arbok, L87, M|31/100\n|-ability|p2a: Arbok|Intimidate|boost\n|-unboost|p1a: Dudunsparce|atk|1\n|move|p1a: Dudunsparce|Headbutt|p2a: Arbok\n|-damage|p2a: Arbok|9/100\n|\n|-heal|p2a: Arbok|15/100|[from] item: Leftovers\n|upkeep\n|turn|33\n|inactive|Time left: 300 sec this turn | 300 sec total\n|\n|t:|1783554062\n|move|p2a: Arbok|Gunk Shot|p1a: Dudunsparce\n|-damage|p1a: Dudunsparce|198/343\n|-status|p1a: Dudunsparce|psn\n|move|p1a: Dudunsparce|Headbutt|p2a: Arbok\n|-damage|p2a: Arbok|0 fnt\n|faint|p2a: Arbok\n|\n|-heal|p1a: Dudunsparce|219/343 psn|[from] item: Leftovers\n|-damage|p1a: Dudunsparce|177/343 psn|[from] psn\n|upkeep\n|\n|t:|1783554063\n|switch|p2a: Sawsbuck|Sawsbuck-Summer, L88, M|48/100\n|turn|34\n|inactive|Time left: 300 sec this turn | 300 sec total\n|\n|t:|1783554064\n|move|p2a: Sawsbuck|Swords Dance|p2a: Sawsbuck\n|-boost|p2a: Sawsbuck|atk|2\n|move|p1a: Dudunsparce|Roost|p1a: Dudunsparce\n|-heal|p1a: Dudunsparce|343/343 psn\n|-singleturn|p1a: Dudunsparce|move: Roost\n|\n|-damage|p1a: Dudunsparce|301/343 psn|[from] psn\n|upkeep\n|turn|35\n|inactive|Time left: 300 sec this turn | 300 sec total\n|\n|t:|1783554065\n|move|p2a: Sawsbuck|Horn Leech|p1a: Dudunsparce\n|-damage|p1a: Dudunsparce|36/343 psn\n|-heal|p2a: Sawsbuck|95/100|[from] drain|[of] p1a: Dudunsparce\n|-damage|p2a: Sawsbuck|85/100|[from] item: Life Orb\n|move|p1a: Dudunsparce|Headbutt|p2a: Sawsbuck\n|-damage|p2a: Sawsbuck|65/100\n|\n|-heal|p1a: Dudunsparce|57/343 psn|[from] item: Leftovers\n|-damage|p1a: Dudunsparce|15/343 psn|[from] psn\n|upkeep\n|turn|36\n|inactive|Time left: 300 sec this turn | 300 sec total\n|\n|t:|1783554066\n|-terastallize|p1a: Dudunsparce|Ghost\n|move|p2a: Sawsbuck|Horn Leech|p1a: Dudunsparce\n|-damage|p1a: Dudunsparce|0 fnt\n|-heal|p2a: Sawsbuck|68/100|[from] drain|[of] p1a: Dudunsparce\n|faint|p1a: Dudunsparce\n|-damage|p2a: Sawsbuck|58/100|[from] item: Life Orb\n|\n|upkeep\n|inactive|Time left: 300 sec this turn | 300 sec total | 5 sec grace\n|\n|t:|1783554067\n|switch|p1a: Dugtrio|Dugtrio, L84, F|196/196\n|turn|37\n|inactive|Time left: 300 sec this turn | 300 sec total\n|\n|t:|1783554068\n|move|p1a: Dugtrio|Stone Edge|p2a: Sawsbuck\n|-damage|p2a: Sawsbuck|12/100\n|move|p2a: Sawsbuck|Horn Leech|p1a: Dugtrio\n|-supereffective|p1a: Dugtrio\n|-damage|p1a: Dugtrio|0 fnt\n|-heal|p2a: Sawsbuck|47/100|[from] drain|[of] p1a: Dugtrio\n|faint|p1a: Dugtrio\n|-damage|p2a: Sawsbuck|37/100|[from] item: Life Orb\n|\n|win|p0y12840d7e", "uploadtime": 1783554068, "views": 0, "rating": 0, "private": 0, "password": null, "_winner": "p0y12840d7e", "_our_name": "p0x12848946"}