{"id": "battle-gen9randombattle-1558", "formatid": "gen9randombattle", "format": "[Gen 9] Random Battle", "players": ["p0x1558438a", "p0y15585d17"], "log": "|init|battle\n|title|p0x1558438a vs. p0y15585d17\n|j|\u2606p0x1558438a\n|j|\u2606p0y15585d17\n|t:|1783557243\n|gametype|singles\n|player|p1|p0x1558438a|266|\n|player|p2|p0y15585d17|101|\n|gen|9\n|tier|[Gen 9] Random Battle\n|rule|Species Clause: Limit one of each Pok\u00e9mon\n|rule|HP Percentage Mod: HP is shown in percentages\n|rule|Sleep Clause Mod: Limit one foe put to sleep\n|rule|Illusion Level Mod: Illusion disguises the Pok\u00e9mon's true level\n|\n|t:|1783557243\n|teamsize|p1|6\n|teamsize|p2|6\n|start\n|switch|p1a: Plusle|Plusle, L95, F|100/100\n|switch|p2a: Kyogre|Kyogre, L71|259/259\n|-weather|RainDance|[from] ability: Drizzle|[of] p2a: Kyogre\n|turn|1\n|inactive|Battle timer is ON: inactive players will automatically lose when time's up. (requested by p0x1558438a)\n|inactive|Time left: 300 sec this turn | 300 sec total | 60 sec grace\n|inactive|p0y15585d17 also wants the timer to be on.\n|\n|t:|1783557244\n|move|p2a: Kyogre|Water Spout|p1a: Plusle\n|-damage|p1a: Plusle|3/100\n|move|p1a: Plusle|Thunderbolt|p2a: Kyogre\n|-supereffective|p2a: Kyogre\n|-damage|p2a: Kyogre|33/259\n|-damage|p1a: Plusle|0 fnt|[from] item: Life Orb\n|faint|p1a: Plusle\n|\n|-weather|RainDance|[upkeep]\n|upkeep\n|\n|t:|1783557245\n|switch|p1a: Smeargle|Smeargle, L95, M|100/100\n|turn|2\n|inactive|Time left: 300 sec this turn | 300 sec total\n|\n|t:|1783557247\n|switch|p2a: Zarude|Zarude, L77|288/288\n|move|p1a: Smeargle|Shell Smash|p1a: Smeargle\n|-unboost|p1a: Smeargle|def|1\n|-unboost|p1a: Smeargle|spd|1\n|-boost|p1a: Smeargle|atk|2\n|-boost|p1a: Smeargle|spa|2\n|-boost|p1a: Smeargle|spe|2\n|\n|-weather|RainDance|[upkeep]\n|upkeep\n|turn|3\n|inactive|Time left: 300 sec this turn | 300 sec total\n|\n|t:|1783557248\n|-terastallize|p1a: Smeargle|Normal\n|move|p1a: Smeargle|Population Bomb|p2a: Zarude\n|-damage|p2a: Zarude|246/288\n|-damage|p2a: Zarude|200/288\n|-damage|p2a: Zarude|156/288\n|-damage|p2a: Zarude|114/288\n|-damage|p2a: Zarude|70/288\n|-damage|p2a: Zarude|30/288\n|-damage|p2a: Zarude|0 fnt\n|faint|p2a: Zarude\n|-hitcount|p2: Zarude|7\n|\n|-weather|RainDance|[upkeep]\n|upkeep\n|inactive|Time left: 300 sec this turn | 300 sec total | 5 sec grace\n|\n|t:|1783557249\n|switch|p2a: Kyogre|Kyogre, L71|33/259\n|turn|4\n|inactive|Time left: 300 sec this turn | 300 sec total\n|\n|t:|1783557249\n|move|p1a: Smeargle|Power Trip|p2a: Kyogre\n|-damage|p2a: Kyogre|0 fnt\n|faint|p2a: Kyogre\n|\n|-weather|RainDance|[upkeep]\n|upkeep\n|inactive|Time left: 300 sec this turn | 300 sec total | 5 sec grace\n|\n|t:|1783557250\n|switch|p2a: Pikachu|Pikachu-Original, L93, M|216/216\n|turn|5\n|inactive|Time left: 300 sec this turn | 300 sec total\n|\n|t:|1783557251\n|switch|p2a: Girafarig|Girafarig, L89, F|269/269\n|move|p1a: Smeargle|Population Bomb|p2a: Girafarig\n|-damage|p2a: Girafarig|233/269\n|-damage|p2a: Girafarig|199/269\n|-damage|p2a: Girafarig|167/269\n|-damage|p2a: Girafarig|133/269\n|-damage|p2a: Girafarig|97/269\n|-damage|p2a: Girafarig|63/269\n|-damage|p2a: Girafarig|27/269\n|-damage|p2a: Girafarig|0 fnt\n|faint|p2a: Girafarig\n|-hitcount|p2: Girafarig|8\n|\n|-weather|none\n|upkeep\n|inactive|Time left: 300 sec this turn | 300 sec total | 5 sec grace\n|\n|t:|1783557252\n|switch|p2a: Pikachu|Pikachu-Original, L93, M|216/216\n|turn|6\n|inactive|Time left: 300 sec this turn | 300 sec total\n|\n|t:|1783557253\n|move|p1a: Smeargle|Population Bomb|p2a: Pikachu\n|-damage|p2a: Pikachu|148/216\n|-damage|p2a: Pikachu|80/216\n|-damage|p2a: Pikachu|18/216\n|-damage|p2a: Pikachu|0 fnt\n|faint|p2a: Pikachu\n|-hitcount|p2: Pikachu|4\n|\n|upkeep\n|inactive|Time left: 300 sec this turn | 300 sec total | 5 sec grace\n|\n|t:|1783557253\n|switch|p2a: Braviary|Braviary-Hisui, L85, M|326/326\n|turn|7\n|inactive|Time left: 300 sec this turn | 300 sec total\n|\n|t:|1783557254\n|move|p1a: Smeargle|Population Bomb|p2a: Braviary\n|-crit|p2a: Braviary\n|-damage|p2a: Braviary|244/326\n|-damage|p2a: Braviary|190/326\n|-damage|p2a: Braviary|144/326\n|-damage|p2a: Braviary|88/326\n|-damage|p2a: Braviary|38/326\n|-damage|p2a: Braviary|0 fnt\n|faint|p2a: Braviary\n|-hitcount|p2: Braviary|6\n|\n|upkeep\n|inactive|Time left: 300 sec this turn | 300 sec total | 5 sec grace\n|\n|t:|1783557255\n|switch|p2a: Grafaiai|Grafaiai, L86, F|249/249\n|turn|8\n|inactive|Time left: 300 sec this turn | 300 sec total\n|\n|t:|1783557256\n|-terastallize|p2a: Grafaiai|Dark\n|move|p1a: Smeargle|Population Bomb|p2a: Grafaiai\n|-damage|p2a: Grafaiai|201/249\n|-damage|p2a: Grafaiai|149/249\n|-damage|p2a: Grafaiai|97/249\n|-damage|p2a: Grafaiai|45/249\n|-damage|p2a: Grafaiai|0 fnt\n|faint|p2a: Grafaiai\n|-hitcount|p2: Grafaiai|5\n|\n|win|p0x1558438a", "uploadtime": 1783557256, "views": 0, "rating": 0, "private": 0, "password": null, "_winner": "p0x1558438a", "_our_name": "p0y15585d17"}