{"id": "battle-gen9randombattle-1481", "formatid": "gen9randombattle", "format": "[Gen 9] Random Battle", "players": ["p0x1480a622", "p0y1480eb64"], "log": "|init|battle\n|title|p0x1480a622 vs. p0y1480eb64\n|j|\u2606p0x1480a622\n|j|\u2606p0y1480eb64\n|t:|1783556314\n|gametype|singles\n|player|p1|p0x1480a622|102|\n|player|p2|p0y1480eb64|102|\n|gen|9\n|tier|[Gen 9] Random Battle\n|rule|Species Clause: Limit one of each Pok\u00e9mon\n|rule|HP Percentage Mod: HP is shown in percentages\n|rule|Sleep Clause Mod: Limit one foe put to sleep\n|rule|Illusion Level Mod: Illusion disguises the Pok\u00e9mon's true level\n|\n|t:|1783556314\n|teamsize|p1|6\n|teamsize|p2|6\n|start\n|switch|p1a: Electrode|Electrode, L92|100/100\n|switch|p2a: Toxapex|Toxapex, L82, M|216/216\n|turn|1\n|inactive|Battle timer is ON: inactive players will automatically lose when time's up. (requested by p0x1480a622)\n|inactive|Time left: 300 sec this turn | 300 sec total | 60 sec grace\n|inactive|p0y1480eb64 also wants the timer to be on.\n|\n|t:|1783556316\n|move|p1a: Electrode|Thunderbolt|p2a: Toxapex\n|-supereffective|p2a: Toxapex\n|-damage|p2a: Toxapex|82/216\n|move|p2a: Toxapex|Toxic|p1a: Electrode\n|-status|p1a: Electrode|tox\n|\n|-heal|p2a: Toxapex|95/216|[from] item: Leftovers\n|-damage|p1a: Electrode|94/100 tox|[from] psn\n|upkeep\n|turn|2\n|inactive|Time left: 300 sec this turn | 300 sec total\n|\n|t:|1783556317\n|switch|p2a: Abomasnow|Abomasnow, L84, F|287/287\n|-weather|Snowscape|[from] ability: Snow Warning|[of] p2a: Abomasnow\n|move|p1a: Electrode|Thunderbolt|p2a: Abomasnow\n|-resisted|p2a: Abomasnow\n|-damage|p2a: Abomasnow|238/287\n|\n|-weather|Snowscape|[upkeep]\n|-heal|p1a: Electrode|100/100 tox|[from] item: Leftovers\n|-damage|p1a: Electrode|88/100 tox|[from] psn\n|upkeep\n|turn|3\n|inactive|Time left: 300 sec this turn | 300 sec total\n|\n|t:|1783556318\n|move|p1a: Electrode|Taunt|p2a: Abomasnow\n|-start|p2a: Abomasnow|move: Taunt\n|cant|p2a: Abomasnow|move: Taunt|Aurora Veil\n|\n|-weather|Snowscape|[upkeep]\n|-heal|p1a: Electrode|94/100 tox|[from] item: Leftovers\n|-damage|p1a: Electrode|76/100 tox|[from] psn\n|upkeep\n|turn|4\n|inactive|Time left: 300 sec this turn | 300 sec total\n|\n|t:|1783556320\n|switch|p1a: Regirock|Regirock, L83|100/100\n|move|p2a: Abomasnow|Blizzard|p1a: Regirock\n|-damage|p1a: Regirock|60/100\n|\n|-weather|Snowscape|[upkeep]\n|upkeep\n|turn|5\n|inactive|Time left: 300 sec this turn | 300 sec total\n|\n|t:|1783556321\n|switch|p2a: Toxapex|Toxapex, L82, M|167/216\n|move|p1a: Regirock|Stone Edge|p2a: Toxapex\n|-damage|p2a: Toxapex|89/216\n|\n|-weather|Snowscape|[upkeep]\n|-heal|p2a: Toxapex|102/216|[from] item: Leftovers\n|upkeep\n|turn|6\n|inactive|Time left: 300 sec this turn | 300 sec total\n|\n|t:|1783556322\n|move|p1a: Regirock|Rest|p1a: Regirock\n|-status|p1a: Regirock|slp|[from] move: Rest\n|-heal|p1a: Regirock|100/100 slp|[silent]\n|-enditem|p1a: Regirock|Chesto Berry|[eat]\n|-curestatus|p1a: Regirock|slp|[msg]\n|move|p2a: Toxapex|Recover|p2a: Toxapex\n|-heal|p2a: Toxapex|210/216\n|\n|-weather|none\n|-heal|p2a: Toxapex|216/216|[from] item: Leftovers\n|upkeep\n|turn|7\n|inactive|Time left: 300 sec this turn | 300 sec total\n|\n|t:|1783556323\n|move|p1a: Regirock|Body Press|p2a: Toxapex\n|-resisted|p2a: Toxapex\n|-damage|p2a: Toxapex|185/216\n|move|p2a: Toxapex|Toxic|p1a: Regirock\n|-status|p1a: Regirock|tox\n|\n|-heal|p2a: Toxapex|198/216|[from] item: Leftovers\n|-damage|p1a: Regirock|95/100 tox|[from] psn\n|upkeep\n|turn|8\n|inactive|Time left: 300 sec this turn | 300 sec total\n|\n|t:|1783556324\n|move|p1a: Regirock|Stone Edge|p2a: Toxapex\n|-damage|p2a: Toxapex|123/216\n|move|p2a: Toxapex|Liquidation|p1a: Regirock\n|-supereffective|p1a: Regirock\n|-damage|p1a: Regirock|72/100 tox\n|\n|-heal|p2a: Toxapex|136/216|[from] item: Leftovers\n|-damage|p1a: Regirock|60/100 tox|[from] psn\n|upkeep\n|turn|9\n|inactive|Time left: 300 sec this turn | 300 sec total\n|\n|t:|1783556325\n|switch|p2a: Abomasnow|Abomasnow, L84, F|238/287\n|-weather|Snowscape|[from] ability: Snow Warning|[of] p2a: Abomasnow\n|move|p1a: Regirock|Rest|p1a: Regirock\n|-status|p1a: Regirock|slp|[from] move: Rest\n|-heal|p1a: Regirock|100/100 slp|[silent]\n|\n|-weather|Snowscape|[upkeep]\n|upkeep\n|turn|10\n|inactive|Time left: 300 sec this turn | 300 sec total\n|\n|t:|1783556326\n|switch|p1a: Falinks|Falinks, L84|100/100\n|move|p2a: Abomasnow|Aurora Veil|p2a: Abomasnow\n|-sidestart|p2: p0y1480eb64|move: Aurora Veil\n|\n|-weather|Snowscape|[upkeep]\n|upkeep\n|turn|11\n|inactive|Time left: 300 sec this turn | 300 sec total\n|\n|t:|1783556328\n|move|p1a: Falinks|No Retreat|p1a: Falinks\n|-boost|p1a: Falinks|atk|1\n|-boost|p1a: Falinks|def|1\n|-boost|p1a: Falinks|spa|1\n|-boost|p1a: Falinks|spd|1\n|-boost|p1a: Falinks|spe|1\n|-start|p1a: Falinks|move: No Retreat\n|move|p2a: Abomasnow|Wood Hammer|p1a: Falinks\n|-damage|p1a: Falinks|68/100\n|-damage|p2a: Abomasnow|211/287|[from] Recoil\n|\n|-weather|Snowscape|[upkeep]\n|upkeep\n|turn|12\n|inactive|Time left: 300 sec this turn | 300 sec total\n|\n|t:|1783556329\n|move|p1a: Falinks|Iron Head|p2a: Abomasnow\n|-supereffective|p2a: Abomasnow\n|-damage|p2a: Abomasnow|123/287\n|-damage|p1a: Falinks|58/100|[from] item: Life Orb\n|move|p2a: Abomasnow|Blizzard|p1a: Falinks\n|-damage|p1a: Falinks|18/100\n|\n|-weather|Snowscape|[upkeep]\n|upkeep\n|turn|13\n|inactive|Time left: 300 sec this turn | 300 sec total\n|\n|t:|1783556330\n|switch|p2a: Toxapex|Toxapex, L82, M|208/216\n|move|p1a: Falinks|Close Combat|p2a: Toxapex\n|-resisted|p2a: Toxapex\n|-damage|p2a: Toxapex|166/216\n|-unboost|p1a: Falinks|def|1\n|-unboost|p1a: Falinks|spd|1\n|-damage|p1a: Falinks|8/100|[from] item: Life Orb\n|\n|-weather|none\n|-heal|p2a: Toxapex|179/216|[from] item: Leftovers\n|upkeep\n|turn|14\n|inactive|Time left: 300 sec this turn | 300 sec total\n|\n|t:|1783556331\n|switch|p2a: Archaludon|Archaludon, L78, M|268/268\n|move|p1a: Falinks|No Retreat||[still]\n|-fail|p1a: Falinks\n|\n|upkeep\n|turn|15\n|inactive|Time left: 300 sec this turn | 300 sec total\n|\n|t:|1783556332\n|move|p1a: Falinks|Close Combat|p2a: Archaludon\n|-supereffective|p2a: Archaludon\n|-damage|p2a: Archaludon|65/268\n|-unboost|p1a: Falinks|def|1\n|-unboost|p1a: Falinks|spd|1\n|-ability|p2a: Archaludon|Stamina|boost\n|-boost|p2a: Archaludon|def|1\n|-damage|p1a: Falinks|0 fnt|[from] item: Life Orb\n|faint|p1a: Falinks\n|move|p2a: Archaludon|Swords Dance|p2a: Archaludon\n|-boost|p2a: Archaludon|atk|2\n|\n|upkeep\n|\n|t:|1783556333\n|switch|p1a: Arceus|Arceus-Ghost, L69|100/100\n|turn|16\n|inactive|Time left: 300 sec this turn | 300 sec total\n|\n|t:|1783556334\n|move|p1a: Arceus|Judgment|p2a: Archaludon\n|-damage|p2a: Archaludon|0 fnt\n|faint|p2a: Archaludon\n|\n|upkeep\n|inactive|Time left: 300 sec this turn | 300 sec total | 5 sec grace\n|\n|t:|1783556335\n|switch|p2a: Ludicolo|Ludicolo, L90, F|290/290\n|turn|17\n|inactive|Time left: 300 sec this turn | 300 sec total\n|\n|t:|1783556336\n|switch|p1a: Gogoat|Gogoat, L88, F|100/100\n|move|p2a: Ludicolo|Hydro Pump|p1a: Gogoat\n|-resisted|p1a: Gogoat\n|-damage|p1a: Gogoat|78/100\n|-damage|p2a: Ludicolo|261/290|[from] item: Life Orb\n|\n|-heal|p1a: Gogoat|84/100|[from] item: Leftovers\n|-sideend|p2: p0y1480eb64|move: Aurora Veil\n|upkeep\n|turn|18\n|inactive|Time left: 300 sec this turn | 300 sec total\n|\n|t:|1783556337\n|switch|p2a: Abomasnow|Abomasnow, L84, F|123/287\n|-weather|Snowscape|[from] ability: Snow Warning|[of] p2a: Abomasnow\n|move|p1a: Gogoat|Horn Leech|p2a: Abomasnow\n|-resisted|p2a: Abomasnow\n|-damage|p2a: Abomasnow|90/287\n|-heal|p1a: Gogoat|89/100|[from] drain|[of] p2a: Abomasnow\n|\n|-weather|Snowscape|[upkeep]\n|-heal|p1a: Gogoat|95/100|[from] item: Leftovers\n|upkeep\n|turn|19\n|inactive|Time left: 300 sec this turn | 300 sec total\n|\n|t:|1783556338\n|move|p1a: Gogoat|Bulk Up|p1a: Gogoat\n|-boost|p1a: Gogoat|atk|1\n|-boost|p1a: Gogoat|def|1\n|move|p2a: Abomasnow|Aurora Veil|p2a: Abomasnow\n|-sidestart|p2: p0y1480eb64|move: Aurora Veil\n|\n|-weather|Snowscape|[upkeep]\n|-heal|p1a: Gogoat|100/100|[from] item: Leftovers\n|upkeep\n|turn|20\n|inactive|Time left: 300 sec this turn | 300 sec total\n|\n|t:|1783556339\n|move|p1a: Gogoat|Bulk Up|p1a: Gogoat\n|-boost|p1a: Gogoat|atk|1\n|-boost|p1a: Gogoat|def|1\n|move|p2a: Abomasnow|Blizzard|p1a: Gogoat\n|-supereffective|p1a: Gogoat\n|-crit|p1a: Gogoat\n|-damage|p1a: Gogoat|8/100\n|\n|-weather|Snowscape|[upkeep]\n|-heal|p1a: Gogoat|14/100|[from] item: Leftovers\n|upkeep\n|turn|21\n|inactive|Time left: 300 sec this turn | 300 sec total\n|\n|t:|1783556340\n|move|p1a: Gogoat|Milk Drink|p1a: Gogoat\n|-heal|p1a: Gogoat|64/100\n|move|p2a: Abomasnow|Blizzard|p1a: Gogoat\n|-supereffective|p1a: Gogoat\n|-damage|p1a: Gogoat|4/100\n|-status|p1a: Gogoat|frz\n|\n|-weather|Snowscape|[upkeep]\n|-heal|p1a: Gogoat|10/100 frz|[from] item: Leftovers\n|upkeep\n|turn|22\n|inactive|Time left: 300 sec this turn | 300 sec total\n|\n|t:|1783556341\n|cant|p1a: Gogoat|frz\n|move|p2a: Abomasnow|Blizzard|p1a: Gogoat\n|-supereffective|p1a: Gogoat\n|-damage|p1a: Gogoat|0 fnt\n|faint|p1a: Gogoat\n|\n|-weather|none\n|upkeep\n|\n|t:|1783556342\n|switch|p1a: Arceus|Arceus-Ghost, L69|100/100\n|turn|23\n|inactive|Time left: 300 sec this turn | 300 sec total\n|\n|t:|1783556343\n|move|p1a: Arceus|Judgment|p2a: Abomasnow\n|-damage|p2a: Abomasnow|41/287\n|move|p2a: Abomasnow|Blizzard|p1a: Arceus\n|-damage|p1a: Arceus|65/100\n|-status|p1a: Arceus|frz\n|\n|upkeep\n|turn|24\n|inactive|Time left: 300 sec this turn | 300 sec total\n|\n|t:|1783556344\n|cant|p1a: Arceus|frz\n|move|p2a: Abomasnow|Blizzard|p1a: Arceus\n|-damage|p1a: Arceus|26/100 frz\n|\n|upkeep\n|turn|25\n|inactive|Time left: 300 sec this turn | 300 sec total\n|\n|t:|1783556345\n|cant|p1a: Arceus|frz\n|move|p2a: Abomasnow|Blizzard|p1a: Arceus|[miss]\n|-miss|p2a: Abomasnow|p1a: Arceus\n|\n|upkeep\n|turn|26\n|inactive|Time left: 300 sec this turn | 300 sec total\n|\n|t:|1783556346\n|cant|p1a: Arceus|frz\n|move|p2a: Abomasnow|Wood Hammer|p1a: Arceus\n|-damage|p1a: Arceus|0 fnt\n|faint|p1a: Arceus\n|-damage|p2a: Abomasnow|17/287|[from] Recoil\n|\n|-sideend|p2: p0y1480eb64|move: Aurora Veil\n|upkeep\n|\n|t:|1783556347\n|switch|p1a: Amoonguss|Amoonguss, L82, F|100/100\n|turn|27\n|inactive|Time left: 300 sec this turn | 300 sec total\n|\n|t:|1783556347\n|switch|p2a: Bombirdier|Bombirdier, L85, M|258/258\n|move|p1a: Amoonguss|Sludge Bomb|p2a: Bombirdier\n|-damage|p2a: Bombirdier|168/258\n|\n|upkeep\n|turn|28\n|inactive|Time left: 300 sec this turn | 300 sec total\n|\n|t:|1783556348\n|move|p2a: Bombirdier|Brave Bird|p1a: Amoonguss\n|-supereffective|p1a: Amoonguss\n|-damage|p1a: Amoonguss|0 fnt\n|-damage|p2a: Bombirdier|125/258|[from] item: Rocky Helmet|[of] p1a: Amoonguss\n|faint|p1a: Amoonguss\n|-damage|p2a: Bombirdier|19/258|[from] Recoil\n|\n|upkeep\n|\n|t:|1783556349\n|switch|p1a: Electrode|Electrode, L92|76/100 tox\n|turn|29\n|inactive|Time left: 300 sec this turn | 300 sec total\n|\n|t:|1783556350\n|switch|p2a: Ludicolo|Ludicolo, L90, F|261/290\n|move|p1a: Electrode|Thunderbolt|p2a: Ludicolo\n|-damage|p2a: Ludicolo|176/290\n|\n|-heal|p1a: Electrode|82/100 tox|[from] item: Leftovers\n|-damage|p1a: Electrode|76/100 tox|[from] psn\n|upkeep\n|turn|30\n|inactive|Time left: 300 sec this turn | 300 sec total\n|\n|t:|1783556352\n|move|p1a: Electrode|Thunderbolt|p2a: Ludicolo\n|-damage|p2a: Ludicolo|92/290\n|move|p2a: Ludicolo|Giga Drain|p1a: Electrode\n|-damage|p1a: Electrode|32/100 tox\n|-heal|p2a: Ludicolo|149/290|[from] drain|[of] p1a: Electrode\n|-damage|p2a: Ludicolo|120/290|[from] item: Life Orb\n|\n|-heal|p1a: Electrode|39/100 tox|[from] item: Leftovers\n|-damage|p1a: Electrode|26/100 tox|[from] psn\n|upkeep\n|turn|31\n|inactive|Time left: 300 sec this turn | 300 sec total\n|\n|t:|1783556353\n|move|p1a: Electrode|Thunder Wave|p2a: Ludicolo\n|-status|p2a: Ludicolo|par\n|move|p2a: Ludicolo|Giga Drain|p1a: Electrode\n|-damage|p1a: Electrode|0 fnt\n|-heal|p2a: Ludicolo|154/290 par|[from] drain|[of] p1a: Electrode\n|faint|p1a: Electrode\n|-damage|p2a: Ludicolo|125/290 par|[from] item: Life Orb\n|\n|upkeep\n|\n|t:|1783556354\n|switch|p1a: Regirock|Regirock, L83|100/100 slp\n|turn|32\n|inactive|Time left: 300 sec this turn | 300 sec total\n|\n|t:|1783556355\n|-terastallize|p1a: Regirock|Fighting\n|cant|p1a: Regirock|slp\n|cant|p2a: Ludicolo|par\n|\n|upkeep\n|turn|33\n|inactive|Time left: 300 sec this turn | 300 sec total\n|\n|t:|1783556356\n|switch|p2a: Abomasnow|Abomasnow, L84, F|17/287\n|-weather|Snowscape|[from] ability: Snow Warning|[of] p2a: Abomasnow\n|cant|p1a: Regirock|slp\n|\n|-weather|Snowscape|[upkeep]\n|upkeep\n|turn|34\n|inactive|Time left: 300 sec this turn | 300 sec total\n|\n|t:|1783556357\n|move|p2a: Abomasnow|Aurora Veil|p2a: Abomasnow\n|-sidestart|p2: p0y1480eb64|move: Aurora Veil\n|-curestatus|p1a: Regirock|slp|[msg]\n|move|p1a: Regirock|Iron Defense|p1a: Regirock\n|-boost|p1a: Regirock|def|2\n|\n|-weather|Snowscape|[upkeep]\n|upkeep\n|turn|35\n|inactive|Time left: 300 sec this turn | 300 sec total\n|\n|t:|1783556358\n|switch|p2a: Toxapex|Toxapex, L82, M|216/216\n|move|p1a: Regirock|Body Press|p2a: Toxapex\n|-resisted|p2a: Toxapex\n|-damage|p2a: Toxapex|168/216\n|\n|-weather|Snowscape|[upkeep]\n|-heal|p2a: Toxapex|181/216|[from] item: Leftovers\n|upkeep\n|turn|36\n|inactive|Time left: 300 sec this turn | 300 sec total\n|\n|t:|1783556359\n|move|p1a: Regirock|Body Press|p2a: Toxapex\n|-resisted|p2a: Toxapex\n|-damage|p2a: Toxapex|135/216\n|move|p2a: Toxapex|Toxic|p1a: Regirock\n|-status|p1a: Regirock|tox\n|\n|-weather|Snowscape|[upkeep]\n|-heal|p2a: Toxapex|148/216|[from] item: Leftovers\n|-damage|p1a: Regirock|95/100 tox|[from] psn\n|upkeep\n|turn|37\n|inactive|Time left: 300 sec this turn | 300 sec total\n|\n|t:|1783556360\n|move|p1a: Regirock|Body Press|p2a: Toxapex\n|-resisted|p2a: Toxapex\n|-damage|p2a: Toxapex|100/216\n|move|p2a: Toxapex|Haze|p2a: Toxapex\n|-clearallboost\n|\n|-weather|none\n|-heal|p2a: Toxapex|113/216|[from] item: Leftovers\n|-damage|p1a: Regirock|83/100 tox|[from] psn\n|upkeep\n|turn|38\n|inactive|Time left: 300 sec this turn | 300 sec total\n|\n|t:|1783556361\n|switch|p2a: Ludicolo|Ludicolo, L90, F|125/290 par\n|move|p1a: Regirock|Iron Defense|p1a: Regirock\n|-boost|p1a: Regirock|def|2\n|\n|-damage|p1a: Regirock|65/100 tox|[from] psn\n|upkeep\n|turn|39\n|inactive|Time left: 300 sec this turn | 300 sec total\n|\n|t:|1783556362\n|-terastallize|p2a: Ludicolo|Grass\n|move|p1a: Regirock|Rest|p1a: Regirock\n|-status|p1a: Regirock|slp|[from] move: Rest\n|-heal|p1a: Regirock|100/100 slp|[silent]\n|move|p2a: Ludicolo|Giga Drain|p1a: Regirock\n|-damage|p1a: Regirock|45/100 slp\n|-heal|p2a: Ludicolo|199/290 par|[from] drain|[of] p1a: Regirock\n|-damage|p2a: Ludicolo|170/290 par|[from] item: Life Orb\n|\n|upkeep\n|turn|40\n|inactive|Time left: 300 sec this turn | 300 sec total\n|\n|t:|1783556363\n|cant|p1a: Regirock|slp\n|move|p2a: Ludicolo|Giga Drain|p1a: Regirock\n|-damage|p1a: Regirock|0 fnt\n|-heal|p2a: Ludicolo|230/290 par|[from] drain|[of] p1a: Regirock\n|faint|p1a: Regirock\n|-damage|p2a: Ludicolo|201/290 par|[from] item: Life Orb\n|\n|win|p0y1480eb64", "uploadtime": 1783556363, "views": 0, "rating": 0, "private": 0, "password": null, "_winner": "p0y1480eb64", "_our_name": "p0y1480eb64"}