{"id": "battle-gen9randombattle-1441", "formatid": "gen9randombattle", "format": "[Gen 9] Random Battle", "players": ["p0x144187b2", "p0y1441ad21"], "log": "|init|battle\n|title|p0x144187b2 vs. p0y1441ad21\n|j|\u2606p0x144187b2\n|j|\u2606p0y1441ad21\n|t:|1783555840\n|gametype|singles\n|player|p1|p0x144187b2|101|\n|player|p2|p0y1441ad21|169|\n|gen|9\n|tier|[Gen 9] Random Battle\n|rule|Species Clause: Limit one of each Pok\u00e9mon\n|rule|HP Percentage Mod: HP is shown in percentages\n|rule|Sleep Clause Mod: Limit one foe put to sleep\n|rule|Illusion Level Mod: Illusion disguises the Pok\u00e9mon's true level\n|\n|t:|1783555840\n|teamsize|p1|6\n|teamsize|p2|6\n|start\n|switch|p1a: Ursaring|Ursaring, L84, F|100/100\n|switch|p2a: Lunala|Lunala, L70|308/308\n|turn|1\n|inactive|Battle timer is ON: inactive players will automatically lose when time's up. (requested by p0y1441ad21)\n|inactive|p0x144187b2 also wants the timer to be on.\n|\n|t:|1783555841\n|move|p2a: Lunala|Calm Mind|p2a: Lunala\n|-boost|p2a: Lunala|spa|1\n|-boost|p2a: Lunala|spd|1\n|move|p1a: Ursaring|Swords Dance|p1a: Ursaring\n|-boost|p1a: Ursaring|atk|2\n|\n|-status|p1a: Ursaring|tox|[from] item: Toxic Orb\n|upkeep\n|turn|2\n|inactive|Time left: 300 sec this turn | 300 sec total\n|\n|t:|1783555843\n|-terastallize|p2a: Lunala|Fighting\n|move|p1a: Ursaring|Crunch|p2a: Lunala\n|-resisted|p2a: Lunala\n|-damage|p2a: Lunala|267/308\n|move|p2a: Lunala|Focus Blast|p1a: Ursaring\n|-supereffective|p1a: Ursaring\n|-damage|p1a: Ursaring|0 fnt\n|faint|p1a: Ursaring\n|\n|-heal|p2a: Lunala|286/308|[from] item: Leftovers\n|upkeep\n|\n|t:|1783555844\n|switch|p1a: Hariyama|Hariyama, L87, F|100/100\n|turn|3\n|inactive|Time left: 300 sec this turn | 300 sec total\n|\n|t:|1783555845\n|move|p1a: Hariyama|Fake Out|p2a: Lunala\n|-damage|p2a: Lunala|246/308\n|cant|p2a: Lunala|flinch\n|\n|-heal|p2a: Lunala|265/308|[from] item: Leftovers\n|-status|p1a: Hariyama|brn|[from] item: Flame Orb\n|upkeep\n|turn|4\n|inactive|Time left: 300 sec this turn | 300 sec total\n|\n|t:|1783555846\n|move|p2a: Lunala|Moonlight|p2a: Lunala\n|-heal|p2a: Lunala|308/308\n|move|p1a: Hariyama|Close Combat|p2a: Lunala\n|-damage|p2a: Lunala|175/308\n|-unboost|p1a: Hariyama|def|1\n|-unboost|p1a: Hariyama|spd|1\n|\n|-heal|p2a: Lunala|194/308|[from] item: Leftovers\n|-damage|p1a: Hariyama|94/100 brn|[from] brn\n|upkeep\n|turn|5\n|inactive|Time left: 300 sec this turn | 300 sec total\n|\n|t:|1783555847\n|move|p2a: Lunala|Moonlight|p2a: Lunala\n|-heal|p2a: Lunala|308/308\n|move|p1a: Hariyama|Facade|p2a: Lunala\n|-damage|p2a: Lunala|205/308\n|\n|-heal|p2a: Lunala|224/308|[from] item: Leftovers\n|-damage|p1a: Hariyama|88/100 brn|[from] brn\n|upkeep\n|turn|6\n|inactive|Time left: 300 sec this turn | 300 sec total\n|\n|t:|1783555848\n|move|p2a: Lunala|Focus Blast|p1a: Hariyama\n|-damage|p1a: Hariyama|2/100 brn\n|move|p1a: Hariyama|Close Combat|p2a: Lunala\n|-damage|p2a: Lunala|0 fnt\n|-unboost|p1a: Hariyama|def|1\n|-unboost|p1a: Hariyama|spd|1\n|faint|p2a: Lunala\n|\n|-damage|p1a: Hariyama|0 fnt|[from] brn\n|faint|p1a: Hariyama\n|upkeep\n|inactive|Time left: 300 sec this turn | 300 sec total | 5 sec grace\n|\n|t:|1783555849\n|switch|p2a: Noctowl|Noctowl, L95, M|344/344\n|switch|p1a: Sandslash|Sandslash-Alola, L88, M|100/100\n|turn|7\n|inactive|Time left: 300 sec this turn | 300 sec total\n|\n|t:|1783555850\n|move|p2a: Noctowl|Hurricane|p1a: Sandslash\n|-resisted|p1a: Sandslash\n|-damage|p1a: Sandslash|45/100\n|move|p1a: Sandslash|Triple Axel|p2a: Noctowl\n|-supereffective|p2a: Noctowl\n|-damage|p2a: Noctowl|284/344\n|-supereffective|p2a: Noctowl\n|-damage|p2a: Noctowl|156/344\n|-supereffective|p2a: Noctowl\n|-damage|p2a: Noctowl|0 fnt\n|faint|p2a: Noctowl\n|-hitcount|p2: Noctowl|3\n|\n|-heal|p1a: Sandslash|51/100|[from] item: Leftovers\n|upkeep\n|inactive|Time left: 300 sec this turn | 300 sec total | 5 sec grace\n|\n|t:|1783555852\n|switch|p2a: Swanna|Swanna, L89, F|278/278\n|turn|8\n|inactive|Time left: 300 sec this turn | 300 sec total\n|\n|t:|1783555853\n|move|p2a: Swanna|Hydro Pump|p1a: Sandslash\n|-damage|p1a: Sandslash|4/100\n|move|p1a: Sandslash|Rapid Spin|p2a: Swanna\n|-damage|p2a: Swanna|232/278\n|-boost|p1a: Sandslash|spe|1\n|\n|-heal|p1a: Sandslash|10/100|[from] item: Leftovers\n|upkeep\n|turn|9\n|inactive|Time left: 300 sec this turn | 300 sec total\n|\n|t:|1783555854\n|move|p1a: Sandslash|Triple Axel|p2a: Swanna\n|-damage|p2a: Swanna|199/278\n|-hitcount|p2a: Swanna|1\n|move|p2a: Swanna|Flip Turn|p1a: Sandslash\n|-damage|p1a: Sandslash|0 fnt\n|faint|p1a: Sandslash\n|inactive|Time left: 300 sec this turn | 300 sec total | 5 sec grace\n|\n|t:|1783555855\n|switch|p2a: Porygon-Z|Porygon-Z, L83|277/277|[from] Flip Turn\n|\n|upkeep\n|\n|t:|1783555856\n|switch|p1a: Armarouge|Armarouge, L80, F|100/100\n|turn|10\n|inactive|Time left: 300 sec this turn | 300 sec total\n|\n|t:|1783555857\n|move|p2a: Porygon-Z|Tri Attack|p1a: Armarouge\n|-damage|p1a: Armarouge|16/100\n|-damage|p2a: Porygon-Z|250/277|[from] item: Life Orb\n|move|p1a: Armarouge|Armor Cannon|p2a: Porygon-Z\n|-damage|p2a: Porygon-Z|4/277\n|-unboost|p1a: Armarouge|def|1\n|-unboost|p1a: Armarouge|spd|1\n|\n|upkeep\n|turn|11\n|inactive|Time left: 300 sec this turn | 300 sec total\n|\n|t:|1783555858\n|switch|p1a: Coalossal|Coalossal, L89, M|100/100\n|move|p2a: Porygon-Z|Tri Attack|p1a: Coalossal\n|-resisted|p1a: Coalossal\n|-damage|p1a: Coalossal|74/100\n|-damage|p2a: Porygon-Z|0 fnt|[from] item: Life Orb\n|faint|p2a: Porygon-Z\n|\n|upkeep\n|inactive|Time left: 300 sec this turn | 300 sec total | 5 sec grace\n|\n|t:|1783555859\n|switch|p2a: Swanna|Swanna, L89, F|199/278\n|turn|12\n|inactive|Time left: 300 sec this turn | 300 sec total\n|\n|t:|1783555860\n|-terastallize|p1a: Coalossal|Ghost\n|move|p2a: Swanna|Hydro Pump|p1a: Coalossal\n|-damage|p1a: Coalossal|40/100\n|move|p1a: Coalossal|Stone Edge|p2a: Swanna\n|-supereffective|p2a: Swanna\n|-crit|p2a: Swanna\n|-damage|p2a: Swanna|0 fnt\n|faint|p2a: Swanna\n|\n|upkeep\n|inactive|Time left: 300 sec this turn | 300 sec total | 5 sec grace\n|\n|t:|1783555861\n|switch|p2a: Shiftry|Shiftry, L89, F|305/305\n|turn|13\n|inactive|Time left: 300 sec this turn | 300 sec total\n|\n|t:|1783555862\n|move|p2a: Shiftry|Knock Off|p1a: Coalossal\n|-supereffective|p1a: Coalossal\n|-damage|p1a: Coalossal|0 fnt\n|-status|p2a: Shiftry|brn|[from] ability: Flame Body|[of] p1a: Coalossal\n|-enditem|p1a: Coalossal|Heavy-Duty Boots|[from] move: Knock Off|[of] p2a: Shiftry\n|faint|p1a: Coalossal\n|\n|-damage|p2a: Shiftry|286/305 brn|[from] brn\n|upkeep\n|\n|t:|1783555863\n|switch|p1a: Florges|Florges, L85, F|100/100\n|turn|14\n|inactive|Time left: 300 sec this turn | 300 sec total\n|\n|t:|1783555864\n|move|p2a: Shiftry|Knock Off|p1a: Florges\n|-resisted|p1a: Florges\n|-damage|p1a: Florges|87/100\n|-enditem|p1a: Florges|Leftovers|[from] move: Knock Off|[of] p2a: Shiftry\n|move|p1a: Florges|Calm Mind|p1a: Florges\n|-boost|p1a: Florges|spa|1\n|-boost|p1a: Florges|spd|1\n|\n|-damage|p2a: Shiftry|267/305 brn|[from] brn\n|upkeep\n|turn|15\n|inactive|Time left: 300 sec this turn | 300 sec total\n|\n|t:|1783555864\n|move|p2a: Shiftry|Leaf Storm|p1a: Florges\n|-damage|p1a: Florges|62/100\n|-unboost|p2a: Shiftry|spa|2\n|move|p1a: Florges|Moonblast|p2a: Shiftry\n|-supereffective|p2a: Shiftry\n|-damage|p2a: Shiftry|0 fnt\n|faint|p2a: Shiftry\n|\n|upkeep\n|inactive|Time left: 300 sec this turn | 300 sec total | 5 sec grace\n|\n|t:|1783555865\n|switch|p2a: Kyurem|Kyurem, L77|319/319\n|-ability|p2a: Kyurem|Pressure\n|turn|16\n|inactive|Time left: 300 sec this turn | 300 sec total\n|\n|t:|1783555866\n|move|p2a: Kyurem|Icicle Spear|p1a: Florges\n|-damage|p1a: Florges|50/100\n|-damage|p1a: Florges|37/100\n|-damage|p1a: Florges|25/100\n|-damage|p1a: Florges|12/100\n|-hitcount|p1a: Florges|4\n|move|p1a: Florges|Moonblast|p2a: Kyurem\n|-supereffective|p2a: Kyurem\n|-damage|p2a: Kyurem|0 fnt\n|faint|p2a: Kyurem\n|\n|win|p0x144187b2", "uploadtime": 1783555866, "views": 0, "rating": 0, "private": 0, "password": null, "_winner": "p0x144187b2", "_our_name": "p0y1441ad21"}