{"id": "battle-gen9randombattle-280", "formatid": "gen9randombattle", "format": "[Gen 9] Random Battle", "players": ["p0x280e1b9", "p0y280b13f"], "log": "|init|battle\n|title|p0x280e1b9 vs. p0y280b13f\n|j|\u2606p0x280e1b9\n|j|\u2606p0y280b13f\n|t:|1783542310\n|gametype|singles\n|player|p1|p0x280e1b9|2|\n|player|p2|p0y280b13f|1|\n|gen|9\n|tier|[Gen 9] Random Battle\n|rule|Species Clause: Limit one of each Pok\u00e9mon\n|rule|HP Percentage Mod: HP is shown in percentages\n|rule|Sleep Clause Mod: Limit one foe put to sleep\n|rule|Illusion Level Mod: Illusion disguises the Pok\u00e9mon's true level\n|\n|t:|1783542310\n|teamsize|p1|6\n|teamsize|p2|6\n|start\n|switch|p1a: Overqwil|Overqwil, L82, M|274/274\n|switch|p2a: Vigoroth|Vigoroth, L85, M|100/100\n|-ability|p1a: Overqwil|Intimidate|boost\n|-unboost|p2a: Vigoroth|atk|1\n|turn|1\n|inactive|Battle timer is ON: inactive players will automatically lose when time's up. (requested by p0y280b13f)\n|inactive|Time left: 300 sec this turn | 300 sec total | 60 sec grace\n|inactive|p0x280e1b9 also wants the timer to be on.\n|\n|t:|1783542312\n|move|p2a: Vigoroth|Bulk Up|p2a: Vigoroth\n|-boost|p2a: Vigoroth|atk|1\n|-boost|p2a: Vigoroth|def|1\n|move|p1a: Overqwil|Swords Dance|p1a: Overqwil\n|-boost|p1a: Overqwil|atk|2\n|\n|upkeep\n|turn|2\n|inactive|Time left: 300 sec this turn | 300 sec total\n|\n|t:|1783542313\n|move|p2a: Vigoroth|Bulk Up|p2a: Vigoroth\n|-boost|p2a: Vigoroth|atk|1\n|-boost|p2a: Vigoroth|def|1\n|move|p1a: Overqwil|Gunk Shot|p2a: Vigoroth|[miss]\n|-miss|p1a: Overqwil|p2a: Vigoroth\n|\n|upkeep\n|turn|3\n|inactive|Time left: 300 sec this turn | 300 sec total\n|\n|t:|1783542314\n|move|p2a: Vigoroth|Body Slam|p1a: Overqwil\n|-damage|p1a: Overqwil|148/274\n|move|p1a: Overqwil|Gunk Shot|p2a: Vigoroth|[miss]\n|-miss|p1a: Overqwil|p2a: Vigoroth\n|\n|upkeep\n|turn|4\n|inactive|Time left: 300 sec this turn | 300 sec total\n|\n|t:|1783542315\n|move|p2a: Vigoroth|Body Slam|p1a: Overqwil\n|-damage|p1a: Overqwil|22/274\n|move|p1a: Overqwil|Gunk Shot|p2a: Vigoroth\n|-damage|p2a: Vigoroth|67/100\n|\n|upkeep\n|turn|5\n|inactive|Time left: 300 sec this turn | 300 sec total\n|\n|t:|1783542316\n|switch|p1a: Grimmsnarl|Grimmsnarl, L83, M|293/293\n|move|p2a: Vigoroth|Knock Off|p1a: Grimmsnarl\n|-resisted|p1a: Grimmsnarl\n|-damage|p1a: Grimmsnarl|265/293\n|-enditem|p1a: Grimmsnarl|Light Clay|[from] move: Knock Off|[of] p2a: Vigoroth\n|\n|upkeep\n|turn|6\n|inactive|Time left: 300 sec this turn | 300 sec total\n|\n|t:|1783542317\n|move|p1a: Grimmsnarl|Reflect|p1a: Grimmsnarl\n|-sidestart|p1: p0x280e1b9|Reflect\n|move|p2a: Vigoroth|Body Slam|p1a: Grimmsnarl\n|-damage|p1a: Grimmsnarl|187/293\n|-status|p1a: Grimmsnarl|par\n|\n|upkeep\n|turn|7\n|inactive|Time left: 300 sec this turn | 300 sec total\n|\n|t:|1783542318\n|move|p1a: Grimmsnarl|Light Screen|p1a: Grimmsnarl\n|-sidestart|p1: p0x280e1b9|move: Light Screen\n|move|p2a: Vigoroth|Bulk Up|p2a: Vigoroth\n|-boost|p2a: Vigoroth|atk|1\n|-boost|p2a: Vigoroth|def|1\n|\n|upkeep\n|turn|8\n|inactive|Time left: 300 sec this turn | 300 sec total\n|\n|t:|1783542319\n|move|p1a: Grimmsnarl|Parting Shot|p2a: Vigoroth\n|-unboost|p2a: Vigoroth|atk|1\n|-unboost|p2a: Vigoroth|spa|1\n|inactive|Time left: 300 sec this turn | 300 sec total | 5 sec grace\n|\n|t:|1783542320\n|switch|p1a: Tatsugiri|Tatsugiri, L87, F|260/260|[from] Parting Shot\n|move|p2a: Vigoroth|Body Slam|p1a: Tatsugiri\n|-crit|p1a: Tatsugiri\n|-damage|p1a: Tatsugiri|44/260\n|\n|upkeep\n|turn|9\n|inactive|Time left: 300 sec this turn | 300 sec total\n|\n|t:|1783542321\n|switch|p1a: Slowking|Slowking, L88, M|310/310\n|move|p2a: Vigoroth|Knock Off|p1a: Slowking\n|-supereffective|p1a: Slowking\n|-damage|p1a: Slowking|223/310\n|-enditem|p1a: Slowking|Heavy-Duty Boots|[from] move: Knock Off|[of] p2a: Vigoroth\n|\n|upkeep\n|turn|10\n|inactive|Time left: 300 sec this turn | 300 sec total\n|\n|t:|1783542322\n|move|p2a: Vigoroth|Body Slam|p1a: Slowking\n|-damage|p1a: Slowking|157/310\n|move|p1a: Slowking|Scald|p2a: Vigoroth\n|-damage|p2a: Vigoroth|35/100\n|-status|p2a: Vigoroth|brn\n|\n|-damage|p2a: Vigoroth|29/100 brn|[from] brn\n|-sideend|p1: p0x280e1b9|Reflect\n|upkeep\n|turn|11\n|inactive|Time left: 300 sec this turn | 300 sec total\n|\n|t:|1783542323\n|move|p2a: Vigoroth|Slack Off|p2a: Vigoroth\n|-heal|p2a: Vigoroth|79/100 brn\n|move|p1a: Slowking|Scald|p2a: Vigoroth\n|-damage|p2a: Vigoroth|49/100 brn\n|\n|-damage|p2a: Vigoroth|43/100 brn|[from] brn\n|-sideend|p1: p0x280e1b9|move: Light Screen\n|upkeep\n|turn|12\n|inactive|Time left: 300 sec this turn | 300 sec total\n|\n|t:|1783542324\n|move|p2a: Vigoroth|Slack Off|p2a: Vigoroth\n|-heal|p2a: Vigoroth|93/100 brn\n|move|p1a: Slowking|Slack Off|p1a: Slowking\n|-heal|p1a: Slowking|310/310\n|\n|-damage|p2a: Vigoroth|87/100 brn|[from] brn\n|upkeep\n|turn|13\n|inactive|Time left: 300 sec this turn | 300 sec total\n|\n|t:|1783542325\n|move|p2a: Vigoroth|Body Slam|p1a: Slowking\n|-damage|p1a: Slowking|249/310\n|move|p1a: Slowking|Scald|p2a: Vigoroth\n|-damage|p2a: Vigoroth|53/100 brn\n|\n|-damage|p2a: Vigoroth|47/100 brn|[from] brn\n|upkeep\n|turn|14\n|inactive|Time left: 300 sec this turn | 300 sec total\n|\n|t:|1783542326\n|switch|p1a: Grimmsnarl|Grimmsnarl, L83, M|187/293 par\n|move|p2a: Vigoroth|Slack Off|p2a: Vigoroth\n|-heal|p2a: Vigoroth|97/100 brn\n|\n|-damage|p2a: Vigoroth|91/100 brn|[from] brn\n|upkeep\n|turn|15\n|inactive|Time left: 300 sec this turn | 300 sec total\n|\n|t:|1783542327\n|move|p1a: Grimmsnarl|Light Screen|p1a: Grimmsnarl\n|-sidestart|p1: p0x280e1b9|move: Light Screen\n|move|p2a: Vigoroth|Bulk Up|p2a: Vigoroth\n|-boost|p2a: Vigoroth|atk|1\n|-boost|p2a: Vigoroth|def|1\n|\n|-damage|p2a: Vigoroth|84/100 brn|[from] brn\n|upkeep\n|turn|16\n|inactive|Time left: 300 sec this turn | 300 sec total\n|\n|t:|1783542328\n|move|p1a: Grimmsnarl|Reflect|p1a: Grimmsnarl\n|-sidestart|p1: p0x280e1b9|Reflect\n|move|p2a: Vigoroth|Body Slam|p1a: Grimmsnarl\n|-damage|p1a: Grimmsnarl|135/293 par\n|\n|-damage|p2a: Vigoroth|78/100 brn|[from] brn\n|upkeep\n|turn|17\n|inactive|Time left: 300 sec this turn | 300 sec total\n|\n|t:|1783542329\n|move|p1a: Grimmsnarl|Parting Shot|p2a: Vigoroth\n|-unboost|p2a: Vigoroth|atk|1\n|-unboost|p2a: Vigoroth|spa|1\n|inactive|Time left: 300 sec this turn | 300 sec total | 5 sec grace\n|\n|t:|1783542330\n|switch|p1a: Slowking|Slowking, L88, M|310/310|[from] Parting Shot\n|move|p2a: Vigoroth|Body Slam|p1a: Slowking\n|-damage|p1a: Slowking|277/310\n|\n|-damage|p2a: Vigoroth|72/100 brn|[from] brn\n|upkeep\n|turn|18\n|inactive|Time left: 300 sec this turn | 300 sec total\n|\n|t:|1783542332\n|move|p2a: Vigoroth|Bulk Up|p2a: Vigoroth\n|-boost|p2a: Vigoroth|atk|1\n|-boost|p2a: Vigoroth|def|1\n|move|p1a: Slowking|Scald|p2a: Vigoroth\n|-damage|p2a: Vigoroth|43/100 brn\n|\n|-damage|p2a: Vigoroth|36/100 brn|[from] brn\n|upkeep\n|turn|19\n|inactive|Time left: 300 sec this turn | 300 sec total\n|\n|t:|1783542333\n|move|p2a: Vigoroth|Slack Off|p2a: Vigoroth\n|-heal|p2a: Vigoroth|87/100 brn\n|move|p1a: Slowking|Scald|p2a: Vigoroth\n|-damage|p2a: Vigoroth|57/100 brn\n|\n|-damage|p2a: Vigoroth|51/100 brn|[from] brn\n|-sideend|p1: p0x280e1b9|move: Light Screen\n|upkeep\n|turn|20\n|inactive|Time left: 300 sec this turn | 300 sec total\n|\n|t:|1783542334\n|move|p2a: Vigoroth|Slack Off|p2a: Vigoroth\n|-heal|p2a: Vigoroth|100/100 brn\n|move|p1a: Slowking|Scald|p2a: Vigoroth\n|-damage|p2a: Vigoroth|67/100 brn\n|\n|-damage|p2a: Vigoroth|60/100 brn|[from] brn\n|-sideend|p1: p0x280e1b9|Reflect\n|upkeep\n|turn|21\n|inactive|Time left: 300 sec this turn | 300 sec total\n|\n|t:|1783542335\n|move|p2a: Vigoroth|Body Slam|p1a: Slowking\n|-damage|p1a: Slowking|199/310\n|move|p1a: Slowking|Scald|p2a: Vigoroth\n|-damage|p2a: Vigoroth|30/100 brn\n|\n|-damage|p2a: Vigoroth|23/100 brn|[from] brn\n|upkeep\n|turn|22\n|inactive|Time left: 300 sec this turn | 300 sec total\n|\n|t:|1783542336\n|move|p2a: Vigoroth|Slack Off|p2a: Vigoroth\n|-heal|p2a: Vigoroth|74/100 brn\n|move|p1a: Slowking|Scald|p2a: Vigoroth\n|-damage|p2a: Vigoroth|39/100 brn\n|\n|-damage|p2a: Vigoroth|33/100 brn|[from] brn\n|upkeep\n|turn|23\n|inactive|Time left: 300 sec this turn | 300 sec total\n|\n|t:|1783542337\n|move|p2a: Vigoroth|Slack Off|p2a: Vigoroth\n|-heal|p2a: Vigoroth|83/100 brn\n|move|p1a: Slowking|Scald|p2a: Vigoroth\n|-damage|p2a: Vigoroth|54/100 brn\n|\n|-damage|p2a: Vigoroth|47/100 brn|[from] brn\n|upkeep\n|turn|24\n|inactive|Time left: 300 sec this turn | 300 sec total\n|\n|t:|1783542338\n|switch|p1a: Grimmsnarl|Grimmsnarl, L83, M|135/293 par\n|move|p2a: Vigoroth|Body Slam|p1a: Grimmsnarl\n|-damage|p1a: Grimmsnarl|36/293 par\n|\n|-damage|p2a: Vigoroth|41/100 brn|[from] brn\n|upkeep\n|turn|25\n|inactive|Time left: 300 sec this turn | 300 sec total\n|\n|t:|1783542339\n|cant|p1a: Grimmsnarl|par\n|move|p2a: Vigoroth|Body Slam|p1a: Grimmsnarl\n|-damage|p1a: Grimmsnarl|0 fnt\n|faint|p1a: Grimmsnarl\n|\n|-damage|p2a: Vigoroth|35/100 brn|[from] brn\n|upkeep\n|inactive|Time left: 300 sec this turn | 300 sec total | 5 sec grace\n|\n|t:|1783542340\n|switch|p1a: Slowking|Slowking, L88, M|302/310\n|turn|26\n|inactive|Time left: 300 sec this turn | 300 sec total\n|\n|t:|1783542342\n|move|p2a: Vigoroth|Slack Off|p2a: Vigoroth\n|-heal|p2a: Vigoroth|85/100 brn\n|move|p1a: Slowking|Scald|p2a: Vigoroth\n|-damage|p2a: Vigoroth|55/100 brn\n|\n|-damage|p2a: Vigoroth|48/100 brn|[from] brn\n|upkeep\n|turn|27\n|inactive|Time left: 300 sec this turn | 300 sec total\n|\n|t:|1783542342\n|move|p2a: Vigoroth|Body Slam|p1a: Slowking\n|-damage|p1a: Slowking|218/310\n|move|p1a: Slowking|Scald|p2a: Vigoroth\n|-damage|p2a: Vigoroth|14/100 brn\n|\n|-damage|p2a: Vigoroth|8/100 brn|[from] brn\n|upkeep\n|turn|28\n|inactive|Time left: 300 sec this turn | 300 sec total\n|\n|t:|1783542343\n|switch|p1a: Overqwil|Overqwil, L82, M|22/274\n|-ability|p1a: Overqwil|Intimidate|boost\n|-unboost|p2a: Vigoroth|atk|1\n|move|p2a: Vigoroth|Body Slam|p1a: Overqwil\n|-damage|p1a: Overqwil|0 fnt\n|faint|p1a: Overqwil\n|\n|-damage|p2a: Vigoroth|2/100 brn|[from] brn\n|upkeep\n|inactive|Time left: 300 sec this turn | 300 sec total | 5 sec grace\n|\n|t:|1783542344\n|switch|p1a: Dodrio|Dodrio, L85, F|241/241\n|turn|29\n|inactive|Time left: 300 sec this turn | 300 sec total\n|\n|t:|1783542345\n|move|p1a: Dodrio|Brave Bird|p2a: Vigoroth\n|-damage|p2a: Vigoroth|0 fnt\n|faint|p2a: Vigoroth\n|-damage|p1a: Dodrio|240/241|[from] Recoil\n|\n|upkeep\n|\n|t:|1783542346\n|switch|p2a: Minior|Minior, L79|100/100\n|-formechange|p2a: Minior|Minior-Meteor||[from] ability: Shields Down\n|turn|30\n|inactive|Time left: 300 sec this turn | 300 sec total\n|\n|t:|1783542347\n|move|p1a: Dodrio|Brave Bird|p2a: Minior\n|-resisted|p2a: Minior\n|-damage|p2a: Minior|51/100\n|-damage|p1a: Dodrio|203/241|[from] Recoil\n|move|p2a: Minior|Shell Smash|p2a: Minior\n|-unboost|p2a: Minior|def|1\n|-unboost|p2a: Minior|spd|1\n|-boost|p2a: Minior|atk|2\n|-boost|p2a: Minior|spa|2\n|-boost|p2a: Minior|spe|2\n|-enditem|p2a: Minior|White Herb\n|-clearnegativeboost|p2a: Minior|[silent]\n|\n|upkeep\n|turn|31\n|inactive|Time left: 300 sec this turn | 300 sec total\n|\n|t:|1783542347\n|switch|p1a: Slowking|Slowking, L88, M|310/310\n|move|p2a: Minior|Acrobatics|p1a: Slowking\n|-damage|p1a: Slowking|160/310\n|\n|upkeep\n|turn|32\n|inactive|Time left: 300 sec this turn | 300 sec total\n|\n|t:|1783542348\n|-terastallize|p2a: Minior|Flying\n|move|p2a: Minior|Acrobatics|p1a: Slowking\n|-damage|p1a: Slowking|0 fnt\n|faint|p1a: Slowking\n|\n|upkeep\n|inactive|Time left: 300 sec this turn | 300 sec total | 5 sec grace\n|\n|t:|1783542349\n|switch|p1a: Medicham|Medicham, L86, M|243/243\n|turn|33\n|inactive|Time left: 300 sec this turn | 300 sec total\n|\n|t:|1783542350\n|move|p2a: Minior|Acrobatics|p1a: Medicham\n|-supereffective|p1a: Medicham\n|-damage|p1a: Medicham|0 fnt\n|faint|p1a: Medicham\n|\n|upkeep\n|inactive|Time left: 300 sec this turn | 300 sec total | 5 sec grace\n|\n|t:|1783542351\n|switch|p1a: Tatsugiri|Tatsugiri, L87, F|44/260\n|turn|34\n|inactive|Time left: 300 sec this turn | 300 sec total\n|\n|t:|1783542351\n|-terastallize|p1a: Tatsugiri|Water\n|move|p2a: Minior|Power Gem|p1a: Tatsugiri\n|-damage|p1a: Tatsugiri|0 fnt\n|faint|p1a: Tatsugiri\n|\n|upkeep\n|inactive|Time left: 300 sec this turn | 300 sec total | 5 sec grace\n|\n|t:|1783542352\n|switch|p1a: Dodrio|Dodrio, L85, F|203/241\n|turn|35\n|inactive|Time left: 300 sec this turn | 300 sec total\n|\n|t:|1783542353\n|move|p2a: Minior|Power Gem|p1a: Dodrio\n|-supereffective|p1a: Dodrio\n|-damage|p1a: Dodrio|0 fnt\n|faint|p1a: Dodrio\n|\n|win|p0y280b13f", "uploadtime": 1783542353, "views": 0, "rating": 0, "private": 0, "password": null, "_winner": "p0y280b13f", "_our_name": "p0x280e1b9"}