{"id": "battle-gen9randombattle-1280", "formatid": "gen9randombattle", "format": "[Gen 9] Random Battle", "players": ["p0x1280600d", "p0y128026b6"], "log": "|init|battle\n|title|p0x1280600d vs. p0y128026b6\n|j|\u2606p0x1280600d\n|j|\u2606p0y128026b6\n|t:|1783553972\n|gametype|singles\n|player|p1|p0x1280600d|1|\n|player|p2|p0y128026b6|169|\n|gen|9\n|tier|[Gen 9] Random Battle\n|rule|Species Clause: Limit one of each Pok\u00e9mon\n|rule|HP Percentage Mod: HP is shown in percentages\n|rule|Sleep Clause Mod: Limit one foe put to sleep\n|rule|Illusion Level Mod: Illusion disguises the Pok\u00e9mon's true level\n|\n|t:|1783553972\n|teamsize|p1|6\n|teamsize|p2|6\n|start\n|switch|p1a: Mienshao|Mienshao, L83, M|243/243\n|switch|p2a: Dedenne|Dedenne, L88, F|100/100\n|turn|1\n|inactive|Battle timer is ON: inactive players will automatically lose when time's up. (requested by p0y128026b6)\n|inactive|Time left: 300 sec this turn | 300 sec total | 60 sec grace\n|inactive|p0x1280600d also wants the timer to be on.\n|\n|t:|1783553973\n|move|p2a: Dedenne|Dazzling Gleam|p1a: Mienshao\n|-supereffective|p1a: Mienshao\n|-damage|p1a: Mienshao|37/243\n|move|p1a: Mienshao|Poison Jab|p2a: Dedenne\n|-supereffective|p2a: Dedenne\n|-damage|p2a: Dedenne|0 fnt\n|faint|p2a: Dedenne\n|\n|upkeep\n|\n|t:|1783553974\n|switch|p2a: Zangoose|Zangoose, L85, M|100/100\n|turn|2\n|inactive|Time left: 300 sec this turn | 300 sec total\n|\n|t:|1783553976\n|move|p2a: Zangoose|Quick Attack|p1a: Mienshao\n|-crit|p1a: Mienshao\n|-damage|p1a: Mienshao|0 fnt\n|faint|p1a: Mienshao\n|\n|-status|p2a: Zangoose|tox|[from] item: Toxic Orb\n|upkeep\n|inactive|Time left: 300 sec this turn | 300 sec total | 5 sec grace\n|\n|t:|1783553977\n|switch|p1a: Chien-Pao|Chien-Pao, L72|234/234\n|-ability|p1a: Chien-Pao|Sword of Ruin\n|turn|3\n|inactive|Time left: 300 sec this turn | 300 sec total\n|\n|t:|1783553978\n|move|p1a: Chien-Pao|Sacred Sword|p2a: Zangoose\n|-supereffective|p2a: Zangoose\n|-damage|p2a: Zangoose|0 fnt\n|faint|p2a: Zangoose\n|\n|upkeep\n|\n|t:|1783553978\n|switch|p2a: Bombirdier|Bombirdier, L85, M|100/100\n|turn|4\n|inactive|Time left: 300 sec this turn | 300 sec total\n|\n|t:|1783553980\n|move|p1a: Chien-Pao|Sacred Sword|p2a: Bombirdier\n|-damage|p2a: Bombirdier|60/100\n|move|p2a: Bombirdier|Stone Edge|p1a: Chien-Pao\n|-supereffective|p1a: Chien-Pao\n|-damage|p1a: Chien-Pao|0 fnt\n|faint|p1a: Chien-Pao\n|\n|upkeep\n|inactive|Time left: 300 sec this turn | 300 sec total | 5 sec grace\n|\n|t:|1783553981\n|switch|p1a: Chesnaught|Chesnaught, L84, F|285/285\n|turn|5\n|inactive|Time left: 300 sec this turn | 300 sec total\n|\n|t:|1783553982\n|move|p2a: Bombirdier|Brave Bird|p1a: Chesnaught\n|-supereffective|p1a: Chesnaught\n|-damage|p1a: Chesnaught|0 fnt\n|-damage|p2a: Bombirdier|43/100|[from] item: Rocky Helmet|[of] p1a: Chesnaught\n|faint|p1a: Chesnaught\n|-damage|p2a: Bombirdier|7/100|[from] Recoil\n|\n|upkeep\n|inactive|Time left: 300 sec this turn | 300 sec total | 5 sec grace\n|\n|t:|1783553983\n|switch|p1a: Landorus|Landorus, L75, M|257/257\n|turn|6\n|inactive|Time left: 300 sec this turn | 300 sec total\n|\n|t:|1783553984\n|move|p1a: Landorus|Sludge Wave|p2a: Bombirdier\n|-damage|p2a: Bombirdier|0 fnt\n|faint|p2a: Bombirdier\n|\n|upkeep\n|\n|t:|1783553985\n|switch|p2a: Noctowl|Noctowl, L95, F|100/100\n|turn|7\n|inactive|Time left: 300 sec this turn | 300 sec total\n|\n|t:|1783553986\n|move|p1a: Landorus|Focus Blast|p2a: Noctowl\n|-damage|p2a: Noctowl|69/100\n|move|p2a: Noctowl|Calm Mind|p2a: Noctowl\n|-boost|p2a: Noctowl|spa|1\n|-boost|p2a: Noctowl|spd|1\n|\n|upkeep\n|turn|8\n|inactive|Time left: 300 sec this turn | 300 sec total\n|\n|t:|1783553987\n|switch|p1a: Dondozo|Dondozo, L78, F|362/362\n|move|p2a: Noctowl|Hurricane|p1a: Dondozo\n|-damage|p1a: Dondozo|176/362\n|\n|-heal|p1a: Dondozo|198/362|[from] item: Leftovers\n|upkeep\n|turn|9\n|inactive|Time left: 300 sec this turn | 300 sec total\n|\n|t:|1783553988\n|move|p2a: Noctowl|Hyper Voice|p1a: Dondozo\n|-damage|p1a: Dondozo|60/362\n|move|p1a: Dondozo|Wave Crash|p2a: Noctowl\n|-damage|p2a: Noctowl|24/100\n|-damage|p1a: Dondozo|9/362|[from] Recoil\n|\n|-heal|p1a: Dondozo|31/362|[from] item: Leftovers\n|upkeep\n|turn|10\n|inactive|Time left: 300 sec this turn | 300 sec total\n|\n|t:|1783553990\n|move|p2a: Noctowl|Roost|p2a: Noctowl\n|-heal|p2a: Noctowl|74/100\n|-singleturn|p2a: Noctowl|move: Roost\n|move|p1a: Dondozo|Rest|p1a: Dondozo\n|-status|p1a: Dondozo|slp|[from] move: Rest\n|-heal|p1a: Dondozo|362/362 slp|[silent]\n|\n|upkeep\n|turn|11\n|inactive|Time left: 300 sec this turn | 300 sec total\n|\n|t:|1783553991\n|move|p2a: Noctowl|Hyper Voice|p1a: Dondozo\n|-damage|p1a: Dondozo|211/362 slp\n|cant|p1a: Dondozo|slp\n|move|p1a: Dondozo|Sleep Talk|p1a: Dondozo\n|move|p1a: Dondozo|Wave Crash|p2a: Noctowl|[from] move: Sleep Talk\n|-damage|p2a: Noctowl|29/100\n|-damage|p1a: Dondozo|161/362 slp|[from] Recoil\n|\n|-heal|p1a: Dondozo|183/362 slp|[from] item: Leftovers\n|upkeep\n|turn|12\n|inactive|Time left: 300 sec this turn | 300 sec total\n|\n|t:|1783553992\n|move|p2a: Noctowl|Roost|p2a: Noctowl\n|-heal|p2a: Noctowl|79/100\n|-singleturn|p2a: Noctowl|move: Roost\n|cant|p1a: Dondozo|slp\n|move|p1a: Dondozo|Sleep Talk|p1a: Dondozo\n|move|p1a: Dondozo|Wave Crash|p2a: Noctowl|[from] move: Sleep Talk\n|-crit|p2a: Noctowl\n|-damage|p2a: Noctowl|20/100\n|-damage|p1a: Dondozo|115/362 slp|[from] Recoil\n|\n|-heal|p1a: Dondozo|137/362 slp|[from] item: Leftovers\n|upkeep\n|turn|13\n|inactive|Time left: 300 sec this turn | 300 sec total\n|\n|t:|1783553993\n|move|p2a: Noctowl|Roost|p2a: Noctowl\n|-heal|p2a: Noctowl|70/100\n|-singleturn|p2a: Noctowl|move: Roost\n|-curestatus|p1a: Dondozo|slp|[msg]\n|move|p1a: Dondozo|Wave Crash|p2a: Noctowl\n|-damage|p2a: Noctowl|28/100\n|-damage|p1a: Dondozo|89/362|[from] Recoil\n|\n|-heal|p1a: Dondozo|111/362|[from] item: Leftovers\n|upkeep\n|turn|14\n|inactive|Time left: 300 sec this turn | 300 sec total\n|\n|t:|1783553994\n|move|p2a: Noctowl|Hyper Voice|p1a: Dondozo\n|-damage|p1a: Dondozo|0 fnt\n|faint|p1a: Dondozo\n|\n|upkeep\n|inactive|Time left: 300 sec this turn | 300 sec total | 5 sec grace\n|\n|t:|1783553994\n|switch|p1a: Sceptile|Sceptile, L87, F|264/264\n|turn|15\n|inactive|Time left: 300 sec this turn | 300 sec total\n|\n|t:|1783553996\n|move|p1a: Sceptile|Rock Slide|p2a: Noctowl\n|-supereffective|p2a: Noctowl\n|-damage|p2a: Noctowl|0 fnt\n|faint|p2a: Noctowl\n|-damage|p1a: Sceptile|238/264|[from] item: Life Orb\n|\n|upkeep\n|\n|t:|1783553996\n|switch|p2a: Toxapex|Toxapex, L82, F|100/100\n|turn|16\n|inactive|Time left: 300 sec this turn | 300 sec total\n|\n|t:|1783553997\n|move|p1a: Sceptile|Shed Tail|p1a: Sceptile\n|-start|p1a: Sceptile|Substitute|[from] move: Shed Tail\n|-damage|p1a: Sceptile|106/264\n|inactive|Time left: 300 sec this turn | 300 sec total | 5 sec grace\n|\n|t:|1783553998\n|switch|p1a: Landorus|Landorus, L75, M|257/257|[from] Shed Tail\n|move|p2a: Toxapex|Recover||[still]\n|-fail|p2a: Toxapex|heal\n|\n|upkeep\n|turn|17\n|inactive|Time left: 300 sec this turn | 300 sec total\n|\n|t:|1783553999\n|-terastallize|p2a: Toxapex|Flying\n|move|p1a: Landorus|Earth Power|p2a: Toxapex\n|-immune|p2a: Toxapex\n|move|p2a: Toxapex|Liquidation|p1a: Landorus\n|-supereffective|p1a: Landorus\n|-end|p1a: Landorus|Substitute\n|\n|upkeep\n|turn|18\n|inactive|Time left: 300 sec this turn | 300 sec total\n|\n|t:|1783554000\n|-terastallize|p1a: Landorus|Poison\n|move|p1a: Landorus|Sludge Wave|p2a: Toxapex\n|-damage|p2a: Toxapex|50/100\n|move|p2a: Toxapex|Liquidation|p1a: Landorus\n|-damage|p1a: Landorus|191/257\n|-unboost|p1a: Landorus|def|1\n|\n|upkeep\n|turn|19\n|inactive|Time left: 300 sec this turn | 300 sec total\n|\n|t:|1783554001\n|switch|p2a: Spectrier|Spectrier, L75|100/100\n|move|p1a: Landorus|Sludge Wave|p2a: Spectrier\n|-resisted|p2a: Spectrier\n|-damage|p2a: Spectrier|64/100\n|\n|upkeep\n|turn|20\n|inactive|Time left: 300 sec this turn | 300 sec total\n|\n|t:|1783554002\n|move|p2a: Spectrier|Shadow Ball|p1a: Landorus\n|-damage|p1a: Landorus|34/257\n|-unboost|p1a: Landorus|spd|1\n|-damage|p2a: Spectrier|54/100|[from] item: Life Orb\n|move|p1a: Landorus|Earth Power|p2a: Spectrier\n|-damage|p2a: Spectrier|0 fnt\n|faint|p2a: Spectrier\n|\n|upkeep\n|\n|t:|1783554003\n|switch|p2a: Toxapex|Toxapex, L82, F, tera:Flying|83/100\n|turn|21\n|inactive|Time left: 300 sec this turn | 300 sec total\n|\n|t:|1783554004\n|move|p1a: Landorus|Sludge Wave|p2a: Toxapex\n|-damage|p2a: Toxapex|28/100\n|move|p2a: Toxapex|Recover|p2a: Toxapex\n|-heal|p2a: Toxapex|78/100\n|\n|upkeep\n|turn|22\n|inactive|Time left: 300 sec this turn | 300 sec total\n|\n|t:|1783554005\n|move|p1a: Landorus|Sludge Wave|p2a: Toxapex\n|-damage|p2a: Toxapex|24/100\n|move|p2a: Toxapex|Recover|p2a: Toxapex\n|-heal|p2a: Toxapex|74/100\n|\n|upkeep\n|turn|23\n|inactive|Time left: 300 sec this turn | 300 sec total\n|\n|t:|1783554006\n|move|p1a: Landorus|Sludge Wave|p2a: Toxapex\n|-damage|p2a: Toxapex|19/100\n|move|p2a: Toxapex|Recover|p2a: Toxapex\n|-heal|p2a: Toxapex|69/100\n|\n|upkeep\n|turn|24\n|inactive|Time left: 300 sec this turn | 300 sec total\n|\n|t:|1783554007\n|move|p1a: Landorus|Sludge Wave|p2a: Toxapex\n|-damage|p2a: Toxapex|17/100\n|move|p2a: Toxapex|Recover|p2a: Toxapex\n|-heal|p2a: Toxapex|67/100\n|\n|upkeep\n|turn|25\n|inactive|Time left: 300 sec this turn | 300 sec total\n|\n|t:|1783554009\n|move|p1a: Landorus|Sludge Wave|p2a: Toxapex\n|-damage|p2a: Toxapex|18/100\n|move|p2a: Toxapex|Recover|p2a: Toxapex\n|-heal|p2a: Toxapex|68/100\n|\n|upkeep\n|turn|26\n|inactive|Time left: 300 sec this turn | 300 sec total\n|\n|t:|1783554010\n|move|p1a: Landorus|Sludge Wave|p2a: Toxapex\n|-damage|p2a: Toxapex|15/100\n|move|p2a: Toxapex|Recover|p2a: Toxapex\n|-heal|p2a: Toxapex|65/100\n|\n|upkeep\n|turn|27\n|inactive|Time left: 300 sec this turn | 300 sec total\n|\n|t:|1783554010\n|move|p1a: Landorus|Sludge Wave|p2a: Toxapex\n|-damage|p2a: Toxapex|9/100\n|move|p2a: Toxapex|Recover|p2a: Toxapex\n|-heal|p2a: Toxapex|59/100\n|\n|upkeep\n|turn|28\n|inactive|Time left: 300 sec this turn | 300 sec total\n|\n|t:|1783554011\n|move|p1a: Landorus|Sludge Wave|p2a: Toxapex\n|-damage|p2a: Toxapex|9/100\n|move|p2a: Toxapex|Haze|p2a: Toxapex\n|-clearallboost\n|\n|upkeep\n|turn|29\n|inactive|Time left: 300 sec this turn | 300 sec total\n|\n|t:|1783554012\n|move|p1a: Landorus|Sludge Wave|p2a: Toxapex\n|-damage|p2a: Toxapex|0 fnt\n|faint|p2a: Toxapex\n|\n|win|p0x1280600d", "uploadtime": 1783554012, "views": 0, "rating": 0, "private": 0, "password": null, "_winner": "p0x1280600d", "_our_name": "p0x1280600d"}