{"id": "battle-gen9randombattle-2016", "formatid": "gen9randombattle", "format": "[Gen 9] Random Battle", "players": ["p0x2016fb00", "p0y2016082a"], "log": "|init|battle\n|title|p0x2016fb00 vs. p0y2016082a\n|j|\u2606p0x2016fb00\n|j|\u2606p0y2016082a\n|t:|1783562592\n|gametype|singles\n|player|p1|p0x2016fb00|169|\n|player|p2|p0y2016082a|1|\n|gen|9\n|tier|[Gen 9] Random Battle\n|rule|Species Clause: Limit one of each Pok\u00e9mon\n|rule|HP Percentage Mod: HP is shown in percentages\n|rule|Sleep Clause Mod: Limit one foe put to sleep\n|rule|Illusion Level Mod: Illusion disguises the Pok\u00e9mon's true level\n|\n|t:|1783562592\n|teamsize|p1|6\n|teamsize|p2|6\n|start\n|switch|p1a: Dialga|Dialga, L73|100/100\n|switch|p2a: Iron Treads|Iron Treads, L77|265/265\n|-ability|p1a: Dialga|Pressure\n|turn|1\n|inactive|Battle timer is ON: inactive players will automatically lose when time's up. (requested by p0x2016fb00)\n|inactive|Time left: 300 sec this turn | 300 sec total | 60 sec grace\n|inactive|p0y2016082a also wants the timer to be on.\n|\n|t:|1783562594\n|switch|p1a: Mightyena|Mightyena, L96, F|100/100\n|-ability|p1a: Mightyena|Intimidate|boost\n|-unboost|p2a: Iron Treads|atk|1\n|move|p2a: Iron Treads|Earthquake|p1a: Mightyena\n|-damage|p1a: Mightyena|78/100\n|\n|upkeep\n|turn|2\n|inactive|Time left: 300 sec this turn | 300 sec total\n|\n|t:|1783562595\n|move|p2a: Iron Treads|Rapid Spin|p1a: Mightyena\n|-damage|p1a: Mightyena|70/100\n|-boost|p2a: Iron Treads|spe|1\n|move|p1a: Mightyena|Super Fang|p2a: Iron Treads\n|-damage|p2a: Iron Treads|133/265\n|\n|upkeep\n|turn|3\n|inactive|Time left: 300 sec this turn | 300 sec total\n|\n|t:|1783562596\n|move|p2a: Iron Treads|Earthquake|p1a: Mightyena\n|-damage|p1a: Mightyena|45/100\n|move|p1a: Mightyena|Crunch|p2a: Iron Treads\n|-damage|p2a: Iron Treads|49/265\n|-unboost|p2a: Iron Treads|def|1\n|\n|upkeep\n|turn|4\n|inactive|Time left: 300 sec this turn | 300 sec total\n|\n|t:|1783562597\n|move|p2a: Iron Treads|Iron Head|p1a: Mightyena\n|-damage|p1a: Mightyena|26/100\n|move|p1a: Mightyena|Crunch|p2a: Iron Treads\n|-damage|p2a: Iron Treads|0 fnt\n|faint|p2a: Iron Treads\n|-end|p2a: Iron Treads|Quark Drive|[silent]\n|\n|upkeep\n|inactive|Time left: 300 sec this turn | 300 sec total | 5 sec grace\n|\n|t:|1783562598\n|switch|p2a: Kyurem|Kyurem, L77|319/319\n|-ability|p2a: Kyurem|Pressure\n|turn|5\n|inactive|Time left: 300 sec this turn | 300 sec total\n|\n|t:|1783562599\n|switch|p1a: Garganacl|Garganacl, L80, M|100/100\n|move|p2a: Kyurem|Icicle Spear|p1a: Garganacl\n|-damage|p1a: Garganacl|92/100\n|-damage|p1a: Garganacl|85/100\n|-damage|p1a: Garganacl|77/100\n|-damage|p1a: Garganacl|70/100\n|-hitcount|p1a: Garganacl|4\n|\n|-heal|p1a: Garganacl|76/100|[from] item: Leftovers\n|upkeep\n|turn|6\n|inactive|Time left: 300 sec this turn | 300 sec total\n|\n|t:|1783562600\n|move|p2a: Kyurem|Dragon Dance|p2a: Kyurem\n|-boost|p2a: Kyurem|atk|1\n|-boost|p2a: Kyurem|spe|1\n|move|p1a: Garganacl|Salt Cure|p2a: Kyurem\n|-supereffective|p2a: Kyurem\n|-damage|p2a: Kyurem|239/319\n|-start|p2a: Kyurem|Salt Cure\n|\n|-heal|p1a: Garganacl|82/100|[from] item: Leftovers\n|-damage|p2a: Kyurem|200/319|[from] Salt Cure\n|upkeep\n|turn|7\n|inactive|Time left: 300 sec this turn | 300 sec total\n|\n|t:|1783562601\n|move|p2a: Kyurem|Icicle Spear|p1a: Garganacl\n|-damage|p1a: Garganacl|71/100\n|-damage|p1a: Garganacl|59/100\n|-damage|p1a: Garganacl|48/100\n|-damage|p1a: Garganacl|36/100\n|-damage|p1a: Garganacl|23/100\n|-hitcount|p1a: Garganacl|5\n|move|p1a: Garganacl|Body Press|p2a: Kyurem\n|-supereffective|p2a: Kyurem\n|-damage|p2a: Kyurem|70/319\n|\n|-heal|p1a: Garganacl|29/100|[from] item: Leftovers\n|-damage|p2a: Kyurem|31/319|[from] Salt Cure\n|upkeep\n|turn|8\n|inactive|Time left: 300 sec this turn | 300 sec total\n|\n|t:|1783562602\n|move|p2a: Kyurem|Icicle Spear|p1a: Garganacl\n|-damage|p1a: Garganacl|18/100\n|-damage|p1a: Garganacl|6/100\n|-damage|p1a: Garganacl|0 fnt\n|faint|p1a: Garganacl\n|-hitcount|p1: Garganacl|3\n|\n|-damage|p2a: Kyurem|0 fnt|[from] Salt Cure\n|faint|p2a: Kyurem\n|upkeep\n|inactive|Time left: 300 sec this turn | 300 sec total | 5 sec grace\n|\n|t:|1783562603\n|switch|p2a: Registeel|Registeel, L81|262/262\n|switch|p1a: Decidueye|Decidueye-Hisui, L87, M|100/100\n|turn|9\n|inactive|Time left: 300 sec this turn | 300 sec total\n|\n|t:|1783562604\n|move|p1a: Decidueye|Swords Dance|p1a: Decidueye\n|-boost|p1a: Decidueye|atk|2\n|move|p2a: Registeel|Iron Defense|p2a: Registeel\n|-boost|p2a: Registeel|def|2\n|\n|upkeep\n|turn|10\n|inactive|Time left: 300 sec this turn | 300 sec total\n|\n|t:|1783562605\n|-terastallize|p2a: Registeel|Fighting\n|move|p1a: Decidueye|Triple Arrows|p2a: Registeel\n|-damage|p2a: Registeel|190/262\n|move|p2a: Registeel|Body Press|p1a: Decidueye\n|-damage|p1a: Decidueye|22/100\n|\n|-heal|p1a: Decidueye|28/100|[from] item: Leftovers\n|-heal|p2a: Registeel|206/262|[from] item: Leftovers\n|upkeep\n|turn|11\n|inactive|Time left: 300 sec this turn | 300 sec total\n|\n|t:|1783562605\n|move|p1a: Decidueye|Triple Arrows|p2a: Registeel\n|-damage|p2a: Registeel|127/262\n|cant|p2a: Registeel|flinch\n|\n|-heal|p1a: Decidueye|34/100|[from] item: Leftovers\n|-heal|p2a: Registeel|143/262|[from] item: Leftovers\n|upkeep\n|turn|12\n|inactive|Time left: 300 sec this turn | 300 sec total\n|\n|t:|1783562606\n|move|p1a: Decidueye|Triple Arrows|p2a: Registeel\n|-damage|p2a: Registeel|73/262\n|move|p2a: Registeel|Body Press|p1a: Decidueye\n|-damage|p1a: Decidueye|0 fnt\n|faint|p1a: Decidueye\n|\n|-heal|p2a: Registeel|89/262|[from] item: Leftovers\n|upkeep\n|\n|t:|1783562607\n|switch|p1a: Kilowattrel|Kilowattrel, L83, M|100/100\n|turn|13\n|inactive|Time left: 300 sec this turn | 300 sec total\n|\n|t:|1783562608\n|move|p1a: Kilowattrel|Hurricane|p2a: Registeel\n|-supereffective|p2a: Registeel\n|-damage|p2a: Registeel|0 fnt\n|faint|p2a: Registeel\n|\n|upkeep\n|inactive|Time left: 300 sec this turn | 300 sec total | 5 sec grace\n|\n|t:|1783562609\n|switch|p2a: Hoopa|Hoopa, L85|275/275\n|turn|14\n|inactive|Time left: 300 sec this turn | 300 sec total\n|\n|t:|1783562610\n|switch|p1a: Mightyena|Mightyena, L96, F|26/100\n|-ability|p1a: Mightyena|Intimidate|boost\n|-unboost|p2a: Hoopa|atk|1\n|move|p2a: Hoopa|Shadow Ball|p1a: Mightyena\n|-resisted|p1a: Mightyena\n|-damage|p1a: Mightyena|10/100\n|\n|upkeep\n|turn|15\n|inactive|Time left: 300 sec this turn | 300 sec total\n|\n|t:|1783562611\n|switch|p2a: Rotom|Rotom-Wash, L82|216/216\n|switch|p1a: Dialga|Dialga, L73|100/100\n|-ability|p1a: Dialga|Pressure\n|\n|upkeep\n|turn|16\n|inactive|Time left: 300 sec this turn | 300 sec total\n|\n|t:|1783562613\n|switch|p1a: Mightyena|Mightyena, L96, F|10/100\n|-ability|p1a: Mightyena|Intimidate|boost\n|-unboost|p2a: Rotom|atk|1\n|move|p2a: Rotom|Discharge|p1a: Mightyena\n|-damage|p1a: Mightyena|0 fnt\n|faint|p1a: Mightyena\n|\n|upkeep\n|\n|t:|1783562614\n|switch|p1a: Salamence|Salamence, L77, F|100/100\n|turn|17\n|inactive|Time left: 300 sec this turn | 300 sec total\n|\n|t:|1783562615\n|move|p1a: Salamence|Dragon Dance|p1a: Salamence\n|-boost|p1a: Salamence|atk|1\n|-boost|p1a: Salamence|spe|1\n|move|p2a: Rotom|Will-O-Wisp|p1a: Salamence\n|-status|p1a: Salamence|brn\n|\n|-damage|p1a: Salamence|94/100 brn|[from] brn\n|upkeep\n|turn|18\n|inactive|Time left: 300 sec this turn | 300 sec total\n|\n|t:|1783562616\n|move|p1a: Salamence|Dragon Dance|p1a: Salamence\n|-boost|p1a: Salamence|atk|1\n|-boost|p1a: Salamence|spe|1\n|move|p2a: Rotom|Pain Split|p1a: Salamence\n|-sethp|p1a: Salamence|87/100 brn|[from] move: Pain Split|[silent]\n|-sethp|p2a: Rotom|216/216|[from] move: Pain Split\n|\n|-damage|p1a: Salamence|81/100 brn|[from] brn\n|upkeep\n|turn|19\n|inactive|Time left: 300 sec this turn | 300 sec total\n|\n|t:|1783562617\n|move|p1a: Salamence|Outrage|p2a: Rotom\n|-damage|p2a: Rotom|90/216\n|move|p2a: Rotom|Pain Split|p1a: Salamence\n|-sethp|p1a: Salamence|57/100 brn|[from] move: Pain Split|[silent]\n|-sethp|p2a: Rotom|154/216|[from] move: Pain Split\n|\n|-heal|p2a: Rotom|167/216|[from] item: Leftovers\n|-damage|p1a: Salamence|51/100 brn|[from] brn\n|upkeep\n|turn|20\n|inactive|Time left: 300 sec this turn | 300 sec total\n|\n|t:|1783562618\n|move|p1a: Salamence|Outrage|p2a: Rotom|[from] lockedmove\n|-crit|p2a: Rotom\n|-damage|p2a: Rotom|0 fnt\n|faint|p2a: Rotom\n|-ability|p1a: Salamence|Moxie|boost\n|-boost|p1a: Salamence|atk|1\n|-start|p1a: Salamence|confusion|[fatigue]\n|\n|-damage|p1a: Salamence|44/100 brn|[from] brn\n|upkeep\n|inactive|Time left: 300 sec this turn | 300 sec total | 5 sec grace\n|\n|t:|1783562619\n|switch|p2a: Hoopa|Hoopa, L85|275/275\n|turn|21\n|inactive|Time left: 300 sec this turn | 300 sec total\n|\n|t:|1783562620\n|-activate|p1a: Salamence|confusion\n|-damage|p1a: Salamence|13/100 brn|[from] confusion\n|move|p2a: Hoopa|Shadow Ball|p1a: Salamence\n|-damage|p1a: Salamence|0 fnt\n|faint|p1a: Salamence\n|\n|upkeep\n|\n|t:|1783562621\n|switch|p1a: Dialga|Dialga, L73|100/100\n|-ability|p1a: Dialga|Pressure\n|turn|22\n|inactive|Time left: 300 sec this turn | 300 sec total\n|\n|t:|1783562622\n|move|p2a: Hoopa|Shadow Ball|p1a: Dialga\n|-damage|p1a: Dialga|69/100\n|move|p1a: Dialga|Heavy Slam|p2a: Hoopa\n|-damage|p2a: Hoopa|125/275\n|\n|upkeep\n|turn|23\n|inactive|Time left: 300 sec this turn | 300 sec total\n|\n|t:|1783562623\n|move|p2a: Hoopa|Shadow Ball|p1a: Dialga\n|-damage|p1a: Dialga|35/100\n|-unboost|p1a: Dialga|spd|1\n|move|p1a: Dialga|Heavy Slam|p2a: Hoopa\n|-damage|p2a: Hoopa|0 fnt\n|faint|p2a: Hoopa\n|\n|upkeep\n|inactive|Time left: 300 sec this turn | 300 sec total | 5 sec grace\n|\n|t:|1783562624\n|switch|p2a: Azelf|Azelf, L82|257/257\n|turn|24\n|inactive|Time left: 300 sec this turn | 300 sec total\n|\n|t:|1783562625\n|move|p2a: Azelf|Nasty Plot|p2a: Azelf\n|-boost|p2a: Azelf|spa|2\n|move|p1a: Dialga|Draco Meteor|p2a: Azelf\n|-damage|p2a: Azelf|73/257\n|-unboost|p1a: Dialga|spa|2\n|\n|upkeep\n|turn|25\n|inactive|Time left: 300 sec this turn | 300 sec total\n|\n|t:|1783562626\n|-terastallize|p1a: Dialga|Flying\n|move|p2a: Azelf|Dazzling Gleam|p1a: Dialga\n|-damage|p1a: Dialga|0 fnt\n|faint|p1a: Dialga\n|-damage|p2a: Azelf|48/257|[from] item: Life Orb\n|\n|upkeep\n|\n|t:|1783562627\n|switch|p1a: Kilowattrel|Kilowattrel, L83, M|100/100\n|turn|26\n|inactive|Time left: 300 sec this turn | 300 sec total\n|\n|t:|1783562627\n|move|p1a: Kilowattrel|U-turn|p2a: Azelf\n|-supereffective|p2a: Azelf\n|-damage|p2a: Azelf|0 fnt\n|faint|p2a: Azelf\n|\n|win|p0x2016fb00", "uploadtime": 1783562627, "views": 0, "rating": 0, "private": 0, "password": null, "_winner": "p0x2016fb00", "_our_name": "p0y2016082a"}