{"id": "battle-gen9randombattle-1689", "formatid": "gen9randombattle", "format": "[Gen 9] Random Battle", "players": ["p0x168990b0", "p0y1689abe9"], "log": "|init|battle\n|title|p0x168990b0 vs. p0y1689abe9\n|j|\u2606p0x168990b0\n|j|\u2606p0y1689abe9\n|t:|1783559581\n|gametype|singles\n|player|p1|p0x168990b0|102|\n|player|p2|p0y1689abe9|2|\n|gen|9\n|tier|[Gen 9] Random Battle\n|rule|Species Clause: Limit one of each Pok\u00e9mon\n|rule|HP Percentage Mod: HP is shown in percentages\n|rule|Sleep Clause Mod: Limit one foe put to sleep\n|rule|Illusion Level Mod: Illusion disguises the Pok\u00e9mon's true level\n|\n|t:|1783559581\n|teamsize|p1|6\n|teamsize|p2|6\n|start\n|switch|p1a: Regieleki|Regieleki, L79|256/256\n|switch|p2a: Sawsbuck|Sawsbuck-Autumn, L88, M|100/100\n|turn|1\n|inactive|Battle timer is ON: inactive players will automatically lose when time's up. (requested by p0y1689abe9)\n|inactive|Time left: 300 sec this turn | 300 sec total | 60 sec grace\n|inactive|p0x168990b0 also wants the timer to be on.\n|\n|t:|1783559583\n|switch|p1a: Ribombee|Ribombee, L83, M|235/235\n|move|p2a: Sawsbuck|Swords Dance|p2a: Sawsbuck\n|-boost|p2a: Sawsbuck|atk|2\n|\n|upkeep\n|turn|2\n|inactive|Time left: 300 sec this turn | 300 sec total\n|\n|t:|1783559584\n|move|p1a: Ribombee|Sticky Web|p2a: Sawsbuck\n|-sidestart|p2: p0y1689abe9|move: Sticky Web\n|move|p2a: Sawsbuck|Headbutt|p1a: Ribombee\n|-damage|p1a: Ribombee|0 fnt\n|faint|p1a: Ribombee\n|-damage|p2a: Sawsbuck|91/100|[from] item: Life Orb\n|\n|upkeep\n|inactive|Time left: 300 sec this turn | 300 sec total | 5 sec grace\n|\n|t:|1783559585\n|switch|p1a: Spectrier|Spectrier, L75|274/274\n|turn|3\n|inactive|Time left: 300 sec this turn | 300 sec total\n|\n|t:|1783559586\n|move|p1a: Spectrier|Will-O-Wisp|p2a: Sawsbuck\n|-status|p2a: Sawsbuck|brn\n|move|p2a: Sawsbuck|Horn Leech|p1a: Spectrier\n|-damage|p1a: Spectrier|118/274\n|-heal|p2a: Sawsbuck|100/100 brn|[from] drain|[of] p1a: Spectrier\n|-damage|p2a: Sawsbuck|91/100 brn|[from] item: Life Orb\n|\n|-damage|p2a: Sawsbuck|85/100 brn|[from] brn\n|upkeep\n|turn|4\n|inactive|Time left: 300 sec this turn | 300 sec total\n|\n|t:|1783559587\n|move|p1a: Spectrier|Dark Pulse|p2a: Sawsbuck\n|-damage|p2a: Sawsbuck|49/100 brn\n|-damage|p1a: Spectrier|91/274|[from] item: Life Orb\n|move|p2a: Sawsbuck|Horn Leech|p1a: Spectrier\n|-damage|p1a: Spectrier|0 fnt\n|-heal|p2a: Sawsbuck|65/100 brn|[from] drain|[of] p1a: Spectrier\n|faint|p1a: Spectrier\n|-damage|p2a: Sawsbuck|55/100 brn|[from] item: Life Orb\n|\n|-damage|p2a: Sawsbuck|49/100 brn|[from] brn\n|upkeep\n|inactive|Time left: 300 sec this turn | 300 sec total | 5 sec grace\n|\n|t:|1783559588\n|switch|p1a: Regieleki|Regieleki, L79|256/256\n|turn|5\n|inactive|Time left: 300 sec this turn | 300 sec total\n|\n|t:|1783559589\n|-terastallize|p1a: Regieleki|Ice\n|move|p1a: Regieleki|Tera Blast|p2a: Sawsbuck|[anim] Tera Blast Ice\n|-supereffective|p2a: Sawsbuck\n|-damage|p2a: Sawsbuck|0 fnt\n|faint|p2a: Sawsbuck\n|\n|upkeep\n|\n|t:|1783559589\n|switch|p2a: Rampardos|Rampardos, L90, M|100/100\n|-activate|p2a: Rampardos|move: Sticky Web\n|-unboost|p2a: Rampardos|spe|1\n|turn|6\n|inactive|Time left: 300 sec this turn | 300 sec total\n|\n|t:|1783559590\n|move|p1a: Regieleki|Volt Switch|p2a: Rampardos\n|-damage|p2a: Rampardos|56/100\n|inactive|Time left: 300 sec this turn | 300 sec total | 5 sec grace\n|\n|t:|1783559591\n|switch|p1a: Quagsire|Quagsire, L84, F|297/297|[from] Volt Switch\n|move|p2a: Rampardos|Rock Slide|p1a: Quagsire\n|-resisted|p1a: Quagsire\n|-damage|p1a: Quagsire|210/297\n|\n|-heal|p1a: Quagsire|228/297|[from] item: Leftovers\n|upkeep\n|turn|7\n|inactive|Time left: 300 sec this turn | 300 sec total\n|\n|t:|1783559592\n|switch|p2a: Tornadus|Tornadus, L82, M|100/100\n|move|p1a: Quagsire|Earthquake|p2a: Tornadus\n|-immune|p2a: Tornadus\n|\n|-heal|p1a: Quagsire|246/297|[from] item: Leftovers\n|upkeep\n|turn|8\n|inactive|Time left: 300 sec this turn | 300 sec total\n|\n|t:|1783559593\n|move|p2a: Tornadus|Grass Knot|p1a: Quagsire\n|-supereffective|p1a: Quagsire\n|-damage|p1a: Quagsire|0 fnt\n|faint|p1a: Quagsire\n|\n|upkeep\n|inactive|Time left: 300 sec this turn | 300 sec total | 5 sec grace\n|\n|t:|1783559594\n|switch|p1a: Regieleki|Regieleki, L79, tera:Ice|256/256\n|turn|9\n|inactive|Time left: 300 sec this turn | 300 sec total\n|\n|t:|1783559595\n|switch|p2a: Amoonguss|Amoonguss, L82, M|100/100\n|-activate|p2a: Amoonguss|move: Sticky Web\n|-unboost|p2a: Amoonguss|spe|1\n|move|p1a: Regieleki|Thunderbolt|p2a: Amoonguss\n|-resisted|p2a: Amoonguss\n|-damage|p2a: Amoonguss|76/100\n|\n|-heal|p2a: Amoonguss|82/100|[from] item: Leftovers\n|upkeep\n|turn|10\n|inactive|Time left: 300 sec this turn | 300 sec total\n|\n|t:|1783559596\n|move|p1a: Regieleki|Tera Blast|p2a: Amoonguss|[anim] Tera Blast Ice\n|-supereffective|p2a: Amoonguss\n|-damage|p2a: Amoonguss|29/100\n|move|p2a: Amoonguss|Spore|p1a: Regieleki\n|-status|p1a: Regieleki|slp|[from] move: Spore\n|\n|-heal|p2a: Amoonguss|36/100|[from] item: Leftovers\n|upkeep\n|turn|11\n|inactive|Time left: 300 sec this turn | 300 sec total\n|\n|t:|1783559597\n|switch|p1a: Sandy Shocks|Sandy Shocks, L80|267/267\n|move|p2a: Amoonguss|Giga Drain|p1a: Sandy Shocks\n|-supereffective|p1a: Sandy Shocks\n|-damage|p1a: Sandy Shocks|121/267\n|-heal|p2a: Amoonguss|58/100|[from] drain|[of] p1a: Sandy Shocks\n|\n|-heal|p1a: Sandy Shocks|137/267|[from] item: Leftovers\n|-heal|p2a: Amoonguss|65/100|[from] item: Leftovers\n|upkeep\n|turn|12\n|inactive|Time left: 300 sec this turn | 300 sec total\n|\n|t:|1783559598\n|move|p1a: Sandy Shocks|Thunder Wave|p2a: Amoonguss\n|-status|p2a: Amoonguss|par\n|move|p2a: Amoonguss|Giga Drain|p1a: Sandy Shocks\n|-supereffective|p1a: Sandy Shocks\n|-damage|p1a: Sandy Shocks|0 fnt\n|-heal|p2a: Amoonguss|86/100 par|[from] drain|[of] p1a: Sandy Shocks\n|faint|p1a: Sandy Shocks\n|-end|p1a: Sandy Shocks|Protosynthesis|[silent]\n|\n|-heal|p2a: Amoonguss|92/100 par|[from] item: Leftovers\n|upkeep\n|inactive|Time left: 300 sec this turn | 300 sec total | 5 sec grace\n|\n|t:|1783559599\n|switch|p1a: Samurott|Samurott-Hisui, L77, F|265/265\n|turn|13\n|inactive|Time left: 300 sec this turn | 300 sec total\n|\n|t:|1783559600\n|move|p1a: Samurott|Swords Dance|p1a: Samurott\n|-boost|p1a: Samurott|atk|2\n|move|p2a: Amoonguss|Giga Drain|p1a: Samurott\n|-supereffective|p1a: Samurott\n|-damage|p1a: Samurott|79/265\n|-heal|p2a: Amoonguss|100/100 par|[from] drain|[of] p1a: Samurott\n|\n|upkeep\n|turn|14\n|inactive|Time left: 300 sec this turn | 300 sec total\n|\n|t:|1783559601\n|move|p1a: Samurott|Ceaseless Edge|p2a: Amoonguss\n|-damage|p2a: Amoonguss|15/100 par\n|-sidestart|p2: p0y1689abe9|Spikes\n|-damage|p1a: Samurott|53/265|[from] item: Life Orb\n|move|p2a: Amoonguss|Sludge Bomb|p1a: Samurott\n|-damage|p1a: Samurott|0 fnt\n|faint|p1a: Samurott\n|\n|-heal|p2a: Amoonguss|21/100 par|[from] item: Leftovers\n|upkeep\n|inactive|Time left: 300 sec this turn | 300 sec total | 5 sec grace\n|\n|t:|1783559602\n|switch|p1a: Regieleki|Regieleki, L79, tera:Ice|256/256 slp\n|turn|15\n|inactive|Time left: 300 sec this turn | 300 sec total\n|\n|t:|1783559603\n|switch|p2a: Pawmot|Pawmot, L80, F|100/100\n|-activate|p2a: Pawmot|move: Sticky Web\n|-unboost|p2a: Pawmot|spe|1\n|-damage|p2a: Pawmot|88/100|[from] Spikes\n|cant|p1a: Regieleki|slp\n|\n|upkeep\n|turn|16\n|inactive|Time left: 300 sec this turn | 300 sec total\n|\n|t:|1783559604\n|cant|p1a: Regieleki|slp\n|move|p2a: Pawmot|Close Combat|p1a: Regieleki\n|-supereffective|p1a: Regieleki\n|-damage|p1a: Regieleki|0 fnt\n|-unboost|p2a: Pawmot|def|1\n|-unboost|p2a: Pawmot|spd|1\n|faint|p1a: Regieleki\n|-damage|p2a: Pawmot|78/100|[from] item: Life Orb\n|\n|win|p0y1689abe9", "uploadtime": 1783559604, "views": 0, "rating": 0, "private": 0, "password": null, "_winner": "p0y1689abe9", "_our_name": "p0x168990b0"}