{"id": "battle-gen9randombattle-362", "formatid": "gen9randombattle", "format": "[Gen 9] Random Battle", "players": ["p0x3622184", "p0y362a22f"], "log": "|init|battle\n|title|p0x3622184 vs. p0y362a22f\n|j|\u2606p0x3622184\n|j|\u2606p0y362a22f\n|t:|1783543853\n|gametype|singles\n|player|p1|p0x3622184|266|\n|player|p2|p0y362a22f|169|\n|gen|9\n|tier|[Gen 9] Random Battle\n|rule|Species Clause: Limit one of each Pok\u00e9mon\n|rule|HP Percentage Mod: HP is shown in percentages\n|rule|Sleep Clause Mod: Limit one foe put to sleep\n|rule|Illusion Level Mod: Illusion disguises the Pok\u00e9mon's true level\n|\n|t:|1783543853\n|teamsize|p1|6\n|teamsize|p2|6\n|start\n|switch|p1a: Klawf|Klawf, L90, F|272/272\n|switch|p2a: Scyther|Scyther, L82, M|100/100\n|turn|1\n|inactive|Battle timer is ON: inactive players will automatically lose when time's up. (requested by p0x3622184)\n|inactive|p0y362a22f also wants the timer to be on.\n|\n|t:|1783543854\n|move|p2a: Scyther|Swords Dance|p2a: Scyther\n|-boost|p2a: Scyther|atk|2\n|move|p1a: Klawf|Stone Edge|p2a: Scyther\n|-supereffective|p2a: Scyther\n|-damage|p2a: Scyther|0 fnt\n|faint|p2a: Scyther\n|\n|upkeep\n|\n|t:|1783543856\n|switch|p2a: Iron Crown|Iron Crown, L78|100/100\n|turn|2\n|inactive|Time left: 300 sec this turn | 300 sec total\n|\n|t:|1783543857\n|switch|p1a: Torterra|Torterra, L78, M|276/276\n|move|p2a: Iron Crown|Tachyon Cutter|p1a: Torterra\n|-crit|p1a: Torterra\n|-damage|p1a: Torterra|126/276\n|-damage|p1a: Torterra|33/276\n|-hitcount|p1a: Torterra|2\n|\n|upkeep\n|turn|3\n|inactive|Time left: 300 sec this turn | 300 sec total\n|\n|t:|1783543858\n|switch|p1a: Chesnaught|Chesnaught, L84, M|285/285\n|move|p2a: Iron Crown|Tachyon Cutter|p1a: Chesnaught\n|-damage|p1a: Chesnaught|195/285\n|-damage|p1a: Chesnaught|110/285\n|-hitcount|p1a: Chesnaught|2\n|\n|-heal|p1a: Chesnaught|127/285|[from] item: Leftovers\n|upkeep\n|turn|4\n|inactive|Time left: 300 sec this turn | 300 sec total\n|\n|t:|1783543859\n|-terastallize|p1a: Chesnaught|Steel\n|move|p2a: Iron Crown|Tachyon Cutter|p1a: Chesnaught\n|-resisted|p1a: Chesnaught\n|-damage|p1a: Chesnaught|78/285\n|-resisted|p1a: Chesnaught\n|-damage|p1a: Chesnaught|34/285\n|-hitcount|p1a: Chesnaught|2\n|move|p1a: Chesnaught|Synthesis|p1a: Chesnaught\n|-heal|p1a: Chesnaught|176/285\n|\n|-heal|p1a: Chesnaught|193/285|[from] item: Leftovers\n|upkeep\n|turn|5\n|inactive|Time left: 300 sec this turn | 300 sec total\n|\n|t:|1783543860\n|move|p2a: Iron Crown|Tachyon Cutter|p1a: Chesnaught\n|-resisted|p1a: Chesnaught\n|-damage|p1a: Chesnaught|146/285\n|-resisted|p1a: Chesnaught\n|-damage|p1a: Chesnaught|103/285\n|-hitcount|p1a: Chesnaught|2\n|move|p1a: Chesnaught|Body Press|p2a: Iron Crown\n|-damage|p2a: Iron Crown|65/100\n|\n|-heal|p1a: Chesnaught|120/285|[from] item: Leftovers\n|upkeep\n|turn|6\n|inactive|Time left: 300 sec this turn | 300 sec total\n|\n|t:|1783543861\n|-terastallize|p2a: Iron Crown|Steel\n|move|p2a: Iron Crown|Tachyon Cutter|p1a: Chesnaught\n|-resisted|p1a: Chesnaught\n|-crit|p1a: Chesnaught\n|-damage|p1a: Chesnaught|30/285\n|-resisted|p1a: Chesnaught\n|-damage|p1a: Chesnaught|0 fnt\n|faint|p1a: Chesnaught\n|-hitcount|p1: Chesnaught|2\n|\n|upkeep\n|inactive|Time left: 300 sec this turn | 300 sec total | 5 sec grace\n|\n|t:|1783543862\n|switch|p1a: Walking Wake|Walking Wake, L79|286/286\n|turn|7\n|inactive|Time left: 300 sec this turn | 300 sec total\n|\n|t:|1783543863\n|-end|p2a: Iron Crown|Quark Drive|[silent]\n|switch|p2a: Primarina|Primarina, L83, F|100/100\n|move|p1a: Walking Wake|Flamethrower|p2a: Primarina\n|-resisted|p2a: Primarina\n|-damage|p2a: Primarina|87/100\n|-damage|p1a: Walking Wake|258/286|[from] item: Life Orb\n|\n|-heal|p2a: Primarina|93/100|[from] item: Leftovers\n|upkeep\n|turn|8\n|inactive|Time left: 300 sec this turn | 300 sec total\n|\n|t:|1783543864\n|-end|p1a: Walking Wake|Protosynthesis|[silent]\n|switch|p1a: Klawf|Klawf, L90, F|272/272\n|move|p2a: Primarina|Calm Mind|p2a: Primarina\n|-boost|p2a: Primarina|spa|1\n|-boost|p2a: Primarina|spd|1\n|\n|-heal|p2a: Primarina|99/100|[from] item: Leftovers\n|upkeep\n|turn|9\n|inactive|Time left: 300 sec this turn | 300 sec total\n|\n|t:|1783543865\n|move|p1a: Klawf|Stone Edge|p2a: Primarina\n|-crit|p2a: Primarina\n|-damage|p2a: Primarina|0 fnt\n|faint|p2a: Primarina\n|\n|upkeep\n|\n|t:|1783543866\n|switch|p2a: Iron Crown|Iron Crown, L78, tera:Steel|65/100\n|turn|10\n|inactive|Time left: 300 sec this turn | 300 sec total\n|\n|t:|1783543867\n|switch|p1a: Torterra|Torterra, L78, M|33/276\n|move|p2a: Iron Crown|Tachyon Cutter|p1a: Torterra\n|-damage|p1a: Torterra|0 fnt\n|faint|p1a: Torterra\n|-hitcount|p1: Torterra|1\n|\n|upkeep\n|inactive|Time left: 300 sec this turn | 300 sec total | 5 sec grace\n|\n|t:|1783543868\n|switch|p1a: Walking Wake|Walking Wake, L79|258/286\n|turn|11\n|inactive|Time left: 300 sec this turn | 300 sec total\n|\n|t:|1783543869\n|-end|p2a: Iron Crown|Quark Drive|[silent]\n|switch|p2a: Bellibolt|Bellibolt, L84, M|100/100\n|move|p1a: Walking Wake|Flamethrower|p2a: Bellibolt\n|-damage|p2a: Bellibolt|70/100\n|-start|p2a: Bellibolt|Charge|Flamethrower|[from] ability: Electromorphosis\n|-damage|p1a: Walking Wake|230/286|[from] item: Life Orb\n|\n|-heal|p2a: Bellibolt|76/100|[from] item: Leftovers\n|upkeep\n|turn|12\n|inactive|Time left: 300 sec this turn | 300 sec total\n|\n|t:|1783543870\n|-end|p1a: Walking Wake|Protosynthesis|[silent]\n|switch|p1a: Kilowattrel|Kilowattrel, L83, M|252/252\n|move|p2a: Bellibolt|Thunderbolt|p1a: Kilowattrel\n|-immune|p1a: Kilowattrel|[from] ability: Volt Absorb\n|-end|p2a: Bellibolt|Charge|[silent]\n|\n|-heal|p2a: Bellibolt|82/100|[from] item: Leftovers\n|upkeep\n|turn|13\n|inactive|Time left: 300 sec this turn | 300 sec total\n|\n|t:|1783543872\n|move|p1a: Kilowattrel|Hurricane|p2a: Bellibolt|[miss]\n|-miss|p1a: Kilowattrel|p2a: Bellibolt\n|move|p2a: Bellibolt|Muddy Water|p1a: Kilowattrel\n|-damage|p1a: Kilowattrel|170/252\n|\n|-heal|p2a: Bellibolt|88/100|[from] item: Leftovers\n|upkeep\n|turn|14\n|inactive|Time left: 300 sec this turn | 300 sec total\n|\n|t:|1783543873\n|move|p1a: Kilowattrel|Roost|p1a: Kilowattrel\n|-heal|p1a: Kilowattrel|252/252\n|-singleturn|p1a: Kilowattrel|move: Roost\n|move|p2a: Bellibolt|Toxic|p1a: Kilowattrel|[miss]\n|-miss|p2a: Bellibolt|p1a: Kilowattrel\n|\n|-heal|p2a: Bellibolt|95/100|[from] item: Leftovers\n|upkeep\n|turn|15\n|inactive|Time left: 300 sec this turn | 300 sec total\n|\n|t:|1783543874\n|move|p1a: Kilowattrel|Hurricane|p2a: Bellibolt|[miss]\n|-miss|p1a: Kilowattrel|p2a: Bellibolt\n|move|p2a: Bellibolt|Toxic|p1a: Kilowattrel\n|-status|p1a: Kilowattrel|tox\n|\n|-heal|p2a: Bellibolt|100/100|[from] item: Leftovers\n|-damage|p1a: Kilowattrel|237/252 tox|[from] psn\n|upkeep\n|turn|16\n|inactive|Time left: 300 sec this turn | 300 sec total\n|\n|t:|1783543875\n|move|p1a: Kilowattrel|Thunderbolt|p2a: Bellibolt\n|-resisted|p2a: Bellibolt\n|-damage|p2a: Bellibolt|85/100\n|-start|p2a: Bellibolt|Charge|Thunderbolt|[from] ability: Electromorphosis\n|move|p2a: Bellibolt|Muddy Water|p1a: Kilowattrel\n|-damage|p1a: Kilowattrel|142/252 tox\n|\n|-heal|p2a: Bellibolt|91/100|[from] item: Leftovers\n|-damage|p1a: Kilowattrel|112/252 tox|[from] psn\n|upkeep\n|turn|17\n|inactive|Time left: 300 sec this turn | 300 sec total\n|\n|t:|1783543876\n|move|p1a: Kilowattrel|Roost|p1a: Kilowattrel\n|-heal|p1a: Kilowattrel|238/252 tox\n|-singleturn|p1a: Kilowattrel|move: Roost\n|move|p2a: Bellibolt|Muddy Water|p1a: Kilowattrel\n|-damage|p1a: Kilowattrel|147/252 tox\n|-unboost|p1a: Kilowattrel|accuracy|1\n|\n|-heal|p2a: Bellibolt|98/100|[from] item: Leftovers\n|-damage|p1a: Kilowattrel|102/252 tox|[from] psn\n|upkeep\n|turn|18\n|inactive|Time left: 300 sec this turn | 300 sec total\n|\n|t:|1783543877\n|move|p1a: Kilowattrel|Roost|p1a: Kilowattrel\n|-heal|p1a: Kilowattrel|228/252 tox\n|-singleturn|p1a: Kilowattrel|move: Roost\n|move|p2a: Bellibolt|Muddy Water|p1a: Kilowattrel\n|-damage|p1a: Kilowattrel|139/252 tox\n|-unboost|p1a: Kilowattrel|accuracy|1\n|\n|-heal|p2a: Bellibolt|100/100|[from] item: Leftovers\n|-damage|p1a: Kilowattrel|79/252 tox|[from] psn\n|upkeep\n|turn|19\n|inactive|Time left: 300 sec this turn | 300 sec total\n|\n|t:|1783543878\n|move|p1a: Kilowattrel|Hurricane|p2a: Bellibolt\n|-resisted|p2a: Bellibolt\n|-damage|p2a: Bellibolt|82/100\n|-start|p2a: Bellibolt|Charge|Hurricane|[from] ability: Electromorphosis\n|move|p2a: Bellibolt|Thunderbolt|p1a: Kilowattrel\n|-heal|p1a: Kilowattrel|142/252 tox|[from] ability: Volt Absorb|[of] p2a: Bellibolt\n|-end|p2a: Bellibolt|Charge|[silent]\n|\n|-heal|p2a: Bellibolt|88/100|[from] item: Leftovers\n|-damage|p1a: Kilowattrel|67/252 tox|[from] psn\n|upkeep\n|turn|20\n|inactive|Time left: 300 sec this turn | 300 sec total\n|\n|t:|1783543879\n|move|p1a: Kilowattrel|Roost|p1a: Kilowattrel\n|-heal|p1a: Kilowattrel|193/252 tox\n|-singleturn|p1a: Kilowattrel|move: Roost\n|move|p2a: Bellibolt|Toxic|p1a: Kilowattrel\n|-fail|p1a: Kilowattrel|tox\n|\n|-heal|p2a: Bellibolt|95/100|[from] item: Leftovers\n|-damage|p1a: Kilowattrel|103/252 tox|[from] psn\n|upkeep\n|turn|21\n|inactive|Time left: 300 sec this turn | 300 sec total\n|\n|t:|1783543880\n|move|p1a: Kilowattrel|U-turn|p2a: Bellibolt|[miss]\n|-miss|p1a: Kilowattrel|p2a: Bellibolt\n|move|p2a: Bellibolt|Muddy Water|p1a: Kilowattrel\n|-damage|p1a: Kilowattrel|16/252 tox\n|\n|-heal|p2a: Bellibolt|100/100|[from] item: Leftovers\n|-damage|p1a: Kilowattrel|0 fnt|[from] psn\n|faint|p1a: Kilowattrel\n|upkeep\n|inactive|Time left: 300 sec this turn | 300 sec total | 5 sec grace\n|\n|t:|1783543881\n|switch|p1a: Klawf|Klawf, L90, F|272/272\n|turn|22\n|inactive|Time left: 300 sec this turn | 300 sec total\n|\n|t:|1783543882\n|move|p1a: Klawf|High Horsepower|p2a: Bellibolt\n|-supereffective|p2a: Bellibolt\n|-damage|p2a: Bellibolt|23/100\n|-start|p2a: Bellibolt|Charge|High Horsepower|[from] ability: Electromorphosis\n|move|p2a: Bellibolt|Muddy Water|p1a: Klawf|[miss]\n|-miss|p2a: Bellibolt|p1a: Klawf\n|\n|-heal|p2a: Bellibolt|29/100|[from] item: Leftovers\n|upkeep\n|turn|23\n|inactive|Time left: 300 sec this turn | 300 sec total\n|\n|t:|1783543883\n|move|p1a: Klawf|High Horsepower|p2a: Bellibolt\n|-supereffective|p2a: Bellibolt\n|-damage|p2a: Bellibolt|0 fnt\n|faint|p2a: Bellibolt\n|\n|upkeep\n|\n|t:|1783543884\n|switch|p2a: Iron Crown|Iron Crown, L78, tera:Steel|65/100\n|turn|24\n|inactive|Time left: 300 sec this turn | 300 sec total\n|\n|t:|1783543886\n|switch|p1a: Walking Wake|Walking Wake, L79|230/286\n|move|p2a: Iron Crown|Tachyon Cutter|p1a: Walking Wake\n|-resisted|p1a: Walking Wake\n|-damage|p1a: Walking Wake|170/286\n|-resisted|p1a: Walking Wake\n|-damage|p1a: Walking Wake|114/286\n|-hitcount|p1a: Walking Wake|2\n|\n|upkeep\n|turn|25\n|inactive|Time left: 300 sec this turn | 300 sec total\n|\n|t:|1783543887\n|move|p1a: Walking Wake|Flamethrower|p2a: Iron Crown\n|-supereffective|p2a: Iron Crown\n|-damage|p2a: Iron Crown|5/100\n|-status|p2a: Iron Crown|brn\n|-damage|p1a: Walking Wake|86/286|[from] item: Life Orb\n|move|p2a: Iron Crown|Tachyon Cutter|p1a: Walking Wake\n|-resisted|p1a: Walking Wake\n|-damage|p1a: Walking Wake|30/286\n|-resisted|p1a: Walking Wake\n|-damage|p1a: Walking Wake|0 fnt\n|faint|p1a: Walking Wake\n|-end|p1a: Walking Wake|Protosynthesis|[silent]\n|-hitcount|p1: Walking Wake|2\n|\n|-damage|p2a: Iron Crown|0 fnt|[from] brn\n|faint|p2a: Iron Crown\n|-end|p2a: Iron Crown|Quark Drive|[silent]\n|upkeep\n|inactive|Time left: 300 sec this turn | 300 sec total | 5 sec grace\n|\n|t:|1783543888\n|switch|p1a: Klawf|Klawf, L90, F|272/272\n|switch|p2a: Maushold|Maushold, L76|100/100\n|turn|26\n|inactive|Time left: 300 sec this turn | 300 sec total\n|\n|t:|1783543889\n|switch|p2a: Breloom|Breloom, L83, F|100/100\n|move|p1a: Klawf|Knock Off|p2a: Breloom\n|-resisted|p2a: Breloom\n|-damage|p2a: Breloom|72/100\n|-enditem|p2a: Breloom|Life Orb|[from] move: Knock Off|[of] p1a: Klawf\n|\n|upkeep\n|turn|27\n|inactive|Time left: 300 sec this turn | 300 sec total\n|\n|t:|1783543890\n|move|p1a: Klawf|Knock Off|p2a: Breloom\n|-resisted|p2a: Breloom\n|-damage|p2a: Breloom|54/100\n|move|p2a: Breloom|Bullet Seed|p1a: Klawf\n|-supereffective|p1a: Klawf\n|-damage|p1a: Klawf|198/272\n|-supereffective|p1a: Klawf\n|-damage|p1a: Klawf|120/272\n|-hitcount|p1a: Klawf|2\n|\n|upkeep\n|turn|28\n|inactive|Time left: 300 sec this turn | 300 sec total\n|\n|t:|1783543892\n|move|p1a: Klawf|Knock Off|p2a: Breloom\n|-resisted|p2a: Breloom\n|-damage|p2a: Breloom|36/100\n|move|p2a: Breloom|Bullet Seed|p1a: Klawf\n|-supereffective|p1a: Klawf\n|-damage|p1a: Klawf|52/272\n|-supereffective|p1a: Klawf\n|-damage|p1a: Klawf|0 fnt\n|faint|p1a: Klawf\n|-hitcount|p1: Klawf|2\n|\n|upkeep\n|inactive|Time left: 300 sec this turn | 300 sec total | 5 sec grace\n|\n|t:|1783543893\n|switch|p1a: Delibird|Delibird, F|252/252\n|turn|29\n|inactive|Time left: 300 sec this turn | 300 sec total\n|\n|t:|1783543893\n|move|p1a: Delibird|Ice Spinner|p2a: Breloom\n|-supereffective|p2a: Breloom\n|-damage|p2a: Breloom|0 fnt\n|faint|p2a: Breloom\n|\n|upkeep\n|\n|t:|1783543894\n|switch|p2a: Maushold|Maushold, L76|100/100\n|turn|30\n|inactive|Time left: 300 sec this turn | 300 sec total\n|\n|t:|1783543895\n|move|p2a: Maushold|Population Bomb|p1a: Delibird\n|-damage|p1a: Delibird|221/252\n|-damage|p1a: Delibird|190/252\n|-damage|p1a: Delibird|162/252\n|-damage|p1a: Delibird|129/252\n|-damage|p1a: Delibird|98/252\n|-damage|p1a: Delibird|67/252\n|-damage|p1a: Delibird|37/252\n|-damage|p1a: Delibird|7/252\n|-damage|p1a: Delibird|0 fnt\n|faint|p1a: Delibird\n|-hitcount|p1: Delibird|9\n|\n|win|p0y362a22f", "uploadtime": 1783543895, "views": 0, "rating": 0, "private": 0, "password": null, "_winner": "p0y362a22f", "_our_name": "p0x3622184"}