{"id": "battle-gen9randombattle-116", "formatid": "gen9randombattle", "format": "[Gen 9] Random Battle", "players": ["p0x11645cf", "p0y116154f"], "log": "|init|battle\n|title|p0x11645cf vs. p0y116154f\n|j|\u2606p0x11645cf\n|j|\u2606p0y116154f\n|t:|1783540512\n|gametype|singles\n|player|p1|p0x11645cf|101|\n|player|p2|p0y116154f|102|\n|gen|9\n|tier|[Gen 9] Random Battle\n|rule|Species Clause: Limit one of each Pok\u00e9mon\n|rule|HP Percentage Mod: HP is shown in percentages\n|rule|Sleep Clause Mod: Limit one foe put to sleep\n|rule|Illusion Level Mod: Illusion disguises the Pok\u00e9mon's true level\n|\n|t:|1783540513\n|teamsize|p1|6\n|teamsize|p2|6\n|start\n|switch|p1a: Deoxys|Deoxys, L74|100/100\n|switch|p2a: Milotic|Milotic, L83, M|293/293\n|-ability|p1a: Deoxys|Pressure\n|turn|1\n|inactive|Battle timer is ON: inactive players will automatically lose when time's up. (requested by p0y116154f)\n|inactive|p0x11645cf also wants the timer to be on.\n|\n|t:|1783540514\n|switch|p1a: Lumineon|Lumineon, L93, M|100/100\n|move|p2a: Milotic|Scald|p1a: Lumineon\n|-ability|p1a: Lumineon|Storm Drain|boost\n|-boost|p1a: Lumineon|spa|1\n|\n|upkeep\n|turn|2\n|inactive|Time left: 300 sec this turn | 300 sec total\n|\n|t:|1783540516\n|move|p1a: Lumineon|Encore|p2a: Milotic\n|-start|p2a: Milotic|Encore\n|move|p2a: Milotic|Scald|p1a: Lumineon\n|-ability|p1a: Lumineon|Storm Drain|boost\n|-boost|p1a: Lumineon|spa|1\n|\n|upkeep\n|turn|3\n|inactive|Time left: 300 sec this turn | 300 sec total\n|\n|t:|1783540516\n|move|p1a: Lumineon|Hydro Pump|p2a: Milotic\n|-resisted|p2a: Milotic\n|-damage|p2a: Milotic|207/293\n|move|p2a: Milotic|Scald|p1a: Lumineon\n|-ability|p1a: Lumineon|Storm Drain|boost\n|-boost|p1a: Lumineon|spa|1\n|\n|-heal|p2a: Milotic|225/293|[from] item: Leftovers\n|upkeep\n|turn|4\n|inactive|Time left: 300 sec this turn | 300 sec total\n|\n|t:|1783540518\n|move|p1a: Lumineon|Hydro Pump|p2a: Milotic\n|-resisted|p2a: Milotic\n|-damage|p2a: Milotic|114/293\n|move|p2a: Milotic|Scald|p1a: Lumineon\n|-ability|p1a: Lumineon|Storm Drain|boost\n|-boost|p1a: Lumineon|spa|1\n|\n|-heal|p2a: Milotic|132/293|[from] item: Leftovers\n|-end|p2a: Milotic|Encore\n|upkeep\n|turn|5\n|inactive|Time left: 300 sec this turn | 300 sec total\n|\n|t:|1783540519\n|move|p1a: Lumineon|Encore|p2a: Milotic\n|-start|p2a: Milotic|Encore\n|move|p2a: Milotic|Scald|p1a: Lumineon\n|-ability|p1a: Lumineon|Storm Drain|boost\n|-boost|p1a: Lumineon|spa|1\n|\n|-heal|p2a: Milotic|150/293|[from] item: Leftovers\n|upkeep\n|turn|6\n|inactive|Time left: 300 sec this turn | 300 sec total\n|\n|t:|1783540520\n|move|p1a: Lumineon|Hydro Pump|p2a: Milotic\n|-resisted|p2a: Milotic\n|-damage|p2a: Milotic|0 fnt\n|faint|p2a: Milotic\n|\n|upkeep\n|inactive|Time left: 300 sec this turn | 300 sec total | 5 sec grace\n|\n|t:|1783540521\n|switch|p2a: Scovillain|Scovillain, L91, M|266/266\n|turn|7\n|inactive|Time left: 300 sec this turn | 300 sec total\n|\n|t:|1783540522\n|move|p2a: Scovillain|Leaf Storm|p1a: Lumineon\n|-supereffective|p1a: Lumineon\n|-damage|p1a: Lumineon|0 fnt\n|-unboost|p2a: Scovillain|spa|2\n|faint|p1a: Lumineon\n|\n|upkeep\n|\n|t:|1783540523\n|switch|p1a: Passimian|Passimian, L83, F|100/100\n|turn|8\n|inactive|Time left: 300 sec this turn | 300 sec total\n|\n|t:|1783540524\n|switch|p2a: Zamazenta|Zamazenta, L71|248/248\n|-ability|p2a: Zamazenta|Dauntless Shield|boost\n|-boost|p2a: Zamazenta|def|1\n|move|p1a: Passimian|Bulk Up|p1a: Passimian\n|-boost|p1a: Passimian|atk|1\n|-boost|p1a: Passimian|def|1\n|\n|upkeep\n|turn|9\n|inactive|Time left: 300 sec this turn | 300 sec total\n|\n|t:|1783540525\n|move|p2a: Zamazenta|Iron Defense|p2a: Zamazenta\n|-boost|p2a: Zamazenta|def|2\n|move|p1a: Passimian|Bulk Up|p1a: Passimian\n|-boost|p1a: Passimian|atk|1\n|-boost|p1a: Passimian|def|1\n|\n|upkeep\n|turn|10\n|inactive|Time left: 300 sec this turn | 300 sec total\n|\n|t:|1783540526\n|move|p2a: Zamazenta|Iron Defense|p2a: Zamazenta\n|-boost|p2a: Zamazenta|def|2\n|move|p1a: Passimian|Drain Punch|p2a: Zamazenta\n|-damage|p2a: Zamazenta|196/248\n|\n|-heal|p2a: Zamazenta|211/248|[from] item: Leftovers\n|upkeep\n|turn|11\n|inactive|Time left: 300 sec this turn | 300 sec total\n|\n|t:|1783540527\n|move|p2a: Zamazenta|Body Press|p1a: Passimian\n|-damage|p1a: Passimian|56/100\n|move|p1a: Passimian|Drain Punch|p2a: Zamazenta\n|-damage|p2a: Zamazenta|160/248\n|-heal|p1a: Passimian|65/100|[from] drain|[of] p2a: Zamazenta\n|\n|-heal|p2a: Zamazenta|175/248|[from] item: Leftovers\n|-heal|p1a: Passimian|71/100|[from] item: Leftovers\n|upkeep\n|turn|12\n|inactive|Time left: 300 sec this turn | 300 sec total\n|\n|t:|1783540528\n|move|p2a: Zamazenta|Body Press|p1a: Passimian\n|-damage|p1a: Passimian|31/100\n|move|p1a: Passimian|Drain Punch|p2a: Zamazenta\n|-damage|p2a: Zamazenta|126/248\n|-heal|p1a: Passimian|39/100|[from] drain|[of] p2a: Zamazenta\n|\n|-heal|p2a: Zamazenta|141/248|[from] item: Leftovers\n|-heal|p1a: Passimian|45/100|[from] item: Leftovers\n|upkeep\n|turn|13\n|inactive|Time left: 300 sec this turn | 300 sec total\n|\n|t:|1783540529\n|move|p2a: Zamazenta|Body Press|p1a: Passimian\n|-damage|p1a: Passimian|6/100\n|move|p1a: Passimian|Gunk Shot|p2a: Zamazenta\n|-damage|p2a: Zamazenta|84/248\n|-status|p2a: Zamazenta|psn\n|\n|-heal|p2a: Zamazenta|99/248 psn|[from] item: Leftovers\n|-heal|p1a: Passimian|12/100|[from] item: Leftovers\n|-damage|p2a: Zamazenta|68/248 psn|[from] psn\n|upkeep\n|turn|14\n|inactive|Time left: 300 sec this turn | 300 sec total\n|\n|t:|1783540530\n|move|p2a: Zamazenta|Body Press|p1a: Passimian\n|-damage|p1a: Passimian|0 fnt\n|faint|p1a: Passimian\n|\n|-heal|p2a: Zamazenta|83/248 psn|[from] item: Leftovers\n|-damage|p2a: Zamazenta|52/248 psn|[from] psn\n|upkeep\n|\n|t:|1783540531\n|switch|p1a: Pyroar|Pyroar, L88, F|100/100\n|-ability|p1a: Pyroar|Unnerve\n|turn|15\n|inactive|Time left: 300 sec this turn | 300 sec total\n|\n|t:|1783540532\n|move|p2a: Zamazenta|Body Press|p1a: Pyroar\n|-supereffective|p1a: Pyroar\n|-damage|p1a: Pyroar|0 fnt\n|faint|p1a: Pyroar\n|\n|-heal|p2a: Zamazenta|67/248 psn|[from] item: Leftovers\n|-damage|p2a: Zamazenta|36/248 psn|[from] psn\n|upkeep\n|\n|t:|1783540532\n|switch|p1a: Wugtrio|Wugtrio, L91, M|100/100\n|turn|16\n|inactive|Time left: 300 sec this turn | 300 sec total\n|\n|t:|1783540533\n|move|p1a: Wugtrio|Liquidation|p2a: Zamazenta\n|-damage|p2a: Zamazenta|0 fnt\n|faint|p2a: Zamazenta\n|\n|upkeep\n|inactive|Time left: 300 sec this turn | 300 sec total | 5 sec grace\n|\n|t:|1783540534\n|switch|p2a: Scovillain|Scovillain, L91, M|266/266\n|turn|17\n|inactive|Time left: 300 sec this turn | 300 sec total\n|\n|t:|1783540535\n|switch|p1a: Virizion|Virizion, L82|100/100\n|move|p2a: Scovillain|Energy Ball|p1a: Virizion\n|-resisted|p1a: Virizion\n|-damage|p1a: Virizion|85/100\n|-unboost|p1a: Virizion|spd|1\n|\n|upkeep\n|turn|18\n|inactive|Time left: 300 sec this turn | 300 sec total\n|\n|t:|1783540536\n|move|p2a: Scovillain|Energy Ball|p1a: Virizion\n|-resisted|p1a: Virizion\n|-damage|p1a: Virizion|62/100\n|move|p1a: Virizion|Swords Dance|p1a: Virizion\n|-boost|p1a: Virizion|atk|2\n|\n|upkeep\n|turn|19\n|inactive|Time left: 300 sec this turn | 300 sec total\n|\n|t:|1783540537\n|move|p2a: Scovillain|Energy Ball|p1a: Virizion\n|-resisted|p1a: Virizion\n|-damage|p1a: Virizion|38/100\n|move|p1a: Virizion|Close Combat|p2a: Scovillain\n|-damage|p2a: Scovillain|0 fnt\n|-unboost|p1a: Virizion|def|1\n|-unboost|p1a: Virizion|spd|1\n|faint|p2a: Scovillain\n|-damage|p1a: Virizion|28/100|[from] item: Life Orb\n|\n|upkeep\n|inactive|Time left: 300 sec this turn | 300 sec total | 5 sec grace\n|\n|t:|1783540538\n|switch|p2a: Inteleon|Inteleon, L81, F|246/246\n|turn|20\n|inactive|Time left: 300 sec this turn | 300 sec total\n|\n|t:|1783540539\n|switch|p1a: Wugtrio|Wugtrio, L91, M|100/100\n|move|p2a: Inteleon|Scald|p1a: Wugtrio\n|-resisted|p1a: Wugtrio\n|-damage|p1a: Wugtrio|65/100\n|\n|upkeep\n|turn|21\n|inactive|Time left: 300 sec this turn | 300 sec total\n|\n|t:|1783540540\n|move|p1a: Wugtrio|Throat Chop|p2a: Inteleon\n|-damage|p2a: Inteleon|113/246\n|-start|p2a: Inteleon|Throat Chop|[silent]\n|move|p2a: Inteleon|Scald|p1a: Wugtrio\n|-resisted|p1a: Wugtrio\n|-damage|p1a: Wugtrio|25/100\n|\n|upkeep\n|turn|22\n|inactive|Time left: 300 sec this turn | 300 sec total\n|\n|t:|1783540541\n|switch|p2a: Cacturne|Cacturne, L92, M|278/278\n|move|p1a: Wugtrio|Throat Chop|p2a: Cacturne\n|-resisted|p2a: Cacturne\n|-damage|p2a: Cacturne|222/278\n|-start|p2a: Cacturne|Throat Chop|[silent]\n|\n|upkeep\n|turn|23\n|inactive|Time left: 300 sec this turn | 300 sec total\n|\n|t:|1783540542\n|move|p1a: Wugtrio|Throat Chop|p2a: Cacturne\n|-resisted|p2a: Cacturne\n|-damage|p2a: Cacturne|165/278\n|move|p2a: Cacturne|Knock Off|p1a: Wugtrio\n|-damage|p1a: Wugtrio|0 fnt\n|-ability|p1a: Wugtrio|Gooey\n|-unboost|p2a: Cacturne|spe|1\n|-enditem|p1a: Wugtrio|Choice Band|[from] move: Knock Off|[of] p2a: Cacturne\n|faint|p1a: Wugtrio\n|-damage|p2a: Cacturne|138/278|[from] item: Life Orb\n|\n|-end|p2a: Cacturne|Throat Chop|[silent]\n|upkeep\n|\n|t:|1783540542\n|switch|p1a: Virizion|Virizion, L82|28/100\n|turn|24\n|inactive|Time left: 300 sec this turn | 300 sec total\n|\n|t:|1783540543\n|move|p1a: Virizion|Close Combat|p2a: Cacturne\n|-supereffective|p2a: Cacturne\n|-damage|p2a: Cacturne|0 fnt\n|-unboost|p1a: Virizion|def|1\n|-unboost|p1a: Virizion|spd|1\n|faint|p2a: Cacturne\n|-damage|p1a: Virizion|19/100|[from] item: Life Orb\n|\n|upkeep\n|inactive|Time left: 300 sec this turn | 300 sec total | 5 sec grace\n|\n|t:|1783540544\n|switch|p2a: Inteleon|Inteleon, L81, F|113/246\n|turn|25\n|inactive|Time left: 300 sec this turn | 300 sec total\n|\n|t:|1783540545\n|move|p2a: Inteleon|Scald|p1a: Virizion\n|-resisted|p1a: Virizion\n|-damage|p1a: Virizion|0 fnt\n|faint|p1a: Virizion\n|\n|upkeep\n|\n|t:|1783540546\n|switch|p1a: Deoxys|Deoxys, L74|100/100\n|-ability|p1a: Deoxys|Pressure\n|turn|26\n|inactive|Time left: 300 sec this turn | 300 sec total\n|\n|t:|1783540547\n|-terastallize|p1a: Deoxys|Psychic\n|move|p1a: Deoxys|Knock Off|p2a: Inteleon\n|-damage|p2a: Inteleon|0 fnt\n|-enditem|p2a: Inteleon|Choice Specs|[from] move: Knock Off|[of] p1a: Deoxys\n|faint|p2a: Inteleon\n|-damage|p1a: Deoxys|91/100|[from] item: Life Orb\n|\n|upkeep\n|inactive|Time left: 300 sec this turn | 300 sec total | 5 sec grace\n|\n|t:|1783540548\n|switch|p2a: Raging Bolt|Raging Bolt, L78|323/323\n|turn|27\n|inactive|Time left: 300 sec this turn | 300 sec total\n|\n|t:|1783540549\n|-terastallize|p2a: Raging Bolt|Electric\n|move|p2a: Raging Bolt|Thunderclap|p1a: Deoxys\n|-damage|p1a: Deoxys|0 fnt\n|faint|p1a: Deoxys\n|\n|win|p0y116154f", "uploadtime": 1783540549, "views": 0, "rating": 0, "private": 0, "password": null, "_winner": "p0y116154f", "_our_name": "p0y116154f"}