{"id": "battle-gen9randombattle-1210", "formatid": "gen9randombattle", "format": "[Gen 9] Random Battle", "players": ["p0x121005be", "p0y121028ee"], "log": "|init|battle\n|title|p0x121005be vs. p0y121028ee\n|j|\u2606p0x121005be\n|j|\u2606p0y121028ee\n|t:|1783554005\n|gametype|singles\n|player|p1|p0x121005be|265|\n|player|p2|p0y121028ee|170|\n|gen|9\n|tier|[Gen 9] Random Battle\n|rule|Species Clause: Limit one of each Pok\u00e9mon\n|rule|HP Percentage Mod: HP is shown in percentages\n|rule|Sleep Clause Mod: Limit one foe put to sleep\n|rule|Illusion Level Mod: Illusion disguises the Pok\u00e9mon's true level\n|\n|t:|1783554005\n|teamsize|p1|6\n|teamsize|p2|6\n|start\n|switch|p1a: Gothitelle|Gothitelle, L90, F|272/272\n|switch|p2a: Flapple|Flapple, L88, F|100/100\n|turn|1\n|inactive|Battle timer is ON: inactive players will automatically lose when time's up. (requested by p0x121005be)\n|inactive|p0y121028ee also wants the timer to be on.\n|\n|t:|1783554006\n|move|p1a: Gothitelle|Psychic|p2a: Flapple\n|-damage|p2a: Flapple|45/100\n|move|p2a: Flapple|Outrage|p1a: Gothitelle\n|-damage|p1a: Gothitelle|0 fnt\n|faint|p1a: Gothitelle\n|\n|upkeep\n|inactive|Time left: 300 sec this turn | 300 sec total | 65 sec grace\n|\n|t:|1783554008\n|switch|p1a: Dewgong|Dewgong, L94, M|322/322\n|turn|2\n|inactive|Time left: 300 sec this turn | 300 sec total\n|\n|t:|1783554009\n|move|p1a: Dewgong|Triple Axel|p2a: Flapple\n|-supereffective|p2a: Flapple\n|-damage|p2a: Flapple|8/100\n|-supereffective|p2a: Flapple\n|-damage|p2a: Flapple|0 fnt\n|faint|p2a: Flapple\n|-hitcount|p2: Flapple|2\n|\n|upkeep\n|\n|t:|1783554010\n|switch|p2a: Fezandipiti|Fezandipiti, L82, M|100/100\n|turn|3\n|inactive|Time left: 300 sec this turn | 300 sec total\n|\n|t:|1783554011\n|switch|p1a: Excadrill|Excadrill, L79, F|303/303\n|-ability|p1a: Excadrill|Mold Breaker\n|move|p2a: Fezandipiti|Gunk Shot|p1a: Excadrill\n|-immune|p1a: Excadrill\n|\n|upkeep\n|turn|4\n|inactive|Time left: 300 sec this turn | 300 sec total\n|\n|t:|1783554012\n|move|p2a: Fezandipiti|U-turn|p1a: Excadrill\n|-resisted|p1a: Excadrill\n|-damage|p1a: Excadrill|274/303\n|\n|t:|1783554013\n|switch|p2a: Corviknight|Corviknight, L80, F|100/100|[from] U-turn\n|-ability|p2a: Corviknight|Pressure\n|move|p1a: Excadrill|Earthquake|p2a: Corviknight\n|-immune|p2a: Corviknight\n|\n|-heal|p1a: Excadrill|292/303|[from] item: Leftovers\n|upkeep\n|turn|5\n|inactive|Time left: 300 sec this turn | 300 sec total\n|\n|t:|1783554014\n|move|p1a: Excadrill|Swords Dance|p1a: Excadrill\n|-boost|p1a: Excadrill|atk|2\n|move|p2a: Corviknight|Brave Bird|p1a: Excadrill\n|-resisted|p1a: Excadrill\n|-damage|p1a: Excadrill|221/303\n|-damage|p2a: Corviknight|93/100|[from] Recoil\n|\n|-heal|p1a: Excadrill|239/303|[from] item: Leftovers\n|-heal|p2a: Corviknight|99/100|[from] item: Leftovers\n|upkeep\n|turn|6\n|inactive|Time left: 300 sec this turn | 300 sec total\n|\n|t:|1783554015\n|move|p1a: Excadrill|Iron Head|p2a: Corviknight\n|-resisted|p2a: Corviknight\n|-damage|p2a: Corviknight|69/100\n|move|p2a: Corviknight|Brave Bird|p1a: Excadrill\n|-resisted|p1a: Excadrill\n|-damage|p1a: Excadrill|166/303\n|-damage|p2a: Corviknight|60/100|[from] Recoil\n|\n|-heal|p1a: Excadrill|184/303|[from] item: Leftovers\n|-heal|p2a: Corviknight|66/100|[from] item: Leftovers\n|upkeep\n|turn|7\n|inactive|Time left: 300 sec this turn | 300 sec total\n|\n|t:|1783554016\n|move|p1a: Excadrill|Iron Head|p2a: Corviknight\n|-resisted|p2a: Corviknight\n|-damage|p2a: Corviknight|33/100\n|cant|p2a: Corviknight|flinch\n|\n|-heal|p1a: Excadrill|202/303|[from] item: Leftovers\n|-heal|p2a: Corviknight|40/100|[from] item: Leftovers\n|upkeep\n|turn|8\n|inactive|Time left: 300 sec this turn | 300 sec total\n|\n|t:|1783554017\n|move|p1a: Excadrill|Iron Head|p2a: Corviknight\n|-resisted|p2a: Corviknight\n|-damage|p2a: Corviknight|11/100\n|cant|p2a: Corviknight|flinch\n|\n|-heal|p1a: Excadrill|220/303|[from] item: Leftovers\n|-heal|p2a: Corviknight|18/100|[from] item: Leftovers\n|upkeep\n|turn|9\n|inactive|Time left: 300 sec this turn | 300 sec total\n|\n|t:|1783554018\n|move|p1a: Excadrill|Iron Head|p2a: Corviknight\n|-resisted|p2a: Corviknight\n|-damage|p2a: Corviknight|0 fnt\n|faint|p2a: Corviknight\n|\n|-heal|p1a: Excadrill|238/303|[from] item: Leftovers\n|upkeep\n|\n|t:|1783554019\n|switch|p2a: Kleavor|Kleavor, L78, M|100/100\n|turn|10\n|inactive|Time left: 300 sec this turn | 300 sec total\n|\n|t:|1783554020\n|move|p2a: Kleavor|Close Combat|p1a: Excadrill\n|-supereffective|p1a: Excadrill\n|-damage|p1a: Excadrill|0 fnt\n|-unboost|p2a: Kleavor|def|1\n|-unboost|p2a: Kleavor|spd|1\n|faint|p1a: Excadrill\n|\n|upkeep\n|inactive|Time left: 300 sec this turn | 300 sec total | 5 sec grace\n|\n|t:|1783554021\n|switch|p1a: Magmortar|Magmortar, L88, M|275/275\n|turn|11\n|inactive|Time left: 300 sec this turn | 300 sec total\n|\n|t:|1783554022\n|switch|p2a: Fezandipiti|Fezandipiti, L82, M|100/100\n|move|p1a: Magmortar|Fire Blast|p2a: Fezandipiti\n|-damage|p2a: Fezandipiti|56/100\n|\n|-heal|p2a: Fezandipiti|62/100|[from] item: Leftovers\n|upkeep\n|turn|12\n|inactive|Time left: 300 sec this turn | 300 sec total\n|\n|t:|1783554023\n|move|p2a: Fezandipiti|Gunk Shot|p1a: Magmortar|[miss]\n|-miss|p2a: Fezandipiti|p1a: Magmortar\n|move|p1a: Magmortar|Earthquake|p2a: Fezandipiti\n|-supereffective|p2a: Fezandipiti\n|-damage|p2a: Fezandipiti|0 fnt\n|faint|p2a: Fezandipiti\n|\n|upkeep\n|\n|t:|1783554025\n|switch|p2a: Kleavor|Kleavor, L78, M|100/100\n|turn|13\n|inactive|Time left: 300 sec this turn | 300 sec total\n|\n|t:|1783554025\n|-terastallize|p1a: Magmortar|Electric\n|move|p2a: Kleavor|Stone Axe|p1a: Magmortar\n|-damage|p1a: Magmortar|139/275\n|-sidestart|p1: p0x121005be|move: Stealth Rock\n|move|p1a: Magmortar|Thunderbolt|p2a: Kleavor\n|-damage|p2a: Kleavor|36/100\n|\n|upkeep\n|turn|14\n|inactive|Time left: 300 sec this turn | 300 sec total\n|\n|t:|1783554027\n|move|p2a: Kleavor|Stone Axe|p1a: Magmortar\n|-damage|p1a: Magmortar|1/275\n|-status|p2a: Kleavor|brn|[from] ability: Flame Body|[of] p1a: Magmortar\n|move|p1a: Magmortar|Fire Blast|p2a: Kleavor\n|-damage|p2a: Kleavor|0 fnt\n|faint|p2a: Kleavor\n|\n|upkeep\n|\n|t:|1783554028\n|switch|p2a: Luvdisc|Luvdisc, F|100/100\n|turn|15\n|inactive|Time left: 300 sec this turn | 300 sec total\n|\n|t:|1783554029\n|switch|p1a: Tentacruel|Tentacruel, L84, F|272/272\n|-damage|p1a: Tentacruel|238/272|[from] Stealth Rock\n|move|p2a: Luvdisc|Flip Turn|p1a: Tentacruel\n|-resisted|p1a: Tentacruel\n|-damage|p1a: Tentacruel|211/272\n|\n|t:|1783554030\n|switch|p2a: Bisharp|Bisharp, L79, M|100/100|[from] Flip Turn\n|\n|upkeep\n|turn|16\n|inactive|Time left: 300 sec this turn | 300 sec total\n|\n|t:|1783554031\n|move|p1a: Tentacruel|Rapid Spin|p2a: Bisharp\n|-resisted|p2a: Bisharp\n|-damage|p2a: Bisharp|97/100\n|-boost|p1a: Tentacruel|spe|1\n|-sideend|p1: p0x121005be|Stealth Rock|[from] move: Rapid Spin|[of] p1a: Tentacruel\n|move|p2a: Bisharp|Throat Chop|p1a: Tentacruel\n|-damage|p1a: Tentacruel|102/272\n|-start|p1a: Tentacruel|Throat Chop|[silent]\n|\n|upkeep\n|turn|17\n|inactive|Time left: 300 sec this turn | 300 sec total\n|\n|t:|1783554032\n|switch|p1a: Magmortar|Magmortar, L88, M, tera:Electric|1/275\n|move|p2a: Bisharp|Throat Chop|p1a: Magmortar\n|-damage|p1a: Magmortar|0 fnt\n|faint|p1a: Magmortar\n|\n|upkeep\n|inactive|Time left: 300 sec this turn | 300 sec total | 5 sec grace\n|\n|t:|1783554033\n|switch|p1a: Dewgong|Dewgong, L94, M|322/322\n|turn|18\n|inactive|Time left: 300 sec this turn | 300 sec total\n|\n|t:|1783554034\n|move|p1a: Dewgong|Surf|p2a: Bisharp\n|-damage|p2a: Bisharp|65/100\n|move|p2a: Bisharp|Iron Head|p1a: Dewgong\n|-damage|p1a: Dewgong|229/322\n|\n|upkeep\n|turn|19\n|inactive|Time left: 300 sec this turn | 300 sec total\n|\n|t:|1783554036\n|move|p1a: Dewgong|Surf|p2a: Bisharp\n|-damage|p2a: Bisharp|31/100\n|move|p2a: Bisharp|Throat Chop|p1a: Dewgong\n|-damage|p1a: Dewgong|144/322\n|-start|p1a: Dewgong|Throat Chop|[silent]\n|\n|upkeep\n|turn|20\n|inactive|Time left: 300 sec this turn | 300 sec total\n|\n|t:|1783554037\n|switch|p2a: Luvdisc|Luvdisc, F|100/100\n|move|p1a: Dewgong|Surf|p2a: Luvdisc\n|-resisted|p2a: Luvdisc\n|-damage|p2a: Luvdisc|82/100\n|\n|-end|p1a: Dewgong|Throat Chop|[silent]\n|upkeep\n|turn|21\n|inactive|Time left: 300 sec this turn | 300 sec total\n|\n|t:|1783554038\n|move|p2a: Luvdisc|Surf|p1a: Dewgong\n|-resisted|p1a: Dewgong\n|-damage|p1a: Dewgong|121/322\n|move|p1a: Dewgong|Surf|p2a: Luvdisc\n|-resisted|p2a: Luvdisc\n|-damage|p2a: Luvdisc|61/100\n|\n|upkeep\n|turn|22\n|inactive|Time left: 300 sec this turn | 300 sec total\n|\n|t:|1783554039\n|move|p2a: Luvdisc|Substitute|p2a: Luvdisc\n|-start|p2a: Luvdisc|Substitute\n|-damage|p2a: Luvdisc|37/100\n|move|p1a: Dewgong|Surf|p2a: Luvdisc\n|-resisted|p2a: Luvdisc\n|-activate|p2a: Luvdisc|move: Substitute|[damage]\n|\n|upkeep\n|turn|23\n|inactive|Time left: 300 sec this turn | 300 sec total\n|\n|t:|1783554039\n|move|p2a: Luvdisc|Surf|p1a: Dewgong\n|-resisted|p1a: Dewgong\n|-damage|p1a: Dewgong|99/322\n|move|p1a: Dewgong|Knock Off|p2a: Luvdisc\n|-end|p2a: Luvdisc|Substitute\n|\n|upkeep\n|turn|24\n|inactive|Time left: 300 sec this turn | 300 sec total\n|\n|t:|1783554040\n|move|p2a: Luvdisc|Surf|p1a: Dewgong\n|-resisted|p1a: Dewgong\n|-damage|p1a: Dewgong|78/322\n|move|p1a: Dewgong|Surf|p2a: Luvdisc\n|-resisted|p2a: Luvdisc\n|-damage|p2a: Luvdisc|18/100\n|\n|upkeep\n|turn|25\n|inactive|Time left: 300 sec this turn | 300 sec total\n|\n|t:|1783554041\n|move|p2a: Luvdisc|Endeavor|p1a: Dewgong\n|-damage|p1a: Dewgong|44/322\n|move|p1a: Dewgong|Surf|p2a: Luvdisc\n|-resisted|p2a: Luvdisc\n|-damage|p2a: Luvdisc|0 fnt\n|faint|p2a: Luvdisc\n|\n|upkeep\n|\n|t:|1783554042\n|switch|p2a: Bisharp|Bisharp, L79, M|31/100\n|turn|26\n|inactive|Time left: 300 sec this turn | 300 sec total\n|\n|t:|1783554043\n|move|p2a: Bisharp|Sucker Punch|p1a: Dewgong\n|-damage|p1a: Dewgong|0 fnt\n|faint|p1a: Dewgong\n|\n|upkeep\n|inactive|Time left: 300 sec this turn | 300 sec total | 5 sec grace\n|\n|t:|1783554044\n|switch|p1a: Tentacruel|Tentacruel, L84, F|102/272\n|turn|27\n|inactive|Time left: 300 sec this turn | 300 sec total\n|\n|t:|1783554045\n|move|p2a: Bisharp|Sucker Punch|p1a: Tentacruel\n|-damage|p1a: Tentacruel|0 fnt\n|faint|p1a: Tentacruel\n|\n|upkeep\n|inactive|Time left: 300 sec this turn | 300 sec total | 5 sec grace\n|\n|t:|1783554046\n|switch|p1a: Zangoose|Zangoose, L85, F|263/263\n|turn|28\n|inactive|Time left: 300 sec this turn | 300 sec total\n|\n|t:|1783554047\n|move|p1a: Zangoose|Swords Dance|p1a: Zangoose\n|-boost|p1a: Zangoose|atk|2\n|move|p2a: Bisharp|Throat Chop|p1a: Zangoose\n|-damage|p1a: Zangoose|151/263\n|-start|p1a: Zangoose|Throat Chop|[silent]\n|\n|-status|p1a: Zangoose|tox|[from] item: Toxic Orb\n|upkeep\n|turn|29\n|inactive|Time left: 300 sec this turn | 300 sec total\n|\n|t:|1783554047\n|move|p2a: Bisharp|Sucker Punch|p1a: Zangoose\n|-damage|p1a: Zangoose|52/263 tox\n|move|p1a: Zangoose|Facade|p2a: Bisharp\n|-resisted|p2a: Bisharp\n|-damage|p2a: Bisharp|0 fnt\n|faint|p2a: Bisharp\n|\n|win|p0x121005be", "uploadtime": 1783554047, "views": 0, "rating": 0, "private": 0, "password": null, "_winner": "p0x121005be", "_our_name": "p0x121005be"}