{"id": "battle-gen9randombattle-952", "formatid": "gen9randombattle", "format": "[Gen 9] Random Battle", "players": ["p0x9523e34", "p0y9524e48"], "log": "|init|battle\n|title|p0x9523e34 vs. p0y9524e48\n|j|\u2606p0x9523e34\n|j|\u2606p0y9524e48\n|t:|1783550172\n|gametype|singles\n|player|p1|p0x9523e34|169|\n|player|p2|p0y9524e48|169|\n|gen|9\n|tier|[Gen 9] Random Battle\n|rule|Species Clause: Limit one of each Pok\u00e9mon\n|rule|HP Percentage Mod: HP is shown in percentages\n|rule|Sleep Clause Mod: Limit one foe put to sleep\n|rule|Illusion Level Mod: Illusion disguises the Pok\u00e9mon's true level\n|\n|t:|1783550172\n|teamsize|p1|6\n|teamsize|p2|6\n|start\n|switch|p1a: Incineroar|Incineroar, L82, F|100/100\n|switch|p2a: Dedenne|Dedenne, L88, M|261/261\n|-ability|p1a: Incineroar|Intimidate|boost\n|-unboost|p2a: Dedenne|atk|1\n|turn|1\n|inactive|Battle timer is ON: inactive players will automatically lose when time's up. (requested by p0y9524e48)\n|inactive|p0x9523e34 also wants the timer to be on.\n|\n|t:|1783550174\n|move|p2a: Dedenne|Super Fang|p1a: Incineroar|[miss]\n|-miss|p2a: Dedenne|p1a: Incineroar\n|move|p1a: Incineroar|Flare Blitz|p2a: Dedenne\n|-damage|p2a: Dedenne|93/261\n|-enditem|p2a: Dedenne|Sitrus Berry|[eat]\n|-heal|p2a: Dedenne|158/261|[from] item: Sitrus Berry\n|-heal|p2a: Dedenne|245/261|[from] ability: Cheek Pouch\n|-damage|p1a: Incineroar|82/100|[from] Recoil\n|\n|upkeep\n|turn|2\n|inactive|Time left: 300 sec this turn | 300 sec total\n|\n|t:|1783550175\n|move|p2a: Dedenne|Super Fang|p1a: Incineroar\n|-damage|p1a: Incineroar|41/100\n|move|p1a: Incineroar|Flare Blitz|p2a: Dedenne\n|-damage|p2a: Dedenne|77/261\n|-damage|p1a: Incineroar|22/100|[from] Recoil\n|\n|upkeep\n|turn|3\n|inactive|Time left: 300 sec this turn | 300 sec total\n|\n|t:|1783550176\n|switch|p1a: Fezandipiti|Fezandipiti, L82, M|100/100\n|move|p2a: Dedenne|Thunderbolt|p1a: Fezandipiti\n|-damage|p1a: Fezandipiti|75/100\n|\n|-heal|p1a: Fezandipiti|81/100|[from] item: Leftovers\n|upkeep\n|turn|4\n|inactive|Time left: 300 sec this turn | 300 sec total\n|\n|t:|1783550178\n|move|p2a: Dedenne|U-turn|p1a: Fezandipiti\n|-resisted|p1a: Fezandipiti\n|-damage|p1a: Fezandipiti|79/100\n|inactive|Time left: 300 sec this turn | 300 sec total | 5 sec grace\n|\n|t:|1783550179\n|switch|p2a: Probopass|Probopass, L91, F|257/257|[from] U-turn\n|move|p1a: Fezandipiti|Swords Dance|p1a: Fezandipiti\n|-boost|p1a: Fezandipiti|atk|2\n|\n|-heal|p1a: Fezandipiti|85/100|[from] item: Leftovers\n|upkeep\n|turn|5\n|inactive|Time left: 300 sec this turn | 300 sec total\n|\n|t:|1783550180\n|-terastallize|p1a: Fezandipiti|Ground\n|move|p1a: Fezandipiti|Tera Blast|p2a: Probopass|[anim] Tera Blast Ground\n|-supereffective|p2a: Probopass\n|-damage|p2a: Probopass|0 fnt\n|faint|p2a: Probopass\n|\n|-heal|p1a: Fezandipiti|91/100|[from] item: Leftovers\n|upkeep\n|inactive|Time left: 300 sec this turn | 300 sec total | 5 sec grace\n|\n|t:|1783550181\n|switch|p2a: Wugtrio|Wugtrio, L91, F|212/212\n|turn|6\n|inactive|Time left: 300 sec this turn | 300 sec total\n|\n|t:|1783550182\n|switch|p1a: Ludicolo|Ludicolo, L90, M|100/100\n|move|p2a: Wugtrio|Liquidation|p1a: Ludicolo\n|-resisted|p1a: Ludicolo\n|-damage|p1a: Ludicolo|85/100\n|\n|upkeep\n|turn|7\n|inactive|Time left: 300 sec this turn | 300 sec total\n|\n|t:|1783550184\n|switch|p2a: Volbeat|Volbeat, L90, M|263/263\n|move|p1a: Ludicolo|Giga Drain|p2a: Volbeat\n|-resisted|p2a: Volbeat\n|-damage|p2a: Volbeat|203/263\n|-heal|p1a: Ludicolo|95/100|[from] drain|[of] p2a: Volbeat\n|\n|upkeep\n|turn|8\n|inactive|Time left: 300 sec this turn | 300 sec total\n|\n|t:|1783550185\n|move|p2a: Volbeat|Lunge|p1a: Ludicolo\n|-supereffective|p1a: Ludicolo\n|-damage|p1a: Ludicolo|35/100\n|-unboost|p1a: Ludicolo|atk|1\n|move|p1a: Ludicolo|Giga Drain|p2a: Volbeat\n|-resisted|p2a: Volbeat\n|-damage|p2a: Volbeat|139/263\n|-heal|p1a: Ludicolo|46/100|[from] drain|[of] p2a: Volbeat\n|\n|upkeep\n|turn|9\n|inactive|Time left: 300 sec this turn | 300 sec total\n|\n|t:|1783550186\n|switch|p1a: Incineroar|Incineroar, L82, F|22/100\n|-ability|p1a: Incineroar|Intimidate|boost\n|-unboost|p2a: Volbeat|atk|1\n|move|p2a: Volbeat|Lunge|p1a: Incineroar\n|-damage|p1a: Incineroar|3/100\n|-unboost|p1a: Incineroar|atk|1\n|\n|upkeep\n|turn|10\n|inactive|Time left: 300 sec this turn | 300 sec total\n|\n|t:|1783550187\n|move|p1a: Incineroar|Knock Off|p2a: Volbeat\n|-damage|p2a: Volbeat|63/263\n|-enditem|p2a: Volbeat|Heavy-Duty Boots|[from] move: Knock Off|[of] p1a: Incineroar\n|move|p2a: Volbeat|Lunge|p1a: Incineroar\n|-damage|p1a: Incineroar|0 fnt\n|faint|p1a: Incineroar\n|\n|upkeep\n|\n|t:|1783550188\n|switch|p1a: Magnezone|Magnezone, L85|100/100\n|turn|11\n|inactive|Time left: 300 sec this turn | 300 sec total\n|\n|t:|1783550189\n|move|p2a: Volbeat|Roost|p2a: Volbeat\n|-heal|p2a: Volbeat|195/263\n|-singleturn|p2a: Volbeat|move: Roost\n|move|p1a: Magnezone|Thunderbolt|p2a: Volbeat\n|-damage|p2a: Volbeat|45/263\n|\n|upkeep\n|turn|12\n|inactive|Time left: 300 sec this turn | 300 sec total\n|\n|t:|1783550190\n|switch|p2a: Landorus|Landorus-Therian, L76, M|260/260\n|-ability|p2a: Landorus|Intimidate|boost\n|-unboost|p1a: Magnezone|atk|1\n|move|p1a: Magnezone|Thunderbolt|p2a: Landorus\n|-immune|p2a: Landorus\n|\n|upkeep\n|turn|13\n|inactive|Time left: 300 sec this turn | 300 sec total\n|\n|t:|1783550191\n|switch|p1a: Donphan|Donphan, L84, M|100/100\n|move|p2a: Landorus|Earthquake|p1a: Donphan\n|-damage|p1a: Donphan|65/100\n|\n|upkeep\n|turn|14\n|inactive|Time left: 300 sec this turn | 300 sec total\n|\n|t:|1783550192\n|switch|p2a: Wugtrio|Wugtrio, L91, F|212/212\n|move|p1a: Donphan|Ice Spinner|p2a: Wugtrio\n|-resisted|p2a: Wugtrio\n|-damage|p2a: Wugtrio|163/212\n|-ability|p2a: Wugtrio|Gooey\n|-unboost|p1a: Donphan|spe|1\n|\n|upkeep\n|turn|15\n|inactive|Time left: 300 sec this turn | 300 sec total\n|\n|t:|1783550193\n|switch|p1a: Ludicolo|Ludicolo, L90, M|46/100\n|move|p2a: Wugtrio|Liquidation|p1a: Ludicolo\n|-resisted|p1a: Ludicolo\n|-damage|p1a: Ludicolo|29/100\n|\n|upkeep\n|turn|16\n|inactive|Time left: 300 sec this turn | 300 sec total\n|\n|t:|1783550194\n|switch|p2a: Volbeat|Volbeat, L90, M|45/263\n|move|p1a: Ludicolo|Giga Drain|p2a: Volbeat\n|-resisted|p2a: Volbeat\n|-damage|p2a: Volbeat|0 fnt\n|-heal|p1a: Ludicolo|37/100|[from] drain|[of] p2a: Volbeat\n|faint|p2a: Volbeat\n|\n|upkeep\n|inactive|Time left: 300 sec this turn | 300 sec total | 5 sec grace\n|\n|t:|1783550195\n|switch|p2a: Raichu|Raichu-Alola, L87, M|246/246\n|turn|17\n|inactive|Time left: 300 sec this turn | 300 sec total\n|\n|t:|1783550196\n|move|p2a: Raichu|Psychic|p1a: Ludicolo\n|-damage|p1a: Ludicolo|0 fnt\n|faint|p1a: Ludicolo\n|\n|upkeep\n|\n|t:|1783550196\n|switch|p1a: Fezandipiti|Fezandipiti, L82, M, tera:Ground|91/100\n|turn|18\n|inactive|Time left: 300 sec this turn | 300 sec total\n|\n|t:|1783550197\n|switch|p2a: Landorus|Landorus-Therian, L76, M|260/260\n|-ability|p2a: Landorus|Intimidate|boost\n|-unboost|p1a: Fezandipiti|atk|1\n|move|p1a: Fezandipiti|Gunk Shot|p2a: Landorus\n|-resisted|p2a: Landorus\n|-crit|p2a: Landorus\n|-damage|p2a: Landorus|164/260\n|\n|-heal|p1a: Fezandipiti|97/100|[from] item: Leftovers\n|-heal|p2a: Landorus|180/260|[from] item: Leftovers\n|upkeep\n|turn|19\n|inactive|Time left: 300 sec this turn | 300 sec total\n|\n|t:|1783550198\n|move|p1a: Fezandipiti|Swords Dance|p1a: Fezandipiti\n|-boost|p1a: Fezandipiti|atk|2\n|move|p2a: Landorus|Earthquake|p1a: Fezandipiti\n|-damage|p1a: Fezandipiti|52/100\n|\n|-heal|p1a: Fezandipiti|58/100|[from] item: Leftovers\n|-heal|p2a: Landorus|196/260|[from] item: Leftovers\n|upkeep\n|turn|20\n|inactive|Time left: 300 sec this turn | 300 sec total\n|\n|t:|1783550198\n|move|p1a: Fezandipiti|Play Rough|p2a: Landorus\n|-damage|p2a: Landorus|67/260\n|move|p2a: Landorus|U-turn|p1a: Fezandipiti\n|-damage|p1a: Fezandipiti|38/100\n|inactive|Time left: 300 sec this turn | 300 sec total | 5 sec grace\n|\n|t:|1783550199\n|switch|p2a: Wugtrio|Wugtrio, L91, F|163/212|[from] U-turn\n|\n|-heal|p1a: Fezandipiti|44/100|[from] item: Leftovers\n|upkeep\n|turn|21\n|inactive|Time left: 300 sec this turn | 300 sec total\n|\n|t:|1783550200\n|switch|p1a: Magnezone|Magnezone, L85|100/100\n|move|p2a: Wugtrio|Liquidation|p1a: Magnezone\n|-damage|p1a: Magnezone|47/100\n|-unboost|p1a: Magnezone|def|1\n|\n|-heal|p1a: Magnezone|53/100|[from] item: Leftovers\n|upkeep\n|turn|22\n|inactive|Time left: 300 sec this turn | 300 sec total\n|\n|t:|1783550200\n|switch|p1a: Fezandipiti|Fezandipiti, L82, M, tera:Ground|44/100\n|move|p2a: Wugtrio|Liquidation|p1a: Fezandipiti\n|-supereffective|p1a: Fezandipiti\n|-damage|p1a: Fezandipiti|0 fnt\n|faint|p1a: Fezandipiti\n|\n|upkeep\n|\n|t:|1783550201\n|switch|p1a: Magnezone|Magnezone, L85|53/100\n|turn|23\n|inactive|Time left: 300 sec this turn | 300 sec total\n|\n|t:|1783550202\n|move|p2a: Wugtrio|Liquidation|p1a: Magnezone\n|-damage|p1a: Magnezone|0 fnt\n|faint|p1a: Magnezone\n|\n|upkeep\n|\n|t:|1783550203\n|switch|p1a: Tornadus|Tornadus-Therian, L79, M|100/100\n|turn|24\n|inactive|Time left: 300 sec this turn | 300 sec total\n|\n|t:|1783550204\n|move|p2a: Wugtrio|Liquidation|p1a: Tornadus\n|-damage|p1a: Tornadus|31/100\n|move|p1a: Tornadus|Bleakwind Storm|p2a: Wugtrio|[miss]\n|-miss|p1a: Tornadus|p2a: Wugtrio\n|\n|upkeep\n|turn|25\n|inactive|Time left: 300 sec this turn | 300 sec total\n|\n|t:|1783550205\n|move|p2a: Wugtrio|Liquidation|p1a: Tornadus\n|-damage|p1a: Tornadus|0 fnt\n|faint|p1a: Tornadus\n|\n|upkeep\n|\n|t:|1783550206\n|switch|p1a: Donphan|Donphan, L84, M|65/100\n|turn|26\n|inactive|Time left: 300 sec this turn | 300 sec total\n|\n|t:|1783550207\n|move|p2a: Wugtrio|Liquidation|p1a: Donphan\n|-supereffective|p1a: Donphan\n|-damage|p1a: Donphan|0 fnt\n|faint|p1a: Donphan\n|\n|win|p0y9524e48", "uploadtime": 1783550207, "views": 0, "rating": 0, "private": 0, "password": null, "_winner": "p0y9524e48", "_our_name": "p0y9524e48"}