{"id": "battle-gen9randombattle-996", "formatid": "gen9randombattle", "format": "[Gen 9] Random Battle", "players": ["p0x99649cb", "p0y996b708"], "log": "|init|battle\n|title|p0x99649cb vs. p0y996b708\n|j|\u2606p0x99649cb\n|j|\u2606p0y996b708\n|t:|1783551451\n|gametype|singles\n|player|p1|p0x99649cb|266|\n|player|p2|p0y996b708|102|\n|gen|9\n|tier|[Gen 9] Random Battle\n|rule|Species Clause: Limit one of each Pok\u00e9mon\n|rule|HP Percentage Mod: HP is shown in percentages\n|rule|Sleep Clause Mod: Limit one foe put to sleep\n|rule|Illusion Level Mod: Illusion disguises the Pok\u00e9mon's true level\n|\n|t:|1783551451\n|teamsize|p1|6\n|teamsize|p2|6\n|start\n|switch|p1a: Roaring Moon|Roaring Moon, L72|100/100\n|switch|p2a: Sandaconda|Sandaconda, L84, F|258/258\n|turn|1\n|inactive|Battle timer is ON: inactive players will automatically lose when time's up. (requested by p0x99649cb)\n|inactive|Time left: 300 sec this turn | 300 sec total | 60 sec grace\n|inactive|p0y996b708 also wants the timer to be on.\n|\n|t:|1783551452\n|move|p1a: Roaring Moon|Outrage|p2a: Sandaconda\n|-damage|p2a: Sandaconda|119/258\n|move|p2a: Sandaconda|Earthquake|p1a: Roaring Moon\n|-damage|p1a: Roaring Moon|41/100\n|\n|-heal|p2a: Sandaconda|135/258|[from] item: Leftovers\n|upkeep\n|turn|2\n|inactive|Time left: 300 sec this turn | 300 sec total\n|\n|t:|1783551454\n|switch|p2a: Slaking|Slaking, L84, F|389/389\n|move|p1a: Roaring Moon|Outrage|p2a: Slaking|[from] lockedmove\n|-damage|p2a: Slaking|205/389\n|\n|upkeep\n|turn|3\n|inactive|Time left: 300 sec this turn | 300 sec total\n|\n|t:|1783551455\n|move|p2a: Slaking|Giga Impact|p1a: Roaring Moon|[miss]\n|-miss|p2a: Slaking|p1a: Roaring Moon\n|move|p1a: Roaring Moon|Outrage|p2a: Slaking|[from] lockedmove\n|-damage|p2a: Slaking|27/389\n|-start|p1a: Roaring Moon|confusion|[fatigue]\n|\n|upkeep\n|turn|4\n|inactive|Time left: 300 sec this turn | 300 sec total\n|\n|t:|1783551456\n|switch|p2a: Forretress|Forretress, L84, F|263/263\n|-activate|p1a: Roaring Moon|confusion\n|move|p1a: Roaring Moon|Outrage|p2a: Forretress\n|-resisted|p2a: Forretress\n|-damage|p2a: Forretress|199/263\n|\n|-heal|p2a: Forretress|215/263|[from] item: Leftovers\n|upkeep\n|turn|5\n|inactive|Time left: 300 sec this turn | 300 sec total\n|\n|t:|1783551457\n|-activate|p1a: Roaring Moon|confusion\n|-damage|p1a: Roaring Moon|28/100|[from] confusion\n|move|p2a: Forretress|Iron Head|p1a: Roaring Moon\n|-damage|p1a: Roaring Moon|0 fnt\n|faint|p1a: Roaring Moon\n|-end|p1a: Roaring Moon|Protosynthesis|[silent]\n|\n|-heal|p2a: Forretress|231/263|[from] item: Leftovers\n|upkeep\n|\n|t:|1783551458\n|switch|p1a: Typhlosion|Typhlosion-Hisui, L83, M|100/100\n|turn|6\n|inactive|Time left: 300 sec this turn | 300 sec total\n|\n|t:|1783551459\n|switch|p2a: Slaking|Slaking, L84, F|27/389\n|move|p1a: Typhlosion|Eruption|p2a: Slaking\n|-damage|p2a: Slaking|0 fnt\n|faint|p2a: Slaking\n|\n|upkeep\n|inactive|Time left: 300 sec this turn | 300 sec total | 5 sec grace\n|\n|t:|1783551460\n|switch|p2a: Mandibuzz|Mandibuzz, L85, F|326/326\n|turn|7\n|inactive|Time left: 300 sec this turn | 300 sec total\n|\n|t:|1783551461\n|move|p1a: Typhlosion|Eruption|p2a: Mandibuzz\n|-damage|p2a: Mandibuzz|151/326\n|move|p2a: Mandibuzz|Foul Play|p1a: Typhlosion\n|-supereffective|p1a: Typhlosion\n|-damage|p1a: Typhlosion|37/100\n|\n|upkeep\n|turn|8\n|inactive|Time left: 300 sec this turn | 300 sec total\n|\n|t:|1783551462\n|switch|p1a: Zamazenta|Zamazenta-Crowned, L68|100/100\n|-ability|p1a: Zamazenta|Dauntless Shield|boost\n|-boost|p1a: Zamazenta|def|1\n|move|p2a: Mandibuzz|Foul Play|p1a: Zamazenta\n|-resisted|p1a: Zamazenta\n|-damage|p1a: Zamazenta|88/100\n|\n|upkeep\n|turn|9\n|inactive|Time left: 300 sec this turn | 300 sec total\n|\n|t:|1783551463\n|move|p1a: Zamazenta|Iron Defense|p1a: Zamazenta\n|-boost|p1a: Zamazenta|def|2\n|move|p2a: Mandibuzz|Roost|p2a: Mandibuzz\n|-heal|p2a: Mandibuzz|314/326\n|-singleturn|p2a: Mandibuzz|move: Roost\n|\n|upkeep\n|turn|10\n|inactive|Time left: 300 sec this turn | 300 sec total\n|\n|t:|1783551464\n|move|p1a: Zamazenta|Body Press|p2a: Mandibuzz\n|-damage|p2a: Mandibuzz|154/326\n|move|p2a: Mandibuzz|Roost|p2a: Mandibuzz\n|-heal|p2a: Mandibuzz|317/326\n|-singleturn|p2a: Mandibuzz|move: Roost\n|\n|upkeep\n|turn|11\n|inactive|Time left: 300 sec this turn | 300 sec total\n|\n|t:|1783551466\n|move|p1a: Zamazenta|Body Press|p2a: Mandibuzz\n|-damage|p2a: Mandibuzz|155/326\n|move|p2a: Mandibuzz|Roost|p2a: Mandibuzz\n|-heal|p2a: Mandibuzz|318/326\n|-singleturn|p2a: Mandibuzz|move: Roost\n|\n|upkeep\n|turn|12\n|inactive|Time left: 300 sec this turn | 300 sec total\n|\n|t:|1783551467\n|move|p1a: Zamazenta|Body Press|p2a: Mandibuzz\n|-damage|p2a: Mandibuzz|164/326\n|move|p2a: Mandibuzz|Roost|p2a: Mandibuzz\n|-heal|p2a: Mandibuzz|326/326\n|-singleturn|p2a: Mandibuzz|move: Roost\n|\n|upkeep\n|turn|13\n|inactive|Time left: 300 sec this turn | 300 sec total\n|\n|t:|1783551468\n|move|p1a: Zamazenta|Body Press|p2a: Mandibuzz\n|-damage|p2a: Mandibuzz|151/326\n|move|p2a: Mandibuzz|Roost|p2a: Mandibuzz\n|-heal|p2a: Mandibuzz|314/326\n|-singleturn|p2a: Mandibuzz|move: Roost\n|\n|upkeep\n|turn|14\n|inactive|Time left: 300 sec this turn | 300 sec total\n|\n|t:|1783551469\n|move|p1a: Zamazenta|Body Press|p2a: Mandibuzz\n|-damage|p2a: Mandibuzz|148/326\n|move|p2a: Mandibuzz|Roost|p2a: Mandibuzz\n|-heal|p2a: Mandibuzz|311/326\n|-singleturn|p2a: Mandibuzz|move: Roost\n|\n|upkeep\n|turn|15\n|inactive|Time left: 300 sec this turn | 300 sec total\n|\n|t:|1783551470\n|move|p1a: Zamazenta|Body Press|p2a: Mandibuzz\n|-damage|p2a: Mandibuzz|155/326\n|move|p2a: Mandibuzz|Roost|p2a: Mandibuzz\n|-heal|p2a: Mandibuzz|318/326\n|-singleturn|p2a: Mandibuzz|move: Roost\n|\n|upkeep\n|turn|16\n|inactive|Time left: 300 sec this turn | 300 sec total\n|\n|t:|1783551471\n|move|p1a: Zamazenta|Body Press|p2a: Mandibuzz\n|-damage|p2a: Mandibuzz|155/326\n|move|p2a: Mandibuzz|Roost|p2a: Mandibuzz\n|-heal|p2a: Mandibuzz|318/326\n|-singleturn|p2a: Mandibuzz|move: Roost\n|\n|upkeep\n|turn|17\n|inactive|Time left: 300 sec this turn | 300 sec total\n|\n|t:|1783551472\n|switch|p2a: Forretress|Forretress, L84, F|231/263\n|move|p1a: Zamazenta|Body Press|p2a: Forretress\n|-damage|p2a: Forretress|105/263\n|\n|-heal|p2a: Forretress|121/263|[from] item: Leftovers\n|upkeep\n|turn|18\n|inactive|Time left: 300 sec this turn | 300 sec total\n|\n|t:|1783551473\n|switch|p2a: Scyther|Scyther, L82, F|249/249\n|move|p1a: Zamazenta|Body Press|p2a: Scyther\n|-resisted|p2a: Scyther\n|-damage|p2a: Scyther|201/249\n|\n|upkeep\n|turn|19\n|inactive|Time left: 300 sec this turn | 300 sec total\n|\n|t:|1783551474\n|move|p2a: Scyther|Dual Wingbeat|p1a: Zamazenta\n|-damage|p1a: Zamazenta|77/100\n|-damage|p1a: Zamazenta|67/100\n|-hitcount|p1a: Zamazenta|2\n|move|p1a: Zamazenta|Body Press|p2a: Scyther\n|-resisted|p2a: Scyther\n|-damage|p2a: Scyther|152/249\n|\n|upkeep\n|turn|20\n|inactive|Time left: 300 sec this turn | 300 sec total\n|\n|t:|1783551476\n|move|p2a: Scyther|Swords Dance|p2a: Scyther\n|-boost|p2a: Scyther|atk|2\n|move|p1a: Zamazenta|Body Press|p2a: Scyther\n|-resisted|p2a: Scyther\n|-damage|p2a: Scyther|100/249\n|\n|upkeep\n|turn|21\n|inactive|Time left: 300 sec this turn | 300 sec total\n|\n|t:|1783551477\n|-terastallize|p2a: Scyther|Fighting\n|move|p2a: Scyther|Close Combat|p1a: Zamazenta\n|-supereffective|p1a: Zamazenta\n|-damage|p1a: Zamazenta|0 fnt\n|-unboost|p2a: Scyther|def|1\n|-unboost|p2a: Scyther|spd|1\n|faint|p1a: Zamazenta\n|\n|upkeep\n|\n|t:|1783551478\n|switch|p1a: Typhlosion|Typhlosion-Hisui, L83, M|37/100\n|turn|22\n|inactive|Time left: 300 sec this turn | 300 sec total\n|\n|t:|1783551478\n|move|p1a: Typhlosion|Fire Blast|p2a: Scyther\n|-damage|p2a: Scyther|0 fnt\n|faint|p2a: Scyther\n|\n|upkeep\n|inactive|Time left: 300 sec this turn | 300 sec total | 5 sec grace\n|\n|t:|1783551479\n|switch|p2a: Girafarig|Girafarig, L89, M|269/269\n|turn|23\n|inactive|Time left: 300 sec this turn | 300 sec total\n|\n|t:|1783551480\n|move|p1a: Typhlosion|Fire Blast|p2a: Girafarig\n|-damage|p2a: Girafarig|163/269\n|-status|p2a: Girafarig|brn\n|move|p2a: Girafarig|Psyshock|p1a: Typhlosion\n|-damage|p1a: Typhlosion|1/100\n|\n|-damage|p2a: Girafarig|147/269 brn|[from] brn\n|upkeep\n|turn|24\n|inactive|Time left: 300 sec this turn | 300 sec total\n|\n|t:|1783551481\n|move|p1a: Typhlosion|Fire Blast|p2a: Girafarig\n|-damage|p2a: Girafarig|0 fnt\n|faint|p2a: Girafarig\n|\n|upkeep\n|inactive|Time left: 300 sec this turn | 300 sec total | 5 sec grace\n|\n|t:|1783551482\n|switch|p2a: Mandibuzz|Mandibuzz, L85, F|318/326\n|turn|25\n|inactive|Time left: 300 sec this turn | 300 sec total\n|\n|t:|1783551483\n|move|p1a: Typhlosion|Fire Blast|p2a: Mandibuzz\n|-damage|p2a: Mandibuzz|141/326\n|move|p2a: Mandibuzz|U-turn|p1a: Typhlosion\n|-resisted|p1a: Typhlosion\n|-damage|p1a: Typhlosion|0 fnt\n|faint|p1a: Typhlosion\n|inactive|Time left: 300 sec this turn | 300 sec total | 5 sec grace\n|\n|t:|1783551484\n|switch|p2a: Sandaconda|Sandaconda, L84, F|135/258|[from] U-turn\n|\n|-heal|p2a: Sandaconda|151/258|[from] item: Leftovers\n|upkeep\n|\n|t:|1783551484\n|switch|p1a: Heracross|Heracross, L80, M|100/100\n|turn|26\n|inactive|Time left: 300 sec this turn | 300 sec total\n|\n|t:|1783551485\n|move|p1a: Heracross|Close Combat|p2a: Sandaconda\n|-damage|p2a: Sandaconda|0 fnt\n|-unboost|p1a: Heracross|def|1\n|-unboost|p1a: Heracross|spd|1\n|faint|p2a: Sandaconda\n|-ability|p1a: Heracross|Moxie|boost\n|-boost|p1a: Heracross|atk|1\n|\n|upkeep\n|inactive|Time left: 300 sec this turn | 300 sec total | 5 sec grace\n|\n|t:|1783551486\n|switch|p2a: Forretress|Forretress, L84, F|121/263\n|turn|27\n|inactive|Time left: 300 sec this turn | 300 sec total\n|\n|t:|1783551487\n|move|p1a: Heracross|Close Combat|p2a: Forretress\n|-damage|p2a: Forretress|0 fnt\n|-unboost|p1a: Heracross|def|1\n|-unboost|p1a: Heracross|spd|1\n|faint|p2a: Forretress\n|-ability|p1a: Heracross|Moxie|boost\n|-boost|p1a: Heracross|atk|1\n|\n|upkeep\n|inactive|Time left: 300 sec this turn | 300 sec total | 5 sec grace\n|\n|t:|1783551487\n|switch|p2a: Mandibuzz|Mandibuzz, L85, F|141/326\n|turn|28\n|inactive|Time left: 300 sec this turn | 300 sec total\n|\n|t:|1783551488\n|-terastallize|p1a: Heracross|Fighting\n|move|p2a: Mandibuzz|Foul Play|p1a: Heracross\n|-resisted|p1a: Heracross\n|-damage|p1a: Heracross|0 fnt\n|faint|p1a: Heracross\n|\n|upkeep\n|\n|t:|1783551489\n|switch|p1a: Glalie|Glalie, L96, F|100/100\n|turn|29\n|inactive|Time left: 300 sec this turn | 300 sec total\n|\n|t:|1783551490\n|move|p1a: Glalie|Freeze-Dry|p2a: Mandibuzz\n|-supereffective|p2a: Mandibuzz\n|-damage|p2a: Mandibuzz|0 fnt\n|faint|p2a: Mandibuzz\n|\n|win|p0x99649cb", "uploadtime": 1783551490, "views": 0, "rating": 0, "private": 0, "password": null, "_winner": "p0x99649cb", "_our_name": "p0y996b708"}