{"id": "battle-gen9randombattle-1807", "formatid": "gen9randombattle", "format": "[Gen 9] Random Battle", "players": ["p0x1807ea63", "p0y18071f77"], "log": "|init|battle\n|title|p0x1807ea63 vs. p0y18071f77\n|j|\u2606p0x1807ea63\n|j|\u2606p0y18071f77\n|t:|1783560163\n|gametype|singles\n|player|p1|p0x1807ea63|102|\n|player|p2|p0y18071f77|1|\n|gen|9\n|tier|[Gen 9] Random Battle\n|rule|Species Clause: Limit one of each Pok\u00e9mon\n|rule|HP Percentage Mod: HP is shown in percentages\n|rule|Sleep Clause Mod: Limit one foe put to sleep\n|rule|Illusion Level Mod: Illusion disguises the Pok\u00e9mon's true level\n|\n|t:|1783560163\n|teamsize|p1|6\n|teamsize|p2|6\n|start\n|switch|p1a: Heatran|Heatran, L79, F|273/273\n|switch|p2a: Hoopa|Hoopa-Unbound, L80|100/100\n|-item|p1a: Heatran|Air Balloon\n|turn|1\n|inactive|Battle timer is ON: inactive players will automatically lose when time's up. (requested by p0x1807ea63)\n|inactive|p0y18071f77 also wants the timer to be on.\n|\n|t:|1783560165\n|move|p2a: Hoopa|Hyperspace Fury|p1a: Heatran\n|-damage|p1a: Heatran|144/273\n|-unboost|p2a: Hoopa|def|1\n|-enditem|p1a: Heatran|Air Balloon\n|move|p1a: Heatran|Stealth Rock|p2a: Hoopa\n|-sidestart|p2: p0y18071f77|move: Stealth Rock\n|\n|upkeep\n|turn|2\n|inactive|Time left: 300 sec this turn | 300 sec total\n|\n|t:|1783560166\n|switch|p1a: Slither Wing|Slither Wing, L81|270/270\n|move|p2a: Hoopa|Focus Blast|p1a: Slither Wing\n|-resisted|p1a: Slither Wing\n|-damage|p1a: Slither Wing|211/270\n|\n|upkeep\n|turn|3\n|inactive|Time left: 300 sec this turn | 300 sec total\n|\n|t:|1783560167\n|switch|p2a: Ursaluna|Ursaluna, L79, M|100/100\n|-damage|p2a: Ursaluna|95/100|[from] Stealth Rock\n|move|p1a: Slither Wing|Close Combat|p2a: Ursaluna\n|-supereffective|p2a: Ursaluna\n|-damage|p2a: Ursaluna|0 fnt\n|-unboost|p1a: Slither Wing|def|1\n|-unboost|p1a: Slither Wing|spd|1\n|faint|p2a: Ursaluna\n|\n|upkeep\n|\n|t:|1783560169\n|switch|p2a: Barraskewda|Barraskewda, L81, F|100/100\n|-damage|p2a: Barraskewda|88/100|[from] Stealth Rock\n|turn|4\n|inactive|Time left: 300 sec this turn | 300 sec total\n|\n|t:|1783560170\n|-end|p1a: Slither Wing|Protosynthesis|[silent]\n|switch|p1a: Flapple|Flapple, L88, F|266/266\n|move|p2a: Barraskewda|Waterfall|p1a: Flapple\n|-resisted|p1a: Flapple\n|-damage|p1a: Flapple|232/266\n|\n|upkeep\n|turn|5\n|inactive|Time left: 300 sec this turn | 300 sec total\n|\n|t:|1783560171\n|move|p2a: Barraskewda|Waterfall|p1a: Flapple\n|-resisted|p1a: Flapple\n|-damage|p1a: Flapple|198/266\n|move|p1a: Flapple|Outrage|p2a: Barraskewda\n|-damage|p2a: Barraskewda|0 fnt\n|faint|p2a: Barraskewda\n|\n|upkeep\n|\n|t:|1783560172\n|switch|p2a: Glastrier|Glastrier, L86|100/100\n|turn|6\n|inactive|Time left: 300 sec this turn | 300 sec total\n|\n|t:|1783560173\n|move|p1a: Flapple|Outrage|p2a: Glastrier|[from] lockedmove\n|-damage|p2a: Glastrier|51/100\n|-start|p1a: Flapple|confusion|[fatigue]\n|-enditem|p1a: Flapple|Lum Berry|[eat]\n|-end|p1a: Flapple|confusion\n|move|p2a: Glastrier|Icicle Crash|p1a: Flapple\n|-supereffective|p1a: Flapple\n|-damage|p1a: Flapple|0 fnt\n|faint|p1a: Flapple\n|-ability|p2a: Glastrier|Chilling Neigh|boost\n|-boost|p2a: Glastrier|atk|1\n|\n|upkeep\n|inactive|Time left: 300 sec this turn | 300 sec total | 5 sec grace\n|\n|t:|1783560174\n|switch|p1a: Slither Wing|Slither Wing, L81|211/270\n|turn|7\n|inactive|Time left: 300 sec this turn | 300 sec total\n|\n|t:|1783560175\n|-terastallize|p2a: Glastrier|Ground\n|move|p1a: Slither Wing|Close Combat|p2a: Glastrier\n|-damage|p2a: Glastrier|0 fnt\n|-unboost|p1a: Slither Wing|def|1\n|-unboost|p1a: Slither Wing|spd|1\n|faint|p2a: Glastrier\n|\n|upkeep\n|\n|t:|1783560176\n|switch|p2a: Cramorant|Cramorant, L86, M|100/100\n|turn|8\n|inactive|Time left: 300 sec this turn | 300 sec total\n|\n|t:|1783560177\n|-end|p1a: Slither Wing|Protosynthesis|[silent]\n|switch|p1a: Glaceon|Glaceon, L94, F|275/275\n|move|p2a: Cramorant|Brave Bird|p1a: Glaceon\n|-damage|p1a: Glaceon|191/275\n|-damage|p2a: Cramorant|90/100|[from] Recoil\n|\n|upkeep\n|turn|9\n|inactive|Time left: 300 sec this turn | 300 sec total\n|\n|t:|1783560178\n|switch|p2a: Hoopa|Hoopa-Unbound, L80|100/100\n|-damage|p2a: Hoopa|88/100|[from] Stealth Rock\n|move|p1a: Glaceon|Freeze-Dry|p2a: Hoopa\n|-damage|p2a: Hoopa|63/100\n|\n|upkeep\n|turn|10\n|inactive|Time left: 300 sec this turn | 300 sec total\n|\n|t:|1783560179\n|move|p1a: Glaceon|Mud Shot|p2a: Hoopa\n|-damage|p2a: Hoopa|51/100\n|-unboost|p2a: Hoopa|spe|1\n|move|p2a: Hoopa|Psychic|p1a: Glaceon\n|-damage|p1a: Glaceon|76/275\n|\n|upkeep\n|turn|11\n|inactive|Time left: 300 sec this turn | 300 sec total\n|\n|t:|1783560180\n|move|p1a: Glaceon|Freeze-Dry|p2a: Hoopa\n|-damage|p2a: Hoopa|27/100\n|move|p2a: Hoopa|Psychic|p1a: Glaceon\n|-damage|p1a: Glaceon|0 fnt\n|faint|p1a: Glaceon\n|\n|upkeep\n|inactive|Time left: 300 sec this turn | 300 sec total | 5 sec grace\n|\n|t:|1783560181\n|switch|p1a: Rampardos|Rampardos, L90, M|321/321\n|turn|12\n|inactive|Time left: 300 sec this turn | 300 sec total\n|\n|t:|1783560182\n|move|p1a: Rampardos|Earthquake|p2a: Hoopa\n|-damage|p2a: Hoopa|0 fnt\n|faint|p2a: Hoopa\n|-damage|p1a: Rampardos|289/321|[from] item: Life Orb\n|\n|upkeep\n|\n|t:|1783560183\n|switch|p2a: Goodra|Goodra, L85, F|100/100\n|-damage|p2a: Goodra|88/100|[from] Stealth Rock\n|turn|13\n|inactive|Time left: 300 sec this turn | 300 sec total\n|\n|t:|1783560183\n|move|p2a: Goodra|Power Whip|p1a: Rampardos\n|-supereffective|p1a: Rampardos\n|-damage|p1a: Rampardos|63/321\n|move|p1a: Rampardos|Rock Slide|p2a: Goodra\n|-damage|p2a: Goodra|0 fnt\n|faint|p2a: Goodra\n|\n|upkeep\n|\n|t:|1783560184\n|switch|p2a: Cramorant|Cramorant, L86, M|90/100\n|turn|14\n|inactive|Time left: 300 sec this turn | 300 sec total\n|\n|t:|1783560185\n|move|p2a: Cramorant|Surf|p1a: Rampardos\n|-formechange|p2a: Cramorant|Cramorant-Gulping|\n|-supereffective|p1a: Rampardos\n|-damage|p1a: Rampardos|0 fnt\n|faint|p1a: Rampardos\n|\n|upkeep\n|inactive|Time left: 300 sec this turn | 300 sec total | 5 sec grace\n|\n|t:|1783560186\n|switch|p1a: Indeedee|Indeedee, L84, M|238/238\n|-fieldstart|move: Psychic Terrain|[from] ability: Psychic Surge|[of] p1a: Indeedee\n|turn|15\n|inactive|Time left: 300 sec this turn | 300 sec total\n|\n|t:|1783560187\n|-terastallize|p1a: Indeedee|Psychic\n|move|p1a: Indeedee|Expanding Force|p2a: Cramorant\n|-damage|p2a: Cramorant|0 fnt\n|-damage|p1a: Indeedee|179/238|[from] ability: Gulp Missile|[of] p2a: Cramorant\n|-unboost|p1a: Indeedee|def|1\n|-formechange|p2a: Cramorant|Cramorant|\n|faint|p2a: Cramorant\n|-damage|p1a: Indeedee|156/238|[from] item: Life Orb\n|\n|win|p0x1807ea63", "uploadtime": 1783560187, "views": 0, "rating": 0, "private": 0, "password": null, "_winner": "p0x1807ea63", "_our_name": "p0x1807ea63"}