{"id": "battle-gen9randombattle-17", "formatid": "gen9randombattle", "format": "[Gen 9] Random Battle", "players": ["p0x017a0a0", "p0y017d4ba"], "log": "|init|battle\n|title|p0x017a0a0 vs. p0y017d4ba\n|j|\u2606p0x017a0a0\n|j|\u2606p0y017d4ba\n|t:|1783539367\n|gametype|singles\n|player|p1|p0x017a0a0|101|\n|player|p2|p0y017d4ba|170|\n|gen|9\n|tier|[Gen 9] Random Battle\n|rule|Species Clause: Limit one of each Pok\u00e9mon\n|rule|HP Percentage Mod: HP is shown in percentages\n|rule|Sleep Clause Mod: Limit one foe put to sleep\n|rule|Illusion Level Mod: Illusion disguises the Pok\u00e9mon's true level\n|\n|t:|1783539367\n|teamsize|p1|6\n|teamsize|p2|6\n|start\n|switch|p1a: Iron Hands|Iron Hands, L79|100/100\n|switch|p2a: Rhydon|Rhydon, L85, F|317/317\n|turn|1\n|inactive|Battle timer is ON: inactive players will automatically lose when time's up. (requested by p0y017d4ba)\n|\n|t:|1783539369\n|move|p1a: Iron Hands|Swords Dance|p1a: Iron Hands\n|-boost|p1a: Iron Hands|atk|2\n|move|p2a: Rhydon|Earthquake|p1a: Iron Hands\n|-supereffective|p1a: Iron Hands\n|-damage|p1a: Iron Hands|32/100\n|\n|-heal|p1a: Iron Hands|39/100|[from] item: Leftovers\n|upkeep\n|turn|2\n|inactive|Time left: 300 sec this turn | 300 sec total\n|inactive|p0x017a0a0 also wants the timer to be on.\n|\n|t:|1783539370\n|move|p1a: Iron Hands|Drain Punch|p2a: Rhydon\n|-supereffective|p2a: Rhydon\n|-damage|p2a: Rhydon|107/317\n|-heal|p1a: Iron Hands|67/100|[from] drain|[of] p2a: Rhydon\n|move|p2a: Rhydon|Earthquake|p1a: Iron Hands\n|-supereffective|p1a: Iron Hands\n|-damage|p1a: Iron Hands|0 fnt\n|faint|p1a: Iron Hands\n|-end|p1a: Iron Hands|Quark Drive|[silent]\n|\n|upkeep\n|\n|t:|1783539371\n|switch|p1a: Flutter Mane|Flutter Mane, L74|100/100\n|turn|3\n|inactive|Time left: 300 sec this turn | 300 sec total\n|\n|t:|1783539372\n|move|p1a: Flutter Mane|Moonblast|p2a: Rhydon\n|-damage|p2a: Rhydon|0 fnt\n|faint|p2a: Rhydon\n|\n|upkeep\n|inactive|Time left: 300 sec this turn | 300 sec total | 5 sec grace\n|\n|t:|1783539373\n|switch|p2a: Metagross|Metagross, L79|256/256\n|turn|4\n|inactive|Time left: 300 sec this turn | 300 sec total\n|\n|t:|1783539375\n|-end|p1a: Flutter Mane|Protosynthesis|[silent]\n|switch|p1a: Chi-Yu|Chi-Yu, L77|100/100\n|-ability|p1a: Chi-Yu|Beads of Ruin\n|move|p2a: Metagross|Heavy Slam|p1a: Chi-Yu\n|-resisted|p1a: Chi-Yu\n|-damage|p1a: Chi-Yu|41/100\n|\n|upkeep\n|turn|5\n|inactive|Time left: 300 sec this turn | 300 sec total\n|\n|t:|1783539376\n|switch|p2a: Alcremie|Alcremie-Mint-Cream, L90, F|263/263\n|move|p1a: Chi-Yu|Fire Blast|p2a: Alcremie\n|-damage|p2a: Alcremie|139/263\n|\n|-heal|p2a: Alcremie|155/263|[from] item: Leftovers\n|upkeep\n|turn|6\n|inactive|Time left: 300 sec this turn | 300 sec total\n|\n|t:|1783539377\n|move|p1a: Chi-Yu|Fire Blast|p2a: Alcremie\n|-damage|p2a: Alcremie|28/263\n|move|p2a: Alcremie|Alluring Voice|p1a: Chi-Yu\n|-damage|p1a: Chi-Yu|0 fnt\n|faint|p1a: Chi-Yu\n|\n|-heal|p2a: Alcremie|44/263|[from] item: Leftovers\n|upkeep\n|\n|t:|1783539378\n|switch|p1a: Flutter Mane|Flutter Mane, L74|100/100\n|turn|7\n|inactive|Time left: 300 sec this turn | 300 sec total\n|\n|t:|1783539379\n|move|p1a: Flutter Mane|Shadow Ball|p2a: Alcremie\n|-damage|p2a: Alcremie|0 fnt\n|faint|p2a: Alcremie\n|\n|upkeep\n|inactive|Time left: 300 sec this turn | 300 sec total | 5 sec grace\n|\n|t:|1783539380\n|switch|p2a: Metagross|Metagross, L79|256/256\n|turn|8\n|inactive|Time left: 300 sec this turn | 300 sec total\n|\n|t:|1783539381\n|move|p2a: Metagross|Bullet Punch|p1a: Flutter Mane\n|-supereffective|p1a: Flutter Mane\n|-damage|p1a: Flutter Mane|0 fnt\n|faint|p1a: Flutter Mane\n|-end|p1a: Flutter Mane|Protosynthesis|[silent]\n|\n|upkeep\n|\n|t:|1783539382\n|switch|p1a: Sawsbuck|Sawsbuck-Summer, L88, F|100/100\n|turn|9\n|inactive|Time left: 300 sec this turn | 300 sec total\n|\n|t:|1783539383\n|move|p2a: Metagross|Bullet Punch|p1a: Sawsbuck\n|-damage|p1a: Sawsbuck|70/100\n|move|p1a: Sawsbuck|Swords Dance|p1a: Sawsbuck\n|-boost|p1a: Sawsbuck|atk|2\n|\n|upkeep\n|turn|10\n|inactive|Time left: 300 sec this turn | 300 sec total\n|\n|t:|1783539384\n|move|p2a: Metagross|Bullet Punch|p1a: Sawsbuck\n|-damage|p1a: Sawsbuck|40/100\n|move|p1a: Sawsbuck|High Horsepower|p2a: Metagross\n|-supereffective|p2a: Metagross\n|-damage|p2a: Metagross|0 fnt\n|faint|p2a: Metagross\n|-damage|p1a: Sawsbuck|30/100|[from] item: Life Orb\n|\n|upkeep\n|inactive|Time left: 300 sec this turn | 300 sec total | 5 sec grace\n|\n|t:|1783539385\n|switch|p2a: Ariados|Ariados, L95, F|287/287\n|turn|11\n|inactive|Time left: 300 sec this turn | 300 sec total\n|\n|t:|1783539386\n|move|p1a: Sawsbuck|Headbutt|p2a: Ariados\n|-damage|p2a: Ariados|65/287\n|-damage|p1a: Sawsbuck|20/100|[from] item: Life Orb\n|cant|p2a: Ariados|flinch\n|\n|upkeep\n|turn|12\n|inactive|Time left: 300 sec this turn | 300 sec total\n|\n|t:|1783539387\n|move|p1a: Sawsbuck|High Horsepower|p2a: Ariados\n|-crit|p2a: Ariados\n|-damage|p2a: Ariados|0 fnt\n|faint|p2a: Ariados\n|-damage|p1a: Sawsbuck|10/100|[from] item: Life Orb\n|\n|upkeep\n|inactive|Time left: 300 sec this turn | 300 sec total | 5 sec grace\n|\n|t:|1783539388\n|switch|p2a: Rabsca|Rabsca, L91, M|284/284\n|turn|13\n|inactive|Time left: 300 sec this turn | 300 sec total\n|\n|t:|1783539389\n|move|p1a: Sawsbuck|Headbutt|p2a: Rabsca\n|-damage|p2a: Rabsca|73/284\n|-damage|p1a: Sawsbuck|0 fnt|[from] item: Life Orb\n|faint|p1a: Sawsbuck\n|move|p2a: Rabsca|Psychic|p1: Sawsbuck|[notarget]\n|-fail|p2a: Rabsca\n|\n|upkeep\n|\n|t:|1783539389\n|switch|p1a: Terapagos|Terapagos, L77, M|100/100\n|-activate|p1a: Terapagos|ability: Tera Shift\n|detailschange|p1a: Terapagos|Terapagos-Terastal, L77, M\n|-heal|p1a: Terapagos|100/100|[silent]\n|turn|14\n|inactive|Time left: 300 sec this turn | 300 sec total\n|\n|t:|1783539390\n|move|p1a: Terapagos|Calm Mind|p1a: Terapagos\n|-boost|p1a: Terapagos|spa|1\n|-boost|p1a: Terapagos|spd|1\n|move|p2a: Rabsca|Bug Buzz|p1a: Terapagos\n|-activate|p1a: Terapagos|ability: Tera Shell\n|-resisted|p1a: Terapagos\n|-damage|p1a: Terapagos|87/100\n|\n|upkeep\n|turn|15\n|inactive|Time left: 300 sec this turn | 300 sec total\n|\n|t:|1783539391\n|move|p1a: Terapagos|Tera Starstorm|p2a: Rabsca\n|-damage|p2a: Rabsca|0 fnt\n|faint|p2a: Rabsca\n|\n|upkeep\n|inactive|Time left: 300 sec this turn | 300 sec total | 5 sec grace\n|\n|t:|1783539392\n|switch|p2a: Haxorus|Haxorus, L77, F|244/244\n|-ability|p2a: Haxorus|Mold Breaker\n|turn|16\n|inactive|Time left: 300 sec this turn | 300 sec total\n|\n|t:|1783539393\n|-terastallize|p2a: Haxorus|Steel\n|-terastallize|p1a: Terapagos|Stellar\n|detailschange|p1a: Terapagos|Terapagos-Stellar, L77, M, tera:Stellar\n|-heal|p1a: Terapagos|91/100|[silent]\n|move|p2a: Haxorus|Dragon Dance|p2a: Haxorus\n|-boost|p2a: Haxorus|atk|1\n|-boost|p2a: Haxorus|spe|1\n|move|p1a: Terapagos|Tera Starstorm|p2a: Haxorus\n|-supereffective|p2a: Haxorus\n|-damage|p2a: Haxorus|0 fnt\n|faint|p2a: Haxorus\n|\n|win|p0x017a0a0", "uploadtime": 1783539393, "views": 0, "rating": 0, "private": 0, "password": null, "_winner": "p0x017a0a0", "_our_name": "p0y017d4ba"}