{"id": "battle-gen9randombattle-1823", "formatid": "gen9randombattle", "format": "[Gen 9] Random Battle", "players": ["p0x182353a2", "p0y18238564"], "log": "|init|battle\n|title|p0x182353a2 vs. p0y18238564\n|j|\u2606p0x182353a2\n|j|\u2606p0y18238564\n|t:|1783560343\n|gametype|singles\n|player|p1|p0x182353a2|265|\n|player|p2|p0y18238564|266|\n|gen|9\n|tier|[Gen 9] Random Battle\n|rule|Species Clause: Limit one of each Pok\u00e9mon\n|rule|HP Percentage Mod: HP is shown in percentages\n|rule|Sleep Clause Mod: Limit one foe put to sleep\n|rule|Illusion Level Mod: Illusion disguises the Pok\u00e9mon's true level\n|\n|t:|1783560343\n|teamsize|p1|6\n|teamsize|p2|6\n|start\n|switch|p1a: Grafaiai|Grafaiai, L86, M|249/249\n|switch|p2a: Tentacruel|Tentacruel, L84, M|100/100\n|turn|1\n|inactive|Battle timer is ON: inactive players will automatically lose when time's up. (requested by p0y18238564)\n|inactive|Time left: 300 sec this turn | 300 sec total | 60 sec grace\n|\n|t:|1783560345\n|move|p1a: Grafaiai|Super Fang|p2a: Tentacruel|[miss]\n|-miss|p1a: Grafaiai|p2a: Tentacruel\n|move|p2a: Tentacruel|Surf|p1a: Grafaiai\n|-damage|p1a: Grafaiai|180/249\n|\n|upkeep\n|turn|2\n|inactive|Time left: 300 sec this turn | 300 sec total\n|inactive|p0x182353a2 also wants the timer to be on.\n|\n|t:|1783560346\n|move|p1a: Grafaiai|Knock Off|p2a: Tentacruel\n|-damage|p2a: Tentacruel|65/100\n|-enditem|p2a: Tentacruel|Leftovers|[from] move: Knock Off|[of] p1a: Grafaiai\n|move|p2a: Tentacruel|Rapid Spin|p1a: Grafaiai\n|-damage|p1a: Grafaiai|144/249\n|-boost|p2a: Tentacruel|spe|1\n|\n|upkeep\n|turn|3\n|inactive|Time left: 300 sec this turn | 300 sec total\n|\n|t:|1783560347\n|move|p2a: Tentacruel|Surf|p1a: Grafaiai\n|-damage|p1a: Grafaiai|78/249\n|move|p1a: Grafaiai|Super Fang|p2a: Tentacruel\n|-damage|p2a: Tentacruel|33/100\n|\n|upkeep\n|turn|4\n|inactive|Time left: 300 sec this turn | 300 sec total\n|\n|t:|1783560348\n|move|p2a: Tentacruel|Surf|p1a: Grafaiai\n|-damage|p1a: Grafaiai|11/249\n|move|p1a: Grafaiai|Knock Off|p2a: Tentacruel\n|-damage|p2a: Tentacruel|12/100\n|\n|upkeep\n|turn|5\n|inactive|Time left: 300 sec this turn | 300 sec total\n|\n|t:|1783560350\n|switch|p1a: Gyarados|Gyarados, L79, M|280/280\n|move|p2a: Tentacruel|Surf|p1a: Gyarados\n|-resisted|p1a: Gyarados\n|-damage|p1a: Gyarados|237/280\n|\n|upkeep\n|turn|6\n|inactive|Time left: 300 sec this turn | 300 sec total\n|\n|t:|1783560351\n|move|p2a: Tentacruel|Toxic|p1a: Gyarados\n|-status|p1a: Gyarados|tox\n|move|p1a: Gyarados|Waterfall|p2a: Tentacruel\n|-resisted|p2a: Tentacruel\n|-damage|p2a: Tentacruel|0 fnt\n|faint|p2a: Tentacruel\n|-ability|p1a: Gyarados|Moxie|boost\n|-boost|p1a: Gyarados|atk|1\n|\n|-damage|p1a: Gyarados|220/280 tox|[from] psn\n|upkeep\n|\n|t:|1783560352\n|switch|p2a: Porygon2|Porygon2, L81|100/100\n|-ability|p2a: Porygon2|Download|boost\n|-boost|p2a: Porygon2|atk|1\n|turn|7\n|inactive|Time left: 300 sec this turn | 300 sec total\n|\n|t:|1783560353\n|move|p1a: Gyarados|Dragon Dance|p1a: Gyarados\n|-boost|p1a: Gyarados|atk|1\n|-boost|p1a: Gyarados|spe|1\n|move|p2a: Porygon2|Discharge|p1a: Gyarados\n|-supereffective|p1a: Gyarados\n|-damage|p1a: Gyarados|20/280 tox\n|\n|-damage|p1a: Gyarados|0 fnt|[from] psn\n|faint|p1a: Gyarados\n|upkeep\n|inactive|Time left: 300 sec this turn | 300 sec total | 5 sec grace\n|\n|t:|1783560354\n|switch|p1a: Toxtricity|Toxtricity, L82, M|257/257\n|turn|8\n|inactive|Time left: 300 sec this turn | 300 sec total\n|\n|t:|1783560355\n|move|p1a: Toxtricity|Boomburst|p2a: Porygon2\n|-damage|p2a: Porygon2|54/100\n|move|p2a: Porygon2|Ice Beam|p1a: Toxtricity\n|-damage|p1a: Toxtricity|176/257\n|\n|upkeep\n|turn|9\n|inactive|Time left: 300 sec this turn | 300 sec total\n|\n|t:|1783560357\n|-terastallize|p1a: Toxtricity|Normal\n|move|p1a: Toxtricity|Boomburst|p2a: Porygon2\n|-damage|p2a: Porygon2|0 fnt\n|faint|p2a: Porygon2\n|\n|upkeep\n|\n|t:|1783560357\n|switch|p2a: Iron Leaves|Iron Leaves, L80|100/100\n|turn|10\n|inactive|Time left: 300 sec this turn | 300 sec total\n|\n|t:|1783560359\n|switch|p1a: Avalugg|Avalugg, L88, M|310/310\n|move|p2a: Iron Leaves|Leaf Blade|p1a: Avalugg\n|-crit|p1a: Avalugg\n|-damage|p1a: Avalugg|172/310\n|\n|upkeep\n|turn|11\n|inactive|Time left: 300 sec this turn | 300 sec total\n|\n|t:|1783560360\n|move|p2a: Iron Leaves|Leaf Blade|p1a: Avalugg\n|-damage|p1a: Avalugg|81/310\n|move|p1a: Avalugg|Avalanche|p2a: Iron Leaves\n|-supereffective|p2a: Iron Leaves\n|-damage|p2a: Iron Leaves|0 fnt\n|faint|p2a: Iron Leaves\n|-end|p2a: Iron Leaves|Quark Drive|[silent]\n|\n|upkeep\n|\n|t:|1783560361\n|switch|p2a: Greninja|Greninja, L80, M|100/100\n|turn|12\n|inactive|Time left: 300 sec this turn | 300 sec total\n|\n|t:|1783560362\n|move|p2a: Greninja|Dark Pulse|p1a: Avalugg\n|-damage|p1a: Avalugg|0 fnt\n|faint|p1a: Avalugg\n|-ability|p2a: Greninja|Battle Bond|boost\n|-boost|p2a: Greninja|atk|1\n|-boost|p2a: Greninja|spa|1\n|-boost|p2a: Greninja|spe|1\n|-activate|p2a: Greninja|ability: Battle Bond\n|-damage|p2a: Greninja|91/100|[from] item: Life Orb\n|\n|upkeep\n|inactive|Time left: 300 sec this turn | 300 sec total | 5 sec grace\n|\n|t:|1783560363\n|switch|p1a: Klawf|Klawf, L90, M|272/272\n|turn|13\n|inactive|Time left: 300 sec this turn | 300 sec total\n|\n|t:|1783560364\n|move|p2a: Greninja|Hydro Pump|p1a: Klawf|[miss]\n|-miss|p2a: Greninja|p1a: Klawf\n|move|p1a: Klawf|Stone Edge|p2a: Greninja\n|-damage|p2a: Greninja|0 fnt\n|faint|p2a: Greninja\n|\n|upkeep\n|\n|t:|1783560365\n|switch|p2a: Porygon-Z|Porygon-Z, L83|100/100\n|turn|14\n|inactive|Time left: 300 sec this turn | 300 sec total\n|\n|t:|1783560366\n|-terastallize|p2a: Porygon-Z|Fighting\n|move|p2a: Porygon-Z|Tera Blast|p1a: Klawf|[anim] Tera Blast Fighting\n|-supereffective|p1a: Klawf\n|-damage|p1a: Klawf|0 fnt\n|faint|p1a: Klawf\n|-damage|p2a: Porygon-Z|91/100|[from] item: Life Orb\n|\n|upkeep\n|inactive|Time left: 300 sec this turn | 300 sec total | 5 sec grace\n|\n|t:|1783560367\n|switch|p1a: Grafaiai|Grafaiai, L86, M|219/219\n|turn|15\n|inactive|Time left: 300 sec this turn | 300 sec total\n|\n|t:|1783560369\n|move|p1a: Grafaiai|Nasty Plot|p1a: Grafaiai\n|-boost|p1a: Grafaiai|spa|2\n|move|p2a: Porygon-Z|Tera Blast|p1a: Grafaiai|[anim] Tera Blast Fighting\n|-immune|p1a: Grafaiai\n|\n|upkeep\n|turn|16\n|inactive|Time left: 300 sec this turn | 300 sec total\n|\n|t:|1783560369\n|move|p1a: Grafaiai|Bitter Malice|p2a: Porygon-Z\n|-damage|p2a: Porygon-Z|0 fnt\n|faint|p2a: Porygon-Z\n|-damage|p1a: Grafaiai|198/219|[from] item: Life Orb\n|\n|upkeep\n|\n|t:|1783560370\n|switch|p2a: Uxie|Uxie, L83|100/100\n|turn|17\n|inactive|Time left: 300 sec this turn | 300 sec total\n|\n|t:|1783560371\n|move|p1a: Grafaiai|Bitter Malice|p2a: Uxie\n|-supereffective|p2a: Uxie\n|-damage|p2a: Uxie|0 fnt\n|faint|p2a: Uxie\n|-damage|p1a: Grafaiai|177/219|[from] item: Life Orb\n|\n|win|p0x182353a2", "uploadtime": 1783560371, "views": 0, "rating": 0, "private": 0, "password": null, "_winner": "p0x182353a2", "_our_name": "p0x182353a2"}