{"id": "battle-gen9randombattle-156", "formatid": "gen9randombattle", "format": "[Gen 9] Random Battle", "players": ["p0x1563f1c", "p0y1567b82"], "log": "|init|battle\n|title|p0x1563f1c vs. p0y1567b82\n|j|\u2606p0x1563f1c\n|j|\u2606p0y1567b82\n|t:|1783541371\n|gametype|singles\n|player|p1|p0x1563f1c|2|\n|player|p2|p0y1567b82|266|\n|gen|9\n|tier|[Gen 9] Random Battle\n|rule|Species Clause: Limit one of each Pok\u00e9mon\n|rule|HP Percentage Mod: HP is shown in percentages\n|rule|Sleep Clause Mod: Limit one foe put to sleep\n|rule|Illusion Level Mod: Illusion disguises the Pok\u00e9mon's true level\n|\n|t:|1783541371\n|teamsize|p1|6\n|teamsize|p2|6\n|start\n|switch|p1a: Tinkaton|Tinkaton, L82, F|274/274\n|switch|p2a: Brambleghast|Brambleghast, L88, M|100/100\n|-ability|p1a: Tinkaton|Mold Breaker\n|turn|1\n|inactive|Battle timer is ON: inactive players will automatically lose when time's up. (requested by p0x1563f1c)\n|inactive|p0y1567b82 also wants the timer to be on.\n|\n|t:|1783541372\n|move|p2a: Brambleghast|Poltergeist|p1a: Tinkaton\n|-activate|p1a: Tinkaton|move: Poltergeist|Leftovers\n|-damage|p1a: Tinkaton|93/274\n|move|p1a: Tinkaton|Stealth Rock|p2a: Brambleghast\n|-sidestart|p2: p0y1567b82|move: Stealth Rock\n|\n|-heal|p1a: Tinkaton|110/274|[from] item: Leftovers\n|upkeep\n|turn|2\n|inactive|Time left: 300 sec this turn | 300 sec total\n|\n|t:|1783541373\n|switch|p1a: Archaludon|Archaludon, L78, M|268/268\n|move|p2a: Brambleghast|Poltergeist|p1a: Archaludon\n|-activate|p1a: Archaludon|move: Poltergeist|Lum Berry\n|-damage|p1a: Archaludon|159/268\n|-ability|p1a: Archaludon|Stamina|boost\n|-boost|p1a: Archaludon|def|1\n|\n|upkeep\n|turn|3\n|inactive|Time left: 300 sec this turn | 300 sec total\n|\n|t:|1783541374\n|move|p2a: Brambleghast|Strength Sap|p1a: Archaludon\n|-unboost|p1a: Archaludon|atk|1\n|move|p1a: Archaludon|Swords Dance|p1a: Archaludon\n|-boost|p1a: Archaludon|atk|2\n|\n|upkeep\n|turn|4\n|inactive|Time left: 300 sec this turn | 300 sec total\n|\n|t:|1783541375\n|move|p2a: Brambleghast|Strength Sap|p1a: Archaludon\n|-unboost|p1a: Archaludon|atk|1\n|move|p1a: Archaludon|Outrage|p2a: Brambleghast\n|-damage|p2a: Brambleghast|43/100\n|\n|-heal|p2a: Brambleghast|49/100|[from] item: Leftovers\n|upkeep\n|turn|5\n|inactive|Time left: 300 sec this turn | 300 sec total\n|\n|t:|1783541376\n|move|p2a: Brambleghast|Strength Sap|p1a: Archaludon\n|-unboost|p1a: Archaludon|atk|1\n|-heal|p2a: Brambleghast|100/100\n|move|p1a: Archaludon|Outrage|p2a: Brambleghast|[from] lockedmove\n|-damage|p2a: Brambleghast|62/100\n|\n|-heal|p2a: Brambleghast|68/100|[from] item: Leftovers\n|upkeep\n|turn|6\n|inactive|Time left: 300 sec this turn | 300 sec total\n|\n|t:|1783541377\n|move|p2a: Brambleghast|Spikes|p1a: Archaludon\n|-sidestart|p1: p0x1563f1c|Spikes\n|move|p1a: Archaludon|Outrage|p2a: Brambleghast|[from] lockedmove\n|-damage|p2a: Brambleghast|28/100\n|-start|p1a: Archaludon|confusion|[fatigue]\n|-enditem|p1a: Archaludon|Lum Berry|[eat]\n|-end|p1a: Archaludon|confusion\n|\n|-heal|p2a: Brambleghast|34/100|[from] item: Leftovers\n|upkeep\n|turn|7\n|inactive|Time left: 300 sec this turn | 300 sec total\n|\n|t:|1783541378\n|move|p2a: Brambleghast|Strength Sap|p1a: Archaludon\n|-unboost|p1a: Archaludon|atk|1\n|-heal|p2a: Brambleghast|92/100\n|move|p1a: Archaludon|Swords Dance|p1a: Archaludon\n|-boost|p1a: Archaludon|atk|2\n|\n|-heal|p2a: Brambleghast|98/100|[from] item: Leftovers\n|upkeep\n|turn|8\n|inactive|Time left: 300 sec this turn | 300 sec total\n|\n|t:|1783541379\n|move|p2a: Brambleghast|Strength Sap|p1a: Archaludon\n|-unboost|p1a: Archaludon|atk|1\n|-heal|p2a: Brambleghast|100/100\n|move|p1a: Archaludon|Swords Dance|p1a: Archaludon\n|-boost|p1a: Archaludon|atk|2\n|\n|upkeep\n|turn|9\n|inactive|Time left: 300 sec this turn | 300 sec total\n|\n|t:|1783541380\n|move|p2a: Brambleghast|Strength Sap|p1a: Archaludon\n|-unboost|p1a: Archaludon|atk|1\n|move|p1a: Archaludon|Outrage|p2a: Brambleghast\n|-damage|p2a: Brambleghast|48/100\n|\n|-heal|p2a: Brambleghast|54/100|[from] item: Leftovers\n|upkeep\n|turn|10\n|inactive|Time left: 300 sec this turn | 300 sec total\n|\n|t:|1783541381\n|move|p2a: Brambleghast|Strength Sap|p1a: Archaludon\n|-unboost|p1a: Archaludon|atk|1\n|-heal|p2a: Brambleghast|100/100\n|move|p1a: Archaludon|Outrage|p2a: Brambleghast|[from] lockedmove\n|-damage|p2a: Brambleghast|65/100\n|\n|-heal|p2a: Brambleghast|72/100|[from] item: Leftovers\n|upkeep\n|turn|11\n|inactive|Time left: 300 sec this turn | 300 sec total\n|\n|t:|1783541382\n|move|p2a: Brambleghast|Spikes|p1a: Archaludon\n|-sidestart|p1: p0x1563f1c|Spikes\n|move|p1a: Archaludon|Outrage|p2a: Brambleghast|[from] lockedmove\n|-damage|p2a: Brambleghast|35/100\n|-start|p1a: Archaludon|confusion|[fatigue]\n|\n|-heal|p2a: Brambleghast|41/100|[from] item: Leftovers\n|upkeep\n|turn|12\n|inactive|Time left: 300 sec this turn | 300 sec total\n|\n|t:|1783541383\n|switch|p1a: Volcarona|Volcarona, L77, M|257/257\n|move|p2a: Brambleghast|Strength Sap|p1a: Volcarona\n|-unboost|p1a: Volcarona|atk|1\n|-heal|p2a: Brambleghast|82/100\n|\n|-heal|p2a: Brambleghast|88/100|[from] item: Leftovers\n|upkeep\n|turn|13\n|inactive|Time left: 300 sec this turn | 300 sec total\n|\n|t:|1783541384\n|move|p2a: Brambleghast|Poltergeist|p1a: Volcarona\n|-activate|p1a: Volcarona|move: Poltergeist|Heavy-Duty Boots\n|-damage|p1a: Volcarona|59/257\n|move|p1a: Volcarona|Fire Blast|p2a: Brambleghast\n|-supereffective|p2a: Brambleghast\n|-damage|p2a: Brambleghast|0 fnt\n|faint|p2a: Brambleghast\n|\n|upkeep\n|\n|t:|1783541385\n|switch|p2a: Basculin|Basculin-Blue-Striped, L86, F|100/100\n|-damage|p2a: Basculin|88/100|[from] Stealth Rock\n|turn|14\n|inactive|Time left: 300 sec this turn | 300 sec total\n|\n|t:|1783541386\n|switch|p1a: Archaludon|Archaludon, L78, M|159/268\n|-damage|p1a: Archaludon|115/268|[from] Spikes\n|move|p2a: Basculin|Wave Crash|p1a: Archaludon\n|-resisted|p1a: Archaludon\n|-damage|p1a: Archaludon|11/268\n|-ability|p1a: Archaludon|Stamina|boost\n|-boost|p1a: Archaludon|def|1\n|-damage|p2a: Basculin|75/100|[from] Recoil\n|\n|upkeep\n|turn|15\n|inactive|Time left: 300 sec this turn | 300 sec total\n|\n|t:|1783541387\n|move|p2a: Basculin|Wave Crash|p1a: Archaludon\n|-resisted|p1a: Archaludon\n|-damage|p1a: Archaludon|0 fnt\n|faint|p1a: Archaludon\n|-damage|p2a: Basculin|74/100|[from] Recoil\n|\n|upkeep\n|inactive|Time left: 300 sec this turn | 300 sec total | 5 sec grace\n|\n|t:|1783541388\n|switch|p1a: Reuniclus|Reuniclus, L88, F|337/337\n|turn|16\n|inactive|Time left: 300 sec this turn | 300 sec total\n|\n|t:|1783541389\n|move|p2a: Basculin|Wave Crash|p1a: Reuniclus\n|-damage|p1a: Reuniclus|73/337\n|-damage|p2a: Basculin|40/100|[from] Recoil\n|move|p1a: Reuniclus|Psyshock|p2a: Basculin\n|-damage|p2a: Basculin|0 fnt\n|faint|p2a: Basculin\n|\n|upkeep\n|\n|t:|1783541389\n|switch|p2a: Rayquaza|Rayquaza, L72|100/100\n|-ability|p2a: Rayquaza|Air Lock\n|turn|17\n|inactive|Time left: 300 sec this turn | 300 sec total\n|\n|t:|1783541390\n|switch|p1a: Carbink|Carbink, L90|236/236\n|-damage|p1a: Carbink|197/236|[from] Spikes\n|move|p2a: Rayquaza|Earthquake|p1a: Carbink\n|-supereffective|p1a: Carbink\n|-damage|p1a: Carbink|103/236\n|\n|upkeep\n|turn|18\n|inactive|Time left: 300 sec this turn | 300 sec total\n|\n|t:|1783541391\n|move|p2a: Rayquaza|Dragon Dance|p2a: Rayquaza\n|-boost|p2a: Rayquaza|atk|1\n|-boost|p2a: Rayquaza|spe|1\n|move|p1a: Carbink|Rest|p1a: Carbink\n|-status|p1a: Carbink|slp|[from] move: Rest\n|-heal|p1a: Carbink|236/236 slp|[silent]\n|-enditem|p1a: Carbink|Chesto Berry|[eat]\n|-curestatus|p1a: Carbink|slp|[msg]\n|\n|upkeep\n|turn|19\n|inactive|Time left: 300 sec this turn | 300 sec total\n|\n|t:|1783541392\n|move|p2a: Rayquaza|Earthquake|p1a: Carbink\n|-supereffective|p1a: Carbink\n|-damage|p1a: Carbink|94/236\n|move|p1a: Carbink|Moonblast|p2a: Rayquaza\n|-supereffective|p2a: Rayquaza\n|-damage|p2a: Rayquaza|35/100\n|\n|upkeep\n|turn|20\n|inactive|Time left: 300 sec this turn | 300 sec total\n|\n|t:|1783541393\n|-terastallize|p1a: Carbink|Fighting\n|move|p2a: Rayquaza|Earthquake|p1a: Carbink\n|-damage|p1a: Carbink|31/236\n|move|p1a: Carbink|Moonblast|p2a: Rayquaza\n|-supereffective|p2a: Rayquaza\n|-damage|p2a: Rayquaza|0 fnt\n|faint|p2a: Rayquaza\n|\n|upkeep\n|\n|t:|1783541394\n|switch|p2a: Vigoroth|Vigoroth, L85, F|100/100\n|-damage|p2a: Vigoroth|88/100|[from] Stealth Rock\n|turn|21\n|inactive|Time left: 300 sec this turn | 300 sec total\n|\n|t:|1783541395\n|move|p2a: Vigoroth|Body Slam|p1a: Carbink\n|-damage|p1a: Carbink|0 fnt\n|faint|p1a: Carbink\n|\n|upkeep\n|inactive|Time left: 300 sec this turn | 300 sec total | 5 sec grace\n|\n|t:|1783541396\n|switch|p1a: Hitmonchan|Hitmonchan, L87, M|229/229\n|-damage|p1a: Hitmonchan|191/229|[from] Spikes\n|turn|22\n|inactive|Time left: 300 sec this turn | 300 sec total\n|\n|t:|1783541397\n|move|p2a: Vigoroth|Bulk Up|p2a: Vigoroth\n|-boost|p2a: Vigoroth|atk|1\n|-boost|p2a: Vigoroth|def|1\n|move|p1a: Hitmonchan|Bulk Up|p1a: Hitmonchan\n|-boost|p1a: Hitmonchan|atk|1\n|-boost|p1a: Hitmonchan|def|1\n|\n|-heal|p1a: Hitmonchan|205/229|[from] item: Leftovers\n|upkeep\n|turn|23\n|inactive|Time left: 300 sec this turn | 300 sec total\n|\n|t:|1783541398\n|move|p2a: Vigoroth|Bulk Up|p2a: Vigoroth\n|-boost|p2a: Vigoroth|atk|1\n|-boost|p2a: Vigoroth|def|1\n|move|p1a: Hitmonchan|Bulk Up|p1a: Hitmonchan\n|-boost|p1a: Hitmonchan|atk|1\n|-boost|p1a: Hitmonchan|def|1\n|\n|-heal|p1a: Hitmonchan|219/229|[from] item: Leftovers\n|upkeep\n|turn|24\n|inactive|Time left: 300 sec this turn | 300 sec total\n|\n|t:|1783541399\n|move|p2a: Vigoroth|Body Slam|p1a: Hitmonchan\n|-damage|p1a: Hitmonchan|140/229\n|move|p1a: Hitmonchan|Bulk Up|p1a: Hitmonchan\n|-boost|p1a: Hitmonchan|atk|1\n|-boost|p1a: Hitmonchan|def|1\n|\n|-heal|p1a: Hitmonchan|154/229|[from] item: Leftovers\n|upkeep\n|turn|25\n|inactive|Time left: 300 sec this turn | 300 sec total\n|\n|t:|1783541400\n|-terastallize|p2a: Vigoroth|Ghost\n|move|p2a: Vigoroth|Body Slam|p1a: Hitmonchan\n|-damage|p1a: Hitmonchan|90/229\n|move|p1a: Hitmonchan|Drain Punch|p2a: Vigoroth\n|-immune|p2a: Vigoroth\n|\n|-heal|p1a: Hitmonchan|104/229|[from] item: Leftovers\n|upkeep\n|turn|26\n|inactive|Time left: 300 sec this turn | 300 sec total\n|\n|t:|1783541401\n|move|p2a: Vigoroth|Body Slam|p1a: Hitmonchan\n|-damage|p1a: Hitmonchan|38/229\n|move|p1a: Hitmonchan|Knock Off|p2a: Vigoroth\n|-supereffective|p2a: Vigoroth\n|-damage|p2a: Vigoroth|42/100\n|-enditem|p2a: Vigoroth|Eviolite|[from] move: Knock Off|[of] p1a: Hitmonchan\n|\n|-heal|p1a: Hitmonchan|52/229|[from] item: Leftovers\n|upkeep\n|turn|27\n|inactive|Time left: 300 sec this turn | 300 sec total\n|\n|t:|1783541402\n|move|p2a: Vigoroth|Body Slam|p1a: Hitmonchan\n|-damage|p1a: Hitmonchan|0 fnt\n|faint|p1a: Hitmonchan\n|\n|upkeep\n|inactive|Time left: 300 sec this turn | 300 sec total | 5 sec grace\n|\n|t:|1783541403\n|switch|p1a: Tinkaton|Tinkaton, L82, F|110/274\n|-damage|p1a: Tinkaton|65/274|[from] Spikes\n|-ability|p1a: Tinkaton|Mold Breaker\n|turn|28\n|inactive|Time left: 300 sec this turn | 300 sec total\n|\n|t:|1783541404\n|move|p2a: Vigoroth|Body Slam|p1a: Tinkaton\n|-resisted|p1a: Tinkaton\n|-damage|p1a: Tinkaton|0 fnt\n|faint|p1a: Tinkaton\n|\n|upkeep\n|inactive|Time left: 300 sec this turn | 300 sec total | 5 sec grace\n|\n|t:|1783541405\n|switch|p1a: Reuniclus|Reuniclus, L88, F|73/337\n|turn|29\n|inactive|Time left: 300 sec this turn | 300 sec total\n|\n|t:|1783541405\n|move|p2a: Vigoroth|Body Slam|p1a: Reuniclus\n|-damage|p1a: Reuniclus|0 fnt\n|faint|p1a: Reuniclus\n|\n|upkeep\n|inactive|Time left: 300 sec this turn | 300 sec total | 5 sec grace\n|\n|t:|1783541406\n|switch|p1a: Volcarona|Volcarona, L77, M|59/257\n|turn|30\n|inactive|Time left: 300 sec this turn | 300 sec total\n|\n|t:|1783541407\n|move|p2a: Vigoroth|Knock Off|p1a: Volcarona\n|-damage|p1a: Volcarona|0 fnt\n|-enditem|p1a: Volcarona|Heavy-Duty Boots|[from] move: Knock Off|[of] p2a: Vigoroth\n|faint|p1a: Volcarona\n|\n|win|p0y1567b82", "uploadtime": 1783541407, "views": 0, "rating": 0, "private": 0, "password": null, "_winner": "p0y1567b82", "_our_name": "p0x1563f1c"}