{"id": "battle-gen9randombattle-166", "formatid": "gen9randombattle", "format": "[Gen 9] Random Battle", "players": ["p0x166014e", "p0y166ee58"], "log": "|init|battle\n|title|p0x166014e vs. p0y166ee58\n|j|\u2606p0x166014e\n|j|\u2606p0y166ee58\n|t:|1783541061\n|gametype|singles\n|player|p1|p0x166014e|1|\n|player|p2|p0y166ee58|170|\n|gen|9\n|tier|[Gen 9] Random Battle\n|rule|Species Clause: Limit one of each Pok\u00e9mon\n|rule|HP Percentage Mod: HP is shown in percentages\n|rule|Sleep Clause Mod: Limit one foe put to sleep\n|rule|Illusion Level Mod: Illusion disguises the Pok\u00e9mon's true level\n|\n|t:|1783541061\n|teamsize|p1|6\n|teamsize|p2|6\n|start\n|switch|p1a: Ting-Lu|Ting-Lu, L78|370/370\n|switch|p2a: Iron Thorns|Iron Thorns, L83|100/100\n|-item|p2a: Iron Thorns|Air Balloon\n|-ability|p1a: Ting-Lu|Vessel of Ruin\n|turn|1\n|inactive|Battle timer is ON: inactive players will automatically lose when time's up. (requested by p0x166014e)\n|\n|t:|1783541063\n|move|p2a: Iron Thorns|Spikes|p1a: Ting-Lu\n|-sidestart|p1: p0x166014e|Spikes\n|move|p1a: Ting-Lu|Stealth Rock|p2a: Iron Thorns\n|-sidestart|p2: p0y166ee58|move: Stealth Rock\n|\n|upkeep\n|turn|2\n|inactive|Time left: 300 sec this turn | 300 sec total\n|inactive|p0y166ee58 also wants the timer to be on.\n|\n|t:|1783541064\n|move|p2a: Iron Thorns|Spikes|p1a: Ting-Lu\n|-sidestart|p1: p0x166014e|Spikes\n|move|p1a: Ting-Lu|Payback|p2a: Iron Thorns\n|-damage|p2a: Iron Thorns|74/100\n|-enditem|p2a: Iron Thorns|Air Balloon\n|\n|upkeep\n|turn|3\n|inactive|Time left: 300 sec this turn | 300 sec total\n|\n|t:|1783541065\n|-end|p2a: Iron Thorns|Quark Drive|[silent]\n|switch|p2a: Leavanny|Leavanny, L86, M|100/100\n|move|p1a: Ting-Lu|Earthquake|p2a: Leavanny\n|-resisted|p2a: Leavanny\n|-damage|p2a: Leavanny|90/100\n|\n|upkeep\n|turn|4\n|inactive|Time left: 300 sec this turn | 300 sec total\n|\n|t:|1783541066\n|move|p2a: Leavanny|Sticky Web|p1a: Ting-Lu\n|-sidestart|p1: p0x166014e|move: Sticky Web\n|move|p1a: Ting-Lu|Payback|p2a: Leavanny\n|-damage|p2a: Leavanny|51/100\n|\n|upkeep\n|turn|5\n|inactive|Time left: 300 sec this turn | 300 sec total\n|\n|t:|1783541067\n|move|p2a: Leavanny|Lunge|p1a: Ting-Lu\n|-supereffective|p1a: Ting-Lu\n|-damage|p1a: Ting-Lu|220/370\n|-unboost|p1a: Ting-Lu|atk|1\n|move|p1a: Ting-Lu|Payback|p2a: Leavanny\n|-damage|p2a: Leavanny|24/100\n|\n|-heal|p1a: Ting-Lu|243/370|[from] item: Leftovers\n|upkeep\n|turn|6\n|inactive|Time left: 300 sec this turn | 300 sec total\n|\n|t:|1783541068\n|move|p2a: Leavanny|Lunge|p1a: Ting-Lu\n|-supereffective|p1a: Ting-Lu\n|-damage|p1a: Ting-Lu|25/370\n|-unboost|p1a: Ting-Lu|atk|1\n|move|p1a: Ting-Lu|Payback|p2a: Leavanny\n|-damage|p2a: Leavanny|4/100\n|\n|-heal|p1a: Ting-Lu|48/370|[from] item: Leftovers\n|upkeep\n|turn|7\n|inactive|Time left: 300 sec this turn | 300 sec total\n|\n|t:|1783541069\n|switch|p1a: Ho-Oh|Ho-Oh, L71|268/268\n|move|p2a: Leavanny|Lunge|p1a: Ho-Oh\n|-resisted|p1a: Ho-Oh\n|-damage|p1a: Ho-Oh|231/268\n|-unboost|p1a: Ho-Oh|atk|1\n|\n|upkeep\n|turn|8\n|inactive|Time left: 300 sec this turn | 300 sec total\n|\n|t:|1783541070\n|move|p2a: Leavanny|Knock Off|p1a: Ho-Oh\n|-damage|p1a: Ho-Oh|136/268\n|-enditem|p1a: Ho-Oh|Heavy-Duty Boots|[from] move: Knock Off|[of] p2a: Leavanny\n|move|p1a: Ho-Oh|Sacred Fire|p2a: Leavanny\n|-supereffective|p2a: Leavanny\n|-damage|p2a: Leavanny|0 fnt\n|faint|p2a: Leavanny\n|\n|upkeep\n|\n|t:|1783541071\n|switch|p2a: Thundurus|Thundurus-Therian, L80, M|100/100\n|turn|9\n|inactive|Time left: 300 sec this turn | 300 sec total\n|\n|t:|1783541072\n|switch|p1a: Ting-Lu|Ting-Lu, L78|48/370\n|-damage|p1a: Ting-Lu|0 fnt|[from] Spikes\n|faint|p1a: Ting-Lu\n|move|p2a: Thundurus|Nasty Plot|p2a: Thundurus\n|-boost|p2a: Thundurus|spa|2\n|\n|upkeep\n|inactive|Time left: 300 sec this turn | 300 sec total | 5 sec grace\n|\n|t:|1783541073\n|switch|p1a: Sneasler|Sneasler, L74, M|240/240\n|-damage|p1a: Sneasler|200/240|[from] Spikes\n|-activate|p1a: Sneasler|move: Sticky Web\n|-unboost|p1a: Sneasler|spe|1\n|-enditem|p1a: Sneasler|White Herb\n|-clearnegativeboost|p1a: Sneasler|[silent]\n|turn|10\n|inactive|Time left: 300 sec this turn | 300 sec total\n|\n|t:|1783541075\n|move|p1a: Sneasler|Dire Claw|p2a: Thundurus\n|-damage|p2a: Thundurus|62/100\n|move|p2a: Thundurus|Thunderbolt|p1a: Sneasler\n|-damage|p1a: Sneasler|0 fnt\n|faint|p1a: Sneasler\n|\n|upkeep\n|inactive|Time left: 300 sec this turn | 300 sec total | 5 sec grace\n|\n|t:|1783541076\n|switch|p1a: Incineroar|Incineroar, L82, F|290/290\n|-ability|p1a: Incineroar|Intimidate|boost\n|-unboost|p2a: Thundurus|atk|1\n|turn|11\n|inactive|Time left: 300 sec this turn | 300 sec total\n|\n|t:|1783541077\n|-terastallize|p2a: Thundurus|Flying\n|move|p2a: Thundurus|Tera Blast|p1a: Incineroar|[anim] Tera Blast Flying\n|-damage|p1a: Incineroar|18/290\n|move|p1a: Incineroar|Flare Blitz|p2a: Thundurus\n|-damage|p2a: Thundurus|0 fnt\n|faint|p2a: Thundurus\n|-damage|p1a: Incineroar|0 fnt|[from] Recoil\n|faint|p1a: Incineroar\n|\n|upkeep\n|inactive|Time left: 300 sec this turn | 300 sec total | 5 sec grace\n|\n|t:|1783541078\n|switch|p2a: Gliscor|Gliscor, L76, F|100/100\n|switch|p1a: Ho-Oh|Ho-Oh, L71|225/268\n|-damage|p2a: Gliscor|88/100|[from] Stealth Rock\n|turn|12\n|inactive|Time left: 300 sec this turn | 300 sec total\n|\n|t:|1783541079\n|move|p2a: Gliscor|Toxic|p1a: Ho-Oh\n|-status|p1a: Ho-Oh|tox\n|move|p1a: Ho-Oh|Sacred Fire|p2a: Gliscor\n|-damage|p2a: Gliscor|52/100\n|-status|p2a: Gliscor|brn\n|\n|-damage|p1a: Ho-Oh|209/268 tox|[from] psn\n|-damage|p2a: Gliscor|46/100 brn|[from] brn\n|upkeep\n|turn|13\n|inactive|Time left: 300 sec this turn | 300 sec total\n|\n|t:|1783541080\n|switch|p1a: Toucannon|Toucannon, L88, M|284/284\n|move|p2a: Gliscor|Protect||[still]\n|-fail|p2a: Gliscor\n|\n|-damage|p2a: Gliscor|40/100 brn|[from] brn\n|upkeep\n|turn|14\n|inactive|Time left: 300 sec this turn | 300 sec total\n|\n|t:|1783541081\n|move|p2a: Gliscor|Knock Off|p1a: Toucannon\n|-damage|p1a: Toucannon|256/284\n|-enditem|p1a: Toucannon|Heavy-Duty Boots|[from] move: Knock Off|[of] p2a: Gliscor\n|move|p1a: Toucannon|Boomburst|p2a: Gliscor\n|-crit|p2a: Gliscor\n|-damage|p2a: Gliscor|0 fnt\n|faint|p2a: Gliscor\n|\n|upkeep\n|\n|t:|1783541082\n|switch|p2a: Iron Thorns|Iron Thorns, L83|74/100\n|-damage|p2a: Iron Thorns|61/100|[from] Stealth Rock\n|turn|15\n|inactive|Time left: 300 sec this turn | 300 sec total\n|\n|t:|1783541083\n|switch|p1a: Suicune|Suicune, L82|298/298\n|-damage|p1a: Suicune|249/298|[from] Spikes\n|-activate|p1a: Suicune|move: Sticky Web\n|-unboost|p1a: Suicune|spe|1\n|-ability|p1a: Suicune|Pressure\n|move|p2a: Iron Thorns|Stone Edge|p1a: Suicune\n|-damage|p1a: Suicune|144/298\n|\n|-heal|p1a: Suicune|162/298|[from] item: Leftovers\n|upkeep\n|turn|16\n|inactive|Time left: 300 sec this turn | 300 sec total\n|\n|t:|1783541084\n|-terastallize|p1a: Suicune|Steel\n|move|p2a: Iron Thorns|Wild Charge|p1a: Suicune\n|-damage|p1a: Suicune|60/298\n|-damage|p2a: Iron Thorns|53/100|[from] Recoil\n|move|p1a: Suicune|Scald|p2a: Iron Thorns\n|-supereffective|p2a: Iron Thorns\n|-damage|p2a: Iron Thorns|0 fnt\n|faint|p2a: Iron Thorns\n|-end|p2a: Iron Thorns|Quark Drive|[silent]\n|\n|-heal|p1a: Suicune|78/298|[from] item: Leftovers\n|upkeep\n|\n|t:|1783541085\n|switch|p2a: Arceus|Arceus, L68|100/100\n|-damage|p2a: Arceus|88/100|[from] Stealth Rock\n|turn|17\n|inactive|Time left: 300 sec this turn | 300 sec total\n|\n|t:|1783541086\n|move|p2a: Arceus|Swords Dance|p2a: Arceus\n|-boost|p2a: Arceus|atk|2\n|move|p1a: Suicune|Scald|p2a: Arceus\n|-damage|p2a: Arceus|60/100\n|\n|-heal|p1a: Suicune|96/298|[from] item: Leftovers\n|upkeep\n|turn|18\n|inactive|Time left: 300 sec this turn | 300 sec total\n|\n|t:|1783541087\n|move|p2a: Arceus|Swords Dance|p2a: Arceus\n|-boost|p2a: Arceus|atk|2\n|move|p1a: Suicune|Scald|p2a: Arceus\n|-damage|p2a: Arceus|30/100\n|-status|p2a: Arceus|brn\n|\n|-heal|p1a: Suicune|114/298|[from] item: Leftovers\n|-damage|p2a: Arceus|24/100 brn|[from] brn\n|upkeep\n|turn|19\n|inactive|Time left: 300 sec this turn | 300 sec total\n|\n|t:|1783541088\n|move|p2a: Arceus|Recover|p2a: Arceus\n|-heal|p2a: Arceus|74/100 brn\n|move|p1a: Suicune|Calm Mind|p1a: Suicune\n|-boost|p1a: Suicune|spa|1\n|-boost|p1a: Suicune|spd|1\n|\n|-heal|p1a: Suicune|132/298|[from] item: Leftovers\n|-damage|p2a: Arceus|68/100 brn|[from] brn\n|upkeep\n|turn|20\n|inactive|Time left: 300 sec this turn | 300 sec total\n|\n|t:|1783541089\n|move|p2a: Arceus|Recover|p2a: Arceus\n|-heal|p2a: Arceus|100/100 brn\n|move|p1a: Suicune|Scald|p2a: Arceus\n|-damage|p2a: Arceus|58/100 brn\n|\n|-heal|p1a: Suicune|150/298|[from] item: Leftovers\n|-damage|p2a: Arceus|52/100 brn|[from] brn\n|upkeep\n|turn|21\n|inactive|Time left: 300 sec this turn | 300 sec total\n|\n|t:|1783541090\n|move|p2a: Arceus|Recover|p2a: Arceus\n|-heal|p2a: Arceus|100/100 brn\n|move|p1a: Suicune|Scald|p2a: Arceus\n|-damage|p2a: Arceus|59/100 brn\n|\n|-heal|p1a: Suicune|168/298|[from] item: Leftovers\n|-damage|p2a: Arceus|53/100 brn|[from] brn\n|upkeep\n|turn|22\n|inactive|Time left: 300 sec this turn | 300 sec total\n|\n|t:|1783541091\n|move|p2a: Arceus|Recover|p2a: Arceus\n|-heal|p2a: Arceus|100/100 brn\n|move|p1a: Suicune|Scald|p2a: Arceus\n|-damage|p2a: Arceus|58/100 brn\n|\n|-heal|p1a: Suicune|186/298|[from] item: Leftovers\n|-damage|p2a: Arceus|52/100 brn|[from] brn\n|upkeep\n|turn|23\n|inactive|Time left: 300 sec this turn | 300 sec total\n|\n|t:|1783541092\n|move|p2a: Arceus|Recover|p2a: Arceus\n|-heal|p2a: Arceus|100/100 brn\n|move|p1a: Suicune|Scald|p2a: Arceus\n|-crit|p2a: Arceus\n|-damage|p2a: Arceus|38/100 brn\n|\n|-heal|p1a: Suicune|204/298|[from] item: Leftovers\n|-damage|p2a: Arceus|32/100 brn|[from] brn\n|upkeep\n|turn|24\n|inactive|Time left: 300 sec this turn | 300 sec total\n|\n|t:|1783541093\n|move|p2a: Arceus|Recover|p2a: Arceus\n|-heal|p2a: Arceus|82/100 brn\n|move|p1a: Suicune|Scald|p2a: Arceus\n|-damage|p2a: Arceus|39/100 brn\n|\n|-heal|p1a: Suicune|222/298|[from] item: Leftovers\n|-damage|p2a: Arceus|32/100 brn|[from] brn\n|upkeep\n|turn|25\n|inactive|Time left: 300 sec this turn | 300 sec total\n|\n|t:|1783541094\n|move|p2a: Arceus|Recover|p2a: Arceus\n|-heal|p2a: Arceus|82/100 brn\n|move|p1a: Suicune|Scald|p2a: Arceus\n|-damage|p2a: Arceus|42/100 brn\n|\n|-heal|p1a: Suicune|240/298|[from] item: Leftovers\n|-damage|p2a: Arceus|36/100 brn|[from] brn\n|upkeep\n|turn|26\n|inactive|Time left: 300 sec this turn | 300 sec total\n|\n|t:|1783541095\n|move|p2a: Arceus|Recover|p2a: Arceus\n|-heal|p2a: Arceus|86/100 brn\n|move|p1a: Suicune|Scald|p2a: Arceus\n|-damage|p2a: Arceus|49/100 brn\n|\n|-heal|p1a: Suicune|258/298|[from] item: Leftovers\n|-damage|p2a: Arceus|43/100 brn|[from] brn\n|upkeep\n|turn|27\n|inactive|Time left: 300 sec this turn | 300 sec total\n|\n|t:|1783541096\n|move|p2a: Arceus|Earthquake|p1a: Suicune\n|-supereffective|p1a: Suicune\n|-damage|p1a: Suicune|88/298\n|-damage|p2a: Arceus|33/100 brn|[from] item: Life Orb\n|move|p1a: Suicune|Scald|p2a: Arceus\n|-damage|p2a: Arceus|0 fnt\n|faint|p2a: Arceus\n|\n|-heal|p1a: Suicune|106/298|[from] item: Leftovers\n|upkeep\n|\n|t:|1783541097\n|switch|p2a: Mienshao|Mienshao, L83, F|100/100\n|-damage|p2a: Mienshao|94/100|[from] Stealth Rock\n|turn|28\n|inactive|Time left: 300 sec this turn | 300 sec total\n|\n|t:|1783541098\n|switch|p1a: Ho-Oh|Ho-Oh, L71|268/268 tox\n|move|p2a: Mienshao|Swords Dance|p2a: Mienshao\n|-boost|p2a: Mienshao|atk|2\n|\n|-damage|p1a: Ho-Oh|252/268 tox|[from] psn\n|upkeep\n|turn|29\n|inactive|Time left: 300 sec this turn | 300 sec total\n|\n|t:|1783541099\n|move|p2a: Mienshao|Poison Jab|p1a: Ho-Oh\n|-damage|p1a: Ho-Oh|40/268 tox\n|-damage|p2a: Mienshao|85/100|[from] item: Life Orb\n|move|p1a: Ho-Oh|Brave Bird|p2a: Mienshao\n|-supereffective|p2a: Mienshao\n|-damage|p2a: Mienshao|0 fnt\n|faint|p2a: Mienshao\n|-damage|p1a: Ho-Oh|0 fnt|[from] Recoil\n|faint|p1a: Ho-Oh\n|\n|win|p0x166014e", "uploadtime": 1783541099, "views": 0, "rating": 0, "private": 0, "password": null, "_winner": "p0x166014e", "_our_name": "p0x166014e"}