{"id": "battle-gen9randombattle-2050", "formatid": "gen9randombattle", "format": "[Gen 9] Random Battle", "players": ["p0x20503566", "p0y2050d256"], "log": "|init|battle\n|title|p0x20503566 vs. p0y2050d256\n|j|\u2606p0x20503566\n|j|\u2606p0y2050d256\n|t:|1783562964\n|gametype|singles\n|player|p1|p0x20503566|170|\n|player|p2|p0y2050d256|101|\n|gen|9\n|tier|[Gen 9] Random Battle\n|rule|Species Clause: Limit one of each Pok\u00e9mon\n|rule|HP Percentage Mod: HP is shown in percentages\n|rule|Sleep Clause Mod: Limit one foe put to sleep\n|rule|Illusion Level Mod: Illusion disguises the Pok\u00e9mon's true level\n|\n|t:|1783562964\n|teamsize|p1|6\n|teamsize|p2|6\n|start\n|switch|p1a: Bronzong|Bronzong, L88|261/261\n|switch|p2a: Torkoal|Torkoal, L88, M|100/100\n|-weather|SunnyDay|[from] ability: Drought|[of] p2a: Torkoal\n|turn|1\n|inactive|Battle timer is ON: inactive players will automatically lose when time's up. (requested by p0y2050d256)\n|inactive|Time left: 300 sec this turn | 300 sec total | 60 sec grace\n|inactive|p0x20503566 also wants the timer to be on.\n|\n|t:|1783562965\n|move|p1a: Bronzong|Hypnosis|p2a: Torkoal\n|-status|p2a: Torkoal|slp|[from] move: Hypnosis\n|cant|p2a: Torkoal|slp\n|\n|-weather|SunnyDay|[upkeep]\n|upkeep\n|turn|2\n|inactive|Time left: 300 sec this turn | 300 sec total\n|\n|t:|1783562966\n|move|p1a: Bronzong|Psychic Noise|p2a: Torkoal\n|-damage|p2a: Torkoal|68/100 slp\n|-start|p2a: Torkoal|move: Heal Block\n|-curestatus|p2a: Torkoal|slp|[msg]\n|move|p2a: Torkoal|Fire Blast|p1a: Bronzong\n|-supereffective|p1a: Bronzong\n|-damage|p1a: Bronzong|9/261\n|\n|-weather|SunnyDay|[upkeep]\n|-heal|p1a: Bronzong|25/261|[from] item: Leftovers\n|upkeep\n|turn|3\n|inactive|Time left: 300 sec this turn | 300 sec total\n|\n|t:|1783562968\n|move|p1a: Bronzong|Hypnosis|p2a: Torkoal|[miss]\n|-miss|p1a: Bronzong|p2a: Torkoal\n|move|p2a: Torkoal|Fire Blast|p1a: Bronzong\n|-supereffective|p1a: Bronzong\n|-damage|p1a: Bronzong|0 fnt\n|faint|p1a: Bronzong\n|\n|-weather|SunnyDay|[upkeep]\n|-end|p2a: Torkoal|move: Heal Block\n|upkeep\n|inactive|Time left: 300 sec this turn | 300 sec total | 5 sec grace\n|\n|t:|1783562969\n|switch|p1a: Pecharunt|Pecharunt, L77|262/262\n|turn|4\n|inactive|Time left: 300 sec this turn | 300 sec total\n|\n|t:|1783562970\n|move|p1a: Pecharunt|Malignant Chain|p2a: Torkoal\n|-damage|p2a: Torkoal|31/100\n|move|p2a: Torkoal|Fire Blast|p1a: Pecharunt\n|-damage|p1a: Pecharunt|64/262\n|\n|-weather|SunnyDay|[upkeep]\n|upkeep\n|turn|5\n|inactive|Time left: 300 sec this turn | 300 sec total\n|\n|t:|1783562971\n|switch|p2a: Drednaw|Drednaw, L81, F|100/100\n|move|p1a: Pecharunt|Malignant Chain|p2a: Drednaw\n|-resisted|p2a: Drednaw\n|-damage|p2a: Drednaw|81/100\n|\n|-weather|none\n|upkeep\n|turn|6\n|inactive|Time left: 300 sec this turn | 300 sec total\n|\n|t:|1783562972\n|move|p1a: Pecharunt|Parting Shot|p2a: Drednaw\n|-unboost|p2a: Drednaw|atk|1\n|-unboost|p2a: Drednaw|spa|1\n|-enditem|p2a: Drednaw|White Herb\n|-clearnegativeboost|p2a: Drednaw|[silent]\n|inactive|Time left: 300 sec this turn | 300 sec total | 5 sec grace\n|\n|t:|1783562973\n|switch|p1a: Iron Hands|Iron Hands, L79|373/373|[from] Parting Shot\n|move|p2a: Drednaw|Shell Smash|p2a: Drednaw\n|-unboost|p2a: Drednaw|def|1\n|-unboost|p2a: Drednaw|spd|1\n|-boost|p2a: Drednaw|atk|2\n|-boost|p2a: Drednaw|spa|2\n|-boost|p2a: Drednaw|spe|2\n|\n|upkeep\n|turn|7\n|inactive|Time left: 300 sec this turn | 300 sec total\n|\n|t:|1783562974\n|-terastallize|p2a: Drednaw|Ground\n|move|p2a: Drednaw|Earthquake|p1a: Iron Hands\n|-supereffective|p1a: Iron Hands\n|-damage|p1a: Iron Hands|0 fnt\n|faint|p1a: Iron Hands\n|-end|p1a: Iron Hands|Quark Drive|[silent]\n|\n|upkeep\n|inactive|Time left: 300 sec this turn | 300 sec total | 5 sec grace\n|\n|t:|1783562975\n|switch|p1a: Ursaring|Ursaring, L84, F|288/288\n|turn|8\n|inactive|Time left: 300 sec this turn | 300 sec total\n|\n|t:|1783562976\n|-terastallize|p1a: Ursaring|Normal\n|move|p2a: Drednaw|Earthquake|p1a: Ursaring\n|-damage|p1a: Ursaring|15/288\n|move|p1a: Ursaring|Facade|p2a: Drednaw\n|-damage|p2a: Drednaw|15/100\n|\n|-status|p1a: Ursaring|tox|[from] item: Toxic Orb\n|upkeep\n|turn|9\n|inactive|Time left: 300 sec this turn | 300 sec total\n|\n|t:|1783562978\n|move|p2a: Drednaw|Earthquake|p1a: Ursaring\n|-damage|p1a: Ursaring|0 fnt\n|faint|p1a: Ursaring\n|\n|upkeep\n|inactive|Time left: 300 sec this turn | 300 sec total | 5 sec grace\n|\n|t:|1783562978\n|switch|p1a: Weavile|Weavile, L79, M|240/240\n|turn|10\n|inactive|Time left: 300 sec this turn | 300 sec total\n|\n|t:|1783562979\n|move|p1a: Weavile|Ice Shard|p2a: Drednaw\n|-supereffective|p2a: Drednaw\n|-damage|p2a: Drednaw|0 fnt\n|faint|p2a: Drednaw\n|\n|upkeep\n|\n|t:|1783562980\n|switch|p2a: Coalossal|Coalossal, L89, F|100/100\n|turn|11\n|inactive|Time left: 300 sec this turn | 300 sec total\n|\n|t:|1783562981\n|switch|p1a: Pecharunt|Pecharunt, L77|64/262\n|move|p2a: Coalossal|Stone Edge|p1a: Pecharunt|[miss]\n|-miss|p2a: Coalossal|p1a: Pecharunt\n|\n|upkeep\n|turn|12\n|inactive|Time left: 300 sec this turn | 300 sec total\n|\n|t:|1783562982\n|move|p1a: Pecharunt|Recover|p1a: Pecharunt\n|-heal|p1a: Pecharunt|195/262\n|move|p2a: Coalossal|Stone Edge|p1a: Pecharunt\n|-crit|p1a: Pecharunt\n|-damage|p1a: Pecharunt|87/262\n|\n|upkeep\n|turn|13\n|inactive|Time left: 300 sec this turn | 300 sec total\n|\n|t:|1783562983\n|move|p1a: Pecharunt|Recover|p1a: Pecharunt\n|-heal|p1a: Pecharunt|218/262\n|move|p2a: Coalossal|Overheat|p1a: Pecharunt\n|-damage|p1a: Pecharunt|77/262\n|-unboost|p2a: Coalossal|spa|2\n|\n|upkeep\n|turn|14\n|inactive|Time left: 300 sec this turn | 300 sec total\n|\n|t:|1783562984\n|switch|p2a: Dodrio|Dodrio, L85, F|100/100\n|move|p1a: Pecharunt|Recover|p1a: Pecharunt\n|-heal|p1a: Pecharunt|208/262\n|\n|upkeep\n|turn|15\n|inactive|Time left: 300 sec this turn | 300 sec total\n|\n|t:|1783562985\n|move|p2a: Dodrio|Swords Dance|p2a: Dodrio\n|-boost|p2a: Dodrio|atk|2\n|move|p1a: Pecharunt|Malignant Chain|p2a: Dodrio\n|-damage|p2a: Dodrio|57/100\n|-status|p2a: Dodrio|tox\n|-start|p2a: Dodrio|confusion|[from] ability: Poison Puppeteer|[of] p1a: Pecharunt\n|\n|-damage|p2a: Dodrio|51/100 tox|[from] psn\n|upkeep\n|turn|16\n|inactive|Time left: 300 sec this turn | 300 sec total\n|\n|t:|1783562986\n|-activate|p2a: Dodrio|confusion\n|move|p2a: Dodrio|Knock Off|p1a: Pecharunt\n|-supereffective|p1a: Pecharunt\n|-damage|p1a: Pecharunt|2/262\n|-damage|p2a: Dodrio|34/100 tox|[from] item: Rocky Helmet|[of] p1a: Pecharunt\n|-enditem|p1a: Pecharunt|Rocky Helmet|[from] move: Knock Off|[of] p2a: Dodrio\n|move|p1a: Pecharunt|Recover|p1a: Pecharunt\n|-heal|p1a: Pecharunt|133/262\n|\n|-damage|p2a: Dodrio|22/100 tox|[from] psn\n|upkeep\n|turn|17\n|inactive|Time left: 300 sec this turn | 300 sec total\n|\n|t:|1783562987\n|-activate|p2a: Dodrio|confusion\n|move|p2a: Dodrio|Brave Bird|p1a: Pecharunt\n|-crit|p1a: Pecharunt\n|-damage|p1a: Pecharunt|0 fnt\n|faint|p1a: Pecharunt\n|-damage|p2a: Dodrio|3/100 tox|[from] Recoil\n|\n|-damage|p2a: Dodrio|0 fnt|[from] psn\n|faint|p2a: Dodrio\n|upkeep\n|inactive|Time left: 300 sec this turn | 300 sec total | 5 sec grace\n|\n|t:|1783562988\n|switch|p2a: Coalossal|Coalossal, L89, F|100/100\n|switch|p1a: Darkrai|Darkrai, L77|234/234\n|turn|18\n|inactive|Time left: 300 sec this turn | 300 sec total\n|\n|t:|1783562989\n|move|p1a: Darkrai|Nasty Plot|p1a: Darkrai\n|-boost|p1a: Darkrai|spa|2\n|move|p2a: Coalossal|Stone Edge|p1a: Darkrai\n|-damage|p1a: Darkrai|125/234\n|\n|-heal|p1a: Darkrai|139/234|[from] item: Leftovers\n|upkeep\n|turn|19\n|inactive|Time left: 300 sec this turn | 300 sec total\n|\n|t:|1783562990\n|move|p1a: Darkrai|Dark Pulse|p2a: Coalossal\n|-damage|p2a: Coalossal|54/100\n|move|p2a: Coalossal|Overheat|p1a: Darkrai\n|-damage|p1a: Darkrai|0 fnt\n|-unboost|p2a: Coalossal|spa|2\n|faint|p1a: Darkrai\n|\n|upkeep\n|inactive|Time left: 300 sec this turn | 300 sec total | 5 sec grace\n|\n|t:|1783562991\n|switch|p1a: Weavile|Weavile, L79, M|240/240\n|turn|20\n|inactive|Time left: 300 sec this turn | 300 sec total\n|\n|t:|1783562992\n|move|p1a: Weavile|Triple Axel|p2a: Coalossal\n|-resisted|p2a: Coalossal\n|-damage|p2a: Coalossal|51/100\n|-status|p1a: Weavile|brn|[from] ability: Flame Body|[of] p2a: Coalossal\n|-resisted|p2a: Coalossal\n|-damage|p2a: Coalossal|49/100\n|-resisted|p2a: Coalossal\n|-damage|p2a: Coalossal|45/100\n|-hitcount|p2a: Coalossal|3\n|move|p2a: Coalossal|Stone Edge|p1a: Weavile\n|-supereffective|p1a: Weavile\n|-damage|p1a: Weavile|0 fnt\n|faint|p1a: Weavile\n|\n|win|p0y2050d256", "uploadtime": 1783562992, "views": 0, "rating": 0, "private": 0, "password": null, "_winner": "p0y2050d256", "_our_name": "p0x20503566"}