{"id": "battle-gen9randombattle-2945", "formatid": "gen9randombattle", "format": "[Gen 9] Random Battle", "players": ["p0x294531fd", "p0y29455263"], "log": "|init|battle\n|title|p0x294531fd vs. p0y29455263\n|j|\u2606p0x294531fd\n|j|\u2606p0y29455263\n|t:|1783573910\n|gametype|singles\n|player|p1|p0x294531fd|1|\n|player|p2|p0y29455263|2|\n|gen|9\n|tier|[Gen 9] Random Battle\n|rule|Species Clause: Limit one of each Pok\u00e9mon\n|rule|HP Percentage Mod: HP is shown in percentages\n|rule|Sleep Clause Mod: Limit one foe put to sleep\n|rule|Illusion Level Mod: Illusion disguises the Pok\u00e9mon's true level\n|\n|t:|1783573910\n|teamsize|p1|6\n|teamsize|p2|6\n|start\n|switch|p1a: Alomomola|Alomomola, L87, M|429/429\n|switch|p2a: Porygon-Z|Porygon-Z, L83|100/100\n|turn|1\n|inactive|Battle timer is ON: inactive players will automatically lose when time's up. (requested by p0x294531fd)\n|inactive|p0y29455263 also wants the timer to be on.\n|\n|t:|1783573911\n|move|p2a: Porygon-Z|Nasty Plot|p2a: Porygon-Z\n|-boost|p2a: Porygon-Z|spa|2\n|move|p1a: Alomomola|Flip Turn|p2a: Porygon-Z\n|-damage|p2a: Porygon-Z|76/100\n|inactive|Time left: 300 sec this turn | 300 sec total | 65 sec grace\n|\n|t:|1783573912\n|switch|p1a: Mienshao|Mienshao, L83, F|243/243|[from] Flip Turn\n|\n|upkeep\n|turn|2\n|inactive|Time left: 300 sec this turn | 300 sec total\n|\n|t:|1783573913\n|switch|p2a: Kricketune|Kricketune, L99, F|100/100\n|move|p1a: Mienshao|High Jump Kick|p2a: Kricketune\n|-resisted|p2a: Kricketune\n|-damage|p2a: Kricketune|41/100\n|\n|upkeep\n|turn|3\n|inactive|Time left: 300 sec this turn | 300 sec total\n|\n|t:|1783573914\n|-terastallize|p2a: Kricketune|Ghost\n|move|p1a: Mienshao|High Jump Kick|p2a: Kricketune\n|-immune|p2a: Kricketune\n|-damage|p1a: Mienshao|122/243|[from] highjumpkick\n|move|p2a: Kricketune|Sticky Web|p1a: Mienshao\n|-sidestart|p1: p0x294531fd|move: Sticky Web\n|\n|upkeep\n|turn|4\n|inactive|Time left: 300 sec this turn | 300 sec total\n|\n|t:|1783573914\n|switch|p1a: Scizor|Scizor, L79, F|240/240\n|-activate|p1a: Scizor|move: Sticky Web\n|-unboost|p1a: Scizor|spe|1\n|move|p2a: Kricketune|Knock Off|p1a: Scizor\n|-damage|p1a: Scizor|154/240\n|-enditem|p1a: Scizor|Leftovers|[from] move: Knock Off|[of] p2a: Kricketune\n|\n|upkeep\n|turn|5\n|inactive|Time left: 300 sec this turn | 300 sec total\n|\n|t:|1783573915\n|move|p2a: Kricketune|Pounce|p1a: Scizor\n|-resisted|p1a: Scizor\n|-damage|p1a: Scizor|103/240\n|-unboost|p1a: Scizor|spe|1\n|move|p1a: Scizor|Defog|p2a: Kricketune\n|-unboost|p2a: Kricketune|evasion|1\n|-sideend|p1: p0x294531fd|Sticky Web|[from] move: Defog|[of] p1a: Scizor\n|\n|upkeep\n|turn|6\n|inactive|Time left: 300 sec this turn | 300 sec total\n|\n|t:|1783573916\n|move|p2a: Kricketune|Sticky Web|p1a: Scizor\n|-sidestart|p1: p0x294531fd|move: Sticky Web\n|move|p1a: Scizor|Knock Off|p2a: Kricketune\n|-supereffective|p2a: Kricketune\n|-damage|p2a: Kricketune|0 fnt\n|-enditem|p2a: Kricketune|Heavy-Duty Boots|[from] move: Knock Off|[of] p1a: Scizor\n|faint|p2a: Kricketune\n|\n|upkeep\n|\n|t:|1783573917\n|switch|p2a: Honchkrow|Honchkrow, L86, F|100/100\n|turn|7\n|inactive|Time left: 300 sec this turn | 300 sec total\n|\n|t:|1783573918\n|switch|p1a: Alomomola|Alomomola, L87, M|429/429\n|move|p2a: Honchkrow|Brave Bird|p1a: Alomomola\n|-damage|p1a: Alomomola|260/429\n|-damage|p2a: Honchkrow|83/100|[from] Recoil\n|\n|upkeep\n|turn|8\n|inactive|Time left: 300 sec this turn | 300 sec total\n|\n|t:|1783573919\n|move|p2a: Honchkrow|Brave Bird|p1a: Alomomola\n|-damage|p1a: Alomomola|83/429\n|-damage|p2a: Honchkrow|64/100|[from] Recoil\n|move|p1a: Alomomola|Flip Turn|p2a: Honchkrow\n|-damage|p2a: Honchkrow|41/100\n|inactive|Time left: 300 sec this turn | 300 sec total | 5 sec grace\n|\n|t:|1783573919\n|switch|p1a: Landorus|Landorus-Therian, L76, M|260/260|[from] Flip Turn\n|-ability|p1a: Landorus|Intimidate|boost\n|-unboost|p2a: Honchkrow|atk|1\n|\n|upkeep\n|turn|9\n|inactive|Time left: 300 sec this turn | 300 sec total\n|\n|t:|1783573920\n|move|p1a: Landorus|Stone Edge|p2a: Honchkrow\n|-supereffective|p2a: Honchkrow\n|-damage|p2a: Honchkrow|0 fnt\n|faint|p2a: Honchkrow\n|\n|upkeep\n|\n|t:|1783573921\n|switch|p2a: Iron Bundle|Iron Bundle, L78|100/100\n|turn|10\n|inactive|Time left: 300 sec this turn | 300 sec total\n|\n|t:|1783573922\n|switch|p1a: Mew|Mew, L82|298/298\n|-activate|p1a: Mew|move: Sticky Web\n|-unboost|p1a: Mew|spe|1\n|move|p2a: Iron Bundle|Freeze-Dry|p1a: Mew\n|-damage|p1a: Mew|220/298\n|-status|p1a: Mew|frz\n|\n|upkeep\n|turn|11\n|inactive|Time left: 300 sec this turn | 300 sec total\n|\n|t:|1783573924\n|move|p2a: Iron Bundle|Hydro Pump|p1a: Mew\n|-damage|p1a: Mew|100/298 frz\n|-curestatus|p1a: Mew|frz|[msg]\n|move|p1a: Mew|Fire Blast|p2a: Iron Bundle\n|-damage|p2a: Iron Bundle|37/100\n|-damage|p1a: Mew|71/298|[from] item: Life Orb\n|\n|upkeep\n|turn|12\n|inactive|Time left: 300 sec this turn | 300 sec total\n|\n|t:|1783573926\n|move|p2a: Iron Bundle|Freeze-Dry|p1a: Mew\n|-damage|p1a: Mew|1/298\n|move|p1a: Mew|Nasty Plot|p1a: Mew\n|-boost|p1a: Mew|spa|2\n|\n|upkeep\n|turn|13\n|inactive|Time left: 300 sec this turn | 300 sec total\n|\n|t:|1783573927\n|move|p2a: Iron Bundle|Freeze-Dry|p1a: Mew\n|-damage|p1a: Mew|0 fnt\n|faint|p1a: Mew\n|\n|upkeep\n|inactive|Time left: 300 sec this turn | 300 sec total | 5 sec grace\n|\n|t:|1783573928\n|switch|p1a: Clefable|Clefable, L83, F|293/293\n|-activate|p1a: Clefable|move: Sticky Web\n|-unboost|p1a: Clefable|spe|1\n|turn|14\n|inactive|Time left: 300 sec this turn | 300 sec total\n|\n|t:|1783573929\n|move|p2a: Iron Bundle|Hydro Pump|p1a: Clefable\n|-damage|p1a: Clefable|169/293\n|move|p1a: Clefable|Moonblast|p2a: Iron Bundle\n|-damage|p2a: Iron Bundle|0 fnt\n|faint|p2a: Iron Bundle\n|-end|p2a: Iron Bundle|Quark Drive|[silent]\n|\n|upkeep\n|\n|t:|1783573930\n|switch|p2a: Porygon-Z|Porygon-Z, L83|76/100\n|turn|15\n|inactive|Time left: 300 sec this turn | 300 sec total\n|\n|t:|1783573931\n|move|p2a: Porygon-Z|Tera Blast|p1a: Clefable\n|-damage|p1a: Clefable|0 fnt\n|faint|p1a: Clefable\n|-damage|p2a: Porygon-Z|67/100|[from] item: Life Orb\n|\n|upkeep\n|inactive|Time left: 300 sec this turn | 300 sec total | 5 sec grace\n|\n|t:|1783573932\n|switch|p1a: Scizor|Scizor, L79, F|103/240\n|-activate|p1a: Scizor|move: Sticky Web\n|-unboost|p1a: Scizor|spe|1\n|turn|16\n|inactive|Time left: 300 sec this turn | 300 sec total\n|\n|t:|1783573933\n|move|p2a: Porygon-Z|Shadow Ball|p1a: Scizor\n|-damage|p1a: Scizor|2/240\n|-damage|p2a: Porygon-Z|57/100|[from] item: Life Orb\n|move|p1a: Scizor|Close Combat|p2a: Porygon-Z\n|-supereffective|p2a: Porygon-Z\n|-damage|p2a: Porygon-Z|0 fnt\n|-unboost|p1a: Scizor|def|1\n|-unboost|p1a: Scizor|spd|1\n|faint|p2a: Porygon-Z\n|\n|upkeep\n|\n|t:|1783573934\n|switch|p2a: Azelf|Azelf, L82|100/100\n|turn|17\n|inactive|Time left: 300 sec this turn | 300 sec total\n|\n|t:|1783573934\n|move|p1a: Scizor|Bullet Punch|p2a: Azelf\n|-damage|p2a: Azelf|70/100\n|move|p2a: Azelf|Psychic|p1a: Scizor\n|-resisted|p1a: Scizor\n|-damage|p1a: Scizor|0 fnt\n|faint|p1a: Scizor\n|-damage|p2a: Azelf|60/100|[from] item: Life Orb\n|\n|upkeep\n|inactive|Time left: 300 sec this turn | 300 sec total | 5 sec grace\n|\n|t:|1783573936\n|switch|p1a: Landorus|Landorus-Therian, L76, M|260/260\n|-ability|p1a: Landorus|Intimidate|boost\n|-unboost|p2a: Azelf|atk|1\n|turn|18\n|inactive|Time left: 300 sec this turn | 300 sec total\n|\n|t:|1783573937\n|move|p2a: Azelf|Psychic|p1a: Landorus\n|-damage|p1a: Landorus|100/260\n|-damage|p2a: Azelf|50/100|[from] item: Life Orb\n|move|p1a: Landorus|U-turn|p2a: Azelf\n|-supereffective|p2a: Azelf\n|-damage|p2a: Azelf|0 fnt\n|faint|p2a: Azelf\n|inactive|Time left: 300 sec this turn | 300 sec total | 5 sec grace\n|\n|t:|1783573938\n|switch|p1a: Alomomola|Alomomola, L87, M|226/429|[from] U-turn\n|\n|upkeep\n|\n|t:|1783573939\n|switch|p2a: Ogerpon|Ogerpon-Cornerstone, L76, F|100/100\n|turn|19\n|inactive|Time left: 300 sec this turn | 300 sec total\n|\n|t:|1783573939\n|-terastallize|p1a: Alomomola|Poison\n|move|p2a: Ogerpon|Power Whip|p1a: Alomomola|[miss]\n|-miss|p2a: Ogerpon|p1a: Alomomola\n|move|p1a: Alomomola|Flip Turn|p2a: Ogerpon\n|-damage|p2a: Ogerpon|75/100\n|inactive|Time left: 300 sec this turn | 300 sec total | 5 sec grace\n|\n|t:|1783573940\n|switch|p1a: Landorus|Landorus-Therian, L76, M|100/260|[from] Flip Turn\n|-ability|p1a: Landorus|Intimidate|boost\n|-unboost|p2a: Ogerpon|atk|1\n|\n|-heal|p1a: Landorus|116/260|[from] item: Leftovers\n|upkeep\n|turn|20\n|inactive|Time left: 300 sec this turn | 300 sec total\n|\n|t:|1783573941\n|move|p2a: Ogerpon|Ivy Cudgel|p1a: Landorus|[anim] Ivy Cudgel Rock\n|-damage|p1a: Landorus|31/260\n|move|p1a: Landorus|U-turn|p2a: Ogerpon\n|-supereffective|p2a: Ogerpon\n|-damage|p2a: Ogerpon|24/100\n|inactive|Time left: 300 sec this turn | 300 sec total | 5 sec grace\n|\n|t:|1783573942\n|switch|p1a: Alomomola|Alomomola, L87, M, tera:Poison|369/429|[from] U-turn\n|\n|upkeep\n|turn|21\n|inactive|Time left: 300 sec this turn | 300 sec total\n|\n|t:|1783573943\n|move|p2a: Ogerpon|Synthesis|p2a: Ogerpon\n|-heal|p2a: Ogerpon|74/100\n|move|p1a: Alomomola|Flip Turn|p2a: Ogerpon\n|-damage|p2a: Ogerpon|46/100\n|inactive|Time left: 300 sec this turn | 300 sec total | 5 sec grace\n|\n|t:|1783573944\n|switch|p1a: Landorus|Landorus-Therian, L76, M|31/260|[from] Flip Turn\n|-ability|p1a: Landorus|Intimidate|boost\n|-unboost|p2a: Ogerpon|atk|1\n|\n|-heal|p1a: Landorus|47/260|[from] item: Leftovers\n|upkeep\n|turn|22\n|inactive|Time left: 300 sec this turn | 300 sec total\n|\n|t:|1783573945\n|move|p2a: Ogerpon|Synthesis|p2a: Ogerpon\n|-heal|p2a: Ogerpon|96/100\n|move|p1a: Landorus|U-turn|p2a: Ogerpon\n|-supereffective|p2a: Ogerpon\n|-damage|p2a: Ogerpon|45/100\n|inactive|Time left: 300 sec this turn | 300 sec total | 5 sec grace\n|\n|t:|1783573946\n|switch|p1a: Mienshao|Mienshao, L83, F|122/243|[from] U-turn\n|-activate|p1a: Mienshao|move: Sticky Web\n|-unboost|p1a: Mienshao|spe|1\n|\n|upkeep\n|turn|23\n|inactive|Time left: 300 sec this turn | 300 sec total\n|\n|t:|1783573947\n|move|p2a: Ogerpon|Ivy Cudgel|p1a: Mienshao|[anim] Ivy Cudgel Rock\n|-resisted|p1a: Mienshao\n|-damage|p1a: Mienshao|83/243\n|move|p1a: Mienshao|High Jump Kick|p2a: Ogerpon\n|-supereffective|p2a: Ogerpon\n|-damage|p2a: Ogerpon|0 fnt\n|faint|p2a: Ogerpon\n|\n|win|p0x294531fd", "uploadtime": 1783573947, "views": 0, "rating": 0, "private": 0, "password": null, "_winner": "p0x294531fd", "_our_name": "p0x294531fd"}