{"id": "battle-gen9randombattle-2240", "formatid": "gen9randombattle", "format": "[Gen 9] Random Battle", "players": ["p0x22401a7d", "p0y22405de2"], "log": "|init|battle\n|title|p0x22401a7d vs. p0y22405de2\n|j|\u2606p0x22401a7d\n|j|\u2606p0y22405de2\n|t:|1783565965\n|gametype|singles\n|player|p1|p0x22401a7d|1|\n|player|p2|p0y22405de2|102|\n|gen|9\n|tier|[Gen 9] Random Battle\n|rule|Species Clause: Limit one of each Pok\u00e9mon\n|rule|HP Percentage Mod: HP is shown in percentages\n|rule|Sleep Clause Mod: Limit one foe put to sleep\n|rule|Illusion Level Mod: Illusion disguises the Pok\u00e9mon's true level\n|\n|t:|1783565965\n|teamsize|p1|6\n|teamsize|p2|6\n|start\n|switch|p1a: Armarouge|Armarouge, L80, F|267/267\n|switch|p2a: Solgaleo|Solgaleo, L74|100/100\n|turn|1\n|inactive|Battle timer is ON: inactive players will automatically lose when time's up. (requested by p0y22405de2)\n|inactive|Time left: 300 sec this turn | 300 sec total | 60 sec grace\n|inactive|p0x22401a7d also wants the timer to be on.\n|\n|t:|1783565967\n|switch|p2a: Dachsbun|Dachsbun, L92, F|100/100\n|move|p1a: Armarouge|Armor Cannon|p2a: Dachsbun\n|-ability|p2a: Dachsbun|Well-Baked Body|boost\n|-boost|p2a: Dachsbun|def|2\n|\n|upkeep\n|turn|2\n|inactive|Time left: 300 sec this turn | 300 sec total\n|\n|t:|1783565968\n|move|p2a: Dachsbun|Yawn|p1a: Armarouge\n|-start|p1a: Armarouge|move: Yawn|[of] p2a: Dachsbun\n|move|p1a: Armarouge|Meteor Beam||[still]\n|-prepare|p1a: Armarouge|Meteor Beam\n|-boost|p1a: Armarouge|spa|1\n|-enditem|p1a: Armarouge|Power Herb\n|-anim|p1a: Armarouge|Meteor Beam|p2a: Dachsbun\n|-damage|p2a: Dachsbun|42/100\n|\n|-heal|p2a: Dachsbun|48/100|[from] item: Leftovers\n|upkeep\n|turn|3\n|inactive|Time left: 300 sec this turn | 300 sec total\n|\n|t:|1783565969\n|move|p2a: Dachsbun|Wish|p2a: Dachsbun\n|move|p1a: Armarouge|Meteor Beam||[still]\n|-prepare|p1a: Armarouge|Meteor Beam\n|-boost|p1a: Armarouge|spa|1\n|\n|-heal|p2a: Dachsbun|54/100|[from] item: Leftovers\n|-end|p1a: Armarouge|move: Yawn|[silent]\n|-status|p1a: Armarouge|slp\n|upkeep\n|turn|4\n|inactive|Time left: 300 sec this turn | 300 sec total\n|\n|t:|1783565970\n|move|p2a: Dachsbun|Play Rough|p1a: Armarouge\n|-resisted|p1a: Armarouge\n|-damage|p1a: Armarouge|222/267 slp\n|-ability|p1a: Armarouge|Weak Armor|boost\n|-unboost|p1a: Armarouge|def|1\n|-boost|p1a: Armarouge|spe|2\n|cant|p1a: Armarouge|slp\n|\n|-heal|p2a: Dachsbun|100/100|[from] move: Wish|[wisher] Dachsbun\n|upkeep\n|turn|5\n|inactive|Time left: 300 sec this turn | 300 sec total\n|\n|t:|1783565971\n|-curestatus|p1a: Armarouge|slp|[msg]\n|move|p1a: Armarouge|Meteor Beam||[still]\n|-prepare|p1a: Armarouge|Meteor Beam\n|-boost|p1a: Armarouge|spa|1\n|move|p2a: Dachsbun|Play Rough|p1a: Armarouge|[miss]\n|-miss|p2a: Dachsbun|p1a: Armarouge\n|\n|upkeep\n|turn|6\n|inactive|Time left: 300 sec this turn | 300 sec total\n|\n|t:|1783565972\n|-terastallize|p2a: Dachsbun|Steel\n|move|p1a: Armarouge|Meteor Beam|p2a: Dachsbun|[from] lockedmove|[miss]\n|-miss|p1a: Armarouge|p2a: Dachsbun\n|move|p2a: Dachsbun|Yawn|p1a: Armarouge\n|-start|p1a: Armarouge|move: Yawn|[of] p2a: Dachsbun\n|\n|upkeep\n|turn|7\n|inactive|Time left: 300 sec this turn | 300 sec total\n|\n|t:|1783565973\n|move|p1a: Armarouge|Meteor Beam||[still]\n|-prepare|p1a: Armarouge|Meteor Beam\n|-boost|p1a: Armarouge|spa|1\n|move|p2a: Dachsbun|Play Rough|p1a: Armarouge\n|-resisted|p1a: Armarouge\n|-damage|p1a: Armarouge|149/267\n|-ability|p1a: Armarouge|Weak Armor|boost\n|-unboost|p1a: Armarouge|def|1\n|-boost|p1a: Armarouge|spe|2\n|\n|-end|p1a: Armarouge|move: Yawn|[silent]\n|-status|p1a: Armarouge|slp\n|upkeep\n|turn|8\n|inactive|Time left: 300 sec this turn | 300 sec total\n|\n|t:|1783565974\n|cant|p1a: Armarouge|slp\n|move|p2a: Dachsbun|Play Rough|p1a: Armarouge\n|-resisted|p1a: Armarouge\n|-damage|p1a: Armarouge|59/267 slp\n|-ability|p1a: Armarouge|Weak Armor|boost\n|-unboost|p1a: Armarouge|def|1\n|-boost|p1a: Armarouge|spe|2\n|\n|upkeep\n|turn|9\n|inactive|Time left: 300 sec this turn | 300 sec total\n|\n|t:|1783565975\n|-curestatus|p1a: Armarouge|slp|[msg]\n|move|p1a: Armarouge|Meteor Beam||[still]\n|-prepare|p1a: Armarouge|Meteor Beam\n|-boost|p1a: Armarouge|spa|1\n|move|p2a: Dachsbun|Play Rough|p1a: Armarouge\n|-resisted|p1a: Armarouge\n|-damage|p1a: Armarouge|0 fnt\n|faint|p1a: Armarouge\n|\n|upkeep\n|inactive|Time left: 300 sec this turn | 300 sec total | 5 sec grace\n|\n|t:|1783565976\n|switch|p1a: Drednaw|Drednaw, L81, M|278/278\n|turn|10\n|inactive|Time left: 300 sec this turn | 300 sec total\n|\n|t:|1783565977\n|move|p2a: Dachsbun|Play Rough|p1a: Drednaw\n|-damage|p1a: Drednaw|181/278\n|move|p1a: Drednaw|Shell Smash|p1a: Drednaw\n|-unboost|p1a: Drednaw|def|1\n|-unboost|p1a: Drednaw|spd|1\n|-boost|p1a: Drednaw|atk|2\n|-boost|p1a: Drednaw|spa|2\n|-boost|p1a: Drednaw|spe|2\n|-enditem|p1a: Drednaw|White Herb\n|-clearnegativeboost|p1a: Drednaw|[silent]\n|\n|upkeep\n|turn|11\n|inactive|Time left: 300 sec this turn | 300 sec total\n|\n|t:|1783565978\n|move|p1a: Drednaw|Stone Edge|p2a: Dachsbun\n|-resisted|p2a: Dachsbun\n|-crit|p2a: Dachsbun\n|-damage|p2a: Dachsbun|47/100\n|move|p2a: Dachsbun|Play Rough|p1a: Drednaw|[miss]\n|-miss|p2a: Dachsbun|p1a: Drednaw\n|\n|-heal|p2a: Dachsbun|52/100|[from] item: Leftovers\n|upkeep\n|turn|12\n|inactive|Time left: 300 sec this turn | 300 sec total\n|\n|t:|1783565979\n|move|p1a: Drednaw|Crunch|p2a: Dachsbun\n|-damage|p2a: Dachsbun|26/100\n|move|p2a: Dachsbun|Play Rough|p1a: Drednaw\n|-damage|p1a: Drednaw|88/278\n|\n|-heal|p2a: Dachsbun|32/100|[from] item: Leftovers\n|upkeep\n|turn|13\n|inactive|Time left: 300 sec this turn | 300 sec total\n|\n|t:|1783565980\n|-terastallize|p1a: Drednaw|Dark\n|move|p1a: Drednaw|Crunch|p2a: Dachsbun\n|-damage|p2a: Dachsbun|0 fnt\n|faint|p2a: Dachsbun\n|\n|upkeep\n|\n|t:|1783565981\n|switch|p2a: Magearna|Magearna-Original, L77|100/100\n|turn|14\n|inactive|Time left: 300 sec this turn | 300 sec total\n|\n|t:|1783565982\n|move|p1a: Drednaw|Liquidation|p2a: Magearna\n|-damage|p2a: Magearna|36/100\n|move|p2a: Magearna|Flash Cannon|p1a: Drednaw\n|-damage|p1a: Drednaw|0 fnt\n|faint|p1a: Drednaw\n|-ability|p2a: Magearna|Soul-Heart|boost\n|-boost|p2a: Magearna|spa|1\n|\n|-heal|p2a: Magearna|42/100|[from] item: Leftovers\n|upkeep\n|inactive|Time left: 300 sec this turn | 300 sec total | 5 sec grace\n|\n|t:|1783565983\n|switch|p1a: Luvdisc|Luvdisc, F|247/247\n|turn|15\n|inactive|Time left: 300 sec this turn | 300 sec total\n|\n|t:|1783565984\n|move|p1a: Luvdisc|Surf|p2a: Magearna\n|-damage|p2a: Magearna|16/100\n|move|p2a: Magearna|Flash Cannon|p1a: Luvdisc\n|-resisted|p1a: Luvdisc\n|-damage|p1a: Luvdisc|171/247\n|\n|-heal|p2a: Magearna|22/100|[from] item: Leftovers\n|upkeep\n|turn|16\n|inactive|Time left: 300 sec this turn | 300 sec total\n|\n|t:|1783565986\n|switch|p2a: Jolteon|Jolteon, L84, F|100/100\n|move|p1a: Luvdisc|Surf|p2a: Jolteon\n|-damage|p2a: Jolteon|71/100\n|\n|-heal|p2a: Jolteon|77/100|[from] item: Leftovers\n|upkeep\n|turn|17\n|inactive|Time left: 300 sec this turn | 300 sec total\n|\n|t:|1783565986\n|switch|p1a: Umbreon|Umbreon, L84, F|297/297\n|move|p2a: Jolteon|Thunderbolt|p1a: Umbreon\n|-damage|p1a: Umbreon|213/297\n|\n|-heal|p2a: Jolteon|83/100|[from] item: Leftovers\n|-heal|p1a: Umbreon|231/297|[from] item: Leftovers\n|upkeep\n|turn|18\n|inactive|Time left: 300 sec this turn | 300 sec total\n|\n|t:|1783565987\n|move|p2a: Jolteon|Thunderbolt|p1a: Umbreon\n|-damage|p1a: Umbreon|152/297\n|move|p1a: Umbreon|Foul Play|p2a: Jolteon\n|-damage|p2a: Jolteon|54/100\n|\n|-heal|p2a: Jolteon|60/100|[from] item: Leftovers\n|-heal|p1a: Umbreon|170/297|[from] item: Leftovers\n|upkeep\n|turn|19\n|inactive|Time left: 300 sec this turn | 300 sec total\n|\n|t:|1783565989\n|move|p2a: Jolteon|Calm Mind|p2a: Jolteon\n|-boost|p2a: Jolteon|spa|1\n|-boost|p2a: Jolteon|spd|1\n|move|p1a: Umbreon|Foul Play|p2a: Jolteon\n|-damage|p2a: Jolteon|28/100\n|\n|-heal|p2a: Jolteon|34/100|[from] item: Leftovers\n|-heal|p1a: Umbreon|188/297|[from] item: Leftovers\n|upkeep\n|turn|20\n|inactive|Time left: 300 sec this turn | 300 sec total\n|\n|t:|1783565990\n|move|p2a: Jolteon|Thunderbolt|p1a: Umbreon\n|-damage|p1a: Umbreon|79/297\n|move|p1a: Umbreon|Foul Play|p2a: Jolteon\n|-damage|p2a: Jolteon|5/100\n|\n|-heal|p2a: Jolteon|11/100|[from] item: Leftovers\n|-heal|p1a: Umbreon|97/297|[from] item: Leftovers\n|upkeep\n|turn|21\n|inactive|Time left: 300 sec this turn | 300 sec total\n|\n|t:|1783565991\n|move|p1a: Umbreon|Protect|p1a: Umbreon\n|-singleturn|p1a: Umbreon|Protect\n|move|p2a: Jolteon|Thunderbolt|p1a: Umbreon\n|-activate|p1a: Umbreon|move: Protect\n|\n|-heal|p2a: Jolteon|17/100|[from] item: Leftovers\n|-heal|p1a: Umbreon|115/297|[from] item: Leftovers\n|upkeep\n|turn|22\n|inactive|Time left: 300 sec this turn | 300 sec total\n|\n|t:|1783565991\n|move|p2a: Jolteon|Thunderbolt|p1a: Umbreon\n|-damage|p1a: Umbreon|0 fnt\n|faint|p1a: Umbreon\n|\n|-heal|p2a: Jolteon|23/100|[from] item: Leftovers\n|upkeep\n|inactive|Time left: 300 sec this turn | 300 sec total | 5 sec grace\n|\n|t:|1783565992\n|switch|p1a: Latios|Latios, L78, M|253/253\n|turn|23\n|inactive|Time left: 300 sec this turn | 300 sec total\n|\n|t:|1783565993\n|move|p2a: Jolteon|Tera Blast|p1a: Latios\n|-damage|p1a: Latios|164/253\n|move|p1a: Latios|Luster Purge|p2a: Jolteon\n|-damage|p2a: Jolteon|0 fnt\n|faint|p2a: Jolteon\n|\n|upkeep\n|\n|t:|1783565994\n|switch|p2a: Solgaleo|Solgaleo, L74|100/100\n|turn|24\n|inactive|Time left: 300 sec this turn | 300 sec total\n|\n|t:|1783565995\n|move|p1a: Latios|Recover|p1a: Latios\n|-heal|p1a: Latios|253/253\n|move|p2a: Solgaleo|Knock Off|p1a: Latios\n|-supereffective|p1a: Latios\n|-damage|p1a: Latios|97/253\n|-enditem|p1a: Latios|Soul Dew|[from] move: Knock Off|[of] p2a: Solgaleo\n|\n|upkeep\n|turn|25\n|inactive|Time left: 300 sec this turn | 300 sec total\n|\n|t:|1783565996\n|move|p1a: Latios|Recover|p1a: Latios\n|-heal|p1a: Latios|224/253\n|move|p2a: Solgaleo|Knock Off|p1a: Latios\n|-supereffective|p1a: Latios\n|-damage|p1a: Latios|112/253\n|\n|upkeep\n|turn|26\n|inactive|Time left: 300 sec this turn | 300 sec total\n|\n|t:|1783565997\n|move|p1a: Latios|Recover|p1a: Latios\n|-heal|p1a: Latios|239/253\n|move|p2a: Solgaleo|Knock Off|p1a: Latios\n|-supereffective|p1a: Latios\n|-damage|p1a: Latios|137/253\n|\n|upkeep\n|turn|27\n|inactive|Time left: 300 sec this turn | 300 sec total\n|\n|t:|1783565998\n|move|p1a: Latios|Recover|p1a: Latios\n|-heal|p1a: Latios|253/253\n|move|p2a: Solgaleo|Knock Off|p1a: Latios\n|-supereffective|p1a: Latios\n|-damage|p1a: Latios|149/253\n|\n|upkeep\n|turn|28\n|inactive|Time left: 300 sec this turn | 300 sec total\n|\n|t:|1783565999\n|move|p1a: Latios|Recover|p1a: Latios\n|-heal|p1a: Latios|253/253\n|move|p2a: Solgaleo|Knock Off|p1a: Latios\n|-supereffective|p1a: Latios\n|-damage|p1a: Latios|139/253\n|\n|upkeep\n|turn|29\n|inactive|Time left: 300 sec this turn | 300 sec total\n|\n|t:|1783566000\n|move|p1a: Latios|Recover|p1a: Latios\n|-heal|p1a: Latios|253/253\n|move|p2a: Solgaleo|Knock Off|p1a: Latios\n|-supereffective|p1a: Latios\n|-damage|p1a: Latios|145/253\n|\n|upkeep\n|turn|30\n|inactive|Time left: 300 sec this turn | 300 sec total\n|\n|t:|1783566001\n|move|p1a: Latios|Recover|p1a: Latios\n|-heal|p1a: Latios|253/253\n|move|p2a: Solgaleo|Sunsteel Strike|p1a: Latios\n|-damage|p1a: Latios|126/253\n|\n|upkeep\n|turn|31\n|inactive|Time left: 300 sec this turn | 300 sec total\n|\n|t:|1783566002\n|move|p1a: Latios|Recover|p1a: Latios\n|-heal|p1a: Latios|253/253\n|move|p2a: Solgaleo|Sunsteel Strike|p1a: Latios\n|-damage|p1a: Latios|130/253\n|\n|upkeep\n|turn|32\n|inactive|Time left: 300 sec this turn | 300 sec total\n|\n|t:|1783566003\n|move|p1a: Latios|Aura Sphere|p2a: Solgaleo\n|-damage|p2a: Solgaleo|79/100\n|move|p2a: Solgaleo|Sunsteel Strike|p1a: Latios\n|-damage|p1a: Latios|10/253\n|\n|upkeep\n|turn|33\n|inactive|Time left: 300 sec this turn | 300 sec total\n|\n|t:|1783566004\n|move|p1a: Latios|Draco Meteor|p2a: Solgaleo\n|-resisted|p2a: Solgaleo\n|-damage|p2a: Solgaleo|55/100\n|-unboost|p1a: Latios|spa|2\n|move|p2a: Solgaleo|Flame Charge|p1a: Latios\n|-resisted|p1a: Latios\n|-damage|p1a: Latios|0 fnt\n|-boost|p2a: Solgaleo|spe|1\n|faint|p1a: Latios\n|\n|upkeep\n|inactive|Time left: 300 sec this turn | 300 sec total | 5 sec grace\n|\n|t:|1783566006\n|switch|p1a: Luvdisc|Luvdisc, F|171/247\n|turn|34\n|inactive|Time left: 300 sec this turn | 300 sec total\n|\n|t:|1783566007\n|move|p2a: Solgaleo|Knock Off|p1a: Luvdisc\n|-damage|p1a: Luvdisc|81/247\n|-enditem|p1a: Luvdisc|Heavy-Duty Boots|[from] move: Knock Off|[of] p2a: Solgaleo\n|move|p1a: Luvdisc|Substitute|p1a: Luvdisc\n|-start|p1a: Luvdisc|Substitute\n|-damage|p1a: Luvdisc|20/247\n|\n|upkeep\n|turn|35\n|inactive|Time left: 300 sec this turn | 300 sec total\n|\n|t:|1783566008\n|move|p2a: Solgaleo|Earthquake|p1a: Luvdisc\n|-end|p1a: Luvdisc|Substitute\n|move|p1a: Luvdisc|Endeavor|p2a: Solgaleo\n|-damage|p2a: Solgaleo|7/100\n|\n|upkeep\n|turn|36\n|inactive|Time left: 300 sec this turn | 300 sec total\n|\n|t:|1783566009\n|move|p2a: Solgaleo|Sunsteel Strike|p1a: Luvdisc\n|-resisted|p1a: Luvdisc\n|-damage|p1a: Luvdisc|0 fnt\n|faint|p1a: Luvdisc\n|\n|upkeep\n|inactive|Time left: 300 sec this turn | 300 sec total | 5 sec grace\n|\n|t:|1783566010\n|switch|p1a: Chien-Pao|Chien-Pao, L72|234/234\n|-ability|p1a: Chien-Pao|Sword of Ruin\n|turn|37\n|inactive|Time left: 300 sec this turn | 300 sec total\n|\n|t:|1783566011\n|move|p1a: Chien-Pao|Ice Shard|p2a: Solgaleo\n|-resisted|p2a: Solgaleo\n|-damage|p2a: Solgaleo|0 fnt\n|faint|p2a: Solgaleo\n|\n|upkeep\n|\n|t:|1783566011\n|switch|p2a: Dodrio|Dodrio, L85, M|100/100\n|turn|38\n|inactive|Time left: 300 sec this turn | 300 sec total\n|\n|t:|1783566012\n|move|p1a: Chien-Pao|Ice Shard|p2a: Dodrio\n|-supereffective|p2a: Dodrio\n|-damage|p2a: Dodrio|32/100\n|move|p2a: Dodrio|Double-Edge|p1a: Chien-Pao\n|-damage|p1a: Chien-Pao|0 fnt\n|faint|p1a: Chien-Pao\n|-damage|p2a: Dodrio|0 fnt|[from] Recoil\n|faint|p2a: Dodrio\n|\n|win|p0y22405de2", "uploadtime": 1783566012, "views": 0, "rating": 0, "private": 0, "password": null, "_winner": "p0y22405de2", "_our_name": "p0x22401a7d"}