{"id": "battle-gen9randombattle-2391", "formatid": "gen9randombattle", "format": "[Gen 9] Random Battle", "players": ["p0x2391ca45", "p0y2391755c"], "log": "|init|battle\n|title|p0x2391ca45 vs. p0y2391755c\n|j|\u2606p0x2391ca45\n|j|\u2606p0y2391755c\n|t:|1783567738\n|gametype|singles\n|player|p1|p0x2391ca45|2|\n|player|p2|p0y2391755c|101|\n|gen|9\n|tier|[Gen 9] Random Battle\n|rule|Species Clause: Limit one of each Pok\u00e9mon\n|rule|HP Percentage Mod: HP is shown in percentages\n|rule|Sleep Clause Mod: Limit one foe put to sleep\n|rule|Illusion Level Mod: Illusion disguises the Pok\u00e9mon's true level\n|\n|t:|1783567738\n|teamsize|p1|6\n|teamsize|p2|6\n|start\n|switch|p1a: Skarmory|Skarmory, L80, F|235/235\n|switch|p2a: Slaking|Slaking, L84, F|100/100\n|turn|1\n|inactive|Battle timer is ON: inactive players will automatically lose when time's up. (requested by p0y2391755c)\n|inactive|Time left: 300 sec this turn | 300 sec total | 60 sec grace\n|inactive|p0x2391ca45 also wants the timer to be on.\n|\n|t:|1783567740\n|move|p2a: Slaking|Giga Impact|p1a: Skarmory\n|-resisted|p1a: Skarmory\n|-damage|p1a: Skarmory|113/235\n|-mustrecharge|p2a: Slaking\n|-damage|p2a: Slaking|84/100|[from] item: Rocky Helmet|[of] p1a: Skarmory\n|move|p1a: Skarmory|Spikes|p2a: Slaking\n|-sidestart|p2: p0y2391755c|Spikes\n|\n|upkeep\n|turn|2\n|inactive|Time left: 300 sec this turn | 300 sec total\n|\n|t:|1783567741\n|cant|p2a: Slaking|recharge\n|move|p1a: Skarmory|Roost|p1a: Skarmory\n|-heal|p1a: Skarmory|231/235\n|-singleturn|p1a: Skarmory|move: Roost\n|\n|upkeep\n|turn|3\n|inactive|Time left: 300 sec this turn | 300 sec total\n|\n|t:|1783567742\n|move|p2a: Slaking|Giga Impact|p1a: Skarmory\n|-resisted|p1a: Skarmory\n|-damage|p1a: Skarmory|102/235\n|-mustrecharge|p2a: Slaking\n|-damage|p2a: Slaking|68/100|[from] item: Rocky Helmet|[of] p1a: Skarmory\n|move|p1a: Skarmory|Spikes|p2a: Slaking\n|-sidestart|p2: p0y2391755c|Spikes\n|\n|upkeep\n|turn|4\n|inactive|Time left: 300 sec this turn | 300 sec total\n|\n|t:|1783567743\n|cant|p2a: Slaking|recharge\n|move|p1a: Skarmory|Roost|p1a: Skarmory\n|-heal|p1a: Skarmory|220/235\n|-singleturn|p1a: Skarmory|move: Roost\n|\n|upkeep\n|turn|5\n|inactive|Time left: 300 sec this turn | 300 sec total\n|\n|t:|1783567744\n|move|p2a: Slaking|Giga Impact|p1a: Skarmory|[miss]\n|-miss|p2a: Slaking|p1a: Skarmory\n|move|p1a: Skarmory|Roost|p1a: Skarmory\n|-heal|p1a: Skarmory|235/235\n|-singleturn|p1a: Skarmory|move: Roost\n|\n|upkeep\n|turn|6\n|inactive|Time left: 300 sec this turn | 300 sec total\n|\n|t:|1783567745\n|cant|p2a: Slaking|ability: Truant\n|move|p1a: Skarmory|Spikes|p2a: Slaking\n|-sidestart|p2: p0y2391755c|Spikes\n|\n|upkeep\n|turn|7\n|inactive|Time left: 300 sec this turn | 300 sec total\n|\n|t:|1783567745\n|move|p2a: Slaking|Giga Impact|p1a: Skarmory\n|-resisted|p1a: Skarmory\n|-damage|p1a: Skarmory|106/235\n|-mustrecharge|p2a: Slaking\n|-damage|p2a: Slaking|51/100|[from] item: Rocky Helmet|[of] p1a: Skarmory\n|move|p1a: Skarmory|Roost|p1a: Skarmory\n|-heal|p1a: Skarmory|224/235\n|-singleturn|p1a: Skarmory|move: Roost\n|\n|upkeep\n|turn|8\n|inactive|Time left: 300 sec this turn | 300 sec total\n|\n|t:|1783567746\n|cant|p2a: Slaking|recharge\n|move|p1a: Skarmory|Whirlwind|p2a: Slaking\n|drag|p2a: Zamazenta|Zamazenta, L71|100/100\n|-damage|p2a: Zamazenta|75/100|[from] Spikes\n|-ability|p2a: Zamazenta|Dauntless Shield|boost\n|-boost|p2a: Zamazenta|def|1\n|\n|-heal|p2a: Zamazenta|82/100|[from] item: Leftovers\n|upkeep\n|turn|9\n|inactive|Time left: 300 sec this turn | 300 sec total\n|\n|t:|1783567747\n|move|p2a: Zamazenta|Stone Edge|p1a: Skarmory\n|-damage|p1a: Skarmory|181/235\n|move|p1a: Skarmory|Brave Bird|p2a: Zamazenta\n|-supereffective|p2a: Zamazenta\n|-damage|p2a: Zamazenta|31/100\n|-damage|p1a: Skarmory|139/235|[from] Recoil\n|\n|-heal|p2a: Zamazenta|37/100|[from] item: Leftovers\n|upkeep\n|turn|10\n|inactive|Time left: 300 sec this turn | 300 sec total\n|\n|t:|1783567748\n|move|p2a: Zamazenta|Body Press|p1a: Skarmory\n|-damage|p1a: Skarmory|55/235\n|-damage|p2a: Zamazenta|20/100|[from] item: Rocky Helmet|[of] p1a: Skarmory\n|move|p1a: Skarmory|Brave Bird|p2a: Zamazenta\n|-supereffective|p2a: Zamazenta\n|-damage|p2a: Zamazenta|0 fnt\n|faint|p2a: Zamazenta\n|-damage|p1a: Skarmory|39/235|[from] Recoil\n|\n|upkeep\n|\n|t:|1783567750\n|switch|p2a: Alcremie|Alcremie-Ruby-Cream, L90, F|100/100\n|-damage|p2a: Alcremie|76/100|[from] Spikes\n|turn|11\n|inactive|Time left: 300 sec this turn | 300 sec total\n|\n|t:|1783567751\n|switch|p1a: Tinkaton|Tinkaton, L82, F|274/274\n|-ability|p1a: Tinkaton|Mold Breaker\n|move|p2a: Alcremie|Alluring Voice|p1a: Tinkaton\n|-resisted|p1a: Tinkaton\n|-damage|p1a: Tinkaton|221/274\n|\n|-heal|p1a: Tinkaton|238/274|[from] item: Leftovers\n|-heal|p2a: Alcremie|82/100|[from] item: Leftovers\n|upkeep\n|turn|12\n|inactive|Time left: 300 sec this turn | 300 sec total\n|\n|t:|1783567752\n|-terastallize|p2a: Alcremie|Ground\n|move|p1a: Tinkaton|Gigaton Hammer|p2a: Alcremie\n|-damage|p2a: Alcremie|27/100\n|move|p2a: Alcremie|Tera Blast|p1a: Tinkaton|[anim] Tera Blast Ground\n|-supereffective|p1a: Tinkaton\n|-damage|p1a: Tinkaton|46/274\n|\n|-heal|p1a: Tinkaton|63/274|[from] item: Leftovers\n|-heal|p2a: Alcremie|33/100|[from] item: Leftovers\n|upkeep\n|turn|13\n|inactive|Time left: 300 sec this turn | 300 sec total\n|\n|t:|1783567753\n|move|p1a: Tinkaton|Knock Off|p2a: Alcremie\n|-damage|p2a: Alcremie|10/100\n|-enditem|p2a: Alcremie|Leftovers|[from] move: Knock Off|[of] p1a: Tinkaton\n|move|p2a: Alcremie|Tera Blast|p1a: Tinkaton|[anim] Tera Blast Ground\n|-supereffective|p1a: Tinkaton\n|-damage|p1a: Tinkaton|0 fnt\n|faint|p1a: Tinkaton\n|\n|upkeep\n|inactive|Time left: 300 sec this turn | 300 sec total | 5 sec grace\n|\n|t:|1783567753\n|switch|p1a: Mesprit|Mesprit, L85|275/275\n|turn|14\n|inactive|Time left: 300 sec this turn | 300 sec total\n|\n|t:|1783567754\n|move|p1a: Mesprit|Psychic|p2a: Alcremie\n|-damage|p2a: Alcremie|0 fnt\n|faint|p2a: Alcremie\n|-damage|p1a: Mesprit|248/275|[from] item: Life Orb\n|\n|upkeep\n|\n|t:|1783567756\n|switch|p2a: Slaking|Slaking, L84, F|51/100\n|-damage|p2a: Slaking|26/100|[from] Spikes\n|turn|15\n|inactive|Time left: 300 sec this turn | 300 sec total\n|\n|t:|1783567756\n|switch|p1a: Skarmory|Skarmory, L80, F|39/235\n|move|p2a: Slaking|Giga Impact|p1a: Skarmory\n|-resisted|p1a: Skarmory\n|-damage|p1a: Skarmory|0 fnt\n|-mustrecharge|p2a: Slaking\n|-damage|p2a: Slaking|10/100|[from] item: Rocky Helmet|[of] p1a: Skarmory\n|faint|p1a: Skarmory\n|\n|upkeep\n|inactive|Time left: 300 sec this turn | 300 sec total | 5 sec grace\n|\n|t:|1783567757\n|switch|p1a: Jumpluff|Jumpluff, L87, M|271/271\n|turn|16\n|inactive|Time left: 300 sec this turn | 300 sec total\n|\n|t:|1783567758\n|move|p1a: Jumpluff|Leech Seed|p2a: Slaking|[miss]\n|-miss|p1a: Jumpluff|p2a: Slaking\n|cant|p2a: Slaking|recharge\n|\n|upkeep\n|turn|17\n|inactive|Time left: 300 sec this turn | 300 sec total\n|\n|t:|1783567759\n|move|p1a: Jumpluff|Acrobatics|p2a: Slaking\n|-damage|p2a: Slaking|0 fnt\n|faint|p2a: Slaking\n|\n|upkeep\n|\n|t:|1783567760\n|switch|p2a: Farigiraf|Farigiraf, L90, F|100/100\n|-damage|p2a: Farigiraf|76/100|[from] Spikes\n|turn|18\n|inactive|Time left: 300 sec this turn | 300 sec total\n|\n|t:|1783567761\n|switch|p1a: Clawitzer|Clawitzer, L87, F|265/265\n|move|p2a: Farigiraf|Body Slam|p1a: Clawitzer\n|-damage|p1a: Clawitzer|172/265\n|\n|-heal|p2a: Farigiraf|82/100|[from] item: Leftovers\n|upkeep\n|turn|19\n|inactive|Time left: 300 sec this turn | 300 sec total\n|\n|t:|1783567762\n|move|p2a: Farigiraf|Body Slam|p1a: Clawitzer\n|-damage|p1a: Clawitzer|79/265\n|move|p1a: Clawitzer|Dark Pulse|p2a: Farigiraf\n|-supereffective|p2a: Farigiraf\n|-damage|p2a: Farigiraf|0 fnt\n|faint|p2a: Farigiraf\n|\n|upkeep\n|\n|t:|1783567763\n|switch|p2a: Dugtrio|Dugtrio-Alola, L84, M|100/100\n|-damage|p2a: Dugtrio|75/100|[from] Spikes\n|turn|20\n|inactive|Time left: 300 sec this turn | 300 sec total\n|\n|t:|1783567764\n|switch|p1a: Mesprit|Mesprit, L85|248/275\n|move|p2a: Dugtrio|Earthquake|p1a: Mesprit\n|-immune|p1a: Mesprit|[from] ability: Levitate\n|\n|upkeep\n|turn|21\n|inactive|Time left: 300 sec this turn | 300 sec total\n|\n|t:|1783567765\n|move|p2a: Dugtrio|Swords Dance|p2a: Dugtrio\n|-boost|p2a: Dugtrio|atk|2\n|move|p1a: Mesprit|Nasty Plot|p1a: Mesprit\n|-boost|p1a: Mesprit|spa|2\n|\n|upkeep\n|turn|22\n|inactive|Time left: 300 sec this turn | 300 sec total\n|\n|t:|1783567766\n|-terastallize|p1a: Mesprit|Electric\n|move|p2a: Dugtrio|Iron Head|p1a: Mesprit\n|-resisted|p1a: Mesprit\n|-damage|p1a: Mesprit|151/275\n|-damage|p2a: Dugtrio|66/100|[from] item: Life Orb\n|move|p1a: Mesprit|Ice Beam|p2a: Dugtrio\n|-damage|p2a: Dugtrio|0 fnt\n|faint|p2a: Dugtrio\n|-damage|p1a: Mesprit|124/275|[from] item: Life Orb\n|\n|upkeep\n|\n|t:|1783567767\n|switch|p2a: Breloom|Breloom, L83, M|100/100\n|-damage|p2a: Breloom|76/100|[from] Spikes\n|turn|23\n|inactive|Time left: 300 sec this turn | 300 sec total\n|\n|t:|1783567768\n|move|p2a: Breloom|Mach Punch|p1a: Mesprit\n|-damage|p1a: Mesprit|41/275\n|-damage|p2a: Breloom|66/100|[from] item: Life Orb\n|move|p1a: Mesprit|Ice Beam|p2a: Breloom\n|-supereffective|p2a: Breloom\n|-damage|p2a: Breloom|0 fnt\n|faint|p2a: Breloom\n|-damage|p1a: Mesprit|14/275|[from] item: Life Orb\n|\n|win|p0x2391ca45", "uploadtime": 1783567768, "views": 0, "rating": 0, "private": 0, "password": null, "_winner": "p0x2391ca45", "_our_name": "p0x2391ca45"}