{"id": "battle-gen9randombattle-838", "formatid": "gen9randombattle", "format": "[Gen 9] Random Battle", "players": ["p0x8380482", "p0y838bdba"], "log": "|init|battle\n|title|p0x8380482 vs. p0y838bdba\n|j|\u2606p0x8380482\n|j|\u2606p0y838bdba\n|t:|1783548864\n|gametype|singles\n|player|p1|p0x8380482|1|\n|player|p2|p0y838bdba|2|\n|gen|9\n|tier|[Gen 9] Random Battle\n|rule|Species Clause: Limit one of each Pok\u00e9mon\n|rule|HP Percentage Mod: HP is shown in percentages\n|rule|Sleep Clause Mod: Limit one foe put to sleep\n|rule|Illusion Level Mod: Illusion disguises the Pok\u00e9mon's true level\n|\n|t:|1783548864\n|teamsize|p1|6\n|teamsize|p2|6\n|start\n|switch|p1a: Magnezone|Magnezone, L85|258/258\n|switch|p2a: Houndstone|Houndstone, L86, M|100/100\n|turn|1\n|inactive|Battle timer is ON: inactive players will automatically lose when time's up. (requested by p0x8380482)\n|inactive|p0y838bdba also wants the timer to be on.\n|\n|t:|1783548866\n|move|p2a: Houndstone|Poltergeist|p1a: Magnezone\n|-activate|p1a: Magnezone|move: Poltergeist|Assault Vest\n|-damage|p1a: Magnezone|101/258\n|move|p1a: Magnezone|Thunderbolt|p2a: Houndstone\n|-damage|p2a: Houndstone|47/100\n|\n|upkeep\n|turn|2\n|inactive|Time left: 300 sec this turn | 300 sec total\n|\n|t:|1783548867\n|switch|p1a: Maushold|Maushold-Four, L76|238/238\n|move|p2a: Houndstone|Poltergeist|p1a: Maushold\n|-immune|p1a: Maushold\n|\n|upkeep\n|turn|3\n|inactive|Time left: 300 sec this turn | 300 sec total\n|\n|t:|1783548869\n|move|p1a: Maushold|Tidy Up|p1a: Maushold\n|-boost|p1a: Maushold|atk|1\n|-boost|p1a: Maushold|spe|1\n|move|p2a: Houndstone|Poltergeist|p1a: Maushold\n|-immune|p1a: Maushold\n|\n|upkeep\n|turn|4\n|inactive|Time left: 300 sec this turn | 300 sec total\n|\n|t:|1783548870\n|move|p1a: Maushold|Tidy Up|p1a: Maushold\n|-boost|p1a: Maushold|atk|1\n|-boost|p1a: Maushold|spe|1\n|move|p2a: Houndstone|Poltergeist|p1a: Maushold\n|-immune|p1a: Maushold\n|\n|upkeep\n|turn|5\n|inactive|Time left: 300 sec this turn | 300 sec total\n|\n|t:|1783548871\n|move|p1a: Maushold|Population Bomb|p2a: Houndstone\n|-immune|p2a: Houndstone\n|move|p2a: Houndstone|Poltergeist|p1a: Maushold\n|-immune|p1a: Maushold\n|\n|upkeep\n|turn|6\n|inactive|Time left: 300 sec this turn | 300 sec total\n|\n|t:|1783548872\n|move|p1a: Maushold|Population Bomb|p2a: Houndstone\n|-immune|p2a: Houndstone\n|move|p2a: Houndstone|Poltergeist|p1a: Maushold\n|-immune|p1a: Maushold\n|\n|upkeep\n|turn|7\n|inactive|Time left: 300 sec this turn | 300 sec total\n|\n|t:|1783548873\n|move|p1a: Maushold|Population Bomb|p2a: Houndstone\n|-immune|p2a: Houndstone\n|move|p2a: Houndstone|Poltergeist|p1a: Maushold\n|-immune|p1a: Maushold\n|\n|upkeep\n|turn|8\n|inactive|Time left: 300 sec this turn | 300 sec total\n|\n|t:|1783548874\n|move|p1a: Maushold|Bite|p2a: Houndstone\n|-supereffective|p2a: Houndstone\n|-crit|p2a: Houndstone\n|-damage|p2a: Houndstone|4/100\n|cant|p2a: Houndstone|flinch\n|\n|upkeep\n|turn|9\n|inactive|Time left: 300 sec this turn | 300 sec total\n|\n|t:|1783548875\n|move|p1a: Maushold|Bite|p2a: Houndstone\n|-supereffective|p2a: Houndstone\n|-damage|p2a: Houndstone|0 fnt\n|faint|p2a: Houndstone\n|\n|upkeep\n|\n|t:|1783548876\n|switch|p2a: Diancie|Diancie, L82|100/100\n|turn|10\n|inactive|Time left: 300 sec this turn | 300 sec total\n|\n|t:|1783548877\n|move|p1a: Maushold|Population Bomb|p2a: Diancie\n|-resisted|p2a: Diancie\n|-damage|p2a: Diancie|94/100\n|-resisted|p2a: Diancie\n|-damage|p2a: Diancie|86/100\n|-resisted|p2a: Diancie\n|-damage|p2a: Diancie|80/100\n|-resisted|p2a: Diancie\n|-damage|p2a: Diancie|73/100\n|-resisted|p2a: Diancie\n|-damage|p2a: Diancie|66/100\n|-resisted|p2a: Diancie\n|-damage|p2a: Diancie|60/100\n|-resisted|p2a: Diancie\n|-damage|p2a: Diancie|53/100\n|-resisted|p2a: Diancie\n|-damage|p2a: Diancie|47/100\n|-resisted|p2a: Diancie\n|-damage|p2a: Diancie|40/100\n|-resisted|p2a: Diancie\n|-damage|p2a: Diancie|34/100\n|-hitcount|p2a: Diancie|10\n|move|p2a: Diancie|Diamond Storm|p1a: Maushold\n|-damage|p1a: Maushold|112/238\n|\n|-heal|p2a: Diancie|40/100|[from] item: Leftovers\n|upkeep\n|turn|11\n|inactive|Time left: 300 sec this turn | 300 sec total\n|\n|t:|1783548878\n|move|p1a: Maushold|Population Bomb|p2a: Diancie\n|-resisted|p2a: Diancie\n|-damage|p2a: Diancie|33/100\n|-resisted|p2a: Diancie\n|-damage|p2a: Diancie|26/100\n|-resisted|p2a: Diancie\n|-damage|p2a: Diancie|19/100\n|-resisted|p2a: Diancie\n|-damage|p2a: Diancie|13/100\n|-resisted|p2a: Diancie\n|-damage|p2a: Diancie|6/100\n|-resisted|p2a: Diancie\n|-damage|p2a: Diancie|0 fnt\n|faint|p2a: Diancie\n|-hitcount|p2: Diancie|6\n|\n|upkeep\n|\n|t:|1783548879\n|switch|p2a: Crawdaunt|Crawdaunt, L84, M|100/100\n|turn|12\n|inactive|Time left: 300 sec this turn | 300 sec total\n|\n|t:|1783548880\n|move|p2a: Crawdaunt|Aqua Jet|p1a: Maushold\n|-damage|p1a: Maushold|0 fnt\n|faint|p1a: Maushold\n|\n|upkeep\n|inactive|Time left: 300 sec this turn | 300 sec total | 5 sec grace\n|\n|t:|1783548881\n|switch|p1a: Araquanid|Araquanid, L82, F|246/246\n|turn|13\n|inactive|Time left: 300 sec this turn | 300 sec total\n|\n|t:|1783548882\n|move|p2a: Crawdaunt|Aqua Jet|p1a: Araquanid\n|-resisted|p1a: Araquanid\n|-damage|p1a: Araquanid|198/246\n|move|p1a: Araquanid|Sticky Web|p2a: Crawdaunt\n|-sidestart|p2: p0y838bdba|move: Sticky Web\n|\n|upkeep\n|turn|14\n|inactive|Time left: 300 sec this turn | 300 sec total\n|\n|t:|1783548883\n|move|p2a: Crawdaunt|Aqua Jet|p1a: Araquanid\n|-resisted|p1a: Araquanid\n|-damage|p1a: Araquanid|150/246\n|move|p1a: Araquanid|Liquidation|p2a: Crawdaunt\n|-resisted|p2a: Crawdaunt\n|-damage|p2a: Crawdaunt|71/100\n|\n|upkeep\n|turn|15\n|inactive|Time left: 300 sec this turn | 300 sec total\n|\n|t:|1783548884\n|switch|p2a: Overqwil|Overqwil, L82, M|100/100\n|-activate|p2a: Overqwil|move: Sticky Web\n|-unboost|p2a: Overqwil|spe|1\n|-ability|p2a: Overqwil|Intimidate|boost\n|-unboost|p1a: Araquanid|atk|1\n|move|p1a: Araquanid|Leech Life|p2a: Overqwil\n|-damage|p2a: Overqwil|86/100\n|-heal|p1a: Araquanid|170/246|[from] drain|[of] p2a: Overqwil\n|\n|upkeep\n|turn|16\n|inactive|Time left: 300 sec this turn | 300 sec total\n|\n|t:|1783548885\n|switch|p1a: Magnezone|Magnezone, L85|101/258\n|move|p2a: Overqwil|Swords Dance|p2a: Overqwil\n|-boost|p2a: Overqwil|atk|2\n|\n|upkeep\n|turn|17\n|inactive|Time left: 300 sec this turn | 300 sec total\n|\n|t:|1783548886\n|move|p1a: Magnezone|Thunderbolt|p2a: Overqwil\n|-damage|p2a: Overqwil|33/100\n|move|p2a: Overqwil|Crunch|p1a: Magnezone\n|-damage|p1a: Magnezone|0 fnt\n|faint|p1a: Magnezone\n|-damage|p2a: Overqwil|23/100|[from] item: Life Orb\n|\n|upkeep\n|inactive|Time left: 300 sec this turn | 300 sec total | 5 sec grace\n|\n|t:|1783548887\n|switch|p1a: Flygon|Flygon, L82, M|265/265\n|turn|18\n|inactive|Time left: 300 sec this turn | 300 sec total\n|\n|t:|1783548888\n|move|p1a: Flygon|Outrage|p2a: Overqwil\n|-damage|p2a: Overqwil|0 fnt\n|faint|p2a: Overqwil\n|\n|upkeep\n|\n|t:|1783548889\n|switch|p2a: Inteleon|Inteleon, L81, M|100/100\n|-activate|p2a: Inteleon|move: Sticky Web\n|-unboost|p2a: Inteleon|spe|1\n|turn|19\n|inactive|Time left: 300 sec this turn | 300 sec total\n|\n|t:|1783548890\n|move|p1a: Flygon|Outrage|p2a: Inteleon|[from] lockedmove\n|-damage|p2a: Inteleon|36/100\n|-start|p1a: Flygon|confusion|[fatigue]\n|-enditem|p1a: Flygon|Lum Berry|[eat]\n|-end|p1a: Flygon|confusion\n|move|p2a: Inteleon|Ice Beam|p1a: Flygon\n|-supereffective|p1a: Flygon\n|-damage|p1a: Flygon|0 fnt\n|faint|p1a: Flygon\n|\n|upkeep\n|inactive|Time left: 300 sec this turn | 300 sec total | 5 sec grace\n|\n|t:|1783548891\n|switch|p1a: Orthworm|Orthworm, L88, F|266/266\n|turn|20\n|inactive|Time left: 300 sec this turn | 300 sec total\n|\n|t:|1783548892\n|move|p1a: Orthworm|Body Press|p2a: Inteleon\n|-damage|p2a: Inteleon|0 fnt\n|faint|p2a: Inteleon\n|\n|upkeep\n|\n|t:|1783548892\n|switch|p2a: Crawdaunt|Crawdaunt, L84, M|71/100\n|-activate|p2a: Crawdaunt|move: Sticky Web\n|-unboost|p2a: Crawdaunt|spe|1\n|turn|21\n|inactive|Time left: 300 sec this turn | 300 sec total\n|\n|t:|1783548893\n|move|p1a: Orthworm|Body Press|p2a: Crawdaunt\n|-supereffective|p2a: Crawdaunt\n|-damage|p2a: Crawdaunt|0 fnt\n|faint|p2a: Crawdaunt\n|\n|upkeep\n|\n|t:|1783548894\n|switch|p2a: Volcarona|Volcarona, L77, M|100/100\n|turn|22\n|inactive|Time left: 300 sec this turn | 300 sec total\n|\n|t:|1783548895\n|switch|p1a: Araquanid|Araquanid, L82, F|170/246\n|move|p2a: Volcarona|Fire Blast|p1a: Araquanid\n|-damage|p1a: Araquanid|125/246\n|\n|upkeep\n|turn|23\n|inactive|Time left: 300 sec this turn | 300 sec total\n|\n|t:|1783548896\n|-terastallize|p2a: Volcarona|Ground\n|move|p2a: Volcarona|Giga Drain|p1a: Araquanid\n|-damage|p1a: Araquanid|85/246\n|move|p1a: Araquanid|Liquidation|p2a: Volcarona\n|-supereffective|p2a: Volcarona\n|-damage|p2a: Volcarona|0 fnt\n|faint|p2a: Volcarona\n|\n|win|p0x8380482", "uploadtime": 1783548896, "views": 0, "rating": 0, "private": 0, "password": null, "_winner": "p0x8380482", "_our_name": "p0x8380482"}