{"id": "battle-gen9randombattle-2085", "formatid": "gen9randombattle", "format": "[Gen 9] Random Battle", "players": ["p0x2085eb78", "p0y2085737c"], "log": "|init|battle\n|title|p0x2085eb78 vs. p0y2085737c\n|j|\u2606p0x2085eb78\n|j|\u2606p0y2085737c\n|t:|1783563348\n|gametype|singles\n|player|p1|p0x2085eb78|265|\n|player|p2|p0y2085737c|170|\n|gen|9\n|tier|[Gen 9] Random Battle\n|rule|Species Clause: Limit one of each Pok\u00e9mon\n|rule|HP Percentage Mod: HP is shown in percentages\n|rule|Sleep Clause Mod: Limit one foe put to sleep\n|rule|Illusion Level Mod: Illusion disguises the Pok\u00e9mon's true level\n|\n|t:|1783563348\n|teamsize|p1|6\n|teamsize|p2|6\n|start\n|switch|p1a: Hydrapple|Hydrapple, L83, F|312/312\n|switch|p2a: Cyclizar|Cyclizar, L84, M|100/100\n|turn|1\n|inactive|Battle timer is ON: inactive players will automatically lose when time's up. (requested by p0x2085eb78)\n|inactive|p0y2085737c also wants the timer to be on.\n|\n|t:|1783563350\n|move|p2a: Cyclizar|Shed Tail|p2a: Cyclizar\n|-start|p2a: Cyclizar|Substitute|[from] move: Shed Tail\n|-damage|p2a: Cyclizar|50/100\n|\n|t:|1783563351\n|switch|p2a: Kingambit|Kingambit, L74, F|100/100|[from] Shed Tail\n|move|p1a: Hydrapple|Fickle Beam|p2a: Kingambit\n|-resisted|p2a: Kingambit\n|-activate|p2a: Kingambit|move: Substitute|[damage]\n|\n|upkeep\n|turn|2\n|inactive|Time left: 300 sec this turn | 300 sec total\n|\n|t:|1783563352\n|move|p1a: Hydrapple|Earth Power|p2a: Kingambit\n|-supereffective|p2a: Kingambit\n|-end|p2a: Kingambit|Substitute\n|move|p2a: Kingambit|Swords Dance|p2a: Kingambit\n|-boost|p2a: Kingambit|atk|2\n|\n|upkeep\n|turn|3\n|inactive|Time left: 300 sec this turn | 300 sec total\n|\n|t:|1783563353\n|move|p2a: Kingambit|Kowtow Cleave|p1a: Hydrapple\n|-damage|p1a: Hydrapple|150/312\n|move|p1a: Hydrapple|Dragon Tail|p2a: Kingambit\n|-resisted|p2a: Kingambit\n|-damage|p2a: Kingambit|91/100\n|-end|p2a: Kingambit|fallenundefined|[silent]\n|drag|p2a: Arboliva|Arboliva, L91, M|100/100\n|\n|upkeep\n|turn|4\n|inactive|Time left: 300 sec this turn | 300 sec total\n|\n|t:|1783563355\n|move|p2a: Arboliva|Hyper Voice|p1a: Hydrapple\n|-damage|p1a: Hydrapple|51/312\n|move|p1a: Hydrapple|Fickle Beam|p2a: Arboliva\n|-crit|p2a: Arboliva\n|-damage|p2a: Arboliva|62/100\n|\n|upkeep\n|turn|5\n|inactive|Time left: 300 sec this turn | 300 sec total\n|\n|t:|1783563356\n|switch|p1a: Gogoat|Gogoat, L88, M|360/360\n|move|p2a: Arboliva|Hyper Voice|p1a: Gogoat\n|-damage|p1a: Gogoat|230/360\n|\n|-heal|p1a: Gogoat|252/360|[from] item: Leftovers\n|upkeep\n|turn|6\n|inactive|Time left: 300 sec this turn | 300 sec total\n|\n|t:|1783563357\n|move|p1a: Gogoat|Bulk Up|p1a: Gogoat\n|-boost|p1a: Gogoat|atk|1\n|-boost|p1a: Gogoat|def|1\n|move|p2a: Arboliva|Hyper Voice|p1a: Gogoat\n|-damage|p1a: Gogoat|114/360\n|\n|-heal|p1a: Gogoat|136/360|[from] item: Leftovers\n|upkeep\n|turn|7\n|inactive|Time left: 300 sec this turn | 300 sec total\n|\n|t:|1783563357\n|move|p1a: Gogoat|Milk Drink|p1a: Gogoat\n|-heal|p1a: Gogoat|316/360\n|move|p2a: Arboliva|Hyper Voice|p1a: Gogoat\n|-damage|p1a: Gogoat|174/360\n|\n|-heal|p1a: Gogoat|196/360|[from] item: Leftovers\n|upkeep\n|turn|8\n|inactive|Time left: 300 sec this turn | 300 sec total\n|\n|t:|1783563358\n|move|p1a: Gogoat|Milk Drink|p1a: Gogoat\n|-heal|p1a: Gogoat|360/360\n|move|p2a: Arboliva|Hyper Voice|p1a: Gogoat\n|-damage|p1a: Gogoat|230/360\n|\n|-heal|p1a: Gogoat|252/360|[from] item: Leftovers\n|upkeep\n|turn|9\n|inactive|Time left: 300 sec this turn | 300 sec total\n|\n|t:|1783563359\n|move|p1a: Gogoat|Bulk Up|p1a: Gogoat\n|-boost|p1a: Gogoat|atk|1\n|-boost|p1a: Gogoat|def|1\n|move|p2a: Arboliva|Hyper Voice|p1a: Gogoat\n|-damage|p1a: Gogoat|104/360\n|\n|-heal|p1a: Gogoat|126/360|[from] item: Leftovers\n|upkeep\n|turn|10\n|inactive|Time left: 300 sec this turn | 300 sec total\n|\n|t:|1783563360\n|move|p1a: Gogoat|Milk Drink|p1a: Gogoat\n|-heal|p1a: Gogoat|306/360\n|move|p2a: Arboliva|Hyper Voice|p1a: Gogoat\n|-damage|p1a: Gogoat|168/360\n|\n|-heal|p1a: Gogoat|190/360|[from] item: Leftovers\n|upkeep\n|turn|11\n|inactive|Time left: 300 sec this turn | 300 sec total\n|\n|t:|1783563361\n|move|p1a: Gogoat|Milk Drink|p1a: Gogoat\n|-heal|p1a: Gogoat|360/360\n|move|p2a: Arboliva|Hyper Voice|p1a: Gogoat\n|-damage|p1a: Gogoat|215/360\n|\n|-heal|p1a: Gogoat|237/360|[from] item: Leftovers\n|upkeep\n|turn|12\n|inactive|Time left: 300 sec this turn | 300 sec total\n|\n|t:|1783563361\n|move|p1a: Gogoat|Horn Leech|p2a: Arboliva\n|-resisted|p2a: Arboliva\n|-damage|p2a: Arboliva|32/100\n|-heal|p1a: Gogoat|281/360|[from] drain|[of] p2a: Arboliva\n|-enditem|p2a: Arboliva|Sitrus Berry|[eat]\n|-heal|p2a: Arboliva|57/100|[from] item: Sitrus Berry\n|move|p2a: Arboliva|Hyper Voice|p1a: Gogoat\n|-damage|p1a: Gogoat|152/360\n|\n|-heal|p1a: Gogoat|174/360|[from] item: Leftovers\n|upkeep\n|turn|13\n|inactive|Time left: 300 sec this turn | 300 sec total\n|\n|t:|1783563362\n|move|p1a: Gogoat|Milk Drink|p1a: Gogoat\n|-heal|p1a: Gogoat|354/360\n|move|p2a: Arboliva|Hyper Voice|p1a: Gogoat\n|-damage|p1a: Gogoat|222/360\n|\n|-heal|p1a: Gogoat|244/360|[from] item: Leftovers\n|upkeep\n|turn|14\n|inactive|Time left: 300 sec this turn | 300 sec total\n|\n|t:|1783563363\n|move|p1a: Gogoat|Horn Leech|p2a: Arboliva\n|-resisted|p2a: Arboliva\n|-crit|p2a: Arboliva\n|-damage|p2a: Arboliva|15/100\n|-heal|p1a: Gogoat|304/360|[from] drain|[of] p2a: Arboliva\n|move|p2a: Arboliva|Hyper Voice|p1a: Gogoat\n|-damage|p1a: Gogoat|166/360\n|\n|-heal|p1a: Gogoat|188/360|[from] item: Leftovers\n|upkeep\n|turn|15\n|inactive|Time left: 300 sec this turn | 300 sec total\n|\n|t:|1783563364\n|move|p2a: Arboliva|Protect|p2a: Arboliva\n|-singleturn|p2a: Arboliva|Protect\n|move|p1a: Gogoat|Horn Leech|p2a: Arboliva\n|-activate|p2a: Arboliva|move: Protect\n|\n|-heal|p1a: Gogoat|210/360|[from] item: Leftovers\n|upkeep\n|turn|16\n|inactive|Time left: 300 sec this turn | 300 sec total\n|\n|t:|1783563365\n|move|p2a: Arboliva|Protect|p2a: Arboliva\n|-singleturn|p2a: Arboliva|Protect\n|move|p1a: Gogoat|Earthquake|p2a: Arboliva\n|-activate|p2a: Arboliva|move: Protect\n|\n|-heal|p1a: Gogoat|232/360|[from] item: Leftovers\n|-item|p2a: Arboliva|Sitrus Berry|[from] ability: Harvest\n|upkeep\n|-enditem|p2a: Arboliva|Sitrus Berry|[eat]\n|-heal|p2a: Arboliva|40/100|[from] item: Sitrus Berry\n|turn|17\n|inactive|Time left: 300 sec this turn | 300 sec total\n|\n|t:|1783563366\n|move|p1a: Gogoat|Horn Leech|p2a: Arboliva\n|-resisted|p2a: Arboliva\n|-damage|p2a: Arboliva|13/100\n|-heal|p1a: Gogoat|272/360|[from] drain|[of] p2a: Arboliva\n|move|p2a: Arboliva|Hyper Voice|p1a: Gogoat\n|-damage|p1a: Gogoat|128/360\n|\n|-heal|p1a: Gogoat|150/360|[from] item: Leftovers\n|upkeep\n|turn|18\n|inactive|Time left: 300 sec this turn | 300 sec total\n|\n|t:|1783563367\n|move|p1a: Gogoat|Horn Leech|p2a: Arboliva\n|-resisted|p2a: Arboliva\n|-damage|p2a: Arboliva|0 fnt\n|-heal|p1a: Gogoat|168/360|[from] drain|[of] p2a: Arboliva\n|faint|p2a: Arboliva\n|\n|-heal|p1a: Gogoat|190/360|[from] item: Leftovers\n|upkeep\n|\n|t:|1783563368\n|switch|p2a: Venomoth|Venomoth, L84, F|100/100\n|turn|19\n|inactive|Time left: 300 sec this turn | 300 sec total\n|\n|t:|1783563369\n|-terastallize|p1a: Gogoat|Water\n|move|p2a: Venomoth|Sludge Wave|p1a: Gogoat\n|-damage|p1a: Gogoat|87/360\n|-status|p1a: Gogoat|psn\n|move|p1a: Gogoat|Earthquake|p2a: Venomoth\n|-damage|p2a: Venomoth|21/100\n|\n|-heal|p1a: Gogoat|109/360 psn|[from] item: Leftovers\n|-damage|p1a: Gogoat|64/360 psn|[from] psn\n|upkeep\n|turn|20\n|inactive|Time left: 300 sec this turn | 300 sec total\n|\n|t:|1783563370\n|move|p2a: Venomoth|Sludge Wave|p1a: Gogoat\n|-damage|p1a: Gogoat|0 fnt\n|faint|p1a: Gogoat\n|\n|upkeep\n|inactive|Time left: 300 sec this turn | 300 sec total | 5 sec grace\n|\n|t:|1783563371\n|switch|p1a: Flutter Mane|Flutter Mane, L74|203/203\n|turn|21\n|inactive|Time left: 300 sec this turn | 300 sec total\n|\n|t:|1783563372\n|move|p1a: Flutter Mane|Moonblast|p2a: Venomoth\n|-resisted|p2a: Venomoth\n|-damage|p2a: Venomoth|0 fnt\n|faint|p2a: Venomoth\n|\n|upkeep\n|\n|t:|1783563373\n|switch|p2a: Kingambit|Kingambit, L74, F|91/100\n|-activate|p2a: Kingambit|ability: Supreme Overlord\n|-start|p2a: Kingambit|fallen2|[silent]\n|turn|22\n|inactive|Time left: 300 sec this turn | 300 sec total\n|\n|t:|1783563374\n|move|p1a: Flutter Mane|Moonblast|p2a: Kingambit\n|-damage|p2a: Kingambit|24/100\n|move|p2a: Kingambit|Iron Head|p1a: Flutter Mane\n|-supereffective|p1a: Flutter Mane\n|-damage|p1a: Flutter Mane|0 fnt\n|faint|p1a: Flutter Mane\n|-end|p1a: Flutter Mane|Protosynthesis|[silent]\n|\n|-heal|p2a: Kingambit|30/100|[from] item: Leftovers\n|upkeep\n|inactive|Time left: 300 sec this turn | 300 sec total | 5 sec grace\n|\n|t:|1783563375\n|switch|p1a: Alcremie|Alcremie-Ruby-Cream, L90, F|263/263\n|turn|23\n|inactive|Time left: 300 sec this turn | 300 sec total\n|\n|t:|1783563376\n|-end|p2a: Kingambit|fallen2|[silent]\n|switch|p2a: Dachsbun|Dachsbun, L92, M|100/100\n|move|p1a: Alcremie|Alluring Voice|p2a: Dachsbun\n|-damage|p2a: Dachsbun|62/100\n|\n|-heal|p2a: Dachsbun|67/100|[from] item: Leftovers\n|upkeep\n|turn|24\n|inactive|Time left: 300 sec this turn | 300 sec total\n|\n|t:|1783563377\n|move|p2a: Dachsbun|Yawn|p1a: Alcremie\n|-start|p1a: Alcremie|move: Yawn|[of] p2a: Dachsbun\n|move|p1a: Alcremie|Alluring Voice|p2a: Dachsbun\n|-damage|p2a: Dachsbun|23/100\n|\n|-heal|p2a: Dachsbun|29/100|[from] item: Leftovers\n|upkeep\n|turn|25\n|inactive|Time left: 300 sec this turn | 300 sec total\n|\n|t:|1783563378\n|move|p2a: Dachsbun|Wish|p2a: Dachsbun\n|move|p1a: Alcremie|Alluring Voice|p2a: Dachsbun\n|-damage|p2a: Dachsbun|0 fnt\n|faint|p2a: Dachsbun\n|\n|-end|p1a: Alcremie|move: Yawn|[silent]\n|-status|p1a: Alcremie|slp\n|upkeep\n|\n|t:|1783563379\n|switch|p2a: Kingambit|Kingambit, L74, F|30/100\n|-activate|p2a: Kingambit|ability: Supreme Overlord\n|-start|p2a: Kingambit|fallen3|[silent]\n|turn|26\n|inactive|Time left: 300 sec this turn | 300 sec total\n|\n|t:|1783563380\n|switch|p1a: Hydrapple|Hydrapple, L83, F|155/312\n|move|p2a: Kingambit|Swords Dance|p2a: Kingambit\n|-boost|p2a: Kingambit|atk|2\n|\n|-heal|p2a: Kingambit|77/100|[from] move: Wish|[wisher] Dachsbun\n|-heal|p2a: Kingambit|83/100|[from] item: Leftovers\n|upkeep\n|turn|27\n|inactive|Time left: 300 sec this turn | 300 sec total\n|\n|t:|1783563381\n|move|p1a: Hydrapple|Earth Power|p2a: Kingambit\n|-supereffective|p2a: Kingambit\n|-damage|p2a: Kingambit|24/100\n|move|p2a: Kingambit|Kowtow Cleave|p1a: Hydrapple\n|-damage|p1a: Hydrapple|0 fnt\n|faint|p1a: Hydrapple\n|\n|-heal|p2a: Kingambit|30/100|[from] item: Leftovers\n|upkeep\n|inactive|Time left: 300 sec this turn | 300 sec total | 5 sec grace\n|\n|t:|1783563382\n|switch|p1a: Swanna|Swanna, L89, M|278/278\n|turn|28\n|inactive|Time left: 300 sec this turn | 300 sec total\n|\n|t:|1783563383\n|move|p2a: Kingambit|Sucker Punch|p1a: Swanna\n|-damage|p1a: Swanna|32/278\n|move|p1a: Swanna|Hydro Pump|p2a: Kingambit\n|-damage|p2a: Kingambit|0 fnt\n|faint|p2a: Kingambit\n|-end|p2a: Kingambit|fallen3|[silent]\n|\n|upkeep\n|\n|t:|1783563384\n|switch|p2a: Cyclizar|Cyclizar, L84, M|84/100\n|turn|29\n|inactive|Time left: 300 sec this turn | 300 sec total\n|\n|t:|1783563385\n|switch|p1a: Hypno|Hypno, L95, F|315/315\n|move|p2a: Cyclizar|Rapid Spin|p1a: Hypno\n|-damage|p1a: Hypno|255/315\n|-boost|p2a: Cyclizar|spe|1\n|\n|-heal|p1a: Hypno|274/315|[from] item: Leftovers\n|upkeep\n|turn|30\n|inactive|Time left: 300 sec this turn | 300 sec total\n|\n|t:|1783563386\n|move|p2a: Cyclizar|Knock Off|p1a: Hypno\n|-supereffective|p1a: Hypno\n|-damage|p1a: Hypno|142/315\n|-enditem|p1a: Hypno|Leftovers|[from] move: Knock Off|[of] p2a: Cyclizar\n|move|p1a: Hypno|Focus Blast|p2a: Cyclizar\n|-supereffective|p2a: Cyclizar\n|-damage|p2a: Cyclizar|0 fnt\n|faint|p2a: Cyclizar\n|\n|upkeep\n|\n|t:|1783563387\n|switch|p2a: Hitmonlee|Hitmonlee, L85, M|100/100\n|turn|31\n|inactive|Time left: 300 sec this turn | 300 sec total\n|\n|t:|1783563388\n|move|p2a: Hitmonlee|Poison Jab|p1a: Hypno\n|-damage|p1a: Hypno|72/315\n|move|p1a: Hypno|Psychic Noise|p2a: Hitmonlee\n|-supereffective|p2a: Hitmonlee\n|-damage|p2a: Hitmonlee|42/100\n|-start|p2a: Hitmonlee|move: Heal Block\n|\n|upkeep\n|turn|32\n|inactive|Time left: 300 sec this turn | 300 sec total\n|\n|t:|1783563389\n|move|p2a: Hitmonlee|Poison Jab|p1a: Hypno\n|-damage|p1a: Hypno|0 fnt\n|faint|p1a: Hypno\n|\n|-end|p2a: Hitmonlee|move: Heal Block\n|upkeep\n|inactive|Time left: 300 sec this turn | 300 sec total | 5 sec grace\n|\n|t:|1783563390\n|switch|p1a: Swanna|Swanna, L89, M|32/278\n|turn|33\n|inactive|Time left: 300 sec this turn | 300 sec total\n|\n|t:|1783563391\n|-terastallize|p2a: Hitmonlee|Poison\n|move|p1a: Swanna|Brave Bird|p2a: Hitmonlee\n|-damage|p2a: Hitmonlee|0 fnt\n|faint|p2a: Hitmonlee\n|-damage|p1a: Swanna|2/278|[from] Recoil\n|\n|win|p0x2085eb78", "uploadtime": 1783563391, "views": 0, "rating": 0, "private": 0, "password": null, "_winner": "p0x2085eb78", "_our_name": "p0x2085eb78"}