{"id": "battle-gen9randombattle-2820", "formatid": "gen9randombattle", "format": "[Gen 9] Random Battle", "players": ["p0x2820ab27", "p0y282063e1"], "log": "|init|battle\n|title|p0x2820ab27 vs. p0y282063e1\n|j|\u2606p0x2820ab27\n|j|\u2606p0y282063e1\n|t:|1783571516\n|gametype|singles\n|player|p1|p0x2820ab27|102|\n|player|p2|p0y282063e1|265|\n|gen|9\n|tier|[Gen 9] Random Battle\n|rule|Species Clause: Limit one of each Pok\u00e9mon\n|rule|HP Percentage Mod: HP is shown in percentages\n|rule|Sleep Clause Mod: Limit one foe put to sleep\n|rule|Illusion Level Mod: Illusion disguises the Pok\u00e9mon's true level\n|\n|t:|1783571516\n|teamsize|p1|6\n|teamsize|p2|6\n|start\n|switch|p1a: Zapdos|Zapdos-Galar, L77|265/265\n|switch|p2a: Rhyperior|Rhyperior, L82, M|100/100\n|turn|1\n|inactive|Battle timer is ON: inactive players will automatically lose when time's up. (requested by p0x2820ab27)\n|\n|t:|1783571517\n|move|p1a: Zapdos|Bulk Up|p1a: Zapdos\n|-boost|p1a: Zapdos|atk|1\n|-boost|p1a: Zapdos|def|1\n|move|p2a: Rhyperior|Stone Edge|p1a: Zapdos\n|-damage|p1a: Zapdos|175/265\n|\n|upkeep\n|turn|2\n|inactive|Time left: 300 sec this turn | 300 sec total\n|inactive|p0y282063e1 also wants the timer to be on.\n|\n|t:|1783571519\n|move|p1a: Zapdos|Bulk Up|p1a: Zapdos\n|-boost|p1a: Zapdos|atk|1\n|-boost|p1a: Zapdos|def|1\n|move|p2a: Rhyperior|Stone Edge|p1a: Zapdos\n|-damage|p1a: Zapdos|103/265\n|\n|upkeep\n|turn|3\n|inactive|Time left: 300 sec this turn | 300 sec total\n|\n|t:|1783571519\n|switch|p2a: Latios|Latios, L78, M|100/100\n|move|p1a: Zapdos|Close Combat|p2a: Latios\n|-resisted|p2a: Latios\n|-damage|p2a: Latios|19/100\n|-unboost|p1a: Zapdos|def|1\n|-unboost|p1a: Zapdos|spd|1\n|-damage|p1a: Zapdos|77/265|[from] item: Life Orb\n|\n|upkeep\n|turn|4\n|inactive|Time left: 300 sec this turn | 300 sec total\n|\n|t:|1783571521\n|switch|p1a: Overqwil|Overqwil, L82, M|274/274\n|-ability|p1a: Overqwil|Intimidate|boost\n|-unboost|p2a: Latios|atk|1\n|move|p2a: Latios|Luster Purge|p1a: Overqwil\n|-immune|p1a: Overqwil\n|\n|upkeep\n|turn|5\n|inactive|Time left: 300 sec this turn | 300 sec total\n|\n|t:|1783571521\n|switch|p2a: Rhyperior|Rhyperior, L82, M|100/100\n|move|p1a: Overqwil|Liquidation|p2a: Rhyperior\n|-supereffective|p2a: Rhyperior\n|-damage|p2a: Rhyperior|32/100\n|-enditem|p2a: Rhyperior|Weakness Policy\n|-boost|p2a: Rhyperior|atk|2|[from] item: Weakness Policy\n|-boost|p2a: Rhyperior|spa|2|[from] item: Weakness Policy\n|\n|upkeep\n|turn|6\n|inactive|Time left: 300 sec this turn | 300 sec total\n|\n|t:|1783571522\n|switch|p2a: Zarude|Zarude, L77|100/100\n|move|p1a: Overqwil|Liquidation|p2a: Zarude\n|-resisted|p2a: Zarude\n|-damage|p2a: Zarude|85/100\n|\n|-heal|p2a: Zarude|91/100|[from] item: Leftovers\n|upkeep\n|turn|7\n|inactive|Time left: 300 sec this turn | 300 sec total\n|\n|t:|1783571523\n|switch|p1a: Typhlosion|Typhlosion, L84, F|267/267\n|move|p2a: Zarude|Swords Dance|p2a: Zarude\n|-boost|p2a: Zarude|atk|2\n|\n|-heal|p2a: Zarude|97/100|[from] item: Leftovers\n|upkeep\n|turn|8\n|inactive|Time left: 300 sec this turn | 300 sec total\n|\n|t:|1783571524\n|switch|p2a: Flareon|Flareon, L90, F|100/100\n|move|p1a: Typhlosion|Eruption|p2a: Flareon\n|-resisted|p2a: Flareon\n|-damage|p2a: Flareon|63/100\n|\n|-status|p2a: Flareon|tox|[from] item: Toxic Orb\n|upkeep\n|turn|9\n|inactive|Time left: 300 sec this turn | 300 sec total\n|\n|t:|1783571525\n|move|p1a: Typhlosion|Eruption|p2a: Flareon\n|-resisted|p2a: Flareon\n|-damage|p2a: Flareon|24/100 tox\n|move|p2a: Flareon|Facade|p1a: Typhlosion\n|-damage|p1a: Typhlosion|48/267\n|\n|-damage|p2a: Flareon|18/100 tox|[from] psn\n|upkeep\n|turn|10\n|inactive|Time left: 300 sec this turn | 300 sec total\n|\n|t:|1783571526\n|move|p1a: Typhlosion|Eruption|p2a: Flareon\n|-resisted|p2a: Flareon\n|-damage|p2a: Flareon|7/100 tox\n|move|p2a: Flareon|Facade|p1a: Typhlosion\n|-damage|p1a: Typhlosion|0 fnt\n|faint|p1a: Typhlosion\n|\n|-damage|p2a: Flareon|0 fnt|[from] psn\n|faint|p2a: Flareon\n|upkeep\n|inactive|Time left: 300 sec this turn | 300 sec total | 5 sec grace\n|\n|t:|1783571527\n|switch|p1a: Girafarig|Girafarig, L89, F|269/269\n|switch|p2a: Keldeo|Keldeo-Resolute, L79|100/100\n|turn|11\n|inactive|Time left: 300 sec this turn | 300 sec total\n|\n|t:|1783571528\n|move|p2a: Keldeo|Hydro Pump|p1a: Girafarig\n|-damage|p1a: Girafarig|158/269\n|move|p1a: Girafarig|Psyshock|p2a: Keldeo\n|-supereffective|p2a: Keldeo\n|-damage|p2a: Keldeo|36/100\n|\n|upkeep\n|turn|12\n|inactive|Time left: 300 sec this turn | 300 sec total\n|\n|t:|1783571529\n|switch|p2a: Zarude|Zarude, L77|97/100\n|move|p1a: Girafarig|Psyshock|p2a: Zarude\n|-immune|p2a: Zarude\n|\n|-heal|p2a: Zarude|100/100|[from] item: Leftovers\n|upkeep\n|turn|13\n|inactive|Time left: 300 sec this turn | 300 sec total\n|\n|t:|1783571530\n|switch|p1a: Overqwil|Overqwil, L82, M|274/274\n|-ability|p1a: Overqwil|Intimidate|boost\n|-unboost|p2a: Zarude|atk|1\n|move|p2a: Zarude|Knock Off|p1a: Overqwil\n|-resisted|p1a: Overqwil\n|-damage|p1a: Overqwil|241/274\n|-enditem|p1a: Overqwil|Choice Band|[from] move: Knock Off|[of] p2a: Zarude\n|\n|upkeep\n|turn|14\n|inactive|Time left: 300 sec this turn | 300 sec total\n|\n|t:|1783571531\n|switch|p2a: Duraludon|Duraludon, L82, F|100/100\n|move|p1a: Overqwil|Gunk Shot|p2a: Duraludon\n|-immune|p2a: Duraludon\n|\n|upkeep\n|turn|15\n|inactive|Time left: 300 sec this turn | 300 sec total\n|\n|t:|1783571532\n|switch|p1a: Wyrdeer|Wyrdeer, L87, F|321/321\n|-ability|p1a: Wyrdeer|Intimidate|boost\n|-unboost|p2a: Duraludon|atk|1\n|move|p2a: Duraludon|Flash Cannon|p1a: Wyrdeer\n|-damage|p1a: Wyrdeer|248/321\n|\n|upkeep\n|turn|16\n|inactive|Time left: 300 sec this turn | 300 sec total\n|\n|t:|1783571533\n|move|p2a: Duraludon|Flash Cannon|p1a: Wyrdeer\n|-damage|p1a: Wyrdeer|184/321\n|-unboost|p1a: Wyrdeer|spd|1\n|move|p1a: Wyrdeer|Psychic Noise|p2a: Duraludon\n|-resisted|p2a: Duraludon\n|-damage|p2a: Duraludon|82/100\n|-start|p2a: Duraludon|move: Heal Block\n|\n|upkeep\n|turn|17\n|inactive|Time left: 300 sec this turn | 300 sec total\n|\n|t:|1783571534\n|move|p2a: Duraludon|Flash Cannon|p1a: Wyrdeer\n|-damage|p1a: Wyrdeer|88/321\n|move|p1a: Wyrdeer|Earthquake|p2a: Duraludon\n|-supereffective|p2a: Duraludon\n|-damage|p2a: Duraludon|46/100\n|\n|-end|p2a: Duraludon|move: Heal Block\n|upkeep\n|turn|18\n|inactive|Time left: 300 sec this turn | 300 sec total\n|\n|t:|1783571535\n|switch|p1a: Overqwil|Overqwil, L82, M|241/274\n|-ability|p1a: Overqwil|Intimidate|boost\n|-unboost|p2a: Duraludon|atk|1\n|move|p2a: Duraludon|Flash Cannon|p1a: Overqwil\n|-damage|p1a: Overqwil|123/274\n|\n|upkeep\n|turn|19\n|inactive|Time left: 300 sec this turn | 300 sec total\n|\n|t:|1783571536\n|move|p1a: Overqwil|Crunch|p2a: Duraludon\n|-damage|p2a: Duraludon|24/100\n|move|p2a: Duraludon|Flash Cannon|p1a: Overqwil\n|-damage|p1a: Overqwil|0 fnt\n|faint|p1a: Overqwil\n|\n|upkeep\n|inactive|Time left: 300 sec this turn | 300 sec total | 5 sec grace\n|\n|t:|1783571537\n|switch|p1a: Dragapult|Dragapult, L77, F|262/262\n|turn|20\n|inactive|Time left: 300 sec this turn | 300 sec total\n|\n|t:|1783571538\n|switch|p2a: Zarude|Zarude, L77|100/100\n|move|p1a: Dragapult|Dragon Darts|p2a: Zarude\n|-damage|p2a: Zarude|77/100\n|-anim|p1a: Dragapult|Dragon Darts|p2a: Zarude\n|-damage|p2a: Zarude|55/100\n|-damage|p1a: Dragapult|236/262|[from] item: Life Orb\n|\n|-heal|p2a: Zarude|61/100|[from] item: Leftovers\n|upkeep\n|turn|21\n|inactive|Time left: 300 sec this turn | 300 sec total\n|\n|t:|1783571539\n|move|p1a: Dragapult|Fire Blast|p2a: Zarude|[miss]\n|-miss|p1a: Dragapult|p2a: Zarude\n|move|p2a: Zarude|Knock Off|p1a: Dragapult\n|-supereffective|p1a: Dragapult\n|-damage|p1a: Dragapult|6/262\n|-enditem|p1a: Dragapult|Life Orb|[from] move: Knock Off|[of] p2a: Zarude\n|\n|-heal|p2a: Zarude|67/100|[from] item: Leftovers\n|upkeep\n|turn|22\n|inactive|Time left: 300 sec this turn | 300 sec total\n|\n|t:|1783571540\n|move|p1a: Dragapult|Fire Blast|p2a: Zarude\n|-supereffective|p2a: Zarude\n|-damage|p2a: Zarude|21/100\n|move|p2a: Zarude|Synthesis|p2a: Zarude\n|-heal|p2a: Zarude|71/100\n|\n|-heal|p2a: Zarude|78/100|[from] item: Leftovers\n|upkeep\n|turn|23\n|inactive|Time left: 300 sec this turn | 300 sec total\n|\n|t:|1783571541\n|move|p1a: Dragapult|Fire Blast|p2a: Zarude\n|-supereffective|p2a: Zarude\n|-damage|p2a: Zarude|32/100\n|move|p2a: Zarude|Knock Off|p1a: Dragapult\n|-supereffective|p1a: Dragapult\n|-damage|p1a: Dragapult|0 fnt\n|faint|p1a: Dragapult\n|\n|-heal|p2a: Zarude|39/100|[from] item: Leftovers\n|upkeep\n|inactive|Time left: 300 sec this turn | 300 sec total | 5 sec grace\n|\n|t:|1783571542\n|switch|p1a: Zapdos|Zapdos-Galar, L77|77/265\n|turn|24\n|inactive|Time left: 300 sec this turn | 300 sec total\n|\n|t:|1783571543\n|-terastallize|p2a: Zarude|Grass\n|move|p2a: Zarude|Power Whip|p1a: Zapdos\n|-resisted|p1a: Zapdos\n|-damage|p1a: Zapdos|0 fnt\n|faint|p1a: Zapdos\n|\n|-heal|p2a: Zarude|45/100|[from] item: Leftovers\n|upkeep\n|inactive|Time left: 300 sec this turn | 300 sec total | 5 sec grace\n|\n|t:|1783571544\n|switch|p1a: Wyrdeer|Wyrdeer, L87, F|88/321\n|-ability|p1a: Wyrdeer|Intimidate|boost\n|-unboost|p2a: Zarude|atk|1\n|turn|25\n|inactive|Time left: 300 sec this turn | 300 sec total\n|\n|t:|1783571545\n|switch|p1a: Girafarig|Girafarig, L89, F|158/269\n|move|p2a: Zarude|Knock Off|p1a: Girafarig\n|-supereffective|p1a: Girafarig\n|-damage|p1a: Girafarig|44/269\n|-enditem|p1a: Girafarig|Eviolite|[from] move: Knock Off|[of] p2a: Zarude\n|\n|-heal|p2a: Zarude|51/100|[from] item: Leftovers\n|upkeep\n|turn|26\n|inactive|Time left: 300 sec this turn | 300 sec total\n|\n|t:|1783571546\n|switch|p1a: Wyrdeer|Wyrdeer, L87, F|88/321\n|-ability|p1a: Wyrdeer|Intimidate|boost\n|-unboost|p2a: Zarude|atk|1\n|move|p2a: Zarude|Knock Off|p1a: Wyrdeer\n|-supereffective|p1a: Wyrdeer\n|-damage|p1a: Wyrdeer|0 fnt\n|-enditem|p1a: Wyrdeer|Assault Vest|[from] move: Knock Off|[of] p2a: Zarude\n|faint|p1a: Wyrdeer\n|\n|-heal|p2a: Zarude|57/100|[from] item: Leftovers\n|upkeep\n|inactive|Time left: 300 sec this turn | 300 sec total | 5 sec grace\n|\n|t:|1783571546\n|switch|p1a: Girafarig|Girafarig, L89, F|44/269\n|turn|27\n|inactive|Time left: 300 sec this turn | 300 sec total\n|\n|t:|1783571548\n|-terastallize|p1a: Girafarig|Normal\n|move|p2a: Zarude|Knock Off|p1a: Girafarig\n|-crit|p1a: Girafarig\n|-damage|p1a: Girafarig|0 fnt\n|faint|p1a: Girafarig\n|\n|win|p0y282063e1", "uploadtime": 1783571548, "views": 0, "rating": 0, "private": 0, "password": null, "_winner": "p0y282063e1", "_our_name": "p0x2820ab27"}