{"id": "battle-gen9randombattle-1407", "formatid": "gen9randombattle", "format": "[Gen 9] Random Battle", "players": ["p0x1407d7b3", "p0y14070823"], "log": "|init|battle\n|title|p0x1407d7b3 vs. p0y14070823\n|j|\u2606p0x1407d7b3\n|j|\u2606p0y14070823\n|t:|1783555421\n|gametype|singles\n|player|p1|p0x1407d7b3|169|\n|player|p2|p0y14070823|266|\n|gen|9\n|tier|[Gen 9] Random Battle\n|rule|Species Clause: Limit one of each Pok\u00e9mon\n|rule|HP Percentage Mod: HP is shown in percentages\n|rule|Sleep Clause Mod: Limit one foe put to sleep\n|rule|Illusion Level Mod: Illusion disguises the Pok\u00e9mon's true level\n|\n|t:|1783555421\n|teamsize|p1|6\n|teamsize|p2|6\n|start\n|switch|p1a: Skarmory|Skarmory, L80, F|100/100\n|switch|p2a: Bisharp|Bisharp, L79, M|232/232\n|turn|1\n|inactive|Battle timer is ON: inactive players will automatically lose when time's up. (requested by p0x1407d7b3)\n|inactive|Time left: 300 sec this turn | 300 sec total | 60 sec grace\n|inactive|p0y14070823 also wants the timer to be on.\n|\n|t:|1783555422\n|move|p1a: Skarmory|Body Press|p2a: Bisharp\n|-supereffective|p2a: Bisharp\n|-damage|p2a: Bisharp|48/232\n|move|p2a: Bisharp|Swords Dance|p2a: Bisharp\n|-boost|p2a: Bisharp|atk|2\n|\n|upkeep\n|turn|2\n|inactive|Time left: 300 sec this turn | 300 sec total\n|\n|t:|1783555423\n|switch|p2a: Porygon2|Porygon2, L81|270/270\n|-ability|p2a: Porygon2|Download|boost\n|-boost|p2a: Porygon2|spa|1\n|move|p1a: Skarmory|Body Press|p2a: Porygon2\n|-supereffective|p2a: Porygon2\n|-damage|p2a: Porygon2|172/270\n|\n|upkeep\n|turn|3\n|inactive|Time left: 300 sec this turn | 300 sec total\n|\n|t:|1783555424\n|move|p1a: Skarmory|Iron Defense|p1a: Skarmory\n|-boost|p1a: Skarmory|def|2\n|move|p2a: Porygon2|Discharge|p1a: Skarmory\n|-supereffective|p1a: Skarmory\n|-damage|p1a: Skarmory|17/100\n|\n|-heal|p1a: Skarmory|23/100|[from] item: Leftovers\n|upkeep\n|turn|4\n|inactive|Time left: 300 sec this turn | 300 sec total\n|\n|t:|1783555425\n|-terastallize|p2a: Porygon2|Poison\n|move|p1a: Skarmory|Body Press|p2a: Porygon2\n|-resisted|p2a: Porygon2\n|-damage|p2a: Porygon2|127/270\n|move|p2a: Porygon2|Tri Attack|p1a: Skarmory\n|-resisted|p1a: Skarmory\n|-damage|p1a: Skarmory|0 fnt\n|faint|p1a: Skarmory\n|\n|upkeep\n|\n|t:|1783555426\n|switch|p1a: Veluza|Veluza, L85, F|100/100\n|turn|5\n|inactive|Time left: 300 sec this turn | 300 sec total\n|\n|t:|1783555427\n|switch|p2a: Bisharp|Bisharp, L79, M|48/232\n|move|p1a: Veluza|Psycho Cut|p2a: Bisharp\n|-immune|p2a: Bisharp\n|\n|upkeep\n|turn|6\n|inactive|Time left: 300 sec this turn | 300 sec total\n|\n|t:|1783555427\n|switch|p1a: Porygon-Z|Porygon-Z, L83|100/100\n|-ability|p1a: Porygon-Z|Download|boost\n|-boost|p1a: Porygon-Z|spa|1\n|move|p2a: Bisharp|Throat Chop|p1a: Porygon-Z\n|-damage|p1a: Porygon-Z|59/100\n|-start|p1a: Porygon-Z|Throat Chop|[silent]\n|\n|upkeep\n|turn|7\n|inactive|Time left: 300 sec this turn | 300 sec total\n|\n|t:|1783555428\n|move|p2a: Bisharp|Sucker Punch|p1a: Porygon-Z\n|-damage|p1a: Porygon-Z|25/100\n|move|p1a: Porygon-Z|Thunderbolt|p2a: Bisharp\n|-damage|p2a: Bisharp|0 fnt\n|faint|p2a: Bisharp\n|-damage|p1a: Porygon-Z|16/100|[from] item: Life Orb\n|\n|-end|p1a: Porygon-Z|Throat Chop|[silent]\n|upkeep\n|inactive|Time left: 300 sec this turn | 300 sec total | 5 sec grace\n|\n|t:|1783555429\n|switch|p2a: Arceus|Arceus-Steel, L70|284/284\n|turn|8\n|inactive|Time left: 300 sec this turn | 300 sec total\n|\n|t:|1783555431\n|move|p2a: Arceus|Earth Power|p1a: Porygon-Z\n|-damage|p1a: Porygon-Z|0 fnt\n|faint|p1a: Porygon-Z\n|\n|upkeep\n|\n|t:|1783555432\n|switch|p1a: Veluza|Veluza, L85, F|100/100\n|turn|9\n|inactive|Time left: 300 sec this turn | 300 sec total\n|\n|t:|1783555433\n|move|p2a: Arceus|Calm Mind|p2a: Arceus\n|-boost|p2a: Arceus|spa|1\n|-boost|p2a: Arceus|spd|1\n|move|p1a: Veluza|Aqua Cutter|p2a: Arceus\n|-damage|p2a: Arceus|107/284\n|\n|upkeep\n|turn|10\n|inactive|Time left: 300 sec this turn | 300 sec total\n|\n|t:|1783555434\n|move|p2a: Arceus|Recover|p2a: Arceus\n|-heal|p2a: Arceus|249/284\n|move|p1a: Veluza|Aqua Cutter|p2a: Arceus\n|-damage|p2a: Arceus|87/284\n|\n|upkeep\n|turn|11\n|inactive|Time left: 300 sec this turn | 300 sec total\n|\n|t:|1783555435\n|move|p2a: Arceus|Recover|p2a: Arceus\n|-heal|p2a: Arceus|229/284\n|move|p1a: Veluza|Aqua Cutter|p2a: Arceus\n|-damage|p2a: Arceus|69/284\n|\n|upkeep\n|turn|12\n|inactive|Time left: 300 sec this turn | 300 sec total\n|\n|t:|1783555436\n|switch|p2a: Bellossom|Bellossom, L84, F|263/263\n|move|p1a: Veluza|Aqua Cutter|p2a: Bellossom\n|-resisted|p2a: Bellossom\n|-damage|p2a: Bellossom|185/263\n|\n|-heal|p2a: Bellossom|201/263|[from] item: Leftovers\n|upkeep\n|turn|13\n|inactive|Time left: 300 sec this turn | 300 sec total\n|\n|t:|1783555437\n|move|p1a: Veluza|Aqua Cutter|p2a: Bellossom\n|-resisted|p2a: Bellossom\n|-crit|p2a: Bellossom\n|-damage|p2a: Bellossom|81/263\n|move|p2a: Bellossom|Strength Sap|p1a: Veluza\n|-unboost|p1a: Veluza|atk|1\n|-heal|p2a: Bellossom|263/263\n|\n|upkeep\n|turn|14\n|inactive|Time left: 300 sec this turn | 300 sec total\n|\n|t:|1783555438\n|switch|p1a: Lokix|Lokix, L82, F|100/100\n|move|p2a: Bellossom|Quiver Dance|p2a: Bellossom\n|-boost|p2a: Bellossom|spa|1\n|-boost|p2a: Bellossom|spd|1\n|-boost|p2a: Bellossom|spe|1\n|\n|upkeep\n|turn|15\n|inactive|Time left: 300 sec this turn | 300 sec total\n|\n|t:|1783555439\n|-terastallize|p1a: Lokix|Bug\n|move|p1a: Lokix|First Impression|p2a: Bellossom\n|-supereffective|p2a: Bellossom\n|-damage|p2a: Bellossom|0 fnt\n|faint|p2a: Bellossom\n|-damage|p1a: Lokix|91/100|[from] item: Life Orb\n|\n|upkeep\n|inactive|Time left: 300 sec this turn | 300 sec total | 5 sec grace\n|\n|t:|1783555440\n|switch|p2a: Porygon2|Porygon2, L81, tera:Poison|127/270\n|-ability|p2a: Porygon2|Download|boost\n|-boost|p2a: Porygon2|spa|1\n|turn|16\n|inactive|Time left: 300 sec this turn | 300 sec total\n|\n|t:|1783555441\n|move|p1a: Lokix|Leech Life|p2a: Porygon2\n|-resisted|p2a: Porygon2\n|-damage|p2a: Porygon2|20/270\n|-heal|p1a: Lokix|100/100|[from] drain|[of] p2a: Porygon2\n|-damage|p1a: Lokix|91/100|[from] item: Life Orb\n|move|p2a: Porygon2|Recover|p2a: Porygon2\n|-heal|p2a: Porygon2|155/270\n|\n|upkeep\n|turn|17\n|inactive|Time left: 300 sec this turn | 300 sec total\n|\n|t:|1783555443\n|move|p1a: Lokix|Knock Off|p2a: Porygon2\n|-damage|p2a: Porygon2|56/270\n|-enditem|p2a: Porygon2|Eviolite|[from] move: Knock Off|[of] p1a: Lokix\n|-damage|p1a: Lokix|81/100|[from] item: Life Orb\n|move|p2a: Porygon2|Recover|p2a: Porygon2\n|-heal|p2a: Porygon2|191/270\n|\n|upkeep\n|turn|18\n|inactive|Time left: 300 sec this turn | 300 sec total\n|\n|t:|1783555444\n|move|p1a: Lokix|Leech Life|p2a: Porygon2\n|-resisted|p2a: Porygon2\n|-damage|p2a: Porygon2|53/270\n|-heal|p1a: Lokix|100/100|[from] drain|[of] p2a: Porygon2\n|-damage|p1a: Lokix|91/100|[from] item: Life Orb\n|move|p2a: Porygon2|Tri Attack|p1a: Lokix\n|-damage|p1a: Lokix|21/100\n|\n|upkeep\n|turn|19\n|inactive|Time left: 300 sec this turn | 300 sec total\n|\n|t:|1783555445\n|move|p1a: Lokix|Leech Life|p2a: Porygon2\n|-resisted|p2a: Porygon2\n|-damage|p2a: Porygon2|0 fnt\n|-heal|p1a: Lokix|32/100|[from] drain|[of] p2a: Porygon2\n|faint|p2a: Porygon2\n|-damage|p1a: Lokix|22/100|[from] item: Life Orb\n|\n|upkeep\n|inactive|Time left: 300 sec this turn | 300 sec total | 5 sec grace\n|\n|t:|1783555446\n|switch|p2a: Arceus|Arceus-Steel, L70|69/284\n|turn|20\n|inactive|Time left: 300 sec this turn | 300 sec total\n|\n|t:|1783555447\n|move|p2a: Arceus|Recover|p2a: Arceus\n|-heal|p2a: Arceus|211/284\n|move|p1a: Lokix|Leech Life|p2a: Arceus\n|-resisted|p2a: Arceus\n|-damage|p2a: Arceus|86/284\n|-heal|p1a: Lokix|47/100|[from] drain|[of] p2a: Arceus\n|-damage|p1a: Lokix|37/100|[from] item: Life Orb\n|\n|upkeep\n|turn|21\n|inactive|Time left: 300 sec this turn | 300 sec total\n|\n|t:|1783555448\n|move|p1a: Lokix|Sucker Punch||[still]\n|-fail|p1a: Lokix\n|move|p2a: Arceus|Recover|p2a: Arceus\n|-heal|p2a: Arceus|228/284\n|\n|upkeep\n|turn|22\n|inactive|Time left: 300 sec this turn | 300 sec total\n|\n|t:|1783555449\n|switch|p1a: Veluza|Veluza, L85, F|100/100\n|move|p2a: Arceus|Judgment|p1a: Veluza\n|-resisted|p1a: Veluza\n|-damage|p1a: Veluza|79/100\n|\n|upkeep\n|turn|23\n|inactive|Time left: 300 sec this turn | 300 sec total\n|\n|t:|1783555450\n|move|p2a: Arceus|Judgment|p1a: Veluza\n|-resisted|p1a: Veluza\n|-damage|p1a: Veluza|55/100\n|move|p1a: Veluza|Aqua Cutter|p2a: Arceus\n|-damage|p2a: Arceus|45/284\n|\n|upkeep\n|turn|24\n|inactive|Time left: 300 sec this turn | 300 sec total\n|\n|t:|1783555451\n|move|p2a: Arceus|Judgment|p1a: Veluza\n|-resisted|p1a: Veluza\n|-crit|p1a: Veluza\n|-damage|p1a: Veluza|18/100\n|move|p1a: Veluza|Aqua Cutter|p2a: Arceus\n|-damage|p2a: Arceus|0 fnt\n|faint|p2a: Arceus\n|\n|upkeep\n|inactive|Time left: 300 sec this turn | 300 sec total | 5 sec grace\n|\n|t:|1783555452\n|switch|p2a: Hitmontop|Hitmontop, L88, M|231/231\n|turn|25\n|inactive|Time left: 300 sec this turn | 300 sec total\n|\n|t:|1783555453\n|switch|p1a: Kingdra|Kingdra, L84, F|100/100\n|move|p2a: Hitmontop|Rapid Spin|p1a: Kingdra\n|-damage|p1a: Kingdra|80/100\n|-boost|p2a: Hitmontop|spe|1\n|\n|upkeep\n|turn|26\n|inactive|Time left: 300 sec this turn | 300 sec total\n|\n|t:|1783555454\n|move|p2a: Hitmontop|Bulk Up|p2a: Hitmontop\n|-boost|p2a: Hitmontop|atk|1\n|-boost|p2a: Hitmontop|def|1\n|move|p1a: Kingdra|Rain Dance|p1a: Kingdra\n|-weather|RainDance\n|\n|-weather|RainDance|[upkeep]\n|upkeep\n|turn|27\n|inactive|Time left: 300 sec this turn | 300 sec total\n|\n|t:|1783555455\n|move|p1a: Kingdra|Hurricane|p2a: Hitmontop\n|-supereffective|p2a: Hitmontop\n|-damage|p2a: Hitmontop|59/231\n|-start|p2a: Hitmontop|confusion\n|-damage|p1a: Kingdra|70/100|[from] item: Life Orb\n|-activate|p2a: Hitmontop|confusion\n|move|p2a: Hitmontop|Triple Axel|p1a: Kingdra\n|-damage|p1a: Kingdra|58/100\n|-damage|p1a: Kingdra|35/100\n|-damage|p1a: Kingdra|0 fnt\n|faint|p1a: Kingdra\n|-hitcount|p1: Kingdra|3\n|\n|-weather|RainDance|[upkeep]\n|-heal|p2a: Hitmontop|73/231|[from] item: Leftovers\n|upkeep\n|\n|t:|1783555456\n|switch|p1a: Lokix|Lokix, L82, F, tera:Bug|37/100\n|turn|28\n|inactive|Time left: 300 sec this turn | 300 sec total\n|\n|t:|1783555456\n|move|p1a: Lokix|First Impression|p2a: Hitmontop\n|-resisted|p2a: Hitmontop\n|-damage|p2a: Hitmontop|0 fnt\n|faint|p2a: Hitmontop\n|-damage|p1a: Lokix|27/100|[from] item: Life Orb\n|\n|-weather|RainDance|[upkeep]\n|upkeep\n|inactive|Time left: 300 sec this turn | 300 sec total | 5 sec grace\n|\n|t:|1783555457\n|switch|p2a: Carbink|Carbink, L90|236/236\n|turn|29\n|inactive|Time left: 300 sec this turn | 300 sec total\n|\n|t:|1783555458\n|move|p1a: Lokix|Knock Off|p2a: Carbink\n|-resisted|p2a: Carbink\n|-damage|p2a: Carbink|155/236\n|-enditem|p2a: Carbink|Chesto Berry|[from] move: Knock Off|[of] p1a: Lokix\n|-damage|p1a: Lokix|17/100|[from] item: Life Orb\n|move|p2a: Carbink|Iron Defense|p2a: Carbink\n|-boost|p2a: Carbink|def|2\n|\n|-weather|RainDance|[upkeep]\n|upkeep\n|turn|30\n|inactive|Time left: 300 sec this turn | 300 sec total\n|\n|t:|1783555459\n|switch|p1a: Cryogonal|Cryogonal, L89|100/100\n|move|p2a: Carbink|Iron Defense|p2a: Carbink\n|-boost|p2a: Carbink|def|2\n|\n|-weather|none\n|upkeep\n|turn|31\n|inactive|Time left: 300 sec this turn | 300 sec total\n|\n|t:|1783555460\n|move|p1a: Cryogonal|Flash Cannon|p2a: Carbink\n|-supereffective|p2a: Carbink\n|-damage|p2a: Carbink|15/236\n|move|p2a: Carbink|Body Press|p1a: Cryogonal\n|-supereffective|p1a: Cryogonal\n|-damage|p1a: Cryogonal|0 fnt\n|faint|p1a: Cryogonal\n|\n|upkeep\n|\n|t:|1783555461\n|switch|p1a: Lokix|Lokix, L82, F, tera:Bug|17/100\n|turn|32\n|inactive|Time left: 300 sec this turn | 300 sec total\n|\n|t:|1783555461\n|move|p1a: Lokix|First Impression|p2a: Carbink\n|-resisted|p2a: Carbink\n|-damage|p2a: Carbink|0 fnt\n|faint|p2a: Carbink\n|-damage|p1a: Lokix|7/100|[from] item: Life Orb\n|\n|win|p0x1407d7b3", "uploadtime": 1783555461, "views": 0, "rating": 0, "private": 0, "password": null, "_winner": "p0x1407d7b3", "_our_name": "p0y14070823"}