{"id": "battle-gen9randombattle-881", "formatid": "gen9randombattle", "format": "[Gen 9] Random Battle", "players": ["p0x88147a5", "p0y881a444"], "log": "|init|battle\n|title|p0x88147a5 vs. p0y881a444\n|j|\u2606p0x88147a5\n|j|\u2606p0y881a444\n|t:|1783550132\n|gametype|singles\n|player|p1|p0x88147a5|265|\n|player|p2|p0y881a444|1|\n|gen|9\n|tier|[Gen 9] Random Battle\n|rule|Species Clause: Limit one of each Pok\u00e9mon\n|rule|HP Percentage Mod: HP is shown in percentages\n|rule|Sleep Clause Mod: Limit one foe put to sleep\n|rule|Illusion Level Mod: Illusion disguises the Pok\u00e9mon's true level\n|\n|t:|1783550132\n|teamsize|p1|6\n|teamsize|p2|6\n|start\n|switch|p1a: Manaphy|Manaphy, L78|100/100\n|switch|p2a: Arceus|Arceus-Ice, L72|291/291\n|turn|1\n|inactive|Battle timer is ON: inactive players will automatically lose when time's up. (requested by p0y881a444)\n|\n|t:|1783550134\n|move|p2a: Arceus|Calm Mind|p2a: Arceus\n|-boost|p2a: Arceus|spa|1\n|-boost|p2a: Arceus|spd|1\n|move|p1a: Manaphy|Tail Glow|p1a: Manaphy\n|-boost|p1a: Manaphy|spa|3\n|\n|upkeep\n|turn|2\n|inactive|Time left: 300 sec this turn | 300 sec total\n|inactive|p0x88147a5 also wants the timer to be on.\n|\n|t:|1783550135\n|move|p2a: Arceus|Thunderbolt|p1a: Manaphy\n|-supereffective|p1a: Manaphy\n|-damage|p1a: Manaphy|44/100\n|move|p1a: Manaphy|Surf|p2a: Arceus\n|-damage|p2a: Arceus|170/291\n|\n|-heal|p1a: Manaphy|50/100|[from] item: Leftovers\n|upkeep\n|turn|3\n|inactive|Time left: 300 sec this turn | 300 sec total\n|\n|t:|1783550135\n|move|p2a: Arceus|Thunderbolt|p1a: Manaphy\n|-supereffective|p1a: Manaphy\n|-damage|p1a: Manaphy|0 fnt\n|faint|p1a: Manaphy\n|\n|upkeep\n|\n|t:|1783550136\n|switch|p1a: Iron Boulder|Iron Boulder, L77|100/100\n|-enditem|p1a: Iron Boulder|Booster Energy\n|-activate|p1a: Iron Boulder|ability: Quark Drive|[fromitem]\n|-start|p1a: Iron Boulder|quarkdrivespe\n|turn|4\n|inactive|Time left: 300 sec this turn | 300 sec total\n|\n|t:|1783550137\n|-terastallize|p2a: Arceus|Electric\n|move|p1a: Iron Boulder|Mighty Cleave|p2a: Arceus\n|-damage|p2a: Arceus|71/291\n|move|p2a: Arceus|Recover|p2a: Arceus\n|-heal|p2a: Arceus|217/291\n|\n|upkeep\n|turn|5\n|inactive|Time left: 300 sec this turn | 300 sec total\n|\n|t:|1783550138\n|move|p1a: Iron Boulder|Swords Dance|p1a: Iron Boulder\n|-boost|p1a: Iron Boulder|atk|2\n|move|p2a: Arceus|Judgment|p1a: Iron Boulder\n|-damage|p1a: Iron Boulder|46/100\n|\n|upkeep\n|turn|6\n|inactive|Time left: 300 sec this turn | 300 sec total\n|\n|t:|1783550139\n|-terastallize|p1a: Iron Boulder|Fighting\n|move|p1a: Iron Boulder|Close Combat|p2a: Arceus\n|-damage|p2a: Arceus|0 fnt\n|-unboost|p1a: Iron Boulder|def|1\n|-unboost|p1a: Iron Boulder|spd|1\n|faint|p2a: Arceus\n|\n|upkeep\n|inactive|Time left: 300 sec this turn | 300 sec total | 5 sec grace\n|\n|t:|1783550140\n|switch|p2a: Iron Leaves|Iron Leaves, L80|275/275\n|turn|7\n|inactive|Time left: 300 sec this turn | 300 sec total\n|\n|t:|1783550141\n|move|p1a: Iron Boulder|Mighty Cleave|p2a: Iron Leaves\n|-damage|p2a: Iron Leaves|64/275\n|move|p2a: Iron Leaves|Psyblade|p1a: Iron Boulder\n|-supereffective|p1a: Iron Boulder\n|-damage|p1a: Iron Boulder|0 fnt\n|faint|p1a: Iron Boulder\n|-end|p1a: Iron Boulder|Quark Drive|[silent]\n|-damage|p2a: Iron Leaves|37/275|[from] item: Life Orb\n|\n|upkeep\n|\n|t:|1783550141\n|switch|p1a: Zangoose|Zangoose, L85, M|100/100\n|turn|8\n|inactive|Time left: 300 sec this turn | 300 sec total\n|\n|t:|1783550143\n|move|p1a: Zangoose|Quick Attack|p2a: Iron Leaves\n|-damage|p2a: Iron Leaves|0 fnt\n|faint|p2a: Iron Leaves\n|-end|p2a: Iron Leaves|Quark Drive|[silent]\n|\n|-status|p1a: Zangoose|tox|[from] item: Toxic Orb\n|upkeep\n|inactive|Time left: 300 sec this turn | 300 sec total | 5 sec grace\n|\n|t:|1783550144\n|switch|p2a: Probopass|Probopass, L91, M|257/257\n|turn|9\n|inactive|Time left: 300 sec this turn | 300 sec total\n|\n|t:|1783550145\n|switch|p1a: Ting-Lu|Ting-Lu, L78|100/100\n|-ability|p1a: Ting-Lu|Vessel of Ruin\n|move|p2a: Probopass|Body Press|p1a: Ting-Lu\n|-supereffective|p1a: Ting-Lu\n|-crit|p1a: Ting-Lu\n|-damage|p1a: Ting-Lu|38/100\n|\n|-heal|p1a: Ting-Lu|45/100|[from] item: Leftovers\n|upkeep\n|turn|10\n|inactive|Time left: 300 sec this turn | 300 sec total\n|\n|t:|1783550146\n|move|p2a: Probopass|Iron Defense|p2a: Probopass\n|-boost|p2a: Probopass|def|2\n|move|p1a: Ting-Lu|Earthquake|p2a: Probopass\n|-supereffective|p2a: Probopass\n|-damage|p2a: Probopass|125/257\n|\n|-heal|p1a: Ting-Lu|51/100|[from] item: Leftovers\n|upkeep\n|turn|11\n|inactive|Time left: 300 sec this turn | 300 sec total\n|\n|t:|1783550147\n|switch|p1a: Duraludon|Duraludon, L82, F|100/100\n|move|p2a: Probopass|Body Press|p1a: Duraludon\n|-supereffective|p1a: Duraludon\n|-damage|p1a: Duraludon|19/100\n|\n|upkeep\n|turn|12\n|inactive|Time left: 300 sec this turn | 300 sec total\n|\n|t:|1783550148\n|move|p1a: Duraludon|Body Press|p2a: Probopass\n|-supereffective|p2a: Probopass\n|-damage|p2a: Probopass|41/257\n|move|p2a: Probopass|Rest|p2a: Probopass\n|-status|p2a: Probopass|slp|[from] move: Rest\n|-heal|p2a: Probopass|257/257 slp|[silent]\n|-enditem|p2a: Probopass|Chesto Berry|[eat]\n|-curestatus|p2a: Probopass|slp|[msg]\n|\n|upkeep\n|turn|13\n|inactive|Time left: 300 sec this turn | 300 sec total\n|\n|t:|1783550149\n|move|p1a: Duraludon|Stealth Rock|p2a: Probopass\n|-sidestart|p2: p0y881a444|move: Stealth Rock\n|move|p2a: Probopass|Body Press|p1a: Duraludon\n|-supereffective|p1a: Duraludon\n|-damage|p1a: Duraludon|0 fnt\n|faint|p1a: Duraludon\n|\n|upkeep\n|\n|t:|1783550150\n|switch|p1a: Lokix|Lokix, L82, M|100/100\n|turn|14\n|inactive|Time left: 300 sec this turn | 300 sec total\n|\n|t:|1783550151\n|move|p1a: Lokix|Swords Dance|p1a: Lokix\n|-boost|p1a: Lokix|atk|2\n|move|p2a: Probopass|Body Press|p1a: Lokix\n|-damage|p1a: Lokix|19/100\n|\n|upkeep\n|turn|15\n|inactive|Time left: 300 sec this turn | 300 sec total\n|\n|t:|1783550152\n|move|p1a: Lokix|Knock Off|p2a: Probopass\n|-damage|p2a: Probopass|206/257\n|-damage|p1a: Lokix|9/100|[from] item: Life Orb\n|move|p2a: Probopass|Body Press|p1a: Lokix\n|-damage|p1a: Lokix|0 fnt\n|faint|p1a: Lokix\n|\n|upkeep\n|\n|t:|1783550153\n|switch|p1a: Ting-Lu|Ting-Lu, L78|51/100\n|-ability|p1a: Ting-Lu|Vessel of Ruin\n|turn|16\n|inactive|Time left: 300 sec this turn | 300 sec total\n|\n|t:|1783550154\n|move|p2a: Probopass|Body Press|p1a: Ting-Lu\n|-supereffective|p1a: Ting-Lu\n|-damage|p1a: Ting-Lu|0 fnt\n|faint|p1a: Ting-Lu\n|\n|upkeep\n|\n|t:|1783550155\n|switch|p1a: Zangoose|Zangoose, L85, M|100/100 tox\n|turn|17\n|inactive|Time left: 300 sec this turn | 300 sec total\n|\n|t:|1783550156\n|move|p1a: Zangoose|Quick Attack|p2a: Probopass\n|-resisted|p2a: Probopass\n|-damage|p2a: Probopass|200/257\n|move|p2a: Probopass|Body Press|p1a: Zangoose\n|-supereffective|p1a: Zangoose\n|-damage|p1a: Zangoose|0 fnt\n|faint|p1a: Zangoose\n|\n|win|p0y881a444", "uploadtime": 1783550156, "views": 0, "rating": 0, "private": 0, "password": null, "_winner": "p0y881a444", "_our_name": "p0y881a444"}