{"id": "battle-gen9randombattle-1766", "formatid": "gen9randombattle", "format": "[Gen 9] Random Battle", "players": ["p0x1766a6bd", "p0y17666e66"], "log": "|init|battle\n|title|p0x1766a6bd vs. p0y17666e66\n|j|\u2606p0x1766a6bd\n|j|\u2606p0y17666e66\n|t:|1783559712\n|gametype|singles\n|player|p1|p0x1766a6bd|169|\n|player|p2|p0y17666e66|169|\n|gen|9\n|tier|[Gen 9] Random Battle\n|rule|Species Clause: Limit one of each Pok\u00e9mon\n|rule|HP Percentage Mod: HP is shown in percentages\n|rule|Sleep Clause Mod: Limit one foe put to sleep\n|rule|Illusion Level Mod: Illusion disguises the Pok\u00e9mon's true level\n|\n|t:|1783559712\n|teamsize|p1|6\n|teamsize|p2|6\n|start\n|switch|p1a: Dedenne|Dedenne, L88, M|100/100\n|switch|p2a: Zangoose|Zangoose, L85, F|263/263\n|turn|1\n|inactive|Battle timer is ON: inactive players will automatically lose when time's up. (requested by p0y17666e66)\n|inactive|p0x1766a6bd also wants the timer to be on.\n|\n|t:|1783559713\n|move|p1a: Dedenne|Super Fang|p2a: Zangoose\n|-damage|p2a: Zangoose|132/263\n|move|p2a: Zangoose|Swords Dance|p2a: Zangoose\n|-boost|p2a: Zangoose|atk|2\n|\n|-status|p2a: Zangoose|tox|[from] item: Toxic Orb\n|upkeep\n|turn|2\n|inactive|Time left: 300 sec this turn | 300 sec total\n|\n|t:|1783559714\n|move|p1a: Dedenne|Thunderbolt|p2a: Zangoose\n|-damage|p2a: Zangoose|12/263 tox\n|move|p2a: Zangoose|Facade|p1a: Dedenne\n|-damage|p1a: Dedenne|0 fnt\n|faint|p1a: Dedenne\n|\n|-damage|p2a: Zangoose|0 fnt|[from] psn\n|faint|p2a: Zangoose\n|upkeep\n|inactive|Time left: 300 sec this turn | 300 sec total | 5 sec grace\n|\n|t:|1783559715\n|switch|p1a: Zekrom|Zekrom, L71|100/100\n|switch|p2a: Passimian|Passimian, L83, F|302/302\n|-ability|p1a: Zekrom|Teravolt\n|turn|3\n|inactive|Time left: 300 sec this turn | 300 sec total\n|\n|t:|1783559716\n|move|p2a: Passimian|Close Combat|p1a: Zekrom\n|-damage|p1a: Zekrom|19/100\n|-unboost|p2a: Passimian|def|1\n|-unboost|p2a: Passimian|spd|1\n|move|p1a: Zekrom|Dragon Dance|p1a: Zekrom\n|-boost|p1a: Zekrom|atk|1\n|-boost|p1a: Zekrom|spe|1\n|\n|-heal|p1a: Zekrom|26/100|[from] item: Leftovers\n|upkeep\n|turn|4\n|inactive|Time left: 300 sec this turn | 300 sec total\n|\n|t:|1783559717\n|move|p1a: Zekrom|Bolt Strike|p2a: Passimian\n|-damage|p2a: Passimian|0 fnt\n|faint|p2a: Passimian\n|\n|-heal|p1a: Zekrom|32/100|[from] item: Leftovers\n|upkeep\n|inactive|Time left: 300 sec this turn | 300 sec total | 5 sec grace\n|\n|t:|1783559718\n|switch|p2a: Barraskewda|Barraskewda, L81, M|231/231\n|turn|5\n|inactive|Time left: 300 sec this turn | 300 sec total\n|\n|t:|1783559719\n|move|p2a: Barraskewda|Close Combat|p1a: Zekrom\n|-damage|p1a: Zekrom|0 fnt\n|-unboost|p2a: Barraskewda|def|1\n|-unboost|p2a: Barraskewda|spd|1\n|faint|p1a: Zekrom\n|\n|upkeep\n|\n|t:|1783559720\n|switch|p1a: Girafarig|Girafarig, L89, M|100/100\n|turn|6\n|inactive|Time left: 300 sec this turn | 300 sec total\n|\n|t:|1783559722\n|switch|p2a: Garganacl|Garganacl, L80, F|291/291\n|move|p1a: Girafarig|Nasty Plot|p1a: Girafarig\n|-boost|p1a: Girafarig|spa|2\n|\n|upkeep\n|turn|7\n|inactive|Time left: 300 sec this turn | 300 sec total\n|\n|t:|1783559723\n|move|p1a: Girafarig|Nasty Plot|p1a: Girafarig\n|-boost|p1a: Girafarig|spa|2\n|move|p2a: Garganacl|Salt Cure|p1a: Girafarig\n|-damage|p1a: Girafarig|88/100\n|-start|p1a: Girafarig|Salt Cure\n|\n|-damage|p1a: Girafarig|76/100|[from] Salt Cure\n|upkeep\n|turn|8\n|inactive|Time left: 300 sec this turn | 300 sec total\n|\n|t:|1783559724\n|move|p2a: Garganacl|Protect|p2a: Garganacl\n|-singleturn|p2a: Garganacl|Protect\n|move|p1a: Girafarig|Thunderbolt|p2a: Garganacl\n|-activate|p2a: Garganacl|move: Protect\n|\n|-damage|p1a: Girafarig|63/100|[from] Salt Cure\n|upkeep\n|turn|9\n|inactive|Time left: 300 sec this turn | 300 sec total\n|\n|t:|1783559725\n|move|p1a: Girafarig|Thunderbolt|p2a: Garganacl\n|-damage|p2a: Garganacl|73/291\n|move|p2a: Garganacl|Recover|p2a: Garganacl\n|-heal|p2a: Garganacl|219/291\n|\n|-heal|p2a: Garganacl|237/291|[from] item: Leftovers\n|-damage|p1a: Girafarig|51/100|[from] Salt Cure\n|upkeep\n|turn|10\n|inactive|Time left: 300 sec this turn | 300 sec total\n|\n|t:|1783559726\n|move|p1a: Girafarig|Thunderbolt|p2a: Garganacl\n|-damage|p2a: Garganacl|43/291\n|move|p2a: Garganacl|Earthquake|p1a: Girafarig\n|-damage|p1a: Girafarig|31/100\n|\n|-heal|p2a: Garganacl|61/291|[from] item: Leftovers\n|-damage|p1a: Girafarig|19/100|[from] Salt Cure\n|upkeep\n|turn|11\n|inactive|Time left: 300 sec this turn | 300 sec total\n|\n|t:|1783559727\n|move|p2a: Garganacl|Protect|p2a: Garganacl\n|-singleturn|p2a: Garganacl|Protect\n|move|p1a: Girafarig|Thunderbolt|p2a: Garganacl\n|-activate|p2a: Garganacl|move: Protect\n|\n|-heal|p2a: Garganacl|79/291|[from] item: Leftovers\n|-damage|p1a: Girafarig|7/100|[from] Salt Cure\n|upkeep\n|turn|12\n|inactive|Time left: 300 sec this turn | 300 sec total\n|\n|t:|1783559728\n|move|p2a: Garganacl|Protect||[still]\n|-fail|p2a: Garganacl\n|move|p1a: Girafarig|Psyshock|p2a: Garganacl\n|-damage|p2a: Garganacl|0 fnt\n|faint|p2a: Garganacl\n|\n|-damage|p1a: Girafarig|0 fnt|[from] Salt Cure\n|faint|p1a: Girafarig\n|upkeep\n|inactive|Time left: 300 sec this turn | 300 sec total | 5 sec grace\n|\n|t:|1783559729\n|switch|p1a: Indeedee|Indeedee-F, L90, F|100/100\n|switch|p2a: Jumpluff|Jumpluff, L87, M|271/271\n|-fieldstart|move: Psychic Terrain|[from] ability: Psychic Surge|[of] p1a: Indeedee\n|turn|13\n|inactive|Time left: 300 sec this turn | 300 sec total\n|\n|t:|1783559730\n|move|p2a: Jumpluff|Sleep Powder|p1a: Indeedee\n|-status|p1a: Indeedee|slp|[from] move: Sleep Powder\n|cant|p1a: Indeedee|slp\n|\n|upkeep\n|turn|14\n|inactive|Time left: 300 sec this turn | 300 sec total\n|\n|t:|1783559731\n|move|p2a: Jumpluff|U-turn|p1a: Indeedee\n|-supereffective|p1a: Indeedee\n|-damage|p1a: Indeedee|73/100 slp\n|inactive|Time left: 300 sec this turn | 300 sec total | 5 sec grace\n|\n|t:|1783559732\n|switch|p2a: Barraskewda|Barraskewda, L81, M|231/231|[from] U-turn\n|cant|p1a: Indeedee|slp\n|\n|upkeep\n|turn|15\n|inactive|Time left: 300 sec this turn | 300 sec total\n|\n|t:|1783559733\n|move|p2a: Barraskewda|Waterfall|p1a: Indeedee\n|-damage|p1a: Indeedee|6/100 slp\n|-curestatus|p1a: Indeedee|slp|[msg]\n|move|p1a: Indeedee|Psychic|p2a: Barraskewda\n|-damage|p2a: Barraskewda|0 fnt\n|faint|p2a: Barraskewda\n|-damage|p1a: Indeedee|0 fnt|[from] item: Life Orb\n|faint|p1a: Indeedee\n|\n|upkeep\n|inactive|Time left: 300 sec this turn | 300 sec total | 5 sec grace\n|\n|t:|1783559734\n|switch|p2a: Leafeon|Leafeon, L88, F|258/258\n|switch|p1a: Enamorus|Enamorus, L79, F|100/100\n|turn|16\n|inactive|Time left: 300 sec this turn | 300 sec total\n|\n|t:|1783559735\n|move|p2a: Leafeon|Swords Dance|p2a: Leafeon\n|-boost|p2a: Leafeon|atk|2\n|move|p1a: Enamorus|Superpower|p2a: Leafeon\n|-damage|p2a: Leafeon|200/258\n|-boost|p1a: Enamorus|atk|1\n|-boost|p1a: Enamorus|def|1\n|\n|upkeep\n|turn|17\n|inactive|Time left: 300 sec this turn | 300 sec total\n|\n|t:|1783559736\n|-terastallize|p2a: Leafeon|Normal\n|move|p2a: Leafeon|Double-Edge|p1a: Enamorus\n|-damage|p1a: Enamorus|0 fnt\n|faint|p1a: Enamorus\n|-damage|p2a: Leafeon|118/258|[from] Recoil\n|-damage|p2a: Leafeon|93/258|[from] item: Life Orb\n|\n|-fieldend|move: Psychic Terrain\n|upkeep\n|\n|t:|1783559737\n|switch|p1a: Vespiquen|Vespiquen, L99, F|100/100\n|-ability|p1a: Vespiquen|Pressure\n|turn|18\n|inactive|Time left: 300 sec this turn | 300 sec total\n|\n|t:|1783559738\n|-terastallize|p1a: Vespiquen|Steel\n|move|p2a: Leafeon|Synthesis|p2a: Leafeon\n|-heal|p2a: Leafeon|222/258\n|move|p1a: Vespiquen|Air Slash|p2a: Leafeon\n|-damage|p2a: Leafeon|107/258\n|\n|upkeep\n|turn|19\n|inactive|Time left: 300 sec this turn | 300 sec total\n|\n|t:|1783559739\n|move|p2a: Leafeon|Synthesis|p2a: Leafeon\n|-heal|p2a: Leafeon|236/258\n|move|p1a: Vespiquen|Air Slash|p2a: Leafeon\n|-damage|p2a: Leafeon|127/258\n|\n|upkeep\n|turn|20\n|inactive|Time left: 300 sec this turn | 300 sec total\n|\n|t:|1783559740\n|move|p2a: Leafeon|Synthesis|p2a: Leafeon\n|-heal|p2a: Leafeon|256/258\n|move|p1a: Vespiquen|Air Slash|p2a: Leafeon\n|-damage|p2a: Leafeon|138/258\n|\n|upkeep\n|turn|21\n|inactive|Time left: 300 sec this turn | 300 sec total\n|\n|t:|1783559741\n|move|p2a: Leafeon|Synthesis|p2a: Leafeon\n|-heal|p2a: Leafeon|258/258\n|move|p1a: Vespiquen|Air Slash|p2a: Leafeon\n|-damage|p2a: Leafeon|150/258\n|\n|upkeep\n|turn|22\n|inactive|Time left: 300 sec this turn | 300 sec total\n|\n|t:|1783559742\n|move|p2a: Leafeon|Synthesis|p2a: Leafeon\n|-heal|p2a: Leafeon|258/258\n|move|p1a: Vespiquen|Air Slash|p2a: Leafeon\n|-damage|p2a: Leafeon|150/258\n|\n|upkeep\n|turn|23\n|inactive|Time left: 300 sec this turn | 300 sec total\n|\n|t:|1783559743\n|move|p2a: Leafeon|Leaf Blade|p1a: Vespiquen\n|-resisted|p1a: Vespiquen\n|-crit|p1a: Vespiquen\n|-damage|p1a: Vespiquen|40/100\n|-damage|p2a: Leafeon|125/258|[from] item: Life Orb\n|move|p1a: Vespiquen|Air Slash|p2a: Leafeon\n|-damage|p2a: Leafeon|11/258\n|\n|upkeep\n|turn|24\n|inactive|Time left: 300 sec this turn | 300 sec total\n|\n|t:|1783559744\n|move|p2a: Leafeon|Double-Edge|p1a: Vespiquen\n|-resisted|p1a: Vespiquen\n|-damage|p1a: Vespiquen|0 fnt\n|faint|p1a: Vespiquen\n|-damage|p2a: Leafeon|0 fnt|[from] Recoil\n|faint|p2a: Leafeon\n|\n|win|p0y17666e66", "uploadtime": 1783559744, "views": 0, "rating": 0, "private": 0, "password": null, "_winner": "p0y17666e66", "_our_name": "p0y17666e66"}