{"id": "battle-gen9randombattle-1746", "formatid": "gen9randombattle", "format": "[Gen 9] Random Battle", "players": ["p0x1746b452", "p0y17460bef"], "log": "|init|battle\n|title|p0x1746b452 vs. p0y17460bef\n|j|\u2606p0x1746b452\n|j|\u2606p0y17460bef\n|t:|1783559455\n|gametype|singles\n|player|p1|p0x1746b452|265|\n|player|p2|p0y17460bef|101|\n|gen|9\n|tier|[Gen 9] Random Battle\n|rule|Species Clause: Limit one of each Pok\u00e9mon\n|rule|HP Percentage Mod: HP is shown in percentages\n|rule|Sleep Clause Mod: Limit one foe put to sleep\n|rule|Illusion Level Mod: Illusion disguises the Pok\u00e9mon's true level\n|\n|t:|1783559455\n|teamsize|p1|6\n|teamsize|p2|6\n|start\n|switch|p1a: Gliscor|Gliscor, L76, F|100/100\n|switch|p2a: Lycanroc|Lycanroc-Dusk, L81, F|254/254\n|turn|1\n|inactive|Battle timer is ON: inactive players will automatically lose when time's up. (requested by p0x1746b452)\n|inactive|Time left: 300 sec this turn | 300 sec total | 60 sec grace\n|inactive|p0y17460bef also wants the timer to be on.\n|\n|t:|1783559457\n|move|p2a: Lycanroc|Stone Edge|p1a: Gliscor\n|-damage|p1a: Gliscor|39/100\n|move|p1a: Gliscor|Earthquake|p2a: Lycanroc\n|-supereffective|p2a: Lycanroc\n|-damage|p2a: Lycanroc|38/254\n|\n|-status|p1a: Gliscor|tox|[from] item: Toxic Orb\n|upkeep\n|turn|2\n|inactive|Time left: 300 sec this turn | 300 sec total\n|\n|t:|1783559458\n|move|p1a: Gliscor|Protect|p1a: Gliscor\n|-singleturn|p1a: Gliscor|Protect\n|move|p2a: Lycanroc|Stone Edge|p1a: Gliscor\n|-activate|p1a: Gliscor|move: Protect\n|\n|-heal|p1a: Gliscor|51/100 tox|[from] ability: Poison Heal\n|upkeep\n|turn|3\n|inactive|Time left: 300 sec this turn | 300 sec total\n|\n|t:|1783559460\n|switch|p1a: Azumarill|Azumarill, L82, M|100/100\n|move|p2a: Lycanroc|Stone Edge|p1a: Azumarill\n|-damage|p1a: Azumarill|36/100\n|\n|upkeep\n|turn|4\n|inactive|Time left: 300 sec this turn | 300 sec total\n|\n|t:|1783559461\n|move|p1a: Azumarill|Aqua Jet|p2a: Lycanroc\n|-supereffective|p2a: Lycanroc\n|-damage|p2a: Lycanroc|0 fnt\n|faint|p2a: Lycanroc\n|\n|upkeep\n|inactive|Time left: 300 sec this turn | 300 sec total | 5 sec grace\n|\n|t:|1783559462\n|switch|p2a: Arbok|Arbok, L87, M|246/246\n|-ability|p2a: Arbok|Intimidate|boost\n|-unboost|p1a: Azumarill|atk|1\n|turn|5\n|inactive|Time left: 300 sec this turn | 300 sec total\n|\n|t:|1783559463\n|switch|p1a: Vikavolt|Vikavolt, L83, M|100/100\n|move|p2a: Arbok|Coil|p2a: Arbok\n|-boost|p2a: Arbok|atk|1\n|-boost|p2a: Arbok|def|1\n|-boost|p2a: Arbok|accuracy|1\n|\n|upkeep\n|turn|6\n|inactive|Time left: 300 sec this turn | 300 sec total\n|\n|t:|1783559465\n|move|p2a: Arbok|Gunk Shot|p1a: Vikavolt\n|-damage|p1a: Vikavolt|32/100\n|move|p1a: Vikavolt|Sticky Web|p2a: Arbok\n|-sidestart|p2: p0y17460bef|move: Sticky Web\n|\n|upkeep\n|turn|7\n|inactive|Time left: 300 sec this turn | 300 sec total\n|\n|t:|1783559466\n|switch|p1a: Gliscor|Gliscor, L76, F|51/100 tox\n|move|p2a: Arbok|Gunk Shot|p1a: Gliscor\n|-resisted|p1a: Gliscor\n|-damage|p1a: Gliscor|13/100 tox\n|\n|-heal|p1a: Gliscor|26/100 tox|[from] ability: Poison Heal\n|upkeep\n|turn|8\n|inactive|Time left: 300 sec this turn | 300 sec total\n|\n|t:|1783559467\n|move|p1a: Gliscor|Protect|p1a: Gliscor\n|-singleturn|p1a: Gliscor|Protect\n|move|p2a: Arbok|Gunk Shot|p1a: Gliscor\n|-activate|p1a: Gliscor|move: Protect\n|\n|-heal|p1a: Gliscor|38/100 tox|[from] ability: Poison Heal\n|upkeep\n|turn|9\n|inactive|Time left: 300 sec this turn | 300 sec total\n|\n|t:|1783559468\n|move|p2a: Arbok|Coil|p2a: Arbok\n|-boost|p2a: Arbok|atk|1\n|-boost|p2a: Arbok|def|1\n|-boost|p2a: Arbok|accuracy|1\n|move|p1a: Gliscor|Earthquake|p2a: Arbok\n|-supereffective|p2a: Arbok\n|-damage|p2a: Arbok|136/246\n|\n|-heal|p2a: Arbok|151/246|[from] item: Leftovers\n|-heal|p1a: Gliscor|50/100 tox|[from] ability: Poison Heal\n|upkeep\n|turn|10\n|inactive|Time left: 300 sec this turn | 300 sec total\n|\n|t:|1783559469\n|move|p2a: Arbok|Trailblaze|p1a: Gliscor\n|-damage|p1a: Gliscor|24/100 tox\n|-boost|p2a: Arbok|spe|1\n|move|p1a: Gliscor|Earthquake|p2a: Arbok\n|-supereffective|p2a: Arbok\n|-damage|p2a: Arbok|55/246\n|\n|-heal|p2a: Arbok|70/246|[from] item: Leftovers\n|-heal|p1a: Gliscor|36/100 tox|[from] ability: Poison Heal\n|upkeep\n|turn|11\n|inactive|Time left: 300 sec this turn | 300 sec total\n|\n|t:|1783559471\n|move|p2a: Arbok|Gunk Shot|p1a: Gliscor\n|-resisted|p1a: Gliscor\n|-damage|p1a: Gliscor|0 fnt\n|faint|p1a: Gliscor\n|\n|-heal|p2a: Arbok|85/246|[from] item: Leftovers\n|upkeep\n|\n|t:|1783559472\n|switch|p1a: Electrode|Electrode, L92|100/100\n|turn|12\n|inactive|Time left: 300 sec this turn | 300 sec total\n|\n|t:|1783559473\n|-terastallize|p1a: Electrode|Ice\n|-terastallize|p2a: Arbok|Grass\n|move|p1a: Electrode|Tera Blast|p2a: Arbok|[anim] Tera Blast Ice\n|-supereffective|p2a: Arbok\n|-damage|p2a: Arbok|0 fnt\n|faint|p2a: Arbok\n|-damage|p1a: Electrode|90/100|[from] item: Life Orb\n|\n|upkeep\n|inactive|Time left: 300 sec this turn | 300 sec total | 5 sec grace\n|\n|t:|1783559474\n|switch|p2a: Hatterene|Hatterene, L85, F|236/236\n|-activate|p2a: Hatterene|move: Sticky Web\n|-unboost|p2a: Hatterene|spe|1\n|turn|13\n|inactive|Time left: 300 sec this turn | 300 sec total\n|\n|t:|1783559475\n|move|p1a: Electrode|Volt Switch|p2a: Hatterene\n|-damage|p2a: Hatterene|178/236\n|-damage|p1a: Electrode|80/100|[from] item: Life Orb\n|\n|t:|1783559477\n|switch|p1a: Meloetta|Meloetta, L82|100/100|[from] Volt Switch\n|move|p2a: Hatterene|Psychic Noise|p1a: Meloetta\n|-resisted|p1a: Meloetta\n|-damage|p1a: Meloetta|87/100\n|-start|p1a: Meloetta|move: Heal Block\n|\n|upkeep\n|turn|14\n|inactive|Time left: 300 sec this turn | 300 sec total\n|\n|t:|1783559478\n|move|p1a: Meloetta|Calm Mind|p1a: Meloetta\n|-boost|p1a: Meloetta|spa|1\n|-boost|p1a: Meloetta|spd|1\n|move|p2a: Hatterene|Draining Kiss|p1a: Meloetta\n|-damage|p1a: Meloetta|74/100\n|-heal|p2a: Hatterene|207/236|[from] drain|[of] p1a: Meloetta\n|\n|-end|p1a: Meloetta|move: Heal Block\n|upkeep\n|turn|15\n|inactive|Time left: 300 sec this turn | 300 sec total\n|\n|t:|1783559479\n|move|p1a: Meloetta|Calm Mind|p1a: Meloetta\n|-boost|p1a: Meloetta|spa|1\n|-boost|p1a: Meloetta|spd|1\n|move|p2a: Hatterene|Mystical Fire|p1a: Meloetta\n|-damage|p1a: Meloetta|65/100\n|-unboost|p1a: Meloetta|spa|1\n|\n|-heal|p1a: Meloetta|71/100|[from] item: Leftovers\n|upkeep\n|turn|16\n|inactive|Time left: 300 sec this turn | 300 sec total\n|\n|t:|1783559480\n|move|p1a: Meloetta|Hyper Voice|p2a: Hatterene\n|-damage|p2a: Hatterene|107/236\n|move|p2a: Hatterene|Mystical Fire|p1a: Meloetta\n|-damage|p1a: Meloetta|62/100\n|-unboost|p1a: Meloetta|spa|1\n|\n|-heal|p1a: Meloetta|68/100|[from] item: Leftovers\n|upkeep\n|turn|17\n|inactive|Time left: 300 sec this turn | 300 sec total\n|\n|t:|1783559481\n|move|p1a: Meloetta|Hyper Voice|p2a: Hatterene\n|-damage|p2a: Hatterene|41/236\n|move|p2a: Hatterene|Mystical Fire|p1a: Meloetta\n|-damage|p1a: Meloetta|58/100\n|-unboost|p1a: Meloetta|spa|1\n|\n|-heal|p1a: Meloetta|64/100|[from] item: Leftovers\n|upkeep\n|turn|18\n|inactive|Time left: 300 sec this turn | 300 sec total\n|\n|t:|1783559482\n|move|p1a: Meloetta|Hyper Voice|p2a: Hatterene\n|-damage|p2a: Hatterene|0 fnt\n|faint|p2a: Hatterene\n|\n|-heal|p1a: Meloetta|70/100|[from] item: Leftovers\n|upkeep\n|inactive|Time left: 300 sec this turn | 300 sec total | 5 sec grace\n|\n|t:|1783559483\n|switch|p2a: Leafeon|Leafeon, L88, F|258/258\n|-activate|p2a: Leafeon|move: Sticky Web\n|-unboost|p2a: Leafeon|spe|1\n|turn|19\n|inactive|Time left: 300 sec this turn | 300 sec total\n|\n|t:|1783559484\n|switch|p1a: Electrode|Electrode, L92, tera:Ice|80/100\n|move|p2a: Leafeon|Leaf Blade|p1a: Electrode\n|-damage|p1a: Electrode|19/100\n|-damage|p2a: Leafeon|233/258|[from] item: Life Orb\n|\n|upkeep\n|turn|20\n|inactive|Time left: 300 sec this turn | 300 sec total\n|\n|t:|1783559485\n|switch|p2a: Latias|Latias, L79, F|256/256\n|move|p1a: Electrode|Tera Blast|p2a: Latias|[anim] Tera Blast Ice\n|-supereffective|p2a: Latias\n|-damage|p2a: Latias|90/256\n|-damage|p1a: Electrode|9/100|[from] item: Life Orb\n|\n|upkeep\n|turn|21\n|inactive|Time left: 300 sec this turn | 300 sec total\n|\n|t:|1783559486\n|move|p1a: Electrode|Tera Blast|p2a: Latias|[anim] Tera Blast Ice\n|-supereffective|p2a: Latias\n|-damage|p2a: Latias|0 fnt\n|faint|p2a: Latias\n|-damage|p1a: Electrode|0 fnt|[from] item: Life Orb\n|faint|p1a: Electrode\n|\n|upkeep\n|inactive|Time left: 300 sec this turn | 300 sec total | 5 sec grace\n|\n|t:|1783559487\n|switch|p1a: Mandibuzz|Mandibuzz, L85, F|100/100\n|switch|p2a: Leafeon|Leafeon, L88, F|233/258\n|-activate|p2a: Leafeon|move: Sticky Web\n|-unboost|p2a: Leafeon|spe|1\n|turn|22\n|inactive|Time left: 300 sec this turn | 300 sec total\n|\n|t:|1783559488\n|move|p1a: Mandibuzz|Foul Play|p2a: Leafeon\n|-damage|p2a: Leafeon|148/258\n|move|p2a: Leafeon|Swords Dance|p2a: Leafeon\n|-boost|p2a: Leafeon|atk|2\n|\n|upkeep\n|turn|23\n|inactive|Time left: 300 sec this turn | 300 sec total\n|\n|t:|1783559489\n|switch|p2a: Kilowattrel|Kilowattrel, L83, M|252/252\n|move|p1a: Mandibuzz|Foul Play|p2a: Kilowattrel\n|-damage|p2a: Kilowattrel|149/252\n|\n|upkeep\n|turn|24\n|inactive|Time left: 300 sec this turn | 300 sec total\n|\n|t:|1783559490\n|switch|p1a: Meloetta|Meloetta, L82|70/100\n|move|p2a: Kilowattrel|Thunderbolt|p1a: Meloetta\n|-damage|p1a: Meloetta|43/100\n|\n|-heal|p1a: Meloetta|49/100|[from] item: Leftovers\n|upkeep\n|turn|25\n|inactive|Time left: 300 sec this turn | 300 sec total\n|\n|t:|1783559491\n|move|p2a: Kilowattrel|U-turn|p1a: Meloetta\n|-supereffective|p1a: Meloetta\n|-damage|p1a: Meloetta|19/100\n|inactive|Time left: 300 sec this turn | 300 sec total | 5 sec grace\n|\n|t:|1783559492\n|switch|p2a: Leafeon|Leafeon, L88, F|148/258|[from] U-turn\n|-activate|p2a: Leafeon|move: Sticky Web\n|-unboost|p2a: Leafeon|spe|1\n|move|p1a: Meloetta|Hyper Voice|p2a: Leafeon\n|-damage|p2a: Leafeon|16/258\n|\n|-heal|p1a: Meloetta|25/100|[from] item: Leftovers\n|upkeep\n|turn|26\n|inactive|Time left: 300 sec this turn | 300 sec total\n|\n|t:|1783559493\n|move|p1a: Meloetta|Hyper Voice|p2a: Leafeon\n|-damage|p2a: Leafeon|0 fnt\n|faint|p2a: Leafeon\n|\n|-heal|p1a: Meloetta|31/100|[from] item: Leftovers\n|upkeep\n|inactive|Time left: 300 sec this turn | 300 sec total | 5 sec grace\n|\n|t:|1783559494\n|switch|p2a: Kilowattrel|Kilowattrel, L83, M|149/252\n|turn|27\n|inactive|Time left: 300 sec this turn | 300 sec total\n|\n|t:|1783559495\n|move|p2a: Kilowattrel|Hurricane|p1a: Meloetta\n|-damage|p1a: Meloetta|1/100\n|move|p1a: Meloetta|Hyper Voice|p2a: Kilowattrel\n|-damage|p2a: Kilowattrel|7/252\n|\n|-heal|p1a: Meloetta|7/100|[from] item: Leftovers\n|upkeep\n|turn|28\n|inactive|Time left: 300 sec this turn | 300 sec total\n|\n|t:|1783559496\n|move|p2a: Kilowattrel|U-turn|p1a: Meloetta\n|-supereffective|p1a: Meloetta\n|-damage|p1a: Meloetta|0 fnt\n|faint|p1a: Meloetta\n|\n|upkeep\n|\n|t:|1783559496\n|switch|p1a: Azumarill|Azumarill, L82, M|36/100\n|turn|29\n|inactive|Time left: 300 sec this turn | 300 sec total\n|\n|t:|1783559497\n|move|p1a: Azumarill|Aqua Jet|p2a: Kilowattrel\n|-damage|p2a: Kilowattrel|0 fnt\n|faint|p2a: Kilowattrel\n|\n|win|p0x1746b452", "uploadtime": 1783559497, "views": 0, "rating": 0, "private": 0, "password": null, "_winner": "p0x1746b452", "_our_name": "p0y17460bef"}