{"id": "battle-gen9randombattle-1949", "formatid": "gen9randombattle", "format": "[Gen 9] Random Battle", "players": ["p0x194957fb", "p0y19493187"], "log": "|init|battle\n|title|p0x194957fb vs. p0y19493187\n|j|\u2606p0x194957fb\n|j|\u2606p0y19493187\n|t:|1783561813\n|gametype|singles\n|player|p1|p0x194957fb|169|\n|player|p2|p0y19493187|266|\n|gen|9\n|tier|[Gen 9] Random Battle\n|rule|Species Clause: Limit one of each Pok\u00e9mon\n|rule|HP Percentage Mod: HP is shown in percentages\n|rule|Sleep Clause Mod: Limit one foe put to sleep\n|rule|Illusion Level Mod: Illusion disguises the Pok\u00e9mon's true level\n|\n|t:|1783561813\n|teamsize|p1|6\n|teamsize|p2|6\n|start\n|switch|p1a: Virizion|Virizion, L82|283/283\n|switch|p2a: Magmortar|Magmortar, L88, M|100/100\n|turn|1\n|inactive|Battle timer is ON: inactive players will automatically lose when time's up. (requested by p0x194957fb)\n|inactive|p0y19493187 also wants the timer to be on.\n|\n|t:|1783561815\n|switch|p2a: Conkeldurr|Conkeldurr, L80, M|100/100\n|move|p1a: Virizion|Swords Dance|p1a: Virizion\n|-boost|p1a: Virizion|atk|2\n|\n|-status|p2a: Conkeldurr|brn|[from] item: Flame Orb\n|upkeep\n|turn|2\n|inactive|Time left: 300 sec this turn | 300 sec total\n|\n|t:|1783561816\n|switch|p2a: Yanmega|Yanmega, L82, M|100/100\n|move|p1a: Virizion|Close Combat|p2a: Yanmega\n|-resisted|p2a: Yanmega\n|-damage|p2a: Yanmega|75/100\n|-unboost|p1a: Virizion|def|1\n|-unboost|p1a: Virizion|spd|1\n|-damage|p1a: Virizion|255/283|[from] item: Life Orb\n|\n|upkeep\n|turn|3\n|inactive|Time left: 300 sec this turn | 300 sec total\n|\n|t:|1783561817\n|move|p1a: Virizion|Stone Edge|p2a: Yanmega\n|-supereffective|p2a: Yanmega\n|-damage|p2a: Yanmega|0 fnt\n|faint|p2a: Yanmega\n|-damage|p1a: Virizion|227/283|[from] item: Life Orb\n|\n|upkeep\n|\n|t:|1783561817\n|switch|p2a: Whimsicott|Whimsicott, L84, F|100/100\n|turn|4\n|inactive|Time left: 300 sec this turn | 300 sec total\n|\n|t:|1783561818\n|move|p2a: Whimsicott|Moonblast|p1a: Virizion\n|-supereffective|p1a: Virizion\n|-damage|p1a: Virizion|39/283\n|-unboost|p1a: Virizion|spa|1\n|move|p1a: Virizion|Stone Edge|p2a: Whimsicott\n|-damage|p2a: Whimsicott|35/100\n|-damage|p1a: Virizion|11/283|[from] item: Life Orb\n|\n|-heal|p2a: Whimsicott|41/100|[from] item: Leftovers\n|upkeep\n|turn|5\n|inactive|Time left: 300 sec this turn | 300 sec total\n|\n|t:|1783561819\n|switch|p1a: Glastrier|Glastrier, L86|312/312\n|move|p2a: Whimsicott|Moonblast|p1a: Glastrier\n|-damage|p1a: Glastrier|243/312\n|-unboost|p1a: Glastrier|spa|1\n|\n|-heal|p2a: Whimsicott|47/100|[from] item: Leftovers\n|upkeep\n|turn|6\n|inactive|Time left: 300 sec this turn | 300 sec total\n|\n|t:|1783561820\n|move|p2a: Whimsicott|Moonblast|p1a: Glastrier\n|-damage|p1a: Glastrier|179/312\n|move|p1a: Glastrier|Icicle Crash|p2a: Whimsicott\n|-supereffective|p2a: Whimsicott\n|-damage|p2a: Whimsicott|0 fnt\n|faint|p2a: Whimsicott\n|-ability|p1a: Glastrier|Chilling Neigh|boost\n|-boost|p1a: Glastrier|atk|1\n|\n|upkeep\n|\n|t:|1783561821\n|switch|p2a: Magmortar|Magmortar, L88, M|100/100\n|turn|7\n|inactive|Time left: 300 sec this turn | 300 sec total\n|\n|t:|1783561822\n|switch|p1a: Dachsbun|Dachsbun, L92, M|254/254\n|move|p2a: Magmortar|Fire Blast|p1a: Dachsbun\n|-ability|p1a: Dachsbun|Well-Baked Body|boost\n|-boost|p1a: Dachsbun|def|2\n|\n|upkeep\n|turn|8\n|inactive|Time left: 300 sec this turn | 300 sec total\n|\n|t:|1783561823\n|move|p1a: Dachsbun|Play Rough|p2a: Magmortar\n|-resisted|p2a: Magmortar\n|-damage|p2a: Magmortar|79/100\n|-status|p1a: Dachsbun|brn|[from] ability: Flame Body|[of] p2a: Magmortar\n|move|p2a: Magmortar|Focus Blast|p1a: Dachsbun\n|-resisted|p1a: Dachsbun\n|-damage|p1a: Dachsbun|201/254 brn\n|-unboost|p1a: Dachsbun|spd|1\n|\n|-heal|p1a: Dachsbun|216/254 brn|[from] item: Leftovers\n|-damage|p1a: Dachsbun|201/254 brn|[from] brn\n|upkeep\n|turn|9\n|inactive|Time left: 300 sec this turn | 300 sec total\n|\n|t:|1783561824\n|move|p1a: Dachsbun|Wish|p1a: Dachsbun\n|move|p2a: Magmortar|Focus Blast|p1a: Dachsbun\n|-resisted|p1a: Dachsbun\n|-damage|p1a: Dachsbun|110/254 brn\n|\n|-heal|p1a: Dachsbun|125/254 brn|[from] item: Leftovers\n|-damage|p1a: Dachsbun|110/254 brn|[from] brn\n|upkeep\n|turn|10\n|inactive|Time left: 300 sec this turn | 300 sec total\n|\n|t:|1783561826\n|move|p1a: Dachsbun|Protect|p1a: Dachsbun\n|-singleturn|p1a: Dachsbun|Protect\n|move|p2a: Magmortar|Focus Blast|p1a: Dachsbun\n|-activate|p1a: Dachsbun|move: Protect\n|\n|-heal|p1a: Dachsbun|237/254 brn|[from] move: Wish|[wisher] Dachsbun\n|-heal|p1a: Dachsbun|252/254 brn|[from] item: Leftovers\n|-damage|p1a: Dachsbun|237/254 brn|[from] brn\n|upkeep\n|turn|11\n|inactive|Time left: 300 sec this turn | 300 sec total\n|\n|t:|1783561826\n|switch|p2a: Thundurus|Thundurus, L80, M|100/100\n|move|p1a: Dachsbun|Yawn|p2a: Thundurus\n|-start|p2a: Thundurus|move: Yawn|[of] p1a: Dachsbun\n|\n|-heal|p1a: Dachsbun|252/254 brn|[from] item: Leftovers\n|-damage|p1a: Dachsbun|237/254 brn|[from] brn\n|upkeep\n|turn|12\n|inactive|Time left: 300 sec this turn | 300 sec total\n|\n|t:|1783561827\n|switch|p2a: Magmortar|Magmortar, L88, M|79/100\n|move|p1a: Dachsbun|Protect||[still]\n|-fail|p1a: Dachsbun\n|\n|-heal|p1a: Dachsbun|252/254 brn|[from] item: Leftovers\n|-damage|p1a: Dachsbun|237/254 brn|[from] brn\n|upkeep\n|turn|13\n|inactive|Time left: 300 sec this turn | 300 sec total\n|\n|t:|1783561828\n|move|p1a: Dachsbun|Protect|p1a: Dachsbun\n|-singleturn|p1a: Dachsbun|Protect\n|move|p2a: Magmortar|Knock Off|p1a: Dachsbun\n|-activate|p1a: Dachsbun|move: Protect\n|\n|-heal|p1a: Dachsbun|252/254 brn|[from] item: Leftovers\n|-damage|p1a: Dachsbun|237/254 brn|[from] brn\n|upkeep\n|turn|14\n|inactive|Time left: 300 sec this turn | 300 sec total\n|\n|t:|1783561829\n|move|p1a: Dachsbun|Wish|p1a: Dachsbun\n|move|p2a: Magmortar|Focus Blast|p1a: Dachsbun\n|-resisted|p1a: Dachsbun\n|-damage|p1a: Dachsbun|153/254 brn\n|\n|-heal|p1a: Dachsbun|168/254 brn|[from] item: Leftovers\n|-damage|p1a: Dachsbun|153/254 brn|[from] brn\n|upkeep\n|turn|15\n|inactive|Time left: 300 sec this turn | 300 sec total\n|\n|t:|1783561830\n|move|p1a: Dachsbun|Yawn|p2a: Magmortar\n|-start|p2a: Magmortar|move: Yawn|[of] p1a: Dachsbun\n|move|p2a: Magmortar|Focus Blast|p1a: Dachsbun\n|-resisted|p1a: Dachsbun\n|-damage|p1a: Dachsbun|63/254 brn\n|\n|-heal|p1a: Dachsbun|190/254 brn|[from] move: Wish|[wisher] Dachsbun\n|-heal|p1a: Dachsbun|205/254 brn|[from] item: Leftovers\n|-damage|p1a: Dachsbun|190/254 brn|[from] brn\n|upkeep\n|turn|16\n|inactive|Time left: 300 sec this turn | 300 sec total\n|\n|t:|1783561831\n|switch|p1a: Clawitzer|Clawitzer, L87, M|265/265\n|switch|p2a: Thundurus|Thundurus, L80, M|100/100\n|\n|upkeep\n|turn|17\n|inactive|Time left: 300 sec this turn | 300 sec total\n|\n|t:|1783561832\n|-terastallize|p1a: Clawitzer|Dragon\n|move|p2a: Thundurus|Thunderbolt|p1a: Clawitzer\n|-resisted|p1a: Clawitzer\n|-damage|p1a: Clawitzer|209/265\n|move|p1a: Clawitzer|Dragon Pulse|p2a: Thundurus\n|-damage|p2a: Thundurus|0 fnt\n|faint|p2a: Thundurus\n|\n|upkeep\n|\n|t:|1783561833\n|switch|p2a: Dedenne|Dedenne, L88, M|100/100\n|turn|18\n|inactive|Time left: 300 sec this turn | 300 sec total\n|\n|t:|1783561833\n|switch|p1a: Glastrier|Glastrier, L86|179/312\n|move|p2a: Dedenne|Dazzling Gleam|p1a: Glastrier\n|-damage|p1a: Glastrier|107/312\n|\n|upkeep\n|turn|19\n|inactive|Time left: 300 sec this turn | 300 sec total\n|\n|t:|1783561834\n|move|p2a: Dedenne|U-turn|p1a: Glastrier\n|-damage|p1a: Glastrier|78/312\n|\n|t:|1783561835\n|switch|p2a: Conkeldurr|Conkeldurr, L80, M|100/100 brn|[from] U-turn\n|move|p1a: Glastrier|High Horsepower|p2a: Conkeldurr\n|-damage|p2a: Conkeldurr|67/100 brn\n|\n|-damage|p2a: Conkeldurr|61/100 brn|[from] brn\n|upkeep\n|turn|20\n|inactive|Time left: 300 sec this turn | 300 sec total\n|\n|t:|1783561836\n|switch|p1a: Virizion|Virizion, L82|11/283\n|move|p2a: Conkeldurr|Facade|p1a: Virizion\n|-damage|p1a: Virizion|0 fnt\n|faint|p1a: Virizion\n|\n|-damage|p2a: Conkeldurr|55/100 brn|[from] brn\n|upkeep\n|inactive|Time left: 300 sec this turn | 300 sec total | 5 sec grace\n|\n|t:|1783561837\n|switch|p1a: Clawitzer|Clawitzer, L87, M, tera:Dragon|209/265\n|turn|21\n|inactive|Time left: 300 sec this turn | 300 sec total\n|\n|t:|1783561838\n|switch|p2a: Dedenne|Dedenne, L88, M|100/100\n|move|p1a: Clawitzer|Water Pulse|p2a: Dedenne\n|-damage|p2a: Dedenne|27/100\n|-enditem|p2a: Dedenne|Sitrus Berry|[eat]\n|-heal|p2a: Dedenne|51/100|[from] item: Sitrus Berry\n|-heal|p2a: Dedenne|85/100|[from] ability: Cheek Pouch\n|\n|upkeep\n|turn|22\n|inactive|Time left: 300 sec this turn | 300 sec total\n|\n|t:|1783561839\n|move|p2a: Dedenne|Dazzling Gleam|p1a: Clawitzer\n|-supereffective|p1a: Clawitzer\n|-damage|p1a: Clawitzer|39/265\n|move|p1a: Clawitzer|Water Pulse|p2a: Dedenne\n|-damage|p2a: Dedenne|11/100\n|-start|p2a: Dedenne|confusion\n|\n|upkeep\n|turn|23\n|inactive|Time left: 300 sec this turn | 300 sec total\n|\n|t:|1783561839\n|-activate|p2a: Dedenne|confusion\n|-damage|p2a: Dedenne|0 fnt|[from] confusion\n|faint|p2a: Dedenne\n|move|p1a: Clawitzer|Water Pulse|p2: Dedenne|[notarget]\n|-fail|p1a: Clawitzer\n|\n|upkeep\n|\n|t:|1783561840\n|switch|p2a: Magmortar|Magmortar, L88, M|79/100\n|turn|24\n|inactive|Time left: 300 sec this turn | 300 sec total\n|\n|t:|1783561841\n|switch|p1a: Palkia|Palkia-Origin, L72|249/249\n|-ability|p1a: Palkia|Pressure\n|move|p2a: Magmortar|Knock Off|p1a: Palkia\n|-damage|p1a: Palkia|200/249\n|\n|upkeep\n|turn|25\n|inactive|Time left: 300 sec this turn | 300 sec total\n|\n|t:|1783561842\n|-terastallize|p2a: Magmortar|Fighting\n|move|p1a: Palkia|Hydro Pump|p2a: Magmortar\n|-damage|p2a: Magmortar|28/100\n|move|p2a: Magmortar|Focus Blast|p1a: Palkia\n|-damage|p1a: Palkia|53/249\n|\n|upkeep\n|turn|26\n|inactive|Time left: 300 sec this turn | 300 sec total\n|\n|t:|1783561843\n|move|p1a: Palkia|Spacial Rend|p2a: Magmortar\n|-damage|p2a: Magmortar|0 fnt\n|faint|p2a: Magmortar\n|\n|upkeep\n|\n|t:|1783561844\n|switch|p2a: Conkeldurr|Conkeldurr, L80, M|55/100 brn\n|turn|27\n|inactive|Time left: 300 sec this turn | 300 sec total\n|\n|t:|1783561845\n|move|p2a: Conkeldurr|Mach Punch|p1a: Palkia\n|-damage|p1a: Palkia|0 fnt\n|faint|p1a: Palkia\n|\n|-damage|p2a: Conkeldurr|49/100 brn|[from] brn\n|upkeep\n|inactive|Time left: 300 sec this turn | 300 sec total | 5 sec grace\n|\n|t:|1783561846\n|switch|p1a: Flapple|Flapple, L88, M|266/266\n|turn|28\n|inactive|Time left: 300 sec this turn | 300 sec total\n|\n|t:|1783561847\n|move|p1a: Flapple|Outrage|p2a: Conkeldurr\n|-damage|p2a: Conkeldurr|0 fnt\n|faint|p2a: Conkeldurr\n|\n|win|p0x194957fb", "uploadtime": 1783561847, "views": 0, "rating": 0, "private": 0, "password": null, "_winner": "p0x194957fb", "_our_name": "p0x194957fb"}