{"id": "battle-gen9randombattle-1521", "formatid": "gen9randombattle", "format": "[Gen 9] Random Battle", "players": ["p0x15214962", "p0y152160a8"], "log": "|init|battle\n|title|p0x15214962 vs. p0y152160a8\n|j|\u2606p0x15214962\n|j|\u2606p0y152160a8\n|t:|1783557715\n|gametype|singles\n|player|p1|p0x15214962|2|\n|player|p2|p0y152160a8|101|\n|gen|9\n|tier|[Gen 9] Random Battle\n|rule|Species Clause: Limit one of each Pok\u00e9mon\n|rule|HP Percentage Mod: HP is shown in percentages\n|rule|Sleep Clause Mod: Limit one foe put to sleep\n|rule|Illusion Level Mod: Illusion disguises the Pok\u00e9mon's true level\n|\n|t:|1783557715\n|teamsize|p1|6\n|teamsize|p2|6\n|start\n|switch|p1a: Kleavor|Kleavor, L78, M|100/100\n|switch|p2a: Brute Bonnet|Brute Bonnet, L80|309/309\n|turn|1\n|inactive|Battle timer is ON: inactive players will automatically lose when time's up. (requested by p0y152160a8)\n|inactive|p0x15214962 also wants the timer to be on.\n|\n|t:|1783557716\n|-end|p2a: Brute Bonnet|Protosynthesis|[silent]\n|switch|p2a: Dragalge|Dragalge, L88, M|258/258\n|move|p1a: Kleavor|Stone Axe|p2a: Dragalge\n|-crit|p2a: Dragalge\n|-damage|p2a: Dragalge|86/258\n|-sidestart|p2: p0y152160a8|move: Stealth Rock\n|\n|upkeep\n|turn|2\n|inactive|Time left: 300 sec this turn | 300 sec total\n|\n|t:|1783557716\n|move|p1a: Kleavor|Stone Axe|p2a: Dragalge\n|-crit|p2a: Dragalge\n|-damage|p2a: Dragalge|0 fnt\n|faint|p2a: Dragalge\n|\n|upkeep\n|inactive|Time left: 300 sec this turn | 300 sec total | 5 sec grace\n|\n|t:|1783557717\n|switch|p2a: Jolteon|Jolteon, L84, F|246/246\n|-damage|p2a: Jolteon|216/246|[from] Stealth Rock\n|turn|3\n|inactive|Time left: 300 sec this turn | 300 sec total\n|\n|t:|1783557718\n|switch|p1a: Ursaluna|Ursaluna, L79, F|100/100\n|move|p2a: Jolteon|Thunderbolt|p1a: Ursaluna\n|-immune|p1a: Ursaluna\n|\n|-status|p1a: Ursaluna|brn|[from] item: Flame Orb\n|upkeep\n|turn|4\n|inactive|Time left: 300 sec this turn | 300 sec total\n|\n|t:|1783557719\n|switch|p2a: Brute Bonnet|Brute Bonnet, L80|309/309\n|-damage|p2a: Brute Bonnet|271/309|[from] Stealth Rock\n|move|p1a: Ursaluna|Facade|p2a: Brute Bonnet\n|-damage|p2a: Brute Bonnet|10/309\n|\n|-heal|p2a: Brute Bonnet|29/309|[from] item: Leftovers\n|-damage|p1a: Ursaluna|95/100 brn|[from] brn\n|upkeep\n|turn|5\n|inactive|Time left: 300 sec this turn | 300 sec total\n|\n|t:|1783557720\n|move|p2a: Brute Bonnet|Seed Bomb|p1a: Ursaluna\n|-supereffective|p1a: Ursaluna\n|-damage|p1a: Ursaluna|37/100 brn\n|move|p1a: Ursaluna|Crunch|p2a: Brute Bonnet\n|-resisted|p2a: Brute Bonnet\n|-damage|p2a: Brute Bonnet|0 fnt\n|faint|p2a: Brute Bonnet\n|-end|p2a: Brute Bonnet|Protosynthesis|[silent]\n|\n|-damage|p1a: Ursaluna|31/100 brn|[from] brn\n|upkeep\n|inactive|Time left: 300 sec this turn | 300 sec total | 5 sec grace\n|\n|t:|1783557721\n|switch|p2a: Ariados|Ariados, L95, F|287/287\n|turn|6\n|inactive|Time left: 300 sec this turn | 300 sec total\n|\n|t:|1783557722\n|switch|p1a: Gengar|Gengar, L81, M|100/100\n|move|p2a: Ariados|Megahorn|p1a: Gengar\n|-resisted|p1a: Gengar\n|-damage|p1a: Gengar|78/100\n|\n|upkeep\n|turn|7\n|inactive|Time left: 300 sec this turn | 300 sec total\n|\n|t:|1783557723\n|move|p1a: Gengar|Shadow Ball|p2a: Ariados\n|-damage|p2a: Ariados|143/287\n|-unboost|p2a: Ariados|spd|1\n|move|p2a: Ariados|Sticky Web|p1a: Gengar\n|-sidestart|p1: p0x15214962|move: Sticky Web\n|\n|upkeep\n|turn|8\n|inactive|Time left: 300 sec this turn | 300 sec total\n|\n|t:|1783557724\n|move|p2a: Ariados|Sucker Punch|p1a: Gengar\n|-supereffective|p1a: Gengar\n|-damage|p1a: Gengar|13/100\n|move|p1a: Gengar|Shadow Ball|p2a: Ariados\n|-damage|p2a: Ariados|0 fnt\n|faint|p2a: Ariados\n|\n|upkeep\n|inactive|Time left: 300 sec this turn | 300 sec total | 5 sec grace\n|\n|t:|1783557726\n|switch|p2a: Jolteon|Jolteon, L84, F|216/246\n|-damage|p2a: Jolteon|186/246|[from] Stealth Rock\n|turn|9\n|inactive|Time left: 300 sec this turn | 300 sec total\n|\n|t:|1783557727\n|move|p2a: Jolteon|Alluring Voice|p1a: Gengar\n|-resisted|p1a: Gengar\n|-damage|p1a: Gengar|0 fnt\n|-start|p2a: Jolteon|Disable|Alluring Voice|[from] ability: Cursed Body|[of] p1a: Gengar\n|faint|p1a: Gengar\n|\n|upkeep\n|\n|t:|1783557728\n|switch|p1a: Iron Moth|Iron Moth, L78|100/100\n|turn|10\n|inactive|Time left: 300 sec this turn | 300 sec total\n|\n|t:|1783557729\n|switch|p2a: Pachirisu|Pachirisu, L96, F|271/271\n|-damage|p2a: Pachirisu|238/271|[from] Stealth Rock\n|move|p1a: Iron Moth|Fiery Dance|p2a: Pachirisu\n|-damage|p2a: Pachirisu|177/271\n|-boost|p1a: Iron Moth|spa|1\n|\n|upkeep\n|turn|11\n|inactive|Time left: 300 sec this turn | 300 sec total\n|\n|t:|1783557730\n|move|p2a: Pachirisu|Nuzzle|p1a: Iron Moth\n|-damage|p1a: Iron Moth|92/100\n|-status|p1a: Iron Moth|par\n|move|p1a: Iron Moth|Sludge Wave|p2a: Pachirisu\n|-damage|p2a: Pachirisu|71/271\n|\n|upkeep\n|turn|12\n|inactive|Time left: 300 sec this turn | 300 sec total\n|\n|t:|1783557731\n|move|p2a: Pachirisu|Super Fang|p1a: Iron Moth\n|-damage|p1a: Iron Moth|46/100 par\n|move|p1a: Iron Moth|Fiery Dance|p2a: Pachirisu\n|-damage|p2a: Pachirisu|0 fnt\n|faint|p2a: Pachirisu\n|\n|upkeep\n|inactive|Time left: 300 sec this turn | 300 sec total | 5 sec grace\n|\n|t:|1783557732\n|switch|p2a: Jolteon|Jolteon, L84, F|186/246\n|-damage|p2a: Jolteon|156/246|[from] Stealth Rock\n|turn|13\n|inactive|Time left: 300 sec this turn | 300 sec total\n|\n|t:|1783557733\n|-end|p1a: Iron Moth|Quark Drive|[silent]\n|switch|p1a: Ursaluna|Ursaluna, L79, F|31/100 brn\n|-activate|p1a: Ursaluna|move: Sticky Web\n|-unboost|p1a: Ursaluna|spe|1\n|move|p2a: Jolteon|Thunderbolt|p1a: Ursaluna\n|-immune|p1a: Ursaluna\n|\n|-damage|p1a: Ursaluna|25/100 brn|[from] brn\n|upkeep\n|turn|14\n|inactive|Time left: 300 sec this turn | 300 sec total\n|\n|t:|1783557734\n|move|p2a: Jolteon|Thunderbolt|p1a: Ursaluna\n|-immune|p1a: Ursaluna\n|move|p1a: Ursaluna|Headlong Rush|p2a: Jolteon\n|-supereffective|p2a: Jolteon\n|-damage|p2a: Jolteon|0 fnt\n|-unboost|p1a: Ursaluna|def|1\n|-unboost|p1a: Ursaluna|spd|1\n|faint|p2a: Jolteon\n|\n|-damage|p1a: Ursaluna|19/100 brn|[from] brn\n|upkeep\n|inactive|Time left: 300 sec this turn | 300 sec total | 5 sec grace\n|\n|t:|1783557735\n|switch|p2a: Volbeat|Volbeat, L90, M|263/263\n|turn|15\n|inactive|Time left: 300 sec this turn | 300 sec total\n|\n|t:|1783557736\n|switch|p1a: Iron Moth|Iron Moth, L78|46/100 par\n|move|p2a: Volbeat|Lunge|p1a: Iron Moth\n|-resisted|p1a: Iron Moth\n|-damage|p1a: Iron Moth|36/100 par\n|-unboost|p1a: Iron Moth|atk|1\n|\n|upkeep\n|turn|16\n|inactive|Time left: 300 sec this turn | 300 sec total\n|\n|t:|1783557738\n|move|p2a: Volbeat|Lunge|p1a: Iron Moth\n|-resisted|p1a: Iron Moth\n|-crit|p1a: Iron Moth\n|-damage|p1a: Iron Moth|18/100 par\n|-unboost|p1a: Iron Moth|atk|1\n|move|p1a: Iron Moth|Fiery Dance|p2a: Volbeat\n|-supereffective|p2a: Volbeat\n|-crit|p2a: Volbeat\n|-damage|p2a: Volbeat|0 fnt\n|faint|p2a: Volbeat\n|\n|win|p0x15214962", "uploadtime": 1783557738, "views": 0, "rating": 0, "private": 0, "password": null, "_winner": "p0x15214962", "_our_name": "p0y152160a8"}