{"id": "battle-gen9randombattle-414", "formatid": "gen9randombattle", "format": "[Gen 9] Random Battle", "players": ["p0x4141e66", "p0y414ba8e"], "log": "|init|battle\n|title|p0x4141e66 vs. p0y414ba8e\n|j|\u2606p0x4141e66\n|j|\u2606p0y414ba8e\n|t:|1783544525\n|gametype|singles\n|player|p1|p0x4141e66|1|\n|player|p2|p0y414ba8e|266|\n|gen|9\n|tier|[Gen 9] Random Battle\n|rule|Species Clause: Limit one of each Pok\u00e9mon\n|rule|HP Percentage Mod: HP is shown in percentages\n|rule|Sleep Clause Mod: Limit one foe put to sleep\n|rule|Illusion Level Mod: Illusion disguises the Pok\u00e9mon's true level\n|\n|t:|1783544525\n|teamsize|p1|6\n|teamsize|p2|6\n|start\n|switch|p1a: Overqwil|Overqwil, L82, F|274/274\n|switch|p2a: Houndoom|Houndoom, L87, M|100/100\n|-ability|p1a: Overqwil|Intimidate|boost\n|-unboost|p2a: Houndoom|atk|1\n|turn|1\n|inactive|Battle timer is ON: inactive players will automatically lose when time's up. (requested by p0x4141e66)\n|\n|t:|1783544526\n|switch|p2a: Magearna|Magearna, L77|100/100\n|move|p1a: Overqwil|Gunk Shot|p2a: Magearna\n|-immune|p2a: Magearna\n|\n|upkeep\n|turn|2\n|inactive|Time left: 300 sec this turn | 300 sec total\n|inactive|p0y414ba8e also wants the timer to be on.\n|\n|t:|1783544528\n|move|p1a: Overqwil|Gunk Shot|p2a: Magearna\n|-immune|p2a: Magearna\n|move|p2a: Magearna|Shift Gear|p2a: Magearna\n|-boost|p2a: Magearna|spe|2\n|-boost|p2a: Magearna|atk|1\n|\n|upkeep\n|turn|3\n|inactive|Time left: 300 sec this turn | 300 sec total\n|\n|t:|1783544529\n|switch|p1a: Crabominable|Crabominable, L90, M|321/321\n|move|p2a: Magearna|Shift Gear|p2a: Magearna\n|-boost|p2a: Magearna|spe|2\n|-boost|p2a: Magearna|atk|1\n|\n|upkeep\n|turn|4\n|inactive|Time left: 300 sec this turn | 300 sec total\n|\n|t:|1783544530\n|-terastallize|p1a: Crabominable|Ground\n|move|p2a: Magearna|Fleur Cannon|p1a: Crabominable\n|-damage|p1a: Crabominable|204/321\n|-unboost|p2a: Magearna|spa|2\n|move|p1a: Crabominable|Earthquake|p2a: Magearna\n|-supereffective|p2a: Magearna\n|-damage|p2a: Magearna|0 fnt\n|faint|p2a: Magearna\n|\n|upkeep\n|\n|t:|1783544532\n|switch|p2a: Iron Valiant|Iron Valiant, L78|100/100\n|turn|5\n|inactive|Time left: 300 sec this turn | 300 sec total\n|\n|t:|1783544533\n|move|p2a: Iron Valiant|Swords Dance|p2a: Iron Valiant\n|-boost|p2a: Iron Valiant|atk|2\n|move|p1a: Crabominable|Earthquake|p2a: Iron Valiant\n|-damage|p2a: Iron Valiant|33/100\n|\n|upkeep\n|turn|6\n|inactive|Time left: 300 sec this turn | 300 sec total\n|\n|t:|1783544534\n|switch|p1a: Overqwil|Overqwil, L82, F|274/274\n|-ability|p1a: Overqwil|Intimidate|boost\n|-unboost|p2a: Iron Valiant|atk|1\n|move|p2a: Iron Valiant|Spirit Break|p1a: Overqwil\n|-damage|p1a: Overqwil|114/274\n|-unboost|p1a: Overqwil|spa|1\n|-damage|p2a: Iron Valiant|23/100|[from] item: Life Orb\n|\n|upkeep\n|turn|7\n|inactive|Time left: 300 sec this turn | 300 sec total\n|\n|t:|1783544535\n|move|p1a: Overqwil|Aqua Jet|p2a: Iron Valiant\n|-damage|p2a: Iron Valiant|3/100\n|move|p2a: Iron Valiant|Spirit Break|p1a: Overqwil\n|-damage|p1a: Overqwil|0 fnt\n|faint|p1a: Overqwil\n|-damage|p2a: Iron Valiant|0 fnt|[from] item: Life Orb\n|faint|p2a: Iron Valiant\n|-end|p2a: Iron Valiant|Quark Drive|[silent]\n|\n|upkeep\n|inactive|Time left: 300 sec this turn | 300 sec total | 5 sec grace\n|\n|t:|1783544536\n|switch|p2a: Heracross|Heracross, L80, M|100/100\n|switch|p1a: Crabominable|Crabominable, L90, M, tera:Ground|204/321\n|turn|8\n|inactive|Time left: 300 sec this turn | 300 sec total\n|\n|t:|1783544537\n|move|p2a: Heracross|Megahorn|p1a: Crabominable\n|-damage|p1a: Crabominable|65/321\n|move|p1a: Crabominable|Knock Off|p2a: Heracross\n|-resisted|p2a: Heracross\n|-crit|p2a: Heracross\n|-damage|p2a: Heracross|68/100\n|-enditem|p2a: Heracross|Choice Scarf|[from] move: Knock Off|[of] p1a: Crabominable\n|\n|upkeep\n|turn|9\n|inactive|Time left: 300 sec this turn | 300 sec total\n|\n|t:|1783544539\n|switch|p1a: Charizard|Charizard, L85, M|271/271\n|move|p2a: Heracross|Earthquake|p1a: Charizard\n|-immune|p1a: Charizard\n|\n|upkeep\n|turn|10\n|inactive|Time left: 300 sec this turn | 300 sec total\n|\n|t:|1783544540\n|switch|p2a: Houndoom|Houndoom, L87, M|100/100\n|move|p1a: Charizard|Flamethrower|p2a: Houndoom\n|-start|p2a: Houndoom|ability: Flash Fire\n|\n|upkeep\n|turn|11\n|inactive|Time left: 300 sec this turn | 300 sec total\n|\n|t:|1783544541\n|move|p1a: Charizard|Earthquake|p2a: Houndoom\n|-supereffective|p2a: Houndoom\n|-damage|p2a: Houndoom|30/100\n|move|p2a: Houndoom|Sludge Bomb|p1a: Charizard\n|-damage|p1a: Charizard|194/271\n|\n|upkeep\n|turn|12\n|inactive|Time left: 300 sec this turn | 300 sec total\n|\n|t:|1783544543\n|-end|p2a: Houndoom|ability: Flash Fire|[silent]\n|switch|p2a: Zangoose|Zangoose, L85, F|100/100\n|move|p1a: Charizard|Earthquake|p2a: Zangoose\n|-damage|p2a: Zangoose|69/100\n|\n|-status|p2a: Zangoose|tox|[from] item: Toxic Orb\n|upkeep\n|turn|13\n|inactive|Time left: 300 sec this turn | 300 sec total\n|\n|t:|1783544544\n|move|p1a: Charizard|Hurricane|p2a: Zangoose|[miss]\n|-miss|p1a: Charizard|p2a: Zangoose\n|move|p2a: Zangoose|Facade|p1a: Charizard\n|-damage|p1a: Charizard|0 fnt\n|faint|p1a: Charizard\n|\n|-damage|p2a: Zangoose|63/100 tox|[from] psn\n|upkeep\n|inactive|Time left: 300 sec this turn | 300 sec total | 5 sec grace\n|\n|t:|1783544545\n|switch|p1a: Miraidon|Miraidon, L65|238/238\n|-fieldstart|move: Electric Terrain|[from] ability: Hadron Engine|[of] p1a: Miraidon\n|turn|14\n|inactive|Time left: 300 sec this turn | 300 sec total\n|\n|t:|1783544546\n|switch|p2a: Raichu|Raichu, L88, M|100/100\n|move|p1a: Miraidon|Electro Drift|p2a: Raichu\n|-ability|p2a: Raichu|Lightning Rod|boost\n|-boost|p2a: Raichu|spa|1\n|\n|upkeep\n|turn|15\n|inactive|Time left: 300 sec this turn | 300 sec total\n|\n|t:|1783544547\n|switch|p1a: Crabominable|Crabominable, L90, M, tera:Ground|65/321\n|move|p2a: Raichu|Thunderbolt|p1a: Crabominable\n|-immune|p1a: Crabominable\n|\n|upkeep\n|turn|16\n|inactive|Time left: 300 sec this turn | 300 sec total\n|\n|t:|1783544548\n|move|p2a: Raichu|Grass Knot|p1a: Crabominable\n|-supereffective|p1a: Crabominable\n|-damage|p1a: Crabominable|0 fnt\n|faint|p1a: Crabominable\n|-damage|p2a: Raichu|91/100|[from] item: Life Orb\n|\n|upkeep\n|inactive|Time left: 300 sec this turn | 300 sec total | 5 sec grace\n|\n|t:|1783544550\n|switch|p1a: Miraidon|Miraidon, L65|238/238\n|-activate|p1a: Miraidon|ability: Hadron Engine\n|turn|17\n|inactive|Time left: 300 sec this turn | 300 sec total\n|\n|t:|1783544551\n|move|p2a: Raichu|Alluring Voice|p1a: Miraidon\n|-supereffective|p1a: Miraidon\n|-damage|p1a: Miraidon|0 fnt\n|faint|p1a: Miraidon\n|-damage|p2a: Raichu|81/100|[from] item: Life Orb\n|\n|upkeep\n|inactive|Time left: 300 sec this turn | 300 sec total | 5 sec grace\n|\n|t:|1783544552\n|switch|p1a: Cetitan|Cetitan, L82, M|412/412\n|turn|18\n|inactive|Time left: 300 sec this turn | 300 sec total\n|\n|t:|1783544553\n|move|p2a: Raichu|Thunderbolt|p1a: Cetitan\n|-damage|p1a: Cetitan|48/412\n|-enditem|p1a: Cetitan|Sitrus Berry|[eat]\n|-heal|p1a: Cetitan|151/412|[from] item: Sitrus Berry\n|-damage|p2a: Raichu|72/100|[from] item: Life Orb\n|move|p1a: Cetitan|Ice Spinner|p2a: Raichu\n|-damage|p2a: Raichu|22/100\n|-fieldend|move: Electric Terrain\n|\n|upkeep\n|turn|19\n|inactive|Time left: 300 sec this turn | 300 sec total\n|\n|t:|1783544554\n|switch|p2a: Heracross|Heracross, L80, M|68/100\n|move|p1a: Cetitan|Ice Shard|p2a: Heracross\n|-damage|p2a: Heracross|46/100\n|\n|upkeep\n|turn|20\n|inactive|Time left: 300 sec this turn | 300 sec total\n|\n|t:|1783544555\n|switch|p1a: Dudunsparce|Dudunsparce, L83, F|343/343\n|move|p2a: Heracross|Megahorn|p1a: Dudunsparce\n|-damage|p1a: Dudunsparce|199/343\n|-ability|p1a: Dudunsparce|Rattled|boost\n|-boost|p1a: Dudunsparce|spe|1\n|\n|-heal|p1a: Dudunsparce|220/343|[from] item: Leftovers\n|upkeep\n|turn|21\n|inactive|Time left: 300 sec this turn | 300 sec total\n|\n|t:|1783544556\n|switch|p2a: Raichu|Raichu, L88, M|22/100\n|move|p1a: Dudunsparce|Boomburst|p2a: Raichu\n|-damage|p2a: Raichu|0 fnt\n|faint|p2a: Raichu\n|\n|-heal|p1a: Dudunsparce|241/343|[from] item: Leftovers\n|upkeep\n|\n|t:|1783544557\n|switch|p2a: Zangoose|Zangoose, L85, F|63/100 tox\n|turn|22\n|inactive|Time left: 300 sec this turn | 300 sec total\n|\n|t:|1783544558\n|move|p1a: Dudunsparce|Boomburst|p2a: Zangoose\n|-damage|p2a: Zangoose|0 fnt\n|faint|p2a: Zangoose\n|\n|-heal|p1a: Dudunsparce|262/343|[from] item: Leftovers\n|upkeep\n|\n|t:|1783544559\n|switch|p2a: Houndoom|Houndoom, L87, M|30/100\n|turn|23\n|inactive|Time left: 300 sec this turn | 300 sec total\n|\n|t:|1783544560\n|move|p2a: Houndoom|Fire Blast|p1a: Dudunsparce\n|-damage|p1a: Dudunsparce|102/343\n|move|p1a: Dudunsparce|Boomburst|p2a: Houndoom\n|-damage|p2a: Houndoom|0 fnt\n|faint|p2a: Houndoom\n|\n|-heal|p1a: Dudunsparce|123/343|[from] item: Leftovers\n|upkeep\n|\n|t:|1783544561\n|switch|p2a: Heracross|Heracross, L80, M|46/100\n|turn|24\n|inactive|Time left: 300 sec this turn | 300 sec total\n|\n|t:|1783544562\n|move|p1a: Dudunsparce|Boomburst|p2a: Heracross\n|-damage|p2a: Heracross|0 fnt\n|faint|p2a: Heracross\n|\n|win|p0x4141e66", "uploadtime": 1783544562, "views": 0, "rating": 0, "private": 0, "password": null, "_winner": "p0x4141e66", "_our_name": "p0x4141e66"}