{"id": "battle-gen9randombattle-2308", "formatid": "gen9randombattle", "format": "[Gen 9] Random Battle", "players": ["p0x2308c602", "p0y23080e08"], "log": "|init|battle\n|title|p0x2308c602 vs. p0y23080e08\n|j|\u2606p0x2308c602\n|j|\u2606p0y23080e08\n|t:|1783566809\n|gametype|singles\n|player|p1|p0x2308c602|102|\n|player|p2|p0y23080e08|2|\n|gen|9\n|tier|[Gen 9] Random Battle\n|rule|Species Clause: Limit one of each Pok\u00e9mon\n|rule|HP Percentage Mod: HP is shown in percentages\n|rule|Sleep Clause Mod: Limit one foe put to sleep\n|rule|Illusion Level Mod: Illusion disguises the Pok\u00e9mon's true level\n|\n|t:|1783566809\n|teamsize|p1|6\n|teamsize|p2|6\n|start\n|switch|p1a: Stantler|Stantler, L92, M|100/100\n|switch|p2a: Meganium|Meganium, L90, F, shiny|290/290\n|-ability|p1a: Stantler|Intimidate|boost\n|-unboost|p2a: Meganium|atk|1\n|turn|1\n|inactive|Battle timer is ON: inactive players will automatically lose when time's up. (requested by p0y23080e08)\n|\n|t:|1783566811\n|move|p1a: Stantler|Body Slam|p2a: Meganium\n|-damage|p2a: Meganium|202/290\n|move|p2a: Meganium|Swords Dance|p2a: Meganium\n|-boost|p2a: Meganium|atk|2\n|\n|-heal|p2a: Meganium|220/290|[from] item: Leftovers\n|upkeep\n|turn|2\n|inactive|Time left: 300 sec this turn | 300 sec total\n|inactive|p0x2308c602 also wants the timer to be on.\n|\n|t:|1783566812\n|move|p1a: Stantler|Body Slam|p2a: Meganium\n|-damage|p2a: Meganium|130/290\n|-status|p2a: Meganium|par\n|move|p2a: Meganium|Petal Blizzard|p1a: Stantler\n|-damage|p1a: Stantler|59/100\n|\n|-heal|p2a: Meganium|148/290 par|[from] item: Leftovers\n|upkeep\n|turn|3\n|inactive|Time left: 300 sec this turn | 300 sec total\n|\n|t:|1783566813\n|switch|p1a: Toucannon|Toucannon, L88, M|100/100\n|move|p2a: Meganium|Petal Blizzard|p1a: Toucannon\n|-resisted|p1a: Toucannon\n|-damage|p1a: Toucannon|72/100\n|\n|-heal|p2a: Meganium|166/290 par|[from] item: Leftovers\n|upkeep\n|turn|4\n|inactive|Time left: 300 sec this turn | 300 sec total\n|\n|t:|1783566814\n|-singleturn|p1a: Toucannon|move: Beak Blast\n|move|p2a: Meganium|Knock Off|p1a: Toucannon\n|-damage|p1a: Toucannon|31/100\n|-enditem|p1a: Toucannon|Heavy-Duty Boots|[from] move: Knock Off|[of] p2a: Meganium\n|move|p1a: Toucannon|Beak Blast|p2a: Meganium\n|-supereffective|p2a: Meganium\n|-damage|p2a: Meganium|0 fnt\n|faint|p2a: Meganium\n|\n|upkeep\n|inactive|Time left: 300 sec this turn | 300 sec total | 5 sec grace\n|\n|t:|1783566815\n|switch|p2a: Rotom|Rotom, L88|231/231\n|turn|5\n|inactive|Time left: 300 sec this turn | 300 sec total\n|\n|t:|1783566816\n|move|p2a: Rotom|Thunderbolt|p1a: Toucannon\n|-supereffective|p1a: Toucannon\n|-damage|p1a: Toucannon|0 fnt\n|faint|p1a: Toucannon\n|-damage|p2a: Rotom|208/231|[from] item: Life Orb\n|\n|upkeep\n|\n|t:|1783566817\n|switch|p1a: Diancie|Diancie, L82|100/100\n|turn|6\n|inactive|Time left: 300 sec this turn | 300 sec total\n|\n|t:|1783566818\n|move|p2a: Rotom|Nasty Plot|p2a: Rotom\n|-boost|p2a: Rotom|spa|2\n|move|p1a: Diancie|Diamond Storm|p2a: Rotom\n|-damage|p2a: Rotom|93/231\n|-boost|p1a: Diancie|def|2\n|\n|upkeep\n|turn|7\n|inactive|Time left: 300 sec this turn | 300 sec total\n|\n|t:|1783566820\n|-terastallize|p2a: Rotom|Ghost\n|move|p2a: Rotom|Shadow Ball|p1a: Diancie\n|-damage|p1a: Diancie|4/100\n|-damage|p2a: Rotom|70/231|[from] item: Life Orb\n|move|p1a: Diancie|Diamond Storm|p2a: Rotom\n|-damage|p2a: Rotom|0 fnt\n|faint|p2a: Rotom\n|\n|-heal|p1a: Diancie|10/100|[from] item: Leftovers\n|upkeep\n|inactive|Time left: 300 sec this turn | 300 sec total | 5 sec grace\n|\n|t:|1783566820\n|switch|p2a: Typhlosion|Typhlosion-Hisui, L83, F|257/257\n|turn|8\n|inactive|Time left: 300 sec this turn | 300 sec total\n|\n|t:|1783566822\n|switch|p1a: Stantler|Stantler, L92, M|59/100\n|-ability|p1a: Stantler|Intimidate|boost\n|-unboost|p2a: Typhlosion|atk|1\n|move|p2a: Typhlosion|Shadow Ball|p1a: Stantler\n|-immune|p1a: Stantler\n|\n|upkeep\n|turn|9\n|inactive|Time left: 300 sec this turn | 300 sec total\n|\n|t:|1783566823\n|move|p1a: Stantler|Throat Chop|p2a: Typhlosion\n|-supereffective|p2a: Typhlosion\n|-damage|p2a: Typhlosion|105/257\n|-start|p2a: Typhlosion|Throat Chop|[silent]\n|move|p2a: Typhlosion|Fire Blast|p1a: Stantler\n|-damage|p1a: Stantler|24/100\n|\n|upkeep\n|turn|10\n|inactive|Time left: 300 sec this turn | 300 sec total\n|\n|t:|1783566824\n|switch|p2a: Dragonite|Dragonite, L74, F|257/257\n|move|p1a: Stantler|Earthquake|p2a: Dragonite\n|-immune|p2a: Dragonite\n|\n|upkeep\n|turn|11\n|inactive|Time left: 300 sec this turn | 300 sec total\n|\n|t:|1783566825\n|move|p1a: Stantler|Body Slam|p2a: Dragonite\n|-damage|p2a: Dragonite|202/257\n|move|p2a: Dragonite|Dragon Dance|p2a: Dragonite\n|-boost|p2a: Dragonite|atk|1\n|-boost|p2a: Dragonite|spe|1\n|\n|upkeep\n|turn|12\n|inactive|Time left: 300 sec this turn | 300 sec total\n|\n|t:|1783566826\n|switch|p1a: Mamoswine|Mamoswine, L81, M|100/100\n|move|p2a: Dragonite|Earthquake|p1a: Mamoswine\n|-crit|p1a: Mamoswine\n|-damage|p1a: Mamoswine|41/100\n|\n|upkeep\n|turn|13\n|inactive|Time left: 300 sec this turn | 300 sec total\n|\n|t:|1783566827\n|move|p1a: Mamoswine|Ice Shard|p2a: Dragonite\n|-supereffective|p2a: Dragonite\n|-damage|p2a: Dragonite|0 fnt\n|faint|p2a: Dragonite\n|-damage|p1a: Mamoswine|31/100|[from] item: Life Orb\n|\n|upkeep\n|inactive|Time left: 300 sec this turn | 300 sec total | 5 sec grace\n|\n|t:|1783566828\n|switch|p2a: Hypno|Hypno, L95, F|315/315\n|turn|14\n|inactive|Time left: 300 sec this turn | 300 sec total\n|\n|t:|1783566830\n|switch|p1a: Banette|Banette, L93, F|100/100\n|move|p2a: Hypno|Psychic Noise|p1a: Banette\n|-damage|p1a: Banette|66/100\n|-start|p1a: Banette|move: Heal Block\n|\n|upkeep\n|turn|15\n|inactive|Time left: 300 sec this turn | 300 sec total\n|\n|t:|1783566831\n|move|p2a: Hypno|Psychic Noise|p1a: Banette\n|-damage|p1a: Banette|33/100\n|move|p1a: Banette|Poltergeist|p2a: Hypno\n|-activate|p2a: Hypno|move: Poltergeist|Leftovers\n|-supereffective|p2a: Hypno\n|-damage|p2a: Hypno|0 fnt\n|faint|p2a: Hypno\n|-damage|p1a: Banette|23/100|[from] item: Life Orb\n|\n|-end|p1a: Banette|move: Heal Block\n|upkeep\n|inactive|Time left: 300 sec this turn | 300 sec total | 5 sec grace\n|\n|t:|1783566832\n|switch|p2a: Jolteon|Jolteon, L84, M|246/246\n|turn|16\n|inactive|Time left: 300 sec this turn | 300 sec total\n|\n|t:|1783566833\n|move|p1a: Banette|Shadow Sneak|p2a: Jolteon\n|-damage|p2a: Jolteon|141/246\n|-damage|p1a: Banette|13/100|[from] item: Life Orb\n|move|p2a: Jolteon|Thunderbolt|p1a: Banette\n|-damage|p1a: Banette|0 fnt\n|faint|p1a: Banette\n|-damage|p2a: Jolteon|117/246|[from] item: Life Orb\n|\n|upkeep\n|\n|t:|1783566834\n|switch|p1a: Mamoswine|Mamoswine, L81, M|31/100\n|turn|17\n|inactive|Time left: 300 sec this turn | 300 sec total\n|\n|t:|1783566835\n|-terastallize|p1a: Mamoswine|Ice\n|move|p1a: Mamoswine|Ice Shard|p2a: Jolteon\n|-damage|p2a: Jolteon|10/246\n|-damage|p1a: Mamoswine|21/100|[from] item: Life Orb\n|move|p2a: Jolteon|Alluring Voice|p1a: Mamoswine\n|-damage|p1a: Mamoswine|0 fnt\n|faint|p1a: Mamoswine\n|-damage|p2a: Jolteon|0 fnt|[from] item: Life Orb\n|faint|p2a: Jolteon\n|\n|upkeep\n|inactive|Time left: 300 sec this turn | 300 sec total | 5 sec grace\n|\n|t:|1783566836\n|switch|p2a: Typhlosion|Typhlosion-Hisui, L83, F|105/257\n|switch|p1a: Stantler|Stantler, L92, M|24/100\n|-ability|p1a: Stantler|Intimidate|boost\n|-unboost|p2a: Typhlosion|atk|1\n|turn|18\n|inactive|Time left: 300 sec this turn | 300 sec total\n|\n|t:|1783566837\n|move|p1a: Stantler|Throat Chop|p2a: Typhlosion\n|-supereffective|p2a: Typhlosion\n|-damage|p2a: Typhlosion|0 fnt\n|faint|p2a: Typhlosion\n|\n|win|p0x2308c602", "uploadtime": 1783566837, "views": 0, "rating": 0, "private": 0, "password": null, "_winner": "p0x2308c602", "_our_name": "p0y23080e08"}