{"id": "battle-gen9randombattle-2191", "formatid": "gen9randombattle", "format": "[Gen 9] Random Battle", "players": ["p0x2191762a", "p0y21918f70"], "log": "|init|battle\n|title|p0x2191762a vs. p0y21918f70\n|j|\u2606p0x2191762a\n|j|\u2606p0y21918f70\n|t:|1783564495\n|gametype|singles\n|player|p1|p0x2191762a|102|\n|player|p2|p0y21918f70|169|\n|gen|9\n|tier|[Gen 9] Random Battle\n|rule|Species Clause: Limit one of each Pok\u00e9mon\n|rule|HP Percentage Mod: HP is shown in percentages\n|rule|Sleep Clause Mod: Limit one foe put to sleep\n|rule|Illusion Level Mod: Illusion disguises the Pok\u00e9mon's true level\n|\n|t:|1783564495\n|teamsize|p1|6\n|teamsize|p2|6\n|start\n|switch|p1a: Cetitan|Cetitan, L82, F|412/412\n|switch|p2a: Deoxys|Deoxys-Attack, L72|100/100\n|-ability|p2a: Deoxys|Pressure\n|turn|1\n|inactive|Battle timer is ON: inactive players will automatically lose when time's up. (requested by p0y21918f70)\n|inactive|Time left: 300 sec this turn | 300 sec total | 60 sec grace\n|inactive|p0x2191762a also wants the timer to be on.\n|\n|t:|1783564496\n|switch|p2a: Lapras|Lapras, L87, M|100/100\n|move|p1a: Cetitan|Ice Spinner|p2a: Lapras\n|-resisted|p2a: Lapras\n|-damage|p2a: Lapras|94/100\n|\n|upkeep\n|turn|2\n|inactive|Time left: 300 sec this turn | 300 sec total\n|\n|t:|1783564497\n|move|p1a: Cetitan|Belly Drum|p1a: Cetitan\n|-damage|p1a: Cetitan|206/412\n|-setboost|p1a: Cetitan|atk|6|[from] move: Belly Drum\n|-enditem|p1a: Cetitan|Sitrus Berry|[eat]\n|-heal|p1a: Cetitan|309/412|[from] item: Sitrus Berry\n|move|p2a: Lapras|Hydro Pump|p1a: Cetitan\n|-damage|p1a: Cetitan|60/412\n|\n|upkeep\n|turn|3\n|inactive|Time left: 300 sec this turn | 300 sec total\n|\n|t:|1783564498\n|move|p1a: Cetitan|Earthquake|p2a: Lapras\n|-damage|p2a: Lapras|13/100\n|move|p2a: Lapras|Hydro Pump|p1a: Cetitan|[miss]\n|-miss|p2a: Lapras|p1a: Cetitan\n|\n|upkeep\n|turn|4\n|inactive|Time left: 300 sec this turn | 300 sec total\n|\n|t:|1783564499\n|switch|p2a: Quagsire|Quagsire, L84, M|100/100\n|move|p1a: Cetitan|Earthquake|p2a: Quagsire\n|-damage|p2a: Quagsire|74/100\n|\n|-heal|p2a: Quagsire|80/100|[from] item: Leftovers\n|upkeep\n|turn|5\n|inactive|Time left: 300 sec this turn | 300 sec total\n|\n|t:|1783564500\n|move|p1a: Cetitan|Ice Spinner|p2a: Quagsire\n|-damage|p2a: Quagsire|51/100\n|move|p2a: Quagsire|Earthquake|p1a: Cetitan\n|-damage|p1a: Cetitan|0 fnt\n|faint|p1a: Cetitan\n|\n|-heal|p2a: Quagsire|57/100|[from] item: Leftovers\n|upkeep\n|inactive|Time left: 300 sec this turn | 300 sec total | 5 sec grace\n|\n|t:|1783564501\n|switch|p1a: Ribombee|Ribombee, L83, F|235/235\n|turn|6\n|inactive|Time left: 300 sec this turn | 300 sec total\n|\n|t:|1783564503\n|move|p1a: Ribombee|Sticky Web|p2a: Quagsire\n|-sidestart|p2: p0y21918f70|move: Sticky Web\n|move|p2a: Quagsire|Recover|p2a: Quagsire\n|-heal|p2a: Quagsire|100/100\n|\n|upkeep\n|turn|7\n|inactive|Time left: 300 sec this turn | 300 sec total\n|\n|t:|1783564503\n|switch|p2a: Drifblim|Drifblim, L86, M|100/100\n|move|p1a: Ribombee|Moonblast|p2a: Drifblim\n|-damage|p2a: Drifblim|67/100\n|-unboost|p2a: Drifblim|spa|1\n|\n|upkeep\n|turn|8\n|inactive|Time left: 300 sec this turn | 300 sec total\n|\n|t:|1783564504\n|move|p1a: Ribombee|Moonblast|p2a: Drifblim\n|-damage|p2a: Drifblim|34/100\n|move|p2a: Drifblim|Defog|p1a: Ribombee\n|-unboost|p1a: Ribombee|evasion|1\n|-sideend|p2: p0y21918f70|Sticky Web|[from] move: Defog|[of] p2a: Drifblim\n|\n|upkeep\n|turn|9\n|inactive|Time left: 300 sec this turn | 300 sec total\n|\n|t:|1783564505\n|move|p1a: Ribombee|Sticky Web|p2a: Drifblim\n|-sidestart|p2: p0y21918f70|move: Sticky Web\n|move|p2a: Drifblim|Strength Sap|p1a: Ribombee\n|-unboost|p1a: Ribombee|atk|1\n|-heal|p2a: Drifblim|69/100\n|\n|upkeep\n|turn|10\n|inactive|Time left: 300 sec this turn | 300 sec total\n|\n|t:|1783564506\n|switch|p1a: Flutter Mane|Flutter Mane, L74|203/203\n|move|p2a: Drifblim|Defog|p1a: Flutter Mane\n|-unboost|p1a: Flutter Mane|evasion|1\n|-sideend|p2: p0y21918f70|Sticky Web|[from] move: Defog|[of] p2a: Drifblim\n|\n|upkeep\n|turn|11\n|inactive|Time left: 300 sec this turn | 300 sec total\n|\n|t:|1783564507\n|switch|p2a: Quagsire|Quagsire, L84, M|100/100\n|move|p1a: Flutter Mane|Moonblast|p2a: Quagsire\n|-damage|p2a: Quagsire|36/100\n|-unboost|p2a: Quagsire|spa|1\n|\n|-heal|p2a: Quagsire|42/100|[from] item: Leftovers\n|upkeep\n|turn|12\n|inactive|Time left: 300 sec this turn | 300 sec total\n|\n|t:|1783564508\n|switch|p2a: Lapras|Lapras, L87, M|13/100\n|move|p1a: Flutter Mane|Moonblast|p2a: Lapras\n|-damage|p2a: Lapras|0 fnt\n|faint|p2a: Lapras\n|\n|upkeep\n|\n|t:|1783564509\n|switch|p2a: Spiritomb|Spiritomb, L89, F|100/100\n|turn|13\n|inactive|Time left: 300 sec this turn | 300 sec total\n|\n|t:|1783564510\n|-terastallize|p2a: Spiritomb|Steel\n|move|p1a: Flutter Mane|Moonblast|p2a: Spiritomb\n|-resisted|p2a: Spiritomb\n|-damage|p2a: Spiritomb|75/100\n|move|p2a: Spiritomb|Poltergeist|p1a: Flutter Mane\n|-activate|p1a: Flutter Mane|move: Poltergeist|Choice Specs\n|-supereffective|p1a: Flutter Mane\n|-damage|p1a: Flutter Mane|0 fnt\n|faint|p1a: Flutter Mane\n|-end|p1a: Flutter Mane|Protosynthesis|[silent]\n|\n|-heal|p2a: Spiritomb|81/100|[from] item: Leftovers\n|upkeep\n|inactive|Time left: 300 sec this turn | 300 sec total | 5 sec grace\n|\n|t:|1783564511\n|switch|p1a: Torkoal|Torkoal, L88, M|266/266\n|-weather|SunnyDay|[from] ability: Drought|[of] p1a: Torkoal\n|turn|14\n|inactive|Time left: 300 sec this turn | 300 sec total\n|\n|t:|1783564512\n|switch|p2a: Eternatus|Eternatus, L69|100/100\n|-ability|p2a: Eternatus|Pressure\n|move|p1a: Torkoal|Fire Blast|p2a: Eternatus|[miss]\n|-miss|p1a: Torkoal|p2a: Eternatus\n|\n|-weather|SunnyDay|[upkeep]\n|upkeep\n|turn|15\n|inactive|Time left: 300 sec this turn | 300 sec total\n|\n|t:|1783564513\n|switch|p1a: Milotic|Milotic, L83, M|293/293\n|move|p2a: Eternatus|Toxic|p1a: Milotic\n|-status|p1a: Milotic|tox\n|\n|-weather|SunnyDay|[upkeep]\n|-damage|p1a: Milotic|275/293 tox|[from] psn\n|upkeep\n|turn|16\n|inactive|Time left: 300 sec this turn | 300 sec total\n|\n|t:|1783564514\n|move|p2a: Eternatus|Flamethrower|p1a: Milotic\n|-resisted|p1a: Milotic\n|-damage|p1a: Milotic|242/293 tox\n|move|p1a: Milotic|Ice Beam|p2a: Eternatus\n|-supereffective|p2a: Eternatus\n|-damage|p2a: Eternatus|56/100\n|\n|-weather|SunnyDay|[upkeep]\n|-heal|p1a: Milotic|260/293 tox|[from] item: Leftovers\n|-damage|p1a: Milotic|224/293 tox|[from] psn\n|upkeep\n|turn|17\n|inactive|Time left: 300 sec this turn | 300 sec total\n|\n|t:|1783564515\n|move|p2a: Eternatus|Recover|p2a: Eternatus\n|-heal|p2a: Eternatus|100/100\n|move|p1a: Milotic|Ice Beam|p2a: Eternatus\n|-supereffective|p2a: Eternatus\n|-damage|p2a: Eternatus|50/100\n|\n|-weather|SunnyDay|[upkeep]\n|-heal|p1a: Milotic|242/293 tox|[from] item: Leftovers\n|-damage|p1a: Milotic|188/293 tox|[from] psn\n|upkeep\n|turn|18\n|inactive|Time left: 300 sec this turn | 300 sec total\n|\n|t:|1783564516\n|move|p2a: Eternatus|Recover|p2a: Eternatus\n|-heal|p2a: Eternatus|99/100\n|move|p1a: Milotic|Ice Beam|p2a: Eternatus\n|-supereffective|p2a: Eternatus\n|-damage|p2a: Eternatus|50/100\n|\n|-weather|none\n|-heal|p1a: Milotic|206/293 tox|[from] item: Leftovers\n|-damage|p1a: Milotic|134/293 tox|[from] psn\n|upkeep\n|turn|19\n|inactive|Time left: 300 sec this turn | 300 sec total\n|\n|t:|1783564517\n|switch|p1a: Ribombee|Ribombee, L83, F|235/235\n|move|p2a: Eternatus|Recover|p2a: Eternatus\n|-heal|p2a: Eternatus|100/100\n|\n|upkeep\n|turn|20\n|inactive|Time left: 300 sec this turn | 300 sec total\n|\n|t:|1783564518\n|move|p1a: Ribombee|Sticky Web|p2a: Eternatus\n|-sidestart|p2: p0y21918f70|move: Sticky Web\n|move|p2a: Eternatus|Flamethrower|p1a: Ribombee\n|-supereffective|p1a: Ribombee\n|-damage|p1a: Ribombee|93/235\n|\n|upkeep\n|turn|21\n|inactive|Time left: 300 sec this turn | 300 sec total\n|\n|t:|1783564519\n|move|p1a: Ribombee|Moonblast|p2a: Eternatus\n|-damage|p2a: Eternatus|67/100\n|-unboost|p2a: Eternatus|spa|1\n|move|p2a: Eternatus|Flamethrower|p1a: Ribombee\n|-supereffective|p1a: Ribombee\n|-damage|p1a: Ribombee|0 fnt\n|faint|p1a: Ribombee\n|\n|upkeep\n|inactive|Time left: 300 sec this turn | 300 sec total | 5 sec grace\n|\n|t:|1783564520\n|switch|p1a: Darkrai|Darkrai, L77|234/234\n|turn|22\n|inactive|Time left: 300 sec this turn | 300 sec total\n|\n|t:|1783564521\n|move|p1a: Darkrai|Nasty Plot|p1a: Darkrai\n|-boost|p1a: Darkrai|spa|2\n|move|p2a: Eternatus|Recover|p2a: Eternatus\n|-heal|p2a: Eternatus|100/100\n|\n|upkeep\n|turn|23\n|inactive|Time left: 300 sec this turn | 300 sec total\n|\n|t:|1783564522\n|move|p1a: Darkrai|Dark Pulse|p2a: Eternatus\n|-damage|p2a: Eternatus|13/100\n|-damage|p1a: Darkrai|211/234|[from] item: Life Orb\n|move|p2a: Eternatus|Toxic|p1a: Darkrai\n|-status|p1a: Darkrai|tox\n|\n|-damage|p1a: Darkrai|197/234 tox|[from] psn\n|upkeep\n|turn|24\n|inactive|Time left: 300 sec this turn | 300 sec total\n|\n|t:|1783564523\n|move|p1a: Darkrai|Dark Pulse|p2a: Eternatus\n|-crit|p2a: Eternatus\n|-damage|p2a: Eternatus|0 fnt\n|faint|p2a: Eternatus\n|-damage|p1a: Darkrai|174/234 tox|[from] item: Life Orb\n|\n|-damage|p1a: Darkrai|146/234 tox|[from] psn\n|upkeep\n|\n|t:|1783564524\n|switch|p2a: Quagsire|Quagsire, L84, M|42/100\n|-activate|p2a: Quagsire|move: Sticky Web\n|-unboost|p2a: Quagsire|spe|1\n|turn|25\n|inactive|Time left: 300 sec this turn | 300 sec total\n|\n|t:|1783564525\n|move|p1a: Darkrai|Dark Pulse|p2a: Quagsire\n|-crit|p2a: Quagsire\n|-damage|p2a: Quagsire|0 fnt\n|faint|p2a: Quagsire\n|-damage|p1a: Darkrai|123/234 tox|[from] item: Life Orb\n|\n|-damage|p1a: Darkrai|81/234 tox|[from] psn\n|upkeep\n|\n|t:|1783564526\n|switch|p2a: Spiritomb|Spiritomb, L89, F, tera:Steel|81/100\n|-activate|p2a: Spiritomb|move: Sticky Web\n|-unboost|p2a: Spiritomb|spe|1\n|turn|26\n|inactive|Time left: 300 sec this turn | 300 sec total\n|\n|t:|1783564527\n|move|p2a: Spiritomb|Shadow Sneak|p1a: Darkrai\n|-resisted|p1a: Darkrai\n|-damage|p1a: Darkrai|57/234 tox\n|move|p1a: Darkrai|Dark Pulse|p2a: Spiritomb\n|-damage|p2a: Spiritomb|0 fnt\n|faint|p2a: Spiritomb\n|-damage|p1a: Darkrai|34/234 tox|[from] item: Life Orb\n|\n|-damage|p1a: Darkrai|0 fnt|[from] psn\n|faint|p1a: Darkrai\n|upkeep\n|inactive|Time left: 300 sec this turn | 300 sec total | 5 sec grace\n|\n|t:|1783564528\n|switch|p1a: Milotic|Milotic, L83, M|134/293 tox\n|switch|p2a: Drifblim|Drifblim, L86, M|69/100\n|turn|27\n|inactive|Time left: 300 sec this turn | 300 sec total\n|\n|t:|1783564529\n|move|p2a: Drifblim|Air Slash|p1a: Milotic\n|-crit|p1a: Milotic\n|-damage|p1a: Milotic|47/293 tox\n|cant|p1a: Milotic|flinch\n|\n|-heal|p1a: Milotic|65/293 tox|[from] item: Leftovers\n|-damage|p1a: Milotic|47/293 tox|[from] psn\n|upkeep\n|turn|28\n|inactive|Time left: 300 sec this turn | 300 sec total\n|\n|t:|1783564530\n|move|p2a: Drifblim|Shadow Ball|p1a: Milotic\n|-damage|p1a: Milotic|0 fnt\n|faint|p1a: Milotic\n|\n|upkeep\n|inactive|Time left: 300 sec this turn | 300 sec total | 5 sec grace\n|\n|t:|1783564530\n|switch|p1a: Torkoal|Torkoal, L88, M|266/266\n|-weather|SunnyDay|[from] ability: Drought|[of] p1a: Torkoal\n|turn|29\n|inactive|Time left: 300 sec this turn | 300 sec total\n|\n|t:|1783564532\n|move|p2a: Drifblim|Air Slash|p1a: Torkoal\n|-damage|p1a: Torkoal|175/266\n|move|p1a: Torkoal|Yawn|p2a: Drifblim\n|-start|p2a: Drifblim|move: Yawn|[of] p1a: Torkoal\n|\n|-weather|SunnyDay|[upkeep]\n|upkeep\n|turn|30\n|inactive|Time left: 300 sec this turn | 300 sec total\n|\n|t:|1783564532\n|switch|p2a: Deoxys|Deoxys-Attack, L72|100/100\n|-activate|p2a: Deoxys|move: Sticky Web\n|-unboost|p2a: Deoxys|spe|1\n|-ability|p2a: Deoxys|Pressure\n|move|p1a: Torkoal|Solar Beam||[still]\n|-prepare|p1a: Torkoal|Solar Beam\n|-anim|p1a: Torkoal|Solar Beam|p2a: Deoxys\n|-damage|p2a: Deoxys|0 fnt\n|faint|p2a: Deoxys\n|\n|-weather|SunnyDay|[upkeep]\n|upkeep\n|\n|t:|1783564533\n|switch|p2a: Drifblim|Drifblim, L86, M|69/100\n|turn|31\n|inactive|Time left: 300 sec this turn | 300 sec total\n|\n|t:|1783564534\n|move|p2a: Drifblim|Air Slash|p1a: Torkoal\n|-damage|p1a: Torkoal|81/266\n|move|p1a: Torkoal|Fire Blast|p2a: Drifblim|[miss]\n|-miss|p1a: Torkoal|p2a: Drifblim\n|\n|-weather|SunnyDay|[upkeep]\n|upkeep\n|turn|32\n|inactive|Time left: 300 sec this turn | 300 sec total\n|\n|t:|1783564535\n|-terastallize|p1a: Torkoal|Grass\n|move|p2a: Drifblim|Shadow Ball|p1a: Torkoal\n|-damage|p1a: Torkoal|0 fnt\n|faint|p1a: Torkoal\n|\n|win|p0y21918f70", "uploadtime": 1783564535, "views": 0, "rating": 0, "private": 0, "password": null, "_winner": "p0y21918f70", "_our_name": "p0x2191762a"}