{"id": "battle-gen9randombattle-1660", "formatid": "gen9randombattle", "format": "[Gen 9] Random Battle", "players": ["p0x1659933e", "p0y165944a5"], "log": "|init|battle\n|title|p0x1659933e vs. p0y165944a5\n|j|\u2606p0x1659933e\n|j|\u2606p0y165944a5\n|t:|1783558471\n|gametype|singles\n|player|p1|p0x1659933e|265|\n|player|p2|p0y165944a5|2|\n|gen|9\n|tier|[Gen 9] Random Battle\n|rule|Species Clause: Limit one of each Pok\u00e9mon\n|rule|HP Percentage Mod: HP is shown in percentages\n|rule|Sleep Clause Mod: Limit one foe put to sleep\n|rule|Illusion Level Mod: Illusion disguises the Pok\u00e9mon's true level\n|\n|t:|1783558471\n|teamsize|p1|6\n|teamsize|p2|6\n|start\n|switch|p1a: Electivire|Electivire, L84, F|263/263\n|switch|p2a: Swampert|Swampert, L83, F|100/100\n|turn|1\n|inactive|Battle timer is ON: inactive players will automatically lose when time's up. (requested by p0y165944a5)\n|inactive|Time left: 300 sec this turn | 300 sec total | 60 sec grace\n|inactive|p0x1659933e also wants the timer to be on.\n|\n|t:|1783558473\n|switch|p1a: Hatterene|Hatterene, L85, F|236/236\n|move|p2a: Swampert|Earthquake|p1a: Hatterene\n|-damage|p1a: Hatterene|137/236\n|\n|-heal|p1a: Hatterene|151/236|[from] item: Leftovers\n|upkeep\n|turn|2\n|inactive|Time left: 300 sec this turn | 300 sec total\n|\n|t:|1783558474\n|move|p2a: Swampert|Earthquake|p1a: Hatterene\n|-damage|p1a: Hatterene|51/236\n|move|p1a: Hatterene|Draining Kiss|p2a: Swampert\n|-crit|p2a: Swampert\n|-damage|p2a: Swampert|61/100\n|-heal|p1a: Hatterene|140/236|[from] drain|[of] p2a: Swampert\n|\n|-heal|p2a: Swampert|67/100|[from] item: Leftovers\n|-heal|p1a: Hatterene|154/236|[from] item: Leftovers\n|upkeep\n|turn|3\n|inactive|Time left: 300 sec this turn | 300 sec total\n|\n|t:|1783558476\n|move|p2a: Swampert|Earthquake|p1a: Hatterene\n|-damage|p1a: Hatterene|52/236\n|move|p1a: Hatterene|Psychic|p2a: Swampert\n|-damage|p2a: Swampert|22/100\n|\n|-heal|p2a: Swampert|28/100|[from] item: Leftovers\n|-heal|p1a: Hatterene|66/236|[from] item: Leftovers\n|upkeep\n|turn|4\n|inactive|Time left: 300 sec this turn | 300 sec total\n|\n|t:|1783558477\n|switch|p1a: Feraligatr|Feraligatr, L79, M|264/264\n|move|p2a: Swampert|Earthquake|p1a: Feraligatr\n|-damage|p1a: Feraligatr|152/264\n|\n|-heal|p2a: Swampert|34/100|[from] item: Leftovers\n|upkeep\n|turn|5\n|inactive|Time left: 300 sec this turn | 300 sec total\n|\n|t:|1783558478\n|move|p1a: Feraligatr|Liquidation|p2a: Swampert\n|-damage|p2a: Swampert|0 fnt\n|faint|p2a: Swampert\n|\n|upkeep\n|\n|t:|1783558479\n|switch|p2a: Medicham|Medicham, L86, M|100/100\n|turn|6\n|inactive|Time left: 300 sec this turn | 300 sec total\n|\n|t:|1783558480\n|switch|p1a: Froslass|Froslass, L87, F|263/263\n|move|p2a: Medicham|Zen Headbutt|p1a: Froslass|[miss]\n|-miss|p2a: Medicham|p1a: Froslass\n|\n|upkeep\n|turn|7\n|inactive|Time left: 300 sec this turn | 300 sec total\n|\n|t:|1783558481\n|switch|p2a: Copperajah|Copperajah, L86, F|100/100\n|move|p1a: Froslass|Will-O-Wisp|p2a: Copperajah\n|-status|p2a: Copperajah|brn\n|\n|-damage|p2a: Copperajah|94/100 brn|[from] brn\n|upkeep\n|turn|8\n|inactive|Time left: 300 sec this turn | 300 sec total\n|\n|t:|1783558482\n|switch|p1a: Milotic|Milotic, L83, F|293/293\n|move|p2a: Copperajah|Iron Head|p1a: Milotic\n|-resisted|p1a: Milotic\n|-damage|p1a: Milotic|241/293\n|\n|-heal|p1a: Milotic|259/293|[from] item: Leftovers\n|-damage|p2a: Copperajah|88/100 brn|[from] brn\n|upkeep\n|turn|9\n|inactive|Time left: 300 sec this turn | 300 sec total\n|\n|t:|1783558482\n|move|p1a: Milotic|Scald|p2a: Copperajah\n|-damage|p2a: Copperajah|57/100 brn\n|move|p2a: Copperajah|Rock Slide|p1a: Milotic\n|-damage|p1a: Milotic|189/293\n|\n|-heal|p1a: Milotic|207/293|[from] item: Leftovers\n|-damage|p2a: Copperajah|51/100 brn|[from] brn\n|upkeep\n|turn|10\n|inactive|Time left: 300 sec this turn | 300 sec total\n|\n|t:|1783558483\n|move|p1a: Milotic|Recover|p1a: Milotic\n|-heal|p1a: Milotic|293/293\n|move|p2a: Copperajah|Earthquake|p1a: Milotic\n|-damage|p1a: Milotic|232/293\n|-damage|p2a: Copperajah|41/100 brn|[from] item: Life Orb\n|\n|-heal|p1a: Milotic|250/293|[from] item: Leftovers\n|-damage|p2a: Copperajah|35/100 brn|[from] brn\n|upkeep\n|turn|11\n|inactive|Time left: 300 sec this turn | 300 sec total\n|\n|t:|1783558484\n|move|p1a: Milotic|Scald|p2a: Copperajah\n|-damage|p2a: Copperajah|9/100 brn\n|move|p2a: Copperajah|Play Rough|p1a: Milotic|[miss]\n|-miss|p2a: Copperajah|p1a: Milotic\n|\n|-heal|p1a: Milotic|268/293|[from] item: Leftovers\n|-damage|p2a: Copperajah|3/100 brn|[from] brn\n|upkeep\n|turn|12\n|inactive|Time left: 300 sec this turn | 300 sec total\n|\n|t:|1783558485\n|move|p1a: Milotic|Scald|p2a: Copperajah\n|-damage|p2a: Copperajah|0 fnt\n|faint|p2a: Copperajah\n|\n|-heal|p1a: Milotic|286/293|[from] item: Leftovers\n|upkeep\n|\n|t:|1783558486\n|switch|p2a: Medicham|Medicham, L86, M|100/100\n|turn|13\n|inactive|Time left: 300 sec this turn | 300 sec total\n|\n|t:|1783558487\n|switch|p1a: Froslass|Froslass, L87, F|263/263\n|move|p2a: Medicham|Close Combat|p1a: Froslass\n|-immune|p1a: Froslass\n|\n|upkeep\n|turn|14\n|inactive|Time left: 300 sec this turn | 300 sec total\n|\n|t:|1783558488\n|switch|p2a: Palkia|Palkia, L75|100/100\n|-ability|p2a: Palkia|Pressure\n|move|p1a: Froslass|Triple Axel|p2a: Palkia\n|-damage|p2a: Palkia|93/100\n|-crit|p2a: Palkia\n|-damage|p2a: Palkia|68/100\n|-damage|p2a: Palkia|46/100\n|-hitcount|p2a: Palkia|3\n|\n|upkeep\n|turn|15\n|inactive|Time left: 300 sec this turn | 300 sec total\n|\n|t:|1783558489\n|-terastallize|p2a: Palkia|Water\n|move|p1a: Froslass|Triple Axel|p2a: Palkia\n|-resisted|p2a: Palkia\n|-crit|p2a: Palkia\n|-damage|p2a: Palkia|40/100\n|-resisted|p2a: Palkia\n|-damage|p2a: Palkia|33/100\n|-resisted|p2a: Palkia\n|-damage|p2a: Palkia|21/100\n|-hitcount|p2a: Palkia|3\n|move|p2a: Palkia|Hydro Pump|p1a: Froslass\n|-damage|p1a: Froslass|9/263\n|\n|upkeep\n|turn|16\n|inactive|Time left: 300 sec this turn | 300 sec total\n|\n|t:|1783558490\n|move|p1a: Froslass|Triple Axel|p2a: Palkia\n|-resisted|p2a: Palkia\n|-damage|p2a: Palkia|18/100\n|-resisted|p2a: Palkia\n|-damage|p2a: Palkia|10/100\n|-resisted|p2a: Palkia\n|-damage|p2a: Palkia|0 fnt\n|faint|p2a: Palkia\n|-hitcount|p2: Palkia|3\n|\n|upkeep\n|\n|t:|1783558491\n|switch|p2a: Sceptile|Sceptile, L87, M|100/100\n|turn|17\n|inactive|Time left: 300 sec this turn | 300 sec total\n|\n|t:|1783558492\n|move|p2a: Sceptile|Giga Drain|p1a: Froslass\n|-damage|p1a: Froslass|0 fnt\n|faint|p1a: Froslass\n|-damage|p2a: Sceptile|91/100|[from] item: Life Orb\n|\n|upkeep\n|inactive|Time left: 300 sec this turn | 300 sec total | 5 sec grace\n|\n|t:|1783558493\n|switch|p1a: Oranguru|Oranguru, L92, M|315/315\n|turn|18\n|inactive|Time left: 300 sec this turn | 300 sec total\n|\n|t:|1783558495\n|move|p2a: Sceptile|Giga Drain|p1a: Oranguru\n|-damage|p1a: Oranguru|225/315\n|-heal|p2a: Sceptile|100/100|[from] drain|[of] p1a: Oranguru\n|-damage|p2a: Sceptile|91/100|[from] item: Life Orb\n|move|p1a: Oranguru|Nasty Plot|p1a: Oranguru\n|-boost|p1a: Oranguru|spa|2\n|\n|-heal|p1a: Oranguru|244/315|[from] item: Leftovers\n|upkeep\n|turn|19\n|inactive|Time left: 300 sec this turn | 300 sec total\n|\n|t:|1783558496\n|move|p2a: Sceptile|Shed Tail|p2a: Sceptile\n|-start|p2a: Sceptile|Substitute|[from] move: Shed Tail\n|-damage|p2a: Sceptile|41/100\n|\n|t:|1783558497\n|switch|p2a: Medicham|Medicham, L86, M|100/100|[from] Shed Tail\n|move|p1a: Oranguru|Psychic|p2a: Medicham\n|-end|p2a: Medicham|Substitute\n|\n|-heal|p1a: Oranguru|263/315|[from] item: Leftovers\n|upkeep\n|turn|20\n|inactive|Time left: 300 sec this turn | 300 sec total\n|\n|t:|1783558497\n|move|p2a: Medicham|Close Combat|p1a: Oranguru\n|-damage|p1a: Oranguru|0 fnt\n|-unboost|p2a: Medicham|def|1\n|-unboost|p2a: Medicham|spd|1\n|faint|p1a: Oranguru\n|\n|upkeep\n|inactive|Time left: 300 sec this turn | 300 sec total | 5 sec grace\n|\n|t:|1783558499\n|switch|p1a: Hatterene|Hatterene, L85, F|66/236\n|turn|21\n|inactive|Time left: 300 sec this turn | 300 sec total\n|\n|t:|1783558499\n|move|p2a: Medicham|Close Combat|p1a: Hatterene\n|-resisted|p1a: Hatterene\n|-damage|p1a: Hatterene|6/236\n|-unboost|p2a: Medicham|def|1\n|-unboost|p2a: Medicham|spd|1\n|move|p1a: Hatterene|Draining Kiss|p2a: Medicham\n|-supereffective|p2a: Medicham\n|-crit|p2a: Medicham\n|-damage|p2a: Medicham|0 fnt\n|-heal|p1a: Hatterene|188/236|[from] drain|[of] p2a: Medicham\n|faint|p2a: Medicham\n|\n|-heal|p1a: Hatterene|202/236|[from] item: Leftovers\n|upkeep\n|\n|t:|1783558500\n|switch|p2a: Cacturne|Cacturne, L92, F|100/100\n|turn|22\n|inactive|Time left: 300 sec this turn | 300 sec total\n|\n|t:|1783558502\n|move|p2a: Cacturne|Leaf Storm|p1a: Hatterene\n|-damage|p1a: Hatterene|0 fnt\n|-unboost|p2a: Cacturne|spa|2\n|faint|p1a: Hatterene\n|-damage|p2a: Cacturne|91/100|[from] item: Life Orb\n|\n|upkeep\n|inactive|Time left: 300 sec this turn | 300 sec total | 5 sec grace\n|\n|t:|1783558503\n|switch|p1a: Feraligatr|Feraligatr, L79, M|152/264\n|turn|23\n|inactive|Time left: 300 sec this turn | 300 sec total\n|\n|t:|1783558504\n|move|p1a: Feraligatr|Ice Punch|p2a: Cacturne\n|-supereffective|p2a: Cacturne\n|-damage|p2a: Cacturne|12/100\n|move|p2a: Cacturne|Knock Off|p1a: Feraligatr\n|-damage|p1a: Feraligatr|0 fnt\n|-enditem|p1a: Feraligatr|Life Orb|[from] move: Knock Off|[of] p2a: Cacturne\n|faint|p1a: Feraligatr\n|-damage|p2a: Cacturne|3/100|[from] item: Life Orb\n|\n|upkeep\n|inactive|Time left: 300 sec this turn | 300 sec total | 5 sec grace\n|\n|t:|1783558505\n|switch|p1a: Electivire|Electivire, L84, F|263/263\n|turn|24\n|inactive|Time left: 300 sec this turn | 300 sec total\n|\n|t:|1783558506\n|-terastallize|p1a: Electivire|Dark\n|move|p2a: Cacturne|Sucker Punch|p1a: Electivire\n|-resisted|p1a: Electivire\n|-damage|p1a: Electivire|177/263\n|-damage|p2a: Cacturne|0 fnt|[from] item: Life Orb\n|faint|p2a: Cacturne\n|move|p1a: Electivire|Knock Off|p2: Cacturne|[notarget]\n|-fail|p1a: Electivire\n|\n|upkeep\n|\n|t:|1783558507\n|switch|p2a: Sceptile|Sceptile, L87, M|41/100\n|turn|25\n|inactive|Time left: 300 sec this turn | 300 sec total\n|\n|t:|1783558508\n|move|p2a: Sceptile|Focus Blast|p1a: Electivire|[miss]\n|-miss|p2a: Sceptile|p1a: Electivire\n|move|p1a: Electivire|Knock Off|p2a: Sceptile\n|-damage|p2a: Sceptile|0 fnt\n|-enditem|p2a: Sceptile|Life Orb|[from] move: Knock Off|[of] p1a: Electivire\n|faint|p2a: Sceptile\n|-damage|p1a: Electivire|151/263|[from] item: Life Orb\n|\n|win|p0x1659933e", "uploadtime": 1783558508, "views": 0, "rating": 0, "private": 0, "password": null, "_winner": "p0x1659933e", "_our_name": "p0x1659933e"}