{"id": "battle-gen9randombattle-206", "formatid": "gen9randombattle", "format": "[Gen 9] Random Battle", "players": ["p0x2068440", "p0y20623f4"], "log": "|init|battle\n|title|p0x2068440 vs. p0y20623f4\n|j|\u2606p0x2068440\n|j|\u2606p0y20623f4\n|t:|1783541943\n|gametype|singles\n|player|p1|p0x2068440|169|\n|player|p2|p0y20623f4|102|\n|gen|9\n|tier|[Gen 9] Random Battle\n|rule|Species Clause: Limit one of each Pok\u00e9mon\n|rule|HP Percentage Mod: HP is shown in percentages\n|rule|Sleep Clause Mod: Limit one foe put to sleep\n|rule|Illusion Level Mod: Illusion disguises the Pok\u00e9mon's true level\n|\n|t:|1783541943\n|teamsize|p1|6\n|teamsize|p2|6\n|start\n|switch|p1a: Heracross|Heracross, L80, M|100/100\n|switch|p2a: Glaceon|Glaceon, L94, M|275/275\n|turn|1\n|inactive|Battle timer is ON: inactive players will automatically lose when time's up. (requested by p0x2068440)\n|inactive|Time left: 300 sec this turn | 300 sec total | 60 sec grace\n|\n|t:|1783541945\n|move|p1a: Heracross|Close Combat|p2a: Glaceon\n|-supereffective|p2a: Glaceon\n|-damage|p2a: Glaceon|0 fnt\n|-unboost|p1a: Heracross|def|1\n|-unboost|p1a: Heracross|spd|1\n|faint|p2a: Glaceon\n|-ability|p1a: Heracross|Moxie|boost\n|-boost|p1a: Heracross|atk|1\n|\n|upkeep\n|inactive|Time left: 300 sec this turn | 300 sec total | 65 sec grace\n|inactive|p0y20623f4 also wants the timer to be on.\n|\n|t:|1783541946\n|switch|p2a: Leavanny|Leavanny, L86, M|269/269\n|turn|2\n|inactive|Time left: 300 sec this turn | 300 sec total\n|\n|t:|1783541947\n|move|p2a: Leavanny|Sticky Web|p1a: Heracross\n|-sidestart|p1: p0x2068440|move: Sticky Web\n|move|p1a: Heracross|Close Combat|p2a: Leavanny\n|-resisted|p2a: Leavanny\n|-damage|p2a: Leavanny|107/269\n|-unboost|p1a: Heracross|def|1\n|-unboost|p1a: Heracross|spd|1\n|\n|upkeep\n|turn|3\n|inactive|Time left: 300 sec this turn | 300 sec total\n|\n|t:|1783541949\n|move|p2a: Leavanny|Triple Axel|p1a: Heracross\n|-crit|p1a: Heracross\n|-damage|p1a: Heracross|78/100\n|-crit|p1a: Heracross\n|-damage|p1a: Heracross|31/100\n|-damage|p1a: Heracross|0 fnt\n|faint|p1a: Heracross\n|-hitcount|p1: Heracross|3\n|\n|upkeep\n|\n|t:|1783541950\n|switch|p1a: Vileplume|Vileplume, L85, F|100/100\n|-activate|p1a: Vileplume|move: Sticky Web\n|-unboost|p1a: Vileplume|spe|1\n|turn|4\n|inactive|Time left: 300 sec this turn | 300 sec total\n|\n|t:|1783541951\n|move|p2a: Leavanny|Knock Off|p1a: Vileplume\n|-damage|p1a: Vileplume|71/100\n|-enditem|p1a: Vileplume|Leftovers|[from] move: Knock Off|[of] p2a: Leavanny\n|move|p1a: Vileplume|Sludge Bomb|p2a: Leavanny\n|-supereffective|p2a: Leavanny\n|-damage|p2a: Leavanny|0 fnt\n|faint|p2a: Leavanny\n|\n|upkeep\n|inactive|Time left: 300 sec this turn | 300 sec total | 5 sec grace\n|\n|t:|1783541952\n|switch|p2a: Volcanion|Volcanion, L79|255/255\n|turn|5\n|inactive|Time left: 300 sec this turn | 300 sec total\n|\n|t:|1783541953\n|move|p2a: Volcanion|Flamethrower|p1a: Vileplume\n|-supereffective|p1a: Vileplume\n|-damage|p1a: Vileplume|0 fnt\n|faint|p1a: Vileplume\n|\n|upkeep\n|\n|t:|1783541953\n|switch|p1a: Sinistcha|Sinistcha-Masterpiece, L83|100/100\n|-activate|p1a: Sinistcha|move: Sticky Web\n|-unboost|p1a: Sinistcha|spe|1\n|turn|6\n|inactive|Time left: 300 sec this turn | 300 sec total\n|\n|t:|1783541954\n|move|p2a: Volcanion|Steam Eruption|p1a: Sinistcha\n|-resisted|p1a: Sinistcha\n|-damage|p1a: Sinistcha|72/100\n|move|p1a: Sinistcha|Matcha Gotcha|p2a: Volcanion\n|-crit|p2a: Volcanion\n|-damage|p2a: Volcanion|146/255\n|-heal|p1a: Sinistcha|94/100|[from] drain|[of] p2a: Volcanion\n|\n|-heal|p1a: Sinistcha|99/100|[from] item: Leftovers\n|upkeep\n|turn|7\n|inactive|Time left: 300 sec this turn | 300 sec total\n|\n|t:|1783541955\n|move|p2a: Volcanion|Flamethrower|p1a: Sinistcha\n|-supereffective|p1a: Sinistcha\n|-damage|p1a: Sinistcha|50/100\n|move|p1a: Sinistcha|Calm Mind|p1a: Sinistcha\n|-boost|p1a: Sinistcha|spa|1\n|-boost|p1a: Sinistcha|spd|1\n|\n|-heal|p1a: Sinistcha|56/100|[from] item: Leftovers\n|upkeep\n|turn|8\n|inactive|Time left: 300 sec this turn | 300 sec total\n|\n|t:|1783541956\n|move|p2a: Volcanion|Flamethrower|p1a: Sinistcha\n|-supereffective|p1a: Sinistcha\n|-damage|p1a: Sinistcha|27/100\n|-status|p1a: Sinistcha|brn\n|move|p1a: Sinistcha|Strength Sap|p2a: Volcanion\n|-unboost|p2a: Volcanion|atk|1\n|-heal|p1a: Sinistcha|100/100 brn\n|\n|-damage|p1a: Sinistcha|98/100 brn|[from] brn\n|upkeep\n|turn|9\n|inactive|Time left: 300 sec this turn | 300 sec total\n|\n|t:|1783541957\n|move|p2a: Volcanion|Flame Charge|p1a: Sinistcha\n|-supereffective|p1a: Sinistcha\n|-damage|p1a: Sinistcha|84/100 brn\n|-boost|p2a: Volcanion|spe|1\n|move|p1a: Sinistcha|Shadow Ball|p2a: Volcanion\n|-damage|p2a: Volcanion|46/255\n|\n|-heal|p1a: Sinistcha|89/100 brn|[from] item: Leftovers\n|-damage|p1a: Sinistcha|87/100 brn|[from] brn\n|upkeep\n|turn|10\n|inactive|Time left: 300 sec this turn | 300 sec total\n|\n|t:|1783541958\n|move|p2a: Volcanion|Flamethrower|p1a: Sinistcha\n|-supereffective|p1a: Sinistcha\n|-damage|p1a: Sinistcha|55/100 brn\n|move|p1a: Sinistcha|Matcha Gotcha|p2a: Volcanion\n|-damage|p2a: Volcanion|0 fnt\n|-heal|p1a: Sinistcha|64/100 brn|[from] drain|[of] p2a: Volcanion\n|faint|p2a: Volcanion\n|\n|-heal|p1a: Sinistcha|70/100 brn|[from] item: Leftovers\n|-damage|p1a: Sinistcha|67/100 brn|[from] brn\n|upkeep\n|inactive|Time left: 300 sec this turn | 300 sec total | 5 sec grace\n|\n|t:|1783541958\n|switch|p2a: Brute Bonnet|Brute Bonnet, L80|309/309\n|turn|11\n|inactive|Time left: 300 sec this turn | 300 sec total\n|\n|t:|1783541959\n|-terastallize|p1a: Sinistcha|Steel\n|move|p2a: Brute Bonnet|Crunch|p1a: Sinistcha\n|-damage|p1a: Sinistcha|32/100 brn\n|move|p1a: Sinistcha|Strength Sap|p2a: Brute Bonnet\n|-unboost|p2a: Brute Bonnet|atk|1\n|-heal|p1a: Sinistcha|100/100 brn\n|\n|-damage|p1a: Sinistcha|98/100 brn|[from] brn\n|upkeep\n|turn|12\n|inactive|Time left: 300 sec this turn | 300 sec total\n|\n|t:|1783541960\n|-end|p2a: Brute Bonnet|Protosynthesis|[silent]\n|switch|p2a: Oinkologne|Oinkologne-F, L92, F|361/361\n|move|p1a: Sinistcha|Matcha Gotcha|p2a: Oinkologne\n|-damage|p2a: Oinkologne|226/361\n|-heal|p1a: Sinistcha|100/100 brn|[from] drain|[of] p2a: Oinkologne\n|\n|-heal|p2a: Oinkologne|248/361|[from] item: Leftovers\n|-damage|p1a: Sinistcha|98/100 brn|[from] brn\n|upkeep\n|turn|13\n|inactive|Time left: 300 sec this turn | 300 sec total\n|\n|t:|1783541961\n|move|p2a: Oinkologne|Curse|p2a: Oinkologne\n|-unboost|p2a: Oinkologne|spe|1\n|-boost|p2a: Oinkologne|atk|1\n|-boost|p2a: Oinkologne|def|1\n|move|p1a: Sinistcha|Strength Sap|p2a: Oinkologne\n|-unboost|p2a: Oinkologne|atk|1\n|-heal|p1a: Sinistcha|100/100 brn\n|\n|-heal|p2a: Oinkologne|270/361|[from] item: Leftovers\n|-damage|p1a: Sinistcha|98/100 brn|[from] brn\n|upkeep\n|turn|14\n|inactive|Time left: 300 sec this turn | 300 sec total\n|\n|t:|1783541962\n|move|p2a: Oinkologne|High Horsepower|p1a: Sinistcha\n|-supereffective|p1a: Sinistcha\n|-damage|p1a: Sinistcha|43/100 brn\n|move|p1a: Sinistcha|Matcha Gotcha|p2a: Oinkologne\n|-damage|p2a: Oinkologne|135/361\n|-heal|p1a: Sinistcha|70/100 brn|[from] drain|[of] p2a: Oinkologne\n|-status|p2a: Oinkologne|brn\n|\n|-heal|p2a: Oinkologne|157/361 brn|[from] item: Leftovers\n|-heal|p1a: Sinistcha|76/100 brn|[from] item: Leftovers\n|-damage|p2a: Oinkologne|135/361 brn|[from] brn\n|-damage|p1a: Sinistcha|73/100 brn|[from] brn\n|upkeep\n|turn|15\n|inactive|Time left: 300 sec this turn | 300 sec total\n|\n|t:|1783541963\n|switch|p2a: Okidogi|Okidogi, L77, M|262/262\n|move|p1a: Sinistcha|Strength Sap|p2a: Okidogi\n|-unboost|p2a: Okidogi|atk|1\n|-heal|p1a: Sinistcha|100/100 brn\n|\n|-damage|p1a: Sinistcha|98/100 brn|[from] brn\n|upkeep\n|turn|16\n|inactive|Time left: 300 sec this turn | 300 sec total\n|\n|t:|1783541964\n|move|p2a: Okidogi|Bulk Up|p2a: Okidogi\n|-boost|p2a: Okidogi|atk|1\n|-boost|p2a: Okidogi|def|1\n|move|p1a: Sinistcha|Matcha Gotcha|p2a: Okidogi\n|-resisted|p2a: Okidogi\n|-damage|p2a: Okidogi|185/262\n|-heal|p1a: Sinistcha|100/100 brn|[from] drain|[of] p2a: Okidogi\n|\n|-heal|p2a: Okidogi|201/262|[from] item: Leftovers\n|-damage|p1a: Sinistcha|98/100 brn|[from] brn\n|upkeep\n|turn|17\n|inactive|Time left: 300 sec this turn | 300 sec total\n|\n|t:|1783541965\n|move|p2a: Okidogi|Drain Punch|p1a: Sinistcha\n|-supereffective|p1a: Sinistcha\n|-damage|p1a: Sinistcha|41/100 brn\n|-heal|p2a: Okidogi|262/262|[from] drain|[of] p1a: Sinistcha\n|move|p1a: Sinistcha|Strength Sap|p2a: Okidogi\n|-unboost|p2a: Okidogi|atk|1\n|-heal|p1a: Sinistcha|100/100 brn\n|\n|-damage|p1a: Sinistcha|98/100 brn|[from] brn\n|upkeep\n|turn|18\n|inactive|Time left: 300 sec this turn | 300 sec total\n|\n|t:|1783541966\n|move|p2a: Okidogi|Bulk Up|p2a: Okidogi\n|-boost|p2a: Okidogi|atk|1\n|-boost|p2a: Okidogi|def|1\n|move|p1a: Sinistcha|Matcha Gotcha|p2a: Okidogi\n|-resisted|p2a: Okidogi\n|-damage|p2a: Okidogi|178/262\n|-heal|p1a: Sinistcha|100/100 brn|[from] drain|[of] p2a: Okidogi\n|-status|p2a: Okidogi|brn\n|\n|-heal|p2a: Okidogi|194/262 brn|[from] item: Leftovers\n|-damage|p2a: Okidogi|178/262 brn|[from] brn\n|-damage|p1a: Sinistcha|98/100 brn|[from] brn\n|upkeep\n|turn|19\n|inactive|Time left: 300 sec this turn | 300 sec total\n|\n|t:|1783541967\n|move|p2a: Okidogi|Drain Punch|p1a: Sinistcha\n|-supereffective|p1a: Sinistcha\n|-damage|p1a: Sinistcha|67/100 brn\n|-heal|p2a: Okidogi|217/262 brn|[from] drain|[of] p1a: Sinistcha\n|move|p1a: Sinistcha|Shadow Ball|p2a: Okidogi\n|-damage|p2a: Okidogi|54/262 brn\n|\n|-heal|p2a: Okidogi|70/262 brn|[from] item: Leftovers\n|-heal|p1a: Sinistcha|73/100 brn|[from] item: Leftovers\n|-damage|p2a: Okidogi|54/262 brn|[from] brn\n|-damage|p1a: Sinistcha|70/100 brn|[from] brn\n|upkeep\n|turn|20\n|inactive|Time left: 300 sec this turn | 300 sec total\n|\n|t:|1783541968\n|move|p2a: Okidogi|Knock Off|p1a: Sinistcha\n|-damage|p1a: Sinistcha|57/100 brn\n|-enditem|p1a: Sinistcha|Leftovers|[from] move: Knock Off|[of] p2a: Okidogi\n|move|p1a: Sinistcha|Strength Sap|p2a: Okidogi\n|-unboost|p2a: Okidogi|atk|1\n|-heal|p1a: Sinistcha|100/100 brn\n|\n|-heal|p2a: Okidogi|70/262 brn|[from] item: Leftovers\n|-damage|p2a: Okidogi|54/262 brn|[from] brn\n|-damage|p1a: Sinistcha|98/100 brn|[from] brn\n|upkeep\n|turn|21\n|inactive|Time left: 300 sec this turn | 300 sec total\n|\n|t:|1783541969\n|move|p2a: Okidogi|Knock Off|p1a: Sinistcha\n|-damage|p1a: Sinistcha|92/100 brn\n|move|p1a: Sinistcha|Calm Mind|p1a: Sinistcha\n|-boost|p1a: Sinistcha|spa|1\n|-boost|p1a: Sinistcha|spd|1\n|\n|-heal|p2a: Okidogi|70/262 brn|[from] item: Leftovers\n|-damage|p2a: Okidogi|54/262 brn|[from] brn\n|-damage|p1a: Sinistcha|89/100 brn|[from] brn\n|upkeep\n|turn|22\n|inactive|Time left: 300 sec this turn | 300 sec total\n|\n|t:|1783541970\n|move|p2a: Okidogi|Knock Off|p1a: Sinistcha\n|-damage|p1a: Sinistcha|84/100 brn\n|move|p1a: Sinistcha|Strength Sap|p2a: Okidogi\n|-unboost|p2a: Okidogi|atk|1\n|-heal|p1a: Sinistcha|100/100 brn\n|\n|-heal|p2a: Okidogi|70/262 brn|[from] item: Leftovers\n|-damage|p2a: Okidogi|54/262 brn|[from] brn\n|-damage|p1a: Sinistcha|98/100 brn|[from] brn\n|upkeep\n|turn|23\n|inactive|Time left: 300 sec this turn | 300 sec total\n|\n|t:|1783541971\n|switch|p2a: Oinkologne|Oinkologne-F, L92, F|135/361 brn\n|move|p1a: Sinistcha|Calm Mind|p1a: Sinistcha\n|-boost|p1a: Sinistcha|spa|1\n|-boost|p1a: Sinistcha|spd|1\n|\n|-heal|p2a: Oinkologne|157/361 brn|[from] item: Leftovers\n|-damage|p2a: Oinkologne|135/361 brn|[from] brn\n|-damage|p1a: Sinistcha|95/100 brn|[from] brn\n|upkeep\n|turn|24\n|inactive|Time left: 300 sec this turn | 300 sec total\n|\n|t:|1783541973\n|move|p2a: Oinkologne|Curse|p2a: Oinkologne\n|-unboost|p2a: Oinkologne|spe|1\n|-boost|p2a: Oinkologne|atk|1\n|-boost|p2a: Oinkologne|def|1\n|move|p1a: Sinistcha|Matcha Gotcha|p2a: Oinkologne|[miss]\n|-miss|p1a: Sinistcha|p2a: Oinkologne\n|\n|-heal|p2a: Oinkologne|157/361 brn|[from] item: Leftovers\n|-damage|p2a: Oinkologne|135/361 brn|[from] brn\n|-damage|p1a: Sinistcha|92/100 brn|[from] brn\n|upkeep\n|turn|25\n|inactive|Time left: 300 sec this turn | 300 sec total\n|\n|t:|1783541974\n|move|p2a: Oinkologne|High Horsepower|p1a: Sinistcha\n|-supereffective|p1a: Sinistcha\n|-damage|p1a: Sinistcha|57/100 brn\n|move|p1a: Sinistcha|Matcha Gotcha|p2a: Oinkologne\n|-damage|p2a: Oinkologne|0 fnt\n|-heal|p1a: Sinistcha|84/100 brn|[from] drain|[of] p2a: Oinkologne\n|faint|p2a: Oinkologne\n|\n|-damage|p1a: Sinistcha|81/100 brn|[from] brn\n|upkeep\n|inactive|Time left: 300 sec this turn | 300 sec total | 5 sec grace\n|\n|t:|1783541975\n|switch|p2a: Brute Bonnet|Brute Bonnet, L80|309/309\n|turn|26\n|inactive|Time left: 300 sec this turn | 300 sec total\n|\n|t:|1783541976\n|-terastallize|p2a: Brute Bonnet|Fighting\n|move|p2a: Brute Bonnet|Close Combat|p1a: Sinistcha\n|-supereffective|p1a: Sinistcha\n|-damage|p1a: Sinistcha|0 fnt\n|-unboost|p2a: Brute Bonnet|def|1\n|-unboost|p2a: Brute Bonnet|spd|1\n|faint|p1a: Sinistcha\n|\n|upkeep\n|\n|t:|1783541977\n|switch|p1a: Dachsbun|Dachsbun, L92, F|100/100\n|-activate|p1a: Dachsbun|move: Sticky Web\n|-unboost|p1a: Dachsbun|spe|1\n|turn|27\n|inactive|Time left: 300 sec this turn | 300 sec total\n|\n|t:|1783541978\n|-end|p2a: Brute Bonnet|Protosynthesis|[silent]\n|switch|p2a: Okidogi|Okidogi, L77, M|54/262 brn\n|move|p1a: Dachsbun|Play Rough|p2a: Okidogi|[miss]\n|-miss|p1a: Dachsbun|p2a: Okidogi\n|\n|-heal|p2a: Okidogi|70/262 brn|[from] item: Leftovers\n|-damage|p2a: Okidogi|54/262 brn|[from] brn\n|upkeep\n|turn|28\n|inactive|Time left: 300 sec this turn | 300 sec total\n|\n|t:|1783541979\n|move|p2a: Okidogi|Knock Off|p1a: Dachsbun\n|-resisted|p1a: Dachsbun\n|-damage|p1a: Dachsbun|96/100\n|-status|p1a: Dachsbun|tox|[from] ability: Toxic Chain|[of] p2a: Okidogi\n|-enditem|p1a: Dachsbun|Leftovers|[from] move: Knock Off|[of] p2a: Okidogi\n|move|p1a: Dachsbun|Play Rough|p2a: Okidogi\n|-damage|p2a: Okidogi|0 fnt\n|faint|p2a: Okidogi\n|\n|-damage|p1a: Dachsbun|90/100 tox|[from] psn\n|upkeep\n|inactive|Time left: 300 sec this turn | 300 sec total | 5 sec grace\n|\n|t:|1783541980\n|switch|p2a: Brute Bonnet|Brute Bonnet, L80, tera:Fighting|309/309\n|turn|29\n|inactive|Time left: 300 sec this turn | 300 sec total\n|\n|t:|1783541981\n|move|p1a: Dachsbun|Play Rough|p2a: Brute Bonnet\n|-supereffective|p2a: Brute Bonnet\n|-damage|p2a: Brute Bonnet|127/309\n|move|p2a: Brute Bonnet|Crunch|p1a: Dachsbun\n|-resisted|p1a: Dachsbun\n|-damage|p1a: Dachsbun|75/100 tox\n|-unboost|p1a: Dachsbun|def|1\n|\n|-heal|p2a: Brute Bonnet|146/309|[from] item: Leftovers\n|-damage|p1a: Dachsbun|63/100 tox|[from] psn\n|upkeep\n|turn|30\n|inactive|Time left: 300 sec this turn | 300 sec total\n|\n|t:|1783541982\n|move|p1a: Dachsbun|Play Rough|p2a: Brute Bonnet\n|-supereffective|p2a: Brute Bonnet\n|-damage|p2a: Brute Bonnet|0 fnt\n|faint|p2a: Brute Bonnet\n|-end|p2a: Brute Bonnet|Protosynthesis|[silent]\n|\n|win|p0x2068440", "uploadtime": 1783541983, "views": 0, "rating": 0, "private": 0, "password": null, "_winner": "p0x2068440", "_our_name": "p0y20623f4"}