{"id": "battle-gen9randombattle-33", "formatid": "gen9randombattle", "format": "[Gen 9] Random Battle", "players": ["p0x0330664", "p0y0338ff2"], "log": "|init|battle\n|title|p0x0330664 vs. p0y0338ff2\n|j|\u2606p0x0330664\n|j|\u2606p0y0338ff2\n|t:|1783539547\n|gametype|singles\n|player|p1|p0x0330664|265|\n|player|p2|p0y0338ff2|101|\n|gen|9\n|tier|[Gen 9] Random Battle\n|rule|Species Clause: Limit one of each Pok\u00e9mon\n|rule|HP Percentage Mod: HP is shown in percentages\n|rule|Sleep Clause Mod: Limit one foe put to sleep\n|rule|Illusion Level Mod: Illusion disguises the Pok\u00e9mon's true level\n|\n|t:|1783539547\n|teamsize|p1|6\n|teamsize|p2|6\n|start\n|switch|p1a: Mudsdale|Mudsdale, L83, F|100/100\n|switch|p2a: Flutter Mane|Flutter Mane, L74|203/203\n|turn|1\n|inactive|Battle timer is ON: inactive players will automatically lose when time's up. (requested by p0x0330664)\n|inactive|Time left: 300 sec this turn | 300 sec total | 60 sec grace\n|inactive|p0y0338ff2 also wants the timer to be on.\n|\n|t:|1783539549\n|-end|p2a: Flutter Mane|Protosynthesis|[silent]\n|switch|p2a: Camerupt|Camerupt, L91, M|275/275\n|move|p1a: Mudsdale|Heavy Slam|p2a: Camerupt\n|-resisted|p2a: Camerupt\n|-damage|p2a: Camerupt|232/275\n|\n|-heal|p2a: Camerupt|249/275|[from] item: Leftovers\n|upkeep\n|turn|2\n|inactive|Time left: 300 sec this turn | 300 sec total\n|\n|t:|1783539551\n|move|p2a: Camerupt|Stealth Rock|p1a: Mudsdale\n|-sidestart|p1: p0x0330664|move: Stealth Rock\n|move|p1a: Mudsdale|Earthquake|p2a: Camerupt\n|-supereffective|p2a: Camerupt\n|-damage|p2a: Camerupt|41/275\n|\n|-heal|p2a: Camerupt|58/275|[from] item: Leftovers\n|upkeep\n|turn|3\n|inactive|Time left: 300 sec this turn | 300 sec total\n|\n|t:|1783539552\n|move|p2a: Camerupt|Overheat|p1a: Mudsdale\n|-damage|p1a: Mudsdale|45/100\n|-unboost|p2a: Camerupt|spa|2\n|-ability|p1a: Mudsdale|Stamina|boost\n|-boost|p1a: Mudsdale|def|1\n|move|p1a: Mudsdale|Earthquake|p2a: Camerupt\n|-supereffective|p2a: Camerupt\n|-damage|p2a: Camerupt|0 fnt\n|faint|p2a: Camerupt\n|\n|-heal|p1a: Mudsdale|50/100|[from] item: Leftovers\n|upkeep\n|inactive|Time left: 300 sec this turn | 300 sec total | 5 sec grace\n|\n|t:|1783539553\n|switch|p2a: Noctowl|Noctowl, L95, M|344/344\n|turn|4\n|inactive|Time left: 300 sec this turn | 300 sec total\n|\n|t:|1783539554\n|move|p2a: Noctowl|Hurricane|p1a: Mudsdale\n|-damage|p1a: Mudsdale|7/100\n|-start|p1a: Mudsdale|confusion\n|-ability|p1a: Mudsdale|Stamina|boost\n|-boost|p1a: Mudsdale|def|1\n|-activate|p1a: Mudsdale|confusion\n|move|p1a: Mudsdale|Stone Edge|p2a: Noctowl|[miss]\n|-miss|p1a: Mudsdale|p2a: Noctowl\n|\n|-heal|p1a: Mudsdale|13/100|[from] item: Leftovers\n|upkeep\n|turn|5\n|inactive|Time left: 300 sec this turn | 300 sec total\n|\n|t:|1783539555\n|move|p2a: Noctowl|Hyper Voice|p1a: Mudsdale\n|-damage|p1a: Mudsdale|0 fnt\n|faint|p1a: Mudsdale\n|\n|upkeep\n|\n|t:|1783539556\n|switch|p1a: Lurantis|Lurantis, L87, F|100/100\n|-damage|p1a: Lurantis|88/100|[from] Stealth Rock\n|turn|6\n|inactive|Time left: 300 sec this turn | 300 sec total\n|\n|t:|1783539557\n|move|p2a: Noctowl|Hurricane|p1a: Lurantis\n|-supereffective|p1a: Lurantis\n|-damage|p1a: Lurantis|24/100\n|move|p1a: Lurantis|Superpower|p2a: Noctowl\n|-damage|p2a: Noctowl|210/344\n|-boost|p1a: Lurantis|atk|1\n|-boost|p1a: Lurantis|def|1\n|\n|upkeep\n|turn|7\n|inactive|Time left: 300 sec this turn | 300 sec total\n|\n|t:|1783539558\n|move|p2a: Noctowl|Hyper Voice|p1a: Lurantis\n|-damage|p1a: Lurantis|0 fnt\n|faint|p1a: Lurantis\n|\n|upkeep\n|\n|t:|1783539558\n|switch|p1a: Qwilfish|Qwilfish-Hisui, L83, F|100/100\n|-damage|p1a: Qwilfish|88/100|[from] Stealth Rock\n|-ability|p1a: Qwilfish|Intimidate|boost\n|-unboost|p2a: Noctowl|atk|1\n|turn|8\n|inactive|Time left: 300 sec this turn | 300 sec total\n|\n|t:|1783539559\n|move|p1a: Qwilfish|Gunk Shot|p2a: Noctowl\n|-damage|p2a: Noctowl|57/344\n|-status|p2a: Noctowl|psn\n|move|p2a: Noctowl|Roost|p2a: Noctowl\n|-heal|p2a: Noctowl|229/344 psn\n|-singleturn|p2a: Noctowl|move: Roost\n|\n|-damage|p2a: Noctowl|186/344 psn|[from] psn\n|upkeep\n|turn|9\n|inactive|Time left: 300 sec this turn | 300 sec total\n|\n|t:|1783539560\n|switch|p2a: Iron Treads|Iron Treads, L77|265/265\n|move|p1a: Qwilfish|Crunch|p2a: Iron Treads\n|-damage|p2a: Iron Treads|198/265\n|\n|upkeep\n|turn|10\n|inactive|Time left: 300 sec this turn | 300 sec total\n|\n|t:|1783539561\n|move|p2a: Iron Treads|Earthquake|p1a: Qwilfish\n|-supereffective|p1a: Qwilfish\n|-damage|p1a: Qwilfish|28/100\n|move|p1a: Qwilfish|Crunch|p2a: Iron Treads\n|-damage|p2a: Iron Treads|123/265\n|\n|upkeep\n|turn|11\n|inactive|Time left: 300 sec this turn | 300 sec total\n|\n|t:|1783539562\n|switch|p1a: Altaria|Altaria, L89, M|100/100\n|move|p2a: Iron Treads|Earthquake|p1a: Altaria\n|-immune|p1a: Altaria\n|\n|upkeep\n|turn|12\n|inactive|Time left: 300 sec this turn | 300 sec total\n|\n|t:|1783539564\n|move|p2a: Iron Treads|Rapid Spin|p1a: Altaria\n|-damage|p1a: Altaria|90/100\n|-boost|p2a: Iron Treads|spe|1\n|move|p1a: Altaria|Will-O-Wisp|p2a: Iron Treads\n|-status|p2a: Iron Treads|brn\n|\n|-damage|p2a: Iron Treads|107/265 brn|[from] brn\n|upkeep\n|turn|13\n|inactive|Time left: 300 sec this turn | 300 sec total\n|\n|t:|1783539565\n|move|p2a: Iron Treads|Iron Head|p1a: Altaria\n|-damage|p1a: Altaria|77/100\n|move|p1a: Altaria|Defog|p2a: Iron Treads\n|-unboost|p2a: Iron Treads|evasion|1\n|-sideend|p1: p0x0330664|Stealth Rock|[from] move: Defog|[of] p1a: Altaria\n|\n|-damage|p2a: Iron Treads|91/265 brn|[from] brn\n|upkeep\n|turn|14\n|inactive|Time left: 300 sec this turn | 300 sec total\n|\n|t:|1783539566\n|move|p2a: Iron Treads|Rapid Spin|p1a: Altaria\n|-damage|p1a: Altaria|72/100\n|-boost|p2a: Iron Treads|spe|1\n|move|p1a: Altaria|Roost|p1a: Altaria\n|-heal|p1a: Altaria|100/100\n|-singleturn|p1a: Altaria|move: Roost\n|\n|-damage|p2a: Iron Treads|75/265 brn|[from] brn\n|upkeep\n|turn|15\n|inactive|Time left: 300 sec this turn | 300 sec total\n|\n|t:|1783539567\n|move|p2a: Iron Treads|Earthquake|p1a: Altaria\n|-immune|p1a: Altaria\n|move|p1a: Altaria|Brave Bird|p2a: Iron Treads\n|-resisted|p2a: Iron Treads\n|-damage|p2a: Iron Treads|27/265 brn\n|-damage|p1a: Altaria|95/100|[from] Recoil\n|\n|-damage|p2a: Iron Treads|11/265 brn|[from] brn\n|upkeep\n|turn|16\n|inactive|Time left: 300 sec this turn | 300 sec total\n|\n|t:|1783539568\n|-end|p2a: Iron Treads|Quark Drive|[silent]\n|switch|p2a: Regidrago|Regidrago, L77|435/435\n|move|p1a: Altaria|Brave Bird|p2a: Regidrago\n|-crit|p2a: Regidrago\n|-damage|p2a: Regidrago|182/435\n|-damage|p1a: Altaria|65/100|[from] Recoil\n|\n|upkeep\n|turn|17\n|inactive|Time left: 300 sec this turn | 300 sec total\n|\n|t:|1783539569\n|move|p1a: Altaria|Brave Bird|p2a: Regidrago\n|-damage|p2a: Regidrago|0 fnt\n|faint|p2a: Regidrago\n|-damage|p1a: Altaria|43/100|[from] Recoil\n|\n|upkeep\n|inactive|Time left: 300 sec this turn | 300 sec total | 5 sec grace\n|\n|t:|1783539571\n|switch|p2a: Flutter Mane|Flutter Mane, L74|203/203\n|turn|18\n|inactive|Time left: 300 sec this turn | 300 sec total\n|\n|t:|1783539572\n|-terastallize|p1a: Altaria|Steel\n|move|p2a: Flutter Mane|Moonblast|p1a: Altaria\n|-resisted|p1a: Altaria\n|-damage|p1a: Altaria|22/100\n|move|p1a: Altaria|Roost|p1a: Altaria\n|-heal|p1a: Altaria|72/100\n|\n|upkeep\n|turn|19\n|inactive|Time left: 300 sec this turn | 300 sec total\n|\n|t:|1783539572\n|-end|p2a: Flutter Mane|Protosynthesis|[silent]\n|switch|p2a: Ho-Oh|Ho-Oh, L71|268/268\n|move|p1a: Altaria|Brave Bird|p2a: Ho-Oh\n|-damage|p2a: Ho-Oh|141/268\n|-damage|p1a: Altaria|57/100|[from] Recoil\n|\n|upkeep\n|turn|20\n|inactive|Time left: 300 sec this turn | 300 sec total\n|\n|t:|1783539573\n|move|p1a: Altaria|Roost|p1a: Altaria\n|-heal|p1a: Altaria|100/100\n|move|p2a: Ho-Oh|Sacred Fire|p1a: Altaria\n|-supereffective|p1a: Altaria\n|-damage|p1a: Altaria|39/100\n|-status|p1a: Altaria|brn\n|\n|-damage|p1a: Altaria|33/100 brn|[from] brn\n|upkeep\n|turn|21\n|inactive|Time left: 300 sec this turn | 300 sec total\n|\n|t:|1783539574\n|move|p1a: Altaria|Roost|p1a: Altaria\n|-heal|p1a: Altaria|83/100 brn\n|move|p2a: Ho-Oh|Sacred Fire|p1a: Altaria\n|-supereffective|p1a: Altaria\n|-crit|p1a: Altaria\n|-damage|p1a: Altaria|0 fnt\n|faint|p1a: Altaria\n|\n|upkeep\n|\n|t:|1783539575\n|switch|p1a: Banette|Banette, L93, M|100/100\n|turn|22\n|inactive|Time left: 300 sec this turn | 300 sec total\n|\n|t:|1783539576\n|switch|p2a: Iron Treads|Iron Treads, L77|11/265 brn\n|move|p1a: Banette|Gunk Shot|p2a: Iron Treads\n|-immune|p2a: Iron Treads\n|\n|-damage|p2a: Iron Treads|0 fnt|[from] brn\n|faint|p2a: Iron Treads\n|-end|p2a: Iron Treads|Quark Drive|[silent]\n|upkeep\n|inactive|Time left: 300 sec this turn | 300 sec total | 5 sec grace\n|\n|t:|1783539577\n|switch|p2a: Flutter Mane|Flutter Mane, L74|203/203\n|turn|23\n|inactive|Time left: 300 sec this turn | 300 sec total\n|\n|t:|1783539578\n|-terastallize|p2a: Flutter Mane|Fairy\n|move|p1a: Banette|Shadow Sneak|p2a: Flutter Mane\n|-damage|p2a: Flutter Mane|70/203\n|-damage|p1a: Banette|90/100|[from] item: Life Orb\n|move|p2a: Flutter Mane|Shadow Ball|p1a: Banette\n|-supereffective|p1a: Banette\n|-damage|p1a: Banette|0 fnt\n|faint|p1a: Banette\n|\n|upkeep\n|\n|t:|1783539579\n|switch|p1a: Qwilfish|Qwilfish-Hisui, L83, F|28/100\n|-ability|p1a: Qwilfish|Intimidate|boost\n|-unboost|p2a: Flutter Mane|atk|1\n|turn|24\n|inactive|Time left: 300 sec this turn | 300 sec total\n|\n|t:|1783539580\n|move|p2a: Flutter Mane|Shadow Ball|p1a: Qwilfish\n|-resisted|p1a: Qwilfish\n|-damage|p1a: Qwilfish|5/100\n|move|p1a: Qwilfish|Gunk Shot|p2a: Flutter Mane\n|-supereffective|p2a: Flutter Mane\n|-damage|p2a: Flutter Mane|0 fnt\n|faint|p2a: Flutter Mane\n|-end|p2a: Flutter Mane|Protosynthesis|[silent]\n|\n|upkeep\n|inactive|Time left: 300 sec this turn | 300 sec total | 5 sec grace\n|\n|t:|1783539582\n|switch|p2a: Ho-Oh|Ho-Oh, L71|230/268\n|turn|25\n|inactive|Time left: 300 sec this turn | 300 sec total\n|\n|t:|1783539583\n|move|p1a: Qwilfish|Gunk Shot|p2a: Ho-Oh|[miss]\n|-miss|p1a: Qwilfish|p2a: Ho-Oh\n|move|p2a: Ho-Oh|Recover|p2a: Ho-Oh\n|-heal|p2a: Ho-Oh|268/268\n|\n|upkeep\n|turn|26\n|inactive|Time left: 300 sec this turn | 300 sec total\n|\n|t:|1783539584\n|switch|p1a: Quagsire|Quagsire, L84, M|100/100\n|move|p2a: Ho-Oh|Sacred Fire|p1a: Quagsire\n|-resisted|p1a: Quagsire\n|-damage|p1a: Quagsire|84/100\n|-status|p1a: Quagsire|brn\n|\n|-heal|p1a: Quagsire|90/100 brn|[from] item: Leftovers\n|-damage|p1a: Quagsire|84/100 brn|[from] brn\n|upkeep\n|turn|27\n|inactive|Time left: 300 sec this turn | 300 sec total\n|\n|t:|1783539585\n|switch|p2a: Noctowl|Noctowl, L95, M|186/344 psn\n|move|p1a: Quagsire|Recover|p1a: Quagsire\n|-heal|p1a: Quagsire|100/100 brn\n|\n|-damage|p2a: Noctowl|143/344 psn|[from] psn\n|-damage|p1a: Quagsire|94/100 brn|[from] brn\n|upkeep\n|turn|28\n|inactive|Time left: 300 sec this turn | 300 sec total\n|\n|t:|1783539586\n|switch|p1a: Qwilfish|Qwilfish-Hisui, L83, F|5/100\n|-ability|p1a: Qwilfish|Intimidate|boost\n|-unboost|p2a: Noctowl|atk|1\n|move|p2a: Noctowl|Roost|p2a: Noctowl\n|-heal|p2a: Noctowl|315/344 psn\n|-singleturn|p2a: Noctowl|move: Roost\n|\n|-damage|p2a: Noctowl|272/344 psn|[from] psn\n|upkeep\n|turn|29\n|inactive|Time left: 300 sec this turn | 300 sec total\n|\n|t:|1783539587\n|move|p1a: Qwilfish|Gunk Shot|p2a: Noctowl\n|-damage|p2a: Noctowl|115/344 psn\n|move|p2a: Noctowl|Hyper Voice|p1a: Qwilfish\n|-damage|p1a: Qwilfish|0 fnt\n|faint|p1a: Qwilfish\n|\n|-damage|p2a: Noctowl|72/344 psn|[from] psn\n|upkeep\n|\n|t:|1783539588\n|switch|p1a: Quagsire|Quagsire, L84, M|94/100 brn\n|turn|30\n|inactive|Time left: 300 sec this turn | 300 sec total\n|\n|t:|1783539589\n|move|p2a: Noctowl|Roost|p2a: Noctowl\n|-heal|p2a: Noctowl|244/344 psn\n|-singleturn|p2a: Noctowl|move: Roost\n|move|p1a: Quagsire|Recover|p1a: Quagsire\n|-heal|p1a: Quagsire|100/100 brn\n|\n|-damage|p2a: Noctowl|201/344 psn|[from] psn\n|-damage|p1a: Quagsire|94/100 brn|[from] brn\n|upkeep\n|turn|31\n|inactive|Time left: 300 sec this turn | 300 sec total\n|\n|t:|1783539590\n|move|p2a: Noctowl|Hyper Voice|p1a: Quagsire\n|-damage|p1a: Quagsire|50/100 brn\n|move|p1a: Quagsire|Recover|p1a: Quagsire\n|-heal|p1a: Quagsire|99/100 brn\n|\n|-heal|p1a: Quagsire|100/100 brn|[from] item: Leftovers\n|-damage|p2a: Noctowl|158/344 psn|[from] psn\n|-damage|p1a: Quagsire|94/100 brn|[from] brn\n|upkeep\n|turn|32\n|inactive|Time left: 300 sec this turn | 300 sec total\n|\n|t:|1783539591\n|move|p2a: Noctowl|Roost|p2a: Noctowl\n|-heal|p2a: Noctowl|330/344 psn\n|-singleturn|p2a: Noctowl|move: Roost\n|move|p1a: Quagsire|Recover|p1a: Quagsire\n|-heal|p1a: Quagsire|100/100 brn\n|\n|-damage|p2a: Noctowl|287/344 psn|[from] psn\n|-damage|p1a: Quagsire|94/100 brn|[from] brn\n|upkeep\n|turn|33\n|inactive|Time left: 300 sec this turn | 300 sec total\n|\n|t:|1783539592\n|move|p2a: Noctowl|Nasty Plot|p2a: Noctowl\n|-boost|p2a: Noctowl|spa|2\n|move|p1a: Quagsire|Recover|p1a: Quagsire\n|-heal|p1a: Quagsire|100/100 brn\n|\n|-damage|p2a: Noctowl|244/344 psn|[from] psn\n|-damage|p1a: Quagsire|94/100 brn|[from] brn\n|upkeep\n|turn|34\n|inactive|Time left: 300 sec this turn | 300 sec total\n|\n|t:|1783539594\n|move|p2a: Noctowl|Hurricane|p1a: Quagsire\n|-damage|p1a: Quagsire|32/100 brn\n|move|p1a: Quagsire|Recover|p1a: Quagsire\n|-heal|p1a: Quagsire|83/100 brn\n|\n|-heal|p1a: Quagsire|89/100 brn|[from] item: Leftovers\n|-damage|p2a: Noctowl|201/344 psn|[from] psn\n|-damage|p1a: Quagsire|83/100 brn|[from] brn\n|upkeep\n|turn|35\n|inactive|Time left: 300 sec this turn | 300 sec total\n|\n|t:|1783539595\n|move|p2a: Noctowl|Hyper Voice|p1a: Quagsire\n|-damage|p1a: Quagsire|38/100 brn\n|move|p1a: Quagsire|Recover|p1a: Quagsire\n|-heal|p1a: Quagsire|88/100 brn\n|\n|-heal|p1a: Quagsire|94/100 brn|[from] item: Leftovers\n|-damage|p2a: Noctowl|158/344 psn|[from] psn\n|-damage|p1a: Quagsire|88/100 brn|[from] brn\n|upkeep\n|turn|36\n|inactive|Time left: 300 sec this turn | 300 sec total\n|\n|t:|1783539596\n|move|p2a: Noctowl|Hyper Voice|p1a: Quagsire\n|-damage|p1a: Quagsire|39/100 brn\n|move|p1a: Quagsire|Recover|p1a: Quagsire\n|-heal|p1a: Quagsire|89/100 brn\n|\n|-heal|p1a: Quagsire|95/100 brn|[from] item: Leftovers\n|-damage|p2a: Noctowl|115/344 psn|[from] psn\n|-damage|p1a: Quagsire|89/100 brn|[from] brn\n|upkeep\n|turn|37\n|inactive|Time left: 300 sec this turn | 300 sec total\n|\n|t:|1783539596\n|move|p2a: Noctowl|Hyper Voice|p1a: Quagsire\n|-damage|p1a: Quagsire|44/100 brn\n|move|p1a: Quagsire|Toxic||[still]\n|-fail|p1a: Quagsire\n|\n|-heal|p1a: Quagsire|50/100 brn|[from] item: Leftovers\n|-damage|p2a: Noctowl|72/344 psn|[from] psn\n|-damage|p1a: Quagsire|44/100 brn|[from] brn\n|upkeep\n|turn|38\n|inactive|Time left: 300 sec this turn | 300 sec total\n|\n|t:|1783539597\n|move|p2a: Noctowl|Hyper Voice|p1a: Quagsire\n|-damage|p1a: Quagsire|1/100 brn\n|move|p1a: Quagsire|Toxic||[still]\n|-fail|p1a: Quagsire\n|\n|-heal|p1a: Quagsire|7/100 brn|[from] item: Leftovers\n|-damage|p2a: Noctowl|29/344 psn|[from] psn\n|-damage|p1a: Quagsire|1/100 brn|[from] brn\n|upkeep\n|turn|39\n|inactive|Time left: 300 sec this turn | 300 sec total\n|\n|t:|1783539598\n|switch|p2a: Ho-Oh|Ho-Oh, L71|268/268\n|move|p1a: Quagsire|Toxic|p2a: Ho-Oh\n|-status|p2a: Ho-Oh|tox\n|\n|-heal|p1a: Quagsire|7/100 brn|[from] item: Leftovers\n|-damage|p2a: Ho-Oh|252/268 tox|[from] psn\n|-damage|p1a: Quagsire|1/100 brn|[from] brn\n|upkeep\n|turn|40\n|inactive|Time left: 300 sec this turn | 300 sec total\n|\n|t:|1783539599\n|move|p2a: Ho-Oh|Recover|p2a: Ho-Oh\n|-heal|p2a: Ho-Oh|268/268 tox\n|move|p1a: Quagsire|Toxic|p2a: Ho-Oh\n|-fail|p2a: Ho-Oh|tox\n|\n|-heal|p1a: Quagsire|7/100 brn|[from] item: Leftovers\n|-damage|p2a: Ho-Oh|236/268 tox|[from] psn\n|-damage|p1a: Quagsire|1/100 brn|[from] brn\n|upkeep\n|turn|41\n|inactive|Time left: 300 sec this turn | 300 sec total\n|\n|t:|1783539600\n|move|p2a: Ho-Oh|Recover|p2a: Ho-Oh\n|-heal|p2a: Ho-Oh|268/268 tox\n|move|p1a: Quagsire|Toxic|p2a: Ho-Oh|[miss]\n|-miss|p1a: Quagsire|p2a: Ho-Oh\n|\n|-heal|p1a: Quagsire|7/100 brn|[from] item: Leftovers\n|-damage|p2a: Ho-Oh|220/268 tox|[from] psn\n|-damage|p1a: Quagsire|1/100 brn|[from] brn\n|upkeep\n|turn|42\n|inactive|Time left: 300 sec this turn | 300 sec total\n|\n|t:|1783539601\n|move|p2a: Ho-Oh|Earthquake|p1a: Quagsire\n|-damage|p1a: Quagsire|0 fnt\n|faint|p1a: Quagsire\n|\n|win|p0y0338ff2", "uploadtime": 1783539601, "views": 0, "rating": 0, "private": 0, "password": null, "_winner": "p0y0338ff2", "_our_name": "p0y0338ff2"}