{"id": "battle-gen9randombattle-1715", "formatid": "gen9randombattle", "format": "[Gen 9] Random Battle", "players": ["p0x1715c4b3", "p0y1715b1b3"], "log": "|init|battle\n|title|p0x1715c4b3 vs. p0y1715b1b3\n|j|\u2606p0x1715c4b3\n|j|\u2606p0y1715b1b3\n|t:|1783559063\n|gametype|singles\n|player|p1|p0x1715c4b3|102|\n|player|p2|p0y1715b1b3|169|\n|gen|9\n|tier|[Gen 9] Random Battle\n|rule|Species Clause: Limit one of each Pok\u00e9mon\n|rule|HP Percentage Mod: HP is shown in percentages\n|rule|Sleep Clause Mod: Limit one foe put to sleep\n|rule|Illusion Level Mod: Illusion disguises the Pok\u00e9mon's true level\n|\n|t:|1783559063\n|teamsize|p1|6\n|teamsize|p2|6\n|start\n|switch|p1a: Crawdaunt|Crawdaunt, L84, M|100/100\n|switch|p2a: Furret|Furret, L94, M|312/312\n|-item|p1a: Crawdaunt|Life Orb|[from] ability: Frisk|[of] p2a: Furret\n|turn|1\n|inactive|Battle timer is ON: inactive players will automatically lose when time's up. (requested by p0y1715b1b3)\n|inactive|p0x1715c4b3 also wants the timer to be on.\n|\n|t:|1783559064\n|move|p2a: Furret|Double-Edge|p1a: Crawdaunt\n|-damage|p1a: Crawdaunt|22/100\n|-damage|p2a: Furret|249/312|[from] Recoil\n|-damage|p2a: Furret|218/312|[from] item: Life Orb\n|move|p1a: Crawdaunt|Knock Off|p2a: Furret\n|-damage|p2a: Furret|0 fnt\n|-enditem|p2a: Furret|Life Orb|[from] move: Knock Off|[of] p1a: Crawdaunt\n|faint|p2a: Furret\n|-damage|p1a: Crawdaunt|12/100|[from] item: Life Orb\n|\n|upkeep\n|inactive|Time left: 300 sec this turn | 300 sec total | 65 sec grace\n|\n|t:|1783559064\n|switch|p2a: Lunala|Lunala, L70|308/308\n|turn|2\n|inactive|Time left: 300 sec this turn | 300 sec total\n|\n|t:|1783559065\n|move|p2a: Lunala|Moongeist Beam|p1a: Crawdaunt\n|-resisted|p1a: Crawdaunt\n|-damage|p1a: Crawdaunt|0 fnt\n|faint|p1a: Crawdaunt\n|\n|upkeep\n|\n|t:|1783559066\n|switch|p1a: Roaring Moon|Roaring Moon, L72|100/100\n|-enditem|p1a: Roaring Moon|Booster Energy\n|-activate|p1a: Roaring Moon|ability: Protosynthesis|[fromitem]\n|-start|p1a: Roaring Moon|protosynthesisatk\n|turn|3\n|inactive|Time left: 300 sec this turn | 300 sec total\n|\n|t:|1783559067\n|-terastallize|p2a: Lunala|Fairy\n|move|p1a: Roaring Moon|Knock Off|p2a: Lunala\n|-resisted|p2a: Lunala\n|-damage|p2a: Lunala|267/308\n|-enditem|p2a: Lunala|Leftovers|[from] move: Knock Off|[of] p1a: Roaring Moon\n|move|p2a: Lunala|Moonblast|p1a: Roaring Moon\n|-supereffective|p1a: Roaring Moon\n|-damage|p1a: Roaring Moon|0 fnt\n|faint|p1a: Roaring Moon\n|-end|p1a: Roaring Moon|Protosynthesis|[silent]\n|\n|upkeep\n|\n|t:|1783559068\n|switch|p1a: Lunala|Lunala, L70|100/100\n|turn|4\n|inactive|Time left: 300 sec this turn | 300 sec total\n|\n|t:|1783559069\n|move|p2a: Lunala|Calm Mind|p2a: Lunala\n|-boost|p2a: Lunala|spa|1\n|-boost|p2a: Lunala|spd|1\n|move|p1a: Lunala|Calm Mind|p1a: Lunala\n|-boost|p1a: Lunala|spa|1\n|-boost|p1a: Lunala|spd|1\n|\n|upkeep\n|turn|5\n|inactive|Time left: 300 sec this turn | 300 sec total\n|\n|t:|1783559070\n|move|p1a: Lunala|Calm Mind|p1a: Lunala\n|-boost|p1a: Lunala|spa|1\n|-boost|p1a: Lunala|spd|1\n|move|p2a: Lunala|Moongeist Beam|p1a: Lunala\n|-supereffective|p1a: Lunala\n|-damage|p1a: Lunala|54/100\n|\n|-heal|p1a: Lunala|60/100|[from] item: Leftovers\n|upkeep\n|turn|6\n|inactive|Time left: 300 sec this turn | 300 sec total\n|\n|t:|1783559071\n|-terastallize|p1a: Lunala|Dark\n|move|p1a: Lunala|Psyshock|p2a: Lunala\n|-damage|p2a: Lunala|86/308\n|move|p2a: Lunala|Moongeist Beam|p1a: Lunala\n|-resisted|p1a: Lunala\n|-damage|p1a: Lunala|47/100\n|\n|-heal|p1a: Lunala|53/100|[from] item: Leftovers\n|upkeep\n|turn|7\n|inactive|Time left: 300 sec this turn | 300 sec total\n|\n|t:|1783559072\n|move|p1a: Lunala|Moonlight|p1a: Lunala\n|-heal|p1a: Lunala|100/100\n|move|p2a: Lunala|Moonblast|p1a: Lunala\n|-supereffective|p1a: Lunala\n|-damage|p1a: Lunala|77/100\n|-unboost|p1a: Lunala|spa|1\n|\n|-heal|p1a: Lunala|83/100|[from] item: Leftovers\n|upkeep\n|turn|8\n|inactive|Time left: 300 sec this turn | 300 sec total\n|\n|t:|1783559073\n|move|p1a: Lunala|Psyshock|p2a: Lunala\n|-damage|p2a: Lunala|0 fnt\n|faint|p2a: Lunala\n|\n|-heal|p1a: Lunala|89/100|[from] item: Leftovers\n|upkeep\n|inactive|Time left: 300 sec this turn | 300 sec total | 5 sec grace\n|\n|t:|1783559074\n|switch|p2a: Excadrill|Excadrill, L79, F|303/303\n|-ability|p2a: Excadrill|Mold Breaker\n|turn|9\n|inactive|Time left: 300 sec this turn | 300 sec total\n|\n|t:|1783559076\n|move|p2a: Excadrill|Swords Dance|p2a: Excadrill\n|-boost|p2a: Excadrill|atk|2\n|move|p1a: Lunala|Moongeist Beam|p2a: Excadrill\n|-damage|p2a: Excadrill|122/303\n|\n|-heal|p2a: Excadrill|140/303|[from] item: Leftovers\n|-heal|p1a: Lunala|95/100|[from] item: Leftovers\n|upkeep\n|turn|10\n|inactive|Time left: 300 sec this turn | 300 sec total\n|\n|t:|1783559077\n|move|p2a: Excadrill|Earthquake|p1a: Lunala\n|-damage|p1a: Lunala|0 fnt\n|faint|p1a: Lunala\n|\n|-heal|p2a: Excadrill|158/303|[from] item: Leftovers\n|upkeep\n|\n|t:|1783559078\n|switch|p1a: Hitmonlee|Hitmonlee, L85, M|100/100\n|turn|11\n|inactive|Time left: 300 sec this turn | 300 sec total\n|\n|t:|1783559079\n|switch|p2a: Scream Tail|Scream Tail, L84|330/330\n|move|p1a: Hitmonlee|Close Combat|p2a: Scream Tail\n|-resisted|p2a: Scream Tail\n|-damage|p2a: Scream Tail|297/330\n|-unboost|p1a: Hitmonlee|def|1\n|-unboost|p1a: Hitmonlee|spd|1\n|-enditem|p1a: Hitmonlee|White Herb\n|-clearnegativeboost|p1a: Hitmonlee|[silent]\n|\n|-heal|p2a: Scream Tail|317/330|[from] item: Leftovers\n|upkeep\n|turn|12\n|inactive|Time left: 300 sec this turn | 300 sec total\n|\n|t:|1783559080\n|switch|p1a: Veluza|Veluza, L85, M|100/100\n|move|p2a: Scream Tail|Play Rough|p1a: Veluza|[miss]\n|-miss|p2a: Scream Tail|p1a: Veluza\n|\n|-heal|p2a: Scream Tail|330/330|[from] item: Leftovers\n|upkeep\n|turn|13\n|inactive|Time left: 300 sec this turn | 300 sec total\n|\n|t:|1783559081\n|move|p2a: Scream Tail|Thunder Wave|p1a: Veluza\n|-status|p1a: Veluza|par\n|move|p1a: Veluza|Fillet Away|p1a: Veluza\n|-boost|p1a: Veluza|atk|2\n|-boost|p1a: Veluza|spa|2\n|-boost|p1a: Veluza|spe|2\n|-damage|p1a: Veluza|50/100 par\n|-enditem|p1a: Veluza|Sitrus Berry|[eat]\n|-heal|p1a: Veluza|75/100 par|[from] item: Sitrus Berry\n|\n|upkeep\n|turn|14\n|inactive|Time left: 300 sec this turn | 300 sec total\n|\n|t:|1783559082\n|move|p2a: Scream Tail|Play Rough|p1a: Veluza\n|-damage|p1a: Veluza|50/100 par\n|move|p1a: Veluza|Psycho Cut|p2a: Scream Tail\n|-resisted|p2a: Scream Tail\n|-damage|p2a: Scream Tail|225/330\n|\n|-heal|p2a: Scream Tail|245/330|[from] item: Leftovers\n|upkeep\n|turn|15\n|inactive|Time left: 300 sec this turn | 300 sec total\n|\n|t:|1783559083\n|move|p2a: Scream Tail|Play Rough|p1a: Veluza\n|-damage|p1a: Veluza|24/100 par\n|move|p1a: Veluza|Aqua Cutter|p2a: Scream Tail\n|-damage|p2a: Scream Tail|44/330\n|\n|-heal|p2a: Scream Tail|64/330|[from] item: Leftovers\n|upkeep\n|turn|16\n|inactive|Time left: 300 sec this turn | 300 sec total\n|\n|t:|1783559084\n|move|p2a: Scream Tail|Play Rough|p1a: Veluza\n|-damage|p1a: Veluza|0 fnt\n|faint|p1a: Veluza\n|\n|-heal|p2a: Scream Tail|84/330|[from] item: Leftovers\n|upkeep\n|\n|t:|1783559085\n|switch|p1a: Jumpluff|Jumpluff, L87, M|100/100\n|turn|17\n|inactive|Time left: 300 sec this turn | 300 sec total\n|\n|t:|1783559086\n|move|p1a: Jumpluff|Leech Seed|p2a: Scream Tail\n|-start|p2a: Scream Tail|move: Leech Seed\n|move|p2a: Scream Tail|Wish|p2a: Scream Tail\n|\n|-heal|p2a: Scream Tail|104/330|[from] item: Leftovers\n|-damage|p2a: Scream Tail|63/330|[from] Leech Seed|[of] p1a: Jumpluff\n|upkeep\n|turn|18\n|inactive|Time left: 300 sec this turn | 300 sec total\n|\n|t:|1783559087\n|-end|p2a: Scream Tail|Protosynthesis|[silent]\n|switch|p2a: Excadrill|Excadrill, L79, F|158/303\n|-ability|p2a: Excadrill|Mold Breaker\n|move|p1a: Jumpluff|Acrobatics|p2a: Excadrill\n|-resisted|p2a: Excadrill\n|-damage|p2a: Excadrill|104/303\n|\n|-heal|p2a: Excadrill|269/303|[from] move: Wish|[wisher] Scream Tail\n|-heal|p2a: Excadrill|287/303|[from] item: Leftovers\n|upkeep\n|turn|19\n|inactive|Time left: 300 sec this turn | 300 sec total\n|\n|t:|1783559088\n|move|p1a: Jumpluff|Leech Seed|p2a: Excadrill\n|-start|p2a: Excadrill|move: Leech Seed\n|move|p2a: Excadrill|Swords Dance|p2a: Excadrill\n|-boost|p2a: Excadrill|atk|2\n|\n|-heal|p2a: Excadrill|303/303|[from] item: Leftovers\n|-damage|p2a: Excadrill|266/303|[from] Leech Seed|[of] p1a: Jumpluff\n|upkeep\n|turn|20\n|inactive|Time left: 300 sec this turn | 300 sec total\n|\n|t:|1783559089\n|move|p1a: Jumpluff|Strength Sap|p2a: Excadrill\n|-unboost|p2a: Excadrill|atk|1\n|move|p2a: Excadrill|Rapid Spin|p1a: Jumpluff\n|-damage|p1a: Jumpluff|73/100\n|-boost|p2a: Excadrill|spe|1\n|-end|p2a: Excadrill|Leech Seed|[from] move: Rapid Spin|[of] p2a: Excadrill\n|\n|-heal|p2a: Excadrill|284/303|[from] item: Leftovers\n|upkeep\n|turn|21\n|inactive|Time left: 300 sec this turn | 300 sec total\n|\n|t:|1783559090\n|move|p2a: Excadrill|Swords Dance|p2a: Excadrill\n|-boost|p2a: Excadrill|atk|2\n|move|p1a: Jumpluff|Strength Sap|p2a: Excadrill\n|-unboost|p2a: Excadrill|atk|1\n|-heal|p1a: Jumpluff|100/100\n|\n|-heal|p2a: Excadrill|302/303|[from] item: Leftovers\n|upkeep\n|turn|22\n|inactive|Time left: 300 sec this turn | 300 sec total\n|\n|t:|1783559091\n|move|p2a: Excadrill|Iron Head|p1a: Jumpluff\n|-damage|p1a: Jumpluff|21/100\n|cant|p1a: Jumpluff|flinch\n|\n|-heal|p2a: Excadrill|303/303|[from] item: Leftovers\n|upkeep\n|turn|23\n|inactive|Time left: 300 sec this turn | 300 sec total\n|\n|t:|1783559092\n|move|p2a: Excadrill|Iron Head|p1a: Jumpluff\n|-damage|p1a: Jumpluff|0 fnt\n|faint|p1a: Jumpluff\n|\n|upkeep\n|\n|t:|1783559093\n|switch|p1a: Hitmonlee|Hitmonlee, L85, M|100/100\n|turn|24\n|inactive|Time left: 300 sec this turn | 300 sec total\n|\n|t:|1783559094\n|move|p2a: Excadrill|Iron Head|p1a: Hitmonlee\n|-damage|p1a: Hitmonlee|0 fnt\n|faint|p1a: Hitmonlee\n|\n|win|p0y1715b1b3", "uploadtime": 1783559094, "views": 0, "rating": 0, "private": 0, "password": null, "_winner": "p0y1715b1b3", "_our_name": "p0y1715b1b3"}