{"id": "battle-gen9randombattle-1199", "formatid": "gen9randombattle", "format": "[Gen 9] Random Battle", "players": ["p0x11993fd3", "p0y119940a7"], "log": "|init|battle\n|title|p0x11993fd3 vs. p0y119940a7\n|j|\u2606p0x11993fd3\n|j|\u2606p0y119940a7\n|t:|1783553881\n|gametype|singles\n|player|p1|p0x11993fd3|170|\n|player|p2|p0y119940a7|266|\n|gen|9\n|tier|[Gen 9] Random Battle\n|rule|Species Clause: Limit one of each Pok\u00e9mon\n|rule|HP Percentage Mod: HP is shown in percentages\n|rule|Sleep Clause Mod: Limit one foe put to sleep\n|rule|Illusion Level Mod: Illusion disguises the Pok\u00e9mon's true level\n|\n|t:|1783553881\n|teamsize|p1|6\n|teamsize|p2|6\n|start\n|switch|p1a: Scovillain|Scovillain, L91, F|100/100\n|switch|p2a: Araquanid|Araquanid, L82, M|246/246\n|turn|1\n|inactive|Battle timer is ON: inactive players will automatically lose when time's up. (requested by p0y119940a7)\n|inactive|p0x11993fd3 also wants the timer to be on.\n|\n|t:|1783553882\n|move|p1a: Scovillain|Energy Ball|p2a: Araquanid\n|-damage|p2a: Araquanid|104/246\n|move|p2a: Araquanid|Sticky Web|p1a: Scovillain\n|-sidestart|p1: p0x11993fd3|move: Sticky Web\n|\n|upkeep\n|turn|2\n|inactive|Time left: 300 sec this turn | 300 sec total\n|\n|t:|1783553883\n|move|p1a: Scovillain|Energy Ball|p2a: Araquanid\n|-damage|p2a: Araquanid|0 fnt\n|faint|p2a: Araquanid\n|\n|upkeep\n|inactive|Time left: 300 sec this turn | 300 sec total | 5 sec grace\n|\n|t:|1783553885\n|switch|p2a: Scizor|Scizor, L79, M|240/240\n|turn|3\n|inactive|Time left: 300 sec this turn | 300 sec total\n|\n|t:|1783553886\n|move|p1a: Scovillain|Energy Ball|p2a: Scizor\n|-resisted|p2a: Scizor\n|-damage|p2a: Scizor|186/240\n|move|p2a: Scizor|Knock Off|p1a: Scovillain\n|-damage|p1a: Scovillain|47/100\n|-enditem|p1a: Scovillain|Choice Specs|[from] move: Knock Off|[of] p2a: Scizor\n|\n|upkeep\n|turn|4\n|inactive|Time left: 300 sec this turn | 300 sec total\n|\n|t:|1783553887\n|switch|p2a: Appletun|Appletun, L92, F|352/352\n|move|p1a: Scovillain|Flamethrower|p2a: Appletun\n|-damage|p2a: Appletun|295/352\n|\n|-heal|p2a: Appletun|317/352|[from] item: Leftovers\n|upkeep\n|turn|5\n|inactive|Time left: 300 sec this turn | 300 sec total\n|\n|t:|1783553889\n|switch|p1a: Sandslash|Sandslash-Alola, L88, M|100/100\n|-activate|p1a: Sandslash|move: Sticky Web\n|-unboost|p1a: Sandslash|spe|1\n|move|p2a: Appletun|Dragon Tail|p1a: Sandslash\n|-resisted|p1a: Sandslash\n|-damage|p1a: Sandslash|91/100\n|drag|p1a: Zangoose|Zangoose, L85, F|100/100\n|-activate|p1a: Zangoose|move: Sticky Web\n|-unboost|p1a: Zangoose|spe|1\n|\n|-heal|p2a: Appletun|339/352|[from] item: Leftovers\n|-status|p1a: Zangoose|tox|[from] item: Toxic Orb\n|upkeep\n|turn|6\n|inactive|Time left: 300 sec this turn | 300 sec total\n|\n|t:|1783553890\n|move|p1a: Zangoose|Facade|p2a: Appletun\n|-damage|p2a: Appletun|75/352\n|move|p2a: Appletun|Apple Acid|p1a: Zangoose\n|-damage|p1a: Zangoose|46/100 tox\n|-unboost|p1a: Zangoose|spd|1\n|\n|-heal|p2a: Appletun|97/352|[from] item: Leftovers\n|-damage|p1a: Zangoose|40/100 tox|[from] psn\n|upkeep\n|turn|7\n|inactive|Time left: 300 sec this turn | 300 sec total\n|\n|t:|1783553891\n|switch|p2a: Carbink|Carbink, L90|236/236\n|move|p1a: Zangoose|Knock Off|p2a: Carbink\n|-resisted|p2a: Carbink\n|-damage|p2a: Carbink|198/236\n|-enditem|p2a: Carbink|Leftovers|[from] move: Knock Off|[of] p1a: Zangoose\n|\n|-damage|p1a: Zangoose|27/100 tox|[from] psn\n|upkeep\n|turn|8\n|inactive|Time left: 300 sec this turn | 300 sec total\n|\n|t:|1783553892\n|switch|p1a: Venusaur|Venusaur, L84, M|100/100\n|-activate|p1a: Venusaur|move: Sticky Web\n|-unboost|p1a: Venusaur|spe|1\n|move|p2a: Carbink|Moonblast|p1a: Venusaur\n|-resisted|p1a: Venusaur\n|-damage|p1a: Venusaur|89/100\n|\n|-heal|p1a: Venusaur|96/100|[from] item: Leftovers\n|upkeep\n|turn|9\n|inactive|Time left: 300 sec this turn | 300 sec total\n|\n|t:|1783553893\n|move|p2a: Carbink|Rock Polish|p2a: Carbink\n|-boost|p2a: Carbink|spe|2\n|move|p1a: Venusaur|Sludge Bomb|p2a: Carbink\n|-damage|p2a: Carbink|135/236\n|\n|-heal|p1a: Venusaur|100/100|[from] item: Leftovers\n|upkeep\n|turn|10\n|inactive|Time left: 300 sec this turn | 300 sec total\n|\n|t:|1783553895\n|move|p2a: Carbink|Iron Defense|p2a: Carbink\n|-boost|p2a: Carbink|def|2\n|move|p1a: Venusaur|Sludge Bomb|p2a: Carbink\n|-damage|p2a: Carbink|77/236\n|\n|upkeep\n|turn|11\n|inactive|Time left: 300 sec this turn | 300 sec total\n|\n|t:|1783553896\n|move|p2a: Carbink|Body Press|p1a: Venusaur\n|-resisted|p1a: Venusaur\n|-damage|p1a: Venusaur|63/100\n|move|p1a: Venusaur|Earth Power|p2a: Carbink\n|-supereffective|p2a: Carbink\n|-damage|p2a: Carbink|0 fnt\n|faint|p2a: Carbink\n|\n|-heal|p1a: Venusaur|70/100|[from] item: Leftovers\n|upkeep\n|inactive|Time left: 300 sec this turn | 300 sec total | 5 sec grace\n|\n|t:|1783553897\n|switch|p2a: Scizor|Scizor, L79, M|186/240\n|turn|12\n|inactive|Time left: 300 sec this turn | 300 sec total\n|\n|t:|1783553898\n|move|p2a: Scizor|Knock Off|p1a: Venusaur\n|-damage|p1a: Venusaur|29/100\n|-enditem|p1a: Venusaur|Leftovers|[from] move: Knock Off|[of] p2a: Scizor\n|move|p1a: Venusaur|Synthesis|p1a: Venusaur\n|-heal|p1a: Venusaur|79/100\n|\n|upkeep\n|turn|13\n|inactive|Time left: 300 sec this turn | 300 sec total\n|\n|t:|1783553899\n|move|p2a: Scizor|Knock Off|p1a: Venusaur\n|-damage|p1a: Venusaur|50/100\n|move|p1a: Venusaur|Synthesis|p1a: Venusaur\n|-heal|p1a: Venusaur|99/100\n|\n|upkeep\n|turn|14\n|inactive|Time left: 300 sec this turn | 300 sec total\n|\n|t:|1783553901\n|switch|p1a: Sandslash|Sandslash-Alola, L88, M|91/100\n|-activate|p1a: Sandslash|move: Sticky Web\n|-unboost|p1a: Sandslash|spe|1\n|move|p2a: Scizor|Knock Off|p1a: Sandslash\n|-damage|p1a: Sandslash|60/100\n|-enditem|p1a: Sandslash|Assault Vest|[from] move: Knock Off|[of] p2a: Scizor\n|\n|upkeep\n|turn|15\n|inactive|Time left: 300 sec this turn | 300 sec total\n|\n|t:|1783553902\n|move|p2a: Scizor|Knock Off|p1a: Sandslash\n|-damage|p1a: Sandslash|40/100\n|move|p1a: Sandslash|Rapid Spin|p2a: Scizor\n|-resisted|p2a: Scizor\n|-damage|p2a: Scizor|166/240\n|-boost|p1a: Sandslash|spe|1\n|-sideend|p1: p0x11993fd3|Sticky Web|[from] move: Rapid Spin|[of] p1a: Sandslash\n|\n|upkeep\n|turn|16\n|inactive|Time left: 300 sec this turn | 300 sec total\n|\n|t:|1783553903\n|move|p1a: Sandslash|Knock Off|p2a: Scizor\n|-damage|p2a: Scizor|90/240\n|-enditem|p2a: Scizor|Choice Band|[from] move: Knock Off|[of] p1a: Sandslash\n|move|p2a: Scizor|Knock Off|p1a: Sandslash\n|-damage|p1a: Sandslash|25/100\n|\n|upkeep\n|turn|17\n|inactive|Time left: 300 sec this turn | 300 sec total\n|\n|t:|1783553904\n|move|p1a: Sandslash|Triple Axel|p2a: Scizor\n|-resisted|p2a: Scizor\n|-damage|p2a: Scizor|78/240\n|-resisted|p2a: Scizor\n|-damage|p2a: Scizor|54/240\n|-resisted|p2a: Scizor\n|-damage|p2a: Scizor|20/240\n|-hitcount|p2a: Scizor|3\n|move|p2a: Scizor|U-turn|p1a: Sandslash\n|-resisted|p1a: Sandslash\n|-damage|p1a: Sandslash|13/100\n|inactive|Time left: 300 sec this turn | 300 sec total | 5 sec grace\n|\n|t:|1783553905\n|switch|p2a: Leafeon|Leafeon, L88, M|258/258|[from] U-turn\n|\n|upkeep\n|turn|18\n|inactive|Time left: 300 sec this turn | 300 sec total\n|\n|t:|1783553906\n|move|p2a: Leafeon|Leaf Blade|p1a: Sandslash\n|-resisted|p1a: Sandslash\n|-crit|p1a: Sandslash\n|-damage|p1a: Sandslash|0 fnt\n|faint|p1a: Sandslash\n|\n|upkeep\n|\n|t:|1783553907\n|switch|p1a: Infernape|Infernape, L82, F|100/100\n|turn|19\n|inactive|Time left: 300 sec this turn | 300 sec total\n|\n|t:|1783553908\n|switch|p2a: Swanna|Swanna, L89, F|278/278\n|move|p1a: Infernape|Flare Blitz|p2a: Swanna\n|-resisted|p2a: Swanna\n|-damage|p2a: Swanna|158/278\n|-damage|p1a: Infernape|85/100|[from] Recoil\n|\n|upkeep\n|turn|20\n|inactive|Time left: 300 sec this turn | 300 sec total\n|\n|t:|1783553910\n|switch|p1a: Flygon|Flygon, L82, F|100/100\n|move|p2a: Swanna|Brave Bird|p1a: Flygon\n|-damage|p1a: Flygon|43/100\n|-damage|p2a: Swanna|108/278|[from] Recoil\n|\n|upkeep\n|turn|21\n|inactive|Time left: 300 sec this turn | 300 sec total\n|\n|t:|1783553911\n|move|p2a: Swanna|Hydro Pump|p1a: Flygon\n|-damage|p1a: Flygon|0 fnt\n|faint|p1a: Flygon\n|\n|upkeep\n|\n|t:|1783553911\n|switch|p1a: Zangoose|Zangoose, L85, F|27/100 tox\n|turn|22\n|inactive|Time left: 300 sec this turn | 300 sec total\n|\n|t:|1783553912\n|-terastallize|p1a: Zangoose|Normal\n|move|p1a: Zangoose|Quick Attack|p2a: Swanna\n|-damage|p2a: Swanna|0 fnt\n|faint|p2a: Swanna\n|\n|-damage|p1a: Zangoose|21/100 tox|[from] psn\n|upkeep\n|inactive|Time left: 300 sec this turn | 300 sec total | 5 sec grace\n|\n|t:|1783553913\n|switch|p2a: Leafeon|Leafeon, L88, M|258/258\n|turn|23\n|inactive|Time left: 300 sec this turn | 300 sec total\n|\n|t:|1783553914\n|switch|p1a: Venusaur|Venusaur, L84, M|99/100\n|move|p2a: Leafeon|Substitute|p2a: Leafeon\n|-start|p2a: Leafeon|Substitute\n|-damage|p2a: Leafeon|194/258\n|\n|-heal|p2a: Leafeon|210/258|[from] item: Leftovers\n|upkeep\n|turn|24\n|inactive|Time left: 300 sec this turn | 300 sec total\n|\n|t:|1783553915\n|move|p2a: Leafeon|Swords Dance|p2a: Leafeon\n|-boost|p2a: Leafeon|atk|2\n|move|p1a: Venusaur|Sludge Bomb|p2a: Leafeon\n|-supereffective|p2a: Leafeon\n|-end|p2a: Leafeon|Substitute\n|\n|-heal|p2a: Leafeon|226/258|[from] item: Leftovers\n|upkeep\n|turn|25\n|inactive|Time left: 300 sec this turn | 300 sec total\n|\n|t:|1783553916\n|-terastallize|p2a: Leafeon|Dark\n|move|p2a: Leafeon|Knock Off|p1a: Venusaur\n|-damage|p1a: Venusaur|34/100\n|move|p1a: Venusaur|Sludge Bomb|p2a: Leafeon\n|-damage|p2a: Leafeon|115/258\n|\n|-heal|p2a: Leafeon|131/258|[from] item: Leftovers\n|upkeep\n|turn|26\n|inactive|Time left: 300 sec this turn | 300 sec total\n|\n|t:|1783553918\n|move|p2a: Leafeon|Knock Off|p1a: Venusaur\n|-damage|p1a: Venusaur|0 fnt\n|faint|p1a: Venusaur\n|\n|-heal|p2a: Leafeon|147/258|[from] item: Leftovers\n|upkeep\n|\n|t:|1783553919\n|switch|p1a: Infernape|Infernape, L82, F|85/100\n|turn|27\n|inactive|Time left: 300 sec this turn | 300 sec total\n|\n|t:|1783553920\n|move|p1a: Infernape|Close Combat|p2a: Leafeon\n|-supereffective|p2a: Leafeon\n|-damage|p2a: Leafeon|0 fnt\n|-unboost|p1a: Infernape|def|1\n|-unboost|p1a: Infernape|spd|1\n|faint|p2a: Leafeon\n|\n|upkeep\n|inactive|Time left: 300 sec this turn | 300 sec total | 5 sec grace\n|\n|t:|1783553921\n|switch|p2a: Scizor|Scizor, L79, M|20/240\n|turn|28\n|inactive|Time left: 300 sec this turn | 300 sec total\n|\n|t:|1783553921\n|move|p1a: Infernape|Close Combat|p2a: Scizor\n|-damage|p2a: Scizor|0 fnt\n|-unboost|p1a: Infernape|def|1\n|-unboost|p1a: Infernape|spd|1\n|faint|p2a: Scizor\n|\n|upkeep\n|inactive|Time left: 300 sec this turn | 300 sec total | 5 sec grace\n|\n|t:|1783553923\n|switch|p2a: Appletun|Appletun, L92, F|97/352\n|turn|29\n|inactive|Time left: 300 sec this turn | 300 sec total\n|\n|t:|1783553923\n|move|p1a: Infernape|Close Combat|p2a: Appletun\n|-damage|p2a: Appletun|0 fnt\n|-unboost|p1a: Infernape|def|1\n|-unboost|p1a: Infernape|spd|1\n|faint|p2a: Appletun\n|\n|win|p0x11993fd3", "uploadtime": 1783553923, "views": 0, "rating": 0, "private": 0, "password": null, "_winner": "p0x11993fd3", "_our_name": "p0y119940a7"}