{"id": "battle-gen9randombattle-91", "formatid": "gen9randombattle", "format": "[Gen 9] Random Battle", "players": ["p0x0912031", "p0y091b109"], "log": "|init|battle\n|title|p0x0912031 vs. p0y091b109\n|j|\u2606p0x0912031\n|j|\u2606p0y091b109\n|t:|1783534320\n|gametype|singles\n|player|p1|p0x0912031|1|\n|player|p2|p0y091b109|2|\n|gen|9\n|tier|[Gen 9] Random Battle\n|rule|Species Clause: Limit one of each Pok\u00e9mon\n|rule|HP Percentage Mod: HP is shown in percentages\n|rule|Sleep Clause Mod: Limit one foe put to sleep\n|rule|Illusion Level Mod: Illusion disguises the Pok\u00e9mon's true level\n|\n|t:|1783534320\n|teamsize|p1|6\n|teamsize|p2|6\n|start\n|switch|p1a: Manaphy|Manaphy, L78|284/284\n|switch|p2a: Torkoal|Torkoal, L88, M|100/100\n|-weather|SunnyDay|[from] ability: Drought|[of] p2a: Torkoal\n|turn|1\n|inactive|Battle timer is ON: inactive players will automatically lose when time's up. (requested by p0x0912031)\n|inactive|p0y091b109 also wants the timer to be on.\n|\n|t:|1783534322\n|move|p1a: Manaphy|Tail Glow|p1a: Manaphy\n|-boost|p1a: Manaphy|spa|3\n|move|p2a: Torkoal|Solar Beam||[still]\n|-prepare|p2a: Torkoal|Solar Beam\n|-anim|p2a: Torkoal|Solar Beam|p1a: Manaphy\n|-supereffective|p1a: Manaphy\n|-damage|p1a: Manaphy|130/284\n|\n|-weather|SunnyDay|[upkeep]\n|-heal|p1a: Manaphy|147/284|[from] item: Leftovers\n|upkeep\n|turn|2\n|inactive|Time left: 300 sec this turn | 300 sec total\n|\n|t:|1783534323\n|move|p1a: Manaphy|Hydro Pump|p2a: Torkoal|[miss]\n|-miss|p1a: Manaphy|p2a: Torkoal\n|move|p2a: Torkoal|Solar Beam||[still]\n|-prepare|p2a: Torkoal|Solar Beam\n|-anim|p2a: Torkoal|Solar Beam|p1a: Manaphy\n|-supereffective|p1a: Manaphy\n|-damage|p1a: Manaphy|0 fnt\n|faint|p1a: Manaphy\n|\n|-weather|SunnyDay|[upkeep]\n|upkeep\n|inactive|Time left: 300 sec this turn | 300 sec total | 5 sec grace\n|\n|t:|1783534324\n|switch|p1a: Pincurchin|Pincurchin, F|258/258\n|-fieldstart|move: Electric Terrain|[from] ability: Electric Surge|[of] p1a: Pincurchin\n|turn|3\n|inactive|Time left: 300 sec this turn | 300 sec total\n|\n|t:|1783534325\n|move|p1a: Pincurchin|Thunderbolt|p2a: Torkoal\n|-damage|p2a: Torkoal|34/100\n|move|p2a: Torkoal|Fire Blast|p1a: Pincurchin\n|-damage|p1a: Pincurchin|111/258\n|\n|-weather|SunnyDay|[upkeep]\n|-heal|p1a: Pincurchin|127/258|[from] item: Leftovers\n|upkeep\n|turn|4\n|inactive|Time left: 300 sec this turn | 300 sec total\n|\n|t:|1783534326\n|switch|p2a: Victreebel|Victreebel, L90, F|100/100\n|move|p1a: Pincurchin|Thunderbolt|p2a: Victreebel\n|-resisted|p2a: Victreebel\n|-damage|p2a: Victreebel|70/100\n|\n|-weather|SunnyDay|[upkeep]\n|-heal|p1a: Pincurchin|143/258|[from] item: Leftovers\n|upkeep\n|turn|5\n|inactive|Time left: 300 sec this turn | 300 sec total\n|\n|t:|1783534327\n|move|p2a: Victreebel|Power Whip|p1a: Pincurchin\n|-damage|p1a: Pincurchin|0 fnt\n|faint|p1a: Pincurchin\n|-damage|p2a: Victreebel|60/100|[from] item: Life Orb\n|\n|-weather|none\n|upkeep\n|inactive|Time left: 300 sec this turn | 300 sec total | 5 sec grace\n|\n|t:|1783534329\n|switch|p1a: Dunsparce|Dunsparce, L86, F|312/312\n|turn|6\n|inactive|Time left: 300 sec this turn | 300 sec total\n|\n|t:|1783534330\n|move|p2a: Victreebel|Power Whip|p1a: Dunsparce\n|-damage|p1a: Dunsparce|144/312\n|-damage|p2a: Victreebel|50/100|[from] item: Life Orb\n|move|p1a: Dunsparce|Coil|p1a: Dunsparce\n|-boost|p1a: Dunsparce|atk|1\n|-boost|p1a: Dunsparce|def|1\n|-boost|p1a: Dunsparce|accuracy|1\n|\n|upkeep\n|turn|7\n|inactive|Time left: 300 sec this turn | 300 sec total\n|\n|t:|1783534331\n|move|p2a: Victreebel|Sludge Wave|p1a: Dunsparce\n|-damage|p1a: Dunsparce|26/312\n|-damage|p2a: Victreebel|40/100|[from] item: Life Orb\n|move|p1a: Dunsparce|Roost|p1a: Dunsparce\n|-heal|p1a: Dunsparce|182/312\n|-singleturn|p1a: Dunsparce|move: Roost\n|\n|-fieldend|move: Electric Terrain\n|upkeep\n|turn|8\n|inactive|Time left: 300 sec this turn | 300 sec total\n|\n|t:|1783534332\n|move|p2a: Victreebel|Sleep Powder|p1a: Dunsparce\n|-status|p1a: Dunsparce|slp|[from] move: Sleep Powder\n|cant|p1a: Dunsparce|slp\n|\n|upkeep\n|turn|9\n|inactive|Time left: 300 sec this turn | 300 sec total\n|\n|t:|1783534333\n|move|p2a: Victreebel|Sludge Wave|p1a: Dunsparce\n|-damage|p1a: Dunsparce|46/312 slp\n|-damage|p2a: Victreebel|30/100|[from] item: Life Orb\n|cant|p1a: Dunsparce|slp\n|\n|upkeep\n|turn|10\n|inactive|Time left: 300 sec this turn | 300 sec total\n|\n|t:|1783534334\n|move|p2a: Victreebel|Sludge Wave|p1a: Dunsparce\n|-damage|p1a: Dunsparce|0 fnt\n|faint|p1a: Dunsparce\n|-damage|p2a: Victreebel|20/100|[from] item: Life Orb\n|\n|upkeep\n|inactive|Time left: 300 sec this turn | 300 sec total | 5 sec grace\n|\n|t:|1783534335\n|switch|p1a: Coalossal|Coalossal, L89, F|341/341\n|turn|11\n|inactive|Time left: 300 sec this turn | 300 sec total\n|\n|t:|1783534336\n|move|p2a: Victreebel|Sleep Powder|p1a: Coalossal\n|-status|p1a: Coalossal|slp|[from] move: Sleep Powder\n|cant|p1a: Coalossal|slp\n|\n|upkeep\n|turn|12\n|inactive|Time left: 300 sec this turn | 300 sec total\n|\n|t:|1783534337\n|move|p2a: Victreebel|Power Whip|p1a: Coalossal\n|-damage|p1a: Coalossal|193/341 slp\n|-damage|p2a: Victreebel|10/100|[from] item: Life Orb\n|cant|p1a: Coalossal|slp\n|\n|upkeep\n|turn|13\n|inactive|Time left: 300 sec this turn | 300 sec total\n|\n|t:|1783534338\n|move|p2a: Victreebel|Power Whip|p1a: Coalossal\n|-damage|p1a: Coalossal|36/341 slp\n|-status|p2a: Victreebel|brn|[from] ability: Flame Body|[of] p1a: Coalossal\n|-damage|p2a: Victreebel|0 fnt|[from] item: Life Orb\n|faint|p2a: Victreebel\n|cant|p1a: Coalossal|slp\n|\n|upkeep\n|\n|t:|1783534339\n|switch|p2a: Yanmega|Yanmega, L82, M|100/100\n|turn|14\n|inactive|Time left: 300 sec this turn | 300 sec total\n|\n|t:|1783534340\n|move|p2a: Yanmega|Bug Buzz|p1a: Coalossal\n|-resisted|p1a: Coalossal\n|-damage|p1a: Coalossal|0 fnt\n|faint|p1a: Coalossal\n|\n|upkeep\n|inactive|Time left: 300 sec this turn | 300 sec total | 5 sec grace\n|\n|t:|1783534341\n|switch|p1a: Granbull|Granbull, L88, F|302/302\n|-ability|p1a: Granbull|Intimidate|boost\n|-unboost|p2a: Yanmega|atk|1\n|turn|15\n|inactive|Time left: 300 sec this turn | 300 sec total\n|\n|t:|1783534342\n|move|p2a: Yanmega|Bug Buzz|p1a: Granbull\n|-resisted|p1a: Granbull\n|-damage|p1a: Granbull|110/302\n|move|p1a: Granbull|Thunder Wave|p2a: Yanmega\n|-status|p2a: Yanmega|par\n|\n|-heal|p1a: Granbull|128/302|[from] item: Leftovers\n|upkeep\n|turn|16\n|inactive|Time left: 300 sec this turn | 300 sec total\n|\n|t:|1783534343\n|move|p1a: Granbull|Play Rough|p2a: Yanmega\n|-damage|p2a: Yanmega|50/100 par\n|move|p2a: Yanmega|Bug Buzz|p1a: Granbull\n|-resisted|p1a: Granbull\n|-damage|p1a: Granbull|0 fnt\n|faint|p1a: Granbull\n|\n|upkeep\n|inactive|Time left: 300 sec this turn | 300 sec total | 5 sec grace\n|\n|t:|1783534344\n|switch|p1a: Crawdaunt|Crawdaunt, L84, F|243/243\n|turn|17\n|inactive|Time left: 300 sec this turn | 300 sec total\n|\n|t:|1783534345\n|move|p1a: Crawdaunt|Crabhammer|p2a: Yanmega\n|-damage|p2a: Yanmega|0 fnt\n|faint|p2a: Yanmega\n|-damage|p1a: Crawdaunt|219/243|[from] item: Life Orb\n|\n|upkeep\n|\n|t:|1783534346\n|switch|p2a: Brambleghast|Brambleghast, L88, M|100/100\n|turn|18\n|inactive|Time left: 300 sec this turn | 300 sec total\n|\n|t:|1783534347\n|move|p2a: Brambleghast|Power Whip|p1a: Crawdaunt\n|-supereffective|p1a: Crawdaunt\n|-damage|p1a: Crawdaunt|0 fnt\n|faint|p1a: Crawdaunt\n|\n|win|p0y091b109", "uploadtime": 1783534348, "views": 0, "rating": 0, "private": 0, "password": null, "_winner": "p0y091b109", "_our_name": "p0x0912031"}