{"id": "battle-gen9randombattle-2102", "formatid": "gen9randombattle", "format": "[Gen 9] Random Battle", "players": ["p0x210298dc", "p0y2102ac19"], "log": "|init|battle\n|title|p0x210298dc vs. p0y2102ac19\n|j|\u2606p0x210298dc\n|j|\u2606p0y2102ac19\n|t:|1783563539\n|gametype|singles\n|player|p1|p0x210298dc|265|\n|player|p2|p0y2102ac19|1|\n|gen|9\n|tier|[Gen 9] Random Battle\n|rule|Species Clause: Limit one of each Pok\u00e9mon\n|rule|HP Percentage Mod: HP is shown in percentages\n|rule|Sleep Clause Mod: Limit one foe put to sleep\n|rule|Illusion Level Mod: Illusion disguises the Pok\u00e9mon's true level\n|\n|t:|1783563539\n|teamsize|p1|6\n|teamsize|p2|6\n|start\n|switch|p1a: Pelipper|Pelipper, L86, F|100/100\n|switch|p2a: Archaludon|Archaludon, L78, F|268/268\n|-weather|RainDance|[from] ability: Drizzle|[of] p1a: Pelipper\n|turn|1\n|inactive|Battle timer is ON: inactive players will automatically lose when time's up. (requested by p0y2102ac19)\n|inactive|p0x210298dc also wants the timer to be on.\n|\n|t:|1783563540\n|move|p2a: Archaludon|Swords Dance|p2a: Archaludon\n|-boost|p2a: Archaludon|atk|2\n|move|p1a: Pelipper|Weather Ball|p2a: Archaludon\n|-resisted|p2a: Archaludon\n|-damage|p2a: Archaludon|103/268\n|-ability|p2a: Archaludon|Stamina|boost\n|-boost|p2a: Archaludon|def|1\n|\n|-weather|RainDance|[upkeep]\n|upkeep\n|turn|2\n|inactive|Time left: 300 sec this turn | 300 sec total\n|\n|t:|1783563542\n|move|p2a: Archaludon|Outrage|p1a: Pelipper\n|-damage|p1a: Pelipper|19/100\n|move|p1a: Pelipper|Weather Ball|p2a: Archaludon\n|-resisted|p2a: Archaludon\n|-damage|p2a: Archaludon|0 fnt\n|faint|p2a: Archaludon\n|\n|-weather|RainDance|[upkeep]\n|upkeep\n|inactive|Time left: 300 sec this turn | 300 sec total | 5 sec grace\n|\n|t:|1783563543\n|switch|p2a: Tinkaton|Tinkaton, L82, F|274/274\n|-ability|p2a: Tinkaton|Mold Breaker\n|turn|3\n|inactive|Time left: 300 sec this turn | 300 sec total\n|\n|t:|1783563543\n|switch|p1a: Arbok|Arbok, L87, M|100/100\n|-ability|p1a: Arbok|Intimidate|boost\n|-unboost|p2a: Tinkaton|atk|1\n|move|p2a: Tinkaton|Gigaton Hammer|p1a: Arbok\n|-damage|p1a: Arbok|59/100\n|\n|-weather|RainDance|[upkeep]\n|-heal|p1a: Arbok|65/100|[from] item: Leftovers\n|upkeep\n|turn|4\n|inactive|Time left: 300 sec this turn | 300 sec total\n|\n|t:|1783563545\n|move|p2a: Tinkaton|Swords Dance|p2a: Tinkaton\n|-boost|p2a: Tinkaton|atk|2\n|move|p1a: Arbok|Coil|p1a: Arbok\n|-boost|p1a: Arbok|atk|1\n|-boost|p1a: Arbok|def|1\n|-boost|p1a: Arbok|accuracy|1\n|\n|-weather|RainDance|[upkeep]\n|-heal|p1a: Arbok|71/100|[from] item: Leftovers\n|upkeep\n|turn|5\n|inactive|Time left: 300 sec this turn | 300 sec total\n|\n|t:|1783563545\n|-terastallize|p2a: Tinkaton|Steel\n|move|p2a: Tinkaton|Gigaton Hammer|p1a: Arbok\n|-damage|p1a: Arbok|0 fnt\n|faint|p1a: Arbok\n|\n|-weather|none\n|upkeep\n|\n|t:|1783563546\n|switch|p1a: Reshiram|Reshiram, L76|100/100\n|-ability|p1a: Reshiram|Turboblaze\n|turn|6\n|inactive|Time left: 300 sec this turn | 300 sec total\n|\n|t:|1783563547\n|move|p2a: Tinkaton|Play Rough|p1a: Reshiram\n|-damage|p1a: Reshiram|59/100\n|move|p1a: Reshiram|Flare Blitz|p2a: Tinkaton\n|-supereffective|p2a: Tinkaton\n|-damage|p2a: Tinkaton|0 fnt\n|faint|p2a: Tinkaton\n|-damage|p1a: Reshiram|26/100|[from] Recoil\n|\n|upkeep\n|inactive|Time left: 300 sec this turn | 300 sec total | 5 sec grace\n|\n|t:|1783563548\n|switch|p2a: Great Tusk|Great Tusk, L77|304/304\n|-enditem|p2a: Great Tusk|Booster Energy\n|-activate|p2a: Great Tusk|ability: Protosynthesis|[fromitem]\n|-start|p2a: Great Tusk|protosynthesisatk\n|turn|7\n|inactive|Time left: 300 sec this turn | 300 sec total\n|\n|t:|1783563549\n|move|p1a: Reshiram|Flare Blitz|p2a: Great Tusk\n|-damage|p2a: Great Tusk|208/304\n|-damage|p1a: Reshiram|15/100|[from] Recoil\n|move|p2a: Great Tusk|Bulk Up|p2a: Great Tusk\n|-boost|p2a: Great Tusk|atk|1\n|-boost|p2a: Great Tusk|def|1\n|\n|upkeep\n|turn|8\n|inactive|Time left: 300 sec this turn | 300 sec total\n|\n|t:|1783563550\n|move|p1a: Reshiram|Flare Blitz|p2a: Great Tusk\n|-damage|p2a: Great Tusk|141/304\n|-damage|p1a: Reshiram|7/100|[from] Recoil\n|move|p2a: Great Tusk|Rapid Spin|p1a: Reshiram\n|-damage|p1a: Reshiram|0 fnt\n|-boost|p2a: Great Tusk|spe|1\n|faint|p1a: Reshiram\n|\n|upkeep\n|\n|t:|1783563551\n|switch|p1a: Greedent|Greedent, L86, M|100/100\n|turn|9\n|inactive|Time left: 300 sec this turn | 300 sec total\n|\n|t:|1783563552\n|switch|p1a: Ariados|Ariados, L95, F|100/100\n|move|p2a: Great Tusk|Close Combat|p1a: Ariados\n|-resisted|p1a: Ariados\n|-damage|p1a: Ariados|75/100\n|-unboost|p2a: Great Tusk|def|1\n|-unboost|p2a: Great Tusk|spd|1\n|\n|upkeep\n|turn|10\n|inactive|Time left: 300 sec this turn | 300 sec total\n|\n|t:|1783563553\n|switch|p1a: Pelipper|Pelipper, L86, F|19/100\n|-weather|RainDance|[from] ability: Drizzle|[of] p1a: Pelipper\n|move|p2a: Great Tusk|Earthquake|p1a: Pelipper\n|-immune|p1a: Pelipper\n|\n|-weather|RainDance|[upkeep]\n|upkeep\n|turn|11\n|inactive|Time left: 300 sec this turn | 300 sec total\n|\n|t:|1783563554\n|switch|p1a: Ariados|Ariados, L95, F|75/100\n|move|p2a: Great Tusk|Rapid Spin|p1a: Ariados\n|-damage|p1a: Ariados|48/100\n|-boost|p2a: Great Tusk|spe|1\n|\n|-weather|RainDance|[upkeep]\n|upkeep\n|turn|12\n|inactive|Time left: 300 sec this turn | 300 sec total\n|\n|t:|1783563555\n|switch|p1a: Pelipper|Pelipper, L86, F|19/100\n|move|p2a: Great Tusk|Earthquake|p1a: Pelipper\n|-immune|p1a: Pelipper\n|\n|-weather|RainDance|[upkeep]\n|upkeep\n|turn|13\n|inactive|Time left: 300 sec this turn | 300 sec total\n|\n|t:|1783563556\n|switch|p1a: Ariados|Ariados, L95, F|48/100\n|move|p2a: Great Tusk|Rapid Spin|p1a: Ariados\n|-crit|p1a: Ariados\n|-damage|p1a: Ariados|8/100\n|-boost|p2a: Great Tusk|spe|1\n|\n|-weather|RainDance|[upkeep]\n|upkeep\n|turn|14\n|inactive|Time left: 300 sec this turn | 300 sec total\n|\n|t:|1783563558\n|move|p2a: Great Tusk|Earthquake|p1a: Ariados\n|-damage|p1a: Ariados|0 fnt\n|faint|p1a: Ariados\n|\n|-weather|none\n|upkeep\n|\n|t:|1783563559\n|switch|p1a: Greedent|Greedent, L86, M|100/100\n|turn|15\n|inactive|Time left: 300 sec this turn | 300 sec total\n|\n|t:|1783563560\n|-terastallize|p1a: Greedent|Ground\n|move|p2a: Great Tusk|Close Combat|p1a: Greedent\n|-damage|p1a: Greedent|34/100\n|-unboost|p2a: Great Tusk|def|1\n|-unboost|p2a: Great Tusk|spd|1\n|-enditem|p1a: Greedent|Sitrus Berry|[eat]\n|-heal|p1a: Greedent|58/100|[from] item: Sitrus Berry\n|-heal|p1a: Greedent|92/100|[from] ability: Cheek Pouch\n|move|p1a: Greedent|Body Slam|p2a: Great Tusk\n|-damage|p2a: Great Tusk|21/304\n|-status|p2a: Great Tusk|par\n|\n|upkeep\n|turn|16\n|inactive|Time left: 300 sec this turn | 300 sec total\n|\n|t:|1783563561\n|move|p2a: Great Tusk|Close Combat|p1a: Greedent\n|-damage|p1a: Greedent|25/100\n|-unboost|p2a: Great Tusk|def|1\n|-unboost|p2a: Great Tusk|spd|1\n|move|p1a: Greedent|Earthquake|p2a: Great Tusk\n|-damage|p2a: Great Tusk|0 fnt\n|faint|p2a: Great Tusk\n|-end|p2a: Great Tusk|Protosynthesis|[silent]\n|\n|upkeep\n|inactive|Time left: 300 sec this turn | 300 sec total | 5 sec grace\n|\n|t:|1783563562\n|switch|p2a: Vileplume|Vileplume, L85, F|266/266\n|turn|17\n|inactive|Time left: 300 sec this turn | 300 sec total\n|\n|t:|1783563563\n|move|p2a: Vileplume|Sleep Powder|p1a: Greedent\n|-status|p1a: Greedent|slp|[from] move: Sleep Powder\n|cant|p1a: Greedent|slp\n|\n|upkeep\n|turn|18\n|inactive|Time left: 300 sec this turn | 300 sec total\n|\n|t:|1783563564\n|switch|p1a: Raichu|Raichu-Alola, L87, F|100/100\n|move|p2a: Vileplume|Strength Sap|p1a: Raichu\n|-unboost|p1a: Raichu|atk|1\n|\n|upkeep\n|turn|19\n|inactive|Time left: 300 sec this turn | 300 sec total\n|\n|t:|1783563565\n|switch|p2a: Vespiquen|Vespiquen, L99, F|299/299\n|-ability|p2a: Vespiquen|Pressure\n|move|p1a: Raichu|Psychic|p2a: Vespiquen\n|-damage|p2a: Vespiquen|191/299\n|\n|upkeep\n|turn|20\n|inactive|Time left: 300 sec this turn | 300 sec total\n|\n|t:|1783563566\n|switch|p1a: Pelipper|Pelipper, L86, F|19/100\n|-weather|RainDance|[from] ability: Drizzle|[of] p1a: Pelipper\n|move|p2a: Vespiquen|U-turn|p1a: Pelipper\n|-resisted|p1a: Pelipper\n|-damage|p1a: Pelipper|4/100\n|inactive|Time left: 300 sec this turn | 300 sec total | 5 sec grace\n|\n|t:|1783563567\n|switch|p2a: Ceruledge|Ceruledge, L78, F|245/245|[from] U-turn\n|\n|-weather|RainDance|[upkeep]\n|upkeep\n|turn|21\n|inactive|Time left: 300 sec this turn | 300 sec total\n|\n|t:|1783563568\n|switch|p1a: Greedent|Greedent, L86, M, tera:Ground|25/100 slp\n|move|p2a: Ceruledge|Bitter Blade|p1a: Greedent\n|-damage|p1a: Greedent|12/100 slp\n|\n|-weather|RainDance|[upkeep]\n|upkeep\n|turn|22\n|inactive|Time left: 300 sec this turn | 300 sec total\n|\n|t:|1783563569\n|move|p2a: Ceruledge|Bitter Blade|p1a: Greedent\n|-damage|p1a: Greedent|0 fnt\n|faint|p1a: Greedent\n|\n|-weather|RainDance|[upkeep]\n|upkeep\n|\n|t:|1783563570\n|switch|p1a: Raichu|Raichu-Alola, L87, F|100/100\n|turn|23\n|inactive|Time left: 300 sec this turn | 300 sec total\n|\n|t:|1783563571\n|move|p1a: Raichu|Volt Switch|p2a: Ceruledge\n|-damage|p2a: Ceruledge|142/245\n|\n|t:|1783563571\n|switch|p1a: Pelipper|Pelipper, L86, F|4/100|[from] Volt Switch\n|move|p2a: Ceruledge|Poltergeist|p1a: Pelipper\n|-activate|p1a: Pelipper|move: Poltergeist|Choice Specs\n|-damage|p1a: Pelipper|0 fnt\n|faint|p1a: Pelipper\n|\n|-weather|RainDance|[upkeep]\n|upkeep\n|\n|t:|1783563572\n|switch|p1a: Raichu|Raichu-Alola, L87, F|100/100\n|turn|24\n|inactive|Time left: 300 sec this turn | 300 sec total\n|\n|t:|1783563573\n|move|p1a: Raichu|Thunderbolt|p2a: Ceruledge\n|-damage|p2a: Ceruledge|7/245\n|move|p2a: Ceruledge|Poltergeist|p1a: Raichu\n|-activate|p1a: Raichu|move: Poltergeist|Choice Specs\n|-supereffective|p1a: Raichu\n|-damage|p1a: Raichu|0 fnt\n|faint|p1a: Raichu\n|\n|win|p0y2102ac19", "uploadtime": 1783563573, "views": 0, "rating": 0, "private": 0, "password": null, "_winner": "p0y2102ac19", "_our_name": "p0y2102ac19"}