{"id": "battle-gen9randombattle-165", "formatid": "gen9randombattle", "format": "[Gen 9] Random Battle", "players": ["p0x1654644", "p0y16576cf"], "log": "|init|battle\n|title|p0x1654644 vs. p0y16576cf\n|j|\u2606p0x1654644\n|j|\u2606p0y16576cf\n|t:|1783535154\n|gametype|singles\n|player|p1|p0x1654644|101|\n|player|p2|p0y16576cf|169|\n|gen|9\n|tier|[Gen 9] Random Battle\n|rule|Species Clause: Limit one of each Pok\u00e9mon\n|rule|HP Percentage Mod: HP is shown in percentages\n|rule|Sleep Clause Mod: Limit one foe put to sleep\n|rule|Illusion Level Mod: Illusion disguises the Pok\u00e9mon's true level\n|\n|t:|1783535154\n|teamsize|p1|6\n|teamsize|p2|6\n|start\n|switch|p1a: Haxorus|Haxorus, L77, F|244/244\n|switch|p2a: Uxie|Uxie, L83|100/100\n|-ability|p1a: Haxorus|Mold Breaker\n|turn|1\n|inactive|Battle timer is ON: inactive players will automatically lose when time's up. (requested by p0x1654644)\n|\n|t:|1783535155\n|move|p2a: Uxie|Stealth Rock|p1a: Haxorus\n|-sidestart|p1: p0x1654644|move: Stealth Rock\n|move|p1a: Haxorus|Swords Dance|p1a: Haxorus\n|-boost|p1a: Haxorus|atk|2\n|\n|upkeep\n|turn|2\n|inactive|Time left: 300 sec this turn | 300 sec total\n|inactive|p0y16576cf also wants the timer to be on.\n|\n|t:|1783535156\n|move|p2a: Uxie|Encore|p1a: Haxorus\n|-start|p1a: Haxorus|Encore\n|move|p1a: Haxorus|Swords Dance|p1a: Haxorus\n|-boost|p1a: Haxorus|atk|2\n|\n|upkeep\n|turn|3\n|inactive|Time left: 300 sec this turn | 300 sec total\n|\n|t:|1783535157\n|switch|p2a: Flareon|Flareon, L90, M|100/100\n|switch|p1a: Politoed|Politoed, L88, F|302/302\n|-damage|p1a: Politoed|265/302|[from] Stealth Rock\n|-weather|RainDance|[from] ability: Drizzle|[of] p1a: Politoed\n|\n|-weather|RainDance|[upkeep]\n|-status|p2a: Flareon|tox|[from] item: Toxic Orb\n|upkeep\n|turn|4\n|inactive|Time left: 300 sec this turn | 300 sec total\n|\n|t:|1783535158\n|-terastallize|p2a: Flareon|Normal\n|move|p1a: Politoed|Weather Ball|p2a: Flareon\n|-damage|p2a: Flareon|31/100 tox\n|move|p2a: Flareon|Facade|p1a: Politoed\n|-damage|p1a: Politoed|0 fnt\n|faint|p1a: Politoed\n|\n|-weather|RainDance|[upkeep]\n|-damage|p2a: Flareon|24/100 tox|[from] psn\n|upkeep\n|inactive|Time left: 300 sec this turn | 300 sec total | 5 sec grace\n|\n|t:|1783535159\n|switch|p1a: Haxorus|Haxorus, L77, F|244/244\n|-damage|p1a: Haxorus|214/244|[from] Stealth Rock\n|-ability|p1a: Haxorus|Mold Breaker\n|turn|5\n|inactive|Time left: 300 sec this turn | 300 sec total\n|\n|t:|1783535160\n|switch|p2a: Groudon|Groudon, L72|100/100\n|-weather|SunnyDay|[from] ability: Drought|[of] p2a: Groudon\n|move|p1a: Haxorus|Scale Shot|p2a: Groudon\n|-damage|p2a: Groudon|91/100\n|-crit|p2a: Groudon\n|-damage|p2a: Groudon|77/100\n|-damage|p2a: Groudon|67/100\n|-damage|p2a: Groudon|58/100\n|-hitcount|p2a: Groudon|4\n|-unboost|p1a: Haxorus|def|1\n|-boost|p1a: Haxorus|spe|1\n|\n|-weather|SunnyDay|[upkeep]\n|-heal|p2a: Groudon|64/100|[from] item: Leftovers\n|upkeep\n|turn|6\n|inactive|Time left: 300 sec this turn | 300 sec total\n|\n|t:|1783535161\n|move|p1a: Haxorus|Swords Dance|p1a: Haxorus\n|-boost|p1a: Haxorus|atk|2\n|move|p2a: Groudon|Precipice Blades|p1a: Haxorus|[miss]\n|-miss|p2a: Groudon|p1a: Haxorus\n|\n|-weather|SunnyDay|[upkeep]\n|-heal|p2a: Groudon|70/100|[from] item: Leftovers\n|upkeep\n|turn|7\n|inactive|Time left: 300 sec this turn | 300 sec total\n|\n|t:|1783535162\n|move|p1a: Haxorus|Scale Shot|p2a: Groudon\n|-damage|p2a: Groudon|52/100\n|-damage|p2a: Groudon|32/100\n|-damage|p2a: Groudon|12/100\n|-damage|p2a: Groudon|0 fnt\n|faint|p2a: Groudon\n|-hitcount|p2: Groudon|4\n|-unboost|p1a: Haxorus|def|1\n|-boost|p1a: Haxorus|spe|1\n|\n|-weather|SunnyDay|[upkeep]\n|upkeep\n|\n|t:|1783535163\n|switch|p2a: Dusknoir|Dusknoir, L89, F|100/100\n|-item|p1a: Haxorus|Loaded Dice|[from] ability: Frisk|[of] p2a: Dusknoir\n|turn|8\n|inactive|Time left: 300 sec this turn | 300 sec total\n|\n|t:|1783535164\n|move|p1a: Haxorus|Iron Head|p2a: Dusknoir\n|-damage|p2a: Dusknoir|61/100\n|move|p2a: Dusknoir|Poltergeist|p1a: Haxorus\n|-activate|p1a: Haxorus|move: Poltergeist|Loaded Dice\n|-damage|p1a: Haxorus|0 fnt\n|faint|p1a: Haxorus\n|\n|-weather|SunnyDay|[upkeep]\n|-heal|p2a: Dusknoir|68/100|[from] item: Leftovers\n|upkeep\n|inactive|Time left: 300 sec this turn | 300 sec total | 5 sec grace\n|\n|t:|1783535165\n|switch|p1a: Incineroar|Incineroar, L82, M|290/290\n|-damage|p1a: Incineroar|218/290|[from] Stealth Rock\n|-ability|p1a: Incineroar|Intimidate|boost\n|-unboost|p2a: Dusknoir|atk|1\n|turn|9\n|inactive|Time left: 300 sec this turn | 300 sec total\n|\n|t:|1783535166\n|switch|p2a: Quaquaval|Quaquaval, L79, F|100/100\n|move|p1a: Incineroar|Knock Off|p2a: Quaquaval\n|-resisted|p2a: Quaquaval\n|-damage|p2a: Quaquaval|78/100\n|-enditem|p2a: Quaquaval|Choice Band|[from] move: Knock Off|[of] p1a: Incineroar\n|\n|-weather|none\n|upkeep\n|turn|10\n|inactive|Time left: 300 sec this turn | 300 sec total\n|\n|t:|1783535166\n|switch|p1a: Sneasler|Sneasler, L74, F|240/240\n|-damage|p1a: Sneasler|225/240|[from] Stealth Rock\n|move|p2a: Quaquaval|Aqua Step|p1a: Sneasler\n|-damage|p1a: Sneasler|89/240\n|-boost|p2a: Quaquaval|spe|1\n|\n|upkeep\n|turn|11\n|inactive|Time left: 300 sec this turn | 300 sec total\n|\n|t:|1783535167\n|switch|p1a: Ambipom|Ambipom, L84, M|263/263\n|-damage|p1a: Ambipom|231/263|[from] Stealth Rock\n|move|p2a: Quaquaval|Aqua Step|p1a: Ambipom\n|-crit|p1a: Ambipom\n|-damage|p1a: Ambipom|69/263\n|-boost|p2a: Quaquaval|spe|1\n|\n|upkeep\n|turn|12\n|inactive|Time left: 300 sec this turn | 300 sec total\n|\n|t:|1783535168\n|move|p1a: Ambipom|Fake Out|p2a: Quaquaval\n|-damage|p2a: Quaquaval|47/100\n|cant|p2a: Quaquaval|flinch\n|\n|upkeep\n|turn|13\n|inactive|Time left: 300 sec this turn | 300 sec total\n|\n|t:|1783535169\n|move|p2a: Quaquaval|Aqua Step|p1a: Ambipom\n|-damage|p1a: Ambipom|0 fnt\n|-boost|p2a: Quaquaval|spe|1\n|faint|p1a: Ambipom\n|-ability|p2a: Quaquaval|Moxie|boost\n|-boost|p2a: Quaquaval|atk|1\n|\n|upkeep\n|inactive|Time left: 300 sec this turn | 300 sec total | 5 sec grace\n|\n|t:|1783535170\n|switch|p1a: Incineroar|Incineroar, L82, M|218/290\n|-damage|p1a: Incineroar|146/290|[from] Stealth Rock\n|-ability|p1a: Incineroar|Intimidate|boost\n|-unboost|p2a: Quaquaval|atk|1\n|turn|14\n|inactive|Time left: 300 sec this turn | 300 sec total\n|\n|t:|1783535171\n|move|p1a: Incineroar|Fake Out|p2a: Quaquaval\n|-damage|p2a: Quaquaval|33/100\n|cant|p2a: Quaquaval|flinch\n|\n|upkeep\n|turn|15\n|inactive|Time left: 300 sec this turn | 300 sec total\n|\n|t:|1783535172\n|-terastallize|p1a: Incineroar|Water\n|move|p2a: Quaquaval|Aqua Step|p1a: Incineroar\n|-resisted|p1a: Incineroar\n|-damage|p1a: Incineroar|101/290\n|-boost|p2a: Quaquaval|spe|1\n|move|p1a: Incineroar|Overheat|p2a: Quaquaval\n|-resisted|p2a: Quaquaval\n|-damage|p2a: Quaquaval|8/100\n|-unboost|p1a: Incineroar|spa|2\n|\n|upkeep\n|turn|16\n|inactive|Time left: 300 sec this turn | 300 sec total\n|\n|t:|1783535173\n|switch|p1a: Sneasler|Sneasler, L74, F|89/240\n|-damage|p1a: Sneasler|74/240|[from] Stealth Rock\n|move|p2a: Quaquaval|Close Combat|p1a: Sneasler\n|-resisted|p1a: Sneasler\n|-damage|p1a: Sneasler|0 fnt\n|-unboost|p2a: Quaquaval|def|1\n|-unboost|p2a: Quaquaval|spd|1\n|faint|p1a: Sneasler\n|-ability|p2a: Quaquaval|Moxie|boost\n|-boost|p2a: Quaquaval|atk|1\n|\n|upkeep\n|inactive|Time left: 300 sec this turn | 300 sec total | 5 sec grace\n|\n|t:|1783535174\n|switch|p1a: Incineroar|Incineroar, L82, M, tera:Water|101/290\n|-damage|p1a: Incineroar|65/290|[from] Stealth Rock\n|-ability|p1a: Incineroar|Intimidate|boost\n|-unboost|p2a: Quaquaval|atk|1\n|turn|17\n|inactive|Time left: 300 sec this turn | 300 sec total\n|\n|t:|1783535175\n|move|p1a: Incineroar|Fake Out|p2a: Quaquaval\n|-damage|p2a: Quaquaval|0 fnt\n|faint|p2a: Quaquaval\n|\n|upkeep\n|\n|t:|1783535176\n|switch|p2a: Flareon|Flareon, L90, M, tera:Normal|24/100 tox\n|turn|18\n|inactive|Time left: 300 sec this turn | 300 sec total\n|\n|t:|1783535177\n|switch|p1a: Grafaiai|Grafaiai, L86, F|249/249\n|-damage|p1a: Grafaiai|218/249|[from] Stealth Rock\n|move|p2a: Flareon|Trailblaze|p1a: Grafaiai\n|-resisted|p1a: Grafaiai\n|-damage|p1a: Grafaiai|172/249\n|-boost|p2a: Flareon|spe|1\n|\n|-damage|p2a: Flareon|18/100 tox|[from] psn\n|upkeep\n|turn|19\n|inactive|Time left: 300 sec this turn | 300 sec total\n|\n|t:|1783535178\n|move|p2a: Flareon|Facade|p1a: Grafaiai\n|-damage|p1a: Grafaiai|0 fnt\n|faint|p1a: Grafaiai\n|\n|-damage|p2a: Flareon|6/100 tox|[from] psn\n|upkeep\n|inactive|Time left: 300 sec this turn | 300 sec total | 5 sec grace\n|\n|t:|1783535179\n|switch|p1a: Incineroar|Incineroar, L82, M, tera:Water|65/290\n|-damage|p1a: Incineroar|29/290|[from] Stealth Rock\n|-ability|p1a: Incineroar|Intimidate|boost\n|-unboost|p2a: Flareon|atk|1\n|turn|20\n|inactive|Time left: 300 sec this turn | 300 sec total\n|\n|t:|1783535180\n|move|p1a: Incineroar|Fake Out|p2a: Flareon\n|-damage|p2a: Flareon|0 fnt\n|faint|p2a: Flareon\n|\n|upkeep\n|\n|t:|1783535181\n|switch|p2a: Uxie|Uxie, L83|100/100\n|turn|21\n|inactive|Time left: 300 sec this turn | 300 sec total\n|\n|t:|1783535182\n|move|p1a: Incineroar|Fake Out||[still]\n|-hint|Fake Out only works on your first turn out.\n|-fail|p1a: Incineroar\n|move|p2a: Uxie|Knock Off|p1a: Incineroar\n|-damage|p1a: Incineroar|0 fnt\n|-enditem|p1a: Incineroar|Assault Vest|[from] move: Knock Off|[of] p2a: Uxie\n|faint|p1a: Incineroar\n|\n|win|p0y16576cf", "uploadtime": 1783535182, "views": 0, "rating": 0, "private": 0, "password": null, "_winner": "p0y16576cf", "_our_name": "p0x1654644"}