{"id": "battle-gen9randombattle-1779", "formatid": "gen9randombattle", "format": "[Gen 9] Random Battle", "players": ["p0x17799795", "p0y177995c8"], "log": "|init|battle\n|title|p0x17799795 vs. p0y177995c8\n|j|\u2606p0x17799795\n|j|\u2606p0y177995c8\n|t:|1783559853\n|gametype|singles\n|player|p1|p0x17799795|2|\n|player|p2|p0y177995c8|265|\n|gen|9\n|tier|[Gen 9] Random Battle\n|rule|Species Clause: Limit one of each Pok\u00e9mon\n|rule|HP Percentage Mod: HP is shown in percentages\n|rule|Sleep Clause Mod: Limit one foe put to sleep\n|rule|Illusion Level Mod: Illusion disguises the Pok\u00e9mon's true level\n|\n|t:|1783559853\n|teamsize|p1|6\n|teamsize|p2|6\n|start\n|switch|p1a: Meganium|Meganium, L90, M|100/100\n|switch|p2a: Incineroar|Incineroar, L82, M|290/290\n|-ability|p2a: Incineroar|Intimidate|boost\n|-unboost|p1a: Meganium|atk|1\n|turn|1\n|inactive|Battle timer is ON: inactive players will automatically lose when time's up. (requested by p0x17799795)\n|inactive|Time left: 300 sec this turn | 300 sec total | 60 sec grace\n|inactive|p0y177995c8 also wants the timer to be on.\n|\n|t:|1783559855\n|switch|p1a: Volcanion|Volcanion, L79|100/100\n|move|p2a: Incineroar|Knock Off|p1a: Volcanion\n|-damage|p1a: Volcanion|62/100\n|-enditem|p1a: Volcanion|Assault Vest|[from] move: Knock Off|[of] p2a: Incineroar\n|\n|upkeep\n|turn|2\n|inactive|Time left: 300 sec this turn | 300 sec total\n|\n|t:|1783559856\n|switch|p2a: Komala|Komala, L87, M|255/255\n|-ability|p2a: Komala|Comatose\n|move|p1a: Volcanion|Steam Eruption|p2a: Komala\n|-damage|p2a: Komala|171/255\n|\n|upkeep\n|turn|3\n|inactive|Time left: 300 sec this turn | 300 sec total\n|\n|t:|1783559857\n|move|p2a: Komala|Body Slam|p1a: Volcanion\n|-damage|p1a: Volcanion|28/100\n|-status|p1a: Volcanion|par\n|move|p1a: Volcanion|Flame Charge|p2a: Komala\n|-damage|p2a: Komala|110/255\n|-boost|p1a: Volcanion|spe|1\n|\n|upkeep\n|turn|4\n|inactive|Time left: 300 sec this turn | 300 sec total\n|\n|t:|1783559858\n|move|p2a: Komala|Body Slam|p1a: Volcanion\n|-damage|p1a: Volcanion|0 fnt\n|faint|p1a: Volcanion\n|\n|upkeep\n|\n|t:|1783559859\n|switch|p1a: Wugtrio|Wugtrio, L91, F|100/100\n|turn|5\n|inactive|Time left: 300 sec this turn | 300 sec total\n|\n|t:|1783559861\n|switch|p2a: Koraidon|Koraidon, L64|235/235\n|-weather|SunnyDay|[from] ability: Orichalcum Pulse|[of] p2a: Koraidon\n|-activate|p2a: Koraidon|Orichalcum Pulse|[source]\n|move|p1a: Wugtrio|Liquidation|p2a: Koraidon\n|-resisted|p2a: Koraidon\n|-damage|p2a: Koraidon|193/235\n|-unboost|p2a: Koraidon|def|1\n|\n|-weather|SunnyDay|[upkeep]\n|upkeep\n|turn|6\n|inactive|Time left: 300 sec this turn | 300 sec total\n|\n|t:|1783559862\n|move|p1a: Wugtrio|Liquidation|p2a: Koraidon\n|-resisted|p2a: Koraidon\n|-damage|p2a: Koraidon|129/235\n|move|p2a: Koraidon|Scale Shot|p1a: Wugtrio|[miss]\n|-miss|p2a: Koraidon|p1a: Wugtrio\n|\n|-weather|SunnyDay|[upkeep]\n|upkeep\n|turn|7\n|inactive|Time left: 300 sec this turn | 300 sec total\n|\n|t:|1783559863\n|move|p1a: Wugtrio|Liquidation|p2a: Koraidon\n|-resisted|p2a: Koraidon\n|-damage|p2a: Koraidon|66/235\n|move|p2a: Koraidon|Collision Course|p1a: Wugtrio\n|-damage|p1a: Wugtrio|36/100\n|-ability|p1a: Wugtrio|Gooey\n|-unboost|p2a: Koraidon|spe|1\n|\n|-weather|SunnyDay|[upkeep]\n|upkeep\n|turn|8\n|inactive|Time left: 300 sec this turn | 300 sec total\n|\n|t:|1783559864\n|move|p1a: Wugtrio|Liquidation|p2a: Koraidon\n|-resisted|p2a: Koraidon\n|-damage|p2a: Koraidon|3/235\n|move|p2a: Koraidon|Collision Course|p1a: Wugtrio\n|-damage|p1a: Wugtrio|0 fnt\n|-ability|p1a: Wugtrio|Gooey\n|-unboost|p2a: Koraidon|spe|1\n|faint|p1a: Wugtrio\n|\n|-weather|SunnyDay|[upkeep]\n|upkeep\n|\n|t:|1783559865\n|switch|p1a: Ariados|Ariados, L95, F|100/100\n|turn|9\n|inactive|Time left: 300 sec this turn | 300 sec total\n|\n|t:|1783559866\n|move|p1a: Ariados|Sticky Web|p2a: Koraidon\n|-sidestart|p2: p0y177995c8|move: Sticky Web\n|move|p2a: Koraidon|Flare Blitz|p1a: Ariados\n|-supereffective|p1a: Ariados\n|-damage|p1a: Ariados|10/100\n|-damage|p2a: Koraidon|0 fnt|[from] Recoil\n|faint|p2a: Koraidon\n|\n|-weather|none\n|upkeep\n|inactive|Time left: 300 sec this turn | 300 sec total | 5 sec grace\n|\n|t:|1783559867\n|switch|p2a: Incineroar|Incineroar, L82, M|290/290\n|-ability|p2a: Incineroar|Intimidate|boost\n|-unboost|p1a: Ariados|atk|1\n|turn|10\n|inactive|Time left: 300 sec this turn | 300 sec total\n|\n|t:|1783559868\n|move|p2a: Incineroar|Knock Off|p1a: Ariados\n|-damage|p1a: Ariados|0 fnt\n|-enditem|p1a: Ariados|Heavy-Duty Boots|[from] move: Knock Off|[of] p2a: Incineroar\n|faint|p1a: Ariados\n|\n|upkeep\n|\n|t:|1783559869\n|switch|p1a: Pawmot|Pawmot, L80, F|100/100\n|turn|11\n|inactive|Time left: 300 sec this turn | 300 sec total\n|\n|t:|1783559870\n|switch|p2a: Gliscor|Gliscor, L76, M|239/239\n|move|p1a: Pawmot|Close Combat|p2a: Gliscor\n|-resisted|p2a: Gliscor\n|-damage|p2a: Gliscor|166/239\n|-unboost|p1a: Pawmot|def|1\n|-unboost|p1a: Pawmot|spd|1\n|-damage|p1a: Pawmot|91/100|[from] item: Life Orb\n|\n|-status|p2a: Gliscor|tox|[from] item: Toxic Orb\n|upkeep\n|turn|12\n|inactive|Time left: 300 sec this turn | 300 sec total\n|\n|t:|1783559871\n|switch|p1a: Meganium|Meganium, L90, M|100/100\n|move|p2a: Gliscor|Toxic|p1a: Meganium\n|-status|p1a: Meganium|tox\n|\n|-damage|p1a: Meganium|94/100 tox|[from] psn\n|-heal|p2a: Gliscor|195/239 tox|[from] ability: Poison Heal\n|upkeep\n|turn|13\n|inactive|Time left: 300 sec this turn | 300 sec total\n|\n|t:|1783559872\n|switch|p2a: Incineroar|Incineroar, L82, M|290/290\n|-ability|p2a: Incineroar|Intimidate|boost\n|-unboost|p1a: Meganium|atk|1\n|move|p1a: Meganium|Leech Seed|p2a: Incineroar\n|-start|p2a: Incineroar|move: Leech Seed\n|\n|-heal|p1a: Meganium|100/100 tox|[from] item: Leftovers\n|-damage|p2a: Incineroar|254/290|[from] Leech Seed|[of] p1a: Meganium\n|-damage|p1a: Meganium|88/100 tox|[from] psn\n|upkeep\n|turn|14\n|inactive|Time left: 300 sec this turn | 300 sec total\n|\n|t:|1783559873\n|switch|p1a: Vigoroth|Vigoroth, L85, M|100/100\n|switch|p2a: Trevenant|Trevenant, L89, M|296/296\n|-activate|p2a: Trevenant|move: Sticky Web\n|-unboost|p2a: Trevenant|spe|1\n|\n|upkeep\n|turn|15\n|inactive|Time left: 300 sec this turn | 300 sec total\n|\n|t:|1783559874\n|move|p1a: Vigoroth|Bulk Up|p1a: Vigoroth\n|-boost|p1a: Vigoroth|atk|1\n|-boost|p1a: Vigoroth|def|1\n|move|p2a: Trevenant|Will-O-Wisp|p1a: Vigoroth\n|-status|p1a: Vigoroth|brn\n|\n|-damage|p1a: Vigoroth|94/100 brn|[from] brn\n|upkeep\n|turn|16\n|inactive|Time left: 300 sec this turn | 300 sec total\n|\n|t:|1783559875\n|switch|p2a: Gliscor|Gliscor, L76, M|195/239 tox\n|move|p1a: Vigoroth|Bulk Up|p1a: Vigoroth\n|-boost|p1a: Vigoroth|atk|1\n|-boost|p1a: Vigoroth|def|1\n|\n|-heal|p2a: Gliscor|224/239 tox|[from] ability: Poison Heal\n|-damage|p1a: Vigoroth|88/100 brn|[from] brn\n|upkeep\n|turn|17\n|inactive|Time left: 300 sec this turn | 300 sec total\n|\n|t:|1783559876\n|move|p2a: Gliscor|Protect|p2a: Gliscor\n|-singleturn|p2a: Gliscor|Protect\n|move|p1a: Vigoroth|Bulk Up|p1a: Vigoroth\n|-boost|p1a: Vigoroth|atk|1\n|-boost|p1a: Vigoroth|def|1\n|\n|-heal|p2a: Gliscor|239/239 tox|[from] ability: Poison Heal\n|-damage|p1a: Vigoroth|82/100 brn|[from] brn\n|upkeep\n|turn|18\n|inactive|Time left: 300 sec this turn | 300 sec total\n|\n|t:|1783559877\n|move|p1a: Vigoroth|Bulk Up|p1a: Vigoroth\n|-boost|p1a: Vigoroth|atk|1\n|-boost|p1a: Vigoroth|def|1\n|move|p2a: Gliscor|Substitute|p2a: Gliscor\n|-start|p2a: Gliscor|Substitute\n|-damage|p2a: Gliscor|180/239 tox\n|\n|-heal|p2a: Gliscor|209/239 tox|[from] ability: Poison Heal\n|-damage|p1a: Vigoroth|76/100 brn|[from] brn\n|upkeep\n|turn|19\n|inactive|Time left: 300 sec this turn | 300 sec total\n|\n|t:|1783559878\n|move|p1a: Vigoroth|Knock Off|p2a: Gliscor\n|-end|p2a: Gliscor|Substitute\n|move|p2a: Gliscor|Earthquake|p1a: Vigoroth\n|-damage|p1a: Vigoroth|69/100 brn\n|\n|-heal|p2a: Gliscor|238/239 tox|[from] ability: Poison Heal\n|-damage|p1a: Vigoroth|63/100 brn|[from] brn\n|upkeep\n|turn|20\n|inactive|Time left: 300 sec this turn | 300 sec total\n|\n|t:|1783559879\n|move|p1a: Vigoroth|Body Slam|p2a: Gliscor\n|-damage|p2a: Gliscor|143/239 tox\n|move|p2a: Gliscor|Substitute|p2a: Gliscor\n|-start|p2a: Gliscor|Substitute\n|-damage|p2a: Gliscor|84/239 tox\n|\n|-heal|p2a: Gliscor|113/239 tox|[from] ability: Poison Heal\n|-damage|p1a: Vigoroth|56/100 brn|[from] brn\n|upkeep\n|turn|21\n|inactive|Time left: 300 sec this turn | 300 sec total\n|\n|t:|1783559879\n|move|p2a: Gliscor|Protect|p2a: Gliscor\n|-singleturn|p2a: Gliscor|Protect\n|move|p1a: Vigoroth|Body Slam|p2a: Gliscor\n|-activate|p2a: Gliscor|move: Protect\n|\n|-heal|p2a: Gliscor|142/239 tox|[from] ability: Poison Heal\n|-damage|p1a: Vigoroth|50/100 brn|[from] brn\n|upkeep\n|turn|22\n|inactive|Time left: 300 sec this turn | 300 sec total\n|\n|t:|1783559880\n|move|p1a: Vigoroth|Knock Off|p2a: Gliscor\n|-crit|p2a: Gliscor\n|-end|p2a: Gliscor|Substitute\n|move|p2a: Gliscor|Earthquake|p1a: Vigoroth\n|-damage|p1a: Vigoroth|43/100 brn\n|\n|-heal|p2a: Gliscor|171/239 tox|[from] ability: Poison Heal\n|-damage|p1a: Vigoroth|36/100 brn|[from] brn\n|upkeep\n|turn|23\n|inactive|Time left: 300 sec this turn | 300 sec total\n|\n|t:|1783559881\n|move|p2a: Gliscor|Protect|p2a: Gliscor\n|-singleturn|p2a: Gliscor|Protect\n|move|p1a: Vigoroth|Slack Off|p1a: Vigoroth\n|-heal|p1a: Vigoroth|87/100 brn\n|\n|-heal|p2a: Gliscor|200/239 tox|[from] ability: Poison Heal\n|-damage|p1a: Vigoroth|80/100 brn|[from] brn\n|upkeep\n|turn|24\n|inactive|Time left: 300 sec this turn | 300 sec total\n|\n|t:|1783559882\n|move|p1a: Vigoroth|Body Slam|p2a: Gliscor\n|-damage|p2a: Gliscor|92/239 tox\n|move|p2a: Gliscor|Earthquake|p1a: Vigoroth\n|-damage|p1a: Vigoroth|72/100 brn\n|\n|-heal|p2a: Gliscor|121/239 tox|[from] ability: Poison Heal\n|-damage|p1a: Vigoroth|66/100 brn|[from] brn\n|upkeep\n|turn|25\n|inactive|Time left: 300 sec this turn | 300 sec total\n|\n|t:|1783559883\n|move|p2a: Gliscor|Protect|p2a: Gliscor\n|-singleturn|p2a: Gliscor|Protect\n|move|p1a: Vigoroth|Body Slam|p2a: Gliscor\n|-activate|p2a: Gliscor|move: Protect\n|\n|-heal|p2a: Gliscor|150/239 tox|[from] ability: Poison Heal\n|-damage|p1a: Vigoroth|60/100 brn|[from] brn\n|upkeep\n|turn|26\n|inactive|Time left: 300 sec this turn | 300 sec total\n|\n|t:|1783559884\n|move|p2a: Gliscor|Protect|p2a: Gliscor\n|-singleturn|p2a: Gliscor|Protect\n|move|p1a: Vigoroth|Body Slam|p2a: Gliscor\n|-activate|p2a: Gliscor|move: Protect\n|\n|-heal|p2a: Gliscor|179/239 tox|[from] ability: Poison Heal\n|-damage|p1a: Vigoroth|54/100 brn|[from] brn\n|upkeep\n|turn|27\n|inactive|Time left: 300 sec this turn | 300 sec total\n|\n|t:|1783559885\n|move|p1a: Vigoroth|Body Slam|p2a: Gliscor\n|-damage|p2a: Gliscor|80/239 tox\n|move|p2a: Gliscor|Substitute|p2a: Gliscor\n|-start|p2a: Gliscor|Substitute\n|-damage|p2a: Gliscor|21/239 tox\n|\n|-heal|p2a: Gliscor|50/239 tox|[from] ability: Poison Heal\n|-damage|p1a: Vigoroth|48/100 brn|[from] brn\n|upkeep\n|turn|28\n|inactive|Time left: 300 sec this turn | 300 sec total\n|\n|t:|1783559886\n|move|p1a: Vigoroth|Body Slam|p2a: Gliscor\n|-end|p2a: Gliscor|Substitute\n|move|p2a: Gliscor|Earthquake|p1a: Vigoroth\n|-damage|p1a: Vigoroth|40/100 brn\n|\n|-heal|p2a: Gliscor|79/239 tox|[from] ability: Poison Heal\n|-damage|p1a: Vigoroth|34/100 brn|[from] brn\n|upkeep\n|turn|29\n|inactive|Time left: 300 sec this turn | 300 sec total\n|\n|t:|1783559887\n|move|p2a: Gliscor|Protect|p2a: Gliscor\n|-singleturn|p2a: Gliscor|Protect\n|move|p1a: Vigoroth|Slack Off|p1a: Vigoroth\n|-heal|p1a: Vigoroth|84/100 brn\n|\n|-heal|p2a: Gliscor|108/239 tox|[from] ability: Poison Heal\n|-damage|p1a: Vigoroth|78/100 brn|[from] brn\n|upkeep\n|turn|30\n|inactive|Time left: 300 sec this turn | 300 sec total\n|\n|t:|1783559888\n|move|p2a: Gliscor|Protect|p2a: Gliscor\n|-singleturn|p2a: Gliscor|Protect\n|move|p1a: Vigoroth|Body Slam|p2a: Gliscor\n|-activate|p2a: Gliscor|move: Protect\n|\n|-heal|p2a: Gliscor|137/239 tox|[from] ability: Poison Heal\n|-damage|p1a: Vigoroth|71/100 brn|[from] brn\n|upkeep\n|turn|31\n|inactive|Time left: 300 sec this turn | 300 sec total\n|\n|t:|1783559889\n|move|p1a: Vigoroth|Body Slam|p2a: Gliscor\n|-damage|p2a: Gliscor|35/239 tox\n|move|p2a: Gliscor|Earthquake|p1a: Vigoroth\n|-damage|p1a: Vigoroth|63/100 brn\n|\n|-heal|p2a: Gliscor|64/239 tox|[from] ability: Poison Heal\n|-damage|p1a: Vigoroth|57/100 brn|[from] brn\n|upkeep\n|turn|32\n|inactive|Time left: 300 sec this turn | 300 sec total\n|\n|t:|1783559890\n|switch|p2a: Incineroar|Incineroar, L82, M|254/290\n|-ability|p2a: Incineroar|Intimidate|boost\n|-unboost|p1a: Vigoroth|atk|1\n|move|p1a: Vigoroth|Body Slam|p2a: Incineroar\n|-damage|p2a: Incineroar|154/290\n|-status|p2a: Incineroar|par\n|\n|-damage|p1a: Vigoroth|51/100 brn|[from] brn\n|upkeep\n|turn|33\n|inactive|Time left: 300 sec this turn | 300 sec total\n|\n|t:|1783559891\n|move|p1a: Vigoroth|Knock Off|p2a: Incineroar\n|-resisted|p2a: Incineroar\n|-damage|p2a: Incineroar|117/290 par\n|-enditem|p2a: Incineroar|Heavy-Duty Boots|[from] move: Knock Off|[of] p1a: Vigoroth\n|move|p2a: Incineroar|Flare Blitz|p1a: Vigoroth\n|-damage|p1a: Vigoroth|39/100 brn\n|-damage|p2a: Incineroar|106/290 par|[from] Recoil\n|\n|-damage|p1a: Vigoroth|33/100 brn|[from] brn\n|upkeep\n|turn|34\n|inactive|Time left: 300 sec this turn | 300 sec total\n|\n|t:|1783559892\n|move|p1a: Vigoroth|Slack Off|p1a: Vigoroth\n|-heal|p1a: Vigoroth|83/100 brn\n|cant|p2a: Incineroar|par\n|\n|-damage|p1a: Vigoroth|77/100 brn|[from] brn\n|upkeep\n|turn|35\n|inactive|Time left: 300 sec this turn | 300 sec total\n|\n|t:|1783559893\n|move|p1a: Vigoroth|Body Slam|p2a: Incineroar\n|-damage|p2a: Incineroar|7/290 par\n|move|p2a: Incineroar|Earthquake|p1a: Vigoroth\n|-damage|p1a: Vigoroth|70/100 brn\n|\n|-damage|p1a: Vigoroth|64/100 brn|[from] brn\n|upkeep\n|turn|36\n|inactive|Time left: 300 sec this turn | 300 sec total\n|\n|t:|1783559894\n|move|p1a: Vigoroth|Body Slam|p2a: Incineroar\n|-damage|p2a: Incineroar|0 fnt\n|faint|p2a: Incineroar\n|\n|-damage|p1a: Vigoroth|58/100 brn|[from] brn\n|upkeep\n|inactive|Time left: 300 sec this turn | 300 sec total | 5 sec grace\n|\n|t:|1783559895\n|switch|p2a: Gliscor|Gliscor, L76, M|64/239 tox\n|turn|37\n|inactive|Time left: 300 sec this turn | 300 sec total\n|\n|t:|1783559896\n|move|p2a: Gliscor|Protect|p2a: Gliscor\n|-singleturn|p2a: Gliscor|Protect\n|move|p1a: Vigoroth|Knock Off|p2a: Gliscor\n|-activate|p2a: Gliscor|move: Protect\n|\n|-heal|p2a: Gliscor|93/239 tox|[from] ability: Poison Heal\n|-damage|p1a: Vigoroth|52/100 brn|[from] brn\n|upkeep\n|turn|38\n|inactive|Time left: 300 sec this turn | 300 sec total\n|\n|t:|1783559897\n|move|p2a: Gliscor|Protect||[still]\n|-fail|p2a: Gliscor\n|move|p1a: Vigoroth|Knock Off|p2a: Gliscor\n|-damage|p2a: Gliscor|29/239 tox\n|-enditem|p2a: Gliscor|Toxic Orb|[from] move: Knock Off|[of] p1a: Vigoroth\n|\n|-heal|p2a: Gliscor|58/239 tox|[from] ability: Poison Heal\n|-damage|p1a: Vigoroth|46/100 brn|[from] brn\n|upkeep\n|turn|39\n|inactive|Time left: 300 sec this turn | 300 sec total\n|\n|t:|1783559899\n|move|p2a: Gliscor|Protect|p2a: Gliscor\n|-singleturn|p2a: Gliscor|Protect\n|move|p1a: Vigoroth|Body Slam|p2a: Gliscor\n|-activate|p2a: Gliscor|move: Protect\n|\n|-heal|p2a: Gliscor|87/239 tox|[from] ability: Poison Heal\n|-damage|p1a: Vigoroth|39/100 brn|[from] brn\n|upkeep\n|turn|40\n|inactive|Time left: 300 sec this turn | 300 sec total\n|\n|t:|1783559900\n|move|p1a: Vigoroth|Body Slam|p2a: Gliscor\n|-damage|p2a: Gliscor|0 fnt\n|faint|p2a: Gliscor\n|\n|-damage|p1a: Vigoroth|33/100 brn|[from] brn\n|upkeep\n|inactive|Time left: 300 sec this turn | 300 sec total | 5 sec grace\n|\n|t:|1783559901\n|switch|p2a: Komala|Komala, L87, M|110/255\n|-activate|p2a: Komala|move: Sticky Web\n|-unboost|p2a: Komala|spe|1\n|-ability|p2a: Komala|Comatose\n|turn|41\n|inactive|Time left: 300 sec this turn | 300 sec total\n|\n|t:|1783559902\n|move|p1a: Vigoroth|Slack Off|p1a: Vigoroth\n|-heal|p1a: Vigoroth|83/100 brn\n|move|p2a: Komala|Rapid Spin|p1a: Vigoroth\n|-damage|p1a: Vigoroth|78/100 brn\n|-boost|p2a: Komala|spe|1\n|-sideend|p2: p0y177995c8|Sticky Web|[from] move: Rapid Spin|[of] p2a: Komala\n|\n|-damage|p1a: Vigoroth|72/100 brn|[from] brn\n|upkeep\n|turn|42\n|inactive|Time left: 300 sec this turn | 300 sec total\n|\n|t:|1783559903\n|switch|p2a: Copperajah|Copperajah, L86, F|350/350\n|move|p1a: Vigoroth|Knock Off|p2a: Copperajah\n|-crit|p2a: Copperajah\n|-damage|p2a: Copperajah|205/350\n|-enditem|p2a: Copperajah|Life Orb|[from] move: Knock Off|[of] p1a: Vigoroth\n|\n|-damage|p1a: Vigoroth|66/100 brn|[from] brn\n|upkeep\n|turn|43\n|inactive|Time left: 300 sec this turn | 300 sec total\n|\n|t:|1783559904\n|move|p1a: Vigoroth|Knock Off|p2a: Copperajah\n|-damage|p2a: Copperajah|143/350\n|move|p2a: Copperajah|Stealth Rock|p1a: Vigoroth\n|-sidestart|p1: p0x17799795|move: Stealth Rock\n|\n|-damage|p1a: Vigoroth|59/100 brn|[from] brn\n|upkeep\n|turn|44\n|inactive|Time left: 300 sec this turn | 300 sec total\n|\n|t:|1783559905\n|move|p1a: Vigoroth|Body Slam|p2a: Copperajah\n|-resisted|p2a: Copperajah\n|-damage|p2a: Copperajah|81/350\n|-status|p2a: Copperajah|par\n|move|p2a: Copperajah|Play Rough|p1a: Vigoroth\n|-damage|p1a: Vigoroth|50/100 brn\n|\n|-damage|p1a: Vigoroth|44/100 brn|[from] brn\n|upkeep\n|turn|45\n|inactive|Time left: 300 sec this turn | 300 sec total\n|\n|t:|1783559907\n|move|p1a: Vigoroth|Slack Off|p1a: Vigoroth\n|-heal|p1a: Vigoroth|94/100 brn\n|cant|p2a: Copperajah|par\n|\n|-damage|p1a: Vigoroth|88/100 brn|[from] brn\n|upkeep\n|turn|46\n|inactive|Time left: 300 sec this turn | 300 sec total\n|\n|t:|1783559908\n|move|p1a: Vigoroth|Knock Off|p2a: Copperajah\n|-crit|p2a: Copperajah\n|-damage|p2a: Copperajah|0 fnt\n|faint|p2a: Copperajah\n|\n|-damage|p1a: Vigoroth|82/100 brn|[from] brn\n|upkeep\n|inactive|Time left: 300 sec this turn | 300 sec total | 5 sec grace\n|\n|t:|1783559909\n|switch|p2a: Komala|Komala, L87, M|110/255\n|-ability|p2a: Komala|Comatose\n|turn|47\n|inactive|Time left: 300 sec this turn | 300 sec total\n|\n|t:|1783559910\n|switch|p2a: Trevenant|Trevenant, L89, M|296/296\n|move|p1a: Vigoroth|Knock Off|p2a: Trevenant\n|-supereffective|p2a: Trevenant\n|-damage|p2a: Trevenant|125/296\n|-enditem|p2a: Trevenant|Life Orb|[from] move: Knock Off|[of] p1a: Vigoroth\n|\n|-damage|p1a: Vigoroth|75/100 brn|[from] brn\n|upkeep\n|turn|48\n|inactive|Time left: 300 sec this turn | 300 sec total\n|\n|t:|1783559911\n|move|p1a: Vigoroth|Knock Off|p2a: Trevenant\n|-supereffective|p2a: Trevenant\n|-damage|p2a: Trevenant|12/296\n|move|p2a: Trevenant|Drain Punch|p1a: Vigoroth\n|-supereffective|p1a: Vigoroth\n|-damage|p1a: Vigoroth|64/100 brn\n|-heal|p2a: Trevenant|28/296|[from] drain|[of] p1a: Vigoroth\n|\n|-damage|p1a: Vigoroth|58/100 brn|[from] brn\n|upkeep\n|turn|49\n|inactive|Time left: 300 sec this turn | 300 sec total\n|\n|t:|1783559912\n|switch|p2a: Komala|Komala, L87, M|110/255\n|-ability|p2a: Komala|Comatose\n|move|p1a: Vigoroth|Knock Off|p2a: Komala\n|-damage|p2a: Komala|12/255\n|-enditem|p2a: Komala|Assault Vest|[from] move: Knock Off|[of] p1a: Vigoroth\n|\n|-damage|p1a: Vigoroth|51/100 brn|[from] brn\n|upkeep\n|turn|50\n|inactive|Time left: 300 sec this turn | 300 sec total\n|\n|t:|1783559913\n|move|p1a: Vigoroth|Knock Off|p2a: Komala\n|-damage|p2a: Komala|0 fnt\n|faint|p2a: Komala\n|\n|-damage|p1a: Vigoroth|45/100 brn|[from] brn\n|upkeep\n|inactive|Time left: 300 sec this turn | 300 sec total | 5 sec grace\n|\n|t:|1783559914\n|switch|p2a: Trevenant|Trevenant, L89, M|28/296\n|turn|51\n|inactive|Time left: 300 sec this turn | 300 sec total\n|\n|t:|1783559915\n|-terastallize|p1a: Vigoroth|Ghost\n|-terastallize|p2a: Trevenant|Fighting\n|move|p1a: Vigoroth|Knock Off|p2a: Trevenant\n|-resisted|p2a: Trevenant\n|-damage|p2a: Trevenant|0 fnt\n|faint|p2a: Trevenant\n|\n|win|p0x17799795", "uploadtime": 1783559915, "views": 0, "rating": 0, "private": 0, "password": null, "_winner": "p0x17799795", "_our_name": "p0y177995c8"}