{"id": "battle-gen9randombattle-797", "formatid": "gen9randombattle", "format": "[Gen 9] Random Battle", "players": ["p0x7972330", "p0y797467e"], "log": "|init|battle\n|title|p0x7972330 vs. p0y797467e\n|j|\u2606p0x7972330\n|j|\u2606p0y797467e\n|t:|1783548378\n|gametype|singles\n|player|p1|p0x7972330|1|\n|player|p2|p0y797467e|265|\n|gen|9\n|tier|[Gen 9] Random Battle\n|rule|Species Clause: Limit one of each Pok\u00e9mon\n|rule|HP Percentage Mod: HP is shown in percentages\n|rule|Sleep Clause Mod: Limit one foe put to sleep\n|rule|Illusion Level Mod: Illusion disguises the Pok\u00e9mon's true level\n|\n|t:|1783548378\n|teamsize|p1|6\n|teamsize|p2|6\n|start\n|switch|p1a: Skuntank|Skuntank, L84, F|310/310\n|switch|p2a: Regirock|Regirock, L83|100/100\n|turn|1\n|inactive|Battle timer is ON: inactive players will automatically lose when time's up. (requested by p0x7972330)\n|inactive|p0y797467e also wants the timer to be on.\n|\n|t:|1783548380\n|move|p1a: Skuntank|Toxic Spikes|p2a: Regirock\n|-sidestart|p2: p0y797467e|move: Toxic Spikes\n|move|p2a: Regirock|Body Press|p1a: Skuntank\n|-damage|p1a: Skuntank|176/310\n|\n|upkeep\n|turn|2\n|inactive|Time left: 300 sec this turn | 300 sec total\n|\n|t:|1783548381\n|move|p1a: Skuntank|Knock Off|p2a: Regirock\n|-damage|p2a: Regirock|79/100\n|-enditem|p2a: Regirock|Chesto Berry|[from] move: Knock Off|[of] p1a: Skuntank\n|move|p2a: Regirock|Stone Edge|p1a: Skuntank\n|-damage|p1a: Skuntank|47/310\n|\n|upkeep\n|turn|3\n|inactive|Time left: 300 sec this turn | 300 sec total\n|\n|t:|1783548382\n|move|p1a: Skuntank|Toxic Spikes|p2a: Regirock\n|-sidestart|p2: p0y797467e|move: Toxic Spikes\n|move|p2a: Regirock|Stone Edge|p1a: Skuntank\n|-damage|p1a: Skuntank|0 fnt\n|faint|p1a: Skuntank\n|\n|upkeep\n|inactive|Time left: 300 sec this turn | 300 sec total | 5 sec grace\n|\n|t:|1783548383\n|switch|p1a: Ninetales|Ninetales-Alola, L78, F|242/242\n|-weather|Snowscape|[from] ability: Snow Warning|[of] p1a: Ninetales\n|turn|4\n|inactive|Time left: 300 sec this turn | 300 sec total\n|\n|t:|1783548384\n|switch|p2a: Tentacruel|Tentacruel, L84, F|100/100\n|-sideend|p2: p0y797467e|move: Toxic Spikes|[of] p2a: Tentacruel\n|move|p1a: Ninetales|Aurora Veil|p1a: Ninetales\n|-sidestart|p1: p0x7972330|move: Aurora Veil\n|\n|-weather|Snowscape|[upkeep]\n|upkeep\n|turn|5\n|inactive|Time left: 300 sec this turn | 300 sec total\n|\n|t:|1783548386\n|move|p2a: Tentacruel|Sludge Bomb|p1a: Ninetales\n|-supereffective|p1a: Ninetales\n|-damage|p1a: Ninetales|154/242\n|-status|p1a: Ninetales|psn\n|move|p1a: Ninetales|Freeze-Dry|p2a: Tentacruel\n|-supereffective|p2a: Tentacruel\n|-damage|p2a: Tentacruel|67/100\n|\n|-weather|Snowscape|[upkeep]\n|-heal|p2a: Tentacruel|74/100|[from] item: Leftovers\n|-damage|p1a: Ninetales|124/242 psn|[from] psn\n|upkeep\n|turn|6\n|inactive|Time left: 300 sec this turn | 300 sec total\n|\n|t:|1783548387\n|move|p2a: Tentacruel|Surf|p1a: Ninetales\n|-damage|p1a: Ninetales|86/242 psn\n|move|p1a: Ninetales|Freeze-Dry|p2a: Tentacruel\n|-supereffective|p2a: Tentacruel\n|-damage|p2a: Tentacruel|43/100\n|\n|-weather|Snowscape|[upkeep]\n|-heal|p2a: Tentacruel|49/100|[from] item: Leftovers\n|-damage|p1a: Ninetales|56/242 psn|[from] psn\n|upkeep\n|turn|7\n|inactive|Time left: 300 sec this turn | 300 sec total\n|\n|t:|1783548388\n|switch|p1a: Koraidon|Koraidon, L64|235/235\n|-weather|SunnyDay|[from] ability: Orichalcum Pulse|[of] p1a: Koraidon\n|-activate|p1a: Koraidon|Orichalcum Pulse|[source]\n|move|p2a: Tentacruel|Surf|p1a: Koraidon\n|-resisted|p1a: Koraidon\n|-damage|p1a: Koraidon|225/235\n|\n|-weather|SunnyDay|[upkeep]\n|-heal|p2a: Tentacruel|55/100|[from] item: Leftovers\n|upkeep\n|turn|8\n|inactive|Time left: 300 sec this turn | 300 sec total\n|\n|t:|1783548389\n|move|p2a: Tentacruel|Sludge Bomb|p1a: Koraidon\n|-damage|p1a: Koraidon|180/235\n|move|p1a: Koraidon|Swords Dance|p1a: Koraidon\n|-boost|p1a: Koraidon|atk|2\n|\n|-weather|SunnyDay|[upkeep]\n|-heal|p2a: Tentacruel|62/100|[from] item: Leftovers\n|upkeep\n|turn|9\n|inactive|Time left: 300 sec this turn | 300 sec total\n|\n|t:|1783548391\n|move|p2a: Tentacruel|Toxic|p1a: Koraidon\n|-status|p1a: Koraidon|tox\n|move|p1a: Koraidon|Scale Shot|p2a: Tentacruel\n|-crit|p2a: Tentacruel\n|-damage|p2a: Tentacruel|24/100\n|-damage|p2a: Tentacruel|0 fnt\n|faint|p2a: Tentacruel\n|-hitcount|p2: Tentacruel|2\n|-unboost|p1a: Koraidon|def|1\n|-boost|p1a: Koraidon|spe|1\n|\n|-weather|SunnyDay|[upkeep]\n|-damage|p1a: Koraidon|166/235 tox|[from] psn\n|upkeep\n|\n|t:|1783548392\n|switch|p2a: Clawitzer|Clawitzer, L87, F|100/100\n|turn|10\n|inactive|Time left: 300 sec this turn | 300 sec total\n|\n|t:|1783548393\n|move|p1a: Koraidon|Scale Shot|p2a: Clawitzer\n|-damage|p2a: Clawitzer|80/100\n|-damage|p2a: Clawitzer|59/100\n|-damage|p2a: Clawitzer|39/100\n|-damage|p2a: Clawitzer|17/100\n|-hitcount|p2a: Clawitzer|4\n|-unboost|p1a: Koraidon|def|1\n|-boost|p1a: Koraidon|spe|1\n|move|p2a: Clawitzer|Dragon Pulse|p1a: Koraidon\n|-supereffective|p1a: Koraidon\n|-damage|p1a: Koraidon|0 fnt\n|faint|p1a: Koraidon\n|\n|-weather|SunnyDay|[upkeep]\n|upkeep\n|inactive|Time left: 300 sec this turn | 300 sec total | 5 sec grace\n|\n|t:|1783548394\n|switch|p1a: Sunflora|Sunflora, F|312/312\n|turn|11\n|inactive|Time left: 300 sec this turn | 300 sec total\n|\n|t:|1783548395\n|move|p1a: Sunflora|Solar Beam||[still]\n|-prepare|p1a: Sunflora|Solar Beam\n|-anim|p1a: Sunflora|Solar Beam|p2a: Clawitzer\n|-supereffective|p2a: Clawitzer\n|-damage|p2a: Clawitzer|0 fnt\n|faint|p2a: Clawitzer\n|-damage|p1a: Sunflora|281/312|[from] item: Life Orb\n|\n|-weather|none\n|-sideend|p1: p0x7972330|move: Aurora Veil\n|upkeep\n|\n|t:|1783548396\n|switch|p2a: Mismagius|Mismagius, L86, M|100/100\n|turn|12\n|inactive|Time left: 300 sec this turn | 300 sec total\n|\n|t:|1783548397\n|move|p2a: Mismagius|Mystical Fire|p1a: Sunflora\n|-supereffective|p1a: Sunflora\n|-damage|p1a: Sunflora|154/312\n|-unboost|p1a: Sunflora|spa|1\n|-damage|p2a: Mismagius|91/100|[from] item: Life Orb\n|move|p1a: Sunflora|Solar Beam||[still]\n|-prepare|p1a: Sunflora|Solar Beam\n|\n|upkeep\n|turn|13\n|inactive|Time left: 300 sec this turn | 300 sec total\n|\n|t:|1783548398\n|move|p2a: Mismagius|Nasty Plot|p2a: Mismagius\n|-boost|p2a: Mismagius|spa|2\n|move|p1a: Sunflora|Solar Beam|p2a: Mismagius|[from] lockedmove\n|-damage|p2a: Mismagius|33/100\n|-damage|p1a: Sunflora|123/312|[from] item: Life Orb\n|\n|upkeep\n|turn|14\n|inactive|Time left: 300 sec this turn | 300 sec total\n|\n|t:|1783548399\n|switch|p1a: Vigoroth|Vigoroth, L85, M|275/275\n|move|p2a: Mismagius|Shadow Ball|p1a: Vigoroth\n|-immune|p1a: Vigoroth\n|\n|upkeep\n|turn|15\n|inactive|Time left: 300 sec this turn | 300 sec total\n|\n|t:|1783548400\n|move|p2a: Mismagius|Nasty Plot|p2a: Mismagius\n|-boost|p2a: Mismagius|spa|2\n|move|p1a: Vigoroth|Slack Off||[still]\n|-fail|p1a: Vigoroth|heal\n|\n|upkeep\n|turn|16\n|inactive|Time left: 300 sec this turn | 300 sec total\n|\n|t:|1783548401\n|move|p2a: Mismagius|Mystical Fire|p1a: Vigoroth\n|-damage|p1a: Vigoroth|61/275\n|-unboost|p1a: Vigoroth|spa|1\n|-damage|p2a: Mismagius|23/100|[from] item: Life Orb\n|move|p1a: Vigoroth|Bulk Up|p1a: Vigoroth\n|-boost|p1a: Vigoroth|atk|1\n|-boost|p1a: Vigoroth|def|1\n|\n|upkeep\n|turn|17\n|inactive|Time left: 300 sec this turn | 300 sec total\n|\n|t:|1783548402\n|move|p2a: Mismagius|Dazzling Gleam|p1a: Vigoroth\n|-damage|p1a: Vigoroth|0 fnt\n|faint|p1a: Vigoroth\n|-damage|p2a: Mismagius|13/100|[from] item: Life Orb\n|\n|upkeep\n|inactive|Time left: 300 sec this turn | 300 sec total | 5 sec grace\n|\n|t:|1783548403\n|switch|p1a: Ninetales|Ninetales-Alola, L78, F|56/242 psn\n|-weather|Snowscape|[from] ability: Snow Warning|[of] p1a: Ninetales\n|turn|18\n|inactive|Time left: 300 sec this turn | 300 sec total\n|\n|t:|1783548404\n|move|p2a: Mismagius|Mystical Fire|p1a: Ninetales\n|-supereffective|p1a: Ninetales\n|-damage|p1a: Ninetales|0 fnt\n|faint|p1a: Ninetales\n|-damage|p2a: Mismagius|3/100|[from] item: Life Orb\n|\n|-weather|Snowscape|[upkeep]\n|upkeep\n|inactive|Time left: 300 sec this turn | 300 sec total | 5 sec grace\n|\n|t:|1783548405\n|switch|p1a: Sunflora|Sunflora, F|123/312\n|turn|19\n|inactive|Time left: 300 sec this turn | 300 sec total\n|\n|t:|1783548406\n|move|p2a: Mismagius|Shadow Ball|p1a: Sunflora\n|-damage|p1a: Sunflora|0 fnt\n|faint|p1a: Sunflora\n|-damage|p2a: Mismagius|0 fnt|[from] item: Life Orb\n|faint|p2a: Mismagius\n|\n|-weather|Snowscape|[upkeep]\n|upkeep\n|inactive|Time left: 300 sec this turn | 300 sec total | 5 sec grace\n|\n|t:|1783548407\n|switch|p2a: Trevenant|Trevenant, L89, M|100/100\n|switch|p1a: Infernape|Infernape, L82, F|259/259\n|turn|20\n|inactive|Time left: 300 sec this turn | 300 sec total\n|\n|t:|1783548408\n|-terastallize|p2a: Trevenant|Fairy\n|move|p1a: Infernape|Knock Off|p2a: Trevenant\n|-resisted|p2a: Trevenant\n|-damage|p2a: Trevenant|85/100\n|-enditem|p2a: Trevenant|Sitrus Berry|[from] move: Knock Off|[of] p1a: Infernape\n|-damage|p1a: Infernape|234/259|[from] item: Life Orb\n|move|p2a: Trevenant|Drain Punch|p1a: Infernape\n|-damage|p1a: Infernape|151/259\n|-heal|p2a: Trevenant|99/100|[from] drain|[of] p1a: Infernape\n|\n|-weather|Snowscape|[upkeep]\n|upkeep\n|turn|21\n|inactive|Time left: 300 sec this turn | 300 sec total\n|\n|t:|1783548410\n|move|p1a: Infernape|Grass Knot|p2a: Trevenant\n|-damage|p2a: Trevenant|75/100\n|-damage|p1a: Infernape|126/259|[from] item: Life Orb\n|move|p2a: Trevenant|Poltergeist|p1a: Infernape\n|-activate|p1a: Infernape|move: Poltergeist|Life Orb\n|-damage|p1a: Infernape|0 fnt\n|faint|p1a: Infernape\n|\n|win|p0y797467e", "uploadtime": 1783548410, "views": 0, "rating": 0, "private": 0, "password": null, "_winner": "p0y797467e", "_our_name": "p0x7972330"}