{"id": "battle-gen9randombattle-1805", "formatid": "gen9randombattle", "format": "[Gen 9] Random Battle", "players": ["p0x18051a5b", "p0y180512e2"], "log": "|init|battle\n|title|p0x18051a5b vs. p0y180512e2\n|j|\u2606p0x18051a5b\n|j|\u2606p0y180512e2\n|t:|1783560929\n|gametype|singles\n|player|p1|p0x18051a5b|170|\n|player|p2|p0y180512e2|266|\n|gen|9\n|tier|[Gen 9] Random Battle\n|rule|Species Clause: Limit one of each Pok\u00e9mon\n|rule|HP Percentage Mod: HP is shown in percentages\n|rule|Sleep Clause Mod: Limit one foe put to sleep\n|rule|Illusion Level Mod: Illusion disguises the Pok\u00e9mon's true level\n|\n|t:|1783560929\n|teamsize|p1|6\n|teamsize|p2|6\n|start\n|switch|p1a: Suicune|Suicune, L82|100/100\n|switch|p2a: Flamigo|Flamigo, L82, F|269/269\n|-ability|p1a: Suicune|Pressure\n|turn|1\n|inactive|Battle timer is ON: inactive players will automatically lose when time's up. (requested by p0y180512e2)\n|inactive|p0x18051a5b also wants the timer to be on.\n|\n|t:|1783560930\n|switch|p2a: Pelipper|Pelipper, L86, F|243/243\n|-weather|RainDance|[from] ability: Drizzle|[of] p2a: Pelipper\n|move|p1a: Suicune|Scald|p2a: Pelipper\n|-resisted|p2a: Pelipper\n|-damage|p2a: Pelipper|174/243\n|\n|-weather|RainDance|[upkeep]\n|upkeep\n|turn|2\n|inactive|Time left: 300 sec this turn | 300 sec total\n|\n|t:|1783560931\n|move|p1a: Suicune|Calm Mind|p1a: Suicune\n|-boost|p1a: Suicune|spa|1\n|-boost|p1a: Suicune|spd|1\n|move|p2a: Pelipper|Hurricane|p1a: Suicune\n|-crit|p1a: Suicune\n|-damage|p1a: Suicune|21/100\n|\n|-weather|RainDance|[upkeep]\n|-heal|p1a: Suicune|27/100|[from] item: Leftovers\n|upkeep\n|turn|3\n|inactive|Time left: 300 sec this turn | 300 sec total\n|\n|t:|1783560932\n|move|p1a: Suicune|Scald|p2a: Pelipper\n|-resisted|p2a: Pelipper\n|-damage|p2a: Pelipper|75/243\n|-status|p2a: Pelipper|brn\n|move|p2a: Pelipper|Hurricane|p1a: Suicune\n|-damage|p1a: Suicune|0 fnt\n|faint|p1a: Suicune\n|\n|-weather|RainDance|[upkeep]\n|-damage|p2a: Pelipper|60/243 brn|[from] brn\n|upkeep\n|\n|t:|1783560933\n|switch|p1a: Groudon|Groudon, L72|100/100\n|-weather|SunnyDay|[from] ability: Drought|[of] p1a: Groudon\n|turn|4\n|inactive|Time left: 300 sec this turn | 300 sec total\n|\n|t:|1783560934\n|move|p1a: Groudon|Swords Dance|p1a: Groudon\n|-boost|p1a: Groudon|atk|2\n|move|p2a: Pelipper|Hurricane|p1a: Groudon\n|-damage|p1a: Groudon|26/100\n|\n|-weather|SunnyDay|[upkeep]\n|-heal|p1a: Groudon|32/100|[from] item: Leftovers\n|-damage|p2a: Pelipper|45/243 brn|[from] brn\n|upkeep\n|turn|5\n|inactive|Time left: 300 sec this turn | 300 sec total\n|\n|t:|1783560934\n|move|p1a: Groudon|Heat Crash|p2a: Pelipper\n|-resisted|p2a: Pelipper\n|-damage|p2a: Pelipper|0 fnt\n|faint|p2a: Pelipper\n|\n|-weather|SunnyDay|[upkeep]\n|-heal|p1a: Groudon|39/100|[from] item: Leftovers\n|upkeep\n|inactive|Time left: 300 sec this turn | 300 sec total | 5 sec grace\n|\n|t:|1783560935\n|switch|p2a: Houndoom|Houndoom, L87, M|272/272\n|turn|6\n|inactive|Time left: 300 sec this turn | 300 sec total\n|\n|t:|1783560936\n|switch|p1a: Tyranitar|Tyranitar, L78, M|100/100\n|-weather|Sandstorm|[from] ability: Sand Stream|[of] p1a: Tyranitar\n|move|p2a: Houndoom|Fire Blast|p1a: Tyranitar|[miss]\n|-miss|p2a: Houndoom|p1a: Tyranitar\n|\n|-weather|Sandstorm|[upkeep]\n|-damage|p2a: Houndoom|255/272|[from] Sandstorm\n|upkeep\n|turn|7\n|inactive|Time left: 300 sec this turn | 300 sec total\n|\n|t:|1783560937\n|switch|p2a: Quaquaval|Quaquaval, L79, M|264/264\n|move|p1a: Tyranitar|Stone Edge|p2a: Quaquaval|[miss]\n|-miss|p1a: Tyranitar|p2a: Quaquaval\n|\n|-weather|Sandstorm|[upkeep]\n|-damage|p2a: Quaquaval|248/264|[from] Sandstorm\n|upkeep\n|turn|8\n|inactive|Time left: 300 sec this turn | 300 sec total\n|\n|t:|1783560938\n|-terastallize|p1a: Tyranitar|Ghost\n|move|p2a: Quaquaval|Close Combat|p1a: Tyranitar\n|-immune|p1a: Tyranitar\n|move|p1a: Tyranitar|Knock Off|p2a: Quaquaval\n|-resisted|p2a: Quaquaval\n|-damage|p2a: Quaquaval|182/264\n|-enditem|p2a: Quaquaval|Life Orb|[from] move: Knock Off|[of] p1a: Tyranitar\n|\n|-weather|Sandstorm|[upkeep]\n|-damage|p2a: Quaquaval|166/264|[from] Sandstorm\n|-damage|p1a: Tyranitar|95/100|[from] Sandstorm\n|-heal|p1a: Tyranitar|100/100|[from] item: Leftovers\n|upkeep\n|turn|9\n|inactive|Time left: 300 sec this turn | 300 sec total\n|\n|t:|1783560939\n|move|p2a: Quaquaval|Knock Off|p1a: Tyranitar\n|-supereffective|p1a: Tyranitar\n|-damage|p1a: Tyranitar|51/100\n|-enditem|p1a: Tyranitar|Leftovers|[from] move: Knock Off|[of] p2a: Quaquaval\n|move|p1a: Tyranitar|Earthquake|p2a: Quaquaval\n|-damage|p2a: Quaquaval|69/264\n|\n|-weather|Sandstorm|[upkeep]\n|-damage|p2a: Quaquaval|53/264|[from] Sandstorm\n|-damage|p1a: Tyranitar|45/100|[from] Sandstorm\n|upkeep\n|turn|10\n|inactive|Time left: 300 sec this turn | 300 sec total\n|\n|t:|1783560940\n|move|p2a: Quaquaval|Aqua Step|p1a: Tyranitar\n|-damage|p1a: Tyranitar|19/100\n|-boost|p2a: Quaquaval|spe|1\n|move|p1a: Tyranitar|Earthquake|p2a: Quaquaval\n|-damage|p2a: Quaquaval|0 fnt\n|faint|p2a: Quaquaval\n|\n|-weather|none\n|upkeep\n|inactive|Time left: 300 sec this turn | 300 sec total | 5 sec grace\n|\n|t:|1783560942\n|switch|p2a: Raichu|Raichu-Alola, L87, M|246/246\n|turn|11\n|inactive|Time left: 300 sec this turn | 300 sec total\n|\n|t:|1783560942\n|switch|p1a: Gouging Fire|Gouging Fire, L74|100/100\n|move|p2a: Raichu|Surf|p1a: Gouging Fire\n|-damage|p1a: Gouging Fire|62/100\n|\n|upkeep\n|turn|12\n|inactive|Time left: 300 sec this turn | 300 sec total\n|\n|t:|1783560944\n|move|p2a: Raichu|Surf|p1a: Gouging Fire\n|-damage|p1a: Gouging Fire|22/100\n|move|p1a: Gouging Fire|Dragon Dance|p1a: Gouging Fire\n|-boost|p1a: Gouging Fire|atk|1\n|-boost|p1a: Gouging Fire|spe|1\n|\n|upkeep\n|turn|13\n|inactive|Time left: 300 sec this turn | 300 sec total\n|\n|t:|1783560945\n|switch|p2a: Flamigo|Flamigo, L82, F|269/269\n|move|p1a: Gouging Fire|Outrage|p2a: Flamigo\n|-damage|p2a: Flamigo|68/269\n|\n|upkeep\n|turn|14\n|inactive|Time left: 300 sec this turn | 300 sec total\n|\n|t:|1783560946\n|move|p2a: Flamigo|Brave Bird|p1a: Gouging Fire\n|-damage|p1a: Gouging Fire|0 fnt\n|faint|p1a: Gouging Fire\n|-end|p1a: Gouging Fire|Protosynthesis|[silent]\n|-damage|p2a: Flamigo|49/269|[from] Recoil\n|\n|upkeep\n|\n|t:|1783560947\n|switch|p1a: Swalot|Swalot, L90, F|100/100\n|turn|15\n|inactive|Time left: 300 sec this turn | 300 sec total\n|\n|t:|1783560948\n|move|p2a: Flamigo|Brave Bird|p1a: Swalot\n|-damage|p1a: Swalot|57/100\n|-damage|p2a: Flamigo|2/269|[from] Recoil\n|move|p1a: Swalot|Knock Off|p2a: Flamigo\n|-resisted|p2a: Flamigo\n|-damage|p2a: Flamigo|0 fnt\n|-enditem|p2a: Flamigo|Choice Scarf|[from] move: Knock Off|[of] p1a: Swalot\n|faint|p2a: Flamigo\n|\n|-heal|p1a: Swalot|63/100|[from] item: Leftovers\n|upkeep\n|inactive|Time left: 300 sec this turn | 300 sec total | 5 sec grace\n|\n|t:|1783560949\n|switch|p2a: Raichu|Raichu-Alola, L87, M|246/246\n|turn|16\n|inactive|Time left: 300 sec this turn | 300 sec total\n|\n|t:|1783560950\n|switch|p1a: Meowscarada|Meowscarada, L78, F|100/100\n|move|p2a: Raichu|Psyshock|p1a: Meowscarada\n|-immune|p1a: Meowscarada\n|\n|upkeep\n|turn|17\n|inactive|Time left: 300 sec this turn | 300 sec total\n|\n|t:|1783560951\n|switch|p2a: Houndoom|Houndoom, L87, M|255/272\n|move|p1a: Meowscarada|Knock Off|p2a: Houndoom\n|-start|p1a: Meowscarada|typechange|Dark|[from] ability: Protean\n|-resisted|p2a: Houndoom\n|-damage|p2a: Houndoom|167/272\n|-enditem|p2a: Houndoom|Heavy-Duty Boots|[from] move: Knock Off|[of] p1a: Meowscarada\n|-damage|p1a: Meowscarada|91/100|[from] item: Life Orb\n|\n|upkeep\n|turn|18\n|inactive|Time left: 300 sec this turn | 300 sec total\n|\n|t:|1783560952\n|move|p1a: Meowscarada|Knock Off|p2a: Houndoom\n|-resisted|p2a: Houndoom\n|-damage|p2a: Houndoom|101/272\n|-damage|p1a: Meowscarada|81/100|[from] item: Life Orb\n|move|p2a: Houndoom|Fire Blast|p1a: Meowscarada|[miss]\n|-miss|p2a: Houndoom|p1a: Meowscarada\n|\n|upkeep\n|turn|19\n|inactive|Time left: 300 sec this turn | 300 sec total\n|\n|t:|1783560953\n|move|p1a: Meowscarada|Toxic Spikes|p2a: Houndoom\n|-sidestart|p2: p0y180512e2|move: Toxic Spikes\n|move|p2a: Houndoom|Fire Blast|p1a: Meowscarada\n|-damage|p1a: Meowscarada|10/100\n|\n|upkeep\n|turn|20\n|inactive|Time left: 300 sec this turn | 300 sec total\n|\n|t:|1783560954\n|move|p1a: Meowscarada|Toxic Spikes|p2a: Houndoom\n|-sidestart|p2: p0y180512e2|move: Toxic Spikes\n|move|p2a: Houndoom|Fire Blast|p1a: Meowscarada\n|-damage|p1a: Meowscarada|0 fnt\n|faint|p1a: Meowscarada\n|\n|upkeep\n|\n|t:|1783560955\n|switch|p1a: Swalot|Swalot, L90, F|63/100\n|turn|21\n|inactive|Time left: 300 sec this turn | 300 sec total\n|\n|t:|1783560955\n|move|p2a: Houndoom|Dark Pulse|p1a: Swalot\n|-damage|p1a: Swalot|31/100\n|move|p1a: Swalot|Sludge Bomb|p2a: Houndoom\n|-damage|p2a: Houndoom|2/272\n|-status|p2a: Houndoom|psn\n|\n|-heal|p1a: Swalot|37/100|[from] item: Leftovers\n|-damage|p2a: Houndoom|0 fnt|[from] psn\n|faint|p2a: Houndoom\n|upkeep\n|inactive|Time left: 300 sec this turn | 300 sec total | 5 sec grace\n|\n|t:|1783560956\n|switch|p2a: Raichu|Raichu-Alola, L87, M|246/246\n|-status|p2a: Raichu|tox\n|turn|22\n|inactive|Time left: 300 sec this turn | 300 sec total\n|\n|t:|1783560957\n|switch|p1a: Groudon|Groudon, L72|39/100\n|-weather|SunnyDay|[from] ability: Drought|[of] p1a: Groudon\n|move|p2a: Raichu|Psyshock|p1a: Groudon\n|-damage|p1a: Groudon|0 fnt\n|faint|p1a: Groudon\n|\n|-weather|SunnyDay|[upkeep]\n|-damage|p2a: Raichu|231/246 tox|[from] psn\n|upkeep\n|\n|t:|1783560958\n|switch|p1a: Tyranitar|Tyranitar, L78, M, tera:Ghost|19/100\n|-weather|Sandstorm|[from] ability: Sand Stream|[of] p1a: Tyranitar\n|turn|23\n|inactive|Time left: 300 sec this turn | 300 sec total\n|\n|t:|1783560958\n|-terastallize|p2a: Raichu|Water\n|move|p2a: Raichu|Psyshock|p1a: Tyranitar\n|-damage|p1a: Tyranitar|0 fnt\n|faint|p1a: Tyranitar\n|\n|-weather|Sandstorm|[upkeep]\n|-damage|p2a: Raichu|216/246 tox|[from] Sandstorm\n|-damage|p2a: Raichu|186/246 tox|[from] psn\n|upkeep\n|\n|t:|1783560959\n|switch|p1a: Swalot|Swalot, L90, F|37/100\n|turn|24\n|inactive|Time left: 300 sec this turn | 300 sec total\n|\n|t:|1783560960\n|move|p2a: Raichu|Psyshock|p1a: Swalot\n|-supereffective|p1a: Swalot\n|-damage|p1a: Swalot|0 fnt\n|faint|p1a: Swalot\n|\n|win|p0y180512e2", "uploadtime": 1783560960, "views": 0, "rating": 0, "private": 0, "password": null, "_winner": "p0y180512e2", "_our_name": "p0y180512e2"}