{"id": "battle-gen9randombattle-1839", "formatid": "gen9randombattle", "format": "[Gen 9] Random Battle", "players": ["p0x183935dd", "p0y1839db8b"], "log": "|init|battle\n|title|p0x183935dd vs. p0y1839db8b\n|j|\u2606p0x183935dd\n|j|\u2606p0y1839db8b\n|t:|1783561284\n|gametype|singles\n|player|p1|p0x183935dd|102|\n|player|p2|p0y1839db8b|1|\n|gen|9\n|tier|[Gen 9] Random Battle\n|rule|Species Clause: Limit one of each Pok\u00e9mon\n|rule|HP Percentage Mod: HP is shown in percentages\n|rule|Sleep Clause Mod: Limit one foe put to sleep\n|rule|Illusion Level Mod: Illusion disguises the Pok\u00e9mon's true level\n|\n|t:|1783561284\n|teamsize|p1|6\n|teamsize|p2|6\n|start\n|switch|p1a: Squawkabilly|Squawkabilly-White, L89, F|100/100\n|switch|p2a: Bronzong|Bronzong, L88, shiny|261/261\n|turn|1\n|inactive|Battle timer is ON: inactive players will automatically lose when time's up. (requested by p0y1839db8b)\n|\n|t:|1783561286\n|move|p1a: Squawkabilly|Foul Play|p2a: Bronzong\n|-supereffective|p2a: Bronzong\n|-damage|p2a: Bronzong|1/261\n|move|p2a: Bronzong|Iron Defense|p2a: Bronzong\n|-boost|p2a: Bronzong|def|2\n|\n|-heal|p2a: Bronzong|17/261|[from] item: Leftovers\n|upkeep\n|turn|2\n|inactive|Time left: 300 sec this turn | 300 sec total\n|inactive|p0x183935dd also wants the timer to be on.\n|\n|t:|1783561287\n|move|p1a: Squawkabilly|Foul Play|p2a: Bronzong|[miss]\n|-miss|p1a: Squawkabilly|p2a: Bronzong\n|move|p2a: Bronzong|Body Press|p1a: Squawkabilly\n|-damage|p1a: Squawkabilly|33/100\n|\n|-heal|p2a: Bronzong|33/261|[from] item: Leftovers\n|upkeep\n|turn|3\n|inactive|Time left: 300 sec this turn | 300 sec total\n|\n|t:|1783561288\n|move|p1a: Squawkabilly|Foul Play|p2a: Bronzong|[miss]\n|-miss|p1a: Squawkabilly|p2a: Bronzong\n|move|p2a: Bronzong|Psychic Noise|p1a: Squawkabilly\n|-damage|p1a: Squawkabilly|1/100\n|-start|p1a: Squawkabilly|move: Heal Block\n|\n|-heal|p2a: Bronzong|49/261|[from] item: Leftovers\n|upkeep\n|turn|4\n|inactive|Time left: 300 sec this turn | 300 sec total\n|\n|t:|1783561289\n|switch|p2a: Scrafty|Scrafty, L83, M|244/244\n|move|p1a: Squawkabilly|Foul Play|p2a: Scrafty\n|-resisted|p2a: Scrafty\n|-damage|p2a: Scrafty|215/244\n|\n|-heal|p2a: Scrafty|230/244|[from] item: Leftovers\n|-end|p1a: Squawkabilly|move: Heal Block\n|upkeep\n|turn|5\n|inactive|Time left: 300 sec this turn | 300 sec total\n|\n|t:|1783561290\n|switch|p1a: Wigglytuff|Wigglytuff, L96, M|100/100\n|move|p2a: Scrafty|Bulk Up|p2a: Scrafty\n|-boost|p2a: Scrafty|atk|1\n|-boost|p2a: Scrafty|def|1\n|\n|-heal|p2a: Scrafty|244/244|[from] item: Leftovers\n|upkeep\n|turn|6\n|inactive|Time left: 300 sec this turn | 300 sec total\n|\n|t:|1783561291\n|-terastallize|p2a: Scrafty|Poison\n|move|p2a: Scrafty|Knock Off|p1a: Wigglytuff\n|-resisted|p1a: Wigglytuff\n|-damage|p1a: Wigglytuff|76/100\n|-enditem|p1a: Wigglytuff|Leftovers|[from] move: Knock Off|[of] p2a: Scrafty\n|move|p1a: Wigglytuff|Dazzling Gleam|p2a: Scrafty\n|-resisted|p2a: Scrafty\n|-damage|p2a: Scrafty|200/244\n|\n|-heal|p2a: Scrafty|215/244|[from] item: Leftovers\n|upkeep\n|turn|7\n|inactive|Time left: 300 sec this turn | 300 sec total\n|\n|t:|1783561292\n|move|p2a: Scrafty|Bulk Up|p2a: Scrafty\n|-boost|p2a: Scrafty|atk|1\n|-boost|p2a: Scrafty|def|1\n|move|p1a: Wigglytuff|Wish|p1a: Wigglytuff\n|\n|-heal|p2a: Scrafty|230/244|[from] item: Leftovers\n|upkeep\n|turn|8\n|inactive|Time left: 300 sec this turn | 300 sec total\n|\n|t:|1783561293\n|move|p2a: Scrafty|Bulk Up|p2a: Scrafty\n|-boost|p2a: Scrafty|atk|1\n|-boost|p2a: Scrafty|def|1\n|move|p1a: Wigglytuff|Fire Blast|p2a: Scrafty|[miss]\n|-miss|p1a: Wigglytuff|p2a: Scrafty\n|\n|-heal|p1a: Wigglytuff|100/100|[from] move: Wish|[wisher] Wigglytuff\n|-heal|p2a: Scrafty|244/244|[from] item: Leftovers\n|upkeep\n|turn|9\n|inactive|Time left: 300 sec this turn | 300 sec total\n|\n|t:|1783561294\n|move|p1a: Wigglytuff|Protect|p1a: Wigglytuff\n|-singleturn|p1a: Wigglytuff|Protect\n|move|p2a: Scrafty|Drain Punch|p1a: Wigglytuff\n|-activate|p1a: Wigglytuff|move: Protect\n|\n|upkeep\n|turn|10\n|inactive|Time left: 300 sec this turn | 300 sec total\n|\n|t:|1783561296\n|move|p2a: Scrafty|Drain Punch|p1a: Wigglytuff\n|-damage|p1a: Wigglytuff|43/100\n|move|p1a: Wigglytuff|Wish|p1a: Wigglytuff\n|\n|upkeep\n|turn|11\n|inactive|Time left: 300 sec this turn | 300 sec total\n|\n|t:|1783561297\n|move|p1a: Wigglytuff|Protect|p1a: Wigglytuff\n|-singleturn|p1a: Wigglytuff|Protect\n|move|p2a: Scrafty|Drain Punch|p1a: Wigglytuff\n|-activate|p1a: Wigglytuff|move: Protect\n|\n|-heal|p1a: Wigglytuff|93/100|[from] move: Wish|[wisher] Wigglytuff\n|upkeep\n|turn|12\n|inactive|Time left: 300 sec this turn | 300 sec total\n|\n|t:|1783561298\n|move|p2a: Scrafty|Drain Punch|p1a: Wigglytuff\n|-damage|p1a: Wigglytuff|35/100\n|move|p1a: Wigglytuff|Wish|p1a: Wigglytuff\n|\n|upkeep\n|turn|13\n|inactive|Time left: 300 sec this turn | 300 sec total\n|\n|t:|1783561299\n|move|p1a: Wigglytuff|Protect|p1a: Wigglytuff\n|-singleturn|p1a: Wigglytuff|Protect\n|move|p2a: Scrafty|Drain Punch|p1a: Wigglytuff\n|-activate|p1a: Wigglytuff|move: Protect\n|\n|-heal|p1a: Wigglytuff|85/100|[from] move: Wish|[wisher] Wigglytuff\n|upkeep\n|turn|14\n|inactive|Time left: 300 sec this turn | 300 sec total\n|\n|t:|1783561300\n|move|p2a: Scrafty|Drain Punch|p1a: Wigglytuff\n|-damage|p1a: Wigglytuff|28/100\n|move|p1a: Wigglytuff|Wish|p1a: Wigglytuff\n|\n|upkeep\n|turn|15\n|inactive|Time left: 300 sec this turn | 300 sec total\n|\n|t:|1783561301\n|move|p1a: Wigglytuff|Protect|p1a: Wigglytuff\n|-singleturn|p1a: Wigglytuff|Protect\n|move|p2a: Scrafty|Drain Punch|p1a: Wigglytuff\n|-activate|p1a: Wigglytuff|move: Protect\n|\n|-heal|p1a: Wigglytuff|78/100|[from] move: Wish|[wisher] Wigglytuff\n|upkeep\n|turn|16\n|inactive|Time left: 300 sec this turn | 300 sec total\n|\n|t:|1783561302\n|switch|p1a: Squawkabilly|Squawkabilly-White, L89, F|1/100\n|move|p2a: Scrafty|Drain Punch|p1a: Squawkabilly\n|-damage|p1a: Squawkabilly|0 fnt\n|faint|p1a: Squawkabilly\n|\n|upkeep\n|\n|t:|1783561302\n|switch|p1a: Chesnaught|Chesnaught, L84, M|100/100\n|turn|17\n|inactive|Time left: 300 sec this turn | 300 sec total\n|\n|t:|1783561303\n|move|p1a: Chesnaught|Spikes|p2a: Scrafty\n|-sidestart|p2: p0y1839db8b|Spikes\n|move|p2a: Scrafty|Knock Off|p1a: Chesnaught\n|-resisted|p1a: Chesnaught\n|-damage|p1a: Chesnaught|70/100\n|-damage|p2a: Scrafty|204/244|[from] item: Rocky Helmet|[of] p1a: Chesnaught\n|-enditem|p1a: Chesnaught|Rocky Helmet|[from] move: Knock Off|[of] p2a: Scrafty\n|\n|-heal|p2a: Scrafty|219/244|[from] item: Leftovers\n|upkeep\n|turn|18\n|inactive|Time left: 300 sec this turn | 300 sec total\n|\n|t:|1783561304\n|move|p1a: Chesnaught|Synthesis|p1a: Chesnaught\n|-heal|p1a: Chesnaught|100/100\n|move|p2a: Scrafty|Drain Punch|p1a: Chesnaught\n|-damage|p1a: Chesnaught|52/100\n|-heal|p2a: Scrafty|244/244|[from] drain|[of] p1a: Chesnaught\n|\n|upkeep\n|turn|19\n|inactive|Time left: 300 sec this turn | 300 sec total\n|\n|t:|1783561305\n|move|p1a: Chesnaught|Synthesis|p1a: Chesnaught\n|-heal|p1a: Chesnaught|100/100\n|move|p2a: Scrafty|Drain Punch|p1a: Chesnaught\n|-damage|p1a: Chesnaught|48/100\n|\n|upkeep\n|turn|20\n|inactive|Time left: 300 sec this turn | 300 sec total\n|\n|t:|1783561306\n|move|p1a: Chesnaught|Synthesis|p1a: Chesnaught\n|-heal|p1a: Chesnaught|97/100\n|move|p2a: Scrafty|Drain Punch|p1a: Chesnaught\n|-damage|p1a: Chesnaught|48/100\n|\n|upkeep\n|turn|21\n|inactive|Time left: 300 sec this turn | 300 sec total\n|\n|t:|1783561307\n|move|p1a: Chesnaught|Synthesis|p1a: Chesnaught\n|-heal|p1a: Chesnaught|97/100\n|move|p2a: Scrafty|Drain Punch|p1a: Chesnaught\n|-damage|p1a: Chesnaught|43/100\n|\n|upkeep\n|turn|22\n|inactive|Time left: 300 sec this turn | 300 sec total\n|\n|t:|1783561308\n|move|p1a: Chesnaught|Synthesis|p1a: Chesnaught\n|-heal|p1a: Chesnaught|92/100\n|move|p2a: Scrafty|Drain Punch|p1a: Chesnaught\n|-damage|p1a: Chesnaught|43/100\n|\n|upkeep\n|turn|23\n|inactive|Time left: 300 sec this turn | 300 sec total\n|\n|t:|1783561309\n|move|p1a: Chesnaught|Synthesis|p1a: Chesnaught\n|-heal|p1a: Chesnaught|93/100\n|move|p2a: Scrafty|Drain Punch|p1a: Chesnaught\n|-damage|p1a: Chesnaught|39/100\n|\n|upkeep\n|turn|24\n|inactive|Time left: 300 sec this turn | 300 sec total\n|\n|t:|1783561310\n|move|p1a: Chesnaught|Synthesis|p1a: Chesnaught\n|-heal|p1a: Chesnaught|89/100\n|move|p2a: Scrafty|Drain Punch|p1a: Chesnaught\n|-damage|p1a: Chesnaught|42/100\n|\n|upkeep\n|turn|25\n|inactive|Time left: 300 sec this turn | 300 sec total\n|\n|t:|1783561310\n|move|p1a: Chesnaught|Synthesis|p1a: Chesnaught\n|-heal|p1a: Chesnaught|92/100\n|move|p2a: Scrafty|Drain Punch|p1a: Chesnaught\n|-damage|p1a: Chesnaught|44/100\n|\n|upkeep\n|turn|26\n|inactive|Time left: 300 sec this turn | 300 sec total\n|\n|t:|1783561311\n|move|p1a: Chesnaught|Spikes|p2a: Scrafty\n|-sidestart|p2: p0y1839db8b|Spikes\n|move|p2a: Scrafty|Knock Off|p1a: Chesnaught\n|-resisted|p1a: Chesnaught\n|-damage|p1a: Chesnaught|22/100\n|\n|upkeep\n|turn|27\n|inactive|Time left: 300 sec this turn | 300 sec total\n|\n|t:|1783561313\n|move|p1a: Chesnaught|Spikes|p2a: Scrafty\n|-sidestart|p2: p0y1839db8b|Spikes\n|move|p2a: Scrafty|Knock Off|p1a: Chesnaught\n|-resisted|p1a: Chesnaught\n|-damage|p1a: Chesnaught|2/100\n|\n|upkeep\n|turn|28\n|inactive|Time left: 300 sec this turn | 300 sec total\n|\n|t:|1783561313\n|switch|p1a: Wigglytuff|Wigglytuff, L96, M|78/100\n|move|p2a: Scrafty|Knock Off|p1a: Wigglytuff\n|-resisted|p1a: Wigglytuff\n|-crit|p1a: Wigglytuff\n|-damage|p1a: Wigglytuff|41/100\n|\n|upkeep\n|turn|29\n|inactive|Time left: 300 sec this turn | 300 sec total\n|\n|t:|1783561314\n|move|p2a: Scrafty|Knock Off|p1a: Wigglytuff\n|-resisted|p1a: Wigglytuff\n|-damage|p1a: Wigglytuff|16/100\n|move|p1a: Wigglytuff|Wish|p1a: Wigglytuff\n|\n|upkeep\n|turn|30\n|inactive|Time left: 300 sec this turn | 300 sec total\n|\n|t:|1783561316\n|move|p1a: Wigglytuff|Protect|p1a: Wigglytuff\n|-singleturn|p1a: Wigglytuff|Protect\n|move|p2a: Scrafty|Knock Off|p1a: Wigglytuff\n|-activate|p1a: Wigglytuff|move: Protect\n|\n|-heal|p1a: Wigglytuff|66/100|[from] move: Wish|[wisher] Wigglytuff\n|upkeep\n|turn|31\n|inactive|Time left: 300 sec this turn | 300 sec total\n|\n|t:|1783561317\n|move|p2a: Scrafty|Knock Off|p1a: Wigglytuff\n|-resisted|p1a: Wigglytuff\n|-damage|p1a: Wigglytuff|42/100\n|move|p1a: Wigglytuff|Wish|p1a: Wigglytuff\n|\n|upkeep\n|turn|32\n|inactive|Time left: 300 sec this turn | 300 sec total\n|\n|t:|1783561318\n|move|p2a: Scrafty|Knock Off|p1a: Wigglytuff\n|-resisted|p1a: Wigglytuff\n|-damage|p1a: Wigglytuff|17/100\n|move|p1a: Wigglytuff|Fire Blast|p2a: Scrafty\n|-damage|p2a: Scrafty|164/244\n|\n|-heal|p1a: Wigglytuff|67/100|[from] move: Wish|[wisher] Wigglytuff\n|-heal|p2a: Scrafty|179/244|[from] item: Leftovers\n|upkeep\n|turn|33\n|inactive|Time left: 300 sec this turn | 300 sec total\n|\n|t:|1783561319\n|move|p2a: Scrafty|Knock Off|p1a: Wigglytuff\n|-resisted|p1a: Wigglytuff\n|-damage|p1a: Wigglytuff|41/100\n|move|p1a: Wigglytuff|Wish|p1a: Wigglytuff\n|\n|-heal|p2a: Scrafty|194/244|[from] item: Leftovers\n|upkeep\n|turn|34\n|inactive|Time left: 300 sec this turn | 300 sec total\n|\n|t:|1783561320\n|move|p2a: Scrafty|Knock Off|p1a: Wigglytuff\n|-resisted|p1a: Wigglytuff\n|-damage|p1a: Wigglytuff|14/100\n|move|p1a: Wigglytuff|Fire Blast|p2a: Scrafty|[miss]\n|-miss|p1a: Wigglytuff|p2a: Scrafty\n|\n|-heal|p1a: Wigglytuff|64/100|[from] move: Wish|[wisher] Wigglytuff\n|-heal|p2a: Scrafty|209/244|[from] item: Leftovers\n|upkeep\n|turn|35\n|inactive|Time left: 300 sec this turn | 300 sec total\n|\n|t:|1783561321\n|move|p2a: Scrafty|Knock Off|p1a: Wigglytuff\n|-resisted|p1a: Wigglytuff\n|-damage|p1a: Wigglytuff|40/100\n|move|p1a: Wigglytuff|Wish|p1a: Wigglytuff\n|\n|-heal|p2a: Scrafty|224/244|[from] item: Leftovers\n|upkeep\n|turn|36\n|inactive|Time left: 300 sec this turn | 300 sec total\n|\n|t:|1783561322\n|move|p1a: Wigglytuff|Protect|p1a: Wigglytuff\n|-singleturn|p1a: Wigglytuff|Protect\n|move|p2a: Scrafty|Knock Off|p1a: Wigglytuff\n|-activate|p1a: Wigglytuff|move: Protect\n|\n|-heal|p1a: Wigglytuff|90/100|[from] move: Wish|[wisher] Wigglytuff\n|-heal|p2a: Scrafty|239/244|[from] item: Leftovers\n|upkeep\n|turn|37\n|inactive|Time left: 300 sec this turn | 300 sec total\n|\n|t:|1783561323\n|move|p2a: Scrafty|Knock Off|p1a: Wigglytuff\n|-resisted|p1a: Wigglytuff\n|-damage|p1a: Wigglytuff|65/100\n|move|p1a: Wigglytuff|Wish|p1a: Wigglytuff\n|\n|-heal|p2a: Scrafty|244/244|[from] item: Leftovers\n|upkeep\n|turn|38\n|inactive|Time left: 300 sec this turn | 300 sec total\n|\n|t:|1783561324\n|move|p2a: Scrafty|Bulk Up|p2a: Scrafty\n|-boost|p2a: Scrafty|atk|1\n|-boost|p2a: Scrafty|def|1\n|move|p1a: Wigglytuff|Dazzling Gleam|p2a: Scrafty\n|-resisted|p2a: Scrafty\n|-damage|p2a: Scrafty|200/244\n|\n|-heal|p1a: Wigglytuff|100/100|[from] move: Wish|[wisher] Wigglytuff\n|-heal|p2a: Scrafty|215/244|[from] item: Leftovers\n|upkeep\n|turn|39\n|inactive|Time left: 300 sec this turn | 300 sec total\n|\n|t:|1783561325\n|move|p2a: Scrafty|Knock Off|p1a: Wigglytuff\n|-resisted|p1a: Wigglytuff\n|-damage|p1a: Wigglytuff|68/100\n|move|p1a: Wigglytuff|Wish|p1a: Wigglytuff\n|\n|-heal|p2a: Scrafty|230/244|[from] item: Leftovers\n|upkeep\n|turn|40\n|inactive|Time left: 300 sec this turn | 300 sec total\n|\n|t:|1783561326\n|move|p2a: Scrafty|Knock Off|p1a: Wigglytuff\n|-resisted|p1a: Wigglytuff\n|-damage|p1a: Wigglytuff|37/100\n|move|p1a: Wigglytuff|Fire Blast|p2a: Scrafty|[miss]\n|-miss|p1a: Wigglytuff|p2a: Scrafty\n|\n|-heal|p1a: Wigglytuff|87/100|[from] move: Wish|[wisher] Wigglytuff\n|-heal|p2a: Scrafty|244/244|[from] item: Leftovers\n|upkeep\n|turn|41\n|inactive|Time left: 300 sec this turn | 300 sec total\n|\n|t:|1783561327\n|move|p2a: Scrafty|Knock Off|p1a: Wigglytuff\n|-resisted|p1a: Wigglytuff\n|-damage|p1a: Wigglytuff|56/100\n|move|p1a: Wigglytuff|Wish|p1a: Wigglytuff\n|\n|upkeep\n|turn|42\n|inactive|Time left: 300 sec this turn | 300 sec total\n|\n|t:|1783561328\n|move|p2a: Scrafty|Knock Off|p1a: Wigglytuff\n|-resisted|p1a: Wigglytuff\n|-damage|p1a: Wigglytuff|28/100\n|move|p1a: Wigglytuff|Fire Blast|p2a: Scrafty\n|-damage|p2a: Scrafty|163/244\n|\n|-heal|p1a: Wigglytuff|78/100|[from] move: Wish|[wisher] Wigglytuff\n|-heal|p2a: Scrafty|178/244|[from] item: Leftovers\n|upkeep\n|turn|43\n|inactive|Time left: 300 sec this turn | 300 sec total\n|\n|t:|1783561328\n|move|p2a: Scrafty|Knock Off|p1a: Wigglytuff\n|-resisted|p1a: Wigglytuff\n|-damage|p1a: Wigglytuff|44/100\n|move|p1a: Wigglytuff|Wish|p1a: Wigglytuff\n|\n|-heal|p2a: Scrafty|193/244|[from] item: Leftovers\n|upkeep\n|turn|44\n|inactive|Time left: 300 sec this turn | 300 sec total\n|\n|t:|1783561329\n|move|p1a: Wigglytuff|Protect|p1a: Wigglytuff\n|-singleturn|p1a: Wigglytuff|Protect\n|move|p2a: Scrafty|Knock Off|p1a: Wigglytuff\n|-activate|p1a: Wigglytuff|move: Protect\n|\n|-heal|p1a: Wigglytuff|94/100|[from] move: Wish|[wisher] Wigglytuff\n|-heal|p2a: Scrafty|208/244|[from] item: Leftovers\n|upkeep\n|turn|45\n|inactive|Time left: 300 sec this turn | 300 sec total\n|\n|t:|1783561330\n|move|p2a: Scrafty|Knock Off|p1a: Wigglytuff\n|-resisted|p1a: Wigglytuff\n|-damage|p1a: Wigglytuff|63/100\n|move|p1a: Wigglytuff|Wish|p1a: Wigglytuff\n|\n|-heal|p2a: Scrafty|223/244|[from] item: Leftovers\n|upkeep\n|turn|46\n|inactive|Time left: 300 sec this turn | 300 sec total\n|\n|t:|1783561331\n|move|p2a: Scrafty|Knock Off|p1a: Wigglytuff\n|-resisted|p1a: Wigglytuff\n|-crit|p1a: Wigglytuff\n|-damage|p1a: Wigglytuff|13/100\n|move|p1a: Wigglytuff|Fire Blast|p2a: Scrafty\n|-damage|p2a: Scrafty|149/244\n|\n|-heal|p1a: Wigglytuff|63/100|[from] move: Wish|[wisher] Wigglytuff\n|-heal|p2a: Scrafty|164/244|[from] item: Leftovers\n|upkeep\n|turn|47\n|inactive|Time left: 300 sec this turn | 300 sec total\n|\n|t:|1783561332\n|move|p2a: Scrafty|Knock Off|p1a: Wigglytuff\n|-resisted|p1a: Wigglytuff\n|-damage|p1a: Wigglytuff|35/100\n|move|p1a: Wigglytuff|Wish|p1a: Wigglytuff\n|\n|-heal|p2a: Scrafty|179/244|[from] item: Leftovers\n|upkeep\n|turn|48\n|inactive|Time left: 300 sec this turn | 300 sec total\n|\n|t:|1783561333\n|move|p2a: Scrafty|Knock Off|p1a: Wigglytuff\n|-resisted|p1a: Wigglytuff\n|-damage|p1a: Wigglytuff|4/100\n|move|p1a: Wigglytuff|Fire Blast|p2a: Scrafty\n|-damage|p2a: Scrafty|103/244\n|\n|-heal|p1a: Wigglytuff|54/100|[from] move: Wish|[wisher] Wigglytuff\n|-heal|p2a: Scrafty|118/244|[from] item: Leftovers\n|upkeep\n|turn|49\n|inactive|Time left: 300 sec this turn | 300 sec total\n|\n|t:|1783561334\n|move|p2a: Scrafty|Knock Off|p1a: Wigglytuff\n|-resisted|p1a: Wigglytuff\n|-damage|p1a: Wigglytuff|22/100\n|move|p1a: Wigglytuff|Wish|p1a: Wigglytuff\n|\n|-heal|p2a: Scrafty|133/244|[from] item: Leftovers\n|upkeep\n|turn|50\n|inactive|Time left: 300 sec this turn | 300 sec total\n|\n|t:|1783561335\n|move|p1a: Wigglytuff|Protect|p1a: Wigglytuff\n|-singleturn|p1a: Wigglytuff|Protect\n|move|p2a: Scrafty|Knock Off|p1a: Wigglytuff\n|-activate|p1a: Wigglytuff|move: Protect\n|\n|-heal|p1a: Wigglytuff|72/100|[from] move: Wish|[wisher] Wigglytuff\n|-heal|p2a: Scrafty|148/244|[from] item: Leftovers\n|upkeep\n|turn|51\n|inactive|Time left: 300 sec this turn | 300 sec total\n|\n|t:|1783561336\n|move|p2a: Scrafty|Knock Off|p1a: Wigglytuff\n|-resisted|p1a: Wigglytuff\n|-damage|p1a: Wigglytuff|40/100\n|move|p1a: Wigglytuff|Wish|p1a: Wigglytuff\n|\n|-heal|p2a: Scrafty|163/244|[from] item: Leftovers\n|upkeep\n|turn|52\n|inactive|Time left: 300 sec this turn | 300 sec total\n|\n|t:|1783561337\n|move|p2a: Scrafty|Knock Off|p1a: Wigglytuff\n|-resisted|p1a: Wigglytuff\n|-damage|p1a: Wigglytuff|10/100\n|move|p1a: Wigglytuff|Fire Blast|p2a: Scrafty|[miss]\n|-miss|p1a: Wigglytuff|p2a: Scrafty\n|\n|-heal|p1a: Wigglytuff|60/100|[from] move: Wish|[wisher] Wigglytuff\n|-heal|p2a: Scrafty|178/244|[from] item: Leftovers\n|upkeep\n|turn|53\n|inactive|Time left: 300 sec this turn | 300 sec total\n|\n|t:|1783561338\n|move|p1a: Wigglytuff|Protect|p1a: Wigglytuff\n|-singleturn|p1a: Wigglytuff|Protect\n|move|p2a: Scrafty|Knock Off|p1a: Wigglytuff\n|-activate|p1a: Wigglytuff|move: Protect\n|\n|-heal|p2a: Scrafty|193/244|[from] item: Leftovers\n|upkeep\n|turn|54\n|inactive|Time left: 300 sec this turn | 300 sec total\n|\n|t:|1783561339\n|move|p2a: Scrafty|Knock Off|p1a: Wigglytuff\n|-resisted|p1a: Wigglytuff\n|-damage|p1a: Wigglytuff|30/100\n|move|p1a: Wigglytuff|Dazzling Gleam|p2a: Scrafty\n|-resisted|p2a: Scrafty\n|-damage|p2a: Scrafty|150/244\n|\n|-heal|p2a: Scrafty|165/244|[from] item: Leftovers\n|upkeep\n|turn|55\n|inactive|Time left: 300 sec this turn | 300 sec total\n|\n|t:|1783561341\n|move|p1a: Wigglytuff|Protect|p1a: Wigglytuff\n|-singleturn|p1a: Wigglytuff|Protect\n|move|p2a: Scrafty|Knock Off|p1a: Wigglytuff\n|-activate|p1a: Wigglytuff|move: Protect\n|\n|-heal|p2a: Scrafty|180/244|[from] item: Leftovers\n|upkeep\n|turn|56\n|inactive|Time left: 300 sec this turn | 300 sec total\n|\n|t:|1783561342\n|move|p2a: Scrafty|Rest|p2a: Scrafty\n|-status|p2a: Scrafty|slp|[from] move: Rest\n|-heal|p2a: Scrafty|244/244 slp|[silent]\n|move|p1a: Wigglytuff|Dazzling Gleam|p2a: Scrafty\n|-resisted|p2a: Scrafty\n|-damage|p2a: Scrafty|204/244 slp\n|\n|-heal|p2a: Scrafty|219/244 slp|[from] item: Leftovers\n|upkeep\n|turn|57\n|inactive|Time left: 300 sec this turn | 300 sec total\n|\n|t:|1783561343\n|cant|p2a: Scrafty|slp\n|move|p1a: Wigglytuff|Dazzling Gleam|p2a: Scrafty\n|-resisted|p2a: Scrafty\n|-damage|p2a: Scrafty|175/244 slp\n|\n|-heal|p2a: Scrafty|190/244 slp|[from] item: Leftovers\n|upkeep\n|turn|58\n|inactive|Time left: 300 sec this turn | 300 sec total\n|\n|t:|1783561344\n|cant|p2a: Scrafty|slp\n|move|p1a: Wigglytuff|Dazzling Gleam|p2a: Scrafty\n|-resisted|p2a: Scrafty\n|-damage|p2a: Scrafty|148/244 slp\n|\n|-activate|p2a: Scrafty|ability: Shed Skin\n|-curestatus|p2a: Scrafty|slp|[msg]\n|-heal|p2a: Scrafty|163/244|[from] item: Leftovers\n|upkeep\n|turn|59\n|inactive|Time left: 300 sec this turn | 300 sec total\n|\n|t:|1783561345\n|move|p1a: Wigglytuff|Protect|p1a: Wigglytuff\n|-singleturn|p1a: Wigglytuff|Protect\n|move|p2a: Scrafty|Rest|p2a: Scrafty\n|-status|p2a: Scrafty|slp|[from] move: Rest\n|-heal|p2a: Scrafty|244/244 slp|[silent]\n|\n|upkeep\n|turn|60\n|inactive|Time left: 300 sec this turn | 300 sec total\n|\n|t:|1783561346\n|cant|p2a: Scrafty|slp\n|move|p1a: Wigglytuff|Dazzling Gleam|p2a: Scrafty\n|-resisted|p2a: Scrafty\n|-damage|p2a: Scrafty|206/244 slp\n|\n|-activate|p2a: Scrafty|ability: Shed Skin\n|-curestatus|p2a: Scrafty|slp|[msg]\n|-heal|p2a: Scrafty|221/244|[from] item: Leftovers\n|upkeep\n|turn|61\n|inactive|Time left: 300 sec this turn | 300 sec total\n|\n|t:|1783561347\n|move|p1a: Wigglytuff|Protect|p1a: Wigglytuff\n|-singleturn|p1a: Wigglytuff|Protect\n|move|p2a: Scrafty|Bulk Up|p2a: Scrafty\n|-boost|p2a: Scrafty|atk|1\n|-boost|p2a: Scrafty|def|1\n|\n|-heal|p2a: Scrafty|236/244|[from] item: Leftovers\n|upkeep\n|turn|62\n|inactive|Time left: 300 sec this turn | 300 sec total\n|\n|t:|1783561348\n|move|p2a: Scrafty|Bulk Up|p2a: Scrafty\n|-boost|p2a: Scrafty|atk|1\n|-boost|p2a: Scrafty|def|1\n|move|p1a: Wigglytuff|Dazzling Gleam|p2a: Scrafty\n|-resisted|p2a: Scrafty\n|-crit|p2a: Scrafty\n|-damage|p2a: Scrafty|178/244\n|\n|-heal|p2a: Scrafty|193/244|[from] item: Leftovers\n|upkeep\n|turn|63\n|inactive|Time left: 300 sec this turn | 300 sec total\n|\n|t:|1783561349\n|move|p1a: Wigglytuff|Protect|p1a: Wigglytuff\n|-singleturn|p1a: Wigglytuff|Protect\n|move|p2a: Scrafty|Rest|p2a: Scrafty\n|-status|p2a: Scrafty|slp|[from] move: Rest\n|-heal|p2a: Scrafty|244/244 slp|[silent]\n|\n|upkeep\n|turn|64\n|inactive|Time left: 300 sec this turn | 300 sec total\n|\n|t:|1783561350\n|move|p1a: Wigglytuff|Protect||[still]\n|-fail|p1a: Wigglytuff\n|cant|p2a: Scrafty|slp\n|\n|upkeep\n|turn|65\n|inactive|Time left: 300 sec this turn | 300 sec total\n|\n|t:|1783561351\n|cant|p2a: Scrafty|slp\n|move|p1a: Wigglytuff|Dazzling Gleam|p2a: Scrafty\n|-resisted|p2a: Scrafty\n|-damage|p2a: Scrafty|206/244 slp\n|\n|-activate|p2a: Scrafty|ability: Shed Skin\n|-curestatus|p2a: Scrafty|slp|[msg]\n|-heal|p2a: Scrafty|221/244|[from] item: Leftovers\n|upkeep\n|turn|66\n|inactive|Time left: 300 sec this turn | 300 sec total\n|\n|t:|1783561352\n|move|p1a: Wigglytuff|Protect|p1a: Wigglytuff\n|-singleturn|p1a: Wigglytuff|Protect\n|move|p2a: Scrafty|Bulk Up|p2a: Scrafty\n|-boost|p2a: Scrafty|atk|0\n|-boost|p2a: Scrafty|def|0\n|\n|-heal|p2a: Scrafty|236/244|[from] item: Leftovers\n|upkeep\n|turn|67\n|inactive|Time left: 300 sec this turn | 300 sec total\n|\n|t:|1783561352\n|move|p1a: Wigglytuff|Protect|p1a: Wigglytuff\n|-singleturn|p1a: Wigglytuff|Protect\n|move|p2a: Scrafty|Rest|p2a: Scrafty\n|-status|p2a: Scrafty|slp|[from] move: Rest\n|-heal|p2a: Scrafty|244/244 slp|[silent]\n|\n|-activate|p2a: Scrafty|ability: Shed Skin\n|-curestatus|p2a: Scrafty|slp|[msg]\n|upkeep\n|turn|68\n|inactive|Time left: 300 sec this turn | 300 sec total\n|\n|t:|1783561353\n|move|p2a: Scrafty|Bulk Up|p2a: Scrafty\n|-boost|p2a: Scrafty|atk|0\n|-boost|p2a: Scrafty|def|0\n|move|p1a: Wigglytuff|Dazzling Gleam|p2a: Scrafty\n|-resisted|p2a: Scrafty\n|-damage|p2a: Scrafty|199/244\n|\n|-heal|p2a: Scrafty|214/244|[from] item: Leftovers\n|upkeep\n|turn|69\n|inactive|Time left: 300 sec this turn | 300 sec total\n|\n|t:|1783561354\n|move|p2a: Scrafty|Rest|p2a: Scrafty\n|-status|p2a: Scrafty|slp|[from] move: Rest\n|-heal|p2a: Scrafty|244/244 slp|[silent]\n|move|p1a: Wigglytuff|Dazzling Gleam|p2a: Scrafty\n|-resisted|p2a: Scrafty\n|-damage|p2a: Scrafty|202/244 slp\n|\n|-activate|p2a: Scrafty|ability: Shed Skin\n|-curestatus|p2a: Scrafty|slp|[msg]\n|-heal|p2a: Scrafty|217/244|[from] item: Leftovers\n|upkeep\n|turn|70\n|inactive|Time left: 300 sec this turn | 300 sec total\n|\n|t:|1783561355\n|switch|p1a: Chesnaught|Chesnaught, L84, M|2/100\n|move|p2a: Scrafty|Rest|p2a: Scrafty\n|-status|p2a: Scrafty|slp|[from] move: Rest\n|-heal|p2a: Scrafty|244/244 slp|[silent]\n|\n|upkeep\n|turn|71\n|inactive|Time left: 300 sec this turn | 300 sec total\n|\n|t:|1783561356\n|move|p1a: Chesnaught|Body Press|p2a: Scrafty\n|-resisted|p2a: Scrafty\n|-damage|p2a: Scrafty|232/244 slp\n|cant|p2a: Scrafty|slp\n|\n|-heal|p2a: Scrafty|244/244 slp|[from] item: Leftovers\n|upkeep\n|turn|72\n|inactive|Time left: 300 sec this turn | 300 sec total\n|\n|t:|1783561357\n|move|p1a: Chesnaught|Spikes||[still]\n|-fail|p1a: Chesnaught\n|cant|p2a: Scrafty|slp\n|\n|upkeep\n|turn|73\n|inactive|Time left: 300 sec this turn | 300 sec total\n|\n|t:|1783561358\n|switch|p1a: Wigglytuff|Wigglytuff, L96, M|30/100\n|-curestatus|p2a: Scrafty|slp|[msg]\n|move|p2a: Scrafty|Rest|p2a: Scrafty\n|-fail|p2a: Scrafty|heal\n|\n|upkeep\n|turn|74\n|inactive|Time left: 300 sec this turn | 300 sec total\n|\n|t:|1783561359\n|move|p2a: Scrafty|Bulk Up|p2a: Scrafty\n|-boost|p2a: Scrafty|atk|0\n|-boost|p2a: Scrafty|def|0\n|move|p1a: Wigglytuff|Dazzling Gleam|p2a: Scrafty\n|-resisted|p2a: Scrafty\n|-damage|p2a: Scrafty|204/244\n|\n|-heal|p2a: Scrafty|219/244|[from] item: Leftovers\n|upkeep\n|turn|75\n|inactive|Time left: 300 sec this turn | 300 sec total\n|\n|t:|1783561360\n|switch|p1a: Chesnaught|Chesnaught, L84, M|2/100\n|move|p2a: Scrafty|Bulk Up|p2a: Scrafty\n|-boost|p2a: Scrafty|atk|0\n|-boost|p2a: Scrafty|def|0\n|\n|-heal|p2a: Scrafty|234/244|[from] item: Leftovers\n|upkeep\n|turn|76\n|inactive|Time left: 300 sec this turn | 300 sec total\n|\n|t:|1783561361\n|switch|p1a: Wigglytuff|Wigglytuff, L96, M|30/100\n|move|p2a: Scrafty|Bulk Up|p2a: Scrafty\n|-boost|p2a: Scrafty|atk|0\n|-boost|p2a: Scrafty|def|0\n|\n|-heal|p2a: Scrafty|244/244|[from] item: Leftovers\n|upkeep\n|turn|77\n|inactive|Time left: 300 sec this turn | 300 sec total\n|\n|t:|1783561362\n|switch|p1a: Chesnaught|Chesnaught, L84, M|2/100\n|move|p2a: Scrafty|Bulk Up|p2a: Scrafty\n|-boost|p2a: Scrafty|atk|0\n|-boost|p2a: Scrafty|def|0\n|\n|upkeep\n|turn|78\n|inactive|Time left: 300 sec this turn | 300 sec total\n|\n|t:|1783561363\n|switch|p1a: Wigglytuff|Wigglytuff, L96, M|30/100\n|move|p2a: Scrafty|Bulk Up|p2a: Scrafty\n|-boost|p2a: Scrafty|atk|0\n|-boost|p2a: Scrafty|def|0\n|\n|upkeep\n|turn|79\n|inactive|Time left: 300 sec this turn | 300 sec total\n|\n|t:|1783561364\n|move|p2a: Scrafty|Bulk Up|p2a: Scrafty\n|-boost|p2a: Scrafty|atk|0\n|-boost|p2a: Scrafty|def|0\n|move|p1a: Wigglytuff|Dazzling Gleam|p2a: Scrafty\n|-resisted|p2a: Scrafty\n|-damage|p2a: Scrafty|204/244\n|\n|-heal|p2a: Scrafty|219/244|[from] item: Leftovers\n|upkeep\n|turn|80\n|inactive|Time left: 300 sec this turn | 300 sec total\n|\n|t:|1783561365\n|move|p2a: Scrafty|Bulk Up|p2a: Scrafty\n|-boost|p2a: Scrafty|atk|0\n|-boost|p2a: Scrafty|def|0\n|move|p1a: Wigglytuff|Dazzling Gleam|p2a: Scrafty\n|-resisted|p2a: Scrafty\n|-damage|p2a: Scrafty|176/244\n|\n|-heal|p2a: Scrafty|191/244|[from] item: Leftovers\n|upkeep\n|turn|81\n|inactive|Time left: 300 sec this turn | 300 sec total\n|\n|t:|1783561366\n|switch|p1a: Chesnaught|Chesnaught, L84, M|2/100\n|move|p2a: Scrafty|Bulk Up|p2a: Scrafty\n|-boost|p2a: Scrafty|atk|0\n|-boost|p2a: Scrafty|def|0\n|\n|-heal|p2a: Scrafty|206/244|[from] item: Leftovers\n|upkeep\n|turn|82\n|inactive|Time left: 300 sec this turn | 300 sec total\n|\n|t:|1783561367\n|move|p1a: Chesnaught|Body Press|p2a: Scrafty\n|-resisted|p2a: Scrafty\n|-damage|p2a: Scrafty|195/244\n|move|p2a: Scrafty|Bulk Up|p2a: Scrafty\n|-boost|p2a: Scrafty|atk|0\n|-boost|p2a: Scrafty|def|0\n|\n|-heal|p2a: Scrafty|210/244|[from] item: Leftovers\n|upkeep\n|turn|83\n|inactive|Time left: 300 sec this turn | 300 sec total\n|\n|t:|1783561368\n|switch|p1a: Wigglytuff|Wigglytuff, L96, M|30/100\n|move|p2a: Scrafty|Bulk Up|p2a: Scrafty\n|-boost|p2a: Scrafty|atk|0\n|-boost|p2a: Scrafty|def|0\n|\n|-heal|p2a: Scrafty|225/244|[from] item: Leftovers\n|upkeep\n|turn|84\n|inactive|Time left: 300 sec this turn | 300 sec total\n|\n|t:|1783561369\n|switch|p1a: Chesnaught|Chesnaught, L84, M|2/100\n|move|p2a: Scrafty|Bulk Up|p2a: Scrafty\n|-boost|p2a: Scrafty|atk|0\n|-boost|p2a: Scrafty|def|0\n|\n|-heal|p2a: Scrafty|240/244|[from] item: Leftovers\n|upkeep\n|turn|85\n|inactive|Time left: 300 sec this turn | 300 sec total\n|\n|t:|1783561370\n|switch|p1a: Wigglytuff|Wigglytuff, L96, M|30/100\n|move|p2a: Scrafty|Bulk Up|p2a: Scrafty\n|-boost|p2a: Scrafty|atk|0\n|-boost|p2a: Scrafty|def|0\n|\n|-heal|p2a: Scrafty|244/244|[from] item: Leftovers\n|upkeep\n|turn|86\n|inactive|Time left: 300 sec this turn | 300 sec total\n|\n|t:|1783561371\n|switch|p1a: Chesnaught|Chesnaught, L84, M|2/100\n|move|p2a: Scrafty|Bulk Up|p2a: Scrafty\n|-boost|p2a: Scrafty|atk|0\n|-boost|p2a: Scrafty|def|0\n|\n|upkeep\n|turn|87\n|inactive|Time left: 300 sec this turn | 300 sec total\n|\n|t:|1783561372\n|switch|p1a: Wigglytuff|Wigglytuff, L96, M|30/100\n|move|p2a: Scrafty|Bulk Up|p2a: Scrafty\n|-boost|p2a: Scrafty|atk|0\n|-boost|p2a: Scrafty|def|0\n|\n|upkeep\n|turn|88\n|inactive|Time left: 300 sec this turn | 300 sec total\n|\n|t:|1783561373\n|move|p2a: Scrafty|Bulk Up|p2a: Scrafty\n|-boost|p2a: Scrafty|atk|0\n|-boost|p2a: Scrafty|def|0\n|move|p1a: Wigglytuff|Dazzling Gleam|p2a: Scrafty\n|-resisted|p2a: Scrafty\n|-damage|p2a: Scrafty|202/244\n|\n|-heal|p2a: Scrafty|217/244|[from] item: Leftovers\n|upkeep\n|turn|89\n|inactive|Time left: 300 sec this turn | 300 sec total\n|\n|t:|1783561374\n|move|p2a: Scrafty|Bulk Up|p2a: Scrafty\n|-boost|p2a: Scrafty|atk|0\n|-boost|p2a: Scrafty|def|0\n|move|p1a: Wigglytuff|Dazzling Gleam|p2a: Scrafty\n|-resisted|p2a: Scrafty\n|-damage|p2a: Scrafty|174/244\n|\n|-heal|p2a: Scrafty|189/244|[from] item: Leftovers\n|upkeep\n|turn|90\n|inactive|Time left: 300 sec this turn | 300 sec total\n|\n|t:|1783561376\n|switch|p1a: Chesnaught|Chesnaught, L84, M|2/100\n|move|p2a: Scrafty|Bulk Up|p2a: Scrafty\n|-boost|p2a: Scrafty|atk|0\n|-boost|p2a: Scrafty|def|0\n|\n|-heal|p2a: Scrafty|204/244|[from] item: Leftovers\n|upkeep\n|turn|91\n|inactive|Time left: 300 sec this turn | 300 sec total\n|\n|t:|1783561377\n|move|p1a: Chesnaught|Body Press|p2a: Scrafty\n|-resisted|p2a: Scrafty\n|-damage|p2a: Scrafty|195/244\n|move|p2a: Scrafty|Bulk Up|p2a: Scrafty\n|-boost|p2a: Scrafty|atk|0\n|-boost|p2a: Scrafty|def|0\n|\n|-heal|p2a: Scrafty|210/244|[from] item: Leftovers\n|upkeep\n|turn|92\n|inactive|Time left: 300 sec this turn | 300 sec total\n|\n|t:|1783561377\n|move|p1a: Chesnaught|Spikes||[still]\n|-fail|p1a: Chesnaught\n|move|p2a: Scrafty|Bulk Up|p2a: Scrafty\n|-boost|p2a: Scrafty|atk|0\n|-boost|p2a: Scrafty|def|0\n|\n|-heal|p2a: Scrafty|225/244|[from] item: Leftovers\n|upkeep\n|turn|93\n|inactive|Time left: 300 sec this turn | 300 sec total\n|\n|t:|1783561378\n|move|p1a: Chesnaught|Spikes||[still]\n|-fail|p1a: Chesnaught\n|move|p2a: Scrafty|Bulk Up|p2a: Scrafty\n|-boost|p2a: Scrafty|atk|0\n|-boost|p2a: Scrafty|def|0\n|\n|-heal|p2a: Scrafty|240/244|[from] item: Leftovers\n|upkeep\n|turn|94\n|inactive|Time left: 300 sec this turn | 300 sec total\n|\n|t:|1783561379\n|move|p1a: Chesnaught|Spikes||[still]\n|-fail|p1a: Chesnaught\n|move|p2a: Scrafty|Bulk Up|p2a: Scrafty\n|-boost|p2a: Scrafty|atk|0\n|-boost|p2a: Scrafty|def|0\n|\n|-heal|p2a: Scrafty|244/244|[from] item: Leftovers\n|upkeep\n|turn|95\n|inactive|Time left: 300 sec this turn | 300 sec total\n|\n|t:|1783561380\n|move|p1a: Chesnaught|Body Press|p2a: Scrafty\n|-resisted|p2a: Scrafty\n|-damage|p2a: Scrafty|235/244\n|move|p2a: Scrafty|Bulk Up|p2a: Scrafty\n|-boost|p2a: Scrafty|atk|0\n|-boost|p2a: Scrafty|def|0\n|\n|-heal|p2a: Scrafty|244/244|[from] item: Leftovers\n|upkeep\n|turn|96\n|inactive|Time left: 300 sec this turn | 300 sec total\n|\n|t:|1783561381\n|move|p1a: Chesnaught|Spikes||[still]\n|-fail|p1a: Chesnaught\n|move|p2a: Scrafty|Bulk Up|p2a: Scrafty\n|-boost|p2a: Scrafty|atk|0\n|-boost|p2a: Scrafty|def|0\n|\n|upkeep\n|turn|97\n|inactive|Time left: 300 sec this turn | 300 sec total\n|\n|t:|1783561382\n|switch|p1a: Wigglytuff|Wigglytuff, L96, M|30/100\n|move|p2a: Scrafty|Knock Off|p1a: Wigglytuff\n|-resisted|p1a: Wigglytuff\n|-damage|p1a: Wigglytuff|0 fnt\n|faint|p1a: Wigglytuff\n|\n|upkeep\n|\n|t:|1783561383\n|switch|p1a: Araquanid|Araquanid, L82, M|100/100\n|turn|98\n|inactive|Time left: 300 sec this turn | 300 sec total\n|\n|t:|1783561384\n|move|p2a: Scrafty|Rest|p2a: Scrafty\n|-fail|p2a: Scrafty|heal\n|move|p1a: Araquanid|Sticky Web|p2a: Scrafty\n|-sidestart|p2: p0y1839db8b|move: Sticky Web\n|\n|upkeep\n|turn|99\n|inactive|Time left: 300 sec this turn | 300 sec total\n|\n|t:|1783561385\n|move|p2a: Scrafty|Bulk Up|p2a: Scrafty\n|-boost|p2a: Scrafty|atk|0\n|-boost|p2a: Scrafty|def|0\n|move|p1a: Araquanid|Liquidation|p2a: Scrafty\n|-damage|p2a: Scrafty|214/244\n|\n|-heal|p2a: Scrafty|229/244|[from] item: Leftovers\n|upkeep\n|turn|100\n|inactive|Time left: 300 sec this turn | 300 sec total\n|\n|t:|1783561386\n|-terastallize|p1a: Araquanid|Water\n|-activate|p2a: Scrafty|move: Struggle\n|move|p2a: Scrafty|Struggle|p1a: Araquanid\n|-damage|p1a: Araquanid|51/100\n|-damage|p2a: Scrafty|168/244|[from] recoil\n|move|p1a: Araquanid|Liquidation|p2a: Scrafty\n|-damage|p2a: Scrafty|128/244\n|\n|-heal|p2a: Scrafty|143/244|[from] item: Leftovers\n|upkeep\n|turn|101\n|inactive|Time left: 300 sec this turn | 300 sec total\n|\n|t:|1783561387\n|-activate|p2a: Scrafty|move: Struggle\n|move|p2a: Scrafty|Struggle|p1a: Araquanid\n|-damage|p1a: Araquanid|0 fnt\n|faint|p1a: Araquanid\n|-damage|p2a: Scrafty|82/244|[from] recoil\n|\n|-heal|p2a: Scrafty|97/244|[from] item: Leftovers\n|upkeep\n|\n|t:|1783561388\n|switch|p1a: Registeel|Registeel, L81|100/100\n|turn|102\n|inactive|Time left: 300 sec this turn | 300 sec total\n|\n|t:|1783561389\n|-activate|p2a: Scrafty|move: Struggle\n|move|p2a: Scrafty|Struggle|p1a: Registeel\n|-damage|p1a: Registeel|68/100\n|-damage|p2a: Scrafty|36/244|[from] recoil\n|move|p1a: Registeel|Iron Head|p2a: Scrafty\n|-damage|p2a: Scrafty|21/244\n|\n|-heal|p2a: Scrafty|36/244|[from] item: Leftovers\n|upkeep\n|turn|103\n|inactive|Time left: 300 sec this turn | 300 sec total\n|\n|t:|1783561390\n|switch|p2a: Bronzong|Bronzong, L88, shiny|49/261\n|move|p1a: Registeel|Iron Head|p2a: Bronzong\n|-resisted|p2a: Bronzong\n|-damage|p2a: Bronzong|22/261\n|\n|-heal|p2a: Bronzong|38/261|[from] item: Leftovers\n|upkeep\n|turn|104\n|inactive|Time left: 300 sec this turn | 300 sec total\n|\n|t:|1783561391\n|switch|p2a: Iron Jugulis|Iron Jugulis, L77|271/271\n|move|p1a: Registeel|Body Press|p2a: Iron Jugulis\n|-damage|p2a: Iron Jugulis|184/271\n|\n|upkeep\n|turn|105\n|inactive|Time left: 300 sec this turn | 300 sec total\n|\n|t:|1783561392\n|move|p2a: Iron Jugulis|Dark Pulse|p1a: Registeel\n|-damage|p1a: Registeel|35/100\n|move|p1a: Registeel|Body Press|p2a: Iron Jugulis\n|-damage|p2a: Iron Jugulis|96/271\n|\n|upkeep\n|turn|106\n|inactive|Time left: 300 sec this turn | 300 sec total\n|\n|t:|1783561393\n|move|p2a: Iron Jugulis|Dark Pulse|p1a: Registeel\n|-crit|p1a: Registeel\n|-damage|p1a: Registeel|0 fnt\n|faint|p1a: Registeel\n|\n|upkeep\n|\n|t:|1783561394\n|switch|p1a: Moltres|Moltres, L81|100/100\n|turn|107\n|inactive|Time left: 300 sec this turn | 300 sec total\n|\n|t:|1783561395\n|switch|p1a: Chesnaught|Chesnaught, L84, M|2/100\n|move|p2a: Iron Jugulis|Dark Pulse|p1a: Chesnaught\n|-resisted|p1a: Chesnaught\n|-crit|p1a: Chesnaught\n|-damage|p1a: Chesnaught|0 fnt\n|faint|p1a: Chesnaught\n|\n|upkeep\n|\n|t:|1783561396\n|switch|p1a: Moltres|Moltres, L81|100/100\n|turn|108\n|inactive|Time left: 300 sec this turn | 300 sec total\n|\n|t:|1783561397\n|move|p2a: Iron Jugulis|Dark Pulse|p1a: Moltres\n|-damage|p1a: Moltres|51/100\n|move|p1a: Moltres|Roost|p1a: Moltres\n|-heal|p1a: Moltres|100/100\n|-singleturn|p1a: Moltres|move: Roost\n|\n|upkeep\n|turn|109\n|inactive|Time left: 300 sec this turn | 300 sec total\n|\n|t:|1783561397\n|move|p2a: Iron Jugulis|Dark Pulse|p1a: Moltres\n|-damage|p1a: Moltres|52/100\n|move|p1a: Moltres|Roost|p1a: Moltres\n|-heal|p1a: Moltres|100/100\n|-singleturn|p1a: Moltres|move: Roost\n|\n|upkeep\n|turn|110\n|inactive|Time left: 300 sec this turn | 300 sec total\n|\n|t:|1783561398\n|move|p2a: Iron Jugulis|Dark Pulse|p1a: Moltres\n|-damage|p1a: Moltres|52/100\n|move|p1a: Moltres|Fire Blast|p2a: Iron Jugulis\n|-damage|p2a: Iron Jugulis|0 fnt\n|faint|p2a: Iron Jugulis\n|-end|p2a: Iron Jugulis|Quark Drive|[silent]\n|\n|upkeep\n|inactive|Time left: 300 sec this turn | 300 sec total | 5 sec grace\n|\n|t:|1783561399\n|switch|p2a: Muk|Muk, L86, F|321/321\n|-damage|p2a: Muk|241/321|[from] Spikes\n|-activate|p2a: Muk|move: Sticky Web\n|-unboost|p2a: Muk|spe|1\n|turn|111\n|inactive|Time left: 300 sec this turn | 300 sec total\n|\n|t:|1783561400\n|move|p1a: Moltres|Roost|p1a: Moltres\n|-heal|p1a: Moltres|100/100\n|-singleturn|p1a: Moltres|move: Roost\n|move|p2a: Muk|Gunk Shot|p1a: Moltres\n|-damage|p1a: Moltres|49/100\n|\n|-heal|p2a: Muk|261/321|[from] item: Leftovers\n|upkeep\n|turn|112\n|inactive|Time left: 300 sec this turn | 300 sec total\n|\n|t:|1783561401\n|move|p1a: Moltres|Roost|p1a: Moltres\n|-heal|p1a: Moltres|99/100\n|-singleturn|p1a: Moltres|move: Roost\n|move|p2a: Muk|Gunk Shot|p1a: Moltres\n|-damage|p1a: Moltres|45/100\n|\n|-heal|p2a: Muk|281/321|[from] item: Leftovers\n|upkeep\n|turn|113\n|inactive|Time left: 300 sec this turn | 300 sec total\n|\n|t:|1783561401\n|move|p1a: Moltres|Roost|p1a: Moltres\n|-heal|p1a: Moltres|95/100\n|-singleturn|p1a: Moltres|move: Roost\n|move|p2a: Muk|Gunk Shot|p1a: Moltres\n|-damage|p1a: Moltres|45/100\n|\n|-heal|p2a: Muk|301/321|[from] item: Leftovers\n|upkeep\n|turn|114\n|inactive|Time left: 300 sec this turn | 300 sec total\n|\n|t:|1783561402\n|move|p1a: Moltres|Roost|p1a: Moltres\n|-heal|p1a: Moltres|95/100\n|-singleturn|p1a: Moltres|move: Roost\n|move|p2a: Muk|Gunk Shot|p1a: Moltres\n|-crit|p1a: Moltres\n|-damage|p1a: Moltres|22/100\n|-status|p1a: Moltres|psn\n|\n|-heal|p2a: Muk|321/321|[from] item: Leftovers\n|-damage|p1a: Moltres|10/100 psn|[from] psn\n|upkeep\n|turn|115\n|inactive|Time left: 300 sec this turn | 300 sec total\n|\n|t:|1783561403\n|move|p1a: Moltres|Roost|p1a: Moltres\n|-heal|p1a: Moltres|60/100 psn\n|-singleturn|p1a: Moltres|move: Roost\n|move|p2a: Muk|Gunk Shot|p1a: Moltres|[miss]\n|-miss|p2a: Muk|p1a: Moltres\n|\n|-damage|p1a: Moltres|48/100 psn|[from] psn\n|upkeep\n|turn|116\n|inactive|Time left: 300 sec this turn | 300 sec total\n|\n|t:|1783561404\n|move|p1a: Moltres|Scorching Sands|p2a: Muk\n|-supereffective|p2a: Muk\n|-damage|p2a: Muk|223/321\n|move|p2a: Muk|Gunk Shot|p1a: Moltres\n|-damage|p1a: Moltres|0 fnt\n|faint|p1a: Moltres\n|\n|win|p0y1839db8b", "uploadtime": 1783561404, "views": 0, "rating": 0, "private": 0, "password": null, "_winner": "p0y1839db8b", "_our_name": "p0y1839db8b"}