{"id": "battle-gen9randombattle-2949", "formatid": "gen9randombattle", "format": "[Gen 9] Random Battle", "players": ["p0x29498302", "p0y2949f178"], "log": "|init|battle\n|title|p0x29498302 vs. p0y2949f178\n|j|\u2606p0x29498302\n|j|\u2606p0y2949f178\n|t:|1783573955\n|gametype|singles\n|player|p1|p0x29498302|169|\n|player|p2|p0y2949f178|266|\n|gen|9\n|tier|[Gen 9] Random Battle\n|rule|Species Clause: Limit one of each Pok\u00e9mon\n|rule|HP Percentage Mod: HP is shown in percentages\n|rule|Sleep Clause Mod: Limit one foe put to sleep\n|rule|Illusion Level Mod: Illusion disguises the Pok\u00e9mon's true level\n|\n|t:|1783573955\n|teamsize|p1|6\n|teamsize|p2|6\n|start\n|switch|p1a: Venusaur|Venusaur, L84, M|100/100\n|switch|p2a: Volcarona|Volcarona, L77, F|257/257\n|turn|1\n|inactive|Battle timer is ON: inactive players will automatically lose when time's up. (requested by p0x29498302)\n|inactive|Time left: 300 sec this turn | 300 sec total | 60 sec grace\n|inactive|p0y2949f178 also wants the timer to be on.\n|\n|t:|1783573956\n|switch|p1a: Kyogre|Kyogre, L71|100/100\n|-weather|RainDance|[from] ability: Drizzle|[of] p1a: Kyogre\n|move|p2a: Volcarona|Quiver Dance|p2a: Volcarona\n|-boost|p2a: Volcarona|spa|1\n|-boost|p2a: Volcarona|spd|1\n|-boost|p2a: Volcarona|spe|1\n|\n|-weather|RainDance|[upkeep]\n|upkeep\n|turn|2\n|inactive|Time left: 300 sec this turn | 300 sec total\n|\n|t:|1783573957\n|move|p2a: Volcarona|Quiver Dance|p2a: Volcarona\n|-boost|p2a: Volcarona|spa|1\n|-boost|p2a: Volcarona|spd|1\n|-boost|p2a: Volcarona|spe|1\n|move|p1a: Kyogre|Water Spout|p2a: Volcarona\n|-supereffective|p2a: Volcarona\n|-damage|p2a: Volcarona|39/257\n|\n|-weather|RainDance|[upkeep]\n|upkeep\n|turn|3\n|inactive|Time left: 300 sec this turn | 300 sec total\n|\n|t:|1783573958\n|switch|p1a: Snorlax|Snorlax, L82, M|100/100\n|move|p2a: Volcarona|Giga Drain|p1a: Snorlax\n|-damage|p1a: Snorlax|75/100\n|-heal|p2a: Volcarona|89/257|[from] drain|[of] p1a: Snorlax\n|\n|-weather|RainDance|[upkeep]\n|-heal|p1a: Snorlax|81/100|[from] item: Leftovers\n|upkeep\n|turn|4\n|inactive|Time left: 300 sec this turn | 300 sec total\n|\n|t:|1783573959\n|-terastallize|p1a: Snorlax|Poison\n|move|p2a: Volcarona|Giga Drain|p1a: Snorlax\n|-resisted|p1a: Snorlax\n|-damage|p1a: Snorlax|68/100\n|-heal|p2a: Volcarona|116/257|[from] drain|[of] p1a: Snorlax\n|move|p1a: Snorlax|Body Slam|p2a: Volcarona\n|-damage|p2a: Volcarona|0 fnt\n|faint|p2a: Volcarona\n|\n|-weather|RainDance|[upkeep]\n|-heal|p1a: Snorlax|74/100|[from] item: Leftovers\n|upkeep\n|inactive|Time left: 300 sec this turn | 300 sec total | 5 sec grace\n|\n|t:|1783573960\n|switch|p2a: Falinks|Falinks, L84|246/246\n|turn|5\n|inactive|Time left: 300 sec this turn | 300 sec total\n|\n|t:|1783573961\n|move|p2a: Falinks|No Retreat|p2a: Falinks\n|-boost|p2a: Falinks|atk|1\n|-boost|p2a: Falinks|def|1\n|-boost|p2a: Falinks|spa|1\n|-boost|p2a: Falinks|spd|1\n|-boost|p2a: Falinks|spe|1\n|-start|p2a: Falinks|move: No Retreat\n|move|p1a: Snorlax|Body Slam|p2a: Falinks\n|-damage|p2a: Falinks|191/246\n|\n|-weather|none\n|-heal|p1a: Snorlax|80/100|[from] item: Leftovers\n|upkeep\n|turn|6\n|inactive|Time left: 300 sec this turn | 300 sec total\n|\n|t:|1783573962\n|switch|p1a: Iron Hands|Iron Hands, L79|100/100\n|move|p2a: Falinks|Knock Off|p1a: Iron Hands\n|-resisted|p1a: Iron Hands\n|-damage|p1a: Iron Hands|83/100\n|-enditem|p1a: Iron Hands|Leftovers|[from] move: Knock Off|[of] p2a: Falinks\n|-damage|p2a: Falinks|167/246|[from] item: Life Orb\n|\n|upkeep\n|turn|7\n|inactive|Time left: 300 sec this turn | 300 sec total\n|\n|t:|1783573963\n|move|p2a: Falinks|Close Combat|p1a: Iron Hands\n|-damage|p1a: Iron Hands|19/100\n|-unboost|p2a: Falinks|def|1\n|-unboost|p2a: Falinks|spd|1\n|-damage|p2a: Falinks|143/246|[from] item: Life Orb\n|move|p1a: Iron Hands|Drain Punch|p2a: Falinks\n|-damage|p2a: Falinks|58/246\n|-heal|p1a: Iron Hands|31/100|[from] drain|[of] p2a: Falinks\n|\n|upkeep\n|turn|8\n|inactive|Time left: 300 sec this turn | 300 sec total\n|\n|t:|1783573964\n|move|p2a: Falinks|Close Combat|p1a: Iron Hands\n|-damage|p1a: Iron Hands|0 fnt\n|-unboost|p2a: Falinks|def|1\n|-unboost|p2a: Falinks|spd|1\n|faint|p1a: Iron Hands\n|-end|p1a: Iron Hands|Quark Drive|[silent]\n|-damage|p2a: Falinks|34/246|[from] item: Life Orb\n|\n|upkeep\n|\n|t:|1783573965\n|switch|p1a: Abomasnow|Abomasnow, L84, F|100/100\n|-weather|Snowscape|[from] ability: Snow Warning|[of] p1a: Abomasnow\n|turn|9\n|inactive|Time left: 300 sec this turn | 300 sec total\n|\n|t:|1783573965\n|move|p1a: Abomasnow|Ice Shard|p2a: Falinks\n|-damage|p2a: Falinks|0 fnt\n|faint|p2a: Falinks\n|\n|-weather|Snowscape|[upkeep]\n|upkeep\n|inactive|Time left: 300 sec this turn | 300 sec total | 5 sec grace\n|\n|t:|1783573966\n|switch|p2a: Mudsdale|Mudsdale, L83, F|302/302\n|turn|10\n|inactive|Time left: 300 sec this turn | 300 sec total\n|\n|t:|1783573967\n|move|p1a: Abomasnow|Aurora Veil|p1a: Abomasnow\n|-sidestart|p1: p0x29498302|move: Aurora Veil\n|move|p2a: Mudsdale|Heavy Slam|p1a: Abomasnow\n|-supereffective|p1a: Abomasnow\n|-damage|p1a: Abomasnow|73/100\n|\n|-weather|Snowscape|[upkeep]\n|upkeep\n|turn|11\n|inactive|Time left: 300 sec this turn | 300 sec total\n|\n|t:|1783573969\n|move|p1a: Abomasnow|Blizzard|p2a: Mudsdale\n|-supereffective|p2a: Mudsdale\n|-damage|p2a: Mudsdale|68/302\n|-ability|p2a: Mudsdale|Stamina|boost\n|-boost|p2a: Mudsdale|def|1\n|move|p2a: Mudsdale|Stealth Rock|p1a: Abomasnow\n|-sidestart|p1: p0x29498302|move: Stealth Rock\n|\n|-weather|Snowscape|[upkeep]\n|-heal|p2a: Mudsdale|86/302|[from] item: Leftovers\n|upkeep\n|turn|12\n|inactive|Time left: 300 sec this turn | 300 sec total\n|\n|t:|1783573970\n|move|p1a: Abomasnow|Blizzard|p2a: Mudsdale\n|-supereffective|p2a: Mudsdale\n|-damage|p2a: Mudsdale|0 fnt\n|faint|p2a: Mudsdale\n|\n|-weather|Snowscape|[upkeep]\n|upkeep\n|inactive|Time left: 300 sec this turn | 300 sec total | 5 sec grace\n|\n|t:|1783573970\n|switch|p2a: Regigigas|Regigigas, L84|322/322\n|-start|p2a: Regigigas|ability: Slow Start\n|turn|13\n|inactive|Time left: 300 sec this turn | 300 sec total\n|\n|t:|1783573971\n|move|p1a: Abomasnow|Blizzard|p2a: Regigigas\n|-damage|p2a: Regigigas|234/322\n|move|p2a: Regigigas|Substitute|p2a: Regigigas\n|-start|p2a: Regigigas|Substitute\n|-damage|p2a: Regigigas|154/322\n|\n|-weather|none\n|-heal|p2a: Regigigas|174/322|[from] item: Leftovers\n|upkeep\n|turn|14\n|inactive|Time left: 300 sec this turn | 300 sec total\n|\n|t:|1783573972\n|move|p1a: Abomasnow|Blizzard|p2a: Regigigas|[miss]\n|-miss|p1a: Abomasnow|p2a: Regigigas\n|move|p2a: Regigigas|Body Slam|p1a: Abomasnow\n|-damage|p1a: Abomasnow|61/100\n|\n|-heal|p2a: Regigigas|194/322|[from] item: Leftovers\n|upkeep\n|turn|15\n|inactive|Time left: 300 sec this turn | 300 sec total\n|\n|t:|1783573973\n|move|p1a: Abomasnow|Blizzard|p2a: Regigigas|[miss]\n|-miss|p1a: Abomasnow|p2a: Regigigas\n|move|p2a: Regigigas|Knock Off|p1a: Abomasnow\n|-damage|p1a: Abomasnow|50/100\n|-enditem|p1a: Abomasnow|Light Clay|[from] move: Knock Off|[of] p2a: Regigigas\n|\n|-heal|p2a: Regigigas|214/322|[from] item: Leftovers\n|upkeep\n|turn|16\n|inactive|Time left: 300 sec this turn | 300 sec total\n|\n|t:|1783573974\n|move|p1a: Abomasnow|Blizzard|p2a: Regigigas\n|-end|p2a: Regigigas|Substitute\n|move|p2a: Regigigas|Body Slam|p1a: Abomasnow\n|-damage|p1a: Abomasnow|37/100\n|\n|-heal|p2a: Regigigas|234/322|[from] item: Leftovers\n|upkeep\n|turn|17\n|inactive|Time left: 300 sec this turn | 300 sec total\n|\n|t:|1783573975\n|move|p1a: Abomasnow|Wood Hammer|p2a: Regigigas\n|-damage|p2a: Regigigas|131/322\n|-damage|p1a: Abomasnow|25/100|[from] Recoil\n|move|p2a: Regigigas|Body Slam|p1a: Abomasnow\n|-damage|p1a: Abomasnow|10/100\n|\n|-heal|p2a: Regigigas|151/322|[from] item: Leftovers\n|-sideend|p1: p0x29498302|move: Aurora Veil\n|-end|p2a: Regigigas|Slow Start\n|upkeep\n|turn|18\n|inactive|Time left: 300 sec this turn | 300 sec total\n|\n|t:|1783573976\n|move|p1a: Abomasnow|Ice Shard|p2a: Regigigas\n|-damage|p2a: Regigigas|118/322\n|move|p2a: Regigigas|Knock Off|p1a: Abomasnow\n|-damage|p1a: Abomasnow|0 fnt\n|faint|p1a: Abomasnow\n|\n|-heal|p2a: Regigigas|138/322|[from] item: Leftovers\n|upkeep\n|\n|t:|1783573977\n|switch|p1a: Kyogre|Kyogre, L71|100/100\n|-damage|p1a: Kyogre|88/100|[from] Stealth Rock\n|-weather|RainDance|[from] ability: Drizzle|[of] p1a: Kyogre\n|turn|19\n|inactive|Time left: 300 sec this turn | 300 sec total\n|\n|t:|1783573978\n|move|p2a: Regigigas|Protect|p2a: Regigigas\n|-singleturn|p2a: Regigigas|Protect\n|move|p1a: Kyogre|Water Spout|p2a: Regigigas\n|-activate|p2a: Regigigas|move: Protect\n|\n|-weather|RainDance|[upkeep]\n|-heal|p2a: Regigigas|158/322|[from] item: Leftovers\n|upkeep\n|turn|20\n|inactive|Time left: 300 sec this turn | 300 sec total\n|\n|t:|1783573979\n|move|p2a: Regigigas|Protect||[still]\n|-fail|p2a: Regigigas\n|move|p1a: Kyogre|Water Spout|p2a: Regigigas\n|-damage|p2a: Regigigas|0 fnt\n|faint|p2a: Regigigas\n|-end|p2a: Regigigas|Slow Start|[silent]\n|\n|-weather|RainDance|[upkeep]\n|upkeep\n|inactive|Time left: 300 sec this turn | 300 sec total | 5 sec grace\n|\n|t:|1783573980\n|switch|p2a: Carbink|Carbink, L90|236/236\n|turn|21\n|inactive|Time left: 300 sec this turn | 300 sec total\n|\n|t:|1783573980\n|-terastallize|p2a: Carbink|Fighting\n|move|p1a: Kyogre|Water Spout|p2a: Carbink\n|-damage|p2a: Carbink|109/236\n|move|p2a: Carbink|Body Press|p1a: Kyogre\n|-damage|p1a: Kyogre|23/100\n|\n|-weather|RainDance|[upkeep]\n|upkeep\n|turn|22\n|inactive|Time left: 300 sec this turn | 300 sec total\n|\n|t:|1783573981\n|switch|p1a: Venusaur|Venusaur, L84, M|100/100\n|-damage|p1a: Venusaur|88/100|[from] Stealth Rock\n|move|p2a: Carbink|Iron Defense|p2a: Carbink\n|-boost|p2a: Carbink|def|2\n|\n|-weather|RainDance|[upkeep]\n|-heal|p1a: Venusaur|94/100|[from] item: Leftovers\n|upkeep\n|turn|23\n|inactive|Time left: 300 sec this turn | 300 sec total\n|\n|t:|1783573982\n|move|p1a: Venusaur|Sludge Bomb|p2a: Carbink\n|-damage|p2a: Carbink|51/236\n|move|p2a: Carbink|Rest|p2a: Carbink\n|-status|p2a: Carbink|slp|[from] move: Rest\n|-heal|p2a: Carbink|236/236 slp|[silent]\n|-enditem|p2a: Carbink|Chesto Berry|[eat]\n|-curestatus|p2a: Carbink|slp|[msg]\n|\n|-weather|none\n|-heal|p1a: Venusaur|100/100|[from] item: Leftovers\n|upkeep\n|turn|24\n|inactive|Time left: 300 sec this turn | 300 sec total\n|\n|t:|1783573983\n|move|p1a: Venusaur|Sludge Bomb|p2a: Carbink\n|-damage|p2a: Carbink|172/236\n|move|p2a: Carbink|Body Press|p1a: Venusaur\n|-resisted|p1a: Venusaur\n|-damage|p1a: Venusaur|45/100\n|\n|-heal|p1a: Venusaur|51/100|[from] item: Leftovers\n|upkeep\n|turn|25\n|inactive|Time left: 300 sec this turn | 300 sec total\n|\n|t:|1783573985\n|move|p1a: Venusaur|Synthesis|p1a: Venusaur\n|-heal|p1a: Venusaur|100/100\n|move|p2a: Carbink|Body Press|p1a: Venusaur\n|-resisted|p1a: Venusaur\n|-damage|p1a: Venusaur|49/100\n|\n|-heal|p1a: Venusaur|56/100|[from] item: Leftovers\n|upkeep\n|turn|26\n|inactive|Time left: 300 sec this turn | 300 sec total\n|\n|t:|1783573986\n|move|p1a: Venusaur|Synthesis|p1a: Venusaur\n|-heal|p1a: Venusaur|100/100\n|move|p2a: Carbink|Body Press|p1a: Venusaur\n|-resisted|p1a: Venusaur\n|-damage|p1a: Venusaur|45/100\n|\n|-heal|p1a: Venusaur|52/100|[from] item: Leftovers\n|upkeep\n|turn|27\n|inactive|Time left: 300 sec this turn | 300 sec total\n|\n|t:|1783573987\n|move|p1a: Venusaur|Synthesis|p1a: Venusaur\n|-heal|p1a: Venusaur|100/100\n|move|p2a: Carbink|Body Press|p1a: Venusaur\n|-resisted|p1a: Venusaur\n|-damage|p1a: Venusaur|49/100\n|\n|-heal|p1a: Venusaur|55/100|[from] item: Leftovers\n|upkeep\n|turn|28\n|inactive|Time left: 300 sec this turn | 300 sec total\n|\n|t:|1783573988\n|move|p1a: Venusaur|Synthesis|p1a: Venusaur\n|-heal|p1a: Venusaur|100/100\n|move|p2a: Carbink|Body Press|p1a: Venusaur\n|-resisted|p1a: Venusaur\n|-damage|p1a: Venusaur|50/100\n|\n|-heal|p1a: Venusaur|56/100|[from] item: Leftovers\n|upkeep\n|turn|29\n|inactive|Time left: 300 sec this turn | 300 sec total\n|\n|t:|1783573989\n|move|p1a: Venusaur|Synthesis|p1a: Venusaur\n|-heal|p1a: Venusaur|100/100\n|move|p2a: Carbink|Body Press|p1a: Venusaur\n|-resisted|p1a: Venusaur\n|-damage|p1a: Venusaur|45/100\n|\n|-heal|p1a: Venusaur|52/100|[from] item: Leftovers\n|upkeep\n|turn|30\n|inactive|Time left: 300 sec this turn | 300 sec total\n|\n|t:|1783573990\n|move|p1a: Venusaur|Synthesis|p1a: Venusaur\n|-heal|p1a: Venusaur|100/100\n|move|p2a: Carbink|Body Press|p1a: Venusaur\n|-resisted|p1a: Venusaur\n|-damage|p1a: Venusaur|45/100\n|\n|-heal|p1a: Venusaur|51/100|[from] item: Leftovers\n|upkeep\n|turn|31\n|inactive|Time left: 300 sec this turn | 300 sec total\n|\n|t:|1783573991\n|move|p1a: Venusaur|Synthesis|p1a: Venusaur\n|-heal|p1a: Venusaur|100/100\n|move|p2a: Carbink|Body Press|p1a: Venusaur\n|-resisted|p1a: Venusaur\n|-damage|p1a: Venusaur|43/100\n|\n|-heal|p1a: Venusaur|49/100|[from] item: Leftovers\n|upkeep\n|turn|32\n|inactive|Time left: 300 sec this turn | 300 sec total\n|\n|t:|1783573992\n|move|p1a: Venusaur|Sludge Bomb|p2a: Carbink\n|-damage|p2a: Carbink|112/236\n|-status|p2a: Carbink|psn\n|move|p2a: Carbink|Body Press|p1a: Venusaur\n|-resisted|p1a: Venusaur\n|-damage|p1a: Venusaur|0 fnt\n|faint|p1a: Venusaur\n|\n|-damage|p2a: Carbink|83/236 psn|[from] psn\n|upkeep\n|\n|t:|1783573993\n|switch|p1a: Kyogre|Kyogre, L71|23/100\n|-damage|p1a: Kyogre|11/100|[from] Stealth Rock\n|-weather|RainDance|[from] ability: Drizzle|[of] p1a: Kyogre\n|turn|33\n|inactive|Time left: 300 sec this turn | 300 sec total\n|\n|t:|1783573994\n|move|p1a: Kyogre|Origin Pulse|p2a: Carbink|[miss]\n|-miss|p1a: Kyogre|p2a: Carbink\n|move|p2a: Carbink|Rest|p2a: Carbink\n|-status|p2a: Carbink|slp|[from] move: Rest\n|-heal|p2a: Carbink|236/236 slp|[silent]\n|\n|-weather|RainDance|[upkeep]\n|upkeep\n|turn|34\n|inactive|Time left: 300 sec this turn | 300 sec total\n|\n|t:|1783573994\n|switch|p2a: Palafin|Palafin, L77, M|281/281\n|move|p1a: Kyogre|Origin Pulse|p2a: Palafin|[miss]\n|-miss|p1a: Kyogre|p2a: Palafin\n|\n|-weather|RainDance|[upkeep]\n|upkeep\n|turn|35\n|inactive|Time left: 300 sec this turn | 300 sec total\n|\n|t:|1783573995\n|move|p1a: Kyogre|Origin Pulse|p2a: Palafin\n|-resisted|p2a: Palafin\n|-damage|p2a: Palafin|161/281\n|move|p2a: Palafin|Bulk Up|p2a: Palafin\n|-boost|p2a: Palafin|atk|1\n|-boost|p2a: Palafin|def|1\n|\n|-weather|RainDance|[upkeep]\n|-heal|p2a: Palafin|178/281|[from] item: Leftovers\n|upkeep\n|turn|36\n|inactive|Time left: 300 sec this turn | 300 sec total\n|\n|t:|1783573996\n|move|p2a: Palafin|Jet Punch|p1a: Kyogre\n|-resisted|p1a: Kyogre\n|-damage|p1a: Kyogre|0 fnt\n|faint|p1a: Kyogre\n|\n|-weather|RainDance|[upkeep]\n|-heal|p2a: Palafin|195/281|[from] item: Leftovers\n|upkeep\n|\n|t:|1783573997\n|switch|p1a: Snorlax|Snorlax, L82, M, tera:Poison|80/100\n|-damage|p1a: Snorlax|68/100|[from] Stealth Rock\n|turn|37\n|inactive|Time left: 300 sec this turn | 300 sec total\n|\n|t:|1783573998\n|move|p2a: Palafin|Bulk Up|p2a: Palafin\n|-boost|p2a: Palafin|atk|1\n|-boost|p2a: Palafin|def|1\n|move|p1a: Snorlax|Body Slam|p2a: Palafin\n|-damage|p2a: Palafin|135/281\n|-status|p2a: Palafin|par\n|\n|-weather|none\n|-heal|p2a: Palafin|152/281 par|[from] item: Leftovers\n|-heal|p1a: Snorlax|74/100|[from] item: Leftovers\n|upkeep\n|turn|38\n|inactive|Time left: 300 sec this turn | 300 sec total\n|\n|t:|1783573999\n|move|p2a: Palafin|Bulk Up|p2a: Palafin\n|-boost|p2a: Palafin|atk|1\n|-boost|p2a: Palafin|def|1\n|move|p1a: Snorlax|Curse|p1a: Snorlax\n|-unboost|p1a: Snorlax|spe|1\n|-boost|p1a: Snorlax|atk|1\n|-boost|p1a: Snorlax|def|1\n|\n|-heal|p2a: Palafin|169/281 par|[from] item: Leftovers\n|-heal|p1a: Snorlax|80/100|[from] item: Leftovers\n|upkeep\n|turn|39\n|inactive|Time left: 300 sec this turn | 300 sec total\n|\n|t:|1783574000\n|move|p2a: Palafin|Bulk Up|p2a: Palafin\n|-boost|p2a: Palafin|atk|1\n|-boost|p2a: Palafin|def|1\n|move|p1a: Snorlax|Body Slam|p2a: Palafin\n|-damage|p2a: Palafin|109/281 par\n|\n|-heal|p2a: Palafin|126/281 par|[from] item: Leftovers\n|-heal|p1a: Snorlax|86/100|[from] item: Leftovers\n|upkeep\n|turn|40\n|inactive|Time left: 300 sec this turn | 300 sec total\n|\n|t:|1783574001\n|cant|p2a: Palafin|par\n|move|p1a: Snorlax|Body Slam|p2a: Palafin\n|-damage|p2a: Palafin|66/281 par\n|\n|-heal|p2a: Palafin|83/281 par|[from] item: Leftovers\n|-heal|p1a: Snorlax|92/100|[from] item: Leftovers\n|upkeep\n|turn|41\n|inactive|Time left: 300 sec this turn | 300 sec total\n|\n|t:|1783574002\n|move|p2a: Palafin|Drain Punch|p1a: Snorlax\n|-resisted|p1a: Snorlax\n|-damage|p1a: Snorlax|81/100\n|-heal|p2a: Palafin|104/281 par|[from] drain|[of] p1a: Snorlax\n|move|p1a: Snorlax|Body Slam|p2a: Palafin\n|-damage|p2a: Palafin|43/281 par\n|\n|-heal|p2a: Palafin|60/281 par|[from] item: Leftovers\n|-heal|p1a: Snorlax|87/100|[from] item: Leftovers\n|upkeep\n|turn|42\n|inactive|Time left: 300 sec this turn | 300 sec total\n|\n|t:|1783574003\n|move|p2a: Palafin|Bulk Up|p2a: Palafin\n|-boost|p2a: Palafin|atk|1\n|-boost|p2a: Palafin|def|1\n|move|p1a: Snorlax|Body Slam|p2a: Palafin\n|-damage|p2a: Palafin|12/281 par\n|\n|-heal|p2a: Palafin|29/281 par|[from] item: Leftovers\n|-heal|p1a: Snorlax|93/100|[from] item: Leftovers\n|upkeep\n|turn|43\n|inactive|Time left: 300 sec this turn | 300 sec total\n|\n|t:|1783574004\n|move|p2a: Palafin|Drain Punch|p1a: Snorlax\n|-resisted|p1a: Snorlax\n|-damage|p1a: Snorlax|80/100\n|-heal|p2a: Palafin|56/281 par|[from] drain|[of] p1a: Snorlax\n|move|p1a: Snorlax|Body Slam|p2a: Palafin\n|-damage|p2a: Palafin|2/281 par\n|\n|-heal|p2a: Palafin|19/281 par|[from] item: Leftovers\n|-heal|p1a: Snorlax|86/100|[from] item: Leftovers\n|upkeep\n|turn|44\n|inactive|Time left: 300 sec this turn | 300 sec total\n|\n|t:|1783574005\n|move|p2a: Palafin|Ice Punch|p1a: Snorlax\n|-damage|p1a: Snorlax|74/100\n|-status|p1a: Snorlax|frz\n|cant|p1a: Snorlax|frz\n|\n|-heal|p2a: Palafin|36/281 par|[from] item: Leftovers\n|-heal|p1a: Snorlax|80/100 frz|[from] item: Leftovers\n|upkeep\n|turn|45\n|inactive|Time left: 300 sec this turn | 300 sec total\n|\n|t:|1783574006\n|cant|p2a: Palafin|par\n|cant|p1a: Snorlax|frz\n|\n|-heal|p2a: Palafin|53/281 par|[from] item: Leftovers\n|-heal|p1a: Snorlax|86/100 frz|[from] item: Leftovers\n|upkeep\n|turn|46\n|inactive|Time left: 300 sec this turn | 300 sec total\n|\n|t:|1783574007\n|move|p2a: Palafin|Jet Punch|p1a: Snorlax\n|-damage|p1a: Snorlax|53/100 frz\n|-curestatus|p1a: Snorlax|frz|[msg]\n|move|p1a: Snorlax|Body Slam|p2a: Palafin\n|-damage|p2a: Palafin|5/281 par\n|\n|-heal|p2a: Palafin|22/281 par|[from] item: Leftovers\n|-heal|p1a: Snorlax|59/100|[from] item: Leftovers\n|upkeep\n|turn|47\n|inactive|Time left: 300 sec this turn | 300 sec total\n|\n|t:|1783574008\n|cant|p2a: Palafin|par\n|move|p1a: Snorlax|Body Slam|p2a: Palafin\n|-damage|p2a: Palafin|0 fnt\n|faint|p2a: Palafin\n|\n|-heal|p1a: Snorlax|65/100|[from] item: Leftovers\n|upkeep\n|inactive|Time left: 300 sec this turn | 300 sec total | 5 sec grace\n|\n|t:|1783574009\n|switch|p2a: Carbink|Carbink, L90, tera:Fighting|236/236 slp\n|turn|48\n|inactive|Time left: 300 sec this turn | 300 sec total\n|\n|t:|1783574010\n|cant|p2a: Carbink|slp\n|move|p1a: Snorlax|Body Slam|p2a: Carbink\n|-damage|p2a: Carbink|152/236 slp\n|\n|-heal|p1a: Snorlax|71/100|[from] item: Leftovers\n|upkeep\n|turn|49\n|inactive|Time left: 300 sec this turn | 300 sec total\n|\n|t:|1783574011\n|cant|p2a: Carbink|slp\n|move|p1a: Snorlax|Body Slam|p2a: Carbink\n|-damage|p2a: Carbink|71/236 slp\n|\n|-heal|p1a: Snorlax|77/100|[from] item: Leftovers\n|upkeep\n|turn|50\n|inactive|Time left: 300 sec this turn | 300 sec total\n|\n|t:|1783574012\n|-curestatus|p2a: Carbink|slp|[msg]\n|move|p2a: Carbink|Iron Defense|p2a: Carbink\n|-boost|p2a: Carbink|def|2\n|move|p1a: Snorlax|Body Slam|p2a: Carbink\n|-damage|p2a: Carbink|25/236\n|\n|-heal|p1a: Snorlax|83/100|[from] item: Leftovers\n|upkeep\n|turn|51\n|inactive|Time left: 300 sec this turn | 300 sec total\n|\n|t:|1783574013\n|move|p2a: Carbink|Rest|p2a: Carbink\n|-status|p2a: Carbink|slp|[from] move: Rest\n|-heal|p2a: Carbink|236/236 slp|[silent]\n|move|p1a: Snorlax|Curse|p1a: Snorlax\n|-unboost|p1a: Snorlax|spe|1\n|-boost|p1a: Snorlax|atk|1\n|-boost|p1a: Snorlax|def|1\n|\n|-heal|p1a: Snorlax|89/100|[from] item: Leftovers\n|upkeep\n|turn|52\n|inactive|Time left: 300 sec this turn | 300 sec total\n|\n|t:|1783574014\n|cant|p2a: Carbink|slp\n|move|p1a: Snorlax|Curse|p1a: Snorlax\n|-unboost|p1a: Snorlax|spe|1\n|-boost|p1a: Snorlax|atk|1\n|-boost|p1a: Snorlax|def|1\n|\n|-heal|p1a: Snorlax|95/100|[from] item: Leftovers\n|upkeep\n|turn|53\n|inactive|Time left: 300 sec this turn | 300 sec total\n|\n|t:|1783574015\n|cant|p2a: Carbink|slp\n|move|p1a: Snorlax|Body Slam|p2a: Carbink\n|-damage|p2a: Carbink|169/236 slp\n|\n|-heal|p1a: Snorlax|100/100|[from] item: Leftovers\n|upkeep\n|turn|54\n|inactive|Time left: 300 sec this turn | 300 sec total\n|\n|t:|1783574016\n|-curestatus|p2a: Carbink|slp|[msg]\n|move|p2a: Carbink|Iron Defense|p2a: Carbink\n|-boost|p2a: Carbink|def|2\n|move|p1a: Snorlax|Body Slam|p2a: Carbink\n|-damage|p2a: Carbink|118/236\n|\n|upkeep\n|turn|55\n|inactive|Time left: 300 sec this turn | 300 sec total\n|\n|t:|1783574017\n|move|p2a: Carbink|Rest|p2a: Carbink\n|-status|p2a: Carbink|slp|[from] move: Rest\n|-heal|p2a: Carbink|236/236 slp|[silent]\n|move|p1a: Snorlax|Body Slam|p2a: Carbink\n|-damage|p2a: Carbink|191/236 slp\n|\n|upkeep\n|turn|56\n|inactive|Time left: 300 sec this turn | 300 sec total\n|\n|t:|1783574018\n|cant|p2a: Carbink|slp\n|move|p1a: Snorlax|Body Slam|p2a: Carbink\n|-damage|p2a: Carbink|139/236 slp\n|\n|upkeep\n|turn|57\n|inactive|Time left: 300 sec this turn | 300 sec total\n|\n|t:|1783574019\n|cant|p2a: Carbink|slp\n|move|p1a: Snorlax|Body Slam|p2a: Carbink\n|-damage|p2a: Carbink|88/236 slp\n|\n|upkeep\n|turn|58\n|inactive|Time left: 300 sec this turn | 300 sec total\n|\n|t:|1783574020\n|-curestatus|p2a: Carbink|slp|[msg]\n|move|p2a: Carbink|Rest|p2a: Carbink\n|-status|p2a: Carbink|slp|[from] move: Rest\n|-heal|p2a: Carbink|236/236 slp|[silent]\n|move|p1a: Snorlax|Body Slam|p2a: Carbink\n|-damage|p2a: Carbink|187/236 slp\n|\n|upkeep\n|turn|59\n|inactive|Time left: 300 sec this turn | 300 sec total\n|\n|t:|1783574020\n|cant|p2a: Carbink|slp\n|move|p1a: Snorlax|Body Slam|p2a: Carbink\n|-damage|p2a: Carbink|139/236 slp\n|\n|upkeep\n|turn|60\n|inactive|Time left: 300 sec this turn | 300 sec total\n|\n|t:|1783574021\n|cant|p2a: Carbink|slp\n|move|p1a: Snorlax|Body Slam|p2a: Carbink\n|-damage|p2a: Carbink|90/236 slp\n|\n|upkeep\n|turn|61\n|inactive|Time left: 300 sec this turn | 300 sec total\n|\n|t:|1783574022\n|-curestatus|p2a: Carbink|slp|[msg]\n|move|p2a: Carbink|Rest|p2a: Carbink\n|-status|p2a: Carbink|slp|[from] move: Rest\n|-heal|p2a: Carbink|236/236 slp|[silent]\n|move|p1a: Snorlax|Body Slam|p2a: Carbink\n|-damage|p2a: Carbink|187/236 slp\n|\n|upkeep\n|turn|62\n|inactive|Time left: 300 sec this turn | 300 sec total\n|\n|t:|1783574023\n|cant|p2a: Carbink|slp\n|move|p1a: Snorlax|Body Slam|p2a: Carbink\n|-damage|p2a: Carbink|142/236 slp\n|\n|upkeep\n|turn|63\n|inactive|Time left: 300 sec this turn | 300 sec total\n|\n|t:|1783574024\n|cant|p2a: Carbink|slp\n|move|p1a: Snorlax|Curse|p1a: Snorlax\n|-unboost|p1a: Snorlax|spe|1\n|-boost|p1a: Snorlax|atk|1\n|-boost|p1a: Snorlax|def|1\n|\n|upkeep\n|turn|64\n|inactive|Time left: 300 sec this turn | 300 sec total\n|\n|t:|1783574024\n|-curestatus|p2a: Carbink|slp|[msg]\n|move|p2a: Carbink|Iron Defense|p2a: Carbink\n|-boost|p2a: Carbink|def|2\n|move|p1a: Snorlax|Body Slam|p2a: Carbink\n|-damage|p2a: Carbink|97/236\n|\n|upkeep\n|turn|65\n|inactive|Time left: 300 sec this turn | 300 sec total\n|\n|t:|1783574025\n|move|p2a: Carbink|Rest|p2a: Carbink\n|-status|p2a: Carbink|slp|[from] move: Rest\n|-heal|p2a: Carbink|236/236 slp|[silent]\n|move|p1a: Snorlax|Sleep Talk||[still]\n|-fail|p1a: Snorlax\n|\n|upkeep\n|turn|66\n|inactive|Time left: 300 sec this turn | 300 sec total\n|\n|t:|1783574026\n|cant|p2a: Carbink|slp\n|move|p1a: Snorlax|Rest|p1a: Snorlax\n|-fail|p1a: Snorlax|heal\n|\n|upkeep\n|turn|67\n|inactive|Time left: 300 sec this turn | 300 sec total\n|\n|t:|1783574027\n|cant|p2a: Carbink|slp\n|move|p1a: Snorlax|Curse|p1a: Snorlax\n|-unboost|p1a: Snorlax|spe|1\n|-boost|p1a: Snorlax|atk|1\n|-boost|p1a: Snorlax|def|1\n|\n|upkeep\n|turn|68\n|inactive|Time left: 300 sec this turn | 300 sec total\n|\n|t:|1783574028\n|-curestatus|p2a: Carbink|slp|[msg]\n|move|p2a: Carbink|Moonblast|p1a: Snorlax\n|-resisted|p1a: Snorlax\n|-damage|p1a: Snorlax|93/100\n|move|p1a: Snorlax|Sleep Talk||[still]\n|-fail|p1a: Snorlax\n|\n|-heal|p1a: Snorlax|99/100|[from] item: Leftovers\n|upkeep\n|turn|69\n|inactive|Time left: 300 sec this turn | 300 sec total\n|\n|t:|1783574029\n|move|p2a: Carbink|Body Press|p1a: Snorlax\n|-resisted|p1a: Snorlax\n|-damage|p1a: Snorlax|74/100\n|move|p1a: Snorlax|Curse|p1a: Snorlax\n|-unboost|p1a: Snorlax|spe|1\n|-boost|p1a: Snorlax|atk|1\n|-boost|p1a: Snorlax|def|1\n|\n|-heal|p1a: Snorlax|80/100|[from] item: Leftovers\n|upkeep\n|turn|70\n|inactive|Time left: 300 sec this turn | 300 sec total\n|\n|t:|1783574030\n|move|p2a: Carbink|Moonblast|p1a: Snorlax\n|-resisted|p1a: Snorlax\n|-damage|p1a: Snorlax|72/100\n|move|p1a: Snorlax|Rest|p1a: Snorlax\n|-status|p1a: Snorlax|slp|[from] move: Rest\n|-heal|p1a: Snorlax|100/100 slp|[silent]\n|\n|upkeep\n|turn|71\n|inactive|Time left: 300 sec this turn | 300 sec total\n|\n|t:|1783574030\n|move|p2a: Carbink|Body Press|p1a: Snorlax\n|-resisted|p1a: Snorlax\n|-damage|p1a: Snorlax|78/100 slp\n|cant|p1a: Snorlax|slp\n|move|p1a: Snorlax|Sleep Talk|p1a: Snorlax\n|move|p1a: Snorlax|Rest||[from] move: Sleep Talk|[still]\n|-fail|p1a: Snorlax\n|\n|-heal|p1a: Snorlax|84/100 slp|[from] item: Leftovers\n|upkeep\n|turn|72\n|inactive|Time left: 300 sec this turn | 300 sec total\n|\n|t:|1783574031\n|move|p2a: Carbink|Moonblast|p1a: Snorlax\n|-resisted|p1a: Snorlax\n|-damage|p1a: Snorlax|77/100 slp\n|cant|p1a: Snorlax|slp\n|move|p1a: Snorlax|Sleep Talk|p1a: Snorlax\n|move|p1a: Snorlax|Rest||[from] move: Sleep Talk|[still]\n|-fail|p1a: Snorlax\n|\n|-heal|p1a: Snorlax|83/100 slp|[from] item: Leftovers\n|upkeep\n|turn|73\n|inactive|Time left: 300 sec this turn | 300 sec total\n|\n|t:|1783574032\n|move|p2a: Carbink|Moonblast|p1a: Snorlax\n|-resisted|p1a: Snorlax\n|-damage|p1a: Snorlax|75/100 slp\n|-curestatus|p1a: Snorlax|slp|[msg]\n|move|p1a: Snorlax|Rest|p1a: Snorlax\n|-status|p1a: Snorlax|slp|[from] move: Rest\n|-heal|p1a: Snorlax|100/100 slp|[silent]\n|\n|upkeep\n|turn|74\n|inactive|Time left: 300 sec this turn | 300 sec total\n|\n|t:|1783574033\n|move|p2a: Carbink|Moonblast|p1a: Snorlax\n|-resisted|p1a: Snorlax\n|-damage|p1a: Snorlax|92/100 slp\n|cant|p1a: Snorlax|slp\n|move|p1a: Snorlax|Sleep Talk|p1a: Snorlax\n|move|p1a: Snorlax|Curse|p1a: Snorlax|[from] move: Sleep Talk\n|\n|-heal|p1a: Snorlax|98/100 slp|[from] item: Leftovers\n|upkeep\n|turn|75\n|inactive|Time left: 300 sec this turn | 300 sec total\n|\n|t:|1783574034\n|move|p2a: Carbink|Body Press|p1a: Snorlax\n|-resisted|p1a: Snorlax\n|-damage|p1a: Snorlax|75/100 slp\n|cant|p1a: Snorlax|slp\n|move|p1a: Snorlax|Sleep Talk|p1a: Snorlax\n|move|p1a: Snorlax|Curse|p1a: Snorlax|[from] move: Sleep Talk\n|\n|-heal|p1a: Snorlax|81/100 slp|[from] item: Leftovers\n|upkeep\n|turn|76\n|inactive|Time left: 300 sec this turn | 300 sec total\n|\n|t:|1783574035\n|move|p2a: Carbink|Moonblast|p1a: Snorlax\n|-resisted|p1a: Snorlax\n|-damage|p1a: Snorlax|74/100 slp\n|-curestatus|p1a: Snorlax|slp|[msg]\n|move|p1a: Snorlax|Rest|p1a: Snorlax\n|-status|p1a: Snorlax|slp|[from] move: Rest\n|-heal|p1a: Snorlax|100/100 slp|[silent]\n|\n|upkeep\n|turn|77\n|inactive|Time left: 300 sec this turn | 300 sec total\n|\n|t:|1783574036\n|move|p2a: Carbink|Body Press|p1a: Snorlax\n|-resisted|p1a: Snorlax\n|-damage|p1a: Snorlax|80/100 slp\n|cant|p1a: Snorlax|slp\n|move|p1a: Snorlax|Sleep Talk|p1a: Snorlax\n|move|p1a: Snorlax|Curse|p1a: Snorlax|[from] move: Sleep Talk\n|\n|-heal|p1a: Snorlax|86/100 slp|[from] item: Leftovers\n|upkeep\n|turn|78\n|inactive|Time left: 300 sec this turn | 300 sec total\n|\n|t:|1783574037\n|move|p2a: Carbink|Moonblast|p1a: Snorlax\n|-resisted|p1a: Snorlax\n|-damage|p1a: Snorlax|79/100 slp\n|-unboost|p1a: Snorlax|spa|1\n|cant|p1a: Snorlax|slp\n|move|p1a: Snorlax|Sleep Talk|p1a: Snorlax\n|move|p1a: Snorlax|Body Slam|p2a: Carbink|[from] move: Sleep Talk\n|-damage|p2a: Carbink|176/236\n|\n|-heal|p1a: Snorlax|85/100 slp|[from] item: Leftovers\n|upkeep\n|turn|79\n|inactive|Time left: 300 sec this turn | 300 sec total\n|\n|t:|1783574038\n|move|p2a: Carbink|Rest|p2a: Carbink\n|-status|p2a: Carbink|slp|[from] move: Rest\n|-heal|p2a: Carbink|236/236 slp|[silent]\n|-curestatus|p1a: Snorlax|slp|[msg]\n|move|p1a: Snorlax|Rest|p1a: Snorlax\n|-status|p1a: Snorlax|slp|[from] move: Rest\n|-heal|p1a: Snorlax|100/100 slp|[silent]\n|\n|upkeep\n|turn|80\n|inactive|Time left: 300 sec this turn | 300 sec total\n|\n|t:|1783574039\n|cant|p2a: Carbink|slp\n|cant|p1a: Snorlax|slp\n|move|p1a: Snorlax|Sleep Talk|p1a: Snorlax\n|move|p1a: Snorlax|Body Slam|p2a: Carbink|[from] move: Sleep Talk\n|-damage|p2a: Carbink|176/236 slp\n|\n|upkeep\n|turn|81\n|inactive|Time left: 300 sec this turn | 300 sec total\n|\n|t:|1783574040\n|cant|p2a: Carbink|slp\n|cant|p1a: Snorlax|slp\n|move|p1a: Snorlax|Sleep Talk|p1a: Snorlax\n|move|p1a: Snorlax|Rest||[from] move: Sleep Talk|[still]\n|-fail|p1a: Snorlax\n|\n|upkeep\n|turn|82\n|inactive|Time left: 300 sec this turn | 300 sec total\n|\n|t:|1783574041\n|-curestatus|p2a: Carbink|slp|[msg]\n|move|p2a: Carbink|Moonblast|p1a: Snorlax\n|-resisted|p1a: Snorlax\n|-damage|p1a: Snorlax|92/100 slp\n|-unboost|p1a: Snorlax|spa|1\n|-curestatus|p1a: Snorlax|slp|[msg]\n|move|p1a: Snorlax|Rest|p1a: Snorlax\n|-status|p1a: Snorlax|slp|[from] move: Rest\n|-heal|p1a: Snorlax|100/100 slp|[silent]\n|\n|upkeep\n|turn|83\n|inactive|Time left: 300 sec this turn | 300 sec total\n|\n|t:|1783574042\n|move|p2a: Carbink|Body Press|p1a: Snorlax\n|-resisted|p1a: Snorlax\n|-damage|p1a: Snorlax|77/100 slp\n|cant|p1a: Snorlax|slp\n|move|p1a: Snorlax|Sleep Talk|p1a: Snorlax\n|move|p1a: Snorlax|Curse|p1a: Snorlax|[from] move: Sleep Talk\n|\n|-heal|p1a: Snorlax|83/100 slp|[from] item: Leftovers\n|upkeep\n|turn|84\n|inactive|Time left: 300 sec this turn | 300 sec total\n|\n|t:|1783574043\n|move|p2a: Carbink|Moonblast|p1a: Snorlax\n|-resisted|p1a: Snorlax\n|-damage|p1a: Snorlax|75/100 slp\n|cant|p1a: Snorlax|slp\n|move|p1a: Snorlax|Sleep Talk|p1a: Snorlax\n|move|p1a: Snorlax|Body Slam|p2a: Carbink|[from] move: Sleep Talk\n|-damage|p2a: Carbink|115/236\n|\n|-heal|p1a: Snorlax|81/100 slp|[from] item: Leftovers\n|upkeep\n|turn|85\n|inactive|Time left: 300 sec this turn | 300 sec total\n|\n|t:|1783574044\n|move|p2a: Carbink|Moonblast|p1a: Snorlax\n|-resisted|p1a: Snorlax\n|-damage|p1a: Snorlax|74/100 slp\n|-curestatus|p1a: Snorlax|slp|[msg]\n|move|p1a: Snorlax|Rest|p1a: Snorlax\n|-status|p1a: Snorlax|slp|[from] move: Rest\n|-heal|p1a: Snorlax|100/100 slp|[silent]\n|\n|upkeep\n|turn|86\n|inactive|Time left: 300 sec this turn | 300 sec total\n|\n|t:|1783574045\n|move|p2a: Carbink|Moonblast|p1a: Snorlax\n|-resisted|p1a: Snorlax\n|-damage|p1a: Snorlax|92/100 slp\n|-unboost|p1a: Snorlax|spa|1\n|cant|p1a: Snorlax|slp\n|move|p1a: Snorlax|Sleep Talk|p1a: Snorlax\n|move|p1a: Snorlax|Curse|p1a: Snorlax|[from] move: Sleep Talk\n|\n|-heal|p1a: Snorlax|98/100 slp|[from] item: Leftovers\n|upkeep\n|turn|87\n|inactive|Time left: 300 sec this turn | 300 sec total\n|\n|t:|1783574046\n|move|p2a: Carbink|Moonblast|p1a: Snorlax\n|-resisted|p1a: Snorlax\n|-damage|p1a: Snorlax|90/100 slp\n|cant|p1a: Snorlax|slp\n|move|p1a: Snorlax|Sleep Talk|p1a: Snorlax\n|move|p1a: Snorlax|Rest||[from] move: Sleep Talk|[still]\n|-fail|p1a: Snorlax\n|\n|-heal|p1a: Snorlax|96/100 slp|[from] item: Leftovers\n|upkeep\n|turn|88\n|inactive|Time left: 300 sec this turn | 300 sec total\n|\n|t:|1783574047\n|move|p2a: Carbink|Moonblast|p1a: Snorlax\n|-resisted|p1a: Snorlax\n|-damage|p1a: Snorlax|88/100 slp\n|-curestatus|p1a: Snorlax|slp|[msg]\n|move|p1a: Snorlax|Sleep Talk||[still]\n|-fail|p1a: Snorlax\n|\n|-heal|p1a: Snorlax|94/100|[from] item: Leftovers\n|upkeep\n|turn|89\n|inactive|Time left: 300 sec this turn | 300 sec total\n|\n|t:|1783574048\n|move|p2a: Carbink|Moonblast|p1a: Snorlax\n|-resisted|p1a: Snorlax\n|-damage|p1a: Snorlax|86/100\n|move|p1a: Snorlax|Rest|p1a: Snorlax\n|-status|p1a: Snorlax|slp|[from] move: Rest\n|-heal|p1a: Snorlax|100/100 slp|[silent]\n|\n|upkeep\n|turn|90\n|inactive|Time left: 300 sec this turn | 300 sec total\n|\n|t:|1783574049\n|move|p2a: Carbink|Iron Defense|p2a: Carbink\n|-boost|p2a: Carbink|def|0\n|cant|p1a: Snorlax|slp\n|\n|upkeep\n|turn|91\n|inactive|Time left: 300 sec this turn | 300 sec total\n|\n|t:|1783574050\n|move|p2a: Carbink|Moonblast|p1a: Snorlax\n|-resisted|p1a: Snorlax\n|-damage|p1a: Snorlax|92/100 slp\n|cant|p1a: Snorlax|slp\n|move|p1a: Snorlax|Sleep Talk|p1a: Snorlax\n|move|p1a: Snorlax|Rest||[from] move: Sleep Talk|[still]\n|-fail|p1a: Snorlax\n|\n|-heal|p1a: Snorlax|98/100 slp|[from] item: Leftovers\n|upkeep\n|turn|92\n|inactive|Time left: 300 sec this turn | 300 sec total\n|\n|t:|1783574051\n|move|p2a: Carbink|Moonblast|p1a: Snorlax\n|-resisted|p1a: Snorlax\n|-damage|p1a: Snorlax|91/100 slp\n|-curestatus|p1a: Snorlax|slp|[msg]\n|move|p1a: Snorlax|Curse|p1a: Snorlax\n|\n|-heal|p1a: Snorlax|97/100|[from] item: Leftovers\n|upkeep\n|turn|93\n|inactive|Time left: 300 sec this turn | 300 sec total\n|\n|t:|1783574052\n|move|p2a: Carbink|Moonblast|p1a: Snorlax\n|-resisted|p1a: Snorlax\n|-damage|p1a: Snorlax|89/100\n|-unboost|p1a: Snorlax|spa|1\n|move|p1a: Snorlax|Curse|p1a: Snorlax\n|\n|-heal|p1a: Snorlax|95/100|[from] item: Leftovers\n|upkeep\n|turn|94\n|inactive|Time left: 300 sec this turn | 300 sec total\n|\n|t:|1783574052\n|move|p2a: Carbink|Moonblast|p1a: Snorlax\n|-resisted|p1a: Snorlax\n|-crit|p1a: Snorlax\n|-damage|p1a: Snorlax|83/100\n|move|p1a: Snorlax|Curse|p1a: Snorlax\n|\n|-heal|p1a: Snorlax|89/100|[from] item: Leftovers\n|upkeep\n|turn|95\n|inactive|Time left: 300 sec this turn | 300 sec total\n|\n|t:|1783574053\n|move|p2a: Carbink|Moonblast|p1a: Snorlax\n|-resisted|p1a: Snorlax\n|-crit|p1a: Snorlax\n|-damage|p1a: Snorlax|77/100\n|-unboost|p1a: Snorlax|spa|1\n|move|p1a: Snorlax|Curse|p1a: Snorlax\n|\n|-heal|p1a: Snorlax|83/100|[from] item: Leftovers\n|upkeep\n|turn|96\n|inactive|Time left: 300 sec this turn | 300 sec total\n|\n|t:|1783574054\n|move|p2a: Carbink|Moonblast|p1a: Snorlax\n|-resisted|p1a: Snorlax\n|-damage|p1a: Snorlax|76/100\n|move|p1a: Snorlax|Curse|p1a: Snorlax\n|\n|-heal|p1a: Snorlax|82/100|[from] item: Leftovers\n|upkeep\n|turn|97\n|inactive|Time left: 300 sec this turn | 300 sec total\n|\n|t:|1783574055\n|move|p2a: Carbink|Moonblast|p1a: Snorlax\n|-resisted|p1a: Snorlax\n|-crit|p1a: Snorlax\n|-damage|p1a: Snorlax|70/100\n|move|p1a: Snorlax|Curse|p1a: Snorlax\n|\n|-heal|p1a: Snorlax|76/100|[from] item: Leftovers\n|upkeep\n|turn|98\n|inactive|Time left: 300 sec this turn | 300 sec total\n|\n|t:|1783574056\n|move|p2a: Carbink|Moonblast|p1a: Snorlax\n|-resisted|p1a: Snorlax\n|-damage|p1a: Snorlax|68/100\n|-unboost|p1a: Snorlax|spa|1\n|move|p1a: Snorlax|Curse|p1a: Snorlax\n|\n|-heal|p1a: Snorlax|74/100|[from] item: Leftovers\n|upkeep\n|turn|99\n|inactive|Time left: 300 sec this turn | 300 sec total\n|\n|t:|1783574057\n|move|p2a: Carbink|Moonblast|p1a: Snorlax\n|-resisted|p1a: Snorlax\n|-damage|p1a: Snorlax|67/100\n|move|p1a: Snorlax|Curse|p1a: Snorlax\n|\n|-heal|p1a: Snorlax|73/100|[from] item: Leftovers\n|upkeep\n|turn|100\n|inactive|Time left: 300 sec this turn | 300 sec total\n|\n|t:|1783574058\n|switch|p1a: Hitmonlee|Hitmonlee, L85, M|100/100\n|-damage|p1a: Hitmonlee|94/100|[from] Stealth Rock\n|move|p2a: Carbink|Moonblast|p1a: Hitmonlee\n|-supereffective|p1a: Hitmonlee\n|-damage|p1a: Hitmonlee|41/100\n|\n|upkeep\n|turn|101\n|inactive|Time left: 300 sec this turn | 300 sec total\n|\n|t:|1783574060\n|move|p1a: Hitmonlee|Poison Jab|p2a: Carbink\n|-damage|p2a: Carbink|104/236\n|move|p2a: Carbink|Iron Defense|p2a: Carbink\n|-boost|p2a: Carbink|def|0\n|\n|upkeep\n|turn|102\n|inactive|Time left: 300 sec this turn | 300 sec total\n|\n|t:|1783574061\n|move|p1a: Hitmonlee|Poison Jab|p2a: Carbink\n|-damage|p2a: Carbink|92/236\n|-status|p2a: Carbink|psn\n|move|p2a: Carbink|Body Press|p1a: Hitmonlee\n|-damage|p1a: Hitmonlee|0 fnt\n|faint|p1a: Hitmonlee\n|\n|-damage|p2a: Carbink|63/236 psn|[from] psn\n|upkeep\n|\n|t:|1783574061\n|switch|p1a: Snorlax|Snorlax, L82, M, tera:Poison|73/100\n|-damage|p1a: Snorlax|60/100|[from] Stealth Rock\n|turn|103\n|inactive|Time left: 300 sec this turn | 300 sec total\n|\n|t:|1783574062\n|move|p2a: Carbink|Iron Defense|p2a: Carbink\n|-boost|p2a: Carbink|def|0\n|move|p1a: Snorlax|Curse|p1a: Snorlax\n|-unboost|p1a: Snorlax|spe|1\n|-boost|p1a: Snorlax|atk|1\n|-boost|p1a: Snorlax|def|1\n|\n|-heal|p1a: Snorlax|66/100|[from] item: Leftovers\n|-damage|p2a: Carbink|34/236 psn|[from] psn\n|upkeep\n|turn|104\n|inactive|Time left: 300 sec this turn | 300 sec total\n|\n|t:|1783574063\n|move|p2a: Carbink|Iron Defense|p2a: Carbink\n|-boost|p2a: Carbink|def|0\n|move|p1a: Snorlax|Curse|p1a: Snorlax\n|-unboost|p1a: Snorlax|spe|1\n|-boost|p1a: Snorlax|atk|1\n|-boost|p1a: Snorlax|def|1\n|\n|-heal|p1a: Snorlax|73/100|[from] item: Leftovers\n|-damage|p2a: Carbink|5/236 psn|[from] psn\n|upkeep\n|turn|105\n|inactive|Time left: 300 sec this turn | 300 sec total\n|\n|t:|1783574064\n|move|p2a: Carbink|Iron Defense|p2a: Carbink\n|-boost|p2a: Carbink|def|0\n|-activate|p1a: Snorlax|move: Struggle\n|move|p1a: Snorlax|Struggle|p2a: Carbink\n|-damage|p2a: Carbink|0 fnt\n|faint|p2a: Carbink\n|-damage|p1a: Snorlax|48/100|[from] recoil\n|\n|win|p0x29498302", "uploadtime": 1783574064, "views": 0, "rating": 0, "private": 0, "password": null, "_winner": "p0x29498302", "_our_name": "p0y2949f178"}