{"id": "battle-gen9randombattle-1433", "formatid": "gen9randombattle", "format": "[Gen 9] Random Battle", "players": ["p0x1433858d", "p0y1433e753"], "log": "|init|battle\n|title|p0x1433858d vs. p0y1433e753\n|j|\u2606p0x1433858d\n|j|\u2606p0y1433e753\n|t:|1783556695\n|gametype|singles\n|player|p1|p0x1433858d|102|\n|player|p2|p0y1433e753|170|\n|gen|9\n|tier|[Gen 9] Random Battle\n|rule|Species Clause: Limit one of each Pok\u00e9mon\n|rule|HP Percentage Mod: HP is shown in percentages\n|rule|Sleep Clause Mod: Limit one foe put to sleep\n|rule|Illusion Level Mod: Illusion disguises the Pok\u00e9mon's true level\n|\n|t:|1783556695\n|teamsize|p1|6\n|teamsize|p2|6\n|start\n|switch|p1a: Ceruledge|Ceruledge, L78, M|245/245\n|switch|p2a: Hippowdon|Hippowdon, L82, M|100/100\n|-weather|Sandstorm|[from] ability: Sand Stream|[of] p2a: Hippowdon\n|turn|1\n|inactive|Battle timer is ON: inactive players will automatically lose when time's up. (requested by p0x1433858d)\n|\n|t:|1783556696\n|switch|p1a: Scrafty|Scrafty, L83, M|244/244\n|-ability|p1a: Scrafty|Intimidate|boost\n|-unboost|p2a: Hippowdon|atk|1\n|move|p2a: Hippowdon|Earthquake|p1a: Scrafty\n|-damage|p1a: Scrafty|180/244\n|\n|-weather|Sandstorm|[upkeep]\n|-damage|p1a: Scrafty|165/244|[from] Sandstorm\n|-heal|p1a: Scrafty|180/244|[from] item: Leftovers\n|upkeep\n|turn|2\n|inactive|Time left: 300 sec this turn | 300 sec total\n|inactive|p0y1433e753 also wants the timer to be on.\n|\n|t:|1783556697\n|move|p1a: Scrafty|Dragon Dance|p1a: Scrafty\n|-boost|p1a: Scrafty|atk|1\n|-boost|p1a: Scrafty|spe|1\n|move|p2a: Hippowdon|Earthquake|p1a: Scrafty\n|-damage|p1a: Scrafty|123/244\n|\n|-weather|Sandstorm|[upkeep]\n|-damage|p1a: Scrafty|108/244|[from] Sandstorm\n|-heal|p1a: Scrafty|123/244|[from] item: Leftovers\n|upkeep\n|turn|3\n|inactive|Time left: 300 sec this turn | 300 sec total\n|\n|t:|1783556698\n|move|p1a: Scrafty|Drain Punch|p2a: Hippowdon\n|-damage|p2a: Hippowdon|70/100\n|-heal|p1a: Scrafty|171/244|[from] drain|[of] p2a: Hippowdon\n|move|p2a: Hippowdon|Earthquake|p1a: Scrafty\n|-damage|p1a: Scrafty|113/244\n|\n|-weather|Sandstorm|[upkeep]\n|-damage|p1a: Scrafty|98/244|[from] Sandstorm\n|-heal|p1a: Scrafty|113/244|[from] item: Leftovers\n|-heal|p2a: Hippowdon|76/100|[from] item: Leftovers\n|upkeep\n|turn|4\n|inactive|Time left: 300 sec this turn | 300 sec total\n|\n|t:|1783556699\n|move|p1a: Scrafty|Drain Punch|p2a: Hippowdon\n|-damage|p2a: Hippowdon|46/100\n|-heal|p1a: Scrafty|160/244|[from] drain|[of] p2a: Hippowdon\n|move|p2a: Hippowdon|Earthquake|p1a: Scrafty\n|-damage|p1a: Scrafty|103/244\n|\n|-weather|Sandstorm|[upkeep]\n|-damage|p1a: Scrafty|88/244|[from] Sandstorm\n|-heal|p1a: Scrafty|103/244|[from] item: Leftovers\n|-heal|p2a: Hippowdon|52/100|[from] item: Leftovers\n|upkeep\n|turn|5\n|inactive|Time left: 300 sec this turn | 300 sec total\n|\n|t:|1783556700\n|move|p1a: Scrafty|Drain Punch|p2a: Hippowdon\n|-damage|p2a: Hippowdon|25/100\n|-heal|p1a: Scrafty|145/244|[from] drain|[of] p2a: Hippowdon\n|move|p2a: Hippowdon|Earthquake|p1a: Scrafty\n|-damage|p1a: Scrafty|87/244\n|\n|-weather|none\n|-heal|p1a: Scrafty|102/244|[from] item: Leftovers\n|-heal|p2a: Hippowdon|31/100|[from] item: Leftovers\n|upkeep\n|turn|6\n|inactive|Time left: 300 sec this turn | 300 sec total\n|\n|t:|1783556701\n|switch|p2a: Hitmontop|Hitmontop, L88, M|100/100\n|-ability|p2a: Hitmontop|Intimidate|boost\n|-unboost|p1a: Scrafty|atk|1\n|move|p1a: Scrafty|Knock Off|p2a: Hitmontop\n|-resisted|p2a: Hitmontop\n|-damage|p2a: Hitmontop|82/100\n|-enditem|p2a: Hitmontop|Assault Vest|[from] move: Knock Off|[of] p1a: Scrafty\n|\n|-heal|p1a: Scrafty|117/244|[from] item: Leftovers\n|upkeep\n|turn|7\n|inactive|Time left: 300 sec this turn | 300 sec total\n|\n|t:|1783556702\n|move|p1a: Scrafty|Drain Punch|p2a: Hitmontop\n|-damage|p2a: Hitmontop|53/100\n|-heal|p1a: Scrafty|151/244|[from] drain|[of] p2a: Hitmontop\n|move|p2a: Hitmontop|Close Combat|p1a: Scrafty\n|-supereffective|p1a: Scrafty\n|-damage|p1a: Scrafty|0 fnt\n|-unboost|p2a: Hitmontop|def|1\n|-unboost|p2a: Hitmontop|spd|1\n|faint|p1a: Scrafty\n|\n|upkeep\n|inactive|Time left: 300 sec this turn | 300 sec total | 5 sec grace\n|\n|t:|1783556703\n|switch|p1a: Meloetta|Meloetta, L82|298/298\n|turn|8\n|inactive|Time left: 300 sec this turn | 300 sec total\n|\n|t:|1783556704\n|switch|p2a: Incineroar|Incineroar, L82, M|100/100\n|-ability|p2a: Incineroar|Intimidate|boost\n|-unboost|p1a: Meloetta|atk|1\n|move|p1a: Meloetta|Psyshock|p2a: Incineroar\n|-immune|p2a: Incineroar\n|\n|upkeep\n|turn|9\n|inactive|Time left: 300 sec this turn | 300 sec total\n|\n|t:|1783556705\n|switch|p1a: Bastiodon|Bastiodon, L89, M|252/252\n|move|p2a: Incineroar|Knock Off|p1a: Bastiodon\n|-damage|p1a: Bastiodon|161/252\n|-enditem|p1a: Bastiodon|Chesto Berry|[from] move: Knock Off|[of] p2a: Incineroar\n|\n|upkeep\n|turn|10\n|inactive|Time left: 300 sec this turn | 300 sec total\n|\n|t:|1783556706\n|switch|p2a: Hippowdon|Hippowdon, L82, M|31/100\n|-weather|Sandstorm|[from] ability: Sand Stream|[of] p2a: Hippowdon\n|move|p1a: Bastiodon|Body Press|p2a: Hippowdon\n|-damage|p2a: Hippowdon|4/100\n|\n|-weather|Sandstorm|[upkeep]\n|-heal|p2a: Hippowdon|10/100|[from] item: Leftovers\n|upkeep\n|turn|11\n|inactive|Time left: 300 sec this turn | 300 sec total\n|\n|t:|1783556707\n|switch|p1a: Meloetta|Meloetta, L82|298/298\n|move|p2a: Hippowdon|Slack Off|p2a: Hippowdon\n|-heal|p2a: Hippowdon|60/100\n|\n|-weather|Sandstorm|[upkeep]\n|-damage|p1a: Meloetta|280/298|[from] Sandstorm\n|-heal|p2a: Hippowdon|66/100|[from] item: Leftovers\n|upkeep\n|turn|12\n|inactive|Time left: 300 sec this turn | 300 sec total\n|\n|t:|1783556708\n|move|p1a: Meloetta|Hyper Voice|p2a: Hippowdon\n|-damage|p2a: Hippowdon|0 fnt\n|faint|p2a: Hippowdon\n|\n|-weather|Sandstorm|[upkeep]\n|-damage|p1a: Meloetta|262/298|[from] Sandstorm\n|upkeep\n|\n|t:|1783556709\n|switch|p2a: Weavile|Weavile, L79, F|100/100\n|turn|13\n|inactive|Time left: 300 sec this turn | 300 sec total\n|\n|t:|1783556710\n|switch|p1a: Bastiodon|Bastiodon, L89, M|161/252\n|move|p2a: Weavile|Knock Off|p1a: Bastiodon\n|-damage|p1a: Bastiodon|95/252\n|\n|-weather|Sandstorm|[upkeep]\n|-damage|p2a: Weavile|95/100|[from] Sandstorm\n|upkeep\n|turn|14\n|inactive|Time left: 300 sec this turn | 300 sec total\n|\n|t:|1783556712\n|switch|p2a: Venusaur|Venusaur, L84, M|100/100\n|move|p1a: Bastiodon|Body Press|p2a: Venusaur\n|-resisted|p2a: Venusaur\n|-damage|p2a: Venusaur|83/100\n|\n|-weather|none\n|-heal|p2a: Venusaur|89/100|[from] item: Leftovers\n|upkeep\n|turn|15\n|inactive|Time left: 300 sec this turn | 300 sec total\n|\n|t:|1783556713\n|move|p2a: Venusaur|Earth Power|p1a: Bastiodon\n|-supereffective|p1a: Bastiodon\n|-damage|p1a: Bastiodon|0 fnt\n|faint|p1a: Bastiodon\n|\n|-heal|p2a: Venusaur|96/100|[from] item: Leftovers\n|upkeep\n|inactive|Time left: 300 sec this turn | 300 sec total | 5 sec grace\n|\n|t:|1783556714\n|switch|p1a: Meloetta|Meloetta, L82|262/298\n|turn|16\n|inactive|Time left: 300 sec this turn | 300 sec total\n|\n|t:|1783556715\n|move|p1a: Meloetta|Psyshock|p2a: Venusaur\n|-supereffective|p2a: Venusaur\n|-damage|p2a: Venusaur|0 fnt\n|faint|p2a: Venusaur\n|\n|upkeep\n|\n|t:|1783556716\n|switch|p2a: Weavile|Weavile, L79, F|95/100\n|turn|17\n|inactive|Time left: 300 sec this turn | 300 sec total\n|\n|t:|1783556717\n|switch|p1a: Qwilfish|Qwilfish, L86, F|252/252\n|-ability|p1a: Qwilfish|Intimidate|boost\n|-unboost|p2a: Weavile|atk|1\n|move|p2a: Weavile|Knock Off|p1a: Qwilfish\n|-damage|p1a: Qwilfish|152/252\n|-enditem|p1a: Qwilfish|Heavy-Duty Boots|[from] move: Knock Off|[of] p2a: Weavile\n|\n|upkeep\n|turn|18\n|inactive|Time left: 300 sec this turn | 300 sec total\n|\n|t:|1783556718\n|move|p2a: Weavile|Knock Off|p1a: Qwilfish\n|-damage|p1a: Qwilfish|77/252\n|move|p1a: Qwilfish|Gunk Shot|p2a: Weavile\n|-damage|p2a: Weavile|16/100\n|-status|p2a: Weavile|psn\n|\n|-damage|p2a: Weavile|3/100 psn|[from] psn\n|upkeep\n|turn|19\n|inactive|Time left: 300 sec this turn | 300 sec total\n|\n|t:|1783556719\n|move|p2a: Weavile|Knock Off|p1a: Qwilfish\n|-damage|p1a: Qwilfish|8/252\n|move|p1a: Qwilfish|Flip Turn|p2a: Weavile\n|-damage|p2a: Weavile|0 fnt\n|faint|p2a: Weavile\n|inactive|Time left: 300 sec this turn | 300 sec total | 5 sec grace\n|\n|t:|1783556719\n|switch|p1a: Meloetta|Meloetta, L82|262/298|[from] Flip Turn\n|\n|upkeep\n|\n|t:|1783556720\n|switch|p2a: Incineroar|Incineroar, L82, M|100/100\n|-ability|p2a: Incineroar|Intimidate|boost\n|-unboost|p1a: Meloetta|atk|1\n|turn|20\n|inactive|Time left: 300 sec this turn | 300 sec total\n|\n|t:|1783556721\n|move|p1a: Meloetta|Focus Blast|p2a: Incineroar\n|-supereffective|p2a: Incineroar\n|-damage|p2a: Incineroar|0 fnt\n|faint|p2a: Incineroar\n|\n|upkeep\n|\n|t:|1783556722\n|switch|p2a: Haxorus|Haxorus, L77, F|100/100\n|-ability|p2a: Haxorus|Mold Breaker\n|turn|21\n|inactive|Time left: 300 sec this turn | 300 sec total\n|\n|t:|1783556723\n|-terastallize|p1a: Meloetta|Fighting\n|move|p1a: Meloetta|Focus Blast|p2a: Haxorus\n|-crit|p2a: Haxorus\n|-damage|p2a: Haxorus|0 fnt\n|faint|p2a: Haxorus\n|\n|upkeep\n|\n|t:|1783556724\n|switch|p2a: Hitmontop|Hitmontop, L88, M|53/100\n|-ability|p2a: Hitmontop|Intimidate|boost\n|-unboost|p1a: Meloetta|atk|1\n|turn|22\n|inactive|Time left: 300 sec this turn | 300 sec total\n|\n|t:|1783556725\n|move|p1a: Meloetta|Focus Blast|p2a: Hitmontop\n|-damage|p2a: Hitmontop|0 fnt\n|faint|p2a: Hitmontop\n|\n|win|p0x1433858d", "uploadtime": 1783556725, "views": 0, "rating": 0, "private": 0, "password": null, "_winner": "p0x1433858d", "_our_name": "p0x1433858d"}