{"id": "battle-gen9randombattle-150", "formatid": "gen9randombattle", "format": "[Gen 9] Random Battle", "players": ["p0x150204f", "p0y1503980"], "log": "|init|battle\n|title|p0x150204f vs. p0y1503980\n|j|\u2606p0x150204f\n|j|\u2606p0y1503980\n|t:|1783535477\n|gametype|singles\n|player|p1|p0x150204f|265|\n|player|p2|p0y1503980|170|\n|gen|9\n|tier|[Gen 9] Random Battle\n|rule|Species Clause: Limit one of each Pok\u00e9mon\n|rule|HP Percentage Mod: HP is shown in percentages\n|rule|Sleep Clause Mod: Limit one foe put to sleep\n|rule|Illusion Level Mod: Illusion disguises the Pok\u00e9mon's true level\n|\n|t:|1783535477\n|teamsize|p1|6\n|teamsize|p2|6\n|start\n|switch|p1a: Houndstone|Houndstone, L86, M|100/100\n|switch|p2a: Golurk|Golurk, L87|297/297\n|turn|1\n|inactive|Battle timer is ON: inactive players will automatically lose when time's up. (requested by p0x150204f)\n|inactive|Time left: 300 sec this turn | 300 sec total | 60 sec grace\n|\n|t:|1783535478\n|move|p1a: Houndstone|Dark Pulse|p2a: Golurk\n|-supereffective|p2a: Golurk\n|-damage|p2a: Golurk|0 fnt\n|faint|p2a: Golurk\n|\n|upkeep\n|inactive|Time left: 300 sec this turn | 300 sec total | 65 sec grace\n|inactive|p0y1503980 also wants the timer to be on.\n|\n|t:|1783535479\n|switch|p2a: Zacian|Zacian, L69|241/241\n|-ability|p2a: Zacian|Intrepid Sword|boost\n|-boost|p2a: Zacian|atk|1\n|turn|2\n|inactive|Time left: 300 sec this turn | 300 sec total\n|\n|t:|1783535480\n|switch|p1a: Torkoal|Torkoal, L88, F|100/100\n|-weather|SunnyDay|[from] ability: Drought|[of] p1a: Torkoal\n|move|p2a: Zacian|Play Rough|p1a: Torkoal\n|-resisted|p1a: Torkoal\n|-damage|p1a: Torkoal|79/100\n|\n|-weather|SunnyDay|[upkeep]\n|upkeep\n|turn|3\n|inactive|Time left: 300 sec this turn | 300 sec total\n|\n|t:|1783535481\n|move|p2a: Zacian|Play Rough|p1a: Torkoal\n|-resisted|p1a: Torkoal\n|-damage|p1a: Torkoal|55/100\n|move|p1a: Torkoal|Lava Plume|p2a: Zacian\n|-damage|p2a: Zacian|108/241\n|-status|p2a: Zacian|brn\n|\n|-weather|SunnyDay|[upkeep]\n|-damage|p2a: Zacian|93/241 brn|[from] brn\n|upkeep\n|turn|4\n|inactive|Time left: 300 sec this turn | 300 sec total\n|\n|t:|1783535482\n|move|p2a: Zacian|Play Rough|p1a: Torkoal\n|-resisted|p1a: Torkoal\n|-damage|p1a: Torkoal|45/100\n|move|p1a: Torkoal|Lava Plume|p2a: Zacian\n|-damage|p2a: Zacian|0 fnt\n|faint|p2a: Zacian\n|\n|-weather|SunnyDay|[upkeep]\n|upkeep\n|inactive|Time left: 300 sec this turn | 300 sec total | 5 sec grace\n|\n|t:|1783535483\n|switch|p2a: Volcanion|Volcanion, L79|256/256\n|turn|5\n|inactive|Time left: 300 sec this turn | 300 sec total\n|\n|t:|1783535484\n|move|p2a: Volcanion|Flamethrower|p1a: Torkoal\n|-resisted|p1a: Torkoal\n|-damage|p1a: Torkoal|10/100\n|move|p1a: Torkoal|Earthquake|p2a: Volcanion\n|-supereffective|p2a: Volcanion\n|-damage|p2a: Volcanion|128/256\n|\n|-weather|SunnyDay|[upkeep]\n|upkeep\n|turn|6\n|inactive|Time left: 300 sec this turn | 300 sec total\n|\n|t:|1783535486\n|switch|p1a: Hypno|Hypno, L95, M|100/100\n|move|p2a: Volcanion|Flamethrower|p1a: Hypno\n|-damage|p1a: Hypno|61/100\n|\n|-weather|none\n|-heal|p1a: Hypno|67/100|[from] item: Leftovers\n|upkeep\n|turn|7\n|inactive|Time left: 300 sec this turn | 300 sec total\n|\n|t:|1783535486\n|switch|p2a: Torterra|Torterra, L78, M|276/276\n|move|p1a: Hypno|Psychic Noise|p2a: Torterra\n|-damage|p2a: Torterra|191/276\n|-start|p2a: Torterra|move: Heal Block\n|\n|-heal|p1a: Hypno|74/100|[from] item: Leftovers\n|upkeep\n|turn|8\n|inactive|Time left: 300 sec this turn | 300 sec total\n|\n|t:|1783535487\n|move|p1a: Hypno|Knock Off|p2a: Torterra\n|-damage|p2a: Torterra|126/276\n|-enditem|p2a: Torterra|Loaded Dice|[from] move: Knock Off|[of] p1a: Hypno\n|move|p2a: Torterra|Shell Smash|p2a: Torterra\n|-unboost|p2a: Torterra|def|1\n|-unboost|p2a: Torterra|spd|1\n|-boost|p2a: Torterra|atk|2\n|-boost|p2a: Torterra|spa|2\n|-boost|p2a: Torterra|spe|2\n|\n|-heal|p1a: Hypno|80/100|[from] item: Leftovers\n|-end|p2a: Torterra|move: Heal Block\n|upkeep\n|turn|9\n|inactive|Time left: 300 sec this turn | 300 sec total\n|\n|t:|1783535488\n|move|p2a: Torterra|Headlong Rush|p1a: Hypno\n|-damage|p1a: Hypno|3/100\n|-unboost|p2a: Torterra|def|1\n|-unboost|p2a: Torterra|spd|1\n|move|p1a: Hypno|Psychic Noise|p2a: Torterra\n|-damage|p2a: Torterra|0 fnt\n|faint|p2a: Torterra\n|\n|-heal|p1a: Hypno|9/100|[from] item: Leftovers\n|upkeep\n|inactive|Time left: 300 sec this turn | 300 sec total | 5 sec grace\n|\n|t:|1783535489\n|switch|p2a: Araquanid|Araquanid, L82, M|246/246\n|turn|10\n|inactive|Time left: 300 sec this turn | 300 sec total\n|\n|t:|1783535490\n|move|p1a: Hypno|Thunder Wave|p2a: Araquanid\n|-status|p2a: Araquanid|par\n|cant|p2a: Araquanid|par\n|\n|-heal|p1a: Hypno|15/100|[from] item: Leftovers\n|upkeep\n|turn|11\n|inactive|Time left: 300 sec this turn | 300 sec total\n|\n|t:|1783535491\n|move|p1a: Hypno|Knock Off|p2a: Araquanid\n|-damage|p2a: Araquanid|180/246 par\n|-enditem|p2a: Araquanid|Heavy-Duty Boots|[from] move: Knock Off|[of] p1a: Hypno\n|move|p2a: Araquanid|Sticky Web|p1a: Hypno\n|-sidestart|p1: p0x150204f|move: Sticky Web\n|\n|-heal|p1a: Hypno|21/100|[from] item: Leftovers\n|upkeep\n|turn|12\n|inactive|Time left: 300 sec this turn | 300 sec total\n|\n|t:|1783535492\n|move|p1a: Hypno|Encore|p2a: Araquanid\n|-start|p2a: Araquanid|Encore\n|move|p2a: Araquanid|Sticky Web||[still]\n|-fail|p2a: Araquanid\n|\n|-heal|p1a: Hypno|27/100|[from] item: Leftovers\n|upkeep\n|turn|13\n|inactive|Time left: 300 sec this turn | 300 sec total\n|\n|t:|1783535493\n|switch|p2a: Oinkologne|Oinkologne, L92, M|352/352\n|move|p1a: Hypno|Knock Off|p2a: Oinkologne\n|-damage|p2a: Oinkologne|276/352\n|-enditem|p2a: Oinkologne|Leftovers|[from] move: Knock Off|[of] p1a: Hypno\n|\n|-heal|p1a: Hypno|33/100|[from] item: Leftovers\n|upkeep\n|turn|14\n|inactive|Time left: 300 sec this turn | 300 sec total\n|\n|t:|1783535494\n|move|p1a: Hypno|Thunder Wave|p2a: Oinkologne\n|-status|p2a: Oinkologne|par\n|move|p2a: Oinkologne|Body Slam|p1a: Hypno\n|-damage|p1a: Hypno|0 fnt\n|faint|p1a: Hypno\n|\n|upkeep\n|\n|t:|1783535495\n|switch|p1a: Hitmonlee|Hitmonlee, L85, M|100/100\n|-activate|p1a: Hitmonlee|move: Sticky Web\n|-unboost|p1a: Hitmonlee|spe|1\n|-enditem|p1a: Hitmonlee|White Herb\n|-clearnegativeboost|p1a: Hitmonlee|[silent]\n|turn|15\n|inactive|Time left: 300 sec this turn | 300 sec total\n|\n|t:|1783535496\n|move|p1a: Hitmonlee|Swords Dance|p1a: Hitmonlee\n|-boost|p1a: Hitmonlee|atk|2\n|cant|p2a: Oinkologne|par\n|\n|upkeep\n|turn|16\n|inactive|Time left: 300 sec this turn | 300 sec total\n|\n|t:|1783535497\n|move|p1a: Hitmonlee|Close Combat|p2a: Oinkologne\n|-supereffective|p2a: Oinkologne\n|-damage|p2a: Oinkologne|0 fnt\n|-unboost|p1a: Hitmonlee|def|1\n|-unboost|p1a: Hitmonlee|spd|1\n|faint|p2a: Oinkologne\n|\n|upkeep\n|inactive|Time left: 300 sec this turn | 300 sec total | 5 sec grace\n|\n|t:|1783535498\n|switch|p2a: Araquanid|Araquanid, L82, M|180/246 par\n|turn|17\n|inactive|Time left: 300 sec this turn | 300 sec total\n|\n|t:|1783535499\n|-terastallize|p1a: Hitmonlee|Poison\n|move|p1a: Hitmonlee|Poison Jab|p2a: Araquanid\n|-damage|p2a: Araquanid|0 fnt\n|faint|p2a: Araquanid\n|\n|upkeep\n|inactive|Time left: 300 sec this turn | 300 sec total | 5 sec grace\n|\n|t:|1783535500\n|switch|p2a: Volcanion|Volcanion, L79|128/256\n|turn|18\n|inactive|Time left: 300 sec this turn | 300 sec total\n|\n|t:|1783535501\n|-terastallize|p2a: Volcanion|Ground\n|move|p1a: Hitmonlee|Close Combat|p2a: Volcanion\n|-damage|p2a: Volcanion|0 fnt\n|-unboost|p1a: Hitmonlee|def|1\n|-unboost|p1a: Hitmonlee|spd|1\n|faint|p2a: Volcanion\n|\n|win|p0x150204f", "uploadtime": 1783535501, "views": 0, "rating": 0, "private": 0, "password": null, "_winner": "p0x150204f", "_our_name": "p0y1503980"}