{"id": "battle-gen9randombattle-2498", "formatid": "gen9randombattle", "format": "[Gen 9] Random Battle", "players": ["p0x24986268", "p0y2498afe0"], "log": "|init|battle\n|title|p0x24986268 vs. p0y2498afe0\n|j|\u2606p0x24986268\n|j|\u2606p0y2498afe0\n|t:|1783568953\n|gametype|singles\n|player|p1|p0x24986268|102|\n|player|p2|p0y2498afe0|101|\n|gen|9\n|tier|[Gen 9] Random Battle\n|rule|Species Clause: Limit one of each Pok\u00e9mon\n|rule|HP Percentage Mod: HP is shown in percentages\n|rule|Sleep Clause Mod: Limit one foe put to sleep\n|rule|Illusion Level Mod: Illusion disguises the Pok\u00e9mon's true level\n|\n|t:|1783568953\n|teamsize|p1|6\n|teamsize|p2|6\n|start\n|switch|p1a: Greninja|Greninja, L80, M|100/100\n|switch|p2a: Trevenant|Trevenant, L89, F|296/296\n|turn|1\n|inactive|Battle timer is ON: inactive players will automatically lose when time's up. (requested by p0x24986268)\n|inactive|Time left: 300 sec this turn | 300 sec total | 60 sec grace\n|inactive|p0y2498afe0 also wants the timer to be on.\n|\n|t:|1783568955\n|move|p1a: Greninja|Ice Beam|p2a: Trevenant\n|-start|p1a: Greninja|typechange|Ice|[from] ability: Protean\n|-supereffective|p2a: Trevenant\n|-damage|p2a: Trevenant|78/296\n|-status|p2a: Trevenant|frz\n|-enditem|p2a: Trevenant|Sitrus Berry|[eat]\n|-heal|p2a: Trevenant|152/296 frz|[from] item: Sitrus Berry\n|-damage|p1a: Greninja|91/100|[from] item: Life Orb\n|cant|p2a: Trevenant|frz\n|\n|-item|p2a: Trevenant|Sitrus Berry|[from] ability: Harvest\n|upkeep\n|turn|2\n|inactive|Time left: 300 sec this turn | 300 sec total\n|\n|t:|1783568956\n|switch|p2a: Reuniclus|Reuniclus, L88, M|337/337\n|move|p1a: Greninja|Ice Beam|p2a: Reuniclus\n|-damage|p2a: Reuniclus|224/337\n|-damage|p1a: Greninja|81/100|[from] item: Life Orb\n|\n|upkeep\n|turn|3\n|inactive|Time left: 300 sec this turn | 300 sec total\n|\n|t:|1783568957\n|switch|p1a: Latias|Latias, L79, F|100/100\n|move|p2a: Reuniclus|Psyshock|p1a: Latias\n|-resisted|p1a: Latias\n|-damage|p1a: Latias|70/100\n|\n|upkeep\n|turn|4\n|inactive|Time left: 300 sec this turn | 300 sec total\n|\n|t:|1783568958\n|move|p1a: Latias|Calm Mind|p1a: Latias\n|-boost|p1a: Latias|spa|1\n|-boost|p1a: Latias|spd|1\n|move|p2a: Reuniclus|Psyshock|p1a: Latias\n|-resisted|p1a: Latias\n|-damage|p1a: Latias|43/100\n|\n|upkeep\n|turn|5\n|inactive|Time left: 300 sec this turn | 300 sec total\n|\n|t:|1783568958\n|move|p1a: Latias|Recover|p1a: Latias\n|-heal|p1a: Latias|93/100\n|move|p2a: Reuniclus|Recover|p2a: Reuniclus\n|-heal|p2a: Reuniclus|337/337\n|\n|upkeep\n|turn|6\n|inactive|Time left: 300 sec this turn | 300 sec total\n|\n|t:|1783568959\n|move|p1a: Latias|Calm Mind|p1a: Latias\n|-boost|p1a: Latias|spa|1\n|-boost|p1a: Latias|spd|1\n|move|p2a: Reuniclus|Calm Mind|p2a: Reuniclus\n|-boost|p2a: Reuniclus|spa|1\n|-boost|p2a: Reuniclus|spd|1\n|\n|upkeep\n|turn|7\n|inactive|Time left: 300 sec this turn | 300 sec total\n|\n|t:|1783568960\n|move|p1a: Latias|Calm Mind|p1a: Latias\n|-boost|p1a: Latias|spa|1\n|-boost|p1a: Latias|spd|1\n|move|p2a: Reuniclus|Calm Mind|p2a: Reuniclus\n|-boost|p2a: Reuniclus|spa|1\n|-boost|p2a: Reuniclus|spd|1\n|\n|upkeep\n|turn|8\n|inactive|Time left: 300 sec this turn | 300 sec total\n|\n|t:|1783568961\n|move|p1a: Latias|Psyshock|p2a: Reuniclus\n|-resisted|p2a: Reuniclus\n|-damage|p2a: Reuniclus|207/337\n|move|p2a: Reuniclus|Psyshock|p1a: Latias\n|-resisted|p1a: Latias\n|-damage|p1a: Latias|30/100\n|\n|upkeep\n|turn|9\n|inactive|Time left: 300 sec this turn | 300 sec total\n|\n|t:|1783568962\n|move|p1a: Latias|Recover|p1a: Latias\n|-heal|p1a: Latias|80/100\n|move|p2a: Reuniclus|Psyshock|p1a: Latias\n|-resisted|p1a: Latias\n|-damage|p1a: Latias|15/100\n|\n|upkeep\n|turn|10\n|inactive|Time left: 300 sec this turn | 300 sec total\n|\n|t:|1783568963\n|move|p1a: Latias|Draco Meteor|p2a: Reuniclus\n|-damage|p2a: Reuniclus|0 fnt\n|-unboost|p1a: Latias|spa|2\n|faint|p2a: Reuniclus\n|\n|upkeep\n|inactive|Time left: 300 sec this turn | 300 sec total | 5 sec grace\n|\n|t:|1783568964\n|switch|p2a: Mabosstiff|Mabosstiff, L86, F|278/278\n|turn|11\n|inactive|Time left: 300 sec this turn | 300 sec total\n|\n|t:|1783568965\n|move|p2a: Mabosstiff|Crunch|p1a: Latias\n|-supereffective|p1a: Latias\n|-damage|p1a: Latias|0 fnt\n|faint|p1a: Latias\n|\n|upkeep\n|\n|t:|1783568966\n|switch|p1a: Dusknoir|Dusknoir, L89, F|100/100\n|-item|p2a: Mabosstiff|Choice Scarf|[from] ability: Frisk|[of] p1a: Dusknoir\n|turn|12\n|inactive|Time left: 300 sec this turn | 300 sec total\n|\n|t:|1783568967\n|move|p2a: Mabosstiff|Crunch|p1a: Dusknoir\n|-supereffective|p1a: Dusknoir\n|-damage|p1a: Dusknoir|36/100\n|move|p1a: Dusknoir|Will-O-Wisp|p2a: Mabosstiff\n|-status|p2a: Mabosstiff|brn\n|\n|-heal|p1a: Dusknoir|42/100|[from] item: Leftovers\n|-damage|p2a: Mabosstiff|261/278 brn|[from] brn\n|upkeep\n|turn|13\n|inactive|Time left: 300 sec this turn | 300 sec total\n|\n|t:|1783568968\n|move|p2a: Mabosstiff|Crunch|p1a: Dusknoir\n|-supereffective|p1a: Dusknoir\n|-damage|p1a: Dusknoir|11/100\n|move|p1a: Dusknoir|Pain Split|p2a: Mabosstiff\n|-sethp|p2a: Mabosstiff|142/278 brn|[from] move: Pain Split|[silent]\n|-sethp|p1a: Dusknoir|64/100|[from] move: Pain Split\n|\n|-heal|p1a: Dusknoir|70/100|[from] item: Leftovers\n|-damage|p2a: Mabosstiff|125/278 brn|[from] brn\n|upkeep\n|turn|14\n|inactive|Time left: 300 sec this turn | 300 sec total\n|\n|t:|1783568969\n|move|p2a: Mabosstiff|Crunch|p1a: Dusknoir\n|-supereffective|p1a: Dusknoir\n|-damage|p1a: Dusknoir|39/100\n|-unboost|p1a: Dusknoir|def|1\n|move|p1a: Dusknoir|Will-O-Wisp|p2a: Mabosstiff\n|-fail|p2a: Mabosstiff|brn\n|\n|-heal|p1a: Dusknoir|45/100|[from] item: Leftovers\n|-damage|p2a: Mabosstiff|108/278 brn|[from] brn\n|upkeep\n|turn|15\n|inactive|Time left: 300 sec this turn | 300 sec total\n|\n|t:|1783568970\n|switch|p1a: Greninja|Greninja, L80, M|81/100\n|move|p2a: Mabosstiff|Crunch|p1a: Greninja\n|-resisted|p1a: Greninja\n|-damage|p1a: Greninja|53/100\n|\n|-damage|p2a: Mabosstiff|91/278 brn|[from] brn\n|upkeep\n|turn|16\n|inactive|Time left: 300 sec this turn | 300 sec total\n|\n|t:|1783568971\n|move|p2a: Mabosstiff|Crunch|p1a: Greninja\n|-resisted|p1a: Greninja\n|-damage|p1a: Greninja|39/100\n|move|p1a: Greninja|Hydro Pump|p2a: Mabosstiff\n|-start|p1a: Greninja|typechange|Water|[from] ability: Protean\n|-damage|p2a: Mabosstiff|0 fnt\n|faint|p2a: Mabosstiff\n|-damage|p1a: Greninja|29/100|[from] item: Life Orb\n|\n|upkeep\n|inactive|Time left: 300 sec this turn | 300 sec total | 5 sec grace\n|\n|t:|1783568972\n|switch|p2a: Vileplume|Vileplume, L85, M|266/266\n|turn|17\n|inactive|Time left: 300 sec this turn | 300 sec total\n|\n|t:|1783568973\n|move|p1a: Greninja|Ice Beam|p2a: Vileplume\n|-supereffective|p2a: Vileplume\n|-damage|p2a: Vileplume|110/266\n|-damage|p1a: Greninja|19/100|[from] item: Life Orb\n|move|p2a: Vileplume|Sludge Bomb|p1a: Greninja\n|-damage|p1a: Greninja|0 fnt\n|faint|p1a: Greninja\n|\n|-heal|p2a: Vileplume|126/266|[from] item: Leftovers\n|upkeep\n|\n|t:|1783568974\n|switch|p1a: Seviper|Seviper, L93, M|100/100\n|turn|18\n|inactive|Time left: 300 sec this turn | 300 sec total\n|\n|t:|1783568975\n|move|p1a: Seviper|Gunk Shot|p2a: Vileplume\n|-damage|p2a: Vileplume|0 fnt\n|faint|p2a: Vileplume\n|\n|upkeep\n|inactive|Time left: 300 sec this turn | 300 sec total | 5 sec grace\n|\n|t:|1783568976\n|switch|p2a: Stonjourner|Stonjourner, L91, M|330/330\n|turn|19\n|inactive|Time left: 300 sec this turn | 300 sec total\n|\n|t:|1783568977\n|switch|p1a: Dusknoir|Dusknoir, L89, F|45/100\n|-item|p2a: Stonjourner|Life Orb|[from] ability: Frisk|[of] p1a: Dusknoir\n|move|p2a: Stonjourner|Earthquake|p1a: Dusknoir\n|-crit|p1a: Dusknoir\n|-damage|p1a: Dusknoir|0 fnt\n|faint|p1a: Dusknoir\n|-damage|p2a: Stonjourner|297/330|[from] item: Life Orb\n|\n|upkeep\n|\n|t:|1783568978\n|switch|p1a: Seviper|Seviper, L93, M|100/100\n|turn|20\n|inactive|Time left: 300 sec this turn | 300 sec total\n|\n|t:|1783568979\n|move|p1a: Seviper|Giga Drain|p2a: Stonjourner\n|-supereffective|p2a: Stonjourner\n|-damage|p2a: Stonjourner|0 fnt\n|faint|p2a: Stonjourner\n|\n|upkeep\n|inactive|Time left: 300 sec this turn | 300 sec total | 5 sec grace\n|\n|t:|1783568980\n|switch|p2a: Arceus|Arceus-Rock, L74|300/300\n|turn|21\n|inactive|Time left: 300 sec this turn | 300 sec total\n|\n|t:|1783568981\n|move|p1a: Seviper|Giga Drain|p2a: Arceus\n|-supereffective|p2a: Arceus\n|-damage|p2a: Arceus|186/300\n|move|p2a: Arceus|Swords Dance|p2a: Arceus\n|-boost|p2a: Arceus|atk|2\n|\n|upkeep\n|turn|22\n|inactive|Time left: 300 sec this turn | 300 sec total\n|\n|t:|1783568982\n|-terastallize|p1a: Seviper|Grass\n|move|p1a: Seviper|Giga Drain|p2a: Arceus\n|-supereffective|p2a: Arceus\n|-damage|p2a: Arceus|10/300\n|move|p2a: Arceus|Recover|p2a: Arceus\n|-heal|p2a: Arceus|160/300\n|\n|upkeep\n|turn|23\n|inactive|Time left: 300 sec this turn | 300 sec total\n|\n|t:|1783568983\n|switch|p2a: Trevenant|Trevenant, L89, F|152/296 frz\n|move|p1a: Seviper|Giga Drain|p2a: Trevenant\n|-resisted|p2a: Trevenant\n|-damage|p2a: Trevenant|98/296 frz\n|-enditem|p2a: Trevenant|Sitrus Berry|[eat]\n|-heal|p2a: Trevenant|172/296 frz|[from] item: Sitrus Berry\n|\n|-item|p2a: Trevenant|Sitrus Berry|[from] ability: Harvest\n|upkeep\n|turn|24\n|inactive|Time left: 300 sec this turn | 300 sec total\n|\n|t:|1783568985\n|move|p1a: Seviper|Giga Drain|p2a: Trevenant\n|-resisted|p2a: Trevenant\n|-damage|p2a: Trevenant|123/296 frz\n|-enditem|p2a: Trevenant|Sitrus Berry|[eat]\n|-heal|p2a: Trevenant|197/296 frz|[from] item: Sitrus Berry\n|-curestatus|p2a: Trevenant|frz|[msg]\n|move|p2a: Trevenant|Poltergeist|p1a: Seviper\n|-activate|p1a: Seviper|move: Poltergeist|Choice Scarf\n|-damage|p1a: Seviper|40/100\n|\n|upkeep\n|turn|25\n|inactive|Time left: 300 sec this turn | 300 sec total\n|\n|t:|1783568986\n|move|p1a: Seviper|Giga Drain|p2a: Trevenant\n|-resisted|p2a: Trevenant\n|-damage|p2a: Trevenant|147/296\n|-heal|p1a: Seviper|49/100|[from] drain|[of] p2a: Trevenant\n|move|p2a: Trevenant|Poltergeist|p1a: Seviper\n|-activate|p1a: Seviper|move: Poltergeist|Choice Scarf\n|-damage|p1a: Seviper|0 fnt\n|faint|p1a: Seviper\n|\n|upkeep\n|\n|t:|1783568987\n|switch|p1a: Iron Treads|Iron Treads, L77|100/100\n|turn|26\n|inactive|Time left: 300 sec this turn | 300 sec total\n|\n|t:|1783568988\n|move|p1a: Iron Treads|Iron Head|p2a: Trevenant\n|-damage|p2a: Trevenant|57/296\n|move|p2a: Trevenant|Drain Punch|p1a: Iron Treads\n|-supereffective|p1a: Iron Treads\n|-damage|p1a: Iron Treads|61/100\n|-heal|p2a: Trevenant|109/296|[from] drain|[of] p1a: Iron Treads\n|\n|-item|p2a: Trevenant|Sitrus Berry|[from] ability: Harvest\n|upkeep\n|-enditem|p2a: Trevenant|Sitrus Berry|[eat]\n|-heal|p2a: Trevenant|183/296|[from] item: Sitrus Berry\n|turn|27\n|inactive|Time left: 300 sec this turn | 300 sec total\n|\n|t:|1783568989\n|move|p1a: Iron Treads|Iron Head|p2a: Trevenant\n|-crit|p2a: Trevenant\n|-damage|p2a: Trevenant|47/296\n|cant|p2a: Trevenant|flinch\n|\n|upkeep\n|turn|28\n|inactive|Time left: 300 sec this turn | 300 sec total\n|\n|t:|1783568990\n|move|p1a: Iron Treads|Iron Head|p2a: Trevenant\n|-crit|p2a: Trevenant\n|-damage|p2a: Trevenant|0 fnt\n|faint|p2a: Trevenant\n|\n|upkeep\n|inactive|Time left: 300 sec this turn | 300 sec total | 5 sec grace\n|\n|t:|1783568991\n|switch|p2a: Arceus|Arceus-Rock, L74|160/300\n|turn|29\n|inactive|Time left: 300 sec this turn | 300 sec total\n|\n|t:|1783568991\n|-terastallize|p2a: Arceus|Ground\n|move|p2a: Arceus|Swords Dance|p2a: Arceus\n|-boost|p2a: Arceus|atk|2\n|move|p1a: Iron Treads|Rapid Spin|p2a: Arceus\n|-damage|p2a: Arceus|128/300\n|-boost|p1a: Iron Treads|spe|1\n|\n|upkeep\n|turn|30\n|inactive|Time left: 300 sec this turn | 300 sec total\n|\n|t:|1783568992\n|move|p1a: Iron Treads|Iron Head|p2a: Arceus\n|-damage|p2a: Arceus|55/300\n|move|p2a: Arceus|Earthquake|p1a: Iron Treads\n|-supereffective|p1a: Iron Treads\n|-damage|p1a: Iron Treads|0 fnt\n|faint|p1a: Iron Treads\n|-end|p1a: Iron Treads|Quark Drive|[silent]\n|\n|upkeep\n|\n|t:|1783568993\n|switch|p1a: Iron Boulder|Iron Boulder, L77|100/100\n|turn|31\n|inactive|Time left: 300 sec this turn | 300 sec total\n|\n|t:|1783568994\n|move|p1a: Iron Boulder|Close Combat|p2a: Arceus\n|-damage|p2a: Arceus|0 fnt\n|-unboost|p1a: Iron Boulder|def|1\n|-unboost|p1a: Iron Boulder|spd|1\n|faint|p2a: Arceus\n|-damage|p1a: Iron Boulder|91/100|[from] item: Life Orb\n|\n|win|p0x24986268", "uploadtime": 1783568994, "views": 0, "rating": 0, "private": 0, "password": null, "_winner": "p0x24986268", "_our_name": "p0y2498afe0"}