{"id": "battle-gen9randombattle-31", "formatid": "gen9randombattle", "format": "[Gen 9] Random Battle", "players": ["p0x031b6c7", "p0y0319fe2"], "log": "|init|battle\n|title|p0x031b6c7 vs. p0y0319fe2\n|j|\u2606p0x031b6c7\n|j|\u2606p0y0319fe2\n|t:|1783533605\n|gametype|singles\n|player|p1|p0x031b6c7|102|\n|player|p2|p0y0319fe2|1|\n|gen|9\n|tier|[Gen 9] Random Battle\n|rule|Species Clause: Limit one of each Pok\u00e9mon\n|rule|HP Percentage Mod: HP is shown in percentages\n|rule|Sleep Clause Mod: Limit one foe put to sleep\n|rule|Illusion Level Mod: Illusion disguises the Pok\u00e9mon's true level\n|\n|t:|1783533605\n|teamsize|p1|6\n|teamsize|p2|6\n|start\n|switch|p1a: Dedenne|Dedenne, L88, M|100/100\n|switch|p2a: Donphan|Donphan, L84, F|288/288\n|turn|1\n|inactive|Battle timer is ON: inactive players will automatically lose when time's up. (requested by p0x031b6c7)\n|inactive|Time left: 300 sec this turn | 300 sec total | 60 sec grace\n|inactive|p0y0319fe2 also wants the timer to be on.\n|\n|t:|1783533606\n|switch|p1a: Lurantis|Lurantis, L87, M|100/100\n|move|p2a: Donphan|Earthquake|p1a: Lurantis\n|-resisted|p1a: Lurantis\n|-damage|p1a: Lurantis|77/100\n|\n|-heal|p1a: Lurantis|83/100|[from] item: Leftovers\n|upkeep\n|turn|2\n|inactive|Time left: 300 sec this turn | 300 sec total\n|\n|t:|1783533607\n|switch|p2a: Braviary|Braviary-Hisui, L85, M|326/326\n|move|p1a: Lurantis|Leaf Storm|p2a: Braviary\n|-resisted|p2a: Braviary\n|-damage|p2a: Braviary|253/326\n|-boost|p1a: Lurantis|spa|2\n|\n|-heal|p1a: Lurantis|89/100|[from] item: Leftovers\n|upkeep\n|turn|3\n|inactive|Time left: 300 sec this turn | 300 sec total\n|\n|t:|1783533609\n|move|p2a: Braviary|Hurricane|p1a: Lurantis|[miss]\n|-miss|p2a: Braviary|p1a: Lurantis\n|move|p1a: Lurantis|Leaf Storm|p2a: Braviary\n|-resisted|p2a: Braviary\n|-damage|p2a: Braviary|114/326\n|-boost|p1a: Lurantis|spa|2\n|\n|-heal|p1a: Lurantis|95/100|[from] item: Leftovers\n|upkeep\n|turn|4\n|inactive|Time left: 300 sec this turn | 300 sec total\n|\n|t:|1783533610\n|move|p2a: Braviary|Hurricane|p1a: Lurantis|[miss]\n|-miss|p2a: Braviary|p1a: Lurantis\n|move|p1a: Lurantis|Leaf Storm|p2a: Braviary\n|-resisted|p2a: Braviary\n|-damage|p2a: Braviary|0 fnt\n|-boost|p1a: Lurantis|spa|2\n|faint|p2a: Braviary\n|\n|-heal|p1a: Lurantis|100/100|[from] item: Leftovers\n|upkeep\n|inactive|Time left: 300 sec this turn | 300 sec total | 5 sec grace\n|\n|t:|1783533611\n|switch|p2a: Avalugg|Avalugg, L88, F|310/310\n|turn|5\n|inactive|Time left: 300 sec this turn | 300 sec total\n|\n|t:|1783533612\n|move|p1a: Lurantis|Superpower|p2a: Avalugg\n|-supereffective|p2a: Avalugg\n|-damage|p2a: Avalugg|210/310\n|-boost|p1a: Lurantis|atk|1\n|-boost|p1a: Lurantis|def|1\n|move|p2a: Avalugg|Avalanche|p1a: Lurantis\n|-supereffective|p1a: Lurantis\n|-damage|p1a: Lurantis|29/100\n|\n|-heal|p1a: Lurantis|35/100|[from] item: Leftovers\n|upkeep\n|turn|6\n|inactive|Time left: 300 sec this turn | 300 sec total\n|\n|t:|1783533613\n|move|p1a: Lurantis|Synthesis|p1a: Lurantis\n|-heal|p1a: Lurantis|85/100\n|move|p2a: Avalugg|Avalanche|p1a: Lurantis\n|-supereffective|p1a: Lurantis\n|-damage|p1a: Lurantis|47/100\n|\n|-heal|p1a: Lurantis|53/100|[from] item: Leftovers\n|upkeep\n|turn|7\n|inactive|Time left: 300 sec this turn | 300 sec total\n|\n|t:|1783533614\n|move|p1a: Lurantis|Leaf Storm|p2a: Avalugg\n|-damage|p2a: Avalugg|0 fnt\n|faint|p2a: Avalugg\n|\n|-heal|p1a: Lurantis|59/100|[from] item: Leftovers\n|upkeep\n|inactive|Time left: 300 sec this turn | 300 sec total | 5 sec grace\n|\n|t:|1783533615\n|switch|p2a: Kricketune|Kricketune, L99, M|312/312\n|turn|8\n|inactive|Time left: 300 sec this turn | 300 sec total\n|\n|t:|1783533616\n|move|p2a: Kricketune|Sticky Web|p1a: Lurantis\n|-sidestart|p1: p0x031b6c7|move: Sticky Web\n|move|p1a: Lurantis|Leaf Storm|p2a: Kricketune|[miss]\n|-miss|p1a: Lurantis|p2a: Kricketune\n|\n|-heal|p1a: Lurantis|65/100|[from] item: Leftovers\n|upkeep\n|turn|9\n|inactive|Time left: 300 sec this turn | 300 sec total\n|\n|t:|1783533618\n|move|p2a: Kricketune|Knock Off|p1a: Lurantis\n|-damage|p1a: Lurantis|44/100\n|-enditem|p1a: Lurantis|Leftovers|[from] move: Knock Off|[of] p2a: Kricketune\n|move|p1a: Lurantis|Leaf Storm|p2a: Kricketune\n|-resisted|p2a: Kricketune\n|-damage|p2a: Kricketune|18/312\n|\n|upkeep\n|turn|10\n|inactive|Time left: 300 sec this turn | 300 sec total\n|\n|t:|1783533619\n|-terastallize|p1a: Lurantis|Fighting\n|move|p2a: Kricketune|Taunt|p1a: Lurantis\n|-start|p1a: Lurantis|move: Taunt\n|cant|p1a: Lurantis|move: Taunt|Defog\n|\n|upkeep\n|turn|11\n|inactive|Time left: 300 sec this turn | 300 sec total\n|\n|t:|1783533620\n|move|p2a: Kricketune|Knock Off|p1a: Lurantis\n|-resisted|p1a: Lurantis\n|-damage|p1a: Lurantis|38/100\n|move|p1a: Lurantis|Leaf Storm|p2a: Kricketune\n|-resisted|p2a: Kricketune\n|-crit|p2a: Kricketune\n|-damage|p2a: Kricketune|0 fnt\n|faint|p2a: Kricketune\n|\n|upkeep\n|inactive|Time left: 300 sec this turn | 300 sec total | 5 sec grace\n|\n|t:|1783533621\n|switch|p2a: Hypno|Hypno, L95, F|315/315\n|turn|12\n|inactive|Time left: 300 sec this turn | 300 sec total\n|\n|t:|1783533622\n|move|p2a: Hypno|Psychic Noise|p1a: Lurantis\n|-supereffective|p1a: Lurantis\n|-damage|p1a: Lurantis|0 fnt\n|faint|p1a: Lurantis\n|\n|upkeep\n|\n|t:|1783533623\n|switch|p1a: Maushold|Maushold, L76|100/100\n|-activate|p1a: Maushold|move: Sticky Web\n|-unboost|p1a: Maushold|spe|1\n|turn|13\n|inactive|Time left: 300 sec this turn | 300 sec total\n|\n|t:|1783533624\n|-terastallize|p2a: Hypno|Fighting\n|move|p2a: Hypno|Focus Blast|p1a: Maushold\n|-supereffective|p1a: Maushold\n|-damage|p1a: Maushold|0 fnt\n|faint|p1a: Maushold\n|\n|upkeep\n|\n|t:|1783533625\n|switch|p1a: Primarina|Primarina, L83, M|100/100\n|-activate|p1a: Primarina|move: Sticky Web\n|-unboost|p1a: Primarina|spe|1\n|turn|14\n|inactive|Time left: 300 sec this turn | 300 sec total\n|\n|t:|1783533626\n|move|p2a: Hypno|Toxic|p1a: Primarina\n|-status|p1a: Primarina|tox\n|move|p1a: Primarina|Moonblast|p2a: Hypno\n|-supereffective|p2a: Hypno\n|-damage|p2a: Hypno|123/315\n|-unboost|p2a: Hypno|spa|1\n|\n|-heal|p2a: Hypno|142/315|[from] item: Leftovers\n|-damage|p1a: Primarina|95/100 tox|[from] psn\n|upkeep\n|turn|15\n|inactive|Time left: 300 sec this turn | 300 sec total\n|\n|t:|1783533628\n|move|p2a: Hypno|Protect|p2a: Hypno\n|-singleturn|p2a: Hypno|Protect\n|move|p1a: Primarina|Moonblast|p2a: Hypno\n|-activate|p2a: Hypno|move: Protect\n|\n|-heal|p2a: Hypno|161/315|[from] item: Leftovers\n|-heal|p1a: Primarina|100/100 tox|[from] item: Leftovers\n|-damage|p1a: Primarina|89/100 tox|[from] psn\n|upkeep\n|turn|16\n|inactive|Time left: 300 sec this turn | 300 sec total\n|\n|t:|1783533629\n|move|p2a: Hypno|Psychic Noise|p1a: Primarina\n|-damage|p1a: Primarina|72/100 tox\n|-start|p1a: Primarina|move: Heal Block\n|move|p1a: Primarina|Moonblast|p2a: Hypno\n|-supereffective|p2a: Hypno\n|-damage|p2a: Hypno|0 fnt\n|faint|p2a: Hypno\n|\n|-damage|p1a: Primarina|54/100 tox|[from] psn\n|upkeep\n|inactive|Time left: 300 sec this turn | 300 sec total | 5 sec grace\n|\n|t:|1783533630\n|switch|p2a: Donphan|Donphan, L84, F|288/288\n|turn|17\n|inactive|Time left: 300 sec this turn | 300 sec total\n|\n|t:|1783533631\n|move|p2a: Donphan|Earthquake|p1a: Primarina\n|-damage|p1a: Primarina|0 fnt\n|faint|p1a: Primarina\n|\n|upkeep\n|\n|t:|1783533632\n|switch|p1a: Feraligatr|Feraligatr, L79, F|100/100\n|-activate|p1a: Feraligatr|move: Sticky Web\n|-unboost|p1a: Feraligatr|spe|1\n|turn|18\n|inactive|Time left: 300 sec this turn | 300 sec total\n|\n|t:|1783533632\n|move|p2a: Donphan|Earthquake|p1a: Feraligatr\n|-damage|p1a: Feraligatr|57/100\n|move|p1a: Feraligatr|Liquidation|p2a: Donphan\n|-supereffective|p2a: Donphan\n|-damage|p2a: Donphan|83/288\n|\n|-heal|p2a: Donphan|101/288|[from] item: Leftovers\n|upkeep\n|turn|19\n|inactive|Time left: 300 sec this turn | 300 sec total\n|\n|t:|1783533634\n|move|p2a: Donphan|Rapid Spin|p1a: Feraligatr\n|-crit|p1a: Feraligatr\n|-damage|p1a: Feraligatr|32/100\n|-boost|p2a: Donphan|spe|1\n|move|p1a: Feraligatr|Liquidation|p2a: Donphan\n|-supereffective|p2a: Donphan\n|-damage|p2a: Donphan|0 fnt\n|faint|p2a: Donphan\n|\n|upkeep\n|inactive|Time left: 300 sec this turn | 300 sec total | 5 sec grace\n|\n|t:|1783533634\n|switch|p2a: Lilligant|Lilligant-Hisui, L79, F|240/240\n|turn|20\n|inactive|Time left: 300 sec this turn | 300 sec total\n|\n|t:|1783533635\n|move|p2a: Lilligant|Victory Dance|p2a: Lilligant\n|-boost|p2a: Lilligant|atk|1\n|-boost|p2a: Lilligant|def|1\n|-boost|p2a: Lilligant|spe|1\n|move|p1a: Feraligatr|Ice Punch|p2a: Lilligant\n|-supereffective|p2a: Lilligant\n|-damage|p2a: Lilligant|100/240\n|\n|upkeep\n|turn|21\n|inactive|Time left: 300 sec this turn | 300 sec total\n|\n|t:|1783533636\n|move|p2a: Lilligant|Victory Dance|p2a: Lilligant\n|-boost|p2a: Lilligant|atk|1\n|-boost|p2a: Lilligant|def|1\n|-boost|p2a: Lilligant|spe|1\n|move|p1a: Feraligatr|Ice Punch|p2a: Lilligant\n|-supereffective|p2a: Lilligant\n|-crit|p2a: Lilligant\n|-damage|p2a: Lilligant|0 fnt\n|faint|p2a: Lilligant\n|\n|win|p0x031b6c7", "uploadtime": 1783533636, "views": 0, "rating": 0, "private": 0, "password": null, "_winner": "p0x031b6c7", "_our_name": "p0y0319fe2"}