{"id": "battle-gen9randombattle-513", "formatid": "gen9randombattle", "format": "[Gen 9] Random Battle", "players": ["p0x51320ba", "p0y5138b35"], "log": "|init|battle\n|title|p0x51320ba vs. p0y5138b35\n|j|\u2606p0x51320ba\n|j|\u2606p0y5138b35\n|t:|1783545001\n|gametype|singles\n|player|p1|p0x51320ba|2|\n|player|p2|p0y5138b35|266|\n|gen|9\n|tier|[Gen 9] Random Battle\n|rule|Species Clause: Limit one of each Pok\u00e9mon\n|rule|HP Percentage Mod: HP is shown in percentages\n|rule|Sleep Clause Mod: Limit one foe put to sleep\n|rule|Illusion Level Mod: Illusion disguises the Pok\u00e9mon's true level\n|\n|t:|1783545001\n|teamsize|p1|6\n|teamsize|p2|6\n|start\n|switch|p1a: Magearna|Magearna-Original, L77|250/250\n|switch|p2a: Flutter Mane|Flutter Mane, L74|100/100\n|turn|1\n|inactive|Battle timer is ON: inactive players will automatically lose when time's up. (requested by p0x51320ba)\n|inactive|p0y5138b35 also wants the timer to be on.\n|\n|t:|1783545003\n|move|p2a: Flutter Mane|Calm Mind|p2a: Flutter Mane\n|-boost|p2a: Flutter Mane|spa|1\n|-boost|p2a: Flutter Mane|spd|1\n|move|p1a: Magearna|Iron Head|p2a: Flutter Mane\n|-supereffective|p2a: Flutter Mane\n|-damage|p2a: Flutter Mane|0 fnt\n|faint|p2a: Flutter Mane\n|-ability|p1a: Magearna|Soul-Heart|boost\n|-boost|p1a: Magearna|spa|1\n|-end|p2a: Flutter Mane|Protosynthesis|[silent]\n|\n|upkeep\n|\n|t:|1783545004\n|switch|p2a: Tentacruel|Tentacruel, L84, F|100/100\n|turn|2\n|inactive|Time left: 300 sec this turn | 300 sec total\n|\n|t:|1783545005\n|move|p2a: Tentacruel|Toxic Spikes|p1a: Magearna\n|-sidestart|p1: p0x51320ba|move: Toxic Spikes\n|move|p1a: Magearna|Shift Gear|p1a: Magearna\n|-boost|p1a: Magearna|spe|2\n|-boost|p1a: Magearna|atk|1\n|\n|upkeep\n|turn|3\n|inactive|Time left: 300 sec this turn | 300 sec total\n|\n|t:|1783545006\n|move|p1a: Magearna|Shift Gear|p1a: Magearna\n|-boost|p1a: Magearna|spe|2\n|-boost|p1a: Magearna|atk|1\n|move|p2a: Tentacruel|Rapid Spin|p1a: Magearna\n|-resisted|p1a: Magearna\n|-damage|p1a: Magearna|237/250\n|-boost|p2a: Tentacruel|spe|1\n|\n|upkeep\n|turn|4\n|inactive|Time left: 300 sec this turn | 300 sec total\n|\n|t:|1783545007\n|move|p1a: Magearna|Iron Head|p2a: Tentacruel\n|-resisted|p2a: Tentacruel\n|-damage|p2a: Tentacruel|67/100\n|cant|p2a: Tentacruel|flinch\n|\n|-heal|p2a: Tentacruel|74/100|[from] item: Leftovers\n|upkeep\n|turn|5\n|inactive|Time left: 300 sec this turn | 300 sec total\n|\n|t:|1783545008\n|move|p1a: Magearna|Iron Head|p2a: Tentacruel\n|-resisted|p2a: Tentacruel\n|-damage|p2a: Tentacruel|43/100\n|cant|p2a: Tentacruel|flinch\n|\n|-heal|p2a: Tentacruel|49/100|[from] item: Leftovers\n|upkeep\n|turn|6\n|inactive|Time left: 300 sec this turn | 300 sec total\n|\n|t:|1783545010\n|move|p1a: Magearna|Iron Head|p2a: Tentacruel\n|-resisted|p2a: Tentacruel\n|-damage|p2a: Tentacruel|14/100\n|move|p2a: Tentacruel|Surf|p1a: Magearna\n|-damage|p1a: Magearna|167/250\n|\n|-heal|p2a: Tentacruel|21/100|[from] item: Leftovers\n|upkeep\n|turn|7\n|inactive|Time left: 300 sec this turn | 300 sec total\n|\n|t:|1783545011\n|move|p1a: Magearna|Iron Head|p2a: Tentacruel\n|-resisted|p2a: Tentacruel\n|-damage|p2a: Tentacruel|0 fnt\n|faint|p2a: Tentacruel\n|-ability|p1a: Magearna|Soul-Heart|boost\n|-boost|p1a: Magearna|spa|1\n|\n|upkeep\n|\n|t:|1783545012\n|switch|p2a: Gurdurr|Gurdurr, L85, M|100/100\n|turn|8\n|inactive|Time left: 300 sec this turn | 300 sec total\n|\n|t:|1783545014\n|move|p1a: Magearna|Iron Head|p2a: Gurdurr\n|-damage|p2a: Gurdurr|68/100\n|move|p2a: Gurdurr|Drain Punch|p1a: Magearna\n|-damage|p1a: Magearna|86/250\n|-heal|p2a: Gurdurr|82/100|[from] drain|[of] p1a: Magearna\n|\n|upkeep\n|turn|9\n|inactive|Time left: 300 sec this turn | 300 sec total\n|\n|t:|1783545015\n|-terastallize|p2a: Gurdurr|Steel\n|move|p1a: Magearna|Fleur Cannon|p2a: Gurdurr\n|-resisted|p2a: Gurdurr\n|-damage|p2a: Gurdurr|28/100\n|-unboost|p1a: Magearna|spa|2\n|move|p2a: Gurdurr|Drain Punch|p1a: Magearna\n|-damage|p1a: Magearna|5/250\n|-heal|p2a: Gurdurr|43/100|[from] drain|[of] p1a: Magearna\n|\n|upkeep\n|turn|10\n|inactive|Time left: 300 sec this turn | 300 sec total\n|\n|t:|1783545016\n|-terastallize|p1a: Magearna|Ground\n|move|p2a: Gurdurr|Mach Punch|p1a: Magearna\n|-damage|p1a: Magearna|0 fnt\n|faint|p1a: Magearna\n|\n|upkeep\n|inactive|Time left: 300 sec this turn | 300 sec total | 5 sec grace\n|\n|t:|1783545017\n|switch|p1a: Venusaur|Venusaur, L84, M|272/272\n|-sideend|p1: p0x51320ba|move: Toxic Spikes|[of] p1a: Venusaur\n|turn|11\n|inactive|Time left: 300 sec this turn | 300 sec total\n|\n|t:|1783545019\n|move|p1a: Venusaur|Earth Power|p2a: Gurdurr\n|-supereffective|p2a: Gurdurr\n|-crit|p2a: Gurdurr\n|-damage|p2a: Gurdurr|0 fnt\n|faint|p2a: Gurdurr\n|\n|upkeep\n|\n|t:|1783545020\n|switch|p2a: Cacturne|Cacturne, L92, M|100/100\n|turn|12\n|inactive|Time left: 300 sec this turn | 300 sec total\n|\n|t:|1783545021\n|switch|p2a: Duraludon|Duraludon, L82, F|100/100\n|move|p1a: Venusaur|Sludge Bomb|p2a: Duraludon\n|-immune|p2a: Duraludon\n|\n|upkeep\n|turn|13\n|inactive|Time left: 300 sec this turn | 300 sec total\n|\n|t:|1783545022\n|move|p2a: Duraludon|Stealth Rock|p1a: Venusaur\n|-sidestart|p1: p0x51320ba|move: Stealth Rock\n|move|p1a: Venusaur|Earth Power|p2a: Duraludon\n|-supereffective|p2a: Duraludon\n|-damage|p2a: Duraludon|50/100\n|\n|upkeep\n|turn|14\n|inactive|Time left: 300 sec this turn | 300 sec total\n|\n|t:|1783545023\n|move|p2a: Duraludon|Flash Cannon|p1a: Venusaur\n|-damage|p1a: Venusaur|178/272\n|move|p1a: Venusaur|Earth Power|p2a: Duraludon\n|-supereffective|p2a: Duraludon\n|-damage|p2a: Duraludon|0 fnt\n|faint|p2a: Duraludon\n|\n|-heal|p1a: Venusaur|195/272|[from] item: Leftovers\n|upkeep\n|\n|t:|1783545024\n|switch|p2a: Klefki|Klefki, L84, M|100/100\n|turn|15\n|inactive|Time left: 300 sec this turn | 300 sec total\n|\n|t:|1783545025\n|move|p2a: Klefki|Thunder Wave|p1a: Venusaur\n|-status|p1a: Venusaur|par\n|move|p1a: Venusaur|Earth Power|p2a: Klefki\n|-supereffective|p2a: Klefki\n|-damage|p2a: Klefki|41/100\n|\n|-heal|p2a: Klefki|47/100|[from] item: Leftovers\n|-heal|p1a: Venusaur|212/272 par|[from] item: Leftovers\n|upkeep\n|turn|16\n|inactive|Time left: 300 sec this turn | 300 sec total\n|\n|t:|1783545026\n|move|p2a: Klefki|Spikes|p1a: Venusaur\n|-sidestart|p1: p0x51320ba|Spikes\n|cant|p1a: Venusaur|par\n|\n|-heal|p2a: Klefki|53/100|[from] item: Leftovers\n|-heal|p1a: Venusaur|229/272 par|[from] item: Leftovers\n|upkeep\n|turn|17\n|inactive|Time left: 300 sec this turn | 300 sec total\n|\n|t:|1783545027\n|move|p2a: Klefki|Spikes|p1a: Venusaur\n|-sidestart|p1: p0x51320ba|Spikes\n|move|p1a: Venusaur|Earth Power|p2a: Klefki\n|-supereffective|p2a: Klefki\n|-damage|p2a: Klefki|0 fnt\n|faint|p2a: Klefki\n|\n|-heal|p1a: Venusaur|246/272 par|[from] item: Leftovers\n|upkeep\n|\n|t:|1783545028\n|switch|p2a: Cacturne|Cacturne, L92, M|100/100\n|turn|18\n|inactive|Time left: 300 sec this turn | 300 sec total\n|\n|t:|1783545029\n|move|p2a: Cacturne|Swords Dance|p2a: Cacturne\n|-boost|p2a: Cacturne|atk|2\n|move|p1a: Venusaur|Sludge Bomb|p2a: Cacturne\n|-supereffective|p2a: Cacturne\n|-damage|p2a: Cacturne|18/100\n|-status|p2a: Cacturne|psn\n|\n|-heal|p1a: Venusaur|263/272 par|[from] item: Leftovers\n|-damage|p2a: Cacturne|6/100 psn|[from] psn\n|upkeep\n|turn|19\n|inactive|Time left: 300 sec this turn | 300 sec total\n|\n|t:|1783545030\n|switch|p1a: Stonjourner|Stonjourner, L91, F|330/330\n|-damage|p1a: Stonjourner|289/330|[from] Stealth Rock\n|-damage|p1a: Stonjourner|234/330|[from] Spikes\n|move|p2a: Cacturne|Knock Off|p1a: Stonjourner\n|-damage|p1a: Stonjourner|14/330\n|-enditem|p1a: Stonjourner|Life Orb|[from] move: Knock Off|[of] p2a: Cacturne\n|-damage|p2a: Cacturne|0 fnt|[from] item: Life Orb\n|faint|p2a: Cacturne\n|\n|win|p0x51320ba", "uploadtime": 1783545031, "views": 0, "rating": 0, "private": 0, "password": null, "_winner": "p0x51320ba", "_our_name": "p0x51320ba"}