{"id": "battle-gen9randombattle-1235", "formatid": "gen9randombattle", "format": "[Gen 9] Random Battle", "players": ["p0x1235fe90", "p0y12357734"], "log": "|init|battle\n|title|p0x1235fe90 vs. p0y12357734\n|j|\u2606p0x1235fe90\n|j|\u2606p0y12357734\n|t:|1783554272\n|gametype|singles\n|player|p1|p0x1235fe90|169|\n|player|p2|p0y12357734|169|\n|gen|9\n|tier|[Gen 9] Random Battle\n|rule|Species Clause: Limit one of each Pok\u00e9mon\n|rule|HP Percentage Mod: HP is shown in percentages\n|rule|Sleep Clause Mod: Limit one foe put to sleep\n|rule|Illusion Level Mod: Illusion disguises the Pok\u00e9mon's true level\n|\n|t:|1783554272\n|teamsize|p1|6\n|teamsize|p2|6\n|start\n|switch|p1a: Cyclizar|Cyclizar, L84, F|100/100\n|switch|p2a: Rotom|Rotom-Heat, L83|219/219\n|turn|1\n|inactive|Battle timer is ON: inactive players will automatically lose when time's up. (requested by p0y12357734)\n|\n|t:|1783554274\n|move|p1a: Cyclizar|Knock Off|p2a: Rotom\n|-crit|p2a: Rotom\n|-damage|p2a: Rotom|137/219\n|-enditem|p2a: Rotom|Heavy-Duty Boots|[from] move: Knock Off|[of] p1a: Cyclizar\n|move|p2a: Rotom|Nasty Plot|p2a: Rotom\n|-boost|p2a: Rotom|spa|2\n|\n|upkeep\n|turn|2\n|inactive|Time left: 300 sec this turn | 300 sec total\n|inactive|p0x1235fe90 also wants the timer to be on.\n|\n|t:|1783554275\n|move|p1a: Cyclizar|Shed Tail|p1a: Cyclizar\n|-start|p1a: Cyclizar|Substitute|[from] move: Shed Tail\n|-damage|p1a: Cyclizar|50/100\n|\n|t:|1783554276\n|switch|p1a: Salamence|Salamence, L77, F|100/100|[from] Shed Tail\n|move|p2a: Rotom|Pain Split||[still]\n|-fail|p2a: Rotom\n|\n|upkeep\n|turn|3\n|inactive|Time left: 300 sec this turn | 300 sec total\n|\n|t:|1783554277\n|switch|p2a: Dachsbun|Dachsbun, L92, F|254/254\n|-terastallize|p1a: Salamence|Dragon\n|move|p1a: Salamence|Outrage|p2a: Dachsbun\n|-immune|p2a: Dachsbun\n|\n|upkeep\n|turn|4\n|inactive|Time left: 300 sec this turn | 300 sec total\n|\n|t:|1783554278\n|move|p2a: Dachsbun|Body Press|p1a: Salamence\n|-end|p1a: Salamence|Substitute\n|move|p1a: Salamence|Dragon Dance|p1a: Salamence\n|-boost|p1a: Salamence|atk|1\n|-boost|p1a: Salamence|spe|1\n|\n|upkeep\n|turn|5\n|inactive|Time left: 300 sec this turn | 300 sec total\n|\n|t:|1783554279\n|move|p1a: Salamence|Dual Wingbeat|p2a: Dachsbun\n|-damage|p2a: Dachsbun|203/254\n|-damage|p2a: Dachsbun|152/254\n|-hitcount|p2a: Dachsbun|2\n|move|p2a: Dachsbun|Play Rough|p1a: Salamence\n|-supereffective|p1a: Salamence\n|-damage|p1a: Salamence|12/100\n|-unboost|p1a: Salamence|atk|1\n|\n|-heal|p2a: Dachsbun|167/254|[from] item: Leftovers\n|upkeep\n|turn|6\n|inactive|Time left: 300 sec this turn | 300 sec total\n|\n|t:|1783554280\n|move|p1a: Salamence|Earthquake|p2a: Dachsbun\n|-damage|p2a: Dachsbun|113/254\n|move|p2a: Dachsbun|Body Press|p1a: Salamence\n|-damage|p1a: Salamence|0 fnt\n|faint|p1a: Salamence\n|\n|-heal|p2a: Dachsbun|128/254|[from] item: Leftovers\n|upkeep\n|\n|t:|1783554281\n|switch|p1a: Overqwil|Overqwil, L82, F|100/100\n|-ability|p1a: Overqwil|Intimidate|boost\n|-unboost|p2a: Dachsbun|atk|1\n|turn|7\n|inactive|Time left: 300 sec this turn | 300 sec total\n|\n|t:|1783554282\n|move|p2a: Dachsbun|Wish|p2a: Dachsbun\n|move|p1a: Overqwil|Swords Dance|p1a: Overqwil\n|-boost|p1a: Overqwil|atk|2\n|\n|-heal|p2a: Dachsbun|143/254|[from] item: Leftovers\n|upkeep\n|turn|8\n|inactive|Time left: 300 sec this turn | 300 sec total\n|\n|t:|1783554283\n|move|p2a: Dachsbun|Play Rough|p1a: Overqwil\n|-damage|p1a: Overqwil|76/100\n|move|p1a: Overqwil|Gunk Shot|p2a: Dachsbun\n|-supereffective|p2a: Dachsbun\n|-damage|p2a: Dachsbun|0 fnt\n|faint|p2a: Dachsbun\n|-damage|p1a: Overqwil|67/100|[from] item: Life Orb\n|\n|upkeep\n|inactive|Time left: 300 sec this turn | 300 sec total | 5 sec grace\n|\n|t:|1783554284\n|switch|p2a: Noivern|Noivern, L82, M|274/274\n|turn|9\n|inactive|Time left: 300 sec this turn | 300 sec total\n|\n|t:|1783554286\n|move|p2a: Noivern|Draco Meteor|p1a: Overqwil\n|-damage|p1a: Overqwil|0 fnt\n|-unboost|p2a: Noivern|spa|2\n|faint|p1a: Overqwil\n|\n|upkeep\n|\n|t:|1783554287\n|switch|p1a: Maushold|Maushold-Four, L76|100/100\n|turn|10\n|inactive|Time left: 300 sec this turn | 300 sec total\n|\n|t:|1783554288\n|move|p2a: Noivern|Draco Meteor|p1a: Maushold\n|-damage|p1a: Maushold|50/100\n|-unboost|p2a: Noivern|spa|2\n|move|p1a: Maushold|Population Bomb|p2a: Noivern\n|-damage|p2a: Noivern|247/274\n|-damage|p2a: Noivern|220/274\n|-damage|p2a: Noivern|195/274\n|-damage|p2a: Noivern|171/274\n|-damage|p2a: Noivern|144/274\n|-damage|p2a: Noivern|119/274\n|-damage|p2a: Noivern|95/274\n|-damage|p2a: Noivern|70/274\n|-damage|p2a: Noivern|43/274\n|-damage|p2a: Noivern|16/274\n|-hitcount|p2a: Noivern|10\n|\n|upkeep\n|turn|11\n|inactive|Time left: 300 sec this turn | 300 sec total\n|\n|t:|1783554289\n|move|p2a: Noivern|Draco Meteor|p1a: Maushold\n|-damage|p1a: Maushold|14/100\n|-unboost|p2a: Noivern|spa|2\n|move|p1a: Maushold|Tidy Up|p1a: Maushold\n|-boost|p1a: Maushold|atk|1\n|-boost|p1a: Maushold|spe|1\n|\n|upkeep\n|turn|12\n|inactive|Time left: 300 sec this turn | 300 sec total\n|\n|t:|1783554290\n|move|p1a: Maushold|Population Bomb|p2a: Noivern\n|-damage|p2a: Noivern|0 fnt\n|faint|p2a: Noivern\n|-hitcount|p2: Noivern|1\n|\n|upkeep\n|inactive|Time left: 300 sec this turn | 300 sec total | 5 sec grace\n|\n|t:|1783554291\n|switch|p2a: Minior|Minior-Yellow, L79|224/224\n|-formechange|p2a: Minior|Minior-Meteor||[from] ability: Shields Down\n|turn|13\n|inactive|Time left: 300 sec this turn | 300 sec total\n|\n|t:|1783554292\n|move|p1a: Maushold|Bite|p2a: Minior\n|-damage|p2a: Minior|165/224\n|move|p2a: Minior|Shell Smash|p2a: Minior\n|-unboost|p2a: Minior|def|1\n|-unboost|p2a: Minior|spd|1\n|-boost|p2a: Minior|atk|2\n|-boost|p2a: Minior|spa|2\n|-boost|p2a: Minior|spe|2\n|-enditem|p2a: Minior|White Herb\n|-clearnegativeboost|p2a: Minior|[silent]\n|\n|upkeep\n|turn|14\n|inactive|Time left: 300 sec this turn | 300 sec total\n|\n|t:|1783554293\n|move|p1a: Maushold|Encore|p2a: Minior\n|-start|p2a: Minior|Encore\n|move|p2a: Minior|Shell Smash|p2a: Minior\n|-unboost|p2a: Minior|def|1\n|-unboost|p2a: Minior|spd|1\n|-boost|p2a: Minior|atk|2\n|-boost|p2a: Minior|spa|2\n|-boost|p2a: Minior|spe|2\n|\n|upkeep\n|turn|15\n|inactive|Time left: 300 sec this turn | 300 sec total\n|\n|t:|1783554294\n|switch|p2a: Rotom|Rotom-Heat, L83|137/219\n|move|p1a: Maushold|Population Bomb|p2a: Rotom\n|-damage|p2a: Rotom|110/219\n|-damage|p2a: Rotom|80/219\n|-damage|p2a: Rotom|50/219\n|-crit|p2a: Rotom\n|-damage|p2a: Rotom|4/219\n|-hitcount|p2a: Rotom|4\n|\n|upkeep\n|turn|16\n|inactive|Time left: 300 sec this turn | 300 sec total\n|\n|t:|1783554295\n|move|p1a: Maushold|Population Bomb|p2a: Rotom\n|-damage|p2a: Rotom|0 fnt\n|faint|p2a: Rotom\n|-hitcount|p2: Rotom|1\n|\n|upkeep\n|inactive|Time left: 300 sec this turn | 300 sec total | 5 sec grace\n|\n|t:|1783554296\n|switch|p2a: Swalot|Swalot, L90, F|326/326\n|turn|17\n|inactive|Time left: 300 sec this turn | 300 sec total\n|\n|t:|1783554297\n|move|p1a: Maushold|Population Bomb|p2a: Swalot\n|-damage|p2a: Swalot|293/326\n|-damage|p2a: Swalot|263/326\n|-damage|p2a: Swalot|230/326\n|-damage|p2a: Swalot|197/326\n|-damage|p2a: Swalot|164/326\n|-damage|p2a: Swalot|130/326\n|-damage|p2a: Swalot|96/326\n|-damage|p2a: Swalot|63/326\n|-damage|p2a: Swalot|30/326\n|-damage|p2a: Swalot|0 fnt\n|faint|p2a: Swalot\n|-hitcount|p2: Swalot|10\n|\n|upkeep\n|inactive|Time left: 300 sec this turn | 300 sec total | 5 sec grace\n|\n|t:|1783554298\n|switch|p2a: Deoxys|Deoxys-Defense, L84|221/221\n|-ability|p2a: Deoxys|Pressure\n|turn|18\n|inactive|Time left: 300 sec this turn | 300 sec total\n|\n|t:|1783554299\n|-terastallize|p2a: Deoxys|Steel\n|move|p1a: Maushold|Population Bomb|p2a: Deoxys\n|-resisted|p2a: Deoxys\n|-damage|p2a: Deoxys|211/221\n|-resisted|p2a: Deoxys\n|-damage|p2a: Deoxys|200/221\n|-resisted|p2a: Deoxys\n|-crit|p2a: Deoxys\n|-damage|p2a: Deoxys|185/221\n|-resisted|p2a: Deoxys\n|-damage|p2a: Deoxys|175/221\n|-resisted|p2a: Deoxys\n|-damage|p2a: Deoxys|166/221\n|-resisted|p2a: Deoxys\n|-damage|p2a: Deoxys|156/221\n|-resisted|p2a: Deoxys\n|-damage|p2a: Deoxys|145/221\n|-resisted|p2a: Deoxys\n|-damage|p2a: Deoxys|136/221\n|-resisted|p2a: Deoxys\n|-damage|p2a: Deoxys|126/221\n|-resisted|p2a: Deoxys\n|-damage|p2a: Deoxys|116/221\n|-hitcount|p2a: Deoxys|10\n|move|p2a: Deoxys|Cosmic Power|p2a: Deoxys\n|-boost|p2a: Deoxys|def|1\n|-boost|p2a: Deoxys|spd|1\n|\n|-heal|p2a: Deoxys|129/221|[from] item: Leftovers\n|upkeep\n|turn|19\n|inactive|Time left: 300 sec this turn | 300 sec total\n|\n|t:|1783554299\n|move|p1a: Maushold|Encore|p2a: Deoxys\n|-start|p2a: Deoxys|Encore\n|move|p2a: Deoxys|Cosmic Power|p2a: Deoxys\n|-boost|p2a: Deoxys|def|1\n|-boost|p2a: Deoxys|spd|1\n|\n|-heal|p2a: Deoxys|142/221|[from] item: Leftovers\n|upkeep\n|turn|20\n|inactive|Time left: 300 sec this turn | 300 sec total\n|\n|t:|1783554300\n|move|p1a: Maushold|Tidy Up|p1a: Maushold\n|-boost|p1a: Maushold|atk|1\n|-boost|p1a: Maushold|spe|1\n|move|p2a: Deoxys|Cosmic Power|p2a: Deoxys\n|-boost|p2a: Deoxys|def|1\n|-boost|p2a: Deoxys|spd|1\n|\n|-heal|p2a: Deoxys|155/221|[from] item: Leftovers\n|upkeep\n|turn|21\n|inactive|Time left: 300 sec this turn | 300 sec total\n|\n|t:|1783554301\n|move|p1a: Maushold|Population Bomb|p2a: Deoxys\n|-resisted|p2a: Deoxys\n|-damage|p2a: Deoxys|149/221\n|-resisted|p2a: Deoxys\n|-damage|p2a: Deoxys|144/221\n|-resisted|p2a: Deoxys\n|-damage|p2a: Deoxys|138/221\n|-resisted|p2a: Deoxys\n|-damage|p2a: Deoxys|132/221\n|-resisted|p2a: Deoxys\n|-damage|p2a: Deoxys|126/221\n|-resisted|p2a: Deoxys\n|-damage|p2a: Deoxys|120/221\n|-resisted|p2a: Deoxys\n|-damage|p2a: Deoxys|114/221\n|-resisted|p2a: Deoxys\n|-damage|p2a: Deoxys|109/221\n|-resisted|p2a: Deoxys\n|-damage|p2a: Deoxys|103/221\n|-resisted|p2a: Deoxys\n|-damage|p2a: Deoxys|98/221\n|-hitcount|p2a: Deoxys|10\n|move|p2a: Deoxys|Cosmic Power|p2a: Deoxys\n|-boost|p2a: Deoxys|def|1\n|-boost|p2a: Deoxys|spd|1\n|\n|-heal|p2a: Deoxys|111/221|[from] item: Leftovers\n|-end|p2a: Deoxys|Encore\n|upkeep\n|turn|22\n|inactive|Time left: 300 sec this turn | 300 sec total\n|\n|t:|1783554302\n|move|p1a: Maushold|Encore|p2a: Deoxys\n|-start|p2a: Deoxys|Encore\n|move|p2a: Deoxys|Cosmic Power|p2a: Deoxys\n|-boost|p2a: Deoxys|def|1\n|-boost|p2a: Deoxys|spd|1\n|\n|-heal|p2a: Deoxys|124/221|[from] item: Leftovers\n|upkeep\n|turn|23\n|inactive|Time left: 300 sec this turn | 300 sec total\n|\n|t:|1783554303\n|move|p1a: Maushold|Population Bomb|p2a: Deoxys\n|-resisted|p2a: Deoxys\n|-damage|p2a: Deoxys|120/221\n|-resisted|p2a: Deoxys\n|-damage|p2a: Deoxys|116/221\n|-resisted|p2a: Deoxys\n|-damage|p2a: Deoxys|112/221\n|-resisted|p2a: Deoxys\n|-damage|p2a: Deoxys|108/221\n|-resisted|p2a: Deoxys\n|-damage|p2a: Deoxys|104/221\n|-resisted|p2a: Deoxys\n|-damage|p2a: Deoxys|100/221\n|-resisted|p2a: Deoxys\n|-damage|p2a: Deoxys|96/221\n|-resisted|p2a: Deoxys\n|-damage|p2a: Deoxys|92/221\n|-resisted|p2a: Deoxys\n|-damage|p2a: Deoxys|88/221\n|-resisted|p2a: Deoxys\n|-damage|p2a: Deoxys|84/221\n|-hitcount|p2a: Deoxys|10\n|move|p2a: Deoxys|Cosmic Power|p2a: Deoxys\n|-boost|p2a: Deoxys|def|1\n|-boost|p2a: Deoxys|spd|1\n|\n|-heal|p2a: Deoxys|97/221|[from] item: Leftovers\n|upkeep\n|turn|24\n|inactive|Time left: 300 sec this turn | 300 sec total\n|\n|t:|1783554304\n|move|p1a: Maushold|Population Bomb|p2a: Deoxys\n|-resisted|p2a: Deoxys\n|-damage|p2a: Deoxys|94/221\n|-resisted|p2a: Deoxys\n|-damage|p2a: Deoxys|91/221\n|-resisted|p2a: Deoxys\n|-damage|p2a: Deoxys|88/221\n|-resisted|p2a: Deoxys\n|-damage|p2a: Deoxys|85/221\n|-resisted|p2a: Deoxys\n|-damage|p2a: Deoxys|82/221\n|-resisted|p2a: Deoxys\n|-damage|p2a: Deoxys|79/221\n|-resisted|p2a: Deoxys\n|-damage|p2a: Deoxys|75/221\n|-resisted|p2a: Deoxys\n|-damage|p2a: Deoxys|72/221\n|-resisted|p2a: Deoxys\n|-damage|p2a: Deoxys|69/221\n|-resisted|p2a: Deoxys\n|-damage|p2a: Deoxys|66/221\n|-hitcount|p2a: Deoxys|10\n|move|p2a: Deoxys|Cosmic Power|p2a: Deoxys\n|-boost|p2a: Deoxys|def|0\n|-boost|p2a: Deoxys|spd|0\n|\n|-heal|p2a: Deoxys|79/221|[from] item: Leftovers\n|-end|p2a: Deoxys|Encore\n|upkeep\n|turn|25\n|inactive|Time left: 300 sec this turn | 300 sec total\n|\n|t:|1783554305\n|move|p1a: Maushold|Encore|p2a: Deoxys\n|-start|p2a: Deoxys|Encore\n|move|p2a: Deoxys|Cosmic Power|p2a: Deoxys\n|-boost|p2a: Deoxys|def|0\n|-boost|p2a: Deoxys|spd|0\n|\n|-heal|p2a: Deoxys|92/221|[from] item: Leftovers\n|upkeep\n|turn|26\n|inactive|Time left: 300 sec this turn | 300 sec total\n|\n|t:|1783554306\n|move|p1a: Maushold|Tidy Up|p1a: Maushold\n|-boost|p1a: Maushold|atk|1\n|-boost|p1a: Maushold|spe|1\n|move|p2a: Deoxys|Cosmic Power|p2a: Deoxys\n|-boost|p2a: Deoxys|def|0\n|-boost|p2a: Deoxys|spd|0\n|\n|-heal|p2a: Deoxys|105/221|[from] item: Leftovers\n|upkeep\n|turn|27\n|inactive|Time left: 300 sec this turn | 300 sec total\n|\n|t:|1783554307\n|move|p1a: Maushold|Population Bomb|p2a: Deoxys\n|-resisted|p2a: Deoxys\n|-damage|p2a: Deoxys|101/221\n|-resisted|p2a: Deoxys\n|-damage|p2a: Deoxys|97/221\n|-resisted|p2a: Deoxys\n|-damage|p2a: Deoxys|92/221\n|-resisted|p2a: Deoxys\n|-damage|p2a: Deoxys|88/221\n|-resisted|p2a: Deoxys\n|-damage|p2a: Deoxys|84/221\n|-resisted|p2a: Deoxys\n|-damage|p2a: Deoxys|80/221\n|-resisted|p2a: Deoxys\n|-damage|p2a: Deoxys|76/221\n|-resisted|p2a: Deoxys\n|-damage|p2a: Deoxys|72/221\n|-resisted|p2a: Deoxys\n|-damage|p2a: Deoxys|68/221\n|-resisted|p2a: Deoxys\n|-damage|p2a: Deoxys|64/221\n|-hitcount|p2a: Deoxys|10\n|move|p2a: Deoxys|Cosmic Power|p2a: Deoxys\n|-boost|p2a: Deoxys|def|0\n|-boost|p2a: Deoxys|spd|0\n|\n|-heal|p2a: Deoxys|77/221|[from] item: Leftovers\n|-end|p2a: Deoxys|Encore\n|upkeep\n|turn|28\n|inactive|Time left: 300 sec this turn | 300 sec total\n|\n|t:|1783554308\n|move|p1a: Maushold|Encore|p2a: Deoxys\n|-start|p2a: Deoxys|Encore\n|move|p2a: Deoxys|Cosmic Power|p2a: Deoxys\n|-boost|p2a: Deoxys|def|0\n|-boost|p2a: Deoxys|spd|0\n|\n|-heal|p2a: Deoxys|90/221|[from] item: Leftovers\n|upkeep\n|turn|29\n|inactive|Time left: 300 sec this turn | 300 sec total\n|\n|t:|1783554309\n|move|p1a: Maushold|Bite|p2a: Deoxys\n|-damage|p2a: Deoxys|73/221\n|move|p2a: Deoxys|Cosmic Power|p2a: Deoxys\n|-boost|p2a: Deoxys|def|0\n|-boost|p2a: Deoxys|spd|0\n|\n|-heal|p2a: Deoxys|86/221|[from] item: Leftovers\n|upkeep\n|turn|30\n|inactive|Time left: 300 sec this turn | 300 sec total\n|\n|t:|1783554311\n|move|p1a: Maushold|Population Bomb|p2a: Deoxys\n|-resisted|p2a: Deoxys\n|-damage|p2a: Deoxys|82/221\n|-resisted|p2a: Deoxys\n|-crit|p2a: Deoxys\n|-damage|p2a: Deoxys|55/221\n|-resisted|p2a: Deoxys\n|-damage|p2a: Deoxys|51/221\n|-resisted|p2a: Deoxys\n|-damage|p2a: Deoxys|47/221\n|-resisted|p2a: Deoxys\n|-damage|p2a: Deoxys|43/221\n|-resisted|p2a: Deoxys\n|-damage|p2a: Deoxys|39/221\n|-resisted|p2a: Deoxys\n|-damage|p2a: Deoxys|35/221\n|-resisted|p2a: Deoxys\n|-damage|p2a: Deoxys|31/221\n|-resisted|p2a: Deoxys\n|-damage|p2a: Deoxys|28/221\n|-resisted|p2a: Deoxys\n|-damage|p2a: Deoxys|24/221\n|-hitcount|p2a: Deoxys|10\n|move|p2a: Deoxys|Cosmic Power|p2a: Deoxys\n|-boost|p2a: Deoxys|def|0\n|-boost|p2a: Deoxys|spd|0\n|\n|-heal|p2a: Deoxys|37/221|[from] item: Leftovers\n|-end|p2a: Deoxys|Encore\n|upkeep\n|turn|31\n|inactive|Time left: 300 sec this turn | 300 sec total\n|\n|t:|1783554312\n|move|p1a: Maushold|Bite|p2a: Deoxys\n|-damage|p2a: Deoxys|19/221\n|move|p2a: Deoxys|Recover|p2a: Deoxys\n|-heal|p2a: Deoxys|130/221\n|\n|-heal|p2a: Deoxys|143/221|[from] item: Leftovers\n|upkeep\n|turn|32\n|inactive|Time left: 300 sec this turn | 300 sec total\n|\n|t:|1783554313\n|move|p1a: Maushold|Bite|p2a: Deoxys\n|-damage|p2a: Deoxys|125/221\n|cant|p2a: Deoxys|flinch\n|\n|-heal|p2a: Deoxys|138/221|[from] item: Leftovers\n|upkeep\n|turn|33\n|inactive|Time left: 300 sec this turn | 300 sec total\n|\n|t:|1783554314\n|move|p1a: Maushold|Bite|p2a: Deoxys\n|-damage|p2a: Deoxys|121/221\n|move|p2a: Deoxys|Stored Power|p1a: Maushold\n|-damage|p1a: Maushold|0 fnt\n|faint|p1a: Maushold\n|\n|-heal|p2a: Deoxys|134/221|[from] item: Leftovers\n|upkeep\n|\n|t:|1783554315\n|switch|p1a: Scream Tail|Scream Tail, L84|100/100\n|turn|34\n|inactive|Time left: 300 sec this turn | 300 sec total\n|\n|t:|1783554316\n|move|p1a: Scream Tail|Wish|p1a: Scream Tail\n|move|p2a: Deoxys|Stored Power|p1a: Scream Tail\n|-resisted|p1a: Scream Tail\n|-damage|p1a: Scream Tail|74/100\n|\n|-heal|p1a: Scream Tail|80/100|[from] item: Leftovers\n|-heal|p2a: Deoxys|147/221|[from] item: Leftovers\n|upkeep\n|turn|35\n|inactive|Time left: 300 sec this turn | 300 sec total\n|\n|t:|1783554317\n|move|p1a: Scream Tail|Play Rough|p2a: Deoxys\n|-resisted|p2a: Deoxys\n|-damage|p2a: Deoxys|142/221\n|move|p2a: Deoxys|Stored Power|p1a: Scream Tail\n|-resisted|p1a: Scream Tail\n|-damage|p1a: Scream Tail|55/100\n|\n|-heal|p1a: Scream Tail|100/100|[from] move: Wish|[wisher] Scream Tail\n|-heal|p2a: Deoxys|155/221|[from] item: Leftovers\n|upkeep\n|turn|36\n|inactive|Time left: 300 sec this turn | 300 sec total\n|\n|t:|1783554318\n|move|p1a: Scream Tail|Wish|p1a: Scream Tail\n|move|p2a: Deoxys|Stored Power|p1a: Scream Tail\n|-resisted|p1a: Scream Tail\n|-damage|p1a: Scream Tail|75/100\n|\n|-heal|p1a: Scream Tail|81/100|[from] item: Leftovers\n|-heal|p2a: Deoxys|168/221|[from] item: Leftovers\n|upkeep\n|turn|37\n|inactive|Time left: 300 sec this turn | 300 sec total\n|\n|t:|1783554319\n|move|p1a: Scream Tail|Play Rough|p2a: Deoxys\n|-resisted|p2a: Deoxys\n|-damage|p2a: Deoxys|163/221\n|move|p2a: Deoxys|Stored Power|p1a: Scream Tail\n|-resisted|p1a: Scream Tail\n|-damage|p1a: Scream Tail|56/100\n|\n|-heal|p1a: Scream Tail|100/100|[from] move: Wish|[wisher] Scream Tail\n|-heal|p2a: Deoxys|176/221|[from] item: Leftovers\n|upkeep\n|turn|38\n|inactive|Time left: 300 sec this turn | 300 sec total\n|\n|t:|1783554320\n|move|p1a: Scream Tail|Wish|p1a: Scream Tail\n|move|p2a: Deoxys|Stored Power|p1a: Scream Tail\n|-resisted|p1a: Scream Tail\n|-damage|p1a: Scream Tail|73/100\n|\n|-heal|p1a: Scream Tail|79/100|[from] item: Leftovers\n|-heal|p2a: Deoxys|189/221|[from] item: Leftovers\n|upkeep\n|turn|39\n|inactive|Time left: 300 sec this turn | 300 sec total\n|\n|t:|1783554322\n|move|p1a: Scream Tail|Wish||[still]\n|-fail|p1a: Scream Tail\n|move|p2a: Deoxys|Stored Power|p1a: Scream Tail\n|-resisted|p1a: Scream Tail\n|-damage|p1a: Scream Tail|54/100\n|\n|-heal|p1a: Scream Tail|100/100|[from] move: Wish|[wisher] Scream Tail\n|-heal|p2a: Deoxys|202/221|[from] item: Leftovers\n|upkeep\n|turn|40\n|inactive|Time left: 300 sec this turn | 300 sec total\n|\n|t:|1783554323\n|move|p1a: Scream Tail|Wish|p1a: Scream Tail\n|move|p2a: Deoxys|Stored Power|p1a: Scream Tail\n|-resisted|p1a: Scream Tail\n|-damage|p1a: Scream Tail|75/100\n|\n|-heal|p1a: Scream Tail|81/100|[from] item: Leftovers\n|-heal|p2a: Deoxys|215/221|[from] item: Leftovers\n|upkeep\n|turn|41\n|inactive|Time left: 300 sec this turn | 300 sec total\n|\n|t:|1783554324\n|move|p1a: Scream Tail|Play Rough|p2a: Deoxys\n|-resisted|p2a: Deoxys\n|-damage|p2a: Deoxys|209/221\n|move|p2a: Deoxys|Stored Power|p1a: Scream Tail\n|-resisted|p1a: Scream Tail\n|-damage|p1a: Scream Tail|55/100\n|\n|-heal|p1a: Scream Tail|100/100|[from] move: Wish|[wisher] Scream Tail\n|-heal|p2a: Deoxys|221/221|[from] item: Leftovers\n|upkeep\n|turn|42\n|inactive|Time left: 300 sec this turn | 300 sec total\n|\n|t:|1783554325\n|move|p1a: Scream Tail|Wish|p1a: Scream Tail\n|move|p2a: Deoxys|Stored Power|p1a: Scream Tail\n|-resisted|p1a: Scream Tail\n|-damage|p1a: Scream Tail|74/100\n|\n|-heal|p1a: Scream Tail|80/100|[from] item: Leftovers\n|upkeep\n|turn|43\n|inactive|Time left: 300 sec this turn | 300 sec total\n|\n|t:|1783554326\n|move|p1a: Scream Tail|Play Rough|p2a: Deoxys\n|-resisted|p2a: Deoxys\n|-damage|p2a: Deoxys|215/221\n|move|p2a: Deoxys|Stored Power|p1a: Scream Tail\n|-resisted|p1a: Scream Tail\n|-damage|p1a: Scream Tail|51/100\n|\n|-heal|p1a: Scream Tail|100/100|[from] move: Wish|[wisher] Scream Tail\n|-heal|p2a: Deoxys|221/221|[from] item: Leftovers\n|upkeep\n|turn|44\n|inactive|Time left: 300 sec this turn | 300 sec total\n|\n|t:|1783554328\n|move|p1a: Scream Tail|Wish|p1a: Scream Tail\n|move|p2a: Deoxys|Stored Power|p1a: Scream Tail\n|-resisted|p1a: Scream Tail\n|-damage|p1a: Scream Tail|74/100\n|\n|-heal|p1a: Scream Tail|80/100|[from] item: Leftovers\n|upkeep\n|turn|45\n|inactive|Time left: 300 sec this turn | 300 sec total\n|\n|t:|1783554329\n|move|p1a: Scream Tail|Wish||[still]\n|-fail|p1a: Scream Tail\n|move|p2a: Deoxys|Stored Power|p1a: Scream Tail\n|-resisted|p1a: Scream Tail\n|-damage|p1a: Scream Tail|53/100\n|\n|-heal|p1a: Scream Tail|100/100|[from] move: Wish|[wisher] Scream Tail\n|upkeep\n|turn|46\n|inactive|Time left: 300 sec this turn | 300 sec total\n|\n|t:|1783554330\n|move|p1a: Scream Tail|Protect|p1a: Scream Tail\n|-singleturn|p1a: Scream Tail|Protect\n|move|p2a: Deoxys|Stored Power|p1a: Scream Tail\n|-activate|p1a: Scream Tail|move: Protect\n|\n|upkeep\n|turn|47\n|inactive|Time left: 300 sec this turn | 300 sec total\n|\n|t:|1783554331\n|move|p1a: Scream Tail|Encore|p2a: Deoxys\n|-start|p2a: Deoxys|Encore\n|move|p2a: Deoxys|Stored Power|p1a: Scream Tail\n|-resisted|p1a: Scream Tail\n|-damage|p1a: Scream Tail|72/100\n|\n|-heal|p1a: Scream Tail|78/100|[from] item: Leftovers\n|upkeep\n|turn|48\n|inactive|Time left: 300 sec this turn | 300 sec total\n|\n|t:|1783554332\n|move|p1a: Scream Tail|Play Rough|p2a: Deoxys\n|-resisted|p2a: Deoxys\n|-damage|p2a: Deoxys|216/221\n|move|p2a: Deoxys|Stored Power|p1a: Scream Tail\n|-resisted|p1a: Scream Tail\n|-damage|p1a: Scream Tail|50/100\n|\n|-heal|p1a: Scream Tail|56/100|[from] item: Leftovers\n|-heal|p2a: Deoxys|221/221|[from] item: Leftovers\n|-end|p2a: Deoxys|Encore\n|upkeep\n|turn|49\n|inactive|Time left: 300 sec this turn | 300 sec total\n|\n|t:|1783554333\n|move|p1a: Scream Tail|Encore||[still]\n|-fail|p1a: Scream Tail\n|move|p2a: Deoxys|Night Shade|p1a: Scream Tail\n|-damage|p1a: Scream Tail|30/100\n|\n|-heal|p1a: Scream Tail|37/100|[from] item: Leftovers\n|upkeep\n|turn|50\n|inactive|Time left: 300 sec this turn | 300 sec total\n|\n|t:|1783554334\n|-end|p1a: Scream Tail|Protosynthesis|[silent]\n|switch|p1a: Cyclizar|Cyclizar, L84, F|84/100\n|move|p2a: Deoxys|Night Shade|p1a: Cyclizar\n|-immune|p1a: Cyclizar\n|\n|upkeep\n|turn|51\n|inactive|Time left: 300 sec this turn | 300 sec total\n|\n|t:|1783554335\n|move|p1a: Cyclizar|Knock Off|p2a: Deoxys\n|-damage|p2a: Deoxys|210/221\n|-enditem|p2a: Deoxys|Leftovers|[from] move: Knock Off|[of] p1a: Cyclizar\n|move|p2a: Deoxys|Night Shade|p1a: Cyclizar\n|-immune|p1a: Cyclizar\n|\n|upkeep\n|turn|52\n|inactive|Time left: 300 sec this turn | 300 sec total\n|\n|t:|1783554336\n|move|p1a: Cyclizar|Rapid Spin|p2a: Deoxys\n|-resisted|p2a: Deoxys\n|-damage|p2a: Deoxys|206/221\n|-boost|p1a: Cyclizar|spe|1\n|move|p2a: Deoxys|Night Shade|p1a: Cyclizar\n|-immune|p1a: Cyclizar\n|\n|upkeep\n|turn|53\n|inactive|Time left: 300 sec this turn | 300 sec total\n|\n|t:|1783554337\n|move|p1a: Cyclizar|Rapid Spin|p2a: Deoxys\n|-resisted|p2a: Deoxys\n|-damage|p2a: Deoxys|202/221\n|-boost|p1a: Cyclizar|spe|1\n|move|p2a: Deoxys|Night Shade|p1a: Cyclizar\n|-immune|p1a: Cyclizar\n|\n|upkeep\n|turn|54\n|inactive|Time left: 300 sec this turn | 300 sec total\n|\n|t:|1783554338\n|move|p1a: Cyclizar|Rapid Spin|p2a: Deoxys\n|-resisted|p2a: Deoxys\n|-damage|p2a: Deoxys|198/221\n|-boost|p1a: Cyclizar|spe|1\n|move|p2a: Deoxys|Night Shade|p1a: Cyclizar\n|-immune|p1a: Cyclizar\n|\n|upkeep\n|turn|55\n|inactive|Time left: 300 sec this turn | 300 sec total\n|\n|t:|1783554339\n|move|p1a: Cyclizar|Rapid Spin|p2a: Deoxys\n|-resisted|p2a: Deoxys\n|-damage|p2a: Deoxys|194/221\n|-boost|p1a: Cyclizar|spe|1\n|move|p2a: Deoxys|Night Shade|p1a: Cyclizar\n|-immune|p1a: Cyclizar\n|\n|upkeep\n|turn|56\n|inactive|Time left: 300 sec this turn | 300 sec total\n|\n|t:|1783554340\n|move|p1a: Cyclizar|Rapid Spin|p2a: Deoxys\n|-resisted|p2a: Deoxys\n|-damage|p2a: Deoxys|190/221\n|-boost|p1a: Cyclizar|spe|1\n|move|p2a: Deoxys|Night Shade|p1a: Cyclizar\n|-immune|p1a: Cyclizar\n|\n|upkeep\n|turn|57\n|inactive|Time left: 300 sec this turn | 300 sec total\n|\n|t:|1783554341\n|move|p1a: Cyclizar|Rapid Spin|p2a: Deoxys\n|-resisted|p2a: Deoxys\n|-damage|p2a: Deoxys|186/221\n|-boost|p1a: Cyclizar|spe|1\n|move|p2a: Deoxys|Night Shade|p1a: Cyclizar\n|-immune|p1a: Cyclizar\n|\n|upkeep\n|turn|58\n|inactive|Time left: 300 sec this turn | 300 sec total\n|\n|t:|1783554342\n|move|p1a: Cyclizar|Knock Off|p2a: Deoxys\n|-damage|p2a: Deoxys|177/221\n|move|p2a: Deoxys|Night Shade|p1a: Cyclizar\n|-immune|p1a: Cyclizar\n|\n|upkeep\n|turn|59\n|inactive|Time left: 300 sec this turn | 300 sec total\n|\n|t:|1783554344\n|move|p1a: Cyclizar|Knock Off|p2a: Deoxys\n|-damage|p2a: Deoxys|170/221\n|move|p2a: Deoxys|Night Shade|p1a: Cyclizar\n|-immune|p1a: Cyclizar\n|\n|upkeep\n|turn|60\n|inactive|Time left: 300 sec this turn | 300 sec total\n|\n|t:|1783554345\n|move|p1a: Cyclizar|Knock Off|p2a: Deoxys\n|-damage|p2a: Deoxys|163/221\n|move|p2a: Deoxys|Night Shade|p1a: Cyclizar\n|-immune|p1a: Cyclizar\n|\n|upkeep\n|turn|61\n|inactive|Time left: 300 sec this turn | 300 sec total\n|\n|t:|1783554346\n|move|p1a: Cyclizar|Rapid Spin|p2a: Deoxys\n|-resisted|p2a: Deoxys\n|-damage|p2a: Deoxys|159/221\n|move|p2a: Deoxys|Recover|p2a: Deoxys\n|-heal|p2a: Deoxys|221/221\n|\n|upkeep\n|turn|62\n|inactive|Time left: 300 sec this turn | 300 sec total\n|\n|t:|1783554347\n|move|p1a: Cyclizar|Knock Off|p2a: Deoxys\n|-damage|p2a: Deoxys|213/221\n|move|p2a: Deoxys|Night Shade|p1a: Cyclizar\n|-immune|p1a: Cyclizar\n|\n|upkeep\n|turn|63\n|inactive|Time left: 300 sec this turn | 300 sec total\n|\n|t:|1783554348\n|move|p1a: Cyclizar|Knock Off|p2a: Deoxys\n|-damage|p2a: Deoxys|205/221\n|move|p2a: Deoxys|Night Shade|p1a: Cyclizar\n|-immune|p1a: Cyclizar\n|\n|upkeep\n|turn|64\n|inactive|Time left: 300 sec this turn | 300 sec total\n|\n|t:|1783554349\n|move|p1a: Cyclizar|Rapid Spin|p2a: Deoxys\n|-resisted|p2a: Deoxys\n|-damage|p2a: Deoxys|200/221\n|move|p2a: Deoxys|Night Shade|p1a: Cyclizar\n|-immune|p1a: Cyclizar\n|\n|upkeep\n|turn|65\n|inactive|Time left: 300 sec this turn | 300 sec total\n|\n|t:|1783554351\n|move|p1a: Cyclizar|Knock Off|p2a: Deoxys\n|-damage|p2a: Deoxys|191/221\n|move|p2a: Deoxys|Night Shade|p1a: Cyclizar\n|-immune|p1a: Cyclizar\n|\n|upkeep\n|turn|66\n|inactive|Time left: 300 sec this turn | 300 sec total\n|\n|t:|1783554352\n|move|p1a: Cyclizar|Knock Off|p2a: Deoxys\n|-damage|p2a: Deoxys|184/221\n|move|p2a: Deoxys|Night Shade|p1a: Cyclizar\n|-immune|p1a: Cyclizar\n|\n|upkeep\n|turn|67\n|inactive|Time left: 300 sec this turn | 300 sec total\n|\n|t:|1783554353\n|move|p1a: Cyclizar|Knock Off|p2a: Deoxys\n|-damage|p2a: Deoxys|177/221\n|move|p2a: Deoxys|Night Shade|p1a: Cyclizar\n|-immune|p1a: Cyclizar\n|\n|upkeep\n|turn|68\n|inactive|Time left: 300 sec this turn | 300 sec total\n|\n|t:|1783554354\n|move|p1a: Cyclizar|Rapid Spin|p2a: Deoxys\n|-resisted|p2a: Deoxys\n|-damage|p2a: Deoxys|173/221\n|move|p2a: Deoxys|Night Shade|p1a: Cyclizar\n|-immune|p1a: Cyclizar\n|\n|upkeep\n|turn|69\n|inactive|Time left: 300 sec this turn | 300 sec total\n|\n|t:|1783554355\n|move|p1a: Cyclizar|Rapid Spin|p2a: Deoxys\n|-resisted|p2a: Deoxys\n|-damage|p2a: Deoxys|169/221\n|move|p2a: Deoxys|Night Shade|p1a: Cyclizar\n|-immune|p1a: Cyclizar\n|\n|upkeep\n|turn|70\n|inactive|Time left: 300 sec this turn | 300 sec total\n|\n|t:|1783554357\n|move|p1a: Cyclizar|Rapid Spin|p2a: Deoxys\n|-resisted|p2a: Deoxys\n|-damage|p2a: Deoxys|165/221\n|move|p2a: Deoxys|Night Shade|p1a: Cyclizar\n|-immune|p1a: Cyclizar\n|\n|upkeep\n|turn|71\n|inactive|Time left: 300 sec this turn | 300 sec total\n|\n|t:|1783554358\n|move|p1a: Cyclizar|Rapid Spin|p2a: Deoxys\n|-resisted|p2a: Deoxys\n|-damage|p2a: Deoxys|161/221\n|move|p2a: Deoxys|Recover|p2a: Deoxys\n|-heal|p2a: Deoxys|221/221\n|\n|upkeep\n|turn|72\n|inactive|Time left: 300 sec this turn | 300 sec total\n|\n|t:|1783554359\n|move|p1a: Cyclizar|Knock Off|p2a: Deoxys\n|-damage|p2a: Deoxys|214/221\n|move|p2a: Deoxys|Night Shade|p1a: Cyclizar\n|-immune|p1a: Cyclizar\n|\n|upkeep\n|turn|73\n|inactive|Time left: 300 sec this turn | 300 sec total\n|\n|t:|1783554360\n|move|p1a: Cyclizar|Knock Off|p2a: Deoxys\n|-damage|p2a: Deoxys|207/221\n|move|p2a: Deoxys|Recover|p2a: Deoxys\n|-heal|p2a: Deoxys|221/221\n|\n|upkeep\n|turn|74\n|inactive|Time left: 300 sec this turn | 300 sec total\n|\n|t:|1783554361\n|move|p1a: Cyclizar|Knock Off|p2a: Deoxys\n|-damage|p2a: Deoxys|212/221\n|move|p2a: Deoxys|Night Shade|p1a: Cyclizar\n|-immune|p1a: Cyclizar\n|\n|upkeep\n|turn|75\n|inactive|Time left: 300 sec this turn | 300 sec total\n|\n|t:|1783554362\n|move|p1a: Cyclizar|Rapid Spin|p2a: Deoxys\n|-resisted|p2a: Deoxys\n|-crit|p2a: Deoxys\n|-damage|p2a: Deoxys|188/221\n|move|p2a: Deoxys|Recover|p2a: Deoxys\n|-heal|p2a: Deoxys|221/221\n|\n|upkeep\n|turn|76\n|inactive|Time left: 300 sec this turn | 300 sec total\n|\n|t:|1783554363\n|move|p1a: Cyclizar|Rapid Spin|p2a: Deoxys\n|-resisted|p2a: Deoxys\n|-damage|p2a: Deoxys|217/221\n|move|p2a: Deoxys|Cosmic Power|p2a: Deoxys\n|-boost|p2a: Deoxys|def|0\n|-boost|p2a: Deoxys|spd|0\n|\n|upkeep\n|turn|77\n|inactive|Time left: 300 sec this turn | 300 sec total\n|\n|t:|1783554364\n|switch|p1a: Scream Tail|Scream Tail, L84|37/100\n|move|p2a: Deoxys|Cosmic Power|p2a: Deoxys\n|-boost|p2a: Deoxys|def|0\n|-boost|p2a: Deoxys|spd|0\n|\n|-heal|p1a: Scream Tail|43/100|[from] item: Leftovers\n|upkeep\n|turn|78\n|inactive|Time left: 300 sec this turn | 300 sec total\n|\n|t:|1783554365\n|move|p1a: Scream Tail|Wish|p1a: Scream Tail\n|move|p2a: Deoxys|Night Shade|p1a: Scream Tail\n|-damage|p1a: Scream Tail|17/100\n|\n|-heal|p1a: Scream Tail|23/100|[from] item: Leftovers\n|upkeep\n|turn|79\n|inactive|Time left: 300 sec this turn | 300 sec total\n|\n|t:|1783554366\n|move|p1a: Scream Tail|Play Rough|p2a: Deoxys\n|-resisted|p2a: Deoxys\n|-damage|p2a: Deoxys|211/221\n|-unboost|p2a: Deoxys|atk|1\n|move|p2a: Deoxys|Cosmic Power|p2a: Deoxys\n|-boost|p2a: Deoxys|def|0\n|-boost|p2a: Deoxys|spd|0\n|\n|-heal|p1a: Scream Tail|73/100|[from] move: Wish|[wisher] Scream Tail\n|-heal|p1a: Scream Tail|79/100|[from] item: Leftovers\n|upkeep\n|turn|80\n|inactive|Time left: 300 sec this turn | 300 sec total\n|\n|t:|1783554368\n|move|p1a: Scream Tail|Play Rough|p2a: Deoxys\n|-resisted|p2a: Deoxys\n|-damage|p2a: Deoxys|205/221\n|move|p2a: Deoxys|Cosmic Power|p2a: Deoxys\n|-boost|p2a: Deoxys|def|0\n|-boost|p2a: Deoxys|spd|0\n|\n|-heal|p1a: Scream Tail|85/100|[from] item: Leftovers\n|upkeep\n|turn|81\n|inactive|Time left: 300 sec this turn | 300 sec total\n|\n|t:|1783554369\n|move|p1a: Scream Tail|Play Rough|p2a: Deoxys\n|-resisted|p2a: Deoxys\n|-damage|p2a: Deoxys|199/221\n|move|p2a: Deoxys|Cosmic Power|p2a: Deoxys\n|-boost|p2a: Deoxys|def|0\n|-boost|p2a: Deoxys|spd|0\n|\n|-heal|p1a: Scream Tail|91/100|[from] item: Leftovers\n|upkeep\n|turn|82\n|inactive|Time left: 300 sec this turn | 300 sec total\n|\n|t:|1783554370\n|-end|p1a: Scream Tail|Protosynthesis|[silent]\n|switch|p1a: Hitmonchan|Hitmonchan, L87, M|100/100\n|move|p2a: Deoxys|Recover|p2a: Deoxys\n|-heal|p2a: Deoxys|221/221\n|\n|upkeep\n|turn|83\n|inactive|Time left: 300 sec this turn | 300 sec total\n|\n|t:|1783554371\n|move|p2a: Deoxys|Cosmic Power|p2a: Deoxys\n|-boost|p2a: Deoxys|def|0\n|-boost|p2a: Deoxys|spd|0\n|move|p1a: Hitmonchan|Taunt|p2a: Deoxys\n|-start|p2a: Deoxys|move: Taunt\n|\n|upkeep\n|turn|84\n|inactive|Time left: 300 sec this turn | 300 sec total\n|\n|t:|1783554372\n|switch|p2a: Minior|Minior-Yellow, L79|165/224\n|-formechange|p2a: Minior|Minior-Meteor||[from] ability: Shields Down\n|move|p1a: Hitmonchan|Drain Punch|p2a: Minior\n|-damage|p2a: Minior|62/224\n|\n|-formechange|p2a: Minior|Minior-Yellow||[from] ability: Shields Down\n|upkeep\n|turn|85\n|inactive|Time left: 300 sec this turn | 300 sec total\n|\n|t:|1783554373\n|move|p2a: Minior|Acrobatics|p1a: Hitmonchan\n|-supereffective|p1a: Hitmonchan\n|-damage|p1a: Hitmonchan|1/100\n|move|p1a: Hitmonchan|Drain Punch|p2a: Minior\n|-damage|p2a: Minior|0 fnt\n|-heal|p1a: Hitmonchan|14/100|[from] drain|[of] p2a: Minior\n|faint|p2a: Minior\n|\n|-heal|p1a: Hitmonchan|21/100|[from] item: Leftovers\n|upkeep\n|inactive|Time left: 300 sec this turn | 300 sec total | 5 sec grace\n|\n|t:|1783554374\n|switch|p2a: Deoxys|Deoxys-Defense, L84, tera:Steel|221/221\n|-ability|p2a: Deoxys|Pressure\n|turn|86\n|inactive|Time left: 300 sec this turn | 300 sec total\n|\n|t:|1783554375\n|move|p2a: Deoxys|Cosmic Power|p2a: Deoxys\n|-boost|p2a: Deoxys|def|1\n|-boost|p2a: Deoxys|spd|1\n|move|p1a: Hitmonchan|Taunt|p2a: Deoxys\n|-start|p2a: Deoxys|move: Taunt\n|\n|-heal|p1a: Hitmonchan|27/100|[from] item: Leftovers\n|upkeep\n|turn|87\n|inactive|Time left: 300 sec this turn | 300 sec total\n|\n|t:|1783554377\n|-activate|p2a: Deoxys|move: Struggle\n|move|p2a: Deoxys|Struggle|p1a: Hitmonchan\n|-damage|p1a: Hitmonchan|17/100\n|-damage|p2a: Deoxys|166/221|[from] recoil\n|move|p1a: Hitmonchan|Drain Punch|p2a: Deoxys\n|-supereffective|p2a: Deoxys\n|-damage|p2a: Deoxys|74/221\n|-heal|p1a: Hitmonchan|37/100|[from] drain|[of] p2a: Deoxys\n|\n|-heal|p1a: Hitmonchan|43/100|[from] item: Leftovers\n|upkeep\n|turn|88\n|inactive|Time left: 300 sec this turn | 300 sec total\n|\n|t:|1783554378\n|-activate|p2a: Deoxys|move: Struggle\n|move|p2a: Deoxys|Struggle|p1a: Hitmonchan\n|-damage|p1a: Hitmonchan|33/100\n|-damage|p2a: Deoxys|19/221|[from] recoil\n|move|p1a: Hitmonchan|Drain Punch|p2a: Deoxys\n|-supereffective|p2a: Deoxys\n|-damage|p2a: Deoxys|0 fnt\n|-heal|p1a: Hitmonchan|37/100|[from] drain|[of] p2a: Deoxys\n|faint|p2a: Deoxys\n|\n|win|p0x1235fe90", "uploadtime": 1783554378, "views": 0, "rating": 0, "private": 0, "password": null, "_winner": "p0x1235fe90", "_our_name": "p0y12357734"}