{"id": "battle-gen9randombattle-2891", "formatid": "gen9randombattle", "format": "[Gen 9] Random Battle", "players": ["p0x28910de9", "p0y2891f7db"], "log": "|init|battle\n|title|p0x28910de9 vs. p0y2891f7db\n|j|\u2606p0x28910de9\n|j|\u2606p0y2891f7db\n|t:|1783573305\n|gametype|singles\n|player|p1|p0x28910de9|102|\n|player|p2|p0y2891f7db|266|\n|gen|9\n|tier|[Gen 9] Random Battle\n|rule|Species Clause: Limit one of each Pok\u00e9mon\n|rule|HP Percentage Mod: HP is shown in percentages\n|rule|Sleep Clause Mod: Limit one foe put to sleep\n|rule|Illusion Level Mod: Illusion disguises the Pok\u00e9mon's true level\n|\n|t:|1783573305\n|teamsize|p1|6\n|teamsize|p2|6\n|start\n|switch|p1a: Vikavolt|Vikavolt, L83, F|100/100\n|switch|p2a: Gyarados|Gyarados, L79, F|280/280\n|turn|1\n|inactive|Battle timer is ON: inactive players will automatically lose when time's up. (requested by p0y2891f7db)\n|inactive|p0x28910de9 also wants the timer to be on.\n|\n|t:|1783573307\n|move|p2a: Gyarados|Waterfall|p1a: Vikavolt\n|-damage|p1a: Vikavolt|62/100\n|move|p1a: Vikavolt|Sticky Web|p2a: Gyarados\n|-sidestart|p2: p0y2891f7db|move: Sticky Web\n|\n|upkeep\n|turn|2\n|inactive|Time left: 300 sec this turn | 300 sec total\n|\n|t:|1783573308\n|switch|p2a: Lurantis|Lurantis, L87, M|264/264\n|-activate|p2a: Lurantis|move: Sticky Web\n|-boost|p2a: Lurantis|spe|1\n|move|p1a: Vikavolt|Thunderbolt|p2a: Lurantis\n|-resisted|p2a: Lurantis\n|-damage|p2a: Lurantis|221/264\n|\n|upkeep\n|turn|3\n|inactive|Time left: 300 sec this turn | 300 sec total\n|\n|t:|1783573309\n|move|p2a: Lurantis|Superpower|p1a: Vikavolt\n|-resisted|p1a: Vikavolt\n|-damage|p1a: Vikavolt|46/100\n|-boost|p2a: Lurantis|atk|1\n|-boost|p2a: Lurantis|def|1\n|move|p1a: Vikavolt|Bug Buzz|p2a: Lurantis\n|-supereffective|p2a: Lurantis\n|-damage|p2a: Lurantis|45/264\n|\n|upkeep\n|turn|4\n|inactive|Time left: 300 sec this turn | 300 sec total\n|\n|t:|1783573310\n|move|p2a: Lurantis|Knock Off|p1a: Vikavolt\n|-damage|p1a: Vikavolt|2/100\n|-enditem|p1a: Vikavolt|Heavy-Duty Boots|[from] move: Knock Off|[of] p2a: Lurantis\n|move|p1a: Vikavolt|Bug Buzz|p2a: Lurantis\n|-supereffective|p2a: Lurantis\n|-damage|p2a: Lurantis|0 fnt\n|faint|p2a: Lurantis\n|\n|upkeep\n|inactive|Time left: 300 sec this turn | 300 sec total | 5 sec grace\n|\n|t:|1783573311\n|switch|p2a: Ribombee|Ribombee, L83, F|235/235\n|turn|5\n|inactive|Time left: 300 sec this turn | 300 sec total\n|\n|t:|1783573312\n|move|p2a: Ribombee|Sticky Web|p1a: Vikavolt\n|-sidestart|p1: p0x28910de9|move: Sticky Web\n|move|p1a: Vikavolt|Volt Switch|p2a: Ribombee\n|-damage|p2a: Ribombee|114/235\n|\n|t:|1783573313\n|switch|p1a: Tentacruel|Tentacruel, L84, F|100/100|[from] Volt Switch\n|-activate|p1a: Tentacruel|move: Sticky Web\n|-unboost|p1a: Tentacruel|spe|1\n|\n|upkeep\n|turn|6\n|inactive|Time left: 300 sec this turn | 300 sec total\n|\n|t:|1783573313\n|move|p2a: Ribombee|Stun Spore|p1a: Tentacruel|[miss]\n|-miss|p2a: Ribombee|p1a: Tentacruel\n|move|p1a: Tentacruel|Rapid Spin|p2a: Ribombee\n|-damage|p2a: Ribombee|74/235\n|-boost|p1a: Tentacruel|spe|1\n|-sideend|p1: p0x28910de9|Sticky Web|[from] move: Rapid Spin|[of] p1a: Tentacruel\n|\n|upkeep\n|turn|7\n|inactive|Time left: 300 sec this turn | 300 sec total\n|\n|t:|1783573314\n|move|p2a: Ribombee|Sticky Web|p1a: Tentacruel\n|-sidestart|p1: p0x28910de9|move: Sticky Web\n|move|p1a: Tentacruel|Surf|p2a: Ribombee\n|-damage|p2a: Ribombee|0 fnt\n|faint|p2a: Ribombee\n|\n|upkeep\n|inactive|Time left: 300 sec this turn | 300 sec total | 5 sec grace\n|\n|t:|1783573315\n|switch|p2a: Greedent|Greedent, L86, M|347/347\n|-activate|p2a: Greedent|move: Sticky Web\n|-unboost|p2a: Greedent|spe|1\n|turn|8\n|inactive|Time left: 300 sec this turn | 300 sec total\n|\n|t:|1783573316\n|-terastallize|p2a: Greedent|Ghost\n|move|p1a: Tentacruel|Rapid Spin|p2a: Greedent\n|-immune|p2a: Greedent\n|move|p2a: Greedent|Swords Dance|p2a: Greedent\n|-boost|p2a: Greedent|atk|2\n|\n|upkeep\n|turn|9\n|inactive|Time left: 300 sec this turn | 300 sec total\n|\n|t:|1783573317\n|switch|p1a: Vikavolt|Vikavolt, L83, F|2/100\n|move|p2a: Greedent|Double-Edge|p1a: Vikavolt\n|-damage|p1a: Vikavolt|0 fnt\n|faint|p1a: Vikavolt\n|-damage|p2a: Greedent|346/347|[from] Recoil\n|\n|upkeep\n|\n|t:|1783573317\n|switch|p1a: Porygon-Z|Porygon-Z, L83|100/100\n|-activate|p1a: Porygon-Z|move: Sticky Web\n|-unboost|p1a: Porygon-Z|spe|1\n|turn|10\n|inactive|Time left: 300 sec this turn | 300 sec total\n|\n|t:|1783573319\n|-terastallize|p1a: Porygon-Z|Ghost\n|move|p1a: Porygon-Z|Shadow Ball|p2a: Greedent\n|-supereffective|p2a: Greedent\n|-damage|p2a: Greedent|0 fnt\n|faint|p2a: Greedent\n|-damage|p1a: Porygon-Z|91/100|[from] item: Life Orb\n|\n|upkeep\n|inactive|Time left: 300 sec this turn | 300 sec total | 5 sec grace\n|\n|t:|1783573319\n|switch|p2a: Ogerpon|Ogerpon-Wellspring, L76, F|247/247\n|-activate|p2a: Ogerpon|move: Sticky Web\n|-unboost|p2a: Ogerpon|spe|1\n|turn|11\n|inactive|Time left: 300 sec this turn | 300 sec total\n|\n|t:|1783573320\n|move|p2a: Ogerpon|Swords Dance|p2a: Ogerpon\n|-boost|p2a: Ogerpon|atk|2\n|move|p1a: Porygon-Z|Shadow Ball|p2a: Ogerpon\n|-damage|p2a: Ogerpon|62/247\n|-damage|p1a: Porygon-Z|81/100|[from] item: Life Orb\n|\n|upkeep\n|turn|12\n|inactive|Time left: 300 sec this turn | 300 sec total\n|\n|t:|1783573321\n|switch|p1a: Tentacruel|Tentacruel, L84, F|100/100\n|-activate|p1a: Tentacruel|move: Sticky Web\n|-unboost|p1a: Tentacruel|spe|1\n|move|p2a: Ogerpon|Horn Leech|p1a: Tentacruel\n|-damage|p1a: Tentacruel|9/100\n|-damage|p2a: Ogerpon|0 fnt|[from] ability: Liquid Ooze|[of] p1a: Tentacruel\n|faint|p2a: Ogerpon\n|\n|-heal|p1a: Tentacruel|15/100|[from] item: Leftovers\n|upkeep\n|inactive|Time left: 300 sec this turn | 300 sec total | 5 sec grace\n|\n|t:|1783573322\n|switch|p2a: Gyarados|Gyarados, L79, F|280/280\n|turn|13\n|inactive|Time left: 300 sec this turn | 300 sec total\n|\n|t:|1783573323\n|move|p2a: Gyarados|Waterfall|p1a: Tentacruel\n|-resisted|p1a: Tentacruel\n|-damage|p1a: Tentacruel|0 fnt\n|faint|p1a: Tentacruel\n|-ability|p2a: Gyarados|Moxie|boost\n|-boost|p2a: Gyarados|atk|1\n|\n|upkeep\n|\n|t:|1783573324\n|switch|p1a: Kommo-o|Kommo-o, L77, F|100/100\n|-activate|p1a: Kommo-o|move: Sticky Web\n|-unboost|p1a: Kommo-o|spe|1\n|turn|14\n|inactive|Time left: 300 sec this turn | 300 sec total\n|\n|t:|1783573325\n|move|p2a: Gyarados|Dragon Dance|p2a: Gyarados\n|-boost|p2a: Gyarados|atk|1\n|-boost|p2a: Gyarados|spe|1\n|move|p1a: Kommo-o|Scale Shot|p2a: Gyarados|[miss]\n|-miss|p1a: Kommo-o|p2a: Gyarados\n|\n|upkeep\n|turn|15\n|inactive|Time left: 300 sec this turn | 300 sec total\n|\n|t:|1783573326\n|move|p2a: Gyarados|Earthquake|p1a: Kommo-o\n|-damage|p1a: Kommo-o|51/100\n|move|p1a: Kommo-o|Scale Shot|p2a: Gyarados\n|-damage|p2a: Gyarados|250/280\n|-damage|p2a: Gyarados|220/280\n|-damage|p2a: Gyarados|189/280\n|-damage|p2a: Gyarados|158/280\n|-damage|p2a: Gyarados|128/280\n|-hitcount|p2a: Gyarados|5\n|-unboost|p1a: Kommo-o|def|1\n|-boost|p1a: Kommo-o|spe|1\n|\n|upkeep\n|turn|16\n|inactive|Time left: 300 sec this turn | 300 sec total\n|\n|t:|1783573327\n|move|p2a: Gyarados|Earthquake|p1a: Kommo-o\n|-damage|p1a: Kommo-o|0 fnt\n|faint|p1a: Kommo-o\n|-ability|p2a: Gyarados|Moxie|boost\n|-boost|p2a: Gyarados|atk|1\n|\n|upkeep\n|\n|t:|1783573328\n|switch|p1a: Pecharunt|Pecharunt, L77|100/100\n|-activate|p1a: Pecharunt|move: Sticky Web\n|-unboost|p1a: Pecharunt|spe|1\n|turn|17\n|inactive|Time left: 300 sec this turn | 300 sec total\n|\n|t:|1783573329\n|move|p2a: Gyarados|Earthquake|p1a: Pecharunt\n|-supereffective|p1a: Pecharunt\n|-damage|p1a: Pecharunt|10/100\n|move|p1a: Pecharunt|Malignant Chain|p2a: Gyarados\n|-damage|p2a: Gyarados|49/280\n|-status|p2a: Gyarados|tox\n|-start|p2a: Gyarados|confusion|[from] ability: Poison Puppeteer|[of] p1a: Pecharunt\n|\n|-heal|p1a: Pecharunt|16/100|[from] item: Leftovers\n|-damage|p2a: Gyarados|32/280 tox|[from] psn\n|upkeep\n|turn|18\n|inactive|Time left: 300 sec this turn | 300 sec total\n|\n|t:|1783573330\n|-activate|p2a: Gyarados|confusion\n|move|p2a: Gyarados|Waterfall|p1a: Pecharunt\n|-damage|p1a: Pecharunt|0 fnt\n|faint|p1a: Pecharunt\n|-ability|p2a: Gyarados|Moxie|boost\n|-boost|p2a: Gyarados|atk|1\n|\n|-damage|p2a: Gyarados|0 fnt|[from] psn\n|faint|p2a: Gyarados\n|upkeep\n|inactive|Time left: 300 sec this turn | 300 sec total | 5 sec grace\n|\n|t:|1783573331\n|switch|p1a: Porygon-Z|Porygon-Z, L83, tera:Ghost|81/100\n|switch|p2a: Qwilfish|Qwilfish-Hisui, L83, F|244/244\n|-activate|p1a: Porygon-Z|move: Sticky Web\n|-unboost|p1a: Porygon-Z|spe|1\n|-activate|p2a: Qwilfish|move: Sticky Web\n|-unboost|p2a: Qwilfish|spe|1\n|-ability|p2a: Qwilfish|Intimidate|boost\n|-unboost|p1a: Porygon-Z|atk|1\n|turn|19\n|inactive|Time left: 300 sec this turn | 300 sec total\n|\n|t:|1783573332\n|move|p1a: Porygon-Z|Tri Attack|p2a: Qwilfish\n|-damage|p2a: Qwilfish|98/244\n|-damage|p1a: Porygon-Z|71/100|[from] item: Life Orb\n|move|p2a: Qwilfish|Gunk Shot|p1a: Porygon-Z\n|-resisted|p1a: Porygon-Z\n|-damage|p1a: Porygon-Z|42/100\n|\n|upkeep\n|turn|20\n|inactive|Time left: 300 sec this turn | 300 sec total\n|\n|t:|1783573333\n|move|p1a: Porygon-Z|Tri Attack|p2a: Qwilfish\n|-damage|p2a: Qwilfish|0 fnt\n|faint|p2a: Qwilfish\n|-damage|p1a: Porygon-Z|33/100|[from] item: Life Orb\n|\n|win|p0x28910de9", "uploadtime": 1783573333, "views": 0, "rating": 0, "private": 0, "password": null, "_winner": "p0x28910de9", "_our_name": "p0y2891f7db"}