{"id": "battle-gen9randombattle-2902", "formatid": "gen9randombattle", "format": "[Gen 9] Random Battle", "players": ["p0x29026501", "p0y290255a6"], "log": "|init|battle\n|title|p0x29026501 vs. p0y290255a6\n|j|\u2606p0x29026501\n|j|\u2606p0y290255a6\n|t:|1783572458\n|gametype|singles\n|player|p1|p0x29026501|266|\n|player|p2|p0y290255a6|169|\n|gen|9\n|tier|[Gen 9] Random Battle\n|rule|Species Clause: Limit one of each Pok\u00e9mon\n|rule|HP Percentage Mod: HP is shown in percentages\n|rule|Sleep Clause Mod: Limit one foe put to sleep\n|rule|Illusion Level Mod: Illusion disguises the Pok\u00e9mon's true level\n|\n|t:|1783572458\n|teamsize|p1|6\n|teamsize|p2|6\n|start\n|switch|p1a: Gengar|Gengar, L81, M|230/230\n|switch|p2a: Hydrapple|Hydrapple, L83, M|100/100\n|turn|1\n|inactive|Battle timer is ON: inactive players will automatically lose when time's up. (requested by p0y290255a6)\n|inactive|Time left: 300 sec this turn | 300 sec total | 60 sec grace\n|\n|t:|1783572460\n|switch|p2a: Tyranitar|Tyranitar, L78, M|100/100\n|-weather|Sandstorm|[from] ability: Sand Stream|[of] p2a: Tyranitar\n|move|p1a: Gengar|Sludge Wave|p2a: Tyranitar\n|-resisted|p2a: Tyranitar\n|-damage|p2a: Tyranitar|82/100\n|-damage|p1a: Gengar|207/230|[from] item: Life Orb\n|\n|-weather|Sandstorm|[upkeep]\n|-damage|p1a: Gengar|193/230|[from] Sandstorm\n|upkeep\n|turn|2\n|inactive|Time left: 300 sec this turn | 300 sec total\n|inactive|p0x29026501 also wants the timer to be on.\n|\n|t:|1783572461\n|move|p1a: Gengar|Focus Blast|p2a: Tyranitar|[miss]\n|-miss|p1a: Gengar|p2a: Tyranitar\n|move|p2a: Tyranitar|Knock Off|p1a: Gengar\n|-supereffective|p1a: Gengar\n|-damage|p1a: Gengar|0 fnt\n|-enditem|p1a: Gengar|Life Orb|[from] move: Knock Off|[of] p2a: Tyranitar\n|faint|p1a: Gengar\n|\n|-weather|Sandstorm|[upkeep]\n|upkeep\n|inactive|Time left: 300 sec this turn | 300 sec total | 5 sec grace\n|\n|t:|1783572462\n|switch|p1a: Swampert|Swampert, L83, M|302/302\n|turn|3\n|inactive|Time left: 300 sec this turn | 300 sec total\n|\n|t:|1783572463\n|move|p1a: Swampert|Earthquake|p2a: Tyranitar\n|-supereffective|p2a: Tyranitar\n|-damage|p2a: Tyranitar|10/100\n|-enditem|p2a: Tyranitar|Weakness Policy\n|-boost|p2a: Tyranitar|atk|2|[from] item: Weakness Policy\n|-boost|p2a: Tyranitar|spa|2|[from] item: Weakness Policy\n|move|p2a: Tyranitar|Knock Off|p1a: Swampert\n|-damage|p1a: Swampert|68/302\n|-enditem|p1a: Swampert|Leftovers|[from] move: Knock Off|[of] p2a: Tyranitar\n|\n|-weather|Sandstorm|[upkeep]\n|upkeep\n|turn|4\n|inactive|Time left: 300 sec this turn | 300 sec total\n|\n|t:|1783572463\n|move|p1a: Swampert|Ice Beam|p2a: Tyranitar\n|-damage|p2a: Tyranitar|0 fnt\n|faint|p2a: Tyranitar\n|\n|-weather|Sandstorm|[upkeep]\n|upkeep\n|\n|t:|1783572464\n|switch|p2a: Chesnaught|Chesnaught, L84, F|100/100\n|turn|5\n|inactive|Time left: 300 sec this turn | 300 sec total\n|\n|t:|1783572465\n|switch|p1a: Bellossom|Bellossom, L84, F|263/263\n|move|p2a: Chesnaught|Trailblaze|p1a: Bellossom\n|-resisted|p1a: Bellossom\n|-damage|p1a: Bellossom|237/263\n|-boost|p2a: Chesnaught|spe|1\n|\n|-weather|none\n|-heal|p1a: Bellossom|253/263|[from] item: Leftovers\n|upkeep\n|turn|6\n|inactive|Time left: 300 sec this turn | 300 sec total\n|\n|t:|1783572466\n|move|p2a: Chesnaught|Iron Defense|p2a: Chesnaught\n|-boost|p2a: Chesnaught|def|2\n|move|p1a: Bellossom|Quiver Dance|p1a: Bellossom\n|-boost|p1a: Bellossom|spa|1\n|-boost|p1a: Bellossom|spd|1\n|-boost|p1a: Bellossom|spe|1\n|\n|-heal|p1a: Bellossom|263/263|[from] item: Leftovers\n|upkeep\n|turn|7\n|inactive|Time left: 300 sec this turn | 300 sec total\n|\n|t:|1783572467\n|move|p2a: Chesnaught|Iron Defense|p2a: Chesnaught\n|-boost|p2a: Chesnaught|def|2\n|move|p1a: Bellossom|Quiver Dance|p1a: Bellossom\n|-boost|p1a: Bellossom|spa|1\n|-boost|p1a: Bellossom|spd|1\n|-boost|p1a: Bellossom|spe|1\n|\n|upkeep\n|turn|8\n|inactive|Time left: 300 sec this turn | 300 sec total\n|\n|t:|1783572468\n|-terastallize|p1a: Bellossom|Poison\n|move|p1a: Bellossom|Quiver Dance|p1a: Bellossom\n|-boost|p1a: Bellossom|spa|1\n|-boost|p1a: Bellossom|spd|1\n|-boost|p1a: Bellossom|spe|1\n|move|p2a: Chesnaught|Body Press|p1a: Bellossom\n|-resisted|p1a: Bellossom\n|-damage|p1a: Bellossom|129/263\n|\n|-heal|p1a: Bellossom|145/263|[from] item: Leftovers\n|upkeep\n|turn|9\n|inactive|Time left: 300 sec this turn | 300 sec total\n|\n|t:|1783572469\n|move|p1a: Bellossom|Strength Sap|p2a: Chesnaught\n|-unboost|p2a: Chesnaught|atk|1\n|-heal|p1a: Bellossom|263/263\n|move|p2a: Chesnaught|Body Press|p1a: Bellossom\n|-resisted|p1a: Bellossom\n|-damage|p1a: Bellossom|117/263\n|\n|-heal|p1a: Bellossom|133/263|[from] item: Leftovers\n|upkeep\n|turn|10\n|inactive|Time left: 300 sec this turn | 300 sec total\n|\n|t:|1783572470\n|move|p1a: Bellossom|Strength Sap|p2a: Chesnaught\n|-unboost|p2a: Chesnaught|atk|1\n|-heal|p1a: Bellossom|263/263\n|move|p2a: Chesnaught|Body Press|p1a: Bellossom\n|-resisted|p1a: Bellossom\n|-damage|p1a: Bellossom|111/263\n|\n|-heal|p1a: Bellossom|127/263|[from] item: Leftovers\n|upkeep\n|turn|11\n|inactive|Time left: 300 sec this turn | 300 sec total\n|\n|t:|1783572471\n|move|p1a: Bellossom|Strength Sap|p2a: Chesnaught\n|-unboost|p2a: Chesnaught|atk|1\n|-heal|p1a: Bellossom|241/263\n|move|p2a: Chesnaught|Body Press|p1a: Bellossom\n|-resisted|p1a: Bellossom\n|-damage|p1a: Bellossom|101/263\n|\n|-heal|p1a: Bellossom|117/263|[from] item: Leftovers\n|upkeep\n|turn|12\n|inactive|Time left: 300 sec this turn | 300 sec total\n|\n|t:|1783572472\n|move|p1a: Bellossom|Strength Sap|p2a: Chesnaught\n|-unboost|p2a: Chesnaught|atk|1\n|-heal|p1a: Bellossom|208/263\n|move|p2a: Chesnaught|Body Press|p1a: Bellossom\n|-resisted|p1a: Bellossom\n|-damage|p1a: Bellossom|70/263\n|\n|-heal|p1a: Bellossom|86/263|[from] item: Leftovers\n|upkeep\n|turn|13\n|inactive|Time left: 300 sec this turn | 300 sec total\n|\n|t:|1783572473\n|move|p1a: Bellossom|Strength Sap|p2a: Chesnaught\n|-unboost|p2a: Chesnaught|atk|1\n|-heal|p1a: Bellossom|162/263\n|move|p2a: Chesnaught|Body Press|p1a: Bellossom\n|-resisted|p1a: Bellossom\n|-damage|p1a: Bellossom|27/263\n|\n|-heal|p1a: Bellossom|43/263|[from] item: Leftovers\n|upkeep\n|turn|14\n|inactive|Time left: 300 sec this turn | 300 sec total\n|\n|t:|1783572474\n|move|p1a: Bellossom|Giga Drain|p2a: Chesnaught\n|-resisted|p2a: Chesnaught\n|-damage|p2a: Chesnaught|67/100\n|-heal|p1a: Bellossom|91/263|[from] drain|[of] p2a: Chesnaught\n|move|p2a: Chesnaught|Body Press|p1a: Bellossom\n|-resisted|p1a: Bellossom\n|-damage|p1a: Bellossom|0 fnt\n|faint|p1a: Bellossom\n|\n|-heal|p2a: Chesnaught|73/100|[from] item: Leftovers\n|upkeep\n|inactive|Time left: 300 sec this turn | 300 sec total | 5 sec grace\n|\n|t:|1783572475\n|switch|p1a: Veluza|Veluza, L85, F|292/292\n|turn|15\n|inactive|Time left: 300 sec this turn | 300 sec total\n|\n|t:|1783572476\n|move|p2a: Chesnaught|Body Press|p1a: Veluza\n|-resisted|p1a: Veluza\n|-damage|p1a: Veluza|136/292\n|-enditem|p1a: Veluza|Sitrus Berry|[eat]\n|-heal|p1a: Veluza|209/292|[from] item: Sitrus Berry\n|move|p1a: Veluza|Psycho Cut|p2a: Chesnaught\n|-supereffective|p2a: Chesnaught\n|-damage|p2a: Chesnaught|50/100\n|\n|-heal|p2a: Chesnaught|56/100|[from] item: Leftovers\n|upkeep\n|turn|16\n|inactive|Time left: 300 sec this turn | 300 sec total\n|\n|t:|1783572477\n|move|p2a: Chesnaught|Body Press|p1a: Veluza\n|-resisted|p1a: Veluza\n|-damage|p1a: Veluza|28/292\n|move|p1a: Veluza|Psycho Cut|p2a: Chesnaught\n|-supereffective|p2a: Chesnaught\n|-damage|p2a: Chesnaught|32/100\n|\n|-heal|p2a: Chesnaught|38/100|[from] item: Leftovers\n|upkeep\n|turn|17\n|inactive|Time left: 300 sec this turn | 300 sec total\n|\n|t:|1783572478\n|move|p2a: Chesnaught|Trailblaze|p1a: Veluza\n|-supereffective|p1a: Veluza\n|-damage|p1a: Veluza|0 fnt\n|-boost|p2a: Chesnaught|spe|1\n|faint|p1a: Veluza\n|\n|-heal|p2a: Chesnaught|44/100|[from] item: Leftovers\n|upkeep\n|inactive|Time left: 300 sec this turn | 300 sec total | 5 sec grace\n|\n|t:|1783572479\n|switch|p1a: Swampert|Swampert, L83, M|68/302\n|turn|18\n|inactive|Time left: 300 sec this turn | 300 sec total\n|\n|t:|1783572480\n|move|p2a: Chesnaught|Body Press|p1a: Swampert\n|-crit|p1a: Swampert\n|-damage|p1a: Swampert|0 fnt\n|faint|p1a: Swampert\n|\n|-heal|p2a: Chesnaught|50/100|[from] item: Leftovers\n|upkeep\n|inactive|Time left: 300 sec this turn | 300 sec total | 5 sec grace\n|\n|t:|1783572481\n|switch|p1a: Klawf|Klawf, L90, M|235/235\n|turn|19\n|inactive|Time left: 300 sec this turn | 300 sec total\n|\n|t:|1783572482\n|move|p2a: Chesnaught|Body Press|p1a: Klawf\n|-supereffective|p1a: Klawf\n|-damage|p1a: Klawf|0 fnt\n|replace|p1a: Zoroark|Zoroark, L83, F\n|-end|p1a: Zoroark|Illusion\n|-hint|Illusion Level Mod is active, so this Pok\u00e9mon's true level was hidden.\n|faint|p1a: Zoroark\n|\n|-heal|p2a: Chesnaught|56/100|[from] item: Leftovers\n|upkeep\n|inactive|Time left: 300 sec this turn | 300 sec total | 5 sec grace\n|\n|t:|1783572482\n|switch|p1a: Klawf|Klawf, L90, M|272/272\n|turn|20\n|inactive|Time left: 300 sec this turn | 300 sec total\n|\n|t:|1783572483\n|move|p2a: Chesnaught|Body Press|p1a: Klawf\n|-supereffective|p1a: Klawf\n|-damage|p1a: Klawf|0 fnt\n|faint|p1a: Klawf\n|\n|win|p0y290255a6", "uploadtime": 1783572483, "views": 0, "rating": 0, "private": 0, "password": null, "_winner": "p0y290255a6", "_our_name": "p0x29026501"}