{"id": "battle-gen9randombattle-1415", "formatid": "gen9randombattle", "format": "[Gen 9] Random Battle", "players": ["p0x1415fe83", "p0y14154f69"], "log": "|init|battle\n|title|p0x1415fe83 vs. p0y14154f69\n|j|\u2606p0x1415fe83\n|j|\u2606p0y14154f69\n|t:|1783555499\n|gametype|singles\n|player|p1|p0x1415fe83|170|\n|player|p2|p0y14154f69|170|\n|gen|9\n|tier|[Gen 9] Random Battle\n|rule|Species Clause: Limit one of each Pok\u00e9mon\n|rule|HP Percentage Mod: HP is shown in percentages\n|rule|Sleep Clause Mod: Limit one foe put to sleep\n|rule|Illusion Level Mod: Illusion disguises the Pok\u00e9mon's true level\n|\n|t:|1783555499\n|teamsize|p1|6\n|teamsize|p2|6\n|start\n|switch|p1a: Dragapult|Dragapult, L77, F|100/100\n|switch|p2a: Drifblim|Drifblim, L86, F|396/396\n|turn|1\n|inactive|Battle timer is ON: inactive players will automatically lose when time's up. (requested by p0x1415fe83)\n|inactive|Time left: 300 sec this turn | 300 sec total | 60 sec grace\n|inactive|p0y14154f69 also wants the timer to be on.\n|\n|t:|1783555501\n|move|p1a: Dragapult|Dragon Dance|p1a: Dragapult\n|-boost|p1a: Dragapult|atk|1\n|-boost|p1a: Dragapult|spe|1\n|move|p2a: Drifblim|Shadow Ball|p1a: Dragapult\n|-supereffective|p1a: Dragapult\n|-damage|p1a: Dragapult|22/100\n|\n|upkeep\n|turn|2\n|inactive|Time left: 300 sec this turn | 300 sec total\n|\n|t:|1783555502\n|move|p1a: Dragapult|Dragon Darts|p2a: Drifblim\n|-damage|p2a: Drifblim|244/396\n|-anim|p1a: Dragapult|Dragon Darts|p2a: Drifblim\n|-damage|p2a: Drifblim|71/396\n|-enditem|p2a: Drifblim|Sitrus Berry|[eat]\n|-heal|p2a: Drifblim|170/396|[from] item: Sitrus Berry\n|-damage|p1a: Dragapult|12/100|[from] item: Life Orb\n|move|p2a: Drifblim|Shadow Ball|p1a: Dragapult\n|-supereffective|p1a: Dragapult\n|-damage|p1a: Dragapult|0 fnt\n|faint|p1a: Dragapult\n|\n|upkeep\n|\n|t:|1783555503\n|switch|p1a: Sandy Shocks|Sandy Shocks, L80|100/100\n|turn|3\n|inactive|Time left: 300 sec this turn | 300 sec total\n|\n|t:|1783555504\n|move|p2a: Drifblim|Strength Sap|p1a: Sandy Shocks\n|-unboost|p1a: Sandy Shocks|atk|1\n|-heal|p2a: Drifblim|304/396\n|move|p1a: Sandy Shocks|Thunderbolt|p2a: Drifblim\n|-supereffective|p2a: Drifblim\n|-damage|p2a: Drifblim|8/396\n|\n|upkeep\n|turn|4\n|inactive|Time left: 300 sec this turn | 300 sec total\n|\n|t:|1783555505\n|move|p2a: Drifblim|Strength Sap|p1a: Sandy Shocks\n|-unboost|p1a: Sandy Shocks|atk|1\n|-heal|p2a: Drifblim|97/396\n|move|p1a: Sandy Shocks|Volt Switch|p2a: Drifblim\n|-supereffective|p2a: Drifblim\n|-damage|p2a: Drifblim|0 fnt\n|faint|p2a: Drifblim\n|\n|t:|1783555506\n|-end|p1a: Sandy Shocks|Protosynthesis|[silent]\n|switch|p1a: Ninetales|Ninetales, L85, M|100/100|[from] Volt Switch\n|-weather|SunnyDay|[from] ability: Drought|[of] p1a: Ninetales\n|\n|-weather|SunnyDay|[upkeep]\n|upkeep\n|inactive|Time left: 300 sec this turn | 300 sec total | 10 sec grace\n|\n|t:|1783555508\n|switch|p2a: Groudon|Groudon, L72|263/263\n|turn|5\n|inactive|Time left: 300 sec this turn | 300 sec total\n|\n|t:|1783555509\n|move|p1a: Ninetales|Nasty Plot|p1a: Ninetales\n|-boost|p1a: Ninetales|spa|2\n|move|p2a: Groudon|Precipice Blades|p1a: Ninetales|[miss]\n|-miss|p2a: Groudon|p1a: Ninetales\n|\n|-weather|SunnyDay|[upkeep]\n|upkeep\n|turn|6\n|inactive|Time left: 300 sec this turn | 300 sec total\n|\n|t:|1783555510\n|-terastallize|p2a: Groudon|Fire\n|move|p1a: Ninetales|Fire Blast|p2a: Groudon\n|-resisted|p2a: Groudon\n|-damage|p2a: Groudon|75/263\n|move|p2a: Groudon|Precipice Blades|p1a: Ninetales|[miss]\n|-miss|p2a: Groudon|p1a: Ninetales\n|\n|-weather|SunnyDay|[upkeep]\n|-heal|p2a: Groudon|91/263|[from] item: Leftovers\n|upkeep\n|turn|7\n|inactive|Time left: 300 sec this turn | 300 sec total\n|\n|t:|1783555511\n|switch|p2a: Kingdra|Kingdra, L84, F|263/263\n|move|p1a: Ninetales|Fire Blast|p2a: Kingdra|[miss]\n|-miss|p1a: Ninetales|p2a: Kingdra\n|\n|-weather|SunnyDay|[upkeep]\n|upkeep\n|turn|8\n|inactive|Time left: 300 sec this turn | 300 sec total\n|\n|t:|1783555513\n|-terastallize|p1a: Ninetales|Grass\n|move|p1a: Ninetales|Solar Beam||[still]\n|-prepare|p1a: Ninetales|Solar Beam\n|-anim|p1a: Ninetales|Solar Beam|p2a: Kingdra\n|-damage|p2a: Kingdra|65/263\n|move|p2a: Kingdra|Rain Dance|p2a: Kingdra\n|-weather|RainDance\n|\n|-weather|RainDance|[upkeep]\n|upkeep\n|turn|9\n|inactive|Time left: 300 sec this turn | 300 sec total\n|\n|t:|1783555514\n|move|p2a: Kingdra|Hurricane|p1a: Ninetales\n|-supereffective|p1a: Ninetales\n|-damage|p1a: Ninetales|31/100\n|-damage|p2a: Kingdra|39/263|[from] item: Life Orb\n|move|p1a: Ninetales|Scorching Sands|p2a: Kingdra\n|-damage|p2a: Kingdra|0 fnt\n|faint|p2a: Kingdra\n|\n|-weather|RainDance|[upkeep]\n|upkeep\n|inactive|Time left: 300 sec this turn | 300 sec total | 5 sec grace\n|\n|t:|1783555515\n|switch|p2a: Iron Bundle|Iron Bundle, L78|215/215\n|turn|10\n|inactive|Time left: 300 sec this turn | 300 sec total\n|\n|t:|1783555516\n|switch|p1a: Reuniclus|Reuniclus, L88, F|100/100\n|move|p2a: Iron Bundle|Freeze-Dry|p1a: Reuniclus\n|-damage|p1a: Reuniclus|79/100\n|\n|-weather|RainDance|[upkeep]\n|upkeep\n|turn|11\n|inactive|Time left: 300 sec this turn | 300 sec total\n|\n|t:|1783555517\n|move|p2a: Iron Bundle|Hydro Pump|p1a: Reuniclus\n|-damage|p1a: Reuniclus|28/100\n|move|p1a: Reuniclus|Focus Blast|p2a: Iron Bundle\n|-supereffective|p2a: Iron Bundle\n|-crit|p2a: Iron Bundle\n|-damage|p2a: Iron Bundle|0 fnt\n|faint|p2a: Iron Bundle\n|-end|p2a: Iron Bundle|Quark Drive|[silent]\n|\n|-weather|RainDance|[upkeep]\n|upkeep\n|inactive|Time left: 300 sec this turn | 300 sec total | 5 sec grace\n|\n|t:|1783555517\n|switch|p2a: Groudon|Groudon, L72, tera:Fire|91/263\n|-weather|SunnyDay|[from] ability: Drought|[of] p2a: Groudon\n|turn|12\n|inactive|Time left: 300 sec this turn | 300 sec total\n|\n|t:|1783555518\n|switch|p1a: Great Tusk|Great Tusk, L77|100/100\n|-activate|p1a: Great Tusk|ability: Protosynthesis\n|-start|p1a: Great Tusk|protosynthesisatk\n|move|p2a: Groudon|Heat Crash|p1a: Great Tusk\n|-damage|p1a: Great Tusk|73/100\n|\n|-weather|SunnyDay|[upkeep]\n|-heal|p1a: Great Tusk|79/100|[from] item: Leftovers\n|-heal|p2a: Groudon|107/263|[from] item: Leftovers\n|upkeep\n|turn|13\n|inactive|Time left: 300 sec this turn | 300 sec total\n|\n|t:|1783555519\n|switch|p2a: Bronzong|Bronzong, L88|261/261\n|move|p1a: Great Tusk|Headlong Rush|p2a: Bronzong\n|-immune|p2a: Bronzong|[from] ability: Levitate\n|\n|-weather|SunnyDay|[upkeep]\n|-heal|p1a: Great Tusk|85/100|[from] item: Leftovers\n|upkeep\n|turn|14\n|inactive|Time left: 300 sec this turn | 300 sec total\n|\n|t:|1783555520\n|-end|p1a: Great Tusk|Protosynthesis|[silent]\n|switch|p1a: Ninetales|Ninetales, L85, M, tera:Grass|31/100\n|move|p2a: Bronzong|Psychic Noise|p1a: Ninetales\n|-damage|p1a: Ninetales|4/100\n|-start|p1a: Ninetales|move: Heal Block\n|\n|-weather|SunnyDay|[upkeep]\n|upkeep\n|turn|15\n|inactive|Time left: 300 sec this turn | 300 sec total\n|\n|t:|1783555521\n|move|p1a: Ninetales|Fire Blast|p2a: Bronzong\n|-supereffective|p2a: Bronzong\n|-damage|p2a: Bronzong|21/261\n|move|p2a: Bronzong|Psychic Noise|p1a: Ninetales\n|-damage|p1a: Ninetales|0 fnt\n|faint|p1a: Ninetales\n|\n|-weather|SunnyDay|[upkeep]\n|-heal|p2a: Bronzong|37/261|[from] item: Leftovers\n|upkeep\n|\n|t:|1783555522\n|switch|p1a: Sandy Shocks|Sandy Shocks, L80|100/100\n|-activate|p1a: Sandy Shocks|ability: Protosynthesis\n|-start|p1a: Sandy Shocks|protosynthesisspa\n|turn|16\n|inactive|Time left: 300 sec this turn | 300 sec total\n|\n|t:|1783555523\n|switch|p2a: Vileplume|Vileplume, L85, M, shiny|266/266\n|move|p1a: Sandy Shocks|Thunderbolt|p2a: Vileplume\n|-resisted|p2a: Vileplume\n|-damage|p2a: Vileplume|203/266\n|\n|-weather|none\n|-end|p1a: Sandy Shocks|Protosynthesis\n|-heal|p2a: Vileplume|219/266|[from] item: Leftovers\n|upkeep\n|turn|17\n|inactive|Time left: 300 sec this turn | 300 sec total\n|\n|t:|1783555524\n|move|p1a: Sandy Shocks|Volt Switch|p2a: Vileplume\n|-resisted|p2a: Vileplume\n|-damage|p2a: Vileplume|182/266\n|\n|t:|1783555525\n|-end|p1a: Sandy Shocks|Protosynthesis|[silent]\n|switch|p1a: Reuniclus|Reuniclus, L88, F|28/100|[from] Volt Switch\n|move|p2a: Vileplume|Giga Drain|p1a: Reuniclus\n|-damage|p1a: Reuniclus|4/100\n|-heal|p2a: Vileplume|223/266|[from] drain|[of] p1a: Reuniclus\n|\n|-heal|p2a: Vileplume|239/266|[from] item: Leftovers\n|upkeep\n|turn|18\n|inactive|Time left: 300 sec this turn | 300 sec total\n|\n|t:|1783555526\n|move|p2a: Vileplume|Giga Drain|p1a: Reuniclus\n|-damage|p1a: Reuniclus|0 fnt\n|-heal|p2a: Vileplume|245/266|[from] drain|[of] p1a: Reuniclus\n|faint|p1a: Reuniclus\n|\n|-heal|p2a: Vileplume|261/266|[from] item: Leftovers\n|upkeep\n|\n|t:|1783555526\n|switch|p1a: Sandy Shocks|Sandy Shocks, L80|100/100\n|turn|19\n|inactive|Time left: 300 sec this turn | 300 sec total\n|\n|t:|1783555527\n|move|p1a: Sandy Shocks|Earth Power|p2a: Vileplume\n|-damage|p2a: Vileplume|159/266\n|-unboost|p2a: Vileplume|spd|1\n|move|p2a: Vileplume|Giga Drain|p1a: Sandy Shocks\n|-supereffective|p1a: Sandy Shocks\n|-damage|p1a: Sandy Shocks|21/100\n|-heal|p2a: Vileplume|265/266|[from] drain|[of] p1a: Sandy Shocks\n|\n|-heal|p2a: Vileplume|266/266|[from] item: Leftovers\n|upkeep\n|turn|20\n|inactive|Time left: 300 sec this turn | 300 sec total\n|\n|t:|1783555529\n|move|p1a: Sandy Shocks|Earth Power|p2a: Vileplume\n|-damage|p2a: Vileplume|121/266\n|move|p2a: Vileplume|Giga Drain|p1a: Sandy Shocks\n|-supereffective|p1a: Sandy Shocks\n|-damage|p1a: Sandy Shocks|0 fnt\n|-heal|p2a: Vileplume|149/266|[from] drain|[of] p1a: Sandy Shocks\n|faint|p1a: Sandy Shocks\n|-end|p1a: Sandy Shocks|Protosynthesis|[silent]\n|\n|-heal|p2a: Vileplume|165/266|[from] item: Leftovers\n|upkeep\n|\n|t:|1783555530\n|switch|p1a: Pawmot|Pawmot, L80, F|100/100\n|turn|21\n|inactive|Time left: 300 sec this turn | 300 sec total\n|\n|t:|1783555530\n|move|p1a: Pawmot|Knock Off|p2a: Vileplume\n|-damage|p2a: Vileplume|77/266\n|-enditem|p2a: Vileplume|Leftovers|[from] move: Knock Off|[of] p1a: Pawmot\n|-damage|p1a: Pawmot|91/100|[from] item: Life Orb\n|move|p2a: Vileplume|Strength Sap|p1a: Pawmot\n|-unboost|p1a: Pawmot|atk|1\n|-heal|p2a: Vileplume|266/266\n|\n|upkeep\n|turn|22\n|inactive|Time left: 300 sec this turn | 300 sec total\n|\n|t:|1783555531\n|move|p1a: Pawmot|Revival Blessing|p1a: Pawmot\n|inactive|p0x1415fe83 has 270 seconds left.\n|inactive|p0x1415fe83 has 240 seconds left.\n|inactive|p0x1415fe83 has 210 seconds left.\n|inactive|p0x1415fe83 has 180 seconds left.\n|inactive|p0x1415fe83 has 150 seconds left.\n|inactive|p0x1415fe83 has 120 seconds left.\n|inactive|p0x1415fe83 has 90 seconds left.\n|inactive|p0x1415fe83 has 60 seconds left.\n|inactive|p0x1415fe83 has 30 seconds left.\n|inactive|p0x1415fe83 has 20 seconds left.\n|inactive|p0x1415fe83 has 15 seconds left.\n|inactive|p0x1415fe83 has 10 seconds left.\n|inactive|p0x1415fe83 has 5 seconds left.\n|-message|p0x1415fe83 lost due to inactivity.\n|\n|win|p0y14154f69", "uploadtime": 1783555831, "views": 0, "rating": 0, "private": 0, "password": null, "_winner": "p0y14154f69", "_our_name": "p0y14154f69"}