{"id": "battle-gen9randombattle-2472", "formatid": "gen9randombattle", "format": "[Gen 9] Random Battle", "players": ["p0x2472739b", "p0y2472b95a"], "log": "|init|battle\n|title|p0x2472739b vs. p0y2472b95a\n|j|\u2606p0x2472739b\n|j|\u2606p0y2472b95a\n|t:|1783567701\n|gametype|singles\n|player|p1|p0x2472739b|102|\n|player|p2|p0y2472b95a|265|\n|gen|9\n|tier|[Gen 9] Random Battle\n|rule|Species Clause: Limit one of each Pok\u00e9mon\n|rule|HP Percentage Mod: HP is shown in percentages\n|rule|Sleep Clause Mod: Limit one foe put to sleep\n|rule|Illusion Level Mod: Illusion disguises the Pok\u00e9mon's true level\n|\n|t:|1783567701\n|teamsize|p1|6\n|teamsize|p2|6\n|start\n|switch|p1a: Tinkaton|Tinkaton, L82, F|100/100\n|switch|p2a: Honchkrow|Honchkrow, L86, M|312/312\n|-ability|p1a: Tinkaton|Mold Breaker\n|turn|1\n|inactive|Battle timer is ON: inactive players will automatically lose when time's up. (requested by p0y2472b95a)\n|inactive|p0x2472739b also wants the timer to be on.\n|\n|t:|1783567703\n|switch|p2a: Archaludon|Archaludon, L78, M|268/268\n|move|p1a: Tinkaton|Gigaton Hammer|p2a: Archaludon\n|-resisted|p2a: Archaludon\n|-damage|p2a: Archaludon|217/268\n|-ability|p2a: Archaludon|Stamina|boost\n|-boost|p2a: Archaludon|def|1\n|\n|upkeep\n|turn|2\n|inactive|Time left: 300 sec this turn | 300 sec total\n|\n|t:|1783567704\n|move|p1a: Tinkaton|Swords Dance|p1a: Tinkaton\n|-boost|p1a: Tinkaton|atk|2\n|move|p2a: Archaludon|Body Press|p1a: Tinkaton\n|-damage|p1a: Tinkaton|60/100\n|\n|-heal|p1a: Tinkaton|66/100|[from] item: Leftovers\n|upkeep\n|turn|3\n|inactive|Time left: 300 sec this turn | 300 sec total\n|\n|t:|1783567705\n|move|p1a: Tinkaton|Swords Dance|p1a: Tinkaton\n|-boost|p1a: Tinkaton|atk|2\n|move|p2a: Archaludon|Body Press|p1a: Tinkaton\n|-damage|p1a: Tinkaton|29/100\n|\n|-heal|p1a: Tinkaton|36/100|[from] item: Leftovers\n|upkeep\n|turn|4\n|inactive|Time left: 300 sec this turn | 300 sec total\n|\n|t:|1783567706\n|move|p1a: Tinkaton|Protect|p1a: Tinkaton\n|-singleturn|p1a: Tinkaton|Protect\n|move|p2a: Archaludon|Body Press|p1a: Tinkaton\n|-activate|p1a: Tinkaton|move: Protect\n|\n|-heal|p1a: Tinkaton|42/100|[from] item: Leftovers\n|upkeep\n|turn|5\n|inactive|Time left: 300 sec this turn | 300 sec total\n|\n|t:|1783567707\n|switch|p1a: Polteageist|Polteageist-Antique, L78|100/100\n|move|p2a: Archaludon|Body Press|p1a: Polteageist\n|-immune|p1a: Polteageist\n|\n|upkeep\n|turn|6\n|inactive|Time left: 300 sec this turn | 300 sec total\n|\n|t:|1783567708\n|move|p1a: Polteageist|Shell Smash|p1a: Polteageist\n|-unboost|p1a: Polteageist|def|1\n|-unboost|p1a: Polteageist|spd|1\n|-boost|p1a: Polteageist|atk|2\n|-boost|p1a: Polteageist|spa|2\n|-boost|p1a: Polteageist|spe|2\n|-enditem|p1a: Polteageist|White Herb\n|-clearnegativeboost|p1a: Polteageist|[silent]\n|move|p2a: Archaludon|Dragon Tail|p1a: Polteageist\n|-damage|p1a: Polteageist|65/100\n|drag|p1a: Cryogonal|Cryogonal, L89|100/100\n|\n|upkeep\n|turn|7\n|inactive|Time left: 300 sec this turn | 300 sec total\n|\n|t:|1783567709\n|switch|p1a: Alomomola|Alomomola, L87, F|100/100\n|move|p2a: Archaludon|Body Press|p1a: Alomomola\n|-damage|p1a: Alomomola|78/100\n|\n|upkeep\n|turn|8\n|inactive|Time left: 300 sec this turn | 300 sec total\n|\n|t:|1783567710\n|move|p2a: Archaludon|Flash Cannon|p1a: Alomomola\n|-resisted|p1a: Alomomola\n|-damage|p1a: Alomomola|62/100\n|move|p1a: Alomomola|Wish|p1a: Alomomola\n|\n|upkeep\n|turn|9\n|inactive|Time left: 300 sec this turn | 300 sec total\n|\n|t:|1783567711\n|switch|p1a: Tinkaton|Tinkaton, L82, F|42/100\n|-ability|p1a: Tinkaton|Mold Breaker\n|move|p2a: Archaludon|Flash Cannon|p1a: Tinkaton\n|-crit|p1a: Tinkaton\n|-damage|p1a: Tinkaton|0 fnt\n|faint|p1a: Tinkaton\n|\n|upkeep\n|\n|t:|1783567712\n|switch|p1a: Polteageist|Polteageist-Antique, L78|65/100\n|turn|10\n|inactive|Time left: 300 sec this turn | 300 sec total\n|\n|t:|1783567713\n|move|p1a: Polteageist|Strength Sap|p2a: Archaludon\n|-unboost|p2a: Archaludon|atk|1\n|-heal|p1a: Polteageist|100/100\n|move|p2a: Archaludon|Dragon Tail|p1a: Polteageist\n|-crit|p1a: Polteageist\n|-damage|p1a: Polteageist|47/100\n|-start|p2a: Archaludon|Disable|Dragon Tail|[from] ability: Cursed Body|[of] p1a: Polteageist\n|drag|p1a: Cryogonal|Cryogonal, L89|100/100\n|\n|upkeep\n|turn|11\n|inactive|Time left: 300 sec this turn | 300 sec total\n|\n|t:|1783567714\n|switch|p1a: Polteageist|Polteageist-Antique, L78|47/100\n|move|p2a: Archaludon|Body Press|p1a: Polteageist\n|-immune|p1a: Polteageist\n|\n|upkeep\n|turn|12\n|inactive|Time left: 300 sec this turn | 300 sec total\n|\n|t:|1783567714\n|move|p2a: Archaludon|Draco Meteor|p1a: Polteageist\n|-damage|p1a: Polteageist|0 fnt\n|-unboost|p2a: Archaludon|spa|2\n|faint|p1a: Polteageist\n|\n|upkeep\n|\n|t:|1783567715\n|switch|p1a: Carbink|Carbink, L90|100/100\n|turn|13\n|inactive|Time left: 300 sec this turn | 300 sec total\n|\n|t:|1783567716\n|switch|p2a: Rotom|Rotom-Fan, L86|226/226\n|move|p1a: Carbink|Rock Polish|p1a: Carbink\n|-boost|p1a: Carbink|spe|2\n|\n|upkeep\n|turn|14\n|inactive|Time left: 300 sec this turn | 300 sec total\n|\n|t:|1783567717\n|move|p1a: Carbink|Moonblast|p2a: Rotom\n|-damage|p2a: Rotom|169/226\n|move|p2a: Rotom|Nasty Plot|p2a: Rotom\n|-boost|p2a: Rotom|spa|2\n|\n|upkeep\n|turn|15\n|inactive|Time left: 300 sec this turn | 300 sec total\n|\n|t:|1783567718\n|move|p1a: Carbink|Moonblast|p2a: Rotom\n|-damage|p2a: Rotom|103/226\n|move|p2a: Rotom|Thunderbolt|p1a: Carbink\n|-damage|p1a: Carbink|49/100\n|\n|-heal|p1a: Carbink|55/100|[from] item: Leftovers\n|upkeep\n|turn|16\n|inactive|Time left: 300 sec this turn | 300 sec total\n|\n|t:|1783567719\n|move|p1a: Carbink|Moonblast|p2a: Rotom\n|-damage|p2a: Rotom|36/226\n|-unboost|p2a: Rotom|spa|1\n|move|p2a: Rotom|Thunderbolt|p1a: Carbink\n|-damage|p1a: Carbink|10/100\n|\n|-heal|p1a: Carbink|16/100|[from] item: Leftovers\n|upkeep\n|turn|17\n|inactive|Time left: 300 sec this turn | 300 sec total\n|\n|t:|1783567720\n|switch|p2a: Archaludon|Archaludon, L78, M|217/268\n|move|p1a: Carbink|Moonblast|p2a: Archaludon\n|-damage|p2a: Archaludon|156/268\n|-ability|p2a: Archaludon|Stamina|boost\n|-boost|p2a: Archaludon|def|1\n|\n|-heal|p1a: Carbink|22/100|[from] item: Leftovers\n|upkeep\n|turn|18\n|inactive|Time left: 300 sec this turn | 300 sec total\n|\n|t:|1783567721\n|move|p1a: Carbink|Iron Defense|p1a: Carbink\n|-boost|p1a: Carbink|def|2\n|move|p2a: Archaludon|Flash Cannon|p1a: Carbink\n|-supereffective|p1a: Carbink\n|-damage|p1a: Carbink|0 fnt\n|faint|p1a: Carbink\n|\n|upkeep\n|\n|t:|1783567722\n|switch|p1a: Sceptile|Sceptile, L87, M|100/100\n|turn|19\n|inactive|Time left: 300 sec this turn | 300 sec total\n|\n|t:|1783567723\n|move|p1a: Sceptile|Focus Blast|p2a: Archaludon|[miss]\n|-miss|p1a: Sceptile|p2a: Archaludon\n|move|p2a: Archaludon|Body Press|p1a: Sceptile\n|-damage|p1a: Sceptile|58/100\n|\n|-heal|p1a: Sceptile|64/100|[from] item: Leftovers\n|upkeep\n|turn|20\n|inactive|Time left: 300 sec this turn | 300 sec total\n|\n|t:|1783567724\n|-terastallize|p2a: Archaludon|Fighting\n|move|p1a: Sceptile|Focus Blast|p2a: Archaludon\n|-damage|p2a: Archaludon|67/268\n|-ability|p2a: Archaludon|Stamina|boost\n|-boost|p2a: Archaludon|def|1\n|move|p2a: Archaludon|Body Press|p1a: Sceptile\n|-damage|p1a: Sceptile|0 fnt\n|faint|p1a: Sceptile\n|\n|upkeep\n|\n|t:|1783567725\n|switch|p1a: Cryogonal|Cryogonal, L89|100/100\n|turn|21\n|inactive|Time left: 300 sec this turn | 300 sec total\n|\n|t:|1783567727\n|switch|p2a: Blissey|Blissey, L85, F|572/572\n|move|p1a: Cryogonal|Ice Beam|p2a: Blissey\n|-damage|p2a: Blissey|496/572\n|\n|-heal|p2a: Blissey|531/572|[from] item: Leftovers\n|upkeep\n|turn|22\n|inactive|Time left: 300 sec this turn | 300 sec total\n|\n|t:|1783567728\n|move|p1a: Cryogonal|Rapid Spin|p2a: Blissey\n|-damage|p2a: Blissey|462/572\n|-boost|p1a: Cryogonal|spe|1\n|move|p2a: Blissey|Thunder Wave|p1a: Cryogonal\n|-status|p1a: Cryogonal|par\n|\n|-heal|p2a: Blissey|497/572|[from] item: Leftovers\n|upkeep\n|turn|23\n|inactive|Time left: 300 sec this turn | 300 sec total\n|\n|t:|1783567729\n|cant|p1a: Cryogonal|par\n|move|p2a: Blissey|Seismic Toss|p1a: Cryogonal\n|-damage|p1a: Cryogonal|71/100 par\n|\n|-heal|p2a: Blissey|532/572|[from] item: Leftovers\n|upkeep\n|turn|24\n|inactive|Time left: 300 sec this turn | 300 sec total\n|\n|t:|1783567730\n|move|p1a: Cryogonal|Ice Beam|p2a: Blissey\n|-damage|p2a: Blissey|457/572\n|move|p2a: Blissey|Seismic Toss|p1a: Cryogonal\n|-damage|p1a: Cryogonal|41/100 par\n|\n|-heal|p2a: Blissey|492/572|[from] item: Leftovers\n|upkeep\n|turn|25\n|inactive|Time left: 300 sec this turn | 300 sec total\n|\n|t:|1783567731\n|cant|p1a: Cryogonal|par\n|move|p2a: Blissey|Seismic Toss|p1a: Cryogonal\n|-damage|p1a: Cryogonal|12/100 par\n|\n|-heal|p2a: Blissey|527/572|[from] item: Leftovers\n|upkeep\n|turn|26\n|inactive|Time left: 300 sec this turn | 300 sec total\n|\n|t:|1783567732\n|move|p1a: Cryogonal|Recover|p1a: Cryogonal\n|-heal|p1a: Cryogonal|62/100 par\n|move|p2a: Blissey|Seismic Toss|p1a: Cryogonal\n|-damage|p1a: Cryogonal|32/100 par\n|\n|-heal|p2a: Blissey|562/572|[from] item: Leftovers\n|upkeep\n|turn|27\n|inactive|Time left: 300 sec this turn | 300 sec total\n|\n|t:|1783567733\n|move|p1a: Cryogonal|Recover|p1a: Cryogonal\n|-heal|p1a: Cryogonal|82/100 par\n|move|p2a: Blissey|Seismic Toss|p1a: Cryogonal\n|-damage|p1a: Cryogonal|53/100 par\n|\n|-heal|p2a: Blissey|572/572|[from] item: Leftovers\n|upkeep\n|turn|28\n|inactive|Time left: 300 sec this turn | 300 sec total\n|\n|t:|1783567734\n|move|p1a: Cryogonal|Recover|p1a: Cryogonal\n|-heal|p1a: Cryogonal|100/100 par\n|move|p2a: Blissey|Seismic Toss|p1a: Cryogonal\n|-damage|p1a: Cryogonal|71/100 par\n|\n|upkeep\n|turn|29\n|inactive|Time left: 300 sec this turn | 300 sec total\n|\n|t:|1783567735\n|move|p1a: Cryogonal|Ice Beam|p2a: Blissey\n|-damage|p2a: Blissey|494/572\n|move|p2a: Blissey|Seismic Toss|p1a: Cryogonal\n|-damage|p1a: Cryogonal|41/100 par\n|\n|-heal|p2a: Blissey|529/572|[from] item: Leftovers\n|upkeep\n|turn|30\n|inactive|Time left: 300 sec this turn | 300 sec total\n|\n|t:|1783567736\n|move|p1a: Cryogonal|Recover|p1a: Cryogonal\n|-heal|p1a: Cryogonal|91/100 par\n|move|p2a: Blissey|Seismic Toss|p1a: Cryogonal\n|-damage|p1a: Cryogonal|62/100 par\n|\n|-heal|p2a: Blissey|564/572|[from] item: Leftovers\n|upkeep\n|turn|31\n|inactive|Time left: 300 sec this turn | 300 sec total\n|\n|t:|1783567737\n|move|p1a: Cryogonal|Recover|p1a: Cryogonal\n|-heal|p1a: Cryogonal|100/100 par\n|move|p2a: Blissey|Seismic Toss|p1a: Cryogonal\n|-damage|p1a: Cryogonal|71/100 par\n|\n|-heal|p2a: Blissey|572/572|[from] item: Leftovers\n|upkeep\n|turn|32\n|inactive|Time left: 300 sec this turn | 300 sec total\n|\n|t:|1783567738\n|move|p1a: Cryogonal|Recover|p1a: Cryogonal\n|-heal|p1a: Cryogonal|100/100 par\n|move|p2a: Blissey|Seismic Toss|p1a: Cryogonal\n|-damage|p1a: Cryogonal|71/100 par\n|\n|upkeep\n|turn|33\n|inactive|Time left: 300 sec this turn | 300 sec total\n|\n|t:|1783567739\n|move|p1a: Cryogonal|Recover|p1a: Cryogonal\n|-heal|p1a: Cryogonal|100/100 par\n|move|p2a: Blissey|Seismic Toss|p1a: Cryogonal\n|-damage|p1a: Cryogonal|71/100 par\n|\n|upkeep\n|turn|34\n|inactive|Time left: 300 sec this turn | 300 sec total\n|\n|t:|1783567740\n|cant|p1a: Cryogonal|par\n|move|p2a: Blissey|Seismic Toss|p1a: Cryogonal\n|-damage|p1a: Cryogonal|41/100 par\n|\n|upkeep\n|turn|35\n|inactive|Time left: 300 sec this turn | 300 sec total\n|\n|t:|1783567741\n|cant|p1a: Cryogonal|par\n|move|p2a: Blissey|Seismic Toss|p1a: Cryogonal\n|-damage|p1a: Cryogonal|12/100 par\n|\n|upkeep\n|turn|36\n|inactive|Time left: 300 sec this turn | 300 sec total\n|\n|t:|1783567742\n|cant|p1a: Cryogonal|par\n|move|p2a: Blissey|Seismic Toss|p1a: Cryogonal\n|-damage|p1a: Cryogonal|0 fnt\n|faint|p1a: Cryogonal\n|\n|upkeep\n|\n|t:|1783567743\n|switch|p1a: Alomomola|Alomomola, L87, F|96/100\n|turn|37\n|inactive|Time left: 300 sec this turn | 300 sec total\n|\n|t:|1783567744\n|move|p1a: Alomomola|Flip Turn|p2a: Blissey\n|-damage|p2a: Blissey|416/572\n|move|p2a: Blissey|Thunder Wave|p1a: Alomomola\n|-status|p1a: Alomomola|par\n|\n|-heal|p2a: Blissey|451/572|[from] item: Leftovers\n|upkeep\n|turn|38\n|inactive|Time left: 300 sec this turn | 300 sec total\n|\n|t:|1783567745\n|move|p2a: Blissey|Soft-Boiled|p2a: Blissey\n|-heal|p2a: Blissey|572/572\n|move|p1a: Alomomola|Scald|p2a: Blissey\n|-damage|p2a: Blissey|538/572\n|-status|p2a: Blissey|brn\n|\n|-heal|p2a: Blissey|572/572 brn|[from] item: Leftovers\n|-damage|p2a: Blissey|537/572 brn|[from] brn\n|upkeep\n|turn|39\n|inactive|Time left: 300 sec this turn | 300 sec total\n|\n|t:|1783567746\n|-curestatus|p2a: Blissey|brn|[from] ability: Natural Cure|[silent]\n|switch|p2a: Kyogre|Kyogre, L71|259/259\n|-weather|RainDance|[from] ability: Drizzle|[of] p2a: Kyogre\n|cant|p1a: Alomomola|par\n|\n|-weather|RainDance|[upkeep]\n|upkeep\n|turn|40\n|inactive|Time left: 300 sec this turn | 300 sec total\n|\n|t:|1783567747\n|cant|p1a: Alomomola|par\n|move|p2a: Kyogre|Thunder|p1a: Alomomola\n|-supereffective|p1a: Alomomola\n|-damage|p1a: Alomomola|41/100 par\n|\n|-weather|RainDance|[upkeep]\n|upkeep\n|turn|41\n|inactive|Time left: 300 sec this turn | 300 sec total\n|\n|t:|1783567748\n|-terastallize|p1a: Alomomola|Poison\n|move|p2a: Kyogre|Thunder|p1a: Alomomola\n|-damage|p1a: Alomomola|13/100 par\n|move|p1a: Alomomola|Wish|p1a: Alomomola\n|\n|-weather|RainDance|[upkeep]\n|upkeep\n|turn|42\n|inactive|Time left: 300 sec this turn | 300 sec total\n|\n|t:|1783567748\n|cant|p1a: Alomomola|par\n|move|p2a: Kyogre|Ice Beam|p1a: Alomomola\n|-damage|p1a: Alomomola|0 fnt\n|faint|p1a: Alomomola\n|\n|win|p0y2472b95a", "uploadtime": 1783567749, "views": 0, "rating": 0, "private": 0, "password": null, "_winner": "p0y2472b95a", "_our_name": "p0y2472b95a"}