{"id": "battle-gen9randombattle-2001", "formatid": "gen9randombattle", "format": "[Gen 9] Random Battle", "players": ["p0x20018796", "p0y20013273"], "log": "|init|battle\n|title|p0x20018796 vs. p0y20013273\n|j|\u2606p0x20018796\n|j|\u2606p0y20013273\n|t:|1783563161\n|gametype|singles\n|player|p1|p0x20018796|265|\n|player|p2|p0y20013273|101|\n|gen|9\n|tier|[Gen 9] Random Battle\n|rule|Species Clause: Limit one of each Pok\u00e9mon\n|rule|HP Percentage Mod: HP is shown in percentages\n|rule|Sleep Clause Mod: Limit one foe put to sleep\n|rule|Illusion Level Mod: Illusion disguises the Pok\u00e9mon's true level\n|\n|t:|1783563161\n|teamsize|p1|6\n|teamsize|p2|6\n|start\n|switch|p1a: Azelf|Azelf, L82|257/257\n|switch|p2a: Alcremie|Alcremie, L90, F|100/100\n|turn|1\n|inactive|Battle timer is ON: inactive players will automatically lose when time's up. (requested by p0y20013273)\n|inactive|Time left: 300 sec this turn | 300 sec total | 60 sec grace\n|inactive|p0x20018796 also wants the timer to be on.\n|\n|t:|1783563163\n|switch|p1a: Flareon|Flareon, L90, M|263/263\n|move|p2a: Alcremie|Alluring Voice|p1a: Flareon\n|-resisted|p1a: Flareon\n|-damage|p1a: Flareon|217/263\n|\n|-status|p1a: Flareon|tox|[from] item: Toxic Orb\n|upkeep\n|turn|2\n|inactive|Time left: 300 sec this turn | 300 sec total\n|\n|t:|1783563164\n|switch|p2a: Dragapult|Dragapult, L77, M|100/100\n|move|p1a: Flareon|Flare Blitz|p2a: Dragapult\n|-resisted|p2a: Dragapult\n|-damage|p2a: Dragapult|37/100\n|-damage|p1a: Flareon|162/263 tox|[from] Recoil\n|\n|-damage|p1a: Flareon|146/263 tox|[from] psn\n|upkeep\n|turn|3\n|inactive|Time left: 300 sec this turn | 300 sec total\n|\n|t:|1783563165\n|switch|p1a: Porygon2|Porygon2, L81|270/270\n|-ability|p1a: Porygon2|Download|boost\n|-boost|p1a: Porygon2|spa|1\n|move|p2a: Dragapult|Dragon Darts|p1a: Porygon2\n|-damage|p1a: Porygon2|219/270\n|-anim|p2a: Dragapult|Dragon Darts|p1a: Porygon2\n|-damage|p1a: Porygon2|167/270\n|-damage|p2a: Dragapult|27/100|[from] item: Life Orb\n|\n|upkeep\n|turn|4\n|inactive|Time left: 300 sec this turn | 300 sec total\n|\n|t:|1783563166\n|move|p2a: Dragapult|Dragon Darts|p1a: Porygon2\n|-damage|p1a: Porygon2|120/270\n|-anim|p2a: Dragapult|Dragon Darts|p1a: Porygon2\n|-damage|p1a: Porygon2|77/270\n|-damage|p2a: Dragapult|17/100|[from] item: Life Orb\n|move|p1a: Porygon2|Ice Beam|p2a: Dragapult\n|-supereffective|p2a: Dragapult\n|-damage|p2a: Dragapult|0 fnt\n|faint|p2a: Dragapult\n|\n|upkeep\n|\n|t:|1783563167\n|switch|p2a: Gallade|Gallade, L80, M|100/100\n|turn|5\n|inactive|Time left: 300 sec this turn | 300 sec total\n|\n|t:|1783563169\n|move|p2a: Gallade|Sacred Sword|p1a: Porygon2\n|-supereffective|p1a: Porygon2\n|-damage|p1a: Porygon2|0 fnt\n|faint|p1a: Porygon2\n|-damage|p2a: Gallade|90/100|[from] item: Life Orb\n|\n|upkeep\n|inactive|Time left: 300 sec this turn | 300 sec total | 5 sec grace\n|\n|t:|1783563170\n|switch|p1a: Ceruledge|Ceruledge, L78, F|245/245\n|turn|6\n|inactive|Time left: 300 sec this turn | 300 sec total\n|\n|t:|1783563170\n|-terastallize|p2a: Gallade|Dark\n|move|p1a: Ceruledge|Bitter Blade|p2a: Gallade\n|-damage|p2a: Gallade|31/100\n|move|p2a: Gallade|Night Slash|p1a: Ceruledge\n|-supereffective|p1a: Ceruledge\n|-damage|p1a: Ceruledge|0 fnt\n|faint|p1a: Ceruledge\n|-damage|p2a: Gallade|21/100|[from] item: Life Orb\n|\n|upkeep\n|inactive|Time left: 300 sec this turn | 300 sec total | 5 sec grace\n|\n|t:|1783563171\n|switch|p1a: Girafarig|Girafarig, L89, M|269/269\n|turn|7\n|inactive|Time left: 300 sec this turn | 300 sec total\n|\n|t:|1783563172\n|switch|p2a: Alcremie|Alcremie, L90, F|100/100\n|move|p1a: Girafarig|Hyper Voice|p2a: Alcremie\n|-damage|p2a: Alcremie|74/100\n|\n|-heal|p2a: Alcremie|80/100|[from] item: Leftovers\n|upkeep\n|turn|8\n|inactive|Time left: 300 sec this turn | 300 sec total\n|\n|t:|1783563173\n|move|p1a: Girafarig|Nasty Plot|p1a: Girafarig\n|-boost|p1a: Girafarig|spa|2\n|move|p2a: Alcremie|Calm Mind|p2a: Alcremie\n|-boost|p2a: Alcremie|spa|1\n|-boost|p2a: Alcremie|spd|1\n|\n|-heal|p2a: Alcremie|86/100|[from] item: Leftovers\n|upkeep\n|turn|9\n|inactive|Time left: 300 sec this turn | 300 sec total\n|\n|t:|1783563174\n|move|p1a: Girafarig|Psyshock|p2a: Alcremie\n|-damage|p2a: Alcremie|19/100\n|move|p2a: Alcremie|Recover|p2a: Alcremie\n|-heal|p2a: Alcremie|69/100\n|\n|-heal|p2a: Alcremie|75/100|[from] item: Leftovers\n|upkeep\n|turn|10\n|inactive|Time left: 300 sec this turn | 300 sec total\n|\n|t:|1783563175\n|switch|p2a: Gallade|Gallade, L80, M, tera:Dark|21/100\n|move|p1a: Girafarig|Psyshock|p2a: Gallade\n|-immune|p2a: Gallade\n|\n|upkeep\n|turn|11\n|inactive|Time left: 300 sec this turn | 300 sec total\n|\n|t:|1783563176\n|move|p1a: Girafarig|Hyper Voice|p2a: Gallade\n|-damage|p2a: Gallade|0 fnt\n|faint|p2a: Gallade\n|\n|upkeep\n|\n|t:|1783563177\n|switch|p2a: Wugtrio|Wugtrio, L91, F|100/100\n|turn|12\n|inactive|Time left: 300 sec this turn | 300 sec total\n|\n|t:|1783563178\n|move|p2a: Wugtrio|Throat Chop|p1a: Girafarig\n|-supereffective|p1a: Girafarig\n|-damage|p1a: Girafarig|119/269\n|-start|p1a: Girafarig|Throat Chop|[silent]\n|move|p1a: Girafarig|Psyshock|p2a: Wugtrio\n|-damage|p2a: Wugtrio|0 fnt\n|faint|p2a: Wugtrio\n|\n|upkeep\n|\n|t:|1783563179\n|switch|p2a: Zebstrika|Zebstrika, L87, M|100/100\n|turn|13\n|inactive|Time left: 300 sec this turn | 300 sec total\n|\n|t:|1783563180\n|move|p2a: Zebstrika|Supercell Slam|p1a: Girafarig\n|-damage|p1a: Girafarig|0 fnt\n|faint|p1a: Girafarig\n|-damage|p2a: Zebstrika|91/100|[from] item: Life Orb\n|\n|upkeep\n|inactive|Time left: 300 sec this turn | 300 sec total | 5 sec grace\n|\n|t:|1783563181\n|switch|p1a: Azelf|Azelf, L82|257/257\n|turn|14\n|inactive|Time left: 300 sec this turn | 300 sec total\n|\n|t:|1783563182\n|-terastallize|p1a: Azelf|Psychic\n|move|p2a: Zebstrika|Supercell Slam|p1a: Azelf\n|-damage|p1a: Azelf|61/257\n|-damage|p2a: Zebstrika|81/100|[from] item: Life Orb\n|move|p1a: Azelf|Psychic|p2a: Zebstrika\n|-damage|p2a: Zebstrika|1/100\n|-damage|p1a: Azelf|36/257|[from] item: Life Orb\n|\n|upkeep\n|turn|15\n|inactive|Time left: 300 sec this turn | 300 sec total\n|\n|t:|1783563183\n|move|p2a: Zebstrika|Supercell Slam|p1a: Azelf\n|-damage|p1a: Azelf|0 fnt\n|faint|p1a: Azelf\n|-damage|p2a: Zebstrika|0 fnt|[from] item: Life Orb\n|faint|p2a: Zebstrika\n|\n|upkeep\n|inactive|Time left: 300 sec this turn | 300 sec total | 5 sec grace\n|\n|t:|1783563184\n|switch|p2a: Alcremie|Alcremie, L90, F|75/100\n|switch|p1a: Raging Bolt|Raging Bolt, L78|323/323\n|turn|16\n|inactive|Time left: 300 sec this turn | 300 sec total\n|\n|t:|1783563185\n|move|p2a: Alcremie|Alluring Voice|p1a: Raging Bolt\n|-supereffective|p1a: Raging Bolt\n|-damage|p1a: Raging Bolt|173/323\n|move|p1a: Raging Bolt|Volt Switch|p2a: Alcremie\n|-crit|p2a: Alcremie\n|-damage|p2a: Alcremie|38/100\n|inactive|Time left: 300 sec this turn | 300 sec total | 5 sec grace\n|\n|t:|1783563186\n|-end|p1a: Raging Bolt|Protosynthesis|[silent]\n|switch|p1a: Flareon|Flareon, L90, M|146/263 tox|[from] Volt Switch\n|\n|-heal|p2a: Alcremie|44/100|[from] item: Leftovers\n|-damage|p1a: Flareon|130/263 tox|[from] psn\n|upkeep\n|turn|17\n|inactive|Time left: 300 sec this turn | 300 sec total\n|\n|t:|1783563186\n|move|p1a: Flareon|Facade|p2a: Alcremie\n|-damage|p2a: Alcremie|0 fnt\n|faint|p2a: Alcremie\n|\n|-damage|p1a: Flareon|98/263 tox|[from] psn\n|upkeep\n|\n|t:|1783563187\n|switch|p2a: Garchomp|Garchomp, L74, M|100/100\n|turn|18\n|inactive|Time left: 300 sec this turn | 300 sec total\n|\n|t:|1783563188\n|move|p2a: Garchomp|Outrage|p1a: Flareon\n|-damage|p1a: Flareon|0 fnt\n|faint|p1a: Flareon\n|\n|upkeep\n|inactive|Time left: 300 sec this turn | 300 sec total | 5 sec grace\n|\n|t:|1783563189\n|switch|p1a: Raging Bolt|Raging Bolt, L78|173/323\n|turn|19\n|inactive|Time left: 300 sec this turn | 300 sec total\n|\n|t:|1783563190\n|move|p2a: Garchomp|Outrage|p1a: Raging Bolt|[from] lockedmove\n|-supereffective|p1a: Raging Bolt\n|-damage|p1a: Raging Bolt|0 fnt\n|faint|p1a: Raging Bolt\n|-end|p1a: Raging Bolt|Protosynthesis|[silent]\n|\n|win|p0y20013273", "uploadtime": 1783563190, "views": 0, "rating": 0, "private": 0, "password": null, "_winner": "p0y20013273", "_our_name": "p0x20018796"}