{"id": "battle-gen9randombattle-2041", "formatid": "gen9randombattle", "format": "[Gen 9] Random Battle", "players": ["p0x2041f068", "p0y20411428"], "log": "|init|battle\n|title|p0x2041f068 vs. p0y20411428\n|j|\u2606p0x2041f068\n|j|\u2606p0y20411428\n|t:|1783562875\n|gametype|singles\n|player|p1|p0x2041f068|102|\n|player|p2|p0y20411428|169|\n|gen|9\n|tier|[Gen 9] Random Battle\n|rule|Species Clause: Limit one of each Pok\u00e9mon\n|rule|HP Percentage Mod: HP is shown in percentages\n|rule|Sleep Clause Mod: Limit one foe put to sleep\n|rule|Illusion Level Mod: Illusion disguises the Pok\u00e9mon's true level\n|\n|t:|1783562875\n|teamsize|p1|6\n|teamsize|p2|6\n|start\n|switch|p1a: Rhyperior|Rhyperior, L82, F|323/323\n|switch|p2a: Dipplin|Dipplin, L88, M|100/100\n|turn|1\n|inactive|Battle timer is ON: inactive players will automatically lose when time's up. (requested by p0x2041f068)\n|inactive|p0y20411428 also wants the timer to be on.\n|\n|t:|1783562876\n|switch|p1a: Masquerain|Masquerain, L87, F|264/264\n|-ability|p1a: Masquerain|Intimidate|boost\n|-unboost|p2a: Dipplin|atk|1\n|move|p2a: Dipplin|Giga Drain|p1a: Masquerain\n|-resisted|p1a: Masquerain\n|-damage|p1a: Masquerain|243/264\n|\n|upkeep\n|turn|2\n|inactive|Time left: 300 sec this turn | 300 sec total\n|\n|t:|1783562878\n|switch|p2a: Gastrodon|Gastrodon, L86, M|100/100\n|move|p1a: Masquerain|Quiver Dance|p1a: Masquerain\n|-boost|p1a: Masquerain|spa|1\n|-boost|p1a: Masquerain|spd|1\n|-boost|p1a: Masquerain|spe|1\n|\n|upkeep\n|turn|3\n|inactive|Time left: 300 sec this turn | 300 sec total\n|\n|t:|1783562879\n|move|p1a: Masquerain|Quiver Dance|p1a: Masquerain\n|-boost|p1a: Masquerain|spa|1\n|-boost|p1a: Masquerain|spd|1\n|-boost|p1a: Masquerain|spe|1\n|move|p2a: Gastrodon|Surf|p1a: Masquerain\n|-crit|p1a: Masquerain\n|-damage|p1a: Masquerain|105/264\n|\n|upkeep\n|turn|4\n|inactive|Time left: 300 sec this turn | 300 sec total\n|\n|t:|1783562880\n|-terastallize|p2a: Gastrodon|Poison\n|move|p1a: Masquerain|Hurricane|p2a: Gastrodon|[miss]\n|-miss|p1a: Masquerain|p2a: Gastrodon\n|move|p2a: Gastrodon|Sludge Bomb|p1a: Masquerain\n|-damage|p1a: Masquerain|57/264\n|\n|upkeep\n|turn|5\n|inactive|Time left: 300 sec this turn | 300 sec total\n|\n|t:|1783562881\n|move|p1a: Masquerain|Hurricane|p2a: Gastrodon\n|-damage|p2a: Gastrodon|23/100\n|move|p2a: Gastrodon|Sludge Bomb|p1a: Masquerain\n|-damage|p1a: Masquerain|9/264\n|\n|-heal|p2a: Gastrodon|29/100|[from] item: Leftovers\n|upkeep\n|turn|6\n|inactive|Time left: 300 sec this turn | 300 sec total\n|\n|t:|1783562882\n|move|p1a: Masquerain|Bug Buzz|p2a: Gastrodon\n|-resisted|p2a: Gastrodon\n|-damage|p2a: Gastrodon|0 fnt\n|faint|p2a: Gastrodon\n|\n|upkeep\n|\n|t:|1783562883\n|switch|p2a: Gurdurr|Gurdurr, L85, M|100/100\n|turn|7\n|inactive|Time left: 300 sec this turn | 300 sec total\n|\n|t:|1783562883\n|switch|p1a: Rhyperior|Rhyperior, L82, F|323/323\n|move|p2a: Gurdurr|Mach Punch|p1a: Rhyperior\n|-supereffective|p1a: Rhyperior\n|-damage|p1a: Rhyperior|272/323\n|-enditem|p1a: Rhyperior|Weakness Policy\n|-boost|p1a: Rhyperior|atk|2|[from] item: Weakness Policy\n|-boost|p1a: Rhyperior|spa|2|[from] item: Weakness Policy\n|\n|upkeep\n|turn|8\n|inactive|Time left: 300 sec this turn | 300 sec total\n|\n|t:|1783562884\n|move|p2a: Gurdurr|Bulk Up|p2a: Gurdurr\n|-boost|p2a: Gurdurr|atk|1\n|-boost|p2a: Gurdurr|def|1\n|move|p1a: Rhyperior|Ice Punch|p2a: Gurdurr\n|-crit|p2a: Gurdurr\n|-damage|p2a: Gurdurr|49/100\n|\n|upkeep\n|turn|9\n|inactive|Time left: 300 sec this turn | 300 sec total\n|\n|t:|1783562885\n|move|p2a: Gurdurr|Drain Punch|p1a: Rhyperior\n|-supereffective|p1a: Rhyperior\n|-damage|p1a: Rhyperior|110/323\n|-heal|p2a: Gurdurr|78/100|[from] drain|[of] p1a: Rhyperior\n|move|p1a: Rhyperior|Stone Edge|p2a: Gurdurr\n|-resisted|p2a: Gurdurr\n|-damage|p2a: Gurdurr|54/100\n|\n|upkeep\n|turn|10\n|inactive|Time left: 300 sec this turn | 300 sec total\n|\n|t:|1783562886\n|move|p2a: Gurdurr|Drain Punch|p1a: Rhyperior\n|-supereffective|p1a: Rhyperior\n|-damage|p1a: Rhyperior|0 fnt\n|-heal|p2a: Gurdurr|74/100|[from] drain|[of] p1a: Rhyperior\n|faint|p1a: Rhyperior\n|\n|upkeep\n|inactive|Time left: 300 sec this turn | 300 sec total | 5 sec grace\n|\n|t:|1783562887\n|switch|p1a: Masquerain|Masquerain, L87, F|9/264\n|-ability|p1a: Masquerain|Intimidate|boost\n|-unboost|p2a: Gurdurr|atk|1\n|turn|11\n|inactive|Time left: 300 sec this turn | 300 sec total\n|\n|t:|1783562888\n|switch|p1a: Solgaleo|Solgaleo, L74|325/325\n|move|p2a: Gurdurr|Mach Punch|p1a: Solgaleo\n|-damage|p1a: Solgaleo|283/325\n|-damage|p2a: Gurdurr|57/100|[from] item: Rocky Helmet|[of] p1a: Solgaleo\n|\n|upkeep\n|turn|12\n|inactive|Time left: 300 sec this turn | 300 sec total\n|\n|t:|1783562889\n|move|p1a: Solgaleo|Knock Off|p2a: Gurdurr\n|-resisted|p2a: Gurdurr\n|-crit|p2a: Gurdurr\n|-damage|p2a: Gurdurr|45/100\n|-enditem|p2a: Gurdurr|Eviolite|[from] move: Knock Off|[of] p1a: Solgaleo\n|move|p2a: Gurdurr|Knock Off|p1a: Solgaleo\n|-supereffective|p1a: Solgaleo\n|-damage|p1a: Solgaleo|133/325\n|-damage|p2a: Gurdurr|29/100|[from] item: Rocky Helmet|[of] p1a: Solgaleo\n|-enditem|p1a: Solgaleo|Rocky Helmet|[from] move: Knock Off|[of] p2a: Gurdurr\n|\n|upkeep\n|turn|13\n|inactive|Time left: 300 sec this turn | 300 sec total\n|\n|t:|1783562890\n|move|p1a: Solgaleo|Sunsteel Strike|p2a: Gurdurr\n|-damage|p2a: Gurdurr|2/100\n|move|p2a: Gurdurr|Drain Punch|p1a: Solgaleo\n|-damage|p1a: Solgaleo|51/325\n|-heal|p2a: Gurdurr|16/100|[from] drain|[of] p1a: Solgaleo\n|\n|upkeep\n|turn|14\n|inactive|Time left: 300 sec this turn | 300 sec total\n|\n|t:|1783562891\n|move|p1a: Solgaleo|Sunsteel Strike|p2a: Gurdurr\n|-damage|p2a: Gurdurr|0 fnt\n|faint|p2a: Gurdurr\n|\n|upkeep\n|\n|t:|1783562892\n|switch|p2a: Wugtrio|Wugtrio, L91, F|100/100\n|turn|15\n|inactive|Time left: 300 sec this turn | 300 sec total\n|\n|t:|1783562893\n|switch|p1a: Shaymin|Shaymin, L82|298/298\n|move|p2a: Wugtrio|Liquidation|p1a: Shaymin\n|-resisted|p1a: Shaymin\n|-damage|p1a: Shaymin|227/298\n|\n|-heal|p1a: Shaymin|245/298|[from] item: Leftovers\n|upkeep\n|turn|16\n|inactive|Time left: 300 sec this turn | 300 sec total\n|\n|t:|1783562894\n|switch|p2a: Dipplin|Dipplin, L88, M|100/100\n|move|p1a: Shaymin|Seed Flare|p2a: Dipplin\n|-resisted|p2a: Dipplin\n|-damage|p2a: Dipplin|93/100\n|\n|-heal|p1a: Shaymin|263/298|[from] item: Leftovers\n|upkeep\n|turn|17\n|inactive|Time left: 300 sec this turn | 300 sec total\n|\n|t:|1783562895\n|move|p1a: Shaymin|Air Slash|p2a: Dipplin\n|-supereffective|p2a: Dipplin\n|-crit|p2a: Dipplin\n|-damage|p2a: Dipplin|56/100\n|move|p2a: Dipplin|Dragon Pulse|p1a: Shaymin\n|-damage|p1a: Shaymin|179/298\n|\n|-heal|p1a: Shaymin|197/298|[from] item: Leftovers\n|upkeep\n|turn|18\n|inactive|Time left: 300 sec this turn | 300 sec total\n|\n|t:|1783562897\n|move|p1a: Shaymin|Air Slash|p2a: Dipplin\n|-supereffective|p2a: Dipplin\n|-damage|p2a: Dipplin|32/100\n|move|p2a: Dipplin|Recover|p2a: Dipplin\n|-heal|p2a: Dipplin|82/100\n|\n|-heal|p1a: Shaymin|215/298|[from] item: Leftovers\n|upkeep\n|turn|19\n|inactive|Time left: 300 sec this turn | 300 sec total\n|\n|t:|1783562897\n|move|p1a: Shaymin|Air Slash|p2a: Dipplin\n|-supereffective|p2a: Dipplin\n|-damage|p2a: Dipplin|55/100\n|move|p2a: Dipplin|Giga Drain|p1a: Shaymin\n|-resisted|p1a: Shaymin\n|-damage|p1a: Shaymin|173/298\n|-heal|p2a: Dipplin|63/100|[from] drain|[of] p1a: Shaymin\n|\n|-heal|p1a: Shaymin|191/298|[from] item: Leftovers\n|upkeep\n|turn|20\n|inactive|Time left: 300 sec this turn | 300 sec total\n|\n|t:|1783562899\n|move|p1a: Shaymin|Air Slash|p2a: Dipplin\n|-supereffective|p2a: Dipplin\n|-damage|p2a: Dipplin|39/100\n|cant|p2a: Dipplin|flinch\n|\n|-heal|p1a: Shaymin|209/298|[from] item: Leftovers\n|upkeep\n|turn|21\n|inactive|Time left: 300 sec this turn | 300 sec total\n|\n|t:|1783562900\n|move|p1a: Shaymin|Air Slash|p2a: Dipplin\n|-supereffective|p2a: Dipplin\n|-damage|p2a: Dipplin|13/100\n|move|p2a: Dipplin|Recover|p2a: Dipplin\n|-heal|p2a: Dipplin|63/100\n|\n|-heal|p1a: Shaymin|227/298|[from] item: Leftovers\n|upkeep\n|turn|22\n|inactive|Time left: 300 sec this turn | 300 sec total\n|\n|t:|1783562901\n|move|p1a: Shaymin|Air Slash|p2a: Dipplin\n|-supereffective|p2a: Dipplin\n|-damage|p2a: Dipplin|38/100\n|move|p2a: Dipplin|Recover|p2a: Dipplin\n|-heal|p2a: Dipplin|88/100\n|\n|-heal|p1a: Shaymin|245/298|[from] item: Leftovers\n|upkeep\n|turn|23\n|inactive|Time left: 300 sec this turn | 300 sec total\n|\n|t:|1783562902\n|move|p1a: Shaymin|Seed Flare|p2a: Dipplin\n|-resisted|p2a: Dipplin\n|-damage|p2a: Dipplin|81/100\n|-unboost|p2a: Dipplin|spd|2\n|move|p2a: Dipplin|Dragon Pulse|p1a: Shaymin\n|-damage|p1a: Shaymin|158/298\n|\n|-heal|p1a: Shaymin|176/298|[from] item: Leftovers\n|upkeep\n|turn|24\n|inactive|Time left: 300 sec this turn | 300 sec total\n|\n|t:|1783562903\n|move|p1a: Shaymin|Air Slash|p2a: Dipplin\n|-supereffective|p2a: Dipplin\n|-damage|p2a: Dipplin|31/100\n|move|p2a: Dipplin|Dragon Pulse|p1a: Shaymin\n|-damage|p1a: Shaymin|77/298\n|\n|-heal|p1a: Shaymin|95/298|[from] item: Leftovers\n|upkeep\n|turn|25\n|inactive|Time left: 300 sec this turn | 300 sec total\n|\n|t:|1783562903\n|switch|p2a: Orthworm|Orthworm, L88, M|100/100\n|move|p1a: Shaymin|Air Slash|p2a: Orthworm\n|-resisted|p2a: Orthworm\n|-damage|p2a: Orthworm|88/100\n|\n|-heal|p1a: Shaymin|113/298|[from] item: Leftovers\n|upkeep\n|turn|26\n|inactive|Time left: 300 sec this turn | 300 sec total\n|\n|t:|1783562905\n|move|p1a: Shaymin|Synthesis|p1a: Shaymin\n|-heal|p1a: Shaymin|262/298\n|move|p2a: Orthworm|Coil|p2a: Orthworm\n|-boost|p2a: Orthworm|atk|1\n|-boost|p2a: Orthworm|def|1\n|-boost|p2a: Orthworm|accuracy|1\n|\n|-heal|p1a: Shaymin|280/298|[from] item: Leftovers\n|upkeep\n|turn|27\n|inactive|Time left: 300 sec this turn | 300 sec total\n|\n|t:|1783562906\n|move|p1a: Shaymin|Seed Flare|p2a: Orthworm\n|-resisted|p2a: Orthworm\n|-damage|p2a: Orthworm|59/100\n|-unboost|p2a: Orthworm|spd|2\n|move|p2a: Orthworm|Body Press|p1a: Shaymin\n|-damage|p1a: Shaymin|152/298\n|\n|-heal|p1a: Shaymin|170/298|[from] item: Leftovers\n|upkeep\n|turn|28\n|inactive|Time left: 300 sec this turn | 300 sec total\n|\n|t:|1783562907\n|move|p1a: Shaymin|Seed Flare|p2a: Orthworm\n|-resisted|p2a: Orthworm\n|-damage|p2a: Orthworm|0 fnt\n|faint|p2a: Orthworm\n|\n|-heal|p1a: Shaymin|188/298|[from] item: Leftovers\n|upkeep\n|\n|t:|1783562908\n|switch|p2a: Dipplin|Dipplin, L88, M|31/100\n|turn|29\n|inactive|Time left: 300 sec this turn | 300 sec total\n|\n|t:|1783562909\n|move|p1a: Shaymin|Air Slash|p2a: Dipplin\n|-supereffective|p2a: Dipplin\n|-damage|p2a: Dipplin|7/100\n|move|p2a: Dipplin|Recover|p2a: Dipplin\n|-heal|p2a: Dipplin|57/100\n|\n|-heal|p1a: Shaymin|206/298|[from] item: Leftovers\n|upkeep\n|turn|30\n|inactive|Time left: 300 sec this turn | 300 sec total\n|\n|t:|1783562909\n|move|p1a: Shaymin|Seed Flare|p2a: Dipplin\n|-resisted|p2a: Dipplin\n|-damage|p2a: Dipplin|50/100\n|-unboost|p2a: Dipplin|spd|2\n|move|p2a: Dipplin|Recover|p2a: Dipplin\n|-heal|p2a: Dipplin|99/100\n|\n|-heal|p1a: Shaymin|224/298|[from] item: Leftovers\n|upkeep\n|turn|31\n|inactive|Time left: 300 sec this turn | 300 sec total\n|\n|t:|1783562910\n|switch|p2a: Volbeat|Volbeat, L90, M|100/100\n|move|p1a: Shaymin|Seed Flare|p2a: Volbeat\n|-resisted|p2a: Volbeat\n|-damage|p2a: Volbeat|77/100\n|\n|-heal|p1a: Shaymin|242/298|[from] item: Leftovers\n|upkeep\n|turn|32\n|inactive|Time left: 300 sec this turn | 300 sec total\n|\n|t:|1783562911\n|move|p1a: Shaymin|Air Slash|p2a: Volbeat\n|-supereffective|p2a: Volbeat\n|-damage|p2a: Volbeat|39/100\n|move|p2a: Volbeat|Lunge|p1a: Shaymin\n|-supereffective|p1a: Shaymin\n|-damage|p1a: Shaymin|86/298\n|-unboost|p1a: Shaymin|atk|1\n|\n|-heal|p1a: Shaymin|104/298|[from] item: Leftovers\n|upkeep\n|turn|33\n|inactive|Time left: 300 sec this turn | 300 sec total\n|\n|t:|1783562912\n|move|p2a: Volbeat|Roost|p2a: Volbeat\n|-heal|p2a: Volbeat|89/100\n|-singleturn|p2a: Volbeat|move: Roost\n|move|p1a: Shaymin|Air Slash|p2a: Volbeat\n|-supereffective|p2a: Volbeat\n|-damage|p2a: Volbeat|51/100\n|\n|-heal|p1a: Shaymin|122/298|[from] item: Leftovers\n|upkeep\n|turn|34\n|inactive|Time left: 300 sec this turn | 300 sec total\n|\n|t:|1783562914\n|move|p1a: Shaymin|Synthesis|p1a: Shaymin\n|-heal|p1a: Shaymin|271/298\n|move|p2a: Volbeat|Lunge|p1a: Shaymin\n|-supereffective|p1a: Shaymin\n|-damage|p1a: Shaymin|121/298\n|-unboost|p1a: Shaymin|atk|1\n|\n|-heal|p1a: Shaymin|139/298|[from] item: Leftovers\n|upkeep\n|turn|35\n|inactive|Time left: 300 sec this turn | 300 sec total\n|\n|t:|1783562915\n|move|p2a: Volbeat|Roost|p2a: Volbeat\n|-heal|p2a: Volbeat|100/100\n|-singleturn|p2a: Volbeat|move: Roost\n|move|p1a: Shaymin|Air Slash|p2a: Volbeat\n|-supereffective|p2a: Volbeat\n|-damage|p2a: Volbeat|60/100\n|\n|-heal|p1a: Shaymin|157/298|[from] item: Leftovers\n|upkeep\n|turn|36\n|inactive|Time left: 300 sec this turn | 300 sec total\n|\n|t:|1783562916\n|switch|p1a: Masquerain|Masquerain, L87, F|9/264\n|-ability|p1a: Masquerain|Intimidate|boost\n|-unboost|p2a: Volbeat|atk|1\n|move|p2a: Volbeat|Roost|p2a: Volbeat\n|-heal|p2a: Volbeat|100/100\n|-singleturn|p2a: Volbeat|move: Roost\n|\n|upkeep\n|turn|37\n|inactive|Time left: 300 sec this turn | 300 sec total\n|\n|t:|1783562917\n|move|p2a: Volbeat|Lunge|p1a: Masquerain\n|-resisted|p1a: Masquerain\n|-damage|p1a: Masquerain|0 fnt\n|faint|p1a: Masquerain\n|\n|upkeep\n|inactive|Time left: 300 sec this turn | 300 sec total | 5 sec grace\n|\n|t:|1783562918\n|switch|p1a: Shaymin|Shaymin, L82|157/298\n|turn|38\n|inactive|Time left: 300 sec this turn | 300 sec total\n|\n|t:|1783562919\n|move|p1a: Shaymin|Air Slash|p2a: Volbeat\n|-supereffective|p2a: Volbeat\n|-damage|p2a: Volbeat|62/100\n|cant|p2a: Volbeat|flinch\n|\n|-heal|p1a: Shaymin|175/298|[from] item: Leftovers\n|upkeep\n|turn|39\n|inactive|Time left: 300 sec this turn | 300 sec total\n|\n|t:|1783562920\n|move|p1a: Shaymin|Seed Flare|p2a: Volbeat\n|-resisted|p2a: Volbeat\n|-damage|p2a: Volbeat|42/100\n|-unboost|p2a: Volbeat|spd|2\n|move|p2a: Volbeat|Lunge|p1a: Shaymin\n|-supereffective|p1a: Shaymin\n|-damage|p1a: Shaymin|73/298\n|-unboost|p1a: Shaymin|atk|1\n|\n|-heal|p1a: Shaymin|91/298|[from] item: Leftovers\n|upkeep\n|turn|40\n|inactive|Time left: 300 sec this turn | 300 sec total\n|\n|t:|1783562921\n|switch|p2a: Dipplin|Dipplin, L88, M|99/100\n|move|p1a: Shaymin|Synthesis|p1a: Shaymin\n|-heal|p1a: Shaymin|240/298\n|\n|-heal|p1a: Shaymin|258/298|[from] item: Leftovers\n|upkeep\n|turn|41\n|inactive|Time left: 300 sec this turn | 300 sec total\n|\n|t:|1783562922\n|move|p1a: Shaymin|Air Slash|p2a: Dipplin\n|-supereffective|p2a: Dipplin\n|-damage|p2a: Dipplin|75/100\n|move|p2a: Dipplin|Giga Drain|p1a: Shaymin\n|-resisted|p1a: Shaymin\n|-damage|p1a: Shaymin|217/298\n|-heal|p2a: Dipplin|83/100|[from] drain|[of] p1a: Shaymin\n|\n|-heal|p1a: Shaymin|235/298|[from] item: Leftovers\n|upkeep\n|turn|42\n|inactive|Time left: 300 sec this turn | 300 sec total\n|\n|t:|1783562923\n|move|p1a: Shaymin|Seed Flare|p2a: Dipplin\n|-resisted|p2a: Dipplin\n|-damage|p2a: Dipplin|75/100\n|-unboost|p2a: Dipplin|spd|2\n|move|p2a: Dipplin|Dragon Pulse|p1a: Shaymin\n|-damage|p1a: Shaymin|145/298\n|\n|-heal|p1a: Shaymin|163/298|[from] item: Leftovers\n|upkeep\n|turn|43\n|inactive|Time left: 300 sec this turn | 300 sec total\n|\n|t:|1783562924\n|switch|p2a: Volbeat|Volbeat, L90, M|42/100\n|move|p1a: Shaymin|Air Slash|p2a: Volbeat\n|-supereffective|p2a: Volbeat\n|-damage|p2a: Volbeat|3/100\n|\n|-heal|p1a: Shaymin|181/298|[from] item: Leftovers\n|upkeep\n|turn|44\n|inactive|Time left: 300 sec this turn | 300 sec total\n|\n|t:|1783562925\n|move|p2a: Volbeat|Roost|p2a: Volbeat\n|-heal|p2a: Volbeat|53/100\n|-singleturn|p2a: Volbeat|move: Roost\n|move|p1a: Shaymin|Air Slash|p2a: Volbeat\n|-supereffective|p2a: Volbeat\n|-damage|p2a: Volbeat|15/100\n|\n|-heal|p1a: Shaymin|199/298|[from] item: Leftovers\n|upkeep\n|turn|45\n|inactive|Time left: 300 sec this turn | 300 sec total\n|\n|t:|1783562926\n|move|p2a: Volbeat|Roost|p2a: Volbeat\n|-heal|p2a: Volbeat|66/100\n|-singleturn|p2a: Volbeat|move: Roost\n|move|p1a: Shaymin|Air Slash|p2a: Volbeat\n|-supereffective|p2a: Volbeat\n|-crit|p2a: Volbeat\n|-damage|p2a: Volbeat|5/100\n|\n|-heal|p1a: Shaymin|217/298|[from] item: Leftovers\n|upkeep\n|turn|46\n|inactive|Time left: 300 sec this turn | 300 sec total\n|\n|t:|1783562927\n|move|p2a: Volbeat|Roost|p2a: Volbeat\n|-heal|p2a: Volbeat|55/100\n|-singleturn|p2a: Volbeat|move: Roost\n|move|p1a: Shaymin|Air Slash|p2a: Volbeat\n|-supereffective|p2a: Volbeat\n|-damage|p2a: Volbeat|18/100\n|\n|-heal|p1a: Shaymin|235/298|[from] item: Leftovers\n|upkeep\n|turn|47\n|inactive|Time left: 300 sec this turn | 300 sec total\n|\n|t:|1783562928\n|move|p2a: Volbeat|Roost|p2a: Volbeat\n|-heal|p2a: Volbeat|68/100\n|-singleturn|p2a: Volbeat|move: Roost\n|move|p1a: Shaymin|Air Slash|p2a: Volbeat\n|-supereffective|p2a: Volbeat\n|-damage|p2a: Volbeat|30/100\n|\n|-heal|p1a: Shaymin|253/298|[from] item: Leftovers\n|upkeep\n|turn|48\n|inactive|Time left: 300 sec this turn | 300 sec total\n|\n|t:|1783562929\n|move|p2a: Volbeat|Roost|p2a: Volbeat\n|-heal|p2a: Volbeat|80/100\n|-singleturn|p2a: Volbeat|move: Roost\n|move|p1a: Shaymin|Air Slash|p2a: Volbeat|[miss]\n|-miss|p1a: Shaymin|p2a: Volbeat\n|\n|-heal|p1a: Shaymin|271/298|[from] item: Leftovers\n|upkeep\n|turn|49\n|inactive|Time left: 300 sec this turn | 300 sec total\n|\n|t:|1783562930\n|move|p1a: Shaymin|Air Slash|p2a: Volbeat\n|-supereffective|p2a: Volbeat\n|-damage|p2a: Volbeat|42/100\n|move|p2a: Volbeat|Lunge|p1a: Shaymin\n|-supereffective|p1a: Shaymin\n|-damage|p1a: Shaymin|121/298\n|-unboost|p1a: Shaymin|atk|1\n|\n|-heal|p1a: Shaymin|139/298|[from] item: Leftovers\n|upkeep\n|turn|50\n|inactive|Time left: 300 sec this turn | 300 sec total\n|\n|t:|1783562931\n|move|p1a: Shaymin|Air Slash|p2a: Volbeat\n|-supereffective|p2a: Volbeat\n|-damage|p2a: Volbeat|3/100\n|move|p2a: Volbeat|Lunge|p1a: Shaymin\n|-supereffective|p1a: Shaymin\n|-damage|p1a: Shaymin|0 fnt\n|faint|p1a: Shaymin\n|\n|upkeep\n|inactive|Time left: 300 sec this turn | 300 sec total | 5 sec grace\n|\n|t:|1783562932\n|switch|p1a: Maushold|Maushold, L76|238/238\n|turn|51\n|inactive|Time left: 300 sec this turn | 300 sec total\n|\n|t:|1783562933\n|move|p2a: Volbeat|Thunder Wave|p1a: Maushold\n|-status|p1a: Maushold|par\n|cant|p1a: Maushold|par\n|\n|upkeep\n|turn|52\n|inactive|Time left: 300 sec this turn | 300 sec total\n|\n|t:|1783562933\n|move|p2a: Volbeat|Lunge|p1a: Maushold\n|-damage|p1a: Maushold|124/238 par\n|-unboost|p1a: Maushold|atk|1\n|move|p1a: Maushold|Tidy Up|p1a: Maushold\n|-boost|p1a: Maushold|atk|1\n|-boost|p1a: Maushold|spe|1\n|\n|upkeep\n|turn|53\n|inactive|Time left: 300 sec this turn | 300 sec total\n|\n|t:|1783562934\n|move|p2a: Volbeat|Lunge|p1a: Maushold\n|-damage|p1a: Maushold|15/238 par\n|-unboost|p1a: Maushold|atk|1\n|cant|p1a: Maushold|par\n|\n|upkeep\n|turn|54\n|inactive|Time left: 300 sec this turn | 300 sec total\n|\n|t:|1783562935\n|move|p2a: Volbeat|Lunge|p1a: Maushold\n|-damage|p1a: Maushold|0 fnt\n|faint|p1a: Maushold\n|\n|upkeep\n|inactive|Time left: 300 sec this turn | 300 sec total | 5 sec grace\n|\n|t:|1783562936\n|switch|p1a: Terapagos|Terapagos, L77, F|265/265\n|-activate|p1a: Terapagos|ability: Tera Shift\n|detailschange|p1a: Terapagos|Terapagos-Terastal, L77, F\n|-heal|p1a: Terapagos|273/273|[silent]\n|turn|55\n|inactive|Time left: 300 sec this turn | 300 sec total\n|\n|t:|1783562937\n|move|p2a: Volbeat|Lunge|p1a: Terapagos\n|-activate|p1a: Terapagos|ability: Tera Shell\n|-resisted|p1a: Terapagos\n|-crit|p1a: Terapagos\n|-damage|p1a: Terapagos|223/273\n|-unboost|p1a: Terapagos|atk|1\n|move|p1a: Terapagos|Rapid Spin|p2a: Volbeat\n|-damage|p2a: Volbeat|0 fnt\n|-boost|p1a: Terapagos|spe|1\n|faint|p2a: Volbeat\n|\n|upkeep\n|\n|t:|1783562938\n|switch|p2a: Wugtrio|Wugtrio, L91, F|100/100\n|turn|56\n|inactive|Time left: 300 sec this turn | 300 sec total\n|\n|t:|1783562939\n|move|p2a: Wugtrio|Liquidation|p1a: Terapagos\n|-damage|p1a: Terapagos|85/273\n|move|p1a: Terapagos|Rapid Spin|p2a: Wugtrio\n|-damage|p2a: Wugtrio|80/100\n|-boost|p1a: Terapagos|spe|1\n|-ability|p2a: Wugtrio|Gooey\n|-unboost|p1a: Terapagos|spe|1\n|\n|upkeep\n|turn|57\n|inactive|Time left: 300 sec this turn | 300 sec total\n|\n|t:|1783562940\n|move|p2a: Wugtrio|Liquidation|p1a: Terapagos\n|-crit|p1a: Terapagos\n|-damage|p1a: Terapagos|0 fnt\n|faint|p1a: Terapagos\n|\n|upkeep\n|inactive|Time left: 300 sec this turn | 300 sec total | 5 sec grace\n|\n|t:|1783562941\n|switch|p1a: Solgaleo|Solgaleo, L74|51/325\n|turn|58\n|inactive|Time left: 300 sec this turn | 300 sec total\n|\n|t:|1783562942\n|-terastallize|p1a: Solgaleo|Water\n|move|p2a: Wugtrio|Liquidation|p1a: Solgaleo\n|-resisted|p1a: Solgaleo\n|-damage|p1a: Solgaleo|0 fnt\n|faint|p1a: Solgaleo\n|\n|win|p0y20411428", "uploadtime": 1783562942, "views": 0, "rating": 0, "private": 0, "password": null, "_winner": "p0y20411428", "_our_name": "p0x2041f068"}