{"id": "battle-gen9randombattle-1086", "formatid": "gen9randombattle", "format": "[Gen 9] Random Battle", "players": ["p0x10860d24", "p0y108647a9"], "log": "|init|battle\n|title|p0x10860d24 vs. p0y108647a9\n|j|\u2606p0x10860d24\n|j|\u2606p0y108647a9\n|t:|1783552534\n|gametype|singles\n|player|p1|p0x10860d24|2|\n|player|p2|p0y108647a9|170|\n|gen|9\n|tier|[Gen 9] Random Battle\n|rule|Species Clause: Limit one of each Pok\u00e9mon\n|rule|HP Percentage Mod: HP is shown in percentages\n|rule|Sleep Clause Mod: Limit one foe put to sleep\n|rule|Illusion Level Mod: Illusion disguises the Pok\u00e9mon's true level\n|\n|t:|1783552534\n|teamsize|p1|6\n|teamsize|p2|6\n|start\n|switch|p1a: Minun|Minun, L95, M|100/100\n|switch|p2a: Oricorio|Oricorio, L84, M|263/263\n|turn|1\n|inactive|Battle timer is ON: inactive players will automatically lose when time's up. (requested by p0x10860d24)\n|inactive|Time left: 300 sec this turn | 300 sec total | 60 sec grace\n|inactive|p0y108647a9 also wants the timer to be on.\n|\n|t:|1783552536\n|switch|p2a: Dipplin|Dipplin, L88, F|284/284\n|move|p1a: Minun|Thunderbolt|p2a: Dipplin\n|-resisted|p2a: Dipplin\n|-damage|p2a: Dipplin|261/284\n|-damage|p1a: Minun|91/100|[from] item: Life Orb\n|\n|upkeep\n|turn|2\n|inactive|Time left: 300 sec this turn | 300 sec total\n|\n|t:|1783552538\n|move|p1a: Minun|Nasty Plot|p1a: Minun\n|-boost|p1a: Minun|spa|2\n|move|p2a: Dipplin|Dragon Pulse|p1a: Minun\n|-damage|p1a: Minun|57/100\n|\n|upkeep\n|turn|3\n|inactive|Time left: 300 sec this turn | 300 sec total\n|\n|t:|1783552539\n|move|p1a: Minun|Alluring Voice|p2a: Dipplin\n|-supereffective|p2a: Dipplin\n|-damage|p2a: Dipplin|48/284\n|-damage|p1a: Minun|47/100|[from] item: Life Orb\n|move|p2a: Dipplin|Dragon Tail|p1a: Minun\n|-damage|p1a: Minun|19/100\n|drag|p1a: Klawf|Klawf, L90, M|100/100\n|\n|upkeep\n|turn|4\n|inactive|Time left: 300 sec this turn | 300 sec total\n|\n|t:|1783552540\n|move|p1a: Klawf|Knock Off|p2a: Dipplin\n|-damage|p2a: Dipplin|0 fnt\n|-enditem|p2a: Dipplin|Eviolite|[from] move: Knock Off|[of] p1a: Klawf\n|faint|p2a: Dipplin\n|\n|upkeep\n|inactive|Time left: 300 sec this turn | 300 sec total | 5 sec grace\n|\n|t:|1783552541\n|switch|p2a: Emboar|Emboar, L84, M|322/322\n|turn|5\n|inactive|Time left: 300 sec this turn | 300 sec total\n|\n|t:|1783552543\n|move|p1a: Klawf|Knock Off|p2a: Emboar\n|-resisted|p2a: Emboar\n|-damage|p2a: Emboar|247/322\n|-enditem|p2a: Emboar|Leftovers|[from] move: Knock Off|[of] p1a: Klawf\n|move|p2a: Emboar|Bulk Up|p2a: Emboar\n|-boost|p2a: Emboar|atk|1\n|-boost|p2a: Emboar|def|1\n|\n|upkeep\n|turn|6\n|inactive|Time left: 300 sec this turn | 300 sec total\n|\n|t:|1783552544\n|switch|p1a: Hippowdon|Hippowdon, L82, F|100/100\n|-weather|Sandstorm|[from] ability: Sand Stream|[of] p1a: Hippowdon\n|move|p2a: Emboar|Drain Punch|p1a: Hippowdon\n|-damage|p1a: Hippowdon|60/100\n|-heal|p2a: Emboar|311/322|[from] drain|[of] p1a: Hippowdon\n|\n|-weather|Sandstorm|[upkeep]\n|-damage|p2a: Emboar|291/322|[from] Sandstorm\n|-heal|p1a: Hippowdon|66/100|[from] item: Leftovers\n|upkeep\n|turn|7\n|inactive|Time left: 300 sec this turn | 300 sec total\n|\n|t:|1783552545\n|move|p2a: Emboar|Flare Blitz|p1a: Hippowdon\n|-damage|p1a: Hippowdon|0 fnt\n|faint|p1a: Hippowdon\n|-damage|p2a: Emboar|224/322|[from] Recoil\n|\n|-weather|Sandstorm|[upkeep]\n|-damage|p2a: Emboar|204/322|[from] Sandstorm\n|upkeep\n|\n|t:|1783552546\n|switch|p1a: Chi-Yu|Chi-Yu, L77|100/100\n|-ability|p1a: Chi-Yu|Beads of Ruin\n|turn|8\n|inactive|Time left: 300 sec this turn | 300 sec total\n|\n|t:|1783552547\n|move|p1a: Chi-Yu|Psychic|p2a: Emboar\n|-supereffective|p2a: Emboar\n|-damage|p2a: Emboar|0 fnt\n|faint|p2a: Emboar\n|\n|-weather|Sandstorm|[upkeep]\n|-damage|p1a: Chi-Yu|94/100|[from] Sandstorm\n|upkeep\n|inactive|Time left: 300 sec this turn | 300 sec total | 5 sec grace\n|\n|t:|1783552548\n|switch|p2a: Sandaconda|Sandaconda, L84, F|258/258\n|turn|9\n|inactive|Time left: 300 sec this turn | 300 sec total\n|\n|t:|1783552549\n|switch|p1a: Glastrier|Glastrier, L86|100/100\n|move|p2a: Sandaconda|Earthquake|p1a: Glastrier\n|-damage|p1a: Glastrier|73/100\n|\n|-weather|Sandstorm|[upkeep]\n|-damage|p1a: Glastrier|67/100|[from] Sandstorm\n|upkeep\n|turn|10\n|inactive|Time left: 300 sec this turn | 300 sec total\n|\n|t:|1783552550\n|move|p2a: Sandaconda|Coil|p2a: Sandaconda\n|-boost|p2a: Sandaconda|atk|1\n|-boost|p2a: Sandaconda|def|1\n|-boost|p2a: Sandaconda|accuracy|1\n|move|p1a: Glastrier|Icicle Crash|p2a: Sandaconda\n|-supereffective|p2a: Sandaconda\n|-damage|p2a: Sandaconda|60/258\n|\n|-weather|none\n|-heal|p2a: Sandaconda|76/258|[from] item: Leftovers\n|upkeep\n|turn|11\n|inactive|Time left: 300 sec this turn | 300 sec total\n|\n|t:|1783552552\n|move|p2a: Sandaconda|Rest|p2a: Sandaconda\n|-status|p2a: Sandaconda|slp|[from] move: Rest\n|-heal|p2a: Sandaconda|258/258 slp|[silent]\n|move|p1a: Glastrier|Icicle Crash|p2a: Sandaconda\n|-supereffective|p2a: Sandaconda\n|-damage|p2a: Sandaconda|72/258 slp\n|\n|-activate|p2a: Sandaconda|ability: Shed Skin\n|-curestatus|p2a: Sandaconda|slp|[msg]\n|-heal|p2a: Sandaconda|88/258|[from] item: Leftovers\n|upkeep\n|turn|12\n|inactive|Time left: 300 sec this turn | 300 sec total\n|\n|t:|1783552553\n|move|p2a: Sandaconda|Rest|p2a: Sandaconda\n|-status|p2a: Sandaconda|slp|[from] move: Rest\n|-heal|p2a: Sandaconda|258/258 slp|[silent]\n|move|p1a: Glastrier|Icicle Crash|p2a: Sandaconda\n|-supereffective|p2a: Sandaconda\n|-damage|p2a: Sandaconda|54/258 slp\n|\n|-heal|p2a: Sandaconda|70/258 slp|[from] item: Leftovers\n|upkeep\n|turn|13\n|inactive|Time left: 300 sec this turn | 300 sec total\n|\n|t:|1783552554\n|cant|p2a: Sandaconda|slp\n|move|p1a: Glastrier|Icicle Crash|p2a: Sandaconda|[miss]\n|-miss|p1a: Glastrier|p2a: Sandaconda\n|\n|-heal|p2a: Sandaconda|86/258 slp|[from] item: Leftovers\n|upkeep\n|turn|14\n|inactive|Time left: 300 sec this turn | 300 sec total\n|\n|t:|1783552555\n|switch|p2a: Eelektross|Eelektross, L87, F|290/290\n|move|p1a: Glastrier|Icicle Crash|p2a: Eelektross\n|-damage|p2a: Eelektross|100/290\n|\n|-heal|p2a: Eelektross|118/290|[from] item: Leftovers\n|upkeep\n|turn|15\n|inactive|Time left: 300 sec this turn | 300 sec total\n|\n|t:|1783552556\n|move|p2a: Eelektross|Knock Off|p1a: Glastrier\n|-damage|p1a: Glastrier|49/100\n|-enditem|p1a: Glastrier|Choice Band|[from] move: Knock Off|[of] p2a: Eelektross\n|move|p1a: Glastrier|Icicle Crash|p2a: Eelektross\n|-damage|p2a: Eelektross|0 fnt\n|faint|p2a: Eelektross\n|-ability|p1a: Glastrier|Chilling Neigh|boost\n|-boost|p1a: Glastrier|atk|1\n|\n|upkeep\n|inactive|Time left: 300 sec this turn | 300 sec total | 5 sec grace\n|\n|t:|1783552557\n|switch|p2a: Oricorio|Oricorio, L84, M|263/263\n|turn|16\n|inactive|Time left: 300 sec this turn | 300 sec total\n|\n|t:|1783552558\n|-terastallize|p1a: Glastrier|Ground\n|move|p2a: Oricorio|Revelation Dance|p1a: Glastrier\n|-damage|p1a: Glastrier|22/100\n|move|p1a: Glastrier|Icicle Crash|p2a: Oricorio\n|-damage|p2a: Oricorio|34/263\n|\n|upkeep\n|turn|17\n|inactive|Time left: 300 sec this turn | 300 sec total\n|\n|t:|1783552558\n|move|p2a: Oricorio|Revelation Dance|p1a: Glastrier\n|-damage|p1a: Glastrier|0 fnt\n|faint|p1a: Glastrier\n|\n|upkeep\n|\n|t:|1783552559\n|switch|p1a: Chi-Yu|Chi-Yu, L77|94/100\n|-ability|p1a: Chi-Yu|Beads of Ruin\n|turn|18\n|inactive|Time left: 300 sec this turn | 300 sec total\n|\n|t:|1783552560\n|-terastallize|p2a: Oricorio|Ground\n|move|p1a: Chi-Yu|Flamethrower|p2a: Oricorio\n|-damage|p2a: Oricorio|0 fnt\n|faint|p2a: Oricorio\n|\n|upkeep\n|inactive|Time left: 300 sec this turn | 300 sec total | 5 sec grace\n|\n|t:|1783552560\n|switch|p2a: Sandaconda|Sandaconda, L84, F|86/258 slp\n|turn|19\n|inactive|Time left: 300 sec this turn | 300 sec total\n|\n|t:|1783552561\n|switch|p2a: Meowscarada|Meowscarada, L78, M|247/247\n|move|p1a: Chi-Yu|Flamethrower|p2a: Meowscarada\n|-supereffective|p2a: Meowscarada\n|-damage|p2a: Meowscarada|0 fnt\n|faint|p2a: Meowscarada\n|\n|upkeep\n|inactive|Time left: 300 sec this turn | 300 sec total | 5 sec grace\n|\n|t:|1783552562\n|switch|p2a: Sandaconda|Sandaconda, L84, F|86/258 slp\n|turn|20\n|inactive|Time left: 300 sec this turn | 300 sec total\n|\n|t:|1783552563\n|move|p1a: Chi-Yu|Flamethrower|p2a: Sandaconda\n|-damage|p2a: Sandaconda|0 fnt\n|faint|p2a: Sandaconda\n|\n|win|p0x10860d24", "uploadtime": 1783552563, "views": 0, "rating": 0, "private": 0, "password": null, "_winner": "p0x10860d24", "_our_name": "p0y108647a9"}