{"id": "battle-gen9randombattle-342", "formatid": "gen9randombattle", "format": "[Gen 9] Random Battle", "players": ["p0x3426f6b", "p0y342fd68"], "log": "|init|battle\n|title|p0x3426f6b vs. p0y342fd68\n|j|\u2606p0x3426f6b\n|j|\u2606p0y342fd68\n|t:|1783543608\n|gametype|singles\n|player|p1|p0x3426f6b|266|\n|player|p2|p0y342fd68|266|\n|gen|9\n|tier|[Gen 9] Random Battle\n|rule|Species Clause: Limit one of each Pok\u00e9mon\n|rule|HP Percentage Mod: HP is shown in percentages\n|rule|Sleep Clause Mod: Limit one foe put to sleep\n|rule|Illusion Level Mod: Illusion disguises the Pok\u00e9mon's true level\n|\n|t:|1783543608\n|teamsize|p1|6\n|teamsize|p2|6\n|start\n|switch|p1a: Tropius|Tropius, L91, M|100/100\n|switch|p2a: Dedenne|Dedenne, L88, M|261/261\n|turn|1\n|inactive|Battle timer is ON: inactive players will automatically lose when time's up. (requested by p0y342fd68)\n|\n|t:|1783543610\n|move|p2a: Dedenne|Super Fang|p1a: Tropius\n|-damage|p1a: Tropius|50/100\n|-enditem|p1a: Tropius|Sitrus Berry|[eat]\n|-heal|p1a: Tropius|75/100|[from] item: Sitrus Berry\n|move|p1a: Tropius|Dragon Dance|p1a: Tropius\n|-boost|p1a: Tropius|atk|1\n|-boost|p1a: Tropius|spe|1\n|\n|-item|p1a: Tropius|Sitrus Berry|[from] ability: Harvest\n|upkeep\n|turn|2\n|inactive|Time left: 300 sec this turn | 300 sec total\n|inactive|p0x3426f6b also wants the timer to be on.\n|\n|t:|1783543612\n|move|p2a: Dedenne|Nuzzle|p1a: Tropius\n|-damage|p1a: Tropius|71/100\n|-status|p1a: Tropius|par\n|move|p1a: Tropius|Dragon Dance|p1a: Tropius\n|-boost|p1a: Tropius|atk|1\n|-boost|p1a: Tropius|spe|1\n|\n|upkeep\n|turn|3\n|inactive|Time left: 300 sec this turn | 300 sec total\n|\n|t:|1783543613\n|switch|p2a: Dondozo|Dondozo, L78, M|362/362\n|move|p1a: Tropius|Leaf Blade|p2a: Dondozo\n|-supereffective|p2a: Dondozo\n|-damage|p2a: Dondozo|204/362\n|\n|-heal|p2a: Dondozo|226/362|[from] item: Leftovers\n|upkeep\n|turn|4\n|inactive|Time left: 300 sec this turn | 300 sec total\n|\n|t:|1783543614\n|cant|p1a: Tropius|par\n|move|p2a: Dondozo|Curse|p2a: Dondozo\n|-unboost|p2a: Dondozo|spe|1\n|-boost|p2a: Dondozo|atk|1\n|-boost|p2a: Dondozo|def|1\n|\n|-heal|p2a: Dondozo|248/362|[from] item: Leftovers\n|upkeep\n|turn|5\n|inactive|Time left: 300 sec this turn | 300 sec total\n|\n|t:|1783543615\n|move|p1a: Tropius|Leaf Blade|p2a: Dondozo\n|-supereffective|p2a: Dondozo\n|-damage|p2a: Dondozo|144/362\n|move|p2a: Dondozo|Curse|p2a: Dondozo\n|-unboost|p2a: Dondozo|spe|1\n|-boost|p2a: Dondozo|atk|1\n|-boost|p2a: Dondozo|def|1\n|\n|-heal|p2a: Dondozo|166/362|[from] item: Leftovers\n|upkeep\n|turn|6\n|inactive|Time left: 300 sec this turn | 300 sec total\n|\n|t:|1783543617\n|cant|p1a: Tropius|par\n|move|p2a: Dondozo|Rest|p2a: Dondozo\n|-status|p2a: Dondozo|slp|[from] move: Rest\n|-heal|p2a: Dondozo|362/362 slp|[silent]\n|\n|upkeep\n|turn|7\n|inactive|Time left: 300 sec this turn | 300 sec total\n|\n|t:|1783543618\n|move|p1a: Tropius|Dragon Dance|p1a: Tropius\n|-boost|p1a: Tropius|atk|1\n|-boost|p1a: Tropius|spe|1\n|cant|p2a: Dondozo|slp\n|move|p2a: Dondozo|Sleep Talk|p2a: Dondozo\n|move|p2a: Dondozo|Rest||[from] move: Sleep Talk|[still]\n|-fail|p2a: Dondozo\n|\n|upkeep\n|turn|8\n|inactive|Time left: 300 sec this turn | 300 sec total\n|\n|t:|1783543619\n|move|p1a: Tropius|Leaf Blade|p2a: Dondozo\n|-supereffective|p2a: Dondozo\n|-damage|p2a: Dondozo|282/362 slp\n|cant|p2a: Dondozo|slp\n|move|p2a: Dondozo|Sleep Talk|p2a: Dondozo\n|move|p2a: Dondozo|Wave Crash|p1a: Tropius|[from] move: Sleep Talk\n|-resisted|p1a: Tropius\n|-damage|p1a: Tropius|38/100 par\n|-enditem|p1a: Tropius|Sitrus Berry|[eat]\n|-heal|p1a: Tropius|63/100 par|[from] item: Sitrus Berry\n|-damage|p2a: Dondozo|247/362 slp|[from] Recoil\n|\n|-heal|p2a: Dondozo|269/362 slp|[from] item: Leftovers\n|upkeep\n|turn|9\n|inactive|Time left: 300 sec this turn | 300 sec total\n|\n|t:|1783543620\n|move|p1a: Tropius|Leaf Blade|p2a: Dondozo\n|-supereffective|p2a: Dondozo\n|-damage|p2a: Dondozo|189/362 slp\n|-curestatus|p2a: Dondozo|slp|[msg]\n|move|p2a: Dondozo|Wave Crash|p1a: Tropius\n|-resisted|p1a: Tropius\n|-damage|p1a: Tropius|33/100 par\n|-damage|p2a: Dondozo|156/362|[from] Recoil\n|\n|-heal|p2a: Dondozo|178/362|[from] item: Leftovers\n|upkeep\n|turn|10\n|inactive|Time left: 300 sec this turn | 300 sec total\n|\n|t:|1783543621\n|cant|p1a: Tropius|par\n|move|p2a: Dondozo|Wave Crash|p1a: Tropius\n|-resisted|p1a: Tropius\n|-damage|p1a: Tropius|0 fnt\n|faint|p1a: Tropius\n|-damage|p2a: Dondozo|143/362|[from] Recoil\n|\n|-heal|p2a: Dondozo|165/362|[from] item: Leftovers\n|upkeep\n|\n|t:|1783543622\n|switch|p1a: Ribombee|Ribombee, L83, M|100/100\n|turn|11\n|inactive|Time left: 300 sec this turn | 300 sec total\n|\n|t:|1783543623\n|move|p1a: Ribombee|Sticky Web|p2a: Dondozo\n|-sidestart|p2: p0y342fd68|move: Sticky Web\n|move|p2a: Dondozo|Wave Crash|p1a: Ribombee\n|-damage|p1a: Ribombee|0 fnt\n|faint|p1a: Ribombee\n|-damage|p2a: Dondozo|87/362|[from] Recoil\n|\n|-heal|p2a: Dondozo|109/362|[from] item: Leftovers\n|upkeep\n|\n|t:|1783543624\n|switch|p1a: Inteleon|Inteleon, L81, F|100/100\n|turn|12\n|inactive|Time left: 300 sec this turn | 300 sec total\n|\n|t:|1783543625\n|move|p1a: Inteleon|Hydro Pump|p2a: Dondozo\n|-resisted|p2a: Dondozo\n|-damage|p2a: Dondozo|0 fnt\n|faint|p2a: Dondozo\n|\n|upkeep\n|inactive|Time left: 300 sec this turn | 300 sec total | 5 sec grace\n|\n|t:|1783543626\n|switch|p2a: Farigiraf|Farigiraf, L90, F|362/362\n|-activate|p2a: Farigiraf|move: Sticky Web\n|-unboost|p2a: Farigiraf|spe|1\n|turn|13\n|inactive|Time left: 300 sec this turn | 300 sec total\n|\n|t:|1783543627\n|move|p1a: Inteleon|Hydro Pump|p2a: Farigiraf\n|-damage|p2a: Farigiraf|146/362\n|move|p2a: Farigiraf|Psychic Noise|p1a: Inteleon\n|-damage|p1a: Inteleon|50/100\n|-start|p1a: Inteleon|move: Heal Block\n|\n|-heal|p2a: Farigiraf|168/362|[from] item: Leftovers\n|upkeep\n|turn|14\n|inactive|Time left: 300 sec this turn | 300 sec total\n|\n|t:|1783543628\n|-terastallize|p2a: Farigiraf|Water\n|move|p1a: Inteleon|Hydro Pump|p2a: Farigiraf\n|-resisted|p2a: Farigiraf\n|-damage|p2a: Farigiraf|57/362\n|move|p2a: Farigiraf|Body Slam|p1a: Inteleon\n|-damage|p1a: Inteleon|0 fnt\n|faint|p1a: Inteleon\n|\n|-heal|p2a: Farigiraf|79/362|[from] item: Leftovers\n|upkeep\n|\n|t:|1783543629\n|switch|p1a: Passimian|Passimian, L83, F|100/100\n|turn|15\n|inactive|Time left: 300 sec this turn | 300 sec total\n|\n|t:|1783543630\n|move|p2a: Farigiraf|Protect|p2a: Farigiraf\n|-singleturn|p2a: Farigiraf|Protect\n|move|p1a: Passimian|Knock Off|p2a: Farigiraf\n|-activate|p2a: Farigiraf|move: Protect\n|\n|-heal|p2a: Farigiraf|101/362|[from] item: Leftovers\n|upkeep\n|turn|16\n|inactive|Time left: 300 sec this turn | 300 sec total\n|\n|t:|1783543631\n|move|p1a: Passimian|Knock Off|p2a: Farigiraf\n|-damage|p2a: Farigiraf|0 fnt\n|-enditem|p2a: Farigiraf|Leftovers|[from] move: Knock Off|[of] p1a: Passimian\n|faint|p2a: Farigiraf\n|\n|upkeep\n|inactive|Time left: 300 sec this turn | 300 sec total | 5 sec grace\n|\n|t:|1783543632\n|switch|p2a: Falinks|Falinks, L84|246/246\n|-activate|p2a: Falinks|move: Sticky Web\n|-unboost|p2a: Falinks|spe|1\n|-ability|p2a: Falinks|Defiant|boost\n|-boost|p2a: Falinks|atk|2\n|turn|17\n|inactive|Time left: 300 sec this turn | 300 sec total\n|\n|t:|1783543634\n|switch|p1a: Moltres|Moltres, L81|100/100\n|move|p2a: Falinks|No Retreat|p2a: Falinks\n|-boost|p2a: Falinks|atk|1\n|-boost|p2a: Falinks|def|1\n|-boost|p2a: Falinks|spa|1\n|-boost|p2a: Falinks|spd|1\n|-boost|p2a: Falinks|spe|1\n|-start|p2a: Falinks|move: No Retreat\n|\n|upkeep\n|turn|18\n|inactive|Time left: 300 sec this turn | 300 sec total\n|\n|t:|1783543635\n|move|p1a: Moltres|Fire Blast|p2a: Falinks\n|-damage|p2a: Falinks|129/246\n|move|p2a: Falinks|Knock Off|p1a: Moltres\n|-damage|p1a: Moltres|24/100\n|-status|p2a: Falinks|brn|[from] ability: Flame Body|[of] p1a: Moltres\n|-enditem|p1a: Moltres|Heavy-Duty Boots|[from] move: Knock Off|[of] p2a: Falinks\n|-damage|p2a: Falinks|105/246 brn|[from] item: Life Orb\n|\n|-damage|p2a: Falinks|90/246 brn|[from] brn\n|upkeep\n|turn|19\n|inactive|Time left: 300 sec this turn | 300 sec total\n|\n|t:|1783543636\n|move|p1a: Moltres|Brave Bird|p2a: Falinks\n|-supereffective|p2a: Falinks\n|-damage|p2a: Falinks|0 fnt\n|faint|p2a: Falinks\n|-damage|p1a: Moltres|13/100|[from] Recoil\n|\n|upkeep\n|inactive|Time left: 300 sec this turn | 300 sec total | 5 sec grace\n|\n|t:|1783543637\n|switch|p2a: Dedenne|Dedenne, L88, M|261/261\n|-activate|p2a: Dedenne|move: Sticky Web\n|-unboost|p2a: Dedenne|spe|1\n|turn|20\n|inactive|Time left: 300 sec this turn | 300 sec total\n|\n|t:|1783543638\n|move|p1a: Moltres|Roost|p1a: Moltres\n|-heal|p1a: Moltres|63/100\n|-singleturn|p1a: Moltres|move: Roost\n|move|p2a: Dedenne|Thunderbolt|p1a: Moltres\n|-damage|p1a: Moltres|25/100\n|\n|upkeep\n|turn|21\n|inactive|Time left: 300 sec this turn | 300 sec total\n|\n|t:|1783543639\n|move|p1a: Moltres|Roost|p1a: Moltres\n|-heal|p1a: Moltres|75/100\n|-singleturn|p1a: Moltres|move: Roost\n|move|p2a: Dedenne|Thunderbolt|p1a: Moltres\n|-damage|p1a: Moltres|42/100\n|\n|upkeep\n|turn|22\n|inactive|Time left: 300 sec this turn | 300 sec total\n|\n|t:|1783543640\n|move|p1a: Moltres|Roost|p1a: Moltres\n|-heal|p1a: Moltres|92/100\n|-singleturn|p1a: Moltres|move: Roost\n|move|p2a: Dedenne|Thunderbolt|p1a: Moltres\n|-damage|p1a: Moltres|56/100\n|\n|upkeep\n|turn|23\n|inactive|Time left: 300 sec this turn | 300 sec total\n|\n|t:|1783543642\n|move|p1a: Moltres|Roost|p1a: Moltres\n|-heal|p1a: Moltres|100/100\n|-singleturn|p1a: Moltres|move: Roost\n|move|p2a: Dedenne|Thunderbolt|p1a: Moltres\n|-damage|p1a: Moltres|63/100\n|\n|upkeep\n|turn|24\n|inactive|Time left: 300 sec this turn | 300 sec total\n|\n|t:|1783543643\n|move|p1a: Moltres|Roost|p1a: Moltres\n|-heal|p1a: Moltres|100/100\n|-singleturn|p1a: Moltres|move: Roost\n|move|p2a: Dedenne|Thunderbolt|p1a: Moltres\n|-damage|p1a: Moltres|64/100\n|\n|upkeep\n|turn|25\n|inactive|Time left: 300 sec this turn | 300 sec total\n|\n|t:|1783543644\n|move|p1a: Moltres|Roost|p1a: Moltres\n|-heal|p1a: Moltres|100/100\n|-singleturn|p1a: Moltres|move: Roost\n|move|p2a: Dedenne|Thunderbolt|p1a: Moltres\n|-damage|p1a: Moltres|67/100\n|\n|upkeep\n|turn|26\n|inactive|Time left: 300 sec this turn | 300 sec total\n|\n|t:|1783543645\n|move|p1a: Moltres|Roost|p1a: Moltres\n|-heal|p1a: Moltres|100/100\n|-singleturn|p1a: Moltres|move: Roost\n|move|p2a: Dedenne|Thunderbolt|p1a: Moltres\n|-damage|p1a: Moltres|65/100\n|\n|upkeep\n|turn|27\n|inactive|Time left: 300 sec this turn | 300 sec total\n|\n|t:|1783543646\n|move|p1a: Moltres|Roost|p1a: Moltres\n|-heal|p1a: Moltres|100/100\n|-singleturn|p1a: Moltres|move: Roost\n|move|p2a: Dedenne|Thunderbolt|p1a: Moltres\n|-damage|p1a: Moltres|65/100\n|\n|upkeep\n|turn|28\n|inactive|Time left: 300 sec this turn | 300 sec total\n|\n|t:|1783543647\n|move|p1a: Moltres|Fire Blast|p2a: Dedenne|[miss]\n|-miss|p1a: Moltres|p2a: Dedenne\n|move|p2a: Dedenne|Thunderbolt|p1a: Moltres\n|-supereffective|p1a: Moltres\n|-damage|p1a: Moltres|0 fnt\n|faint|p1a: Moltres\n|\n|upkeep\n|\n|t:|1783543648\n|switch|p1a: Passimian|Passimian, L83, F|100/100\n|turn|29\n|inactive|Time left: 300 sec this turn | 300 sec total\n|\n|t:|1783543649\n|move|p1a: Passimian|Earthquake|p2a: Dedenne\n|-supereffective|p2a: Dedenne\n|-damage|p2a: Dedenne|0 fnt\n|faint|p2a: Dedenne\n|\n|upkeep\n|inactive|Time left: 300 sec this turn | 300 sec total | 5 sec grace\n|\n|t:|1783543650\n|switch|p2a: Urshifu|Urshifu, L74, M|270/270\n|-activate|p2a: Urshifu|move: Sticky Web\n|-unboost|p2a: Urshifu|spe|1\n|turn|30\n|inactive|Time left: 300 sec this turn | 300 sec total\n|\n|t:|1783543651\n|move|p1a: Passimian|Earthquake|p2a: Urshifu\n|-damage|p2a: Urshifu|146/270\n|move|p2a: Urshifu|Close Combat|p1a: Passimian\n|-damage|p1a: Passimian|37/100\n|-unboost|p2a: Urshifu|def|1\n|-unboost|p2a: Urshifu|spd|1\n|\n|upkeep\n|turn|31\n|inactive|Time left: 300 sec this turn | 300 sec total\n|\n|t:|1783543652\n|move|p1a: Passimian|Earthquake|p2a: Urshifu\n|-damage|p2a: Urshifu|0 fnt\n|faint|p2a: Urshifu\n|\n|upkeep\n|inactive|Time left: 300 sec this turn | 300 sec total | 5 sec grace\n|\n|t:|1783543653\n|switch|p2a: Revavroom|Revavroom, L79, F|256/256\n|-activate|p2a: Revavroom|move: Sticky Web\n|-unboost|p2a: Revavroom|spe|1\n|turn|32\n|inactive|Time left: 300 sec this turn | 300 sec total\n|\n|t:|1783543653\n|-terastallize|p1a: Passimian|Fighting\n|move|p1a: Passimian|Earthquake|p2a: Revavroom\n|-supereffective|p2a: Revavroom\n|-damage|p2a: Revavroom|0 fnt\n|faint|p2a: Revavroom\n|\n|win|p0x3426f6b", "uploadtime": 1783543653, "views": 0, "rating": 0, "private": 0, "password": null, "_winner": "p0x3426f6b", "_our_name": "p0y342fd68"}