{"id": "battle-gen9randombattle-99", "formatid": "gen9randombattle", "format": "[Gen 9] Random Battle", "players": ["p0x0999c22", "p0y0993916"], "log": "|init|battle\n|title|p0x0999c22 vs. p0y0993916\n|j|\u2606p0x0999c22\n|j|\u2606p0y0993916\n|t:|1783534909\n|gametype|singles\n|player|p1|p0x0999c22|170|\n|player|p2|p0y0993916|170|\n|gen|9\n|tier|[Gen 9] Random Battle\n|rule|Species Clause: Limit one of each Pok\u00e9mon\n|rule|HP Percentage Mod: HP is shown in percentages\n|rule|Sleep Clause Mod: Limit one foe put to sleep\n|rule|Illusion Level Mod: Illusion disguises the Pok\u00e9mon's true level\n|\n|t:|1783534909\n|teamsize|p1|6\n|teamsize|p2|6\n|start\n|switch|p1a: Suicune|Suicune, L82|298/298\n|switch|p2a: Bellibolt|Bellibolt, L84, F|100/100\n|-ability|p1a: Suicune|Pressure\n|turn|1\n|inactive|Battle timer is ON: inactive players will automatically lose when time's up. (requested by p0x0999c22)\n|inactive|p0y0993916 also wants the timer to be on.\n|\n|t:|1783534911\n|move|p1a: Suicune|Calm Mind|p1a: Suicune\n|-boost|p1a: Suicune|spa|1\n|-boost|p1a: Suicune|spd|1\n|move|p2a: Bellibolt|Thunderbolt|p1a: Suicune\n|-supereffective|p1a: Suicune\n|-damage|p1a: Suicune|194/298\n|\n|-heal|p1a: Suicune|212/298|[from] item: Leftovers\n|upkeep\n|turn|2\n|inactive|Time left: 300 sec this turn | 300 sec total\n|\n|t:|1783534912\n|move|p1a: Suicune|Calm Mind|p1a: Suicune\n|-boost|p1a: Suicune|spa|1\n|-boost|p1a: Suicune|spd|1\n|move|p2a: Bellibolt|Thunderbolt|p1a: Suicune\n|-supereffective|p1a: Suicune\n|-crit|p1a: Suicune\n|-damage|p1a: Suicune|0 fnt\n|faint|p1a: Suicune\n|\n|upkeep\n|inactive|Time left: 300 sec this turn | 300 sec total | 5 sec grace\n|\n|t:|1783534913\n|switch|p1a: Okidogi|Okidogi, L77, M|262/262\n|turn|3\n|inactive|Time left: 300 sec this turn | 300 sec total\n|\n|t:|1783534914\n|switch|p2a: Reuniclus|Reuniclus, L88, F|100/100\n|move|p1a: Okidogi|Gunk Shot|p2a: Reuniclus\n|-damage|p2a: Reuniclus|59/100\n|\n|upkeep\n|turn|4\n|inactive|Time left: 300 sec this turn | 300 sec total\n|\n|t:|1783534915\n|-terastallize|p1a: Okidogi|Dark\n|move|p1a: Okidogi|Knock Off|p2a: Reuniclus\n|-supereffective|p2a: Reuniclus\n|-damage|p2a: Reuniclus|0 fnt\n|-enditem|p2a: Reuniclus|Life Orb|[from] move: Knock Off|[of] p1a: Okidogi\n|faint|p2a: Reuniclus\n|\n|upkeep\n|\n|t:|1783534916\n|switch|p2a: Tinkaton|Tinkaton, L82, F|100/100\n|-ability|p2a: Tinkaton|Mold Breaker\n|turn|5\n|inactive|Time left: 300 sec this turn | 300 sec total\n|\n|t:|1783534917\n|move|p2a: Tinkaton|Swords Dance|p2a: Tinkaton\n|-boost|p2a: Tinkaton|atk|2\n|move|p1a: Okidogi|Bulk Up|p1a: Okidogi\n|-boost|p1a: Okidogi|atk|1\n|-boost|p1a: Okidogi|def|1\n|\n|upkeep\n|turn|6\n|inactive|Time left: 300 sec this turn | 300 sec total\n|\n|t:|1783534918\n|move|p2a: Tinkaton|Play Rough|p1a: Okidogi\n|-supereffective|p1a: Okidogi\n|-damage|p1a: Okidogi|88/262\n|move|p1a: Okidogi|Drain Punch|p2a: Tinkaton\n|-damage|p2a: Tinkaton|51/100\n|-heal|p1a: Okidogi|156/262|[from] drain|[of] p2a: Tinkaton\n|\n|-heal|p2a: Tinkaton|57/100|[from] item: Leftovers\n|-heal|p1a: Okidogi|172/262|[from] item: Leftovers\n|upkeep\n|turn|7\n|inactive|Time left: 300 sec this turn | 300 sec total\n|\n|t:|1783534919\n|switch|p1a: Salazzle|Salazzle, L83, F|249/249\n|move|p2a: Tinkaton|Play Rough|p1a: Salazzle\n|-resisted|p1a: Salazzle\n|-damage|p1a: Salazzle|204/249\n|\n|-heal|p1a: Salazzle|219/249|[from] item: Leftovers\n|-heal|p2a: Tinkaton|63/100|[from] item: Leftovers\n|upkeep\n|turn|8\n|inactive|Time left: 300 sec this turn | 300 sec total\n|\n|t:|1783534920\n|switch|p2a: Armarouge|Armarouge, L80, M|100/100\n|move|p1a: Salazzle|Flamethrower|p2a: Armarouge\n|-resisted|p2a: Armarouge\n|-damage|p2a: Armarouge|78/100\n|\n|-heal|p1a: Salazzle|234/249|[from] item: Leftovers\n|upkeep\n|turn|9\n|inactive|Time left: 300 sec this turn | 300 sec total\n|\n|t:|1783534921\n|move|p1a: Salazzle|Protect|p1a: Salazzle\n|-singleturn|p1a: Salazzle|Protect\n|move|p2a: Armarouge|Meteor Beam||[still]\n|-prepare|p2a: Armarouge|Meteor Beam\n|-boost|p2a: Armarouge|spa|1\n|-enditem|p2a: Armarouge|Power Herb\n|-anim|p2a: Armarouge|Meteor Beam|p1a: Salazzle\n|-activate|p1a: Salazzle|move: Protect\n|\n|-heal|p1a: Salazzle|249/249|[from] item: Leftovers\n|upkeep\n|turn|10\n|inactive|Time left: 300 sec this turn | 300 sec total\n|\n|t:|1783534922\n|move|p1a: Salazzle|Toxic|p2a: Armarouge\n|-status|p2a: Armarouge|tox\n|move|p2a: Armarouge|Psyshock|p1a: Salazzle\n|-supereffective|p1a: Salazzle\n|-damage|p1a: Salazzle|0 fnt\n|faint|p1a: Salazzle\n|\n|-damage|p2a: Armarouge|72/100 tox|[from] psn\n|upkeep\n|inactive|Time left: 300 sec this turn | 300 sec total | 5 sec grace\n|\n|t:|1783534923\n|switch|p1a: Samurott|Samurott-Hisui, L77, M|265/265\n|turn|11\n|inactive|Time left: 300 sec this turn | 300 sec total\n|\n|t:|1783534924\n|switch|p2a: Bellibolt|Bellibolt, L84, F|100/100\n|move|p1a: Samurott|Ceaseless Edge|p2a: Bellibolt|[miss]\n|-miss|p1a: Samurott|p2a: Bellibolt\n|\n|upkeep\n|turn|12\n|inactive|Time left: 300 sec this turn | 300 sec total\n|\n|t:|1783534925\n|move|p1a: Samurott|Ceaseless Edge|p2a: Bellibolt\n|-damage|p2a: Bellibolt|56/100\n|-start|p2a: Bellibolt|Charge|Ceaseless Edge|[from] ability: Electromorphosis\n|-sidestart|p2: p0y0993916|Spikes\n|move|p2a: Bellibolt|Thunderbolt|p1a: Samurott\n|-supereffective|p1a: Samurott\n|-damage|p1a: Samurott|0 fnt\n|faint|p1a: Samurott\n|-end|p2a: Bellibolt|Charge|[silent]\n|\n|-heal|p2a: Bellibolt|62/100|[from] item: Leftovers\n|upkeep\n|inactive|Time left: 300 sec this turn | 300 sec total | 5 sec grace\n|\n|t:|1783534926\n|switch|p1a: Salamence|Salamence, L77, M|273/273\n|-ability|p1a: Salamence|Intimidate|boost\n|-unboost|p2a: Bellibolt|atk|1\n|turn|13\n|inactive|Time left: 300 sec this turn | 300 sec total\n|\n|t:|1783534927\n|switch|p2a: Tinkaton|Tinkaton, L82, F|63/100\n|-damage|p2a: Tinkaton|51/100|[from] Spikes\n|-ability|p2a: Tinkaton|Mold Breaker\n|move|p1a: Salamence|Dragon Dance|p1a: Salamence\n|-boost|p1a: Salamence|atk|1\n|-boost|p1a: Salamence|spe|1\n|\n|-heal|p2a: Tinkaton|57/100|[from] item: Leftovers\n|upkeep\n|turn|14\n|inactive|Time left: 300 sec this turn | 300 sec total\n|\n|t:|1783534928\n|switch|p2a: Rayquaza|Rayquaza, L72|100/100\n|-ability|p2a: Rayquaza|Air Lock\n|move|p1a: Salamence|Earthquake|p2a: Rayquaza\n|-immune|p2a: Rayquaza\n|\n|upkeep\n|turn|15\n|inactive|Time left: 300 sec this turn | 300 sec total\n|\n|t:|1783534928\n|move|p1a: Salamence|Outrage|p2a: Rayquaza\n|-supereffective|p2a: Rayquaza\n|-damage|p2a: Rayquaza|0 fnt\n|faint|p2a: Rayquaza\n|\n|upkeep\n|\n|t:|1783534929\n|switch|p2a: Tinkaton|Tinkaton, L82, F|57/100\n|-damage|p2a: Tinkaton|45/100|[from] Spikes\n|-ability|p2a: Tinkaton|Mold Breaker\n|turn|16\n|inactive|Time left: 300 sec this turn | 300 sec total\n|\n|t:|1783534930\n|move|p1a: Salamence|Outrage|p2a: Tinkaton|[from] lockedmove\n|-immune|p2a: Tinkaton\n|move|p2a: Tinkaton|Swords Dance|p2a: Tinkaton\n|-boost|p2a: Tinkaton|atk|2\n|\n|-heal|p2a: Tinkaton|51/100|[from] item: Leftovers\n|upkeep\n|turn|17\n|inactive|Time left: 300 sec this turn | 300 sec total\n|\n|t:|1783534931\n|move|p1a: Salamence|Earthquake|p2a: Tinkaton\n|-supereffective|p2a: Tinkaton\n|-damage|p2a: Tinkaton|0 fnt\n|faint|p2a: Tinkaton\n|\n|upkeep\n|\n|t:|1783534932\n|switch|p2a: Ursaring|Ursaring, L84, F|100/100\n|-damage|p2a: Ursaring|88/100|[from] Spikes\n|turn|18\n|inactive|Time left: 300 sec this turn | 300 sec total\n|\n|t:|1783534934\n|move|p1a: Salamence|Outrage|p2a: Ursaring\n|-crit|p2a: Ursaring\n|-damage|p2a: Ursaring|11/100\n|move|p2a: Ursaring|Body Slam|p1a: Salamence\n|-damage|p1a: Salamence|146/273\n|\n|upkeep\n|turn|19\n|inactive|Time left: 300 sec this turn | 300 sec total\n|\n|t:|1783534935\n|-terastallize|p2a: Ursaring|Ground\n|move|p1a: Salamence|Outrage|p2a: Ursaring|[from] lockedmove\n|-damage|p2a: Ursaring|0 fnt\n|faint|p2a: Ursaring\n|\n|upkeep\n|\n|t:|1783534935\n|switch|p2a: Bellibolt|Bellibolt, L84, F|62/100\n|-damage|p2a: Bellibolt|50/100|[from] Spikes\n|turn|20\n|inactive|Time left: 300 sec this turn | 300 sec total\n|\n|t:|1783534936\n|switch|p2a: Armarouge|Armarouge, L80, M|72/100 tox\n|-damage|p2a: Armarouge|60/100 tox|[from] Spikes\n|move|p1a: Salamence|Outrage|p2a: Armarouge|[from] lockedmove\n|-damage|p2a: Armarouge|0 fnt\n|faint|p2a: Armarouge\n|-start|p1a: Salamence|confusion|[fatigue]\n|\n|upkeep\n|\n|t:|1783534937\n|switch|p2a: Bellibolt|Bellibolt, L84, F|50/100\n|-damage|p2a: Bellibolt|37/100|[from] Spikes\n|turn|21\n|inactive|Time left: 300 sec this turn | 300 sec total\n|\n|t:|1783534938\n|-activate|p1a: Salamence|confusion\n|move|p1a: Salamence|Outrage|p2a: Bellibolt\n|-damage|p2a: Bellibolt|0 fnt\n|faint|p2a: Bellibolt\n|\n|win|p0x0999c22", "uploadtime": 1783534938, "views": 0, "rating": 0, "private": 0, "password": null, "_winner": "p0x0999c22", "_our_name": "p0x0999c22"}