{"id": "battle-gen9randombattle-1797", "formatid": "gen9randombattle", "format": "[Gen 9] Random Battle", "players": ["p0x179767e1", "p0y1797d532"], "log": "|init|battle\n|title|p0x179767e1 vs. p0y1797d532\n|j|\u2606p0x179767e1\n|j|\u2606p0y1797d532\n|t:|1783560819\n|gametype|singles\n|player|p1|p0x179767e1|170|\n|player|p2|p0y1797d532|265|\n|gen|9\n|tier|[Gen 9] Random Battle\n|rule|Species Clause: Limit one of each Pok\u00e9mon\n|rule|HP Percentage Mod: HP is shown in percentages\n|rule|Sleep Clause Mod: Limit one foe put to sleep\n|rule|Illusion Level Mod: Illusion disguises the Pok\u00e9mon's true level\n|\n|t:|1783560819\n|teamsize|p1|6\n|teamsize|p2|6\n|start\n|switch|p1a: Persian|Persian-Alola, L86, M|252/252\n|switch|p2a: Oinkologne|Oinkologne, L92, M|100/100\n|turn|1\n|inactive|Battle timer is ON: inactive players will automatically lose when time's up. (requested by p0x179767e1)\n|inactive|p0y1797d532 also wants the timer to be on.\n|\n|t:|1783560820\n|move|p1a: Persian|Parting Shot|p2a: Oinkologne\n|-unboost|p2a: Oinkologne|atk|1\n|-unboost|p2a: Oinkologne|spa|1\n|inactive|Time left: 300 sec this turn | 300 sec total | 65 sec grace\n|\n|t:|1783560821\n|switch|p1a: Gurdurr|Gurdurr, L85, M|283/283|[from] Parting Shot\n|move|p2a: Oinkologne|Body Slam|p1a: Gurdurr\n|-damage|p1a: Gurdurr|232/283\n|\n|upkeep\n|turn|2\n|inactive|Time left: 300 sec this turn | 300 sec total\n|\n|t:|1783560822\n|switch|p2a: Falinks|Falinks, L84|100/100\n|move|p1a: Gurdurr|Knock Off|p2a: Falinks\n|-resisted|p2a: Falinks\n|-damage|p2a: Falinks|86/100\n|-enditem|p2a: Falinks|Life Orb|[from] move: Knock Off|[of] p1a: Gurdurr\n|\n|upkeep\n|turn|3\n|inactive|Time left: 300 sec this turn | 300 sec total\n|\n|t:|1783560823\n|move|p2a: Falinks|No Retreat|p2a: Falinks\n|-boost|p2a: Falinks|atk|1\n|-boost|p2a: Falinks|def|1\n|-boost|p2a: Falinks|spa|1\n|-boost|p2a: Falinks|spd|1\n|-boost|p2a: Falinks|spe|1\n|-start|p2a: Falinks|move: No Retreat\n|move|p1a: Gurdurr|Bulk Up|p1a: Gurdurr\n|-boost|p1a: Gurdurr|atk|1\n|-boost|p1a: Gurdurr|def|1\n|\n|upkeep\n|turn|4\n|inactive|Time left: 300 sec this turn | 300 sec total\n|\n|t:|1783560824\n|move|p2a: Falinks|Knock Off|p1a: Gurdurr\n|-resisted|p1a: Gurdurr\n|-damage|p1a: Gurdurr|209/283\n|-enditem|p1a: Gurdurr|Eviolite|[from] move: Knock Off|[of] p2a: Falinks\n|move|p1a: Gurdurr|Drain Punch|p2a: Falinks\n|-damage|p2a: Falinks|55/100\n|-heal|p1a: Gurdurr|247/283|[from] drain|[of] p2a: Falinks\n|\n|upkeep\n|turn|5\n|inactive|Time left: 300 sec this turn | 300 sec total\n|\n|t:|1783560825\n|move|p2a: Falinks|Iron Head|p1a: Gurdurr\n|-damage|p1a: Gurdurr|192/283\n|cant|p1a: Gurdurr|flinch\n|\n|upkeep\n|turn|6\n|inactive|Time left: 300 sec this turn | 300 sec total\n|\n|t:|1783560826\n|move|p2a: Falinks|Iron Head|p1a: Gurdurr\n|-damage|p1a: Gurdurr|130/283\n|move|p1a: Gurdurr|Drain Punch|p2a: Falinks\n|-damage|p2a: Falinks|25/100\n|-heal|p1a: Gurdurr|168/283|[from] drain|[of] p2a: Falinks\n|\n|upkeep\n|turn|7\n|inactive|Time left: 300 sec this turn | 300 sec total\n|\n|t:|1783560827\n|move|p2a: Falinks|Close Combat|p1a: Gurdurr\n|-damage|p1a: Gurdurr|33/283\n|-unboost|p2a: Falinks|def|1\n|-unboost|p2a: Falinks|spd|1\n|move|p1a: Gurdurr|Drain Punch|p2a: Falinks\n|-damage|p2a: Falinks|0 fnt\n|-heal|p1a: Gurdurr|63/283|[from] drain|[of] p2a: Falinks\n|faint|p2a: Falinks\n|\n|upkeep\n|\n|t:|1783560828\n|switch|p2a: Flygon|Flygon, L82, F|100/100\n|turn|8\n|inactive|Time left: 300 sec this turn | 300 sec total\n|\n|t:|1783560829\n|move|p1a: Gurdurr|Mach Punch|p2a: Flygon\n|-damage|p2a: Flygon|71/100\n|move|p2a: Flygon|Earthquake|p1a: Gurdurr\n|-damage|p1a: Gurdurr|0 fnt\n|faint|p1a: Gurdurr\n|\n|upkeep\n|inactive|Time left: 300 sec this turn | 300 sec total | 5 sec grace\n|\n|t:|1783560830\n|switch|p1a: Serperior|Serperior, L79, F|248/248\n|turn|9\n|inactive|Time left: 300 sec this turn | 300 sec total\n|\n|t:|1783560831\n|move|p1a: Serperior|Leaf Storm|p2a: Flygon\n|-damage|p2a: Flygon|17/100\n|-boost|p1a: Serperior|spa|2\n|-damage|p1a: Serperior|224/248|[from] item: Life Orb\n|move|p2a: Flygon|Earthquake|p1a: Serperior\n|-resisted|p1a: Serperior\n|-damage|p1a: Serperior|152/248\n|\n|upkeep\n|turn|10\n|inactive|Time left: 300 sec this turn | 300 sec total\n|\n|t:|1783560833\n|switch|p2a: Reshiram|Reshiram, L76|100/100\n|-ability|p2a: Reshiram|Turboblaze\n|move|p1a: Serperior|Leaf Storm|p2a: Reshiram\n|-resisted|p2a: Reshiram\n|-damage|p2a: Reshiram|80/100\n|-boost|p1a: Serperior|spa|2\n|-damage|p1a: Serperior|128/248|[from] item: Life Orb\n|\n|upkeep\n|turn|11\n|inactive|Time left: 300 sec this turn | 300 sec total\n|\n|t:|1783560834\n|move|p1a: Serperior|Dragon Pulse|p2a: Reshiram\n|-supereffective|p2a: Reshiram\n|-damage|p2a: Reshiram|0 fnt\n|faint|p2a: Reshiram\n|-damage|p1a: Serperior|104/248|[from] item: Life Orb\n|\n|upkeep\n|\n|t:|1783560834\n|switch|p2a: Ludicolo|Ludicolo, L90, F|100/100\n|turn|12\n|inactive|Time left: 300 sec this turn | 300 sec total\n|\n|t:|1783560835\n|-terastallize|p2a: Ludicolo|Grass\n|move|p1a: Serperior|Leaf Storm|p2a: Ludicolo\n|-resisted|p2a: Ludicolo\n|-damage|p2a: Ludicolo|45/100\n|-boost|p1a: Serperior|spa|2\n|-damage|p1a: Serperior|80/248|[from] item: Life Orb\n|move|p2a: Ludicolo|Ice Beam|p1a: Serperior\n|-supereffective|p1a: Serperior\n|-damage|p1a: Serperior|0 fnt\n|faint|p1a: Serperior\n|-damage|p2a: Ludicolo|35/100|[from] item: Life Orb\n|\n|upkeep\n|inactive|Time left: 300 sec this turn | 300 sec total | 5 sec grace\n|\n|t:|1783560836\n|switch|p1a: Furret|Furret, L94, F|312/312\n|-item|p2a: Ludicolo|Life Orb|[from] ability: Frisk|[of] p1a: Furret\n|turn|13\n|inactive|Time left: 300 sec this turn | 300 sec total\n|\n|t:|1783560837\n|move|p1a: Furret|Double-Edge|p2a: Ludicolo\n|-damage|p2a: Ludicolo|0 fnt\n|faint|p2a: Ludicolo\n|-damage|p1a: Furret|279/312|[from] Recoil\n|\n|upkeep\n|\n|t:|1783560838\n|switch|p2a: Oinkologne|Oinkologne, L92, M|100/100\n|turn|14\n|inactive|Time left: 300 sec this turn | 300 sec total\n|\n|t:|1783560839\n|move|p1a: Furret|Double-Edge|p2a: Oinkologne\n|-damage|p2a: Oinkologne|44/100\n|-damage|p1a: Furret|214/312|[from] Recoil\n|move|p2a: Oinkologne|Body Slam|p1a: Furret\n|-damage|p1a: Furret|99/312\n|-status|p1a: Furret|par\n|\n|-heal|p2a: Oinkologne|50/100|[from] item: Leftovers\n|upkeep\n|turn|15\n|inactive|Time left: 300 sec this turn | 300 sec total\n|\n|t:|1783560840\n|move|p2a: Oinkologne|Body Slam|p1a: Furret\n|-damage|p1a: Furret|0 fnt\n|faint|p1a: Furret\n|\n|-heal|p2a: Oinkologne|57/100|[from] item: Leftovers\n|upkeep\n|inactive|Time left: 300 sec this turn | 300 sec total | 5 sec grace\n|\n|t:|1783560841\n|switch|p1a: Barraskewda|Barraskewda, L81, M|231/231\n|turn|16\n|inactive|Time left: 300 sec this turn | 300 sec total\n|\n|t:|1783560842\n|move|p1a: Barraskewda|Close Combat|p2a: Oinkologne\n|-supereffective|p2a: Oinkologne\n|-damage|p2a: Oinkologne|0 fnt\n|-unboost|p1a: Barraskewda|def|1\n|-unboost|p1a: Barraskewda|spd|1\n|faint|p2a: Oinkologne\n|\n|upkeep\n|\n|t:|1783560843\n|switch|p2a: Basculin|Basculin, L86, F|100/100\n|turn|17\n|inactive|Time left: 300 sec this turn | 300 sec total\n|\n|t:|1783560844\n|move|p2a: Basculin|Aqua Jet|p1a: Barraskewda\n|-resisted|p1a: Barraskewda\n|-damage|p1a: Barraskewda|146/231\n|move|p1a: Barraskewda|Close Combat|p2a: Basculin\n|-damage|p2a: Basculin|38/100\n|-unboost|p1a: Barraskewda|def|1\n|-unboost|p1a: Barraskewda|spd|1\n|\n|upkeep\n|turn|18\n|inactive|Time left: 300 sec this turn | 300 sec total\n|\n|t:|1783560844\n|-terastallize|p1a: Barraskewda|Water\n|move|p2a: Basculin|Aqua Jet|p1a: Barraskewda\n|-resisted|p1a: Barraskewda\n|-damage|p1a: Barraskewda|38/231\n|move|p1a: Barraskewda|Close Combat|p2a: Basculin\n|-damage|p2a: Basculin|0 fnt\n|-unboost|p1a: Barraskewda|def|1\n|-unboost|p1a: Barraskewda|spd|1\n|faint|p2a: Basculin\n|\n|upkeep\n|\n|t:|1783560845\n|switch|p2a: Flygon|Flygon, L82, F|17/100\n|turn|19\n|inactive|Time left: 300 sec this turn | 300 sec total\n|\n|t:|1783560846\n|move|p1a: Barraskewda|Close Combat|p2a: Flygon\n|-damage|p2a: Flygon|0 fnt\n|-unboost|p1a: Barraskewda|def|1\n|-unboost|p1a: Barraskewda|spd|1\n|faint|p2a: Flygon\n|\n|win|p0x179767e1", "uploadtime": 1783560846, "views": 0, "rating": 0, "private": 0, "password": null, "_winner": "p0x179767e1", "_our_name": "p0x179767e1"}