{"id": "battle-gen9randombattle-1996", "formatid": "gen9randombattle", "format": "[Gen 9] Random Battle", "players": ["p0x1996335e", "p0y19960b36"], "log": "|init|battle\n|title|p0x1996335e vs. p0y19960b36\n|j|\u2606p0x1996335e\n|j|\u2606p0y19960b36\n|t:|1783563090\n|gametype|singles\n|player|p1|p0x1996335e|1|\n|player|p2|p0y19960b36|101|\n|gen|9\n|tier|[Gen 9] Random Battle\n|rule|Species Clause: Limit one of each Pok\u00e9mon\n|rule|HP Percentage Mod: HP is shown in percentages\n|rule|Sleep Clause Mod: Limit one foe put to sleep\n|rule|Illusion Level Mod: Illusion disguises the Pok\u00e9mon's true level\n|\n|t:|1783563090\n|teamsize|p1|6\n|teamsize|p2|6\n|start\n|switch|p1a: Reshiram|Reshiram, L76|100/100\n|switch|p2a: Golduck|Golduck, L90, M|290/290\n|-ability|p2a: Golduck|Cloud Nine\n|-ability|p1a: Reshiram|Turboblaze\n|turn|1\n|inactive|Battle timer is ON: inactive players will automatically lose when time's up. (requested by p0x1996335e)\n|inactive|Time left: 300 sec this turn | 300 sec total | 60 sec grace\n|inactive|p0y19960b36 also wants the timer to be on.\n|\n|t:|1783563091\n|switch|p1a: Hariyama|Hariyama, L87, M|100/100\n|move|p2a: Golduck|Hydro Pump|p1a: Hariyama\n|-crit|p1a: Hariyama\n|-damage|p1a: Hariyama|38/100\n|\n|-status|p1a: Hariyama|brn|[from] item: Flame Orb\n|upkeep\n|turn|2\n|inactive|Time left: 300 sec this turn | 300 sec total\n|\n|t:|1783563092\n|switch|p1a: Luxray|Luxray, L88, M|100/100\n|-ability|p1a: Luxray|Intimidate|boost\n|-unboost|p2a: Golduck|atk|1\n|move|p2a: Golduck|Hydro Pump|p1a: Luxray\n|-damage|p1a: Luxray|70/100\n|\n|upkeep\n|turn|3\n|inactive|Time left: 300 sec this turn | 300 sec total\n|\n|t:|1783563094\n|switch|p2a: Wyrdeer|Wyrdeer, L87, F|321/321\n|-ability|p2a: Wyrdeer|Intimidate|boost\n|-unboost|p1a: Luxray|atk|1\n|move|p1a: Luxray|Volt Switch|p2a: Wyrdeer\n|-damage|p2a: Wyrdeer|258/321\n|\n|t:|1783563095\n|switch|p1a: Ting-Lu|Ting-Lu, L78|100/100|[from] Volt Switch\n|-ability|p1a: Ting-Lu|Vessel of Ruin\n|\n|upkeep\n|turn|4\n|inactive|Time left: 300 sec this turn | 300 sec total\n|\n|t:|1783563096\n|switch|p2a: Gumshoos|Gumshoos, L95, F|321/321\n|move|p1a: Ting-Lu|Stealth Rock|p2a: Gumshoos\n|-sidestart|p2: p0y19960b36|move: Stealth Rock\n|\n|upkeep\n|turn|5\n|inactive|Time left: 300 sec this turn | 300 sec total\n|\n|t:|1783563097\n|move|p2a: Gumshoos|Knock Off|p1a: Ting-Lu\n|-resisted|p1a: Ting-Lu\n|-damage|p1a: Ting-Lu|85/100\n|-enditem|p1a: Ting-Lu|Leftovers|[from] move: Knock Off|[of] p2a: Gumshoos\n|move|p1a: Ting-Lu|Earthquake|p2a: Gumshoos\n|-damage|p2a: Gumshoos|212/321\n|\n|upkeep\n|turn|6\n|inactive|Time left: 300 sec this turn | 300 sec total\n|\n|t:|1783563098\n|move|p2a: Gumshoos|Knock Off|p1a: Ting-Lu\n|-resisted|p1a: Ting-Lu\n|-damage|p1a: Ting-Lu|73/100\n|move|p1a: Ting-Lu|Earthquake|p2a: Gumshoos\n|-damage|p2a: Gumshoos|83/321\n|\n|upkeep\n|turn|7\n|inactive|Time left: 300 sec this turn | 300 sec total\n|\n|t:|1783563100\n|move|p2a: Gumshoos|Knock Off|p1a: Ting-Lu\n|-resisted|p1a: Ting-Lu\n|-damage|p1a: Ting-Lu|62/100\n|move|p1a: Ting-Lu|Throat Chop|p2a: Gumshoos\n|-damage|p2a: Gumshoos|0 fnt\n|faint|p2a: Gumshoos\n|\n|upkeep\n|inactive|Time left: 300 sec this turn | 300 sec total | 5 sec grace\n|\n|t:|1783563101\n|switch|p2a: Flapple|Flapple, L88, F|266/266\n|-damage|p2a: Flapple|233/266|[from] Stealth Rock\n|turn|8\n|inactive|Time left: 300 sec this turn | 300 sec total\n|\n|t:|1783563102\n|switch|p1a: Luxray|Luxray, L88, M|70/100\n|-ability|p1a: Luxray|Intimidate|boost\n|-unboost|p2a: Flapple|atk|1\n|move|p2a: Flapple|Outrage|p1a: Luxray\n|-damage|p1a: Luxray|11/100\n|\n|upkeep\n|turn|9\n|inactive|Time left: 300 sec this turn | 300 sec total\n|\n|t:|1783563103\n|-terastallize|p1a: Luxray|Fairy\n|move|p2a: Flapple|Outrage|p1a: Luxray|[from] lockedmove\n|-immune|p1a: Luxray\n|-start|p2a: Flapple|confusion|[fatigue]\n|move|p1a: Luxray|Play Rough|p2a: Flapple\n|-supereffective|p2a: Flapple\n|-damage|p2a: Flapple|0 fnt\n|faint|p2a: Flapple\n|\n|upkeep\n|inactive|Time left: 300 sec this turn | 300 sec total | 5 sec grace\n|\n|t:|1783563104\n|switch|p2a: Golduck|Golduck, L90, M|290/290\n|-damage|p2a: Golduck|254/290|[from] Stealth Rock\n|-ability|p2a: Golduck|Cloud Nine\n|turn|10\n|inactive|Time left: 300 sec this turn | 300 sec total\n|\n|t:|1783563105\n|switch|p1a: Okidogi|Okidogi, L77, M|100/100\n|move|p2a: Golduck|Hydro Pump|p1a: Okidogi\n|-damage|p1a: Okidogi|66/100\n|\n|-heal|p2a: Golduck|272/290|[from] item: Leftovers\n|upkeep\n|turn|11\n|inactive|Time left: 300 sec this turn | 300 sec total\n|\n|t:|1783563106\n|move|p2a: Golduck|Nasty Plot|p2a: Golduck\n|-boost|p2a: Golduck|spa|2\n|move|p1a: Okidogi|Drain Punch|p2a: Golduck\n|-damage|p2a: Golduck|190/290\n|-heal|p1a: Okidogi|81/100|[from] drain|[of] p2a: Golduck\n|-status|p2a: Golduck|tox|[from] ability: Toxic Chain|[of] p1a: Okidogi\n|\n|-heal|p2a: Golduck|208/290 tox|[from] item: Leftovers\n|-damage|p2a: Golduck|190/290 tox|[from] psn\n|upkeep\n|turn|12\n|inactive|Time left: 300 sec this turn | 300 sec total\n|\n|t:|1783563107\n|-terastallize|p2a: Golduck|Water\n|move|p2a: Golduck|Hydro Pump|p1a: Okidogi\n|-damage|p1a: Okidogi|0 fnt\n|faint|p1a: Okidogi\n|\n|-heal|p2a: Golduck|208/290 tox|[from] item: Leftovers\n|-damage|p2a: Golduck|172/290 tox|[from] psn\n|upkeep\n|\n|t:|1783563108\n|switch|p1a: Luxray|Luxray, L88, M, tera:Fairy|11/100\n|-ability|p1a: Luxray|Intimidate|boost\n|-unboost|p2a: Golduck|atk|1\n|turn|13\n|inactive|Time left: 300 sec this turn | 300 sec total\n|\n|t:|1783563109\n|switch|p1a: Reshiram|Reshiram, L76|100/100\n|-ability|p1a: Reshiram|Turboblaze\n|move|p2a: Golduck|Grass Knot|p1a: Reshiram\n|-resisted|p1a: Reshiram\n|-damage|p1a: Reshiram|85/100\n|\n|-heal|p2a: Golduck|190/290 tox|[from] item: Leftovers\n|-damage|p2a: Golduck|136/290 tox|[from] psn\n|upkeep\n|turn|14\n|inactive|Time left: 300 sec this turn | 300 sec total\n|\n|t:|1783563110\n|switch|p1a: Luxray|Luxray, L88, M, tera:Fairy|11/100\n|-ability|p1a: Luxray|Intimidate|boost\n|-unboost|p2a: Golduck|atk|1\n|move|p2a: Golduck|Hydro Pump|p1a: Luxray\n|-damage|p1a: Luxray|0 fnt\n|faint|p1a: Luxray\n|\n|-heal|p2a: Golduck|154/290 tox|[from] item: Leftovers\n|-damage|p2a: Golduck|82/290 tox|[from] psn\n|upkeep\n|\n|t:|1783563111\n|switch|p1a: Rayquaza|Rayquaza, L72|100/100\n|-ability|p1a: Rayquaza|Air Lock\n|turn|15\n|inactive|Time left: 300 sec this turn | 300 sec total\n|\n|t:|1783563112\n|switch|p1a: Reshiram|Reshiram, L76|85/100\n|-ability|p1a: Reshiram|Turboblaze\n|move|p2a: Golduck|Hydro Pump|p1a: Reshiram|[miss]\n|-miss|p2a: Golduck|p1a: Reshiram\n|\n|-heal|p2a: Golduck|100/290 tox|[from] item: Leftovers\n|-damage|p2a: Golduck|10/290 tox|[from] psn\n|upkeep\n|turn|16\n|inactive|Time left: 300 sec this turn | 300 sec total\n|\n|t:|1783563113\n|switch|p1a: Ting-Lu|Ting-Lu, L78|62/100\n|-ability|p1a: Ting-Lu|Vessel of Ruin\n|move|p2a: Golduck|Hydro Pump|p1a: Ting-Lu\n|-supereffective|p1a: Ting-Lu\n|-damage|p1a: Ting-Lu|0 fnt\n|faint|p1a: Ting-Lu\n|\n|-heal|p2a: Golduck|28/290 tox|[from] item: Leftovers\n|-damage|p2a: Golduck|0 fnt|[from] psn\n|faint|p2a: Golduck\n|upkeep\n|inactive|Time left: 300 sec this turn | 300 sec total | 5 sec grace\n|\n|t:|1783563114\n|switch|p2a: Mewtwo|Mewtwo, L72|272/272\n|switch|p1a: Reshiram|Reshiram, L76|85/100\n|-damage|p2a: Mewtwo|238/272|[from] Stealth Rock\n|-ability|p2a: Mewtwo|Pressure\n|-ability|p1a: Reshiram|Turboblaze\n|turn|17\n|inactive|Time left: 300 sec this turn | 300 sec total\n|\n|t:|1783563115\n|move|p2a: Mewtwo|Nasty Plot|p2a: Mewtwo\n|-boost|p2a: Mewtwo|spa|2\n|move|p1a: Reshiram|Blue Flare|p2a: Mewtwo\n|-damage|p2a: Mewtwo|66/272\n|\n|upkeep\n|turn|18\n|inactive|Time left: 300 sec this turn | 300 sec total\n|\n|t:|1783563117\n|move|p2a: Mewtwo|Psystrike|p1a: Reshiram\n|-damage|p1a: Reshiram|0 fnt\n|faint|p1a: Reshiram\n|-damage|p2a: Mewtwo|39/272|[from] item: Life Orb\n|\n|upkeep\n|\n|t:|1783563118\n|switch|p1a: Hariyama|Hariyama, L87, M|38/100 brn\n|turn|19\n|inactive|Time left: 300 sec this turn | 300 sec total\n|\n|t:|1783563119\n|move|p1a: Hariyama|Bullet Punch|p2a: Mewtwo\n|-damage|p2a: Mewtwo|0 fnt\n|faint|p2a: Mewtwo\n|\n|-damage|p1a: Hariyama|32/100 brn|[from] brn\n|upkeep\n|inactive|Time left: 300 sec this turn | 300 sec total | 5 sec grace\n|\n|t:|1783563120\n|switch|p2a: Wyrdeer|Wyrdeer, L87, F|258/321\n|-damage|p2a: Wyrdeer|218/321|[from] Stealth Rock\n|-ability|p2a: Wyrdeer|Intimidate|boost\n|-unboost|p1a: Hariyama|atk|1\n|turn|20\n|inactive|Time left: 300 sec this turn | 300 sec total\n|\n|t:|1783563120\n|switch|p1a: Rayquaza|Rayquaza, L72|100/100\n|-ability|p1a: Rayquaza|Air Lock\n|move|p2a: Wyrdeer|Body Slam|p1a: Rayquaza\n|-damage|p1a: Rayquaza|60/100\n|\n|upkeep\n|turn|21\n|inactive|Time left: 300 sec this turn | 300 sec total\n|\n|t:|1783563121\n|move|p1a: Rayquaza|Dragon Dance|p1a: Rayquaza\n|-boost|p1a: Rayquaza|atk|1\n|-boost|p1a: Rayquaza|spe|1\n|move|p2a: Wyrdeer|Body Slam|p1a: Rayquaza\n|-damage|p1a: Rayquaza|15/100\n|\n|upkeep\n|turn|22\n|inactive|Time left: 300 sec this turn | 300 sec total\n|\n|t:|1783563123\n|move|p1a: Rayquaza|Outrage|p2a: Wyrdeer\n|-damage|p2a: Wyrdeer|7/321\n|move|p2a: Wyrdeer|Psychic Noise|p1a: Rayquaza\n|-damage|p1a: Rayquaza|0 fnt\n|faint|p1a: Rayquaza\n|\n|upkeep\n|\n|t:|1783563124\n|switch|p1a: Hariyama|Hariyama, L87, M|32/100 brn\n|turn|23\n|inactive|Time left: 300 sec this turn | 300 sec total\n|\n|t:|1783563125\n|move|p1a: Hariyama|Bullet Punch|p2a: Wyrdeer\n|-crit|p2a: Wyrdeer\n|-damage|p2a: Wyrdeer|0 fnt\n|faint|p2a: Wyrdeer\n|\n|-damage|p1a: Hariyama|25/100 brn|[from] brn\n|upkeep\n|inactive|Time left: 300 sec this turn | 300 sec total | 5 sec grace\n|\n|t:|1783563126\n|switch|p2a: Vespiquen|Vespiquen, L99, F|299/299\n|-ability|p2a: Vespiquen|Pressure\n|turn|24\n|inactive|Time left: 300 sec this turn | 300 sec total\n|\n|t:|1783563126\n|move|p1a: Hariyama|Knock Off|p2a: Vespiquen\n|-damage|p2a: Vespiquen|198/299\n|-enditem|p2a: Vespiquen|Heavy-Duty Boots|[from] move: Knock Off|[of] p1a: Hariyama\n|move|p2a: Vespiquen|Air Slash|p1a: Hariyama\n|-supereffective|p1a: Hariyama\n|-damage|p1a: Hariyama|0 fnt\n|faint|p1a: Hariyama\n|\n|win|p0y19960b36", "uploadtime": 1783563126, "views": 0, "rating": 0, "private": 0, "password": null, "_winner": "p0y19960b36", "_our_name": "p0y19960b36"}