{"id": "battle-gen9randombattle-122", "formatid": "gen9randombattle", "format": "[Gen 9] Random Battle", "players": ["p0x1228584", "p0y122cd42"], "log": "|init|battle\n|title|p0x1228584 vs. p0y122cd42\n|j|\u2606p0x1228584\n|j|\u2606p0y122cd42\n|t:|1783534683\n|gametype|singles\n|player|p1|p0x1228584|1|\n|player|p2|p0y122cd42|266|\n|gen|9\n|tier|[Gen 9] Random Battle\n|rule|Species Clause: Limit one of each Pok\u00e9mon\n|rule|HP Percentage Mod: HP is shown in percentages\n|rule|Sleep Clause Mod: Limit one foe put to sleep\n|rule|Illusion Level Mod: Illusion disguises the Pok\u00e9mon's true level\n|\n|t:|1783534683\n|teamsize|p1|6\n|teamsize|p2|6\n|start\n|switch|p1a: Meowscarada|Meowscarada, L78, F|247/247\n|switch|p2a: Oricorio|Oricorio, L84, F|100/100\n|turn|1\n|inactive|Battle timer is ON: inactive players will automatically lose when time's up. (requested by p0x1228584)\n|inactive|p0y122cd42 also wants the timer to be on.\n|\n|t:|1783534684\n|switch|p1a: Incineroar|Incineroar, L82, F|290/290\n|-ability|p1a: Incineroar|Intimidate|boost\n|-unboost|p2a: Oricorio|atk|1\n|move|p2a: Oricorio|Quiver Dance|p2a: Oricorio\n|-boost|p2a: Oricorio|spa|1\n|-boost|p2a: Oricorio|spd|1\n|-boost|p2a: Oricorio|spe|1\n|\n|upkeep\n|turn|2\n|inactive|Time left: 300 sec this turn | 300 sec total\n|\n|t:|1783534685\n|move|p2a: Oricorio|Hurricane|p1a: Incineroar\n|-damage|p1a: Incineroar|164/290\n|move|p1a: Incineroar|Knock Off|p2a: Oricorio\n|-damage|p2a: Oricorio|54/100\n|-enditem|p2a: Oricorio|Heavy-Duty Boots|[from] move: Knock Off|[of] p1a: Incineroar\n|\n|upkeep\n|turn|3\n|inactive|Time left: 300 sec this turn | 300 sec total\n|\n|t:|1783534686\n|move|p2a: Oricorio|Hurricane|p1a: Incineroar|[miss]\n|-miss|p2a: Oricorio|p1a: Incineroar\n|move|p1a: Incineroar|Knock Off|p2a: Oricorio\n|-damage|p2a: Oricorio|20/100\n|\n|upkeep\n|turn|4\n|inactive|Time left: 300 sec this turn | 300 sec total\n|\n|t:|1783534687\n|move|p2a: Oricorio|Roost|p2a: Oricorio\n|-heal|p2a: Oricorio|70/100\n|-singleturn|p2a: Oricorio|move: Roost\n|move|p1a: Incineroar|Knock Off|p2a: Oricorio\n|-damage|p2a: Oricorio|34/100\n|\n|upkeep\n|turn|5\n|inactive|Time left: 300 sec this turn | 300 sec total\n|\n|t:|1783534688\n|move|p2a: Oricorio|Hurricane|p1a: Incineroar|[miss]\n|-miss|p2a: Oricorio|p1a: Incineroar\n|move|p1a: Incineroar|Knock Off|p2a: Oricorio\n|-damage|p2a: Oricorio|2/100\n|\n|upkeep\n|turn|6\n|inactive|Time left: 300 sec this turn | 300 sec total\n|\n|t:|1783534689\n|move|p2a: Oricorio|Hurricane|p1a: Incineroar\n|-damage|p1a: Incineroar|55/290\n|move|p1a: Incineroar|Knock Off|p2a: Oricorio\n|-crit|p2a: Oricorio\n|-damage|p2a: Oricorio|0 fnt\n|faint|p2a: Oricorio\n|\n|upkeep\n|\n|t:|1783534690\n|switch|p2a: Blastoise|Blastoise, L80, F|100/100\n|turn|7\n|inactive|Time left: 300 sec this turn | 300 sec total\n|\n|t:|1783534691\n|switch|p1a: Tauros|Tauros-Paldea-Blaze, L81, M|254/254\n|-ability|p1a: Tauros|Intimidate|boost\n|-unboost|p2a: Blastoise|atk|1\n|-enditem|p2a: Blastoise|White Herb\n|-clearnegativeboost|p2a: Blastoise|[silent]\n|move|p2a: Blastoise|Shell Smash|p2a: Blastoise\n|-unboost|p2a: Blastoise|def|1\n|-unboost|p2a: Blastoise|spd|1\n|-boost|p2a: Blastoise|atk|2\n|-boost|p2a: Blastoise|spa|2\n|-boost|p2a: Blastoise|spe|2\n|\n|upkeep\n|turn|8\n|inactive|Time left: 300 sec this turn | 300 sec total\n|\n|t:|1783534693\n|-terastallize|p1a: Tauros|Fighting\n|move|p2a: Blastoise|Hydro Pump|p1a: Tauros\n|-damage|p1a: Tauros|7/254\n|move|p1a: Tauros|Close Combat|p2a: Blastoise\n|-damage|p2a: Blastoise|0 fnt\n|-unboost|p1a: Tauros|def|1\n|-unboost|p1a: Tauros|spd|1\n|faint|p2a: Blastoise\n|\n|upkeep\n|\n|t:|1783534694\n|switch|p2a: Spiritomb|Spiritomb, L89, F|100/100\n|turn|9\n|inactive|Time left: 300 sec this turn | 300 sec total\n|\n|t:|1783534695\n|switch|p1a: Incineroar|Incineroar, L82, F|55/290\n|-ability|p1a: Incineroar|Intimidate|boost\n|-unboost|p2a: Spiritomb|atk|1\n|move|p2a: Spiritomb|Foul Play|p1a: Incineroar\n|-resisted|p1a: Incineroar\n|-damage|p1a: Incineroar|0 fnt\n|faint|p1a: Incineroar\n|\n|upkeep\n|inactive|Time left: 300 sec this turn | 300 sec total | 5 sec grace\n|\n|t:|1783534696\n|switch|p1a: Enamorus|Enamorus-Therian, L83, F|259/259\n|turn|10\n|inactive|Time left: 300 sec this turn | 300 sec total\n|\n|t:|1783534697\n|switch|p2a: Perrserker|Perrserker, L89, F|100/100\n|move|p1a: Enamorus|Moonblast|p2a: Perrserker\n|-resisted|p2a: Perrserker\n|-damage|p2a: Perrserker|69/100\n|-unboost|p2a: Perrserker|spa|1\n|\n|upkeep\n|turn|11\n|inactive|Time left: 300 sec this turn | 300 sec total\n|\n|t:|1783534698\n|switch|p1a: Tauros|Tauros-Paldea-Blaze, L81, M, tera:Fighting|7/254\n|-ability|p1a: Tauros|Intimidate|boost\n|-unboost|p2a: Perrserker|atk|1\n|move|p2a: Perrserker|Iron Head|p1a: Tauros\n|-damage|p1a: Tauros|0 fnt\n|faint|p1a: Tauros\n|-damage|p2a: Perrserker|59/100|[from] item: Life Orb\n|\n|upkeep\n|inactive|Time left: 300 sec this turn | 300 sec total | 5 sec grace\n|\n|t:|1783534699\n|switch|p1a: Enamorus|Enamorus-Therian, L83, F|259/259\n|turn|12\n|inactive|Time left: 300 sec this turn | 300 sec total\n|\n|t:|1783534700\n|move|p2a: Perrserker|Iron Head|p1a: Enamorus\n|-supereffective|p1a: Enamorus\n|-crit|p1a: Enamorus\n|-damage|p1a: Enamorus|0 fnt\n|faint|p1a: Enamorus\n|-damage|p2a: Perrserker|50/100|[from] item: Life Orb\n|\n|upkeep\n|inactive|Time left: 300 sec this turn | 300 sec total | 5 sec grace\n|\n|t:|1783534701\n|switch|p1a: Sandslash|Sandslash, L89, F|278/278\n|turn|13\n|inactive|Time left: 300 sec this turn | 300 sec total\n|\n|t:|1783534702\n|switch|p2a: Spiritomb|Spiritomb, L89, F|100/100\n|move|p1a: Sandslash|Earthquake|p2a: Spiritomb\n|-damage|p2a: Spiritomb|58/100\n|\n|-heal|p2a: Spiritomb|64/100|[from] item: Leftovers\n|upkeep\n|turn|14\n|inactive|Time left: 300 sec this turn | 300 sec total\n|\n|t:|1783534704\n|move|p1a: Sandslash|Earthquake|p2a: Spiritomb\n|-damage|p2a: Spiritomb|21/100\n|move|p2a: Spiritomb|Will-O-Wisp|p1a: Sandslash\n|-status|p1a: Sandslash|brn\n|\n|-heal|p2a: Spiritomb|27/100|[from] item: Leftovers\n|-damage|p1a: Sandslash|261/278 brn|[from] brn\n|upkeep\n|turn|15\n|inactive|Time left: 300 sec this turn | 300 sec total\n|\n|t:|1783534705\n|move|p1a: Sandslash|Knock Off|p2a: Spiritomb\n|-damage|p2a: Spiritomb|12/100\n|-enditem|p2a: Spiritomb|Leftovers|[from] move: Knock Off|[of] p1a: Sandslash\n|move|p2a: Spiritomb|Pain Split|p1a: Sandslash\n|-sethp|p1a: Sandslash|144/278 brn|[from] move: Pain Split|[silent]\n|-sethp|p2a: Spiritomb|62/100|[from] move: Pain Split\n|\n|-damage|p1a: Sandslash|127/278 brn|[from] brn\n|upkeep\n|turn|16\n|inactive|Time left: 300 sec this turn | 300 sec total\n|\n|t:|1783534706\n|move|p1a: Sandslash|Earthquake|p2a: Spiritomb\n|-damage|p2a: Spiritomb|40/100\n|move|p2a: Spiritomb|Poltergeist|p1a: Sandslash\n|-activate|p1a: Sandslash|move: Poltergeist|Assault Vest\n|-damage|p1a: Sandslash|27/278 brn\n|\n|-damage|p1a: Sandslash|10/278 brn|[from] brn\n|upkeep\n|turn|17\n|inactive|Time left: 300 sec this turn | 300 sec total\n|\n|t:|1783534707\n|switch|p2a: Iron Hands|Iron Hands, L79|100/100\n|move|p1a: Sandslash|Earthquake|p2a: Iron Hands\n|-supereffective|p2a: Iron Hands\n|-damage|p2a: Iron Hands|71/100\n|\n|-damage|p1a: Sandslash|0 fnt|[from] brn\n|faint|p1a: Sandslash\n|upkeep\n|inactive|Time left: 300 sec this turn | 300 sec total | 5 sec grace\n|\n|t:|1783534708\n|switch|p1a: Meowscarada|Meowscarada, L78, F|247/247\n|turn|18\n|inactive|Time left: 300 sec this turn | 300 sec total\n|\n|t:|1783534709\n|move|p1a: Meowscarada|Toxic Spikes|p2a: Iron Hands\n|-start|p1a: Meowscarada|typechange|Poison|[from] ability: Protean\n|-sidestart|p2: p0y122cd42|move: Toxic Spikes\n|move|p2a: Iron Hands|Drain Punch|p1a: Meowscarada\n|-resisted|p1a: Meowscarada\n|-damage|p1a: Meowscarada|185/247\n|-heal|p2a: Iron Hands|79/100|[from] drain|[of] p1a: Meowscarada\n|\n|upkeep\n|turn|19\n|inactive|Time left: 300 sec this turn | 300 sec total\n|\n|t:|1783534710\n|move|p1a: Meowscarada|Toxic Spikes|p2a: Iron Hands\n|-sidestart|p2: p0y122cd42|move: Toxic Spikes\n|move|p2a: Iron Hands|Thunder Punch|p1a: Meowscarada\n|-damage|p1a: Meowscarada|62/247\n|\n|upkeep\n|turn|20\n|inactive|Time left: 300 sec this turn | 300 sec total\n|\n|t:|1783534711\n|move|p1a: Meowscarada|Flower Trick|p2a: Iron Hands\n|-crit|p2a: Iron Hands\n|-damage|p2a: Iron Hands|61/100\n|move|p2a: Iron Hands|Thunder Punch|p1a: Meowscarada\n|-damage|p1a: Meowscarada|0 fnt\n|faint|p1a: Meowscarada\n|\n|upkeep\n|inactive|Time left: 300 sec this turn | 300 sec total | 5 sec grace\n|\n|t:|1783534712\n|switch|p1a: Scizor|Scizor, L79, F|240/240\n|turn|21\n|inactive|Time left: 300 sec this turn | 300 sec total\n|\n|t:|1783534713\n|-terastallize|p2a: Iron Hands|Fighting\n|move|p1a: Scizor|Bullet Punch|p2a: Iron Hands\n|-damage|p2a: Iron Hands|37/100\n|move|p2a: Iron Hands|Drain Punch|p1a: Scizor\n|-damage|p1a: Scizor|112/240\n|-heal|p2a: Iron Hands|54/100|[from] drain|[of] p1a: Scizor\n|\n|upkeep\n|turn|22\n|inactive|Time left: 300 sec this turn | 300 sec total\n|\n|t:|1783534715\n|move|p1a: Scizor|Bullet Punch|p2a: Iron Hands\n|-damage|p2a: Iron Hands|28/100\n|move|p2a: Iron Hands|Drain Punch|p1a: Scizor\n|-damage|p1a: Scizor|0 fnt\n|-heal|p2a: Iron Hands|43/100|[from] drain|[of] p1a: Scizor\n|faint|p1a: Scizor\n|\n|win|p0y122cd42", "uploadtime": 1783534715, "views": 0, "rating": 0, "private": 0, "password": null, "_winner": "p0y122cd42", "_our_name": "p0x1228584"}