{"id": "battle-gen9randombattle-614", "formatid": "gen9randombattle", "format": "[Gen 9] Random Battle", "players": ["p0x61401c3", "p0y614b2ae"], "log": "|init|battle\n|title|p0x61401c3 vs. p0y614b2ae\n|j|\u2606p0x61401c3\n|j|\u2606p0y614b2ae\n|t:|1783546219\n|gametype|singles\n|player|p1|p0x61401c3|170|\n|player|p2|p0y614b2ae|266|\n|gen|9\n|tier|[Gen 9] Random Battle\n|rule|Species Clause: Limit one of each Pok\u00e9mon\n|rule|HP Percentage Mod: HP is shown in percentages\n|rule|Sleep Clause Mod: Limit one foe put to sleep\n|rule|Illusion Level Mod: Illusion disguises the Pok\u00e9mon's true level\n|\n|t:|1783546219\n|teamsize|p1|6\n|teamsize|p2|6\n|start\n|switch|p1a: Garganacl|Garganacl, L80, M|291/291\n|switch|p2a: Kyogre|Kyogre, L71|100/100\n|-weather|RainDance|[from] ability: Drizzle|[of] p2a: Kyogre\n|turn|1\n|inactive|Battle timer is ON: inactive players will automatically lose when time's up. (requested by p0y614b2ae)\n|inactive|Time left: 300 sec this turn | 300 sec total | 60 sec grace\n|inactive|p0x61401c3 also wants the timer to be on.\n|\n|t:|1783546220\n|switch|p1a: Luxray|Luxray, L88, M|283/283\n|move|p2a: Kyogre|Water Spout|p1a: Luxray\n|-damage|p1a: Luxray|25/283\n|\n|-weather|RainDance|[upkeep]\n|-status|p1a: Luxray|brn|[from] item: Flame Orb\n|upkeep\n|turn|2\n|inactive|Time left: 300 sec this turn | 300 sec total\n|\n|t:|1783546222\n|move|p2a: Kyogre|Water Spout|p1a: Luxray\n|-damage|p1a: Luxray|0 fnt\n|faint|p1a: Luxray\n|\n|-weather|RainDance|[upkeep]\n|upkeep\n|inactive|Time left: 300 sec this turn | 300 sec total | 5 sec grace\n|\n|t:|1783546222\n|switch|p1a: Garganacl|Garganacl, L80, M|291/291\n|turn|3\n|inactive|Time left: 300 sec this turn | 300 sec total\n|\n|t:|1783546224\n|-terastallize|p1a: Garganacl|Dragon\n|move|p2a: Kyogre|Water Spout|p1a: Garganacl\n|-resisted|p1a: Garganacl\n|-damage|p1a: Garganacl|160/291\n|move|p1a: Garganacl|Salt Cure|p2a: Kyogre\n|-damage|p2a: Kyogre|82/100\n|-start|p2a: Kyogre|Salt Cure\n|\n|-weather|RainDance|[upkeep]\n|-heal|p1a: Garganacl|178/291|[from] item: Leftovers\n|-damage|p2a: Kyogre|57/100|[from] Salt Cure\n|upkeep\n|turn|4\n|inactive|Time left: 300 sec this turn | 300 sec total\n|\n|t:|1783546225\n|switch|p2a: Rhydon|Rhydon, L85, M|100/100\n|move|p1a: Garganacl|Salt Cure|p2a: Rhydon\n|-resisted|p2a: Rhydon\n|-damage|p2a: Rhydon|97/100\n|-start|p2a: Rhydon|Salt Cure\n|\n|-weather|RainDance|[upkeep]\n|-heal|p1a: Garganacl|196/291|[from] item: Leftovers\n|-damage|p2a: Rhydon|85/100|[from] Salt Cure\n|upkeep\n|turn|5\n|inactive|Time left: 300 sec this turn | 300 sec total\n|\n|t:|1783546226\n|move|p2a: Rhydon|Stealth Rock|p1a: Garganacl\n|-sidestart|p1: p0x61401c3|move: Stealth Rock\n|move|p1a: Garganacl|Recover|p1a: Garganacl\n|-heal|p1a: Garganacl|291/291\n|\n|-weather|none\n|-damage|p2a: Rhydon|73/100|[from] Salt Cure\n|upkeep\n|turn|6\n|inactive|Time left: 300 sec this turn | 300 sec total\n|\n|t:|1783546227\n|switch|p2a: Vileplume|Vileplume, L85, F|100/100\n|move|p1a: Garganacl|Salt Cure|p2a: Vileplume\n|-damage|p2a: Vileplume|84/100\n|-start|p2a: Vileplume|Salt Cure\n|\n|-heal|p2a: Vileplume|90/100|[from] item: Leftovers\n|-damage|p2a: Vileplume|78/100|[from] Salt Cure\n|upkeep\n|turn|7\n|inactive|Time left: 300 sec this turn | 300 sec total\n|\n|t:|1783546228\n|move|p2a: Vileplume|Strength Sap|p1a: Garganacl\n|-unboost|p1a: Garganacl|atk|1\n|-heal|p2a: Vileplume|100/100\n|move|p1a: Garganacl|Earthquake|p2a: Vileplume\n|-damage|p2a: Vileplume|84/100\n|\n|-heal|p2a: Vileplume|90/100|[from] item: Leftovers\n|-damage|p2a: Vileplume|77/100|[from] Salt Cure\n|upkeep\n|turn|8\n|inactive|Time left: 300 sec this turn | 300 sec total\n|\n|t:|1783546229\n|switch|p1a: Drifblim|Drifblim, L86, M|398/398\n|move|p2a: Vileplume|Giga Drain|p1a: Drifblim\n|-resisted|p1a: Drifblim\n|-damage|p1a: Drifblim|334/398\n|-heal|p2a: Vileplume|89/100|[from] drain|[of] p1a: Drifblim\n|\n|-heal|p2a: Vileplume|95/100|[from] item: Leftovers\n|-damage|p2a: Vileplume|83/100|[from] Salt Cure\n|upkeep\n|turn|9\n|inactive|Time left: 300 sec this turn | 300 sec total\n|\n|t:|1783546231\n|move|p1a: Drifblim|Air Slash|p2a: Vileplume\n|-supereffective|p2a: Vileplume\n|-damage|p2a: Vileplume|29/100\n|move|p2a: Vileplume|Strength Sap|p1a: Drifblim\n|-unboost|p1a: Drifblim|atk|1\n|-heal|p2a: Vileplume|82/100\n|\n|-heal|p2a: Vileplume|88/100|[from] item: Leftovers\n|-damage|p2a: Vileplume|76/100|[from] Salt Cure\n|upkeep\n|turn|10\n|inactive|Time left: 300 sec this turn | 300 sec total\n|\n|t:|1783546232\n|move|p1a: Drifblim|Air Slash|p2a: Vileplume\n|-supereffective|p2a: Vileplume\n|-damage|p2a: Vileplume|16/100\n|move|p2a: Vileplume|Strength Sap|p1a: Drifblim\n|-unboost|p1a: Drifblim|atk|1\n|-heal|p2a: Vileplume|52/100\n|\n|-heal|p2a: Vileplume|58/100|[from] item: Leftovers\n|-damage|p2a: Vileplume|45/100|[from] Salt Cure\n|upkeep\n|turn|11\n|inactive|Time left: 300 sec this turn | 300 sec total\n|\n|t:|1783546233\n|move|p1a: Drifblim|Air Slash|p2a: Vileplume\n|-supereffective|p2a: Vileplume\n|-damage|p2a: Vileplume|0 fnt\n|faint|p2a: Vileplume\n|\n|upkeep\n|\n|t:|1783546234\n|switch|p2a: Spectrier|Spectrier, L75|100/100\n|turn|12\n|inactive|Time left: 300 sec this turn | 300 sec total\n|\n|t:|1783546235\n|move|p2a: Spectrier|Nasty Plot|p2a: Spectrier\n|-boost|p2a: Spectrier|spa|2\n|move|p1a: Drifblim|Shadow Ball|p2a: Spectrier\n|-supereffective|p2a: Spectrier\n|-damage|p2a: Spectrier|23/100\n|\n|upkeep\n|turn|13\n|inactive|Time left: 300 sec this turn | 300 sec total\n|\n|t:|1783546236\n|switch|p1a: Cinccino|Cinccino, L83, M|260/260\n|-damage|p1a: Cinccino|228/260|[from] Stealth Rock\n|move|p2a: Spectrier|Shadow Ball|p1a: Cinccino\n|-immune|p1a: Cinccino\n|\n|upkeep\n|turn|14\n|inactive|Time left: 300 sec this turn | 300 sec total\n|\n|t:|1783546237\n|-terastallize|p2a: Spectrier|Fairy\n|move|p2a: Spectrier|Draining Kiss|p1a: Cinccino\n|-damage|p1a: Cinccino|0 fnt\n|-heal|p2a: Spectrier|86/100|[from] drain|[of] p1a: Cinccino\n|faint|p1a: Cinccino\n|-ability|p2a: Spectrier|Grim Neigh|boost\n|-boost|p2a: Spectrier|spa|1\n|-damage|p2a: Spectrier|76/100|[from] item: Life Orb\n|\n|upkeep\n|inactive|Time left: 300 sec this turn | 300 sec total | 5 sec grace\n|\n|t:|1783546238\n|switch|p1a: Reshiram|Reshiram, L76|277/277\n|-ability|p1a: Reshiram|Turboblaze\n|turn|15\n|inactive|Time left: 300 sec this turn | 300 sec total\n|\n|t:|1783546239\n|move|p2a: Spectrier|Draining Kiss|p1a: Reshiram\n|-damage|p1a: Reshiram|89/277\n|-heal|p2a: Spectrier|100/100|[from] drain|[of] p1a: Reshiram\n|-damage|p2a: Spectrier|91/100|[from] item: Life Orb\n|move|p1a: Reshiram|Blue Flare|p2a: Spectrier\n|-damage|p2a: Spectrier|26/100\n|\n|upkeep\n|turn|16\n|inactive|Time left: 300 sec this turn | 300 sec total\n|\n|t:|1783546240\n|move|p2a: Spectrier|Draining Kiss|p1a: Reshiram\n|-damage|p1a: Reshiram|0 fnt\n|-heal|p2a: Spectrier|50/100|[from] drain|[of] p1a: Reshiram\n|faint|p1a: Reshiram\n|-ability|p2a: Spectrier|Grim Neigh|boost\n|-boost|p2a: Spectrier|spa|1\n|-damage|p2a: Spectrier|41/100|[from] item: Life Orb\n|\n|upkeep\n|inactive|Time left: 300 sec this turn | 300 sec total | 5 sec grace\n|\n|t:|1783546241\n|switch|p1a: Garganacl|Garganacl, L80, M, tera:Dragon|291/291\n|-damage|p1a: Garganacl|255/291|[from] Stealth Rock\n|turn|17\n|inactive|Time left: 300 sec this turn | 300 sec total\n|\n|t:|1783546242\n|move|p1a: Garganacl|Protect|p1a: Garganacl\n|-singleturn|p1a: Garganacl|Protect\n|move|p2a: Spectrier|Draining Kiss|p1a: Garganacl\n|-activate|p1a: Garganacl|move: Protect\n|\n|-heal|p1a: Garganacl|273/291|[from] item: Leftovers\n|upkeep\n|turn|18\n|inactive|Time left: 300 sec this turn | 300 sec total\n|\n|t:|1783546243\n|move|p1a: Garganacl|Protect||[still]\n|-fail|p1a: Garganacl\n|move|p2a: Spectrier|Draining Kiss|p1a: Garganacl\n|-supereffective|p1a: Garganacl\n|-damage|p1a: Garganacl|0 fnt\n|-heal|p2a: Spectrier|100/100|[from] drain|[of] p1a: Garganacl\n|faint|p1a: Garganacl\n|-ability|p2a: Spectrier|Grim Neigh|boost\n|-boost|p2a: Spectrier|spa|1\n|-damage|p2a: Spectrier|91/100|[from] item: Life Orb\n|\n|upkeep\n|inactive|Time left: 300 sec this turn | 300 sec total | 5 sec grace\n|\n|t:|1783546244\n|switch|p1a: Drifblim|Drifblim, L86, M|334/398\n|turn|19\n|inactive|Time left: 300 sec this turn | 300 sec total\n|\n|t:|1783546245\n|move|p2a: Spectrier|Draining Kiss|p1a: Drifblim\n|-damage|p1a: Drifblim|0 fnt\n|-heal|p2a: Spectrier|100/100|[from] drain|[of] p1a: Drifblim\n|-damage|p2a: Spectrier|76/100|[from] ability: Aftermath|[of] p1a: Drifblim\n|faint|p1a: Drifblim\n|-ability|p2a: Spectrier|Grim Neigh|boost\n|-boost|p2a: Spectrier|spa|1\n|-damage|p2a: Spectrier|66/100|[from] item: Life Orb\n|\n|upkeep\n|inactive|Time left: 300 sec this turn | 300 sec total | 5 sec grace\n|\n|t:|1783546246\n|switch|p1a: Espathra|Espathra, L80, M|283/283\n|-damage|p1a: Espathra|248/283|[from] Stealth Rock\n|turn|20\n|inactive|Time left: 300 sec this turn | 300 sec total\n|\n|t:|1783546247\n|move|p2a: Spectrier|Draining Kiss|p1a: Espathra\n|-damage|p1a: Espathra|0 fnt\n|-heal|p2a: Spectrier|100/100|[from] drain|[of] p1a: Espathra\n|faint|p1a: Espathra\n|-damage|p2a: Spectrier|91/100|[from] item: Life Orb\n|\n|win|p0y614b2ae", "uploadtime": 1783546247, "views": 0, "rating": 0, "private": 0, "password": null, "_winner": "p0y614b2ae", "_our_name": "p0x61401c3"}