{"id": "battle-gen9randombattle-2710", "formatid": "gen9randombattle", "format": "[Gen 9] Random Battle", "players": ["p0x2710e9e6", "p0y27106f26"], "log": "|init|battle\n|title|p0x2710e9e6 vs. p0y27106f26\n|j|\u2606p0x2710e9e6\n|j|\u2606p0y27106f26\n|t:|1783571231\n|gametype|singles\n|player|p1|p0x2710e9e6|169|\n|player|p2|p0y27106f26|2|\n|gen|9\n|tier|[Gen 9] Random Battle\n|rule|Species Clause: Limit one of each Pok\u00e9mon\n|rule|HP Percentage Mod: HP is shown in percentages\n|rule|Sleep Clause Mod: Limit one foe put to sleep\n|rule|Illusion Level Mod: Illusion disguises the Pok\u00e9mon's true level\n|\n|t:|1783571231\n|teamsize|p1|6\n|teamsize|p2|6\n|start\n|switch|p1a: Kommo-o|Kommo-o, L77, F|100/100\n|switch|p2a: Kyogre|Kyogre, L71|259/259\n|-weather|RainDance|[from] ability: Drizzle|[of] p2a: Kyogre\n|turn|1\n|inactive|Battle timer is ON: inactive players will automatically lose when time's up. (requested by p0y27106f26)\n|inactive|p0x2710e9e6 also wants the timer to be on.\n|\n|t:|1783571233\n|move|p2a: Kyogre|Water Spout|p1a: Kommo-o\n|-resisted|p1a: Kommo-o\n|-damage|p1a: Kommo-o|51/100\n|move|p1a: Kommo-o|Clangorous Soul|p1a: Kommo-o\n|-boost|p1a: Kommo-o|atk|1\n|-boost|p1a: Kommo-o|def|1\n|-boost|p1a: Kommo-o|spa|1\n|-boost|p1a: Kommo-o|spd|1\n|-boost|p1a: Kommo-o|spe|1\n|-damage|p1a: Kommo-o|19/100\n|-enditem|p1a: Kommo-o|Throat Spray\n|-boost|p1a: Kommo-o|spa|1|[from] item: Throat Spray\n|\n|-weather|RainDance|[upkeep]\n|upkeep\n|turn|2\n|inactive|Time left: 300 sec this turn | 300 sec total\n|\n|t:|1783571234\n|switch|p2a: Dondozo|Dondozo, L78, M|362/362\n|move|p1a: Kommo-o|Drain Punch|p2a: Dondozo\n|-damage|p2a: Dondozo|295/362\n|-heal|p1a: Kommo-o|33/100|[from] drain|[of] p2a: Dondozo\n|\n|-weather|RainDance|[upkeep]\n|-heal|p2a: Dondozo|317/362|[from] item: Leftovers\n|upkeep\n|turn|3\n|inactive|Time left: 300 sec this turn | 300 sec total\n|\n|t:|1783571235\n|move|p1a: Kommo-o|Drain Punch|p2a: Dondozo\n|-damage|p2a: Dondozo|248/362\n|-heal|p1a: Kommo-o|47/100|[from] drain|[of] p2a: Dondozo\n|move|p2a: Dondozo|Wave Crash|p1a: Kommo-o\n|-resisted|p1a: Kommo-o\n|-damage|p1a: Kommo-o|19/100\n|-damage|p2a: Dondozo|225/362|[from] Recoil\n|\n|-weather|RainDance|[upkeep]\n|-heal|p2a: Dondozo|247/362|[from] item: Leftovers\n|upkeep\n|turn|4\n|inactive|Time left: 300 sec this turn | 300 sec total\n|\n|t:|1783571236\n|move|p1a: Kommo-o|Drain Punch|p2a: Dondozo\n|-damage|p2a: Dondozo|189/362\n|-heal|p1a: Kommo-o|31/100|[from] drain|[of] p2a: Dondozo\n|move|p2a: Dondozo|Wave Crash|p1a: Kommo-o\n|-resisted|p1a: Kommo-o\n|-damage|p1a: Kommo-o|4/100\n|-damage|p2a: Dondozo|168/362|[from] Recoil\n|\n|-weather|RainDance|[upkeep]\n|-heal|p2a: Dondozo|190/362|[from] item: Leftovers\n|upkeep\n|turn|5\n|inactive|Time left: 300 sec this turn | 300 sec total\n|\n|t:|1783571237\n|move|p1a: Kommo-o|Clanging Scales|p2a: Dondozo\n|-damage|p2a: Dondozo|52/362\n|-unboost|p1a: Kommo-o|def|1\n|move|p2a: Dondozo|Wave Crash|p1a: Kommo-o\n|-resisted|p1a: Kommo-o\n|-damage|p1a: Kommo-o|0 fnt\n|faint|p1a: Kommo-o\n|-damage|p2a: Dondozo|49/362|[from] Recoil\n|\n|-weather|none\n|-heal|p2a: Dondozo|71/362|[from] item: Leftovers\n|upkeep\n|\n|t:|1783571238\n|switch|p1a: Polteageist|Polteageist-Antique, L78|100/100\n|turn|6\n|inactive|Time left: 300 sec this turn | 300 sec total\n|\n|t:|1783571239\n|switch|p2a: Blaziken|Blaziken, L76, F|247/247\n|move|p1a: Polteageist|Shell Smash|p1a: Polteageist\n|-unboost|p1a: Polteageist|def|1\n|-unboost|p1a: Polteageist|spd|1\n|-boost|p1a: Polteageist|atk|2\n|-boost|p1a: Polteageist|spa|2\n|-boost|p1a: Polteageist|spe|2\n|-enditem|p1a: Polteageist|White Herb\n|-clearnegativeboost|p1a: Polteageist|[silent]\n|\n|upkeep\n|turn|7\n|inactive|Time left: 300 sec this turn | 300 sec total\n|\n|t:|1783571240\n|-terastallize|p1a: Polteageist|Fighting\n|move|p1a: Polteageist|Tera Blast|p2a: Blaziken|[anim] Tera Blast Fighting\n|-damage|p2a: Blaziken|0 fnt\n|faint|p2a: Blaziken\n|\n|upkeep\n|inactive|Time left: 300 sec this turn | 300 sec total | 5 sec grace\n|\n|t:|1783571241\n|switch|p2a: Scyther|Scyther, L82, M|249/249\n|turn|8\n|inactive|Time left: 300 sec this turn | 300 sec total\n|\n|t:|1783571242\n|move|p1a: Polteageist|Stored Power|p2a: Scyther\n|-damage|p2a: Scyther|6/249\n|move|p2a: Scyther|Dual Wingbeat|p1a: Polteageist\n|-supereffective|p1a: Polteageist\n|-damage|p1a: Polteageist|19/100\n|-supereffective|p1a: Polteageist\n|-damage|p1a: Polteageist|0 fnt\n|faint|p1a: Polteageist\n|-hitcount|p1: Polteageist|2\n|\n|upkeep\n|\n|t:|1783571243\n|switch|p1a: Swalot|Swalot, L90, F|100/100\n|turn|9\n|inactive|Time left: 300 sec this turn | 300 sec total\n|\n|t:|1783571244\n|move|p2a: Scyther|Dual Wingbeat|p1a: Swalot|[miss]\n|-miss|p2a: Scyther|p1a: Swalot\n|move|p1a: Swalot|Swords Dance|p1a: Swalot\n|-boost|p1a: Swalot|atk|2\n|\n|upkeep\n|turn|10\n|inactive|Time left: 300 sec this turn | 300 sec total\n|\n|t:|1783571244\n|move|p2a: Scyther|Dual Wingbeat|p1a: Swalot\n|-damage|p1a: Swalot|81/100\n|-damage|p1a: Swalot|62/100\n|-hitcount|p1a: Swalot|2\n|move|p1a: Swalot|Swords Dance|p1a: Swalot\n|-boost|p1a: Swalot|atk|2\n|\n|-heal|p1a: Swalot|69/100|[from] item: Leftovers\n|upkeep\n|turn|11\n|inactive|Time left: 300 sec this turn | 300 sec total\n|\n|t:|1783571246\n|move|p2a: Scyther|Dual Wingbeat|p1a: Swalot\n|-damage|p1a: Swalot|50/100\n|-damage|p1a: Swalot|28/100\n|-hitcount|p1a: Swalot|2\n|move|p1a: Swalot|Gunk Shot|p2a: Scyther|[miss]\n|-miss|p1a: Swalot|p2a: Scyther\n|\n|-heal|p1a: Swalot|35/100|[from] item: Leftovers\n|upkeep\n|turn|12\n|inactive|Time left: 300 sec this turn | 300 sec total\n|\n|t:|1783571247\n|move|p2a: Scyther|Dual Wingbeat|p1a: Swalot\n|-damage|p1a: Swalot|16/100\n|-crit|p1a: Swalot\n|-damage|p1a: Swalot|0 fnt\n|faint|p1a: Swalot\n|-hitcount|p1: Swalot|2\n|\n|upkeep\n|\n|t:|1783571248\n|switch|p1a: Manaphy|Manaphy, L78|100/100\n|turn|13\n|inactive|Time left: 300 sec this turn | 300 sec total\n|\n|t:|1783571249\n|move|p2a: Scyther|Dual Wingbeat|p1a: Manaphy\n|-damage|p1a: Manaphy|78/100\n|-damage|p1a: Manaphy|57/100\n|-hitcount|p1a: Manaphy|2\n|move|p1a: Manaphy|Tail Glow|p1a: Manaphy\n|-boost|p1a: Manaphy|spa|3\n|\n|-heal|p1a: Manaphy|63/100|[from] item: Leftovers\n|upkeep\n|turn|14\n|inactive|Time left: 300 sec this turn | 300 sec total\n|\n|t:|1783571250\n|move|p2a: Scyther|Dual Wingbeat|p1a: Manaphy\n|-damage|p1a: Manaphy|42/100\n|-damage|p1a: Manaphy|20/100\n|-hitcount|p1a: Manaphy|2\n|move|p1a: Manaphy|Energy Ball|p2a: Scyther\n|-resisted|p2a: Scyther\n|-damage|p2a: Scyther|0 fnt\n|faint|p2a: Scyther\n|\n|-heal|p1a: Manaphy|25/100|[from] item: Leftovers\n|upkeep\n|inactive|Time left: 300 sec this turn | 300 sec total | 5 sec grace\n|\n|t:|1783571251\n|switch|p2a: Kyogre|Kyogre, L71|259/259\n|-weather|RainDance|[from] ability: Drizzle|[of] p2a: Kyogre\n|turn|15\n|inactive|Time left: 300 sec this turn | 300 sec total\n|\n|t:|1783571252\n|move|p2a: Kyogre|Water Spout|p1a: Manaphy\n|-resisted|p1a: Manaphy\n|-damage|p1a: Manaphy|0 fnt\n|faint|p1a: Manaphy\n|\n|-weather|RainDance|[upkeep]\n|upkeep\n|\n|t:|1783571252\n|switch|p1a: Miraidon|Miraidon, L65|100/100\n|-fieldstart|move: Electric Terrain|[from] ability: Hadron Engine|[of] p1a: Miraidon\n|turn|16\n|inactive|Time left: 300 sec this turn | 300 sec total\n|\n|t:|1783571253\n|switch|p2a: Dondozo|Dondozo, L78, M|71/362\n|move|p1a: Miraidon|Electro Drift|p2a: Dondozo\n|-supereffective|p2a: Dondozo\n|-damage|p2a: Dondozo|0 fnt\n|faint|p2a: Dondozo\n|-damage|p1a: Miraidon|91/100|[from] item: Life Orb\n|\n|-weather|RainDance|[upkeep]\n|upkeep\n|inactive|Time left: 300 sec this turn | 300 sec total | 5 sec grace\n|\n|t:|1783571254\n|switch|p2a: Medicham|Medicham, L86, F|243/243\n|turn|17\n|inactive|Time left: 300 sec this turn | 300 sec total\n|\n|t:|1783571255\n|switch|p1a: Snorlax|Snorlax, L82, M|100/100\n|move|p2a: Medicham|Close Combat|p1a: Snorlax\n|-supereffective|p1a: Snorlax\n|-damage|p1a: Snorlax|0 fnt\n|-unboost|p2a: Medicham|def|1\n|-unboost|p2a: Medicham|spd|1\n|faint|p1a: Snorlax\n|\n|-weather|RainDance|[upkeep]\n|upkeep\n|\n|t:|1783571256\n|switch|p1a: Miraidon|Miraidon, L65|91/100\n|-activate|p1a: Miraidon|ability: Hadron Engine\n|turn|18\n|inactive|Time left: 300 sec this turn | 300 sec total\n|\n|t:|1783571257\n|-terastallize|p2a: Medicham|Fighting\n|move|p1a: Miraidon|Electro Drift|p2a: Medicham\n|-damage|p2a: Medicham|0 fnt\n|faint|p2a: Medicham\n|-damage|p1a: Miraidon|81/100|[from] item: Life Orb\n|\n|-weather|RainDance|[upkeep]\n|upkeep\n|inactive|Time left: 300 sec this turn | 300 sec total | 5 sec grace\n|\n|t:|1783571258\n|switch|p2a: Revavroom|Revavroom, L79, F|256/256\n|turn|19\n|inactive|Time left: 300 sec this turn | 300 sec total\n|\n|t:|1783571258\n|move|p1a: Miraidon|Electro Drift|p2a: Revavroom\n|-damage|p2a: Revavroom|0 fnt\n|faint|p2a: Revavroom\n|-damage|p1a: Miraidon|72/100|[from] item: Life Orb\n|\n|-weather|none\n|upkeep\n|inactive|Time left: 300 sec this turn | 300 sec total | 5 sec grace\n|\n|t:|1783571259\n|switch|p2a: Kyogre|Kyogre, L71|259/259\n|-weather|RainDance|[from] ability: Drizzle|[of] p2a: Kyogre\n|turn|20\n|inactive|Time left: 300 sec this turn | 300 sec total\n|\n|t:|1783571260\n|move|p2a: Kyogre|Ice Beam|p1a: Miraidon\n|-supereffective|p1a: Miraidon\n|-damage|p1a: Miraidon|19/100\n|move|p1a: Miraidon|Electro Drift|p2a: Kyogre\n|-supereffective|p2a: Kyogre\n|-damage|p2a: Kyogre|0 fnt\n|faint|p2a: Kyogre\n|-damage|p1a: Miraidon|9/100|[from] item: Life Orb\n|\n|win|p0x2710e9e6", "uploadtime": 1783571260, "views": 0, "rating": 0, "private": 0, "password": null, "_winner": "p0x2710e9e6", "_our_name": "p0y27106f26"}