{"id": "battle-gen9randombattle-201", "formatid": "gen9randombattle", "format": "[Gen 9] Random Battle", "players": ["p0x2010d71", "p0y201d08b"], "log": "|init|battle\n|title|p0x2010d71 vs. p0y201d08b\n|j|\u2606p0x2010d71\n|j|\u2606p0y201d08b\n|t:|1783535587\n|gametype|singles\n|player|p1|p0x2010d71|170|\n|player|p2|p0y201d08b|2|\n|gen|9\n|tier|[Gen 9] Random Battle\n|rule|Species Clause: Limit one of each Pok\u00e9mon\n|rule|HP Percentage Mod: HP is shown in percentages\n|rule|Sleep Clause Mod: Limit one foe put to sleep\n|rule|Illusion Level Mod: Illusion disguises the Pok\u00e9mon's true level\n|\n|t:|1783535587\n|teamsize|p1|6\n|teamsize|p2|6\n|start\n|switch|p1a: Munkidori|Munkidori, L79, M|100/100\n|switch|p2a: Feraligatr|Feraligatr, L79, M|264/264\n|turn|1\n|inactive|Battle timer is ON: inactive players will automatically lose when time's up. (requested by p0y201d08b)\n|inactive|p0x2010d71 also wants the timer to be on.\n|\n|t:|1783535589\n|move|p1a: Munkidori|Nasty Plot|p1a: Munkidori\n|-boost|p1a: Munkidori|spa|2\n|move|p2a: Feraligatr|Dragon Dance|p2a: Feraligatr\n|-boost|p2a: Feraligatr|atk|1\n|-boost|p2a: Feraligatr|spe|1\n|\n|upkeep\n|turn|2\n|inactive|Time left: 300 sec this turn | 300 sec total\n|\n|t:|1783535590\n|move|p2a: Feraligatr|Liquidation|p1a: Munkidori\n|-damage|p1a: Munkidori|0 fnt\n|faint|p1a: Munkidori\n|\n|upkeep\n|\n|t:|1783535591\n|switch|p1a: Noivern|Noivern, L82, F|100/100\n|turn|3\n|inactive|Time left: 300 sec this turn | 300 sec total\n|\n|t:|1783535592\n|-terastallize|p1a: Noivern|Normal\n|move|p2a: Feraligatr|Ice Punch|p1a: Noivern\n|-damage|p1a: Noivern|53/100\n|move|p1a: Noivern|Boomburst|p2a: Feraligatr\n|-damage|p2a: Feraligatr|18/264\n|\n|upkeep\n|turn|4\n|inactive|Time left: 300 sec this turn | 300 sec total\n|\n|t:|1783535593\n|switch|p1a: Regigigas|Regigigas, L84|100/100\n|-start|p1a: Regigigas|ability: Slow Start\n|move|p2a: Feraligatr|Liquidation|p1a: Regigigas\n|-damage|p1a: Regigigas|48/100\n|\n|-heal|p1a: Regigigas|55/100|[from] item: Leftovers\n|upkeep\n|turn|5\n|inactive|Time left: 300 sec this turn | 300 sec total\n|\n|t:|1783535594\n|move|p2a: Feraligatr|Liquidation|p1a: Regigigas\n|-damage|p1a: Regigigas|0 fnt\n|faint|p1a: Regigigas\n|-end|p1a: Regigigas|Slow Start|[silent]\n|\n|upkeep\n|\n|t:|1783535595\n|switch|p1a: Noivern|Noivern, L82, F, tera:Normal|53/100\n|turn|6\n|inactive|Time left: 300 sec this turn | 300 sec total\n|\n|t:|1783535596\n|move|p2a: Feraligatr|Liquidation|p1a: Noivern\n|-damage|p1a: Noivern|0 fnt\n|faint|p1a: Noivern\n|\n|upkeep\n|\n|t:|1783535597\n|switch|p1a: Hitmonchan|Hitmonchan, L87, M|100/100\n|turn|7\n|inactive|Time left: 300 sec this turn | 300 sec total\n|\n|t:|1783535598\n|move|p2a: Feraligatr|Liquidation|p1a: Hitmonchan\n|-damage|p1a: Hitmonchan|2/100\n|move|p1a: Hitmonchan|Swords Dance|p1a: Hitmonchan\n|-boost|p1a: Hitmonchan|atk|2\n|\n|-heal|p1a: Hitmonchan|8/100|[from] item: Leftovers\n|upkeep\n|turn|8\n|inactive|Time left: 300 sec this turn | 300 sec total\n|\n|t:|1783535599\n|move|p2a: Feraligatr|Liquidation|p1a: Hitmonchan\n|-damage|p1a: Hitmonchan|0 fnt\n|faint|p1a: Hitmonchan\n|\n|upkeep\n|\n|t:|1783535600\n|switch|p1a: Iron Valiant|Iron Valiant, L78|100/100\n|turn|9\n|inactive|Time left: 300 sec this turn | 300 sec total\n|\n|t:|1783535601\n|-terastallize|p2a: Feraligatr|Water\n|move|p2a: Feraligatr|Liquidation|p1a: Iron Valiant\n|-damage|p1a: Iron Valiant|0 fnt\n|faint|p1a: Iron Valiant\n|-end|p1a: Iron Valiant|Quark Drive|[silent]\n|\n|upkeep\n|\n|t:|1783535602\n|switch|p1a: Galvantula|Galvantula, L82, F|100/100\n|turn|10\n|inactive|Time left: 300 sec this turn | 300 sec total\n|\n|t:|1783535603\n|move|p2a: Feraligatr|Liquidation|p1a: Galvantula\n|-damage|p1a: Galvantula|0 fnt\n|faint|p1a: Galvantula\n|\n|win|p0y201d08b", "uploadtime": 1783535603, "views": 0, "rating": 0, "private": 0, "password": null, "_winner": "p0y201d08b", "_our_name": "p0y201d08b"}