{"id": "battle-gen9randombattle-1740", "formatid": "gen9randombattle", "format": "[Gen 9] Random Battle", "players": ["p0x1740bf22", "p0y174074f5"], "log": "|init|battle\n|title|p0x1740bf22 vs. p0y174074f5\n|j|\u2606p0x1740bf22\n|j|\u2606p0y174074f5\n|t:|1783559384\n|gametype|singles\n|player|p1|p0x1740bf22|102|\n|player|p2|p0y174074f5|2|\n|gen|9\n|tier|[Gen 9] Random Battle\n|rule|Species Clause: Limit one of each Pok\u00e9mon\n|rule|HP Percentage Mod: HP is shown in percentages\n|rule|Sleep Clause Mod: Limit one foe put to sleep\n|rule|Illusion Level Mod: Illusion disguises the Pok\u00e9mon's true level\n|\n|t:|1783559384\n|teamsize|p1|6\n|teamsize|p2|6\n|start\n|switch|p1a: Quaquaval|Quaquaval, L79, M|264/264\n|switch|p2a: Spiritomb|Spiritomb, L89, M|100/100\n|turn|1\n|inactive|Battle timer is ON: inactive players will automatically lose when time's up. (requested by p0x1740bf22)\n|inactive|p0y174074f5 also wants the timer to be on.\n|\n|t:|1783559386\n|move|p1a: Quaquaval|Aqua Step|p2a: Spiritomb\n|-damage|p2a: Spiritomb|72/100\n|-boost|p1a: Quaquaval|spe|1\n|move|p2a: Spiritomb|Poltergeist|p1a: Quaquaval\n|-activate|p1a: Quaquaval|move: Poltergeist|Leftovers\n|-damage|p1a: Quaquaval|53/264\n|\n|-heal|p1a: Quaquaval|69/264|[from] item: Leftovers\n|upkeep\n|turn|2\n|inactive|Time left: 300 sec this turn | 300 sec total\n|\n|t:|1783559387\n|switch|p1a: Ting-Lu|Ting-Lu, L78|370/370\n|-ability|p1a: Ting-Lu|Vessel of Ruin\n|move|p2a: Spiritomb|Poltergeist|p1a: Ting-Lu\n|-activate|p1a: Ting-Lu|move: Poltergeist|Leftovers\n|-resisted|p1a: Ting-Lu\n|-damage|p1a: Ting-Lu|300/370\n|\n|-heal|p1a: Ting-Lu|323/370|[from] item: Leftovers\n|upkeep\n|turn|3\n|inactive|Time left: 300 sec this turn | 300 sec total\n|\n|t:|1783559388\n|move|p1a: Ting-Lu|Stealth Rock|p2a: Spiritomb\n|-sidestart|p2: p0y174074f5|move: Stealth Rock\n|move|p2a: Spiritomb|Poltergeist|p1a: Ting-Lu\n|-activate|p1a: Ting-Lu|move: Poltergeist|Leftovers\n|-resisted|p1a: Ting-Lu\n|-damage|p1a: Ting-Lu|252/370\n|\n|-heal|p1a: Ting-Lu|275/370|[from] item: Leftovers\n|upkeep\n|turn|4\n|inactive|Time left: 300 sec this turn | 300 sec total\n|\n|t:|1783559390\n|move|p1a: Ting-Lu|Spikes|p2a: Spiritomb\n|-sidestart|p2: p0y174074f5|Spikes\n|move|p2a: Spiritomb|Poltergeist|p1a: Ting-Lu\n|-activate|p1a: Ting-Lu|move: Poltergeist|Leftovers\n|-resisted|p1a: Ting-Lu\n|-damage|p1a: Ting-Lu|201/370\n|\n|-heal|p1a: Ting-Lu|224/370|[from] item: Leftovers\n|upkeep\n|turn|5\n|inactive|Time left: 300 sec this turn | 300 sec total\n|\n|t:|1783559391\n|move|p1a: Ting-Lu|Spikes|p2a: Spiritomb\n|-sidestart|p2: p0y174074f5|Spikes\n|move|p2a: Spiritomb|Poltergeist|p1a: Ting-Lu\n|-activate|p1a: Ting-Lu|move: Poltergeist|Leftovers\n|-resisted|p1a: Ting-Lu\n|-damage|p1a: Ting-Lu|143/370\n|\n|-heal|p1a: Ting-Lu|166/370|[from] item: Leftovers\n|upkeep\n|turn|6\n|inactive|Time left: 300 sec this turn | 300 sec total\n|\n|t:|1783559392\n|switch|p2a: Salamence|Salamence, L77, F|100/100\n|move|p1a: Ting-Lu|Earthquake|p2a: Salamence\n|-immune|p2a: Salamence\n|\n|-heal|p1a: Ting-Lu|189/370|[from] item: Leftovers\n|upkeep\n|turn|7\n|inactive|Time left: 300 sec this turn | 300 sec total\n|\n|t:|1783559393\n|switch|p1a: Farigiraf|Farigiraf, L90, M|362/362\n|move|p2a: Salamence|Outrage|p1a: Farigiraf\n|-damage|p1a: Farigiraf|200/362\n|\n|-heal|p1a: Farigiraf|222/362|[from] item: Leftovers\n|upkeep\n|turn|8\n|inactive|Time left: 300 sec this turn | 300 sec total\n|\n|t:|1783559394\n|-terastallize|p1a: Farigiraf|Fairy\n|move|p2a: Salamence|Outrage|p1a: Farigiraf|[from] lockedmove\n|-immune|p1a: Farigiraf\n|-start|p2a: Salamence|confusion|[fatigue]\n|move|p1a: Farigiraf|Psychic Noise|p2a: Salamence\n|-damage|p2a: Salamence|55/100\n|-start|p2a: Salamence|move: Heal Block\n|\n|-heal|p1a: Farigiraf|244/362|[from] item: Leftovers\n|upkeep\n|turn|9\n|inactive|Time left: 300 sec this turn | 300 sec total\n|\n|t:|1783559395\n|-activate|p2a: Salamence|confusion\n|move|p2a: Salamence|Dual Wingbeat|p1a: Farigiraf\n|-damage|p1a: Farigiraf|195/362\n|-damage|p1a: Farigiraf|140/362\n|-hitcount|p1a: Farigiraf|2\n|move|p1a: Farigiraf|Psychic Noise|p2a: Salamence\n|-damage|p2a: Salamence|15/100\n|\n|-heal|p1a: Farigiraf|162/362|[from] item: Leftovers\n|-end|p2a: Salamence|move: Heal Block\n|upkeep\n|turn|10\n|inactive|Time left: 300 sec this turn | 300 sec total\n|\n|t:|1783559396\n|switch|p2a: Spiritomb|Spiritomb, L89, M|72/100\n|-damage|p2a: Spiritomb|59/100|[from] Stealth Rock\n|-damage|p2a: Spiritomb|43/100|[from] Spikes\n|move|p1a: Farigiraf|Body Slam|p2a: Spiritomb\n|-immune|p2a: Spiritomb\n|\n|-heal|p1a: Farigiraf|184/362|[from] item: Leftovers\n|upkeep\n|turn|11\n|inactive|Time left: 300 sec this turn | 300 sec total\n|\n|t:|1783559397\n|move|p1a: Farigiraf|Protect|p1a: Farigiraf\n|-singleturn|p1a: Farigiraf|Protect\n|move|p2a: Spiritomb|Poltergeist|p1a: Farigiraf\n|-activate|p1a: Farigiraf|move: Protect\n|\n|-heal|p1a: Farigiraf|206/362|[from] item: Leftovers\n|upkeep\n|turn|12\n|inactive|Time left: 300 sec this turn | 300 sec total\n|\n|t:|1783559398\n|switch|p1a: Regigigas|Regigigas, L84|322/322\n|-start|p1a: Regigigas|ability: Slow Start\n|move|p2a: Spiritomb|Poltergeist|p1a: Regigigas\n|-immune|p1a: Regigigas\n|\n|upkeep\n|turn|13\n|inactive|Time left: 300 sec this turn | 300 sec total\n|\n|t:|1783559399\n|move|p2a: Spiritomb|Poltergeist|p1a: Regigigas\n|-immune|p1a: Regigigas\n|move|p1a: Regigigas|Knock Off|p2a: Spiritomb\n|-damage|p2a: Spiritomb|26/100\n|-enditem|p2a: Spiritomb|Choice Band|[from] move: Knock Off|[of] p1a: Regigigas\n|\n|upkeep\n|turn|14\n|inactive|Time left: 300 sec this turn | 300 sec total\n|\n|t:|1783559401\n|move|p2a: Spiritomb|Foul Play|p1a: Regigigas\n|-damage|p1a: Regigigas|183/322\n|move|p1a: Regigigas|Knock Off|p2a: Spiritomb\n|-damage|p2a: Spiritomb|14/100\n|\n|-heal|p1a: Regigigas|203/322|[from] item: Leftovers\n|upkeep\n|turn|15\n|inactive|Time left: 300 sec this turn | 300 sec total\n|\n|t:|1783559402\n|switch|p1a: Quaquaval|Quaquaval, L79, M|69/264\n|move|p2a: Spiritomb|Foul Play|p1a: Quaquaval\n|-resisted|p1a: Quaquaval\n|-damage|p1a: Quaquaval|0 fnt\n|faint|p1a: Quaquaval\n|\n|upkeep\n|inactive|Time left: 300 sec this turn | 300 sec total | 5 sec grace\n|\n|t:|1783559403\n|switch|p1a: Ting-Lu|Ting-Lu, L78|189/370\n|-ability|p1a: Ting-Lu|Vessel of Ruin\n|turn|16\n|inactive|Time left: 300 sec this turn | 300 sec total\n|\n|t:|1783559404\n|move|p2a: Spiritomb|Shadow Sneak|p1a: Ting-Lu\n|-resisted|p1a: Ting-Lu\n|-damage|p1a: Ting-Lu|171/370\n|move|p1a: Ting-Lu|Earthquake|p2a: Spiritomb\n|-damage|p2a: Spiritomb|0 fnt\n|faint|p2a: Spiritomb\n|\n|-heal|p1a: Ting-Lu|194/370|[from] item: Leftovers\n|upkeep\n|\n|t:|1783559405\n|switch|p2a: Staraptor|Staraptor, L79, F|100/100\n|-damage|p2a: Staraptor|76/100|[from] Stealth Rock\n|turn|17\n|inactive|Time left: 300 sec this turn | 300 sec total\n|\n|t:|1783559406\n|switch|p1a: Giratina|Giratina-Origin, L72|335/335\n|move|p2a: Staraptor|Brave Bird|p1a: Giratina\n|-damage|p1a: Giratina|103/335\n|-damage|p2a: Staraptor|47/100|[from] Recoil\n|\n|upkeep\n|turn|18\n|inactive|Time left: 300 sec this turn | 300 sec total\n|\n|t:|1783559407\n|switch|p1a: Plusle|Plusle, L95, M|268/268\n|move|p2a: Staraptor|Brave Bird|p1a: Plusle\n|-resisted|p1a: Plusle\n|-damage|p1a: Plusle|84/268\n|-damage|p2a: Staraptor|23/100|[from] Recoil\n|\n|upkeep\n|turn|19\n|inactive|Time left: 300 sec this turn | 300 sec total\n|\n|t:|1783559408\n|move|p1a: Plusle|Thunderbolt|p2a: Staraptor\n|-supereffective|p2a: Staraptor\n|-damage|p2a: Staraptor|0 fnt\n|faint|p2a: Staraptor\n|-damage|p1a: Plusle|58/268|[from] item: Life Orb\n|\n|upkeep\n|\n|t:|1783559409\n|switch|p2a: Leafeon|Leafeon, L88, F|100/100\n|-damage|p2a: Leafeon|88/100|[from] Stealth Rock\n|-damage|p2a: Leafeon|71/100|[from] Spikes\n|turn|20\n|inactive|Time left: 300 sec this turn | 300 sec total\n|\n|t:|1783559410\n|move|p1a: Plusle|Alluring Voice|p2a: Leafeon\n|-damage|p2a: Leafeon|29/100\n|-damage|p1a: Plusle|32/268|[from] item: Life Orb\n|move|p2a: Leafeon|Swords Dance|p2a: Leafeon\n|-boost|p2a: Leafeon|atk|2\n|\n|-heal|p2a: Leafeon|35/100|[from] item: Leftovers\n|upkeep\n|turn|21\n|inactive|Time left: 300 sec this turn | 300 sec total\n|\n|t:|1783559411\n|move|p1a: Plusle|Alluring Voice|p2a: Leafeon\n|-crit|p2a: Leafeon\n|-damage|p2a: Leafeon|0 fnt\n|faint|p2a: Leafeon\n|-damage|p1a: Plusle|6/268|[from] item: Life Orb\n|\n|upkeep\n|\n|t:|1783559412\n|switch|p2a: Dedenne|Dedenne, L88, M|100/100\n|-damage|p2a: Dedenne|88/100|[from] Stealth Rock\n|-damage|p2a: Dedenne|72/100|[from] Spikes\n|turn|22\n|inactive|Time left: 300 sec this turn | 300 sec total\n|\n|t:|1783559413\n|switch|p1a: Farigiraf|Farigiraf, L90, M, tera:Fairy|206/362\n|move|p2a: Dedenne|Dazzling Gleam|p1a: Farigiraf\n|-damage|p1a: Farigiraf|109/362\n|\n|-heal|p1a: Farigiraf|131/362|[from] item: Leftovers\n|upkeep\n|turn|23\n|inactive|Time left: 300 sec this turn | 300 sec total\n|\n|t:|1783559413\n|move|p2a: Dedenne|Thunderbolt|p1a: Farigiraf\n|-damage|p1a: Farigiraf|25/362\n|move|p1a: Farigiraf|Wish|p1a: Farigiraf\n|\n|-heal|p1a: Farigiraf|47/362|[from] item: Leftovers\n|upkeep\n|turn|24\n|inactive|Time left: 300 sec this turn | 300 sec total\n|\n|t:|1783559414\n|move|p1a: Farigiraf|Protect|p1a: Farigiraf\n|-singleturn|p1a: Farigiraf|Protect\n|move|p2a: Dedenne|Dazzling Gleam|p1a: Farigiraf\n|-activate|p1a: Farigiraf|move: Protect\n|\n|-heal|p1a: Farigiraf|228/362|[from] move: Wish|[wisher] Farigiraf\n|-heal|p1a: Farigiraf|250/362|[from] item: Leftovers\n|upkeep\n|turn|25\n|inactive|Time left: 300 sec this turn | 300 sec total\n|\n|t:|1783559415\n|move|p2a: Dedenne|Super Fang|p1a: Farigiraf\n|-damage|p1a: Farigiraf|125/362\n|move|p1a: Farigiraf|Wish|p1a: Farigiraf\n|\n|-heal|p1a: Farigiraf|147/362|[from] item: Leftovers\n|upkeep\n|turn|26\n|inactive|Time left: 300 sec this turn | 300 sec total\n|\n|t:|1783559416\n|move|p2a: Dedenne|Nuzzle|p1a: Farigiraf\n|-damage|p1a: Farigiraf|128/362\n|-status|p1a: Farigiraf|par\n|cant|p1a: Farigiraf|par\n|\n|-heal|p1a: Farigiraf|309/362 par|[from] move: Wish|[wisher] Farigiraf\n|-heal|p1a: Farigiraf|331/362 par|[from] item: Leftovers\n|upkeep\n|turn|27\n|inactive|Time left: 300 sec this turn | 300 sec total\n|\n|t:|1783559417\n|move|p2a: Dedenne|Super Fang|p1a: Farigiraf\n|-damage|p1a: Farigiraf|166/362 par\n|move|p1a: Farigiraf|Body Slam|p2a: Dedenne\n|-damage|p2a: Dedenne|27/100\n|-enditem|p2a: Dedenne|Sitrus Berry|[eat]\n|-heal|p2a: Dedenne|51/100|[from] item: Sitrus Berry\n|-heal|p2a: Dedenne|85/100|[from] ability: Cheek Pouch\n|\n|-heal|p1a: Farigiraf|188/362 par|[from] item: Leftovers\n|upkeep\n|turn|28\n|inactive|Time left: 300 sec this turn | 300 sec total\n|\n|t:|1783559418\n|move|p2a: Dedenne|Super Fang|p1a: Farigiraf\n|-damage|p1a: Farigiraf|94/362 par\n|cant|p1a: Farigiraf|par\n|\n|-heal|p1a: Farigiraf|116/362 par|[from] item: Leftovers\n|upkeep\n|turn|29\n|inactive|Time left: 300 sec this turn | 300 sec total\n|\n|t:|1783559419\n|move|p2a: Dedenne|Dazzling Gleam|p1a: Farigiraf\n|-damage|p1a: Farigiraf|25/362 par\n|cant|p1a: Farigiraf|par\n|\n|-heal|p1a: Farigiraf|47/362 par|[from] item: Leftovers\n|upkeep\n|turn|30\n|inactive|Time left: 300 sec this turn | 300 sec total\n|\n|t:|1783559420\n|move|p2a: Dedenne|Dazzling Gleam|p1a: Farigiraf\n|-damage|p1a: Farigiraf|0 fnt\n|faint|p1a: Farigiraf\n|\n|upkeep\n|inactive|Time left: 300 sec this turn | 300 sec total | 5 sec grace\n|\n|t:|1783559421\n|switch|p1a: Ting-Lu|Ting-Lu, L78|194/370\n|-ability|p1a: Ting-Lu|Vessel of Ruin\n|turn|31\n|inactive|Time left: 300 sec this turn | 300 sec total\n|\n|t:|1783559422\n|move|p2a: Dedenne|Dazzling Gleam|p1a: Ting-Lu\n|-supereffective|p1a: Ting-Lu\n|-damage|p1a: Ting-Lu|62/370\n|move|p1a: Ting-Lu|Earthquake|p2a: Dedenne\n|-supereffective|p2a: Dedenne\n|-damage|p2a: Dedenne|0 fnt\n|faint|p2a: Dedenne\n|\n|-heal|p1a: Ting-Lu|85/370|[from] item: Leftovers\n|upkeep\n|\n|t:|1783559423\n|switch|p2a: Lapras|Lapras, L87, F|100/100\n|-damage|p2a: Lapras|76/100|[from] Stealth Rock\n|-damage|p2a: Lapras|59/100|[from] Spikes\n|turn|32\n|inactive|Time left: 300 sec this turn | 300 sec total\n|\n|t:|1783559424\n|switch|p1a: Plusle|Plusle, L95, M|6/268\n|move|p2a: Lapras|Dragon Dance|p2a: Lapras\n|-boost|p2a: Lapras|atk|1\n|-boost|p2a: Lapras|spe|1\n|\n|upkeep\n|turn|33\n|inactive|Time left: 300 sec this turn | 300 sec total\n|\n|t:|1783559425\n|-terastallize|p2a: Lapras|Ground\n|move|p1a: Plusle|Grass Knot|p2a: Lapras\n|-supereffective|p2a: Lapras\n|-damage|p2a: Lapras|0 fnt\n|faint|p2a: Lapras\n|-damage|p1a: Plusle|0 fnt|[from] item: Life Orb\n|faint|p1a: Plusle\n|\n|upkeep\n|inactive|Time left: 300 sec this turn | 300 sec total | 5 sec grace\n|\n|t:|1783559426\n|switch|p1a: Regigigas|Regigigas, L84|203/322\n|switch|p2a: Salamence|Salamence, L77, F|15/100\n|-start|p1a: Regigigas|ability: Slow Start\n|turn|34\n|inactive|Time left: 300 sec this turn | 300 sec total\n|\n|t:|1783559427\n|move|p2a: Salamence|Dual Wingbeat|p1a: Regigigas\n|-damage|p1a: Regigigas|163/322\n|-damage|p1a: Regigigas|126/322\n|-hitcount|p1a: Regigigas|2\n|move|p1a: Regigigas|Body Slam|p2a: Salamence\n|-damage|p2a: Salamence|0 fnt\n|faint|p2a: Salamence\n|\n|win|p0x1740bf22", "uploadtime": 1783559427, "views": 0, "rating": 0, "private": 0, "password": null, "_winner": "p0x1740bf22", "_our_name": "p0x1740bf22"}