{"id": "battle-gen9randombattle-489", "formatid": "gen9randombattle", "format": "[Gen 9] Random Battle", "players": ["p0x489ac8f", "p0y48930e2"], "log": "|init|battle\n|title|p0x489ac8f vs. p0y48930e2\n|j|\u2606p0x489ac8f\n|j|\u2606p0y48930e2\n|t:|1783544720\n|gametype|singles\n|player|p1|p0x489ac8f|170|\n|player|p2|p0y48930e2|265|\n|gen|9\n|tier|[Gen 9] Random Battle\n|rule|Species Clause: Limit one of each Pok\u00e9mon\n|rule|HP Percentage Mod: HP is shown in percentages\n|rule|Sleep Clause Mod: Limit one foe put to sleep\n|rule|Illusion Level Mod: Illusion disguises the Pok\u00e9mon's true level\n|\n|t:|1783544720\n|teamsize|p1|6\n|teamsize|p2|6\n|start\n|switch|p1a: Ursaring|Ursaring, L84, M|100/100\n|switch|p2a: Hawlucha|Hawlucha, L80, F|256/256\n|turn|1\n|inactive|Battle timer is ON: inactive players will automatically lose when time's up. (requested by p0y48930e2)\n|inactive|p0x489ac8f also wants the timer to be on.\n|\n|t:|1783544721\n|move|p2a: Hawlucha|Swords Dance|p2a: Hawlucha\n|-boost|p2a: Hawlucha|atk|2\n|move|p1a: Ursaring|Body Slam|p2a: Hawlucha\n|-damage|p2a: Hawlucha|127/256\n|\n|upkeep\n|turn|2\n|inactive|Time left: 300 sec this turn | 300 sec total\n|\n|t:|1783544723\n|-terastallize|p1a: Ursaring|Ghost\n|move|p2a: Hawlucha|Close Combat|p1a: Ursaring\n|-immune|p1a: Ursaring\n|move|p1a: Ursaring|Body Slam|p2a: Hawlucha\n|-damage|p2a: Hawlucha|0 fnt\n|faint|p2a: Hawlucha\n|\n|upkeep\n|inactive|Time left: 300 sec this turn | 300 sec total | 5 sec grace\n|\n|t:|1783544724\n|switch|p2a: Spidops|Spidops, L96, F|271/271\n|turn|3\n|inactive|Time left: 300 sec this turn | 300 sec total\n|\n|t:|1783544725\n|move|p1a: Ursaring|Body Slam|p2a: Spidops\n|-damage|p2a: Spidops|183/271\n|-status|p2a: Spidops|par\n|move|p2a: Spidops|Sticky Web|p1a: Ursaring\n|-sidestart|p1: p0x489ac8f|move: Sticky Web\n|\n|upkeep\n|turn|4\n|inactive|Time left: 300 sec this turn | 300 sec total\n|\n|t:|1783544726\n|move|p1a: Ursaring|Body Slam|p2a: Spidops\n|-damage|p2a: Spidops|90/271 par\n|move|p2a: Spidops|Knock Off|p1a: Ursaring\n|-supereffective|p1a: Ursaring\n|-damage|p1a: Ursaring|58/100\n|-enditem|p1a: Ursaring|Eviolite|[from] move: Knock Off|[of] p2a: Spidops\n|\n|upkeep\n|turn|5\n|inactive|Time left: 300 sec this turn | 300 sec total\n|\n|t:|1783544727\n|move|p1a: Ursaring|Body Slam|p2a: Spidops\n|-damage|p2a: Spidops|0 fnt\n|faint|p2a: Spidops\n|\n|upkeep\n|inactive|Time left: 300 sec this turn | 300 sec total | 5 sec grace\n|\n|t:|1783544728\n|switch|p2a: Delphox|Delphox, L84, M|263/263\n|turn|6\n|inactive|Time left: 300 sec this turn | 300 sec total\n|\n|t:|1783544729\n|move|p2a: Delphox|Fire Blast|p1a: Ursaring\n|-damage|p1a: Ursaring|0 fnt\n|faint|p1a: Ursaring\n|\n|upkeep\n|\n|t:|1783544730\n|switch|p1a: Hoopa|Hoopa, L85|100/100\n|-activate|p1a: Hoopa|move: Sticky Web\n|-unboost|p1a: Hoopa|spe|1\n|turn|7\n|inactive|Time left: 300 sec this turn | 300 sec total\n|\n|t:|1783544731\n|move|p2a: Delphox|Fire Blast|p1a: Hoopa\n|-damage|p1a: Hoopa|51/100\n|move|p1a: Hoopa|Shadow Ball|p2a: Delphox\n|-supereffective|p2a: Delphox\n|-damage|p2a: Delphox|0 fnt\n|faint|p2a: Delphox\n|-damage|p1a: Hoopa|41/100|[from] item: Life Orb\n|\n|upkeep\n|inactive|Time left: 300 sec this turn | 300 sec total | 5 sec grace\n|\n|t:|1783544732\n|switch|p2a: Girafarig|Girafarig, L89, F|269/269\n|turn|8\n|inactive|Time left: 300 sec this turn | 300 sec total\n|\n|t:|1783544733\n|move|p2a: Girafarig|Nasty Plot|p2a: Girafarig\n|-boost|p2a: Girafarig|spa|2\n|move|p1a: Hoopa|Focus Blast|p2a: Girafarig\n|-damage|p2a: Girafarig|134/269\n|-damage|p1a: Hoopa|31/100|[from] item: Life Orb\n|\n|upkeep\n|turn|9\n|inactive|Time left: 300 sec this turn | 300 sec total\n|\n|t:|1783544734\n|move|p2a: Girafarig|Dazzling Gleam|p1a: Hoopa\n|-damage|p1a: Hoopa|2/100\n|move|p1a: Hoopa|Focus Blast|p2a: Girafarig|[miss]\n|-miss|p1a: Hoopa|p2a: Girafarig\n|\n|upkeep\n|turn|10\n|inactive|Time left: 300 sec this turn | 300 sec total\n|\n|t:|1783544735\n|move|p2a: Girafarig|Dazzling Gleam|p1a: Hoopa\n|-damage|p1a: Hoopa|0 fnt\n|faint|p1a: Hoopa\n|\n|upkeep\n|\n|t:|1783544736\n|switch|p1a: Archaludon|Archaludon, L78, M|100/100\n|-activate|p1a: Archaludon|move: Sticky Web\n|-unboost|p1a: Archaludon|spe|1\n|turn|11\n|inactive|Time left: 300 sec this turn | 300 sec total\n|\n|t:|1783544737\n|move|p2a: Girafarig|Psychic|p1a: Archaludon\n|-resisted|p1a: Archaludon\n|-damage|p1a: Archaludon|54/100\n|-ability|p1a: Archaludon|Stamina|boost\n|-boost|p1a: Archaludon|def|1\n|move|p1a: Archaludon|Outrage|p2a: Girafarig\n|-damage|p2a: Girafarig|43/269\n|\n|upkeep\n|turn|12\n|inactive|Time left: 300 sec this turn | 300 sec total\n|\n|t:|1783544738\n|move|p2a: Girafarig|Shadow Ball|p1a: Archaludon\n|-damage|p1a: Archaludon|0 fnt\n|faint|p1a: Archaludon\n|\n|upkeep\n|\n|t:|1783544739\n|switch|p1a: Dewgong|Dewgong, L94, F|100/100\n|turn|13\n|inactive|Time left: 300 sec this turn | 300 sec total\n|\n|t:|1783544740\n|move|p2a: Girafarig|Psychic|p1a: Dewgong\n|-damage|p1a: Dewgong|47/100\n|move|p1a: Dewgong|Surf|p2a: Girafarig\n|-damage|p2a: Girafarig|0 fnt\n|faint|p2a: Girafarig\n|\n|upkeep\n|inactive|Time left: 300 sec this turn | 300 sec total | 5 sec grace\n|\n|t:|1783544741\n|switch|p2a: Spectrier|Spectrier, L75|274/274\n|turn|14\n|inactive|Time left: 300 sec this turn | 300 sec total\n|\n|t:|1783544742\n|move|p2a: Spectrier|Nasty Plot|p2a: Spectrier\n|-boost|p2a: Spectrier|spa|2\n|move|p1a: Dewgong|Triple Axel|p2a: Spectrier\n|-damage|p2a: Spectrier|246/274\n|-damage|p2a: Spectrier|185/274\n|-damage|p2a: Spectrier|101/274\n|-hitcount|p2a: Spectrier|3\n|\n|-heal|p2a: Spectrier|118/274|[from] item: Leftovers\n|upkeep\n|turn|15\n|inactive|Time left: 300 sec this turn | 300 sec total\n|\n|t:|1783544743\n|-terastallize|p2a: Spectrier|Fairy\n|move|p2a: Spectrier|Shadow Ball|p1a: Dewgong\n|-damage|p1a: Dewgong|0 fnt\n|faint|p1a: Dewgong\n|-ability|p2a: Spectrier|Grim Neigh|boost\n|-boost|p2a: Spectrier|spa|1\n|\n|-heal|p2a: Spectrier|135/274|[from] item: Leftovers\n|upkeep\n|\n|t:|1783544744\n|switch|p1a: Torterra|Torterra, L78, M|100/100\n|-activate|p1a: Torterra|move: Sticky Web\n|-unboost|p1a: Torterra|spe|1\n|turn|16\n|inactive|Time left: 300 sec this turn | 300 sec total\n|\n|t:|1783544745\n|switch|p1a: Sneasler|Sneasler, L74, F|100/100\n|-activate|p1a: Sneasler|move: Sticky Web\n|-unboost|p1a: Sneasler|spe|1\n|move|p2a: Spectrier|Draining Kiss|p1a: Sneasler\n|-damage|p1a: Sneasler|14/100\n|-heal|p2a: Spectrier|274/274|[from] drain|[of] p1a: Sneasler\n|\n|upkeep\n|turn|17\n|inactive|Time left: 300 sec this turn | 300 sec total\n|\n|t:|1783544746\n|switch|p1a: Torterra|Torterra, L78, M|100/100\n|-activate|p1a: Torterra|move: Sticky Web\n|-unboost|p1a: Torterra|spe|1\n|move|p2a: Spectrier|Shadow Ball|p1a: Torterra\n|-damage|p1a: Torterra|6/100\n|\n|upkeep\n|turn|18\n|inactive|Time left: 300 sec this turn | 300 sec total\n|\n|t:|1783544747\n|switch|p1a: Sneasler|Sneasler, L74, F|14/100\n|-activate|p1a: Sneasler|move: Sticky Web\n|-unboost|p1a: Sneasler|spe|1\n|move|p2a: Spectrier|Shadow Ball|p1a: Sneasler\n|-damage|p1a: Sneasler|0 fnt\n|faint|p1a: Sneasler\n|-ability|p2a: Spectrier|Grim Neigh|boost\n|-boost|p2a: Spectrier|spa|1\n|\n|upkeep\n|\n|t:|1783544748\n|switch|p1a: Torterra|Torterra, L78, M|6/100\n|-activate|p1a: Torterra|move: Sticky Web\n|-unboost|p1a: Torterra|spe|1\n|turn|19\n|inactive|Time left: 300 sec this turn | 300 sec total\n|\n|t:|1783544749\n|move|p2a: Spectrier|Shadow Ball|p1a: Torterra\n|-damage|p1a: Torterra|0 fnt\n|faint|p1a: Torterra\n|\n|win|p0y48930e2", "uploadtime": 1783544749, "views": 0, "rating": 0, "private": 0, "password": null, "_winner": "p0y48930e2", "_our_name": "p0y48930e2"}