{"id": "battle-gen9randombattle-316", "formatid": "gen9randombattle", "format": "[Gen 9] Random Battle", "players": ["p0x316a79f", "p0y3161614"], "log": "|init|battle\n|title|p0x316a79f vs. p0y3161614\n|j|\u2606p0x316a79f\n|j|\u2606p0y3161614\n|t:|1783542759\n|gametype|singles\n|player|p1|p0x316a79f|102|\n|player|p2|p0y3161614|102|\n|gen|9\n|tier|[Gen 9] Random Battle\n|rule|Species Clause: Limit one of each Pok\u00e9mon\n|rule|HP Percentage Mod: HP is shown in percentages\n|rule|Sleep Clause Mod: Limit one foe put to sleep\n|rule|Illusion Level Mod: Illusion disguises the Pok\u00e9mon's true level\n|\n|t:|1783542759\n|teamsize|p1|6\n|teamsize|p2|6\n|start\n|switch|p1a: Ariados|Ariados, L95, F|287/287\n|switch|p2a: Flutter Mane|Flutter Mane, L74|100/100\n|turn|1\n|inactive|Battle timer is ON: inactive players will automatically lose when time's up. (requested by p0y3161614)\n|inactive|Time left: 300 sec this turn | 300 sec total | 60 sec grace\n|inactive|p0x316a79f also wants the timer to be on.\n|\n|t:|1783542760\n|move|p2a: Flutter Mane|Calm Mind|p2a: Flutter Mane\n|-boost|p2a: Flutter Mane|spa|1\n|-boost|p2a: Flutter Mane|spd|1\n|move|p1a: Ariados|Sticky Web|p2a: Flutter Mane\n|-sidestart|p2: p0y3161614|move: Sticky Web\n|\n|upkeep\n|turn|2\n|inactive|Time left: 300 sec this turn | 300 sec total\n|\n|t:|1783542761\n|move|p2a: Flutter Mane|Shadow Ball|p1a: Ariados\n|-damage|p1a: Ariados|118/287\n|-damage|p2a: Flutter Mane|91/100|[from] item: Life Orb\n|move|p1a: Ariados|Poison Jab|p2a: Flutter Mane\n|-damage|p2a: Flutter Mane|8/100\n|\n|upkeep\n|turn|3\n|inactive|Time left: 300 sec this turn | 300 sec total\n|\n|t:|1783542762\n|move|p1a: Ariados|Sucker Punch|p2a: Flutter Mane\n|-damage|p2a: Flutter Mane|0 fnt\n|faint|p2a: Flutter Mane\n|-end|p2a: Flutter Mane|Protosynthesis|[silent]\n|\n|upkeep\n|\n|t:|1783542762\n|switch|p2a: Hitmonchan|Hitmonchan, L87, M|100/100\n|-activate|p2a: Hitmonchan|move: Sticky Web\n|-unboost|p2a: Hitmonchan|spe|1\n|turn|4\n|inactive|Time left: 300 sec this turn | 300 sec total\n|\n|t:|1783542763\n|move|p1a: Ariados|Poison Jab|p2a: Hitmonchan\n|-damage|p2a: Hitmonchan|53/100\n|move|p2a: Hitmonchan|Rapid Spin|p1a: Ariados\n|-damage|p1a: Ariados|78/287\n|-boost|p2a: Hitmonchan|spe|1\n|-sideend|p2: p0y3161614|Sticky Web|[from] move: Rapid Spin|[of] p2a: Hitmonchan\n|\n|-heal|p2a: Hitmonchan|59/100|[from] item: Leftovers\n|upkeep\n|turn|5\n|inactive|Time left: 300 sec this turn | 300 sec total\n|\n|t:|1783542764\n|move|p2a: Hitmonchan|Knock Off|p1a: Ariados\n|-damage|p1a: Ariados|0 fnt\n|-enditem|p1a: Ariados|Focus Sash|[from] move: Knock Off|[of] p2a: Hitmonchan\n|faint|p1a: Ariados\n|\n|-heal|p2a: Hitmonchan|66/100|[from] item: Leftovers\n|upkeep\n|inactive|Time left: 300 sec this turn | 300 sec total | 5 sec grace\n|\n|t:|1783542765\n|switch|p1a: Delphox|Delphox, L84, F|263/263\n|turn|6\n|inactive|Time left: 300 sec this turn | 300 sec total\n|\n|t:|1783542766\n|switch|p2a: Uxie|Uxie, L83|100/100\n|move|p1a: Delphox|Fire Blast|p2a: Uxie\n|-damage|p2a: Uxie|49/100\n|\n|-heal|p2a: Uxie|55/100|[from] item: Leftovers\n|upkeep\n|turn|7\n|inactive|Time left: 300 sec this turn | 300 sec total\n|\n|t:|1783542767\n|move|p1a: Delphox|Fire Blast|p2a: Uxie\n|-damage|p2a: Uxie|0 fnt\n|faint|p2a: Uxie\n|\n|upkeep\n|\n|t:|1783542768\n|switch|p2a: Grumpig|Grumpig, L92, F|100/100\n|turn|8\n|inactive|Time left: 300 sec this turn | 300 sec total\n|\n|t:|1783542769\n|move|p2a: Grumpig|Shadow Ball|p1a: Delphox\n|-supereffective|p1a: Delphox\n|-damage|p1a: Delphox|141/263\n|-unboost|p1a: Delphox|spd|1\n|move|p1a: Delphox|Fire Blast|p2a: Grumpig|[miss]\n|-miss|p1a: Delphox|p2a: Grumpig\n|\n|upkeep\n|turn|9\n|inactive|Time left: 300 sec this turn | 300 sec total\n|\n|t:|1783542770\n|switch|p1a: Dunsparce|Dunsparce, L86, M|312/312\n|move|p2a: Grumpig|Shadow Ball|p1a: Dunsparce\n|-immune|p1a: Dunsparce\n|\n|upkeep\n|turn|10\n|inactive|Time left: 300 sec this turn | 300 sec total\n|\n|t:|1783542772\n|switch|p2a: Bisharp|Bisharp, L79, M|100/100\n|move|p1a: Dunsparce|Coil|p1a: Dunsparce\n|-boost|p1a: Dunsparce|atk|1\n|-boost|p1a: Dunsparce|def|1\n|-boost|p1a: Dunsparce|accuracy|1\n|\n|upkeep\n|turn|11\n|inactive|Time left: 300 sec this turn | 300 sec total\n|\n|t:|1783542773\n|move|p2a: Bisharp|Swords Dance|p2a: Bisharp\n|-boost|p2a: Bisharp|atk|2\n|move|p1a: Dunsparce|Coil|p1a: Dunsparce\n|-boost|p1a: Dunsparce|atk|1\n|-boost|p1a: Dunsparce|def|1\n|-boost|p1a: Dunsparce|accuracy|1\n|\n|upkeep\n|turn|12\n|inactive|Time left: 300 sec this turn | 300 sec total\n|\n|t:|1783542774\n|move|p2a: Bisharp|Swords Dance|p2a: Bisharp\n|-boost|p2a: Bisharp|atk|2\n|move|p1a: Dunsparce|Earthquake|p2a: Bisharp\n|-supereffective|p2a: Bisharp\n|-damage|p2a: Bisharp|40/100\n|\n|upkeep\n|turn|13\n|inactive|Time left: 300 sec this turn | 300 sec total\n|\n|t:|1783542775\n|-terastallize|p2a: Bisharp|Ghost\n|move|p2a: Bisharp|Iron Head|p1a: Dunsparce\n|-damage|p1a: Dunsparce|215/312\n|move|p1a: Dunsparce|Earthquake|p2a: Bisharp\n|-damage|p2a: Bisharp|8/100\n|\n|upkeep\n|turn|14\n|inactive|Time left: 300 sec this turn | 300 sec total\n|\n|t:|1783542776\n|move|p2a: Bisharp|Iron Head|p1a: Dunsparce\n|-damage|p1a: Dunsparce|110/312\n|move|p1a: Dunsparce|Earthquake|p2a: Bisharp\n|-damage|p2a: Bisharp|0 fnt\n|faint|p2a: Bisharp\n|\n|upkeep\n|\n|t:|1783542777\n|switch|p2a: Flamigo|Flamigo, L82, F|100/100\n|turn|15\n|inactive|Time left: 300 sec this turn | 300 sec total\n|\n|t:|1783542778\n|-terastallize|p1a: Dunsparce|Ground\n|move|p2a: Flamigo|Close Combat|p1a: Dunsparce\n|-damage|p1a: Dunsparce|44/312\n|-unboost|p2a: Flamigo|def|1\n|-unboost|p2a: Flamigo|spd|1\n|-damage|p2a: Flamigo|91/100|[from] item: Life Orb\n|move|p1a: Dunsparce|Roost|p1a: Dunsparce\n|-heal|p1a: Dunsparce|200/312\n|\n|upkeep\n|turn|16\n|inactive|Time left: 300 sec this turn | 300 sec total\n|\n|t:|1783542779\n|move|p2a: Flamigo|Brave Bird|p1a: Dunsparce\n|-damage|p1a: Dunsparce|132/312\n|-damage|p2a: Flamigo|83/100|[from] Recoil\n|-damage|p2a: Flamigo|73/100|[from] item: Life Orb\n|move|p1a: Dunsparce|Body Slam|p2a: Flamigo\n|-damage|p2a: Flamigo|0 fnt\n|faint|p2a: Flamigo\n|\n|upkeep\n|\n|t:|1783542780\n|switch|p2a: Grumpig|Grumpig, L92, F|100/100\n|turn|17\n|inactive|Time left: 300 sec this turn | 300 sec total\n|\n|t:|1783542781\n|move|p2a: Grumpig|Trick|p1a: Dunsparce\n|-activate|p2a: Grumpig|move: Trick|[of] p1a: Dunsparce\n|-item|p1a: Dunsparce|Choice Scarf|[from] move: Trick\n|-item|p2a: Grumpig|Eviolite|[from] move: Trick\n|move|p1a: Dunsparce|Earthquake|p2a: Grumpig\n|-damage|p2a: Grumpig|33/100\n|\n|upkeep\n|turn|18\n|inactive|Time left: 300 sec this turn | 300 sec total\n|\n|t:|1783542782\n|move|p2a: Grumpig|Psyshock|p1a: Dunsparce\n|-damage|p1a: Dunsparce|78/312\n|move|p1a: Dunsparce|Earthquake|p2a: Grumpig\n|-damage|p2a: Grumpig|0 fnt\n|faint|p2a: Grumpig\n|\n|upkeep\n|\n|t:|1783542783\n|switch|p2a: Hitmonchan|Hitmonchan, L87, M|66/100\n|turn|19\n|inactive|Time left: 300 sec this turn | 300 sec total\n|\n|t:|1783542784\n|move|p1a: Dunsparce|Earthquake|p2a: Hitmonchan\n|-damage|p2a: Hitmonchan|0 fnt\n|faint|p2a: Hitmonchan\n|\n|win|p0x316a79f", "uploadtime": 1783542784, "views": 0, "rating": 0, "private": 0, "password": null, "_winner": "p0x316a79f", "_our_name": "p0x316a79f"}