{"id": "battle-gen9randombattle-284", "formatid": "gen9randombattle", "format": "[Gen 9] Random Battle", "players": ["p0x2845102", "p0y284a80d"], "log": "|init|battle\n|title|p0x2845102 vs. p0y284a80d\n|j|\u2606p0x2845102\n|j|\u2606p0y284a80d\n|t:|1783542883\n|gametype|singles\n|player|p1|p0x2845102|102|\n|player|p2|p0y284a80d|102|\n|gen|9\n|tier|[Gen 9] Random Battle\n|rule|Species Clause: Limit one of each Pok\u00e9mon\n|rule|HP Percentage Mod: HP is shown in percentages\n|rule|Sleep Clause Mod: Limit one foe put to sleep\n|rule|Illusion Level Mod: Illusion disguises the Pok\u00e9mon's true level\n|\n|t:|1783542883\n|teamsize|p1|6\n|teamsize|p2|6\n|start\n|switch|p1a: Baxcalibur|Baxcalibur, L75, F|295/295\n|switch|p2a: Chimecho|Chimecho, L93, M|100/100\n|turn|1\n|inactive|Battle timer is ON: inactive players will automatically lose when time's up. (requested by p0x2845102)\n|inactive|p0y284a80d also wants the timer to be on.\n|\n|t:|1783542884\n|move|p2a: Chimecho|Dazzling Gleam|p1a: Baxcalibur\n|-supereffective|p1a: Baxcalibur\n|-damage|p1a: Baxcalibur|129/295\n|move|p1a: Baxcalibur|Swords Dance|p1a: Baxcalibur\n|-boost|p1a: Baxcalibur|atk|2\n|\n|upkeep\n|turn|2\n|inactive|Time left: 300 sec this turn | 300 sec total\n|\n|t:|1783542886\n|-terastallize|p1a: Baxcalibur|Ground\n|move|p1a: Baxcalibur|Scale Shot|p2a: Chimecho\n|-damage|p2a: Chimecho|82/100\n|-damage|p2a: Chimecho|63/100\n|-damage|p2a: Chimecho|43/100\n|-damage|p2a: Chimecho|25/100\n|-damage|p2a: Chimecho|4/100\n|-hitcount|p2a: Chimecho|5\n|-unboost|p1a: Baxcalibur|def|1\n|-boost|p1a: Baxcalibur|spe|1\n|move|p2a: Chimecho|Dazzling Gleam|p1a: Baxcalibur\n|-damage|p1a: Baxcalibur|55/295\n|\n|-heal|p2a: Chimecho|10/100|[from] item: Leftovers\n|upkeep\n|turn|3\n|inactive|Time left: 300 sec this turn | 300 sec total\n|\n|t:|1783542887\n|move|p1a: Baxcalibur|Icicle Spear|p2a: Chimecho\n|-crit|p2a: Chimecho\n|-damage|p2a: Chimecho|0 fnt\n|faint|p2a: Chimecho\n|-hitcount|p2: Chimecho|1\n|\n|upkeep\n|\n|t:|1783542888\n|switch|p2a: Heracross|Heracross, L80, F|100/100\n|turn|4\n|inactive|Time left: 300 sec this turn | 300 sec total\n|\n|t:|1783542889\n|move|p2a: Heracross|Close Combat|p1a: Baxcalibur\n|-damage|p1a: Baxcalibur|0 fnt\n|-unboost|p2a: Heracross|def|1\n|-unboost|p2a: Heracross|spd|1\n|faint|p1a: Baxcalibur\n|-ability|p2a: Heracross|Moxie|boost\n|-boost|p2a: Heracross|atk|1\n|\n|upkeep\n|inactive|Time left: 300 sec this turn | 300 sec total | 5 sec grace\n|\n|t:|1783542890\n|switch|p1a: Slowbro|Slowbro-Galar, L87, M|307/307\n|turn|5\n|inactive|Time left: 300 sec this turn | 300 sec total\n|\n|t:|1783542891\n|switch|p2a: Roaring Moon|Roaring Moon, L72|100/100\n|-enditem|p2a: Roaring Moon|Booster Energy\n|-activate|p2a: Roaring Moon|ability: Protosynthesis|[fromitem]\n|-start|p2a: Roaring Moon|protosynthesisatk\n|move|p1a: Slowbro|Shell Side Arm|p2a: Roaring Moon|[anim] Shell Side Arm Physical\n|-damage|p2a: Roaring Moon|47/100\n|-hint|Physical Shell Side Arm\n|-status|p2a: Roaring Moon|psn\n|\n|-damage|p2a: Roaring Moon|35/100 psn|[from] psn\n|upkeep\n|turn|6\n|inactive|Time left: 300 sec this turn | 300 sec total\n|\n|t:|1783542893\n|move|p2a: Roaring Moon|Knock Off|p1a: Slowbro\n|-supereffective|p1a: Slowbro\n|-damage|p1a: Slowbro|59/307\n|-enditem|p1a: Slowbro|Assault Vest|[from] move: Knock Off|[of] p2a: Roaring Moon\n|move|p1a: Slowbro|Shell Side Arm|p2a: Roaring Moon|[anim] Shell Side Arm Physical\n|-damage|p2a: Roaring Moon|0 fnt\n|-hint|Physical Shell Side Arm\n|faint|p2a: Roaring Moon\n|-end|p2a: Roaring Moon|Protosynthesis|[silent]\n|\n|upkeep\n|\n|t:|1783542894\n|switch|p2a: Meowscarada|Meowscarada, L78, M|100/100\n|turn|7\n|inactive|Time left: 300 sec this turn | 300 sec total\n|\n|t:|1783542895\n|switch|p1a: Kommo-o|Kommo-o, L77, M|242/242\n|move|p2a: Meowscarada|Triple Axel|p1a: Kommo-o|[miss]\n|-start|p2a: Meowscarada|typechange|Ice|[from] ability: Protean\n|-miss|p2a: Meowscarada|p1a: Kommo-o\n|\n|upkeep\n|turn|8\n|inactive|Time left: 300 sec this turn | 300 sec total\n|\n|t:|1783542896\n|switch|p1a: Floatzel|Floatzel, L86, M|286/286\n|move|p2a: Meowscarada|Triple Axel|p1a: Floatzel|[miss]\n|-miss|p2a: Meowscarada|p1a: Floatzel\n|\n|upkeep\n|turn|9\n|inactive|Time left: 300 sec this turn | 300 sec total\n|\n|t:|1783542897\n|move|p1a: Floatzel|Wave Crash|p2a: Meowscarada\n|-damage|p2a: Meowscarada|0 fnt\n|faint|p2a: Meowscarada\n|-damage|p1a: Floatzel|204/286|[from] Recoil\n|\n|upkeep\n|\n|t:|1783542897\n|switch|p2a: Golem|Golem, L87, F|100/100\n|turn|10\n|inactive|Time left: 300 sec this turn | 300 sec total\n|\n|t:|1783542898\n|move|p1a: Floatzel|Wave Crash|p2a: Golem\n|-supereffective|p2a: Golem\n|-ability|p2a: Golem|Sturdy\n|-damage|p2a: Golem|1/100\n|-damage|p1a: Floatzel|112/286|[from] Recoil\n|move|p2a: Golem|Earthquake|p1a: Floatzel\n|-damage|p1a: Floatzel|0 fnt\n|faint|p1a: Floatzel\n|\n|upkeep\n|inactive|Time left: 300 sec this turn | 300 sec total | 5 sec grace\n|\n|t:|1783542899\n|switch|p1a: Kommo-o|Kommo-o, L77, M|242/242\n|turn|11\n|inactive|Time left: 300 sec this turn | 300 sec total\n|-enditem|p2a: Golem|Custap Berry|[eat]\n|-activate|p2a: Golem|item: Custap Berry|[consumed]\n|\n|t:|1783542900\n|move|p2a: Golem|Explosion|p1a: Kommo-o\n|-damage|p1a: Kommo-o|64/242\n|faint|p2a: Golem\n|move|p1a: Kommo-o|Drain Punch|p2: Golem|[notarget]\n|-fail|p1a: Kommo-o\n|\n|upkeep\n|\n|t:|1783542901\n|switch|p2a: Heracross|Heracross, L80, F|100/100\n|turn|12\n|inactive|Time left: 300 sec this turn | 300 sec total\n|\n|t:|1783542902\n|switch|p1a: Slowbro|Slowbro-Galar, L87, M|161/307\n|move|p2a: Heracross|Earthquake|p1a: Slowbro\n|-supereffective|p1a: Slowbro\n|-damage|p1a: Slowbro|7/307\n|\n|upkeep\n|turn|13\n|inactive|Time left: 300 sec this turn | 300 sec total\n|\n|t:|1783542903\n|switch|p1a: Tyranitar|Tyranitar, L78, M|284/284\n|-weather|Sandstorm|[from] ability: Sand Stream|[of] p1a: Tyranitar\n|move|p2a: Heracross|Earthquake|p1a: Tyranitar\n|-supereffective|p1a: Tyranitar\n|-damage|p1a: Tyranitar|150/284\n|\n|-weather|Sandstorm|[upkeep]\n|-damage|p2a: Heracross|94/100|[from] Sandstorm\n|-heal|p1a: Tyranitar|167/284|[from] item: Leftovers\n|upkeep\n|turn|14\n|inactive|Time left: 300 sec this turn | 300 sec total\n|\n|t:|1783542904\n|move|p2a: Heracross|Earthquake|p1a: Tyranitar\n|-supereffective|p1a: Tyranitar\n|-damage|p1a: Tyranitar|11/284\n|move|p1a: Tyranitar|Thunder Wave|p2a: Heracross\n|-status|p2a: Heracross|par\n|\n|-weather|Sandstorm|[upkeep]\n|-damage|p2a: Heracross|88/100 par|[from] Sandstorm\n|-heal|p1a: Tyranitar|28/284|[from] item: Leftovers\n|upkeep\n|turn|15\n|inactive|Time left: 300 sec this turn | 300 sec total\n|\n|t:|1783542905\n|move|p1a: Tyranitar|Knock Off|p2a: Heracross\n|-resisted|p2a: Heracross\n|-damage|p2a: Heracross|63/100 par\n|-enditem|p2a: Heracross|Choice Scarf|[from] move: Knock Off|[of] p1a: Tyranitar\n|move|p2a: Heracross|Earthquake|p1a: Tyranitar\n|-supereffective|p1a: Tyranitar\n|-damage|p1a: Tyranitar|0 fnt\n|faint|p1a: Tyranitar\n|-ability|p2a: Heracross|Moxie|boost\n|-boost|p2a: Heracross|atk|1\n|\n|-weather|Sandstorm|[upkeep]\n|-damage|p2a: Heracross|57/100 par|[from] Sandstorm\n|upkeep\n|inactive|Time left: 300 sec this turn | 300 sec total | 5 sec grace\n|\n|t:|1783542906\n|switch|p1a: Slowbro|Slowbro-Galar, L87, M|109/307\n|turn|16\n|inactive|Time left: 300 sec this turn | 300 sec total\n|\n|t:|1783542907\n|move|p1a: Slowbro|Psychic|p2a: Heracross\n|-supereffective|p2a: Heracross\n|-damage|p2a: Heracross|0 fnt\n|faint|p2a: Heracross\n|\n|-weather|Sandstorm|[upkeep]\n|-damage|p1a: Slowbro|90/307|[from] Sandstorm\n|upkeep\n|\n|t:|1783542908\n|switch|p2a: Palafin|Palafin, L77, F|100/100\n|turn|17\n|inactive|Time left: 300 sec this turn | 300 sec total\n|\n|t:|1783542909\n|move|p2a: Palafin|Bulk Up|p2a: Palafin\n|-boost|p2a: Palafin|atk|1\n|-boost|p2a: Palafin|def|1\n|move|p1a: Slowbro|Psychic|p2a: Palafin\n|-damage|p2a: Palafin|51/100\n|\n|-weather|none\n|-heal|p2a: Palafin|57/100|[from] item: Leftovers\n|upkeep\n|turn|18\n|inactive|Time left: 300 sec this turn | 300 sec total\n|\n|t:|1783542910\n|move|p2a: Palafin|Ice Punch|p1a: Slowbro\n|-damage|p1a: Slowbro|41/307\n|move|p1a: Slowbro|Shell Side Arm|p2a: Palafin|[anim] Shell Side Arm Special\n|-damage|p2a: Palafin|10/100\n|-hint|Special Shell Side Arm\n|\n|-heal|p2a: Palafin|16/100|[from] item: Leftovers\n|upkeep\n|turn|19\n|inactive|Time left: 300 sec this turn | 300 sec total\n|\n|t:|1783542911\n|move|p2a: Palafin|Jet Punch|p1a: Slowbro\n|-damage|p1a: Slowbro|0 fnt\n|faint|p1a: Slowbro\n|\n|-heal|p2a: Palafin|22/100|[from] item: Leftovers\n|upkeep\n|inactive|Time left: 300 sec this turn | 300 sec total | 5 sec grace\n|\n|t:|1783542911\n|switch|p1a: Arceus|Arceus-Rock, L74|300/300\n|turn|20\n|inactive|Time left: 300 sec this turn | 300 sec total\n|\n|t:|1783542912\n|move|p1a: Arceus|Judgment|p2a: Palafin\n|-damage|p2a: Palafin|0 fnt\n|faint|p2a: Palafin\n|\n|win|p0x2845102", "uploadtime": 1783542912, "views": 0, "rating": 0, "private": 0, "password": null, "_winner": "p0x2845102", "_our_name": "p0x2845102"}