{"id": "battle-gen9randombattle-447", "formatid": "gen9randombattle", "format": "[Gen 9] Random Battle", "players": ["p0x447cc99", "p0y447c9b1"], "log": "|init|battle\n|title|p0x447cc99 vs. p0y447c9b1\n|j|\u2606p0x447cc99\n|j|\u2606p0y447c9b1\n|t:|1783544942\n|gametype|singles\n|player|p1|p0x447cc99|265|\n|player|p2|p0y447c9b1|2|\n|gen|9\n|tier|[Gen 9] Random Battle\n|rule|Species Clause: Limit one of each Pok\u00e9mon\n|rule|HP Percentage Mod: HP is shown in percentages\n|rule|Sleep Clause Mod: Limit one foe put to sleep\n|rule|Illusion Level Mod: Illusion disguises the Pok\u00e9mon's true level\n|\n|t:|1783544942\n|teamsize|p1|6\n|teamsize|p2|6\n|start\n|switch|p1a: Iron Boulder|Iron Boulder, L77|100/100\n|switch|p2a: Iron Bundle|Iron Bundle, L78|215/215\n|turn|1\n|inactive|Battle timer is ON: inactive players will automatically lose when time's up. (requested by p0y447c9b1)\n|inactive|p0x447cc99 also wants the timer to be on.\n|\n|t:|1783544944\n|move|p2a: Iron Bundle|Flip Turn|p1a: Iron Boulder\n|-supereffective|p1a: Iron Boulder\n|-damage|p1a: Iron Boulder|60/100\n|inactive|Time left: 300 sec this turn | 300 sec total | 65 sec grace\n|\n|t:|1783544945\n|-end|p2a: Iron Bundle|Quark Drive|[silent]\n|switch|p2a: Hydrapple|Hydrapple, L83, M|312/312|[from] Flip Turn\n|move|p1a: Iron Boulder|Mighty Cleave|p2a: Hydrapple\n|-damage|p2a: Hydrapple|205/312\n|-damage|p1a: Iron Boulder|50/100|[from] item: Life Orb\n|\n|-heal|p2a: Hydrapple|224/312|[from] item: Leftovers\n|upkeep\n|turn|2\n|inactive|Time left: 300 sec this turn | 300 sec total\n|\n|t:|1783544946\n|move|p1a: Iron Boulder|Mighty Cleave|p2a: Hydrapple\n|-damage|p2a: Hydrapple|117/312\n|-damage|p1a: Iron Boulder|40/100|[from] item: Life Orb\n|move|p2a: Hydrapple|Fickle Beam|p1a: Iron Boulder\n|-damage|p1a: Iron Boulder|8/100\n|\n|-heal|p2a: Hydrapple|136/312|[from] item: Leftovers\n|upkeep\n|turn|3\n|inactive|Time left: 300 sec this turn | 300 sec total\n|\n|t:|1783544947\n|move|p1a: Iron Boulder|Mighty Cleave|p2a: Hydrapple\n|-damage|p2a: Hydrapple|33/312\n|-damage|p1a: Iron Boulder|0 fnt|[from] item: Life Orb\n|faint|p1a: Iron Boulder\n|-end|p1a: Iron Boulder|Quark Drive|[silent]\n|move|p2a: Hydrapple|Recover|p2a: Hydrapple\n|-heal|p2a: Hydrapple|189/312\n|\n|-heal|p2a: Hydrapple|208/312|[from] item: Leftovers\n|upkeep\n|\n|t:|1783544948\n|switch|p1a: Armarouge|Armarouge, L80, M|100/100\n|turn|4\n|inactive|Time left: 300 sec this turn | 300 sec total\n|\n|t:|1783544950\n|switch|p2a: Tyranitar|Tyranitar, L78, F|284/284\n|-weather|Sandstorm|[from] ability: Sand Stream|[of] p2a: Tyranitar\n|move|p1a: Armarouge|Armor Cannon|p2a: Tyranitar\n|-resisted|p2a: Tyranitar\n|-damage|p2a: Tyranitar|218/284\n|-unboost|p1a: Armarouge|def|1\n|-unboost|p1a: Armarouge|spd|1\n|\n|-weather|Sandstorm|[upkeep]\n|-damage|p1a: Armarouge|95/100|[from] Sandstorm\n|upkeep\n|turn|5\n|inactive|Time left: 300 sec this turn | 300 sec total\n|\n|t:|1783544951\n|switch|p1a: Clawitzer|Clawitzer, L87, M|100/100\n|move|p2a: Tyranitar|Stone Edge|p1a: Clawitzer\n|-damage|p1a: Clawitzer|59/100\n|\n|-weather|Sandstorm|[upkeep]\n|-damage|p1a: Clawitzer|53/100|[from] Sandstorm\n|upkeep\n|turn|6\n|inactive|Time left: 300 sec this turn | 300 sec total\n|\n|t:|1783544952\n|move|p1a: Clawitzer|Water Pulse|p2a: Tyranitar\n|-supereffective|p2a: Tyranitar\n|-damage|p2a: Tyranitar|0 fnt\n|faint|p2a: Tyranitar\n|\n|-weather|Sandstorm|[upkeep]\n|-damage|p1a: Clawitzer|47/100|[from] Sandstorm\n|upkeep\n|inactive|Time left: 300 sec this turn | 300 sec total | 5 sec grace\n|\n|t:|1783544953\n|switch|p2a: Hydrapple|Hydrapple, L83, M|312/312\n|turn|7\n|inactive|Time left: 300 sec this turn | 300 sec total\n|\n|t:|1783544954\n|switch|p1a: Armarouge|Armarouge, L80, M|95/100\n|move|p2a: Hydrapple|Nasty Plot|p2a: Hydrapple\n|-boost|p2a: Hydrapple|spa|2\n|\n|-weather|Sandstorm|[upkeep]\n|-damage|p1a: Armarouge|89/100|[from] Sandstorm\n|-damage|p2a: Hydrapple|293/312|[from] Sandstorm\n|-heal|p2a: Hydrapple|312/312|[from] item: Leftovers\n|upkeep\n|turn|8\n|inactive|Time left: 300 sec this turn | 300 sec total\n|\n|t:|1783544955\n|move|p1a: Armarouge|Armor Cannon|p2a: Hydrapple\n|-damage|p2a: Hydrapple|83/312\n|-unboost|p1a: Armarouge|def|1\n|-unboost|p1a: Armarouge|spd|1\n|move|p2a: Hydrapple|Earth Power|p1a: Armarouge\n|-supereffective|p1a: Armarouge\n|-damage|p1a: Armarouge|0 fnt\n|faint|p1a: Armarouge\n|\n|-weather|none\n|-heal|p2a: Hydrapple|102/312|[from] item: Leftovers\n|upkeep\n|\n|t:|1783544956\n|switch|p1a: Clawitzer|Clawitzer, L87, M|47/100\n|turn|9\n|inactive|Time left: 300 sec this turn | 300 sec total\n|\n|t:|1783544958\n|switch|p2a: Ho-Oh|Ho-Oh, L71|268/268\n|move|p1a: Clawitzer|Dark Pulse|p2a: Ho-Oh\n|-damage|p2a: Ho-Oh|155/268\n|\n|upkeep\n|turn|10\n|inactive|Time left: 300 sec this turn | 300 sec total\n|\n|t:|1783544959\n|switch|p2a: Krookodile|Krookodile, L79, F|280/280\n|-ability|p2a: Krookodile|Intimidate|boost\n|-unboost|p1a: Clawitzer|atk|1\n|move|p1a: Clawitzer|Dark Pulse|p2a: Krookodile\n|-resisted|p2a: Krookodile\n|-damage|p2a: Krookodile|176/280\n|\n|-heal|p2a: Krookodile|193/280|[from] item: Leftovers\n|upkeep\n|turn|11\n|inactive|Time left: 300 sec this turn | 300 sec total\n|\n|t:|1783544960\n|move|p2a: Krookodile|Knock Off|p1a: Clawitzer\n|-damage|p1a: Clawitzer|7/100\n|-enditem|p1a: Clawitzer|Choice Specs|[from] move: Knock Off|[of] p2a: Krookodile\n|move|p1a: Clawitzer|Dark Pulse|p2a: Krookodile\n|-resisted|p2a: Krookodile\n|-damage|p2a: Krookodile|125/280\n|\n|-heal|p2a: Krookodile|142/280|[from] item: Leftovers\n|upkeep\n|turn|12\n|inactive|Time left: 300 sec this turn | 300 sec total\n|\n|t:|1783544961\n|move|p2a: Krookodile|Knock Off|p1a: Clawitzer\n|-damage|p1a: Clawitzer|0 fnt\n|faint|p1a: Clawitzer\n|\n|-heal|p2a: Krookodile|159/280|[from] item: Leftovers\n|upkeep\n|\n|t:|1783544962\n|switch|p1a: Baxcalibur|Baxcalibur, L75, F|100/100\n|turn|13\n|inactive|Time left: 300 sec this turn | 300 sec total\n|\n|t:|1783544963\n|move|p2a: Krookodile|Knock Off|p1a: Baxcalibur\n|-damage|p1a: Baxcalibur|63/100\n|-enditem|p1a: Baxcalibur|Heavy-Duty Boots|[from] move: Knock Off|[of] p2a: Krookodile\n|move|p1a: Baxcalibur|Dragon Dance|p1a: Baxcalibur\n|-boost|p1a: Baxcalibur|atk|1\n|-boost|p1a: Baxcalibur|spe|1\n|\n|-heal|p2a: Krookodile|176/280|[from] item: Leftovers\n|upkeep\n|turn|14\n|inactive|Time left: 300 sec this turn | 300 sec total\n|\n|t:|1783544965\n|move|p1a: Baxcalibur|Glaive Rush|p2a: Krookodile\n|-damage|p2a: Krookodile|0 fnt\n|-singlemove|p1a: Baxcalibur|Glaive Rush|[silent]\n|faint|p2a: Krookodile\n|\n|upkeep\n|inactive|Time left: 300 sec this turn | 300 sec total | 5 sec grace\n|\n|t:|1783544966\n|switch|p2a: Hydrapple|Hydrapple, L83, M|206/312\n|turn|15\n|inactive|Time left: 300 sec this turn | 300 sec total\n|\n|t:|1783544967\n|-terastallize|p2a: Hydrapple|Steel\n|move|p1a: Baxcalibur|Glaive Rush|p2a: Hydrapple\n|-resisted|p2a: Hydrapple\n|-crit|p2a: Hydrapple\n|-damage|p2a: Hydrapple|77/312\n|-singlemove|p1a: Baxcalibur|Glaive Rush|[silent]\n|move|p2a: Hydrapple|Fickle Beam|p1a: Baxcalibur|[anim] Fickle Beam All Out\n|-activate|p2a: Hydrapple|move: Fickle Beam\n|-supereffective|p1a: Baxcalibur\n|-damage|p1a: Baxcalibur|0 fnt\n|faint|p1a: Baxcalibur\n|\n|-heal|p2a: Hydrapple|96/312|[from] item: Leftovers\n|upkeep\n|\n|t:|1783544968\n|switch|p1a: Cramorant|Cramorant, L86, F|100/100\n|turn|16\n|inactive|Time left: 300 sec this turn | 300 sec total\n|\n|t:|1783544969\n|switch|p2a: Iron Bundle|Iron Bundle, L78|215/215\n|move|p1a: Cramorant|Surf|p2a: Iron Bundle\n|-formechange|p1a: Cramorant|Cramorant-Gulping|\n|-resisted|p2a: Iron Bundle\n|-damage|p2a: Iron Bundle|151/215\n|\n|upkeep\n|turn|17\n|inactive|Time left: 300 sec this turn | 300 sec total\n|\n|t:|1783544970\n|move|p2a: Iron Bundle|Freeze-Dry|p1a: Cramorant\n|-supereffective|p1a: Cramorant\n|-damage|p1a: Cramorant|0 fnt\n|-damage|p2a: Iron Bundle|98/215|[from] ability: Gulp Missile|[of] p1a: Cramorant\n|-unboost|p2a: Iron Bundle|def|1\n|-formechange|p1a: Cramorant|Cramorant|\n|faint|p1a: Cramorant\n|\n|upkeep\n|\n|t:|1783544971\n|switch|p1a: Cinccino|Cinccino, L83, F|100/100\n|turn|18\n|inactive|Time left: 300 sec this turn | 300 sec total\n|\n|t:|1783544972\n|-end|p2a: Iron Bundle|Quark Drive|[silent]\n|switch|p2a: Hydrapple|Hydrapple, L83, M, tera:Steel|200/312\n|move|p1a: Cinccino|Tidy Up|p1a: Cinccino\n|-boost|p1a: Cinccino|atk|1\n|-boost|p1a: Cinccino|spe|1\n|\n|-heal|p2a: Hydrapple|219/312|[from] item: Leftovers\n|upkeep\n|turn|19\n|inactive|Time left: 300 sec this turn | 300 sec total\n|\n|t:|1783544974\n|-terastallize|p1a: Cinccino|Normal\n|move|p1a: Cinccino|Tail Slap|p2a: Hydrapple\n|-resisted|p2a: Hydrapple\n|-crit|p2a: Hydrapple\n|-damage|p2a: Hydrapple|167/312\n|-resisted|p2a: Hydrapple\n|-damage|p2a: Hydrapple|137/312\n|-resisted|p2a: Hydrapple\n|-damage|p2a: Hydrapple|102/312\n|-resisted|p2a: Hydrapple\n|-damage|p2a: Hydrapple|68/312\n|-hitcount|p2a: Hydrapple|4\n|move|p2a: Hydrapple|Fickle Beam|p1a: Cinccino\n|-damage|p1a: Cinccino|53/100\n|\n|-heal|p2a: Hydrapple|87/312|[from] item: Leftovers\n|upkeep\n|turn|20\n|inactive|Time left: 300 sec this turn | 300 sec total\n|\n|t:|1783544975\n|move|p1a: Cinccino|Tail Slap|p2a: Hydrapple\n|-resisted|p2a: Hydrapple\n|-damage|p2a: Hydrapple|56/312\n|-resisted|p2a: Hydrapple\n|-damage|p2a: Hydrapple|22/312\n|-resisted|p2a: Hydrapple\n|-damage|p2a: Hydrapple|0 fnt\n|faint|p2a: Hydrapple\n|-hitcount|p2: Hydrapple|3\n|\n|upkeep\n|inactive|Time left: 300 sec this turn | 300 sec total | 5 sec grace\n|\n|t:|1783544976\n|switch|p2a: Iron Bundle|Iron Bundle, L78|98/215\n|turn|21\n|inactive|Time left: 300 sec this turn | 300 sec total\n|\n|t:|1783544977\n|move|p1a: Cinccino|Bullet Seed|p2a: Iron Bundle\n|-supereffective|p2a: Iron Bundle\n|-damage|p2a: Iron Bundle|34/215\n|-supereffective|p2a: Iron Bundle\n|-damage|p2a: Iron Bundle|0 fnt\n|faint|p2a: Iron Bundle\n|-end|p2a: Iron Bundle|Quark Drive|[silent]\n|-hitcount|p2: Iron Bundle|2\n|\n|upkeep\n|inactive|Time left: 300 sec this turn | 300 sec total | 5 sec grace\n|\n|t:|1783544978\n|switch|p2a: Rotom|Rotom-Fan, L86|226/226\n|turn|22\n|inactive|Time left: 300 sec this turn | 300 sec total\n|\n|t:|1783544979\n|move|p1a: Cinccino|Triple Axel|p2a: Rotom\n|-supereffective|p2a: Rotom\n|-damage|p2a: Rotom|176/226\n|-supereffective|p2a: Rotom\n|-damage|p2a: Rotom|76/226\n|-supereffective|p2a: Rotom\n|-damage|p2a: Rotom|0 fnt\n|faint|p2a: Rotom\n|-hitcount|p2: Rotom|3\n|\n|upkeep\n|inactive|Time left: 300 sec this turn | 300 sec total | 5 sec grace\n|\n|t:|1783544980\n|switch|p2a: Ho-Oh|Ho-Oh, L71|244/268\n|turn|23\n|inactive|Time left: 300 sec this turn | 300 sec total\n|\n|t:|1783544981\n|move|p1a: Cinccino|Tail Slap|p2a: Ho-Oh\n|-damage|p2a: Ho-Oh|154/268\n|-damage|p2a: Ho-Oh|70/268\n|-damage|p2a: Ho-Oh|0 fnt\n|faint|p2a: Ho-Oh\n|-hitcount|p2: Ho-Oh|3\n|\n|win|p0x447cc99", "uploadtime": 1783544981, "views": 0, "rating": 0, "private": 0, "password": null, "_winner": "p0x447cc99", "_our_name": "p0y447c9b1"}