{"id": "battle-gen9randombattle-122", "formatid": "gen9randombattle", "format": "[Gen 9] Random Battle", "players": ["p0x12204ec", "p0y122d2c5"], "log": "|init|battle\n|title|p0x12204ec vs. p0y122d2c5\n|j|\u2606p0x12204ec\n|j|\u2606p0y122d2c5\n|t:|1783540893\n|gametype|singles\n|player|p1|p0x12204ec|265|\n|player|p2|p0y122d2c5|2|\n|gen|9\n|tier|[Gen 9] Random Battle\n|rule|Species Clause: Limit one of each Pok\u00e9mon\n|rule|HP Percentage Mod: HP is shown in percentages\n|rule|Sleep Clause Mod: Limit one foe put to sleep\n|rule|Illusion Level Mod: Illusion disguises the Pok\u00e9mon's true level\n|\n|t:|1783540893\n|teamsize|p1|6\n|teamsize|p2|6\n|start\n|switch|p1a: Bronzong|Bronzong, L88|261/261\n|switch|p2a: Arceus|Arceus-Electric, L70|100/100\n|turn|1\n|inactive|Battle timer is ON: inactive players will automatically lose when time's up. (requested by p0x12204ec)\n|inactive|p0y122d2c5 also wants the timer to be on.\n|\n|t:|1783540894\n|move|p2a: Arceus|Calm Mind|p2a: Arceus\n|-boost|p2a: Arceus|spa|1\n|-boost|p2a: Arceus|spd|1\n|move|p1a: Bronzong|Stealth Rock|p2a: Arceus\n|-sidestart|p2: p0y122d2c5|move: Stealth Rock\n|\n|upkeep\n|turn|2\n|inactive|Time left: 300 sec this turn | 300 sec total\n|\n|t:|1783540896\n|move|p2a: Arceus|Calm Mind|p2a: Arceus\n|-boost|p2a: Arceus|spa|1\n|-boost|p2a: Arceus|spd|1\n|move|p1a: Bronzong|Earthquake|p2a: Arceus\n|-supereffective|p2a: Arceus\n|-damage|p2a: Arceus|55/100\n|\n|upkeep\n|turn|3\n|inactive|Time left: 300 sec this turn | 300 sec total\n|\n|t:|1783540897\n|move|p2a: Arceus|Judgment|p1a: Bronzong\n|-damage|p1a: Bronzong|84/261\n|move|p1a: Bronzong|Earthquake|p2a: Arceus\n|-supereffective|p2a: Arceus\n|-damage|p2a: Arceus|10/100\n|\n|-heal|p1a: Bronzong|100/261|[from] item: Leftovers\n|upkeep\n|turn|4\n|inactive|Time left: 300 sec this turn | 300 sec total\n|\n|t:|1783540898\n|move|p2a: Arceus|Judgment|p1a: Bronzong\n|-damage|p1a: Bronzong|0 fnt\n|faint|p1a: Bronzong\n|\n|upkeep\n|inactive|Time left: 300 sec this turn | 300 sec total | 5 sec grace\n|\n|t:|1783540899\n|switch|p1a: Polteageist|Polteageist-Antique, L78|222/222\n|turn|5\n|inactive|Time left: 300 sec this turn | 300 sec total\n|\n|t:|1783540900\n|move|p2a: Arceus|Recover|p2a: Arceus\n|-heal|p2a: Arceus|60/100\n|move|p1a: Polteageist|Shell Smash|p1a: Polteageist\n|-unboost|p1a: Polteageist|def|1\n|-unboost|p1a: Polteageist|spd|1\n|-boost|p1a: Polteageist|atk|2\n|-boost|p1a: Polteageist|spa|2\n|-boost|p1a: Polteageist|spe|2\n|-enditem|p1a: Polteageist|White Herb\n|-clearnegativeboost|p1a: Polteageist|[silent]\n|\n|upkeep\n|turn|6\n|inactive|Time left: 300 sec this turn | 300 sec total\n|\n|t:|1783540901\n|move|p1a: Polteageist|Stored Power|p2a: Arceus\n|-damage|p2a: Arceus|24/100\n|move|p2a: Arceus|Recover|p2a: Arceus\n|-heal|p2a: Arceus|74/100\n|\n|upkeep\n|turn|7\n|inactive|Time left: 300 sec this turn | 300 sec total\n|\n|t:|1783540902\n|move|p1a: Polteageist|Shadow Ball|p2a: Arceus\n|-damage|p2a: Arceus|41/100\n|move|p2a: Arceus|Judgment|p1a: Polteageist\n|-damage|p1a: Polteageist|44/222\n|\n|upkeep\n|turn|8\n|inactive|Time left: 300 sec this turn | 300 sec total\n|\n|t:|1783540903\n|move|p1a: Polteageist|Strength Sap|p2a: Arceus\n|-unboost|p2a: Arceus|atk|1\n|-heal|p1a: Polteageist|217/222\n|move|p2a: Arceus|Judgment|p1a: Polteageist\n|-damage|p1a: Polteageist|24/222\n|\n|upkeep\n|turn|9\n|inactive|Time left: 300 sec this turn | 300 sec total\n|\n|t:|1783540904\n|move|p1a: Polteageist|Stored Power|p2a: Arceus\n|-damage|p2a: Arceus|6/100\n|move|p2a: Arceus|Judgment|p1a: Polteageist\n|-damage|p1a: Polteageist|0 fnt\n|faint|p1a: Polteageist\n|\n|upkeep\n|inactive|Time left: 300 sec this turn | 300 sec total | 5 sec grace\n|\n|t:|1783540905\n|switch|p1a: Necrozma|Necrozma-Dawn-Wings, L76|272/272\n|turn|10\n|inactive|Time left: 300 sec this turn | 300 sec total\n|\n|t:|1783540907\n|move|p2a: Arceus|Recover|p2a: Arceus\n|-heal|p2a: Arceus|56/100\n|move|p1a: Necrozma|Dragon Dance|p1a: Necrozma\n|-boost|p1a: Necrozma|atk|1\n|-boost|p1a: Necrozma|spe|1\n|\n|upkeep\n|turn|11\n|inactive|Time left: 300 sec this turn | 300 sec total\n|\n|t:|1783540908\n|move|p1a: Necrozma|Photon Geyser|p2a: Arceus\n|-damage|p2a: Arceus|0 fnt\n|faint|p2a: Arceus\n|-damage|p1a: Necrozma|245/272|[from] item: Life Orb\n|\n|upkeep\n|\n|t:|1783540909\n|switch|p2a: Hippowdon|Hippowdon, L82, M|100/100\n|-damage|p2a: Hippowdon|94/100|[from] Stealth Rock\n|-weather|Sandstorm|[from] ability: Sand Stream|[of] p2a: Hippowdon\n|turn|12\n|inactive|Time left: 300 sec this turn | 300 sec total\n|\n|t:|1783540910\n|move|p1a: Necrozma|Moongeist Beam|p2a: Hippowdon\n|-damage|p2a: Hippowdon|28/100\n|-damage|p1a: Necrozma|218/272|[from] item: Life Orb\n|move|p2a: Hippowdon|Whirlwind|p1a: Necrozma\n|drag|p1a: Vaporeon|Vaporeon, L86, M|364/364\n|\n|-weather|Sandstorm|[upkeep]\n|-damage|p1a: Vaporeon|342/364|[from] Sandstorm\n|-heal|p1a: Vaporeon|364/364|[from] item: Leftovers\n|-heal|p2a: Hippowdon|34/100|[from] item: Leftovers\n|upkeep\n|turn|13\n|inactive|Time left: 300 sec this turn | 300 sec total\n|\n|t:|1783540911\n|switch|p2a: Toxicroak|Toxicroak, L84, M|100/100\n|-damage|p2a: Toxicroak|94/100|[from] Stealth Rock\n|move|p1a: Vaporeon|Scald|p2a: Toxicroak\n|-heal|p2a: Toxicroak|100/100|[from] ability: Dry Skin|[of] p1a: Vaporeon\n|\n|-weather|Sandstorm|[upkeep]\n|-damage|p2a: Toxicroak|94/100|[from] Sandstorm\n|-damage|p1a: Vaporeon|342/364|[from] Sandstorm\n|-heal|p1a: Vaporeon|364/364|[from] item: Leftovers\n|upkeep\n|turn|14\n|inactive|Time left: 300 sec this turn | 300 sec total\n|\n|t:|1783540912\n|switch|p1a: Vikavolt|Vikavolt, L83, M|263/263\n|move|p2a: Toxicroak|Gunk Shot|p1a: Vikavolt|[miss]\n|-miss|p2a: Toxicroak|p1a: Vikavolt\n|\n|-weather|Sandstorm|[upkeep]\n|-damage|p2a: Toxicroak|88/100|[from] Sandstorm\n|-damage|p1a: Vikavolt|247/263|[from] Sandstorm\n|upkeep\n|turn|15\n|inactive|Time left: 300 sec this turn | 300 sec total\n|\n|t:|1783540913\n|move|p2a: Toxicroak|Gunk Shot|p1a: Vikavolt\n|-damage|p1a: Vikavolt|40/263\n|-status|p1a: Vikavolt|psn\n|move|p1a: Vikavolt|Sticky Web|p2a: Toxicroak\n|-sidestart|p2: p0y122d2c5|move: Sticky Web\n|\n|-weather|Sandstorm|[upkeep]\n|-damage|p2a: Toxicroak|82/100|[from] Sandstorm\n|-damage|p1a: Vikavolt|24/263 psn|[from] Sandstorm\n|-damage|p1a: Vikavolt|0 fnt|[from] psn\n|faint|p1a: Vikavolt\n|upkeep\n|inactive|Time left: 300 sec this turn | 300 sec total | 5 sec grace\n|\n|t:|1783540914\n|switch|p1a: Necrozma|Necrozma-Dawn-Wings, L76|218/272\n|turn|16\n|inactive|Time left: 300 sec this turn | 300 sec total\n|\n|t:|1783540916\n|move|p2a: Toxicroak|Gunk Shot|p1a: Necrozma\n|-resisted|p1a: Necrozma\n|-damage|p1a: Necrozma|131/272\n|move|p1a: Necrozma|Photon Geyser|p2a: Toxicroak\n|-supereffective|p2a: Toxicroak\n|-damage|p2a: Toxicroak|0 fnt\n|faint|p2a: Toxicroak\n|-damage|p1a: Necrozma|104/272|[from] item: Life Orb\n|\n|-weather|none\n|upkeep\n|\n|t:|1783540917\n|switch|p2a: Dodrio|Dodrio, L85, F|100/100\n|-damage|p2a: Dodrio|76/100|[from] Stealth Rock\n|turn|17\n|inactive|Time left: 300 sec this turn | 300 sec total\n|\n|t:|1783540918\n|move|p2a: Dodrio|Brave Bird|p1a: Necrozma\n|-damage|p1a: Necrozma|0 fnt\n|faint|p1a: Necrozma\n|-damage|p2a: Dodrio|61/100|[from] Recoil\n|\n|upkeep\n|inactive|Time left: 300 sec this turn | 300 sec total | 5 sec grace\n|\n|t:|1783540919\n|switch|p1a: Glaceon|Glaceon, L94, M|275/275\n|turn|18\n|inactive|Time left: 300 sec this turn | 300 sec total\n|\n|t:|1783540920\n|move|p2a: Dodrio|Brave Bird|p1a: Glaceon\n|-damage|p1a: Glaceon|106/275\n|-damage|p2a: Dodrio|38/100|[from] Recoil\n|move|p1a: Glaceon|Freeze-Dry|p2a: Dodrio\n|-supereffective|p2a: Dodrio\n|-crit|p2a: Dodrio\n|-damage|p2a: Dodrio|0 fnt\n|faint|p2a: Dodrio\n|\n|upkeep\n|\n|t:|1783540921\n|switch|p2a: Dragalge|Dragalge, L88, M|100/100\n|-damage|p2a: Dragalge|88/100|[from] Stealth Rock\n|-activate|p2a: Dragalge|move: Sticky Web\n|-unboost|p2a: Dragalge|spe|1\n|turn|19\n|inactive|Time left: 300 sec this turn | 300 sec total\n|\n|t:|1783540922\n|move|p1a: Glaceon|Freeze-Dry|p2a: Dragalge\n|-supereffective|p2a: Dragalge\n|-damage|p2a: Dragalge|25/100\n|move|p2a: Dragalge|Sludge Wave|p1a: Glaceon\n|-damage|p1a: Glaceon|0 fnt\n|faint|p1a: Glaceon\n|\n|-heal|p2a: Dragalge|31/100|[from] item: Leftovers\n|upkeep\n|inactive|Time left: 300 sec this turn | 300 sec total | 5 sec grace\n|\n|t:|1783540923\n|switch|p1a: Vaporeon|Vaporeon, L86, M|364/364\n|turn|20\n|inactive|Time left: 300 sec this turn | 300 sec total\n|\n|t:|1783540924\n|move|p1a: Vaporeon|Wish|p1a: Vaporeon\n|move|p2a: Dragalge|Sludge Wave|p1a: Vaporeon\n|-damage|p1a: Vaporeon|218/364\n|\n|-heal|p1a: Vaporeon|240/364|[from] item: Leftovers\n|-heal|p2a: Dragalge|37/100|[from] item: Leftovers\n|upkeep\n|turn|21\n|inactive|Time left: 300 sec this turn | 300 sec total\n|\n|t:|1783540925\n|move|p1a: Vaporeon|Scald|p2a: Dragalge\n|-resisted|p2a: Dragalge\n|-damage|p2a: Dragalge|23/100\n|-status|p2a: Dragalge|brn\n|move|p2a: Dragalge|Sludge Wave|p1a: Vaporeon\n|-damage|p1a: Vaporeon|98/364\n|\n|-heal|p1a: Vaporeon|280/364|[from] move: Wish|[wisher] Vaporeon\n|-heal|p1a: Vaporeon|302/364|[from] item: Leftovers\n|-heal|p2a: Dragalge|30/100 brn|[from] item: Leftovers\n|-damage|p2a: Dragalge|23/100 brn|[from] brn\n|upkeep\n|turn|22\n|inactive|Time left: 300 sec this turn | 300 sec total\n|\n|t:|1783540926\n|move|p1a: Vaporeon|Protect|p1a: Vaporeon\n|-singleturn|p1a: Vaporeon|Protect\n|move|p2a: Dragalge|Sludge Wave|p1a: Vaporeon\n|-activate|p1a: Vaporeon|move: Protect\n|\n|-heal|p1a: Vaporeon|324/364|[from] item: Leftovers\n|-heal|p2a: Dragalge|30/100 brn|[from] item: Leftovers\n|-damage|p2a: Dragalge|23/100 brn|[from] brn\n|upkeep\n|turn|23\n|inactive|Time left: 300 sec this turn | 300 sec total\n|\n|t:|1783540927\n|move|p1a: Vaporeon|Wish|p1a: Vaporeon\n|move|p2a: Dragalge|Sludge Wave|p1a: Vaporeon\n|-damage|p1a: Vaporeon|186/364\n|\n|-heal|p1a: Vaporeon|208/364|[from] item: Leftovers\n|-heal|p2a: Dragalge|30/100 brn|[from] item: Leftovers\n|-damage|p2a: Dragalge|23/100 brn|[from] brn\n|upkeep\n|turn|24\n|inactive|Time left: 300 sec this turn | 300 sec total\n|\n|t:|1783540927\n|move|p1a: Vaporeon|Scald|p2a: Dragalge\n|-resisted|p2a: Dragalge\n|-damage|p2a: Dragalge|9/100 brn\n|move|p2a: Dragalge|Sludge Wave|p1a: Vaporeon\n|-damage|p1a: Vaporeon|60/364\n|\n|-heal|p1a: Vaporeon|242/364|[from] move: Wish|[wisher] Vaporeon\n|-heal|p1a: Vaporeon|264/364|[from] item: Leftovers\n|-heal|p2a: Dragalge|16/100 brn|[from] item: Leftovers\n|-damage|p2a: Dragalge|9/100 brn|[from] brn\n|upkeep\n|turn|25\n|inactive|Time left: 300 sec this turn | 300 sec total\n|\n|t:|1783540928\n|move|p1a: Vaporeon|Scald|p2a: Dragalge\n|-resisted|p2a: Dragalge\n|-damage|p2a: Dragalge|0 fnt\n|faint|p2a: Dragalge\n|\n|-heal|p1a: Vaporeon|286/364|[from] item: Leftovers\n|upkeep\n|\n|t:|1783540929\n|switch|p2a: Regigigas|Regigigas, L84|100/100\n|-damage|p2a: Regigigas|88/100|[from] Stealth Rock\n|-activate|p2a: Regigigas|move: Sticky Web\n|-unboost|p2a: Regigigas|spe|1\n|-start|p2a: Regigigas|ability: Slow Start\n|turn|26\n|inactive|Time left: 300 sec this turn | 300 sec total\n|\n|t:|1783540930\n|move|p1a: Vaporeon|Scald|p2a: Regigigas\n|-damage|p2a: Regigigas|63/100\n|move|p2a: Regigigas|Body Slam|p1a: Vaporeon\n|-damage|p1a: Vaporeon|193/364\n|\n|-heal|p1a: Vaporeon|215/364|[from] item: Leftovers\n|-heal|p2a: Regigigas|69/100|[from] item: Leftovers\n|upkeep\n|turn|27\n|inactive|Time left: 300 sec this turn | 300 sec total\n|\n|t:|1783540930\n|move|p1a: Vaporeon|Wish|p1a: Vaporeon\n|move|p2a: Regigigas|Knock Off|p1a: Vaporeon\n|-damage|p1a: Vaporeon|154/364\n|-enditem|p1a: Vaporeon|Leftovers|[from] move: Knock Off|[of] p2a: Regigigas\n|\n|-heal|p2a: Regigigas|75/100|[from] item: Leftovers\n|upkeep\n|turn|28\n|inactive|Time left: 300 sec this turn | 300 sec total\n|\n|t:|1783540931\n|move|p1a: Vaporeon|Scald|p2a: Regigigas\n|-damage|p2a: Regigigas|51/100\n|-status|p2a: Regigigas|brn\n|move|p2a: Regigigas|Body Slam|p1a: Vaporeon\n|-damage|p1a: Vaporeon|113/364\n|-status|p1a: Vaporeon|par\n|\n|-heal|p1a: Vaporeon|295/364 par|[from] move: Wish|[wisher] Vaporeon\n|-heal|p2a: Regigigas|57/100 brn|[from] item: Leftovers\n|-damage|p2a: Regigigas|51/100 brn|[from] brn\n|upkeep\n|turn|29\n|inactive|Time left: 300 sec this turn | 300 sec total\n|\n|t:|1783540932\n|move|p1a: Vaporeon|Wish|p1a: Vaporeon\n|move|p2a: Regigigas|Rest|p2a: Regigigas\n|-status|p2a: Regigigas|slp|[from] move: Rest\n|-heal|p2a: Regigigas|100/100 slp|[silent]\n|\n|upkeep\n|turn|30\n|inactive|Time left: 300 sec this turn | 300 sec total\n|\n|t:|1783540933\n|move|p1a: Vaporeon|Scald|p2a: Regigigas\n|-damage|p2a: Regigigas|76/100 slp\n|cant|p2a: Regigigas|slp\n|\n|-heal|p1a: Vaporeon|364/364 par|[from] move: Wish|[wisher] Vaporeon\n|-heal|p2a: Regigigas|82/100 slp|[from] item: Leftovers\n|-end|p2a: Regigigas|Slow Start\n|upkeep\n|turn|31\n|inactive|Time left: 300 sec this turn | 300 sec total\n|\n|t:|1783540934\n|cant|p2a: Regigigas|slp\n|move|p2a: Regigigas|Sleep Talk|p2a: Regigigas\n|move|p2a: Regigigas|Rest||[from] move: Sleep Talk|[still]\n|-fail|p2a: Regigigas\n|move|p1a: Vaporeon|Wish|p1a: Vaporeon\n|\n|-heal|p2a: Regigigas|89/100 slp|[from] item: Leftovers\n|upkeep\n|turn|32\n|inactive|Time left: 300 sec this turn | 300 sec total\n|\n|t:|1783540935\n|-curestatus|p2a: Regigigas|slp|[msg]\n|move|p2a: Regigigas|Sleep Talk||[still]\n|-fail|p2a: Regigigas\n|cant|p1a: Vaporeon|par\n|\n|-heal|p2a: Regigigas|95/100|[from] item: Leftovers\n|upkeep\n|turn|33\n|inactive|Time left: 300 sec this turn | 300 sec total\n|\n|t:|1783540936\n|cant|p1a: Vaporeon|par\n|move|p2a: Regigigas|Body Slam|p1a: Vaporeon\n|-damage|p1a: Vaporeon|199/364 par\n|\n|-heal|p2a: Regigigas|100/100|[from] item: Leftovers\n|upkeep\n|turn|34\n|inactive|Time left: 300 sec this turn | 300 sec total\n|\n|t:|1783540937\n|move|p1a: Vaporeon|Protect|p1a: Vaporeon\n|-singleturn|p1a: Vaporeon|Protect\n|move|p2a: Regigigas|Body Slam|p1a: Vaporeon\n|-activate|p1a: Vaporeon|move: Protect\n|\n|upkeep\n|turn|35\n|inactive|Time left: 300 sec this turn | 300 sec total\n|\n|t:|1783540938\n|move|p2a: Regigigas|Body Slam|p1a: Vaporeon\n|-damage|p1a: Vaporeon|27/364 par\n|cant|p1a: Vaporeon|par\n|\n|upkeep\n|turn|36\n|inactive|Time left: 300 sec this turn | 300 sec total\n|\n|t:|1783540939\n|switch|p2a: Hippowdon|Hippowdon, L82, M|34/100\n|-damage|p2a: Hippowdon|28/100|[from] Stealth Rock\n|-activate|p2a: Hippowdon|move: Sticky Web\n|-unboost|p2a: Hippowdon|spe|1\n|-weather|Sandstorm|[from] ability: Sand Stream|[of] p2a: Hippowdon\n|-terastallize|p1a: Vaporeon|Ground\n|cant|p1a: Vaporeon|par\n|\n|-weather|Sandstorm|[upkeep]\n|-heal|p2a: Hippowdon|34/100|[from] item: Leftovers\n|upkeep\n|turn|37\n|inactive|Time left: 300 sec this turn | 300 sec total\n|\n|t:|1783540940\n|-terastallize|p2a: Hippowdon|Rock\n|move|p1a: Vaporeon|Protect|p1a: Vaporeon\n|-singleturn|p1a: Vaporeon|Protect\n|move|p2a: Hippowdon|Earthquake|p1a: Vaporeon\n|-activate|p1a: Vaporeon|move: Protect\n|\n|-weather|Sandstorm|[upkeep]\n|-heal|p2a: Hippowdon|40/100|[from] item: Leftovers\n|upkeep\n|turn|38\n|inactive|Time left: 300 sec this turn | 300 sec total\n|\n|t:|1783540940\n|cant|p1a: Vaporeon|par\n|move|p2a: Hippowdon|Earthquake|p1a: Vaporeon\n|-damage|p1a: Vaporeon|0 fnt\n|faint|p1a: Vaporeon\n|\n|win|p0y122d2c5", "uploadtime": 1783540940, "views": 0, "rating": 0, "private": 0, "password": null, "_winner": "p0y122d2c5", "_our_name": "p0x12204ec"}