{"id": "battle-gen9randombattle-890", "formatid": "gen9randombattle", "format": "[Gen 9] Random Battle", "players": ["p0x89034b7", "p0y890c419"], "log": "|init|battle\n|title|p0x89034b7 vs. p0y890c419\n|j|\u2606p0x89034b7\n|j|\u2606p0y890c419\n|t:|1783549476\n|gametype|singles\n|player|p1|p0x89034b7|266|\n|player|p2|p0y890c419|169|\n|gen|9\n|tier|[Gen 9] Random Battle\n|rule|Species Clause: Limit one of each Pok\u00e9mon\n|rule|HP Percentage Mod: HP is shown in percentages\n|rule|Sleep Clause Mod: Limit one foe put to sleep\n|rule|Illusion Level Mod: Illusion disguises the Pok\u00e9mon's true level\n|\n|t:|1783549476\n|teamsize|p1|6\n|teamsize|p2|6\n|start\n|switch|p1a: Brambleghast|Brambleghast, L88, M|240/240\n|switch|p2a: Masquerain|Masquerain, L87, F|100/100\n|-ability|p2a: Masquerain|Intimidate|boost\n|-unboost|p1a: Brambleghast|atk|1\n|turn|1\n|inactive|Battle timer is ON: inactive players will automatically lose when time's up. (requested by p0x89034b7)\n|inactive|p0y890c419 also wants the timer to be on.\n|\n|t:|1783549477\n|move|p1a: Brambleghast|Poltergeist|p2a: Masquerain\n|-activate|p2a: Masquerain|move: Poltergeist|Heavy-Duty Boots\n|-damage|p2a: Masquerain|55/100\n|move|p2a: Masquerain|Sticky Web|p1a: Brambleghast\n|-sidestart|p1: p0x89034b7|move: Sticky Web\n|\n|upkeep\n|turn|2\n|inactive|Time left: 300 sec this turn | 300 sec total\n|\n|t:|1783549478\n|move|p1a: Brambleghast|Poltergeist|p2a: Masquerain\n|-activate|p2a: Masquerain|move: Poltergeist|Heavy-Duty Boots\n|-damage|p2a: Masquerain|9/100\n|move|p2a: Masquerain|U-turn|p1a: Brambleghast\n|-damage|p1a: Brambleghast|174/240\n|\n|t:|1783549479\n|switch|p2a: Bisharp|Bisharp, L79, M|100/100|[from] U-turn\n|\n|-heal|p1a: Brambleghast|189/240|[from] item: Leftovers\n|upkeep\n|turn|3\n|inactive|Time left: 300 sec this turn | 300 sec total\n|\n|t:|1783549480\n|switch|p1a: Swanna|Swanna, L89, M|278/278\n|move|p2a: Bisharp|Swords Dance|p2a: Bisharp\n|-boost|p2a: Bisharp|atk|2\n|\n|upkeep\n|turn|4\n|inactive|Time left: 300 sec this turn | 300 sec total\n|\n|t:|1783549481\n|move|p1a: Swanna|Defog|p2a: Bisharp\n|-unboost|p2a: Bisharp|evasion|1\n|-ability|p2a: Bisharp|Defiant|boost\n|-boost|p2a: Bisharp|atk|2\n|-sideend|p1: p0x89034b7|Sticky Web|[from] move: Defog|[of] p1a: Swanna\n|move|p2a: Bisharp|Throat Chop|p1a: Swanna\n|-crit|p1a: Swanna\n|-damage|p1a: Swanna|0 fnt\n|faint|p1a: Swanna\n|\n|upkeep\n|inactive|Time left: 300 sec this turn | 300 sec total | 5 sec grace\n|\n|t:|1783549482\n|switch|p1a: Orthworm|Orthworm, L88, F|266/266\n|turn|5\n|inactive|Time left: 300 sec this turn | 300 sec total\n|\n|t:|1783549483\n|-terastallize|p2a: Bisharp|Flying\n|move|p1a: Orthworm|Coil|p1a: Orthworm\n|-boost|p1a: Orthworm|atk|1\n|-boost|p1a: Orthworm|def|1\n|-boost|p1a: Orthworm|accuracy|1\n|move|p2a: Bisharp|Throat Chop|p1a: Orthworm\n|-damage|p1a: Orthworm|149/266\n|-start|p1a: Orthworm|Throat Chop|[silent]\n|\n|upkeep\n|turn|6\n|inactive|Time left: 300 sec this turn | 300 sec total\n|\n|t:|1783549483\n|move|p1a: Orthworm|Coil|p1a: Orthworm\n|-boost|p1a: Orthworm|atk|1\n|-boost|p1a: Orthworm|def|1\n|-boost|p1a: Orthworm|accuracy|1\n|move|p2a: Bisharp|Throat Chop|p1a: Orthworm\n|-damage|p1a: Orthworm|65/266\n|\n|-end|p1a: Orthworm|Throat Chop|[silent]\n|upkeep\n|turn|7\n|inactive|Time left: 300 sec this turn | 300 sec total\n|\n|t:|1783549484\n|move|p1a: Orthworm|Rest|p1a: Orthworm\n|-status|p1a: Orthworm|slp|[from] move: Rest\n|-heal|p1a: Orthworm|266/266 slp|[silent]\n|-enditem|p1a: Orthworm|Chesto Berry|[eat]\n|-curestatus|p1a: Orthworm|slp|[msg]\n|move|p2a: Bisharp|Throat Chop|p1a: Orthworm\n|-damage|p1a: Orthworm|178/266\n|-start|p1a: Orthworm|Throat Chop|[silent]\n|\n|upkeep\n|turn|8\n|inactive|Time left: 300 sec this turn | 300 sec total\n|\n|t:|1783549485\n|move|p1a: Orthworm|Iron Tail|p2a: Bisharp\n|-damage|p2a: Bisharp|37/100\n|move|p2a: Bisharp|Throat Chop|p1a: Orthworm\n|-damage|p1a: Orthworm|87/266\n|\n|-end|p1a: Orthworm|Throat Chop|[silent]\n|upkeep\n|turn|9\n|inactive|Time left: 300 sec this turn | 300 sec total\n|\n|t:|1783549487\n|move|p1a: Orthworm|Iron Tail|p2a: Bisharp\n|-damage|p2a: Bisharp|0 fnt\n|faint|p2a: Bisharp\n|\n|upkeep\n|\n|t:|1783549488\n|switch|p2a: Masquerain|Masquerain, L87, F|9/100\n|-ability|p2a: Masquerain|Intimidate|boost\n|-unboost|p1a: Orthworm|atk|1\n|turn|10\n|inactive|Time left: 300 sec this turn | 300 sec total\n|\n|t:|1783549489\n|move|p2a: Masquerain|Sticky Web|p1a: Orthworm\n|-sidestart|p1: p0x89034b7|move: Sticky Web\n|move|p1a: Orthworm|Coil|p1a: Orthworm\n|-boost|p1a: Orthworm|atk|1\n|-boost|p1a: Orthworm|def|1\n|-boost|p1a: Orthworm|accuracy|1\n|\n|upkeep\n|turn|11\n|inactive|Time left: 300 sec this turn | 300 sec total\n|\n|t:|1783549490\n|move|p2a: Masquerain|Hurricane|p1a: Orthworm\n|-resisted|p1a: Orthworm\n|-damage|p1a: Orthworm|3/266\n|-start|p1a: Orthworm|confusion\n|-activate|p1a: Orthworm|confusion\n|move|p1a: Orthworm|Iron Tail|p2a: Masquerain\n|-damage|p2a: Masquerain|0 fnt\n|faint|p2a: Masquerain\n|\n|upkeep\n|\n|t:|1783549491\n|switch|p2a: Gurdurr|Gurdurr, L85, F|100/100\n|turn|12\n|inactive|Time left: 300 sec this turn | 300 sec total\n|\n|t:|1783549492\n|move|p2a: Gurdurr|Mach Punch|p1a: Orthworm\n|-supereffective|p1a: Orthworm\n|-damage|p1a: Orthworm|0 fnt\n|faint|p1a: Orthworm\n|\n|upkeep\n|inactive|Time left: 300 sec this turn | 300 sec total | 5 sec grace\n|\n|t:|1783549493\n|switch|p1a: Brambleghast|Brambleghast, L88, M|189/240\n|-activate|p1a: Brambleghast|move: Sticky Web\n|-unboost|p1a: Brambleghast|spe|1\n|turn|13\n|inactive|Time left: 300 sec this turn | 300 sec total\n|\n|t:|1783549494\n|move|p1a: Brambleghast|Poltergeist|p2a: Gurdurr\n|-activate|p2a: Gurdurr|move: Poltergeist|Eviolite\n|-damage|p2a: Gurdurr|64/100\n|move|p2a: Gurdurr|Knock Off|p1a: Brambleghast\n|-supereffective|p1a: Brambleghast\n|-damage|p1a: Brambleghast|7/240\n|-enditem|p1a: Brambleghast|Leftovers|[from] move: Knock Off|[of] p2a: Gurdurr\n|\n|upkeep\n|turn|14\n|inactive|Time left: 300 sec this turn | 300 sec total\n|\n|t:|1783549495\n|move|p1a: Brambleghast|Strength Sap|p2a: Gurdurr\n|-unboost|p2a: Gurdurr|atk|1\n|-heal|p1a: Brambleghast|234/240\n|move|p2a: Gurdurr|Bulk Up|p2a: Gurdurr\n|-boost|p2a: Gurdurr|atk|1\n|-boost|p2a: Gurdurr|def|1\n|\n|upkeep\n|turn|15\n|inactive|Time left: 300 sec this turn | 300 sec total\n|\n|t:|1783549496\n|move|p1a: Brambleghast|Strength Sap|p2a: Gurdurr\n|-unboost|p2a: Gurdurr|atk|1\n|-heal|p1a: Brambleghast|240/240\n|move|p2a: Gurdurr|Bulk Up|p2a: Gurdurr\n|-boost|p2a: Gurdurr|atk|1\n|-boost|p2a: Gurdurr|def|1\n|\n|upkeep\n|turn|16\n|inactive|Time left: 300 sec this turn | 300 sec total\n|\n|t:|1783549498\n|move|p1a: Brambleghast|Poltergeist|p2a: Gurdurr\n|-activate|p2a: Gurdurr|move: Poltergeist|Eviolite\n|-damage|p2a: Gurdurr|47/100\n|move|p2a: Gurdurr|Bulk Up|p2a: Gurdurr\n|-boost|p2a: Gurdurr|atk|1\n|-boost|p2a: Gurdurr|def|1\n|\n|upkeep\n|turn|17\n|inactive|Time left: 300 sec this turn | 300 sec total\n|\n|t:|1783549499\n|move|p1a: Brambleghast|Strength Sap|p2a: Gurdurr\n|-unboost|p2a: Gurdurr|atk|1\n|move|p2a: Gurdurr|Bulk Up|p2a: Gurdurr\n|-boost|p2a: Gurdurr|atk|1\n|-boost|p2a: Gurdurr|def|1\n|\n|upkeep\n|turn|18\n|inactive|Time left: 300 sec this turn | 300 sec total\n|\n|t:|1783549500\n|move|p1a: Brambleghast|Strength Sap|p2a: Gurdurr\n|-unboost|p2a: Gurdurr|atk|1\n|move|p2a: Gurdurr|Knock Off|p1a: Brambleghast\n|-supereffective|p1a: Brambleghast\n|-damage|p1a: Brambleghast|128/240\n|\n|upkeep\n|turn|19\n|inactive|Time left: 300 sec this turn | 300 sec total\n|\n|t:|1783549501\n|move|p1a: Brambleghast|Strength Sap|p2a: Gurdurr\n|-unboost|p2a: Gurdurr|atk|1\n|-heal|p1a: Brambleghast|240/240\n|move|p2a: Gurdurr|Bulk Up|p2a: Gurdurr\n|-boost|p2a: Gurdurr|atk|1\n|-boost|p2a: Gurdurr|def|1\n|\n|upkeep\n|turn|20\n|inactive|Time left: 300 sec this turn | 300 sec total\n|\n|t:|1783549502\n|move|p1a: Brambleghast|Spikes|p2a: Gurdurr\n|-sidestart|p2: p0y890c419|Spikes\n|move|p2a: Gurdurr|Knock Off|p1a: Brambleghast\n|-supereffective|p1a: Brambleghast\n|-damage|p1a: Brambleghast|118/240\n|\n|upkeep\n|turn|21\n|inactive|Time left: 300 sec this turn | 300 sec total\n|\n|t:|1783549503\n|move|p1a: Brambleghast|Strength Sap|p2a: Gurdurr\n|-unboost|p2a: Gurdurr|atk|1\n|-heal|p1a: Brambleghast|240/240\n|move|p2a: Gurdurr|Bulk Up|p2a: Gurdurr\n|-boost|p2a: Gurdurr|atk|1\n|-boost|p2a: Gurdurr|def|1\n|\n|upkeep\n|turn|22\n|inactive|Time left: 300 sec this turn | 300 sec total\n|\n|t:|1783549504\n|move|p1a: Brambleghast|Strength Sap|p2a: Gurdurr\n|-unboost|p2a: Gurdurr|atk|1\n|move|p2a: Gurdurr|Knock Off|p1a: Brambleghast\n|-supereffective|p1a: Brambleghast\n|-damage|p1a: Brambleghast|164/240\n|\n|upkeep\n|turn|23\n|inactive|Time left: 300 sec this turn | 300 sec total\n|\n|t:|1783549505\n|move|p1a: Brambleghast|Strength Sap|p2a: Gurdurr\n|-unboost|p2a: Gurdurr|atk|1\n|-heal|p1a: Brambleghast|240/240\n|move|p2a: Gurdurr|Bulk Up|p2a: Gurdurr\n|-boost|p2a: Gurdurr|atk|1\n|-boost|p2a: Gurdurr|def|0\n|\n|upkeep\n|turn|24\n|inactive|Time left: 300 sec this turn | 300 sec total\n|\n|t:|1783549506\n|move|p1a: Brambleghast|Strength Sap|p2a: Gurdurr\n|-unboost|p2a: Gurdurr|atk|1\n|move|p2a: Gurdurr|Knock Off|p1a: Brambleghast\n|-supereffective|p1a: Brambleghast\n|-damage|p1a: Brambleghast|180/240\n|\n|upkeep\n|turn|25\n|inactive|Time left: 300 sec this turn | 300 sec total\n|\n|t:|1783549507\n|move|p1a: Brambleghast|Strength Sap|p2a: Gurdurr\n|-unboost|p2a: Gurdurr|atk|1\n|-heal|p1a: Brambleghast|240/240\n|move|p2a: Gurdurr|Knock Off|p1a: Brambleghast\n|-supereffective|p1a: Brambleghast\n|-damage|p1a: Brambleghast|196/240\n|\n|upkeep\n|turn|26\n|inactive|Time left: 300 sec this turn | 300 sec total\n|\n|t:|1783549508\n|move|p1a: Brambleghast|Strength Sap|p2a: Gurdurr\n|-unboost|p2a: Gurdurr|atk|1\n|-heal|p1a: Brambleghast|240/240\n|move|p2a: Gurdurr|Knock Off|p1a: Brambleghast\n|-supereffective|p1a: Brambleghast\n|-damage|p1a: Brambleghast|202/240\n|\n|upkeep\n|turn|27\n|inactive|Time left: 300 sec this turn | 300 sec total\n|\n|t:|1783549509\n|switch|p2a: Weezing|Weezing-Galar, L86, M|100/100\n|move|p1a: Brambleghast|Poltergeist|p2a: Weezing\n|-activate|p2a: Weezing|move: Poltergeist|Leftovers\n|-damage|p2a: Weezing|56/100\n|\n|-heal|p2a: Weezing|62/100|[from] item: Leftovers\n|upkeep\n|turn|28\n|inactive|Time left: 300 sec this turn | 300 sec total\n|\n|t:|1783549510\n|move|p2a: Weezing|Will-O-Wisp|p1a: Brambleghast\n|-status|p1a: Brambleghast|brn\n|move|p1a: Brambleghast|Strength Sap|p2a: Weezing\n|-unboost|p2a: Weezing|atk|1\n|-heal|p1a: Brambleghast|240/240 brn\n|\n|-heal|p2a: Weezing|68/100|[from] item: Leftovers\n|-damage|p1a: Brambleghast|225/240 brn|[from] brn\n|upkeep\n|turn|29\n|inactive|Time left: 300 sec this turn | 300 sec total\n|\n|t:|1783549511\n|move|p2a: Weezing|Strange Steam|p1a: Brambleghast\n|-damage|p1a: Brambleghast|126/240 brn\n|move|p1a: Brambleghast|Poltergeist|p2a: Weezing\n|-activate|p2a: Weezing|move: Poltergeist|Leftovers\n|-damage|p2a: Weezing|45/100\n|\n|-heal|p2a: Weezing|50/100|[from] item: Leftovers\n|-damage|p1a: Brambleghast|111/240 brn|[from] brn\n|upkeep\n|turn|30\n|inactive|Time left: 300 sec this turn | 300 sec total\n|\n|t:|1783549512\n|move|p2a: Weezing|Strange Steam|p1a: Brambleghast\n|-crit|p1a: Brambleghast\n|-damage|p1a: Brambleghast|0 fnt\n|faint|p1a: Brambleghast\n|\n|-heal|p2a: Weezing|56/100|[from] item: Leftovers\n|upkeep\n|inactive|Time left: 300 sec this turn | 300 sec total | 5 sec grace\n|\n|t:|1783549512\n|switch|p1a: Gastrodon|Gastrodon-East, L86, M|331/331\n|-activate|p1a: Gastrodon|move: Sticky Web\n|-unboost|p1a: Gastrodon|spe|1\n|turn|31\n|inactive|Time left: 300 sec this turn | 300 sec total\n|\n|t:|1783549514\n|move|p2a: Weezing|Strange Steam|p1a: Gastrodon\n|-damage|p1a: Gastrodon|238/331\n|move|p1a: Gastrodon|Surf|p2a: Weezing\n|-damage|p2a: Weezing|16/100\n|\n|-heal|p2a: Weezing|22/100|[from] item: Leftovers\n|-heal|p1a: Gastrodon|258/331|[from] item: Leftovers\n|upkeep\n|turn|32\n|inactive|Time left: 300 sec this turn | 300 sec total\n|\n|t:|1783549515\n|move|p2a: Weezing|Strange Steam|p1a: Gastrodon\n|-damage|p1a: Gastrodon|171/331\n|move|p1a: Gastrodon|Surf|p2a: Weezing\n|-damage|p2a: Weezing|0 fnt\n|faint|p2a: Weezing\n|\n|-heal|p1a: Gastrodon|191/331|[from] item: Leftovers\n|upkeep\n|\n|t:|1783549516\n|switch|p2a: Gurdurr|Gurdurr, L85, F|47/100\n|-damage|p2a: Gurdurr|35/100|[from] Spikes\n|turn|33\n|inactive|Time left: 300 sec this turn | 300 sec total\n|\n|t:|1783549517\n|move|p2a: Gurdurr|Drain Punch|p1a: Gastrodon\n|-damage|p1a: Gastrodon|79/331\n|-heal|p2a: Gurdurr|55/100|[from] drain|[of] p1a: Gastrodon\n|move|p1a: Gastrodon|Surf|p2a: Gurdurr\n|-damage|p2a: Gurdurr|21/100\n|\n|-heal|p1a: Gastrodon|99/331|[from] item: Leftovers\n|upkeep\n|turn|34\n|inactive|Time left: 300 sec this turn | 300 sec total\n|\n|t:|1783549518\n|-terastallize|p1a: Gastrodon|Poison\n|move|p2a: Gurdurr|Drain Punch|p1a: Gastrodon\n|-resisted|p1a: Gastrodon\n|-damage|p1a: Gastrodon|48/331\n|-heal|p2a: Gurdurr|31/100|[from] drain|[of] p1a: Gastrodon\n|move|p1a: Gastrodon|Recover|p1a: Gastrodon\n|-heal|p1a: Gastrodon|214/331\n|\n|-heal|p1a: Gastrodon|234/331|[from] item: Leftovers\n|upkeep\n|turn|35\n|inactive|Time left: 300 sec this turn | 300 sec total\n|\n|t:|1783549519\n|move|p2a: Gurdurr|Knock Off|p1a: Gastrodon\n|-damage|p1a: Gastrodon|150/331\n|-enditem|p1a: Gastrodon|Leftovers|[from] move: Knock Off|[of] p2a: Gurdurr\n|move|p1a: Gastrodon|Surf|p2a: Gurdurr\n|-damage|p2a: Gurdurr|0 fnt\n|faint|p2a: Gurdurr\n|\n|upkeep\n|\n|t:|1783549520\n|switch|p2a: Sudowoodo|Sudowoodo, L94, M|100/100\n|-damage|p2a: Sudowoodo|88/100|[from] Spikes\n|turn|36\n|inactive|Time left: 300 sec this turn | 300 sec total\n|\n|t:|1783549521\n|move|p2a: Sudowoodo|Earthquake|p1a: Gastrodon\n|-supereffective|p1a: Gastrodon\n|-damage|p1a: Gastrodon|0 fnt\n|faint|p1a: Gastrodon\n|\n|-heal|p2a: Sudowoodo|94/100|[from] item: Leftovers\n|upkeep\n|inactive|Time left: 300 sec this turn | 300 sec total | 5 sec grace\n|\n|t:|1783549522\n|switch|p1a: Hydrapple|Hydrapple, L83, F|312/312\n|-activate|p1a: Hydrapple|move: Sticky Web\n|-unboost|p1a: Hydrapple|spe|1\n|turn|37\n|inactive|Time left: 300 sec this turn | 300 sec total\n|\n|t:|1783549523\n|move|p2a: Sudowoodo|Head Smash|p1a: Hydrapple\n|-damage|p1a: Hydrapple|155/312\n|move|p1a: Hydrapple|Leaf Storm|p2a: Sudowoodo\n|-supereffective|p2a: Sudowoodo\n|-damage|p2a: Sudowoodo|0 fnt\n|-unboost|p1a: Hydrapple|spa|2\n|faint|p2a: Sudowoodo\n|\n|upkeep\n|\n|t:|1783549524\n|switch|p2a: Altaria|Altaria, L89, F|100/100\n|turn|38\n|inactive|Time left: 300 sec this turn | 300 sec total\n|\n|t:|1783549525\n|switch|p1a: Tauros|Tauros, L82, M|257/257\n|-activate|p1a: Tauros|move: Sticky Web\n|-unboost|p1a: Tauros|spe|1\n|move|p2a: Altaria|Brave Bird|p1a: Tauros\n|-damage|p1a: Tauros|152/257\n|-damage|p2a: Altaria|88/100|[from] Recoil\n|\n|upkeep\n|turn|39\n|inactive|Time left: 300 sec this turn | 300 sec total\n|\n|t:|1783549526\n|move|p2a: Altaria|Brave Bird|p1a: Tauros\n|-damage|p1a: Tauros|40/257\n|-damage|p2a: Altaria|75/100|[from] Recoil\n|move|p1a: Tauros|Body Slam|p2a: Altaria\n|-damage|p2a: Altaria|21/100\n|\n|upkeep\n|turn|40\n|inactive|Time left: 300 sec this turn | 300 sec total\n|\n|t:|1783549527\n|move|p2a: Altaria|Roost|p2a: Altaria\n|-heal|p2a: Altaria|71/100\n|-singleturn|p2a: Altaria|move: Roost\n|move|p1a: Tauros|Body Slam|p2a: Altaria\n|-damage|p2a: Altaria|18/100\n|\n|upkeep\n|turn|41\n|inactive|Time left: 300 sec this turn | 300 sec total\n|\n|t:|1783549529\n|move|p2a: Altaria|Roost|p2a: Altaria\n|-heal|p2a: Altaria|68/100\n|-singleturn|p2a: Altaria|move: Roost\n|move|p1a: Tauros|Body Slam|p2a: Altaria\n|-damage|p2a: Altaria|17/100\n|\n|upkeep\n|turn|42\n|inactive|Time left: 300 sec this turn | 300 sec total\n|\n|t:|1783549530\n|move|p2a: Altaria|Roost|p2a: Altaria\n|-heal|p2a: Altaria|67/100\n|-singleturn|p2a: Altaria|move: Roost\n|move|p1a: Tauros|Body Slam|p2a: Altaria\n|-damage|p2a: Altaria|16/100\n|\n|upkeep\n|turn|43\n|inactive|Time left: 300 sec this turn | 300 sec total\n|\n|t:|1783549531\n|move|p2a: Altaria|Roost|p2a: Altaria\n|-heal|p2a: Altaria|66/100\n|-singleturn|p2a: Altaria|move: Roost\n|move|p1a: Tauros|Body Slam|p2a: Altaria\n|-damage|p2a: Altaria|13/100\n|\n|upkeep\n|turn|44\n|inactive|Time left: 300 sec this turn | 300 sec total\n|\n|t:|1783549531\n|move|p2a: Altaria|Roost|p2a: Altaria\n|-heal|p2a: Altaria|63/100\n|-singleturn|p2a: Altaria|move: Roost\n|move|p1a: Tauros|Body Slam|p2a: Altaria\n|-damage|p2a: Altaria|11/100\n|\n|upkeep\n|turn|45\n|inactive|Time left: 300 sec this turn | 300 sec total\n|\n|t:|1783549533\n|move|p2a: Altaria|Roost|p2a: Altaria\n|-heal|p2a: Altaria|61/100\n|-singleturn|p2a: Altaria|move: Roost\n|move|p1a: Tauros|Body Slam|p2a: Altaria\n|-damage|p2a: Altaria|13/100\n|\n|upkeep\n|turn|46\n|inactive|Time left: 300 sec this turn | 300 sec total\n|\n|t:|1783549533\n|move|p2a: Altaria|Roost|p2a: Altaria\n|-heal|p2a: Altaria|63/100\n|-singleturn|p2a: Altaria|move: Roost\n|move|p1a: Tauros|Body Slam|p2a: Altaria\n|-damage|p2a: Altaria|16/100\n|\n|upkeep\n|turn|47\n|inactive|Time left: 300 sec this turn | 300 sec total\n|\n|t:|1783549534\n|move|p2a: Altaria|Roost|p2a: Altaria\n|-heal|p2a: Altaria|66/100\n|-singleturn|p2a: Altaria|move: Roost\n|move|p1a: Tauros|Body Slam|p2a: Altaria\n|-damage|p2a: Altaria|15/100\n|\n|upkeep\n|turn|48\n|inactive|Time left: 300 sec this turn | 300 sec total\n|\n|t:|1783549535\n|move|p2a: Altaria|Brave Bird|p1a: Tauros\n|-damage|p1a: Tauros|0 fnt\n|faint|p1a: Tauros\n|-damage|p2a: Altaria|11/100|[from] Recoil\n|\n|upkeep\n|inactive|Time left: 300 sec this turn | 300 sec total | 5 sec grace\n|\n|t:|1783549536\n|switch|p1a: Hydrapple|Hydrapple, L83, F|259/312\n|-activate|p1a: Hydrapple|move: Sticky Web\n|-unboost|p1a: Hydrapple|spe|1\n|turn|49\n|inactive|Time left: 300 sec this turn | 300 sec total\n|\n|t:|1783549537\n|move|p2a: Altaria|Will-O-Wisp|p1a: Hydrapple\n|-status|p1a: Hydrapple|brn\n|move|p1a: Hydrapple|Fickle Beam|p2a: Altaria\n|-supereffective|p2a: Altaria\n|-damage|p2a: Altaria|0 fnt\n|faint|p2a: Altaria\n|\n|win|p0x89034b7", "uploadtime": 1783549537, "views": 0, "rating": 0, "private": 0, "password": null, "_winner": "p0x89034b7", "_our_name": "p0x89034b7"}