{"id": "battle-gen9randombattle-1205", "formatid": "gen9randombattle", "format": "[Gen 9] Random Battle", "players": ["p0x12052bc6", "p0y1205fe85"], "log": "|init|battle\n|title|p0x12052bc6 vs. p0y1205fe85\n|j|\u2606p0x12052bc6\n|j|\u2606p0y1205fe85\n|t:|1783553071\n|gametype|singles\n|player|p1|p0x12052bc6|2|\n|player|p2|p0y1205fe85|170|\n|gen|9\n|tier|[Gen 9] Random Battle\n|rule|Species Clause: Limit one of each Pok\u00e9mon\n|rule|HP Percentage Mod: HP is shown in percentages\n|rule|Sleep Clause Mod: Limit one foe put to sleep\n|rule|Illusion Level Mod: Illusion disguises the Pok\u00e9mon's true level\n|\n|t:|1783553071\n|teamsize|p1|6\n|teamsize|p2|6\n|start\n|switch|p1a: Frosmoth|Frosmoth, L82, M|100/100\n|switch|p2a: Kilowattrel|Kilowattrel, L83, F|252/252\n|turn|1\n|inactive|Battle timer is ON: inactive players will automatically lose when time's up. (requested by p0x12052bc6)\n|inactive|Time left: 300 sec this turn | 300 sec total | 60 sec grace\n|inactive|p0y1205fe85 also wants the timer to be on.\n|\n|t:|1783553073\n|move|p2a: Kilowattrel|Hurricane|p1a: Frosmoth\n|-supereffective|p1a: Frosmoth\n|-damage|p1a: Frosmoth|54/100\n|move|p1a: Frosmoth|Quiver Dance|p1a: Frosmoth\n|-boost|p1a: Frosmoth|spa|1\n|-boost|p1a: Frosmoth|spd|1\n|-boost|p1a: Frosmoth|spe|1\n|\n|upkeep\n|turn|2\n|inactive|Time left: 300 sec this turn | 300 sec total\n|\n|t:|1783553074\n|switch|p2a: Beartic|Beartic, L91, M|321/321\n|move|p1a: Frosmoth|Ice Beam|p2a: Beartic\n|-resisted|p2a: Beartic\n|-damage|p2a: Beartic|246/321\n|\n|upkeep\n|turn|3\n|inactive|Time left: 300 sec this turn | 300 sec total\n|\n|t:|1783553075\n|move|p1a: Frosmoth|Giga Drain|p2a: Beartic\n|-damage|p2a: Beartic|148/321\n|-heal|p1a: Frosmoth|73/100|[from] drain|[of] p2a: Beartic\n|move|p2a: Beartic|Close Combat|p1a: Frosmoth\n|-damage|p1a: Frosmoth|8/100\n|-unboost|p2a: Beartic|def|1\n|-unboost|p2a: Beartic|spd|1\n|\n|upkeep\n|turn|4\n|inactive|Time left: 300 sec this turn | 300 sec total\n|\n|t:|1783553076\n|-terastallize|p1a: Frosmoth|Ground\n|move|p2a: Beartic|Aqua Jet|p1a: Frosmoth\n|-supereffective|p1a: Frosmoth\n|-damage|p1a: Frosmoth|0 fnt\n|faint|p1a: Frosmoth\n|\n|upkeep\n|\n|t:|1783553077\n|switch|p1a: Arbok|Arbok, L87, M|100/100\n|-ability|p1a: Arbok|Intimidate|boost\n|-unboost|p2a: Beartic|atk|1\n|turn|5\n|inactive|Time left: 300 sec this turn | 300 sec total\n|\n|t:|1783553078\n|switch|p2a: Necrozma|Necrozma, L80|286/286\n|move|p1a: Arbok|Coil|p1a: Arbok\n|-boost|p1a: Arbok|atk|1\n|-boost|p1a: Arbok|def|1\n|-boost|p1a: Arbok|accuracy|1\n|\n|upkeep\n|turn|6\n|inactive|Time left: 300 sec this turn | 300 sec total\n|\n|t:|1783553079\n|switch|p1a: Hydrapple|Hydrapple, L83, F|100/100\n|move|p2a: Necrozma|Photon Geyser|p1a: Hydrapple\n|-damage|p1a: Hydrapple|74/100\n|\n|upkeep\n|turn|7\n|inactive|Time left: 300 sec this turn | 300 sec total\n|\n|t:|1783553080\n|move|p2a: Necrozma|Calm Mind|p2a: Necrozma\n|-boost|p2a: Necrozma|spa|1\n|-boost|p2a: Necrozma|spd|1\n|move|p1a: Hydrapple|Fickle Beam|p2a: Necrozma\n|-damage|p2a: Necrozma|216/286\n|\n|-heal|p2a: Necrozma|233/286|[from] item: Leftovers\n|upkeep\n|turn|8\n|inactive|Time left: 300 sec this turn | 300 sec total\n|\n|t:|1783553081\n|move|p2a: Necrozma|Photon Geyser|p1a: Hydrapple\n|-damage|p1a: Hydrapple|34/100\n|move|p1a: Hydrapple|Dragon Tail|p2a: Necrozma|[miss]\n|-miss|p1a: Hydrapple|p2a: Necrozma\n|\n|-heal|p2a: Necrozma|250/286|[from] item: Leftovers\n|upkeep\n|turn|9\n|inactive|Time left: 300 sec this turn | 300 sec total\n|\n|t:|1783553082\n|switch|p1a: Spiritomb|Spiritomb, L89, M|100/100\n|move|p2a: Necrozma|Photon Geyser|p1a: Spiritomb\n|-immune|p1a: Spiritomb\n|\n|-heal|p2a: Necrozma|267/286|[from] item: Leftovers\n|upkeep\n|turn|10\n|inactive|Time left: 300 sec this turn | 300 sec total\n|\n|t:|1783553083\n|move|p2a: Necrozma|Earth Power|p1a: Spiritomb\n|-damage|p1a: Spiritomb|65/100\n|move|p1a: Spiritomb|Poltergeist|p2a: Necrozma\n|-activate|p2a: Necrozma|move: Poltergeist|Leftovers\n|-supereffective|p2a: Necrozma\n|-damage|p2a: Necrozma|83/286\n|\n|-heal|p2a: Necrozma|100/286|[from] item: Leftovers\n|-heal|p1a: Spiritomb|71/100|[from] item: Leftovers\n|upkeep\n|turn|11\n|inactive|Time left: 300 sec this turn | 300 sec total\n|\n|t:|1783553084\n|move|p2a: Necrozma|Moonlight|p2a: Necrozma\n|-heal|p2a: Necrozma|243/286\n|move|p1a: Spiritomb|Foul Play|p2a: Necrozma\n|-supereffective|p2a: Necrozma\n|-damage|p2a: Necrozma|116/286\n|\n|-heal|p2a: Necrozma|133/286|[from] item: Leftovers\n|-heal|p1a: Spiritomb|77/100|[from] item: Leftovers\n|upkeep\n|turn|12\n|inactive|Time left: 300 sec this turn | 300 sec total\n|\n|t:|1783553085\n|move|p2a: Necrozma|Moonlight|p2a: Necrozma\n|-heal|p2a: Necrozma|276/286\n|move|p1a: Spiritomb|Foul Play|p2a: Necrozma\n|-supereffective|p2a: Necrozma\n|-damage|p2a: Necrozma|155/286\n|\n|-heal|p2a: Necrozma|172/286|[from] item: Leftovers\n|-heal|p1a: Spiritomb|83/100|[from] item: Leftovers\n|upkeep\n|turn|13\n|inactive|Time left: 300 sec this turn | 300 sec total\n|\n|t:|1783553086\n|-terastallize|p2a: Necrozma|Ground\n|move|p2a: Necrozma|Earth Power|p1a: Spiritomb\n|-damage|p1a: Spiritomb|23/100\n|move|p1a: Spiritomb|Poltergeist|p2a: Necrozma\n|-activate|p2a: Necrozma|move: Poltergeist|Leftovers\n|-damage|p2a: Necrozma|58/286\n|\n|-heal|p2a: Necrozma|75/286|[from] item: Leftovers\n|-heal|p1a: Spiritomb|29/100|[from] item: Leftovers\n|upkeep\n|turn|14\n|inactive|Time left: 300 sec this turn | 300 sec total\n|\n|t:|1783553087\n|move|p1a: Spiritomb|Sucker Punch||[still]\n|-fail|p1a: Spiritomb\n|move|p2a: Necrozma|Moonlight|p2a: Necrozma\n|-heal|p2a: Necrozma|218/286\n|\n|-heal|p2a: Necrozma|235/286|[from] item: Leftovers\n|-heal|p1a: Spiritomb|35/100|[from] item: Leftovers\n|upkeep\n|turn|15\n|inactive|Time left: 300 sec this turn | 300 sec total\n|\n|t:|1783553088\n|switch|p1a: Hydrapple|Hydrapple, L83, F|67/100\n|move|p2a: Necrozma|Earth Power|p1a: Hydrapple\n|-resisted|p1a: Hydrapple\n|-damage|p1a: Hydrapple|49/100\n|\n|-heal|p2a: Necrozma|252/286|[from] item: Leftovers\n|upkeep\n|turn|16\n|inactive|Time left: 300 sec this turn | 300 sec total\n|\n|t:|1783553089\n|move|p2a: Necrozma|Photon Geyser|p1a: Hydrapple\n|-damage|p1a: Hydrapple|5/100\n|move|p1a: Hydrapple|Dragon Tail|p2a: Necrozma\n|-damage|p2a: Necrozma|201/286\n|drag|p2a: Beartic|Beartic, L91, M|148/321\n|\n|upkeep\n|turn|17\n|inactive|Time left: 300 sec this turn | 300 sec total\n|\n|t:|1783553090\n|switch|p1a: Arbok|Arbok, L87, M|100/100\n|-ability|p1a: Arbok|Intimidate|boost\n|-unboost|p2a: Beartic|atk|1\n|move|p2a: Beartic|Icicle Crash|p1a: Arbok\n|-damage|p1a: Arbok|61/100\n|\n|-heal|p1a: Arbok|67/100|[from] item: Leftovers\n|upkeep\n|turn|18\n|inactive|Time left: 300 sec this turn | 300 sec total\n|\n|t:|1783553091\n|switch|p2a: Necrozma|Necrozma, L80, tera:Ground|201/286\n|move|p1a: Arbok|Coil|p1a: Arbok\n|-boost|p1a: Arbok|atk|1\n|-boost|p1a: Arbok|def|1\n|-boost|p1a: Arbok|accuracy|1\n|\n|-heal|p1a: Arbok|73/100|[from] item: Leftovers\n|-heal|p2a: Necrozma|218/286|[from] item: Leftovers\n|upkeep\n|turn|19\n|inactive|Time left: 300 sec this turn | 300 sec total\n|\n|t:|1783553092\n|switch|p1a: Hydrapple|Hydrapple, L83, F|39/100\n|move|p2a: Necrozma|Earth Power|p1a: Hydrapple\n|-resisted|p1a: Hydrapple\n|-damage|p1a: Hydrapple|25/100\n|\n|-heal|p2a: Necrozma|235/286|[from] item: Leftovers\n|upkeep\n|turn|20\n|inactive|Time left: 300 sec this turn | 300 sec total\n|\n|t:|1783553093\n|switch|p1a: Spiritomb|Spiritomb, L89, M|35/100\n|move|p2a: Necrozma|Photon Geyser|p1a: Spiritomb\n|-immune|p1a: Spiritomb\n|\n|-heal|p2a: Necrozma|252/286|[from] item: Leftovers\n|-heal|p1a: Spiritomb|41/100|[from] item: Leftovers\n|upkeep\n|turn|21\n|inactive|Time left: 300 sec this turn | 300 sec total\n|\n|t:|1783553094\n|move|p2a: Necrozma|Calm Mind|p2a: Necrozma\n|-boost|p2a: Necrozma|spa|1\n|-boost|p2a: Necrozma|spd|1\n|move|p1a: Spiritomb|Pain Split|p2a: Necrozma\n|-sethp|p2a: Necrozma|173/286|[from] move: Pain Split|[silent]\n|-sethp|p1a: Spiritomb|74/100|[from] move: Pain Split\n|\n|-heal|p2a: Necrozma|190/286|[from] item: Leftovers\n|-heal|p1a: Spiritomb|80/100|[from] item: Leftovers\n|upkeep\n|turn|22\n|inactive|Time left: 300 sec this turn | 300 sec total\n|\n|t:|1783553095\n|move|p2a: Necrozma|Earth Power|p1a: Spiritomb\n|-damage|p1a: Spiritomb|20/100\n|move|p1a: Spiritomb|Pain Split|p2a: Necrozma\n|-sethp|p2a: Necrozma|117/286|[from] move: Pain Split|[silent]\n|-sethp|p1a: Spiritomb|50/100|[from] move: Pain Split\n|\n|-heal|p2a: Necrozma|134/286|[from] item: Leftovers\n|-heal|p1a: Spiritomb|56/100|[from] item: Leftovers\n|upkeep\n|turn|23\n|inactive|Time left: 300 sec this turn | 300 sec total\n|\n|t:|1783553096\n|move|p2a: Necrozma|Earth Power|p1a: Spiritomb\n|-crit|p1a: Spiritomb\n|-damage|p1a: Spiritomb|0 fnt\n|faint|p1a: Spiritomb\n|\n|-heal|p2a: Necrozma|151/286|[from] item: Leftovers\n|upkeep\n|\n|t:|1783553097\n|switch|p1a: Hydrapple|Hydrapple, L83, F|59/100\n|turn|24\n|inactive|Time left: 300 sec this turn | 300 sec total\n|\n|t:|1783553098\n|move|p2a: Necrozma|Photon Geyser|p1a: Hydrapple\n|-damage|p1a: Hydrapple|19/100\n|move|p1a: Hydrapple|Dragon Tail|p2a: Necrozma\n|-damage|p2a: Necrozma|102/286\n|drag|p2a: Kilowattrel|Kilowattrel, L83, F|252/252\n|\n|upkeep\n|turn|25\n|inactive|Time left: 300 sec this turn | 300 sec total\n|\n|t:|1783553099\n|switch|p1a: Arbok|Arbok, L87, M|73/100\n|-ability|p1a: Arbok|Intimidate|boost\n|-unboost|p2a: Kilowattrel|atk|1\n|move|p2a: Kilowattrel|Hurricane|p1a: Arbok\n|-damage|p1a: Arbok|17/100\n|-start|p1a: Arbok|confusion\n|\n|-heal|p1a: Arbok|23/100|[from] item: Leftovers\n|upkeep\n|turn|26\n|inactive|Time left: 300 sec this turn | 300 sec total\n|\n|t:|1783553100\n|switch|p1a: Hydrapple|Hydrapple, L83, F|53/100\n|move|p2a: Kilowattrel|Hurricane|p1a: Hydrapple|[miss]\n|-miss|p2a: Kilowattrel|p1a: Hydrapple\n|\n|upkeep\n|turn|27\n|inactive|Time left: 300 sec this turn | 300 sec total\n|\n|t:|1783553101\n|move|p2a: Kilowattrel|Hurricane|p1a: Hydrapple|[miss]\n|-miss|p2a: Kilowattrel|p1a: Hydrapple\n|move|p1a: Hydrapple|Fickle Beam|p2a: Kilowattrel|[anim] Fickle Beam All Out\n|-activate|p1a: Hydrapple|move: Fickle Beam\n|-damage|p2a: Kilowattrel|0 fnt\n|faint|p2a: Kilowattrel\n|\n|upkeep\n|inactive|Time left: 300 sec this turn | 300 sec total | 5 sec grace\n|\n|t:|1783553102\n|switch|p2a: Beartic|Beartic, L91, M|148/321\n|turn|28\n|inactive|Time left: 300 sec this turn | 300 sec total\n|\n|t:|1783553103\n|switch|p1a: Orthworm|Orthworm, L88, F|100/100\n|move|p2a: Beartic|Icicle Crash|p1a: Orthworm\n|-resisted|p1a: Orthworm\n|-damage|p1a: Orthworm|84/100\n|\n|-heal|p1a: Orthworm|90/100|[from] item: Leftovers\n|upkeep\n|turn|29\n|inactive|Time left: 300 sec this turn | 300 sec total\n|\n|t:|1783553104\n|switch|p2a: Dragapult|Dragapult, L77, M|262/262\n|move|p1a: Orthworm|Body Press|p2a: Dragapult\n|-immune|p2a: Dragapult\n|\n|-heal|p1a: Orthworm|96/100|[from] item: Leftovers\n|upkeep\n|turn|30\n|inactive|Time left: 300 sec this turn | 300 sec total\n|\n|t:|1783553105\n|move|p2a: Dragapult|Fire Blast|p1a: Orthworm|[miss]\n|-miss|p2a: Dragapult|p1a: Orthworm\n|move|p1a: Orthworm|Heavy Slam|p2a: Dragapult\n|-damage|p2a: Dragapult|112/262\n|\n|-heal|p1a: Orthworm|100/100|[from] item: Leftovers\n|upkeep\n|turn|31\n|inactive|Time left: 300 sec this turn | 300 sec total\n|\n|t:|1783553106\n|switch|p1a: Hydrapple|Hydrapple, L83, F|86/100\n|move|p2a: Dragapult|Fire Blast|p1a: Hydrapple\n|-damage|p1a: Hydrapple|63/100\n|\n|upkeep\n|turn|32\n|inactive|Time left: 300 sec this turn | 300 sec total\n|\n|t:|1783553107\n|switch|p2a: Beartic|Beartic, L91, M|148/321\n|move|p1a: Hydrapple|Fickle Beam|p2a: Beartic\n|-damage|p2a: Beartic|49/321\n|\n|upkeep\n|turn|33\n|inactive|Time left: 300 sec this turn | 300 sec total\n|\n|t:|1783553108\n|switch|p1a: Orthworm|Orthworm, L88, F|100/100\n|move|p2a: Beartic|Icicle Crash|p1a: Orthworm\n|-resisted|p1a: Orthworm\n|-damage|p1a: Orthworm|85/100\n|\n|-heal|p1a: Orthworm|91/100|[from] item: Leftovers\n|upkeep\n|turn|34\n|inactive|Time left: 300 sec this turn | 300 sec total\n|\n|t:|1783553109\n|switch|p2a: Necrozma|Necrozma, L80, tera:Ground|102/286\n|move|p1a: Orthworm|Heavy Slam|p2a: Necrozma\n|-damage|p2a: Necrozma|60/286\n|\n|-heal|p2a: Necrozma|77/286|[from] item: Leftovers\n|-heal|p1a: Orthworm|97/100|[from] item: Leftovers\n|upkeep\n|turn|35\n|inactive|Time left: 300 sec this turn | 300 sec total\n|\n|t:|1783553110\n|move|p2a: Necrozma|Moonlight|p2a: Necrozma\n|-heal|p2a: Necrozma|220/286\n|move|p1a: Orthworm|Body Press|p2a: Necrozma\n|-damage|p2a: Necrozma|134/286\n|\n|-heal|p2a: Necrozma|151/286|[from] item: Leftovers\n|-heal|p1a: Orthworm|100/100|[from] item: Leftovers\n|upkeep\n|turn|36\n|inactive|Time left: 300 sec this turn | 300 sec total\n|\n|t:|1783553111\n|move|p2a: Necrozma|Calm Mind|p2a: Necrozma\n|-boost|p2a: Necrozma|spa|1\n|-boost|p2a: Necrozma|spd|1\n|move|p1a: Orthworm|Spikes|p2a: Necrozma\n|-sidestart|p2: p0y1205fe85|Spikes\n|\n|-heal|p2a: Necrozma|168/286|[from] item: Leftovers\n|upkeep\n|turn|37\n|inactive|Time left: 300 sec this turn | 300 sec total\n|\n|t:|1783553112\n|move|p2a: Necrozma|Photon Geyser|p1a: Orthworm\n|-resisted|p1a: Orthworm\n|-damage|p1a: Orthworm|58/100\n|move|p1a: Orthworm|Spikes|p2a: Necrozma\n|-sidestart|p2: p0y1205fe85|Spikes\n|\n|-heal|p2a: Necrozma|185/286|[from] item: Leftovers\n|-heal|p1a: Orthworm|64/100|[from] item: Leftovers\n|upkeep\n|turn|38\n|inactive|Time left: 300 sec this turn | 300 sec total\n|\n|t:|1783553114\n|switch|p1a: Hydrapple|Hydrapple, L83, F|97/100\n|move|p2a: Necrozma|Photon Geyser|p1a: Hydrapple\n|-damage|p1a: Hydrapple|52/100\n|\n|-heal|p2a: Necrozma|202/286|[from] item: Leftovers\n|upkeep\n|turn|39\n|inactive|Time left: 300 sec this turn | 300 sec total\n|\n|t:|1783553115\n|move|p2a: Necrozma|Moonlight|p2a: Necrozma\n|-heal|p2a: Necrozma|286/286\n|move|p1a: Hydrapple|Giga Drain|p2a: Necrozma\n|-supereffective|p2a: Necrozma\n|-damage|p2a: Necrozma|183/286\n|-heal|p1a: Hydrapple|69/100|[from] drain|[of] p2a: Necrozma\n|\n|-heal|p2a: Necrozma|200/286|[from] item: Leftovers\n|upkeep\n|turn|40\n|inactive|Time left: 300 sec this turn | 300 sec total\n|\n|t:|1783553116\n|move|p2a: Necrozma|Earth Power|p1a: Hydrapple\n|-resisted|p1a: Hydrapple\n|-crit|p1a: Hydrapple\n|-damage|p1a: Hydrapple|43/100\n|move|p1a: Hydrapple|Dragon Tail|p2a: Necrozma\n|-damage|p2a: Necrozma|146/286\n|drag|p2a: Beartic|Beartic, L91, M|49/321\n|\n|upkeep\n|turn|41\n|inactive|Time left: 300 sec this turn | 300 sec total\n|\n|t:|1783553117\n|switch|p1a: Orthworm|Orthworm, L88, F|64/100\n|move|p2a: Beartic|Icicle Crash|p1a: Orthworm\n|-resisted|p1a: Orthworm\n|-damage|p1a: Orthworm|49/100\n|\n|-heal|p1a: Orthworm|55/100|[from] item: Leftovers\n|upkeep\n|turn|42\n|inactive|Time left: 300 sec this turn | 300 sec total\n|\n|t:|1783553118\n|move|p2a: Beartic|Aqua Jet|p1a: Orthworm\n|-damage|p1a: Orthworm|44/100\n|move|p1a: Orthworm|Body Press|p2a: Beartic\n|-supereffective|p2a: Beartic\n|-damage|p2a: Beartic|0 fnt\n|faint|p2a: Beartic\n|\n|-heal|p1a: Orthworm|50/100|[from] item: Leftovers\n|upkeep\n|inactive|Time left: 300 sec this turn | 300 sec total | 5 sec grace\n|\n|t:|1783553119\n|switch|p2a: Hawlucha|Hawlucha, L80, F|256/256\n|turn|43\n|inactive|Time left: 300 sec this turn | 300 sec total\n|\n|t:|1783553120\n|switch|p1a: Hydrapple|Hydrapple, L83, F|76/100\n|move|p2a: Hawlucha|Close Combat|p1a: Hydrapple\n|-damage|p1a: Hydrapple|47/100\n|-unboost|p2a: Hawlucha|def|1\n|-unboost|p2a: Hawlucha|spd|1\n|-enditem|p2a: Hawlucha|White Herb\n|-clearnegativeboost|p2a: Hawlucha|[silent]\n|\n|upkeep\n|turn|44\n|inactive|Time left: 300 sec this turn | 300 sec total\n|\n|t:|1783553121\n|switch|p1a: Arbok|Arbok, L87, M|23/100\n|-ability|p1a: Arbok|Intimidate|boost\n|-unboost|p2a: Hawlucha|atk|1\n|move|p2a: Hawlucha|Acrobatics|p1a: Arbok\n|-damage|p1a: Arbok|0 fnt\n|faint|p1a: Arbok\n|\n|upkeep\n|\n|t:|1783553122\n|switch|p1a: Hydrapple|Hydrapple, L83, F|80/100\n|turn|45\n|inactive|Time left: 300 sec this turn | 300 sec total\n|\n|t:|1783553123\n|move|p2a: Hawlucha|Swords Dance|p2a: Hawlucha\n|-boost|p2a: Hawlucha|atk|2\n|move|p1a: Hydrapple|Fickle Beam|p2a: Hawlucha|[anim] Fickle Beam All Out\n|-activate|p1a: Hydrapple|move: Fickle Beam\n|-damage|p2a: Hawlucha|0 fnt\n|faint|p2a: Hawlucha\n|\n|upkeep\n|inactive|Time left: 300 sec this turn | 300 sec total | 5 sec grace\n|\n|t:|1783553124\n|switch|p2a: Volbeat|Volbeat, L90, M|263/263\n|turn|46\n|inactive|Time left: 300 sec this turn | 300 sec total\n|\n|t:|1783553126\n|move|p2a: Volbeat|Lunge|p1a: Hydrapple\n|-supereffective|p1a: Hydrapple\n|-damage|p1a: Hydrapple|39/100\n|-unboost|p1a: Hydrapple|atk|1\n|move|p1a: Hydrapple|Fickle Beam|p2a: Volbeat|[anim] Fickle Beam All Out\n|-activate|p1a: Hydrapple|move: Fickle Beam\n|-damage|p2a: Volbeat|77/263\n|\n|upkeep\n|turn|47\n|inactive|Time left: 300 sec this turn | 300 sec total\n|\n|t:|1783553127\n|switch|p1a: Orthworm|Orthworm, L88, F|50/100\n|move|p2a: Volbeat|Roost|p2a: Volbeat\n|-heal|p2a: Volbeat|209/263\n|-singleturn|p2a: Volbeat|move: Roost\n|\n|-heal|p1a: Orthworm|56/100|[from] item: Leftovers\n|upkeep\n|turn|48\n|inactive|Time left: 300 sec this turn | 300 sec total\n|\n|t:|1783553128\n|move|p2a: Volbeat|Lunge|p1a: Orthworm\n|-resisted|p1a: Orthworm\n|-damage|p1a: Orthworm|47/100\n|-unboost|p1a: Orthworm|atk|1\n|move|p1a: Orthworm|Heavy Slam|p2a: Volbeat\n|-damage|p2a: Volbeat|113/263\n|\n|-heal|p1a: Orthworm|53/100|[from] item: Leftovers\n|upkeep\n|turn|49\n|inactive|Time left: 300 sec this turn | 300 sec total\n|\n|t:|1783553129\n|move|p2a: Volbeat|Roost|p2a: Volbeat\n|-heal|p2a: Volbeat|245/263\n|-singleturn|p2a: Volbeat|move: Roost\n|move|p1a: Orthworm|Heavy Slam|p2a: Volbeat\n|-damage|p2a: Volbeat|154/263\n|\n|-heal|p1a: Orthworm|59/100|[from] item: Leftovers\n|upkeep\n|turn|50\n|inactive|Time left: 300 sec this turn | 300 sec total\n|\n|t:|1783553130\n|move|p2a: Volbeat|Roost|p2a: Volbeat\n|-heal|p2a: Volbeat|263/263\n|-singleturn|p2a: Volbeat|move: Roost\n|move|p1a: Orthworm|Heavy Slam|p2a: Volbeat\n|-damage|p2a: Volbeat|172/263\n|\n|-heal|p1a: Orthworm|65/100|[from] item: Leftovers\n|upkeep\n|turn|51\n|inactive|Time left: 300 sec this turn | 300 sec total\n|\n|t:|1783553131\n|move|p2a: Volbeat|Lunge|p1a: Orthworm\n|-resisted|p1a: Orthworm\n|-damage|p1a: Orthworm|56/100\n|-unboost|p1a: Orthworm|atk|1\n|move|p1a: Orthworm|Heavy Slam|p2a: Volbeat\n|-damage|p2a: Volbeat|102/263\n|\n|-heal|p1a: Orthworm|62/100|[from] item: Leftovers\n|upkeep\n|turn|52\n|inactive|Time left: 300 sec this turn | 300 sec total\n|\n|t:|1783553133\n|move|p2a: Volbeat|Lunge|p1a: Orthworm\n|-resisted|p1a: Orthworm\n|-damage|p1a: Orthworm|51/100\n|-unboost|p1a: Orthworm|atk|1\n|move|p1a: Orthworm|Shed Tail|p1a: Orthworm\n|-start|p1a: Orthworm|Substitute|[from] move: Shed Tail\n|-damage|p1a: Orthworm|1/100\n|\n|t:|1783553134\n|switch|p1a: Hydrapple|Hydrapple, L83, F|72/100|[from] Shed Tail\n|\n|upkeep\n|turn|53\n|inactive|Time left: 300 sec this turn | 300 sec total\n|\n|t:|1783553134\n|move|p2a: Volbeat|Roost|p2a: Volbeat\n|-heal|p2a: Volbeat|234/263\n|-singleturn|p2a: Volbeat|move: Roost\n|move|p1a: Hydrapple|Fickle Beam|p2a: Volbeat\n|-damage|p2a: Volbeat|134/263\n|\n|upkeep\n|turn|54\n|inactive|Time left: 300 sec this turn | 300 sec total\n|\n|t:|1783553135\n|move|p2a: Volbeat|Roost|p2a: Volbeat\n|-heal|p2a: Volbeat|263/263\n|-singleturn|p2a: Volbeat|move: Roost\n|move|p1a: Hydrapple|Fickle Beam|p2a: Volbeat\n|-damage|p2a: Volbeat|163/263\n|\n|upkeep\n|turn|55\n|inactive|Time left: 300 sec this turn | 300 sec total\n|\n|t:|1783553136\n|move|p2a: Volbeat|Encore|p1a: Hydrapple\n|-start|p1a: Hydrapple|Encore\n|move|p1a: Hydrapple|Fickle Beam|p2a: Volbeat|[anim] Fickle Beam All Out\n|-activate|p1a: Hydrapple|move: Fickle Beam\n|-crit|p2a: Volbeat\n|-damage|p2a: Volbeat|0 fnt\n|faint|p2a: Volbeat\n|\n|-end|p1a: Hydrapple|Encore\n|upkeep\n|inactive|Time left: 300 sec this turn | 300 sec total | 5 sec grace\n|\n|t:|1783553137\n|switch|p2a: Dragapult|Dragapult, L77, M|112/262\n|-damage|p2a: Dragapult|69/262|[from] Spikes\n|turn|56\n|inactive|Time left: 300 sec this turn | 300 sec total\n|\n|t:|1783553138\n|move|p2a: Dragapult|Draco Meteor|p1a: Hydrapple\n|-supereffective|p1a: Hydrapple\n|-damage|p1a: Hydrapple|0 fnt\n|-unboost|p2a: Dragapult|spa|2\n|faint|p1a: Hydrapple\n|\n|upkeep\n|\n|t:|1783553139\n|switch|p1a: Deoxys|Deoxys, L74|100/100\n|-ability|p1a: Deoxys|Pressure\n|turn|57\n|inactive|Time left: 300 sec this turn | 300 sec total\n|\n|t:|1783553140\n|switch|p2a: Necrozma|Necrozma, L80, tera:Ground|146/286\n|-damage|p2a: Necrozma|99/286|[from] Spikes\n|move|p1a: Deoxys|Knock Off|p2a: Necrozma\n|-damage|p2a: Necrozma|0 fnt\n|-enditem|p2a: Necrozma|Leftovers|[from] move: Knock Off|[of] p1a: Deoxys\n|faint|p2a: Necrozma\n|-damage|p1a: Deoxys|91/100|[from] item: Life Orb\n|\n|upkeep\n|inactive|Time left: 300 sec this turn | 300 sec total | 5 sec grace\n|\n|t:|1783553141\n|switch|p2a: Dragapult|Dragapult, L77, M|69/262\n|-damage|p2a: Dragapult|26/262|[from] Spikes\n|turn|58\n|inactive|Time left: 300 sec this turn | 300 sec total\n|\n|t:|1783553141\n|move|p1a: Deoxys|Knock Off|p2a: Dragapult\n|-supereffective|p2a: Dragapult\n|-damage|p2a: Dragapult|0 fnt\n|-enditem|p2a: Dragapult|Choice Specs|[from] move: Knock Off|[of] p1a: Deoxys\n|faint|p2a: Dragapult\n|-damage|p1a: Deoxys|81/100|[from] item: Life Orb\n|\n|win|p0x12052bc6", "uploadtime": 1783553141, "views": 0, "rating": 0, "private": 0, "password": null, "_winner": "p0x12052bc6", "_our_name": "p0y1205fe85"}