{"id": "battle-gen9randombattle-322", "formatid": "gen9randombattle", "format": "[Gen 9] Random Battle", "players": ["p0x322b863", "p0y322f5c8"], "log": "|init|battle\n|title|p0x322b863 vs. p0y322f5c8\n|j|\u2606p0x322b863\n|j|\u2606p0y322f5c8\n|t:|1783542805\n|gametype|singles\n|player|p1|p0x322b863|1|\n|player|p2|p0y322f5c8|169|\n|gen|9\n|tier|[Gen 9] Random Battle\n|rule|Species Clause: Limit one of each Pok\u00e9mon\n|rule|HP Percentage Mod: HP is shown in percentages\n|rule|Sleep Clause Mod: Limit one foe put to sleep\n|rule|Illusion Level Mod: Illusion disguises the Pok\u00e9mon's true level\n|\n|t:|1783542805\n|teamsize|p1|6\n|teamsize|p2|6\n|start\n|switch|p1a: Cetitan|Cetitan, L82, F|100/100\n|switch|p2a: Stonjourner|Stonjourner, L91, M|330/330\n|turn|1\n|inactive|Battle timer is ON: inactive players will automatically lose when time's up. (requested by p0x322b863)\n|inactive|Time left: 300 sec this turn | 300 sec total | 60 sec grace\n|inactive|p0y322f5c8 also wants the timer to be on.\n|\n|t:|1783542807\n|move|p2a: Stonjourner|Stone Edge|p1a: Cetitan|[miss]\n|-miss|p2a: Stonjourner|p1a: Cetitan\n|move|p1a: Cetitan|Belly Drum|p1a: Cetitan\n|-damage|p1a: Cetitan|50/100\n|-setboost|p1a: Cetitan|atk|6|[from] move: Belly Drum\n|-enditem|p1a: Cetitan|Sitrus Berry|[eat]\n|-heal|p1a: Cetitan|75/100|[from] item: Sitrus Berry\n|\n|upkeep\n|turn|2\n|inactive|Time left: 300 sec this turn | 300 sec total\n|\n|t:|1783542808\n|move|p2a: Stonjourner|Stone Edge|p1a: Cetitan\n|-supereffective|p1a: Cetitan\n|-crit|p1a: Cetitan\n|-damage|p1a: Cetitan|0 fnt\n|faint|p1a: Cetitan\n|-damage|p2a: Stonjourner|297/330|[from] item: Life Orb\n|\n|upkeep\n|\n|t:|1783542809\n|switch|p1a: Masquerain|Masquerain, L87, F|100/100\n|-ability|p1a: Masquerain|Intimidate|boost\n|-unboost|p2a: Stonjourner|atk|1\n|turn|3\n|inactive|Time left: 300 sec this turn | 300 sec total\n|\n|t:|1783542810\n|switch|p2a: Indeedee|Indeedee-F, L90, F|272/272\n|-fieldstart|move: Psychic Terrain|[from] ability: Psychic Surge|[of] p2a: Indeedee\n|move|p1a: Masquerain|Hydro Pump|p2a: Indeedee\n|-damage|p2a: Indeedee|202/272\n|\n|upkeep\n|turn|4\n|inactive|Time left: 300 sec this turn | 300 sec total\n|\n|t:|1783542811\n|-terastallize|p2a: Indeedee|Psychic\n|move|p2a: Indeedee|Psyshock|p1a: Masquerain\n|-damage|p1a: Masquerain|0 fnt\n|faint|p1a: Masquerain\n|\n|upkeep\n|\n|t:|1783542812\n|switch|p1a: Mewtwo|Mewtwo, L72|100/100\n|-ability|p1a: Mewtwo|Unnerve\n|turn|5\n|inactive|Time left: 300 sec this turn | 300 sec total\n|\n|t:|1783542813\n|move|p1a: Mewtwo|Nasty Plot|p1a: Mewtwo\n|-boost|p1a: Mewtwo|spa|2\n|move|p2a: Indeedee|Psyshock|p1a: Mewtwo\n|-resisted|p1a: Mewtwo\n|-damage|p1a: Mewtwo|47/100\n|\n|upkeep\n|turn|6\n|inactive|Time left: 300 sec this turn | 300 sec total\n|\n|t:|1783542815\n|move|p1a: Mewtwo|Psystrike|p2a: Indeedee\n|-resisted|p2a: Indeedee\n|-damage|p2a: Indeedee|0 fnt\n|faint|p2a: Indeedee\n|-damage|p1a: Mewtwo|37/100|[from] item: Life Orb\n|\n|upkeep\n|inactive|Time left: 300 sec this turn | 300 sec total | 5 sec grace\n|\n|t:|1783542816\n|switch|p2a: Braviary|Braviary-Hisui, L85, M|326/326\n|turn|7\n|inactive|Time left: 300 sec this turn | 300 sec total\n|\n|t:|1783542817\n|move|p1a: Mewtwo|Psystrike|p2a: Braviary\n|-resisted|p2a: Braviary\n|-damage|p2a: Braviary|110/326\n|-damage|p1a: Mewtwo|27/100|[from] item: Life Orb\n|move|p2a: Braviary|Esper Wing|p1a: Mewtwo\n|-resisted|p1a: Mewtwo\n|-crit|p1a: Mewtwo\n|-damage|p1a: Mewtwo|0 fnt\n|-boost|p2a: Braviary|spe|1\n|faint|p1a: Mewtwo\n|\n|-fieldend|move: Psychic Terrain\n|upkeep\n|\n|t:|1783542819\n|switch|p1a: Dugtrio|Dugtrio-Alola, L84, M|100/100\n|turn|8\n|inactive|Time left: 300 sec this turn | 300 sec total\n|\n|t:|1783542820\n|move|p2a: Braviary|Esper Wing|p1a: Dugtrio\n|-resisted|p1a: Dugtrio\n|-damage|p1a: Dugtrio|11/100\n|-boost|p2a: Braviary|spe|1\n|move|p1a: Dugtrio|Iron Head|p2a: Braviary\n|-damage|p2a: Braviary|0 fnt\n|faint|p2a: Braviary\n|\n|upkeep\n|inactive|Time left: 300 sec this turn | 300 sec total | 5 sec grace\n|\n|t:|1783542821\n|switch|p2a: Eternatus|Eternatus, L69|308/308\n|-ability|p2a: Eternatus|Pressure\n|turn|9\n|inactive|Time left: 300 sec this turn | 300 sec total\n|\n|t:|1783542822\n|move|p1a: Dugtrio|Iron Head|p2a: Eternatus\n|-damage|p2a: Eternatus|157/308\n|-damage|p1a: Dugtrio|0 fnt|[from] item: Rocky Helmet|[of] p2a: Eternatus\n|faint|p1a: Dugtrio\n|move|p2a: Eternatus|Recover|p2a: Eternatus\n|-heal|p2a: Eternatus|308/308\n|\n|upkeep\n|\n|t:|1783542823\n|switch|p1a: Flapple|Flapple, L88, F|100/100\n|turn|10\n|inactive|Time left: 300 sec this turn | 300 sec total\n|\n|t:|1783542824\n|-terastallize|p1a: Flapple|Fire\n|move|p2a: Eternatus|Dynamax Cannon|p1a: Flapple\n|-damage|p1a: Flapple|50/100\n|move|p1a: Flapple|Dragon Dance|p1a: Flapple\n|-boost|p1a: Flapple|atk|1\n|-boost|p1a: Flapple|spe|1\n|\n|upkeep\n|turn|11\n|inactive|Time left: 300 sec this turn | 300 sec total\n|\n|t:|1783542825\n|move|p1a: Flapple|Outrage|p2a: Eternatus\n|-supereffective|p2a: Eternatus\n|-damage|p2a: Eternatus|0 fnt\n|-damage|p1a: Flapple|33/100|[from] item: Rocky Helmet|[of] p2a: Eternatus\n|faint|p2a: Eternatus\n|\n|upkeep\n|inactive|Time left: 300 sec this turn | 300 sec total | 5 sec grace\n|\n|t:|1783542826\n|switch|p2a: Stonjourner|Stonjourner, L91, M|297/330\n|turn|12\n|inactive|Time left: 300 sec this turn | 300 sec total\n|\n|t:|1783542827\n|move|p1a: Flapple|Outrage|p2a: Stonjourner|[from] lockedmove\n|-damage|p2a: Stonjourner|87/330\n|move|p2a: Stonjourner|Rock Polish|p2a: Stonjourner\n|-boost|p2a: Stonjourner|spe|2\n|\n|upkeep\n|turn|13\n|inactive|Time left: 300 sec this turn | 300 sec total\n|\n|t:|1783542828\n|move|p2a: Stonjourner|Earthquake|p1a: Flapple\n|-supereffective|p1a: Flapple\n|-damage|p1a: Flapple|0 fnt\n|faint|p1a: Flapple\n|-damage|p2a: Stonjourner|54/330|[from] item: Life Orb\n|\n|upkeep\n|\n|t:|1783542829\n|switch|p1a: Arcanine|Arcanine-Hisui, L79, F|100/100\n|turn|14\n|inactive|Time left: 300 sec this turn | 300 sec total\n|\n|t:|1783542829\n|move|p1a: Arcanine|Extreme Speed|p2a: Stonjourner\n|-resisted|p2a: Stonjourner\n|-damage|p2a: Stonjourner|36/330\n|move|p2a: Stonjourner|Earthquake|p1a: Arcanine\n|-supereffective|p1a: Arcanine\n|-damage|p1a: Arcanine|0 fnt\n|faint|p1a: Arcanine\n|-damage|p2a: Stonjourner|3/330|[from] item: Life Orb\n|\n|win|p0y322f5c8", "uploadtime": 1783542830, "views": 0, "rating": 0, "private": 0, "password": null, "_winner": "p0y322f5c8", "_our_name": "p0y322f5c8"}