{"id": "battle-gen9randombattle-1859", "formatid": "gen9randombattle", "format": "[Gen 9] Random Battle", "players": ["p0x18591157", "p0y1859137d"], "log": "|init|battle\n|title|p0x18591157 vs. p0y1859137d\n|j|\u2606p0x18591157\n|j|\u2606p0y1859137d\n|t:|1783560791\n|gametype|singles\n|player|p1|p0x18591157|2|\n|player|p2|p0y1859137d|170|\n|gen|9\n|tier|[Gen 9] Random Battle\n|rule|Species Clause: Limit one of each Pok\u00e9mon\n|rule|HP Percentage Mod: HP is shown in percentages\n|rule|Sleep Clause Mod: Limit one foe put to sleep\n|rule|Illusion Level Mod: Illusion disguises the Pok\u00e9mon's true level\n|\n|t:|1783560791\n|teamsize|p1|6\n|teamsize|p2|6\n|start\n|switch|p1a: Victreebel|Victreebel, L90, M|290/290\n|switch|p2a: Greedent|Greedent, L86, M|100/100\n|turn|1\n|inactive|Battle timer is ON: inactive players will automatically lose when time's up. (requested by p0y1859137d)\n|inactive|Time left: 300 sec this turn | 300 sec total | 60 sec grace\n|inactive|p0x18591157 also wants the timer to be on.\n|\n|t:|1783560793\n|move|p1a: Victreebel|Sleep Powder|p2a: Greedent\n|-status|p2a: Greedent|slp|[from] move: Sleep Powder\n|cant|p2a: Greedent|slp\n|\n|upkeep\n|turn|2\n|inactive|Time left: 300 sec this turn | 300 sec total\n|\n|t:|1783560794\n|move|p1a: Victreebel|Power Whip|p2a: Greedent\n|-damage|p2a: Greedent|49/100 slp\n|-enditem|p2a: Greedent|Sitrus Berry|[eat]\n|-heal|p2a: Greedent|74/100 slp|[from] item: Sitrus Berry\n|-heal|p2a: Greedent|100/100 slp|[from] ability: Cheek Pouch\n|-damage|p1a: Victreebel|261/290|[from] item: Life Orb\n|-curestatus|p2a: Greedent|slp|[msg]\n|move|p2a: Greedent|Earthquake|p1a: Victreebel\n|-damage|p1a: Victreebel|171/290\n|\n|upkeep\n|turn|3\n|inactive|Time left: 300 sec this turn | 300 sec total\n|\n|t:|1783560795\n|move|p1a: Victreebel|Sludge Wave|p2a: Greedent\n|-damage|p2a: Greedent|51/100\n|-damage|p1a: Victreebel|142/290|[from] item: Life Orb\n|move|p2a: Greedent|Body Slam|p1a: Victreebel\n|-crit|p1a: Victreebel\n|-damage|p1a: Victreebel|0 fnt\n|faint|p1a: Victreebel\n|\n|upkeep\n|inactive|Time left: 300 sec this turn | 300 sec total | 5 sec grace\n|\n|t:|1783560796\n|switch|p1a: Archaludon|Archaludon, L78, F|268/268\n|turn|4\n|inactive|Time left: 300 sec this turn | 300 sec total\n|\n|t:|1783560797\n|move|p1a: Archaludon|Swords Dance|p1a: Archaludon\n|-boost|p1a: Archaludon|atk|2\n|move|p2a: Greedent|Knock Off|p1a: Archaludon\n|-damage|p1a: Archaludon|213/268\n|-ability|p1a: Archaludon|Stamina|boost\n|-boost|p1a: Archaludon|def|1\n|-enditem|p1a: Archaludon|Lum Berry|[from] move: Knock Off|[of] p2a: Greedent\n|\n|upkeep\n|turn|5\n|inactive|Time left: 300 sec this turn | 300 sec total\n|\n|t:|1783560798\n|switch|p2a: Delphox|Delphox, L84, M|100/100\n|move|p1a: Archaludon|Outrage|p2a: Delphox\n|-damage|p2a: Delphox|0 fnt\n|faint|p2a: Delphox\n|\n|upkeep\n|\n|t:|1783560799\n|switch|p2a: Torkoal|Torkoal, L88, M|100/100\n|-weather|SunnyDay|[from] ability: Drought|[of] p2a: Torkoal\n|turn|6\n|inactive|Time left: 300 sec this turn | 300 sec total\n|\n|t:|1783560800\n|move|p1a: Archaludon|Outrage|p2a: Torkoal|[from] lockedmove\n|-damage|p2a: Torkoal|44/100\n|move|p2a: Torkoal|Lava Plume|p1a: Archaludon\n|-damage|p1a: Archaludon|35/268\n|-ability|p1a: Archaludon|Stamina|boost\n|-boost|p1a: Archaludon|def|1\n|\n|-weather|SunnyDay|[upkeep]\n|upkeep\n|turn|7\n|inactive|Time left: 300 sec this turn | 300 sec total\n|\n|t:|1783560801\n|move|p1a: Archaludon|Outrage|p2a: Torkoal|[from] lockedmove\n|-damage|p2a: Torkoal|0 fnt\n|faint|p2a: Torkoal\n|-start|p1a: Archaludon|confusion|[fatigue]\n|\n|-weather|SunnyDay|[upkeep]\n|upkeep\n|\n|t:|1783560802\n|switch|p2a: Minior|Minior-Orange, L79|100/100\n|-formechange|p2a: Minior|Minior-Meteor||[from] ability: Shields Down\n|turn|8\n|inactive|Time left: 300 sec this turn | 300 sec total\n|\n|t:|1783560803\n|-activate|p1a: Archaludon|confusion\n|move|p1a: Archaludon|Outrage|p2a: Minior\n|-damage|p2a: Minior|0 fnt\n|faint|p2a: Minior\n|\n|-weather|SunnyDay|[upkeep]\n|upkeep\n|\n|t:|1783560803\n|switch|p2a: Maushold|Maushold-Four, L76|100/100\n|turn|9\n|inactive|Time left: 300 sec this turn | 300 sec total\n|\n|t:|1783560804\n|move|p2a: Maushold|Population Bomb|p1a: Archaludon\n|-resisted|p1a: Archaludon\n|-crit|p1a: Archaludon\n|-damage|p1a: Archaludon|20/268\n|-ability|p1a: Archaludon|Stamina|boost\n|-boost|p1a: Archaludon|def|1\n|-resisted|p1a: Archaludon\n|-damage|p1a: Archaludon|17/268\n|-ability|p1a: Archaludon|Stamina|boost\n|-boost|p1a: Archaludon|def|1\n|-resisted|p1a: Archaludon\n|-damage|p1a: Archaludon|14/268\n|-ability|p1a: Archaludon|Stamina|boost\n|-boost|p1a: Archaludon|def|1\n|-resisted|p1a: Archaludon\n|-damage|p1a: Archaludon|11/268\n|-ability|p1a: Archaludon|Stamina|boost\n|-boost|p1a: Archaludon|def|1\n|-resisted|p1a: Archaludon\n|-damage|p1a: Archaludon|8/268\n|-resisted|p1a: Archaludon\n|-damage|p1a: Archaludon|5/268\n|-resisted|p1a: Archaludon\n|-damage|p1a: Archaludon|2/268\n|-resisted|p1a: Archaludon\n|-damage|p1a: Archaludon|0 fnt\n|faint|p1a: Archaludon\n|-hitcount|p1: Archaludon|8\n|\n|-weather|SunnyDay|[upkeep]\n|upkeep\n|inactive|Time left: 300 sec this turn | 300 sec total | 5 sec grace\n|\n|t:|1783560805\n|switch|p1a: Arbok|Arbok, L87, M|246/246\n|-ability|p1a: Arbok|Intimidate|boost\n|-unboost|p2a: Maushold|atk|1\n|turn|10\n|inactive|Time left: 300 sec this turn | 300 sec total\n|\n|t:|1783560807\n|switch|p2a: Greedent|Greedent, L86, M|51/100\n|move|p1a: Arbok|Gunk Shot|p2a: Greedent|[miss]\n|-miss|p1a: Arbok|p2a: Greedent\n|\n|-weather|none\n|upkeep\n|turn|11\n|inactive|Time left: 300 sec this turn | 300 sec total\n|\n|t:|1783560808\n|move|p1a: Arbok|Coil|p1a: Arbok\n|-boost|p1a: Arbok|atk|1\n|-boost|p1a: Arbok|def|1\n|-boost|p1a: Arbok|accuracy|1\n|move|p2a: Greedent|Body Slam|p1a: Arbok\n|-damage|p1a: Arbok|173/246\n|\n|-heal|p1a: Arbok|188/246|[from] item: Leftovers\n|upkeep\n|turn|12\n|inactive|Time left: 300 sec this turn | 300 sec total\n|\n|t:|1783560809\n|move|p1a: Arbok|Gunk Shot|p2a: Greedent\n|-damage|p2a: Greedent|0 fnt\n|faint|p2a: Greedent\n|\n|-heal|p1a: Arbok|203/246|[from] item: Leftovers\n|upkeep\n|\n|t:|1783560810\n|switch|p2a: Maushold|Maushold-Four, L76|100/100\n|turn|13\n|inactive|Time left: 300 sec this turn | 300 sec total\n|\n|t:|1783560811\n|-terastallize|p2a: Maushold|Normal\n|move|p2a: Maushold|Population Bomb|p1a: Arbok\n|-damage|p1a: Arbok|179/246\n|-damage|p1a: Arbok|155/246\n|-damage|p1a: Arbok|131/246\n|-damage|p1a: Arbok|105/246\n|-damage|p1a: Arbok|81/246\n|-damage|p1a: Arbok|57/246\n|-damage|p1a: Arbok|35/246\n|-damage|p1a: Arbok|13/246\n|-damage|p1a: Arbok|0 fnt\n|faint|p1a: Arbok\n|-hitcount|p1: Arbok|9\n|\n|upkeep\n|inactive|Time left: 300 sec this turn | 300 sec total | 5 sec grace\n|\n|t:|1783560812\n|switch|p1a: Zamazenta|Zamazenta, L71|248/248\n|-ability|p1a: Zamazenta|Dauntless Shield|boost\n|-boost|p1a: Zamazenta|def|1\n|turn|14\n|inactive|Time left: 300 sec this turn | 300 sec total\n|\n|t:|1783560813\n|switch|p2a: Tsareena|Tsareena, L87, F|100/100\n|move|p1a: Zamazenta|Body Press|p2a: Tsareena\n|-damage|p2a: Tsareena|68/100\n|\n|upkeep\n|turn|15\n|inactive|Time left: 300 sec this turn | 300 sec total\n|\n|t:|1783560814\n|move|p1a: Zamazenta|Iron Defense|p1a: Zamazenta\n|-boost|p1a: Zamazenta|def|2\n|move|p2a: Tsareena|Power Whip|p1a: Zamazenta\n|-damage|p1a: Zamazenta|160/248\n|\n|upkeep\n|turn|16\n|inactive|Time left: 300 sec this turn | 300 sec total\n|\n|t:|1783560815\n|-terastallize|p1a: Zamazenta|Fighting\n|move|p1a: Zamazenta|Body Press|p2a: Tsareena\n|-damage|p2a: Tsareena|0 fnt\n|faint|p2a: Tsareena\n|\n|upkeep\n|\n|t:|1783560816\n|switch|p2a: Maushold|Maushold-Four, L76, tera:Normal|100/100\n|turn|17\n|inactive|Time left: 300 sec this turn | 300 sec total\n|\n|t:|1783560816\n|move|p1a: Zamazenta|Body Press|p2a: Maushold\n|-supereffective|p2a: Maushold\n|-damage|p2a: Maushold|0 fnt\n|faint|p2a: Maushold\n|\n|win|p0x18591157", "uploadtime": 1783560816, "views": 0, "rating": 0, "private": 0, "password": null, "_winner": "p0x18591157", "_our_name": "p0x18591157"}