{"id": "battle-gen9randombattle-2002", "formatid": "gen9randombattle", "format": "[Gen 9] Random Battle", "players": ["p0x20026183", "p0y200274ff"], "log": "|init|battle\n|title|p0x20026183 vs. p0y200274ff\n|j|\u2606p0x20026183\n|j|\u2606p0y200274ff\n|t:|1783563174\n|gametype|singles\n|player|p1|p0x20026183|170|\n|player|p2|p0y200274ff|102|\n|gen|9\n|tier|[Gen 9] Random Battle\n|rule|Species Clause: Limit one of each Pok\u00e9mon\n|rule|HP Percentage Mod: HP is shown in percentages\n|rule|Sleep Clause Mod: Limit one foe put to sleep\n|rule|Illusion Level Mod: Illusion disguises the Pok\u00e9mon's true level\n|\n|t:|1783563174\n|teamsize|p1|6\n|teamsize|p2|6\n|start\n|switch|p1a: Pecharunt|Pecharunt, L77|262/262\n|switch|p2a: Victreebel|Victreebel, L90, F|100/100\n|turn|1\n|inactive|Battle timer is ON: inactive players will automatically lose when time's up. (requested by p0y200274ff)\n|inactive|Time left: 300 sec this turn | 300 sec total | 60 sec grace\n|\n|t:|1783563175\n|move|p1a: Pecharunt|Nasty Plot|p1a: Pecharunt\n|-boost|p1a: Pecharunt|spa|2\n|move|p2a: Victreebel|Knock Off|p1a: Pecharunt\n|-supereffective|p1a: Pecharunt\n|-damage|p1a: Pecharunt|101/262\n|-enditem|p1a: Pecharunt|Leftovers|[from] move: Knock Off|[of] p2a: Victreebel\n|-damage|p2a: Victreebel|90/100|[from] item: Life Orb\n|\n|upkeep\n|turn|2\n|inactive|Time left: 300 sec this turn | 300 sec total\n|inactive|p0x20026183 also wants the timer to be on.\n|\n|t:|1783563176\n|move|p1a: Pecharunt|Recover|p1a: Pecharunt\n|-heal|p1a: Pecharunt|232/262\n|move|p2a: Victreebel|Knock Off|p1a: Pecharunt\n|-supereffective|p1a: Pecharunt\n|-damage|p1a: Pecharunt|141/262\n|-damage|p2a: Victreebel|80/100|[from] item: Life Orb\n|\n|upkeep\n|turn|3\n|inactive|Time left: 300 sec this turn | 300 sec total\n|\n|t:|1783563177\n|move|p1a: Pecharunt|Malignant Chain|p2a: Victreebel\n|-damage|p2a: Victreebel|16/100\n|move|p2a: Victreebel|Strength Sap|p1a: Pecharunt\n|-unboost|p1a: Pecharunt|atk|1\n|-heal|p2a: Victreebel|65/100\n|\n|upkeep\n|turn|4\n|inactive|Time left: 300 sec this turn | 300 sec total\n|\n|t:|1783563178\n|move|p1a: Pecharunt|Malignant Chain|p2a: Victreebel\n|-damage|p2a: Victreebel|0 fnt\n|faint|p2a: Victreebel\n|\n|upkeep\n|\n|t:|1783563179\n|switch|p2a: Kyogre|Kyogre, L71|100/100\n|-weather|RainDance|[from] ability: Drizzle|[of] p2a: Kyogre\n|turn|5\n|inactive|Time left: 300 sec this turn | 300 sec total\n|\n|t:|1783563180\n|move|p1a: Pecharunt|Malignant Chain|p2a: Kyogre\n|-damage|p2a: Kyogre|47/100\n|-status|p2a: Kyogre|tox\n|-start|p2a: Kyogre|confusion|[from] ability: Poison Puppeteer|[of] p1a: Pecharunt\n|-activate|p2a: Kyogre|confusion\n|-damage|p2a: Kyogre|39/100 tox|[from] confusion\n|\n|-weather|RainDance|[upkeep]\n|-heal|p2a: Kyogre|46/100 tox|[from] item: Leftovers\n|-damage|p2a: Kyogre|39/100 tox|[from] psn\n|upkeep\n|turn|6\n|inactive|Time left: 300 sec this turn | 300 sec total\n|\n|t:|1783563182\n|switch|p2a: Gastrodon|Gastrodon, L86, F|100/100\n|move|p1a: Pecharunt|Shadow Ball|p2a: Gastrodon\n|-damage|p2a: Gastrodon|60/100\n|\n|-weather|RainDance|[upkeep]\n|-heal|p2a: Gastrodon|66/100|[from] item: Leftovers\n|upkeep\n|turn|7\n|inactive|Time left: 300 sec this turn | 300 sec total\n|\n|t:|1783563183\n|move|p1a: Pecharunt|Recover|p1a: Pecharunt\n|-heal|p1a: Pecharunt|262/262\n|move|p2a: Gastrodon|Surf|p1a: Pecharunt\n|-damage|p1a: Pecharunt|109/262\n|\n|-weather|RainDance|[upkeep]\n|-heal|p2a: Gastrodon|72/100|[from] item: Leftovers\n|upkeep\n|turn|8\n|inactive|Time left: 300 sec this turn | 300 sec total\n|\n|t:|1783563184\n|move|p1a: Pecharunt|Recover|p1a: Pecharunt\n|-heal|p1a: Pecharunt|240/262\n|move|p2a: Gastrodon|Surf|p1a: Pecharunt\n|-damage|p1a: Pecharunt|72/262\n|\n|-weather|RainDance|[upkeep]\n|-heal|p2a: Gastrodon|78/100|[from] item: Leftovers\n|upkeep\n|turn|9\n|inactive|Time left: 300 sec this turn | 300 sec total\n|\n|t:|1783563185\n|move|p1a: Pecharunt|Recover|p1a: Pecharunt\n|-heal|p1a: Pecharunt|203/262\n|move|p2a: Gastrodon|Surf|p1a: Pecharunt\n|-damage|p1a: Pecharunt|59/262\n|\n|-weather|none\n|-heal|p2a: Gastrodon|84/100|[from] item: Leftovers\n|upkeep\n|turn|10\n|inactive|Time left: 300 sec this turn | 300 sec total\n|\n|t:|1783563186\n|move|p1a: Pecharunt|Recover|p1a: Pecharunt\n|-heal|p1a: Pecharunt|190/262\n|move|p2a: Gastrodon|Earthquake|p1a: Pecharunt\n|-supereffective|p1a: Pecharunt\n|-damage|p1a: Pecharunt|64/262\n|\n|-heal|p2a: Gastrodon|91/100|[from] item: Leftovers\n|upkeep\n|turn|11\n|inactive|Time left: 300 sec this turn | 300 sec total\n|\n|t:|1783563187\n|move|p1a: Pecharunt|Recover|p1a: Pecharunt\n|-heal|p1a: Pecharunt|195/262\n|move|p2a: Gastrodon|Surf|p1a: Pecharunt\n|-damage|p1a: Pecharunt|92/262\n|\n|-heal|p2a: Gastrodon|97/100|[from] item: Leftovers\n|upkeep\n|turn|12\n|inactive|Time left: 300 sec this turn | 300 sec total\n|\n|t:|1783563188\n|move|p1a: Pecharunt|Recover|p1a: Pecharunt\n|-heal|p1a: Pecharunt|223/262\n|move|p2a: Gastrodon|Surf|p1a: Pecharunt\n|-damage|p1a: Pecharunt|124/262\n|\n|-heal|p2a: Gastrodon|100/100|[from] item: Leftovers\n|upkeep\n|turn|13\n|inactive|Time left: 300 sec this turn | 300 sec total\n|\n|t:|1783563189\n|move|p1a: Pecharunt|Recover|p1a: Pecharunt\n|-heal|p1a: Pecharunt|255/262\n|move|p2a: Gastrodon|Earthquake|p1a: Pecharunt\n|-supereffective|p1a: Pecharunt\n|-damage|p1a: Pecharunt|121/262\n|\n|upkeep\n|turn|14\n|inactive|Time left: 300 sec this turn | 300 sec total\n|\n|t:|1783563190\n|move|p1a: Pecharunt|Shadow Ball|p2a: Gastrodon\n|-damage|p2a: Gastrodon|62/100\n|-unboost|p2a: Gastrodon|spd|1\n|move|p2a: Gastrodon|Earthquake|p1a: Pecharunt\n|-supereffective|p1a: Pecharunt\n|-damage|p1a: Pecharunt|0 fnt\n|faint|p1a: Pecharunt\n|\n|-heal|p2a: Gastrodon|68/100|[from] item: Leftovers\n|upkeep\n|inactive|Time left: 300 sec this turn | 300 sec total | 5 sec grace\n|\n|t:|1783563191\n|switch|p1a: Vileplume|Vileplume, L85, M|266/266\n|turn|15\n|inactive|Time left: 300 sec this turn | 300 sec total\n|\n|t:|1783563192\n|switch|p2a: Grafaiai|Grafaiai, L86, M|100/100\n|move|p1a: Vileplume|Giga Drain|p2a: Grafaiai\n|-resisted|p2a: Grafaiai\n|-damage|p2a: Grafaiai|81/100\n|\n|upkeep\n|turn|16\n|inactive|Time left: 300 sec this turn | 300 sec total\n|\n|t:|1783563193\n|move|p2a: Grafaiai|Parting Shot|p1a: Vileplume\n|-unboost|p1a: Vileplume|atk|1\n|-unboost|p1a: Vileplume|spa|1\n|\n|t:|1783563194\n|switch|p2a: Hoopa|Hoopa, L85|100/100|[from] Parting Shot\n|move|p1a: Vileplume|Sludge Bomb|p2a: Hoopa\n|-resisted|p2a: Hoopa\n|-damage|p2a: Hoopa|90/100\n|\n|upkeep\n|turn|17\n|inactive|Time left: 300 sec this turn | 300 sec total\n|\n|t:|1783563195\n|switch|p1a: Dunsparce|Dunsparce, L86, F|312/312\n|move|p2a: Hoopa|Psychic|p1a: Dunsparce\n|-damage|p1a: Dunsparce|203/312\n|\n|upkeep\n|turn|18\n|inactive|Time left: 300 sec this turn | 300 sec total\n|\n|t:|1783563196\n|move|p2a: Hoopa|Psychic|p1a: Dunsparce\n|-damage|p1a: Dunsparce|80/312\n|move|p1a: Dunsparce|Roost|p1a: Dunsparce\n|-heal|p1a: Dunsparce|236/312\n|-singleturn|p1a: Dunsparce|move: Roost\n|\n|upkeep\n|turn|19\n|inactive|Time left: 300 sec this turn | 300 sec total\n|\n|t:|1783563197\n|move|p2a: Hoopa|Psychic|p1a: Dunsparce\n|-damage|p1a: Dunsparce|118/312\n|move|p1a: Dunsparce|Roost|p1a: Dunsparce\n|-heal|p1a: Dunsparce|274/312\n|-singleturn|p1a: Dunsparce|move: Roost\n|\n|upkeep\n|turn|20\n|inactive|Time left: 300 sec this turn | 300 sec total\n|\n|t:|1783563198\n|move|p2a: Hoopa|Psychic|p1a: Dunsparce\n|-damage|p1a: Dunsparce|165/312\n|move|p1a: Dunsparce|Roost|p1a: Dunsparce\n|-heal|p1a: Dunsparce|312/312\n|-singleturn|p1a: Dunsparce|move: Roost\n|\n|upkeep\n|turn|21\n|inactive|Time left: 300 sec this turn | 300 sec total\n|\n|t:|1783563198\n|move|p2a: Hoopa|Psychic|p1a: Dunsparce\n|-crit|p1a: Dunsparce\n|-damage|p1a: Dunsparce|146/312\n|-unboost|p1a: Dunsparce|spd|1\n|move|p1a: Dunsparce|Coil|p1a: Dunsparce\n|-boost|p1a: Dunsparce|atk|1\n|-boost|p1a: Dunsparce|def|1\n|-boost|p1a: Dunsparce|accuracy|1\n|\n|upkeep\n|turn|22\n|inactive|Time left: 300 sec this turn | 300 sec total\n|\n|t:|1783563199\n|switch|p1a: Perrserker|Perrserker, L89, F|269/269\n|move|p2a: Hoopa|Psychic|p1a: Perrserker\n|-resisted|p1a: Perrserker\n|-damage|p1a: Perrserker|189/269\n|\n|upkeep\n|turn|23\n|inactive|Time left: 300 sec this turn | 300 sec total\n|\n|t:|1783563200\n|move|p2a: Hoopa|Psychic|p1a: Perrserker\n|-resisted|p1a: Perrserker\n|-damage|p1a: Perrserker|100/269\n|move|p1a: Perrserker|Knock Off|p2a: Hoopa\n|-supereffective|p2a: Hoopa\n|-damage|p2a: Hoopa|0 fnt\n|-enditem|p2a: Hoopa|Choice Scarf|[from] move: Knock Off|[of] p1a: Perrserker\n|faint|p2a: Hoopa\n|-damage|p1a: Perrserker|74/269|[from] item: Life Orb\n|\n|upkeep\n|\n|t:|1783563201\n|switch|p2a: Kyogre|Kyogre, L71|39/100 tox\n|-weather|RainDance|[from] ability: Drizzle|[of] p2a: Kyogre\n|turn|24\n|inactive|Time left: 300 sec this turn | 300 sec total\n|\n|t:|1783563202\n|switch|p1a: Vileplume|Vileplume, L85, M|266/266\n|move|p2a: Kyogre|Thunder|p1a: Vileplume\n|-resisted|p1a: Vileplume\n|-damage|p1a: Vileplume|229/266\n|-status|p1a: Vileplume|par\n|\n|-weather|RainDance|[upkeep]\n|-heal|p2a: Kyogre|46/100 tox|[from] item: Leftovers\n|-heal|p1a: Vileplume|245/266 par|[from] item: Leftovers\n|-damage|p2a: Kyogre|39/100 tox|[from] psn\n|upkeep\n|turn|25\n|inactive|Time left: 300 sec this turn | 300 sec total\n|\n|t:|1783563203\n|move|p2a: Kyogre|Ice Beam|p1a: Vileplume\n|-supereffective|p1a: Vileplume\n|-damage|p1a: Vileplume|109/266 par\n|move|p1a: Vileplume|Giga Drain|p2a: Kyogre\n|-supereffective|p2a: Kyogre\n|-damage|p2a: Kyogre|0 fnt\n|-heal|p1a: Vileplume|160/266 par|[from] drain|[of] p2a: Kyogre\n|faint|p2a: Kyogre\n|\n|-weather|RainDance|[upkeep]\n|-heal|p1a: Vileplume|176/266 par|[from] item: Leftovers\n|upkeep\n|\n|t:|1783563204\n|switch|p2a: Grafaiai|Grafaiai, L86, M|81/100\n|turn|26\n|inactive|Time left: 300 sec this turn | 300 sec total\n|\n|t:|1783563205\n|move|p2a: Grafaiai|Gunk Shot|p1a: Vileplume\n|-damage|p1a: Vileplume|52/266 par\n|cant|p1a: Vileplume|par\n|\n|-weather|RainDance|[upkeep]\n|-heal|p1a: Vileplume|68/266 par|[from] item: Leftovers\n|upkeep\n|turn|27\n|inactive|Time left: 300 sec this turn | 300 sec total\n|\n|t:|1783563206\n|move|p2a: Grafaiai|Knock Off|p1a: Vileplume\n|-damage|p1a: Vileplume|0 fnt\n|-enditem|p1a: Vileplume|Leftovers|[from] move: Knock Off|[of] p2a: Grafaiai\n|faint|p1a: Vileplume\n|\n|-weather|RainDance|[upkeep]\n|upkeep\n|inactive|Time left: 300 sec this turn | 300 sec total | 5 sec grace\n|\n|t:|1783563207\n|switch|p1a: Dunsparce|Dunsparce, L86, F|146/312\n|turn|28\n|inactive|Time left: 300 sec this turn | 300 sec total\n|\n|t:|1783563208\n|move|p2a: Grafaiai|Parting Shot|p1a: Dunsparce\n|-unboost|p1a: Dunsparce|atk|1\n|-unboost|p1a: Dunsparce|spa|1\n|\n|t:|1783563209\n|switch|p2a: Gastrodon|Gastrodon, L86, F|68/100|[from] Parting Shot\n|move|p1a: Dunsparce|Body Slam|p2a: Gastrodon\n|-damage|p2a: Gastrodon|49/100\n|-status|p2a: Gastrodon|par\n|\n|-weather|none\n|-heal|p2a: Gastrodon|55/100 par|[from] item: Leftovers\n|upkeep\n|turn|29\n|inactive|Time left: 300 sec this turn | 300 sec total\n|\n|t:|1783563210\n|move|p1a: Dunsparce|Roost|p1a: Dunsparce\n|-heal|p1a: Dunsparce|302/312\n|-singleturn|p1a: Dunsparce|move: Roost\n|cant|p2a: Gastrodon|par\n|\n|-heal|p2a: Gastrodon|61/100 par|[from] item: Leftovers\n|upkeep\n|turn|30\n|inactive|Time left: 300 sec this turn | 300 sec total\n|\n|t:|1783563211\n|move|p1a: Dunsparce|Coil|p1a: Dunsparce\n|-boost|p1a: Dunsparce|atk|1\n|-boost|p1a: Dunsparce|def|1\n|-boost|p1a: Dunsparce|accuracy|1\n|move|p2a: Gastrodon|Surf|p1a: Dunsparce\n|-damage|p1a: Dunsparce|230/312\n|\n|-heal|p2a: Gastrodon|67/100 par|[from] item: Leftovers\n|upkeep\n|turn|31\n|inactive|Time left: 300 sec this turn | 300 sec total\n|\n|t:|1783563212\n|move|p1a: Dunsparce|Coil|p1a: Dunsparce\n|-boost|p1a: Dunsparce|atk|1\n|-boost|p1a: Dunsparce|def|1\n|-boost|p1a: Dunsparce|accuracy|1\n|cant|p2a: Gastrodon|par\n|\n|-heal|p2a: Gastrodon|73/100 par|[from] item: Leftovers\n|upkeep\n|turn|32\n|inactive|Time left: 300 sec this turn | 300 sec total\n|\n|t:|1783563213\n|move|p1a: Dunsparce|Body Slam|p2a: Gastrodon\n|-damage|p2a: Gastrodon|30/100 par\n|cant|p2a: Gastrodon|par\n|\n|-heal|p2a: Gastrodon|36/100 par|[from] item: Leftovers\n|upkeep\n|turn|33\n|inactive|Time left: 300 sec this turn | 300 sec total\n|\n|t:|1783563214\n|move|p1a: Dunsparce|Body Slam|p2a: Gastrodon\n|-damage|p2a: Gastrodon|0 fnt\n|faint|p2a: Gastrodon\n|\n|upkeep\n|\n|t:|1783563215\n|switch|p2a: Grafaiai|Grafaiai, L86, M|81/100\n|turn|34\n|inactive|Time left: 300 sec this turn | 300 sec total\n|\n|t:|1783563216\n|move|p2a: Grafaiai|Parting Shot|p1a: Dunsparce\n|-unboost|p1a: Dunsparce|atk|1\n|-unboost|p1a: Dunsparce|spa|1\n|\n|t:|1783563217\n|switch|p2a: Deoxys|Deoxys, L74|100/100|[from] Parting Shot\n|-ability|p2a: Deoxys|Pressure\n|move|p1a: Dunsparce|Coil|p1a: Dunsparce\n|-boost|p1a: Dunsparce|atk|1\n|-boost|p1a: Dunsparce|def|1\n|-boost|p1a: Dunsparce|accuracy|1\n|\n|upkeep\n|turn|35\n|inactive|Time left: 300 sec this turn | 300 sec total\n|\n|t:|1783563218\n|move|p2a: Deoxys|Psycho Boost|p1a: Dunsparce\n|-damage|p1a: Dunsparce|57/312\n|-unboost|p2a: Deoxys|spa|2\n|-damage|p2a: Deoxys|91/100|[from] item: Life Orb\n|move|p1a: Dunsparce|Body Slam|p2a: Deoxys\n|-damage|p2a: Deoxys|0 fnt\n|faint|p2a: Deoxys\n|\n|upkeep\n|\n|t:|1783563219\n|switch|p2a: Grafaiai|Grafaiai, L86, M|81/100\n|turn|36\n|inactive|Time left: 300 sec this turn | 300 sec total\n|\n|t:|1783563219\n|-terastallize|p2a: Grafaiai|Dark\n|-terastallize|p1a: Dunsparce|Ground\n|move|p2a: Grafaiai|Parting Shot|p1a: Dunsparce\n|-unboost|p1a: Dunsparce|atk|1\n|-unboost|p1a: Dunsparce|spa|1\n|move|p1a: Dunsparce|Earthquake|p2a: Grafaiai\n|-damage|p2a: Grafaiai|35/100\n|\n|upkeep\n|turn|37\n|inactive|Time left: 300 sec this turn | 300 sec total\n|\n|t:|1783563220\n|move|p2a: Grafaiai|Parting Shot|p1a: Dunsparce\n|-unboost|p1a: Dunsparce|atk|1\n|-unboost|p1a: Dunsparce|spa|1\n|move|p1a: Dunsparce|Earthquake|p2a: Grafaiai\n|-damage|p2a: Grafaiai|5/100\n|\n|upkeep\n|turn|38\n|inactive|Time left: 300 sec this turn | 300 sec total\n|\n|t:|1783563221\n|move|p2a: Grafaiai|Parting Shot|p1a: Dunsparce\n|-unboost|p1a: Dunsparce|atk|1\n|-unboost|p1a: Dunsparce|spa|1\n|move|p1a: Dunsparce|Body Slam|p2a: Grafaiai\n|-damage|p2a: Grafaiai|0 fnt\n|faint|p2a: Grafaiai\n|\n|win|p0x20026183", "uploadtime": 1783563221, "views": 0, "rating": 0, "private": 0, "password": null, "_winner": "p0x20026183", "_our_name": "p0x20026183"}