{"id": "battle-gen9randombattle-108", "formatid": "gen9randombattle", "format": "[Gen 9] Random Battle", "players": ["p0x108a1d0", "p0y1081a70"], "log": "|init|battle\n|title|p0x108a1d0 vs. p0y1081a70\n|j|\u2606p0x108a1d0\n|j|\u2606p0y1081a70\n|t:|1783534533\n|gametype|singles\n|player|p1|p0x108a1d0|102|\n|player|p2|p0y1081a70|1|\n|gen|9\n|tier|[Gen 9] Random Battle\n|rule|Species Clause: Limit one of each Pok\u00e9mon\n|rule|HP Percentage Mod: HP is shown in percentages\n|rule|Sleep Clause Mod: Limit one foe put to sleep\n|rule|Illusion Level Mod: Illusion disguises the Pok\u00e9mon's true level\n|\n|t:|1783534533\n|teamsize|p1|6\n|teamsize|p2|6\n|start\n|switch|p1a: Eelektross|Eelektross, L87, M|100/100\n|switch|p2a: Metagross|Metagross, L79|256/256\n|turn|1\n|inactive|Battle timer is ON: inactive players will automatically lose when time's up. (requested by p0y1081a70)\n|inactive|p0x108a1d0 also wants the timer to be on.\n|\n|t:|1783534534\n|move|p2a: Metagross|Stealth Rock|p1a: Eelektross\n|-sidestart|p1: p0x108a1d0|move: Stealth Rock\n|move|p1a: Eelektross|Coil|p1a: Eelektross\n|-boost|p1a: Eelektross|atk|1\n|-boost|p1a: Eelektross|def|1\n|-boost|p1a: Eelektross|accuracy|1\n|\n|upkeep\n|turn|2\n|inactive|Time left: 300 sec this turn | 300 sec total\n|\n|t:|1783534535\n|switch|p2a: Mightyena|Mightyena, L96, F|290/290\n|-ability|p2a: Mightyena|Intimidate|boost\n|-unboost|p1a: Eelektross|atk|1\n|move|p1a: Eelektross|Supercell Slam|p2a: Mightyena\n|-damage|p2a: Mightyena|157/290\n|\n|-heal|p2a: Mightyena|175/290|[from] item: Leftovers\n|upkeep\n|turn|3\n|inactive|Time left: 300 sec this turn | 300 sec total\n|\n|t:|1783534536\n|move|p2a: Mightyena|Crunch|p1a: Eelektross\n|-damage|p1a: Eelektross|77/100\n|move|p1a: Eelektross|Coil|p1a: Eelektross\n|-boost|p1a: Eelektross|atk|1\n|-boost|p1a: Eelektross|def|1\n|-boost|p1a: Eelektross|accuracy|1\n|\n|-heal|p2a: Mightyena|193/290|[from] item: Leftovers\n|-heal|p1a: Eelektross|84/100|[from] item: Leftovers\n|upkeep\n|turn|4\n|inactive|Time left: 300 sec this turn | 300 sec total\n|\n|t:|1783534537\n|switch|p2a: Leavanny|Leavanny, L86, M|269/269\n|move|p1a: Eelektross|Supercell Slam|p2a: Leavanny\n|-resisted|p2a: Leavanny\n|-damage|p2a: Leavanny|164/269\n|\n|-heal|p1a: Eelektross|90/100|[from] item: Leftovers\n|upkeep\n|turn|5\n|inactive|Time left: 300 sec this turn | 300 sec total\n|\n|t:|1783534538\n|move|p2a: Leavanny|Sticky Web|p1a: Eelektross\n|-sidestart|p1: p0x108a1d0|move: Sticky Web\n|move|p1a: Eelektross|Fire Punch|p2a: Leavanny\n|-supereffective|p2a: Leavanny\n|-damage|p2a: Leavanny|0 fnt\n|faint|p2a: Leavanny\n|\n|-heal|p1a: Eelektross|96/100|[from] item: Leftovers\n|upkeep\n|inactive|Time left: 300 sec this turn | 300 sec total | 5 sec grace\n|\n|t:|1783534540\n|switch|p2a: Mightyena|Mightyena, L96, F|193/290\n|-ability|p2a: Mightyena|Intimidate|boost\n|-unboost|p1a: Eelektross|atk|1\n|turn|6\n|inactive|Time left: 300 sec this turn | 300 sec total\n|\n|t:|1783534541\n|move|p2a: Mightyena|Taunt|p1a: Eelektross\n|-start|p1a: Eelektross|move: Taunt\n|move|p1a: Eelektross|Supercell Slam|p2a: Mightyena\n|-damage|p2a: Mightyena|55/290\n|\n|-heal|p2a: Mightyena|73/290|[from] item: Leftovers\n|-heal|p1a: Eelektross|100/100|[from] item: Leftovers\n|upkeep\n|turn|7\n|inactive|Time left: 300 sec this turn | 300 sec total\n|\n|t:|1783534542\n|move|p2a: Mightyena|Poison Fang|p1a: Eelektross\n|-damage|p1a: Eelektross|92/100\n|move|p1a: Eelektross|Supercell Slam|p2a: Mightyena\n|-damage|p2a: Mightyena|0 fnt\n|faint|p2a: Mightyena\n|\n|-heal|p1a: Eelektross|98/100|[from] item: Leftovers\n|upkeep\n|inactive|Time left: 300 sec this turn | 300 sec total | 5 sec grace\n|\n|t:|1783534543\n|switch|p2a: Annihilape|Annihilape, L76, F|292/292\n|turn|8\n|inactive|Time left: 300 sec this turn | 300 sec total\n|\n|t:|1783534544\n|move|p2a: Annihilape|Bulk Up|p2a: Annihilape\n|-boost|p2a: Annihilape|atk|1\n|-boost|p2a: Annihilape|def|1\n|move|p1a: Eelektross|Supercell Slam|p2a: Annihilape\n|-damage|p2a: Annihilape|186/292\n|\n|-heal|p1a: Eelektross|100/100|[from] item: Leftovers\n|-end|p1a: Eelektross|move: Taunt\n|upkeep\n|turn|9\n|inactive|Time left: 300 sec this turn | 300 sec total\n|\n|t:|1783534545\n|move|p2a: Annihilape|Bulk Up|p2a: Annihilape\n|-boost|p2a: Annihilape|atk|1\n|-boost|p2a: Annihilape|def|1\n|move|p1a: Eelektross|Coil|p1a: Eelektross\n|-boost|p1a: Eelektross|atk|1\n|-boost|p1a: Eelektross|def|1\n|-boost|p1a: Eelektross|accuracy|1\n|\n|upkeep\n|turn|10\n|inactive|Time left: 300 sec this turn | 300 sec total\n|\n|t:|1783534546\n|move|p2a: Annihilape|Bulk Up|p2a: Annihilape\n|-boost|p2a: Annihilape|atk|1\n|-boost|p2a: Annihilape|def|1\n|move|p1a: Eelektross|Coil|p1a: Eelektross\n|-boost|p1a: Eelektross|atk|1\n|-boost|p1a: Eelektross|def|1\n|-boost|p1a: Eelektross|accuracy|1\n|\n|upkeep\n|turn|11\n|inactive|Time left: 300 sec this turn | 300 sec total\n|\n|t:|1783534547\n|move|p2a: Annihilape|Drain Punch|p1a: Eelektross\n|-damage|p1a: Eelektross|78/100\n|-heal|p2a: Annihilape|219/292|[from] drain|[of] p1a: Eelektross\n|move|p1a: Eelektross|Supercell Slam|p2a: Annihilape\n|-damage|p2a: Annihilape|107/292\n|\n|-heal|p1a: Eelektross|84/100|[from] item: Leftovers\n|upkeep\n|turn|12\n|inactive|Time left: 300 sec this turn | 300 sec total\n|\n|t:|1783534549\n|move|p2a: Annihilape|Drain Punch|p1a: Eelektross\n|-damage|p1a: Eelektross|62/100\n|-heal|p2a: Annihilape|139/292|[from] drain|[of] p1a: Eelektross\n|move|p1a: Eelektross|Supercell Slam|p2a: Annihilape\n|-damage|p2a: Annihilape|12/292\n|\n|-heal|p1a: Eelektross|68/100|[from] item: Leftovers\n|upkeep\n|turn|13\n|inactive|Time left: 300 sec this turn | 300 sec total\n|\n|t:|1783534550\n|move|p2a: Annihilape|Rest|p2a: Annihilape\n|-status|p2a: Annihilape|slp|[from] move: Rest\n|-heal|p2a: Annihilape|292/292 slp|[silent]\n|-enditem|p2a: Annihilape|Chesto Berry|[eat]\n|-curestatus|p2a: Annihilape|slp|[msg]\n|move|p1a: Eelektross|Supercell Slam|p2a: Annihilape\n|-damage|p2a: Annihilape|160/292\n|\n|-heal|p1a: Eelektross|75/100|[from] item: Leftovers\n|upkeep\n|turn|14\n|inactive|Time left: 300 sec this turn | 300 sec total\n|\n|t:|1783534551\n|move|p2a: Annihilape|Drain Punch|p1a: Eelektross\n|-damage|p1a: Eelektross|53/100\n|-heal|p2a: Annihilape|192/292|[from] drain|[of] p1a: Eelektross\n|move|p1a: Eelektross|Supercell Slam|p2a: Annihilape\n|-damage|p2a: Annihilape|78/292\n|\n|-heal|p1a: Eelektross|59/100|[from] item: Leftovers\n|upkeep\n|turn|15\n|inactive|Time left: 300 sec this turn | 300 sec total\n|\n|t:|1783534552\n|move|p2a: Annihilape|Rest|p2a: Annihilape\n|-status|p2a: Annihilape|slp|[from] move: Rest\n|-heal|p2a: Annihilape|292/292 slp|[silent]\n|move|p1a: Eelektross|Supercell Slam|p2a: Annihilape\n|-damage|p2a: Annihilape|181/292 slp\n|\n|-heal|p1a: Eelektross|65/100|[from] item: Leftovers\n|upkeep\n|turn|16\n|inactive|Time left: 300 sec this turn | 300 sec total\n|\n|t:|1783534554\n|cant|p2a: Annihilape|slp\n|move|p1a: Eelektross|Supercell Slam|p2a: Annihilape\n|-damage|p2a: Annihilape|55/292 slp\n|\n|-heal|p1a: Eelektross|71/100|[from] item: Leftovers\n|upkeep\n|turn|17\n|inactive|Time left: 300 sec this turn | 300 sec total\n|\n|t:|1783534555\n|cant|p2a: Annihilape|slp\n|move|p1a: Eelektross|Supercell Slam|p2a: Annihilape\n|-damage|p2a: Annihilape|0 fnt\n|faint|p2a: Annihilape\n|\n|-heal|p1a: Eelektross|77/100|[from] item: Leftovers\n|upkeep\n|inactive|Time left: 300 sec this turn | 300 sec total | 5 sec grace\n|\n|t:|1783534556\n|switch|p2a: Metagross|Metagross, L79|256/256\n|turn|18\n|inactive|Time left: 300 sec this turn | 300 sec total\n|\n|t:|1783534556\n|move|p2a: Metagross|Heavy Slam|p1a: Eelektross\n|-resisted|p1a: Eelektross\n|-damage|p1a: Eelektross|68/100\n|move|p1a: Eelektross|Supercell Slam|p2a: Metagross\n|-damage|p2a: Metagross|48/256\n|\n|-heal|p2a: Metagross|64/256|[from] item: Leftovers\n|-heal|p1a: Eelektross|75/100|[from] item: Leftovers\n|upkeep\n|turn|19\n|inactive|Time left: 300 sec this turn | 300 sec total\n|\n|t:|1783534558\n|move|p2a: Metagross|Bullet Punch|p1a: Eelektross\n|-resisted|p1a: Eelektross\n|-damage|p1a: Eelektross|72/100\n|move|p1a: Eelektross|Drain Punch|p2a: Metagross\n|-damage|p2a: Metagross|0 fnt\n|-heal|p1a: Eelektross|83/100|[from] drain|[of] p2a: Metagross\n|faint|p2a: Metagross\n|\n|-heal|p1a: Eelektross|89/100|[from] item: Leftovers\n|upkeep\n|inactive|Time left: 300 sec this turn | 300 sec total | 5 sec grace\n|\n|t:|1783534559\n|switch|p2a: Rampardos|Rampardos, L90, F|321/321\n|turn|20\n|inactive|Time left: 300 sec this turn | 300 sec total\n|\n|t:|1783534560\n|-terastallize|p2a: Rampardos|Ground\n|move|p2a: Rampardos|Rock Slide|p1a: Eelektross\n|-damage|p1a: Eelektross|67/100\n|move|p1a: Eelektross|Supercell Slam|p2a: Rampardos\n|-immune|p2a: Rampardos\n|-damage|p1a: Eelektross|17/100|[from] supercellslam\n|\n|-heal|p1a: Eelektross|23/100|[from] item: Leftovers\n|upkeep\n|turn|21\n|inactive|Time left: 300 sec this turn | 300 sec total\n|\n|t:|1783534561\n|-terastallize|p1a: Eelektross|Fighting\n|move|p2a: Rampardos|Rock Slide|p1a: Eelektross\n|-resisted|p1a: Eelektross\n|-damage|p1a: Eelektross|11/100\n|move|p1a: Eelektross|Drain Punch|p2a: Rampardos\n|-damage|p2a: Rampardos|96/321\n|-heal|p1a: Eelektross|50/100|[from] drain|[of] p2a: Rampardos\n|\n|-heal|p1a: Eelektross|56/100|[from] item: Leftovers\n|upkeep\n|turn|22\n|inactive|Time left: 300 sec this turn | 300 sec total\n|\n|t:|1783534562\n|switch|p2a: Gallade|Gallade, L80, M|240/240\n|move|p1a: Eelektross|Drain Punch|p2a: Gallade\n|-resisted|p2a: Gallade\n|-crit|p2a: Gallade\n|-damage|p2a: Gallade|52/240\n|-heal|p1a: Eelektross|89/100|[from] drain|[of] p2a: Gallade\n|\n|-heal|p1a: Eelektross|95/100|[from] item: Leftovers\n|upkeep\n|turn|23\n|inactive|Time left: 300 sec this turn | 300 sec total\n|\n|t:|1783534563\n|move|p2a: Gallade|Psycho Cut|p1a: Eelektross\n|-supereffective|p1a: Eelektross\n|-damage|p1a: Eelektross|54/100\n|-damage|p2a: Gallade|28/240|[from] item: Life Orb\n|move|p1a: Eelektross|Drain Punch|p2a: Gallade\n|-resisted|p2a: Gallade\n|-damage|p2a: Gallade|0 fnt\n|-heal|p1a: Eelektross|58/100|[from] drain|[of] p2a: Gallade\n|faint|p2a: Gallade\n|\n|-heal|p1a: Eelektross|65/100|[from] item: Leftovers\n|upkeep\n|inactive|Time left: 300 sec this turn | 300 sec total | 5 sec grace\n|\n|t:|1783534565\n|switch|p2a: Rampardos|Rampardos, L90, F, tera:Ground|96/321\n|turn|24\n|inactive|Time left: 300 sec this turn | 300 sec total\n|\n|t:|1783534566\n|move|p2a: Rampardos|Fire Punch|p1a: Eelektross\n|-damage|p1a: Eelektross|50/100\n|move|p1a: Eelektross|Fire Punch|p2a: Rampardos\n|-damage|p2a: Rampardos|0 fnt\n|faint|p2a: Rampardos\n|\n|win|p0x108a1d0", "uploadtime": 1783534566, "views": 0, "rating": 0, "private": 0, "password": null, "_winner": "p0x108a1d0", "_our_name": "p0y1081a70"}