{"id": "battle-gen9randombattle-2275", "formatid": "gen9randombattle", "format": "[Gen 9] Random Battle", "players": ["p0x2275969a", "p0y2275c2e0"], "log": "|init|battle\n|title|p0x2275969a vs. p0y2275c2e0\n|j|\u2606p0x2275969a\n|j|\u2606p0y2275c2e0\n|t:|1783566347\n|gametype|singles\n|player|p1|p0x2275969a|169|\n|player|p2|p0y2275c2e0|170|\n|gen|9\n|tier|[Gen 9] Random Battle\n|rule|Species Clause: Limit one of each Pok\u00e9mon\n|rule|HP Percentage Mod: HP is shown in percentages\n|rule|Sleep Clause Mod: Limit one foe put to sleep\n|rule|Illusion Level Mod: Illusion disguises the Pok\u00e9mon's true level\n|\n|t:|1783566347\n|teamsize|p1|6\n|teamsize|p2|6\n|start\n|switch|p1a: Cloyster|Cloyster, L80, M|211/211\n|switch|p2a: Ampharos|Ampharos, L88, F|100/100\n|turn|1\n|inactive|Battle timer is ON: inactive players will automatically lose when time's up. (requested by p0y2275c2e0)\n|inactive|Time left: 300 sec this turn | 300 sec total | 60 sec grace\n|\n|t:|1783566348\n|switch|p1a: Sandy Shocks|Sandy Shocks, L80|267/267\n|move|p2a: Ampharos|Thunderbolt|p1a: Sandy Shocks\n|-immune|p1a: Sandy Shocks\n|\n|upkeep\n|turn|2\n|inactive|Time left: 300 sec this turn | 300 sec total\n|inactive|p0x2275969a also wants the timer to be on.\n|\n|t:|1783566350\n|switch|p2a: Stantler|Stantler, L92, F|100/100\n|-ability|p2a: Stantler|Intimidate|boost\n|-unboost|p1a: Sandy Shocks|atk|1\n|move|p1a: Sandy Shocks|Earth Power|p2a: Stantler\n|-damage|p2a: Stantler|74/100\n|\n|upkeep\n|turn|3\n|inactive|Time left: 300 sec this turn | 300 sec total\n|\n|t:|1783566351\n|move|p2a: Stantler|Calm Mind|p2a: Stantler\n|-boost|p2a: Stantler|spa|1\n|-boost|p2a: Stantler|spd|1\n|move|p1a: Sandy Shocks|Stealth Rock|p2a: Stantler\n|-sidestart|p2: p0y2275c2e0|move: Stealth Rock\n|\n|upkeep\n|turn|4\n|inactive|Time left: 300 sec this turn | 300 sec total\n|\n|t:|1783566352\n|-end|p1a: Sandy Shocks|Protosynthesis|[silent]\n|switch|p1a: Gallade|Gallade, L80, M|240/240\n|move|p2a: Stantler|Calm Mind|p2a: Stantler\n|-boost|p2a: Stantler|spa|1\n|-boost|p2a: Stantler|spd|1\n|\n|upkeep\n|turn|5\n|inactive|Time left: 300 sec this turn | 300 sec total\n|\n|t:|1783566354\n|-terastallize|p2a: Stantler|Fairy\n|move|p2a: Stantler|Tera Blast|p1a: Gallade|[anim] Tera Blast Fairy\n|-supereffective|p1a: Gallade\n|-damage|p1a: Gallade|0 fnt\n|faint|p1a: Gallade\n|\n|upkeep\n|inactive|Time left: 300 sec this turn | 300 sec total | 5 sec grace\n|\n|t:|1783566355\n|switch|p1a: Weavile|Weavile, L79, M|239/239\n|turn|6\n|inactive|Time left: 300 sec this turn | 300 sec total\n|\n|t:|1783566356\n|move|p1a: Weavile|Triple Axel|p2a: Stantler\n|-damage|p2a: Stantler|65/100\n|-crit|p2a: Stantler\n|-damage|p2a: Stantler|37/100\n|-damage|p2a: Stantler|8/100\n|-hitcount|p2a: Stantler|3\n|move|p2a: Stantler|Tera Blast|p1a: Weavile|[anim] Tera Blast Fairy\n|-supereffective|p1a: Weavile\n|-crit|p1a: Weavile\n|-damage|p1a: Weavile|0 fnt\n|faint|p1a: Weavile\n|\n|upkeep\n|inactive|Time left: 300 sec this turn | 300 sec total | 5 sec grace\n|\n|t:|1783566357\n|switch|p1a: Corviknight|Corviknight, L80, M|288/288\n|turn|7\n|inactive|Time left: 300 sec this turn | 300 sec total\n|\n|t:|1783566358\n|move|p2a: Stantler|Shadow Ball|p1a: Corviknight\n|-damage|p1a: Corviknight|159/288\n|move|p1a: Corviknight|U-turn|p2a: Stantler\n|-resisted|p2a: Stantler\n|-damage|p2a: Stantler|2/100\n|inactive|Time left: 300 sec this turn | 300 sec total | 5 sec grace\n|\n|t:|1783566359\n|switch|p1a: Whiscash|Whiscash, L88, F|337/337|[from] U-turn\n|\n|upkeep\n|turn|8\n|inactive|Time left: 300 sec this turn | 300 sec total\n|\n|t:|1783566360\n|move|p2a: Stantler|Tera Blast|p1a: Whiscash|[anim] Tera Blast Fairy\n|-damage|p1a: Whiscash|142/337\n|move|p1a: Whiscash|Dragon Dance|p1a: Whiscash\n|-boost|p1a: Whiscash|atk|1\n|-boost|p1a: Whiscash|spe|1\n|\n|upkeep\n|turn|9\n|inactive|Time left: 300 sec this turn | 300 sec total\n|\n|t:|1783566361\n|move|p1a: Whiscash|Earthquake|p2a: Stantler\n|-damage|p2a: Stantler|0 fnt\n|faint|p2a: Stantler\n|-damage|p1a: Whiscash|109/337|[from] item: Life Orb\n|\n|upkeep\n|\n|t:|1783566363\n|switch|p2a: Malamar|Malamar, L82, F|100/100\n|-damage|p2a: Malamar|88/100|[from] Stealth Rock\n|turn|10\n|inactive|Time left: 300 sec this turn | 300 sec total\n|\n|t:|1783566364\n|-terastallize|p1a: Whiscash|Ground\n|move|p1a: Whiscash|Earthquake|p2a: Malamar\n|-damage|p2a: Malamar|0 fnt\n|faint|p2a: Malamar\n|-damage|p1a: Whiscash|76/337|[from] item: Life Orb\n|\n|upkeep\n|\n|t:|1783566365\n|switch|p2a: Froslass|Froslass, L87, F|100/100\n|-damage|p2a: Froslass|76/100|[from] Stealth Rock\n|turn|11\n|inactive|Time left: 300 sec this turn | 300 sec total\n|\n|t:|1783566366\n|move|p2a: Froslass|Triple Axel|p1a: Whiscash\n|-supereffective|p1a: Whiscash\n|-damage|p1a: Whiscash|34/337\n|-supereffective|p1a: Whiscash\n|-damage|p1a: Whiscash|0 fnt\n|faint|p1a: Whiscash\n|-hitcount|p1: Whiscash|2\n|\n|upkeep\n|inactive|Time left: 300 sec this turn | 300 sec total | 5 sec grace\n|\n|t:|1783566367\n|switch|p1a: Cloyster|Cloyster, L80, M|211/211\n|turn|12\n|inactive|Time left: 300 sec this turn | 300 sec total\n|\n|t:|1783566368\n|switch|p2a: Ampharos|Ampharos, L88, F|100/100\n|-damage|p2a: Ampharos|88/100|[from] Stealth Rock\n|move|p1a: Cloyster|Shell Smash|p1a: Cloyster\n|-unboost|p1a: Cloyster|def|1\n|-unboost|p1a: Cloyster|spd|1\n|-boost|p1a: Cloyster|atk|2\n|-boost|p1a: Cloyster|spa|2\n|-boost|p1a: Cloyster|spe|2\n|-enditem|p1a: Cloyster|White Herb\n|-clearnegativeboost|p1a: Cloyster|[silent]\n|\n|upkeep\n|turn|13\n|inactive|Time left: 300 sec this turn | 300 sec total\n|\n|t:|1783566369\n|move|p1a: Cloyster|Drill Run|p2a: Ampharos\n|-supereffective|p2a: Ampharos\n|-damage|p2a: Ampharos|24/100\n|move|p2a: Ampharos|Thunderbolt|p1a: Cloyster\n|-supereffective|p1a: Cloyster\n|-damage|p1a: Cloyster|0 fnt\n|faint|p1a: Cloyster\n|-damage|p2a: Ampharos|14/100|[from] item: Life Orb\n|\n|upkeep\n|inactive|Time left: 300 sec this turn | 300 sec total | 5 sec grace\n|\n|t:|1783566370\n|switch|p1a: Sandy Shocks|Sandy Shocks, L80|267/267\n|turn|14\n|inactive|Time left: 300 sec this turn | 300 sec total\n|\n|t:|1783566371\n|move|p1a: Sandy Shocks|Earth Power|p2a: Ampharos\n|-supereffective|p2a: Ampharos\n|-damage|p2a: Ampharos|0 fnt\n|faint|p2a: Ampharos\n|\n|upkeep\n|\n|t:|1783566372\n|switch|p2a: Froslass|Froslass, L87, F|76/100\n|-damage|p2a: Froslass|51/100|[from] Stealth Rock\n|turn|15\n|inactive|Time left: 300 sec this turn | 300 sec total\n|\n|t:|1783566373\n|move|p2a: Froslass|Triple Axel|p1a: Sandy Shocks\n|-supereffective|p1a: Sandy Shocks\n|-damage|p1a: Sandy Shocks|229/267\n|-supereffective|p1a: Sandy Shocks\n|-damage|p1a: Sandy Shocks|149/267\n|-supereffective|p1a: Sandy Shocks\n|-damage|p1a: Sandy Shocks|41/267\n|-hitcount|p1a: Sandy Shocks|3\n|move|p1a: Sandy Shocks|Volt Switch|p2a: Froslass\n|-damage|p2a: Froslass|17/100\n|-start|p1a: Sandy Shocks|Disable|Volt Switch|[from] ability: Cursed Body|[of] p2a: Froslass\n|inactive|Time left: 300 sec this turn | 300 sec total | 5 sec grace\n|\n|t:|1783566374\n|-end|p1a: Sandy Shocks|Protosynthesis|[silent]\n|switch|p1a: Corviknight|Corviknight, L80, M|159/288|[from] Volt Switch\n|\n|-heal|p1a: Corviknight|177/288|[from] item: Leftovers\n|upkeep\n|turn|16\n|inactive|Time left: 300 sec this turn | 300 sec total\n|\n|t:|1783566375\n|move|p2a: Froslass|Will-O-Wisp|p1a: Corviknight|[miss]\n|-miss|p2a: Froslass|p1a: Corviknight\n|move|p1a: Corviknight|Roost|p1a: Corviknight\n|-heal|p1a: Corviknight|288/288\n|-singleturn|p1a: Corviknight|move: Roost\n|\n|upkeep\n|turn|17\n|inactive|Time left: 300 sec this turn | 300 sec total\n|\n|t:|1783566376\n|move|p2a: Froslass|Will-O-Wisp|p1a: Corviknight\n|-status|p1a: Corviknight|brn\n|move|p1a: Corviknight|Brave Bird|p2a: Froslass\n|-damage|p2a: Froslass|0 fnt\n|faint|p2a: Froslass\n|-damage|p1a: Corviknight|274/288 brn|[from] Recoil\n|\n|-heal|p1a: Corviknight|288/288 brn|[from] item: Leftovers\n|-damage|p1a: Corviknight|270/288 brn|[from] brn\n|upkeep\n|\n|t:|1783566377\n|switch|p2a: Stonjourner|Stonjourner, L91, M|100/100\n|-damage|p2a: Stonjourner|88/100|[from] Stealth Rock\n|turn|18\n|inactive|Time left: 300 sec this turn | 300 sec total\n|\n|t:|1783566378\n|move|p2a: Stonjourner|Heat Crash|p1a: Corviknight\n|-supereffective|p1a: Corviknight\n|-damage|p1a: Corviknight|0 fnt\n|faint|p1a: Corviknight\n|-damage|p2a: Stonjourner|78/100|[from] item: Life Orb\n|\n|upkeep\n|inactive|Time left: 300 sec this turn | 300 sec total | 5 sec grace\n|\n|t:|1783566379\n|switch|p1a: Sandy Shocks|Sandy Shocks, L80|41/267\n|turn|19\n|inactive|Time left: 300 sec this turn | 300 sec total\n|\n|t:|1783566379\n|move|p1a: Sandy Shocks|Earth Power|p2a: Stonjourner\n|-supereffective|p2a: Stonjourner\n|-damage|p2a: Stonjourner|0 fnt\n|faint|p2a: Stonjourner\n|\n|upkeep\n|\n|t:|1783566380\n|switch|p2a: Illumise|Illumise, L91, F|100/100\n|turn|20\n|inactive|Time left: 300 sec this turn | 300 sec total\n|\n|t:|1783566381\n|move|p1a: Sandy Shocks|Thunderbolt|p2a: Illumise\n|-damage|p2a: Illumise|64/100\n|move|p2a: Illumise|Bug Buzz|p1a: Sandy Shocks\n|-damage|p1a: Sandy Shocks|0 fnt\n|faint|p1a: Sandy Shocks\n|-end|p1a: Sandy Shocks|Protosynthesis|[silent]\n|\n|win|p0y2275c2e0", "uploadtime": 1783566381, "views": 0, "rating": 0, "private": 0, "password": null, "_winner": "p0y2275c2e0", "_our_name": "p0x2275969a"}