{"id": "battle-gen9randombattle-410", "formatid": "gen9randombattle", "format": "[Gen 9] Random Battle", "players": ["p0x4109453", "p0y410b6c1"], "log": "|init|battle\n|title|p0x4109453 vs. p0y410b6c1\n|j|\u2606p0x4109453\n|j|\u2606p0y410b6c1\n|t:|1783544474\n|gametype|singles\n|player|p1|p0x4109453|2|\n|player|p2|p0y410b6c1|265|\n|gen|9\n|tier|[Gen 9] Random Battle\n|rule|Species Clause: Limit one of each Pok\u00e9mon\n|rule|HP Percentage Mod: HP is shown in percentages\n|rule|Sleep Clause Mod: Limit one foe put to sleep\n|rule|Illusion Level Mod: Illusion disguises the Pok\u00e9mon's true level\n|\n|t:|1783544474\n|teamsize|p1|6\n|teamsize|p2|6\n|start\n|switch|p1a: Ribombee|Ribombee, L83, F|235/235\n|switch|p2a: Miraidon|Miraidon, L65|100/100\n|-fieldstart|move: Electric Terrain|[from] ability: Hadron Engine|[of] p2a: Miraidon\n|turn|1\n|inactive|Battle timer is ON: inactive players will automatically lose when time's up. (requested by p0x4109453)\n|inactive|p0y410b6c1 also wants the timer to be on.\n|\n|t:|1783544476\n|move|p1a: Ribombee|Moonblast|p2a: Miraidon\n|-supereffective|p2a: Miraidon\n|-damage|p2a: Miraidon|14/100\n|move|p2a: Miraidon|Electro Drift|p1a: Ribombee\n|-damage|p1a: Ribombee|0 fnt\n|faint|p1a: Ribombee\n|\n|upkeep\n|inactive|Time left: 300 sec this turn | 300 sec total | 65 sec grace\n|\n|t:|1783544477\n|switch|p1a: Slaking|Slaking, L84, M|389/389\n|turn|2\n|inactive|Time left: 300 sec this turn | 300 sec total\n|\n|t:|1783544478\n|move|p1a: Slaking|Giga Impact|p2a: Miraidon\n|-damage|p2a: Miraidon|0 fnt\n|-mustrecharge|p1a: Slaking\n|faint|p2a: Miraidon\n|\n|upkeep\n|\n|t:|1783544479\n|switch|p2a: Iron Valiant|Iron Valiant, L78|100/100\n|-activate|p2a: Iron Valiant|ability: Quark Drive\n|-start|p2a: Iron Valiant|quarkdriveatk\n|turn|3\n|inactive|Time left: 300 sec this turn | 300 sec total\n|\n|t:|1783544480\n|move|p2a: Iron Valiant|Close Combat|p1a: Slaking\n|-supereffective|p1a: Slaking\n|-damage|p1a: Slaking|0 fnt\n|-unboost|p2a: Iron Valiant|def|1\n|-unboost|p2a: Iron Valiant|spd|1\n|faint|p1a: Slaking\n|-damage|p2a: Iron Valiant|91/100|[from] item: Life Orb\n|\n|upkeep\n|inactive|Time left: 300 sec this turn | 300 sec total | 5 sec grace\n|\n|t:|1783544481\n|switch|p1a: Zebstrika|Zebstrika, L87, M|272/272\n|turn|4\n|inactive|Time left: 300 sec this turn | 300 sec total\n|\n|t:|1783544483\n|-end|p2a: Iron Valiant|Quark Drive|[silent]\n|switch|p2a: Abomasnow|Abomasnow, L84, F|100/100\n|-weather|Snowscape|[from] ability: Snow Warning|[of] p2a: Abomasnow\n|move|p1a: Zebstrika|Supercell Slam|p2a: Abomasnow|[miss]\n|-miss|p1a: Zebstrika|p2a: Abomasnow\n|-damage|p1a: Zebstrika|136/272|[from] supercellslam\n|\n|-weather|Snowscape|[upkeep]\n|upkeep\n|turn|5\n|inactive|Time left: 300 sec this turn | 300 sec total\n|\n|t:|1783544484\n|move|p1a: Zebstrika|Overheat|p2a: Abomasnow\n|-supereffective|p2a: Abomasnow\n|-damage|p2a: Abomasnow|0 fnt\n|-unboost|p1a: Zebstrika|spa|2\n|faint|p2a: Abomasnow\n|-damage|p1a: Zebstrika|109/272|[from] item: Life Orb\n|\n|-weather|Snowscape|[upkeep]\n|-fieldend|move: Electric Terrain\n|upkeep\n|\n|t:|1783544485\n|switch|p2a: Iron Valiant|Iron Valiant, L78|91/100\n|turn|6\n|inactive|Time left: 300 sec this turn | 300 sec total\n|\n|t:|1783544486\n|move|p1a: Zebstrika|Supercell Slam|p2a: Iron Valiant\n|-damage|p2a: Iron Valiant|28/100\n|-damage|p1a: Zebstrika|82/272|[from] item: Life Orb\n|move|p2a: Iron Valiant|Spirit Break|p1a: Zebstrika\n|-damage|p1a: Zebstrika|0 fnt\n|faint|p1a: Zebstrika\n|-damage|p2a: Iron Valiant|18/100|[from] item: Life Orb\n|\n|-weather|Snowscape|[upkeep]\n|upkeep\n|inactive|Time left: 300 sec this turn | 300 sec total | 5 sec grace\n|\n|t:|1783544487\n|switch|p1a: Calyrex|Calyrex, L93|337/337\n|-ability|p1a: Calyrex|Unnerve\n|turn|7\n|inactive|Time left: 300 sec this turn | 300 sec total\n|\n|t:|1783544489\n|move|p2a: Iron Valiant|Knock Off|p1a: Calyrex\n|-supereffective|p1a: Calyrex\n|-damage|p1a: Calyrex|139/337\n|-enditem|p1a: Calyrex|Leftovers|[from] move: Knock Off|[of] p2a: Iron Valiant\n|-damage|p2a: Iron Valiant|8/100|[from] item: Life Orb\n|move|p1a: Calyrex|Body Press|p2a: Iron Valiant\n|-resisted|p2a: Iron Valiant\n|-damage|p2a: Iron Valiant|0 fnt\n|faint|p2a: Iron Valiant\n|-end|p2a: Iron Valiant|Quark Drive|[silent]\n|\n|-weather|Snowscape|[upkeep]\n|upkeep\n|\n|t:|1783544490\n|switch|p2a: Cinderace|Cinderace, L77, F|100/100\n|turn|8\n|inactive|Time left: 300 sec this turn | 300 sec total\n|\n|t:|1783544491\n|switch|p1a: Hydrapple|Hydrapple, L83, F|312/312\n|move|p2a: Cinderace|Pyro Ball|p1a: Hydrapple\n|-damage|p1a: Hydrapple|155/312\n|-status|p1a: Hydrapple|brn\n|\n|-weather|none\n|-damage|p1a: Hydrapple|136/312 brn|[from] brn\n|upkeep\n|turn|9\n|inactive|Time left: 300 sec this turn | 300 sec total\n|\n|t:|1783544492\n|move|p2a: Cinderace|Pyro Ball|p1a: Hydrapple\n|-damage|p1a: Hydrapple|0 fnt\n|faint|p1a: Hydrapple\n|\n|upkeep\n|inactive|Time left: 300 sec this turn | 300 sec total | 5 sec grace\n|\n|t:|1783544493\n|switch|p1a: Jirachi|Jirachi, L80|291/291\n|turn|10\n|inactive|Time left: 300 sec this turn | 300 sec total\n|\n|t:|1783544494\n|-terastallize|p1a: Jirachi|Water\n|move|p2a: Cinderace|Pyro Ball|p1a: Jirachi\n|-resisted|p1a: Jirachi\n|-damage|p1a: Jirachi|206/291\n|move|p1a: Jirachi|Body Slam|p2a: Cinderace\n|-damage|p2a: Cinderace|72/100\n|-status|p2a: Cinderace|par\n|\n|-heal|p1a: Jirachi|224/291|[from] item: Leftovers\n|upkeep\n|turn|11\n|inactive|Time left: 300 sec this turn | 300 sec total\n|\n|t:|1783544496\n|move|p1a: Jirachi|Body Slam|p2a: Cinderace\n|-damage|p2a: Cinderace|45/100 par\n|move|p2a: Cinderace|Pyro Ball|p1a: Jirachi\n|-resisted|p1a: Jirachi\n|-damage|p1a: Jirachi|135/291\n|-status|p1a: Jirachi|brn\n|\n|-heal|p1a: Jirachi|153/291 brn|[from] item: Leftovers\n|-damage|p1a: Jirachi|135/291 brn|[from] brn\n|upkeep\n|turn|12\n|inactive|Time left: 300 sec this turn | 300 sec total\n|\n|t:|1783544497\n|move|p1a: Jirachi|Wish|p1a: Jirachi\n|move|p2a: Cinderace|Pyro Ball|p1a: Jirachi\n|-resisted|p1a: Jirachi\n|-damage|p1a: Jirachi|45/291 brn\n|\n|-heal|p1a: Jirachi|63/291 brn|[from] item: Leftovers\n|-damage|p1a: Jirachi|45/291 brn|[from] brn\n|upkeep\n|turn|13\n|inactive|Time left: 300 sec this turn | 300 sec total\n|\n|t:|1783544498\n|move|p1a: Jirachi|Protect|p1a: Jirachi\n|-singleturn|p1a: Jirachi|Protect\n|cant|p2a: Cinderace|par\n|\n|-heal|p1a: Jirachi|190/291 brn|[from] move: Wish|[wisher] Jirachi\n|-heal|p1a: Jirachi|208/291 brn|[from] item: Leftovers\n|-damage|p1a: Jirachi|190/291 brn|[from] brn\n|upkeep\n|turn|14\n|inactive|Time left: 300 sec this turn | 300 sec total\n|\n|t:|1783544499\n|move|p1a: Jirachi|Wish|p1a: Jirachi\n|move|p2a: Cinderace|Pyro Ball|p1a: Jirachi|[miss]\n|-miss|p2a: Cinderace|p1a: Jirachi\n|\n|-heal|p1a: Jirachi|208/291 brn|[from] item: Leftovers\n|-damage|p1a: Jirachi|190/291 brn|[from] brn\n|upkeep\n|turn|15\n|inactive|Time left: 300 sec this turn | 300 sec total\n|\n|t:|1783544500\n|move|p1a: Jirachi|Body Slam|p2a: Cinderace\n|-damage|p2a: Cinderace|31/100 par\n|move|p2a: Cinderace|Pyro Ball|p1a: Jirachi|[miss]\n|-miss|p2a: Cinderace|p1a: Jirachi\n|\n|-heal|p1a: Jirachi|291/291 brn|[from] move: Wish|[wisher] Jirachi\n|-damage|p1a: Jirachi|273/291 brn|[from] brn\n|upkeep\n|turn|16\n|inactive|Time left: 300 sec this turn | 300 sec total\n|\n|t:|1783544501\n|move|p1a: Jirachi|Wish|p1a: Jirachi\n|move|p2a: Cinderace|Pyro Ball|p1a: Jirachi\n|-resisted|p1a: Jirachi\n|-damage|p1a: Jirachi|192/291 brn\n|\n|-heal|p1a: Jirachi|210/291 brn|[from] item: Leftovers\n|-damage|p1a: Jirachi|192/291 brn|[from] brn\n|upkeep\n|turn|17\n|inactive|Time left: 300 sec this turn | 300 sec total\n|\n|t:|1783544502\n|switch|p1a: Calyrex|Calyrex, L93|139/337\n|-ability|p1a: Calyrex|Unnerve\n|cant|p2a: Cinderace|par\n|\n|-heal|p1a: Calyrex|284/337|[from] move: Wish|[wisher] Jirachi\n|upkeep\n|turn|18\n|inactive|Time left: 300 sec this turn | 300 sec total\n|\n|t:|1783544503\n|switch|p2a: Vespiquen|Vespiquen, L99, F|100/100\n|-ability|p2a: Vespiquen|Pressure\n|move|p1a: Calyrex|Psyshock|p2a: Vespiquen\n|-damage|p2a: Vespiquen|76/100\n|\n|upkeep\n|turn|19\n|inactive|Time left: 300 sec this turn | 300 sec total\n|\n|t:|1783544504\n|switch|p1a: Jirachi|Jirachi, L80, tera:Water|192/291 brn\n|move|p2a: Vespiquen|Hurricane|p1a: Jirachi\n|-damage|p1a: Jirachi|59/291 brn\n|-start|p1a: Jirachi|confusion\n|\n|-heal|p1a: Jirachi|77/291 brn|[from] item: Leftovers\n|-damage|p1a: Jirachi|59/291 brn|[from] brn\n|upkeep\n|turn|20\n|inactive|Time left: 300 sec this turn | 300 sec total\n|\n|t:|1783544505\n|-activate|p1a: Jirachi|confusion\n|move|p1a: Jirachi|Body Slam|p2a: Vespiquen\n|-damage|p2a: Vespiquen|69/100\n|-status|p2a: Vespiquen|par\n|move|p2a: Vespiquen|Roost|p2a: Vespiquen\n|-heal|p2a: Vespiquen|100/100 par\n|-singleturn|p2a: Vespiquen|move: Roost\n|\n|-heal|p1a: Jirachi|77/291 brn|[from] item: Leftovers\n|-damage|p1a: Jirachi|59/291 brn|[from] brn\n|upkeep\n|turn|21\n|inactive|Time left: 300 sec this turn | 300 sec total\n|\n|t:|1783544506\n|-activate|p1a: Jirachi|confusion\n|move|p1a: Jirachi|Body Slam|p2a: Vespiquen\n|-damage|p2a: Vespiquen|93/100 par\n|cant|p2a: Vespiquen|par\n|\n|-heal|p1a: Jirachi|77/291 brn|[from] item: Leftovers\n|-damage|p1a: Jirachi|59/291 brn|[from] brn\n|upkeep\n|turn|22\n|inactive|Time left: 300 sec this turn | 300 sec total\n|\n|t:|1783544507\n|-end|p1a: Jirachi|confusion\n|move|p1a: Jirachi|Protect|p1a: Jirachi\n|-singleturn|p1a: Jirachi|Protect\n|move|p2a: Vespiquen|Hurricane|p1a: Jirachi\n|-activate|p1a: Jirachi|move: Protect\n|\n|-heal|p1a: Jirachi|77/291 brn|[from] item: Leftovers\n|-damage|p1a: Jirachi|59/291 brn|[from] brn\n|upkeep\n|turn|23\n|inactive|Time left: 300 sec this turn | 300 sec total\n|\n|t:|1783544508\n|move|p1a: Jirachi|Wish|p1a: Jirachi\n|move|p2a: Vespiquen|Spikes|p1a: Jirachi\n|-sidestart|p1: p0x4109453|Spikes\n|\n|-heal|p1a: Jirachi|77/291 brn|[from] item: Leftovers\n|-damage|p1a: Jirachi|59/291 brn|[from] brn\n|upkeep\n|turn|24\n|inactive|Time left: 300 sec this turn | 300 sec total\n|\n|t:|1783544509\n|move|p1a: Jirachi|Protect|p1a: Jirachi\n|-singleturn|p1a: Jirachi|Protect\n|move|p2a: Vespiquen|Hurricane|p1a: Jirachi\n|-activate|p1a: Jirachi|move: Protect\n|\n|-heal|p1a: Jirachi|204/291 brn|[from] move: Wish|[wisher] Jirachi\n|-heal|p1a: Jirachi|222/291 brn|[from] item: Leftovers\n|-damage|p1a: Jirachi|204/291 brn|[from] brn\n|upkeep\n|turn|25\n|inactive|Time left: 300 sec this turn | 300 sec total\n|\n|t:|1783544510\n|move|p1a: Jirachi|Wish|p1a: Jirachi\n|move|p2a: Vespiquen|Hurricane|p1a: Jirachi|[miss]\n|-miss|p2a: Vespiquen|p1a: Jirachi\n|\n|-heal|p1a: Jirachi|222/291 brn|[from] item: Leftovers\n|-damage|p1a: Jirachi|204/291 brn|[from] brn\n|upkeep\n|turn|26\n|inactive|Time left: 300 sec this turn | 300 sec total\n|\n|t:|1783544511\n|move|p1a: Jirachi|Iron Head|p2a: Vespiquen\n|-damage|p2a: Vespiquen|82/100 par\n|cant|p2a: Vespiquen|flinch\n|\n|-heal|p1a: Jirachi|291/291 brn|[from] move: Wish|[wisher] Jirachi\n|-damage|p1a: Jirachi|273/291 brn|[from] brn\n|upkeep\n|turn|27\n|inactive|Time left: 300 sec this turn | 300 sec total\n|\n|t:|1783544512\n|move|p1a: Jirachi|Iron Head|p2a: Vespiquen\n|-damage|p2a: Vespiquen|73/100 par\n|move|p2a: Vespiquen|Hurricane|p1a: Jirachi|[miss]\n|-miss|p2a: Vespiquen|p1a: Jirachi\n|\n|-heal|p1a: Jirachi|291/291 brn|[from] item: Leftovers\n|-damage|p1a: Jirachi|273/291 brn|[from] brn\n|upkeep\n|turn|28\n|inactive|Time left: 300 sec this turn | 300 sec total\n|\n|t:|1783544513\n|move|p1a: Jirachi|Wish|p1a: Jirachi\n|cant|p2a: Vespiquen|par\n|\n|-heal|p1a: Jirachi|291/291 brn|[from] item: Leftovers\n|-damage|p1a: Jirachi|273/291 brn|[from] brn\n|upkeep\n|turn|29\n|inactive|Time left: 300 sec this turn | 300 sec total\n|\n|t:|1783544514\n|move|p1a: Jirachi|Iron Head|p2a: Vespiquen\n|-damage|p2a: Vespiquen|63/100 par\n|cant|p2a: Vespiquen|flinch\n|\n|-heal|p1a: Jirachi|291/291 brn|[from] move: Wish|[wisher] Jirachi\n|-damage|p1a: Jirachi|273/291 brn|[from] brn\n|upkeep\n|turn|30\n|inactive|Time left: 300 sec this turn | 300 sec total\n|\n|t:|1783544515\n|move|p1a: Jirachi|Wish|p1a: Jirachi\n|move|p2a: Vespiquen|Roost|p2a: Vespiquen\n|-heal|p2a: Vespiquen|100/100 par\n|-singleturn|p2a: Vespiquen|move: Roost\n|\n|-heal|p1a: Jirachi|291/291 brn|[from] item: Leftovers\n|-damage|p1a: Jirachi|273/291 brn|[from] brn\n|upkeep\n|turn|31\n|inactive|Time left: 300 sec this turn | 300 sec total\n|\n|t:|1783544516\n|move|p1a: Jirachi|Body Slam|p2a: Vespiquen\n|-damage|p2a: Vespiquen|93/100 par\n|move|p2a: Vespiquen|Hurricane|p1a: Jirachi|[miss]\n|-miss|p2a: Vespiquen|p1a: Jirachi\n|\n|-heal|p1a: Jirachi|291/291 brn|[from] move: Wish|[wisher] Jirachi\n|-damage|p1a: Jirachi|273/291 brn|[from] brn\n|upkeep\n|turn|32\n|inactive|Time left: 300 sec this turn | 300 sec total\n|\n|t:|1783544517\n|move|p1a: Jirachi|Iron Head|p2a: Vespiquen\n|-damage|p2a: Vespiquen|82/100 par\n|cant|p2a: Vespiquen|par\n|\n|-heal|p1a: Jirachi|291/291 brn|[from] item: Leftovers\n|-damage|p1a: Jirachi|273/291 brn|[from] brn\n|upkeep\n|turn|33\n|inactive|Time left: 300 sec this turn | 300 sec total\n|\n|t:|1783544518\n|move|p1a: Jirachi|Iron Head|p2a: Vespiquen\n|-crit|p2a: Vespiquen\n|-damage|p2a: Vespiquen|68/100 par\n|move|p2a: Vespiquen|Toxic Spikes|p1a: Jirachi\n|-sidestart|p1: p0x4109453|move: Toxic Spikes\n|\n|-heal|p1a: Jirachi|291/291 brn|[from] item: Leftovers\n|-damage|p1a: Jirachi|273/291 brn|[from] brn\n|upkeep\n|turn|34\n|inactive|Time left: 300 sec this turn | 300 sec total\n|\n|t:|1783544519\n|move|p1a: Jirachi|Wish|p1a: Jirachi\n|move|p2a: Vespiquen|Roost|p2a: Vespiquen\n|-heal|p2a: Vespiquen|100/100 par\n|-singleturn|p2a: Vespiquen|move: Roost\n|\n|-heal|p1a: Jirachi|291/291 brn|[from] item: Leftovers\n|-damage|p1a: Jirachi|273/291 brn|[from] brn\n|upkeep\n|turn|35\n|inactive|Time left: 300 sec this turn | 300 sec total\n|\n|t:|1783544520\n|move|p1a: Jirachi|Iron Head|p2a: Vespiquen\n|-damage|p2a: Vespiquen|91/100 par\n|move|p2a: Vespiquen|Roost|p2a: Vespiquen\n|-heal|p2a: Vespiquen|100/100 par\n|-singleturn|p2a: Vespiquen|move: Roost\n|\n|-heal|p1a: Jirachi|291/291 brn|[from] move: Wish|[wisher] Jirachi\n|-damage|p1a: Jirachi|273/291 brn|[from] brn\n|upkeep\n|turn|36\n|inactive|Time left: 300 sec this turn | 300 sec total\n|\n|t:|1783544521\n|move|p1a: Jirachi|Iron Head|p2a: Vespiquen\n|-damage|p2a: Vespiquen|90/100 par\n|cant|p2a: Vespiquen|flinch\n|\n|-heal|p1a: Jirachi|291/291 brn|[from] item: Leftovers\n|-damage|p1a: Jirachi|273/291 brn|[from] brn\n|upkeep\n|turn|37\n|inactive|Time left: 300 sec this turn | 300 sec total\n|\n|t:|1783544522\n|move|p1a: Jirachi|Iron Head|p2a: Vespiquen\n|-damage|p2a: Vespiquen|81/100 par\n|move|p2a: Vespiquen|Hurricane|p1a: Jirachi\n|-crit|p1a: Jirachi\n|-damage|p1a: Jirachi|87/291 brn\n|\n|-heal|p1a: Jirachi|105/291 brn|[from] item: Leftovers\n|-damage|p1a: Jirachi|87/291 brn|[from] brn\n|upkeep\n|turn|38\n|inactive|Time left: 300 sec this turn | 300 sec total\n|\n|t:|1783544523\n|move|p1a: Jirachi|Wish|p1a: Jirachi\n|move|p2a: Vespiquen|Hurricane|p1a: Jirachi|[miss]\n|-miss|p2a: Vespiquen|p1a: Jirachi\n|\n|-heal|p1a: Jirachi|105/291 brn|[from] item: Leftovers\n|-damage|p1a: Jirachi|87/291 brn|[from] brn\n|upkeep\n|turn|39\n|inactive|Time left: 300 sec this turn | 300 sec total\n|\n|t:|1783544525\n|move|p1a: Jirachi|Protect|p1a: Jirachi\n|-singleturn|p1a: Jirachi|Protect\n|move|p2a: Vespiquen|Hurricane|p1a: Jirachi\n|-activate|p1a: Jirachi|move: Protect\n|\n|-heal|p1a: Jirachi|232/291 brn|[from] move: Wish|[wisher] Jirachi\n|-heal|p1a: Jirachi|250/291 brn|[from] item: Leftovers\n|-damage|p1a: Jirachi|232/291 brn|[from] brn\n|upkeep\n|turn|40\n|inactive|Time left: 300 sec this turn | 300 sec total\n|\n|t:|1783544525\n|move|p1a: Jirachi|Wish|p1a: Jirachi\n|move|p2a: Vespiquen|Roost|p2a: Vespiquen\n|-heal|p2a: Vespiquen|100/100 par\n|-singleturn|p2a: Vespiquen|move: Roost\n|\n|-heal|p1a: Jirachi|250/291 brn|[from] item: Leftovers\n|-damage|p1a: Jirachi|232/291 brn|[from] brn\n|upkeep\n|turn|41\n|inactive|Time left: 300 sec this turn | 300 sec total\n|\n|t:|1783544527\n|move|p1a: Jirachi|Iron Head|p2a: Vespiquen\n|-damage|p2a: Vespiquen|90/100 par\n|move|p2a: Vespiquen|Toxic Spikes|p1a: Jirachi\n|-sidestart|p1: p0x4109453|move: Toxic Spikes\n|\n|-heal|p1a: Jirachi|291/291 brn|[from] move: Wish|[wisher] Jirachi\n|-damage|p1a: Jirachi|273/291 brn|[from] brn\n|upkeep\n|turn|42\n|inactive|Time left: 300 sec this turn | 300 sec total\n|\n|t:|1783544528\n|move|p1a: Jirachi|Wish|p1a: Jirachi\n|move|p2a: Vespiquen|Hurricane|p1a: Jirachi\n|-damage|p1a: Jirachi|150/291 brn\n|\n|-heal|p1a: Jirachi|168/291 brn|[from] item: Leftovers\n|-damage|p1a: Jirachi|150/291 brn|[from] brn\n|upkeep\n|turn|43\n|inactive|Time left: 300 sec this turn | 300 sec total\n|\n|t:|1783544529\n|move|p1a: Jirachi|Iron Head|p2a: Vespiquen\n|-crit|p2a: Vespiquen\n|-damage|p2a: Vespiquen|74/100 par\n|move|p2a: Vespiquen|Hurricane|p1a: Jirachi\n|-damage|p1a: Jirachi|27/291 brn\n|\n|-heal|p1a: Jirachi|172/291 brn|[from] move: Wish|[wisher] Jirachi\n|-heal|p1a: Jirachi|190/291 brn|[from] item: Leftovers\n|-damage|p1a: Jirachi|172/291 brn|[from] brn\n|upkeep\n|turn|44\n|inactive|Time left: 300 sec this turn | 300 sec total\n|\n|t:|1783544530\n|move|p1a: Jirachi|Wish|p1a: Jirachi\n|move|p2a: Vespiquen|Hurricane|p1a: Jirachi\n|-damage|p1a: Jirachi|30/291 brn\n|\n|-heal|p1a: Jirachi|48/291 brn|[from] item: Leftovers\n|-damage|p1a: Jirachi|30/291 brn|[from] brn\n|upkeep\n|turn|45\n|inactive|Time left: 300 sec this turn | 300 sec total\n|\n|t:|1783544531\n|move|p1a: Jirachi|Protect|p1a: Jirachi\n|-singleturn|p1a: Jirachi|Protect\n|cant|p2a: Vespiquen|par\n|\n|-heal|p1a: Jirachi|175/291 brn|[from] move: Wish|[wisher] Jirachi\n|-heal|p1a: Jirachi|193/291 brn|[from] item: Leftovers\n|-damage|p1a: Jirachi|175/291 brn|[from] brn\n|upkeep\n|turn|46\n|inactive|Time left: 300 sec this turn | 300 sec total\n|\n|t:|1783544533\n|move|p1a: Jirachi|Wish|p1a: Jirachi\n|move|p2a: Vespiquen|Roost|p2a: Vespiquen\n|-heal|p2a: Vespiquen|100/100 par\n|-singleturn|p2a: Vespiquen|move: Roost\n|\n|-heal|p1a: Jirachi|193/291 brn|[from] item: Leftovers\n|-damage|p1a: Jirachi|175/291 brn|[from] brn\n|upkeep\n|turn|47\n|inactive|Time left: 300 sec this turn | 300 sec total\n|\n|t:|1783544534\n|move|p1a: Jirachi|Protect|p1a: Jirachi\n|-singleturn|p1a: Jirachi|Protect\n|move|p2a: Vespiquen|Spikes|p1a: Jirachi\n|-sidestart|p1: p0x4109453|Spikes\n|\n|-heal|p1a: Jirachi|291/291 brn|[from] move: Wish|[wisher] Jirachi\n|-damage|p1a: Jirachi|273/291 brn|[from] brn\n|upkeep\n|turn|48\n|inactive|Time left: 300 sec this turn | 300 sec total\n|\n|t:|1783544535\n|move|p1a: Jirachi|Wish|p1a: Jirachi\n|move|p2a: Vespiquen|Hurricane|p1a: Jirachi\n|-damage|p1a: Jirachi|147/291 brn\n|-start|p1a: Jirachi|confusion\n|\n|-heal|p1a: Jirachi|165/291 brn|[from] item: Leftovers\n|-damage|p1a: Jirachi|147/291 brn|[from] brn\n|upkeep\n|turn|49\n|inactive|Time left: 300 sec this turn | 300 sec total\n|\n|t:|1783544536\n|-activate|p1a: Jirachi|confusion\n|move|p1a: Jirachi|Body Slam|p2a: Vespiquen\n|-damage|p2a: Vespiquen|93/100 par\n|move|p2a: Vespiquen|Hurricane|p1a: Jirachi\n|-damage|p1a: Jirachi|8/291 brn\n|\n|-heal|p1a: Jirachi|153/291 brn|[from] move: Wish|[wisher] Jirachi\n|-heal|p1a: Jirachi|171/291 brn|[from] item: Leftovers\n|-damage|p1a: Jirachi|153/291 brn|[from] brn\n|upkeep\n|turn|50\n|inactive|Time left: 300 sec this turn | 300 sec total\n|\n|t:|1783544537\n|-activate|p1a: Jirachi|confusion\n|move|p1a: Jirachi|Wish|p1a: Jirachi\n|cant|p2a: Vespiquen|par\n|\n|-heal|p1a: Jirachi|171/291 brn|[from] item: Leftovers\n|-damage|p1a: Jirachi|153/291 brn|[from] brn\n|upkeep\n|turn|51\n|inactive|Time left: 300 sec this turn | 300 sec total\n|\n|t:|1783544538\n|-activate|p1a: Jirachi|confusion\n|move|p1a: Jirachi|Protect|p1a: Jirachi\n|-singleturn|p1a: Jirachi|Protect\n|move|p2a: Vespiquen|Hurricane|p1a: Jirachi\n|-activate|p1a: Jirachi|move: Protect\n|\n|-heal|p1a: Jirachi|291/291 brn|[from] move: Wish|[wisher] Jirachi\n|-damage|p1a: Jirachi|273/291 brn|[from] brn\n|upkeep\n|turn|52\n|inactive|Time left: 300 sec this turn | 300 sec total\n|\n|t:|1783544539\n|-activate|p1a: Jirachi|confusion\n|move|p1a: Jirachi|Wish|p1a: Jirachi\n|move|p2a: Vespiquen|Hurricane|p1a: Jirachi\n|-damage|p1a: Jirachi|152/291 brn\n|\n|-heal|p1a: Jirachi|170/291 brn|[from] item: Leftovers\n|-damage|p1a: Jirachi|152/291 brn|[from] brn\n|upkeep\n|turn|53\n|inactive|Time left: 300 sec this turn | 300 sec total\n|\n|t:|1783544541\n|-end|p1a: Jirachi|confusion\n|move|p1a: Jirachi|Body Slam|p2a: Vespiquen\n|-damage|p2a: Vespiquen|85/100 par\n|move|p2a: Vespiquen|Toxic Spikes||[still]\n|-fail|p2a: Vespiquen\n|\n|-heal|p1a: Jirachi|291/291 brn|[from] move: Wish|[wisher] Jirachi\n|-damage|p1a: Jirachi|273/291 brn|[from] brn\n|upkeep\n|turn|54\n|inactive|Time left: 300 sec this turn | 300 sec total\n|\n|t:|1783544542\n|move|p1a: Jirachi|Body Slam|p2a: Vespiquen\n|-damage|p2a: Vespiquen|79/100 par\n|move|p2a: Vespiquen|Roost|p2a: Vespiquen\n|-heal|p2a: Vespiquen|100/100 par\n|-singleturn|p2a: Vespiquen|move: Roost\n|\n|-heal|p1a: Jirachi|291/291 brn|[from] item: Leftovers\n|-damage|p1a: Jirachi|273/291 brn|[from] brn\n|upkeep\n|turn|55\n|inactive|Time left: 300 sec this turn | 300 sec total\n|\n|t:|1783544543\n|move|p1a: Jirachi|Body Slam|p2a: Vespiquen\n|-damage|p2a: Vespiquen|94/100 par\n|move|p2a: Vespiquen|Spikes|p1a: Jirachi\n|-sidestart|p1: p0x4109453|Spikes\n|\n|-heal|p1a: Jirachi|291/291 brn|[from] item: Leftovers\n|-damage|p1a: Jirachi|273/291 brn|[from] brn\n|upkeep\n|turn|56\n|inactive|Time left: 300 sec this turn | 300 sec total\n|\n|t:|1783544544\n|move|p1a: Jirachi|Iron Head|p2a: Vespiquen\n|-damage|p2a: Vespiquen|83/100 par\n|cant|p2a: Vespiquen|flinch\n|\n|-heal|p1a: Jirachi|291/291 brn|[from] item: Leftovers\n|-damage|p1a: Jirachi|273/291 brn|[from] brn\n|upkeep\n|turn|57\n|inactive|Time left: 300 sec this turn | 300 sec total\n|\n|t:|1783544545\n|move|p1a: Jirachi|Body Slam|p2a: Vespiquen\n|-damage|p2a: Vespiquen|76/100 par\n|move|p2a: Vespiquen|Roost|p2a: Vespiquen\n|-heal|p2a: Vespiquen|100/100 par\n|-singleturn|p2a: Vespiquen|move: Roost\n|\n|-heal|p1a: Jirachi|291/291 brn|[from] item: Leftovers\n|-damage|p1a: Jirachi|273/291 brn|[from] brn\n|upkeep\n|turn|58\n|inactive|Time left: 300 sec this turn | 300 sec total\n|\n|t:|1783544546\n|move|p1a: Jirachi|Body Slam|p2a: Vespiquen\n|-crit|p2a: Vespiquen\n|-damage|p2a: Vespiquen|90/100 par\n|move|p2a: Vespiquen|Spikes||[still]\n|-fail|p2a: Vespiquen\n|\n|-heal|p1a: Jirachi|291/291 brn|[from] item: Leftovers\n|-damage|p1a: Jirachi|273/291 brn|[from] brn\n|upkeep\n|turn|59\n|inactive|Time left: 300 sec this turn | 300 sec total\n|\n|t:|1783544547\n|move|p1a: Jirachi|Body Slam|p2a: Vespiquen\n|-damage|p2a: Vespiquen|82/100 par\n|move|p2a: Vespiquen|Toxic Spikes||[still]\n|-fail|p2a: Vespiquen\n|\n|-heal|p1a: Jirachi|291/291 brn|[from] item: Leftovers\n|-damage|p1a: Jirachi|273/291 brn|[from] brn\n|upkeep\n|turn|60\n|inactive|Time left: 300 sec this turn | 300 sec total\n|\n|t:|1783544548\n|switch|p2a: Cinderace|Cinderace, L77, F|31/100 par\n|move|p1a: Jirachi|Body Slam|p2a: Cinderace\n|-damage|p2a: Cinderace|16/100 par\n|\n|-heal|p1a: Jirachi|291/291 brn|[from] item: Leftovers\n|-damage|p1a: Jirachi|273/291 brn|[from] brn\n|upkeep\n|turn|61\n|inactive|Time left: 300 sec this turn | 300 sec total\n|\n|t:|1783544549\n|switch|p2a: Vespiquen|Vespiquen, L99, F|82/100 par\n|-ability|p2a: Vespiquen|Pressure\n|move|p1a: Jirachi|Protect||[still]\n|-fail|p1a: Jirachi\n|\n|-heal|p1a: Jirachi|291/291 brn|[from] item: Leftovers\n|-damage|p1a: Jirachi|273/291 brn|[from] brn\n|upkeep\n|turn|62\n|inactive|Time left: 300 sec this turn | 300 sec total\n|\n|t:|1783544550\n|move|p1a: Jirachi|Protect|p1a: Jirachi\n|-singleturn|p1a: Jirachi|Protect\n|cant|p2a: Vespiquen|par\n|\n|-heal|p1a: Jirachi|291/291 brn|[from] item: Leftovers\n|-damage|p1a: Jirachi|273/291 brn|[from] brn\n|upkeep\n|turn|63\n|inactive|Time left: 300 sec this turn | 300 sec total\n|\n|t:|1783544551\n|move|p1a: Jirachi|Protect||[still]\n|-fail|p1a: Jirachi\n|move|p2a: Vespiquen|Spikes||[still]\n|-fail|p2a: Vespiquen\n|\n|-heal|p1a: Jirachi|291/291 brn|[from] item: Leftovers\n|-damage|p1a: Jirachi|273/291 brn|[from] brn\n|upkeep\n|turn|64\n|inactive|Time left: 300 sec this turn | 300 sec total\n|\n|t:|1783544552\n|move|p1a: Jirachi|Protect|p1a: Jirachi\n|-singleturn|p1a: Jirachi|Protect\n|move|p2a: Vespiquen|Spikes||[still]\n|-fail|p2a: Vespiquen\n|\n|-heal|p1a: Jirachi|291/291 brn|[from] item: Leftovers\n|-damage|p1a: Jirachi|273/291 brn|[from] brn\n|upkeep\n|turn|65\n|inactive|Time left: 300 sec this turn | 300 sec total\n|\n|t:|1783544553\n|move|p1a: Jirachi|Protect||[still]\n|-fail|p1a: Jirachi\n|cant|p2a: Vespiquen|par\n|\n|-heal|p1a: Jirachi|291/291 brn|[from] item: Leftovers\n|-damage|p1a: Jirachi|273/291 brn|[from] brn\n|upkeep\n|turn|66\n|inactive|Time left: 300 sec this turn | 300 sec total\n|\n|t:|1783544554\n|move|p1a: Jirachi|Protect|p1a: Jirachi\n|-singleturn|p1a: Jirachi|Protect\n|cant|p2a: Vespiquen|par\n|\n|-heal|p1a: Jirachi|291/291 brn|[from] item: Leftovers\n|-damage|p1a: Jirachi|273/291 brn|[from] brn\n|upkeep\n|turn|67\n|inactive|Time left: 300 sec this turn | 300 sec total\n|\n|t:|1783544555\n|move|p1a: Jirachi|Protect||[still]\n|-fail|p1a: Jirachi\n|move|p2a: Vespiquen|Spikes||[still]\n|-fail|p2a: Vespiquen\n|\n|-heal|p1a: Jirachi|291/291 brn|[from] item: Leftovers\n|-damage|p1a: Jirachi|273/291 brn|[from] brn\n|upkeep\n|turn|68\n|inactive|Time left: 300 sec this turn | 300 sec total\n|\n|t:|1783544556\n|move|p1a: Jirachi|Protect|p1a: Jirachi\n|-singleturn|p1a: Jirachi|Protect\n|cant|p2a: Vespiquen|par\n|\n|-heal|p1a: Jirachi|291/291 brn|[from] item: Leftovers\n|-damage|p1a: Jirachi|273/291 brn|[from] brn\n|upkeep\n|turn|69\n|inactive|Time left: 300 sec this turn | 300 sec total\n|\n|t:|1783544557\n|move|p1a: Jirachi|Iron Head|p2a: Vespiquen\n|-damage|p2a: Vespiquen|72/100 par\n|cant|p2a: Vespiquen|flinch\n|\n|-heal|p1a: Jirachi|291/291 brn|[from] item: Leftovers\n|-damage|p1a: Jirachi|273/291 brn|[from] brn\n|upkeep\n|turn|70\n|inactive|Time left: 300 sec this turn | 300 sec total\n|\n|t:|1783544558\n|switch|p1a: Calyrex|Calyrex, L93|284/337\n|-ability|p1a: Calyrex|Unnerve\n|-damage|p1a: Calyrex|200/337|[from] Spikes\n|-status|p1a: Calyrex|tox\n|switch|p2a: Electrode|Electrode-Hisui, L87|100/100\n|\n|-damage|p1a: Calyrex|179/337 tox|[from] psn\n|upkeep\n|turn|71\n|inactive|Time left: 300 sec this turn | 300 sec total\n|\n|t:|1783544559\n|move|p2a: Electrode|Thunderbolt|p1a: Calyrex\n|-resisted|p1a: Calyrex\n|-damage|p1a: Calyrex|121/337 tox\n|-damage|p2a: Electrode|91/100|[from] item: Life Orb\n|move|p1a: Calyrex|Psyshock|p2a: Electrode\n|-crit|p2a: Electrode\n|-damage|p2a: Electrode|24/100\n|\n|-damage|p1a: Calyrex|79/337 tox|[from] psn\n|upkeep\n|turn|72\n|inactive|Time left: 300 sec this turn | 300 sec total\n|\n|t:|1783544560\n|-terastallize|p2a: Electrode|Grass\n|move|p2a: Electrode|Thunderbolt|p1a: Calyrex\n|-resisted|p1a: Calyrex\n|-damage|p1a: Calyrex|26/337 tox\n|-damage|p2a: Electrode|15/100|[from] item: Life Orb\n|move|p1a: Calyrex|Encore|p2a: Electrode\n|-start|p2a: Electrode|Encore\n|\n|-damage|p1a: Calyrex|0 fnt|[from] psn\n|faint|p1a: Calyrex\n|upkeep\n|inactive|Time left: 300 sec this turn | 300 sec total | 5 sec grace\n|\n|t:|1783544561\n|switch|p1a: Jirachi|Jirachi, L80, tera:Water|273/291 brn\n|-damage|p1a: Jirachi|201/291 brn|[from] Spikes\n|turn|73\n|inactive|Time left: 300 sec this turn | 300 sec total\n|\n|t:|1783544561\n|move|p1a: Jirachi|Protect|p1a: Jirachi\n|-singleturn|p1a: Jirachi|Protect\n|move|p2a: Electrode|Thunderbolt|p1a: Jirachi\n|-activate|p1a: Jirachi|move: Protect\n|\n|-heal|p1a: Jirachi|219/291 brn|[from] item: Leftovers\n|-damage|p1a: Jirachi|201/291 brn|[from] brn\n|upkeep\n|turn|74\n|inactive|Time left: 300 sec this turn | 300 sec total\n|\n|t:|1783544562\n|move|p2a: Electrode|Thunderbolt|p1a: Jirachi\n|-supereffective|p1a: Jirachi\n|-damage|p1a: Jirachi|0 fnt\n|faint|p1a: Jirachi\n|-damage|p2a: Electrode|5/100|[from] item: Life Orb\n|\n|win|p0y410b6c1", "uploadtime": 1783544562, "views": 0, "rating": 0, "private": 0, "password": null, "_winner": "p0y410b6c1", "_our_name": "p0x4109453"}