{"id": "battle-gen9randombattle-2119", "formatid": "gen9randombattle", "format": "[Gen 9] Random Battle", "players": ["p0x2119888d", "p0y21192427"], "log": "|init|battle\n|title|p0x2119888d vs. p0y21192427\n|j|\u2606p0x2119888d\n|j|\u2606p0y21192427\n|t:|1783564541\n|gametype|singles\n|player|p1|p0x2119888d|265|\n|player|p2|p0y21192427|102|\n|gen|9\n|tier|[Gen 9] Random Battle\n|rule|Species Clause: Limit one of each Pok\u00e9mon\n|rule|HP Percentage Mod: HP is shown in percentages\n|rule|Sleep Clause Mod: Limit one foe put to sleep\n|rule|Illusion Level Mod: Illusion disguises the Pok\u00e9mon's true level\n|\n|t:|1783564541\n|teamsize|p1|6\n|teamsize|p2|6\n|start\n|switch|p1a: Slither Wing|Slither Wing, L81|100/100\n|switch|p2a: Basculin|Basculin-Blue-Striped, L86, M|261/261\n|turn|1\n|inactive|Battle timer is ON: inactive players will automatically lose when time's up. (requested by p0y21192427)\n|inactive|p0x2119888d also wants the timer to be on.\n|\n|t:|1783564542\n|-end|p1a: Slither Wing|Protosynthesis|[silent]\n|switch|p1a: Raging Bolt|Raging Bolt, L78|100/100\n|-enditem|p1a: Raging Bolt|Booster Energy\n|-activate|p1a: Raging Bolt|ability: Protosynthesis|[fromitem]\n|-start|p1a: Raging Bolt|protosynthesisspa\n|move|p2a: Basculin|Wave Crash|p1a: Raging Bolt\n|-resisted|p1a: Raging Bolt\n|-damage|p1a: Raging Bolt|58/100\n|-damage|p2a: Basculin|216/261|[from] Recoil\n|\n|upkeep\n|turn|2\n|inactive|Time left: 300 sec this turn | 300 sec total\n|\n|t:|1783564543\n|switch|p2a: Luxray|Luxray, L88, M|283/283\n|move|p1a: Raging Bolt|Thunderbolt|p2a: Luxray\n|-resisted|p2a: Luxray\n|-damage|p2a: Luxray|203/283\n|\n|-status|p2a: Luxray|brn|[from] item: Flame Orb\n|upkeep\n|turn|3\n|inactive|Time left: 300 sec this turn | 300 sec total\n|\n|t:|1783564544\n|move|p1a: Raging Bolt|Thunderclap|p2a: Luxray\n|-resisted|p2a: Luxray\n|-damage|p2a: Luxray|147/283 brn\n|move|p2a: Luxray|Facade|p1a: Raging Bolt\n|-damage|p1a: Raging Bolt|0 fnt\n|faint|p1a: Raging Bolt\n|-end|p1a: Raging Bolt|Protosynthesis|[silent]\n|\n|-damage|p2a: Luxray|130/283 brn|[from] brn\n|upkeep\n|\n|t:|1783564545\n|switch|p1a: Slither Wing|Slither Wing, L81|100/100\n|turn|4\n|inactive|Time left: 300 sec this turn | 300 sec total\n|\n|t:|1783564546\n|switch|p2a: Gallade|Gallade, L80, M|240/240\n|move|p1a: Slither Wing|Close Combat|p2a: Gallade\n|-resisted|p2a: Gallade\n|-damage|p2a: Gallade|138/240\n|-unboost|p1a: Slither Wing|def|1\n|-unboost|p1a: Slither Wing|spd|1\n|\n|upkeep\n|turn|5\n|inactive|Time left: 300 sec this turn | 300 sec total\n|\n|t:|1783564547\n|move|p2a: Gallade|Psycho Cut|p1a: Slither Wing\n|-supereffective|p1a: Slither Wing\n|-damage|p1a: Slither Wing|0 fnt\n|faint|p1a: Slither Wing\n|-end|p1a: Slither Wing|Protosynthesis|[silent]\n|\n|upkeep\n|\n|t:|1783564548\n|switch|p1a: Grimmsnarl|Grimmsnarl, L83, M|100/100\n|turn|6\n|inactive|Time left: 300 sec this turn | 300 sec total\n|\n|t:|1783564549\n|switch|p2a: Torterra|Torterra, L78, M|276/276\n|move|p1a: Grimmsnarl|Spirit Break|p2a: Torterra\n|-damage|p2a: Torterra|191/276\n|-unboost|p2a: Torterra|spa|1\n|\n|upkeep\n|turn|7\n|inactive|Time left: 300 sec this turn | 300 sec total\n|\n|t:|1783564550\n|move|p1a: Grimmsnarl|Spirit Break|p2a: Torterra\n|-damage|p2a: Torterra|98/276\n|-unboost|p2a: Torterra|spa|1\n|move|p2a: Torterra|Shell Smash|p2a: Torterra\n|-unboost|p2a: Torterra|def|1\n|-unboost|p2a: Torterra|spd|1\n|-boost|p2a: Torterra|atk|2\n|-boost|p2a: Torterra|spa|2\n|-boost|p2a: Torterra|spe|2\n|\n|upkeep\n|turn|8\n|inactive|Time left: 300 sec this turn | 300 sec total\n|\n|t:|1783564551\n|move|p1a: Grimmsnarl|Sucker Punch|p2a: Torterra\n|-damage|p2a: Torterra|0 fnt\n|faint|p2a: Torterra\n|\n|upkeep\n|inactive|Time left: 300 sec this turn | 300 sec total | 5 sec grace\n|\n|t:|1783564551\n|switch|p2a: Basculin|Basculin-Blue-Striped, L86, M|216/261\n|turn|9\n|inactive|Time left: 300 sec this turn | 300 sec total\n|\n|t:|1783564553\n|move|p1a: Grimmsnarl|Parting Shot|p2a: Basculin\n|-unboost|p2a: Basculin|atk|1\n|-unboost|p2a: Basculin|spa|1\n|\n|t:|1783564553\n|switch|p1a: Cetitan|Cetitan, L82, M|100/100|[from] Parting Shot\n|move|p2a: Basculin|Wave Crash|p1a: Cetitan\n|-damage|p1a: Cetitan|50/100\n|-enditem|p1a: Cetitan|Sitrus Berry|[eat]\n|-heal|p1a: Cetitan|75/100|[from] item: Sitrus Berry\n|-damage|p2a: Basculin|148/261|[from] Recoil\n|\n|upkeep\n|turn|10\n|inactive|Time left: 300 sec this turn | 300 sec total\n|\n|t:|1783564555\n|move|p2a: Basculin|Wave Crash|p1a: Cetitan\n|-damage|p1a: Cetitan|21/100\n|-damage|p2a: Basculin|74/261|[from] Recoil\n|move|p1a: Cetitan|Earthquake|p2a: Basculin\n|-damage|p2a: Basculin|0 fnt\n|faint|p2a: Basculin\n|\n|upkeep\n|inactive|Time left: 300 sec this turn | 300 sec total | 5 sec grace\n|\n|t:|1783564556\n|switch|p2a: Gallade|Gallade, L80, M|138/240\n|turn|11\n|inactive|Time left: 300 sec this turn | 300 sec total\n|\n|t:|1783564557\n|move|p1a: Cetitan|Ice Shard|p2a: Gallade\n|-damage|p2a: Gallade|83/240\n|move|p2a: Gallade|Sacred Sword|p1a: Cetitan\n|-supereffective|p1a: Cetitan\n|-damage|p1a: Cetitan|0 fnt\n|faint|p1a: Cetitan\n|\n|upkeep\n|\n|t:|1783564558\n|switch|p1a: Florges|Florges, L85, F|100/100\n|turn|12\n|inactive|Time left: 300 sec this turn | 300 sec total\n|\n|t:|1783564559\n|move|p2a: Gallade|Sacred Sword|p1a: Florges\n|-resisted|p1a: Florges\n|-damage|p1a: Florges|64/100\n|move|p1a: Florges|Moonblast|p2a: Gallade\n|-supereffective|p2a: Gallade\n|-damage|p2a: Gallade|0 fnt\n|faint|p2a: Gallade\n|\n|-heal|p1a: Florges|70/100|[from] item: Leftovers\n|upkeep\n|inactive|Time left: 300 sec this turn | 300 sec total | 5 sec grace\n|\n|t:|1783564560\n|switch|p2a: Excadrill|Excadrill, L79, F|303/303\n|-ability|p2a: Excadrill|Mold Breaker\n|turn|13\n|inactive|Time left: 300 sec this turn | 300 sec total\n|\n|t:|1783564561\n|move|p1a: Florges|Protect|p1a: Florges\n|-singleturn|p1a: Florges|Protect\n|move|p2a: Excadrill|Iron Head|p1a: Florges\n|-activate|p1a: Florges|move: Protect\n|\n|-heal|p1a: Florges|75/100|[from] item: Leftovers\n|upkeep\n|turn|14\n|inactive|Time left: 300 sec this turn | 300 sec total\n|\n|t:|1783564562\n|switch|p1a: Chimecho|Chimecho, L93, F|100/100\n|move|p2a: Excadrill|Earthquake|p1a: Chimecho\n|-damage|p1a: Chimecho|59/100\n|\n|-heal|p1a: Chimecho|65/100|[from] item: Leftovers\n|upkeep\n|turn|15\n|inactive|Time left: 300 sec this turn | 300 sec total\n|\n|t:|1783564563\n|move|p2a: Excadrill|Iron Head|p1a: Chimecho\n|-damage|p1a: Chimecho|33/100\n|cant|p1a: Chimecho|flinch\n|\n|-heal|p1a: Chimecho|39/100|[from] item: Leftovers\n|upkeep\n|turn|16\n|inactive|Time left: 300 sec this turn | 300 sec total\n|\n|t:|1783564565\n|move|p2a: Excadrill|Earthquake|p1a: Chimecho\n|-damage|p1a: Chimecho|0 fnt\n|faint|p1a: Chimecho\n|\n|upkeep\n|\n|t:|1783564566\n|switch|p1a: Grimmsnarl|Grimmsnarl, L83, M|100/100\n|turn|17\n|inactive|Time left: 300 sec this turn | 300 sec total\n|\n|t:|1783564566\n|move|p1a: Grimmsnarl|Parting Shot|p2a: Excadrill\n|-unboost|p2a: Excadrill|atk|1\n|-unboost|p2a: Excadrill|spa|1\n|\n|t:|1783564567\n|switch|p1a: Florges|Florges, L85, F|75/100|[from] Parting Shot\n|move|p2a: Excadrill|Iron Head|p1a: Florges\n|-supereffective|p1a: Florges\n|-damage|p1a: Florges|20/100\n|\n|-heal|p1a: Florges|26/100|[from] item: Leftovers\n|upkeep\n|turn|18\n|inactive|Time left: 300 sec this turn | 300 sec total\n|\n|t:|1783564568\n|switch|p1a: Grimmsnarl|Grimmsnarl, L83, M|100/100\n|move|p2a: Excadrill|Earthquake|p1a: Grimmsnarl\n|-damage|p1a: Grimmsnarl|68/100\n|\n|-heal|p1a: Grimmsnarl|74/100|[from] item: Leftovers\n|upkeep\n|turn|19\n|inactive|Time left: 300 sec this turn | 300 sec total\n|\n|t:|1783564569\n|move|p2a: Excadrill|Iron Head|p1a: Grimmsnarl\n|-supereffective|p1a: Grimmsnarl\n|-damage|p1a: Grimmsnarl|21/100\n|move|p1a: Grimmsnarl|Spirit Break|p2a: Excadrill\n|-resisted|p2a: Excadrill\n|-damage|p2a: Excadrill|234/303\n|-unboost|p2a: Excadrill|spa|1\n|\n|-heal|p1a: Grimmsnarl|27/100|[from] item: Leftovers\n|upkeep\n|turn|20\n|inactive|Time left: 300 sec this turn | 300 sec total\n|\n|t:|1783564570\n|move|p1a: Grimmsnarl|Parting Shot|p2a: Excadrill\n|-unboost|p2a: Excadrill|atk|1\n|-unboost|p2a: Excadrill|spa|1\n|\n|t:|1783564571\n|switch|p1a: Florges|Florges, L85, F|26/100|[from] Parting Shot\n|move|p2a: Excadrill|Earthquake|p1a: Florges\n|-crit|p1a: Florges\n|-damage|p1a: Florges|0 fnt\n|faint|p1a: Florges\n|\n|upkeep\n|\n|t:|1783564572\n|switch|p1a: Grimmsnarl|Grimmsnarl, L83, M|27/100\n|turn|21\n|inactive|Time left: 300 sec this turn | 300 sec total\n|\n|t:|1783564573\n|move|p1a: Grimmsnarl|Parting Shot|p2a: Excadrill\n|-unboost|p2a: Excadrill|atk|1\n|-unboost|p2a: Excadrill|spa|1\n|move|p2a: Excadrill|Earthquake|p1a: Grimmsnarl\n|-damage|p1a: Grimmsnarl|5/100\n|\n|-heal|p1a: Grimmsnarl|11/100|[from] item: Leftovers\n|upkeep\n|turn|22\n|inactive|Time left: 300 sec this turn | 300 sec total\n|\n|t:|1783564574\n|-terastallize|p1a: Grimmsnarl|Steel\n|move|p2a: Excadrill|Earthquake|p1a: Grimmsnarl\n|-supereffective|p1a: Grimmsnarl\n|-damage|p1a: Grimmsnarl|0 fnt\n|faint|p1a: Grimmsnarl\n|\n|win|p0y21192427", "uploadtime": 1783564574, "views": 0, "rating": 0, "private": 0, "password": null, "_winner": "p0y21192427", "_our_name": "p0y21192427"}