{"id": "battle-gen9randombattle-2256", "formatid": "gen9randombattle", "format": "[Gen 9] Random Battle", "players": ["p0x225640ef", "p0y225631d1"], "log": "|init|battle\n|title|p0x225640ef vs. p0y225631d1\n|j|\u2606p0x225640ef\n|j|\u2606p0y225631d1\n|t:|1783566149\n|gametype|singles\n|player|p1|p0x225640ef|265|\n|player|p2|p0y225631d1|102|\n|gen|9\n|tier|[Gen 9] Random Battle\n|rule|Species Clause: Limit one of each Pok\u00e9mon\n|rule|HP Percentage Mod: HP is shown in percentages\n|rule|Sleep Clause Mod: Limit one foe put to sleep\n|rule|Illusion Level Mod: Illusion disguises the Pok\u00e9mon's true level\n|\n|t:|1783566149\n|teamsize|p1|6\n|teamsize|p2|6\n|start\n|switch|p1a: Alomomola|Alomomola, L87, F|429/429\n|switch|p2a: Delibird|Delibird, F|100/100\n|turn|1\n|inactive|Battle timer is ON: inactive players will automatically lose when time's up. (requested by p0y225631d1)\n|inactive|Time left: 300 sec this turn | 300 sec total | 60 sec grace\n|inactive|p0x225640ef also wants the timer to be on.\n|\n|t:|1783566151\n|move|p2a: Delibird|Freeze-Dry|p1a: Alomomola\n|-supereffective|p1a: Alomomola\n|-damage|p1a: Alomomola|181/429\n|move|p1a: Alomomola|Scald|p2a: Delibird\n|-damage|p2a: Delibird|77/100\n|-status|p2a: Delibird|brn\n|\n|-damage|p2a: Delibird|71/100 brn|[from] brn\n|upkeep\n|turn|2\n|inactive|Time left: 300 sec this turn | 300 sec total\n|\n|t:|1783566152\n|switch|p1a: Enamorus|Enamorus-Therian, L83, F|259/259\n|move|p2a: Delibird|Freeze-Dry|p1a: Enamorus\n|-supereffective|p1a: Enamorus\n|-damage|p1a: Enamorus|107/259\n|-enditem|p1a: Enamorus|Weakness Policy\n|-boost|p1a: Enamorus|atk|2|[from] item: Weakness Policy\n|-boost|p1a: Enamorus|spa|2|[from] item: Weakness Policy\n|\n|-damage|p2a: Delibird|65/100 brn|[from] brn\n|upkeep\n|turn|3\n|inactive|Time left: 300 sec this turn | 300 sec total\n|\n|t:|1783566153\n|move|p2a: Delibird|Freeze-Dry|p1a: Enamorus\n|-supereffective|p1a: Enamorus\n|-damage|p1a: Enamorus|0 fnt\n|faint|p1a: Enamorus\n|\n|-damage|p2a: Delibird|59/100 brn|[from] brn\n|upkeep\n|inactive|Time left: 300 sec this turn | 300 sec total | 5 sec grace\n|\n|t:|1783566154\n|switch|p1a: Heatran|Heatran, L79, M|273/273\n|-item|p1a: Heatran|Air Balloon\n|turn|4\n|inactive|Time left: 300 sec this turn | 300 sec total\n|\n|t:|1783566155\n|switch|p2a: Koraidon|Koraidon, L64|100/100\n|-weather|SunnyDay|[from] ability: Orichalcum Pulse|[of] p2a: Koraidon\n|-activate|p2a: Koraidon|Orichalcum Pulse|[source]\n|move|p1a: Heatran|Magma Storm|p2a: Koraidon|[miss]\n|-miss|p1a: Heatran|p2a: Koraidon\n|\n|-weather|SunnyDay|[upkeep]\n|upkeep\n|turn|5\n|inactive|Time left: 300 sec this turn | 300 sec total\n|\n|t:|1783566156\n|move|p2a: Koraidon|Close Combat|p1a: Heatran\n|-supereffective|p1a: Heatran\n|-damage|p1a: Heatran|0 fnt\n|-unboost|p2a: Koraidon|def|1\n|-unboost|p2a: Koraidon|spd|1\n|-enditem|p1a: Heatran|Air Balloon\n|faint|p1a: Heatran\n|\n|-weather|SunnyDay|[upkeep]\n|upkeep\n|inactive|Time left: 300 sec this turn | 300 sec total | 5 sec grace\n|\n|t:|1783566157\n|switch|p1a: Venomoth|Venomoth, L84, F|255/255\n|turn|6\n|inactive|Time left: 300 sec this turn | 300 sec total\n|\n|t:|1783566158\n|switch|p2a: Mandibuzz|Mandibuzz, L85, F|100/100\n|move|p1a: Venomoth|Quiver Dance|p1a: Venomoth\n|-boost|p1a: Venomoth|spa|1\n|-boost|p1a: Venomoth|spd|1\n|-boost|p1a: Venomoth|spe|1\n|\n|-weather|SunnyDay|[upkeep]\n|upkeep\n|turn|7\n|inactive|Time left: 300 sec this turn | 300 sec total\n|\n|t:|1783566159\n|move|p1a: Venomoth|Quiver Dance|p1a: Venomoth\n|-boost|p1a: Venomoth|spa|1\n|-boost|p1a: Venomoth|spd|1\n|-boost|p1a: Venomoth|spe|1\n|move|p2a: Mandibuzz|Brave Bird|p1a: Venomoth\n|-supereffective|p1a: Venomoth\n|-damage|p1a: Venomoth|0 fnt\n|faint|p1a: Venomoth\n|-damage|p2a: Mandibuzz|75/100|[from] Recoil\n|\n|-weather|SunnyDay|[upkeep]\n|upkeep\n|inactive|Time left: 300 sec this turn | 300 sec total | 5 sec grace\n|\n|t:|1783566159\n|switch|p1a: Alomomola|Alomomola, L87, F|324/429\n|turn|8\n|inactive|Time left: 300 sec this turn | 300 sec total\n|\n|t:|1783566161\n|move|p2a: Mandibuzz|Toxic|p1a: Alomomola\n|-status|p1a: Alomomola|tox\n|move|p1a: Alomomola|Scald|p2a: Mandibuzz\n|-crit|p2a: Mandibuzz\n|-damage|p2a: Mandibuzz|65/100\n|\n|-weather|none\n|-damage|p1a: Alomomola|298/429 tox|[from] psn\n|upkeep\n|turn|9\n|inactive|Time left: 300 sec this turn | 300 sec total\n|\n|t:|1783566162\n|move|p2a: Mandibuzz|Roost|p2a: Mandibuzz\n|-heal|p2a: Mandibuzz|100/100\n|-singleturn|p2a: Mandibuzz|move: Roost\n|move|p1a: Alomomola|Flip Turn|p2a: Mandibuzz\n|-damage|p2a: Mandibuzz|85/100\n|inactive|Time left: 300 sec this turn | 300 sec total | 5 sec grace\n|\n|t:|1783566163\n|switch|p1a: Articuno|Articuno, L86|295/295|[from] Flip Turn\n|-ability|p1a: Articuno|Pressure\n|\n|upkeep\n|turn|10\n|inactive|Time left: 300 sec this turn | 300 sec total\n|\n|t:|1783566164\n|move|p1a: Articuno|Freeze-Dry|p2a: Mandibuzz\n|-supereffective|p2a: Mandibuzz\n|-damage|p2a: Mandibuzz|38/100\n|move|p2a: Mandibuzz|Roost|p2a: Mandibuzz\n|-heal|p2a: Mandibuzz|88/100\n|-singleturn|p2a: Mandibuzz|move: Roost\n|\n|upkeep\n|turn|11\n|inactive|Time left: 300 sec this turn | 300 sec total\n|\n|t:|1783566164\n|move|p1a: Articuno|Freeze-Dry|p2a: Mandibuzz\n|-supereffective|p2a: Mandibuzz\n|-damage|p2a: Mandibuzz|47/100\n|move|p2a: Mandibuzz|Toxic|p1a: Articuno\n|-status|p1a: Articuno|tox\n|\n|-damage|p1a: Articuno|277/295 tox|[from] psn\n|upkeep\n|turn|12\n|inactive|Time left: 300 sec this turn | 300 sec total\n|\n|t:|1783566165\n|move|p1a: Articuno|Freeze-Dry|p2a: Mandibuzz\n|-supereffective|p2a: Mandibuzz\n|-damage|p2a: Mandibuzz|3/100\n|move|p2a: Mandibuzz|Roost|p2a: Mandibuzz\n|-heal|p2a: Mandibuzz|53/100\n|-singleturn|p2a: Mandibuzz|move: Roost\n|\n|-damage|p1a: Articuno|241/295 tox|[from] psn\n|upkeep\n|turn|13\n|inactive|Time left: 300 sec this turn | 300 sec total\n|\n|t:|1783566166\n|move|p1a: Articuno|Freeze-Dry|p2a: Mandibuzz\n|-supereffective|p2a: Mandibuzz\n|-damage|p2a: Mandibuzz|8/100\n|move|p2a: Mandibuzz|Roost|p2a: Mandibuzz\n|-heal|p2a: Mandibuzz|58/100\n|-singleturn|p2a: Mandibuzz|move: Roost\n|\n|-damage|p1a: Articuno|187/295 tox|[from] psn\n|upkeep\n|turn|14\n|inactive|Time left: 300 sec this turn | 300 sec total\n|\n|t:|1783566167\n|move|p1a: Articuno|Freeze-Dry|p2a: Mandibuzz\n|-supereffective|p2a: Mandibuzz\n|-damage|p2a: Mandibuzz|10/100\n|move|p2a: Mandibuzz|Roost|p2a: Mandibuzz\n|-heal|p2a: Mandibuzz|60/100\n|-singleturn|p2a: Mandibuzz|move: Roost\n|\n|-damage|p1a: Articuno|115/295 tox|[from] psn\n|upkeep\n|turn|15\n|inactive|Time left: 300 sec this turn | 300 sec total\n|\n|t:|1783566168\n|move|p1a: Articuno|Freeze-Dry|p2a: Mandibuzz\n|-supereffective|p2a: Mandibuzz\n|-damage|p2a: Mandibuzz|13/100\n|move|p2a: Mandibuzz|Roost|p2a: Mandibuzz\n|-heal|p2a: Mandibuzz|63/100\n|-singleturn|p2a: Mandibuzz|move: Roost\n|\n|-damage|p1a: Articuno|25/295 tox|[from] psn\n|upkeep\n|turn|16\n|inactive|Time left: 300 sec this turn | 300 sec total\n|\n|t:|1783566169\n|move|p1a: Articuno|Brave Bird|p2a: Mandibuzz\n|-damage|p2a: Mandibuzz|32/100\n|-damage|p1a: Articuno|0 fnt|[from] Recoil\n|faint|p1a: Articuno\n|move|p2a: Mandibuzz|Roost|p2a: Mandibuzz\n|-heal|p2a: Mandibuzz|82/100\n|-singleturn|p2a: Mandibuzz|move: Roost\n|\n|upkeep\n|inactive|Time left: 300 sec this turn | 300 sec total | 5 sec grace\n|\n|t:|1783566170\n|switch|p1a: Alomomola|Alomomola, L87, F|429/429 tox\n|turn|17\n|inactive|Time left: 300 sec this turn | 300 sec total\n|\n|t:|1783566171\n|switch|p2a: Florges|Florges-Blue, L85, F|100/100\n|move|p1a: Alomomola|Scald|p2a: Florges\n|-damage|p2a: Florges|89/100\n|-status|p2a: Florges|brn\n|\n|-heal|p2a: Florges|95/100 brn|[from] item: Leftovers\n|-damage|p1a: Alomomola|403/429 tox|[from] psn\n|-damage|p2a: Florges|89/100 brn|[from] brn\n|upkeep\n|turn|18\n|inactive|Time left: 300 sec this turn | 300 sec total\n|\n|t:|1783566172\n|move|p2a: Florges|Calm Mind|p2a: Florges\n|-boost|p2a: Florges|spa|1\n|-boost|p2a: Florges|spd|1\n|move|p1a: Alomomola|Flip Turn|p2a: Florges\n|-damage|p2a: Florges|65/100 brn\n|inactive|Time left: 300 sec this turn | 300 sec total | 5 sec grace\n|\n|t:|1783566173\n|switch|p1a: Gholdengo|Gholdengo, L77|261/261|[from] Flip Turn\n|\n|-heal|p2a: Florges|71/100 brn|[from] item: Leftovers\n|-damage|p2a: Florges|65/100 brn|[from] brn\n|upkeep\n|turn|19\n|inactive|Time left: 300 sec this turn | 300 sec total\n|\n|t:|1783566174\n|-terastallize|p2a: Florges|Ground\n|move|p2a: Florges|Tera Blast|p1a: Gholdengo|[anim] Tera Blast Ground\n|-supereffective|p1a: Gholdengo\n|-damage|p1a: Gholdengo|0 fnt\n|faint|p1a: Gholdengo\n|\n|-heal|p2a: Florges|71/100 brn|[from] item: Leftovers\n|-damage|p2a: Florges|65/100 brn|[from] brn\n|upkeep\n|inactive|Time left: 300 sec this turn | 300 sec total | 5 sec grace\n|\n|t:|1783566175\n|switch|p1a: Alomomola|Alomomola, L87, F|429/429 tox\n|turn|20\n|inactive|Time left: 300 sec this turn | 300 sec total\n|\n|t:|1783566177\n|move|p1a: Alomomola|Protect|p1a: Alomomola\n|-singleturn|p1a: Alomomola|Protect\n|move|p2a: Florges|Tera Blast|p1a: Alomomola|[anim] Tera Blast Ground\n|-activate|p1a: Alomomola|move: Protect\n|\n|-heal|p2a: Florges|71/100 brn|[from] item: Leftovers\n|-damage|p1a: Alomomola|403/429 tox|[from] psn\n|-damage|p2a: Florges|65/100 brn|[from] brn\n|upkeep\n|turn|21\n|inactive|Time left: 300 sec this turn | 300 sec total\n|\n|t:|1783566178\n|move|p2a: Florges|Tera Blast|p1a: Alomomola|[anim] Tera Blast Ground\n|-damage|p1a: Alomomola|181/429 tox\n|move|p1a: Alomomola|Wish|p1a: Alomomola\n|\n|-heal|p2a: Florges|71/100 brn|[from] item: Leftovers\n|-damage|p1a: Alomomola|129/429 tox|[from] psn\n|-damage|p2a: Florges|65/100 brn|[from] brn\n|upkeep\n|turn|22\n|inactive|Time left: 300 sec this turn | 300 sec total\n|\n|t:|1783566179\n|move|p1a: Alomomola|Protect|p1a: Alomomola\n|-singleturn|p1a: Alomomola|Protect\n|move|p2a: Florges|Tera Blast|p1a: Alomomola|[anim] Tera Blast Ground\n|-activate|p1a: Alomomola|move: Protect\n|\n|-heal|p1a: Alomomola|343/429 tox|[from] move: Wish|[wisher] Alomomola\n|-heal|p2a: Florges|71/100 brn|[from] item: Leftovers\n|-damage|p1a: Alomomola|265/429 tox|[from] psn\n|-damage|p2a: Florges|65/100 brn|[from] brn\n|upkeep\n|turn|23\n|inactive|Time left: 300 sec this turn | 300 sec total\n|\n|t:|1783566180\n|move|p1a: Alomomola|Protect||[still]\n|-fail|p1a: Alomomola\n|move|p2a: Florges|Tera Blast|p1a: Alomomola|[anim] Tera Blast Ground\n|-damage|p1a: Alomomola|28/429 tox\n|\n|-heal|p2a: Florges|71/100 brn|[from] item: Leftovers\n|-damage|p1a: Alomomola|0 fnt|[from] psn\n|faint|p1a: Alomomola\n|\n|win|p0y225631d1", "uploadtime": 1783566180, "views": 0, "rating": 0, "private": 0, "password": null, "_winner": "p0y225631d1", "_our_name": "p0x225640ef"}