{"id": "battle-gen9randombattle-629", "formatid": "gen9randombattle", "format": "[Gen 9] Random Battle", "players": ["p0x6298426", "p0y6291533"], "log": "|init|battle\n|title|p0x6298426 vs. p0y6291533\n|j|\u2606p0x6298426\n|j|\u2606p0y6291533\n|t:|1783547104\n|gametype|singles\n|player|p1|p0x6298426|170|\n|player|p2|p0y6291533|2|\n|gen|9\n|tier|[Gen 9] Random Battle\n|rule|Species Clause: Limit one of each Pok\u00e9mon\n|rule|HP Percentage Mod: HP is shown in percentages\n|rule|Sleep Clause Mod: Limit one foe put to sleep\n|rule|Illusion Level Mod: Illusion disguises the Pok\u00e9mon's true level\n|\n|t:|1783547104\n|teamsize|p1|6\n|teamsize|p2|6\n|start\n|switch|p1a: Armarouge|Armarouge, L80, M|100/100\n|switch|p2a: Copperajah|Copperajah, L86, M|350/350\n|turn|1\n|inactive|Battle timer is ON: inactive players will automatically lose when time's up. (requested by p0x6298426)\n|inactive|Time left: 300 sec this turn | 300 sec total | 60 sec grace\n|inactive|p0y6291533 also wants the timer to be on.\n|\n|t:|1783547105\n|switch|p2a: Hydreigon|Hydreigon, L79, F|275/275\n|move|p1a: Armarouge|Armor Cannon|p2a: Hydreigon\n|-resisted|p2a: Hydreigon\n|-damage|p2a: Hydreigon|200/275\n|-unboost|p1a: Armarouge|def|1\n|-unboost|p1a: Armarouge|spd|1\n|\n|upkeep\n|turn|2\n|inactive|Time left: 300 sec this turn | 300 sec total\n|\n|t:|1783547107\n|switch|p1a: Lapras|Lapras, L87, M|100/100\n|move|p2a: Hydreigon|Dark Pulse|p1a: Lapras\n|-damage|p1a: Lapras|66/100\n|\n|upkeep\n|turn|3\n|inactive|Time left: 300 sec this turn | 300 sec total\n|\n|t:|1783547108\n|move|p2a: Hydreigon|Dark Pulse|p1a: Lapras\n|-damage|p1a: Lapras|32/100\n|move|p1a: Lapras|Icicle Spear|p2a: Hydreigon\n|-supereffective|p2a: Hydreigon\n|-damage|p2a: Hydreigon|146/275\n|-supereffective|p2a: Hydreigon\n|-damage|p2a: Hydreigon|96/275\n|-supereffective|p2a: Hydreigon\n|-damage|p2a: Hydreigon|42/275\n|-supereffective|p2a: Hydreigon\n|-damage|p2a: Hydreigon|0 fnt\n|faint|p2a: Hydreigon\n|-hitcount|p2: Hydreigon|4\n|\n|upkeep\n|inactive|Time left: 300 sec this turn | 300 sec total | 5 sec grace\n|\n|t:|1783547109\n|switch|p2a: Gallade|Gallade, L80, M|240/240\n|turn|4\n|inactive|Time left: 300 sec this turn | 300 sec total\n|\n|t:|1783547111\n|switch|p1a: Armarouge|Armarouge, L80, M|100/100\n|move|p2a: Gallade|Sacred Sword|p1a: Armarouge\n|-resisted|p1a: Armarouge\n|-damage|p1a: Armarouge|57/100\n|-ability|p1a: Armarouge|Weak Armor|boost\n|-unboost|p1a: Armarouge|def|1\n|-boost|p1a: Armarouge|spe|2\n|\n|upkeep\n|turn|5\n|inactive|Time left: 300 sec this turn | 300 sec total\n|\n|t:|1783547112\n|switch|p1a: Misdreavus|Misdreavus, L90, M|100/100\n|move|p2a: Gallade|Sacred Sword|p1a: Misdreavus\n|-immune|p1a: Misdreavus\n|\n|upkeep\n|turn|6\n|inactive|Time left: 300 sec this turn | 300 sec total\n|\n|t:|1783547113\n|switch|p2a: Wo-Chien|Wo-Chien, L83|277/277\n|-ability|p2a: Wo-Chien|Tablets of Ruin\n|move|p1a: Misdreavus|Calm Mind|p1a: Misdreavus\n|-boost|p1a: Misdreavus|spa|1\n|-boost|p1a: Misdreavus|spd|1\n|\n|upkeep\n|turn|7\n|inactive|Time left: 300 sec this turn | 300 sec total\n|\n|t:|1783547114\n|move|p1a: Misdreavus|Calm Mind|p1a: Misdreavus\n|-boost|p1a: Misdreavus|spa|1\n|-boost|p1a: Misdreavus|spd|1\n|move|p2a: Wo-Chien|Knock Off|p1a: Misdreavus\n|-supereffective|p1a: Misdreavus\n|-damage|p1a: Misdreavus|43/100\n|-enditem|p1a: Misdreavus|Eviolite|[from] move: Knock Off|[of] p2a: Wo-Chien\n|\n|upkeep\n|turn|8\n|inactive|Time left: 300 sec this turn | 300 sec total\n|\n|t:|1783547116\n|-terastallize|p1a: Misdreavus|Fairy\n|move|p1a: Misdreavus|Draining Kiss|p2a: Wo-Chien\n|-supereffective|p2a: Wo-Chien\n|-damage|p2a: Wo-Chien|101/277\n|-heal|p1a: Misdreavus|95/100|[from] drain|[of] p2a: Wo-Chien\n|move|p2a: Wo-Chien|Knock Off|p1a: Misdreavus\n|-resisted|p1a: Misdreavus\n|-damage|p1a: Misdreavus|81/100\n|\n|-heal|p2a: Wo-Chien|118/277|[from] item: Leftovers\n|upkeep\n|turn|9\n|inactive|Time left: 300 sec this turn | 300 sec total\n|\n|t:|1783547117\n|move|p2a: Wo-Chien|Protect|p2a: Wo-Chien\n|-singleturn|p2a: Wo-Chien|Protect\n|move|p1a: Misdreavus|Draining Kiss|p2a: Wo-Chien\n|-activate|p2a: Wo-Chien|move: Protect\n|\n|-heal|p2a: Wo-Chien|135/277|[from] item: Leftovers\n|upkeep\n|turn|10\n|inactive|Time left: 300 sec this turn | 300 sec total\n|\n|t:|1783547118\n|-terastallize|p2a: Wo-Chien|Poison\n|move|p1a: Misdreavus|Draining Kiss|p2a: Wo-Chien\n|-resisted|p2a: Wo-Chien\n|-damage|p2a: Wo-Chien|89/277\n|-heal|p1a: Misdreavus|95/100|[from] drain|[of] p2a: Wo-Chien\n|move|p2a: Wo-Chien|Leech Seed|p1a: Misdreavus\n|-start|p1a: Misdreavus|move: Leech Seed\n|\n|-heal|p2a: Wo-Chien|106/277|[from] item: Leftovers\n|-damage|p1a: Misdreavus|82/100|[from] Leech Seed|[of] p2a: Wo-Chien\n|-heal|p2a: Wo-Chien|137/277|[silent]\n|upkeep\n|turn|11\n|inactive|Time left: 300 sec this turn | 300 sec total\n|\n|t:|1783547119\n|move|p2a: Wo-Chien|Protect|p2a: Wo-Chien\n|-singleturn|p2a: Wo-Chien|Protect\n|move|p1a: Misdreavus|Shadow Ball|p2a: Wo-Chien\n|-activate|p2a: Wo-Chien|move: Protect\n|\n|-heal|p2a: Wo-Chien|154/277|[from] item: Leftovers\n|-damage|p1a: Misdreavus|70/100|[from] Leech Seed|[of] p2a: Wo-Chien\n|-heal|p2a: Wo-Chien|185/277|[silent]\n|upkeep\n|turn|12\n|inactive|Time left: 300 sec this turn | 300 sec total\n|\n|t:|1783547120\n|move|p1a: Misdreavus|Shadow Ball|p2a: Wo-Chien\n|-damage|p2a: Wo-Chien|62/277\n|move|p2a: Wo-Chien|Giga Drain|p1a: Misdreavus\n|-damage|p1a: Misdreavus|56/100\n|-heal|p2a: Wo-Chien|80/277|[from] drain|[of] p1a: Misdreavus\n|\n|-heal|p2a: Wo-Chien|97/277|[from] item: Leftovers\n|-damage|p1a: Misdreavus|44/100|[from] Leech Seed|[of] p2a: Wo-Chien\n|-heal|p2a: Wo-Chien|128/277|[silent]\n|upkeep\n|turn|13\n|inactive|Time left: 300 sec this turn | 300 sec total\n|\n|t:|1783547122\n|move|p2a: Wo-Chien|Protect|p2a: Wo-Chien\n|-singleturn|p2a: Wo-Chien|Protect\n|move|p1a: Misdreavus|Shadow Ball|p2a: Wo-Chien\n|-activate|p2a: Wo-Chien|move: Protect\n|\n|-heal|p2a: Wo-Chien|145/277|[from] item: Leftovers\n|-damage|p1a: Misdreavus|32/100|[from] Leech Seed|[of] p2a: Wo-Chien\n|-heal|p2a: Wo-Chien|176/277|[silent]\n|upkeep\n|turn|14\n|inactive|Time left: 300 sec this turn | 300 sec total\n|\n|t:|1783547123\n|move|p1a: Misdreavus|Shadow Ball|p2a: Wo-Chien\n|-damage|p2a: Wo-Chien|41/277\n|move|p2a: Wo-Chien|Giga Drain|p1a: Misdreavus\n|-damage|p1a: Misdreavus|18/100\n|-heal|p2a: Wo-Chien|58/277|[from] drain|[of] p1a: Misdreavus\n|\n|-heal|p2a: Wo-Chien|75/277|[from] item: Leftovers\n|-damage|p1a: Misdreavus|6/100|[from] Leech Seed|[of] p2a: Wo-Chien\n|-heal|p2a: Wo-Chien|106/277|[silent]\n|upkeep\n|turn|15\n|inactive|Time left: 300 sec this turn | 300 sec total\n|\n|t:|1783547124\n|move|p2a: Wo-Chien|Protect|p2a: Wo-Chien\n|-singleturn|p2a: Wo-Chien|Protect\n|move|p1a: Misdreavus|Shadow Ball|p2a: Wo-Chien\n|-activate|p2a: Wo-Chien|move: Protect\n|\n|-heal|p2a: Wo-Chien|123/277|[from] item: Leftovers\n|-damage|p1a: Misdreavus|0 fnt|[from] Leech Seed|[of] p2a: Wo-Chien\n|-heal|p2a: Wo-Chien|137/277|[silent]\n|faint|p1a: Misdreavus\n|upkeep\n|\n|t:|1783547124\n|switch|p1a: Ribombee|Ribombee, L83, F|100/100\n|turn|16\n|inactive|Time left: 300 sec this turn | 300 sec total\n|\n|t:|1783547125\n|move|p1a: Ribombee|Sticky Web|p2a: Wo-Chien\n|-sidestart|p2: p0y6291533|move: Sticky Web\n|move|p2a: Wo-Chien|Leech Seed|p1a: Ribombee\n|-start|p1a: Ribombee|move: Leech Seed\n|\n|-heal|p2a: Wo-Chien|154/277|[from] item: Leftovers\n|-damage|p1a: Ribombee|88/100|[from] Leech Seed|[of] p2a: Wo-Chien\n|-heal|p2a: Wo-Chien|183/277|[silent]\n|upkeep\n|turn|17\n|inactive|Time left: 300 sec this turn | 300 sec total\n|\n|t:|1783547126\n|move|p1a: Ribombee|U-turn|p2a: Wo-Chien\n|-resisted|p2a: Wo-Chien\n|-damage|p2a: Wo-Chien|167/277\n|\n|t:|1783547127\n|switch|p1a: Oinkologne|Oinkologne, L92, M|100/100|[from] U-turn\n|move|p2a: Wo-Chien|Knock Off|p1a: Oinkologne\n|-damage|p1a: Oinkologne|75/100\n|-enditem|p1a: Oinkologne|Leftovers|[from] move: Knock Off|[of] p2a: Wo-Chien\n|\n|-heal|p2a: Wo-Chien|184/277|[from] item: Leftovers\n|upkeep\n|turn|18\n|inactive|Time left: 300 sec this turn | 300 sec total\n|\n|t:|1783547128\n|move|p1a: Oinkologne|High Horsepower|p2a: Wo-Chien\n|-supereffective|p2a: Wo-Chien\n|-damage|p2a: Wo-Chien|70/277\n|move|p2a: Wo-Chien|Leech Seed|p1a: Oinkologne\n|-start|p1a: Oinkologne|move: Leech Seed\n|\n|-heal|p2a: Wo-Chien|87/277|[from] item: Leftovers\n|-damage|p1a: Oinkologne|62/100|[from] Leech Seed|[of] p2a: Wo-Chien\n|-heal|p2a: Wo-Chien|131/277|[silent]\n|upkeep\n|turn|19\n|inactive|Time left: 300 sec this turn | 300 sec total\n|\n|t:|1783547129\n|move|p1a: Oinkologne|High Horsepower|p2a: Wo-Chien\n|-supereffective|p2a: Wo-Chien\n|-damage|p2a: Wo-Chien|17/277\n|move|p2a: Wo-Chien|Knock Off|p1a: Oinkologne\n|-damage|p1a: Oinkologne|44/100\n|\n|-heal|p2a: Wo-Chien|34/277|[from] item: Leftovers\n|-damage|p1a: Oinkologne|31/100|[from] Leech Seed|[of] p2a: Wo-Chien\n|-heal|p2a: Wo-Chien|78/277|[silent]\n|upkeep\n|turn|20\n|inactive|Time left: 300 sec this turn | 300 sec total\n|\n|t:|1783547130\n|move|p1a: Oinkologne|High Horsepower|p2a: Wo-Chien\n|-supereffective|p2a: Wo-Chien\n|-damage|p2a: Wo-Chien|0 fnt\n|faint|p2a: Wo-Chien\n|\n|upkeep\n|inactive|Time left: 300 sec this turn | 300 sec total | 5 sec grace\n|\n|t:|1783547130\n|switch|p2a: Serperior|Serperior, L79, M|248/248\n|-activate|p2a: Serperior|move: Sticky Web\n|-boost|p2a: Serperior|spe|1\n|turn|21\n|inactive|Time left: 300 sec this turn | 300 sec total\n|\n|t:|1783547131\n|move|p2a: Serperior|Leaf Storm|p1a: Oinkologne|[miss]\n|-miss|p2a: Serperior|p1a: Oinkologne\n|move|p1a: Oinkologne|Double-Edge|p2a: Serperior\n|-damage|p2a: Serperior|100/248\n|-damage|p1a: Oinkologne|17/100|[from] Recoil\n|\n|-heal|p2a: Serperior|115/248|[from] item: Leftovers\n|-damage|p1a: Oinkologne|5/100|[from] Leech Seed|[of] p2a: Serperior\n|-heal|p2a: Serperior|159/248|[silent]\n|upkeep\n|turn|22\n|inactive|Time left: 300 sec this turn | 300 sec total\n|\n|t:|1783547132\n|move|p2a: Serperior|Leaf Storm|p1a: Oinkologne\n|-damage|p1a: Oinkologne|0 fnt\n|-boost|p2a: Serperior|spa|2\n|faint|p1a: Oinkologne\n|\n|-heal|p2a: Serperior|174/248|[from] item: Leftovers\n|upkeep\n|\n|t:|1783547133\n|switch|p1a: Armarouge|Armarouge, L80, M|57/100\n|turn|23\n|inactive|Time left: 300 sec this turn | 300 sec total\n|\n|t:|1783547134\n|move|p2a: Serperior|Substitute|p2a: Serperior\n|-start|p2a: Serperior|Substitute\n|-damage|p2a: Serperior|112/248\n|move|p1a: Armarouge|Armor Cannon|p2a: Serperior\n|-supereffective|p2a: Serperior\n|-end|p2a: Serperior|Substitute\n|-unboost|p1a: Armarouge|def|1\n|-unboost|p1a: Armarouge|spd|1\n|\n|-heal|p2a: Serperior|127/248|[from] item: Leftovers\n|upkeep\n|turn|24\n|inactive|Time left: 300 sec this turn | 300 sec total\n|\n|t:|1783547135\n|switch|p1a: Latios|Latios, L78, M|100/100\n|move|p2a: Serperior|Leaf Storm|p1a: Latios|[miss]\n|-miss|p2a: Serperior|p1a: Latios\n|\n|-heal|p2a: Serperior|142/248|[from] item: Leftovers\n|upkeep\n|turn|25\n|inactive|Time left: 300 sec this turn | 300 sec total\n|\n|t:|1783547136\n|move|p2a: Serperior|Dragon Pulse|p1a: Latios\n|-supereffective|p1a: Latios\n|-damage|p1a: Latios|36/100\n|move|p1a: Latios|Psyshock|p2a: Serperior\n|-damage|p2a: Serperior|34/248\n|\n|-heal|p2a: Serperior|49/248|[from] item: Leftovers\n|upkeep\n|turn|26\n|inactive|Time left: 300 sec this turn | 300 sec total\n|\n|t:|1783547137\n|move|p2a: Serperior|Leaf Storm|p1a: Latios\n|-resisted|p1a: Latios\n|-damage|p1a: Latios|0 fnt\n|-boost|p2a: Serperior|spa|2\n|faint|p1a: Latios\n|\n|-heal|p2a: Serperior|64/248|[from] item: Leftovers\n|upkeep\n|\n|t:|1783547138\n|switch|p1a: Ribombee|Ribombee, L83, F|88/100\n|turn|27\n|inactive|Time left: 300 sec this turn | 300 sec total\n|\n|t:|1783547139\n|move|p2a: Serperior|Leaf Storm|p1a: Ribombee\n|-resisted|p1a: Ribombee\n|-damage|p1a: Ribombee|14/100\n|-boost|p2a: Serperior|spa|2\n|move|p1a: Ribombee|Moonblast|p2a: Serperior\n|-damage|p2a: Serperior|0 fnt\n|faint|p2a: Serperior\n|\n|upkeep\n|inactive|Time left: 300 sec this turn | 300 sec total | 5 sec grace\n|\n|t:|1783547140\n|switch|p2a: Torkoal|Torkoal, L88, F|266/266\n|-weather|SunnyDay|[from] ability: Drought|[of] p2a: Torkoal\n|turn|28\n|inactive|Time left: 300 sec this turn | 300 sec total\n|\n|t:|1783547140\n|switch|p1a: Armarouge|Armarouge, L80, M|57/100\n|move|p2a: Torkoal|Rapid Spin|p1a: Armarouge\n|-damage|p1a: Armarouge|44/100\n|-boost|p2a: Torkoal|spe|1\n|-ability|p1a: Armarouge|Weak Armor|boost\n|-unboost|p1a: Armarouge|def|1\n|-boost|p1a: Armarouge|spe|2\n|-sideend|p2: p0y6291533|Sticky Web|[from] move: Rapid Spin|[of] p2a: Torkoal\n|\n|-weather|SunnyDay|[upkeep]\n|upkeep\n|turn|29\n|inactive|Time left: 300 sec this turn | 300 sec total\n|\n|t:|1783547142\n|move|p1a: Armarouge|Meteor Beam||[still]\n|-prepare|p1a: Armarouge|Meteor Beam\n|-boost|p1a: Armarouge|spa|1\n|-enditem|p1a: Armarouge|Power Herb\n|-anim|p1a: Armarouge|Meteor Beam|p2a: Torkoal\n|-supereffective|p2a: Torkoal\n|-damage|p2a: Torkoal|0 fnt\n|faint|p2a: Torkoal\n|\n|-weather|SunnyDay|[upkeep]\n|upkeep\n|inactive|Time left: 300 sec this turn | 300 sec total | 5 sec grace\n|\n|t:|1783547142\n|switch|p2a: Gallade|Gallade, L80, M|240/240\n|turn|30\n|inactive|Time left: 300 sec this turn | 300 sec total\n|\n|t:|1783547143\n|move|p1a: Armarouge|Armor Cannon|p2a: Gallade\n|-damage|p2a: Gallade|0 fnt\n|-unboost|p1a: Armarouge|def|1\n|-unboost|p1a: Armarouge|spd|1\n|faint|p2a: Gallade\n|\n|-weather|SunnyDay|[upkeep]\n|upkeep\n|inactive|Time left: 300 sec this turn | 300 sec total | 5 sec grace\n|\n|t:|1783547144\n|switch|p2a: Copperajah|Copperajah, L86, M|350/350\n|turn|31\n|inactive|Time left: 300 sec this turn | 300 sec total\n|\n|t:|1783547145\n|move|p1a: Armarouge|Armor Cannon|p2a: Copperajah\n|-supereffective|p2a: Copperajah\n|-damage|p2a: Copperajah|0 fnt\n|-unboost|p1a: Armarouge|def|1\n|-unboost|p1a: Armarouge|spd|1\n|faint|p2a: Copperajah\n|\n|win|p0x6298426", "uploadtime": 1783547145, "views": 0, "rating": 0, "private": 0, "password": null, "_winner": "p0x6298426", "_our_name": "p0y6291533"}