{"id": "battle-gen9randombattle-1531", "formatid": "gen9randombattle", "format": "[Gen 9] Random Battle", "players": ["p0x15314330", "p0y15316ac9"], "log": "|init|battle\n|title|p0x15314330 vs. p0y15316ac9\n|j|\u2606p0x15314330\n|j|\u2606p0y15316ac9\n|t:|1783557802\n|gametype|singles\n|player|p1|p0x15314330|101|\n|player|p2|p0y15316ac9|1|\n|gen|9\n|tier|[Gen 9] Random Battle\n|rule|Species Clause: Limit one of each Pok\u00e9mon\n|rule|HP Percentage Mod: HP is shown in percentages\n|rule|Sleep Clause Mod: Limit one foe put to sleep\n|rule|Illusion Level Mod: Illusion disguises the Pok\u00e9mon's true level\n|\n|t:|1783557802\n|teamsize|p1|6\n|teamsize|p2|6\n|start\n|switch|p1a: Rhyperior|Rhyperior, L82, F|100/100\n|switch|p2a: Cloyster|Cloyster, L80, F|211/211\n|turn|1\n|inactive|Battle timer is ON: inactive players will automatically lose when time's up. (requested by p0y15316ac9)\n|inactive|p0x15314330 also wants the timer to be on.\n|\n|t:|1783557803\n|move|p2a: Cloyster|Shell Smash|p2a: Cloyster\n|-unboost|p2a: Cloyster|def|1\n|-unboost|p2a: Cloyster|spd|1\n|-boost|p2a: Cloyster|atk|2\n|-boost|p2a: Cloyster|spa|2\n|-boost|p2a: Cloyster|spe|2\n|-enditem|p2a: Cloyster|White Herb\n|-clearnegativeboost|p2a: Cloyster|[silent]\n|move|p1a: Rhyperior|Stone Edge|p2a: Cloyster\n|-supereffective|p2a: Cloyster\n|-damage|p2a: Cloyster|65/211\n|\n|upkeep\n|turn|2\n|inactive|Time left: 300 sec this turn | 300 sec total\n|\n|t:|1783557805\n|-terastallize|p1a: Rhyperior|Bug\n|move|p2a: Cloyster|Icicle Spear|p1a: Rhyperior\n|-damage|p1a: Rhyperior|89/100\n|-damage|p1a: Rhyperior|77/100\n|-damage|p1a: Rhyperior|66/100\n|-damage|p1a: Rhyperior|54/100\n|-damage|p1a: Rhyperior|44/100\n|-hitcount|p1a: Rhyperior|5\n|move|p1a: Rhyperior|Earthquake|p2a: Cloyster\n|-damage|p2a: Cloyster|0 fnt\n|faint|p2a: Cloyster\n|\n|upkeep\n|inactive|Time left: 300 sec this turn | 300 sec total | 5 sec grace\n|\n|t:|1783557806\n|switch|p2a: Jolteon|Jolteon, L84, M|246/246\n|turn|3\n|inactive|Time left: 300 sec this turn | 300 sec total\n|\n|t:|1783557807\n|switch|p1a: Mudsdale|Mudsdale, L83, M|100/100\n|move|p2a: Jolteon|Thunderbolt|p1a: Mudsdale\n|-immune|p1a: Mudsdale\n|\n|upkeep\n|turn|4\n|inactive|Time left: 300 sec this turn | 300 sec total\n|\n|t:|1783557808\n|switch|p2a: Squawkabilly|Squawkabilly-Blue, L85, M|278/278\n|move|p1a: Mudsdale|Earthquake|p2a: Squawkabilly\n|-immune|p2a: Squawkabilly\n|\n|-status|p2a: Squawkabilly|brn|[from] item: Flame Orb\n|upkeep\n|turn|5\n|inactive|Time left: 300 sec this turn | 300 sec total\n|\n|t:|1783557809\n|move|p2a: Squawkabilly|Facade|p1a: Mudsdale\n|-damage|p1a: Mudsdale|31/100\n|-ability|p1a: Mudsdale|Stamina|boost\n|-boost|p1a: Mudsdale|def|1\n|move|p1a: Mudsdale|Stone Edge|p2a: Squawkabilly\n|-supereffective|p2a: Squawkabilly\n|-damage|p2a: Squawkabilly|10/278 brn\n|\n|-heal|p1a: Mudsdale|37/100|[from] item: Leftovers\n|-damage|p2a: Squawkabilly|0 fnt|[from] brn\n|faint|p2a: Squawkabilly\n|upkeep\n|inactive|Time left: 300 sec this turn | 300 sec total | 5 sec grace\n|\n|t:|1783557810\n|switch|p2a: Reshiram|Reshiram, L76|277/277\n|-ability|p2a: Reshiram|Turboblaze\n|turn|6\n|inactive|Time left: 300 sec this turn | 300 sec total\n|\n|t:|1783557811\n|move|p2a: Reshiram|Blue Flare|p1a: Mudsdale\n|-damage|p1a: Mudsdale|0 fnt\n|faint|p1a: Mudsdale\n|\n|upkeep\n|\n|t:|1783557812\n|switch|p1a: Milotic|Milotic, L83, F|100/100\n|turn|7\n|inactive|Time left: 300 sec this turn | 300 sec total\n|\n|t:|1783557813\n|move|p1a: Milotic|Scald|p2a: Reshiram\n|-damage|p2a: Reshiram|207/277\n|move|p2a: Reshiram|Blue Flare|p1a: Milotic\n|-resisted|p1a: Milotic\n|-damage|p1a: Milotic|79/100\n|-status|p1a: Milotic|brn\n|\n|-heal|p1a: Milotic|85/100 brn|[from] item: Leftovers\n|-damage|p1a: Milotic|79/100 brn|[from] brn\n|upkeep\n|turn|8\n|inactive|Time left: 300 sec this turn | 300 sec total\n|\n|t:|1783557814\n|switch|p2a: Jolteon|Jolteon, L84, M|246/246\n|move|p1a: Milotic|Scald|p2a: Jolteon\n|-damage|p2a: Jolteon|161/246\n|\n|-heal|p1a: Milotic|85/100 brn|[from] item: Leftovers\n|-damage|p1a: Milotic|79/100 brn|[from] brn\n|upkeep\n|turn|9\n|inactive|Time left: 300 sec this turn | 300 sec total\n|\n|t:|1783557815\n|switch|p1a: Wo-Chien|Wo-Chien, L83|100/100\n|-ability|p1a: Wo-Chien|Tablets of Ruin\n|move|p2a: Jolteon|Thunderbolt|p1a: Wo-Chien\n|-resisted|p1a: Wo-Chien\n|-damage|p1a: Wo-Chien|80/100\n|\n|-heal|p1a: Wo-Chien|86/100|[from] item: Leftovers\n|upkeep\n|turn|10\n|inactive|Time left: 300 sec this turn | 300 sec total\n|\n|t:|1783557816\n|move|p2a: Jolteon|Thunderbolt|p1a: Wo-Chien\n|-resisted|p1a: Wo-Chien\n|-damage|p1a: Wo-Chien|66/100\n|move|p1a: Wo-Chien|Knock Off|p2a: Jolteon\n|-damage|p2a: Jolteon|44/246\n|-enditem|p2a: Jolteon|Choice Specs|[from] move: Knock Off|[of] p1a: Wo-Chien\n|\n|-heal|p1a: Wo-Chien|72/100|[from] item: Leftovers\n|upkeep\n|turn|11\n|inactive|Time left: 300 sec this turn | 300 sec total\n|\n|t:|1783557817\n|move|p2a: Jolteon|Alluring Voice|p1a: Wo-Chien\n|-supereffective|p1a: Wo-Chien\n|-damage|p1a: Wo-Chien|38/100\n|move|p1a: Wo-Chien|Giga Drain|p2a: Jolteon\n|-damage|p2a: Jolteon|0 fnt\n|-heal|p1a: Wo-Chien|46/100|[from] drain|[of] p2a: Jolteon\n|faint|p2a: Jolteon\n|\n|-heal|p1a: Wo-Chien|52/100|[from] item: Leftovers\n|upkeep\n|inactive|Time left: 300 sec this turn | 300 sec total | 5 sec grace\n|\n|t:|1783557818\n|switch|p2a: Landorus|Landorus-Therian, L76, M|260/260\n|-ability|p2a: Landorus|Intimidate|boost\n|-unboost|p1a: Wo-Chien|atk|1\n|turn|12\n|inactive|Time left: 300 sec this turn | 300 sec total\n|\n|t:|1783557819\n|switch|p1a: Milotic|Milotic, L83, F|79/100 brn\n|move|p2a: Landorus|U-turn|p1a: Milotic\n|-damage|p1a: Milotic|57/100 brn\n|inactive|Time left: 300 sec this turn | 300 sec total | 5 sec grace\n|\n|t:|1783557820\n|switch|p2a: Tatsugiri|Tatsugiri, L87, F|260/260|[from] U-turn\n|\n|-heal|p1a: Milotic|63/100 brn|[from] item: Leftovers\n|-damage|p1a: Milotic|57/100 brn|[from] brn\n|upkeep\n|turn|13\n|inactive|Time left: 300 sec this turn | 300 sec total\n|\n|t:|1783557821\n|move|p2a: Tatsugiri|Nasty Plot|p2a: Tatsugiri\n|-boost|p2a: Tatsugiri|spa|2\n|move|p1a: Milotic|Recover|p1a: Milotic\n|-heal|p1a: Milotic|100/100 brn\n|\n|-damage|p1a: Milotic|94/100 brn|[from] brn\n|upkeep\n|turn|14\n|inactive|Time left: 300 sec this turn | 300 sec total\n|\n|t:|1783557822\n|move|p2a: Tatsugiri|Draco Meteor|p1a: Milotic\n|-damage|p1a: Milotic|4/100 brn\n|-unboost|p2a: Tatsugiri|spa|2\n|move|p1a: Milotic|Dragon Tail|p2a: Tatsugiri\n|-supereffective|p2a: Tatsugiri\n|-damage|p2a: Tatsugiri|223/260\n|drag|p2a: Reshiram|Reshiram, L76|207/277\n|-ability|p2a: Reshiram|Turboblaze\n|\n|-heal|p1a: Milotic|10/100 brn|[from] item: Leftovers\n|-damage|p1a: Milotic|4/100 brn|[from] brn\n|upkeep\n|turn|15\n|inactive|Time left: 300 sec this turn | 300 sec total\n|\n|t:|1783557823\n|switch|p2a: Tatsugiri|Tatsugiri, L87, F|223/260\n|move|p1a: Milotic|Recover|p1a: Milotic\n|-heal|p1a: Milotic|54/100 brn\n|\n|-heal|p1a: Milotic|61/100 brn|[from] item: Leftovers\n|-damage|p1a: Milotic|54/100 brn|[from] brn\n|upkeep\n|turn|16\n|inactive|Time left: 300 sec this turn | 300 sec total\n|\n|t:|1783557824\n|move|p2a: Tatsugiri|Nasty Plot|p2a: Tatsugiri\n|-boost|p2a: Tatsugiri|spa|2\n|move|p1a: Milotic|Recover|p1a: Milotic\n|-heal|p1a: Milotic|100/100 brn\n|\n|-damage|p1a: Milotic|94/100 brn|[from] brn\n|upkeep\n|turn|17\n|inactive|Time left: 300 sec this turn | 300 sec total\n|\n|t:|1783557824\n|move|p2a: Tatsugiri|Draco Meteor|p1a: Milotic\n|-damage|p1a: Milotic|1/100 brn\n|-unboost|p2a: Tatsugiri|spa|2\n|move|p1a: Milotic|Dragon Tail|p2a: Tatsugiri\n|-supereffective|p2a: Tatsugiri\n|-damage|p2a: Tatsugiri|184/260\n|drag|p2a: Landorus|Landorus-Therian, L76, M|260/260\n|-ability|p2a: Landorus|Intimidate|boost\n|-unboost|p1a: Milotic|atk|1\n|-ability|p1a: Milotic|Competitive|boost\n|-boost|p1a: Milotic|spa|2\n|\n|-heal|p1a: Milotic|7/100 brn|[from] item: Leftovers\n|-damage|p1a: Milotic|1/100 brn|[from] brn\n|upkeep\n|turn|18\n|inactive|Time left: 300 sec this turn | 300 sec total\n|\n|t:|1783557825\n|switch|p2a: Tatsugiri|Tatsugiri, L87, F|184/260\n|move|p1a: Milotic|Ice Beam|p2a: Tatsugiri\n|-damage|p2a: Tatsugiri|75/260\n|\n|-heal|p1a: Milotic|7/100 brn|[from] item: Leftovers\n|-damage|p1a: Milotic|1/100 brn|[from] brn\n|upkeep\n|turn|19\n|inactive|Time left: 300 sec this turn | 300 sec total\n|\n|t:|1783557826\n|move|p2a: Tatsugiri|Rapid Spin|p1a: Milotic\n|-damage|p1a: Milotic|0 fnt\n|-boost|p2a: Tatsugiri|spe|1\n|faint|p1a: Milotic\n|\n|upkeep\n|\n|t:|1783557827\n|switch|p1a: Wo-Chien|Wo-Chien, L83|52/100\n|-ability|p1a: Wo-Chien|Tablets of Ruin\n|turn|20\n|inactive|Time left: 300 sec this turn | 300 sec total\n|\n|t:|1783557828\n|move|p2a: Tatsugiri|Draco Meteor|p1a: Wo-Chien\n|-damage|p1a: Wo-Chien|5/100\n|-unboost|p2a: Tatsugiri|spa|2\n|move|p1a: Wo-Chien|Knock Off|p2a: Tatsugiri\n|-damage|p2a: Tatsugiri|0 fnt\n|-enditem|p2a: Tatsugiri|Heavy-Duty Boots|[from] move: Knock Off|[of] p1a: Wo-Chien\n|faint|p2a: Tatsugiri\n|\n|-heal|p1a: Wo-Chien|11/100|[from] item: Leftovers\n|upkeep\n|inactive|Time left: 300 sec this turn | 300 sec total | 5 sec grace\n|\n|t:|1783557829\n|switch|p2a: Reshiram|Reshiram, L76|207/277\n|-ability|p2a: Reshiram|Turboblaze\n|turn|21\n|inactive|Time left: 300 sec this turn | 300 sec total\n|\n|t:|1783557829\n|move|p2a: Reshiram|Blue Flare|p1a: Wo-Chien\n|-supereffective|p1a: Wo-Chien\n|-damage|p1a: Wo-Chien|0 fnt\n|faint|p1a: Wo-Chien\n|\n|upkeep\n|\n|t:|1783557830\n|switch|p1a: Morpeko|Morpeko, L88, F|100/100\n|turn|22\n|inactive|Time left: 300 sec this turn | 300 sec total\n|\n|t:|1783557831\n|move|p1a: Morpeko|Knock Off|p2a: Reshiram\n|-damage|p2a: Reshiram|99/277\n|-enditem|p2a: Reshiram|Heavy-Duty Boots|[from] move: Knock Off|[of] p1a: Morpeko\n|move|p2a: Reshiram|Blue Flare|p1a: Morpeko\n|-damage|p1a: Morpeko|14/100\n|\n|-heal|p1a: Morpeko|20/100|[from] item: Leftovers\n|-formechange|p1a: Morpeko|Morpeko-Hangry||[from] ability: Hunger Switch\n|upkeep\n|turn|23\n|inactive|Time left: 300 sec this turn | 300 sec total\n|\n|t:|1783557832\n|switch|p2a: Landorus|Landorus-Therian, L76, M|260/260\n|-ability|p2a: Landorus|Intimidate|boost\n|-unboost|p1a: Morpeko|atk|1\n|move|p1a: Morpeko|Aura Wheel|p2a: Landorus\n|-damage|p2a: Landorus|166/260\n|-boost|p1a: Morpeko|spe|1\n|\n|-heal|p1a: Morpeko|27/100|[from] item: Leftovers\n|-heal|p2a: Landorus|182/260|[from] item: Leftovers\n|-formechange|p1a: Morpeko|Morpeko||[from] ability: Hunger Switch\n|upkeep\n|turn|24\n|inactive|Time left: 300 sec this turn | 300 sec total\n|\n|t:|1783557833\n|move|p1a: Morpeko|Protect|p1a: Morpeko\n|-singleturn|p1a: Morpeko|Protect\n|move|p2a: Landorus|U-turn|p1a: Morpeko\n|-activate|p1a: Morpeko|move: Protect\n|\n|-heal|p1a: Morpeko|33/100|[from] item: Leftovers\n|-heal|p2a: Landorus|198/260|[from] item: Leftovers\n|-formechange|p1a: Morpeko|Morpeko-Hangry||[from] ability: Hunger Switch\n|upkeep\n|turn|25\n|inactive|Time left: 300 sec this turn | 300 sec total\n|\n|t:|1783557834\n|switch|p1a: Rhyperior|Rhyperior, L82, F, tera:Bug|44/100\n|move|p2a: Landorus|U-turn|p1a: Rhyperior\n|-damage|p1a: Rhyperior|30/100\n|inactive|Time left: 300 sec this turn | 300 sec total | 5 sec grace\n|\n|t:|1783557835\n|switch|p2a: Reshiram|Reshiram, L76|99/277|[from] U-turn\n|-ability|p2a: Reshiram|Turboblaze\n|\n|upkeep\n|turn|26\n|inactive|Time left: 300 sec this turn | 300 sec total\n|\n|t:|1783557836\n|move|p2a: Reshiram|Blue Flare|p1a: Rhyperior|[miss]\n|-miss|p2a: Reshiram|p1a: Rhyperior\n|move|p1a: Rhyperior|Earthquake|p2a: Reshiram\n|-supereffective|p2a: Reshiram\n|-damage|p2a: Reshiram|0 fnt\n|faint|p2a: Reshiram\n|\n|upkeep\n|inactive|Time left: 300 sec this turn | 300 sec total | 5 sec grace\n|\n|t:|1783557836\n|switch|p2a: Landorus|Landorus-Therian, L76, M|198/260\n|-ability|p2a: Landorus|Intimidate|boost\n|-unboost|p1a: Rhyperior|atk|1\n|turn|27\n|inactive|Time left: 300 sec this turn | 300 sec total\n|\n|t:|1783557837\n|move|p2a: Landorus|Stone Edge|p1a: Rhyperior\n|-supereffective|p1a: Rhyperior\n|-crit|p1a: Rhyperior\n|-damage|p1a: Rhyperior|0 fnt\n|faint|p1a: Rhyperior\n|\n|-heal|p2a: Landorus|214/260|[from] item: Leftovers\n|upkeep\n|\n|t:|1783557838\n|switch|p1a: Morpeko|Morpeko, L88, F|33/100\n|turn|28\n|inactive|Time left: 300 sec this turn | 300 sec total\n|\n|t:|1783557839\n|move|p1a: Morpeko|Knock Off|p2a: Landorus\n|-damage|p2a: Landorus|87/260\n|-enditem|p2a: Landorus|Leftovers|[from] move: Knock Off|[of] p1a: Morpeko\n|move|p2a: Landorus|U-turn|p1a: Morpeko\n|-supereffective|p1a: Morpeko\n|-damage|p1a: Morpeko|0 fnt\n|faint|p1a: Morpeko\n|\n|upkeep\n|\n|t:|1783557840\n|switch|p1a: Scizor|Scizor, L79, F|100/100\n|turn|29\n|inactive|Time left: 300 sec this turn | 300 sec total\n|\n|t:|1783557841\n|move|p1a: Scizor|Bullet Punch|p2a: Landorus\n|-damage|p2a: Landorus|0 fnt\n|faint|p2a: Landorus\n|\n|win|p0x15314330", "uploadtime": 1783557841, "views": 0, "rating": 0, "private": 0, "password": null, "_winner": "p0x15314330", "_our_name": "p0y15316ac9"}