{"id": "battle-gen9randombattle-302", "formatid": "gen9randombattle", "format": "[Gen 9] Random Battle", "players": ["p0x3027a21", "p0y302853d"], "log": "|init|battle\n|title|p0x3027a21 vs. p0y302853d\n|j|\u2606p0x3027a21\n|j|\u2606p0y302853d\n|t:|1783543079\n|gametype|singles\n|player|p1|p0x3027a21|1|\n|player|p2|p0y302853d|1|\n|gen|9\n|tier|[Gen 9] Random Battle\n|rule|Species Clause: Limit one of each Pok\u00e9mon\n|rule|HP Percentage Mod: HP is shown in percentages\n|rule|Sleep Clause Mod: Limit one foe put to sleep\n|rule|Illusion Level Mod: Illusion disguises the Pok\u00e9mon's true level\n|\n|t:|1783543079\n|teamsize|p1|6\n|teamsize|p2|6\n|start\n|switch|p1a: Brute Bonnet|Brute Bonnet, L80|100/100\n|switch|p2a: Scrafty|Scrafty, L83, M|244/244\n|turn|1\n|inactive|Battle timer is ON: inactive players will automatically lose when time's up. (requested by p0y302853d)\n|inactive|p0x3027a21 also wants the timer to be on.\n|\n|t:|1783543081\n|move|p2a: Scrafty|Bulk Up|p2a: Scrafty\n|-boost|p2a: Scrafty|atk|1\n|-boost|p2a: Scrafty|def|1\n|move|p1a: Brute Bonnet|Seed Bomb|p2a: Scrafty\n|-damage|p2a: Scrafty|195/244\n|\n|-heal|p2a: Scrafty|210/244|[from] item: Leftovers\n|upkeep\n|turn|2\n|inactive|Time left: 300 sec this turn | 300 sec total\n|\n|t:|1783543083\n|-end|p1a: Brute Bonnet|Protosynthesis|[silent]\n|switch|p1a: Quagsire|Quagsire, L84, M|100/100\n|move|p2a: Scrafty|Drain Punch|p1a: Quagsire\n|-damage|p1a: Quagsire|74/100\n|-heal|p2a: Scrafty|244/244|[from] drain|[of] p1a: Quagsire\n|\n|-heal|p1a: Quagsire|80/100|[from] item: Leftovers\n|upkeep\n|turn|3\n|inactive|Time left: 300 sec this turn | 300 sec total\n|\n|t:|1783543084\n|move|p2a: Scrafty|Knock Off|p1a: Quagsire\n|-damage|p1a: Quagsire|46/100\n|-enditem|p1a: Quagsire|Leftovers|[from] move: Knock Off|[of] p2a: Scrafty\n|move|p1a: Quagsire|Spikes|p2a: Scrafty\n|-sidestart|p2: p0y302853d|Spikes\n|\n|upkeep\n|turn|4\n|inactive|Time left: 300 sec this turn | 300 sec total\n|\n|t:|1783543085\n|move|p2a: Scrafty|Drain Punch|p1a: Quagsire\n|-damage|p1a: Quagsire|21/100\n|move|p1a: Quagsire|Recover|p1a: Quagsire\n|-heal|p1a: Quagsire|72/100\n|\n|upkeep\n|turn|5\n|inactive|Time left: 300 sec this turn | 300 sec total\n|\n|t:|1783543086\n|move|p2a: Scrafty|Bulk Up|p2a: Scrafty\n|-boost|p2a: Scrafty|atk|1\n|-boost|p2a: Scrafty|def|1\n|move|p1a: Quagsire|Recover|p1a: Quagsire\n|-heal|p1a: Quagsire|100/100\n|\n|upkeep\n|turn|6\n|inactive|Time left: 300 sec this turn | 300 sec total\n|\n|t:|1783543087\n|move|p2a: Scrafty|Bulk Up|p2a: Scrafty\n|-boost|p2a: Scrafty|atk|1\n|-boost|p2a: Scrafty|def|1\n|move|p1a: Quagsire|Spikes|p2a: Scrafty\n|-sidestart|p2: p0y302853d|Spikes\n|\n|upkeep\n|turn|7\n|inactive|Time left: 300 sec this turn | 300 sec total\n|\n|t:|1783543088\n|move|p2a: Scrafty|Knock Off|p1a: Quagsire\n|-damage|p1a: Quagsire|76/100\n|move|p1a: Quagsire|Earthquake|p2a: Scrafty\n|-damage|p2a: Scrafty|159/244\n|\n|-heal|p2a: Scrafty|174/244|[from] item: Leftovers\n|upkeep\n|turn|8\n|inactive|Time left: 300 sec this turn | 300 sec total\n|\n|t:|1783543089\n|move|p2a: Scrafty|Drain Punch|p1a: Quagsire\n|-damage|p1a: Quagsire|52/100\n|-heal|p2a: Scrafty|210/244|[from] drain|[of] p1a: Quagsire\n|move|p1a: Quagsire|Earthquake|p2a: Scrafty\n|-damage|p2a: Scrafty|128/244\n|\n|-heal|p2a: Scrafty|143/244|[from] item: Leftovers\n|upkeep\n|turn|9\n|inactive|Time left: 300 sec this turn | 300 sec total\n|\n|t:|1783543090\n|move|p2a: Scrafty|Drain Punch|p1a: Quagsire\n|-damage|p1a: Quagsire|25/100\n|-heal|p2a: Scrafty|183/244|[from] drain|[of] p1a: Quagsire\n|move|p1a: Quagsire|Recover|p1a: Quagsire\n|-heal|p1a: Quagsire|76/100\n|\n|-heal|p2a: Scrafty|198/244|[from] item: Leftovers\n|upkeep\n|turn|10\n|inactive|Time left: 300 sec this turn | 300 sec total\n|\n|t:|1783543091\n|move|p2a: Scrafty|Drain Punch|p1a: Quagsire\n|-damage|p1a: Quagsire|48/100\n|-heal|p2a: Scrafty|239/244|[from] drain|[of] p1a: Quagsire\n|move|p1a: Quagsire|Recover|p1a: Quagsire\n|-heal|p1a: Quagsire|98/100\n|\n|-heal|p2a: Scrafty|244/244|[from] item: Leftovers\n|upkeep\n|turn|11\n|inactive|Time left: 300 sec this turn | 300 sec total\n|\n|t:|1783543092\n|move|p2a: Scrafty|Drain Punch|p1a: Quagsire\n|-damage|p1a: Quagsire|73/100\n|move|p1a: Quagsire|Earthquake|p2a: Scrafty\n|-damage|p2a: Scrafty|171/244\n|\n|-heal|p2a: Scrafty|186/244|[from] item: Leftovers\n|upkeep\n|turn|12\n|inactive|Time left: 300 sec this turn | 300 sec total\n|\n|t:|1783543094\n|move|p2a: Scrafty|Drain Punch|p1a: Quagsire\n|-damage|p1a: Quagsire|45/100\n|-heal|p2a: Scrafty|228/244|[from] drain|[of] p1a: Quagsire\n|move|p1a: Quagsire|Recover|p1a: Quagsire\n|-heal|p1a: Quagsire|95/100\n|\n|-heal|p2a: Scrafty|243/244|[from] item: Leftovers\n|upkeep\n|turn|13\n|inactive|Time left: 300 sec this turn | 300 sec total\n|\n|t:|1783543095\n|move|p2a: Scrafty|Knock Off|p1a: Quagsire\n|-damage|p1a: Quagsire|75/100\n|move|p1a: Quagsire|Spikes|p2a: Scrafty\n|-sidestart|p2: p0y302853d|Spikes\n|\n|-heal|p2a: Scrafty|244/244|[from] item: Leftovers\n|upkeep\n|turn|14\n|inactive|Time left: 300 sec this turn | 300 sec total\n|\n|t:|1783543096\n|move|p2a: Scrafty|Drain Punch|p1a: Quagsire\n|-damage|p1a: Quagsire|48/100\n|move|p1a: Quagsire|Recover|p1a: Quagsire\n|-heal|p1a: Quagsire|98/100\n|\n|upkeep\n|turn|15\n|inactive|Time left: 300 sec this turn | 300 sec total\n|\n|t:|1783543097\n|move|p2a: Scrafty|Drain Punch|p1a: Quagsire\n|-damage|p1a: Quagsire|71/100\n|move|p1a: Quagsire|Earthquake|p2a: Scrafty\n|-crit|p2a: Scrafty\n|-damage|p2a: Scrafty|135/244\n|\n|-heal|p2a: Scrafty|150/244|[from] item: Leftovers\n|upkeep\n|turn|16\n|inactive|Time left: 300 sec this turn | 300 sec total\n|\n|t:|1783543098\n|move|p2a: Scrafty|Drain Punch|p1a: Quagsire\n|-damage|p1a: Quagsire|43/100\n|-heal|p2a: Scrafty|192/244|[from] drain|[of] p1a: Quagsire\n|move|p1a: Quagsire|Recover|p1a: Quagsire\n|-heal|p1a: Quagsire|93/100\n|\n|-heal|p2a: Scrafty|207/244|[from] item: Leftovers\n|upkeep\n|turn|17\n|inactive|Time left: 300 sec this turn | 300 sec total\n|\n|t:|1783543099\n|move|p2a: Scrafty|Knock Off|p1a: Quagsire\n|-damage|p1a: Quagsire|72/100\n|move|p1a: Quagsire|Recover|p1a: Quagsire\n|-heal|p1a: Quagsire|100/100\n|\n|-heal|p2a: Scrafty|222/244|[from] item: Leftovers\n|upkeep\n|turn|18\n|inactive|Time left: 300 sec this turn | 300 sec total\n|\n|t:|1783543100\n|switch|p1a: Clefable|Clefable, L83, M|100/100\n|move|p2a: Scrafty|Knock Off|p1a: Clefable\n|-resisted|p1a: Clefable\n|-damage|p1a: Clefable|81/100\n|-enditem|p1a: Clefable|Leftovers|[from] move: Knock Off|[of] p2a: Scrafty\n|\n|-heal|p2a: Scrafty|237/244|[from] item: Leftovers\n|upkeep\n|turn|19\n|inactive|Time left: 300 sec this turn | 300 sec total\n|\n|t:|1783543101\n|-terastallize|p2a: Scrafty|Poison\n|move|p1a: Clefable|Moonblast|p2a: Scrafty\n|-resisted|p2a: Scrafty\n|-damage|p2a: Scrafty|194/244\n|move|p2a: Scrafty|Knock Off|p1a: Clefable\n|-resisted|p1a: Clefable\n|-damage|p1a: Clefable|67/100\n|\n|-heal|p2a: Scrafty|209/244|[from] item: Leftovers\n|upkeep\n|turn|20\n|inactive|Time left: 300 sec this turn | 300 sec total\n|\n|t:|1783543102\n|move|p1a: Clefable|Moonlight|p1a: Clefable\n|-heal|p1a: Clefable|100/100\n|move|p2a: Scrafty|Drain Punch|p1a: Clefable\n|-resisted|p1a: Clefable\n|-crit|p1a: Clefable\n|-damage|p1a: Clefable|80/100\n|-heal|p2a: Scrafty|239/244|[from] drain|[of] p1a: Clefable\n|\n|-heal|p2a: Scrafty|244/244|[from] item: Leftovers\n|upkeep\n|turn|21\n|inactive|Time left: 300 sec this turn | 300 sec total\n|\n|t:|1783543103\n|switch|p1a: Quagsire|Quagsire, L84, M|100/100\n|move|p2a: Scrafty|Knock Off|p1a: Quagsire\n|-damage|p1a: Quagsire|77/100\n|\n|upkeep\n|turn|22\n|inactive|Time left: 300 sec this turn | 300 sec total\n|\n|t:|1783543104\n|move|p2a: Scrafty|Drain Punch|p1a: Quagsire\n|-damage|p1a: Quagsire|51/100\n|move|p1a: Quagsire|Earthquake|p2a: Scrafty\n|-supereffective|p2a: Scrafty\n|-damage|p2a: Scrafty|74/244\n|\n|-heal|p2a: Scrafty|89/244|[from] item: Leftovers\n|upkeep\n|turn|23\n|inactive|Time left: 300 sec this turn | 300 sec total\n|\n|t:|1783543105\n|move|p2a: Scrafty|Rest|p2a: Scrafty\n|-status|p2a: Scrafty|slp|[from] move: Rest\n|-heal|p2a: Scrafty|244/244 slp|[silent]\n|move|p1a: Quagsire|Earthquake|p2a: Scrafty\n|-supereffective|p2a: Scrafty\n|-damage|p2a: Scrafty|100/244 slp\n|\n|-heal|p2a: Scrafty|115/244 slp|[from] item: Leftovers\n|upkeep\n|turn|24\n|inactive|Time left: 300 sec this turn | 300 sec total\n|\n|t:|1783543107\n|switch|p2a: Mesprit|Mesprit, L85|275/275\n|move|p1a: Quagsire|Earthquake|p2a: Mesprit\n|-immune|p2a: Mesprit|[from] ability: Levitate\n|\n|upkeep\n|turn|25\n|inactive|Time left: 300 sec this turn | 300 sec total\n|\n|t:|1783543108\n|move|p2a: Mesprit|Ice Beam|p1a: Quagsire\n|-damage|p1a: Quagsire|9/100\n|move|p1a: Quagsire|Toxic|p2a: Mesprit\n|-status|p2a: Mesprit|tox\n|\n|-damage|p2a: Mesprit|258/275 tox|[from] psn\n|upkeep\n|turn|26\n|inactive|Time left: 300 sec this turn | 300 sec total\n|\n|t:|1783543109\n|move|p2a: Mesprit|Ice Beam|p1a: Quagsire\n|-damage|p1a: Quagsire|0 fnt\n|faint|p1a: Quagsire\n|\n|-damage|p2a: Mesprit|224/275 tox|[from] psn\n|upkeep\n|\n|t:|1783543110\n|switch|p1a: Clefable|Clefable, L83, M|80/100\n|turn|27\n|inactive|Time left: 300 sec this turn | 300 sec total\n|\n|t:|1783543111\n|switch|p2a: Tentacruel|Tentacruel, L84, F|272/272\n|-damage|p2a: Tentacruel|204/272|[from] Spikes\n|move|p1a: Clefable|Moonblast|p2a: Tentacruel\n|-resisted|p2a: Tentacruel\n|-damage|p2a: Tentacruel|166/272\n|\n|-heal|p2a: Tentacruel|183/272|[from] item: Leftovers\n|upkeep\n|turn|28\n|inactive|Time left: 300 sec this turn | 300 sec total\n|\n|t:|1783543112\n|move|p2a: Tentacruel|Rapid Spin|p1a: Clefable\n|-damage|p1a: Clefable|69/100\n|-boost|p2a: Tentacruel|spe|1\n|-sideend|p2: p0y302853d|Spikes|[from] move: Rapid Spin|[of] p2a: Tentacruel\n|move|p1a: Clefable|Moonblast|p2a: Tentacruel\n|-resisted|p2a: Tentacruel\n|-damage|p2a: Tentacruel|144/272\n|\n|-heal|p2a: Tentacruel|161/272|[from] item: Leftovers\n|upkeep\n|turn|29\n|inactive|Time left: 300 sec this turn | 300 sec total\n|\n|t:|1783543113\n|switch|p1a: Glalie|Glalie, L96, M|100/100\n|move|p2a: Tentacruel|Sludge Bomb|p1a: Glalie\n|-damage|p1a: Glalie|75/100\n|\n|-heal|p2a: Tentacruel|178/272|[from] item: Leftovers\n|upkeep\n|turn|30\n|inactive|Time left: 300 sec this turn | 300 sec total\n|\n|t:|1783543114\n|switch|p2a: Meganium|Meganium, L90, F|290/290\n|move|p1a: Glalie|Earthquake|p2a: Meganium\n|-resisted|p2a: Meganium\n|-damage|p2a: Meganium|257/290\n|\n|-heal|p2a: Meganium|275/290|[from] item: Leftovers\n|upkeep\n|turn|31\n|inactive|Time left: 300 sec this turn | 300 sec total\n|\n|t:|1783543115\n|move|p1a: Glalie|Freeze-Dry|p2a: Meganium\n|-supereffective|p2a: Meganium\n|-damage|p2a: Meganium|129/290\n|move|p2a: Meganium|Swords Dance|p2a: Meganium\n|-boost|p2a: Meganium|atk|2\n|\n|-heal|p2a: Meganium|147/290|[from] item: Leftovers\n|upkeep\n|turn|32\n|inactive|Time left: 300 sec this turn | 300 sec total\n|\n|t:|1783543116\n|move|p1a: Glalie|Freeze-Dry|p2a: Meganium\n|-supereffective|p2a: Meganium\n|-damage|p2a: Meganium|15/290\n|-status|p2a: Meganium|frz\n|-curestatus|p2a: Meganium|frz|[msg]\n|move|p2a: Meganium|Petal Blizzard|p1a: Glalie\n|-crit|p1a: Glalie\n|-damage|p1a: Glalie|0 fnt\n|faint|p1a: Glalie\n|\n|-heal|p2a: Meganium|33/290|[from] item: Leftovers\n|upkeep\n|\n|t:|1783543117\n|switch|p1a: Serperior|Serperior, L79, M|100/100\n|turn|33\n|inactive|Time left: 300 sec this turn | 300 sec total\n|\n|t:|1783543118\n|switch|p2a: Scrafty|Scrafty, L83, M, tera:Poison|115/244 slp\n|move|p1a: Serperior|Leaf Storm|p2a: Scrafty\n|-resisted|p2a: Scrafty\n|-damage|p2a: Scrafty|59/244 slp\n|-boost|p1a: Serperior|spa|2\n|-damage|p1a: Serperior|91/100|[from] item: Life Orb\n|\n|-activate|p2a: Scrafty|ability: Shed Skin\n|-curestatus|p2a: Scrafty|slp|[msg]\n|-heal|p2a: Scrafty|74/244|[from] item: Leftovers\n|upkeep\n|turn|34\n|inactive|Time left: 300 sec this turn | 300 sec total\n|\n|t:|1783543119\n|switch|p2a: Dodrio|Dodrio, L85, M|241/241\n|move|p1a: Serperior|Leaf Storm|p2a: Dodrio\n|-resisted|p2a: Dodrio\n|-damage|p2a: Dodrio|73/241\n|-boost|p1a: Serperior|spa|2\n|-damage|p1a: Serperior|81/100|[from] item: Life Orb\n|\n|upkeep\n|turn|35\n|inactive|Time left: 300 sec this turn | 300 sec total\n|\n|t:|1783543120\n|-terastallize|p1a: Serperior|Water\n|move|p2a: Dodrio|Brave Bird|p1a: Serperior\n|-damage|p1a: Serperior|22/100\n|-damage|p2a: Dodrio|24/241|[from] Recoil\n|move|p1a: Serperior|Synthesis|p1a: Serperior\n|-heal|p1a: Serperior|72/100\n|\n|upkeep\n|turn|36\n|inactive|Time left: 300 sec this turn | 300 sec total\n|\n|t:|1783543122\n|move|p2a: Dodrio|Double-Edge|p1a: Serperior\n|-damage|p1a: Serperior|15/100\n|-damage|p2a: Dodrio|0 fnt|[from] Recoil\n|faint|p2a: Dodrio\n|move|p1a: Serperior|Leaf Storm|p2: Dodrio|[notarget]\n|-fail|p1a: Serperior\n|\n|upkeep\n|inactive|Time left: 300 sec this turn | 300 sec total | 5 sec grace\n|\n|t:|1783543123\n|switch|p2a: Meganium|Meganium, L90, F|33/290\n|turn|37\n|inactive|Time left: 300 sec this turn | 300 sec total\n|\n|t:|1783543124\n|move|p1a: Serperior|Leaf Storm|p2a: Meganium\n|-resisted|p2a: Meganium\n|-damage|p2a: Meganium|0 fnt\n|-boost|p1a: Serperior|spa|2\n|faint|p2a: Meganium\n|-damage|p1a: Serperior|5/100|[from] item: Life Orb\n|\n|upkeep\n|inactive|Time left: 300 sec this turn | 300 sec total | 5 sec grace\n|\n|t:|1783543125\n|switch|p2a: Mesprit|Mesprit, L85|224/275 tox\n|turn|38\n|inactive|Time left: 300 sec this turn | 300 sec total\n|\n|t:|1783543126\n|move|p1a: Serperior|Synthesis|p1a: Serperior\n|-heal|p1a: Serperior|55/100\n|move|p2a: Mesprit|Psychic|p1a: Serperior\n|-damage|p1a: Serperior|0 fnt\n|faint|p1a: Serperior\n|\n|-damage|p2a: Mesprit|207/275 tox|[from] psn\n|upkeep\n|\n|t:|1783543127\n|switch|p1a: Brute Bonnet|Brute Bonnet, L80|100/100\n|turn|39\n|inactive|Time left: 300 sec this turn | 300 sec total\n|\n|t:|1783543128\n|switch|p2a: Wyrdeer|Wyrdeer, L87, F|321/321\n|-ability|p2a: Wyrdeer|Intimidate|boost\n|-unboost|p1a: Brute Bonnet|atk|1\n|move|p1a: Brute Bonnet|Crunch|p2a: Wyrdeer\n|-supereffective|p2a: Wyrdeer\n|-damage|p2a: Wyrdeer|165/321\n|-unboost|p2a: Wyrdeer|def|1\n|\n|-heal|p2a: Wyrdeer|185/321|[from] item: Leftovers\n|upkeep\n|turn|40\n|inactive|Time left: 300 sec this turn | 300 sec total\n|\n|t:|1783543129\n|switch|p2a: Scrafty|Scrafty, L83, M, tera:Poison|74/244\n|move|p1a: Brute Bonnet|Crunch|p2a: Scrafty\n|-damage|p2a: Scrafty|22/244\n|\n|-heal|p2a: Scrafty|37/244|[from] item: Leftovers\n|upkeep\n|turn|41\n|inactive|Time left: 300 sec this turn | 300 sec total\n|\n|t:|1783543130\n|-end|p1a: Brute Bonnet|Protosynthesis|[silent]\n|switch|p1a: Clefable|Clefable, L83, M|69/100\n|move|p2a: Scrafty|Rest|p2a: Scrafty\n|-status|p2a: Scrafty|slp|[from] move: Rest\n|-heal|p2a: Scrafty|244/244 slp|[silent]\n|\n|upkeep\n|turn|42\n|inactive|Time left: 300 sec this turn | 300 sec total\n|\n|t:|1783543131\n|move|p1a: Clefable|Moonlight|p1a: Clefable\n|-heal|p1a: Clefable|100/100\n|cant|p2a: Scrafty|slp\n|\n|upkeep\n|turn|43\n|inactive|Time left: 300 sec this turn | 300 sec total\n|\n|t:|1783543132\n|move|p1a: Clefable|Moonblast|p2a: Scrafty\n|-resisted|p2a: Scrafty\n|-damage|p2a: Scrafty|204/244 slp\n|cant|p2a: Scrafty|slp\n|\n|-heal|p2a: Scrafty|219/244 slp|[from] item: Leftovers\n|upkeep\n|turn|44\n|inactive|Time left: 300 sec this turn | 300 sec total\n|\n|t:|1783543133\n|move|p1a: Clefable|Moonblast|p2a: Scrafty\n|-resisted|p2a: Scrafty\n|-damage|p2a: Scrafty|176/244 slp\n|-unboost|p2a: Scrafty|spa|1\n|-curestatus|p2a: Scrafty|slp|[msg]\n|move|p2a: Scrafty|Bulk Up|p2a: Scrafty\n|-boost|p2a: Scrafty|atk|1\n|-boost|p2a: Scrafty|def|1\n|\n|-heal|p2a: Scrafty|191/244|[from] item: Leftovers\n|upkeep\n|turn|45\n|inactive|Time left: 300 sec this turn | 300 sec total\n|\n|t:|1783543134\n|move|p1a: Clefable|Moonblast|p2a: Scrafty\n|-resisted|p2a: Scrafty\n|-damage|p2a: Scrafty|152/244\n|move|p2a: Scrafty|Drain Punch|p1a: Clefable\n|-resisted|p1a: Clefable\n|-damage|p1a: Clefable|85/100\n|-heal|p2a: Scrafty|175/244|[from] drain|[of] p1a: Clefable\n|\n|-heal|p2a: Scrafty|190/244|[from] item: Leftovers\n|upkeep\n|turn|46\n|inactive|Time left: 300 sec this turn | 300 sec total\n|\n|t:|1783543136\n|move|p1a: Clefable|Moonblast|p2a: Scrafty\n|-resisted|p2a: Scrafty\n|-damage|p2a: Scrafty|148/244\n|move|p2a: Scrafty|Bulk Up|p2a: Scrafty\n|-boost|p2a: Scrafty|atk|1\n|-boost|p2a: Scrafty|def|1\n|\n|-heal|p2a: Scrafty|163/244|[from] item: Leftovers\n|upkeep\n|turn|47\n|inactive|Time left: 300 sec this turn | 300 sec total\n|\n|t:|1783543137\n|move|p1a: Clefable|Fire Blast|p2a: Scrafty\n|-damage|p2a: Scrafty|104/244\n|-status|p2a: Scrafty|brn\n|move|p2a: Scrafty|Bulk Up|p2a: Scrafty\n|-boost|p2a: Scrafty|atk|1\n|-boost|p2a: Scrafty|def|1\n|\n|-heal|p2a: Scrafty|119/244 brn|[from] item: Leftovers\n|-damage|p2a: Scrafty|104/244 brn|[from] brn\n|upkeep\n|turn|48\n|inactive|Time left: 300 sec this turn | 300 sec total\n|\n|t:|1783543139\n|move|p1a: Clefable|Moonblast|p2a: Scrafty\n|-resisted|p2a: Scrafty\n|-damage|p2a: Scrafty|61/244 brn\n|move|p2a: Scrafty|Rest|p2a: Scrafty\n|-status|p2a: Scrafty|slp|[from] move: Rest\n|-heal|p2a: Scrafty|244/244 slp|[silent]\n|\n|upkeep\n|turn|49\n|inactive|Time left: 300 sec this turn | 300 sec total\n|\n|t:|1783543140\n|move|p1a: Clefable|Moonblast|p2a: Scrafty\n|-resisted|p2a: Scrafty\n|-damage|p2a: Scrafty|203/244 slp\n|cant|p2a: Scrafty|slp\n|\n|-heal|p2a: Scrafty|218/244 slp|[from] item: Leftovers\n|upkeep\n|turn|50\n|inactive|Time left: 300 sec this turn | 300 sec total\n|\n|t:|1783543141\n|move|p1a: Clefable|Fire Blast|p2a: Scrafty\n|-damage|p2a: Scrafty|156/244 slp\n|cant|p2a: Scrafty|slp\n|\n|-activate|p2a: Scrafty|ability: Shed Skin\n|-curestatus|p2a: Scrafty|slp|[msg]\n|-heal|p2a: Scrafty|171/244|[from] item: Leftovers\n|upkeep\n|turn|51\n|inactive|Time left: 300 sec this turn | 300 sec total\n|\n|t:|1783543142\n|move|p1a: Clefable|Moonblast|p2a: Scrafty\n|-resisted|p2a: Scrafty\n|-damage|p2a: Scrafty|133/244\n|move|p2a: Scrafty|Rest|p2a: Scrafty\n|-status|p2a: Scrafty|slp|[from] move: Rest\n|-heal|p2a: Scrafty|244/244 slp|[silent]\n|\n|-activate|p2a: Scrafty|ability: Shed Skin\n|-curestatus|p2a: Scrafty|slp|[msg]\n|upkeep\n|turn|52\n|inactive|Time left: 300 sec this turn | 300 sec total\n|\n|t:|1783543144\n|move|p1a: Clefable|Moonblast|p2a: Scrafty\n|-resisted|p2a: Scrafty\n|-damage|p2a: Scrafty|205/244\n|-unboost|p2a: Scrafty|spa|1\n|move|p2a: Scrafty|Drain Punch|p1a: Clefable\n|-resisted|p1a: Clefable\n|-damage|p1a: Clefable|70/100\n|-heal|p2a: Scrafty|227/244|[from] drain|[of] p1a: Clefable\n|\n|-heal|p2a: Scrafty|242/244|[from] item: Leftovers\n|upkeep\n|turn|53\n|inactive|Time left: 300 sec this turn | 300 sec total\n|\n|t:|1783543146\n|move|p1a: Clefable|Moonlight|p1a: Clefable\n|-heal|p1a: Clefable|100/100\n|move|p2a: Scrafty|Drain Punch|p1a: Clefable\n|-resisted|p1a: Clefable\n|-damage|p1a: Clefable|87/100\n|-heal|p2a: Scrafty|244/244|[from] drain|[of] p1a: Clefable\n|\n|upkeep\n|turn|54\n|inactive|Time left: 300 sec this turn | 300 sec total\n|\n|t:|1783543147\n|move|p1a: Clefable|Fire Blast|p2a: Scrafty\n|-crit|p2a: Scrafty\n|-damage|p2a: Scrafty|151/244\n|-status|p2a: Scrafty|brn\n|move|p2a: Scrafty|Knock Off|p1a: Clefable\n|-resisted|p1a: Clefable\n|-damage|p1a: Clefable|80/100\n|\n|-heal|p2a: Scrafty|166/244 brn|[from] item: Leftovers\n|-damage|p2a: Scrafty|151/244 brn|[from] brn\n|upkeep\n|turn|55\n|inactive|Time left: 300 sec this turn | 300 sec total\n|\n|t:|1783543149\n|move|p1a: Clefable|Moonlight|p1a: Clefable\n|-heal|p1a: Clefable|100/100\n|move|p2a: Scrafty|Rest|p2a: Scrafty\n|-status|p2a: Scrafty|slp|[from] move: Rest\n|-heal|p2a: Scrafty|244/244 slp|[silent]\n|\n|upkeep\n|turn|56\n|inactive|Time left: 300 sec this turn | 300 sec total\n|\n|t:|1783543150\n|move|p1a: Clefable|Fire Blast|p2a: Scrafty\n|-damage|p2a: Scrafty|181/244 slp\n|cant|p2a: Scrafty|slp\n|\n|-activate|p2a: Scrafty|ability: Shed Skin\n|-curestatus|p2a: Scrafty|slp|[msg]\n|-heal|p2a: Scrafty|196/244|[from] item: Leftovers\n|upkeep\n|turn|57\n|inactive|Time left: 300 sec this turn | 300 sec total\n|\n|t:|1783543151\n|move|p1a: Clefable|Fire Blast|p2a: Scrafty\n|-damage|p2a: Scrafty|131/244\n|move|p2a: Scrafty|Knock Off|p1a: Clefable\n|-resisted|p1a: Clefable\n|-damage|p1a: Clefable|88/100\n|\n|-heal|p2a: Scrafty|146/244|[from] item: Leftovers\n|upkeep\n|turn|58\n|inactive|Time left: 300 sec this turn | 300 sec total\n|\n|t:|1783543152\n|move|p1a: Clefable|Fire Blast|p2a: Scrafty\n|-damage|p2a: Scrafty|85/244\n|move|p2a: Scrafty|Rest|p2a: Scrafty\n|-status|p2a: Scrafty|slp|[from] move: Rest\n|-heal|p2a: Scrafty|244/244 slp|[silent]\n|\n|-activate|p2a: Scrafty|ability: Shed Skin\n|-curestatus|p2a: Scrafty|slp|[msg]\n|upkeep\n|turn|59\n|inactive|Time left: 300 sec this turn | 300 sec total\n|\n|t:|1783543154\n|move|p1a: Clefable|Moonblast|p2a: Scrafty\n|-resisted|p2a: Scrafty\n|-damage|p2a: Scrafty|207/244\n|move|p2a: Scrafty|Bulk Up|p2a: Scrafty\n|-boost|p2a: Scrafty|atk|1\n|-boost|p2a: Scrafty|def|1\n|\n|-heal|p2a: Scrafty|222/244|[from] item: Leftovers\n|upkeep\n|turn|60\n|inactive|Time left: 300 sec this turn | 300 sec total\n|\n|t:|1783543155\n|move|p1a: Clefable|Moonblast|p2a: Scrafty\n|-resisted|p2a: Scrafty\n|-damage|p2a: Scrafty|178/244\n|move|p2a: Scrafty|Knock Off|p1a: Clefable\n|-resisted|p1a: Clefable\n|-damage|p1a: Clefable|74/100\n|\n|-heal|p2a: Scrafty|193/244|[from] item: Leftovers\n|upkeep\n|turn|61\n|inactive|Time left: 300 sec this turn | 300 sec total\n|\n|t:|1783543156\n|move|p1a: Clefable|Moonlight|p1a: Clefable\n|-heal|p1a: Clefable|100/100\n|move|p2a: Scrafty|Knock Off|p1a: Clefable\n|-resisted|p1a: Clefable\n|-damage|p1a: Clefable|87/100\n|\n|-heal|p2a: Scrafty|208/244|[from] item: Leftovers\n|upkeep\n|turn|62\n|inactive|Time left: 300 sec this turn | 300 sec total\n|\n|t:|1783543157\n|move|p1a: Clefable|Fire Blast|p2a: Scrafty\n|-damage|p2a: Scrafty|142/244\n|-status|p2a: Scrafty|brn\n|move|p2a: Scrafty|Knock Off|p1a: Clefable\n|-resisted|p1a: Clefable\n|-damage|p1a: Clefable|80/100\n|\n|-heal|p2a: Scrafty|157/244 brn|[from] item: Leftovers\n|-damage|p2a: Scrafty|142/244 brn|[from] brn\n|upkeep\n|turn|63\n|inactive|Time left: 300 sec this turn | 300 sec total\n|\n|t:|1783543158\n|move|p1a: Clefable|Moonlight|p1a: Clefable\n|-heal|p1a: Clefable|100/100\n|move|p2a: Scrafty|Rest|p2a: Scrafty\n|-status|p2a: Scrafty|slp|[from] move: Rest\n|-heal|p2a: Scrafty|244/244 slp|[silent]\n|\n|-activate|p2a: Scrafty|ability: Shed Skin\n|-curestatus|p2a: Scrafty|slp|[msg]\n|upkeep\n|turn|64\n|inactive|Time left: 300 sec this turn | 300 sec total\n|\n|t:|1783543159\n|move|p1a: Clefable|Moonblast|p2a: Scrafty\n|-resisted|p2a: Scrafty\n|-damage|p2a: Scrafty|207/244\n|move|p2a: Scrafty|Knock Off|p1a: Clefable\n|-resisted|p1a: Clefable\n|-damage|p1a: Clefable|87/100\n|\n|-heal|p2a: Scrafty|222/244|[from] item: Leftovers\n|upkeep\n|turn|65\n|inactive|Time left: 300 sec this turn | 300 sec total\n|\n|t:|1783543161\n|move|p1a: Clefable|Moonblast|p2a: Scrafty\n|-resisted|p2a: Scrafty\n|-damage|p2a: Scrafty|184/244\n|-unboost|p2a: Scrafty|spa|1\n|move|p2a: Scrafty|Drain Punch|p1a: Clefable\n|-resisted|p1a: Clefable\n|-damage|p1a: Clefable|73/100\n|-heal|p2a: Scrafty|205/244|[from] drain|[of] p1a: Clefable\n|\n|-heal|p2a: Scrafty|220/244|[from] item: Leftovers\n|upkeep\n|turn|66\n|inactive|Time left: 300 sec this turn | 300 sec total\n|\n|t:|1783543162\n|move|p1a: Clefable|Moonlight|p1a: Clefable\n|-heal|p1a: Clefable|100/100\n|move|p2a: Scrafty|Knock Off|p1a: Clefable\n|-resisted|p1a: Clefable\n|-damage|p1a: Clefable|87/100\n|\n|-heal|p2a: Scrafty|235/244|[from] item: Leftovers\n|upkeep\n|turn|67\n|inactive|Time left: 300 sec this turn | 300 sec total\n|\n|t:|1783543163\n|move|p1a: Clefable|Moonblast|p2a: Scrafty\n|-resisted|p2a: Scrafty\n|-damage|p2a: Scrafty|196/244\n|move|p2a: Scrafty|Knock Off|p1a: Clefable\n|-resisted|p1a: Clefable\n|-damage|p1a: Clefable|74/100\n|\n|-heal|p2a: Scrafty|211/244|[from] item: Leftovers\n|upkeep\n|turn|68\n|inactive|Time left: 300 sec this turn | 300 sec total\n|\n|t:|1783543164\n|move|p1a: Clefable|Moonblast|p2a: Scrafty\n|-resisted|p2a: Scrafty\n|-damage|p2a: Scrafty|172/244\n|move|p2a: Scrafty|Knock Off|p1a: Clefable\n|-resisted|p1a: Clefable\n|-damage|p1a: Clefable|62/100\n|\n|-heal|p2a: Scrafty|187/244|[from] item: Leftovers\n|upkeep\n|turn|69\n|inactive|Time left: 300 sec this turn | 300 sec total\n|\n|t:|1783543165\n|move|p1a: Clefable|Moonlight|p1a: Clefable\n|-heal|p1a: Clefable|100/100\n|move|p2a: Scrafty|Knock Off|p1a: Clefable\n|-resisted|p1a: Clefable\n|-damage|p1a: Clefable|87/100\n|\n|-heal|p2a: Scrafty|202/244|[from] item: Leftovers\n|upkeep\n|turn|70\n|inactive|Time left: 300 sec this turn | 300 sec total\n|\n|t:|1783543166\n|move|p1a: Clefable|Moonblast|p2a: Scrafty\n|-resisted|p2a: Scrafty\n|-damage|p2a: Scrafty|161/244\n|-unboost|p2a: Scrafty|spa|1\n|move|p2a: Scrafty|Knock Off|p1a: Clefable\n|-resisted|p1a: Clefable\n|-damage|p1a: Clefable|73/100\n|\n|-heal|p2a: Scrafty|176/244|[from] item: Leftovers\n|upkeep\n|turn|71\n|inactive|Time left: 300 sec this turn | 300 sec total\n|\n|t:|1783543167\n|move|p1a: Clefable|Moonblast|p2a: Scrafty\n|-resisted|p2a: Scrafty\n|-damage|p2a: Scrafty|138/244\n|-unboost|p2a: Scrafty|spa|1\n|move|p2a: Scrafty|Knock Off|p1a: Clefable\n|-resisted|p1a: Clefable\n|-damage|p1a: Clefable|61/100\n|\n|-heal|p2a: Scrafty|153/244|[from] item: Leftovers\n|upkeep\n|turn|72\n|inactive|Time left: 300 sec this turn | 300 sec total\n|\n|t:|1783543168\n|move|p1a: Clefable|Moonblast|p2a: Scrafty\n|-resisted|p2a: Scrafty\n|-damage|p2a: Scrafty|113/244\n|-unboost|p2a: Scrafty|spa|1\n|move|p2a: Scrafty|Rest|p2a: Scrafty\n|-status|p2a: Scrafty|slp|[from] move: Rest\n|-heal|p2a: Scrafty|244/244 slp|[silent]\n|\n|-activate|p2a: Scrafty|ability: Shed Skin\n|-curestatus|p2a: Scrafty|slp|[msg]\n|upkeep\n|turn|73\n|inactive|Time left: 300 sec this turn | 300 sec total\n|\n|t:|1783543169\n|move|p1a: Clefable|Fire Blast|p2a: Scrafty\n|-damage|p2a: Scrafty|181/244\n|move|p2a: Scrafty|Knock Off|p1a: Clefable\n|-resisted|p1a: Clefable\n|-damage|p1a: Clefable|49/100\n|\n|-heal|p2a: Scrafty|196/244|[from] item: Leftovers\n|upkeep\n|turn|74\n|inactive|Time left: 300 sec this turn | 300 sec total\n|\n|t:|1783543170\n|move|p1a: Clefable|Moonblast|p2a: Scrafty\n|-resisted|p2a: Scrafty\n|-crit|p2a: Scrafty\n|-damage|p2a: Scrafty|136/244\n|move|p2a: Scrafty|Knock Off|p1a: Clefable\n|-resisted|p1a: Clefable\n|-damage|p1a: Clefable|36/100\n|\n|-heal|p2a: Scrafty|151/244|[from] item: Leftovers\n|upkeep\n|turn|75\n|inactive|Time left: 300 sec this turn | 300 sec total\n|\n|t:|1783543172\n|move|p1a: Clefable|Moonblast|p2a: Scrafty\n|-resisted|p2a: Scrafty\n|-damage|p2a: Scrafty|111/244\n|move|p2a: Scrafty|Knock Off|p1a: Clefable\n|-resisted|p1a: Clefable\n|-damage|p1a: Clefable|24/100\n|\n|-heal|p2a: Scrafty|126/244|[from] item: Leftovers\n|upkeep\n|turn|76\n|inactive|Time left: 300 sec this turn | 300 sec total\n|\n|t:|1783543174\n|move|p1a: Clefable|Thunder Wave|p2a: Scrafty\n|-status|p2a: Scrafty|par\n|move|p2a: Scrafty|Knock Off|p1a: Clefable\n|-resisted|p1a: Clefable\n|-damage|p1a: Clefable|12/100\n|\n|-heal|p2a: Scrafty|141/244 par|[from] item: Leftovers\n|upkeep\n|turn|77\n|inactive|Time left: 300 sec this turn | 300 sec total\n|\n|t:|1783543175\n|move|p1a: Clefable|Moonblast|p2a: Scrafty\n|-resisted|p2a: Scrafty\n|-damage|p2a: Scrafty|99/244 par\n|move|p2a: Scrafty|Knock Off|p1a: Clefable\n|-resisted|p1a: Clefable\n|-damage|p1a: Clefable|0 fnt\n|faint|p1a: Clefable\n|\n|-heal|p2a: Scrafty|114/244 par|[from] item: Leftovers\n|upkeep\n|\n|t:|1783543176\n|switch|p1a: Probopass|Probopass, L91, F|100/100\n|turn|78\n|inactive|Time left: 300 sec this turn | 300 sec total\n|\n|t:|1783543177\n|move|p1a: Probopass|Iron Defense|p1a: Probopass\n|-boost|p1a: Probopass|def|2\n|move|p2a: Scrafty|Knock Off|p1a: Probopass\n|-damage|p1a: Probopass|64/100\n|-enditem|p1a: Probopass|Chesto Berry|[from] move: Knock Off|[of] p2a: Scrafty\n|\n|-heal|p2a: Scrafty|129/244 par|[from] item: Leftovers\n|upkeep\n|turn|79\n|inactive|Time left: 300 sec this turn | 300 sec total\n|\n|t:|1783543178\n|move|p1a: Probopass|Iron Defense|p1a: Probopass\n|-boost|p1a: Probopass|def|2\n|move|p2a: Scrafty|Knock Off|p1a: Probopass\n|-damage|p1a: Probopass|48/100\n|\n|-heal|p2a: Scrafty|144/244 par|[from] item: Leftovers\n|upkeep\n|turn|80\n|inactive|Time left: 300 sec this turn | 300 sec total\n|\n|t:|1783543179\n|move|p1a: Probopass|Power Gem|p2a: Scrafty\n|-damage|p2a: Scrafty|80/244 par\n|move|p2a: Scrafty|Knock Off|p1a: Probopass\n|-damage|p1a: Probopass|34/100\n|\n|-heal|p2a: Scrafty|95/244 par|[from] item: Leftovers\n|upkeep\n|turn|81\n|inactive|Time left: 300 sec this turn | 300 sec total\n|\n|t:|1783543181\n|move|p1a: Probopass|Power Gem|p2a: Scrafty\n|-damage|p2a: Scrafty|25/244 par\n|cant|p2a: Scrafty|par\n|\n|-heal|p2a: Scrafty|40/244 par|[from] item: Leftovers\n|upkeep\n|turn|82\n|inactive|Time left: 300 sec this turn | 300 sec total\n|\n|t:|1783543182\n|move|p1a: Probopass|Power Gem|p2a: Scrafty\n|-damage|p2a: Scrafty|0 fnt\n|faint|p2a: Scrafty\n|\n|upkeep\n|inactive|Time left: 300 sec this turn | 300 sec total | 5 sec grace\n|\n|t:|1783543183\n|switch|p2a: Tentacruel|Tentacruel, L84, F|178/272\n|turn|83\n|inactive|Time left: 300 sec this turn | 300 sec total\n|\n|t:|1783543184\n|switch|p1a: Brute Bonnet|Brute Bonnet, L80|100/100\n|move|p2a: Tentacruel|Surf|p1a: Brute Bonnet\n|-resisted|p1a: Brute Bonnet\n|-damage|p1a: Brute Bonnet|89/100\n|\n|-heal|p2a: Tentacruel|195/272|[from] item: Leftovers\n|-heal|p1a: Brute Bonnet|95/100|[from] item: Leftovers\n|upkeep\n|turn|84\n|inactive|Time left: 300 sec this turn | 300 sec total\n|\n|t:|1783543186\n|move|p2a: Tentacruel|Sludge Bomb|p1a: Brute Bonnet\n|-supereffective|p1a: Brute Bonnet\n|-damage|p1a: Brute Bonnet|45/100\n|-status|p1a: Brute Bonnet|psn\n|move|p1a: Brute Bonnet|Crunch|p2a: Tentacruel\n|-damage|p2a: Tentacruel|78/272\n|-unboost|p2a: Tentacruel|def|1\n|\n|-heal|p2a: Tentacruel|95/272|[from] item: Leftovers\n|-heal|p1a: Brute Bonnet|51/100 psn|[from] item: Leftovers\n|-damage|p1a: Brute Bonnet|38/100 psn|[from] psn\n|upkeep\n|turn|85\n|inactive|Time left: 300 sec this turn | 300 sec total\n|\n|t:|1783543187\n|move|p1a: Brute Bonnet|Sucker Punch|p2a: Tentacruel\n|-damage|p2a: Tentacruel|0 fnt\n|faint|p2a: Tentacruel\n|\n|-heal|p1a: Brute Bonnet|45/100 psn|[from] item: Leftovers\n|-damage|p1a: Brute Bonnet|32/100 psn|[from] psn\n|upkeep\n|inactive|Time left: 300 sec this turn | 300 sec total | 5 sec grace\n|\n|t:|1783543188\n|switch|p2a: Wyrdeer|Wyrdeer, L87, F|185/321\n|-ability|p2a: Wyrdeer|Intimidate|boost\n|-unboost|p1a: Brute Bonnet|atk|1\n|turn|86\n|inactive|Time left: 300 sec this turn | 300 sec total\n|\n|t:|1783543189\n|-end|p1a: Brute Bonnet|Protosynthesis|[silent]\n|switch|p1a: Probopass|Probopass, L91, F|34/100\n|move|p2a: Wyrdeer|Body Slam|p1a: Probopass\n|-resisted|p1a: Probopass\n|-damage|p1a: Probopass|28/100\n|\n|-heal|p2a: Wyrdeer|205/321|[from] item: Leftovers\n|upkeep\n|turn|87\n|inactive|Time left: 300 sec this turn | 300 sec total\n|\n|t:|1783543190\n|switch|p1a: Brute Bonnet|Brute Bonnet, L80|32/100 psn\n|move|p2a: Wyrdeer|Earthquake|p1a: Brute Bonnet\n|-resisted|p1a: Brute Bonnet\n|-damage|p1a: Brute Bonnet|21/100 psn\n|\n|-heal|p2a: Wyrdeer|225/321|[from] item: Leftovers\n|-heal|p1a: Brute Bonnet|27/100 psn|[from] item: Leftovers\n|-damage|p1a: Brute Bonnet|15/100 psn|[from] psn\n|upkeep\n|turn|88\n|inactive|Time left: 300 sec this turn | 300 sec total\n|\n|t:|1783543191\n|-end|p1a: Brute Bonnet|Protosynthesis|[silent]\n|switch|p1a: Probopass|Probopass, L91, F|28/100\n|move|p2a: Wyrdeer|Body Slam|p1a: Probopass\n|-resisted|p1a: Probopass\n|-damage|p1a: Probopass|22/100\n|-status|p1a: Probopass|par\n|\n|-heal|p2a: Wyrdeer|245/321|[from] item: Leftovers\n|upkeep\n|turn|89\n|inactive|Time left: 300 sec this turn | 300 sec total\n|\n|t:|1783543192\n|switch|p1a: Brute Bonnet|Brute Bonnet, L80|15/100 psn\n|move|p2a: Wyrdeer|Earthquake|p1a: Brute Bonnet\n|-resisted|p1a: Brute Bonnet\n|-damage|p1a: Brute Bonnet|2/100 psn\n|\n|-heal|p2a: Wyrdeer|265/321|[from] item: Leftovers\n|-heal|p1a: Brute Bonnet|8/100 psn|[from] item: Leftovers\n|-damage|p1a: Brute Bonnet|0 fnt|[from] psn\n|faint|p1a: Brute Bonnet\n|-end|p1a: Brute Bonnet|Protosynthesis|[silent]\n|upkeep\n|\n|t:|1783543193\n|switch|p1a: Probopass|Probopass, L91, F|22/100 par\n|turn|90\n|inactive|Time left: 300 sec this turn | 300 sec total\n|\n|t:|1783543193\n|move|p2a: Wyrdeer|Earthquake|p1a: Probopass\n|-supereffective|p1a: Probopass\n|-damage|p1a: Probopass|0 fnt\n|faint|p1a: Probopass\n|\n|win|p0y302853d", "uploadtime": 1783543194, "views": 0, "rating": 0, "private": 0, "password": null, "_winner": "p0y302853d", "_our_name": "p0y302853d"}