{"id": "battle-gen9randombattle-1636", "formatid": "gen9randombattle", "format": "[Gen 9] Random Battle", "players": ["p0x16358753", "p0y16350085"], "log": "|init|battle\n|title|p0x16358753 vs. p0y16350085\n|j|\u2606p0x16358753\n|j|\u2606p0y16350085\n|t:|1783558191\n|gametype|singles\n|player|p1|p0x16358753|169|\n|player|p2|p0y16350085|169|\n|gen|9\n|tier|[Gen 9] Random Battle\n|rule|Species Clause: Limit one of each Pok\u00e9mon\n|rule|HP Percentage Mod: HP is shown in percentages\n|rule|Sleep Clause Mod: Limit one foe put to sleep\n|rule|Illusion Level Mod: Illusion disguises the Pok\u00e9mon's true level\n|\n|t:|1783558191\n|teamsize|p1|6\n|teamsize|p2|6\n|start\n|switch|p1a: Deoxys|Deoxys-Defense, L84|221/221\n|switch|p2a: Sunflora|Sunflora, F|100/100\n|-ability|p1a: Deoxys|Pressure\n|turn|1\n|inactive|Battle timer is ON: inactive players will automatically lose when time's up. (requested by p0y16350085)\n|inactive|Time left: 300 sec this turn | 300 sec total | 60 sec grace\n|inactive|p0x16358753 also wants the timer to be on.\n|\n|t:|1783558192\n|move|p1a: Deoxys|Stealth Rock|p2a: Sunflora\n|-sidestart|p2: p0y16350085|move: Stealth Rock\n|move|p2a: Sunflora|Dazzling Gleam|p1a: Deoxys\n|-damage|p1a: Deoxys|145/221\n|\n|-heal|p1a: Deoxys|158/221|[from] item: Leftovers\n|upkeep\n|turn|2\n|inactive|Time left: 300 sec this turn | 300 sec total\n|\n|t:|1783558193\n|switch|p1a: Slaking|Slaking, L84, M|389/389\n|move|p2a: Sunflora|Dazzling Gleam|p1a: Slaking\n|-damage|p1a: Slaking|237/389\n|\n|upkeep\n|turn|3\n|inactive|Time left: 300 sec this turn | 300 sec total\n|\n|t:|1783558194\n|move|p1a: Slaking|Giga Impact|p2a: Sunflora\n|-damage|p2a: Sunflora|0 fnt\n|-mustrecharge|p1a: Slaking\n|faint|p2a: Sunflora\n|\n|upkeep\n|\n|t:|1783558195\n|switch|p2a: Hawlucha|Hawlucha, L80, F|100/100\n|-damage|p2a: Hawlucha|88/100|[from] Stealth Rock\n|turn|4\n|inactive|Time left: 300 sec this turn | 300 sec total\n|\n|t:|1783558197\n|move|p2a: Hawlucha|Close Combat|p1a: Slaking\n|-supereffective|p1a: Slaking\n|-damage|p1a: Slaking|51/389\n|-unboost|p2a: Hawlucha|def|1\n|-unboost|p2a: Hawlucha|spd|1\n|-enditem|p2a: Hawlucha|White Herb\n|-clearnegativeboost|p2a: Hawlucha|[silent]\n|cant|p1a: Slaking|recharge\n|\n|upkeep\n|turn|5\n|inactive|Time left: 300 sec this turn | 300 sec total\n|\n|t:|1783558197\n|move|p2a: Hawlucha|Acrobatics|p1a: Slaking\n|-damage|p1a: Slaking|0 fnt\n|faint|p1a: Slaking\n|\n|upkeep\n|inactive|Time left: 300 sec this turn | 300 sec total | 5 sec grace\n|\n|t:|1783558199\n|switch|p1a: Pelipper|Pelipper, L86, M|243/243\n|-weather|RainDance|[from] ability: Drizzle|[of] p1a: Pelipper\n|turn|6\n|inactive|Time left: 300 sec this turn | 300 sec total\n|\n|t:|1783558199\n|switch|p2a: Farigiraf|Farigiraf, L90, F|100/100\n|-damage|p2a: Farigiraf|88/100|[from] Stealth Rock\n|move|p1a: Pelipper|Weather Ball|p2a: Farigiraf\n|-damage|p2a: Farigiraf|18/100\n|\n|-weather|RainDance|[upkeep]\n|-heal|p2a: Farigiraf|25/100|[from] item: Leftovers\n|upkeep\n|turn|7\n|inactive|Time left: 300 sec this turn | 300 sec total\n|\n|t:|1783558201\n|move|p2a: Farigiraf|Protect|p2a: Farigiraf\n|-singleturn|p2a: Farigiraf|Protect\n|move|p1a: Pelipper|Weather Ball|p2a: Farigiraf\n|-activate|p2a: Farigiraf|move: Protect\n|\n|-weather|RainDance|[upkeep]\n|-heal|p2a: Farigiraf|31/100|[from] item: Leftovers\n|upkeep\n|turn|8\n|inactive|Time left: 300 sec this turn | 300 sec total\n|\n|t:|1783558201\n|move|p2a: Farigiraf|Protect||[still]\n|-fail|p2a: Farigiraf\n|move|p1a: Pelipper|Weather Ball|p2a: Farigiraf\n|-damage|p2a: Farigiraf|0 fnt\n|faint|p2a: Farigiraf\n|\n|-weather|RainDance|[upkeep]\n|upkeep\n|\n|t:|1783558202\n|switch|p2a: Zebstrika|Zebstrika, L87, F|100/100\n|-damage|p2a: Zebstrika|88/100|[from] Stealth Rock\n|turn|9\n|inactive|Time left: 300 sec this turn | 300 sec total\n|\n|t:|1783558203\n|switch|p1a: Deoxys|Deoxys-Defense, L84|158/221\n|-ability|p1a: Deoxys|Pressure\n|move|p2a: Zebstrika|Supercell Slam|p1a: Deoxys\n|-damage|p1a: Deoxys|71/221\n|-damage|p2a: Zebstrika|78/100|[from] item: Life Orb\n|\n|-weather|RainDance|[upkeep]\n|-heal|p1a: Deoxys|84/221|[from] item: Leftovers\n|upkeep\n|turn|10\n|inactive|Time left: 300 sec this turn | 300 sec total\n|\n|t:|1783558204\n|move|p2a: Zebstrika|Supercell Slam|p1a: Deoxys\n|-damage|p1a: Deoxys|0 fnt\n|faint|p1a: Deoxys\n|-damage|p2a: Zebstrika|68/100|[from] item: Life Orb\n|\n|-weather|none\n|upkeep\n|inactive|Time left: 300 sec this turn | 300 sec total | 5 sec grace\n|\n|t:|1783558205\n|switch|p1a: Ho-Oh|Ho-Oh, L71|268/268\n|turn|11\n|inactive|Time left: 300 sec this turn | 300 sec total\n|\n|t:|1783558207\n|-terastallize|p1a: Ho-Oh|Ground\n|move|p2a: Zebstrika|Supercell Slam|p1a: Ho-Oh\n|-immune|p1a: Ho-Oh\n|-damage|p2a: Zebstrika|18/100|[from] supercellslam\n|move|p1a: Ho-Oh|Earthquake|p2a: Zebstrika\n|-supereffective|p2a: Zebstrika\n|-damage|p2a: Zebstrika|0 fnt\n|faint|p2a: Zebstrika\n|\n|upkeep\n|\n|t:|1783558208\n|switch|p2a: Slither Wing|Slither Wing, L81|100/100\n|-damage|p2a: Slither Wing|88/100|[from] Stealth Rock\n|-enditem|p2a: Slither Wing|Booster Energy\n|-activate|p2a: Slither Wing|ability: Protosynthesis|[fromitem]\n|-start|p2a: Slither Wing|protosynthesisatk\n|turn|12\n|inactive|Time left: 300 sec this turn | 300 sec total\n|\n|t:|1783558209\n|-terastallize|p2a: Slither Wing|Flying\n|move|p2a: Slither Wing|Bulk Up|p2a: Slither Wing\n|-boost|p2a: Slither Wing|atk|1\n|-boost|p2a: Slither Wing|def|1\n|move|p1a: Ho-Oh|Sacred Fire|p2a: Slither Wing\n|-damage|p2a: Slither Wing|60/100\n|\n|upkeep\n|turn|13\n|inactive|Time left: 300 sec this turn | 300 sec total\n|\n|t:|1783558210\n|switch|p1a: Arcanine|Arcanine-Hisui, L79, F|279/279\n|move|p2a: Slither Wing|Acrobatics|p1a: Arcanine\n|-resisted|p1a: Arcanine\n|-damage|p1a: Arcanine|114/279\n|\n|upkeep\n|turn|14\n|inactive|Time left: 300 sec this turn | 300 sec total\n|\n|t:|1783558211\n|move|p1a: Arcanine|Head Smash|p2a: Slither Wing\n|-supereffective|p2a: Slither Wing\n|-damage|p2a: Slither Wing|0 fnt\n|faint|p2a: Slither Wing\n|-end|p2a: Slither Wing|Protosynthesis|[silent]\n|\n|upkeep\n|\n|t:|1783558212\n|switch|p2a: Hawlucha|Hawlucha, L80, F|88/100\n|-damage|p2a: Hawlucha|75/100|[from] Stealth Rock\n|turn|15\n|inactive|Time left: 300 sec this turn | 300 sec total\n|\n|t:|1783558213\n|move|p2a: Hawlucha|Throat Chop|p1a: Arcanine\n|-damage|p1a: Arcanine|56/279\n|-start|p1a: Arcanine|Throat Chop|[silent]\n|move|p1a: Arcanine|Head Smash|p2a: Hawlucha\n|-damage|p2a: Hawlucha|0 fnt\n|faint|p2a: Hawlucha\n|\n|upkeep\n|\n|t:|1783558214\n|switch|p2a: Honchkrow|Honchkrow, L86, M|100/100\n|turn|16\n|inactive|Time left: 300 sec this turn | 300 sec total\n|\n|t:|1783558215\n|move|p1a: Arcanine|Head Smash|p2a: Honchkrow\n|-supereffective|p2a: Honchkrow\n|-damage|p2a: Honchkrow|0 fnt\n|faint|p2a: Honchkrow\n|\n|win|p0x16358753", "uploadtime": 1783558215, "views": 0, "rating": 0, "private": 0, "password": null, "_winner": "p0x16358753", "_our_name": "p0x16358753"}