{"id": "battle-gen9randombattle-2158", "formatid": "gen9randombattle", "format": "[Gen 9] Random Battle", "players": ["p0x2158e498", "p0y2158fe26"], "log": "|init|battle\n|title|p0x2158e498 vs. p0y2158fe26\n|j|\u2606p0x2158e498\n|j|\u2606p0y2158fe26\n|t:|1783564160\n|gametype|singles\n|player|p1|p0x2158e498|102|\n|player|p2|p0y2158fe26|102|\n|gen|9\n|tier|[Gen 9] Random Battle\n|rule|Species Clause: Limit one of each Pok\u00e9mon\n|rule|HP Percentage Mod: HP is shown in percentages\n|rule|Sleep Clause Mod: Limit one foe put to sleep\n|rule|Illusion Level Mod: Illusion disguises the Pok\u00e9mon's true level\n|\n|t:|1783564160\n|teamsize|p1|6\n|teamsize|p2|6\n|start\n|switch|p1a: Reuniclus|Reuniclus, L88, M|100/100\n|switch|p2a: Breloom|Breloom, L83, F|235/235\n|turn|1\n|inactive|Battle timer is ON: inactive players will automatically lose when time's up. (requested by p0y2158fe26)\n|\n|t:|1783564161\n|switch|p2a: Rabsca|Rabsca, L91, F|284/284\n|move|p1a: Reuniclus|Psychic|p2a: Rabsca\n|-resisted|p2a: Rabsca\n|-damage|p2a: Rabsca|219/284\n|\n|upkeep\n|turn|2\n|inactive|Time left: 300 sec this turn | 300 sec total\n|inactive|p0x2158e498 also wants the timer to be on.\n|\n|t:|1783564162\n|move|p1a: Reuniclus|Calm Mind|p1a: Reuniclus\n|-boost|p1a: Reuniclus|spa|1\n|-boost|p1a: Reuniclus|spd|1\n|move|p2a: Rabsca|Bug Buzz|p1a: Reuniclus\n|-supereffective|p1a: Reuniclus\n|-damage|p1a: Reuniclus|55/100\n|\n|upkeep\n|turn|3\n|inactive|Time left: 300 sec this turn | 300 sec total\n|\n|t:|1783564163\n|move|p1a: Reuniclus|Recover|p1a: Reuniclus\n|-heal|p1a: Reuniclus|100/100\n|move|p2a: Rabsca|Bug Buzz|p1a: Reuniclus\n|-supereffective|p1a: Reuniclus\n|-damage|p1a: Reuniclus|48/100\n|\n|upkeep\n|turn|4\n|inactive|Time left: 300 sec this turn | 300 sec total\n|\n|t:|1783564164\n|-terastallize|p1a: Reuniclus|Steel\n|move|p1a: Reuniclus|Recover|p1a: Reuniclus\n|-heal|p1a: Reuniclus|98/100\n|move|p2a: Rabsca|Bug Buzz|p1a: Reuniclus\n|-resisted|p1a: Reuniclus\n|-damage|p1a: Reuniclus|86/100\n|\n|upkeep\n|turn|5\n|inactive|Time left: 300 sec this turn | 300 sec total\n|\n|t:|1783564165\n|move|p1a: Reuniclus|Psychic|p2a: Rabsca\n|-resisted|p2a: Rabsca\n|-damage|p2a: Rabsca|116/284\n|move|p2a: Rabsca|Bug Buzz|p1a: Reuniclus\n|-resisted|p1a: Reuniclus\n|-damage|p1a: Reuniclus|74/100\n|\n|upkeep\n|turn|6\n|inactive|Time left: 300 sec this turn | 300 sec total\n|\n|t:|1783564166\n|move|p1a: Reuniclus|Psychic|p2a: Rabsca\n|-resisted|p2a: Rabsca\n|-damage|p2a: Rabsca|12/284\n|-unboost|p2a: Rabsca|spd|1\n|move|p2a: Rabsca|Bug Buzz|p1a: Reuniclus\n|-resisted|p1a: Reuniclus\n|-damage|p1a: Reuniclus|61/100\n|-unboost|p1a: Reuniclus|spd|1\n|\n|upkeep\n|turn|7\n|inactive|Time left: 300 sec this turn | 300 sec total\n|\n|t:|1783564167\n|move|p1a: Reuniclus|Recover|p1a: Reuniclus\n|-heal|p1a: Reuniclus|100/100\n|move|p2a: Rabsca|Psychic|p1a: Reuniclus\n|-resisted|p1a: Reuniclus\n|-damage|p1a: Reuniclus|82/100\n|\n|upkeep\n|turn|8\n|inactive|Time left: 300 sec this turn | 300 sec total\n|\n|t:|1783564168\n|move|p1a: Reuniclus|Psychic|p2a: Rabsca\n|-resisted|p2a: Rabsca\n|-damage|p2a: Rabsca|0 fnt\n|faint|p2a: Rabsca\n|\n|upkeep\n|inactive|Time left: 300 sec this turn | 300 sec total | 5 sec grace\n|\n|t:|1783564169\n|switch|p2a: Iron Thorns|Iron Thorns, L83|302/302\n|-enditem|p2a: Iron Thorns|Booster Energy\n|-activate|p2a: Iron Thorns|ability: Quark Drive|[fromitem]\n|-start|p2a: Iron Thorns|quarkdriveatk\n|turn|9\n|inactive|Time left: 300 sec this turn | 300 sec total\n|\n|t:|1783564170\n|-terastallize|p2a: Iron Thorns|Ground\n|move|p2a: Iron Thorns|Earthquake|p1a: Reuniclus\n|-supereffective|p1a: Reuniclus\n|-damage|p1a: Reuniclus|0 fnt\n|faint|p1a: Reuniclus\n|\n|upkeep\n|\n|t:|1783564171\n|switch|p1a: Gastrodon|Gastrodon, L86, M|100/100\n|turn|10\n|inactive|Time left: 300 sec this turn | 300 sec total\n|\n|t:|1783564172\n|move|p2a: Iron Thorns|Earthquake|p1a: Gastrodon\n|-damage|p1a: Gastrodon|42/100\n|move|p1a: Gastrodon|Ice Beam|p2a: Iron Thorns\n|-supereffective|p2a: Iron Thorns\n|-damage|p2a: Iron Thorns|174/302\n|\n|-heal|p1a: Gastrodon|48/100|[from] item: Leftovers\n|upkeep\n|turn|11\n|inactive|Time left: 300 sec this turn | 300 sec total\n|\n|t:|1783564173\n|switch|p1a: Noivern|Noivern, L82, F|100/100\n|move|p2a: Iron Thorns|Earthquake|p1a: Noivern\n|-immune|p1a: Noivern\n|\n|upkeep\n|turn|12\n|inactive|Time left: 300 sec this turn | 300 sec total\n|\n|t:|1783564175\n|move|p1a: Noivern|Draco Meteor|p2a: Iron Thorns|[miss]\n|-miss|p1a: Noivern|p2a: Iron Thorns\n|move|p2a: Iron Thorns|Stone Edge|p1a: Noivern\n|-supereffective|p1a: Noivern\n|-damage|p1a: Noivern|0 fnt\n|faint|p1a: Noivern\n|\n|upkeep\n|\n|t:|1783564176\n|switch|p1a: Iron Valiant|Iron Valiant, L78|100/100\n|turn|13\n|inactive|Time left: 300 sec this turn | 300 sec total\n|\n|t:|1783564177\n|move|p1a: Iron Valiant|Moonblast|p2a: Iron Thorns\n|-damage|p2a: Iron Thorns|41/302\n|-unboost|p2a: Iron Thorns|spa|1\n|-damage|p1a: Iron Valiant|91/100|[from] item: Life Orb\n|move|p2a: Iron Thorns|Dragon Dance|p2a: Iron Thorns\n|-boost|p2a: Iron Thorns|atk|1\n|-boost|p2a: Iron Thorns|spe|1\n|\n|upkeep\n|turn|14\n|inactive|Time left: 300 sec this turn | 300 sec total\n|\n|t:|1783564178\n|-end|p1a: Iron Valiant|Quark Drive|[silent]\n|switch|p1a: Gastrodon|Gastrodon, L86, M|48/100\n|move|p2a: Iron Thorns|Earthquake|p1a: Gastrodon\n|-damage|p1a: Gastrodon|0 fnt\n|faint|p1a: Gastrodon\n|\n|upkeep\n|\n|t:|1783564179\n|switch|p1a: Regirock|Regirock, L83|100/100\n|turn|15\n|inactive|Time left: 300 sec this turn | 300 sec total\n|\n|t:|1783564180\n|move|p2a: Iron Thorns|Earthquake|p1a: Regirock\n|-supereffective|p1a: Regirock\n|-damage|p1a: Regirock|4/100\n|move|p1a: Regirock|Body Press|p2a: Iron Thorns\n|-damage|p2a: Iron Thorns|0 fnt\n|faint|p2a: Iron Thorns\n|-end|p2a: Iron Thorns|Quark Drive|[silent]\n|\n|-heal|p1a: Regirock|10/100|[from] item: Leftovers\n|upkeep\n|inactive|Time left: 300 sec this turn | 300 sec total | 5 sec grace\n|\n|t:|1783564181\n|switch|p2a: Oricorio|Oricorio-Sensu, L85, F|266/266\n|turn|16\n|inactive|Time left: 300 sec this turn | 300 sec total\n|\n|t:|1783564182\n|switch|p1a: Roaring Moon|Roaring Moon, L72|100/100\n|move|p2a: Oricorio|Revelation Dance|p1a: Roaring Moon\n|-resisted|p1a: Roaring Moon\n|-damage|p1a: Roaring Moon|81/100\n|\n|upkeep\n|turn|17\n|inactive|Time left: 300 sec this turn | 300 sec total\n|\n|t:|1783564183\n|switch|p2a: Zamazenta|Zamazenta, L71|248/248\n|-ability|p2a: Zamazenta|Dauntless Shield|boost\n|-boost|p2a: Zamazenta|def|1\n|move|p1a: Roaring Moon|Outrage|p2a: Zamazenta\n|-damage|p2a: Zamazenta|128/248\n|\n|upkeep\n|turn|18\n|inactive|Time left: 300 sec this turn | 300 sec total\n|\n|t:|1783564184\n|move|p2a: Zamazenta|Body Press|p1a: Roaring Moon\n|-supereffective|p1a: Roaring Moon\n|-damage|p1a: Roaring Moon|0 fnt\n|faint|p1a: Roaring Moon\n|-end|p1a: Roaring Moon|Protosynthesis|[silent]\n|\n|upkeep\n|\n|t:|1783564185\n|switch|p1a: Iron Valiant|Iron Valiant, L78|91/100\n|turn|19\n|inactive|Time left: 300 sec this turn | 300 sec total\n|\n|t:|1783564186\n|move|p2a: Zamazenta|Body Press|p1a: Iron Valiant\n|-resisted|p1a: Iron Valiant\n|-damage|p1a: Iron Valiant|69/100\n|move|p1a: Iron Valiant|Moonblast|p2a: Zamazenta\n|-supereffective|p2a: Zamazenta\n|-damage|p2a: Zamazenta|0 fnt\n|faint|p2a: Zamazenta\n|-damage|p1a: Iron Valiant|60/100|[from] item: Life Orb\n|\n|upkeep\n|inactive|Time left: 300 sec this turn | 300 sec total | 5 sec grace\n|\n|t:|1783564187\n|switch|p2a: Oricorio|Oricorio-Sensu, L85, F|266/266\n|turn|20\n|inactive|Time left: 300 sec this turn | 300 sec total\n|\n|t:|1783564188\n|move|p1a: Iron Valiant|Moonblast|p2a: Oricorio\n|-damage|p2a: Oricorio|98/266\n|-damage|p1a: Iron Valiant|50/100|[from] item: Life Orb\n|move|p2a: Oricorio|Revelation Dance|p1a: Iron Valiant\n|-damage|p1a: Iron Valiant|0 fnt\n|faint|p1a: Iron Valiant\n|-end|p1a: Iron Valiant|Quark Drive|[silent]\n|\n|upkeep\n|\n|t:|1783564189\n|switch|p1a: Regirock|Regirock, L83|10/100\n|turn|21\n|inactive|Time left: 300 sec this turn | 300 sec total\n|\n|t:|1783564190\n|move|p2a: Oricorio|Revelation Dance|p1a: Regirock\n|-damage|p1a: Regirock|0 fnt\n|faint|p1a: Regirock\n|\n|win|p0y2158fe26", "uploadtime": 1783564190, "views": 0, "rating": 0, "private": 0, "password": null, "_winner": "p0y2158fe26", "_our_name": "p0y2158fe26"}