{"id": "battle-gen9randombattle-1886", "formatid": "gen9randombattle", "format": "[Gen 9] Random Battle", "players": ["p0x1886a78d", "p0y18861063"], "log": "|init|battle\n|title|p0x1886a78d vs. p0y18861063\n|j|\u2606p0x1886a78d\n|j|\u2606p0y18861063\n|t:|1783561067\n|gametype|singles\n|player|p1|p0x1886a78d|169|\n|player|p2|p0y18861063|102|\n|gen|9\n|tier|[Gen 9] Random Battle\n|rule|Species Clause: Limit one of each Pok\u00e9mon\n|rule|HP Percentage Mod: HP is shown in percentages\n|rule|Sleep Clause Mod: Limit one foe put to sleep\n|rule|Illusion Level Mod: Illusion disguises the Pok\u00e9mon's true level\n|\n|t:|1783561067\n|teamsize|p1|6\n|teamsize|p2|6\n|start\n|switch|p1a: Deoxys|Deoxys-Attack, L72|100/100\n|switch|p2a: Skuntank|Skuntank, L84, M|310/310\n|-ability|p1a: Deoxys|Pressure\n|turn|1\n|inactive|Battle timer is ON: inactive players will automatically lose when time's up. (requested by p0y18861063)\n|inactive|p0x1886a78d also wants the timer to be on.\n|\n|t:|1783561068\n|switch|p1a: Persian|Persian-Alola, L86, F|100/100\n|move|p2a: Skuntank|Knock Off|p1a: Persian\n|-resisted|p1a: Persian\n|-damage|p1a: Persian|87/100\n|-enditem|p1a: Persian|Heavy-Duty Boots|[from] move: Knock Off|[of] p2a: Skuntank\n|\n|upkeep\n|turn|2\n|inactive|Time left: 300 sec this turn | 300 sec total\n|\n|t:|1783561069\n|switch|p2a: Ursaluna|Ursaluna, L79, F|335/335\n|move|p1a: Persian|Thunder Wave|p2a: Ursaluna\n|-immune|p2a: Ursaluna\n|\n|-status|p2a: Ursaluna|brn|[from] item: Flame Orb\n|upkeep\n|turn|3\n|inactive|Time left: 300 sec this turn | 300 sec total\n|\n|t:|1783561070\n|move|p1a: Persian|Knock Off|p2a: Ursaluna\n|-damage|p2a: Ursaluna|262/335 brn\n|-enditem|p2a: Ursaluna|Flame Orb|[from] move: Knock Off|[of] p1a: Persian\n|move|p2a: Ursaluna|Facade|p1a: Persian\n|-damage|p1a: Persian|22/100\n|\n|-damage|p2a: Ursaluna|242/335 brn|[from] brn\n|upkeep\n|turn|4\n|inactive|Time left: 300 sec this turn | 300 sec total\n|\n|t:|1783561071\n|move|p1a: Persian|Parting Shot|p2a: Ursaluna\n|-unboost|p2a: Ursaluna|atk|1\n|-unboost|p2a: Ursaluna|spa|1\n|\n|t:|1783561072\n|switch|p1a: Grimmsnarl|Grimmsnarl, L83, M|100/100|[from] Parting Shot\n|move|p2a: Ursaluna|Facade|p1a: Grimmsnarl\n|-damage|p1a: Grimmsnarl|28/100\n|\n|-heal|p1a: Grimmsnarl|34/100|[from] item: Leftovers\n|-damage|p2a: Ursaluna|222/335 brn|[from] brn\n|upkeep\n|turn|5\n|inactive|Time left: 300 sec this turn | 300 sec total\n|\n|t:|1783561073\n|move|p1a: Grimmsnarl|Spirit Break|p2a: Ursaluna\n|-damage|p2a: Ursaluna|129/335 brn\n|-unboost|p2a: Ursaluna|spa|1\n|move|p2a: Ursaluna|Facade|p1a: Grimmsnarl\n|-damage|p1a: Grimmsnarl|0 fnt\n|faint|p1a: Grimmsnarl\n|\n|-damage|p2a: Ursaluna|109/335 brn|[from] brn\n|upkeep\n|\n|t:|1783561074\n|switch|p1a: Galvantula|Galvantula, L82, M|100/100\n|turn|6\n|inactive|Time left: 300 sec this turn | 300 sec total\n|\n|t:|1783561076\n|switch|p2a: Hitmontop|Hitmontop, L88, M|231/231\n|move|p1a: Galvantula|Sticky Web|p2a: Hitmontop\n|-sidestart|p2: p0y18861063|move: Sticky Web\n|\n|upkeep\n|turn|7\n|inactive|Time left: 300 sec this turn | 300 sec total\n|\n|t:|1783561077\n|move|p1a: Galvantula|Thunder|p2a: Hitmontop\n|-damage|p2a: Hitmontop|134/231\n|-status|p2a: Hitmontop|par\n|cant|p2a: Hitmontop|par\n|\n|-heal|p2a: Hitmontop|148/231 par|[from] item: Leftovers\n|upkeep\n|turn|8\n|inactive|Time left: 300 sec this turn | 300 sec total\n|\n|t:|1783561078\n|move|p1a: Galvantula|Thunder|p2a: Hitmontop\n|-damage|p2a: Hitmontop|58/231 par\n|move|p2a: Hitmontop|Rapid Spin|p1a: Galvantula\n|-damage|p1a: Galvantula|70/100\n|-boost|p2a: Hitmontop|spe|1\n|-sideend|p2: p0y18861063|Sticky Web|[from] move: Rapid Spin|[of] p2a: Hitmontop\n|\n|-heal|p2a: Hitmontop|72/231 par|[from] item: Leftovers\n|upkeep\n|turn|9\n|inactive|Time left: 300 sec this turn | 300 sec total\n|\n|t:|1783561079\n|move|p1a: Galvantula|Thunder|p2a: Hitmontop\n|-damage|p2a: Hitmontop|0 fnt\n|faint|p2a: Hitmontop\n|\n|upkeep\n|inactive|Time left: 300 sec this turn | 300 sec total | 5 sec grace\n|\n|t:|1783561080\n|switch|p2a: Politoed|Politoed, L88, M|302/302\n|-weather|RainDance|[from] ability: Drizzle|[of] p2a: Politoed\n|turn|10\n|inactive|Time left: 300 sec this turn | 300 sec total\n|\n|t:|1783561081\n|move|p1a: Galvantula|Sticky Web|p2a: Politoed\n|-sidestart|p2: p0y18861063|move: Sticky Web\n|move|p2a: Politoed|Surf|p1a: Galvantula\n|-damage|p1a: Galvantula|0 fnt\n|faint|p1a: Galvantula\n|\n|-weather|RainDance|[upkeep]\n|upkeep\n|\n|t:|1783561082\n|switch|p1a: Chansey|Chansey, L85, F|100/100\n|turn|11\n|inactive|Time left: 300 sec this turn | 300 sec total\n|\n|t:|1783561083\n|move|p2a: Politoed|Surf|p1a: Chansey\n|-damage|p1a: Chansey|86/100\n|move|p1a: Chansey|Stealth Rock|p2a: Politoed\n|-sidestart|p2: p0y18861063|move: Stealth Rock\n|\n|-weather|RainDance|[upkeep]\n|upkeep\n|turn|12\n|inactive|Time left: 300 sec this turn | 300 sec total\n|\n|t:|1783561084\n|move|p2a: Politoed|Ice Beam|p1a: Chansey\n|-damage|p1a: Chansey|78/100\n|move|p1a: Chansey|Thunder Wave|p2a: Politoed\n|-status|p2a: Politoed|par\n|\n|-weather|RainDance|[upkeep]\n|upkeep\n|turn|13\n|inactive|Time left: 300 sec this turn | 300 sec total\n|\n|t:|1783561085\n|move|p1a: Chansey|Seismic Toss|p2a: Politoed\n|-damage|p2a: Politoed|217/302 par\n|move|p2a: Politoed|Surf|p1a: Chansey\n|-damage|p1a: Chansey|63/100\n|\n|-weather|RainDance|[upkeep]\n|upkeep\n|turn|14\n|inactive|Time left: 300 sec this turn | 300 sec total\n|\n|t:|1783561086\n|move|p1a: Chansey|Soft-Boiled|p1a: Chansey\n|-heal|p1a: Chansey|100/100\n|move|p2a: Politoed|Rest|p2a: Politoed\n|-status|p2a: Politoed|slp|[from] move: Rest\n|-heal|p2a: Politoed|302/302 slp|[silent]\n|-enditem|p2a: Politoed|Chesto Berry|[eat]\n|-curestatus|p2a: Politoed|slp|[msg]\n|\n|-weather|none\n|upkeep\n|turn|15\n|inactive|Time left: 300 sec this turn | 300 sec total\n|\n|t:|1783561087\n|move|p2a: Politoed|Ice Beam|p1a: Chansey\n|-damage|p1a: Chansey|94/100\n|move|p1a: Chansey|Seismic Toss|p2a: Politoed\n|-damage|p2a: Politoed|217/302\n|\n|upkeep\n|turn|16\n|inactive|Time left: 300 sec this turn | 300 sec total\n|\n|t:|1783561088\n|move|p2a: Politoed|Surf|p1a: Chansey\n|-damage|p1a: Chansey|84/100\n|move|p1a: Chansey|Seismic Toss|p2a: Politoed\n|-damage|p2a: Politoed|132/302\n|\n|upkeep\n|turn|17\n|inactive|Time left: 300 sec this turn | 300 sec total\n|\n|t:|1783561089\n|move|p2a: Politoed|Surf|p1a: Chansey\n|-damage|p1a: Chansey|73/100\n|move|p1a: Chansey|Seismic Toss|p2a: Politoed\n|-damage|p2a: Politoed|47/302\n|\n|upkeep\n|turn|18\n|inactive|Time left: 300 sec this turn | 300 sec total\n|\n|t:|1783561090\n|move|p2a: Politoed|Rest|p2a: Politoed\n|-status|p2a: Politoed|slp|[from] move: Rest\n|-heal|p2a: Politoed|302/302 slp|[silent]\n|move|p1a: Chansey|Seismic Toss|p2a: Politoed\n|-damage|p2a: Politoed|217/302 slp\n|\n|upkeep\n|turn|19\n|inactive|Time left: 300 sec this turn | 300 sec total\n|\n|t:|1783561091\n|cant|p2a: Politoed|slp\n|move|p1a: Chansey|Seismic Toss|p2a: Politoed\n|-damage|p2a: Politoed|132/302 slp\n|\n|upkeep\n|turn|20\n|inactive|Time left: 300 sec this turn | 300 sec total\n|\n|t:|1783561092\n|cant|p2a: Politoed|slp\n|move|p1a: Chansey|Seismic Toss|p2a: Politoed\n|-damage|p2a: Politoed|47/302 slp\n|\n|upkeep\n|turn|21\n|inactive|Time left: 300 sec this turn | 300 sec total\n|\n|t:|1783561093\n|-curestatus|p2a: Politoed|slp|[msg]\n|move|p2a: Politoed|Rest|p2a: Politoed\n|-status|p2a: Politoed|slp|[from] move: Rest\n|-heal|p2a: Politoed|302/302 slp|[silent]\n|move|p1a: Chansey|Seismic Toss|p2a: Politoed\n|-damage|p2a: Politoed|217/302 slp\n|\n|upkeep\n|turn|22\n|inactive|Time left: 300 sec this turn | 300 sec total\n|\n|t:|1783561094\n|cant|p2a: Politoed|slp\n|move|p1a: Chansey|Soft-Boiled|p1a: Chansey\n|-heal|p1a: Chansey|100/100\n|\n|upkeep\n|turn|23\n|inactive|Time left: 300 sec this turn | 300 sec total\n|\n|t:|1783561095\n|cant|p2a: Politoed|slp\n|move|p1a: Chansey|Seismic Toss|p2a: Politoed\n|-damage|p2a: Politoed|132/302 slp\n|\n|upkeep\n|turn|24\n|inactive|Time left: 300 sec this turn | 300 sec total\n|\n|t:|1783561096\n|-curestatus|p2a: Politoed|slp|[msg]\n|move|p2a: Politoed|Surf|p1a: Chansey\n|-damage|p1a: Chansey|90/100\n|move|p1a: Chansey|Seismic Toss|p2a: Politoed\n|-damage|p2a: Politoed|47/302\n|\n|upkeep\n|turn|25\n|inactive|Time left: 300 sec this turn | 300 sec total\n|\n|t:|1783561097\n|move|p2a: Politoed|Rest|p2a: Politoed\n|-status|p2a: Politoed|slp|[from] move: Rest\n|-heal|p2a: Politoed|302/302 slp|[silent]\n|move|p1a: Chansey|Seismic Toss|p2a: Politoed\n|-damage|p2a: Politoed|217/302 slp\n|\n|upkeep\n|turn|26\n|inactive|Time left: 300 sec this turn | 300 sec total\n|\n|t:|1783561098\n|cant|p2a: Politoed|slp\n|move|p1a: Chansey|Seismic Toss|p2a: Politoed\n|-damage|p2a: Politoed|132/302 slp\n|\n|upkeep\n|turn|27\n|inactive|Time left: 300 sec this turn | 300 sec total\n|\n|t:|1783561099\n|cant|p2a: Politoed|slp\n|move|p1a: Chansey|Seismic Toss|p2a: Politoed\n|-damage|p2a: Politoed|47/302 slp\n|\n|upkeep\n|turn|28\n|inactive|Time left: 300 sec this turn | 300 sec total\n|\n|t:|1783561100\n|-curestatus|p2a: Politoed|slp|[msg]\n|move|p2a: Politoed|Rest|p2a: Politoed\n|-status|p2a: Politoed|slp|[from] move: Rest\n|-heal|p2a: Politoed|302/302 slp|[silent]\n|move|p1a: Chansey|Seismic Toss|p2a: Politoed\n|-damage|p2a: Politoed|217/302 slp\n|\n|upkeep\n|turn|29\n|inactive|Time left: 300 sec this turn | 300 sec total\n|\n|t:|1783561101\n|cant|p2a: Politoed|slp\n|move|p1a: Chansey|Seismic Toss|p2a: Politoed\n|-damage|p2a: Politoed|132/302 slp\n|\n|upkeep\n|turn|30\n|inactive|Time left: 300 sec this turn | 300 sec total\n|\n|t:|1783561102\n|cant|p2a: Politoed|slp\n|move|p1a: Chansey|Seismic Toss|p2a: Politoed\n|-damage|p2a: Politoed|47/302 slp\n|\n|upkeep\n|turn|31\n|inactive|Time left: 300 sec this turn | 300 sec total\n|\n|t:|1783561103\n|-curestatus|p2a: Politoed|slp|[msg]\n|move|p2a: Politoed|Rest|p2a: Politoed\n|-status|p2a: Politoed|slp|[from] move: Rest\n|-heal|p2a: Politoed|302/302 slp|[silent]\n|move|p1a: Chansey|Seismic Toss|p2a: Politoed\n|-damage|p2a: Politoed|217/302 slp\n|\n|upkeep\n|turn|32\n|inactive|Time left: 300 sec this turn | 300 sec total\n|\n|t:|1783561104\n|cant|p2a: Politoed|slp\n|move|p1a: Chansey|Seismic Toss|p2a: Politoed\n|-damage|p2a: Politoed|132/302 slp\n|\n|upkeep\n|turn|33\n|inactive|Time left: 300 sec this turn | 300 sec total\n|\n|t:|1783561105\n|cant|p2a: Politoed|slp\n|move|p1a: Chansey|Seismic Toss|p2a: Politoed\n|-damage|p2a: Politoed|47/302 slp\n|\n|upkeep\n|turn|34\n|inactive|Time left: 300 sec this turn | 300 sec total\n|\n|t:|1783561105\n|-curestatus|p2a: Politoed|slp|[msg]\n|move|p2a: Politoed|Rest|p2a: Politoed\n|-status|p2a: Politoed|slp|[from] move: Rest\n|-heal|p2a: Politoed|302/302 slp|[silent]\n|move|p1a: Chansey|Seismic Toss|p2a: Politoed\n|-damage|p2a: Politoed|217/302 slp\n|\n|upkeep\n|turn|35\n|inactive|Time left: 300 sec this turn | 300 sec total\n|\n|t:|1783561106\n|cant|p2a: Politoed|slp\n|move|p1a: Chansey|Seismic Toss|p2a: Politoed\n|-damage|p2a: Politoed|132/302 slp\n|\n|upkeep\n|turn|36\n|inactive|Time left: 300 sec this turn | 300 sec total\n|\n|t:|1783561107\n|cant|p2a: Politoed|slp\n|move|p1a: Chansey|Seismic Toss|p2a: Politoed\n|-damage|p2a: Politoed|47/302 slp\n|\n|upkeep\n|turn|37\n|inactive|Time left: 300 sec this turn | 300 sec total\n|\n|t:|1783561108\n|-curestatus|p2a: Politoed|slp|[msg]\n|move|p2a: Politoed|Rest|p2a: Politoed\n|-status|p2a: Politoed|slp|[from] move: Rest\n|-heal|p2a: Politoed|302/302 slp|[silent]\n|move|p1a: Chansey|Seismic Toss|p2a: Politoed\n|-damage|p2a: Politoed|217/302 slp\n|\n|upkeep\n|turn|38\n|inactive|Time left: 300 sec this turn | 300 sec total\n|\n|t:|1783561109\n|cant|p2a: Politoed|slp\n|move|p1a: Chansey|Seismic Toss|p2a: Politoed\n|-damage|p2a: Politoed|132/302 slp\n|\n|upkeep\n|turn|39\n|inactive|Time left: 300 sec this turn | 300 sec total\n|\n|t:|1783561109\n|cant|p2a: Politoed|slp\n|move|p1a: Chansey|Seismic Toss|p2a: Politoed\n|-damage|p2a: Politoed|47/302 slp\n|\n|upkeep\n|turn|40\n|inactive|Time left: 300 sec this turn | 300 sec total\n|\n|t:|1783561110\n|-curestatus|p2a: Politoed|slp|[msg]\n|move|p2a: Politoed|Ice Beam|p1a: Chansey\n|-crit|p1a: Chansey\n|-damage|p1a: Chansey|79/100\n|move|p1a: Chansey|Soft-Boiled|p1a: Chansey\n|-heal|p1a: Chansey|100/100\n|\n|upkeep\n|turn|41\n|inactive|Time left: 300 sec this turn | 300 sec total\n|\n|t:|1783561111\n|move|p2a: Politoed|Surf|p1a: Chansey\n|-damage|p1a: Chansey|89/100\n|move|p1a: Chansey|Seismic Toss|p2a: Politoed\n|-damage|p2a: Politoed|0 fnt\n|faint|p2a: Politoed\n|\n|upkeep\n|inactive|Time left: 300 sec this turn | 300 sec total | 5 sec grace\n|\n|t:|1783561112\n|switch|p2a: Ursaluna|Ursaluna, L79, F|109/335 brn\n|-activate|p2a: Ursaluna|move: Sticky Web\n|-unboost|p2a: Ursaluna|spe|1\n|-damage|p2a: Ursaluna|89/335 brn|[from] Stealth Rock\n|turn|42\n|inactive|Time left: 300 sec this turn | 300 sec total\n|\n|t:|1783561113\n|switch|p1a: Persian|Persian-Alola, L86, F|22/100\n|move|p2a: Ursaluna|Facade|p1a: Persian\n|-damage|p1a: Persian|0 fnt\n|faint|p1a: Persian\n|\n|-damage|p2a: Ursaluna|69/335 brn|[from] brn\n|upkeep\n|\n|t:|1783561114\n|switch|p1a: Latios|Latios, L78, M|100/100\n|turn|43\n|inactive|Time left: 300 sec this turn | 300 sec total\n|\n|t:|1783561115\n|switch|p2a: Skuntank|Skuntank, L84, M|310/310\n|-activate|p2a: Skuntank|move: Sticky Web\n|-unboost|p2a: Skuntank|spe|1\n|-damage|p2a: Skuntank|272/310|[from] Stealth Rock\n|move|p1a: Latios|Luster Purge|p2a: Skuntank\n|-immune|p2a: Skuntank\n|\n|upkeep\n|turn|44\n|inactive|Time left: 300 sec this turn | 300 sec total\n|\n|t:|1783561116\n|switch|p1a: Chansey|Chansey, L85, F|89/100\n|move|p2a: Skuntank|Knock Off|p1a: Chansey\n|-damage|p1a: Chansey|47/100\n|-enditem|p1a: Chansey|Eviolite|[from] move: Knock Off|[of] p2a: Skuntank\n|\n|upkeep\n|turn|45\n|inactive|Time left: 300 sec this turn | 300 sec total\n|\n|t:|1783561117\n|move|p1a: Chansey|Soft-Boiled|p1a: Chansey\n|-heal|p1a: Chansey|97/100\n|move|p2a: Skuntank|Gunk Shot|p1a: Chansey|[miss]\n|-miss|p2a: Skuntank|p1a: Chansey\n|\n|upkeep\n|turn|46\n|inactive|Time left: 300 sec this turn | 300 sec total\n|\n|t:|1783561118\n|move|p1a: Chansey|Thunder Wave|p2a: Skuntank\n|-status|p2a: Skuntank|par\n|move|p2a: Skuntank|Gunk Shot|p1a: Chansey\n|-damage|p1a: Chansey|27/100\n|\n|upkeep\n|turn|47\n|inactive|Time left: 300 sec this turn | 300 sec total\n|\n|t:|1783561119\n|move|p1a: Chansey|Soft-Boiled|p1a: Chansey\n|-heal|p1a: Chansey|77/100\n|move|p2a: Skuntank|Gunk Shot|p1a: Chansey\n|-damage|p1a: Chansey|0 fnt\n|faint|p1a: Chansey\n|\n|upkeep\n|\n|t:|1783561120\n|switch|p1a: Latios|Latios, L78, M|100/100\n|turn|48\n|inactive|Time left: 300 sec this turn | 300 sec total\n|\n|t:|1783561121\n|move|p1a: Latios|Aura Sphere|p2a: Skuntank\n|-damage|p2a: Skuntank|194/310 par\n|cant|p2a: Skuntank|par\n|\n|upkeep\n|turn|49\n|inactive|Time left: 300 sec this turn | 300 sec total\n|\n|t:|1783561122\n|move|p1a: Latios|Luster Purge|p2a: Skuntank\n|-immune|p2a: Skuntank\n|move|p2a: Skuntank|Knock Off|p1a: Latios\n|-supereffective|p1a: Latios\n|-damage|p1a: Latios|7/100\n|-enditem|p1a: Latios|Soul Dew|[from] move: Knock Off|[of] p2a: Skuntank\n|\n|upkeep\n|turn|50\n|inactive|Time left: 300 sec this turn | 300 sec total\n|\n|t:|1783561123\n|-terastallize|p1a: Latios|Fighting\n|move|p1a: Latios|Recover|p1a: Latios\n|-heal|p1a: Latios|57/100\n|move|p2a: Skuntank|Knock Off|p1a: Latios\n|-resisted|p1a: Latios\n|-damage|p1a: Latios|43/100\n|\n|upkeep\n|turn|51\n|inactive|Time left: 300 sec this turn | 300 sec total\n|\n|t:|1783561124\n|move|p1a: Latios|Recover|p1a: Latios\n|-heal|p1a: Latios|93/100\n|cant|p2a: Skuntank|par\n|\n|upkeep\n|turn|52\n|inactive|Time left: 300 sec this turn | 300 sec total\n|\n|t:|1783561124\n|move|p1a: Latios|Aura Sphere|p2a: Skuntank\n|-damage|p2a: Skuntank|62/310 par\n|move|p2a: Skuntank|Gunk Shot|p1a: Latios\n|-damage|p1a: Latios|34/100\n|\n|upkeep\n|turn|53\n|inactive|Time left: 300 sec this turn | 300 sec total\n|\n|t:|1783561125\n|move|p1a: Latios|Recover|p1a: Latios\n|-heal|p1a: Latios|84/100\n|move|p2a: Skuntank|Gunk Shot|p1a: Latios\n|-damage|p1a: Latios|30/100\n|-status|p1a: Latios|psn\n|\n|-damage|p1a: Latios|17/100 psn|[from] psn\n|upkeep\n|turn|54\n|inactive|Time left: 300 sec this turn | 300 sec total\n|\n|t:|1783561126\n|move|p1a: Latios|Recover|p1a: Latios\n|-heal|p1a: Latios|68/100 psn\n|cant|p2a: Skuntank|par\n|\n|-damage|p1a: Latios|55/100 psn|[from] psn\n|upkeep\n|turn|55\n|inactive|Time left: 300 sec this turn | 300 sec total\n|\n|t:|1783561127\n|move|p1a: Latios|Recover|p1a: Latios\n|-heal|p1a: Latios|100/100 psn\n|move|p2a: Skuntank|Gunk Shot|p1a: Latios|[miss]\n|-miss|p2a: Skuntank|p1a: Latios\n|\n|-damage|p1a: Latios|88/100 psn|[from] psn\n|upkeep\n|turn|56\n|inactive|Time left: 300 sec this turn | 300 sec total\n|\n|t:|1783561128\n|move|p2a: Skuntank|Sucker Punch|p1a: Latios\n|-resisted|p1a: Latios\n|-damage|p1a: Latios|72/100 psn\n|move|p1a: Latios|Aura Sphere|p2a: Skuntank\n|-damage|p2a: Skuntank|0 fnt\n|faint|p2a: Skuntank\n|\n|-damage|p1a: Latios|59/100 psn|[from] psn\n|upkeep\n|inactive|Time left: 300 sec this turn | 300 sec total | 5 sec grace\n|\n|t:|1783561129\n|switch|p2a: Stantler|Stantler, L92, F|284/284\n|-activate|p2a: Stantler|move: Sticky Web\n|-unboost|p2a: Stantler|spe|1\n|-damage|p2a: Stantler|249/284|[from] Stealth Rock\n|-ability|p2a: Stantler|Intimidate|boost\n|-unboost|p1a: Latios|atk|1\n|turn|57\n|inactive|Time left: 300 sec this turn | 300 sec total\n|\n|t:|1783561130\n|move|p1a: Latios|Luster Purge|p2a: Stantler\n|-damage|p2a: Stantler|170/284\n|move|p2a: Stantler|Body Slam|p1a: Latios\n|-damage|p1a: Latios|10/100 psn\n|\n|-damage|p1a: Latios|0 fnt|[from] psn\n|faint|p1a: Latios\n|upkeep\n|\n|t:|1783561131\n|switch|p1a: Deoxys|Deoxys-Attack, L72|100/100\n|-ability|p1a: Deoxys|Pressure\n|turn|58\n|inactive|Time left: 300 sec this turn | 300 sec total\n|\n|t:|1783561132\n|move|p1a: Deoxys|Psycho Boost|p2a: Stantler\n|-damage|p2a: Stantler|0 fnt\n|-unboost|p1a: Deoxys|spa|2\n|faint|p2a: Stantler\n|-damage|p1a: Deoxys|91/100|[from] item: Life Orb\n|\n|upkeep\n|inactive|Time left: 300 sec this turn | 300 sec total | 5 sec grace\n|\n|t:|1783561133\n|switch|p2a: Vileplume|Vileplume, L85, F|266/266\n|-activate|p2a: Vileplume|move: Sticky Web\n|-unboost|p2a: Vileplume|spe|1\n|-damage|p2a: Vileplume|233/266|[from] Stealth Rock\n|turn|59\n|inactive|Time left: 300 sec this turn | 300 sec total\n|\n|t:|1783561134\n|-terastallize|p2a: Vileplume|Water\n|move|p1a: Deoxys|Psycho Boost|p2a: Vileplume\n|-damage|p2a: Vileplume|111/266\n|-unboost|p1a: Deoxys|spa|2\n|-damage|p1a: Deoxys|81/100|[from] item: Life Orb\n|move|p2a: Vileplume|Giga Drain|p1a: Deoxys\n|-damage|p1a: Deoxys|0 fnt\n|-heal|p2a: Vileplume|188/266|[from] drain|[of] p1a: Deoxys\n|faint|p1a: Deoxys\n|\n|win|p0y18861063", "uploadtime": 1783561134, "views": 0, "rating": 0, "private": 0, "password": null, "_winner": "p0y18861063", "_our_name": "p0y18861063"}