{"id": "battle-gen9randombattle-36", "formatid": "gen9randombattle", "format": "[Gen 9] Random Battle", "players": ["p0x03609b7", "p0y0362beb"], "log": "|init|battle\n|title|p0x03609b7 vs. p0y0362beb\n|j|\u2606p0x03609b7\n|j|\u2606p0y0362beb\n|t:|1783533653\n|gametype|singles\n|player|p1|p0x03609b7|1|\n|player|p2|p0y0362beb|2|\n|gen|9\n|tier|[Gen 9] Random Battle\n|rule|Species Clause: Limit one of each Pok\u00e9mon\n|rule|HP Percentage Mod: HP is shown in percentages\n|rule|Sleep Clause Mod: Limit one foe put to sleep\n|rule|Illusion Level Mod: Illusion disguises the Pok\u00e9mon's true level\n|\n|t:|1783533653\n|teamsize|p1|6\n|teamsize|p2|6\n|start\n|switch|p1a: Greninja|Greninja, L80, M|100/100\n|switch|p2a: Mabosstiff|Mabosstiff, L86, F|278/278\n|turn|1\n|inactive|Battle timer is ON: inactive players will automatically lose when time's up. (requested by p0y0362beb)\n|inactive|p0x03609b7 also wants the timer to be on.\n|\n|t:|1783533655\n|move|p1a: Greninja|Hydro Pump|p2a: Mabosstiff\n|-start|p1a: Greninja|typechange|Water|[from] ability: Protean\n|-damage|p2a: Mabosstiff|117/278\n|-damage|p1a: Greninja|91/100|[from] item: Life Orb\n|move|p2a: Mabosstiff|Crunch|p1a: Greninja\n|-damage|p1a: Greninja|13/100\n|\n|upkeep\n|turn|2\n|inactive|Time left: 300 sec this turn | 300 sec total\n|\n|t:|1783533656\n|move|p1a: Greninja|Hydro Pump|p2a: Mabosstiff\n|-damage|p2a: Mabosstiff|0 fnt\n|faint|p2a: Mabosstiff\n|-damage|p1a: Greninja|3/100|[from] item: Life Orb\n|\n|upkeep\n|inactive|Time left: 300 sec this turn | 300 sec total | 5 sec grace\n|\n|t:|1783533657\n|switch|p2a: Blaziken|Blaziken, L76, M|247/247\n|turn|3\n|inactive|Time left: 300 sec this turn | 300 sec total\n|\n|t:|1783533659\n|move|p2a: Blaziken|Protect|p2a: Blaziken\n|-singleturn|p2a: Blaziken|Protect\n|move|p1a: Greninja|Hydro Pump|p2a: Blaziken\n|-activate|p2a: Blaziken|move: Protect\n|\n|-ability|p2a: Blaziken|Speed Boost|boost\n|-boost|p2a: Blaziken|spe|1\n|upkeep\n|turn|4\n|inactive|Time left: 300 sec this turn | 300 sec total\n|\n|t:|1783533660\n|move|p2a: Blaziken|Flare Blitz|p1a: Greninja\n|-resisted|p1a: Greninja\n|-damage|p1a: Greninja|0 fnt\n|faint|p1a: Greninja\n|-damage|p2a: Blaziken|245/247|[from] Recoil\n|-damage|p2a: Blaziken|221/247|[from] item: Life Orb\n|\n|-ability|p2a: Blaziken|Speed Boost|boost\n|-boost|p2a: Blaziken|spe|1\n|upkeep\n|\n|t:|1783533661\n|switch|p1a: Donphan|Donphan, L84, M|100/100\n|turn|5\n|inactive|Time left: 300 sec this turn | 300 sec total\n|\n|t:|1783533662\n|move|p2a: Blaziken|Protect|p2a: Blaziken\n|-singleturn|p2a: Blaziken|Protect\n|move|p1a: Donphan|Earthquake|p2a: Blaziken\n|-activate|p2a: Blaziken|move: Protect\n|\n|-ability|p2a: Blaziken|Speed Boost|boost\n|-boost|p2a: Blaziken|spe|1\n|upkeep\n|turn|6\n|inactive|Time left: 300 sec this turn | 300 sec total\n|\n|t:|1783533663\n|switch|p2a: Rotom|Rotom-Fan, L86|226/226\n|move|p1a: Donphan|Earthquake|p2a: Rotom\n|-immune|p2a: Rotom\n|\n|upkeep\n|turn|7\n|inactive|Time left: 300 sec this turn | 300 sec total\n|\n|t:|1783533664\n|switch|p1a: Plusle|Plusle, L95, F|100/100\n|move|p2a: Rotom|Will-O-Wisp|p1a: Plusle\n|-status|p1a: Plusle|brn\n|\n|-damage|p1a: Plusle|95/100 brn|[from] brn\n|upkeep\n|turn|8\n|inactive|Time left: 300 sec this turn | 300 sec total\n|\n|t:|1783533665\n|switch|p2a: Blaziken|Blaziken, L76, M|221/247\n|move|p1a: Plusle|Thunderbolt|p2a: Blaziken\n|-crit|p2a: Blaziken\n|-damage|p2a: Blaziken|0 fnt\n|faint|p2a: Blaziken\n|-damage|p1a: Plusle|85/100 brn|[from] item: Life Orb\n|\n|-damage|p1a: Plusle|79/100 brn|[from] brn\n|upkeep\n|inactive|Time left: 300 sec this turn | 300 sec total | 5 sec grace\n|\n|t:|1783533666\n|switch|p2a: Victreebel|Victreebel, L90, M|290/290\n|turn|9\n|inactive|Time left: 300 sec this turn | 300 sec total\n|\n|t:|1783533667\n|switch|p1a: Ninetales|Ninetales, L85, M|100/100\n|-weather|SunnyDay|[from] ability: Drought|[of] p1a: Ninetales\n|move|p2a: Victreebel|Power Whip|p1a: Ninetales\n|-resisted|p1a: Ninetales\n|-damage|p1a: Ninetales|58/100\n|-damage|p2a: Victreebel|261/290|[from] item: Life Orb\n|\n|-weather|SunnyDay|[upkeep]\n|upkeep\n|turn|10\n|inactive|Time left: 300 sec this turn | 300 sec total\n|\n|t:|1783533668\n|move|p2a: Victreebel|Sludge Wave|p1a: Ninetales\n|-damage|p1a: Ninetales|1/100\n|-damage|p2a: Victreebel|232/290|[from] item: Life Orb\n|move|p1a: Ninetales|Fire Blast|p2a: Victreebel\n|-supereffective|p2a: Victreebel\n|-damage|p2a: Victreebel|0 fnt\n|faint|p2a: Victreebel\n|\n|-weather|SunnyDay|[upkeep]\n|upkeep\n|inactive|Time left: 300 sec this turn | 300 sec total | 5 sec grace\n|\n|t:|1783533669\n|switch|p2a: Vaporeon|Vaporeon, L86, F|364/364\n|turn|11\n|inactive|Time left: 300 sec this turn | 300 sec total\n|\n|t:|1783533670\n|move|p1a: Ninetales|Fire Blast|p2a: Vaporeon\n|-resisted|p2a: Vaporeon\n|-damage|p2a: Vaporeon|296/364\n|move|p2a: Vaporeon|Ice Beam|p1a: Ninetales\n|-resisted|p1a: Ninetales\n|-damage|p1a: Ninetales|0 fnt\n|faint|p1a: Ninetales\n|\n|-weather|SunnyDay|[upkeep]\n|-heal|p2a: Vaporeon|318/364|[from] item: Leftovers\n|upkeep\n|\n|t:|1783533671\n|switch|p1a: Hitmonchan|Hitmonchan, L87, M|100/100\n|turn|12\n|inactive|Time left: 300 sec this turn | 300 sec total\n|\n|t:|1783533672\n|move|p1a: Hitmonchan|Swords Dance|p1a: Hitmonchan\n|-boost|p1a: Hitmonchan|atk|2\n|move|p2a: Vaporeon|Scald|p1a: Hitmonchan\n|-damage|p1a: Hitmonchan|84/100\n|\n|-weather|SunnyDay|[upkeep]\n|-heal|p1a: Hitmonchan|90/100|[from] item: Leftovers\n|-heal|p2a: Vaporeon|340/364|[from] item: Leftovers\n|upkeep\n|turn|13\n|inactive|Time left: 300 sec this turn | 300 sec total\n|\n|t:|1783533673\n|move|p2a: Vaporeon|Protect|p2a: Vaporeon\n|-singleturn|p2a: Vaporeon|Protect\n|move|p1a: Hitmonchan|Drain Punch|p2a: Vaporeon\n|-activate|p2a: Vaporeon|move: Protect\n|\n|-weather|none\n|-heal|p1a: Hitmonchan|97/100|[from] item: Leftovers\n|-heal|p2a: Vaporeon|362/364|[from] item: Leftovers\n|upkeep\n|turn|14\n|inactive|Time left: 300 sec this turn | 300 sec total\n|\n|t:|1783533674\n|move|p1a: Hitmonchan|Drain Punch|p2a: Vaporeon\n|-damage|p2a: Vaporeon|88/364\n|-heal|p1a: Hitmonchan|100/100|[from] drain|[of] p2a: Vaporeon\n|move|p2a: Vaporeon|Scald|p1a: Hitmonchan\n|-damage|p1a: Hitmonchan|67/100\n|\n|-heal|p1a: Hitmonchan|73/100|[from] item: Leftovers\n|-heal|p2a: Vaporeon|110/364|[from] item: Leftovers\n|upkeep\n|turn|15\n|inactive|Time left: 300 sec this turn | 300 sec total\n|\n|t:|1783533675\n|move|p1a: Hitmonchan|Knock Off|p2a: Vaporeon\n|-damage|p2a: Vaporeon|0 fnt\n|-enditem|p2a: Vaporeon|Leftovers|[from] move: Knock Off|[of] p1a: Hitmonchan\n|faint|p2a: Vaporeon\n|\n|-heal|p1a: Hitmonchan|80/100|[from] item: Leftovers\n|upkeep\n|inactive|Time left: 300 sec this turn | 300 sec total | 5 sec grace\n|\n|t:|1783533676\n|switch|p2a: Bruxish|Bruxish, L85, F|254/254\n|turn|16\n|inactive|Time left: 300 sec this turn | 300 sec total\n|\n|t:|1783533677\n|switch|p1a: Arceus|Arceus-Grass, L73|100/100\n|move|p2a: Bruxish|Psychic Fangs|p1a: Arceus\n|-damage|p1a: Arceus|34/100\n|\n|upkeep\n|turn|17\n|inactive|Time left: 300 sec this turn | 300 sec total\n|\n|t:|1783533678\n|-terastallize|p2a: Bruxish|Dark\n|move|p1a: Arceus|Judgment|p2a: Bruxish\n|-damage|p2a: Bruxish|121/254\n|move|p2a: Bruxish|Psychic Fangs|p1a: Arceus\n|-damage|p1a: Arceus|0 fnt\n|faint|p1a: Arceus\n|\n|upkeep\n|\n|t:|1783533679\n|switch|p1a: Plusle|Plusle, L95, F|79/100 brn\n|turn|18\n|inactive|Time left: 300 sec this turn | 300 sec total\n|\n|t:|1783533680\n|switch|p2a: Rotom|Rotom-Fan, L86|226/226\n|-terastallize|p1a: Plusle|Electric\n|move|p1a: Plusle|Thunderbolt|p2a: Rotom\n|-damage|p2a: Rotom|67/226\n|-damage|p1a: Plusle|69/100 brn|[from] item: Life Orb\n|\n|-damage|p1a: Plusle|63/100 brn|[from] brn\n|upkeep\n|turn|19\n|inactive|Time left: 300 sec this turn | 300 sec total\n|\n|t:|1783533681\n|switch|p2a: Bruxish|Bruxish, L85, F, tera:Dark|121/254\n|move|p1a: Plusle|Thunderbolt|p2a: Bruxish\n|-damage|p2a: Bruxish|0 fnt\n|faint|p2a: Bruxish\n|-damage|p1a: Plusle|53/100 brn|[from] item: Life Orb\n|\n|-damage|p1a: Plusle|48/100 brn|[from] brn\n|upkeep\n|inactive|Time left: 300 sec this turn | 300 sec total | 5 sec grace\n|\n|t:|1783533681\n|switch|p2a: Rotom|Rotom-Fan, L86|67/226\n|turn|20\n|inactive|Time left: 300 sec this turn | 300 sec total\n|\n|t:|1783533682\n|move|p1a: Plusle|Thunderbolt|p2a: Rotom\n|-damage|p2a: Rotom|0 fnt\n|faint|p2a: Rotom\n|-damage|p1a: Plusle|38/100 brn|[from] item: Life Orb\n|\n|win|p0x03609b7", "uploadtime": 1783533682, "views": 0, "rating": 0, "private": 0, "password": null, "_winner": "p0x03609b7", "_our_name": "p0y0362beb"}