{"id": "battle-gen9randombattle-99", "formatid": "gen9randombattle", "format": "[Gen 9] Random Battle", "players": ["p0x09962ff", "p0y0998e7f"], "log": "|init|battle\n|title|p0x09962ff vs. p0y0998e7f\n|j|\u2606p0x09962ff\n|j|\u2606p0y0998e7f\n|t:|1783540335\n|gametype|singles\n|player|p1|p0x09962ff|170|\n|player|p2|p0y0998e7f|170|\n|gen|9\n|tier|[Gen 9] Random Battle\n|rule|Species Clause: Limit one of each Pok\u00e9mon\n|rule|HP Percentage Mod: HP is shown in percentages\n|rule|Sleep Clause Mod: Limit one foe put to sleep\n|rule|Illusion Level Mod: Illusion disguises the Pok\u00e9mon's true level\n|\n|t:|1783540335\n|teamsize|p1|6\n|teamsize|p2|6\n|start\n|switch|p1a: Ogerpon|Ogerpon, L80, F|100/100\n|switch|p2a: Rotom|Rotom-Wash, L82|216/216\n|turn|1\n|inactive|Battle timer is ON: inactive players will automatically lose when time's up. (requested by p0x09962ff)\n|inactive|Time left: 300 sec this turn | 300 sec total | 60 sec grace\n|inactive|p0y0998e7f also wants the timer to be on.\n|\n|t:|1783540337\n|switch|p2a: Farigiraf|Farigiraf, L90, F|362/362\n|move|p1a: Ogerpon|Ivy Cudgel|p2a: Farigiraf\n|-ability|p2a: Farigiraf|Sap Sipper|boost\n|-boost|p2a: Farigiraf|atk|1\n|\n|upkeep\n|turn|2\n|inactive|Time left: 300 sec this turn | 300 sec total\n|\n|t:|1783540338\n|switch|p1a: Porygon2|Porygon2, L81|100/100\n|-ability|p1a: Porygon2|Download|boost\n|-boost|p1a: Porygon2|spa|1\n|move|p2a: Farigiraf|Body Slam|p1a: Porygon2\n|-damage|p1a: Porygon2|63/100\n|\n|upkeep\n|turn|3\n|inactive|Time left: 300 sec this turn | 300 sec total\n|\n|t:|1783540339\n|move|p2a: Farigiraf|Psychic Noise|p1a: Porygon2\n|-damage|p1a: Porygon2|41/100\n|-start|p1a: Porygon2|move: Heal Block\n|cant|p1a: Porygon2|move: Heal Block|Recover\n|\n|upkeep\n|turn|4\n|inactive|Time left: 300 sec this turn | 300 sec total\n|\n|t:|1783540340\n|move|p2a: Farigiraf|Body Slam|p1a: Porygon2\n|-damage|p1a: Porygon2|3/100\n|-status|p1a: Porygon2|par\n|move|p1a: Porygon2|Discharge|p2a: Farigiraf\n|-damage|p2a: Farigiraf|273/362\n|\n|-heal|p2a: Farigiraf|295/362|[from] item: Leftovers\n|-end|p1a: Porygon2|move: Heal Block\n|upkeep\n|turn|5\n|inactive|Time left: 300 sec this turn | 300 sec total\n|\n|t:|1783540341\n|switch|p1a: Stantler|Stantler, L92, M|100/100\n|-ability|p1a: Stantler|Intimidate|boost\n|-unboost|p2a: Farigiraf|atk|1\n|move|p2a: Farigiraf|Body Slam|p1a: Stantler\n|-damage|p1a: Stantler|74/100\n|-status|p1a: Stantler|par\n|\n|-heal|p2a: Farigiraf|317/362|[from] item: Leftovers\n|upkeep\n|turn|6\n|inactive|Time left: 300 sec this turn | 300 sec total\n|\n|t:|1783540343\n|move|p2a: Farigiraf|Psychic Noise|p1a: Stantler\n|-damage|p1a: Stantler|49/100 par\n|-start|p1a: Stantler|move: Heal Block\n|move|p1a: Stantler|Body Slam|p2a: Farigiraf\n|-damage|p2a: Farigiraf|199/362\n|\n|-heal|p2a: Farigiraf|221/362|[from] item: Leftovers\n|upkeep\n|turn|7\n|inactive|Time left: 300 sec this turn | 300 sec total\n|\n|t:|1783540344\n|move|p2a: Farigiraf|Body Slam|p1a: Stantler\n|-crit|p1a: Stantler\n|-damage|p1a: Stantler|5/100 par\n|move|p1a: Stantler|Throat Chop|p2a: Farigiraf\n|-supereffective|p2a: Farigiraf\n|-damage|p2a: Farigiraf|85/362\n|-start|p2a: Farigiraf|Throat Chop|[silent]\n|\n|-heal|p2a: Farigiraf|107/362|[from] item: Leftovers\n|-end|p1a: Stantler|move: Heal Block\n|upkeep\n|turn|8\n|inactive|Time left: 300 sec this turn | 300 sec total\n|\n|t:|1783540345\n|move|p2a: Farigiraf|Body Slam|p1a: Stantler\n|-damage|p1a: Stantler|0 fnt\n|faint|p1a: Stantler\n|\n|-heal|p2a: Farigiraf|129/362|[from] item: Leftovers\n|-end|p2a: Farigiraf|Throat Chop|[silent]\n|upkeep\n|\n|t:|1783540345\n|switch|p1a: Ogerpon|Ogerpon, L80, F|100/100\n|turn|9\n|inactive|Time left: 300 sec this turn | 300 sec total\n|\n|t:|1783540346\n|move|p1a: Ogerpon|Knock Off|p2a: Farigiraf\n|-supereffective|p2a: Farigiraf\n|-damage|p2a: Farigiraf|0 fnt\n|-enditem|p2a: Farigiraf|Leftovers|[from] move: Knock Off|[of] p1a: Ogerpon\n|faint|p2a: Farigiraf\n|-damage|p1a: Ogerpon|91/100|[from] item: Life Orb\n|\n|upkeep\n|inactive|Time left: 300 sec this turn | 300 sec total | 5 sec grace\n|\n|t:|1783540347\n|switch|p2a: Spidops|Spidops, L96, M|271/271\n|turn|10\n|inactive|Time left: 300 sec this turn | 300 sec total\n|\n|t:|1783540348\n|move|p1a: Ogerpon|Swords Dance|p1a: Ogerpon\n|-boost|p1a: Ogerpon|atk|2\n|move|p2a: Spidops|Sticky Web|p1a: Ogerpon\n|-sidestart|p1: p0x09962ff|move: Sticky Web\n|\n|upkeep\n|turn|11\n|inactive|Time left: 300 sec this turn | 300 sec total\n|\n|t:|1783540349\n|move|p1a: Ogerpon|Knock Off|p2a: Spidops\n|-damage|p2a: Spidops|111/271\n|-enditem|p2a: Spidops|Heavy-Duty Boots|[from] move: Knock Off|[of] p1a: Ogerpon\n|-damage|p1a: Ogerpon|81/100|[from] item: Life Orb\n|move|p2a: Spidops|Circle Throw|p1a: Ogerpon\n|-damage|p1a: Ogerpon|62/100\n|drag|p1a: Tropius|Tropius, L91, F|100/100\n|\n|upkeep\n|turn|12\n|inactive|Time left: 300 sec this turn | 300 sec total\n|\n|t:|1783540350\n|switch|p2a: Kyurem|Kyurem-White, L73|303/303\n|-ability|p2a: Kyurem|Turboblaze\n|move|p1a: Tropius|Dual Wingbeat|p2a: Kyurem|[miss]\n|-miss|p1a: Tropius|p2a: Kyurem\n|\n|upkeep\n|turn|13\n|inactive|Time left: 300 sec this turn | 300 sec total\n|\n|t:|1783540351\n|switch|p1a: Porygon2|Porygon2, L81|3/100 par\n|-activate|p1a: Porygon2|move: Sticky Web\n|-unboost|p1a: Porygon2|spe|1\n|-ability|p1a: Porygon2|Download|boost\n|-boost|p1a: Porygon2|atk|1\n|move|p2a: Kyurem|Freeze-Dry|p1a: Porygon2\n|-damage|p1a: Porygon2|0 fnt\n|faint|p1a: Porygon2\n|\n|upkeep\n|\n|t:|1783540352\n|switch|p1a: Minun|Minun, L95, M|100/100\n|-activate|p1a: Minun|move: Sticky Web\n|-unboost|p1a: Minun|spe|1\n|turn|14\n|inactive|Time left: 300 sec this turn | 300 sec total\n|\n|t:|1783540352\n|move|p2a: Kyurem|Freeze-Dry|p1a: Minun\n|-damage|p1a: Minun|71/100\n|move|p1a: Minun|Thunderbolt|p2a: Kyurem\n|-resisted|p2a: Kyurem\n|-damage|p2a: Kyurem|229/303\n|-damage|p1a: Minun|62/100|[from] item: Life Orb\n|\n|upkeep\n|turn|15\n|inactive|Time left: 300 sec this turn | 300 sec total\n|\n|t:|1783540353\n|move|p2a: Kyurem|Freeze-Dry|p1a: Minun\n|-damage|p1a: Minun|31/100\n|move|p1a: Minun|Thunderbolt|p2a: Kyurem\n|-resisted|p2a: Kyurem\n|-damage|p2a: Kyurem|161/303\n|-damage|p1a: Minun|21/100|[from] item: Life Orb\n|\n|upkeep\n|turn|16\n|inactive|Time left: 300 sec this turn | 300 sec total\n|\n|t:|1783540354\n|move|p2a: Kyurem|Freeze-Dry|p1a: Minun\n|-damage|p1a: Minun|0 fnt\n|faint|p1a: Minun\n|\n|upkeep\n|\n|t:|1783540355\n|switch|p1a: Sandaconda|Sandaconda, L84, M|100/100\n|-activate|p1a: Sandaconda|move: Sticky Web\n|-unboost|p1a: Sandaconda|spe|1\n|turn|17\n|inactive|Time left: 300 sec this turn | 300 sec total\n|\n|t:|1783540356\n|move|p2a: Kyurem|Freeze-Dry|p1a: Sandaconda\n|-supereffective|p1a: Sandaconda\n|-crit|p1a: Sandaconda\n|-damage|p1a: Sandaconda|0 fnt\n|faint|p1a: Sandaconda\n|\n|upkeep\n|\n|t:|1783540357\n|switch|p1a: Tropius|Tropius, L91, F|100/100\n|turn|18\n|inactive|Time left: 300 sec this turn | 300 sec total\n|\n|t:|1783540358\n|-terastallize|p1a: Tropius|Ground\n|move|p2a: Kyurem|Freeze-Dry|p1a: Tropius\n|-supereffective|p1a: Tropius\n|-damage|p1a: Tropius|52/100\n|move|p1a: Tropius|Dragon Dance|p1a: Tropius\n|-boost|p1a: Tropius|atk|1\n|-boost|p1a: Tropius|spe|1\n|\n|upkeep\n|turn|19\n|inactive|Time left: 300 sec this turn | 300 sec total\n|\n|t:|1783540359\n|move|p2a: Kyurem|Freeze-Dry|p1a: Tropius\n|-supereffective|p1a: Tropius\n|-damage|p1a: Tropius|0 fnt\n|faint|p1a: Tropius\n|\n|upkeep\n|\n|t:|1783540360\n|switch|p1a: Ogerpon|Ogerpon, L80, F|62/100\n|-activate|p1a: Ogerpon|move: Sticky Web\n|-unboost|p1a: Ogerpon|spe|1\n|-ability|p1a: Ogerpon|Defiant|boost\n|-boost|p1a: Ogerpon|atk|2\n|turn|20\n|inactive|Time left: 300 sec this turn | 300 sec total\n|\n|t:|1783540361\n|-terastallize|p2a: Kyurem|Dragon\n|move|p2a: Kyurem|Freeze-Dry|p1a: Ogerpon\n|-supereffective|p1a: Ogerpon\n|-damage|p1a: Ogerpon|0 fnt\n|faint|p1a: Ogerpon\n|\n|win|p0y0998e7f", "uploadtime": 1783540361, "views": 0, "rating": 0, "private": 0, "password": null, "_winner": "p0y0998e7f", "_our_name": "p0y0998e7f"}