{"id": "battle-gen9randombattle-1973", "formatid": "gen9randombattle", "format": "[Gen 9] Random Battle", "players": ["p0x19736db7", "p0y19733e2b"], "log": "|init|battle\n|title|p0x19736db7 vs. p0y19733e2b\n|j|\u2606p0x19736db7\n|j|\u2606p0y19733e2b\n|t:|1783562106\n|gametype|singles\n|player|p1|p0x19736db7|1|\n|player|p2|p0y19733e2b|102|\n|gen|9\n|tier|[Gen 9] Random Battle\n|rule|Species Clause: Limit one of each Pok\u00e9mon\n|rule|HP Percentage Mod: HP is shown in percentages\n|rule|Sleep Clause Mod: Limit one foe put to sleep\n|rule|Illusion Level Mod: Illusion disguises the Pok\u00e9mon's true level\n|\n|t:|1783562106\n|teamsize|p1|6\n|teamsize|p2|6\n|start\n|switch|p1a: Pyroar|Pyroar, L88, M|295/295\n|switch|p2a: Rillaboom|Rillaboom, L79, F|100/100\n|-ability|p1a: Pyroar|Unnerve\n|-fieldstart|move: Grassy Terrain|[from] ability: Grassy Surge|[of] p2a: Rillaboom\n|turn|1\n|inactive|Battle timer is ON: inactive players will automatically lose when time's up. (requested by p0x19736db7)\n|inactive|p0y19733e2b also wants the timer to be on.\n|\n|t:|1783562108\n|switch|p2a: Cinderace|Cinderace, L77, F|100/100\n|move|p1a: Pyroar|Fire Blast|p2a: Cinderace\n|-resisted|p2a: Cinderace\n|-damage|p2a: Cinderace|64/100\n|\n|-heal|p2a: Cinderace|70/100|[from] Grassy Terrain\n|upkeep\n|turn|2\n|inactive|Time left: 300 sec this turn | 300 sec total\n|\n|t:|1783562109\n|move|p1a: Pyroar|Hyper Voice|p2a: Cinderace\n|-damage|p2a: Cinderace|16/100\n|move|p2a: Cinderace|High Jump Kick|p1a: Pyroar\n|-start|p2a: Cinderace|typechange|Fighting|[from] ability: Libero\n|-supereffective|p1a: Pyroar\n|-damage|p1a: Pyroar|0 fnt\n|faint|p1a: Pyroar\n|\n|-heal|p2a: Cinderace|22/100|[from] Grassy Terrain\n|upkeep\n|inactive|Time left: 300 sec this turn | 300 sec total | 5 sec grace\n|\n|t:|1783562110\n|switch|p1a: Cloyster|Cloyster, L80, M|211/211\n|turn|3\n|inactive|Time left: 300 sec this turn | 300 sec total\n|\n|t:|1783562111\n|-terastallize|p1a: Cloyster|Ground\n|move|p2a: Cinderace|High Jump Kick|p1a: Cloyster|[miss]\n|-miss|p2a: Cinderace|p1a: Cloyster\n|-damage|p2a: Cinderace|0 fnt|[from] highjumpkick\n|faint|p2a: Cinderace\n|move|p1a: Cloyster|Shell Smash|p1a: Cloyster\n|-unboost|p1a: Cloyster|def|1\n|-unboost|p1a: Cloyster|spd|1\n|-boost|p1a: Cloyster|atk|2\n|-boost|p1a: Cloyster|spa|2\n|-boost|p1a: Cloyster|spe|2\n|-enditem|p1a: Cloyster|White Herb\n|-clearnegativeboost|p1a: Cloyster|[silent]\n|\n|upkeep\n|\n|t:|1783562112\n|switch|p2a: Dewgong|Dewgong, L94, M|100/100\n|turn|4\n|inactive|Time left: 300 sec this turn | 300 sec total\n|\n|t:|1783562113\n|move|p1a: Cloyster|Rock Blast|p2a: Dewgong\n|-supereffective|p2a: Dewgong\n|-damage|p2a: Dewgong|82/100\n|-supereffective|p2a: Dewgong\n|-crit|p2a: Dewgong\n|-damage|p2a: Dewgong|55/100\n|-supereffective|p2a: Dewgong\n|-damage|p2a: Dewgong|34/100\n|-supereffective|p2a: Dewgong\n|-damage|p2a: Dewgong|15/100\n|-supereffective|p2a: Dewgong\n|-damage|p2a: Dewgong|0 fnt\n|faint|p2a: Dewgong\n|-hitcount|p2: Dewgong|5\n|\n|upkeep\n|\n|t:|1783562113\n|switch|p2a: Exeggutor|Exeggutor, L89, M|100/100\n|turn|5\n|inactive|Time left: 300 sec this turn | 300 sec total\n|\n|t:|1783562114\n|-terastallize|p2a: Exeggutor|Steel\n|move|p1a: Cloyster|Drill Run|p2a: Exeggutor\n|-supereffective|p2a: Exeggutor\n|-crit|p2a: Exeggutor\n|-damage|p2a: Exeggutor|0 fnt\n|faint|p2a: Exeggutor\n|\n|-fieldend|move: Grassy Terrain\n|upkeep\n|\n|t:|1783562115\n|switch|p2a: Rillaboom|Rillaboom, L79, F|100/100\n|-fieldstart|move: Grassy Terrain|[from] ability: Grassy Surge|[of] p2a: Rillaboom\n|turn|6\n|inactive|Time left: 300 sec this turn | 300 sec total\n|\n|t:|1783562116\n|move|p2a: Rillaboom|Grassy Glide|p1a: Cloyster\n|-supereffective|p1a: Cloyster\n|-damage|p1a: Cloyster|84/211\n|-damage|p2a: Rillaboom|91/100|[from] item: Life Orb\n|move|p1a: Cloyster|Icicle Spear|p2a: Rillaboom\n|-supereffective|p2a: Rillaboom\n|-damage|p2a: Rillaboom|55/100\n|-supereffective|p2a: Rillaboom\n|-damage|p2a: Rillaboom|16/100\n|-supereffective|p2a: Rillaboom\n|-damage|p2a: Rillaboom|0 fnt\n|faint|p2a: Rillaboom\n|-hitcount|p2: Rillaboom|3\n|\n|-heal|p1a: Cloyster|97/211|[from] Grassy Terrain\n|upkeep\n|\n|t:|1783562117\n|switch|p2a: Mew|Mew, L82|100/100\n|turn|7\n|inactive|Time left: 300 sec this turn | 300 sec total\n|\n|t:|1783562117\n|move|p1a: Cloyster|Icicle Spear|p2a: Mew\n|-damage|p2a: Mew|84/100\n|-damage|p2a: Mew|69/100\n|-damage|p2a: Mew|55/100\n|-damage|p2a: Mew|39/100\n|-damage|p2a: Mew|25/100\n|-hitcount|p2a: Mew|5\n|move|p2a: Mew|Bug Buzz|p1a: Cloyster\n|-damage|p1a: Cloyster|0 fnt\n|faint|p1a: Cloyster\n|-damage|p2a: Mew|16/100|[from] item: Life Orb\n|\n|-heal|p2a: Mew|22/100|[from] Grassy Terrain\n|upkeep\n|inactive|Time left: 300 sec this turn | 300 sec total | 5 sec grace\n|\n|t:|1783562118\n|switch|p1a: Milotic|Milotic, L83, M|293/293\n|turn|8\n|inactive|Time left: 300 sec this turn | 300 sec total\n|\n|t:|1783562120\n|move|p2a: Mew|Psyshock|p1a: Milotic\n|-damage|p1a: Milotic|180/293\n|-damage|p2a: Mew|12/100|[from] item: Life Orb\n|move|p1a: Milotic|Scald|p2a: Mew\n|-damage|p2a: Mew|0 fnt\n|faint|p2a: Mew\n|\n|-heal|p1a: Milotic|198/293|[from] Grassy Terrain\n|-heal|p1a: Milotic|216/293|[from] item: Leftovers\n|upkeep\n|\n|t:|1783562120\n|switch|p2a: Iron Treads|Iron Treads, L77|100/100\n|turn|9\n|inactive|Time left: 300 sec this turn | 300 sec total\n|\n|t:|1783562121\n|move|p2a: Iron Treads|Iron Head|p1a: Milotic\n|-resisted|p1a: Milotic\n|-damage|p1a: Milotic|171/293\n|cant|p1a: Milotic|flinch\n|\n|-heal|p1a: Milotic|189/293|[from] Grassy Terrain\n|-heal|p1a: Milotic|207/293|[from] item: Leftovers\n|upkeep\n|turn|10\n|inactive|Time left: 300 sec this turn | 300 sec total\n|\n|t:|1783562122\n|move|p2a: Iron Treads|Iron Head|p1a: Milotic\n|-resisted|p1a: Milotic\n|-crit|p1a: Milotic\n|-damage|p1a: Milotic|141/293\n|move|p1a: Milotic|Scald|p2a: Iron Treads\n|-supereffective|p2a: Iron Treads\n|-damage|p2a: Iron Treads|46/100\n|\n|-heal|p2a: Iron Treads|52/100|[from] Grassy Terrain\n|-heal|p1a: Milotic|159/293|[from] Grassy Terrain\n|-heal|p1a: Milotic|177/293|[from] item: Leftovers\n|-fieldend|move: Grassy Terrain\n|upkeep\n|turn|11\n|inactive|Time left: 300 sec this turn | 300 sec total\n|\n|t:|1783562123\n|move|p2a: Iron Treads|Iron Head|p1a: Milotic\n|-resisted|p1a: Milotic\n|-damage|p1a: Milotic|131/293\n|move|p1a: Milotic|Scald|p2a: Iron Treads\n|-supereffective|p2a: Iron Treads\n|-crit|p2a: Iron Treads\n|-damage|p2a: Iron Treads|0 fnt\n|faint|p2a: Iron Treads\n|-end|p2a: Iron Treads|Quark Drive|[silent]\n|\n|win|p0x19736db7", "uploadtime": 1783562123, "views": 0, "rating": 0, "private": 0, "password": null, "_winner": "p0x19736db7", "_our_name": "p0x19736db7"}