{"id": "battle-gen9randombattle-814", "formatid": "gen9randombattle", "format": "[Gen 9] Random Battle", "players": ["p0x8143e0a", "p0y814de8c"], "log": "|init|battle\n|title|p0x8143e0a vs. p0y814de8c\n|j|\u2606p0x8143e0a\n|j|\u2606p0y814de8c\n|t:|1783549332\n|gametype|singles\n|player|p1|p0x8143e0a|265|\n|player|p2|p0y814de8c|265|\n|gen|9\n|tier|[Gen 9] Random Battle\n|rule|Species Clause: Limit one of each Pok\u00e9mon\n|rule|HP Percentage Mod: HP is shown in percentages\n|rule|Sleep Clause Mod: Limit one foe put to sleep\n|rule|Illusion Level Mod: Illusion disguises the Pok\u00e9mon's true level\n|\n|t:|1783549332\n|teamsize|p1|6\n|teamsize|p2|6\n|start\n|switch|p1a: Krookodile|Krookodile, L79, F|100/100\n|switch|p2a: Palossand|Palossand, L89, F|296/296\n|-ability|p1a: Krookodile|Intimidate|boost\n|-unboost|p2a: Palossand|atk|1\n|turn|1\n|inactive|Battle timer is ON: inactive players will automatically lose when time's up. (requested by p0y814de8c)\n|inactive|p0x8143e0a also wants the timer to be on.\n|\n|t:|1783549334\n|move|p1a: Krookodile|Knock Off|p2a: Palossand\n|-supereffective|p2a: Palossand\n|-damage|p2a: Palossand|116/296\n|-enditem|p2a: Palossand|Leftovers|[from] move: Knock Off|[of] p1a: Krookodile\n|move|p2a: Palossand|Stealth Rock|p1a: Krookodile\n|-sidestart|p1: p0x8143e0a|move: Stealth Rock\n|\n|upkeep\n|turn|2\n|inactive|Time left: 300 sec this turn | 300 sec total\n|\n|t:|1783549335\n|move|p1a: Krookodile|Knock Off|p2a: Palossand\n|-supereffective|p2a: Palossand\n|-damage|p2a: Palossand|2/296\n|move|p2a: Palossand|Earth Power|p1a: Krookodile\n|-damage|p1a: Krookodile|48/100\n|\n|upkeep\n|turn|3\n|inactive|Time left: 300 sec this turn | 300 sec total\n|\n|t:|1783549337\n|switch|p2a: Umbreon|Umbreon, L84, M|297/297\n|move|p1a: Krookodile|Knock Off|p2a: Umbreon\n|-resisted|p2a: Umbreon\n|-damage|p2a: Umbreon|252/297\n|-enditem|p2a: Umbreon|Leftovers|[from] move: Knock Off|[of] p1a: Krookodile\n|\n|upkeep\n|turn|4\n|inactive|Time left: 300 sec this turn | 300 sec total\n|\n|t:|1783549338\n|move|p1a: Krookodile|Knock Off|p2a: Umbreon\n|-resisted|p2a: Umbreon\n|-damage|p2a: Umbreon|225/297\n|move|p2a: Umbreon|Toxic|p1a: Krookodile\n|-status|p1a: Krookodile|tox\n|\n|-damage|p1a: Krookodile|42/100 tox|[from] psn\n|upkeep\n|turn|5\n|inactive|Time left: 300 sec this turn | 300 sec total\n|\n|t:|1783549339\n|move|p1a: Krookodile|Knock Off|p2a: Umbreon\n|-resisted|p2a: Umbreon\n|-damage|p2a: Umbreon|195/297\n|move|p2a: Umbreon|Toxic|p1a: Krookodile\n|-fail|p1a: Krookodile|tox\n|\n|-damage|p1a: Krookodile|30/100 tox|[from] psn\n|upkeep\n|turn|6\n|inactive|Time left: 300 sec this turn | 300 sec total\n|\n|t:|1783549340\n|move|p1a: Krookodile|Knock Off|p2a: Umbreon\n|-resisted|p2a: Umbreon\n|-crit|p2a: Umbreon\n|-damage|p2a: Umbreon|149/297\n|move|p2a: Umbreon|Wish|p2a: Umbreon\n|\n|-damage|p1a: Krookodile|12/100 tox|[from] psn\n|upkeep\n|turn|7\n|inactive|Time left: 300 sec this turn | 300 sec total\n|\n|t:|1783549342\n|switch|p1a: Weezing|Weezing, L88, F|100/100\n|-damage|p1a: Weezing|88/100|[from] Stealth Rock\n|move|p2a: Umbreon|Toxic|p1a: Weezing\n|-immune|p1a: Weezing\n|\n|-heal|p2a: Umbreon|297/297|[from] move: Wish|[wisher] Umbreon\n|-heal|p1a: Weezing|94/100|[from] item: Leftovers\n|upkeep\n|turn|8\n|inactive|Time left: 300 sec this turn | 300 sec total\n|\n|t:|1783549343\n|switch|p2a: Palossand|Palossand, L89, F|2/296\n|move|p1a: Weezing|Toxic Spikes|p2a: Palossand\n|-sidestart|p2: p0y814de8c|move: Toxic Spikes\n|\n|-heal|p1a: Weezing|100/100|[from] item: Leftovers\n|upkeep\n|turn|9\n|inactive|Time left: 300 sec this turn | 300 sec total\n|\n|t:|1783549344\n|move|p1a: Weezing|Gunk Shot|p2a: Palossand\n|-resisted|p2a: Palossand\n|-damage|p2a: Palossand|0 fnt\n|faint|p2a: Palossand\n|\n|upkeep\n|inactive|Time left: 300 sec this turn | 300 sec total | 5 sec grace\n|\n|t:|1783549345\n|switch|p2a: Heatran|Heatran, L79, F|273/273\n|turn|10\n|inactive|Time left: 300 sec this turn | 300 sec total\n|\n|t:|1783549346\n|switch|p1a: Krookodile|Krookodile, L79, F|12/100 tox\n|-damage|p1a: Krookodile|5/100 tox|[from] Stealth Rock\n|-ability|p1a: Krookodile|Intimidate|boost\n|-unboost|p2a: Heatran|atk|1\n|move|p2a: Heatran|Magma Storm|p1a: Krookodile|[miss]\n|-miss|p2a: Heatran|p1a: Krookodile\n|\n|-damage|p1a: Krookodile|0 fnt|[from] psn\n|faint|p1a: Krookodile\n|upkeep\n|\n|t:|1783549346\n|switch|p1a: Floatzel|Floatzel, L86, M|100/100\n|-damage|p1a: Floatzel|88/100|[from] Stealth Rock\n|turn|11\n|inactive|Time left: 300 sec this turn | 300 sec total\n|\n|t:|1783549348\n|move|p1a: Floatzel|Wave Crash|p2a: Heatran\n|-supereffective|p2a: Heatran\n|-damage|p2a: Heatran|0 fnt\n|faint|p2a: Heatran\n|-damage|p1a: Floatzel|57/100|[from] Recoil\n|\n|upkeep\n|inactive|Time left: 300 sec this turn | 300 sec total | 5 sec grace\n|\n|t:|1783549349\n|switch|p2a: Passimian|Passimian, L83, M|302/302\n|-status|p2a: Passimian|psn\n|turn|12\n|inactive|Time left: 300 sec this turn | 300 sec total\n|\n|t:|1783549350\n|move|p2a: Passimian|Close Combat|p1a: Floatzel\n|-damage|p1a: Floatzel|0 fnt\n|-unboost|p2a: Passimian|def|1\n|-unboost|p2a: Passimian|spd|1\n|faint|p1a: Floatzel\n|\n|-damage|p2a: Passimian|265/302 psn|[from] psn\n|upkeep\n|\n|t:|1783549351\n|switch|p1a: Slither Wing|Slither Wing, L81|100/100\n|-damage|p1a: Slither Wing|88/100|[from] Stealth Rock\n|-enditem|p1a: Slither Wing|Booster Energy\n|-activate|p1a: Slither Wing|ability: Protosynthesis|[fromitem]\n|-start|p1a: Slither Wing|protosynthesisatk\n|turn|13\n|inactive|Time left: 300 sec this turn | 300 sec total\n|\n|t:|1783549352\n|switch|p2a: Banette|Banette, L93, F|270/270\n|-status|p2a: Banette|psn\n|move|p1a: Slither Wing|Bulk Up|p1a: Slither Wing\n|-boost|p1a: Slither Wing|atk|1\n|-boost|p1a: Slither Wing|def|1\n|\n|-damage|p2a: Banette|237/270 psn|[from] psn\n|upkeep\n|turn|14\n|inactive|Time left: 300 sec this turn | 300 sec total\n|\n|t:|1783549353\n|move|p1a: Slither Wing|Bulk Up|p1a: Slither Wing\n|-boost|p1a: Slither Wing|atk|1\n|-boost|p1a: Slither Wing|def|1\n|move|p2a: Banette|Gunk Shot|p1a: Slither Wing|[miss]\n|-miss|p2a: Banette|p1a: Slither Wing\n|\n|-damage|p2a: Banette|204/270 psn|[from] psn\n|upkeep\n|turn|15\n|inactive|Time left: 300 sec this turn | 300 sec total\n|\n|t:|1783549354\n|switch|p2a: Passimian|Passimian, L83, M|265/302 psn\n|move|p1a: Slither Wing|Leech Life|p2a: Passimian\n|-resisted|p2a: Passimian\n|-crit|p2a: Passimian\n|-damage|p2a: Passimian|58/302 psn\n|-heal|p1a: Slither Wing|100/100|[from] drain|[of] p2a: Passimian\n|\n|-damage|p2a: Passimian|21/302 psn|[from] psn\n|upkeep\n|turn|16\n|inactive|Time left: 300 sec this turn | 300 sec total\n|\n|t:|1783549355\n|move|p2a: Passimian|Gunk Shot|p1a: Slither Wing\n|-damage|p1a: Slither Wing|79/100\n|move|p1a: Slither Wing|Bulk Up|p1a: Slither Wing\n|-boost|p1a: Slither Wing|atk|1\n|-boost|p1a: Slither Wing|def|1\n|\n|-damage|p2a: Passimian|0 fnt|[from] psn\n|faint|p2a: Passimian\n|upkeep\n|inactive|Time left: 300 sec this turn | 300 sec total | 5 sec grace\n|\n|t:|1783549357\n|switch|p2a: Regigigas|Regigigas, L84|322/322\n|-status|p2a: Regigigas|psn\n|-start|p2a: Regigigas|ability: Slow Start\n|turn|17\n|inactive|Time left: 300 sec this turn | 300 sec total\n|\n|t:|1783549358\n|-terastallize|p2a: Regigigas|Ghost\n|move|p1a: Slither Wing|Leech Life|p2a: Regigigas\n|-resisted|p2a: Regigigas\n|-damage|p2a: Regigigas|187/322 psn\n|-heal|p1a: Slither Wing|100/100|[from] drain|[of] p2a: Regigigas\n|move|p2a: Regigigas|Body Slam|p1a: Slither Wing\n|-damage|p1a: Slither Wing|89/100\n|\n|-heal|p2a: Regigigas|207/322 psn|[from] item: Leftovers\n|-damage|p2a: Regigigas|167/322 psn|[from] psn\n|upkeep\n|turn|18\n|inactive|Time left: 300 sec this turn | 300 sec total\n|\n|t:|1783549359\n|move|p1a: Slither Wing|Leech Life|p2a: Regigigas\n|-resisted|p2a: Regigigas\n|-damage|p2a: Regigigas|26/322 psn\n|-heal|p1a: Slither Wing|100/100|[from] drain|[of] p2a: Regigigas\n|move|p2a: Regigigas|Rest|p2a: Regigigas\n|-status|p2a: Regigigas|slp|[from] move: Rest\n|-heal|p2a: Regigigas|322/322 slp|[silent]\n|\n|upkeep\n|turn|19\n|inactive|Time left: 300 sec this turn | 300 sec total\n|\n|t:|1783549360\n|move|p1a: Slither Wing|Wild Charge|p2a: Regigigas\n|-damage|p2a: Regigigas|101/322 slp\n|-damage|p1a: Slither Wing|80/100|[from] Recoil\n|cant|p2a: Regigigas|slp\n|\n|-heal|p2a: Regigigas|121/322 slp|[from] item: Leftovers\n|upkeep\n|turn|20\n|inactive|Time left: 300 sec this turn | 300 sec total\n|\n|t:|1783549361\n|move|p1a: Slither Wing|Leech Life|p2a: Regigigas\n|-resisted|p2a: Regigigas\n|-damage|p2a: Regigigas|0 fnt\n|-heal|p1a: Slither Wing|100/100|[from] drain|[of] p2a: Regigigas\n|faint|p2a: Regigigas\n|-end|p2a: Regigigas|Slow Start|[silent]\n|\n|upkeep\n|inactive|Time left: 300 sec this turn | 300 sec total | 5 sec grace\n|\n|t:|1783549362\n|switch|p2a: Umbreon|Umbreon, L84, M|297/297\n|-status|p2a: Umbreon|psn\n|turn|21\n|inactive|Time left: 300 sec this turn | 300 sec total\n|\n|t:|1783549363\n|move|p2a: Umbreon|Protect|p2a: Umbreon\n|-singleturn|p2a: Umbreon|Protect\n|move|p1a: Slither Wing|Leech Life|p2a: Umbreon\n|-activate|p2a: Umbreon|move: Protect\n|\n|-damage|p2a: Umbreon|260/297 psn|[from] psn\n|upkeep\n|turn|22\n|inactive|Time left: 300 sec this turn | 300 sec total\n|\n|t:|1783549363\n|move|p2a: Umbreon|Protect|p2a: Umbreon\n|-singleturn|p2a: Umbreon|Protect\n|move|p1a: Slither Wing|Leech Life|p2a: Umbreon\n|-activate|p2a: Umbreon|move: Protect\n|\n|-damage|p2a: Umbreon|223/297 psn|[from] psn\n|upkeep\n|turn|23\n|inactive|Time left: 300 sec this turn | 300 sec total\n|\n|t:|1783549364\n|move|p2a: Umbreon|Protect||[still]\n|-fail|p2a: Umbreon\n|move|p1a: Slither Wing|Leech Life|p2a: Umbreon\n|-supereffective|p2a: Umbreon\n|-damage|p2a: Umbreon|0 fnt\n|faint|p2a: Umbreon\n|\n|upkeep\n|inactive|Time left: 300 sec this turn | 300 sec total | 5 sec grace\n|\n|t:|1783549365\n|switch|p2a: Banette|Banette, L93, F|204/270 psn\n|turn|24\n|inactive|Time left: 300 sec this turn | 300 sec total\n|\n|t:|1783549366\n|move|p1a: Slither Wing|Wild Charge|p2a: Banette\n|-damage|p2a: Banette|0 fnt\n|faint|p2a: Banette\n|-damage|p1a: Slither Wing|82/100|[from] Recoil\n|\n|win|p0x8143e0a", "uploadtime": 1783549366, "views": 0, "rating": 0, "private": 0, "password": null, "_winner": "p0x8143e0a", "_our_name": "p0y814de8c"}