{"id": "battle-gen9randombattle-1665", "formatid": "gen9randombattle", "format": "[Gen 9] Random Battle", "players": ["p0x16659515", "p0y1665b48c"], "log": "|init|battle\n|title|p0x16659515 vs. p0y1665b48c\n|j|\u2606p0x16659515\n|j|\u2606p0y1665b48c\n|t:|1783558524\n|gametype|singles\n|player|p1|p0x16659515|101|\n|player|p2|p0y1665b48c|266|\n|gen|9\n|tier|[Gen 9] Random Battle\n|rule|Species Clause: Limit one of each Pok\u00e9mon\n|rule|HP Percentage Mod: HP is shown in percentages\n|rule|Sleep Clause Mod: Limit one foe put to sleep\n|rule|Illusion Level Mod: Illusion disguises the Pok\u00e9mon's true level\n|\n|t:|1783558524\n|teamsize|p1|6\n|teamsize|p2|6\n|start\n|switch|p1a: Jumpluff|Jumpluff, L87, M|271/271\n|switch|p2a: Blastoise|Blastoise, L80, F|100/100\n|turn|1\n|inactive|Battle timer is ON: inactive players will automatically lose when time's up. (requested by p0x16659515)\n|inactive|p0y1665b48c also wants the timer to be on.\n|\n|t:|1783558525\n|switch|p1a: Slaking|Slaking, L84, M|389/389\n|move|p2a: Blastoise|Shell Smash|p2a: Blastoise\n|-unboost|p2a: Blastoise|def|1\n|-unboost|p2a: Blastoise|spd|1\n|-boost|p2a: Blastoise|atk|2\n|-boost|p2a: Blastoise|spa|2\n|-boost|p2a: Blastoise|spe|2\n|-enditem|p2a: Blastoise|White Herb\n|-clearnegativeboost|p2a: Blastoise|[silent]\n|\n|upkeep\n|turn|2\n|inactive|Time left: 300 sec this turn | 300 sec total\n|\n|t:|1783558527\n|move|p2a: Blastoise|Hydro Pump|p1a: Slaking\n|-damage|p1a: Slaking|146/389\n|move|p1a: Slaking|Giga Impact|p2a: Blastoise\n|-damage|p2a: Blastoise|0 fnt\n|-mustrecharge|p1a: Slaking\n|faint|p2a: Blastoise\n|\n|upkeep\n|\n|t:|1783558528\n|switch|p2a: Ariados|Ariados, L95, F|100/100\n|turn|3\n|inactive|Time left: 300 sec this turn | 300 sec total\n|\n|t:|1783558529\n|cant|p1a: Slaking|recharge\n|move|p2a: Ariados|Sticky Web|p1a: Slaking\n|-sidestart|p1: p0x16659515|move: Sticky Web\n|\n|upkeep\n|turn|4\n|inactive|Time left: 300 sec this turn | 300 sec total\n|\n|t:|1783558530\n|switch|p2a: Lunala|Lunala, L70|100/100\n|move|p1a: Slaking|Giga Impact|p2a: Lunala\n|-immune|p2a: Lunala\n|\n|upkeep\n|turn|5\n|inactive|Time left: 300 sec this turn | 300 sec total\n|\n|t:|1783558531\n|cant|p1a: Slaking|ability: Truant\n|move|p2a: Lunala|Calm Mind|p2a: Lunala\n|-boost|p2a: Lunala|spa|1\n|-boost|p2a: Lunala|spd|1\n|\n|upkeep\n|turn|6\n|inactive|Time left: 300 sec this turn | 300 sec total\n|\n|t:|1783558532\n|move|p1a: Slaking|Giga Impact|p2a: Lunala\n|-immune|p2a: Lunala\n|move|p2a: Lunala|Calm Mind|p2a: Lunala\n|-boost|p2a: Lunala|spa|1\n|-boost|p2a: Lunala|spd|1\n|\n|upkeep\n|turn|7\n|inactive|Time left: 300 sec this turn | 300 sec total\n|\n|t:|1783558533\n|cant|p1a: Slaking|ability: Truant\n|move|p2a: Lunala|Moonblast|p1a: Slaking\n|-damage|p1a: Slaking|0 fnt\n|faint|p1a: Slaking\n|\n|upkeep\n|inactive|Time left: 300 sec this turn | 300 sec total | 5 sec grace\n|\n|t:|1783558534\n|switch|p1a: Jumpluff|Jumpluff, L87, M|271/271\n|turn|8\n|inactive|Time left: 300 sec this turn | 300 sec total\n|\n|t:|1783558535\n|move|p1a: Jumpluff|Sleep Powder|p2a: Lunala\n|-status|p2a: Lunala|slp|[from] move: Sleep Powder\n|cant|p2a: Lunala|slp\n|\n|upkeep\n|turn|9\n|inactive|Time left: 300 sec this turn | 300 sec total\n|\n|t:|1783558536\n|move|p1a: Jumpluff|Strength Sap|p2a: Lunala\n|-unboost|p2a: Lunala|atk|1\n|-curestatus|p2a: Lunala|slp|[msg]\n|move|p2a: Lunala|Moongeist Beam|p1a: Jumpluff\n|-damage|p1a: Jumpluff|76/271\n|\n|upkeep\n|turn|10\n|inactive|Time left: 300 sec this turn | 300 sec total\n|\n|t:|1783558537\n|move|p1a: Jumpluff|Strength Sap|p2a: Lunala\n|-unboost|p2a: Lunala|atk|1\n|-heal|p1a: Jumpluff|184/271\n|move|p2a: Lunala|Moongeist Beam|p1a: Jumpluff\n|-damage|p1a: Jumpluff|7/271\n|\n|upkeep\n|turn|11\n|inactive|Time left: 300 sec this turn | 300 sec total\n|\n|t:|1783558538\n|move|p1a: Jumpluff|Sleep Powder|p2a: Lunala\n|-status|p2a: Lunala|slp|[from] move: Sleep Powder\n|cant|p2a: Lunala|slp\n|\n|upkeep\n|turn|12\n|inactive|Time left: 300 sec this turn | 300 sec total\n|\n|t:|1783558540\n|move|p1a: Jumpluff|Strength Sap|p2a: Lunala\n|-unboost|p2a: Lunala|atk|1\n|-heal|p1a: Jumpluff|88/271\n|cant|p2a: Lunala|slp\n|\n|upkeep\n|turn|13\n|inactive|Time left: 300 sec this turn | 300 sec total\n|\n|t:|1783558541\n|move|p1a: Jumpluff|Strength Sap|p2a: Lunala\n|-unboost|p2a: Lunala|atk|1\n|-heal|p1a: Jumpluff|153/271\n|cant|p2a: Lunala|slp\n|\n|upkeep\n|turn|14\n|inactive|Time left: 300 sec this turn | 300 sec total\n|\n|t:|1783558542\n|move|p1a: Jumpluff|Strength Sap|p2a: Lunala\n|-unboost|p2a: Lunala|atk|1\n|-heal|p1a: Jumpluff|207/271\n|-curestatus|p2a: Lunala|slp|[msg]\n|move|p2a: Lunala|Moongeist Beam|p1a: Jumpluff\n|-damage|p1a: Jumpluff|24/271\n|\n|upkeep\n|turn|15\n|inactive|Time left: 300 sec this turn | 300 sec total\n|\n|t:|1783558543\n|move|p1a: Jumpluff|Sleep Powder|p2a: Lunala\n|-status|p2a: Lunala|slp|[from] move: Sleep Powder\n|cant|p2a: Lunala|slp\n|\n|upkeep\n|turn|16\n|inactive|Time left: 300 sec this turn | 300 sec total\n|\n|t:|1783558544\n|move|p1a: Jumpluff|Strength Sap|p2a: Lunala\n|-unboost|p2a: Lunala|atk|1\n|-heal|p1a: Jumpluff|70/271\n|cant|p2a: Lunala|slp\n|\n|upkeep\n|turn|17\n|inactive|Time left: 300 sec this turn | 300 sec total\n|\n|t:|1783558545\n|move|p1a: Jumpluff|Acrobatics|p2a: Lunala\n|-damage|p2a: Lunala|84/100 slp\n|cant|p2a: Lunala|slp\n|\n|-heal|p2a: Lunala|90/100 slp|[from] item: Leftovers\n|upkeep\n|turn|18\n|inactive|Time left: 300 sec this turn | 300 sec total\n|\n|t:|1783558546\n|move|p1a: Jumpluff|Acrobatics|p2a: Lunala\n|-damage|p2a: Lunala|57/100 slp\n|-curestatus|p2a: Lunala|slp|[msg]\n|move|p2a: Lunala|Moongeist Beam|p1a: Jumpluff\n|-damage|p1a: Jumpluff|0 fnt\n|faint|p1a: Jumpluff\n|\n|-heal|p2a: Lunala|63/100|[from] item: Leftovers\n|upkeep\n|inactive|Time left: 300 sec this turn | 300 sec total | 5 sec grace\n|\n|t:|1783558547\n|switch|p1a: Ho-Oh|Ho-Oh, L71|268/268\n|turn|19\n|inactive|Time left: 300 sec this turn | 300 sec total\n|\n|t:|1783558548\n|move|p2a: Lunala|Moongeist Beam|p1a: Ho-Oh\n|-damage|p1a: Ho-Oh|130/268\n|move|p1a: Ho-Oh|Sacred Fire|p2a: Lunala\n|-damage|p2a: Lunala|28/100\n|\n|-heal|p2a: Lunala|35/100|[from] item: Leftovers\n|upkeep\n|turn|20\n|inactive|Time left: 300 sec this turn | 300 sec total\n|\n|t:|1783558549\n|switch|p1a: Diancie|Diancie, L82|216/216\n|-activate|p1a: Diancie|move: Sticky Web\n|-fail|p1a: Diancie|unboost|[from] ability: Clear Body|[of] p1a: Diancie\n|move|p2a: Lunala|Moongeist Beam|p1a: Diancie\n|-damage|p1a: Diancie|75/216\n|\n|-heal|p2a: Lunala|41/100|[from] item: Leftovers\n|-heal|p1a: Diancie|88/216|[from] item: Leftovers\n|upkeep\n|turn|21\n|inactive|Time left: 300 sec this turn | 300 sec total\n|\n|t:|1783558550\n|move|p2a: Lunala|Moongeist Beam|p1a: Diancie\n|-damage|p1a: Diancie|0 fnt\n|faint|p1a: Diancie\n|\n|-heal|p2a: Lunala|47/100|[from] item: Leftovers\n|upkeep\n|inactive|Time left: 300 sec this turn | 300 sec total | 5 sec grace\n|\n|t:|1783558551\n|switch|p1a: Ho-Oh|Ho-Oh, L71|219/268\n|turn|22\n|inactive|Time left: 300 sec this turn | 300 sec total\n|\n|t:|1783558552\n|move|p2a: Lunala|Moonlight|p2a: Lunala\n|-heal|p2a: Lunala|97/100\n|move|p1a: Ho-Oh|Sacred Fire|p2a: Lunala\n|-damage|p2a: Lunala|62/100\n|\n|-heal|p2a: Lunala|68/100|[from] item: Leftovers\n|upkeep\n|turn|23\n|inactive|Time left: 300 sec this turn | 300 sec total\n|\n|t:|1783558553\n|move|p2a: Lunala|Moongeist Beam|p1a: Ho-Oh\n|-damage|p1a: Ho-Oh|63/268\n|move|p1a: Ho-Oh|Sacred Fire|p2a: Lunala\n|-damage|p2a: Lunala|30/100\n|-status|p2a: Lunala|brn\n|\n|-heal|p2a: Lunala|37/100 brn|[from] item: Leftovers\n|-damage|p2a: Lunala|30/100 brn|[from] brn\n|upkeep\n|turn|24\n|inactive|Time left: 300 sec this turn | 300 sec total\n|\n|t:|1783558554\n|-terastallize|p2a: Lunala|Fairy\n|move|p2a: Lunala|Moonblast|p1a: Ho-Oh\n|-resisted|p1a: Ho-Oh\n|-damage|p1a: Ho-Oh|0 fnt\n|faint|p1a: Ho-Oh\n|\n|-heal|p2a: Lunala|37/100 brn|[from] item: Leftovers\n|-damage|p2a: Lunala|30/100 brn|[from] brn\n|upkeep\n|inactive|Time left: 300 sec this turn | 300 sec total | 5 sec grace\n|\n|t:|1783558555\n|switch|p1a: Haxorus|Haxorus, L77, F|244/244\n|-activate|p1a: Haxorus|move: Sticky Web\n|-unboost|p1a: Haxorus|spe|1\n|-ability|p1a: Haxorus|Mold Breaker\n|turn|25\n|inactive|Time left: 300 sec this turn | 300 sec total\n|\n|t:|1783558556\n|-terastallize|p1a: Haxorus|Steel\n|move|p2a: Lunala|Moonblast|p1a: Haxorus\n|-resisted|p1a: Haxorus\n|-damage|p1a: Haxorus|129/244\n|move|p1a: Haxorus|Dragon Dance|p1a: Haxorus\n|-boost|p1a: Haxorus|atk|1\n|-boost|p1a: Haxorus|spe|1\n|\n|-heal|p2a: Lunala|37/100 brn|[from] item: Leftovers\n|-damage|p2a: Lunala|30/100 brn|[from] brn\n|upkeep\n|turn|26\n|inactive|Time left: 300 sec this turn | 300 sec total\n|\n|t:|1783558557\n|move|p1a: Haxorus|Iron Head|p2a: Lunala\n|-supereffective|p2a: Lunala\n|-damage|p2a: Lunala|0 fnt\n|faint|p2a: Lunala\n|\n|upkeep\n|\n|t:|1783558558\n|switch|p2a: Bronzong|Bronzong, L88|100/100\n|turn|27\n|inactive|Time left: 300 sec this turn | 300 sec total\n|\n|t:|1783558559\n|move|p1a: Haxorus|Iron Head|p2a: Bronzong\n|-resisted|p2a: Bronzong\n|-damage|p2a: Bronzong|78/100\n|move|p2a: Bronzong|Body Press|p1a: Haxorus\n|-supereffective|p1a: Haxorus\n|-damage|p1a: Haxorus|0 fnt\n|faint|p1a: Haxorus\n|\n|upkeep\n|inactive|Time left: 300 sec this turn | 300 sec total | 5 sec grace\n|\n|t:|1783558560\n|switch|p1a: Blaziken|Blaziken, L76, M|247/247\n|-activate|p1a: Blaziken|move: Sticky Web\n|-unboost|p1a: Blaziken|spe|1\n|turn|28\n|inactive|Time left: 300 sec this turn | 300 sec total\n|\n|t:|1783558561\n|switch|p2a: Dewgong|Dewgong, L94, F|100/100\n|move|p1a: Blaziken|Swords Dance|p1a: Blaziken\n|-boost|p1a: Blaziken|atk|2\n|\n|-ability|p1a: Blaziken|Speed Boost|boost\n|-boost|p1a: Blaziken|spe|1\n|upkeep\n|turn|29\n|inactive|Time left: 300 sec this turn | 300 sec total\n|\n|t:|1783558562\n|move|p2a: Dewgong|Surf|p1a: Blaziken\n|-supereffective|p1a: Blaziken\n|-damage|p1a: Blaziken|7/247\n|move|p1a: Blaziken|Stone Edge|p2a: Dewgong\n|-supereffective|p2a: Dewgong\n|-damage|p2a: Dewgong|0 fnt\n|faint|p2a: Dewgong\n|-damage|p1a: Blaziken|0 fnt|[from] item: Life Orb\n|faint|p1a: Blaziken\n|\n|win|p0y1665b48c", "uploadtime": 1783558562, "views": 0, "rating": 0, "private": 0, "password": null, "_winner": "p0y1665b48c", "_our_name": "p0x16659515"}