{"id": "battle-gen9randombattle-771", "formatid": "gen9randombattle", "format": "[Gen 9] Random Battle", "players": ["p0x7713529", "p0y7716194"], "log": "|init|battle\n|title|p0x7713529 vs. p0y7716194\n|j|\u2606p0x7713529\n|j|\u2606p0y7716194\n|t:|1783548066\n|gametype|singles\n|player|p1|p0x7713529|169|\n|player|p2|p0y7716194|102|\n|gen|9\n|tier|[Gen 9] Random Battle\n|rule|Species Clause: Limit one of each Pok\u00e9mon\n|rule|HP Percentage Mod: HP is shown in percentages\n|rule|Sleep Clause Mod: Limit one foe put to sleep\n|rule|Illusion Level Mod: Illusion disguises the Pok\u00e9mon's true level\n|\n|t:|1783548066\n|teamsize|p1|6\n|teamsize|p2|6\n|start\n|switch|p1a: Heracross|Heracross, L80, F|259/259\n|switch|p2a: Rayquaza|Rayquaza, L72|100/100\n|-ability|p2a: Rayquaza|Air Lock\n|turn|1\n|inactive|Battle timer is ON: inactive players will automatically lose when time's up. (requested by p0x7713529)\n|inactive|p0y7716194 also wants the timer to be on.\n|\n|t:|1783548068\n|move|p1a: Heracross|Knock Off|p2a: Rayquaza\n|-damage|p2a: Rayquaza|70/100\n|-enditem|p2a: Rayquaza|Loaded Dice|[from] move: Knock Off|[of] p1a: Heracross\n|move|p2a: Rayquaza|Dragon Ascent|p1a: Heracross\n|-supereffective|p1a: Heracross\n|-damage|p1a: Heracross|0 fnt\n|-unboost|p2a: Rayquaza|def|1\n|-unboost|p2a: Rayquaza|spd|1\n|faint|p1a: Heracross\n|\n|upkeep\n|inactive|Time left: 300 sec this turn | 300 sec total | 65 sec grace\n|\n|t:|1783548069\n|switch|p1a: Reuniclus|Reuniclus, L88, M|337/337\n|turn|2\n|inactive|Time left: 300 sec this turn | 300 sec total\n|\n|t:|1783548070\n|switch|p2a: Slaking|Slaking, L84, M|100/100\n|move|p1a: Reuniclus|Psyshock|p2a: Slaking\n|-damage|p2a: Slaking|68/100\n|\n|upkeep\n|turn|3\n|inactive|Time left: 300 sec this turn | 300 sec total\n|\n|t:|1783548071\n|switch|p1a: Brambleghast|Brambleghast, L88, F|240/240\n|move|p2a: Slaking|Giga Impact|p1a: Brambleghast\n|-immune|p1a: Brambleghast\n|\n|upkeep\n|turn|4\n|inactive|Time left: 300 sec this turn | 300 sec total\n|\n|t:|1783548072\n|switch|p2a: Rayquaza|Rayquaza, L72|70/100\n|-ability|p2a: Rayquaza|Air Lock\n|move|p1a: Brambleghast|Leech Seed|p2a: Rayquaza\n|-start|p2a: Rayquaza|move: Leech Seed\n|\n|-damage|p2a: Rayquaza|58/100|[from] Leech Seed|[of] p1a: Brambleghast\n|upkeep\n|turn|5\n|inactive|Time left: 300 sec this turn | 300 sec total\n|\n|t:|1783548073\n|switch|p2a: Slaking|Slaking, L84, M|68/100\n|move|p1a: Brambleghast|Substitute|p1a: Brambleghast\n|-start|p1a: Brambleghast|Substitute\n|-damage|p1a: Brambleghast|180/240\n|\n|-heal|p1a: Brambleghast|195/240|[from] item: Leftovers\n|upkeep\n|turn|6\n|inactive|Time left: 300 sec this turn | 300 sec total\n|\n|t:|1783548074\n|move|p2a: Slaking|Knock Off|p1a: Brambleghast\n|-supereffective|p1a: Brambleghast\n|-end|p1a: Brambleghast|Substitute\n|move|p1a: Brambleghast|Power Whip|p2a: Slaking\n|-damage|p2a: Slaking|31/100\n|\n|-heal|p1a: Brambleghast|210/240|[from] item: Leftovers\n|upkeep\n|turn|7\n|inactive|Time left: 300 sec this turn | 300 sec total\n|\n|t:|1783548075\n|switch|p2a: Rayquaza|Rayquaza, L72|58/100\n|-ability|p2a: Rayquaza|Air Lock\n|move|p1a: Brambleghast|Leech Seed|p2a: Rayquaza\n|-start|p2a: Rayquaza|move: Leech Seed\n|\n|-heal|p1a: Brambleghast|225/240|[from] item: Leftovers\n|-damage|p2a: Rayquaza|46/100|[from] Leech Seed|[of] p1a: Brambleghast\n|-heal|p1a: Brambleghast|240/240|[silent]\n|upkeep\n|turn|8\n|inactive|Time left: 300 sec this turn | 300 sec total\n|\n|t:|1783548076\n|move|p1a: Brambleghast|Substitute|p1a: Brambleghast\n|-start|p1a: Brambleghast|Substitute\n|-damage|p1a: Brambleghast|180/240\n|move|p2a: Rayquaza|Swords Dance|p2a: Rayquaza\n|-boost|p2a: Rayquaza|atk|2\n|\n|-heal|p1a: Brambleghast|195/240|[from] item: Leftovers\n|-damage|p2a: Rayquaza|33/100|[from] Leech Seed|[of] p1a: Brambleghast\n|-heal|p1a: Brambleghast|228/240|[silent]\n|upkeep\n|turn|9\n|inactive|Time left: 300 sec this turn | 300 sec total\n|\n|t:|1783548077\n|move|p1a: Brambleghast|Power Whip|p2a: Rayquaza|[miss]\n|-miss|p1a: Brambleghast|p2a: Rayquaza\n|move|p2a: Rayquaza|Scale Shot|p1a: Brambleghast\n|-end|p1a: Brambleghast|Substitute\n|-damage|p1a: Brambleghast|162/240\n|-damage|p1a: Brambleghast|104/240\n|-hitcount|p1a: Brambleghast|3\n|-unboost|p2a: Rayquaza|def|1\n|-boost|p2a: Rayquaza|spe|1\n|\n|-heal|p1a: Brambleghast|119/240|[from] item: Leftovers\n|-damage|p2a: Rayquaza|21/100|[from] Leech Seed|[of] p1a: Brambleghast\n|-heal|p1a: Brambleghast|152/240|[silent]\n|upkeep\n|turn|10\n|inactive|Time left: 300 sec this turn | 300 sec total\n|\n|t:|1783548078\n|switch|p1a: Reuniclus|Reuniclus, L88, M|337/337\n|move|p2a: Rayquaza|Dragon Ascent|p1a: Reuniclus\n|-damage|p1a: Reuniclus|69/337\n|-unboost|p2a: Rayquaza|def|1\n|-unboost|p2a: Rayquaza|spd|1\n|\n|-damage|p2a: Rayquaza|9/100|[from] Leech Seed|[of] p1a: Reuniclus\n|-heal|p1a: Reuniclus|102/337|[silent]\n|upkeep\n|turn|11\n|inactive|Time left: 300 sec this turn | 300 sec total\n|\n|t:|1783548080\n|move|p2a: Rayquaza|Dragon Ascent|p1a: Reuniclus\n|-damage|p1a: Reuniclus|0 fnt\n|-unboost|p2a: Rayquaza|def|1\n|-unboost|p2a: Rayquaza|spd|1\n|faint|p1a: Reuniclus\n|\n|upkeep\n|inactive|Time left: 300 sec this turn | 300 sec total | 5 sec grace\n|\n|t:|1783548081\n|switch|p1a: Sylveon|Sylveon, L85, M|300/300\n|turn|12\n|inactive|Time left: 300 sec this turn | 300 sec total\n|\n|t:|1783548082\n|move|p1a: Sylveon|Protect|p1a: Sylveon\n|-singleturn|p1a: Sylveon|Protect\n|move|p2a: Rayquaza|Dragon Ascent|p1a: Sylveon\n|-activate|p1a: Sylveon|move: Protect\n|\n|-damage|p2a: Rayquaza|0 fnt|[from] Leech Seed|[of] p1a: Sylveon\n|faint|p2a: Rayquaza\n|upkeep\n|\n|t:|1783548083\n|switch|p2a: Cinderace|Cinderace, L77, F|100/100\n|turn|13\n|inactive|Time left: 300 sec this turn | 300 sec total\n|\n|t:|1783548084\n|move|p2a: Cinderace|Pyro Ball|p1a: Sylveon|[miss]\n|-miss|p2a: Cinderace|p1a: Sylveon\n|move|p1a: Sylveon|Hyper Voice|p2a: Cinderace\n|-resisted|p2a: Cinderace\n|-damage|p2a: Cinderace|69/100\n|\n|upkeep\n|turn|14\n|inactive|Time left: 300 sec this turn | 300 sec total\n|\n|t:|1783548085\n|move|p2a: Cinderace|Pyro Ball|p1a: Sylveon\n|-damage|p1a: Sylveon|62/300\n|move|p1a: Sylveon|Hyper Voice|p2a: Cinderace\n|-resisted|p2a: Cinderace\n|-damage|p2a: Cinderace|37/100\n|\n|-heal|p1a: Sylveon|80/300|[from] item: Leftovers\n|upkeep\n|turn|15\n|inactive|Time left: 300 sec this turn | 300 sec total\n|\n|t:|1783548086\n|switch|p1a: Kyogre|Kyogre, L71|259/259\n|-weather|RainDance|[from] ability: Drizzle|[of] p1a: Kyogre\n|move|p2a: Cinderace|Pyro Ball|p1a: Kyogre\n|-resisted|p1a: Kyogre\n|-damage|p1a: Kyogre|209/259\n|\n|-weather|RainDance|[upkeep]\n|-heal|p1a: Kyogre|225/259|[from] item: Leftovers\n|upkeep\n|turn|16\n|inactive|Time left: 300 sec this turn | 300 sec total\n|\n|t:|1783548087\n|move|p2a: Cinderace|Pyro Ball|p1a: Kyogre\n|-resisted|p1a: Kyogre\n|-damage|p1a: Kyogre|174/259\n|move|p1a: Kyogre|Origin Pulse|p2a: Cinderace\n|-supereffective|p2a: Cinderace\n|-damage|p2a: Cinderace|0 fnt\n|faint|p2a: Cinderace\n|\n|-weather|RainDance|[upkeep]\n|-heal|p1a: Kyogre|190/259|[from] item: Leftovers\n|upkeep\n|\n|t:|1783548087\n|switch|p2a: Slaking|Slaking, L84, M|31/100\n|turn|17\n|inactive|Time left: 300 sec this turn | 300 sec total\n|\n|t:|1783548089\n|switch|p1a: Brambleghast|Brambleghast, L88, F|152/240\n|move|p2a: Slaking|Knock Off|p1a: Brambleghast\n|-supereffective|p1a: Brambleghast\n|-damage|p1a: Brambleghast|0 fnt\n|-enditem|p1a: Brambleghast|Leftovers|[from] move: Knock Off|[of] p2a: Slaking\n|faint|p1a: Brambleghast\n|\n|-weather|RainDance|[upkeep]\n|upkeep\n|inactive|Time left: 300 sec this turn | 300 sec total | 5 sec grace\n|\n|t:|1783548089\n|switch|p1a: Kyogre|Kyogre, L71|190/259\n|turn|18\n|inactive|Time left: 300 sec this turn | 300 sec total\n|\n|t:|1783548090\n|cant|p2a: Slaking|ability: Truant\n|move|p1a: Kyogre|Origin Pulse|p2a: Slaking\n|-damage|p2a: Slaking|0 fnt\n|faint|p2a: Slaking\n|\n|-weather|RainDance|[upkeep]\n|-heal|p1a: Kyogre|206/259|[from] item: Leftovers\n|upkeep\n|\n|t:|1783548091\n|switch|p2a: Palkia|Palkia, L75|100/100\n|-ability|p2a: Palkia|Pressure\n|turn|19\n|inactive|Time left: 300 sec this turn | 300 sec total\n|\n|t:|1783548092\n|switch|p1a: Sylveon|Sylveon, L85, M|80/300\n|move|p2a: Palkia|Spacial Rend|p1a: Sylveon\n|-immune|p1a: Sylveon\n|\n|-weather|none\n|-heal|p1a: Sylveon|98/300|[from] item: Leftovers\n|upkeep\n|turn|20\n|inactive|Time left: 300 sec this turn | 300 sec total\n|\n|t:|1783548093\n|move|p2a: Palkia|Hydro Pump|p1a: Sylveon\n|-damage|p1a: Sylveon|0 fnt\n|faint|p1a: Sylveon\n|\n|upkeep\n|inactive|Time left: 300 sec this turn | 300 sec total | 5 sec grace\n|\n|t:|1783548093\n|switch|p1a: Kyogre|Kyogre, L71|206/259\n|-weather|RainDance|[from] ability: Drizzle|[of] p1a: Kyogre\n|turn|21\n|inactive|Time left: 300 sec this turn | 300 sec total\n|\n|t:|1783548094\n|move|p2a: Palkia|Spacial Rend|p1a: Kyogre\n|-damage|p1a: Kyogre|94/259\n|move|p1a: Kyogre|Calm Mind|p1a: Kyogre\n|-boost|p1a: Kyogre|spa|1\n|-boost|p1a: Kyogre|spd|1\n|\n|-weather|RainDance|[upkeep]\n|-heal|p1a: Kyogre|110/259|[from] item: Leftovers\n|upkeep\n|turn|22\n|inactive|Time left: 300 sec this turn | 300 sec total\n|\n|t:|1783548095\n|move|p2a: Palkia|Spacial Rend|p1a: Kyogre\n|-damage|p1a: Kyogre|29/259\n|move|p1a: Kyogre|Thunder|p2a: Palkia\n|-damage|p2a: Palkia|56/100\n|\n|-weather|RainDance|[upkeep]\n|-heal|p1a: Kyogre|45/259|[from] item: Leftovers\n|upkeep\n|turn|23\n|inactive|Time left: 300 sec this turn | 300 sec total\n|\n|t:|1783548097\n|move|p2a: Palkia|Spacial Rend|p1a: Kyogre\n|-crit|p1a: Kyogre\n|-damage|p1a: Kyogre|0 fnt\n|faint|p1a: Kyogre\n|\n|-weather|RainDance|[upkeep]\n|upkeep\n|inactive|Time left: 300 sec this turn | 300 sec total | 5 sec grace\n|\n|t:|1783548098\n|switch|p1a: Amoonguss|Amoonguss, L82, M|321/321\n|turn|24\n|inactive|Time left: 300 sec this turn | 300 sec total\n|\n|t:|1783548099\n|move|p2a: Palkia|Spacial Rend|p1a: Amoonguss\n|-damage|p1a: Amoonguss|144/321\n|move|p1a: Amoonguss|Spore|p2a: Palkia\n|-status|p2a: Palkia|slp|[from] move: Spore\n|\n|-weather|RainDance|[upkeep]\n|upkeep\n|turn|25\n|inactive|Time left: 300 sec this turn | 300 sec total\n|\n|t:|1783548100\n|switch|p2a: Probopass|Probopass, L91, F|100/100\n|move|p1a: Amoonguss|Sludge Bomb|p2a: Probopass\n|-immune|p2a: Probopass\n|\n|-weather|none\n|upkeep\n|turn|26\n|inactive|Time left: 300 sec this turn | 300 sec total\n|\n|t:|1783548101\n|-terastallize|p2a: Probopass|Fighting\n|move|p2a: Probopass|Body Press|p1a: Amoonguss\n|-resisted|p1a: Amoonguss\n|-damage|p1a: Amoonguss|63/321\n|-damage|p2a: Probopass|84/100|[from] item: Rocky Helmet|[of] p1a: Amoonguss\n|move|p1a: Amoonguss|Giga Drain|p2a: Probopass\n|-damage|p2a: Probopass|68/100\n|-heal|p1a: Amoonguss|84/321|[from] drain|[of] p2a: Probopass\n|\n|-heal|p2a: Probopass|74/100|[from] item: Leftovers\n|upkeep\n|turn|27\n|inactive|Time left: 300 sec this turn | 300 sec total\n|\n|t:|1783548102\n|-terastallize|p1a: Amoonguss|Steel\n|move|p2a: Probopass|Body Press|p1a: Amoonguss\n|-supereffective|p1a: Amoonguss\n|-damage|p1a: Amoonguss|0 fnt\n|-damage|p2a: Probopass|58/100|[from] item: Rocky Helmet|[of] p1a: Amoonguss\n|faint|p1a: Amoonguss\n|\n|win|p0y7716194", "uploadtime": 1783548102, "views": 0, "rating": 0, "private": 0, "password": null, "_winner": "p0y7716194", "_our_name": "p0x7713529"}