{"id": "battle-gen9randombattle-2338", "formatid": "gen9randombattle", "format": "[Gen 9] Random Battle", "players": ["p0x23387658", "p0y23387e12"], "log": "|init|battle\n|title|p0x23387658 vs. p0y23387e12\n|j|\u2606p0x23387658\n|j|\u2606p0y23387e12\n|t:|1783566139\n|gametype|singles\n|player|p1|p0x23387658|170|\n|player|p2|p0y23387e12|265|\n|gen|9\n|tier|[Gen 9] Random Battle\n|rule|Species Clause: Limit one of each Pok\u00e9mon\n|rule|HP Percentage Mod: HP is shown in percentages\n|rule|Sleep Clause Mod: Limit one foe put to sleep\n|rule|Illusion Level Mod: Illusion disguises the Pok\u00e9mon's true level\n|\n|t:|1783566139\n|teamsize|p1|6\n|teamsize|p2|6\n|start\n|switch|p1a: Mudsdale|Mudsdale, L83, F|302/302\n|switch|p2a: Toxtricity|Toxtricity, L82, M|100/100\n|turn|1\n|inactive|Battle timer is ON: inactive players will automatically lose when time's up. (requested by p0x23387658)\n|inactive|p0y23387e12 also wants the timer to be on.\n|\n|t:|1783566141\n|-terastallize|p2a: Toxtricity|Normal\n|move|p2a: Toxtricity|Boomburst|p1a: Mudsdale\n|-damage|p1a: Mudsdale|0 fnt\n|faint|p1a: Mudsdale\n|\n|upkeep\n|inactive|Time left: 300 sec this turn | 300 sec total | 65 sec grace\n|\n|t:|1783566142\n|switch|p1a: Regidrago|Regidrago, L77|435/435\n|turn|2\n|inactive|Time left: 300 sec this turn | 300 sec total\n|\n|t:|1783566143\n|-terastallize|p1a: Regidrago|Dragon\n|move|p1a: Regidrago|Outrage|p2a: Toxtricity\n|-damage|p2a: Toxtricity|0 fnt\n|faint|p2a: Toxtricity\n|\n|upkeep\n|\n|t:|1783566144\n|switch|p2a: Farigiraf|Farigiraf, L90, F|100/100\n|turn|3\n|inactive|Time left: 300 sec this turn | 300 sec total\n|\n|t:|1783566145\n|move|p2a: Farigiraf|Protect|p2a: Farigiraf\n|-singleturn|p2a: Farigiraf|Protect\n|move|p1a: Regidrago|Outrage|p2a: Farigiraf|[from] lockedmove\n|-activate|p2a: Farigiraf|move: Protect\n|-start|p1a: Regidrago|confusion|[fatigue]\n|\n|upkeep\n|turn|4\n|inactive|Time left: 300 sec this turn | 300 sec total\n|\n|t:|1783566146\n|-activate|p1a: Regidrago|confusion\n|move|p1a: Regidrago|Outrage|p2a: Farigiraf\n|-damage|p2a: Farigiraf|34/100\n|move|p2a: Farigiraf|Body Slam|p1a: Regidrago\n|-damage|p1a: Regidrago|275/435\n|\n|-heal|p2a: Farigiraf|40/100|[from] item: Leftovers\n|upkeep\n|turn|5\n|inactive|Time left: 300 sec this turn | 300 sec total\n|\n|t:|1783566147\n|move|p2a: Farigiraf|Protect|p2a: Farigiraf\n|-singleturn|p2a: Farigiraf|Protect\n|-activate|p1a: Regidrago|confusion\n|move|p1a: Regidrago|Outrage|p2a: Farigiraf|[from] lockedmove\n|-activate|p2a: Farigiraf|move: Protect\n|\n|-heal|p2a: Farigiraf|46/100|[from] item: Leftovers\n|upkeep\n|turn|6\n|inactive|Time left: 300 sec this turn | 300 sec total\n|\n|t:|1783566148\n|-end|p1a: Regidrago|confusion\n|move|p1a: Regidrago|Outrage|p2a: Farigiraf\n|-damage|p2a: Farigiraf|0 fnt\n|faint|p2a: Farigiraf\n|\n|upkeep\n|\n|t:|1783566148\n|switch|p2a: Ambipom|Ambipom, L84, F|100/100\n|turn|7\n|inactive|Time left: 300 sec this turn | 300 sec total\n|\n|t:|1783566149\n|move|p2a: Ambipom|Fake Out|p1a: Regidrago\n|-damage|p1a: Regidrago|145/435\n|cant|p1a: Regidrago|flinch\n|\n|upkeep\n|turn|8\n|inactive|Time left: 300 sec this turn | 300 sec total\n|\n|t:|1783566150\n|move|p1a: Regidrago|Outrage|p2a: Ambipom\n|-damage|p2a: Ambipom|0 fnt\n|faint|p2a: Ambipom\n|\n|upkeep\n|\n|t:|1783566151\n|switch|p2a: Chandelure|Chandelure, L83, F|100/100\n|turn|9\n|inactive|Time left: 300 sec this turn | 300 sec total\n|\n|t:|1783566152\n|move|p1a: Regidrago|Outrage|p2a: Chandelure|[from] lockedmove\n|-damage|p2a: Chandelure|13/100\n|-start|p1a: Regidrago|confusion|[fatigue]\n|move|p2a: Chandelure|Shadow Ball|p1a: Regidrago\n|-damage|p1a: Regidrago|0 fnt\n|faint|p1a: Regidrago\n|\n|-heal|p2a: Chandelure|19/100|[from] item: Leftovers\n|upkeep\n|inactive|Time left: 300 sec this turn | 300 sec total | 5 sec grace\n|\n|t:|1783566153\n|switch|p1a: Solgaleo|Solgaleo, L74|325/325\n|turn|10\n|inactive|Time left: 300 sec this turn | 300 sec total\n|\n|t:|1783566154\n|switch|p2a: Galvantula|Galvantula, L82, F|100/100\n|move|p1a: Solgaleo|Psychic|p2a: Galvantula\n|-damage|p2a: Galvantula|54/100\n|-unboost|p2a: Galvantula|spd|1\n|\n|upkeep\n|turn|11\n|inactive|Time left: 300 sec this turn | 300 sec total\n|\n|t:|1783566155\n|move|p2a: Galvantula|Sticky Web|p1a: Solgaleo\n|-sidestart|p1: p0x23387658|move: Sticky Web\n|move|p1a: Solgaleo|Psychic|p2a: Galvantula\n|-damage|p2a: Galvantula|0 fnt\n|faint|p2a: Galvantula\n|\n|upkeep\n|\n|t:|1783566156\n|switch|p2a: Giratina|Giratina, L75|100/100\n|-ability|p2a: Giratina|Pressure\n|turn|12\n|inactive|Time left: 300 sec this turn | 300 sec total\n|\n|t:|1783566157\n|switch|p1a: Arboliva|Arboliva, L91, F|290/290\n|-activate|p1a: Arboliva|move: Sticky Web\n|-unboost|p1a: Arboliva|spe|1\n|move|p2a: Giratina|Calm Mind|p2a: Giratina\n|-boost|p2a: Giratina|spa|1\n|-boost|p2a: Giratina|spd|1\n|\n|upkeep\n|turn|13\n|inactive|Time left: 300 sec this turn | 300 sec total\n|\n|t:|1783566158\n|move|p2a: Giratina|Calm Mind|p2a: Giratina\n|-boost|p2a: Giratina|spa|1\n|-boost|p2a: Giratina|spd|1\n|move|p1a: Arboliva|Strength Sap|p2a: Giratina\n|-unboost|p2a: Giratina|atk|1\n|\n|upkeep\n|turn|14\n|inactive|Time left: 300 sec this turn | 300 sec total\n|\n|t:|1783566158\n|move|p2a: Giratina|Calm Mind|p2a: Giratina\n|-boost|p2a: Giratina|spa|1\n|-boost|p2a: Giratina|spd|1\n|move|p1a: Arboliva|Strength Sap|p2a: Giratina\n|-unboost|p2a: Giratina|atk|1\n|\n|upkeep\n|turn|15\n|inactive|Time left: 300 sec this turn | 300 sec total\n|\n|t:|1783566159\n|move|p2a: Giratina|Dragon Pulse|p1a: Arboliva\n|-damage|p1a: Arboliva|136/290\n|-fieldstart|move: Grassy Terrain|[from] ability: Seed Sower|[of] p1a: Arboliva\n|move|p1a: Arboliva|Strength Sap|p2a: Giratina\n|-unboost|p2a: Giratina|atk|1\n|-heal|p1a: Arboliva|213/290\n|\n|-heal|p1a: Arboliva|231/290|[from] Grassy Terrain\n|-heal|p1a: Arboliva|249/290|[from] item: Leftovers\n|upkeep\n|turn|16\n|inactive|Time left: 300 sec this turn | 300 sec total\n|\n|t:|1783566160\n|move|p2a: Giratina|Dragon Pulse|p1a: Arboliva\n|-damage|p1a: Arboliva|102/290\n|move|p1a: Arboliva|Strength Sap|p2a: Giratina\n|-unboost|p2a: Giratina|atk|1\n|-heal|p1a: Arboliva|164/290\n|\n|-heal|p1a: Arboliva|182/290|[from] Grassy Terrain\n|-heal|p1a: Arboliva|200/290|[from] item: Leftovers\n|upkeep\n|turn|17\n|inactive|Time left: 300 sec this turn | 300 sec total\n|\n|t:|1783566161\n|move|p2a: Giratina|Dragon Pulse|p1a: Arboliva\n|-damage|p1a: Arboliva|65/290\n|move|p1a: Arboliva|Strength Sap|p2a: Giratina\n|-unboost|p2a: Giratina|atk|1\n|-heal|p1a: Arboliva|116/290\n|\n|-heal|p1a: Arboliva|134/290|[from] Grassy Terrain\n|-heal|p1a: Arboliva|152/290|[from] item: Leftovers\n|upkeep\n|turn|18\n|inactive|Time left: 300 sec this turn | 300 sec total\n|\n|t:|1783566162\n|move|p2a: Giratina|Dragon Pulse|p1a: Arboliva\n|-damage|p1a: Arboliva|4/290\n|move|p1a: Arboliva|Strength Sap|p2a: Giratina\n|-unboost|p2a: Giratina|atk|1\n|-heal|p1a: Arboliva|48/290\n|\n|-heal|p1a: Arboliva|66/290|[from] Grassy Terrain\n|-heal|p1a: Arboliva|84/290|[from] item: Leftovers\n|upkeep\n|turn|19\n|inactive|Time left: 300 sec this turn | 300 sec total\n|\n|t:|1783566163\n|switch|p1a: Solgaleo|Solgaleo, L74|325/325\n|-activate|p1a: Solgaleo|move: Sticky Web\n|-fail|p1a: Solgaleo|unboost|[from] ability: Full Metal Body|[of] p1a: Solgaleo\n|move|p2a: Giratina|Dragon Pulse|p1a: Solgaleo\n|-resisted|p1a: Solgaleo\n|-damage|p1a: Solgaleo|219/325\n|\n|-heal|p1a: Solgaleo|239/325|[from] Grassy Terrain\n|-fieldend|move: Grassy Terrain\n|upkeep\n|turn|20\n|inactive|Time left: 300 sec this turn | 300 sec total\n|\n|t:|1783566164\n|move|p1a: Solgaleo|Sunsteel Strike|p2a: Giratina\n|-damage|p2a: Giratina|71/100\n|move|p2a: Giratina|Dragon Pulse|p1a: Solgaleo\n|-resisted|p1a: Solgaleo\n|-damage|p1a: Solgaleo|136/325\n|\n|-heal|p2a: Giratina|77/100|[from] item: Leftovers\n|upkeep\n|turn|21\n|inactive|Time left: 300 sec this turn | 300 sec total\n|\n|t:|1783566165\n|move|p1a: Solgaleo|Sunsteel Strike|p2a: Giratina\n|-damage|p2a: Giratina|50/100\n|move|p2a: Giratina|Dragon Pulse|p1a: Solgaleo\n|-resisted|p1a: Solgaleo\n|-damage|p1a: Solgaleo|28/325\n|\n|-heal|p2a: Giratina|56/100|[from] item: Leftovers\n|upkeep\n|turn|22\n|inactive|Time left: 300 sec this turn | 300 sec total\n|\n|t:|1783566167\n|move|p1a: Solgaleo|Sunsteel Strike|p2a: Giratina\n|-damage|p2a: Giratina|31/100\n|move|p2a: Giratina|Dragon Pulse|p1a: Solgaleo\n|-resisted|p1a: Solgaleo\n|-damage|p1a: Solgaleo|0 fnt\n|faint|p1a: Solgaleo\n|\n|-heal|p2a: Giratina|37/100|[from] item: Leftovers\n|upkeep\n|inactive|Time left: 300 sec this turn | 300 sec total | 5 sec grace\n|\n|t:|1783566168\n|switch|p1a: Ariados|Ariados, L95, M|287/287\n|turn|23\n|inactive|Time left: 300 sec this turn | 300 sec total\n|\n|t:|1783566169\n|move|p2a: Giratina|Dragon Pulse|p1a: Ariados\n|-damage|p1a: Ariados|77/287\n|move|p1a: Ariados|Knock Off|p2a: Giratina\n|-supereffective|p2a: Giratina\n|-damage|p2a: Giratina|0 fnt\n|-enditem|p2a: Giratina|Leftovers|[from] move: Knock Off|[of] p1a: Ariados\n|faint|p2a: Giratina\n|\n|upkeep\n|\n|t:|1783566170\n|switch|p2a: Chandelure|Chandelure, L83, F|19/100\n|turn|24\n|inactive|Time left: 300 sec this turn | 300 sec total\n|\n|t:|1783566170\n|move|p2a: Chandelure|Fire Blast|p1a: Ariados\n|-supereffective|p1a: Ariados\n|-damage|p1a: Ariados|0 fnt\n|faint|p1a: Ariados\n|\n|-heal|p2a: Chandelure|25/100|[from] item: Leftovers\n|upkeep\n|inactive|Time left: 300 sec this turn | 300 sec total | 5 sec grace\n|\n|t:|1783566171\n|switch|p1a: Farigiraf|Farigiraf, L90, M|362/362\n|-activate|p1a: Farigiraf|move: Sticky Web\n|-unboost|p1a: Farigiraf|spe|1\n|turn|25\n|inactive|Time left: 300 sec this turn | 300 sec total\n|\n|t:|1783566172\n|move|p2a: Chandelure|Shadow Ball|p1a: Farigiraf\n|-immune|p1a: Farigiraf\n|move|p1a: Farigiraf|Psychic Noise|p2a: Chandelure\n|-damage|p2a: Chandelure|0 fnt\n|faint|p2a: Chandelure\n|\n|win|p0x23387658", "uploadtime": 1783566172, "views": 0, "rating": 0, "private": 0, "password": null, "_winner": "p0x23387658", "_our_name": "p0x23387658"}