{"id": "battle-gen9randombattle-685", "formatid": "gen9randombattle", "format": "[Gen 9] Random Battle", "players": ["p0x685f084", "p0y685efff"], "log": "|init|battle\n|title|p0x685f084 vs. p0y685efff\n|j|\u2606p0x685f084\n|j|\u2606p0y685efff\n|t:|1783547070\n|gametype|singles\n|player|p1|p0x685f084|102|\n|player|p2|p0y685efff|169|\n|gen|9\n|tier|[Gen 9] Random Battle\n|rule|Species Clause: Limit one of each Pok\u00e9mon\n|rule|HP Percentage Mod: HP is shown in percentages\n|rule|Sleep Clause Mod: Limit one foe put to sleep\n|rule|Illusion Level Mod: Illusion disguises the Pok\u00e9mon's true level\n|\n|t:|1783547070\n|teamsize|p1|6\n|teamsize|p2|6\n|start\n|switch|p1a: Spectrier|Spectrier, L75|100/100\n|switch|p2a: Regieleki|Regieleki, L79|256/256\n|turn|1\n|inactive|Battle timer is ON: inactive players will automatically lose when time's up. (requested by p0x685f084)\n|inactive|Time left: 300 sec this turn | 300 sec total | 60 sec grace\n|\n|t:|1783547071\n|move|p2a: Regieleki|Volt Switch|p1a: Spectrier\n|-damage|p1a: Spectrier|57/100\n|inactive|Time left: 300 sec this turn | 300 sec total | 65 sec grace\n|inactive|p0y685efff also wants the timer to be on.\n|\n|t:|1783547073\n|switch|p2a: Meganium|Meganium, L90, F|290/290|[from] Volt Switch\n|move|p1a: Spectrier|Nasty Plot|p1a: Spectrier\n|-boost|p1a: Spectrier|spa|2\n|\n|upkeep\n|turn|2\n|inactive|Time left: 300 sec this turn | 300 sec total\n|\n|t:|1783547074\n|-terastallize|p1a: Spectrier|Fairy\n|move|p1a: Spectrier|Draining Kiss|p2a: Meganium\n|-damage|p2a: Meganium|142/290\n|-heal|p1a: Spectrier|97/100|[from] drain|[of] p2a: Meganium\n|-damage|p1a: Spectrier|87/100|[from] item: Life Orb\n|move|p2a: Meganium|Knock Off|p1a: Spectrier\n|-resisted|p1a: Spectrier\n|-damage|p1a: Spectrier|68/100\n|-enditem|p1a: Spectrier|Life Orb|[from] move: Knock Off|[of] p2a: Meganium\n|\n|-heal|p2a: Meganium|160/290|[from] item: Leftovers\n|upkeep\n|turn|3\n|inactive|Time left: 300 sec this turn | 300 sec total\n|\n|t:|1783547075\n|move|p1a: Spectrier|Draining Kiss|p2a: Meganium\n|-damage|p2a: Meganium|46/290\n|-heal|p1a: Spectrier|99/100|[from] drain|[of] p2a: Meganium\n|move|p2a: Meganium|Petal Blizzard|p1a: Spectrier\n|-damage|p1a: Spectrier|26/100\n|\n|-heal|p2a: Meganium|64/290|[from] item: Leftovers\n|upkeep\n|turn|4\n|inactive|Time left: 300 sec this turn | 300 sec total\n|\n|t:|1783547076\n|switch|p2a: Quagsire|Quagsire, L84, M|297/297\n|move|p1a: Spectrier|Shadow Ball|p2a: Quagsire\n|-damage|p2a: Quagsire|173/297\n|\n|-heal|p2a: Quagsire|191/297|[from] item: Leftovers\n|upkeep\n|turn|5\n|inactive|Time left: 300 sec this turn | 300 sec total\n|\n|t:|1783547077\n|move|p1a: Spectrier|Draining Kiss|p2a: Quagsire\n|-damage|p2a: Quagsire|98/297\n|-heal|p1a: Spectrier|52/100|[from] drain|[of] p2a: Quagsire\n|move|p2a: Quagsire|Earthquake|p1a: Spectrier\n|-damage|p1a: Spectrier|2/100\n|\n|-heal|p2a: Quagsire|116/297|[from] item: Leftovers\n|upkeep\n|turn|6\n|inactive|Time left: 300 sec this turn | 300 sec total\n|\n|t:|1783547078\n|switch|p2a: Porygon2|Porygon2, L81|270/270\n|-ability|p2a: Porygon2|Download|boost\n|-boost|p2a: Porygon2|atk|1\n|move|p1a: Spectrier|Shadow Ball|p2a: Porygon2\n|-immune|p2a: Porygon2\n|\n|upkeep\n|turn|7\n|inactive|Time left: 300 sec this turn | 300 sec total\n|\n|t:|1783547078\n|move|p1a: Spectrier|Draining Kiss|p2a: Porygon2\n|-damage|p2a: Porygon2|176/270\n|-heal|p1a: Spectrier|28/100|[from] drain|[of] p2a: Porygon2\n|move|p2a: Porygon2|Tri Attack|p1a: Spectrier\n|-damage|p1a: Spectrier|0 fnt\n|faint|p1a: Spectrier\n|\n|upkeep\n|\n|t:|1783547079\n|switch|p1a: Abomasnow|Abomasnow, L84, M|100/100\n|-weather|Snowscape|[from] ability: Snow Warning|[of] p1a: Abomasnow\n|turn|8\n|inactive|Time left: 300 sec this turn | 300 sec total\n|\n|t:|1783547080\n|move|p1a: Abomasnow|Aurora Veil|p1a: Abomasnow\n|-sidestart|p1: p0x685f084|move: Aurora Veil\n|move|p2a: Porygon2|Recover|p2a: Porygon2\n|-heal|p2a: Porygon2|270/270\n|\n|-weather|Snowscape|[upkeep]\n|upkeep\n|turn|9\n|inactive|Time left: 300 sec this turn | 300 sec total\n|\n|t:|1783547081\n|move|p1a: Abomasnow|Blizzard|p2a: Porygon2\n|-damage|p2a: Porygon2|201/270\n|move|p2a: Porygon2|Tri Attack|p1a: Abomasnow\n|-damage|p1a: Abomasnow|85/100\n|\n|-weather|Snowscape|[upkeep]\n|upkeep\n|turn|10\n|inactive|Time left: 300 sec this turn | 300 sec total\n|\n|t:|1783547082\n|move|p1a: Abomasnow|Blizzard|p2a: Porygon2\n|-damage|p2a: Porygon2|134/270\n|move|p2a: Porygon2|Recover|p2a: Porygon2\n|-heal|p2a: Porygon2|269/270\n|\n|-weather|Snowscape|[upkeep]\n|upkeep\n|turn|11\n|inactive|Time left: 300 sec this turn | 300 sec total\n|\n|t:|1783547083\n|move|p1a: Abomasnow|Blizzard|p2a: Porygon2\n|-damage|p2a: Porygon2|197/270\n|move|p2a: Porygon2|Tri Attack|p1a: Abomasnow\n|-damage|p1a: Abomasnow|70/100\n|\n|-weather|Snowscape|[upkeep]\n|upkeep\n|turn|12\n|inactive|Time left: 300 sec this turn | 300 sec total\n|\n|t:|1783547084\n|move|p1a: Abomasnow|Blizzard|p2a: Porygon2\n|-damage|p2a: Porygon2|127/270\n|move|p2a: Porygon2|Tri Attack|p1a: Abomasnow\n|-damage|p1a: Abomasnow|57/100\n|-status|p1a: Abomasnow|par\n|\n|-weather|none\n|upkeep\n|turn|13\n|inactive|Time left: 300 sec this turn | 300 sec total\n|\n|t:|1783547085\n|switch|p1a: Rabsca|Rabsca, L91, F|100/100\n|move|p2a: Porygon2|Recover|p2a: Porygon2\n|-heal|p2a: Porygon2|262/270\n|\n|upkeep\n|turn|14\n|inactive|Time left: 300 sec this turn | 300 sec total\n|\n|t:|1783547086\n|move|p2a: Porygon2|Discharge|p1a: Rabsca\n|-damage|p1a: Rabsca|92/100\n|move|p1a: Rabsca|Bug Buzz|p2a: Porygon2\n|-damage|p2a: Porygon2|175/270\n|\n|upkeep\n|turn|15\n|inactive|Time left: 300 sec this turn | 300 sec total\n|\n|t:|1783547087\n|move|p2a: Porygon2|Recover|p2a: Porygon2\n|-heal|p2a: Porygon2|270/270\n|move|p1a: Rabsca|Psychic|p2a: Porygon2\n|-damage|p2a: Porygon2|182/270\n|\n|-sideend|p1: p0x685f084|move: Aurora Veil\n|upkeep\n|turn|16\n|inactive|Time left: 300 sec this turn | 300 sec total\n|\n|t:|1783547088\n|move|p2a: Porygon2|Tri Attack|p1a: Rabsca\n|-damage|p1a: Rabsca|65/100\n|-status|p1a: Rabsca|par\n|-activate|p1a: Rabsca|ability: Synchronize\n|-status|p2a: Porygon2|par\n|move|p1a: Rabsca|Psychic|p2a: Porygon2\n|-damage|p2a: Porygon2|103/270 par\n|\n|upkeep\n|turn|17\n|inactive|Time left: 300 sec this turn | 300 sec total\n|\n|t:|1783547089\n|move|p2a: Porygon2|Recover|p2a: Porygon2\n|-heal|p2a: Porygon2|238/270 par\n|move|p1a: Rabsca|Recover|p1a: Rabsca\n|-heal|p1a: Rabsca|100/100 par\n|\n|upkeep\n|turn|18\n|inactive|Time left: 300 sec this turn | 300 sec total\n|\n|t:|1783547090\n|move|p2a: Porygon2|Ice Beam|p1a: Rabsca\n|-damage|p1a: Rabsca|80/100 par\n|move|p1a: Rabsca|Bug Buzz|p2a: Porygon2\n|-damage|p2a: Porygon2|162/270 par\n|\n|upkeep\n|turn|19\n|inactive|Time left: 300 sec this turn | 300 sec total\n|\n|t:|1783547091\n|move|p2a: Porygon2|Recover|p2a: Porygon2\n|-heal|p2a: Porygon2|270/270 par\n|move|p1a: Rabsca|Bug Buzz|p2a: Porygon2\n|-damage|p2a: Porygon2|186/270 par\n|\n|upkeep\n|turn|20\n|inactive|Time left: 300 sec this turn | 300 sec total\n|\n|t:|1783547092\n|move|p2a: Porygon2|Recover|p2a: Porygon2\n|-heal|p2a: Porygon2|270/270 par\n|cant|p1a: Rabsca|par\n|\n|upkeep\n|turn|21\n|inactive|Time left: 300 sec this turn | 300 sec total\n|\n|t:|1783547093\n|cant|p2a: Porygon2|par\n|cant|p1a: Rabsca|par\n|\n|upkeep\n|turn|22\n|inactive|Time left: 300 sec this turn | 300 sec total\n|\n|t:|1783547094\n|move|p2a: Porygon2|Ice Beam|p1a: Rabsca\n|-damage|p1a: Rabsca|61/100 par\n|move|p1a: Rabsca|Psychic|p2a: Porygon2\n|-damage|p2a: Porygon2|189/270 par\n|\n|upkeep\n|turn|23\n|inactive|Time left: 300 sec this turn | 300 sec total\n|\n|t:|1783547095\n|cant|p2a: Porygon2|par\n|move|p1a: Rabsca|Bug Buzz|p2a: Porygon2\n|-damage|p2a: Porygon2|101/270 par\n|\n|upkeep\n|turn|24\n|inactive|Time left: 300 sec this turn | 300 sec total\n|\n|t:|1783547096\n|cant|p2a: Porygon2|par\n|move|p1a: Rabsca|Recover|p1a: Rabsca\n|-heal|p1a: Rabsca|100/100 par\n|\n|upkeep\n|turn|25\n|inactive|Time left: 300 sec this turn | 300 sec total\n|\n|t:|1783547097\n|cant|p2a: Porygon2|par\n|move|p1a: Rabsca|Bug Buzz|p2a: Porygon2\n|-damage|p2a: Porygon2|11/270 par\n|\n|upkeep\n|turn|26\n|inactive|Time left: 300 sec this turn | 300 sec total\n|\n|t:|1783547098\n|move|p2a: Porygon2|Recover|p2a: Porygon2\n|-heal|p2a: Porygon2|146/270 par\n|move|p1a: Rabsca|Bug Buzz|p2a: Porygon2\n|-damage|p2a: Porygon2|70/270 par\n|\n|upkeep\n|turn|27\n|inactive|Time left: 300 sec this turn | 300 sec total\n|\n|t:|1783547100\n|cant|p2a: Porygon2|par\n|move|p1a: Rabsca|Psychic|p2a: Porygon2\n|-damage|p2a: Porygon2|0 fnt\n|faint|p2a: Porygon2\n|\n|upkeep\n|inactive|Time left: 300 sec this turn | 300 sec total | 5 sec grace\n|\n|t:|1783547101\n|switch|p2a: Quagsire|Quagsire, L84, M|116/297\n|turn|28\n|inactive|Time left: 300 sec this turn | 300 sec total\n|\n|t:|1783547102\n|move|p2a: Quagsire|Recover|p2a: Quagsire\n|-heal|p2a: Quagsire|265/297\n|move|p1a: Rabsca|Bug Buzz|p2a: Quagsire\n|-damage|p2a: Quagsire|114/297\n|\n|-heal|p2a: Quagsire|132/297|[from] item: Leftovers\n|upkeep\n|turn|29\n|inactive|Time left: 300 sec this turn | 300 sec total\n|\n|t:|1783547103\n|move|p2a: Quagsire|Recover|p2a: Quagsire\n|-heal|p2a: Quagsire|281/297\n|cant|p1a: Rabsca|par\n|\n|-heal|p2a: Quagsire|297/297|[from] item: Leftovers\n|upkeep\n|turn|30\n|inactive|Time left: 300 sec this turn | 300 sec total\n|\n|t:|1783547104\n|move|p2a: Quagsire|Spikes|p1a: Rabsca\n|-sidestart|p1: p0x685f084|Spikes\n|cant|p1a: Rabsca|par\n|\n|upkeep\n|turn|31\n|inactive|Time left: 300 sec this turn | 300 sec total\n|\n|t:|1783547105\n|move|p2a: Quagsire|Spikes|p1a: Rabsca\n|-sidestart|p1: p0x685f084|Spikes\n|cant|p1a: Rabsca|par\n|\n|upkeep\n|turn|32\n|inactive|Time left: 300 sec this turn | 300 sec total\n|\n|t:|1783547106\n|move|p2a: Quagsire|Spikes|p1a: Rabsca\n|-sidestart|p1: p0x685f084|Spikes\n|move|p1a: Rabsca|Psychic|p2a: Quagsire\n|-crit|p2a: Quagsire\n|-damage|p2a: Quagsire|56/297\n|\n|-heal|p2a: Quagsire|74/297|[from] item: Leftovers\n|upkeep\n|turn|33\n|inactive|Time left: 300 sec this turn | 300 sec total\n|\n|t:|1783547107\n|move|p2a: Quagsire|Recover|p2a: Quagsire\n|-heal|p2a: Quagsire|223/297\n|cant|p1a: Rabsca|par\n|\n|-heal|p2a: Quagsire|241/297|[from] item: Leftovers\n|upkeep\n|turn|34\n|inactive|Time left: 300 sec this turn | 300 sec total\n|\n|t:|1783547108\n|move|p2a: Quagsire|Recover|p2a: Quagsire\n|-heal|p2a: Quagsire|297/297\n|cant|p1a: Rabsca|par\n|\n|upkeep\n|turn|35\n|inactive|Time left: 300 sec this turn | 300 sec total\n|\n|t:|1783547110\n|move|p2a: Quagsire|Earthquake|p1a: Rabsca\n|-resisted|p1a: Rabsca\n|-damage|p1a: Rabsca|85/100 par\n|cant|p1a: Rabsca|par\n|\n|upkeep\n|turn|36\n|inactive|Time left: 300 sec this turn | 300 sec total\n|\n|t:|1783547111\n|move|p2a: Quagsire|Earthquake|p1a: Rabsca\n|-resisted|p1a: Rabsca\n|-damage|p1a: Rabsca|70/100 par\n|move|p1a: Rabsca|Bug Buzz|p2a: Quagsire\n|-damage|p2a: Quagsire|152/297\n|\n|-heal|p2a: Quagsire|170/297|[from] item: Leftovers\n|upkeep\n|turn|37\n|inactive|Time left: 300 sec this turn | 300 sec total\n|\n|t:|1783547112\n|move|p2a: Quagsire|Recover|p2a: Quagsire\n|-heal|p2a: Quagsire|297/297\n|move|p1a: Rabsca|Psychic|p2a: Quagsire\n|-damage|p2a: Quagsire|134/297\n|\n|-heal|p2a: Quagsire|152/297|[from] item: Leftovers\n|upkeep\n|turn|38\n|inactive|Time left: 300 sec this turn | 300 sec total\n|\n|t:|1783547113\n|move|p2a: Quagsire|Recover|p2a: Quagsire\n|-heal|p2a: Quagsire|297/297\n|move|p1a: Rabsca|Psychic|p2a: Quagsire\n|-damage|p2a: Quagsire|147/297\n|\n|-heal|p2a: Quagsire|165/297|[from] item: Leftovers\n|upkeep\n|turn|39\n|inactive|Time left: 300 sec this turn | 300 sec total\n|\n|t:|1783547114\n|move|p2a: Quagsire|Recover|p2a: Quagsire\n|-heal|p2a: Quagsire|297/297\n|move|p1a: Rabsca|Psychic|p2a: Quagsire\n|-damage|p2a: Quagsire|152/297\n|\n|-heal|p2a: Quagsire|170/297|[from] item: Leftovers\n|upkeep\n|turn|40\n|inactive|Time left: 300 sec this turn | 300 sec total\n|\n|t:|1783547115\n|move|p2a: Quagsire|Recover|p2a: Quagsire\n|-heal|p2a: Quagsire|297/297\n|move|p1a: Rabsca|Psychic|p2a: Quagsire\n|-damage|p2a: Quagsire|135/297\n|\n|-heal|p2a: Quagsire|153/297|[from] item: Leftovers\n|upkeep\n|turn|41\n|inactive|Time left: 300 sec this turn | 300 sec total\n|\n|t:|1783547116\n|switch|p2a: Latios|Latios, L78, M|253/253\n|cant|p1a: Rabsca|par\n|\n|upkeep\n|turn|42\n|inactive|Time left: 300 sec this turn | 300 sec total\n|\n|t:|1783547117\n|move|p2a: Latios|Luster Purge|p1a: Rabsca\n|-resisted|p1a: Rabsca\n|-damage|p1a: Rabsca|52/100 par\n|move|p1a: Rabsca|Bug Buzz|p2a: Latios\n|-supereffective|p2a: Latios\n|-damage|p2a: Latios|35/253\n|\n|upkeep\n|turn|43\n|inactive|Time left: 300 sec this turn | 300 sec total\n|\n|t:|1783547118\n|move|p2a: Latios|Draco Meteor|p1a: Rabsca\n|-damage|p1a: Rabsca|0 fnt\n|-unboost|p2a: Latios|spa|2\n|faint|p1a: Rabsca\n|\n|upkeep\n|\n|t:|1783547119\n|switch|p1a: Donphan|Donphan, L84, M|100/100\n|-damage|p1a: Donphan|75/100|[from] Spikes\n|turn|44\n|inactive|Time left: 300 sec this turn | 300 sec total\n|\n|t:|1783547120\n|switch|p2a: Meganium|Meganium, L90, F|64/290\n|move|p1a: Donphan|Rapid Spin|p2a: Meganium\n|-damage|p2a: Meganium|27/290\n|-boost|p1a: Donphan|spe|1\n|-sideend|p1: p0x685f084|Spikes|[from] move: Rapid Spin|[of] p1a: Donphan\n|\n|-heal|p1a: Donphan|82/100|[from] item: Leftovers\n|-heal|p2a: Meganium|45/290|[from] item: Leftovers\n|upkeep\n|turn|45\n|inactive|Time left: 300 sec this turn | 300 sec total\n|\n|t:|1783547121\n|switch|p2a: Latios|Latios, L78, M|35/253\n|move|p1a: Donphan|Earthquake|p2a: Latios\n|-immune|p2a: Latios|[from] ability: Levitate\n|\n|-heal|p1a: Donphan|88/100|[from] item: Leftovers\n|upkeep\n|turn|46\n|inactive|Time left: 300 sec this turn | 300 sec total\n|\n|t:|1783547122\n|move|p2a: Latios|Draco Meteor|p1a: Donphan\n|-damage|p1a: Donphan|8/100\n|-unboost|p2a: Latios|spa|2\n|move|p1a: Donphan|Rapid Spin|p2a: Latios\n|-damage|p2a: Latios|0 fnt\n|-boost|p1a: Donphan|spe|1\n|faint|p2a: Latios\n|\n|-heal|p1a: Donphan|15/100|[from] item: Leftovers\n|upkeep\n|inactive|Time left: 300 sec this turn | 300 sec total | 5 sec grace\n|\n|t:|1783547123\n|switch|p2a: Hawlucha|Hawlucha, L80, F|256/256\n|turn|47\n|inactive|Time left: 300 sec this turn | 300 sec total\n|\n|t:|1783547124\n|move|p1a: Donphan|Ice Spinner|p2a: Hawlucha\n|-supereffective|p2a: Hawlucha\n|-damage|p2a: Hawlucha|88/256\n|move|p2a: Hawlucha|Swords Dance|p2a: Hawlucha\n|-boost|p2a: Hawlucha|atk|2\n|\n|-heal|p1a: Donphan|21/100|[from] item: Leftovers\n|upkeep\n|turn|48\n|inactive|Time left: 300 sec this turn | 300 sec total\n|\n|t:|1783547125\n|-terastallize|p2a: Hawlucha|Fighting\n|move|p1a: Donphan|Ice Spinner|p2a: Hawlucha\n|-damage|p2a: Hawlucha|8/256\n|move|p2a: Hawlucha|Acrobatics|p1a: Donphan\n|-damage|p1a: Donphan|0 fnt\n|faint|p1a: Donphan\n|\n|upkeep\n|\n|t:|1783547127\n|switch|p1a: Inteleon|Inteleon, L81, F|100/100\n|turn|49\n|inactive|Time left: 300 sec this turn | 300 sec total\n|\n|t:|1783547128\n|move|p1a: Inteleon|U-turn|p2a: Hawlucha\n|-resisted|p2a: Hawlucha\n|-damage|p2a: Hawlucha|0 fnt\n|faint|p2a: Hawlucha\n|\n|t:|1783547129\n|switch|p1a: Abomasnow|Abomasnow, L84, M|57/100 par|[from] U-turn\n|-weather|Snowscape|[from] ability: Snow Warning|[of] p1a: Abomasnow\n|\n|-weather|Snowscape|[upkeep]\n|upkeep\n|inactive|Time left: 300 sec this turn | 300 sec total | 10 sec grace\n|\n|t:|1783547130\n|switch|p2a: Regieleki|Regieleki, L79|256/256\n|turn|50\n|inactive|Time left: 300 sec this turn | 300 sec total\n|\n|t:|1783547131\n|move|p2a: Regieleki|Thunderbolt|p1a: Abomasnow\n|-resisted|p1a: Abomasnow\n|-damage|p1a: Abomasnow|33/100 par\n|move|p1a: Abomasnow|Aurora Veil|p1a: Abomasnow\n|-sidestart|p1: p0x685f084|move: Aurora Veil\n|\n|-weather|Snowscape|[upkeep]\n|upkeep\n|turn|51\n|inactive|Time left: 300 sec this turn | 300 sec total\n|\n|t:|1783547132\n|switch|p2a: Meganium|Meganium, L90, F|45/290\n|cant|p1a: Abomasnow|par\n|\n|-weather|Snowscape|[upkeep]\n|-heal|p2a: Meganium|63/290|[from] item: Leftovers\n|upkeep\n|turn|52\n|inactive|Time left: 300 sec this turn | 300 sec total\n|\n|t:|1783547133\n|move|p1a: Abomasnow|Ice Shard|p2a: Meganium\n|-supereffective|p2a: Meganium\n|-damage|p2a: Meganium|0 fnt\n|faint|p2a: Meganium\n|\n|-weather|Snowscape|[upkeep]\n|upkeep\n|inactive|Time left: 300 sec this turn | 300 sec total | 5 sec grace\n|\n|t:|1783547134\n|switch|p2a: Regieleki|Regieleki, L79|256/256\n|turn|53\n|inactive|Time left: 300 sec this turn | 300 sec total\n|\n|t:|1783547135\n|move|p2a: Regieleki|Volt Switch|p1a: Abomasnow\n|-resisted|p1a: Abomasnow\n|-damage|p1a: Abomasnow|24/100 par\n|inactive|Time left: 300 sec this turn | 300 sec total | 5 sec grace\n|\n|t:|1783547136\n|switch|p2a: Quagsire|Quagsire, L84, M|153/297|[from] Volt Switch\n|move|p1a: Abomasnow|Earthquake|p2a: Quagsire\n|-damage|p2a: Quagsire|87/297\n|\n|-weather|none\n|-heal|p2a: Quagsire|105/297|[from] item: Leftovers\n|upkeep\n|turn|54\n|inactive|Time left: 300 sec this turn | 300 sec total\n|\n|t:|1783547137\n|switch|p1a: Inteleon|Inteleon, L81, F|100/100\n|move|p2a: Quagsire|Toxic|p1a: Inteleon\n|-status|p1a: Inteleon|tox\n|\n|-heal|p2a: Quagsire|123/297|[from] item: Leftovers\n|-damage|p1a: Inteleon|94/100 tox|[from] psn\n|upkeep\n|turn|55\n|inactive|Time left: 300 sec this turn | 300 sec total\n|\n|t:|1783547138\n|switch|p2a: Regieleki|Regieleki, L79|256/256\n|move|p1a: Inteleon|Scald|p2a: Regieleki\n|-damage|p2a: Regieleki|40/256\n|-status|p2a: Regieleki|brn\n|\n|-damage|p1a: Inteleon|82/100 tox|[from] psn\n|-damage|p2a: Regieleki|24/256 brn|[from] brn\n|upkeep\n|turn|56\n|inactive|Time left: 300 sec this turn | 300 sec total\n|\n|t:|1783547139\n|move|p2a: Regieleki|Thunderbolt|p1a: Inteleon\n|-supereffective|p1a: Inteleon\n|-damage|p1a: Inteleon|15/100 tox\n|move|p1a: Inteleon|Scald|p2a: Regieleki\n|-damage|p2a: Regieleki|0 fnt\n|faint|p2a: Regieleki\n|\n|-damage|p1a: Inteleon|0 fnt|[from] psn\n|faint|p1a: Inteleon\n|upkeep\n|inactive|Time left: 300 sec this turn | 300 sec total | 5 sec grace\n|\n|t:|1783547140\n|switch|p2a: Quagsire|Quagsire, L84, M|123/297\n|switch|p1a: Lokix|Lokix, L82, F|100/100\n|turn|57\n|inactive|Time left: 300 sec this turn | 300 sec total\n|\n|t:|1783547141\n|move|p1a: Lokix|Knock Off|p2a: Quagsire\n|-damage|p2a: Quagsire|0 fnt\n|-enditem|p2a: Quagsire|Leftovers|[from] move: Knock Off|[of] p1a: Lokix\n|faint|p2a: Quagsire\n|-damage|p1a: Lokix|91/100|[from] item: Life Orb\n|\n|win|p0x685f084", "uploadtime": 1783547141, "views": 0, "rating": 0, "private": 0, "password": null, "_winner": "p0x685f084", "_our_name": "p0y685efff"}