{"id": "battle-gen9randombattle-2103", "formatid": "gen9randombattle", "format": "[Gen 9] Random Battle", "players": ["p0x21036e63", "p0y21032b7f"], "log": "|init|battle\n|title|p0x21036e63 vs. p0y21032b7f\n|j|\u2606p0x21036e63\n|j|\u2606p0y21032b7f\n|t:|1783564350\n|gametype|singles\n|player|p1|p0x21036e63|1|\n|player|p2|p0y21032b7f|169|\n|gen|9\n|tier|[Gen 9] Random Battle\n|rule|Species Clause: Limit one of each Pok\u00e9mon\n|rule|HP Percentage Mod: HP is shown in percentages\n|rule|Sleep Clause Mod: Limit one foe put to sleep\n|rule|Illusion Level Mod: Illusion disguises the Pok\u00e9mon's true level\n|\n|t:|1783564350\n|teamsize|p1|6\n|teamsize|p2|6\n|start\n|switch|p1a: Vigoroth|Vigoroth, L85, M|100/100\n|switch|p2a: Minior|Minior-Indigo, L79|224/224\n|-formechange|p2a: Minior|Minior-Meteor||[from] ability: Shields Down\n|turn|1\n|inactive|Battle timer is ON: inactive players will automatically lose when time's up. (requested by p0x21036e63)\n|inactive|Time left: 300 sec this turn | 300 sec total | 60 sec grace\n|inactive|p0y21032b7f also wants the timer to be on.\n|\n|t:|1783564352\n|move|p1a: Vigoroth|Bulk Up|p1a: Vigoroth\n|-boost|p1a: Vigoroth|atk|1\n|-boost|p1a: Vigoroth|def|1\n|move|p2a: Minior|Shell Smash|p2a: Minior\n|-unboost|p2a: Minior|def|1\n|-unboost|p2a: Minior|spd|1\n|-boost|p2a: Minior|atk|2\n|-boost|p2a: Minior|spa|2\n|-boost|p2a: Minior|spe|2\n|-enditem|p2a: Minior|White Herb\n|-clearnegativeboost|p2a: Minior|[silent]\n|\n|upkeep\n|turn|2\n|inactive|Time left: 300 sec this turn | 300 sec total\n|\n|t:|1783564353\n|move|p2a: Minior|Acrobatics|p1a: Vigoroth\n|-damage|p1a: Vigoroth|76/100\n|move|p1a: Vigoroth|Bulk Up|p1a: Vigoroth\n|-boost|p1a: Vigoroth|atk|1\n|-boost|p1a: Vigoroth|def|1\n|\n|upkeep\n|turn|3\n|inactive|Time left: 300 sec this turn | 300 sec total\n|\n|t:|1783564354\n|move|p2a: Minior|Power Gem|p1a: Vigoroth\n|-damage|p1a: Vigoroth|38/100\n|move|p1a: Vigoroth|Slack Off|p1a: Vigoroth\n|-heal|p1a: Vigoroth|88/100\n|\n|upkeep\n|turn|4\n|inactive|Time left: 300 sec this turn | 300 sec total\n|\n|t:|1783564355\n|move|p2a: Minior|Power Gem|p1a: Vigoroth\n|-damage|p1a: Vigoroth|55/100\n|move|p1a: Vigoroth|Body Slam|p2a: Minior\n|-resisted|p2a: Minior\n|-damage|p2a: Minior|147/224\n|\n|upkeep\n|turn|5\n|inactive|Time left: 300 sec this turn | 300 sec total\n|\n|t:|1783564357\n|move|p2a: Minior|Power Gem|p1a: Vigoroth\n|-damage|p1a: Vigoroth|21/100\n|move|p1a: Vigoroth|Slack Off|p1a: Vigoroth\n|-heal|p1a: Vigoroth|71/100\n|\n|upkeep\n|turn|6\n|inactive|Time left: 300 sec this turn | 300 sec total\n|\n|t:|1783564358\n|move|p2a: Minior|Power Gem|p1a: Vigoroth\n|-damage|p1a: Vigoroth|35/100\n|move|p1a: Vigoroth|Slack Off|p1a: Vigoroth\n|-heal|p1a: Vigoroth|85/100\n|\n|upkeep\n|turn|7\n|inactive|Time left: 300 sec this turn | 300 sec total\n|\n|t:|1783564359\n|move|p2a: Minior|Power Gem|p1a: Vigoroth\n|-crit|p1a: Vigoroth\n|-damage|p1a: Vigoroth|32/100\n|move|p1a: Vigoroth|Body Slam|p2a: Minior\n|-resisted|p2a: Minior\n|-damage|p2a: Minior|75/224\n|\n|-formechange|p2a: Minior|Minior-Indigo||[from] ability: Shields Down\n|upkeep\n|turn|8\n|inactive|Time left: 300 sec this turn | 300 sec total\n|\n|t:|1783564360\n|move|p2a: Minior|Power Gem|p1a: Vigoroth\n|-damage|p1a: Vigoroth|0 fnt\n|faint|p1a: Vigoroth\n|\n|upkeep\n|\n|t:|1783564361\n|switch|p1a: Banette|Banette, L93, F|100/100\n|turn|9\n|inactive|Time left: 300 sec this turn | 300 sec total\n|\n|t:|1783564362\n|move|p1a: Banette|Shadow Sneak|p2a: Minior\n|-damage|p2a: Minior|0 fnt\n|faint|p2a: Minior\n|-damage|p1a: Banette|90/100|[from] item: Life Orb\n|\n|upkeep\n|inactive|Time left: 300 sec this turn | 300 sec total | 5 sec grace\n|\n|t:|1783564363\n|switch|p2a: Haxorus|Haxorus, L77, F|244/244\n|-ability|p2a: Haxorus|Mold Breaker\n|turn|10\n|inactive|Time left: 300 sec this turn | 300 sec total\n|\n|t:|1783564364\n|move|p2a: Haxorus|Outrage|p1a: Banette\n|-damage|p1a: Banette|23/100\n|move|p1a: Banette|Poltergeist|p2a: Haxorus|[miss]\n|-miss|p1a: Banette|p2a: Haxorus\n|\n|upkeep\n|turn|11\n|inactive|Time left: 300 sec this turn | 300 sec total\n|\n|t:|1783564365\n|move|p1a: Banette|Shadow Sneak|p2a: Haxorus\n|-damage|p2a: Haxorus|157/244\n|-damage|p1a: Banette|13/100|[from] item: Life Orb\n|move|p2a: Haxorus|Outrage|p1a: Banette|[from] lockedmove\n|-damage|p1a: Banette|0 fnt\n|faint|p1a: Banette\n|\n|upkeep\n|\n|t:|1783564366\n|switch|p1a: Meowstic|Meowstic, L89, M|100/100\n|turn|12\n|inactive|Time left: 300 sec this turn | 300 sec total\n|\n|t:|1783564367\n|-terastallize|p1a: Meowstic|Fairy\n|move|p1a: Meowstic|Alluring Voice|p2a: Haxorus\n|-supereffective|p2a: Haxorus\n|-damage|p2a: Haxorus|0 fnt\n|faint|p2a: Haxorus\n|\n|upkeep\n|inactive|Time left: 300 sec this turn | 300 sec total | 5 sec grace\n|\n|t:|1783564368\n|switch|p2a: Houndstone|Houndstone, L86, M|264/264\n|turn|13\n|inactive|Time left: 300 sec this turn | 300 sec total\n|\n|t:|1783564369\n|move|p1a: Meowstic|Reflect|p1a: Meowstic\n|-sidestart|p1: p0x21036e63|Reflect\n|move|p2a: Houndstone|Poltergeist|p1a: Meowstic\n|-activate|p1a: Meowstic|move: Poltergeist|Light Clay\n|-crit|p1a: Meowstic\n|-damage|p1a: Meowstic|0 fnt\n|faint|p1a: Meowstic\n|\n|upkeep\n|\n|t:|1783564370\n|switch|p1a: Scovillain|Scovillain, L91, M|100/100\n|turn|14\n|inactive|Time left: 300 sec this turn | 300 sec total\n|\n|t:|1783564371\n|switch|p2a: Charizard|Charizard, L85, F|271/271\n|move|p1a: Scovillain|Fire Blast|p2a: Charizard\n|-resisted|p2a: Charizard\n|-damage|p2a: Charizard|197/271\n|\n|upkeep\n|turn|15\n|inactive|Time left: 300 sec this turn | 300 sec total\n|\n|t:|1783564372\n|move|p2a: Charizard|Dragon Dance|p2a: Charizard\n|-boost|p2a: Charizard|atk|1\n|-boost|p2a: Charizard|spe|1\n|move|p1a: Scovillain|Fire Blast|p2a: Charizard\n|-resisted|p2a: Charizard\n|-damage|p2a: Charizard|118/271\n|\n|upkeep\n|turn|16\n|inactive|Time left: 300 sec this turn | 300 sec total\n|\n|t:|1783564372\n|move|p2a: Charizard|Outrage|p1a: Scovillain\n|-damage|p1a: Scovillain|73/100\n|move|p1a: Scovillain|Fire Blast|p2a: Charizard\n|-resisted|p2a: Charizard\n|-damage|p2a: Charizard|40/271\n|\n|upkeep\n|turn|17\n|inactive|Time left: 300 sec this turn | 300 sec total\n|\n|t:|1783564373\n|move|p2a: Charizard|Outrage|p1a: Scovillain|[from] lockedmove\n|-damage|p1a: Scovillain|48/100\n|-start|p2a: Charizard|confusion|[fatigue]\n|move|p1a: Scovillain|Fire Blast|p2a: Charizard\n|-resisted|p2a: Charizard\n|-damage|p2a: Charizard|0 fnt\n|faint|p2a: Charizard\n|\n|upkeep\n|inactive|Time left: 300 sec this turn | 300 sec total | 5 sec grace\n|\n|t:|1783564374\n|switch|p2a: Iron Valiant|Iron Valiant, L78|244/244\n|turn|18\n|inactive|Time left: 300 sec this turn | 300 sec total\n|\n|t:|1783564375\n|move|p2a: Iron Valiant|Swords Dance|p2a: Iron Valiant\n|-boost|p2a: Iron Valiant|atk|2\n|move|p1a: Scovillain|Fire Blast|p2a: Iron Valiant\n|-damage|p2a: Iron Valiant|37/244\n|\n|upkeep\n|turn|19\n|inactive|Time left: 300 sec this turn | 300 sec total\n|\n|t:|1783564376\n|switch|p1a: Tornadus|Tornadus-Therian, L79, M|100/100\n|move|p2a: Iron Valiant|Close Combat|p1a: Tornadus\n|-resisted|p1a: Tornadus\n|-damage|p1a: Tornadus|59/100\n|-unboost|p2a: Iron Valiant|def|1\n|-unboost|p2a: Iron Valiant|spd|1\n|-damage|p2a: Iron Valiant|13/244|[from] item: Life Orb\n|\n|upkeep\n|turn|20\n|inactive|Time left: 300 sec this turn | 300 sec total\n|\n|t:|1783564377\n|-end|p2a: Iron Valiant|Quark Drive|[silent]\n|switch|p2a: Houndstone|Houndstone, L86, M|264/264\n|move|p1a: Tornadus|U-turn|p2a: Houndstone\n|-resisted|p2a: Houndstone\n|-damage|p2a: Houndstone|254/264\n|\n|t:|1783564378\n|switch|p1a: Scovillain|Scovillain, L91, M|48/100|[from] U-turn\n|\n|-sideend|p1: p0x21036e63|Reflect\n|upkeep\n|turn|21\n|inactive|Time left: 300 sec this turn | 300 sec total\n|\n|t:|1783564379\n|move|p1a: Scovillain|Fire Blast|p2a: Houndstone\n|-damage|p2a: Houndstone|0 fnt\n|faint|p2a: Houndstone\n|\n|upkeep\n|inactive|Time left: 300 sec this turn | 300 sec total | 5 sec grace\n|\n|t:|1783564380\n|switch|p2a: Iron Valiant|Iron Valiant, L78|13/244\n|turn|22\n|inactive|Time left: 300 sec this turn | 300 sec total\n|\n|t:|1783564381\n|switch|p1a: Tornadus|Tornadus-Therian, L79, M|92/100\n|move|p2a: Iron Valiant|Close Combat|p1a: Tornadus\n|-resisted|p1a: Tornadus\n|-damage|p1a: Tornadus|49/100\n|-unboost|p2a: Iron Valiant|def|1\n|-unboost|p2a: Iron Valiant|spd|1\n|-damage|p2a: Iron Valiant|0 fnt|[from] item: Life Orb\n|faint|p2a: Iron Valiant\n|-end|p2a: Iron Valiant|Quark Drive|[silent]\n|\n|upkeep\n|inactive|Time left: 300 sec this turn | 300 sec total | 5 sec grace\n|\n|t:|1783564382\n|switch|p2a: Donphan|Donphan, L84, F|288/288\n|turn|23\n|inactive|Time left: 300 sec this turn | 300 sec total\n|\n|t:|1783564382\n|move|p1a: Tornadus|U-turn|p2a: Donphan\n|-damage|p2a: Donphan|253/288\n|\n|t:|1783564383\n|switch|p1a: Salamence|Salamence, L77, M|100/100|[from] U-turn\n|move|p2a: Donphan|Rapid Spin|p1a: Salamence\n|-damage|p1a: Salamence|83/100\n|-boost|p2a: Donphan|spe|1\n|\n|-heal|p2a: Donphan|271/288|[from] item: Leftovers\n|upkeep\n|turn|24\n|inactive|Time left: 300 sec this turn | 300 sec total\n|\n|t:|1783564385\n|move|p2a: Donphan|Ice Shard|p1a: Salamence\n|-supereffective|p1a: Salamence\n|-damage|p1a: Salamence|28/100\n|move|p1a: Salamence|Outrage|p2a: Donphan\n|-damage|p2a: Donphan|171/288\n|\n|-heal|p2a: Donphan|189/288|[from] item: Leftovers\n|upkeep\n|turn|25\n|inactive|Time left: 300 sec this turn | 300 sec total\n|\n|t:|1783564386\n|move|p2a: Donphan|Ice Shard|p1a: Salamence\n|-supereffective|p1a: Salamence\n|-damage|p1a: Salamence|0 fnt\n|faint|p1a: Salamence\n|\n|-heal|p2a: Donphan|207/288|[from] item: Leftovers\n|upkeep\n|\n|t:|1783564387\n|switch|p1a: Tornadus|Tornadus-Therian, L79, M|82/100\n|turn|26\n|inactive|Time left: 300 sec this turn | 300 sec total\n|\n|t:|1783564388\n|move|p1a: Tornadus|Bleakwind Storm|p2a: Donphan|[miss]\n|-miss|p1a: Tornadus|p2a: Donphan\n|move|p2a: Donphan|Rapid Spin|p1a: Tornadus\n|-damage|p1a: Tornadus|63/100\n|-boost|p2a: Donphan|spe|1\n|\n|-heal|p2a: Donphan|225/288|[from] item: Leftovers\n|upkeep\n|turn|27\n|inactive|Time left: 300 sec this turn | 300 sec total\n|\n|t:|1783564389\n|move|p2a: Donphan|Ice Shard|p1a: Tornadus\n|-supereffective|p1a: Tornadus\n|-damage|p1a: Tornadus|30/100\n|move|p1a: Tornadus|Bleakwind Storm|p2a: Donphan|[miss]\n|-miss|p1a: Tornadus|p2a: Donphan\n|\n|-heal|p2a: Donphan|243/288|[from] item: Leftovers\n|upkeep\n|turn|28\n|inactive|Time left: 300 sec this turn | 300 sec total\n|\n|t:|1783564390\n|switch|p1a: Scovillain|Scovillain, L91, M|48/100\n|move|p2a: Donphan|Ice Shard|p1a: Scovillain\n|-damage|p1a: Scovillain|34/100\n|\n|-heal|p2a: Donphan|261/288|[from] item: Leftovers\n|upkeep\n|turn|29\n|inactive|Time left: 300 sec this turn | 300 sec total\n|\n|t:|1783564391\n|switch|p1a: Tornadus|Tornadus-Therian, L79, M|63/100\n|move|p2a: Donphan|Earthquake|p1a: Tornadus\n|-immune|p1a: Tornadus\n|\n|-heal|p2a: Donphan|279/288|[from] item: Leftovers\n|upkeep\n|turn|30\n|inactive|Time left: 300 sec this turn | 300 sec total\n|\n|t:|1783564392\n|move|p2a: Donphan|Ice Shard|p1a: Tornadus\n|-supereffective|p1a: Tornadus\n|-damage|p1a: Tornadus|35/100\n|move|p1a: Tornadus|Bleakwind Storm|p2a: Donphan\n|-damage|p2a: Donphan|140/288\n|\n|-heal|p2a: Donphan|158/288|[from] item: Leftovers\n|upkeep\n|turn|31\n|inactive|Time left: 300 sec this turn | 300 sec total\n|\n|t:|1783564393\n|-terastallize|p2a: Donphan|Water\n|move|p2a: Donphan|Ice Shard|p1a: Tornadus\n|-supereffective|p1a: Tornadus\n|-damage|p1a: Tornadus|4/100\n|move|p1a: Tornadus|U-turn|p2a: Donphan\n|-damage|p2a: Donphan|124/288\n|\n|t:|1783564394\n|switch|p1a: Scovillain|Scovillain, L91, M|34/100|[from] U-turn\n|\n|-heal|p2a: Donphan|142/288|[from] item: Leftovers\n|upkeep\n|turn|32\n|inactive|Time left: 300 sec this turn | 300 sec total\n|\n|t:|1783564395\n|switch|p1a: Tornadus|Tornadus-Therian, L79, M|37/100\n|move|p2a: Donphan|Earthquake|p1a: Tornadus\n|-immune|p1a: Tornadus\n|\n|-heal|p2a: Donphan|160/288|[from] item: Leftovers\n|upkeep\n|turn|33\n|inactive|Time left: 300 sec this turn | 300 sec total\n|\n|t:|1783564396\n|move|p2a: Donphan|Rapid Spin|p1a: Tornadus\n|-damage|p1a: Tornadus|19/100\n|-boost|p2a: Donphan|spe|1\n|move|p1a: Tornadus|U-turn|p2a: Donphan\n|-damage|p2a: Donphan|127/288\n|\n|t:|1783564397\n|switch|p1a: Scovillain|Scovillain, L91, M|34/100|[from] U-turn\n|\n|-heal|p2a: Donphan|145/288|[from] item: Leftovers\n|upkeep\n|turn|34\n|inactive|Time left: 300 sec this turn | 300 sec total\n|\n|t:|1783564398\n|switch|p1a: Tornadus|Tornadus-Therian, L79, M|52/100\n|move|p2a: Donphan|Earthquake|p1a: Tornadus\n|-immune|p1a: Tornadus\n|\n|-heal|p2a: Donphan|163/288|[from] item: Leftovers\n|upkeep\n|turn|35\n|inactive|Time left: 300 sec this turn | 300 sec total\n|\n|t:|1783564399\n|move|p2a: Donphan|Ice Shard|p1a: Tornadus\n|-supereffective|p1a: Tornadus\n|-damage|p1a: Tornadus|21/100\n|move|p1a: Tornadus|Bleakwind Storm|p2a: Donphan|[miss]\n|-miss|p1a: Tornadus|p2a: Donphan\n|\n|-heal|p2a: Donphan|181/288|[from] item: Leftovers\n|upkeep\n|turn|36\n|inactive|Time left: 300 sec this turn | 300 sec total\n|\n|t:|1783564401\n|switch|p1a: Scovillain|Scovillain, L91, M|34/100\n|move|p2a: Donphan|Ice Shard|p1a: Scovillain\n|-damage|p1a: Scovillain|20/100\n|\n|-heal|p2a: Donphan|199/288|[from] item: Leftovers\n|upkeep\n|turn|37\n|inactive|Time left: 300 sec this turn | 300 sec total\n|\n|t:|1783564402\n|switch|p1a: Tornadus|Tornadus-Therian, L79, M|54/100\n|move|p2a: Donphan|Earthquake|p1a: Tornadus\n|-immune|p1a: Tornadus\n|\n|-heal|p2a: Donphan|217/288|[from] item: Leftovers\n|upkeep\n|turn|38\n|inactive|Time left: 300 sec this turn | 300 sec total\n|\n|t:|1783564403\n|move|p2a: Donphan|Ice Shard|p1a: Tornadus\n|-supereffective|p1a: Tornadus\n|-damage|p1a: Tornadus|23/100\n|move|p1a: Tornadus|U-turn|p2a: Donphan\n|-damage|p2a: Donphan|184/288\n|\n|t:|1783564404\n|switch|p1a: Scovillain|Scovillain, L91, M|20/100|[from] U-turn\n|\n|-heal|p2a: Donphan|202/288|[from] item: Leftovers\n|upkeep\n|turn|39\n|inactive|Time left: 300 sec this turn | 300 sec total\n|\n|t:|1783564405\n|switch|p1a: Tornadus|Tornadus-Therian, L79, M|56/100\n|move|p2a: Donphan|Earthquake|p1a: Tornadus\n|-immune|p1a: Tornadus\n|\n|-heal|p2a: Donphan|220/288|[from] item: Leftovers\n|upkeep\n|turn|40\n|inactive|Time left: 300 sec this turn | 300 sec total\n|\n|t:|1783564406\n|move|p2a: Donphan|Ice Shard|p1a: Tornadus\n|-supereffective|p1a: Tornadus\n|-damage|p1a: Tornadus|26/100\n|move|p1a: Tornadus|U-turn|p2a: Donphan\n|-damage|p2a: Donphan|181/288\n|\n|t:|1783564407\n|switch|p1a: Scovillain|Scovillain, L91, M|20/100|[from] U-turn\n|\n|-heal|p2a: Donphan|199/288|[from] item: Leftovers\n|upkeep\n|turn|41\n|inactive|Time left: 300 sec this turn | 300 sec total\n|\n|t:|1783564408\n|switch|p1a: Tornadus|Tornadus-Therian, L79, M|60/100\n|move|p2a: Donphan|Earthquake|p1a: Tornadus\n|-immune|p1a: Tornadus\n|\n|-heal|p2a: Donphan|217/288|[from] item: Leftovers\n|upkeep\n|turn|42\n|inactive|Time left: 300 sec this turn | 300 sec total\n|\n|t:|1783564409\n|move|p2a: Donphan|Ice Shard|p1a: Tornadus\n|-supereffective|p1a: Tornadus\n|-damage|p1a: Tornadus|27/100\n|move|p1a: Tornadus|U-turn|p2a: Donphan\n|-damage|p2a: Donphan|182/288\n|\n|t:|1783564410\n|switch|p1a: Scovillain|Scovillain, L91, M|20/100|[from] U-turn\n|\n|-heal|p2a: Donphan|200/288|[from] item: Leftovers\n|upkeep\n|turn|43\n|inactive|Time left: 300 sec this turn | 300 sec total\n|\n|t:|1783564410\n|switch|p1a: Tornadus|Tornadus-Therian, L79, M|60/100\n|move|p2a: Donphan|Earthquake|p1a: Tornadus\n|-immune|p1a: Tornadus\n|\n|-heal|p2a: Donphan|218/288|[from] item: Leftovers\n|upkeep\n|turn|44\n|inactive|Time left: 300 sec this turn | 300 sec total\n|\n|t:|1783564411\n|move|p2a: Donphan|Ice Shard|p1a: Tornadus\n|-supereffective|p1a: Tornadus\n|-damage|p1a: Tornadus|28/100\n|move|p1a: Tornadus|U-turn|p2a: Donphan\n|-damage|p2a: Donphan|182/288\n|\n|t:|1783564412\n|switch|p1a: Scovillain|Scovillain, L91, M|20/100|[from] U-turn\n|\n|-heal|p2a: Donphan|200/288|[from] item: Leftovers\n|upkeep\n|turn|45\n|inactive|Time left: 300 sec this turn | 300 sec total\n|\n|t:|1783564412\n|switch|p1a: Tornadus|Tornadus-Therian, L79, M|61/100\n|move|p2a: Donphan|Earthquake|p1a: Tornadus\n|-immune|p1a: Tornadus\n|\n|-heal|p2a: Donphan|218/288|[from] item: Leftovers\n|upkeep\n|turn|46\n|inactive|Time left: 300 sec this turn | 300 sec total\n|\n|t:|1783564413\n|move|p2a: Donphan|Ice Shard|p1a: Tornadus\n|-supereffective|p1a: Tornadus\n|-damage|p1a: Tornadus|28/100\n|move|p1a: Tornadus|U-turn|p2a: Donphan\n|-damage|p2a: Donphan|183/288\n|\n|t:|1783564414\n|switch|p1a: Scovillain|Scovillain, L91, M|20/100|[from] U-turn\n|\n|-heal|p2a: Donphan|201/288|[from] item: Leftovers\n|upkeep\n|turn|47\n|inactive|Time left: 300 sec this turn | 300 sec total\n|\n|t:|1783564414\n|switch|p1a: Tornadus|Tornadus-Therian, L79, M|61/100\n|move|p2a: Donphan|Earthquake|p1a: Tornadus\n|-immune|p1a: Tornadus\n|\n|-heal|p2a: Donphan|219/288|[from] item: Leftovers\n|upkeep\n|turn|48\n|inactive|Time left: 300 sec this turn | 300 sec total\n|\n|t:|1783564415\n|move|p2a: Donphan|Ice Shard|p1a: Tornadus\n|-supereffective|p1a: Tornadus\n|-damage|p1a: Tornadus|30/100\n|move|p1a: Tornadus|U-turn|p2a: Donphan\n|-damage|p2a: Donphan|184/288\n|\n|t:|1783564416\n|switch|p1a: Scovillain|Scovillain, L91, M|20/100|[from] U-turn\n|\n|-heal|p2a: Donphan|202/288|[from] item: Leftovers\n|upkeep\n|turn|49\n|inactive|Time left: 300 sec this turn | 300 sec total\n|\n|t:|1783564417\n|move|p2a: Donphan|Earthquake|p1a: Scovillain\n|-damage|p1a: Scovillain|0 fnt\n|faint|p1a: Scovillain\n|\n|-heal|p2a: Donphan|220/288|[from] item: Leftovers\n|upkeep\n|\n|t:|1783564417\n|switch|p1a: Tornadus|Tornadus-Therian, L79, M|63/100\n|turn|50\n|inactive|Time left: 300 sec this turn | 300 sec total\n|\n|t:|1783564418\n|move|p2a: Donphan|Ice Shard|p1a: Tornadus\n|-supereffective|p1a: Tornadus\n|-damage|p1a: Tornadus|32/100\n|move|p1a: Tornadus|Bleakwind Storm|p2a: Donphan|[miss]\n|-miss|p1a: Tornadus|p2a: Donphan\n|\n|-heal|p2a: Donphan|238/288|[from] item: Leftovers\n|upkeep\n|turn|51\n|inactive|Time left: 300 sec this turn | 300 sec total\n|\n|t:|1783564419\n|move|p2a: Donphan|Ice Shard|p1a: Tornadus\n|-supereffective|p1a: Tornadus\n|-damage|p1a: Tornadus|2/100\n|move|p1a: Tornadus|Heat Wave|p2a: Donphan\n|-resisted|p2a: Donphan\n|-damage|p2a: Donphan|196/288\n|\n|-heal|p2a: Donphan|214/288|[from] item: Leftovers\n|upkeep\n|turn|52\n|inactive|Time left: 300 sec this turn | 300 sec total\n|\n|t:|1783564420\n|move|p2a: Donphan|Rapid Spin|p1a: Tornadus\n|-damage|p1a: Tornadus|0 fnt\n|-boost|p2a: Donphan|spe|1\n|faint|p1a: Tornadus\n|\n|win|p0y21032b7f", "uploadtime": 1783564420, "views": 0, "rating": 0, "private": 0, "password": null, "_winner": "p0y21032b7f", "_our_name": "p0y21032b7f"}