{"id": "battle-gen9randombattle-1742", "formatid": "gen9randombattle", "format": "[Gen 9] Random Battle", "players": ["p0x1742373b", "p0y1742df56"], "log": "|init|battle\n|title|p0x1742373b vs. p0y1742df56\n|j|\u2606p0x1742373b\n|j|\u2606p0y1742df56\n|t:|1783560122\n|gametype|singles\n|player|p1|p0x1742373b|1|\n|player|p2|p0y1742df56|2|\n|gen|9\n|tier|[Gen 9] Random Battle\n|rule|Species Clause: Limit one of each Pok\u00e9mon\n|rule|HP Percentage Mod: HP is shown in percentages\n|rule|Sleep Clause Mod: Limit one foe put to sleep\n|rule|Illusion Level Mod: Illusion disguises the Pok\u00e9mon's true level\n|\n|t:|1783560122\n|teamsize|p1|6\n|teamsize|p2|6\n|start\n|switch|p1a: Pincurchin|Pincurchin, M|258/258\n|switch|p2a: Hariyama|Hariyama, L87, F|100/100\n|-fieldstart|move: Electric Terrain|[from] ability: Electric Surge|[of] p1a: Pincurchin\n|turn|1\n|inactive|Battle timer is ON: inactive players will automatically lose when time's up. (requested by p0x1742373b)\n|inactive|p0y1742df56 also wants the timer to be on.\n|\n|t:|1783560124\n|move|p2a: Hariyama|Knock Off|p1a: Pincurchin\n|-damage|p1a: Pincurchin|194/258\n|-enditem|p1a: Pincurchin|Leftovers|[from] move: Knock Off|[of] p2a: Hariyama\n|move|p1a: Pincurchin|Zing Zap|p2a: Hariyama\n|-damage|p2a: Hariyama|45/100\n|\n|-status|p2a: Hariyama|brn|[from] item: Flame Orb\n|upkeep\n|turn|2\n|inactive|Time left: 300 sec this turn | 300 sec total\n|\n|t:|1783560125\n|-terastallize|p2a: Hariyama|Normal\n|move|p2a: Hariyama|Facade|p1a: Pincurchin\n|-damage|p1a: Pincurchin|0 fnt\n|faint|p1a: Pincurchin\n|\n|-damage|p2a: Hariyama|39/100 brn|[from] brn\n|upkeep\n|inactive|Time left: 300 sec this turn | 300 sec total | 5 sec grace\n|\n|t:|1783560126\n|switch|p1a: Samurott|Samurott-Hisui, L77, F|265/265\n|turn|3\n|inactive|Time left: 300 sec this turn | 300 sec total\n|\n|t:|1783560127\n|switch|p2a: Rotom|Rotom-Wash, L82|100/100\n|move|p1a: Samurott|Ceaseless Edge|p2a: Rotom\n|-damage|p2a: Rotom|46/100\n|-sidestart|p2: p0y1742df56|Spikes\n|\n|-heal|p2a: Rotom|52/100|[from] item: Leftovers\n|upkeep\n|turn|4\n|inactive|Time left: 300 sec this turn | 300 sec total\n|\n|t:|1783560128\n|move|p2a: Rotom|Pain Split|p1a: Samurott\n|-sethp|p1a: Samurott|188/265|[from] move: Pain Split|[silent]\n|-sethp|p2a: Rotom|88/100|[from] move: Pain Split\n|move|p1a: Samurott|Ceaseless Edge|p2a: Rotom|[miss]\n|-miss|p1a: Samurott|p2a: Rotom\n|\n|-heal|p2a: Rotom|94/100|[from] item: Leftovers\n|upkeep\n|turn|5\n|inactive|Time left: 300 sec this turn | 300 sec total\n|\n|t:|1783560130\n|switch|p1a: Abomasnow|Abomasnow, L84, F|287/287\n|-weather|Snowscape|[from] ability: Snow Warning|[of] p1a: Abomasnow\n|move|p2a: Rotom|Discharge|p1a: Abomasnow\n|-resisted|p1a: Abomasnow\n|-damage|p1a: Abomasnow|246/287\n|\n|-weather|Snowscape|[upkeep]\n|-heal|p2a: Rotom|99/100|[from] item: Leftovers\n|-fieldend|move: Electric Terrain\n|upkeep\n|turn|6\n|inactive|Time left: 300 sec this turn | 300 sec total\n|\n|t:|1783560130\n|move|p2a: Rotom|Will-O-Wisp|p1a: Abomasnow\n|-status|p1a: Abomasnow|brn\n|move|p1a: Abomasnow|Aurora Veil|p1a: Abomasnow\n|-sidestart|p1: p0x1742373b|move: Aurora Veil\n|\n|-weather|Snowscape|[upkeep]\n|-heal|p2a: Rotom|100/100|[from] item: Leftovers\n|-damage|p1a: Abomasnow|229/287 brn|[from] brn\n|upkeep\n|turn|7\n|inactive|Time left: 300 sec this turn | 300 sec total\n|\n|t:|1783560131\n|move|p2a: Rotom|Will-O-Wisp|p1a: Abomasnow\n|-fail|p1a: Abomasnow|brn\n|move|p1a: Abomasnow|Blizzard|p2a: Rotom\n|-resisted|p2a: Rotom\n|-damage|p2a: Rotom|76/100\n|\n|-weather|Snowscape|[upkeep]\n|-heal|p2a: Rotom|82/100|[from] item: Leftovers\n|-damage|p1a: Abomasnow|212/287 brn|[from] brn\n|upkeep\n|turn|8\n|inactive|Time left: 300 sec this turn | 300 sec total\n|\n|t:|1783560132\n|move|p2a: Rotom|Discharge|p1a: Abomasnow\n|-resisted|p1a: Abomasnow\n|-damage|p1a: Abomasnow|189/287 brn\n|move|p1a: Abomasnow|Blizzard|p2a: Rotom\n|-resisted|p2a: Rotom\n|-damage|p2a: Rotom|61/100\n|-status|p2a: Rotom|frz\n|\n|-weather|Snowscape|[upkeep]\n|-heal|p2a: Rotom|67/100 frz|[from] item: Leftovers\n|-damage|p1a: Abomasnow|172/287 brn|[from] brn\n|upkeep\n|turn|9\n|inactive|Time left: 300 sec this turn | 300 sec total\n|\n|t:|1783560133\n|-curestatus|p2a: Rotom|frz|[msg]\n|move|p2a: Rotom|Will-O-Wisp|p1a: Abomasnow|[miss]\n|-miss|p2a: Rotom|p1a: Abomasnow\n|move|p1a: Abomasnow|Blizzard|p2a: Rotom\n|-resisted|p2a: Rotom\n|-damage|p2a: Rotom|44/100\n|\n|-weather|none\n|-heal|p2a: Rotom|50/100|[from] item: Leftovers\n|-damage|p1a: Abomasnow|155/287 brn|[from] brn\n|upkeep\n|turn|10\n|inactive|Time left: 300 sec this turn | 300 sec total\n|\n|t:|1783560134\n|move|p2a: Rotom|Pain Split|p1a: Abomasnow\n|-sethp|p1a: Abomasnow|131/287 brn|[from] move: Pain Split|[silent]\n|-sethp|p2a: Rotom|61/100|[from] move: Pain Split\n|move|p1a: Abomasnow|Wood Hammer|p2a: Rotom\n|-supereffective|p2a: Rotom\n|-damage|p2a: Rotom|13/100\n|-damage|p1a: Abomasnow|96/287 brn|[from] Recoil\n|\n|-heal|p2a: Rotom|19/100|[from] item: Leftovers\n|-damage|p1a: Abomasnow|79/287 brn|[from] brn\n|upkeep\n|turn|11\n|inactive|Time left: 300 sec this turn | 300 sec total\n|\n|t:|1783560135\n|move|p2a: Rotom|Pain Split|p1a: Abomasnow\n|-sethp|p1a: Abomasnow|59/287 brn|[from] move: Pain Split|[silent]\n|-sethp|p2a: Rotom|28/100|[from] move: Pain Split\n|move|p1a: Abomasnow|Wood Hammer|p2a: Rotom\n|-supereffective|p2a: Rotom\n|-damage|p2a: Rotom|0 fnt\n|faint|p2a: Rotom\n|-damage|p1a: Abomasnow|40/287 brn|[from] Recoil\n|\n|-damage|p1a: Abomasnow|23/287 brn|[from] brn\n|upkeep\n|\n|t:|1783560136\n|switch|p2a: Bronzong|Bronzong, L88|100/100\n|turn|12\n|inactive|Time left: 300 sec this turn | 300 sec total\n|\n|t:|1783560137\n|switch|p1a: Empoleon|Empoleon, L84, M|278/278\n|move|p2a: Bronzong|Stealth Rock|p1a: Empoleon\n|-sidestart|p1: p0x1742373b|move: Stealth Rock\n|\n|upkeep\n|turn|13\n|inactive|Time left: 300 sec this turn | 300 sec total\n|\n|t:|1783560138\n|switch|p2a: Lanturn|Lanturn, L89, F|100/100\n|move|p1a: Empoleon|Knock Off|p2a: Lanturn\n|-damage|p2a: Lanturn|79/100\n|-enditem|p2a: Lanturn|Heavy-Duty Boots|[from] move: Knock Off|[of] p1a: Empoleon\n|\n|-sideend|p1: p0x1742373b|move: Aurora Veil\n|upkeep\n|turn|14\n|inactive|Time left: 300 sec this turn | 300 sec total\n|\n|t:|1783560139\n|move|p2a: Lanturn|Thunderbolt|p1a: Empoleon\n|-supereffective|p1a: Empoleon\n|-damage|p1a: Empoleon|122/278\n|move|p1a: Empoleon|Stealth Rock|p2a: Lanturn\n|-sidestart|p2: p0y1742df56|move: Stealth Rock\n|\n|-heal|p1a: Empoleon|139/278|[from] item: Leftovers\n|upkeep\n|turn|15\n|inactive|Time left: 300 sec this turn | 300 sec total\n|\n|t:|1783560140\n|switch|p1a: Abomasnow|Abomasnow, L84, F|23/287 brn\n|-damage|p1a: Abomasnow|0 fnt|[from] Stealth Rock\n|faint|p1a: Abomasnow\n|move|p2a: Lanturn|Thunderbolt|p1: Abomasnow|[notarget]\n|-fail|p2a: Lanturn\n|\n|upkeep\n|inactive|Time left: 300 sec this turn | 300 sec total | 5 sec grace\n|\n|t:|1783560141\n|switch|p1a: Toucannon|Toucannon, L88, M|284/284\n|turn|16\n|inactive|Time left: 300 sec this turn | 300 sec total\n|\n|t:|1783560142\n|move|p2a: Lanturn|Thunderbolt|p1a: Toucannon\n|-supereffective|p1a: Toucannon\n|-damage|p1a: Toucannon|80/284\n|move|p1a: Toucannon|Bullet Seed|p2a: Lanturn\n|-supereffective|p2a: Lanturn\n|-damage|p2a: Lanturn|62/100\n|-supereffective|p2a: Lanturn\n|-damage|p2a: Lanturn|45/100\n|-supereffective|p2a: Lanturn\n|-damage|p2a: Lanturn|29/100\n|-supereffective|p2a: Lanturn\n|-damage|p2a: Lanturn|11/100\n|-supereffective|p2a: Lanturn\n|-damage|p2a: Lanturn|0 fnt\n|faint|p2a: Lanturn\n|-hitcount|p2: Lanturn|5\n|\n|upkeep\n|\n|t:|1783560143\n|switch|p2a: Komala|Komala, L87, M|100/100\n|-damage|p2a: Komala|88/100|[from] Spikes\n|-damage|p2a: Komala|76/100|[from] Stealth Rock\n|-ability|p2a: Komala|Comatose\n|turn|17\n|inactive|Time left: 300 sec this turn | 300 sec total\n|\n|t:|1783560144\n|move|p2a: Komala|Rapid Spin|p1a: Toucannon\n|-damage|p1a: Toucannon|5/284\n|-boost|p2a: Komala|spe|1\n|-sideend|p2: p0y1742df56|Spikes|[from] move: Rapid Spin|[of] p2a: Komala\n|-sideend|p2: p0y1742df56|Stealth Rock|[from] move: Rapid Spin|[of] p2a: Komala\n|move|p1a: Toucannon|Bullet Seed|p2a: Komala\n|-damage|p2a: Komala|64/100\n|-damage|p2a: Komala|53/100\n|-damage|p2a: Komala|41/100\n|-damage|p2a: Komala|31/100\n|-damage|p2a: Komala|20/100\n|-hitcount|p2a: Komala|5\n|\n|upkeep\n|turn|18\n|inactive|Time left: 300 sec this turn | 300 sec total\n|\n|t:|1783560145\n|move|p2a: Komala|Body Slam|p1a: Toucannon\n|-damage|p1a: Toucannon|0 fnt\n|faint|p1a: Toucannon\n|\n|upkeep\n|inactive|Time left: 300 sec this turn | 300 sec total | 5 sec grace\n|\n|t:|1783560146\n|switch|p1a: Regieleki|Regieleki, L79|256/256\n|-damage|p1a: Regieleki|224/256|[from] Stealth Rock\n|turn|19\n|inactive|Time left: 300 sec this turn | 300 sec total\n|\n|t:|1783560147\n|move|p1a: Regieleki|Volt Switch|p2a: Komala\n|-damage|p2a: Komala|0 fnt\n|faint|p2a: Komala\n|inactive|Time left: 300 sec this turn | 300 sec total | 5 sec grace\n|\n|t:|1783560148\n|switch|p1a: Empoleon|Empoleon, L84, M|139/278|[from] Volt Switch\n|-damage|p1a: Empoleon|122/278|[from] Stealth Rock\n|\n|-heal|p1a: Empoleon|139/278|[from] item: Leftovers\n|upkeep\n|\n|t:|1783560148\n|switch|p2a: Heracross|Heracross, L80, F|100/100\n|turn|20\n|inactive|Time left: 300 sec this turn | 300 sec total\n|\n|t:|1783560149\n|-terastallize|p1a: Empoleon|Flying\n|move|p2a: Heracross|Close Combat|p1a: Empoleon\n|-resisted|p1a: Empoleon\n|-damage|p1a: Empoleon|27/278\n|-unboost|p2a: Heracross|def|1\n|-unboost|p2a: Heracross|spd|1\n|move|p1a: Empoleon|Roost|p1a: Empoleon\n|-heal|p1a: Empoleon|166/278\n|-hint|If a Terastallized Pokemon uses Roost, it remains Flying-type.\n|\n|-heal|p1a: Empoleon|183/278|[from] item: Leftovers\n|upkeep\n|turn|21\n|inactive|Time left: 300 sec this turn | 300 sec total\n|\n|t:|1783560151\n|move|p2a: Heracross|Close Combat|p1a: Empoleon\n|-resisted|p1a: Empoleon\n|-damage|p1a: Empoleon|85/278\n|-unboost|p2a: Heracross|def|1\n|-unboost|p2a: Heracross|spd|1\n|move|p1a: Empoleon|Knock Off|p2a: Heracross\n|-resisted|p2a: Heracross\n|-damage|p2a: Heracross|74/100\n|-enditem|p2a: Heracross|Choice Band|[from] move: Knock Off|[of] p1a: Empoleon\n|\n|-heal|p1a: Empoleon|102/278|[from] item: Leftovers\n|upkeep\n|turn|22\n|inactive|Time left: 300 sec this turn | 300 sec total\n|\n|t:|1783560152\n|switch|p2a: Bronzong|Bronzong, L88|100/100\n|move|p1a: Empoleon|Surf|p2a: Bronzong\n|-damage|p2a: Bronzong|69/100\n|\n|-heal|p1a: Empoleon|119/278|[from] item: Leftovers\n|-heal|p2a: Bronzong|75/100|[from] item: Leftovers\n|upkeep\n|turn|23\n|inactive|Time left: 300 sec this turn | 300 sec total\n|\n|t:|1783560153\n|move|p1a: Empoleon|Roost|p1a: Empoleon\n|-heal|p1a: Empoleon|258/278\n|-hint|If a Terastallized Pokemon uses Roost, it remains Flying-type.\n|move|p2a: Bronzong|Psychic Noise|p1a: Empoleon\n|-damage|p1a: Empoleon|189/278\n|-start|p1a: Empoleon|move: Heal Block\n|\n|-heal|p2a: Bronzong|81/100|[from] item: Leftovers\n|upkeep\n|turn|24\n|inactive|Time left: 300 sec this turn | 300 sec total\n|\n|t:|1783560154\n|move|p1a: Empoleon|Surf|p2a: Bronzong\n|-damage|p2a: Bronzong|48/100\n|move|p2a: Bronzong|Iron Head|p1a: Empoleon\n|-damage|p1a: Empoleon|107/278\n|\n|-heal|p2a: Bronzong|54/100|[from] item: Leftovers\n|-end|p1a: Empoleon|move: Heal Block\n|upkeep\n|turn|25\n|inactive|Time left: 300 sec this turn | 300 sec total\n|\n|t:|1783560155\n|move|p1a: Empoleon|Roost|p1a: Empoleon\n|-heal|p1a: Empoleon|246/278\n|-hint|If a Terastallized Pokemon uses Roost, it remains Flying-type.\n|move|p2a: Bronzong|Psychic Noise|p1a: Empoleon\n|-damage|p1a: Empoleon|176/278\n|-start|p1a: Empoleon|move: Heal Block\n|\n|-heal|p2a: Bronzong|60/100|[from] item: Leftovers\n|upkeep\n|turn|26\n|inactive|Time left: 300 sec this turn | 300 sec total\n|\n|t:|1783560156\n|move|p1a: Empoleon|Knock Off|p2a: Bronzong\n|-supereffective|p2a: Bronzong\n|-damage|p2a: Bronzong|23/100\n|-enditem|p2a: Bronzong|Leftovers|[from] move: Knock Off|[of] p1a: Empoleon\n|move|p2a: Bronzong|Iron Head|p1a: Empoleon\n|-damage|p1a: Empoleon|86/278\n|\n|-end|p1a: Empoleon|move: Heal Block\n|upkeep\n|turn|27\n|inactive|Time left: 300 sec this turn | 300 sec total\n|\n|t:|1783560157\n|move|p1a: Empoleon|Roost|p1a: Empoleon\n|-heal|p1a: Empoleon|225/278\n|-hint|If a Terastallized Pokemon uses Roost, it remains Flying-type.\n|move|p2a: Bronzong|Iron Head|p1a: Empoleon\n|-damage|p1a: Empoleon|140/278\n|\n|-heal|p1a: Empoleon|157/278|[from] item: Leftovers\n|upkeep\n|turn|28\n|inactive|Time left: 300 sec this turn | 300 sec total\n|\n|t:|1783560158\n|move|p1a: Empoleon|Surf|p2a: Bronzong\n|-damage|p2a: Bronzong|0 fnt\n|faint|p2a: Bronzong\n|\n|-heal|p1a: Empoleon|174/278|[from] item: Leftovers\n|upkeep\n|\n|t:|1783560158\n|switch|p2a: Hariyama|Hariyama, L87, F, tera:Normal|39/100 brn\n|turn|29\n|inactive|Time left: 300 sec this turn | 300 sec total\n|\n|t:|1783560159\n|move|p1a: Empoleon|Surf|p2a: Hariyama\n|-damage|p2a: Hariyama|2/100 brn\n|move|p2a: Hariyama|Knock Off|p1a: Empoleon\n|-damage|p1a: Empoleon|43/278\n|-enditem|p1a: Empoleon|Leftovers|[from] move: Knock Off|[of] p2a: Hariyama\n|\n|-damage|p2a: Hariyama|0 fnt|[from] brn\n|faint|p2a: Hariyama\n|upkeep\n|\n|t:|1783560160\n|switch|p2a: Heracross|Heracross, L80, F|74/100\n|turn|30\n|inactive|Time left: 300 sec this turn | 300 sec total\n|\n|t:|1783560160\n|move|p2a: Heracross|Knock Off|p1a: Empoleon\n|-damage|p1a: Empoleon|0 fnt\n|faint|p1a: Empoleon\n|-ability|p2a: Heracross|Moxie|boost\n|-boost|p2a: Heracross|atk|1\n|\n|upkeep\n|inactive|Time left: 300 sec this turn | 300 sec total | 5 sec grace\n|\n|t:|1783560161\n|switch|p1a: Regieleki|Regieleki, L79|224/256\n|-damage|p1a: Regieleki|192/256|[from] Stealth Rock\n|turn|31\n|inactive|Time left: 300 sec this turn | 300 sec total\n|\n|t:|1783560162\n|move|p1a: Regieleki|Explosion|p2a: Heracross\n|-damage|p2a: Heracross|0 fnt\n|faint|p1a: Regieleki\n|faint|p2a: Heracross\n|\n|win|p0x1742373b", "uploadtime": 1783560162, "views": 0, "rating": 0, "private": 0, "password": null, "_winner": "p0x1742373b", "_our_name": "p0x1742373b"}