{"id": "battle-gen9randombattle-2385", "formatid": "gen9randombattle", "format": "[Gen 9] Random Battle", "players": ["p0x238562cd", "p0y2385bd27"], "log": "|init|battle\n|title|p0x238562cd vs. p0y2385bd27\n|j|\u2606p0x238562cd\n|j|\u2606p0y2385bd27\n|t:|1783566660\n|gametype|singles\n|player|p1|p0x238562cd|2|\n|player|p2|p0y2385bd27|169|\n|gen|9\n|tier|[Gen 9] Random Battle\n|rule|Species Clause: Limit one of each Pok\u00e9mon\n|rule|HP Percentage Mod: HP is shown in percentages\n|rule|Sleep Clause Mod: Limit one foe put to sleep\n|rule|Illusion Level Mod: Illusion disguises the Pok\u00e9mon's true level\n|\n|t:|1783566660\n|teamsize|p1|6\n|teamsize|p2|6\n|start\n|switch|p1a: Heracross|Heracross, L80, M|100/100\n|switch|p2a: Glimmora|Glimmora, L75, F|248/248\n|turn|1\n|inactive|Battle timer is ON: inactive players will automatically lose when time's up. (requested by p0x238562cd)\n|inactive|Time left: 300 sec this turn | 300 sec total | 60 sec grace\n|inactive|p0y2385bd27 also wants the timer to be on.\n|\n|t:|1783566662\n|move|p1a: Heracross|Knock Off|p2a: Glimmora\n|-damage|p2a: Glimmora|156/248\n|-activate|p2a: Glimmora|ability: Toxic Debris\n|-sidestart|p1: p0x238562cd|move: Toxic Spikes\n|-enditem|p2a: Glimmora|Focus Sash|[from] move: Knock Off|[of] p1a: Heracross\n|move|p2a: Glimmora|Sludge Wave|p1a: Heracross\n|-damage|p1a: Heracross|63/100\n|\n|-status|p1a: Heracross|brn|[from] item: Flame Orb\n|upkeep\n|turn|2\n|inactive|Time left: 300 sec this turn | 300 sec total\n|\n|t:|1783566663\n|move|p1a: Heracross|Close Combat|p2a: Glimmora\n|-damage|p2a: Glimmora|0 fnt\n|-unboost|p1a: Heracross|def|1\n|-unboost|p1a: Heracross|spd|1\n|-activate|p2a: Glimmora|ability: Toxic Debris\n|-sidestart|p1: p0x238562cd|move: Toxic Spikes\n|faint|p2a: Glimmora\n|\n|-damage|p1a: Heracross|57/100 brn|[from] brn\n|upkeep\n|inactive|Time left: 300 sec this turn | 300 sec total | 5 sec grace\n|\n|t:|1783566664\n|switch|p2a: Vivillon|Vivillon-Sandstorm, L83, M|268/268\n|turn|3\n|inactive|Time left: 300 sec this turn | 300 sec total\n|\n|t:|1783566665\n|switch|p1a: Brambleghast|Brambleghast, L88, F|100/100\n|move|p2a: Vivillon|Hurricane|p1a: Brambleghast\n|-ability|p1a: Brambleghast|Wind Rider|boost\n|-boost|p1a: Brambleghast|atk|1\n|\n|upkeep\n|turn|4\n|inactive|Time left: 300 sec this turn | 300 sec total\n|\n|t:|1783566666\n|switch|p2a: Dunsparce|Dunsparce, L86, F|312/312\n|move|p1a: Brambleghast|Poltergeist|p2a: Dunsparce\n|-immune|p2a: Dunsparce\n|\n|upkeep\n|turn|5\n|inactive|Time left: 300 sec this turn | 300 sec total\n|\n|t:|1783566667\n|move|p1a: Brambleghast|Rapid Spin|p2a: Dunsparce\n|-damage|p2a: Dunsparce|263/312\n|-boost|p1a: Brambleghast|spe|1\n|-sideend|p1: p0x238562cd|Toxic Spikes|[from] move: Rapid Spin|[of] p1a: Brambleghast\n|move|p2a: Dunsparce|Coil|p2a: Dunsparce\n|-boost|p2a: Dunsparce|atk|1\n|-boost|p2a: Dunsparce|def|1\n|-boost|p2a: Dunsparce|accuracy|1\n|\n|upkeep\n|turn|6\n|inactive|Time left: 300 sec this turn | 300 sec total\n|\n|t:|1783566668\n|move|p1a: Brambleghast|Power Whip|p2a: Dunsparce\n|-damage|p2a: Dunsparce|145/312\n|move|p2a: Dunsparce|Coil|p2a: Dunsparce\n|-boost|p2a: Dunsparce|atk|1\n|-boost|p2a: Dunsparce|def|1\n|-boost|p2a: Dunsparce|accuracy|1\n|\n|upkeep\n|turn|7\n|inactive|Time left: 300 sec this turn | 300 sec total\n|\n|t:|1783566669\n|move|p1a: Brambleghast|Power Whip|p2a: Dunsparce\n|-damage|p2a: Dunsparce|49/312\n|move|p2a: Dunsparce|Roost|p2a: Dunsparce\n|-heal|p2a: Dunsparce|205/312\n|-singleturn|p2a: Dunsparce|move: Roost\n|\n|upkeep\n|turn|8\n|inactive|Time left: 300 sec this turn | 300 sec total\n|\n|t:|1783566670\n|move|p1a: Brambleghast|Power Whip|p2a: Dunsparce\n|-damage|p2a: Dunsparce|108/312\n|move|p2a: Dunsparce|Roost|p2a: Dunsparce\n|-heal|p2a: Dunsparce|264/312\n|-singleturn|p2a: Dunsparce|move: Roost\n|\n|upkeep\n|turn|9\n|inactive|Time left: 300 sec this turn | 300 sec total\n|\n|t:|1783566671\n|move|p1a: Brambleghast|Rapid Spin|p2a: Dunsparce\n|-damage|p2a: Dunsparce|236/312\n|-boost|p1a: Brambleghast|spe|1\n|move|p2a: Dunsparce|Coil|p2a: Dunsparce\n|-boost|p2a: Dunsparce|atk|1\n|-boost|p2a: Dunsparce|def|1\n|-boost|p2a: Dunsparce|accuracy|1\n|\n|upkeep\n|turn|10\n|inactive|Time left: 300 sec this turn | 300 sec total\n|\n|t:|1783566672\n|move|p1a: Brambleghast|Strength Sap|p2a: Dunsparce\n|-unboost|p2a: Dunsparce|atk|1\n|move|p2a: Dunsparce|Earthquake|p1a: Brambleghast\n|-resisted|p1a: Brambleghast\n|-damage|p1a: Brambleghast|73/100\n|\n|upkeep\n|turn|11\n|inactive|Time left: 300 sec this turn | 300 sec total\n|\n|t:|1783566673\n|move|p1a: Brambleghast|Strength Sap|p2a: Dunsparce\n|-unboost|p2a: Dunsparce|atk|1\n|-heal|p1a: Brambleghast|100/100\n|move|p2a: Dunsparce|Coil|p2a: Dunsparce\n|-boost|p2a: Dunsparce|atk|1\n|-boost|p2a: Dunsparce|def|1\n|-boost|p2a: Dunsparce|accuracy|1\n|\n|upkeep\n|turn|12\n|inactive|Time left: 300 sec this turn | 300 sec total\n|\n|t:|1783566674\n|move|p1a: Brambleghast|Strength Sap|p2a: Dunsparce\n|-unboost|p2a: Dunsparce|atk|1\n|move|p2a: Dunsparce|Coil|p2a: Dunsparce\n|-boost|p2a: Dunsparce|atk|1\n|-boost|p2a: Dunsparce|def|1\n|-boost|p2a: Dunsparce|accuracy|1\n|\n|upkeep\n|turn|13\n|inactive|Time left: 300 sec this turn | 300 sec total\n|\n|t:|1783566675\n|move|p1a: Brambleghast|Strength Sap|p2a: Dunsparce\n|-unboost|p2a: Dunsparce|atk|1\n|move|p2a: Dunsparce|Coil|p2a: Dunsparce\n|-boost|p2a: Dunsparce|atk|1\n|-boost|p2a: Dunsparce|def|1\n|-boost|p2a: Dunsparce|accuracy|1\n|\n|upkeep\n|turn|14\n|inactive|Time left: 300 sec this turn | 300 sec total\n|\n|t:|1783566675\n|move|p1a: Brambleghast|Strength Sap|p2a: Dunsparce\n|-unboost|p2a: Dunsparce|atk|1\n|move|p2a: Dunsparce|Earthquake|p1a: Brambleghast\n|-resisted|p1a: Brambleghast\n|-damage|p1a: Brambleghast|79/100\n|\n|upkeep\n|turn|15\n|inactive|Time left: 300 sec this turn | 300 sec total\n|\n|t:|1783566677\n|move|p1a: Brambleghast|Strength Sap|p2a: Dunsparce\n|-unboost|p2a: Dunsparce|atk|1\n|-heal|p1a: Brambleghast|100/100\n|move|p2a: Dunsparce|Coil|p2a: Dunsparce\n|-boost|p2a: Dunsparce|atk|1\n|-boost|p2a: Dunsparce|def|0\n|-boost|p2a: Dunsparce|accuracy|0\n|\n|upkeep\n|turn|16\n|inactive|Time left: 300 sec this turn | 300 sec total\n|\n|t:|1783566678\n|move|p1a: Brambleghast|Strength Sap|p2a: Dunsparce\n|-unboost|p2a: Dunsparce|atk|1\n|move|p2a: Dunsparce|Coil|p2a: Dunsparce\n|-boost|p2a: Dunsparce|atk|1\n|-boost|p2a: Dunsparce|def|0\n|-boost|p2a: Dunsparce|accuracy|0\n|\n|upkeep\n|turn|17\n|inactive|Time left: 300 sec this turn | 300 sec total\n|\n|t:|1783566679\n|move|p1a: Brambleghast|Strength Sap|p2a: Dunsparce\n|-unboost|p2a: Dunsparce|atk|1\n|move|p2a: Dunsparce|Coil|p2a: Dunsparce\n|-boost|p2a: Dunsparce|atk|1\n|-boost|p2a: Dunsparce|def|0\n|-boost|p2a: Dunsparce|accuracy|0\n|\n|upkeep\n|turn|18\n|inactive|Time left: 300 sec this turn | 300 sec total\n|\n|t:|1783566680\n|move|p1a: Brambleghast|Strength Sap|p2a: Dunsparce\n|-unboost|p2a: Dunsparce|atk|1\n|move|p2a: Dunsparce|Coil|p2a: Dunsparce\n|-boost|p2a: Dunsparce|atk|1\n|-boost|p2a: Dunsparce|def|0\n|-boost|p2a: Dunsparce|accuracy|0\n|\n|upkeep\n|turn|19\n|inactive|Time left: 300 sec this turn | 300 sec total\n|\n|t:|1783566681\n|move|p1a: Brambleghast|Strength Sap|p2a: Dunsparce\n|-unboost|p2a: Dunsparce|atk|1\n|move|p2a: Dunsparce|Coil|p2a: Dunsparce\n|-boost|p2a: Dunsparce|atk|1\n|-boost|p2a: Dunsparce|def|0\n|-boost|p2a: Dunsparce|accuracy|0\n|\n|upkeep\n|turn|20\n|inactive|Time left: 300 sec this turn | 300 sec total\n|\n|t:|1783566682\n|move|p1a: Brambleghast|Strength Sap|p2a: Dunsparce\n|-unboost|p2a: Dunsparce|atk|1\n|move|p2a: Dunsparce|Coil|p2a: Dunsparce\n|-boost|p2a: Dunsparce|atk|1\n|-boost|p2a: Dunsparce|def|0\n|-boost|p2a: Dunsparce|accuracy|0\n|\n|upkeep\n|turn|21\n|inactive|Time left: 300 sec this turn | 300 sec total\n|\n|t:|1783566683\n|move|p1a: Brambleghast|Strength Sap|p2a: Dunsparce\n|-unboost|p2a: Dunsparce|atk|1\n|move|p2a: Dunsparce|Coil|p2a: Dunsparce\n|-boost|p2a: Dunsparce|atk|1\n|-boost|p2a: Dunsparce|def|0\n|-boost|p2a: Dunsparce|accuracy|0\n|\n|upkeep\n|turn|22\n|inactive|Time left: 300 sec this turn | 300 sec total\n|\n|t:|1783566684\n|move|p1a: Brambleghast|Strength Sap|p2a: Dunsparce\n|-unboost|p2a: Dunsparce|atk|1\n|move|p2a: Dunsparce|Coil|p2a: Dunsparce\n|-boost|p2a: Dunsparce|atk|1\n|-boost|p2a: Dunsparce|def|0\n|-boost|p2a: Dunsparce|accuracy|0\n|\n|upkeep\n|turn|23\n|inactive|Time left: 300 sec this turn | 300 sec total\n|\n|t:|1783566685\n|move|p1a: Brambleghast|Strength Sap|p2a: Dunsparce\n|-unboost|p2a: Dunsparce|atk|1\n|move|p2a: Dunsparce|Coil|p2a: Dunsparce\n|-boost|p2a: Dunsparce|atk|1\n|-boost|p2a: Dunsparce|def|0\n|-boost|p2a: Dunsparce|accuracy|0\n|\n|upkeep\n|turn|24\n|inactive|Time left: 300 sec this turn | 300 sec total\n|\n|t:|1783566686\n|move|p1a: Brambleghast|Strength Sap|p2a: Dunsparce\n|-unboost|p2a: Dunsparce|atk|1\n|move|p2a: Dunsparce|Coil|p2a: Dunsparce\n|-boost|p2a: Dunsparce|atk|1\n|-boost|p2a: Dunsparce|def|0\n|-boost|p2a: Dunsparce|accuracy|0\n|\n|upkeep\n|turn|25\n|inactive|Time left: 300 sec this turn | 300 sec total\n|\n|t:|1783566687\n|move|p1a: Brambleghast|Strength Sap|p2a: Dunsparce\n|-unboost|p2a: Dunsparce|atk|1\n|move|p2a: Dunsparce|Coil|p2a: Dunsparce\n|-boost|p2a: Dunsparce|atk|1\n|-boost|p2a: Dunsparce|def|0\n|-boost|p2a: Dunsparce|accuracy|0\n|\n|upkeep\n|turn|26\n|inactive|Time left: 300 sec this turn | 300 sec total\n|\n|t:|1783566688\n|move|p1a: Brambleghast|Power Whip|p2a: Dunsparce\n|-damage|p2a: Dunsparce|193/312\n|move|p2a: Dunsparce|Earthquake|p1a: Brambleghast\n|-resisted|p1a: Brambleghast\n|-damage|p1a: Brambleghast|80/100\n|\n|upkeep\n|turn|27\n|inactive|Time left: 300 sec this turn | 300 sec total\n|\n|t:|1783566689\n|move|p1a: Brambleghast|Power Whip|p2a: Dunsparce\n|-damage|p2a: Dunsparce|147/312\n|move|p2a: Dunsparce|Earthquake|p1a: Brambleghast\n|-resisted|p1a: Brambleghast\n|-damage|p1a: Brambleghast|60/100\n|\n|upkeep\n|turn|28\n|inactive|Time left: 300 sec this turn | 300 sec total\n|\n|t:|1783566690\n|move|p1a: Brambleghast|Power Whip|p2a: Dunsparce\n|-damage|p2a: Dunsparce|104/312\n|move|p2a: Dunsparce|Roost|p2a: Dunsparce\n|-heal|p2a: Dunsparce|260/312\n|-singleturn|p2a: Dunsparce|move: Roost\n|\n|upkeep\n|turn|29\n|inactive|Time left: 300 sec this turn | 300 sec total\n|\n|t:|1783566691\n|move|p1a: Brambleghast|Rapid Spin|p2a: Dunsparce\n|-damage|p2a: Dunsparce|247/312\n|-boost|p1a: Brambleghast|spe|1\n|move|p2a: Dunsparce|Coil|p2a: Dunsparce\n|-boost|p2a: Dunsparce|atk|1\n|-boost|p2a: Dunsparce|def|0\n|-boost|p2a: Dunsparce|accuracy|0\n|\n|upkeep\n|turn|30\n|inactive|Time left: 300 sec this turn | 300 sec total\n|\n|t:|1783566693\n|move|p1a: Brambleghast|Power Whip|p2a: Dunsparce\n|-damage|p2a: Dunsparce|205/312\n|move|p2a: Dunsparce|Earthquake|p1a: Brambleghast\n|-resisted|p1a: Brambleghast\n|-damage|p1a: Brambleghast|32/100\n|\n|upkeep\n|turn|31\n|inactive|Time left: 300 sec this turn | 300 sec total\n|\n|t:|1783566694\n|move|p1a: Brambleghast|Power Whip|p2a: Dunsparce|[miss]\n|-miss|p1a: Brambleghast|p2a: Dunsparce\n|move|p2a: Dunsparce|Earthquake|p1a: Brambleghast\n|-resisted|p1a: Brambleghast\n|-damage|p1a: Brambleghast|4/100\n|\n|upkeep\n|turn|32\n|inactive|Time left: 300 sec this turn | 300 sec total\n|\n|t:|1783566695\n|move|p1a: Brambleghast|Power Whip|p2a: Dunsparce\n|-damage|p2a: Dunsparce|156/312\n|move|p2a: Dunsparce|Earthquake|p1a: Brambleghast\n|-resisted|p1a: Brambleghast\n|-damage|p1a: Brambleghast|0 fnt\n|faint|p1a: Brambleghast\n|\n|upkeep\n|\n|t:|1783566696\n|switch|p1a: Rotom|Rotom-Frost, L87|100/100\n|turn|33\n|inactive|Time left: 300 sec this turn | 300 sec total\n|\n|t:|1783566697\n|move|p1a: Rotom|Nasty Plot|p1a: Rotom\n|-boost|p1a: Rotom|spa|2\n|move|p2a: Dunsparce|Roost|p2a: Dunsparce\n|-heal|p2a: Dunsparce|312/312\n|-singleturn|p2a: Dunsparce|move: Roost\n|\n|upkeep\n|turn|34\n|inactive|Time left: 300 sec this turn | 300 sec total\n|\n|t:|1783566698\n|move|p1a: Rotom|Thunderbolt|p2a: Dunsparce\n|-damage|p2a: Dunsparce|141/312\n|move|p2a: Dunsparce|Body Slam|p1a: Rotom\n|-damage|p1a: Rotom|45/100\n|\n|upkeep\n|turn|35\n|inactive|Time left: 300 sec this turn | 300 sec total\n|\n|t:|1783566699\n|-terastallize|p2a: Dunsparce|Ground\n|move|p1a: Rotom|Blizzard|p2a: Dunsparce\n|-supereffective|p2a: Dunsparce\n|-damage|p2a: Dunsparce|0 fnt\n|faint|p2a: Dunsparce\n|\n|upkeep\n|inactive|Time left: 300 sec this turn | 300 sec total | 5 sec grace\n|\n|t:|1783566700\n|switch|p2a: Maushold|Maushold-Four, L76|238/238\n|turn|36\n|inactive|Time left: 300 sec this turn | 300 sec total\n|\n|t:|1783566701\n|move|p2a: Maushold|Population Bomb|p1a: Rotom\n|-damage|p1a: Rotom|38/100\n|-damage|p1a: Rotom|29/100\n|-damage|p1a: Rotom|21/100\n|-damage|p1a: Rotom|12/100\n|-damage|p1a: Rotom|4/100\n|-damage|p1a: Rotom|0 fnt\n|faint|p1a: Rotom\n|-hitcount|p1: Rotom|6\n|\n|upkeep\n|\n|t:|1783566702\n|switch|p1a: Lugia|Lugia, L73|100/100\n|turn|37\n|inactive|Time left: 300 sec this turn | 300 sec total\n|\n|t:|1783566703\n|move|p2a: Maushold|Population Bomb|p1a: Lugia\n|-damage|p1a: Lugia|97/100\n|-damage|p1a: Lugia|89/100\n|-crit|p1a: Lugia\n|-damage|p1a: Lugia|79/100\n|-damage|p1a: Lugia|73/100\n|-damage|p1a: Lugia|66/100\n|-damage|p1a: Lugia|59/100\n|-damage|p1a: Lugia|52/100\n|-damage|p1a: Lugia|44/100\n|-damage|p1a: Lugia|37/100\n|-crit|p1a: Lugia\n|-damage|p1a: Lugia|26/100\n|-hitcount|p1a: Lugia|10\n|move|p1a: Lugia|Calm Mind|p1a: Lugia\n|-boost|p1a: Lugia|spa|1\n|-boost|p1a: Lugia|spd|1\n|\n|upkeep\n|turn|38\n|inactive|Time left: 300 sec this turn | 300 sec total\n|\n|t:|1783566704\n|move|p2a: Maushold|Population Bomb|p1a: Lugia\n|-damage|p1a: Lugia|19/100\n|-damage|p1a: Lugia|12/100\n|-damage|p1a: Lugia|5/100\n|-damage|p1a: Lugia|0 fnt\n|faint|p1a: Lugia\n|-hitcount|p1: Lugia|4\n|\n|upkeep\n|\n|t:|1783566704\n|switch|p1a: Swampert|Swampert, L83, F|100/100\n|turn|39\n|inactive|Time left: 300 sec this turn | 300 sec total\n|\n|t:|1783566705\n|move|p2a: Maushold|Population Bomb|p1a: Swampert\n|-damage|p1a: Swampert|93/100\n|-damage|p1a: Swampert|86/100\n|-damage|p1a: Swampert|78/100\n|-damage|p1a: Swampert|70/100\n|-damage|p1a: Swampert|62/100\n|-damage|p1a: Swampert|55/100\n|-damage|p1a: Swampert|48/100\n|-damage|p1a: Swampert|41/100\n|-damage|p1a: Swampert|33/100\n|-damage|p1a: Swampert|26/100\n|-hitcount|p1a: Swampert|10\n|move|p1a: Swampert|Knock Off|p2a: Maushold\n|-damage|p2a: Maushold|143/238\n|-enditem|p2a: Maushold|Wide Lens|[from] move: Knock Off|[of] p1a: Swampert\n|\n|-heal|p1a: Swampert|32/100|[from] item: Leftovers\n|upkeep\n|turn|40\n|inactive|Time left: 300 sec this turn | 300 sec total\n|\n|t:|1783566706\n|move|p2a: Maushold|Population Bomb|p1a: Swampert\n|-damage|p1a: Swampert|24/100\n|-damage|p1a: Swampert|17/100\n|-damage|p1a: Swampert|10/100\n|-damage|p1a: Swampert|2/100\n|-damage|p1a: Swampert|0 fnt\n|faint|p1a: Swampert\n|-hitcount|p1: Swampert|5\n|\n|upkeep\n|\n|t:|1783566707\n|switch|p1a: Gothitelle|Gothitelle, L90, F|100/100\n|turn|41\n|inactive|Time left: 300 sec this turn | 300 sec total\n|\n|t:|1783566708\n|move|p2a: Maushold|Population Bomb|p1a: Gothitelle\n|-damage|p1a: Gothitelle|93/100\n|-damage|p1a: Gothitelle|86/100\n|-damage|p1a: Gothitelle|79/100\n|-damage|p1a: Gothitelle|72/100\n|-damage|p1a: Gothitelle|65/100\n|-damage|p1a: Gothitelle|57/100\n|-hitcount|p1a: Gothitelle|6\n|move|p1a: Gothitelle|Psychic Noise|p2a: Maushold\n|-damage|p2a: Maushold|35/238\n|-start|p2a: Maushold|move: Heal Block\n|\n|-heal|p1a: Gothitelle|64/100|[from] item: Leftovers\n|upkeep\n|turn|42\n|inactive|Time left: 300 sec this turn | 300 sec total\n|\n|t:|1783566709\n|move|p2a: Maushold|Population Bomb|p1a: Gothitelle\n|-damage|p1a: Gothitelle|57/100\n|-damage|p1a: Gothitelle|49/100\n|-damage|p1a: Gothitelle|41/100\n|-damage|p1a: Gothitelle|34/100\n|-damage|p1a: Gothitelle|27/100\n|-damage|p1a: Gothitelle|19/100\n|-damage|p1a: Gothitelle|12/100\n|-damage|p1a: Gothitelle|4/100\n|-damage|p1a: Gothitelle|0 fnt\n|faint|p1a: Gothitelle\n|-hitcount|p1: Gothitelle|9\n|\n|-end|p2a: Maushold|move: Heal Block\n|upkeep\n|\n|t:|1783566710\n|switch|p1a: Heracross|Heracross, L80, M|57/100 brn\n|turn|43\n|inactive|Time left: 300 sec this turn | 300 sec total\n|\n|t:|1783566711\n|move|p2a: Maushold|Population Bomb|p1a: Heracross\n|-damage|p1a: Heracross|46/100 brn\n|-hitcount|p1a: Heracross|1\n|move|p1a: Heracross|Trailblaze|p2a: Maushold\n|-damage|p2a: Maushold|0 fnt\n|-boost|p1a: Heracross|spe|1\n|faint|p2a: Maushold\n|\n|-damage|p1a: Heracross|40/100 brn|[from] brn\n|upkeep\n|inactive|Time left: 300 sec this turn | 300 sec total | 5 sec grace\n|\n|t:|1783566712\n|switch|p2a: Gothitelle|Gothitelle, L90, M|272/272\n|turn|44\n|inactive|Time left: 300 sec this turn | 300 sec total\n|\n|t:|1783566713\n|-terastallize|p1a: Heracross|Normal\n|move|p1a: Heracross|Facade|p2a: Gothitelle\n|-damage|p2a: Gothitelle|52/272\n|move|p2a: Gothitelle|Psychic Noise|p1a: Heracross\n|-damage|p1a: Heracross|5/100 brn\n|-start|p1a: Heracross|move: Heal Block\n|\n|-heal|p2a: Gothitelle|69/272|[from] item: Leftovers\n|-damage|p1a: Heracross|0 fnt|[from] brn\n|faint|p1a: Heracross\n|\n|win|p0y2385bd27", "uploadtime": 1783566713, "views": 0, "rating": 0, "private": 0, "password": null, "_winner": "p0y2385bd27", "_our_name": "p0y2385bd27"}