{"id": "battle-gen9randombattle-2569", "formatid": "gen9randombattle", "format": "[Gen 9] Random Battle", "players": ["p0x2569617d", "p0y2569e5fb"], "log": "|init|battle\n|title|p0x2569617d vs. p0y2569e5fb\n|j|\u2606p0x2569617d\n|j|\u2606p0y2569e5fb\n|t:|1783569693\n|gametype|singles\n|player|p1|p0x2569617d|170|\n|player|p2|p0y2569e5fb|101|\n|gen|9\n|tier|[Gen 9] Random Battle\n|rule|Species Clause: Limit one of each Pok\u00e9mon\n|rule|HP Percentage Mod: HP is shown in percentages\n|rule|Sleep Clause Mod: Limit one foe put to sleep\n|rule|Illusion Level Mod: Illusion disguises the Pok\u00e9mon's true level\n|\n|t:|1783569693\n|teamsize|p1|6\n|teamsize|p2|6\n|start\n|switch|p1a: Kyurem|Kyurem, L77|100/100\n|switch|p2a: Houndoom|Houndoom, L87, M|272/272\n|-ability|p1a: Kyurem|Pressure\n|turn|1\n|inactive|Battle timer is ON: inactive players will automatically lose when time's up. (requested by p0x2569617d)\n|inactive|Time left: 300 sec this turn | 300 sec total | 60 sec grace\n|inactive|p0y2569e5fb also wants the timer to be on.\n|\n|t:|1783569695\n|move|p2a: Houndoom|Dark Pulse|p1a: Kyurem\n|-damage|p1a: Kyurem|65/100\n|cant|p1a: Kyurem|flinch\n|\n|upkeep\n|turn|2\n|inactive|Time left: 300 sec this turn | 300 sec total\n|\n|t:|1783569696\n|move|p2a: Houndoom|Fire Blast|p1a: Kyurem\n|-damage|p1a: Kyurem|16/100\n|move|p1a: Kyurem|Scale Shot|p2a: Houndoom\n|-damage|p2a: Houndoom|232/272\n|-damage|p2a: Houndoom|193/272\n|-damage|p2a: Houndoom|150/272\n|-damage|p2a: Houndoom|107/272\n|-damage|p2a: Houndoom|64/272\n|-hitcount|p2a: Houndoom|5\n|-unboost|p1a: Kyurem|def|1\n|-boost|p1a: Kyurem|spe|1\n|\n|upkeep\n|turn|3\n|inactive|Time left: 300 sec this turn | 300 sec total\n|\n|t:|1783569697\n|move|p2a: Houndoom|Sucker Punch|p1a: Kyurem\n|-damage|p1a: Kyurem|0 fnt\n|faint|p1a: Kyurem\n|\n|upkeep\n|\n|t:|1783569698\n|switch|p1a: Rhydon|Rhydon, L85, F|100/100\n|turn|4\n|inactive|Time left: 300 sec this turn | 300 sec total\n|\n|t:|1783569699\n|move|p2a: Houndoom|Dark Pulse|p1a: Rhydon\n|-crit|p1a: Rhydon\n|-damage|p1a: Rhydon|52/100\n|cant|p1a: Rhydon|flinch\n|\n|upkeep\n|turn|5\n|inactive|Time left: 300 sec this turn | 300 sec total\n|\n|t:|1783569700\n|move|p2a: Houndoom|Dark Pulse|p1a: Rhydon\n|-damage|p1a: Rhydon|17/100\n|move|p1a: Rhydon|Earthquake|p2a: Houndoom\n|-supereffective|p2a: Houndoom\n|-damage|p2a: Houndoom|0 fnt\n|faint|p2a: Houndoom\n|\n|upkeep\n|inactive|Time left: 300 sec this turn | 300 sec total | 5 sec grace\n|\n|t:|1783569702\n|switch|p2a: Yanmega|Yanmega, L82, M|275/275\n|turn|6\n|inactive|Time left: 300 sec this turn | 300 sec total\n|\n|t:|1783569703\n|switch|p1a: Gumshoos|Gumshoos, L95, M|100/100\n|move|p2a: Yanmega|Bug Buzz|p1a: Gumshoos\n|-damage|p1a: Gumshoos|41/100\n|\n|upkeep\n|turn|7\n|inactive|Time left: 300 sec this turn | 300 sec total\n|\n|t:|1783569704\n|move|p2a: Yanmega|Bug Buzz|p1a: Gumshoos\n|-damage|p1a: Gumshoos|0 fnt\n|faint|p1a: Gumshoos\n|\n|upkeep\n|\n|t:|1783569705\n|switch|p1a: Iron Boulder|Iron Boulder, L77|100/100\n|turn|8\n|inactive|Time left: 300 sec this turn | 300 sec total\n|\n|t:|1783569706\n|switch|p2a: Klefki|Klefki, L84, F|233/233\n|move|p1a: Iron Boulder|Mighty Cleave|p2a: Klefki\n|-resisted|p2a: Klefki\n|-damage|p2a: Klefki|175/233\n|-damage|p1a: Iron Boulder|91/100|[from] item: Life Orb\n|\n|-heal|p2a: Klefki|189/233|[from] item: Leftovers\n|upkeep\n|turn|9\n|inactive|Time left: 300 sec this turn | 300 sec total\n|\n|t:|1783569707\n|move|p2a: Klefki|Thunder Wave|p1a: Iron Boulder|[miss]\n|-miss|p2a: Klefki|p1a: Iron Boulder\n|move|p1a: Iron Boulder|Swords Dance|p1a: Iron Boulder\n|-boost|p1a: Iron Boulder|atk|2\n|\n|-heal|p2a: Klefki|203/233|[from] item: Leftovers\n|upkeep\n|turn|10\n|inactive|Time left: 300 sec this turn | 300 sec total\n|\n|t:|1783569708\n|move|p2a: Klefki|Thunder Wave|p1a: Iron Boulder\n|-status|p1a: Iron Boulder|par\n|move|p1a: Iron Boulder|Close Combat|p2a: Klefki\n|-damage|p2a: Klefki|0 fnt\n|-unboost|p1a: Iron Boulder|def|1\n|-unboost|p1a: Iron Boulder|spd|1\n|faint|p2a: Klefki\n|-damage|p1a: Iron Boulder|81/100 par|[from] item: Life Orb\n|\n|upkeep\n|inactive|Time left: 300 sec this turn | 300 sec total | 5 sec grace\n|\n|t:|1783569709\n|switch|p2a: Yanmega|Yanmega, L82, M|275/275\n|turn|11\n|inactive|Time left: 300 sec this turn | 300 sec total\n|\n|t:|1783569710\n|-terastallize|p1a: Iron Boulder|Fighting\n|move|p2a: Yanmega|Bug Buzz|p1a: Iron Boulder\n|-resisted|p1a: Iron Boulder\n|-damage|p1a: Iron Boulder|4/100 par\n|cant|p1a: Iron Boulder|par\n|\n|upkeep\n|turn|12\n|inactive|Time left: 300 sec this turn | 300 sec total\n|\n|t:|1783569711\n|move|p2a: Yanmega|Bug Buzz|p1a: Iron Boulder\n|-resisted|p1a: Iron Boulder\n|-damage|p1a: Iron Boulder|0 fnt\n|faint|p1a: Iron Boulder\n|-end|p1a: Iron Boulder|Quark Drive|[silent]\n|\n|upkeep\n|\n|t:|1783569712\n|switch|p1a: Electivire|Electivire, L84, M|100/100\n|turn|13\n|inactive|Time left: 300 sec this turn | 300 sec total\n|\n|t:|1783569713\n|-terastallize|p2a: Yanmega|Bug\n|move|p1a: Electivire|Ice Punch|p2a: Yanmega\n|-damage|p2a: Yanmega|189/275\n|-damage|p1a: Electivire|91/100|[from] item: Life Orb\n|move|p2a: Yanmega|Bug Buzz|p1a: Electivire\n|-damage|p1a: Electivire|7/100\n|\n|upkeep\n|turn|14\n|inactive|Time left: 300 sec this turn | 300 sec total\n|\n|t:|1783569714\n|move|p1a: Electivire|Ice Punch|p2a: Yanmega\n|-damage|p2a: Yanmega|95/275\n|-damage|p1a: Electivire|0 fnt|[from] item: Life Orb\n|faint|p1a: Electivire\n|move|p2a: Yanmega|Bug Buzz|p1: Electivire|[notarget]\n|-fail|p2a: Yanmega\n|\n|upkeep\n|\n|t:|1783569715\n|switch|p1a: Sandaconda|Sandaconda, L84, M|100/100\n|turn|15\n|inactive|Time left: 300 sec this turn | 300 sec total\n|\n|t:|1783569716\n|move|p2a: Yanmega|Bug Buzz|p1a: Sandaconda\n|-damage|p1a: Sandaconda|4/100\n|move|p1a: Sandaconda|Scale Shot|p2a: Yanmega\n|-damage|p2a: Yanmega|72/275\n|-damage|p2a: Yanmega|51/275\n|-damage|p2a: Yanmega|31/275\n|-damage|p2a: Yanmega|10/275\n|-hitcount|p2a: Yanmega|4\n|-unboost|p1a: Sandaconda|def|1\n|-boost|p1a: Sandaconda|spe|1\n|\n|upkeep\n|turn|16\n|inactive|Time left: 300 sec this turn | 300 sec total\n|\n|t:|1783569717\n|switch|p2a: Primarina|Primarina, L83, F|268/268\n|move|p1a: Sandaconda|Rock Blast|p2a: Primarina\n|-damage|p2a: Primarina|244/268\n|-damage|p2a: Primarina|221/268\n|-damage|p2a: Primarina|200/268\n|-damage|p2a: Primarina|176/268\n|-damage|p2a: Primarina|151/268\n|-hitcount|p2a: Primarina|5\n|\n|-heal|p2a: Primarina|167/268|[from] item: Leftovers\n|upkeep\n|turn|17\n|inactive|Time left: 300 sec this turn | 300 sec total\n|\n|t:|1783569718\n|move|p1a: Sandaconda|Earthquake|p2a: Primarina\n|-damage|p2a: Primarina|26/268\n|move|p2a: Primarina|Moonblast|p1a: Sandaconda\n|-damage|p1a: Sandaconda|0 fnt\n|faint|p1a: Sandaconda\n|\n|-heal|p2a: Primarina|42/268|[from] item: Leftovers\n|upkeep\n|\n|t:|1783569718\n|switch|p1a: Rhydon|Rhydon, L85, F|17/100\n|turn|18\n|inactive|Time left: 300 sec this turn | 300 sec total\n|\n|t:|1783569719\n|move|p2a: Primarina|Psychic Noise|p1a: Rhydon\n|-supereffective|p1a: Rhydon\n|-damage|p1a: Rhydon|0 fnt\n|faint|p1a: Rhydon\n|\n|win|p0y2569e5fb", "uploadtime": 1783569719, "views": 0, "rating": 0, "private": 0, "password": null, "_winner": "p0y2569e5fb", "_our_name": "p0y2569e5fb"}