{"id": "battle-gen9randombattle-82", "formatid": "gen9randombattle", "format": "[Gen 9] Random Battle", "players": ["p0x082b619", "p0y082a6b4"], "log": "|init|battle\n|title|p0x082b619 vs. p0y082a6b4\n|j|\u2606p0x082b619\n|j|\u2606p0y082a6b4\n|t:|1783540143\n|gametype|singles\n|player|p1|p0x082b619|1|\n|player|p2|p0y082a6b4|170|\n|gen|9\n|tier|[Gen 9] Random Battle\n|rule|Species Clause: Limit one of each Pok\u00e9mon\n|rule|HP Percentage Mod: HP is shown in percentages\n|rule|Sleep Clause Mod: Limit one foe put to sleep\n|rule|Illusion Level Mod: Illusion disguises the Pok\u00e9mon's true level\n|\n|t:|1783540143\n|teamsize|p1|6\n|teamsize|p2|6\n|start\n|switch|p1a: Minior|Minior-Green, L79|100/100\n|switch|p2a: Frosmoth|Frosmoth, L82, M|249/249\n|-formechange|p1a: Minior|Minior-Meteor||[from] ability: Shields Down\n|turn|1\n|inactive|Battle timer is ON: inactive players will automatically lose when time's up. (requested by p0x082b619)\n|inactive|p0y082a6b4 also wants the timer to be on.\n|\n|t:|1783540144\n|move|p2a: Frosmoth|Ice Beam|p1a: Minior\n|-supereffective|p1a: Minior\n|-damage|p1a: Minior|14/100\n|move|p1a: Minior|Shell Smash|p1a: Minior\n|-unboost|p1a: Minior|def|1\n|-unboost|p1a: Minior|spd|1\n|-boost|p1a: Minior|atk|2\n|-boost|p1a: Minior|spa|2\n|-boost|p1a: Minior|spe|2\n|-enditem|p1a: Minior|White Herb\n|-clearnegativeboost|p1a: Minior|[silent]\n|\n|-formechange|p1a: Minior|Minior-Green||[from] ability: Shields Down\n|upkeep\n|turn|2\n|inactive|Time left: 300 sec this turn | 300 sec total | 60 sec grace\n|\n|t:|1783540145\n|switch|p2a: Bastiodon|Bastiodon, L89, M|252/252\n|move|p1a: Minior|Acrobatics|p2a: Bastiodon\n|-resisted|p2a: Bastiodon\n|-damage|p2a: Bastiodon|224/252\n|\n|upkeep\n|turn|3\n|inactive|Time left: 300 sec this turn | 300 sec total\n|\n|t:|1783540146\n|move|p1a: Minior|Earthquake|p2a: Bastiodon\n|-supereffective|p2a: Bastiodon\n|-damage|p2a: Bastiodon|0 fnt\n|faint|p2a: Bastiodon\n|\n|upkeep\n|inactive|Time left: 300 sec this turn | 300 sec total | 5 sec grace\n|\n|t:|1783540146\n|switch|p2a: Iron Hands|Iron Hands, L79|373/373\n|turn|4\n|inactive|Time left: 300 sec this turn | 300 sec total\n|\n|t:|1783540147\n|move|p1a: Minior|Acrobatics|p2a: Iron Hands\n|-damage|p2a: Iron Hands|174/373\n|move|p2a: Iron Hands|Ice Punch|p1a: Minior\n|-supereffective|p1a: Minior\n|-damage|p1a: Minior|0 fnt\n|faint|p1a: Minior\n|\n|-heal|p2a: Iron Hands|197/373|[from] item: Leftovers\n|upkeep\n|\n|t:|1783540148\n|switch|p1a: Abomasnow|Abomasnow, L84, F|100/100\n|-weather|Snowscape|[from] ability: Snow Warning|[of] p1a: Abomasnow\n|turn|5\n|inactive|Time left: 300 sec this turn | 300 sec total\n|\n|t:|1783540149\n|move|p1a: Abomasnow|Aurora Veil|p1a: Abomasnow\n|-sidestart|p1: p0x082b619|move: Aurora Veil\n|move|p2a: Iron Hands|Swords Dance|p2a: Iron Hands\n|-boost|p2a: Iron Hands|atk|2\n|\n|-weather|Snowscape|[upkeep]\n|-heal|p2a: Iron Hands|220/373|[from] item: Leftovers\n|upkeep\n|turn|6\n|inactive|Time left: 300 sec this turn | 300 sec total\n|\n|t:|1783540150\n|switch|p1a: Banette|Banette, L93, M|100/100\n|move|p2a: Iron Hands|Drain Punch|p1a: Banette\n|-immune|p1a: Banette\n|\n|-weather|Snowscape|[upkeep]\n|-heal|p2a: Iron Hands|243/373|[from] item: Leftovers\n|upkeep\n|turn|7\n|inactive|Time left: 300 sec this turn | 300 sec total\n|\n|t:|1783540152\n|-terastallize|p1a: Banette|Ghost\n|move|p1a: Banette|Poltergeist|p2a: Iron Hands|[miss]\n|-miss|p1a: Banette|p2a: Iron Hands\n|move|p2a: Iron Hands|Ice Punch|p1a: Banette\n|-damage|p1a: Banette|76/100\n|\n|-weather|Snowscape|[upkeep]\n|-heal|p2a: Iron Hands|266/373|[from] item: Leftovers\n|upkeep\n|turn|8\n|inactive|Time left: 300 sec this turn | 300 sec total\n|\n|t:|1783540153\n|move|p1a: Banette|Poltergeist|p2a: Iron Hands|[miss]\n|-miss|p1a: Banette|p2a: Iron Hands\n|move|p2a: Iron Hands|Thunder Punch|p1a: Banette\n|-damage|p1a: Banette|40/100\n|-status|p1a: Banette|par\n|\n|-weather|Snowscape|[upkeep]\n|-heal|p2a: Iron Hands|289/373|[from] item: Leftovers\n|upkeep\n|turn|9\n|inactive|Time left: 300 sec this turn | 300 sec total\n|\n|t:|1783540154\n|move|p2a: Iron Hands|Thunder Punch|p1a: Banette\n|-damage|p1a: Banette|4/100 par\n|move|p1a: Banette|Poltergeist|p2a: Iron Hands|[miss]\n|-miss|p1a: Banette|p2a: Iron Hands\n|\n|-weather|none\n|-heal|p2a: Iron Hands|312/373|[from] item: Leftovers\n|upkeep\n|turn|10\n|inactive|Time left: 300 sec this turn | 300 sec total\n|\n|t:|1783540155\n|move|p1a: Banette|Shadow Sneak|p2a: Iron Hands\n|-damage|p2a: Iron Hands|216/373\n|-damage|p1a: Banette|0 fnt|[from] item: Life Orb\n|faint|p1a: Banette\n|move|p2a: Iron Hands|Ice Punch|p1: Banette|[notarget]\n|-fail|p2a: Iron Hands\n|\n|-heal|p2a: Iron Hands|239/373|[from] item: Leftovers\n|upkeep\n|\n|t:|1783540156\n|switch|p1a: Gliscor|Gliscor, L76, M|100/100\n|turn|11\n|inactive|Time left: 300 sec this turn | 300 sec total\n|\n|t:|1783540157\n|move|p1a: Gliscor|Earthquake|p2a: Iron Hands\n|-supereffective|p2a: Iron Hands\n|-damage|p2a: Iron Hands|81/373\n|move|p2a: Iron Hands|Ice Punch|p1a: Gliscor\n|-supereffective|p1a: Gliscor\n|-damage|p1a: Gliscor|12/100\n|\n|-heal|p2a: Iron Hands|104/373|[from] item: Leftovers\n|-status|p1a: Gliscor|tox|[from] item: Toxic Orb\n|upkeep\n|turn|12\n|inactive|Time left: 300 sec this turn | 300 sec total\n|\n|t:|1783540159\n|-terastallize|p2a: Iron Hands|Flying\n|move|p1a: Gliscor|Earthquake|p2a: Iron Hands\n|-immune|p2a: Iron Hands\n|move|p2a: Iron Hands|Drain Punch|p1a: Gliscor\n|-resisted|p1a: Gliscor\n|-damage|p1a: Gliscor|0 fnt\n|-heal|p2a: Iron Hands|118/373|[from] drain|[of] p1a: Gliscor\n|faint|p1a: Gliscor\n|\n|-heal|p2a: Iron Hands|141/373|[from] item: Leftovers\n|-sideend|p1: p0x082b619|move: Aurora Veil\n|upkeep\n|\n|t:|1783540160\n|switch|p1a: Glalie|Glalie, L96, M|100/100\n|turn|13\n|inactive|Time left: 300 sec this turn | 300 sec total\n|\n|t:|1783540161\n|-end|p2a: Iron Hands|Quark Drive|[silent]\n|switch|p2a: Frosmoth|Frosmoth, L82, M|249/249\n|move|p1a: Glalie|Freeze-Dry|p2a: Frosmoth\n|-resisted|p2a: Frosmoth\n|-damage|p2a: Frosmoth|228/249\n|\n|upkeep\n|turn|14\n|inactive|Time left: 300 sec this turn | 300 sec total\n|\n|t:|1783540162\n|move|p1a: Glalie|Taunt|p2a: Frosmoth\n|-start|p2a: Frosmoth|move: Taunt\n|cant|p2a: Frosmoth|move: Taunt|Quiver Dance\n|\n|upkeep\n|turn|15\n|inactive|Time left: 300 sec this turn | 300 sec total\n|\n|t:|1783540163\n|move|p1a: Glalie|Earthquake|p2a: Frosmoth\n|-resisted|p2a: Frosmoth\n|-damage|p2a: Frosmoth|172/249\n|move|p2a: Frosmoth|Bug Buzz|p1a: Glalie\n|-damage|p1a: Glalie|64/100\n|\n|upkeep\n|turn|16\n|inactive|Time left: 300 sec this turn | 300 sec total\n|\n|t:|1783540164\n|move|p1a: Glalie|Earthquake|p2a: Frosmoth\n|-resisted|p2a: Frosmoth\n|-damage|p2a: Frosmoth|115/249\n|move|p2a: Frosmoth|Bug Buzz|p1a: Glalie\n|-damage|p1a: Glalie|32/100\n|\n|-end|p2a: Frosmoth|move: Taunt\n|upkeep\n|turn|17\n|inactive|Time left: 300 sec this turn | 300 sec total\n|\n|t:|1783540166\n|move|p1a: Glalie|Earthquake|p2a: Frosmoth\n|-resisted|p2a: Frosmoth\n|-damage|p2a: Frosmoth|59/249\n|move|p2a: Frosmoth|Quiver Dance|p2a: Frosmoth\n|-boost|p2a: Frosmoth|spa|1\n|-boost|p2a: Frosmoth|spd|1\n|-boost|p2a: Frosmoth|spe|1\n|\n|upkeep\n|turn|18\n|inactive|Time left: 300 sec this turn | 300 sec total\n|\n|t:|1783540167\n|move|p2a: Frosmoth|Bug Buzz|p1a: Glalie\n|-damage|p1a: Glalie|0 fnt\n|faint|p1a: Glalie\n|\n|upkeep\n|\n|t:|1783540168\n|switch|p1a: Persian|Persian-Alola, L86, F|100/100\n|turn|19\n|inactive|Time left: 300 sec this turn | 300 sec total\n|\n|t:|1783540169\n|move|p1a: Persian|Burning Jealousy|p2a: Frosmoth\n|-supereffective|p2a: Frosmoth\n|-damage|p2a: Frosmoth|0 fnt\n|faint|p2a: Frosmoth\n|-damage|p1a: Persian|91/100|[from] item: Life Orb\n|\n|upkeep\n|inactive|Time left: 300 sec this turn | 300 sec total | 5 sec grace\n|\n|t:|1783540170\n|switch|p2a: Vileplume|Vileplume, L85, F|266/266\n|turn|20\n|inactive|Time left: 300 sec this turn | 300 sec total\n|\n|t:|1783540170\n|move|p1a: Persian|Nasty Plot|p1a: Persian\n|-boost|p1a: Persian|spa|2\n|move|p2a: Vileplume|Sludge Bomb|p1a: Persian\n|-damage|p1a: Persian|40/100\n|\n|upkeep\n|turn|21\n|inactive|Time left: 300 sec this turn | 300 sec total\n|\n|t:|1783540171\n|move|p1a: Persian|Dark Pulse|p2a: Vileplume\n|-damage|p2a: Vileplume|79/266\n|-damage|p1a: Persian|30/100|[from] item: Life Orb\n|move|p2a: Vileplume|Sludge Bomb|p1a: Persian\n|-damage|p1a: Persian|0 fnt\n|faint|p1a: Persian\n|\n|-heal|p2a: Vileplume|95/266|[from] item: Leftovers\n|upkeep\n|\n|t:|1783540172\n|switch|p1a: Abomasnow|Abomasnow, L84, F|100/100\n|-weather|Snowscape|[from] ability: Snow Warning|[of] p1a: Abomasnow\n|turn|22\n|inactive|Time left: 300 sec this turn | 300 sec total\n|\n|t:|1783540173\n|move|p1a: Abomasnow|Aurora Veil|p1a: Abomasnow\n|-sidestart|p1: p0x082b619|move: Aurora Veil\n|move|p2a: Vileplume|Sludge Bomb|p1a: Abomasnow\n|-supereffective|p1a: Abomasnow\n|-damage|p1a: Abomasnow|60/100\n|\n|-weather|Snowscape|[upkeep]\n|-heal|p2a: Vileplume|111/266|[from] item: Leftovers\n|upkeep\n|turn|23\n|inactive|Time left: 300 sec this turn | 300 sec total\n|\n|t:|1783540174\n|move|p1a: Abomasnow|Blizzard|p2a: Vileplume\n|-supereffective|p2a: Vileplume\n|-damage|p2a: Vileplume|0 fnt\n|faint|p2a: Vileplume\n|\n|-weather|Snowscape|[upkeep]\n|upkeep\n|inactive|Time left: 300 sec this turn | 300 sec total | 5 sec grace\n|\n|t:|1783540175\n|switch|p2a: Dachsbun|Dachsbun, L92, M|254/254\n|turn|24\n|inactive|Time left: 300 sec this turn | 300 sec total\n|\n|t:|1783540177\n|move|p2a: Dachsbun|Body Press|p1a: Abomasnow\n|-supereffective|p1a: Abomasnow\n|-damage|p1a: Abomasnow|41/100\n|move|p1a: Abomasnow|Blizzard|p2a: Dachsbun\n|-damage|p2a: Dachsbun|142/254\n|\n|-weather|Snowscape|[upkeep]\n|-heal|p2a: Dachsbun|157/254|[from] item: Leftovers\n|upkeep\n|turn|25\n|inactive|Time left: 300 sec this turn | 300 sec total\n|\n|t:|1783540178\n|move|p2a: Dachsbun|Body Press|p1a: Abomasnow\n|-supereffective|p1a: Abomasnow\n|-damage|p1a: Abomasnow|21/100\n|move|p1a: Abomasnow|Blizzard|p2a: Dachsbun\n|-damage|p2a: Dachsbun|39/254\n|\n|-weather|Snowscape|[upkeep]\n|-heal|p2a: Dachsbun|54/254|[from] item: Leftovers\n|upkeep\n|turn|26\n|inactive|Time left: 300 sec this turn | 300 sec total\n|\n|t:|1783540179\n|move|p1a: Abomasnow|Ice Shard|p2a: Dachsbun\n|-damage|p2a: Dachsbun|21/254\n|move|p2a: Dachsbun|Body Press|p1a: Abomasnow\n|-supereffective|p1a: Abomasnow\n|-damage|p1a: Abomasnow|1/100\n|\n|-weather|none\n|-heal|p2a: Dachsbun|36/254|[from] item: Leftovers\n|upkeep\n|turn|27\n|inactive|Time left: 300 sec this turn | 300 sec total\n|\n|t:|1783540179\n|move|p1a: Abomasnow|Ice Shard|p2a: Dachsbun\n|-damage|p2a: Dachsbun|3/254\n|move|p2a: Dachsbun|Body Press|p1a: Abomasnow\n|-supereffective|p1a: Abomasnow\n|-damage|p1a: Abomasnow|0 fnt\n|faint|p1a: Abomasnow\n|\n|win|p0y082a6b4", "uploadtime": 1783540179, "views": 0, "rating": 0, "private": 0, "password": null, "_winner": "p0y082a6b4", "_our_name": "p0y082a6b4"}