{"id": "battle-gen9randombattle-632", "formatid": "gen9randombattle", "format": "[Gen 9] Random Battle", "players": ["p0x6325a45", "p0y6324fc8"], "log": "|init|battle\n|title|p0x6325a45 vs. p0y6324fc8\n|j|\u2606p0x6325a45\n|j|\u2606p0y6324fc8\n|t:|1783547139\n|gametype|singles\n|player|p1|p0x6325a45|265|\n|player|p2|p0y6324fc8|1|\n|gen|9\n|tier|[Gen 9] Random Battle\n|rule|Species Clause: Limit one of each Pok\u00e9mon\n|rule|HP Percentage Mod: HP is shown in percentages\n|rule|Sleep Clause Mod: Limit one foe put to sleep\n|rule|Illusion Level Mod: Illusion disguises the Pok\u00e9mon's true level\n|\n|t:|1783547139\n|teamsize|p1|6\n|teamsize|p2|6\n|start\n|switch|p1a: Wo-Chien|Wo-Chien, L83|277/277\n|switch|p2a: Mandibuzz|Mandibuzz, L85, F|100/100\n|-ability|p1a: Wo-Chien|Tablets of Ruin\n|turn|1\n|inactive|Battle timer is ON: inactive players will automatically lose when time's up. (requested by p0x6325a45)\n|inactive|p0y6324fc8 also wants the timer to be on.\n|\n|t:|1783547142\n|move|p2a: Mandibuzz|Foul Play|p1a: Wo-Chien\n|-resisted|p1a: Wo-Chien\n|-damage|p1a: Wo-Chien|246/277\n|move|p1a: Wo-Chien|Ruination|p2a: Mandibuzz\n|-damage|p2a: Mandibuzz|50/100\n|\n|-heal|p1a: Wo-Chien|263/277|[from] item: Leftovers\n|upkeep\n|turn|2\n|inactive|Time left: 300 sec this turn | 300 sec total\n|\n|t:|1783547143\n|move|p2a: Mandibuzz|Roost|p2a: Mandibuzz\n|-heal|p2a: Mandibuzz|100/100\n|-singleturn|p2a: Mandibuzz|move: Roost\n|move|p1a: Wo-Chien|Ruination|p2a: Mandibuzz|[miss]\n|-miss|p1a: Wo-Chien|p2a: Mandibuzz\n|\n|-heal|p1a: Wo-Chien|277/277|[from] item: Leftovers\n|upkeep\n|turn|3\n|inactive|Time left: 300 sec this turn | 300 sec total\n|\n|t:|1783547144\n|move|p2a: Mandibuzz|Brave Bird|p1a: Wo-Chien\n|-supereffective|p1a: Wo-Chien\n|-damage|p1a: Wo-Chien|149/277\n|-damage|p2a: Mandibuzz|88/100|[from] Recoil\n|move|p1a: Wo-Chien|Ruination|p2a: Mandibuzz\n|-damage|p2a: Mandibuzz|44/100\n|\n|-heal|p1a: Wo-Chien|166/277|[from] item: Leftovers\n|upkeep\n|turn|4\n|inactive|Time left: 300 sec this turn | 300 sec total\n|\n|t:|1783547145\n|move|p2a: Mandibuzz|Roost|p2a: Mandibuzz\n|-heal|p2a: Mandibuzz|94/100\n|-singleturn|p2a: Mandibuzz|move: Roost\n|move|p1a: Wo-Chien|Giga Drain|p2a: Mandibuzz\n|-damage|p2a: Mandibuzz|74/100\n|-heal|p1a: Wo-Chien|200/277|[from] drain|[of] p2a: Mandibuzz\n|\n|-heal|p1a: Wo-Chien|217/277|[from] item: Leftovers\n|upkeep\n|turn|5\n|inactive|Time left: 300 sec this turn | 300 sec total\n|\n|t:|1783547146\n|move|p2a: Mandibuzz|Brave Bird|p1a: Wo-Chien\n|-supereffective|p1a: Wo-Chien\n|-damage|p1a: Wo-Chien|85/277\n|-damage|p2a: Mandibuzz|60/100|[from] Recoil\n|move|p1a: Wo-Chien|Ruination|p2a: Mandibuzz\n|-damage|p2a: Mandibuzz|30/100\n|\n|-heal|p1a: Wo-Chien|102/277|[from] item: Leftovers\n|upkeep\n|turn|6\n|inactive|Time left: 300 sec this turn | 300 sec total\n|\n|t:|1783547147\n|switch|p1a: Avalugg|Avalugg, L88, M|310/310\n|move|p2a: Mandibuzz|Brave Bird|p1a: Avalugg\n|-damage|p1a: Avalugg|255/310\n|-damage|p2a: Mandibuzz|25/100|[from] Recoil\n|\n|upkeep\n|turn|7\n|inactive|Time left: 300 sec this turn | 300 sec total\n|\n|t:|1783547148\n|move|p2a: Mandibuzz|Roost|p2a: Mandibuzz\n|-heal|p2a: Mandibuzz|75/100\n|-singleturn|p2a: Mandibuzz|move: Roost\n|move|p1a: Avalugg|Body Press|p2a: Mandibuzz\n|-supereffective|p2a: Mandibuzz\n|-damage|p2a: Mandibuzz|20/100\n|\n|upkeep\n|turn|8\n|inactive|Time left: 300 sec this turn | 300 sec total\n|\n|t:|1783547149\n|switch|p2a: Hariyama|Hariyama, L87, M|100/100\n|move|p1a: Avalugg|Body Press|p2a: Hariyama\n|-damage|p2a: Hariyama|68/100\n|\n|-status|p2a: Hariyama|brn|[from] item: Flame Orb\n|upkeep\n|turn|9\n|inactive|Time left: 300 sec this turn | 300 sec total\n|\n|t:|1783547150\n|switch|p2a: Basculegion|Basculegion-F, L83, F|100/100\n|move|p1a: Avalugg|Avalanche|p2a: Basculegion\n|-resisted|p2a: Basculegion\n|-damage|p2a: Basculegion|85/100\n|\n|upkeep\n|turn|10\n|inactive|Time left: 300 sec this turn | 300 sec total\n|\n|t:|1783547151\n|move|p2a: Basculegion|Shadow Ball|p1a: Avalugg\n|-damage|p1a: Avalugg|85/310\n|move|p1a: Avalugg|Recover|p1a: Avalugg\n|-heal|p1a: Avalugg|240/310\n|\n|upkeep\n|turn|11\n|inactive|Time left: 300 sec this turn | 300 sec total\n|\n|t:|1783547152\n|switch|p1a: Pyroar|Pyroar, L88, F|295/295\n|-ability|p1a: Pyroar|Unnerve\n|move|p2a: Basculegion|Shadow Ball|p1a: Pyroar\n|-immune|p1a: Pyroar\n|\n|upkeep\n|turn|12\n|inactive|Time left: 300 sec this turn | 300 sec total\n|\n|t:|1783547154\n|switch|p1a: Wo-Chien|Wo-Chien, L83|102/277\n|-ability|p1a: Wo-Chien|Tablets of Ruin\n|move|p2a: Basculegion|Hydro Pump|p1a: Wo-Chien\n|-resisted|p1a: Wo-Chien\n|-crit|p1a: Wo-Chien\n|-damage|p1a: Wo-Chien|11/277\n|\n|-heal|p1a: Wo-Chien|28/277|[from] item: Leftovers\n|upkeep\n|turn|13\n|inactive|Time left: 300 sec this turn | 300 sec total\n|\n|t:|1783547155\n|switch|p1a: Grimmsnarl|Grimmsnarl, L83, M|293/293\n|move|p2a: Basculegion|Shadow Ball|p1a: Grimmsnarl\n|-resisted|p1a: Grimmsnarl\n|-damage|p1a: Grimmsnarl|227/293\n|\n|upkeep\n|turn|14\n|inactive|Time left: 300 sec this turn | 300 sec total\n|\n|t:|1783547156\n|move|p1a: Grimmsnarl|Reflect|p1a: Grimmsnarl\n|-sidestart|p1: p0x6325a45|Reflect\n|move|p2a: Basculegion|Wave Crash|p1a: Grimmsnarl\n|-damage|p1a: Grimmsnarl|128/293\n|-damage|p2a: Basculegion|75/100|[from] Recoil\n|\n|upkeep\n|turn|15\n|inactive|Time left: 300 sec this turn | 300 sec total\n|\n|t:|1783547157\n|move|p1a: Grimmsnarl|Light Screen|p1a: Grimmsnarl\n|-sidestart|p1: p0x6325a45|move: Light Screen\n|move|p2a: Basculegion|Hydro Pump|p1a: Grimmsnarl\n|-damage|p1a: Grimmsnarl|39/293\n|\n|upkeep\n|turn|16\n|inactive|Time left: 300 sec this turn | 300 sec total\n|\n|t:|1783547158\n|move|p1a: Grimmsnarl|Parting Shot|p2a: Basculegion\n|-unboost|p2a: Basculegion|atk|1\n|-unboost|p2a: Basculegion|spa|1\n|inactive|Time left: 300 sec this turn | 300 sec total | 5 sec grace\n|\n|t:|1783547159\n|switch|p1a: Avalugg|Avalugg, L88, M|240/310|[from] Parting Shot\n|move|p2a: Basculegion|Hydro Pump|p1a: Avalugg\n|-damage|p1a: Avalugg|164/310\n|\n|upkeep\n|turn|17\n|inactive|Time left: 300 sec this turn | 300 sec total\n|\n|t:|1783547160\n|switch|p2a: Drednaw|Drednaw, L81, M|100/100\n|move|p1a: Avalugg|Avalanche|p2a: Drednaw\n|-resisted|p2a: Drednaw\n|-damage|p2a: Drednaw|84/100\n|\n|upkeep\n|turn|18\n|inactive|Time left: 300 sec this turn | 300 sec total\n|\n|t:|1783547161\n|switch|p2a: Basculegion|Basculegion-F, L83, F|75/100\n|move|p1a: Avalugg|Body Press|p2a: Basculegion\n|-immune|p2a: Basculegion\n|\n|upkeep\n|turn|19\n|inactive|Time left: 300 sec this turn | 300 sec total\n|\n|t:|1783547162\n|move|p2a: Basculegion|Hydro Pump|p1a: Avalugg\n|-damage|p1a: Avalugg|46/310\n|move|p1a: Avalugg|Recover|p1a: Avalugg\n|-heal|p1a: Avalugg|201/310\n|\n|upkeep\n|turn|20\n|inactive|Time left: 300 sec this turn | 300 sec total\n|\n|t:|1783547163\n|move|p2a: Basculegion|Shadow Ball|p1a: Avalugg\n|-damage|p1a: Avalugg|113/310\n|move|p1a: Avalugg|Avalanche|p2a: Basculegion\n|-resisted|p2a: Basculegion\n|-damage|p2a: Basculegion|47/100\n|\n|upkeep\n|turn|21\n|inactive|Time left: 300 sec this turn | 300 sec total\n|\n|t:|1783547165\n|move|p2a: Basculegion|Hydro Pump|p1a: Avalugg\n|-damage|p1a: Avalugg|0 fnt\n|faint|p1a: Avalugg\n|\n|-sideend|p1: p0x6325a45|Reflect\n|upkeep\n|inactive|Time left: 300 sec this turn | 300 sec total | 5 sec grace\n|\n|t:|1783547165\n|switch|p1a: Okidogi|Okidogi, L77, M|262/262\n|turn|22\n|inactive|Time left: 300 sec this turn | 300 sec total\n|\n|t:|1783547167\n|move|p2a: Basculegion|Wave Crash|p1a: Okidogi\n|-damage|p1a: Okidogi|116/262\n|-damage|p2a: Basculegion|33/100|[from] Recoil\n|move|p1a: Okidogi|Knock Off|p2a: Basculegion\n|-supereffective|p2a: Basculegion\n|-damage|p2a: Basculegion|0 fnt\n|-enditem|p2a: Basculegion|Assault Vest|[from] move: Knock Off|[of] p1a: Okidogi\n|faint|p2a: Basculegion\n|\n|-sideend|p1: p0x6325a45|move: Light Screen\n|upkeep\n|\n|t:|1783547168\n|switch|p2a: Mandibuzz|Mandibuzz, L85, F|20/100\n|turn|23\n|inactive|Time left: 300 sec this turn | 300 sec total\n|\n|t:|1783547169\n|move|p2a: Mandibuzz|Brave Bird|p1a: Okidogi\n|-supereffective|p1a: Okidogi\n|-damage|p1a: Okidogi|0 fnt\n|faint|p1a: Okidogi\n|-damage|p2a: Mandibuzz|8/100|[from] Recoil\n|\n|upkeep\n|inactive|Time left: 300 sec this turn | 300 sec total | 5 sec grace\n|\n|t:|1783547170\n|switch|p1a: Phione|Phione, L91|293/293\n|turn|24\n|inactive|Time left: 300 sec this turn | 300 sec total\n|\n|t:|1783547171\n|move|p1a: Phione|Scald|p2a: Mandibuzz\n|-damage|p2a: Mandibuzz|0 fnt\n|faint|p2a: Mandibuzz\n|\n|upkeep\n|\n|t:|1783547171\n|switch|p2a: Raichu|Raichu, L88, M|100/100\n|turn|25\n|inactive|Time left: 300 sec this turn | 300 sec total\n|\n|t:|1783547172\n|move|p2a: Raichu|Nasty Plot|p2a: Raichu\n|-boost|p2a: Raichu|spa|2\n|move|p1a: Phione|Scald|p2a: Raichu\n|-damage|p2a: Raichu|64/100\n|-status|p2a: Raichu|brn\n|\n|-damage|p2a: Raichu|58/100 brn|[from] brn\n|upkeep\n|turn|26\n|inactive|Time left: 300 sec this turn | 300 sec total\n|\n|t:|1783547173\n|switch|p1a: Wo-Chien|Wo-Chien, L83|28/277\n|-ability|p1a: Wo-Chien|Tablets of Ruin\n|move|p2a: Raichu|Thunderbolt|p1a: Wo-Chien\n|-resisted|p1a: Wo-Chien\n|-damage|p1a: Wo-Chien|0 fnt\n|faint|p1a: Wo-Chien\n|-damage|p2a: Raichu|48/100 brn|[from] item: Life Orb\n|\n|-damage|p2a: Raichu|42/100 brn|[from] brn\n|upkeep\n|inactive|Time left: 300 sec this turn | 300 sec total | 5 sec grace\n|\n|t:|1783547175\n|switch|p1a: Grimmsnarl|Grimmsnarl, L83, M|39/293\n|turn|27\n|inactive|Time left: 300 sec this turn | 300 sec total\n|\n|t:|1783547176\n|move|p1a: Grimmsnarl|Light Screen|p1a: Grimmsnarl\n|-sidestart|p1: p0x6325a45|move: Light Screen\n|move|p2a: Raichu|Thunderbolt|p1a: Grimmsnarl\n|-damage|p1a: Grimmsnarl|0 fnt\n|faint|p1a: Grimmsnarl\n|-damage|p2a: Raichu|33/100 brn|[from] item: Life Orb\n|\n|-damage|p2a: Raichu|27/100 brn|[from] brn\n|upkeep\n|inactive|Time left: 300 sec this turn | 300 sec total | 5 sec grace\n|\n|t:|1783547177\n|switch|p1a: Phione|Phione, L91|293/293\n|turn|28\n|inactive|Time left: 300 sec this turn | 300 sec total\n|\n|t:|1783547178\n|move|p2a: Raichu|Thunderbolt|p1a: Phione\n|-supereffective|p1a: Phione\n|-damage|p1a: Phione|20/293\n|-status|p1a: Phione|par\n|-damage|p2a: Raichu|17/100 brn|[from] item: Life Orb\n|move|p1a: Phione|Grass Knot|p2a: Raichu\n|-damage|p2a: Raichu|0 fnt\n|faint|p2a: Raichu\n|\n|-heal|p1a: Phione|38/293 par|[from] item: Leftovers\n|upkeep\n|\n|t:|1783547179\n|switch|p2a: Drednaw|Drednaw, L81, M|84/100\n|turn|29\n|inactive|Time left: 300 sec this turn | 300 sec total\n|\n|t:|1783547180\n|-terastallize|p2a: Drednaw|Dark\n|move|p2a: Drednaw|Shell Smash|p2a: Drednaw\n|-unboost|p2a: Drednaw|def|1\n|-unboost|p2a: Drednaw|spd|1\n|-boost|p2a: Drednaw|atk|2\n|-boost|p2a: Drednaw|spa|2\n|-boost|p2a: Drednaw|spe|2\n|-enditem|p2a: Drednaw|White Herb\n|-clearnegativeboost|p2a: Drednaw|[silent]\n|move|p1a: Phione|Grass Knot|p2a: Drednaw\n|-damage|p2a: Drednaw|51/100\n|\n|-heal|p1a: Phione|56/293 par|[from] item: Leftovers\n|upkeep\n|turn|30\n|inactive|Time left: 300 sec this turn | 300 sec total\n|\n|t:|1783547181\n|switch|p1a: Pyroar|Pyroar, L88, F|295/295\n|-ability|p1a: Pyroar|Unnerve\n|move|p2a: Drednaw|Liquidation|p1a: Pyroar\n|-supereffective|p1a: Pyroar\n|-damage|p1a: Pyroar|0 fnt\n|faint|p1a: Pyroar\n|\n|upkeep\n|inactive|Time left: 300 sec this turn | 300 sec total | 5 sec grace\n|\n|t:|1783547182\n|switch|p1a: Phione|Phione, L91|56/293 par\n|turn|31\n|inactive|Time left: 300 sec this turn | 300 sec total\n|\n|t:|1783547182\n|move|p2a: Drednaw|Crunch|p1a: Phione\n|-damage|p1a: Phione|0 fnt\n|faint|p1a: Phione\n|\n|win|p0y6324fc8", "uploadtime": 1783547183, "views": 0, "rating": 0, "private": 0, "password": null, "_winner": "p0y6324fc8", "_our_name": "p0x6325a45"}