{"id": "battle-gen9randombattle-1277", "formatid": "gen9randombattle", "format": "[Gen 9] Random Battle", "players": ["p0x127752d1", "p0y12771683"], "log": "|init|battle\n|title|p0x127752d1 vs. p0y12771683\n|j|\u2606p0x127752d1\n|j|\u2606p0y12771683\n|t:|1783553942\n|gametype|singles\n|player|p1|p0x127752d1|265|\n|player|p2|p0y12771683|266|\n|gen|9\n|tier|[Gen 9] Random Battle\n|rule|Species Clause: Limit one of each Pok\u00e9mon\n|rule|HP Percentage Mod: HP is shown in percentages\n|rule|Sleep Clause Mod: Limit one foe put to sleep\n|rule|Illusion Level Mod: Illusion disguises the Pok\u00e9mon's true level\n|\n|t:|1783553942\n|teamsize|p1|6\n|teamsize|p2|6\n|start\n|switch|p1a: Probopass|Probopass, L91, F|257/257\n|switch|p2a: Miraidon|Miraidon, L65|100/100\n|-fieldstart|move: Electric Terrain|[from] ability: Hadron Engine|[of] p2a: Miraidon\n|turn|1\n|inactive|Battle timer is ON: inactive players will automatically lose when time's up. (requested by p0x127752d1)\n|inactive|p0y12771683 also wants the timer to be on.\n|\n|t:|1783553944\n|move|p2a: Miraidon|Electro Drift|p1a: Probopass\n|-damage|p1a: Probopass|124/257\n|move|p1a: Probopass|Power Gem|p2a: Miraidon\n|-damage|p2a: Miraidon|66/100\n|\n|-heal|p1a: Probopass|140/257|[from] item: Leftovers\n|upkeep\n|turn|2\n|inactive|Time left: 300 sec this turn | 300 sec total\n|\n|t:|1783553945\n|switch|p1a: Pikachu|Pikachu-World, L93, F|216/216\n|move|p2a: Miraidon|Electro Drift|p1a: Pikachu\n|-ability|p1a: Pikachu|Lightning Rod|boost\n|-boost|p1a: Pikachu|spa|1\n|\n|upkeep\n|turn|3\n|inactive|Time left: 300 sec this turn | 300 sec total\n|\n|t:|1783553946\n|switch|p2a: Jolteon|Jolteon, L84, M|100/100\n|move|p1a: Pikachu|Volt Tackle|p2a: Jolteon\n|-immune|p2a: Jolteon|[from] ability: Volt Absorb\n|\n|upkeep\n|turn|4\n|inactive|Time left: 300 sec this turn | 300 sec total\n|\n|t:|1783553948\n|move|p2a: Jolteon|Alluring Voice|p1a: Pikachu\n|-damage|p1a: Pikachu|81/216\n|move|p1a: Pikachu|Surf|p2a: Jolteon\n|-damage|p2a: Jolteon|46/100\n|\n|upkeep\n|turn|5\n|inactive|Time left: 300 sec this turn | 300 sec total\n|\n|t:|1783553949\n|switch|p1a: Slaking|Slaking, L84, M|389/389\n|move|p2a: Jolteon|Alluring Voice|p1a: Slaking\n|-damage|p1a: Slaking|263/389\n|\n|-fieldend|move: Electric Terrain\n|upkeep\n|turn|6\n|inactive|Time left: 300 sec this turn | 300 sec total\n|\n|t:|1783553950\n|move|p1a: Slaking|Giga Impact|p2a: Jolteon\n|-damage|p2a: Jolteon|0 fnt\n|-mustrecharge|p1a: Slaking\n|faint|p2a: Jolteon\n|\n|upkeep\n|\n|t:|1783553951\n|switch|p2a: Cloyster|Cloyster, L80, F|100/100\n|turn|7\n|inactive|Time left: 300 sec this turn | 300 sec total\n|\n|t:|1783553952\n|cant|p1a: Slaking|recharge\n|move|p2a: Cloyster|Shell Smash|p2a: Cloyster\n|-unboost|p2a: Cloyster|def|1\n|-unboost|p2a: Cloyster|spd|1\n|-boost|p2a: Cloyster|atk|2\n|-boost|p2a: Cloyster|spa|2\n|-boost|p2a: Cloyster|spe|2\n|-enditem|p2a: Cloyster|White Herb\n|-clearnegativeboost|p2a: Cloyster|[silent]\n|\n|upkeep\n|turn|8\n|inactive|Time left: 300 sec this turn | 300 sec total\n|\n|t:|1783553953\n|move|p1a: Slaking|Giga Impact|p2a: Cloyster\n|-damage|p2a: Cloyster|37/100\n|-mustrecharge|p1a: Slaking\n|move|p2a: Cloyster|Shell Smash|p2a: Cloyster\n|-unboost|p2a: Cloyster|def|1\n|-unboost|p2a: Cloyster|spd|1\n|-boost|p2a: Cloyster|atk|2\n|-boost|p2a: Cloyster|spa|2\n|-boost|p2a: Cloyster|spe|2\n|\n|upkeep\n|turn|9\n|inactive|Time left: 300 sec this turn | 300 sec total\n|\n|t:|1783553954\n|move|p2a: Cloyster|Icicle Spear|p1a: Slaking\n|-damage|p1a: Slaking|193/389\n|-damage|p1a: Slaking|133/389\n|-damage|p1a: Slaking|63/389\n|-damage|p1a: Slaking|0 fnt\n|faint|p1a: Slaking\n|-hitcount|p1: Slaking|4\n|\n|upkeep\n|inactive|Time left: 300 sec this turn | 300 sec total | 5 sec grace\n|\n|t:|1783553955\n|switch|p1a: Venusaur|Venusaur, L84, M|272/272\n|turn|10\n|inactive|Time left: 300 sec this turn | 300 sec total\n|\n|t:|1783553956\n|-terastallize|p1a: Venusaur|Water\n|move|p2a: Cloyster|Icicle Spear|p1a: Venusaur\n|-resisted|p1a: Venusaur\n|-damage|p1a: Venusaur|234/272\n|-resisted|p1a: Venusaur\n|-damage|p1a: Venusaur|198/272\n|-resisted|p1a: Venusaur\n|-damage|p1a: Venusaur|160/272\n|-resisted|p1a: Venusaur\n|-damage|p1a: Venusaur|125/272\n|-resisted|p1a: Venusaur\n|-damage|p1a: Venusaur|86/272\n|-hitcount|p1a: Venusaur|5\n|move|p1a: Venusaur|Sludge Bomb|p2a: Cloyster\n|-damage|p2a: Cloyster|0 fnt\n|faint|p2a: Cloyster\n|\n|-heal|p1a: Venusaur|103/272|[from] item: Leftovers\n|upkeep\n|\n|t:|1783553958\n|switch|p2a: Haxorus|Haxorus, L77, M|100/100\n|-ability|p2a: Haxorus|Mold Breaker\n|turn|11\n|inactive|Time left: 300 sec this turn | 300 sec total\n|\n|t:|1783553959\n|move|p2a: Haxorus|Outrage|p1a: Venusaur\n|-damage|p1a: Venusaur|0 fnt\n|faint|p1a: Venusaur\n|\n|upkeep\n|inactive|Time left: 300 sec this turn | 300 sec total | 5 sec grace\n|\n|t:|1783553960\n|switch|p1a: Probopass|Probopass, L91, F|140/257\n|turn|12\n|inactive|Time left: 300 sec this turn | 300 sec total\n|\n|t:|1783553961\n|move|p2a: Haxorus|Outrage|p1a: Probopass|[from] lockedmove\n|-resisted|p1a: Probopass\n|-damage|p1a: Probopass|97/257\n|-start|p2a: Haxorus|confusion|[fatigue]\n|-enditem|p2a: Haxorus|Lum Berry|[eat]\n|-end|p2a: Haxorus|confusion\n|move|p1a: Probopass|Iron Defense|p1a: Probopass\n|-boost|p1a: Probopass|def|2\n|\n|-heal|p1a: Probopass|113/257|[from] item: Leftovers\n|upkeep\n|turn|13\n|inactive|Time left: 300 sec this turn | 300 sec total\n|\n|t:|1783553961\n|move|p2a: Haxorus|Close Combat|p1a: Probopass\n|-supereffective|p1a: Probopass\n|-damage|p1a: Probopass|0 fnt\n|-unboost|p2a: Haxorus|def|1\n|-unboost|p2a: Haxorus|spd|1\n|faint|p1a: Probopass\n|\n|upkeep\n|inactive|Time left: 300 sec this turn | 300 sec total | 5 sec grace\n|\n|t:|1783553962\n|switch|p1a: Pikachu|Pikachu-World, L93, F|81/216\n|turn|14\n|inactive|Time left: 300 sec this turn | 300 sec total\n|\n|t:|1783553963\n|switch|p2a: Alomomola|Alomomola, L87, F|100/100\n|move|p1a: Pikachu|Play Rough|p2a: Alomomola\n|-damage|p2a: Alomomola|76/100\n|\n|upkeep\n|turn|15\n|inactive|Time left: 300 sec this turn | 300 sec total\n|\n|t:|1783553963\n|move|p1a: Pikachu|Volt Tackle|p2a: Alomomola\n|-supereffective|p2a: Alomomola\n|-damage|p2a: Alomomola|0 fnt\n|faint|p2a: Alomomola\n|-damage|p1a: Pikachu|0 fnt|[from] Recoil\n|faint|p1a: Pikachu\n|\n|upkeep\n|inactive|Time left: 300 sec this turn | 300 sec total | 5 sec grace\n|\n|t:|1783553964\n|switch|p1a: Vileplume|Vileplume, L85, F|266/266\n|switch|p2a: Miraidon|Miraidon, L65|66/100\n|-fieldstart|move: Electric Terrain|[from] ability: Hadron Engine|[of] p2a: Miraidon\n|turn|16\n|inactive|Time left: 300 sec this turn | 300 sec total\n|\n|t:|1783553965\n|switch|p1a: Noctowl|Noctowl, L95, F|344/344\n|move|p2a: Miraidon|Overheat|p1a: Noctowl\n|-damage|p1a: Noctowl|227/344\n|-unboost|p2a: Miraidon|spa|2\n|\n|upkeep\n|turn|17\n|inactive|Time left: 300 sec this turn | 300 sec total\n|\n|t:|1783553965\n|switch|p2a: Haxorus|Haxorus, L77, M|100/100\n|-ability|p2a: Haxorus|Mold Breaker\n|move|p1a: Noctowl|Hyper Voice|p2a: Haxorus\n|-damage|p2a: Haxorus|44/100\n|\n|upkeep\n|turn|18\n|inactive|Time left: 300 sec this turn | 300 sec total\n|\n|t:|1783553966\n|move|p2a: Haxorus|Outrage|p1a: Noctowl\n|-damage|p1a: Noctowl|25/344\n|move|p1a: Noctowl|Hyper Voice|p2a: Haxorus\n|-damage|p2a: Haxorus|0 fnt\n|faint|p2a: Haxorus\n|\n|upkeep\n|\n|t:|1783553967\n|switch|p2a: Oricorio|Oricorio, L84, F|100/100\n|turn|19\n|inactive|Time left: 300 sec this turn | 300 sec total\n|\n|t:|1783553967\n|move|p2a: Oricorio|Revelation Dance|p1a: Noctowl\n|-damage|p1a: Noctowl|0 fnt\n|faint|p1a: Noctowl\n|\n|upkeep\n|inactive|Time left: 300 sec this turn | 300 sec total | 5 sec grace\n|\n|t:|1783553968\n|switch|p1a: Vileplume|Vileplume, L85, F|266/266\n|turn|20\n|inactive|Time left: 300 sec this turn | 300 sec total\n|\n|t:|1783553969\n|move|p2a: Oricorio|Quiver Dance|p2a: Oricorio\n|-boost|p2a: Oricorio|spa|1\n|-boost|p2a: Oricorio|spd|1\n|-boost|p2a: Oricorio|spe|1\n|move|p1a: Vileplume|Sleep Powder|p2a: Oricorio\n|-status|p2a: Oricorio|slp|[from] move: Sleep Powder\n|\n|-fieldend|move: Electric Terrain\n|upkeep\n|turn|21\n|inactive|Time left: 300 sec this turn | 300 sec total\n|\n|t:|1783553970\n|switch|p2a: Miraidon|Miraidon, L65|66/100\n|-fieldstart|move: Electric Terrain|[from] ability: Hadron Engine|[of] p2a: Miraidon\n|move|p1a: Vileplume|Sludge Bomb|p2a: Miraidon\n|-damage|p2a: Miraidon|17/100\n|-status|p2a: Miraidon|psn\n|\n|-damage|p2a: Miraidon|5/100 psn|[from] psn\n|upkeep\n|turn|22\n|inactive|Time left: 300 sec this turn | 300 sec total\n|\n|t:|1783553971\n|move|p2a: Miraidon|Overheat|p1a: Vileplume\n|-supereffective|p1a: Vileplume\n|-damage|p1a: Vileplume|0 fnt\n|-unboost|p2a: Miraidon|spa|2\n|faint|p1a: Vileplume\n|\n|win|p0y12771683", "uploadtime": 1783553971, "views": 0, "rating": 0, "private": 0, "password": null, "_winner": "p0y12771683", "_our_name": "p0x127752d1"}