{"id": "battle-gen9randombattle-2803", "formatid": "gen9randombattle", "format": "[Gen 9] Random Battle", "players": ["p0x28040fb4", "p0y2804765b"], "log": "|init|battle\n|title|p0x28040fb4 vs. p0y2804765b\n|j|\u2606p0x28040fb4\n|j|\u2606p0y2804765b\n|t:|1783572300\n|gametype|singles\n|player|p1|p0x28040fb4|101|\n|player|p2|p0y2804765b|169|\n|gen|9\n|tier|[Gen 9] Random Battle\n|rule|Species Clause: Limit one of each Pok\u00e9mon\n|rule|HP Percentage Mod: HP is shown in percentages\n|rule|Sleep Clause Mod: Limit one foe put to sleep\n|rule|Illusion Level Mod: Illusion disguises the Pok\u00e9mon's true level\n|\n|t:|1783572300\n|teamsize|p1|6\n|teamsize|p2|6\n|start\n|switch|p1a: Baxcalibur|Baxcalibur, L75, M|295/295\n|switch|p2a: Flamigo|Flamigo, L82, M|100/100\n|turn|1\n|inactive|Battle timer is ON: inactive players will automatically lose when time's up. (requested by p0y2804765b)\n|inactive|Time left: 300 sec this turn | 300 sec total | 60 sec grace\n|inactive|p0x28040fb4 also wants the timer to be on.\n|\n|t:|1783572301\n|-terastallize|p1a: Baxcalibur|Dragon\n|move|p2a: Flamigo|Close Combat|p1a: Baxcalibur\n|-damage|p1a: Baxcalibur|103/295\n|-unboost|p2a: Flamigo|def|1\n|-unboost|p2a: Flamigo|spd|1\n|-damage|p2a: Flamigo|91/100|[from] item: Life Orb\n|move|p1a: Baxcalibur|Icicle Spear|p2a: Flamigo\n|-supereffective|p2a: Flamigo\n|-damage|p2a: Flamigo|53/100\n|-supereffective|p2a: Flamigo\n|-damage|p2a: Flamigo|12/100\n|-supereffective|p2a: Flamigo\n|-damage|p2a: Flamigo|0 fnt\n|faint|p2a: Flamigo\n|-hitcount|p2: Flamigo|3\n|\n|upkeep\n|\n|t:|1783572302\n|switch|p2a: Ninetales|Ninetales-Alola, L78, M|100/100\n|-weather|Snowscape|[from] ability: Snow Warning|[of] p2a: Ninetales\n|turn|2\n|inactive|Time left: 300 sec this turn | 300 sec total\n|\n|t:|1783572303\n|switch|p1a: Bisharp|Bisharp, L79, F|232/232\n|move|p2a: Ninetales|Aurora Veil|p2a: Ninetales\n|-sidestart|p2: p0y2804765b|move: Aurora Veil\n|\n|-weather|Snowscape|[upkeep]\n|upkeep\n|turn|3\n|inactive|Time left: 300 sec this turn | 300 sec total\n|\n|t:|1783572304\n|switch|p2a: Slowbro|Slowbro, L85, M|100/100\n|move|p1a: Bisharp|Iron Head|p2a: Slowbro\n|-resisted|p2a: Slowbro\n|-damage|p2a: Slowbro|94/100\n|\n|-weather|Snowscape|[upkeep]\n|upkeep\n|turn|4\n|inactive|Time left: 300 sec this turn | 300 sec total\n|\n|t:|1783572305\n|move|p1a: Bisharp|Swords Dance|p1a: Bisharp\n|-boost|p1a: Bisharp|atk|2\n|move|p2a: Slowbro|Scald|p1a: Bisharp\n|-damage|p1a: Bisharp|159/232\n|-status|p1a: Bisharp|brn\n|\n|-weather|Snowscape|[upkeep]\n|-damage|p1a: Bisharp|145/232 brn|[from] brn\n|upkeep\n|turn|5\n|inactive|Time left: 300 sec this turn | 300 sec total\n|\n|t:|1783572307\n|move|p1a: Bisharp|Sucker Punch|p2a: Slowbro\n|-supereffective|p2a: Slowbro\n|-damage|p2a: Slowbro|73/100\n|move|p2a: Slowbro|Body Press|p1a: Bisharp\n|-supereffective|p1a: Bisharp\n|-damage|p1a: Bisharp|0 fnt\n|faint|p1a: Bisharp\n|\n|-weather|Snowscape|[upkeep]\n|upkeep\n|inactive|Time left: 300 sec this turn | 300 sec total | 5 sec grace\n|\n|t:|1783572308\n|switch|p1a: Vivillon|Vivillon, L83, F|268/268\n|turn|6\n|inactive|Time left: 300 sec this turn | 300 sec total\n|\n|t:|1783572309\n|move|p1a: Vivillon|Sleep Powder|p2a: Slowbro\n|-status|p2a: Slowbro|slp|[from] move: Sleep Powder\n|cant|p2a: Slowbro|slp\n|\n|-weather|none\n|upkeep\n|turn|7\n|inactive|Time left: 300 sec this turn | 300 sec total\n|\n|t:|1783572310\n|move|p1a: Vivillon|Quiver Dance|p1a: Vivillon\n|-boost|p1a: Vivillon|spa|1\n|-boost|p1a: Vivillon|spd|1\n|-boost|p1a: Vivillon|spe|1\n|cant|p2a: Slowbro|slp\n|\n|upkeep\n|turn|8\n|inactive|Time left: 300 sec this turn | 300 sec total\n|\n|t:|1783572311\n|switch|p2a: Eelektross|Eelektross, L87, M|100/100\n|move|p1a: Vivillon|Quiver Dance|p1a: Vivillon\n|-boost|p1a: Vivillon|spa|1\n|-boost|p1a: Vivillon|spd|1\n|-boost|p1a: Vivillon|spe|1\n|\n|upkeep\n|turn|9\n|inactive|Time left: 300 sec this turn | 300 sec total\n|\n|t:|1783572312\n|move|p1a: Vivillon|Hurricane|p2a: Eelektross\n|-resisted|p2a: Eelektross\n|-damage|p2a: Eelektross|81/100\n|move|p2a: Eelektross|Supercell Slam|p1a: Vivillon\n|-supereffective|p1a: Vivillon\n|-damage|p1a: Vivillon|0 fnt\n|faint|p1a: Vivillon\n|\n|-heal|p2a: Eelektross|87/100|[from] item: Leftovers\n|-sideend|p2: p0y2804765b|move: Aurora Veil\n|upkeep\n|inactive|Time left: 300 sec this turn | 300 sec total | 5 sec grace\n|\n|t:|1783572313\n|switch|p1a: Weezing|Weezing-Galar, L86, M|252/252\n|turn|10\n|inactive|Time left: 300 sec this turn | 300 sec total\n|\n|t:|1783572314\n|move|p1a: Weezing|Will-O-Wisp|p2a: Eelektross\n|-status|p2a: Eelektross|brn\n|move|p2a: Eelektross|Coil|p2a: Eelektross\n|-boost|p2a: Eelektross|atk|1\n|-boost|p2a: Eelektross|def|1\n|-boost|p2a: Eelektross|accuracy|1\n|\n|-heal|p2a: Eelektross|93/100 brn|[from] item: Leftovers\n|-damage|p2a: Eelektross|87/100 brn|[from] brn\n|upkeep\n|turn|11\n|inactive|Time left: 300 sec this turn | 300 sec total\n|\n|t:|1783572315\n|move|p1a: Weezing|Strange Steam|p2a: Eelektross|[miss]\n|-miss|p1a: Weezing|p2a: Eelektross\n|move|p2a: Eelektross|Coil|p2a: Eelektross\n|-boost|p2a: Eelektross|atk|1\n|-boost|p2a: Eelektross|def|1\n|-boost|p2a: Eelektross|accuracy|1\n|\n|-heal|p2a: Eelektross|93/100 brn|[from] item: Leftovers\n|-damage|p2a: Eelektross|87/100 brn|[from] brn\n|upkeep\n|turn|12\n|inactive|Time left: 300 sec this turn | 300 sec total\n|\n|t:|1783572316\n|move|p1a: Weezing|Strange Steam|p2a: Eelektross\n|-damage|p2a: Eelektross|53/100 brn\n|move|p2a: Eelektross|Coil|p2a: Eelektross\n|-boost|p2a: Eelektross|atk|1\n|-boost|p2a: Eelektross|def|1\n|-boost|p2a: Eelektross|accuracy|1\n|\n|-heal|p2a: Eelektross|59/100 brn|[from] item: Leftovers\n|-damage|p2a: Eelektross|53/100 brn|[from] brn\n|upkeep\n|turn|13\n|inactive|Time left: 300 sec this turn | 300 sec total\n|\n|t:|1783572318\n|move|p1a: Weezing|Strange Steam|p2a: Eelektross\n|-damage|p2a: Eelektross|22/100 brn\n|-start|p2a: Eelektross|confusion\n|-activate|p2a: Eelektross|confusion\n|move|p2a: Eelektross|Supercell Slam|p1a: Weezing\n|-damage|p1a: Weezing|133/252\n|\n|-heal|p1a: Weezing|148/252|[from] item: Leftovers\n|-heal|p2a: Eelektross|28/100 brn|[from] item: Leftovers\n|-damage|p2a: Eelektross|22/100 brn|[from] brn\n|upkeep\n|turn|14\n|inactive|Time left: 300 sec this turn | 300 sec total\n|\n|t:|1783572319\n|move|p1a: Weezing|Strange Steam|p2a: Eelektross\n|-damage|p2a: Eelektross|0 fnt\n|faint|p2a: Eelektross\n|\n|-heal|p1a: Weezing|163/252|[from] item: Leftovers\n|upkeep\n|\n|t:|1783572320\n|switch|p2a: Slowbro|Slowbro, L85, M|100/100 slp\n|turn|15\n|inactive|Time left: 300 sec this turn | 300 sec total\n|\n|t:|1783572321\n|move|p1a: Weezing|Strange Steam|p2a: Slowbro\n|-damage|p2a: Slowbro|80/100 slp\n|cant|p2a: Slowbro|slp\n|\n|-heal|p1a: Weezing|178/252|[from] item: Leftovers\n|upkeep\n|turn|16\n|inactive|Time left: 300 sec this turn | 300 sec total\n|\n|t:|1783572322\n|move|p1a: Weezing|Strange Steam|p2a: Slowbro\n|-damage|p2a: Slowbro|60/100 slp\n|-curestatus|p2a: Slowbro|slp|[msg]\n|move|p2a: Slowbro|Psychic Noise|p1a: Weezing\n|-supereffective|p1a: Weezing\n|-damage|p1a: Weezing|0 fnt\n|faint|p1a: Weezing\n|\n|upkeep\n|inactive|Time left: 300 sec this turn | 300 sec total | 5 sec grace\n|\n|t:|1783572323\n|switch|p1a: Arceus|Arceus-Bug, L73|295/295\n|turn|17\n|inactive|Time left: 300 sec this turn | 300 sec total\n|\n|t:|1783572324\n|switch|p2a: Ninetales|Ninetales-Alola, L78, M|100/100\n|-weather|Snowscape|[from] ability: Snow Warning|[of] p2a: Ninetales\n|move|p1a: Arceus|Calm Mind|p1a: Arceus\n|-boost|p1a: Arceus|spa|1\n|-boost|p1a: Arceus|spd|1\n|\n|-weather|Snowscape|[upkeep]\n|upkeep\n|turn|18\n|inactive|Time left: 300 sec this turn | 300 sec total\n|\n|t:|1783572325\n|move|p1a: Arceus|Judgment|p2a: Ninetales\n|-resisted|p2a: Ninetales\n|-damage|p2a: Ninetales|66/100\n|move|p2a: Ninetales|Aurora Veil|p2a: Ninetales\n|-sidestart|p2: p0y2804765b|move: Aurora Veil\n|\n|-weather|Snowscape|[upkeep]\n|upkeep\n|turn|19\n|inactive|Time left: 300 sec this turn | 300 sec total\n|\n|t:|1783572327\n|move|p1a: Arceus|Calm Mind|p1a: Arceus\n|-boost|p1a: Arceus|spa|1\n|-boost|p1a: Arceus|spd|1\n|move|p2a: Ninetales|Blizzard|p1a: Arceus\n|-damage|p1a: Arceus|252/295\n|\n|-weather|Snowscape|[upkeep]\n|upkeep\n|turn|20\n|inactive|Time left: 300 sec this turn | 300 sec total\n|\n|t:|1783572328\n|switch|p2a: Incineroar|Incineroar, L82, M|100/100\n|-ability|p2a: Incineroar|Intimidate|boost\n|-unboost|p1a: Arceus|atk|1\n|move|p1a: Arceus|Judgment|p2a: Incineroar\n|-damage|p2a: Incineroar|73/100\n|\n|-weather|Snowscape|[upkeep]\n|upkeep\n|turn|21\n|inactive|Time left: 300 sec this turn | 300 sec total\n|\n|t:|1783572329\n|move|p1a: Arceus|Judgment|p2a: Incineroar\n|-damage|p2a: Incineroar|47/100\n|move|p2a: Incineroar|U-turn|p1a: Arceus\n|-damage|p1a: Arceus|206/295\n|\n|t:|1783572330\n|switch|p2a: Cinccino|Cinccino, L83, M|100/100|[from] U-turn\n|\n|-weather|none\n|upkeep\n|turn|22\n|inactive|Time left: 300 sec this turn | 300 sec total\n|\n|t:|1783572331\n|move|p2a: Cinccino|Tail Slap|p1a: Arceus\n|-damage|p1a: Arceus|172/295\n|-damage|p1a: Arceus|136/295\n|-damage|p1a: Arceus|100/295\n|-damage|p1a: Arceus|63/295\n|-hitcount|p1a: Arceus|4\n|move|p1a: Arceus|Recover|p1a: Arceus\n|-heal|p1a: Arceus|211/295\n|\n|upkeep\n|turn|23\n|inactive|Time left: 300 sec this turn | 300 sec total\n|\n|t:|1783572332\n|move|p2a: Cinccino|Tail Slap|p1a: Arceus\n|-damage|p1a: Arceus|177/295\n|-damage|p1a: Arceus|144/295\n|-damage|p1a: Arceus|108/295\n|-damage|p1a: Arceus|71/295\n|-damage|p1a: Arceus|38/295\n|-hitcount|p1a: Arceus|5\n|move|p1a: Arceus|Recover|p1a: Arceus\n|-heal|p1a: Arceus|186/295\n|\n|upkeep\n|turn|24\n|inactive|Time left: 300 sec this turn | 300 sec total\n|\n|t:|1783572333\n|move|p2a: Cinccino|Tail Slap|p1a: Arceus\n|-damage|p1a: Arceus|149/295\n|-damage|p1a: Arceus|112/295\n|-damage|p1a: Arceus|79/295\n|-damage|p1a: Arceus|43/295\n|-hitcount|p1a: Arceus|4\n|move|p1a: Arceus|Recover|p1a: Arceus\n|-heal|p1a: Arceus|191/295\n|\n|upkeep\n|turn|25\n|inactive|Time left: 300 sec this turn | 300 sec total\n|\n|t:|1783572334\n|move|p2a: Cinccino|Tail Slap|p1a: Arceus\n|-damage|p1a: Arceus|154/295\n|-damage|p1a: Arceus|121/295\n|-damage|p1a: Arceus|84/295\n|-damage|p1a: Arceus|50/295\n|-damage|p1a: Arceus|17/295\n|-hitcount|p1a: Arceus|5\n|move|p1a: Arceus|Recover|p1a: Arceus\n|-heal|p1a: Arceus|165/295\n|\n|-sideend|p2: p0y2804765b|move: Aurora Veil\n|upkeep\n|turn|26\n|inactive|Time left: 300 sec this turn | 300 sec total\n|\n|t:|1783572335\n|-terastallize|p2a: Cinccino|Ice\n|move|p2a: Cinccino|Triple Axel|p1a: Arceus|[miss]\n|-miss|p2a: Cinccino|p1a: Arceus\n|move|p1a: Arceus|Judgment|p2a: Cinccino\n|-damage|p2a: Cinccino|0 fnt\n|faint|p2a: Cinccino\n|\n|upkeep\n|\n|t:|1783572336\n|switch|p2a: Incineroar|Incineroar, L82, M|47/100\n|-ability|p2a: Incineroar|Intimidate|boost\n|-unboost|p1a: Arceus|atk|1\n|turn|27\n|inactive|Time left: 300 sec this turn | 300 sec total\n|\n|t:|1783572337\n|move|p2a: Incineroar|Fake Out|p1a: Arceus\n|-damage|p1a: Arceus|138/295\n|cant|p1a: Arceus|flinch\n|\n|upkeep\n|turn|28\n|inactive|Time left: 300 sec this turn | 300 sec total\n|\n|t:|1783572338\n|switch|p2a: Ninetales|Ninetales-Alola, L78, M|66/100\n|-weather|Snowscape|[from] ability: Snow Warning|[of] p2a: Ninetales\n|move|p1a: Arceus|Judgment|p2a: Ninetales\n|-resisted|p2a: Ninetales\n|-damage|p2a: Ninetales|17/100\n|\n|-weather|Snowscape|[upkeep]\n|upkeep\n|turn|29\n|inactive|Time left: 300 sec this turn | 300 sec total\n|\n|t:|1783572339\n|move|p1a: Arceus|Judgment|p2a: Ninetales\n|-resisted|p2a: Ninetales\n|-damage|p2a: Ninetales|0 fnt\n|faint|p2a: Ninetales\n|\n|-weather|Snowscape|[upkeep]\n|upkeep\n|\n|t:|1783572340\n|switch|p2a: Incineroar|Incineroar, L82, M|47/100\n|-ability|p2a: Incineroar|Intimidate|boost\n|-unboost|p1a: Arceus|atk|1\n|turn|30\n|inactive|Time left: 300 sec this turn | 300 sec total\n|\n|t:|1783572341\n|move|p2a: Incineroar|Fake Out|p1a: Arceus\n|-damage|p1a: Arceus|110/295\n|cant|p1a: Arceus|flinch\n|\n|-weather|Snowscape|[upkeep]\n|upkeep\n|turn|31\n|inactive|Time left: 300 sec this turn | 300 sec total\n|\n|t:|1783572342\n|move|p1a: Arceus|Judgment|p2a: Incineroar\n|-damage|p2a: Incineroar|0 fnt\n|faint|p2a: Incineroar\n|\n|-weather|Snowscape|[upkeep]\n|upkeep\n|\n|t:|1783572343\n|switch|p2a: Slowbro|Slowbro, L85, M|94/100\n|turn|32\n|inactive|Time left: 300 sec this turn | 300 sec total\n|\n|t:|1783572344\n|move|p1a: Arceus|Judgment|p2a: Slowbro\n|-supereffective|p2a: Slowbro\n|-damage|p2a: Slowbro|0 fnt\n|faint|p2a: Slowbro\n|\n|win|p0x28040fb4", "uploadtime": 1783572344, "views": 0, "rating": 0, "private": 0, "password": null, "_winner": "p0x28040fb4", "_our_name": "p0x28040fb4"}