{"id": "battle-gen9randombattle-84", "formatid": "gen9randombattle", "format": "[Gen 9] Random Battle", "players": ["p0x0845f51", "p0y084f21a"], "log": "|init|battle\n|title|p0x0845f51 vs. p0y084f21a\n|j|\u2606p0x0845f51\n|j|\u2606p0y084f21a\n|t:|1783540452\n|gametype|singles\n|player|p1|p0x0845f51|2|\n|player|p2|p0y084f21a|102|\n|gen|9\n|tier|[Gen 9] Random Battle\n|rule|Species Clause: Limit one of each Pok\u00e9mon\n|rule|HP Percentage Mod: HP is shown in percentages\n|rule|Sleep Clause Mod: Limit one foe put to sleep\n|rule|Illusion Level Mod: Illusion disguises the Pok\u00e9mon's true level\n|\n|t:|1783540452\n|teamsize|p1|6\n|teamsize|p2|6\n|start\n|switch|p1a: Emboar|Emboar, L84, F|100/100\n|switch|p2a: Landorus|Landorus, L75, M|257/257\n|turn|1\n|inactive|Battle timer is ON: inactive players will automatically lose when time's up. (requested by p0x0845f51)\n|inactive|Time left: 300 sec this turn | 300 sec total | 60 sec grace\n|inactive|p0y084f21a also wants the timer to be on.\n|\n|t:|1783540453\n|switch|p1a: Blissey|Blissey, L85, F|100/100\n|move|p2a: Landorus|Earth Power|p1a: Blissey\n|-damage|p1a: Blissey|81/100\n|\n|-heal|p1a: Blissey|88/100|[from] item: Leftovers\n|upkeep\n|turn|2\n|inactive|Time left: 300 sec this turn | 300 sec total\n|\n|t:|1783540455\n|move|p2a: Landorus|Rock Slide|p1a: Blissey\n|-damage|p1a: Blissey|44/100\n|move|p1a: Blissey|Seismic Toss|p2a: Landorus\n|-damage|p2a: Landorus|172/257\n|\n|-heal|p1a: Blissey|50/100|[from] item: Leftovers\n|upkeep\n|turn|3\n|inactive|Time left: 300 sec this turn | 300 sec total\n|\n|t:|1783540456\n|move|p2a: Landorus|Rock Slide|p1a: Blissey\n|-damage|p1a: Blissey|4/100\n|move|p1a: Blissey|Soft-Boiled|p1a: Blissey\n|-heal|p1a: Blissey|54/100\n|\n|-heal|p1a: Blissey|60/100|[from] item: Leftovers\n|upkeep\n|turn|4\n|inactive|Time left: 300 sec this turn | 300 sec total\n|\n|t:|1783540457\n|switch|p2a: Iron Treads|Iron Treads, L77|265/265\n|move|p1a: Blissey|Soft-Boiled|p1a: Blissey\n|-heal|p1a: Blissey|100/100\n|\n|upkeep\n|turn|5\n|inactive|Time left: 300 sec this turn | 300 sec total\n|\n|t:|1783540458\n|switch|p1a: Iron Bundle|Iron Bundle, L78|100/100\n|move|p2a: Iron Treads|Stealth Rock|p1a: Iron Bundle\n|-sidestart|p1: p0x0845f51|move: Stealth Rock\n|\n|upkeep\n|turn|6\n|inactive|Time left: 300 sec this turn | 300 sec total\n|\n|t:|1783540459\n|-end|p2a: Iron Treads|Quark Drive|[silent]\n|switch|p2a: Chimecho|Chimecho, L93, M|290/290\n|move|p1a: Iron Bundle|Ice Beam|p2a: Chimecho\n|-damage|p2a: Chimecho|158/290\n|\n|-heal|p2a: Chimecho|176/290|[from] item: Leftovers\n|upkeep\n|turn|7\n|inactive|Time left: 300 sec this turn | 300 sec total\n|\n|t:|1783540460\n|move|p1a: Iron Bundle|Ice Beam|p2a: Chimecho\n|-damage|p2a: Chimecho|44/290\n|move|p2a: Chimecho|Calm Mind|p2a: Chimecho\n|-boost|p2a: Chimecho|spa|1\n|-boost|p2a: Chimecho|spd|1\n|\n|-heal|p2a: Chimecho|62/290|[from] item: Leftovers\n|upkeep\n|turn|8\n|inactive|Time left: 300 sec this turn | 300 sec total\n|\n|t:|1783540461\n|move|p1a: Iron Bundle|Ice Beam|p2a: Chimecho\n|-damage|p2a: Chimecho|0 fnt\n|faint|p2a: Chimecho\n|\n|upkeep\n|inactive|Time left: 300 sec this turn | 300 sec total | 5 sec grace\n|\n|t:|1783540462\n|switch|p2a: Raging Bolt|Raging Bolt, L78|323/323\n|-enditem|p2a: Raging Bolt|Booster Energy\n|-activate|p2a: Raging Bolt|ability: Protosynthesis|[fromitem]\n|-start|p2a: Raging Bolt|protosynthesisspa\n|turn|9\n|inactive|Time left: 300 sec this turn | 300 sec total\n|\n|t:|1783540463\n|-terastallize|p1a: Iron Bundle|Ice\n|move|p2a: Raging Bolt|Thunderclap|p1a: Iron Bundle\n|-damage|p1a: Iron Bundle|34/100\n|move|p1a: Iron Bundle|Ice Beam|p2a: Raging Bolt\n|-supereffective|p2a: Raging Bolt\n|-damage|p2a: Raging Bolt|0 fnt\n|faint|p2a: Raging Bolt\n|-end|p2a: Raging Bolt|Protosynthesis|[silent]\n|\n|upkeep\n|inactive|Time left: 300 sec this turn | 300 sec total | 5 sec grace\n|\n|t:|1783540464\n|switch|p2a: Whimsicott|Whimsicott, L84, F|238/238\n|turn|10\n|inactive|Time left: 300 sec this turn | 300 sec total\n|\n|t:|1783540465\n|-terastallize|p2a: Whimsicott|Steel\n|move|p1a: Iron Bundle|Ice Beam|p2a: Whimsicott\n|-resisted|p2a: Whimsicott\n|-damage|p2a: Whimsicott|114/238\n|move|p2a: Whimsicott|Moonblast|p1a: Iron Bundle\n|-damage|p1a: Iron Bundle|0 fnt\n|faint|p1a: Iron Bundle\n|-end|p1a: Iron Bundle|Quark Drive|[silent]\n|\n|-heal|p2a: Whimsicott|128/238|[from] item: Leftovers\n|upkeep\n|\n|t:|1783540466\n|switch|p1a: Emboar|Emboar, L84, F|100/100\n|-damage|p1a: Emboar|88/100|[from] Stealth Rock\n|turn|11\n|inactive|Time left: 300 sec this turn | 300 sec total\n|\n|t:|1783540467\n|move|p2a: Whimsicott|Substitute|p2a: Whimsicott\n|-start|p2a: Whimsicott|Substitute\n|-damage|p2a: Whimsicott|69/238\n|move|p1a: Emboar|Close Combat|p2a: Whimsicott\n|-supereffective|p2a: Whimsicott\n|-end|p2a: Whimsicott|Substitute\n|-unboost|p1a: Emboar|def|1\n|-unboost|p1a: Emboar|spd|1\n|\n|-heal|p2a: Whimsicott|83/238|[from] item: Leftovers\n|upkeep\n|turn|12\n|inactive|Time left: 300 sec this turn | 300 sec total\n|\n|t:|1783540468\n|move|p2a: Whimsicott|Moonblast|p1a: Emboar\n|-damage|p1a: Emboar|43/100\n|move|p1a: Emboar|Close Combat|p2a: Whimsicott\n|-supereffective|p2a: Whimsicott\n|-damage|p2a: Whimsicott|0 fnt\n|-unboost|p1a: Emboar|def|1\n|-unboost|p1a: Emboar|spd|1\n|faint|p2a: Whimsicott\n|\n|upkeep\n|inactive|Time left: 300 sec this turn | 300 sec total | 5 sec grace\n|\n|t:|1783540469\n|switch|p2a: Landorus|Landorus, L75, M|172/257\n|turn|13\n|inactive|Time left: 300 sec this turn | 300 sec total\n|\n|t:|1783540470\n|switch|p1a: Meganium|Meganium, L90, F|100/100\n|-damage|p1a: Meganium|88/100|[from] Stealth Rock\n|move|p2a: Landorus|Rock Slide|p1a: Meganium\n|-damage|p1a: Meganium|61/100\n|\n|-heal|p1a: Meganium|67/100|[from] item: Leftovers\n|upkeep\n|turn|14\n|inactive|Time left: 300 sec this turn | 300 sec total\n|\n|t:|1783540471\n|move|p2a: Landorus|Psychic|p1a: Meganium\n|-damage|p1a: Meganium|40/100\n|move|p1a: Meganium|Energy Ball|p2a: Landorus\n|-damage|p2a: Landorus|51/257\n|\n|-heal|p1a: Meganium|46/100|[from] item: Leftovers\n|upkeep\n|turn|15\n|inactive|Time left: 300 sec this turn | 300 sec total\n|\n|t:|1783540473\n|move|p2a: Landorus|Focus Blast|p1a: Meganium\n|-damage|p1a: Meganium|4/100\n|move|p1a: Meganium|Energy Ball|p2a: Landorus\n|-damage|p2a: Landorus|0 fnt\n|faint|p2a: Landorus\n|\n|-heal|p1a: Meganium|10/100|[from] item: Leftovers\n|upkeep\n|inactive|Time left: 300 sec this turn | 300 sec total | 5 sec grace\n|\n|t:|1783540474\n|switch|p2a: Iron Treads|Iron Treads, L77|265/265\n|turn|16\n|inactive|Time left: 300 sec this turn | 300 sec total\n|\n|t:|1783540475\n|switch|p1a: Dragonite|Dragonite, L74, M|100/100\n|move|p2a: Iron Treads|Earthquake|p1a: Dragonite\n|-immune|p1a: Dragonite\n|\n|upkeep\n|turn|17\n|inactive|Time left: 300 sec this turn | 300 sec total\n|\n|t:|1783540476\n|move|p2a: Iron Treads|Iron Head|p1a: Dragonite\n|-damage|p1a: Dragonite|85/100\n|cant|p1a: Dragonite|flinch\n|\n|upkeep\n|turn|18\n|inactive|Time left: 300 sec this turn | 300 sec total\n|\n|t:|1783540477\n|move|p2a: Iron Treads|Iron Head|p1a: Dragonite\n|-damage|p1a: Dragonite|48/100\n|move|p1a: Dragonite|Dragon Dance|p1a: Dragonite\n|-boost|p1a: Dragonite|atk|1\n|-boost|p1a: Dragonite|spe|1\n|\n|upkeep\n|turn|19\n|inactive|Time left: 300 sec this turn | 300 sec total\n|\n|t:|1783540478\n|move|p1a: Dragonite|Earthquake|p2a: Iron Treads\n|-supereffective|p2a: Iron Treads\n|-damage|p2a: Iron Treads|67/265\n|move|p2a: Iron Treads|Rapid Spin|p1a: Dragonite\n|-damage|p1a: Dragonite|33/100\n|-boost|p2a: Iron Treads|spe|1\n|\n|-heal|p2a: Iron Treads|83/265|[from] item: Leftovers\n|upkeep\n|turn|20\n|inactive|Time left: 300 sec this turn | 300 sec total\n|\n|t:|1783540479\n|move|p2a: Iron Treads|Iron Head|p1a: Dragonite\n|-damage|p1a: Dragonite|0 fnt\n|faint|p1a: Dragonite\n|\n|-heal|p2a: Iron Treads|99/265|[from] item: Leftovers\n|upkeep\n|\n|t:|1783540481\n|switch|p1a: Polteageist|Polteageist-Antique, L78|100/100\n|-damage|p1a: Polteageist|88/100|[from] Stealth Rock\n|turn|21\n|inactive|Time left: 300 sec this turn | 300 sec total\n|\n|t:|1783540482\n|move|p2a: Iron Treads|Iron Head|p1a: Polteageist\n|-damage|p1a: Polteageist|42/100\n|-start|p2a: Iron Treads|Disable|Iron Head|[from] ability: Cursed Body|[of] p1a: Polteageist\n|cant|p1a: Polteageist|flinch\n|\n|-heal|p2a: Iron Treads|115/265|[from] item: Leftovers\n|upkeep\n|turn|22\n|inactive|Time left: 300 sec this turn | 300 sec total\n|\n|t:|1783540483\n|switch|p1a: Meganium|Meganium, L90, F|10/100\n|-damage|p1a: Meganium|0 fnt|[from] Stealth Rock\n|faint|p1a: Meganium\n|move|p2a: Iron Treads|Earthquake|p1: Meganium|[notarget]\n|-fail|p2a: Iron Treads\n|\n|-heal|p2a: Iron Treads|131/265|[from] item: Leftovers\n|upkeep\n|\n|t:|1783540484\n|switch|p1a: Blissey|Blissey, L85, F|100/100\n|-damage|p1a: Blissey|88/100|[from] Stealth Rock\n|turn|23\n|inactive|Time left: 300 sec this turn | 300 sec total\n|\n|t:|1783540484\n|move|p2a: Iron Treads|Earthquake|p1a: Blissey\n|-damage|p1a: Blissey|41/100\n|move|p1a: Blissey|Soft-Boiled|p1a: Blissey\n|-heal|p1a: Blissey|91/100\n|\n|-heal|p2a: Iron Treads|147/265|[from] item: Leftovers\n|-heal|p1a: Blissey|97/100|[from] item: Leftovers\n|upkeep\n|turn|24\n|inactive|Time left: 300 sec this turn | 300 sec total\n|\n|t:|1783540485\n|move|p2a: Iron Treads|Earthquake|p1a: Blissey\n|-damage|p1a: Blissey|45/100\n|move|p1a: Blissey|Seismic Toss|p2a: Iron Treads\n|-damage|p2a: Iron Treads|62/265\n|\n|-heal|p2a: Iron Treads|78/265|[from] item: Leftovers\n|-heal|p1a: Blissey|51/100|[from] item: Leftovers\n|-end|p2a: Iron Treads|Disable\n|upkeep\n|turn|25\n|inactive|Time left: 300 sec this turn | 300 sec total\n|\n|t:|1783540486\n|move|p2a: Iron Treads|Earthquake|p1a: Blissey\n|-damage|p1a: Blissey|0 fnt\n|faint|p1a: Blissey\n|\n|-heal|p2a: Iron Treads|94/265|[from] item: Leftovers\n|upkeep\n|\n|t:|1783540488\n|switch|p1a: Polteageist|Polteageist-Antique, L78|42/100\n|-damage|p1a: Polteageist|30/100|[from] Stealth Rock\n|turn|26\n|inactive|Time left: 300 sec this turn | 300 sec total\n|\n|t:|1783540489\n|move|p2a: Iron Treads|Earthquake|p1a: Polteageist\n|-damage|p1a: Polteageist|0 fnt\n|-start|p2a: Iron Treads|Disable|Earthquake|[from] ability: Cursed Body|[of] p1a: Polteageist\n|faint|p1a: Polteageist\n|\n|-heal|p2a: Iron Treads|110/265|[from] item: Leftovers\n|upkeep\n|\n|t:|1783540490\n|switch|p1a: Emboar|Emboar, L84, F|43/100\n|-damage|p1a: Emboar|31/100|[from] Stealth Rock\n|turn|27\n|inactive|Time left: 300 sec this turn | 300 sec total\n|\n|t:|1783540491\n|move|p2a: Iron Treads|Rapid Spin|p1a: Emboar\n|-damage|p1a: Emboar|18/100\n|-boost|p2a: Iron Treads|spe|1\n|move|p1a: Emboar|Wild Charge|p2a: Iron Treads\n|-immune|p2a: Iron Treads\n|\n|-heal|p2a: Iron Treads|126/265|[from] item: Leftovers\n|upkeep\n|turn|28\n|inactive|Time left: 300 sec this turn | 300 sec total\n|\n|t:|1783540492\n|move|p2a: Iron Treads|Rapid Spin|p1a: Emboar\n|-damage|p1a: Emboar|4/100\n|-boost|p2a: Iron Treads|spe|1\n|move|p1a: Emboar|Wild Charge|p2a: Iron Treads\n|-immune|p2a: Iron Treads\n|\n|-heal|p2a: Iron Treads|142/265|[from] item: Leftovers\n|upkeep\n|turn|29\n|inactive|Time left: 300 sec this turn | 300 sec total\n|\n|t:|1783540493\n|-end|p2a: Iron Treads|Quark Drive|[silent]\n|switch|p2a: Walking Wake|Walking Wake, L79|286/286\n|move|p1a: Emboar|Wild Charge|p2a: Walking Wake\n|-damage|p2a: Walking Wake|137/286\n|-damage|p1a: Emboar|0 fnt|[from] Recoil\n|faint|p1a: Emboar\n|\n|win|p0y084f21a", "uploadtime": 1783540493, "views": 0, "rating": 0, "private": 0, "password": null, "_winner": "p0y084f21a", "_our_name": "p0y084f21a"}