{"id": "battle-gen9randombattle-2453", "formatid": "gen9randombattle", "format": "[Gen 9] Random Battle", "players": ["p0x2453a308", "p0y2453e11d"], "log": "|init|battle\n|title|p0x2453a308 vs. p0y2453e11d\n|j|\u2606p0x2453a308\n|j|\u2606p0y2453e11d\n|t:|1783567480\n|gametype|singles\n|player|p1|p0x2453a308|102|\n|player|p2|p0y2453e11d|1|\n|gen|9\n|tier|[Gen 9] Random Battle\n|rule|Species Clause: Limit one of each Pok\u00e9mon\n|rule|HP Percentage Mod: HP is shown in percentages\n|rule|Sleep Clause Mod: Limit one foe put to sleep\n|rule|Illusion Level Mod: Illusion disguises the Pok\u00e9mon's true level\n|\n|t:|1783567480\n|teamsize|p1|6\n|teamsize|p2|6\n|start\n|switch|p1a: Lunala|Lunala, L70|100/100\n|switch|p2a: Braviary|Braviary, L85, M|309/309\n|turn|1\n|inactive|Battle timer is ON: inactive players will automatically lose when time's up. (requested by p0x2453a308)\n|inactive|Time left: 300 sec this turn | 300 sec total | 60 sec grace\n|\n|t:|1783567481\n|move|p2a: Braviary|Bulk Up|p2a: Braviary\n|-boost|p2a: Braviary|atk|1\n|-boost|p2a: Braviary|def|1\n|move|p1a: Lunala|Calm Mind|p1a: Lunala\n|-boost|p1a: Lunala|spa|1\n|-boost|p1a: Lunala|spd|1\n|\n|upkeep\n|turn|2\n|inactive|Time left: 300 sec this turn | 300 sec total\n|inactive|p0y2453e11d also wants the timer to be on.\n|\n|t:|1783567482\n|move|p2a: Braviary|Brave Bird|p1a: Lunala\n|-damage|p1a: Lunala|54/100\n|-damage|p2a: Braviary|261/309|[from] Recoil\n|move|p1a: Lunala|Moonlight|p1a: Lunala\n|-heal|p1a: Lunala|100/100\n|\n|upkeep\n|turn|3\n|inactive|Time left: 300 sec this turn | 300 sec total\n|\n|t:|1783567483\n|move|p2a: Braviary|Brave Bird|p1a: Lunala\n|-damage|p1a: Lunala|57/100\n|-damage|p2a: Braviary|217/309|[from] Recoil\n|move|p1a: Lunala|Moonlight|p1a: Lunala\n|-heal|p1a: Lunala|100/100\n|\n|upkeep\n|turn|4\n|inactive|Time left: 300 sec this turn | 300 sec total\n|\n|t:|1783567483\n|move|p2a: Braviary|Brave Bird|p1a: Lunala\n|-damage|p1a: Lunala|55/100\n|-damage|p2a: Braviary|170/309|[from] Recoil\n|move|p1a: Lunala|Moonlight|p1a: Lunala\n|-heal|p1a: Lunala|100/100\n|\n|upkeep\n|turn|5\n|inactive|Time left: 300 sec this turn | 300 sec total\n|\n|t:|1783567484\n|move|p2a: Braviary|Roost|p2a: Braviary\n|-heal|p2a: Braviary|309/309\n|-singleturn|p2a: Braviary|move: Roost\n|move|p1a: Lunala|Psyshock|p2a: Braviary\n|-damage|p2a: Braviary|224/309\n|\n|upkeep\n|turn|6\n|inactive|Time left: 300 sec this turn | 300 sec total\n|\n|t:|1783567485\n|move|p2a: Braviary|Brave Bird|p1a: Lunala\n|-damage|p1a: Lunala|53/100\n|-damage|p2a: Braviary|175/309|[from] Recoil\n|move|p1a: Lunala|Psyshock|p2a: Braviary\n|-damage|p2a: Braviary|85/309\n|\n|-heal|p1a: Lunala|59/100|[from] item: Leftovers\n|upkeep\n|turn|7\n|inactive|Time left: 300 sec this turn | 300 sec total\n|\n|t:|1783567485\n|move|p2a: Braviary|Brave Bird|p1a: Lunala\n|-damage|p1a: Lunala|0 fnt\n|faint|p1a: Lunala\n|-damage|p2a: Braviary|26/309|[from] Recoil\n|\n|upkeep\n|\n|t:|1783567486\n|switch|p1a: Ribombee|Ribombee, L83, F|100/100\n|turn|8\n|inactive|Time left: 300 sec this turn | 300 sec total\n|\n|t:|1783567487\n|switch|p2a: Ariados|Ariados, L95, M|287/287\n|move|p1a: Ribombee|Bug Buzz|p2a: Ariados\n|-resisted|p2a: Ariados\n|-damage|p2a: Ariados|236/287\n|\n|upkeep\n|turn|9\n|inactive|Time left: 300 sec this turn | 300 sec total\n|\n|t:|1783567488\n|switch|p1a: Donphan|Donphan, L84, M|100/100\n|move|p2a: Ariados|Poison Jab|p1a: Donphan\n|-resisted|p1a: Donphan\n|-damage|p1a: Donphan|86/100\n|\n|-heal|p1a: Donphan|93/100|[from] item: Leftovers\n|upkeep\n|turn|10\n|inactive|Time left: 300 sec this turn | 300 sec total\n|\n|t:|1783567489\n|move|p1a: Donphan|Earthquake|p2a: Ariados\n|-damage|p2a: Ariados|109/287\n|move|p2a: Ariados|Sticky Web|p1a: Donphan\n|-sidestart|p1: p0x2453a308|move: Sticky Web\n|\n|-heal|p1a: Donphan|99/100|[from] item: Leftovers\n|upkeep\n|turn|11\n|inactive|Time left: 300 sec this turn | 300 sec total\n|\n|t:|1783567490\n|switch|p2a: Sableye|Sableye, L88, M|231/231\n|move|p1a: Donphan|Earthquake|p2a: Sableye\n|-damage|p2a: Sableye|101/231\n|\n|-heal|p2a: Sableye|115/231|[from] item: Leftovers\n|-heal|p1a: Donphan|100/100|[from] item: Leftovers\n|upkeep\n|turn|12\n|inactive|Time left: 300 sec this turn | 300 sec total\n|\n|t:|1783567491\n|move|p2a: Sableye|Recover|p2a: Sableye\n|-heal|p2a: Sableye|231/231\n|move|p1a: Donphan|Earthquake|p2a: Sableye\n|-damage|p2a: Sableye|107/231\n|\n|-heal|p2a: Sableye|121/231|[from] item: Leftovers\n|upkeep\n|turn|13\n|inactive|Time left: 300 sec this turn | 300 sec total\n|\n|t:|1783567492\n|move|p2a: Sableye|Recover|p2a: Sableye\n|-heal|p2a: Sableye|231/231\n|move|p1a: Donphan|Earthquake|p2a: Sableye\n|-damage|p2a: Sableye|89/231\n|\n|-heal|p2a: Sableye|103/231|[from] item: Leftovers\n|upkeep\n|turn|14\n|inactive|Time left: 300 sec this turn | 300 sec total\n|\n|t:|1783567493\n|move|p2a: Sableye|Recover|p2a: Sableye\n|-heal|p2a: Sableye|219/231\n|move|p1a: Donphan|Earthquake|p2a: Sableye\n|-damage|p2a: Sableye|72/231\n|\n|-heal|p2a: Sableye|86/231|[from] item: Leftovers\n|upkeep\n|turn|15\n|inactive|Time left: 300 sec this turn | 300 sec total\n|\n|t:|1783567494\n|move|p2a: Sableye|Recover|p2a: Sableye\n|-heal|p2a: Sableye|202/231\n|move|p1a: Donphan|Earthquake|p2a: Sableye\n|-damage|p2a: Sableye|76/231\n|\n|-heal|p2a: Sableye|90/231|[from] item: Leftovers\n|upkeep\n|turn|16\n|inactive|Time left: 300 sec this turn | 300 sec total\n|\n|t:|1783567495\n|move|p2a: Sableye|Recover|p2a: Sableye\n|-heal|p2a: Sableye|206/231\n|move|p1a: Donphan|Earthquake|p2a: Sableye\n|-damage|p2a: Sableye|62/231\n|\n|-heal|p2a: Sableye|76/231|[from] item: Leftovers\n|upkeep\n|turn|17\n|inactive|Time left: 300 sec this turn | 300 sec total\n|\n|t:|1783567496\n|move|p2a: Sableye|Recover|p2a: Sableye\n|-heal|p2a: Sableye|192/231\n|move|p1a: Donphan|Earthquake|p2a: Sableye\n|-damage|p2a: Sableye|65/231\n|\n|-heal|p2a: Sableye|79/231|[from] item: Leftovers\n|upkeep\n|turn|18\n|inactive|Time left: 300 sec this turn | 300 sec total\n|\n|t:|1783567497\n|move|p2a: Sableye|Recover|p2a: Sableye\n|-heal|p2a: Sableye|195/231\n|move|p1a: Donphan|Earthquake|p2a: Sableye\n|-damage|p2a: Sableye|57/231\n|\n|-heal|p2a: Sableye|71/231|[from] item: Leftovers\n|upkeep\n|turn|19\n|inactive|Time left: 300 sec this turn | 300 sec total\n|\n|t:|1783567498\n|move|p2a: Sableye|Recover|p2a: Sableye\n|-heal|p2a: Sableye|187/231\n|move|p1a: Donphan|Earthquake|p2a: Sableye\n|-damage|p2a: Sableye|57/231\n|\n|-heal|p2a: Sableye|71/231|[from] item: Leftovers\n|upkeep\n|turn|20\n|inactive|Time left: 300 sec this turn | 300 sec total\n|\n|t:|1783567499\n|move|p2a: Sableye|Knock Off|p1a: Donphan\n|-damage|p1a: Donphan|76/100\n|-enditem|p1a: Donphan|Leftovers|[from] move: Knock Off|[of] p2a: Sableye\n|move|p1a: Donphan|Earthquake|p2a: Sableye\n|-damage|p2a: Sableye|0 fnt\n|faint|p2a: Sableye\n|\n|upkeep\n|inactive|Time left: 300 sec this turn | 300 sec total | 5 sec grace\n|\n|t:|1783567501\n|switch|p2a: Enamorus|Enamorus, L79, F|247/247\n|turn|21\n|inactive|Time left: 300 sec this turn | 300 sec total\n|\n|t:|1783567502\n|move|p2a: Enamorus|Calm Mind|p2a: Enamorus\n|-boost|p2a: Enamorus|spa|1\n|-boost|p2a: Enamorus|spd|1\n|move|p1a: Donphan|Rapid Spin|p2a: Enamorus\n|-damage|p2a: Enamorus|191/247\n|-boost|p1a: Donphan|spe|1\n|-sideend|p1: p0x2453a308|Sticky Web|[from] move: Rapid Spin|[of] p1a: Donphan\n|\n|-heal|p2a: Enamorus|206/247|[from] item: Leftovers\n|upkeep\n|turn|22\n|inactive|Time left: 300 sec this turn | 300 sec total\n|\n|t:|1783567503\n|move|p2a: Enamorus|Moonblast|p1a: Donphan\n|-damage|p1a: Donphan|0 fnt\n|faint|p1a: Donphan\n|\n|-heal|p2a: Enamorus|221/247|[from] item: Leftovers\n|upkeep\n|\n|t:|1783567504\n|switch|p1a: Qwilfish|Qwilfish-Hisui, L83, F|100/100\n|-ability|p1a: Qwilfish|Intimidate|boost\n|-unboost|p2a: Enamorus|atk|1\n|turn|23\n|inactive|Time left: 300 sec this turn | 300 sec total\n|\n|t:|1783567505\n|-terastallize|p2a: Enamorus|Ground\n|move|p2a: Enamorus|Earth Power|p1a: Qwilfish\n|-supereffective|p1a: Qwilfish\n|-damage|p1a: Qwilfish|0 fnt\n|faint|p1a: Qwilfish\n|\n|-heal|p2a: Enamorus|236/247|[from] item: Leftovers\n|upkeep\n|\n|t:|1783567506\n|switch|p1a: Sinistcha|Sinistcha, L83|100/100\n|turn|24\n|inactive|Time left: 300 sec this turn | 300 sec total\n|\n|t:|1783567507\n|move|p2a: Enamorus|Moonblast|p1a: Sinistcha\n|-damage|p1a: Sinistcha|29/100\n|-unboost|p1a: Sinistcha|spa|1\n|move|p1a: Sinistcha|Matcha Gotcha|p2a: Enamorus\n|-supereffective|p2a: Enamorus\n|-damage|p2a: Enamorus|132/247\n|-heal|p1a: Sinistcha|50/100|[from] drain|[of] p2a: Enamorus\n|\n|-heal|p2a: Enamorus|147/247|[from] item: Leftovers\n|-heal|p1a: Sinistcha|56/100|[from] item: Leftovers\n|upkeep\n|turn|25\n|inactive|Time left: 300 sec this turn | 300 sec total\n|\n|t:|1783567508\n|move|p2a: Enamorus|Moonblast|p1a: Sinistcha\n|-damage|p1a: Sinistcha|0 fnt\n|faint|p1a: Sinistcha\n|\n|-heal|p2a: Enamorus|162/247|[from] item: Leftovers\n|upkeep\n|\n|t:|1783567509\n|switch|p1a: Ribombee|Ribombee, L83, F|100/100\n|turn|26\n|inactive|Time left: 300 sec this turn | 300 sec total\n|\n|t:|1783567510\n|move|p1a: Ribombee|Moonblast|p2a: Enamorus\n|-damage|p2a: Enamorus|89/247\n|move|p2a: Enamorus|Moonblast|p1a: Ribombee\n|-damage|p1a: Ribombee|7/100\n|\n|-heal|p2a: Enamorus|104/247|[from] item: Leftovers\n|upkeep\n|turn|27\n|inactive|Time left: 300 sec this turn | 300 sec total\n|\n|t:|1783567511\n|move|p1a: Ribombee|Moonblast|p2a: Enamorus\n|-damage|p2a: Enamorus|26/247\n|move|p2a: Enamorus|Moonblast|p1a: Ribombee\n|-damage|p1a: Ribombee|0 fnt\n|faint|p1a: Ribombee\n|\n|-heal|p2a: Enamorus|41/247|[from] item: Leftovers\n|upkeep\n|\n|t:|1783567512\n|switch|p1a: Iron Jugulis|Iron Jugulis, L77|100/100\n|turn|28\n|inactive|Time left: 300 sec this turn | 300 sec total\n|\n|t:|1783567513\n|-terastallize|p1a: Iron Jugulis|Ground\n|move|p2a: Enamorus|Moonblast|p1a: Iron Jugulis\n|-damage|p1a: Iron Jugulis|24/100\n|move|p1a: Iron Jugulis|Earth Power|p2a: Enamorus\n|-damage|p2a: Enamorus|0 fnt\n|faint|p2a: Enamorus\n|\n|upkeep\n|inactive|Time left: 300 sec this turn | 300 sec total | 5 sec grace\n|\n|t:|1783567514\n|switch|p2a: Carbink|Carbink, L90|236/236\n|turn|29\n|inactive|Time left: 300 sec this turn | 300 sec total\n|\n|t:|1783567514\n|move|p1a: Iron Jugulis|Hurricane|p2a: Carbink|[miss]\n|-miss|p1a: Iron Jugulis|p2a: Carbink\n|move|p2a: Carbink|Moonblast|p1a: Iron Jugulis\n|-damage|p1a: Iron Jugulis|0 fnt\n|faint|p1a: Iron Jugulis\n|-end|p1a: Iron Jugulis|Quark Drive|[silent]\n|\n|win|p0y2453e11d", "uploadtime": 1783567514, "views": 0, "rating": 0, "private": 0, "password": null, "_winner": "p0y2453e11d", "_our_name": "p0y2453e11d"}