{"id": "battle-gen9randombattle-528", "formatid": "gen9randombattle", "format": "[Gen 9] Random Battle", "players": ["p0x52881d0", "p0y52897f4"], "log": "|init|battle\n|title|p0x52881d0 vs. p0y52897f4\n|j|\u2606p0x52881d0\n|j|\u2606p0y52897f4\n|t:|1783545171\n|gametype|singles\n|player|p1|p0x52881d0|170|\n|player|p2|p0y52897f4|102|\n|gen|9\n|tier|[Gen 9] Random Battle\n|rule|Species Clause: Limit one of each Pok\u00e9mon\n|rule|HP Percentage Mod: HP is shown in percentages\n|rule|Sleep Clause Mod: Limit one foe put to sleep\n|rule|Illusion Level Mod: Illusion disguises the Pok\u00e9mon's true level\n|\n|t:|1783545171\n|teamsize|p1|6\n|teamsize|p2|6\n|start\n|switch|p1a: Mewtwo|Mewtwo, L72|272/272\n|switch|p2a: Solgaleo|Solgaleo, L74|100/100\n|-ability|p1a: Mewtwo|Pressure\n|turn|1\n|inactive|Battle timer is ON: inactive players will automatically lose when time's up. (requested by p0x52881d0)\n|inactive|p0y52897f4 also wants the timer to be on.\n|\n|t:|1783545173\n|move|p1a: Mewtwo|Nasty Plot|p1a: Mewtwo\n|-boost|p1a: Mewtwo|spa|2\n|move|p2a: Solgaleo|Knock Off|p1a: Mewtwo\n|-supereffective|p1a: Mewtwo\n|-crit|p1a: Mewtwo\n|-damage|p1a: Mewtwo|32/272\n|-enditem|p1a: Mewtwo|Life Orb|[from] move: Knock Off|[of] p2a: Solgaleo\n|\n|upkeep\n|turn|2\n|inactive|Time left: 300 sec this turn | 300 sec total\n|\n|t:|1783545175\n|move|p1a: Mewtwo|Recover|p1a: Mewtwo\n|-heal|p1a: Mewtwo|168/272\n|move|p2a: Solgaleo|Sunsteel Strike|p1a: Mewtwo\n|-crit|p1a: Mewtwo\n|-damage|p1a: Mewtwo|0 fnt\n|faint|p1a: Mewtwo\n|\n|upkeep\n|inactive|Time left: 300 sec this turn | 300 sec total | 5 sec grace\n|\n|t:|1783545176\n|switch|p1a: Blaziken|Blaziken, L76, M|247/247\n|turn|3\n|inactive|Time left: 300 sec this turn | 300 sec total\n|\n|t:|1783545177\n|move|p2a: Solgaleo|Earthquake|p1a: Blaziken\n|-supereffective|p1a: Blaziken\n|-damage|p1a: Blaziken|69/247\n|move|p1a: Blaziken|Swords Dance|p1a: Blaziken\n|-boost|p1a: Blaziken|atk|2\n|\n|-ability|p1a: Blaziken|Speed Boost|boost\n|-boost|p1a: Blaziken|spe|1\n|upkeep\n|turn|4\n|inactive|Time left: 300 sec this turn | 300 sec total\n|\n|t:|1783545178\n|switch|p2a: Trevenant|Trevenant, L89, M|100/100\n|move|p1a: Blaziken|Close Combat|p2a: Trevenant\n|-immune|p2a: Trevenant\n|\n|-ability|p1a: Blaziken|Speed Boost|boost\n|-boost|p1a: Blaziken|spe|1\n|upkeep\n|turn|5\n|inactive|Time left: 300 sec this turn | 300 sec total\n|\n|t:|1783545179\n|move|p1a: Blaziken|Knock Off|p2a: Trevenant\n|-supereffective|p2a: Trevenant\n|-damage|p2a: Trevenant|0 fnt\n|-enditem|p2a: Trevenant|Sitrus Berry|[from] move: Knock Off|[of] p1a: Blaziken\n|faint|p2a: Trevenant\n|-damage|p1a: Blaziken|45/247|[from] item: Life Orb\n|\n|-ability|p1a: Blaziken|Speed Boost|boost\n|-boost|p1a: Blaziken|spe|1\n|upkeep\n|\n|t:|1783545180\n|switch|p2a: Flamigo|Flamigo, L82, M|100/100\n|turn|6\n|inactive|Time left: 300 sec this turn | 300 sec total\n|\n|t:|1783545182\n|move|p1a: Blaziken|Close Combat|p2a: Flamigo\n|-resisted|p2a: Flamigo\n|-damage|p2a: Flamigo|28/100\n|-unboost|p1a: Blaziken|def|1\n|-unboost|p1a: Blaziken|spd|1\n|-damage|p1a: Blaziken|21/247|[from] item: Life Orb\n|move|p2a: Flamigo|Brave Bird|p1a: Blaziken\n|-supereffective|p1a: Blaziken\n|-damage|p1a: Blaziken|0 fnt\n|faint|p1a: Blaziken\n|-damage|p2a: Flamigo|25/100|[from] Recoil\n|\n|upkeep\n|inactive|Time left: 300 sec this turn | 300 sec total | 5 sec grace\n|\n|t:|1783545183\n|switch|p1a: Rayquaza|Rayquaza, L72|270/270\n|-ability|p1a: Rayquaza|Air Lock\n|turn|7\n|inactive|Time left: 300 sec this turn | 300 sec total\n|\n|t:|1783545184\n|move|p1a: Rayquaza|Extreme Speed|p2a: Flamigo\n|-damage|p2a: Flamigo|0 fnt\n|faint|p2a: Flamigo\n|\n|upkeep\n|\n|t:|1783545185\n|switch|p2a: Ampharos|Ampharos, L88, M|100/100\n|turn|8\n|inactive|Time left: 300 sec this turn | 300 sec total\n|\n|t:|1783545186\n|switch|p1a: Luxray|Luxray, L88, F|284/284\n|-ability|p1a: Luxray|Intimidate|boost\n|-unboost|p2a: Ampharos|atk|1\n|move|p2a: Ampharos|Dazzling Gleam|p1a: Luxray\n|-damage|p1a: Luxray|233/284\n|\n|upkeep\n|turn|9\n|inactive|Time left: 300 sec this turn | 300 sec total\n|\n|t:|1783545187\n|move|p1a: Luxray|Play Rough|p2a: Ampharos\n|-damage|p2a: Ampharos|73/100\n|move|p2a: Ampharos|Volt Switch|p1a: Luxray\n|-resisted|p1a: Luxray\n|-damage|p1a: Luxray|202/284\n|\n|t:|1783545188\n|switch|p2a: Solgaleo|Solgaleo, L74|100/100|[from] Volt Switch\n|\n|upkeep\n|turn|10\n|inactive|Time left: 300 sec this turn | 300 sec total\n|\n|t:|1783545189\n|switch|p1a: Archaludon|Archaludon, L78, M|268/268\n|move|p2a: Solgaleo|Earthquake|p1a: Archaludon\n|-supereffective|p1a: Archaludon\n|-damage|p1a: Archaludon|150/268\n|-ability|p1a: Archaludon|Stamina|boost\n|-boost|p1a: Archaludon|def|1\n|\n|-heal|p1a: Archaludon|166/268|[from] item: Leftovers\n|upkeep\n|turn|11\n|inactive|Time left: 300 sec this turn | 300 sec total\n|\n|t:|1783545190\n|switch|p2a: Ampharos|Ampharos, L88, M|73/100\n|move|p1a: Archaludon|Body Press|p2a: Ampharos\n|-damage|p2a: Ampharos|41/100\n|-status|p1a: Archaludon|par|[from] ability: Static|[of] p2a: Ampharos\n|\n|-heal|p1a: Archaludon|182/268 par|[from] item: Leftovers\n|upkeep\n|turn|12\n|inactive|Time left: 300 sec this turn | 300 sec total\n|\n|t:|1783545191\n|move|p2a: Ampharos|Focus Blast|p1a: Archaludon|[miss]\n|-miss|p2a: Ampharos|p1a: Archaludon\n|move|p1a: Archaludon|Body Press|p2a: Ampharos\n|-damage|p2a: Ampharos|12/100\n|\n|-heal|p1a: Archaludon|198/268 par|[from] item: Leftovers\n|upkeep\n|turn|13\n|inactive|Time left: 300 sec this turn | 300 sec total\n|\n|t:|1783545192\n|move|p2a: Ampharos|Focus Blast|p1a: Archaludon|[miss]\n|-miss|p2a: Ampharos|p1a: Archaludon\n|cant|p1a: Archaludon|par\n|\n|-heal|p1a: Archaludon|214/268 par|[from] item: Leftovers\n|upkeep\n|turn|14\n|inactive|Time left: 300 sec this turn | 300 sec total\n|\n|t:|1783545193\n|move|p2a: Ampharos|Focus Blast|p1a: Archaludon|[miss]\n|-miss|p2a: Ampharos|p1a: Archaludon\n|move|p1a: Archaludon|Body Press|p2a: Ampharos\n|-damage|p2a: Ampharos|0 fnt\n|faint|p2a: Ampharos\n|\n|-heal|p1a: Archaludon|230/268 par|[from] item: Leftovers\n|upkeep\n|\n|t:|1783545193\n|switch|p2a: Solgaleo|Solgaleo, L74|100/100\n|turn|15\n|inactive|Time left: 300 sec this turn | 300 sec total\n|\n|t:|1783545194\n|move|p2a: Solgaleo|Knock Off|p1a: Archaludon\n|-damage|p1a: Archaludon|190/268 par\n|-ability|p1a: Archaludon|Stamina|boost\n|-boost|p1a: Archaludon|def|1\n|-enditem|p1a: Archaludon|Leftovers|[from] move: Knock Off|[of] p2a: Solgaleo\n|move|p1a: Archaludon|Body Press|p2a: Solgaleo\n|-damage|p2a: Solgaleo|62/100\n|\n|-heal|p2a: Solgaleo|68/100|[from] item: Leftovers\n|upkeep\n|turn|16\n|inactive|Time left: 300 sec this turn | 300 sec total\n|\n|t:|1783545196\n|move|p2a: Solgaleo|Morning Sun|p2a: Solgaleo\n|-heal|p2a: Solgaleo|100/100\n|cant|p1a: Archaludon|par\n|\n|upkeep\n|turn|17\n|inactive|Time left: 300 sec this turn | 300 sec total\n|\n|t:|1783545196\n|move|p2a: Solgaleo|Earthquake|p1a: Archaludon\n|-supereffective|p1a: Archaludon\n|-damage|p1a: Archaludon|128/268 par\n|-ability|p1a: Archaludon|Stamina|boost\n|-boost|p1a: Archaludon|def|1\n|move|p1a: Archaludon|Body Press|p2a: Solgaleo\n|-damage|p2a: Solgaleo|55/100\n|\n|-heal|p2a: Solgaleo|61/100|[from] item: Leftovers\n|upkeep\n|turn|18\n|inactive|Time left: 300 sec this turn | 300 sec total\n|\n|t:|1783545197\n|move|p2a: Solgaleo|Morning Sun|p2a: Solgaleo\n|-heal|p2a: Solgaleo|100/100\n|move|p1a: Archaludon|Body Press|p2a: Solgaleo\n|-damage|p2a: Solgaleo|56/100\n|\n|-heal|p2a: Solgaleo|62/100|[from] item: Leftovers\n|upkeep\n|turn|19\n|inactive|Time left: 300 sec this turn | 300 sec total\n|\n|t:|1783545199\n|move|p2a: Solgaleo|Morning Sun|p2a: Solgaleo\n|-heal|p2a: Solgaleo|100/100\n|move|p1a: Archaludon|Body Press|p2a: Solgaleo\n|-damage|p2a: Solgaleo|52/100\n|\n|-heal|p2a: Solgaleo|58/100|[from] item: Leftovers\n|upkeep\n|turn|20\n|inactive|Time left: 300 sec this turn | 300 sec total\n|\n|t:|1783545200\n|move|p2a: Solgaleo|Morning Sun|p2a: Solgaleo\n|-heal|p2a: Solgaleo|100/100\n|move|p1a: Archaludon|Body Press|p2a: Solgaleo\n|-damage|p2a: Solgaleo|56/100\n|\n|-heal|p2a: Solgaleo|62/100|[from] item: Leftovers\n|upkeep\n|turn|21\n|inactive|Time left: 300 sec this turn | 300 sec total\n|\n|t:|1783545201\n|move|p2a: Solgaleo|Morning Sun|p2a: Solgaleo\n|-heal|p2a: Solgaleo|100/100\n|move|p1a: Archaludon|Body Press|p2a: Solgaleo\n|-damage|p2a: Solgaleo|57/100\n|\n|-heal|p2a: Solgaleo|63/100|[from] item: Leftovers\n|upkeep\n|turn|22\n|inactive|Time left: 300 sec this turn | 300 sec total\n|\n|t:|1783545202\n|move|p2a: Solgaleo|Morning Sun|p2a: Solgaleo\n|-heal|p2a: Solgaleo|100/100\n|cant|p1a: Archaludon|par\n|\n|upkeep\n|turn|23\n|inactive|Time left: 300 sec this turn | 300 sec total\n|\n|t:|1783545203\n|switch|p2a: Lumineon|Lumineon, L93, F|100/100\n|cant|p1a: Archaludon|par\n|\n|upkeep\n|turn|24\n|inactive|Time left: 300 sec this turn | 300 sec total\n|\n|t:|1783545204\n|move|p2a: Lumineon|Ice Beam|p1a: Archaludon\n|-damage|p1a: Archaludon|21/268 par\n|-ability|p1a: Archaludon|Stamina|boost\n|-boost|p1a: Archaludon|def|1\n|-damage|p2a: Lumineon|91/100|[from] item: Life Orb\n|cant|p1a: Archaludon|par\n|\n|upkeep\n|turn|25\n|inactive|Time left: 300 sec this turn | 300 sec total\n|\n|t:|1783545205\n|move|p2a: Lumineon|Ice Beam|p1a: Archaludon\n|-crit|p1a: Archaludon\n|-damage|p1a: Archaludon|0 fnt\n|faint|p1a: Archaludon\n|-damage|p2a: Lumineon|81/100|[from] item: Life Orb\n|\n|upkeep\n|inactive|Time left: 300 sec this turn | 300 sec total | 5 sec grace\n|\n|t:|1783545206\n|switch|p1a: Meowstic|Meowstic-F, L89, F|277/277\n|turn|26\n|inactive|Time left: 300 sec this turn | 300 sec total\n|\n|t:|1783545207\n|switch|p2a: Morpeko|Morpeko, L88, F|100/100\n|move|p1a: Meowstic|Nasty Plot|p1a: Meowstic\n|-boost|p1a: Meowstic|spa|2\n|\n|-formechange|p2a: Morpeko|Morpeko-Hangry||[from] ability: Hunger Switch\n|upkeep\n|turn|27\n|inactive|Time left: 300 sec this turn | 300 sec total\n|\n|t:|1783545208\n|move|p1a: Meowstic|Alluring Voice|p2a: Morpeko\n|-supereffective|p2a: Morpeko\n|-damage|p2a: Morpeko|0 fnt\n|faint|p2a: Morpeko\n|-damage|p1a: Meowstic|250/277|[from] item: Life Orb\n|\n|upkeep\n|\n|t:|1783545209\n|switch|p2a: Solgaleo|Solgaleo, L74|100/100\n|turn|28\n|inactive|Time left: 300 sec this turn | 300 sec total\n|\n|t:|1783545210\n|-terastallize|p1a: Meowstic|Dark\n|move|p1a: Meowstic|Dark Pulse|p2a: Solgaleo\n|-supereffective|p2a: Solgaleo\n|-damage|p2a: Solgaleo|0 fnt\n|faint|p2a: Solgaleo\n|-damage|p1a: Meowstic|223/277|[from] item: Life Orb\n|\n|upkeep\n|\n|t:|1783545211\n|switch|p2a: Lumineon|Lumineon, L93, F|81/100\n|turn|29\n|inactive|Time left: 300 sec this turn | 300 sec total\n|\n|t:|1783545212\n|-terastallize|p2a: Lumineon|Water\n|move|p1a: Meowstic|Psychic|p2a: Lumineon\n|-damage|p2a: Lumineon|5/100\n|-damage|p1a: Meowstic|196/277|[from] item: Life Orb\n|move|p2a: Lumineon|Ice Beam|p1a: Meowstic\n|-damage|p1a: Meowstic|112/277\n|-damage|p2a: Lumineon|0 fnt|[from] item: Life Orb\n|faint|p2a: Lumineon\n|\n|win|p0x52881d0", "uploadtime": 1783545212, "views": 0, "rating": 0, "private": 0, "password": null, "_winner": "p0x52881d0", "_our_name": "p0x52881d0"}