{"id": "battle-gen9randombattle-1508", "formatid": "gen9randombattle", "format": "[Gen 9] Random Battle", "players": ["p0x15087043", "p0y15084a62"], "log": "|init|battle\n|title|p0x15087043 vs. p0y15084a62\n|j|\u2606p0x15087043\n|j|\u2606p0y15084a62\n|t:|1783556623\n|gametype|singles\n|player|p1|p0x15087043|169|\n|player|p2|p0y15084a62|170|\n|gen|9\n|tier|[Gen 9] Random Battle\n|rule|Species Clause: Limit one of each Pok\u00e9mon\n|rule|HP Percentage Mod: HP is shown in percentages\n|rule|Sleep Clause Mod: Limit one foe put to sleep\n|rule|Illusion Level Mod: Illusion disguises the Pok\u00e9mon's true level\n|\n|t:|1783556623\n|teamsize|p1|6\n|teamsize|p2|6\n|start\n|switch|p1a: Hatterene|Hatterene, L85, F|236/236\n|switch|p2a: Golem|Golem-Alola, L93, F|100/100\n|turn|1\n|inactive|Battle timer is ON: inactive players will automatically lose when time's up. (requested by p0x15087043)\n|inactive|p0y15084a62 also wants the timer to be on.\n|\n|t:|1783556625\n|switch|p1a: Greedent|Greedent, L86, M|347/347\n|move|p2a: Golem|Double-Edge|p1a: Greedent\n|-damage|p1a: Greedent|88/347\n|-enditem|p1a: Greedent|Sitrus Berry|[eat]\n|-heal|p1a: Greedent|174/347|[from] item: Sitrus Berry\n|-heal|p1a: Greedent|289/347|[from] ability: Cheek Pouch\n|-damage|p2a: Golem|72/100|[from] Recoil\n|-damage|p2a: Golem|62/100|[from] item: Life Orb\n|\n|upkeep\n|turn|2\n|inactive|Time left: 300 sec this turn | 300 sec total\n|\n|t:|1783556626\n|move|p2a: Golem|Double-Edge|p1a: Greedent\n|-damage|p1a: Greedent|19/347\n|-damage|p2a: Golem|32/100|[from] Recoil\n|-damage|p2a: Golem|22/100|[from] item: Life Orb\n|move|p1a: Greedent|Earthquake|p2a: Golem\n|-supereffective|p2a: Golem\n|-damage|p2a: Golem|0 fnt\n|faint|p2a: Golem\n|\n|upkeep\n|\n|t:|1783556627\n|switch|p2a: Mamoswine|Mamoswine, L81, F|100/100\n|turn|3\n|inactive|Time left: 300 sec this turn | 300 sec total\n|\n|t:|1783556628\n|move|p2a: Mamoswine|Earthquake|p1a: Greedent\n|-damage|p1a: Greedent|0 fnt\n|faint|p1a: Greedent\n|\n|upkeep\n|inactive|Time left: 300 sec this turn | 300 sec total | 5 sec grace\n|\n|t:|1783556629\n|switch|p1a: Inteleon|Inteleon, L81, F|246/246\n|turn|4\n|inactive|Time left: 300 sec this turn | 300 sec total\n|\n|t:|1783556630\n|switch|p2a: Meloetta|Meloetta, L82|100/100\n|move|p1a: Inteleon|Scald|p2a: Meloetta\n|-damage|p2a: Meloetta|64/100\n|-status|p2a: Meloetta|brn\n|\n|-heal|p2a: Meloetta|70/100 brn|[from] item: Leftovers\n|-damage|p2a: Meloetta|64/100 brn|[from] brn\n|upkeep\n|turn|5\n|inactive|Time left: 300 sec this turn | 300 sec total\n|\n|t:|1783556631\n|move|p1a: Inteleon|Scald|p2a: Meloetta\n|-damage|p2a: Meloetta|24/100 brn\n|move|p2a: Meloetta|Hyper Voice|p1a: Inteleon\n|-damage|p1a: Inteleon|105/246\n|\n|-heal|p2a: Meloetta|30/100 brn|[from] item: Leftovers\n|-damage|p2a: Meloetta|24/100 brn|[from] brn\n|upkeep\n|turn|6\n|inactive|Time left: 300 sec this turn | 300 sec total\n|\n|t:|1783556632\n|switch|p2a: Toxapex|Toxapex, L82, F|100/100\n|move|p1a: Inteleon|Scald|p2a: Toxapex\n|-resisted|p2a: Toxapex\n|-damage|p2a: Toxapex|75/100\n|\n|upkeep\n|turn|7\n|inactive|Time left: 300 sec this turn | 300 sec total\n|\n|t:|1783556633\n|move|p1a: Inteleon|Scald|p2a: Toxapex\n|-resisted|p2a: Toxapex\n|-crit|p2a: Toxapex\n|-damage|p2a: Toxapex|39/100\n|move|p2a: Toxapex|Recover|p2a: Toxapex\n|-heal|p2a: Toxapex|89/100\n|\n|upkeep\n|turn|8\n|inactive|Time left: 300 sec this turn | 300 sec total\n|\n|t:|1783556634\n|move|p1a: Inteleon|Scald|p2a: Toxapex\n|-resisted|p2a: Toxapex\n|-damage|p2a: Toxapex|65/100\n|move|p2a: Toxapex|Liquidation|p1a: Inteleon\n|-resisted|p1a: Inteleon\n|-damage|p1a: Inteleon|61/246\n|\n|upkeep\n|turn|9\n|inactive|Time left: 300 sec this turn | 300 sec total\n|\n|t:|1783556635\n|move|p1a: Inteleon|Scald|p2a: Toxapex\n|-resisted|p2a: Toxapex\n|-damage|p2a: Toxapex|31/100\n|move|p2a: Toxapex|Recover|p2a: Toxapex\n|-heal|p2a: Toxapex|81/100\n|\n|upkeep\n|turn|10\n|inactive|Time left: 300 sec this turn | 300 sec total\n|\n|t:|1783556636\n|move|p1a: Inteleon|Scald|p2a: Toxapex\n|-resisted|p2a: Toxapex\n|-damage|p2a: Toxapex|49/100\n|-status|p2a: Toxapex|brn\n|move|p2a: Toxapex|Recover|p2a: Toxapex\n|-heal|p2a: Toxapex|99/100 brn\n|\n|-damage|p2a: Toxapex|93/100 brn|[from] brn\n|upkeep\n|turn|11\n|inactive|Time left: 300 sec this turn | 300 sec total\n|\n|t:|1783556637\n|move|p1a: Inteleon|Scald|p2a: Toxapex\n|-resisted|p2a: Toxapex\n|-damage|p2a: Toxapex|57/100 brn\n|move|p2a: Toxapex|Recover|p2a: Toxapex\n|-heal|p2a: Toxapex|100/100 brn\n|\n|-damage|p2a: Toxapex|94/100 brn|[from] brn\n|upkeep\n|turn|12\n|inactive|Time left: 300 sec this turn | 300 sec total\n|\n|t:|1783556638\n|move|p1a: Inteleon|Scald|p2a: Toxapex\n|-resisted|p2a: Toxapex\n|-damage|p2a: Toxapex|60/100 brn\n|move|p2a: Toxapex|Toxic Spikes|p1a: Inteleon\n|-sidestart|p1: p0x15087043|move: Toxic Spikes\n|\n|-damage|p2a: Toxapex|54/100 brn|[from] brn\n|upkeep\n|turn|13\n|inactive|Time left: 300 sec this turn | 300 sec total\n|\n|t:|1783556639\n|move|p1a: Inteleon|Scald|p2a: Toxapex\n|-resisted|p2a: Toxapex\n|-damage|p2a: Toxapex|16/100 brn\n|move|p2a: Toxapex|Recover|p2a: Toxapex\n|-heal|p2a: Toxapex|66/100 brn\n|\n|-damage|p2a: Toxapex|60/100 brn|[from] brn\n|upkeep\n|turn|14\n|inactive|Time left: 300 sec this turn | 300 sec total\n|\n|t:|1783556640\n|move|p1a: Inteleon|Scald|p2a: Toxapex\n|-resisted|p2a: Toxapex\n|-damage|p2a: Toxapex|22/100 brn\n|move|p2a: Toxapex|Recover|p2a: Toxapex\n|-heal|p2a: Toxapex|72/100 brn\n|\n|-damage|p2a: Toxapex|66/100 brn|[from] brn\n|upkeep\n|turn|15\n|inactive|Time left: 300 sec this turn | 300 sec total\n|\n|t:|1783556641\n|move|p1a: Inteleon|Scald|p2a: Toxapex\n|-resisted|p2a: Toxapex\n|-damage|p2a: Toxapex|29/100 brn\n|move|p2a: Toxapex|Recover|p2a: Toxapex\n|-heal|p2a: Toxapex|79/100 brn\n|\n|-damage|p2a: Toxapex|73/100 brn|[from] brn\n|upkeep\n|turn|16\n|inactive|Time left: 300 sec this turn | 300 sec total\n|\n|t:|1783556642\n|move|p1a: Inteleon|Scald|p2a: Toxapex\n|-resisted|p2a: Toxapex\n|-damage|p2a: Toxapex|36/100 brn\n|move|p2a: Toxapex|Recover|p2a: Toxapex\n|-heal|p2a: Toxapex|86/100 brn\n|\n|-damage|p2a: Toxapex|80/100 brn|[from] brn\n|upkeep\n|turn|17\n|inactive|Time left: 300 sec this turn | 300 sec total\n|\n|t:|1783556643\n|move|p1a: Inteleon|Scald|p2a: Toxapex\n|-resisted|p2a: Toxapex\n|-damage|p2a: Toxapex|45/100 brn\n|move|p2a: Toxapex|Toxic Spikes|p1a: Inteleon\n|-sidestart|p1: p0x15087043|move: Toxic Spikes\n|\n|-damage|p2a: Toxapex|39/100 brn|[from] brn\n|upkeep\n|turn|18\n|inactive|Time left: 300 sec this turn | 300 sec total\n|\n|t:|1783556644\n|switch|p2a: Meloetta|Meloetta, L82|24/100 brn\n|move|p1a: Inteleon|Scald|p2a: Meloetta\n|-damage|p2a: Meloetta|0 fnt\n|faint|p2a: Meloetta\n|\n|upkeep\n|\n|t:|1783556645\n|switch|p2a: Grimmsnarl|Grimmsnarl, L83, M|100/100\n|turn|19\n|inactive|Time left: 300 sec this turn | 300 sec total\n|\n|t:|1783556646\n|move|p2a: Grimmsnarl|Sucker Punch|p1a: Inteleon\n|-damage|p1a: Inteleon|0 fnt\n|faint|p1a: Inteleon\n|\n|upkeep\n|inactive|Time left: 300 sec this turn | 300 sec total | 5 sec grace\n|\n|t:|1783556647\n|switch|p1a: Cinderace|Cinderace, L77, M|249/249\n|-status|p1a: Cinderace|tox\n|turn|20\n|inactive|Time left: 300 sec this turn | 300 sec total\n|\n|t:|1783556648\n|switch|p2a: Toxapex|Toxapex, L82, F|72/100 brn\n|move|p1a: Cinderace|Pyro Ball|p2a: Toxapex\n|-resisted|p2a: Toxapex\n|-damage|p2a: Toxapex|44/100 brn\n|\n|-damage|p1a: Cinderace|234/249 tox|[from] psn\n|-damage|p2a: Toxapex|38/100 brn|[from] brn\n|upkeep\n|turn|21\n|inactive|Time left: 300 sec this turn | 300 sec total\n|\n|t:|1783556649\n|switch|p2a: Klawf|Klawf, L90, F|100/100\n|move|p1a: Cinderace|Pyro Ball|p2a: Klawf\n|-resisted|p2a: Klawf\n|-crit|p2a: Klawf\n|-damage|p2a: Klawf|64/100\n|\n|-damage|p1a: Cinderace|204/249 tox|[from] psn\n|upkeep\n|turn|22\n|inactive|Time left: 300 sec this turn | 300 sec total\n|\n|t:|1783556651\n|move|p1a: Cinderace|Pyro Ball|p2a: Klawf|[miss]\n|-miss|p1a: Cinderace|p2a: Klawf\n|move|p2a: Klawf|Stone Edge|p1a: Cinderace\n|-supereffective|p1a: Cinderace\n|-damage|p1a: Cinderace|0 fnt\n|faint|p1a: Cinderace\n|-damage|p2a: Klawf|54/100|[from] item: Life Orb\n|\n|upkeep\n|inactive|Time left: 300 sec this turn | 300 sec total | 5 sec grace\n|\n|t:|1783556652\n|switch|p1a: Sceptile|Sceptile, L87, F|264/264\n|-status|p1a: Sceptile|tox\n|turn|23\n|inactive|Time left: 300 sec this turn | 300 sec total\n|\n|t:|1783556653\n|switch|p2a: Grimmsnarl|Grimmsnarl, L83, M|100/100\n|move|p1a: Sceptile|Leaf Blade|p2a: Grimmsnarl\n|-damage|p2a: Grimmsnarl|47/100\n|-damage|p1a: Sceptile|238/264 tox|[from] item: Life Orb\n|\n|-heal|p2a: Grimmsnarl|53/100|[from] item: Leftovers\n|-damage|p1a: Sceptile|222/264 tox|[from] psn\n|upkeep\n|turn|24\n|inactive|Time left: 300 sec this turn | 300 sec total\n|\n|t:|1783556654\n|move|p1a: Sceptile|Leaf Blade|p2a: Grimmsnarl\n|-damage|p2a: Grimmsnarl|2/100\n|-damage|p1a: Sceptile|196/264 tox|[from] item: Life Orb\n|move|p2a: Grimmsnarl|Spirit Break|p1a: Sceptile\n|-damage|p1a: Sceptile|79/264 tox\n|-unboost|p1a: Sceptile|spa|1\n|\n|-heal|p2a: Grimmsnarl|8/100|[from] item: Leftovers\n|-damage|p1a: Sceptile|47/264 tox|[from] psn\n|upkeep\n|turn|25\n|inactive|Time left: 300 sec this turn | 300 sec total\n|\n|t:|1783556655\n|move|p2a: Grimmsnarl|Sucker Punch|p1a: Sceptile\n|-damage|p1a: Sceptile|0 fnt\n|faint|p1a: Sceptile\n|\n|-heal|p2a: Grimmsnarl|14/100|[from] item: Leftovers\n|upkeep\n|inactive|Time left: 300 sec this turn | 300 sec total | 5 sec grace\n|\n|t:|1783556656\n|switch|p1a: Hatterene|Hatterene, L85, F|236/236\n|-status|p1a: Hatterene|tox\n|turn|26\n|inactive|Time left: 300 sec this turn | 300 sec total\n|\n|t:|1783556657\n|move|p2a: Grimmsnarl|Spirit Break|p1a: Hatterene\n|-damage|p1a: Hatterene|151/236 tox\n|-unboost|p1a: Hatterene|spa|1\n|move|p1a: Hatterene|Calm Mind|p1a: Hatterene\n|-boost|p1a: Hatterene|spa|1\n|-boost|p1a: Hatterene|spd|1\n|\n|-heal|p2a: Grimmsnarl|20/100|[from] item: Leftovers\n|-heal|p1a: Hatterene|165/236 tox|[from] item: Leftovers\n|-damage|p1a: Hatterene|151/236 tox|[from] psn\n|upkeep\n|turn|27\n|inactive|Time left: 300 sec this turn | 300 sec total\n|\n|t:|1783556659\n|move|p2a: Grimmsnarl|Spirit Break|p1a: Hatterene\n|-damage|p1a: Hatterene|60/236 tox\n|-unboost|p1a: Hatterene|spa|1\n|move|p1a: Hatterene|Mystical Fire|p2a: Grimmsnarl\n|-damage|p2a: Grimmsnarl|2/100\n|-unboost|p2a: Grimmsnarl|spa|1\n|\n|-heal|p2a: Grimmsnarl|8/100|[from] item: Leftovers\n|-heal|p1a: Hatterene|74/236 tox|[from] item: Leftovers\n|-damage|p1a: Hatterene|46/236 tox|[from] psn\n|upkeep\n|turn|28\n|inactive|Time left: 300 sec this turn | 300 sec total\n|\n|t:|1783556660\n|move|p2a: Grimmsnarl|Spirit Break|p1a: Hatterene\n|-damage|p1a: Hatterene|0 fnt\n|faint|p1a: Hatterene\n|\n|-heal|p2a: Grimmsnarl|14/100|[from] item: Leftovers\n|upkeep\n|inactive|Time left: 300 sec this turn | 300 sec total | 5 sec grace\n|\n|t:|1783556661\n|switch|p1a: Jolteon|Jolteon, L84, F|246/246\n|-status|p1a: Jolteon|tox\n|turn|29\n|inactive|Time left: 300 sec this turn | 300 sec total\n|\n|t:|1783556662\n|switch|p2a: Mamoswine|Mamoswine, L81, F|100/100\n|move|p1a: Jolteon|Calm Mind|p1a: Jolteon\n|-boost|p1a: Jolteon|spa|1\n|-boost|p1a: Jolteon|spd|1\n|\n|-damage|p1a: Jolteon|231/246 tox|[from] psn\n|upkeep\n|turn|30\n|inactive|Time left: 300 sec this turn | 300 sec total\n|\n|t:|1783556663\n|-terastallize|p1a: Jolteon|Electric\n|-terastallize|p2a: Mamoswine|Ice\n|move|p2a: Mamoswine|Ice Shard|p1a: Jolteon\n|-damage|p1a: Jolteon|107/246 tox\n|move|p1a: Jolteon|Thunderbolt|p2a: Mamoswine\n|-damage|p2a: Mamoswine|0 fnt\n|faint|p2a: Mamoswine\n|-damage|p1a: Jolteon|83/246 tox|[from] item: Life Orb\n|\n|-damage|p1a: Jolteon|53/246 tox|[from] psn\n|upkeep\n|\n|t:|1783556664\n|switch|p2a: Toxapex|Toxapex, L82, F|72/100 brn\n|turn|31\n|inactive|Time left: 300 sec this turn | 300 sec total\n|\n|t:|1783556664\n|move|p1a: Jolteon|Thunderbolt|p2a: Toxapex\n|-supereffective|p2a: Toxapex\n|-damage|p2a: Toxapex|0 fnt\n|faint|p2a: Toxapex\n|-damage|p1a: Jolteon|29/246 tox|[from] item: Life Orb\n|\n|-damage|p1a: Jolteon|0 fnt|[from] psn\n|faint|p1a: Jolteon\n|\n|win|p0y15084a62", "uploadtime": 1783556664, "views": 0, "rating": 0, "private": 0, "password": null, "_winner": "p0y15084a62", "_our_name": "p0x15087043"}