{"id": "battle-gen9randombattle-2766", "formatid": "gen9randombattle", "format": "[Gen 9] Random Battle", "players": ["p0x2766b04e", "p0y27663e49"], "log": "|init|battle\n|title|p0x2766b04e vs. p0y27663e49\n|j|\u2606p0x2766b04e\n|j|\u2606p0y27663e49\n|t:|1783571863\n|gametype|singles\n|player|p1|p0x2766b04e|266|\n|player|p2|p0y27663e49|1|\n|gen|9\n|tier|[Gen 9] Random Battle\n|rule|Species Clause: Limit one of each Pok\u00e9mon\n|rule|HP Percentage Mod: HP is shown in percentages\n|rule|Sleep Clause Mod: Limit one foe put to sleep\n|rule|Illusion Level Mod: Illusion disguises the Pok\u00e9mon's true level\n|\n|t:|1783571863\n|teamsize|p1|6\n|teamsize|p2|6\n|start\n|switch|p1a: Regieleki|Regieleki, L79|100/100\n|switch|p2a: Bellibolt|Bellibolt, L84, F|320/320\n|turn|1\n|inactive|Battle timer is ON: inactive players will automatically lose when time's up. (requested by p0x2766b04e)\n|inactive|Time left: 300 sec this turn | 300 sec total | 60 sec grace\n|inactive|p0y27663e49 also wants the timer to be on.\n|\n|t:|1783571864\n|switch|p1a: Appletun|Appletun, L92, F|100/100\n|move|p2a: Bellibolt|Thunderbolt|p1a: Appletun\n|-resisted|p1a: Appletun\n|-damage|p1a: Appletun|93/100\n|-status|p1a: Appletun|par\n|\n|-heal|p1a: Appletun|99/100 par|[from] item: Leftovers\n|upkeep\n|turn|2\n|inactive|Time left: 300 sec this turn | 300 sec total\n|\n|t:|1783571866\n|switch|p2a: Tsareena|Tsareena, L87, F|267/267\n|move|p1a: Appletun|Dragon Pulse|p2a: Tsareena\n|-damage|p2a: Tsareena|174/267\n|\n|-heal|p1a: Appletun|100/100 par|[from] item: Leftovers\n|upkeep\n|turn|3\n|inactive|Time left: 300 sec this turn | 300 sec total\n|\n|t:|1783571867\n|move|p2a: Tsareena|Triple Axel|p1a: Appletun\n|-supereffective|p1a: Appletun\n|-damage|p1a: Appletun|85/100 par\n|-supereffective|p1a: Appletun\n|-crit|p1a: Appletun\n|-damage|p1a: Appletun|44/100 par\n|-supereffective|p1a: Appletun\n|-damage|p1a: Appletun|3/100 par\n|-hitcount|p1a: Appletun|3\n|move|p1a: Appletun|Apple Acid|p2a: Tsareena\n|-resisted|p2a: Tsareena\n|-damage|p2a: Tsareena|132/267\n|-unboost|p2a: Tsareena|spd|1\n|\n|-heal|p1a: Appletun|9/100 par|[from] item: Leftovers\n|upkeep\n|turn|4\n|inactive|Time left: 300 sec this turn | 300 sec total\n|\n|t:|1783571868\n|move|p2a: Tsareena|Triple Axel|p1a: Appletun\n|-supereffective|p1a: Appletun\n|-damage|p1a: Appletun|0 fnt\n|faint|p1a: Appletun\n|-hitcount|p1: Appletun|1\n|\n|upkeep\n|\n|t:|1783571869\n|switch|p1a: Kricketune|Kricketune, L99, F|100/100\n|turn|5\n|inactive|Time left: 300 sec this turn | 300 sec total\n|\n|t:|1783571870\n|move|p1a: Kricketune|Sticky Web|p2a: Tsareena\n|-sidestart|p2: p0y27663e49|move: Sticky Web\n|move|p2a: Tsareena|Triple Axel|p1a: Kricketune\n|-damage|p1a: Kricketune|91/100\n|-hitcount|p1a: Kricketune|1\n|\n|upkeep\n|turn|6\n|inactive|Time left: 300 sec this turn | 300 sec total\n|\n|t:|1783571871\n|move|p1a: Kricketune|Pounce|p2a: Tsareena\n|-supereffective|p2a: Tsareena\n|-damage|p2a: Tsareena|0 fnt\n|faint|p2a: Tsareena\n|\n|upkeep\n|inactive|Time left: 300 sec this turn | 300 sec total | 5 sec grace\n|\n|t:|1783571872\n|switch|p2a: Rampardos|Rampardos, L90, M|321/321\n|-activate|p2a: Rampardos|move: Sticky Web\n|-unboost|p2a: Rampardos|spe|1\n|turn|7\n|inactive|Time left: 300 sec this turn | 300 sec total\n|\n|t:|1783571874\n|move|p1a: Kricketune|Pounce|p2a: Rampardos\n|-damage|p2a: Rampardos|198/321\n|-unboost|p2a: Rampardos|spe|1\n|move|p2a: Rampardos|Rock Slide|p1a: Kricketune\n|-supereffective|p1a: Kricketune\n|-damage|p1a: Kricketune|0 fnt\n|faint|p1a: Kricketune\n|\n|upkeep\n|\n|t:|1783571875\n|switch|p1a: Grafaiai|Grafaiai, L86, F|100/100\n|turn|8\n|inactive|Time left: 300 sec this turn | 300 sec total\n|\n|t:|1783571876\n|move|p1a: Grafaiai|Low Kick|p2a: Rampardos\n|-supereffective|p2a: Rampardos\n|-damage|p2a: Rampardos|0 fnt\n|faint|p2a: Rampardos\n|-damage|p1a: Grafaiai|91/100|[from] item: Life Orb\n|\n|upkeep\n|inactive|Time left: 300 sec this turn | 300 sec total | 5 sec grace\n|\n|t:|1783571877\n|switch|p2a: Mudsdale|Mudsdale, L83, F|302/302\n|-activate|p2a: Mudsdale|move: Sticky Web\n|-unboost|p2a: Mudsdale|spe|1\n|turn|9\n|inactive|Time left: 300 sec this turn | 300 sec total\n|\n|t:|1783571878\n|move|p1a: Grafaiai|Knock Off|p2a: Mudsdale\n|-damage|p2a: Mudsdale|218/302\n|-ability|p2a: Mudsdale|Stamina|boost\n|-boost|p2a: Mudsdale|def|1\n|-enditem|p2a: Mudsdale|Leftovers|[from] move: Knock Off|[of] p1a: Grafaiai\n|-damage|p1a: Grafaiai|81/100|[from] item: Life Orb\n|move|p2a: Mudsdale|Earthquake|p1a: Grafaiai\n|-supereffective|p1a: Grafaiai\n|-damage|p1a: Grafaiai|0 fnt\n|faint|p1a: Grafaiai\n|\n|upkeep\n|\n|t:|1783571879\n|switch|p1a: Chi-Yu|Chi-Yu, L77|100/100\n|-ability|p1a: Chi-Yu|Beads of Ruin\n|turn|10\n|inactive|Time left: 300 sec this turn | 300 sec total\n|\n|t:|1783571880\n|-terastallize|p1a: Chi-Yu|Dark\n|move|p1a: Chi-Yu|Dark Pulse|p2a: Mudsdale\n|-damage|p2a: Mudsdale|50/302\n|-ability|p2a: Mudsdale|Stamina|boost\n|-boost|p2a: Mudsdale|def|1\n|move|p2a: Mudsdale|Earthquake|p1a: Chi-Yu\n|-damage|p1a: Chi-Yu|28/100\n|\n|upkeep\n|turn|11\n|inactive|Time left: 300 sec this turn | 300 sec total\n|\n|t:|1783571881\n|move|p1a: Chi-Yu|Dark Pulse|p2a: Mudsdale\n|-damage|p2a: Mudsdale|0 fnt\n|faint|p2a: Mudsdale\n|\n|upkeep\n|inactive|Time left: 300 sec this turn | 300 sec total | 5 sec grace\n|\n|t:|1783571882\n|switch|p2a: Bellibolt|Bellibolt, L84, F|320/320\n|-activate|p2a: Bellibolt|move: Sticky Web\n|-unboost|p2a: Bellibolt|spe|1\n|turn|12\n|inactive|Time left: 300 sec this turn | 300 sec total\n|\n|t:|1783571883\n|move|p1a: Chi-Yu|Dark Pulse|p2a: Bellibolt\n|-damage|p2a: Bellibolt|156/320\n|-start|p2a: Bellibolt|Charge|Dark Pulse|[from] ability: Electromorphosis\n|move|p2a: Bellibolt|Volt Switch|p1a: Chi-Yu\n|-crit|p1a: Chi-Yu\n|-damage|p1a: Chi-Yu|0 fnt\n|faint|p1a: Chi-Yu\n|-end|p2a: Bellibolt|Charge|[silent]\n|inactive|Time left: 300 sec this turn | 300 sec total | 5 sec grace\n|\n|t:|1783571884\n|switch|p2a: Zekrom|Zekrom, L71|259/259|[from] Volt Switch\n|-activate|p2a: Zekrom|move: Sticky Web\n|-unboost|p2a: Zekrom|spe|1\n|-ability|p2a: Zekrom|Teravolt\n|\n|upkeep\n|\n|t:|1783571885\n|switch|p1a: Indeedee|Indeedee-F, L90, F|100/100\n|-fieldstart|move: Psychic Terrain|[from] ability: Psychic Surge|[of] p1a: Indeedee\n|turn|13\n|inactive|Time left: 300 sec this turn | 300 sec total\n|\n|t:|1783571886\n|-terastallize|p2a: Zekrom|Steel\n|move|p1a: Indeedee|Hyper Voice|p2a: Zekrom\n|-resisted|p2a: Zekrom\n|-damage|p2a: Zekrom|189/259\n|-damage|p1a: Indeedee|91/100|[from] item: Life Orb\n|move|p2a: Zekrom|Outrage|p1a: Indeedee\n|-damage|p1a: Indeedee|33/100\n|\n|-heal|p2a: Zekrom|205/259|[from] item: Leftovers\n|upkeep\n|turn|14\n|inactive|Time left: 300 sec this turn | 300 sec total\n|\n|t:|1783571887\n|move|p1a: Indeedee|Psyshock|p2a: Zekrom\n|-resisted|p2a: Zekrom\n|-damage|p2a: Zekrom|130/259\n|-damage|p1a: Indeedee|23/100|[from] item: Life Orb\n|move|p2a: Zekrom|Outrage|p1a: Indeedee|[from] lockedmove\n|-damage|p1a: Indeedee|0 fnt\n|faint|p1a: Indeedee\n|\n|-heal|p2a: Zekrom|146/259|[from] item: Leftovers\n|upkeep\n|\n|t:|1783571888\n|switch|p1a: Regieleki|Regieleki, L79|100/100\n|turn|15\n|inactive|Time left: 300 sec this turn | 300 sec total\n|\n|t:|1783571889\n|move|p1a: Regieleki|Thunderbolt|p2a: Zekrom\n|-damage|p2a: Zekrom|13/259\n|move|p2a: Zekrom|Outrage|p1a: Regieleki|[from] lockedmove\n|-damage|p1a: Regieleki|26/100\n|-start|p2a: Zekrom|confusion|[fatigue]\n|\n|-heal|p2a: Zekrom|29/259|[from] item: Leftovers\n|upkeep\n|turn|16\n|inactive|Time left: 300 sec this turn | 300 sec total\n|\n|t:|1783571890\n|move|p1a: Regieleki|Thunderbolt|p2a: Zekrom\n|-damage|p2a: Zekrom|0 fnt\n|faint|p2a: Zekrom\n|\n|upkeep\n|inactive|Time left: 300 sec this turn | 300 sec total | 5 sec grace\n|\n|t:|1783571891\n|switch|p2a: Farigiraf|Farigiraf, L90, M|362/362\n|-activate|p2a: Farigiraf|move: Sticky Web\n|-unboost|p2a: Farigiraf|spe|1\n|turn|17\n|inactive|Time left: 300 sec this turn | 300 sec total\n|\n|t:|1783571891\n|move|p1a: Regieleki|Thunderbolt|p2a: Farigiraf\n|-damage|p2a: Farigiraf|211/362\n|-status|p2a: Farigiraf|par\n|cant|p2a: Farigiraf|par\n|\n|-heal|p2a: Farigiraf|233/362 par|[from] item: Leftovers\n|-fieldend|move: Psychic Terrain\n|upkeep\n|turn|18\n|inactive|Time left: 300 sec this turn | 300 sec total\n|\n|t:|1783571892\n|switch|p2a: Bellibolt|Bellibolt, L84, F|156/320\n|-activate|p2a: Bellibolt|move: Sticky Web\n|-unboost|p2a: Bellibolt|spe|1\n|move|p1a: Regieleki|Tera Blast|p2a: Bellibolt\n|-damage|p2a: Bellibolt|102/320\n|-start|p2a: Bellibolt|Charge|Tera Blast|[from] ability: Electromorphosis\n|\n|-heal|p2a: Bellibolt|122/320|[from] item: Leftovers\n|upkeep\n|turn|19\n|inactive|Time left: 300 sec this turn | 300 sec total\n|\n|t:|1783571893\n|move|p1a: Regieleki|Rapid Spin|p2a: Bellibolt\n|-damage|p2a: Bellibolt|92/320\n|-boost|p1a: Regieleki|spe|1\n|-start|p2a: Bellibolt|Charge|Rapid Spin|[from] ability: Electromorphosis\n|move|p2a: Bellibolt|Thunderbolt|p1a: Regieleki\n|-resisted|p1a: Regieleki\n|-damage|p1a: Regieleki|0 fnt\n|faint|p1a: Regieleki\n|-end|p2a: Bellibolt|Charge|[silent]\n|\n|win|p0y27663e49", "uploadtime": 1783571893, "views": 0, "rating": 0, "private": 0, "password": null, "_winner": "p0y27663e49", "_our_name": "p0y27663e49"}