{"id": "battle-gen9randombattle-282", "formatid": "gen9randombattle", "format": "[Gen 9] Random Battle", "players": ["p0x2826fb1", "p0y282de23"], "log": "|init|battle\n|title|p0x2826fb1 vs. p0y282de23\n|j|\u2606p0x2826fb1\n|j|\u2606p0y282de23\n|t:|1783542319\n|gametype|singles\n|player|p1|p0x2826fb1|101|\n|player|p2|p0y282de23|266|\n|gen|9\n|tier|[Gen 9] Random Battle\n|rule|Species Clause: Limit one of each Pok\u00e9mon\n|rule|HP Percentage Mod: HP is shown in percentages\n|rule|Sleep Clause Mod: Limit one foe put to sleep\n|rule|Illusion Level Mod: Illusion disguises the Pok\u00e9mon's true level\n|\n|t:|1783542319\n|teamsize|p1|6\n|teamsize|p2|6\n|start\n|switch|p1a: Vigoroth|Vigoroth, L85, F|275/275\n|switch|p2a: Baxcalibur|Baxcalibur, L75, F|100/100\n|turn|1\n|inactive|Battle timer is ON: inactive players will automatically lose when time's up. (requested by p0y282de23)\n|inactive|Time left: 300 sec this turn | 300 sec total | 60 sec grace\n|inactive|p0x2826fb1 also wants the timer to be on.\n|\n|t:|1783542321\n|move|p1a: Vigoroth|Bulk Up|p1a: Vigoroth\n|-boost|p1a: Vigoroth|atk|1\n|-boost|p1a: Vigoroth|def|1\n|move|p2a: Baxcalibur|Dragon Dance|p2a: Baxcalibur\n|-boost|p2a: Baxcalibur|atk|1\n|-boost|p2a: Baxcalibur|spe|1\n|\n|upkeep\n|turn|2\n|inactive|Time left: 300 sec this turn | 300 sec total\n|\n|t:|1783542322\n|move|p2a: Baxcalibur|Icicle Crash|p1a: Vigoroth\n|-damage|p1a: Vigoroth|206/275\n|move|p1a: Vigoroth|Body Slam|p2a: Baxcalibur\n|-damage|p2a: Baxcalibur|58/100\n|\n|upkeep\n|turn|3\n|inactive|Time left: 300 sec this turn | 300 sec total\n|\n|t:|1783542323\n|move|p2a: Baxcalibur|Glaive Rush|p1a: Vigoroth\n|-damage|p1a: Vigoroth|104/275\n|-singlemove|p2a: Baxcalibur|Glaive Rush|[silent]\n|move|p1a: Vigoroth|Body Slam|p2a: Baxcalibur\n|-damage|p2a: Baxcalibur|0 fnt\n|faint|p2a: Baxcalibur\n|\n|upkeep\n|\n|t:|1783542324\n|switch|p2a: Ursaluna|Ursaluna, L79, F|100/100\n|turn|4\n|inactive|Time left: 300 sec this turn | 300 sec total\n|\n|t:|1783542325\n|move|p1a: Vigoroth|Knock Off|p2a: Ursaluna\n|-damage|p2a: Ursaluna|75/100\n|-enditem|p2a: Ursaluna|Flame Orb|[from] move: Knock Off|[of] p1a: Vigoroth\n|move|p2a: Ursaluna|Swords Dance|p2a: Ursaluna\n|-boost|p2a: Ursaluna|atk|2\n|\n|upkeep\n|turn|5\n|inactive|Time left: 300 sec this turn | 300 sec total\n|\n|t:|1783542327\n|move|p1a: Vigoroth|Slack Off|p1a: Vigoroth\n|-heal|p1a: Vigoroth|242/275\n|move|p2a: Ursaluna|Headlong Rush|p1a: Vigoroth\n|-damage|p1a: Vigoroth|97/275\n|-unboost|p2a: Ursaluna|def|1\n|-unboost|p2a: Ursaluna|spd|1\n|\n|upkeep\n|turn|6\n|inactive|Time left: 300 sec this turn | 300 sec total\n|\n|t:|1783542328\n|move|p1a: Vigoroth|Slack Off|p1a: Vigoroth\n|-heal|p1a: Vigoroth|235/275\n|move|p2a: Ursaluna|Headlong Rush|p1a: Vigoroth\n|-damage|p1a: Vigoroth|97/275\n|-unboost|p2a: Ursaluna|def|1\n|-unboost|p2a: Ursaluna|spd|1\n|\n|upkeep\n|turn|7\n|inactive|Time left: 300 sec this turn | 300 sec total\n|\n|t:|1783542329\n|move|p1a: Vigoroth|Slack Off|p1a: Vigoroth\n|-heal|p1a: Vigoroth|235/275\n|move|p2a: Ursaluna|Headlong Rush|p1a: Vigoroth\n|-damage|p1a: Vigoroth|87/275\n|-unboost|p2a: Ursaluna|def|1\n|-unboost|p2a: Ursaluna|spd|1\n|\n|upkeep\n|turn|8\n|inactive|Time left: 300 sec this turn | 300 sec total\n|\n|t:|1783542330\n|switch|p2a: Porygon2|Porygon2, L81|100/100\n|-ability|p2a: Porygon2|Download|boost\n|-boost|p2a: Porygon2|spa|1\n|move|p1a: Vigoroth|Body Slam|p2a: Porygon2\n|-damage|p2a: Porygon2|71/100\n|-status|p2a: Porygon2|par\n|\n|upkeep\n|turn|9\n|inactive|Time left: 300 sec this turn | 300 sec total\n|\n|t:|1783542331\n|move|p1a: Vigoroth|Slack Off|p1a: Vigoroth\n|-heal|p1a: Vigoroth|225/275\n|cant|p2a: Porygon2|par\n|\n|upkeep\n|turn|10\n|inactive|Time left: 300 sec this turn | 300 sec total\n|\n|t:|1783542333\n|move|p1a: Vigoroth|Bulk Up|p1a: Vigoroth\n|-boost|p1a: Vigoroth|atk|1\n|-boost|p1a: Vigoroth|def|1\n|cant|p2a: Porygon2|par\n|\n|upkeep\n|turn|11\n|inactive|Time left: 300 sec this turn | 300 sec total\n|\n|t:|1783542334\n|move|p1a: Vigoroth|Body Slam|p2a: Porygon2\n|-damage|p2a: Porygon2|30/100 par\n|move|p2a: Porygon2|Tri Attack|p1a: Vigoroth\n|-damage|p1a: Vigoroth|104/275\n|\n|upkeep\n|turn|12\n|inactive|Time left: 300 sec this turn | 300 sec total\n|\n|t:|1783542335\n|move|p1a: Vigoroth|Body Slam|p2a: Porygon2\n|-damage|p2a: Porygon2|0 fnt\n|faint|p2a: Porygon2\n|\n|upkeep\n|\n|t:|1783542336\n|switch|p2a: Volcarona|Volcarona, L77, M|100/100\n|turn|13\n|inactive|Time left: 300 sec this turn | 300 sec total\n|\n|t:|1783542337\n|move|p1a: Vigoroth|Slack Off|p1a: Vigoroth\n|-heal|p1a: Vigoroth|242/275\n|move|p2a: Volcarona|Quiver Dance|p2a: Volcarona\n|-boost|p2a: Volcarona|spa|1\n|-boost|p2a: Volcarona|spd|1\n|-boost|p2a: Volcarona|spe|1\n|\n|upkeep\n|turn|14\n|inactive|Time left: 300 sec this turn | 300 sec total\n|\n|t:|1783542338\n|move|p2a: Volcarona|Fire Blast|p1a: Vigoroth\n|-damage|p1a: Vigoroth|77/275\n|move|p1a: Vigoroth|Body Slam|p2a: Volcarona\n|-damage|p2a: Volcarona|13/100\n|\n|upkeep\n|turn|15\n|inactive|Time left: 300 sec this turn | 300 sec total\n|\n|t:|1783542340\n|switch|p1a: Clodsire|Clodsire, L81, F|343/343\n|move|p2a: Volcarona|Bug Buzz|p1a: Clodsire\n|-resisted|p1a: Clodsire\n|-damage|p1a: Clodsire|295/343\n|\n|-heal|p1a: Clodsire|316/343|[from] item: Leftovers\n|upkeep\n|turn|16\n|inactive|Time left: 300 sec this turn | 300 sec total\n|\n|t:|1783542341\n|move|p2a: Volcarona|Fire Blast|p1a: Clodsire\n|-damage|p1a: Clodsire|187/343\n|move|p1a: Clodsire|Earthquake|p2a: Volcarona\n|-damage|p2a: Volcarona|0 fnt\n|faint|p2a: Volcarona\n|\n|-heal|p1a: Clodsire|208/343|[from] item: Leftovers\n|upkeep\n|\n|t:|1783542342\n|switch|p2a: Bombirdier|Bombirdier, L85, M|100/100\n|turn|17\n|inactive|Time left: 300 sec this turn | 300 sec total\n|\n|t:|1783542343\n|move|p2a: Bombirdier|Knock Off|p1a: Clodsire\n|-damage|p1a: Clodsire|0 fnt\n|-enditem|p1a: Clodsire|Leftovers|[from] move: Knock Off|[of] p2a: Bombirdier\n|faint|p1a: Clodsire\n|\n|upkeep\n|inactive|Time left: 300 sec this turn | 300 sec total | 5 sec grace\n|\n|t:|1783542344\n|switch|p1a: Rhydon|Rhydon, L85, F|317/317\n|turn|18\n|inactive|Time left: 300 sec this turn | 300 sec total\n|\n|t:|1783542345\n|move|p2a: Bombirdier|Knock Off|p1a: Rhydon\n|-damage|p1a: Rhydon|238/317\n|-enditem|p1a: Rhydon|Eviolite|[from] move: Knock Off|[of] p2a: Bombirdier\n|move|p1a: Rhydon|Stone Edge|p2a: Bombirdier\n|-supereffective|p2a: Bombirdier\n|-damage|p2a: Bombirdier|0 fnt\n|faint|p2a: Bombirdier\n|\n|upkeep\n|\n|t:|1783542346\n|switch|p2a: Polteageist|Polteageist, L78|100/100\n|turn|19\n|inactive|Time left: 300 sec this turn | 300 sec total\n|\n|t:|1783542346\n|move|p2a: Polteageist|Shell Smash|p2a: Polteageist\n|-unboost|p2a: Polteageist|def|1\n|-unboost|p2a: Polteageist|spd|1\n|-boost|p2a: Polteageist|atk|2\n|-boost|p2a: Polteageist|spa|2\n|-boost|p2a: Polteageist|spe|2\n|-enditem|p2a: Polteageist|White Herb\n|-clearnegativeboost|p2a: Polteageist|[silent]\n|move|p1a: Rhydon|Earthquake|p2a: Polteageist\n|-damage|p2a: Polteageist|14/100\n|-start|p1a: Rhydon|Disable|Earthquake|[from] ability: Cursed Body|[of] p2a: Polteageist\n|\n|upkeep\n|turn|20\n|inactive|Time left: 300 sec this turn | 300 sec total\n|\n|t:|1783542347\n|switch|p1a: Vigoroth|Vigoroth, L85, F|77/275\n|move|p2a: Polteageist|Strength Sap|p1a: Vigoroth\n|-unboost|p1a: Vigoroth|atk|1\n|-heal|p2a: Polteageist|97/100\n|\n|upkeep\n|turn|21\n|inactive|Time left: 300 sec this turn | 300 sec total\n|\n|t:|1783542348\n|switch|p1a: Iron Crown|Iron Crown, L78|268/268\n|move|p2a: Polteageist|Tera Blast|p1a: Iron Crown\n|-resisted|p1a: Iron Crown\n|-damage|p1a: Iron Crown|215/268\n|\n|upkeep\n|turn|22\n|inactive|Time left: 300 sec this turn | 300 sec total\n|\n|t:|1783542349\n|-end|p1a: Iron Crown|Quark Drive|[silent]\n|switch|p1a: Vigoroth|Vigoroth, L85, F|77/275\n|move|p2a: Polteageist|Shadow Ball|p1a: Vigoroth\n|-immune|p1a: Vigoroth\n|\n|upkeep\n|turn|23\n|inactive|Time left: 300 sec this turn | 300 sec total\n|\n|t:|1783542350\n|move|p2a: Polteageist|Tera Blast|p1a: Vigoroth\n|-damage|p1a: Vigoroth|0 fnt\n|faint|p1a: Vigoroth\n|\n|upkeep\n|inactive|Time left: 300 sec this turn | 300 sec total | 5 sec grace\n|\n|t:|1783542351\n|switch|p1a: Amoonguss|Amoonguss, L82, F|321/321\n|turn|24\n|inactive|Time left: 300 sec this turn | 300 sec total\n|\n|t:|1783542351\n|move|p2a: Polteageist|Shadow Ball|p1a: Amoonguss\n|-damage|p1a: Amoonguss|110/321\n|move|p1a: Amoonguss|Spore|p2a: Polteageist\n|-status|p2a: Polteageist|slp|[from] move: Spore\n|\n|upkeep\n|turn|25\n|inactive|Time left: 300 sec this turn | 300 sec total\n|\n|t:|1783542352\n|switch|p1a: Iron Crown|Iron Crown, L78|215/268\n|cant|p2a: Polteageist|slp\n|\n|upkeep\n|turn|26\n|inactive|Time left: 300 sec this turn | 300 sec total\n|\n|t:|1783542353\n|-terastallize|p1a: Iron Crown|Fighting\n|cant|p2a: Polteageist|slp\n|move|p1a: Iron Crown|Psyshock|p2a: Polteageist\n|-damage|p2a: Polteageist|19/100 slp\n|\n|upkeep\n|turn|27\n|inactive|Time left: 300 sec this turn | 300 sec total\n|\n|t:|1783542354\n|cant|p2a: Polteageist|slp\n|move|p1a: Iron Crown|Psyshock|p2a: Polteageist\n|-damage|p2a: Polteageist|0 fnt\n|faint|p2a: Polteageist\n|\n|upkeep\n|\n|t:|1783542355\n|switch|p2a: Ursaluna|Ursaluna, L79, F|75/100\n|turn|28\n|inactive|Time left: 300 sec this turn | 300 sec total\n|\n|t:|1783542356\n|move|p1a: Iron Crown|Psyshock|p2a: Ursaluna\n|-damage|p2a: Ursaluna|39/100\n|move|p2a: Ursaluna|Swords Dance|p2a: Ursaluna\n|-boost|p2a: Ursaluna|atk|2\n|\n|upkeep\n|turn|29\n|inactive|Time left: 300 sec this turn | 300 sec total\n|\n|t:|1783542357\n|move|p1a: Iron Crown|Psyshock|p2a: Ursaluna\n|-damage|p2a: Ursaluna|0 fnt\n|faint|p2a: Ursaluna\n|\n|win|p0x2826fb1", "uploadtime": 1783542357, "views": 0, "rating": 0, "private": 0, "password": null, "_winner": "p0x2826fb1", "_our_name": "p0x2826fb1"}