{"id": "battle-gen9randombattle-2260", "formatid": "gen9randombattle", "format": "[Gen 9] Random Battle", "players": ["p0x22608abe", "p0y226080c9"], "log": "|init|battle\n|title|p0x22608abe vs. p0y226080c9\n|j|\u2606p0x22608abe\n|j|\u2606p0y226080c9\n|t:|1783565237\n|gametype|singles\n|player|p1|p0x22608abe|169|\n|player|p2|p0y226080c9|101|\n|gen|9\n|tier|[Gen 9] Random Battle\n|rule|Species Clause: Limit one of each Pok\u00e9mon\n|rule|HP Percentage Mod: HP is shown in percentages\n|rule|Sleep Clause Mod: Limit one foe put to sleep\n|rule|Illusion Level Mod: Illusion disguises the Pok\u00e9mon's true level\n|\n|t:|1783565237\n|teamsize|p1|6\n|teamsize|p2|6\n|start\n|switch|p1a: Scizor|Scizor, L79, F|100/100\n|switch|p2a: Mismagius|Mismagius, L86, M|243/243\n|turn|1\n|inactive|Battle timer is ON: inactive players will automatically lose when time's up. (requested by p0x22608abe)\n|inactive|Time left: 300 sec this turn | 300 sec total | 60 sec grace\n|inactive|p0y226080c9 also wants the timer to be on.\n|\n|t:|1783565238\n|switch|p1a: Emboar|Emboar, L84, F|100/100\n|move|p2a: Mismagius|Mystical Fire|p1a: Emboar\n|-resisted|p1a: Emboar\n|-damage|p1a: Emboar|84/100\n|-unboost|p1a: Emboar|spa|1\n|-damage|p2a: Mismagius|219/243|[from] item: Life Orb\n|\n|upkeep\n|turn|2\n|inactive|Time left: 300 sec this turn | 300 sec total\n|\n|t:|1783565240\n|switch|p2a: Gastrodon|Gastrodon, L86, M|331/331\n|move|p1a: Emboar|Flare Blitz|p2a: Gastrodon\n|-resisted|p2a: Gastrodon\n|-damage|p2a: Gastrodon|181/331\n|-damage|p1a: Emboar|69/100|[from] Recoil\n|\n|-heal|p2a: Gastrodon|201/331|[from] item: Leftovers\n|upkeep\n|turn|3\n|inactive|Time left: 300 sec this turn | 300 sec total\n|\n|t:|1783565241\n|-terastallize|p1a: Emboar|Fire\n|move|p1a: Emboar|Flare Blitz|p2a: Gastrodon\n|-resisted|p2a: Gastrodon\n|-damage|p2a: Gastrodon|0 fnt\n|faint|p2a: Gastrodon\n|-damage|p1a: Emboar|48/100|[from] Recoil\n|\n|upkeep\n|inactive|Time left: 300 sec this turn | 300 sec total | 5 sec grace\n|\n|t:|1783565242\n|switch|p2a: Floatzel|Floatzel, L86, F|286/286\n|turn|4\n|inactive|Time left: 300 sec this turn | 300 sec total\n|\n|t:|1783565243\n|move|p2a: Floatzel|Wave Crash|p1a: Emboar\n|-supereffective|p1a: Emboar\n|-damage|p1a: Emboar|0 fnt\n|faint|p1a: Emboar\n|-damage|p2a: Floatzel|235/286|[from] Recoil\n|\n|upkeep\n|\n|t:|1783565244\n|switch|p1a: Perrserker|Perrserker, L89, M|100/100\n|turn|5\n|inactive|Time left: 300 sec this turn | 300 sec total\n|\n|t:|1783565245\n|move|p2a: Floatzel|Wave Crash|p1a: Perrserker\n|-damage|p1a: Perrserker|35/100\n|-damage|p2a: Floatzel|177/286|[from] Recoil\n|move|p1a: Perrserker|Knock Off|p2a: Floatzel\n|-damage|p2a: Floatzel|0 fnt\n|-enditem|p2a: Floatzel|Choice Band|[from] move: Knock Off|[of] p1a: Perrserker\n|faint|p2a: Floatzel\n|-damage|p1a: Perrserker|26/100|[from] item: Life Orb\n|\n|upkeep\n|inactive|Time left: 300 sec this turn | 300 sec total | 5 sec grace\n|\n|t:|1783565246\n|switch|p2a: Mismagius|Mismagius, L86, M|219/243\n|turn|6\n|inactive|Time left: 300 sec this turn | 300 sec total\n|\n|t:|1783565247\n|move|p2a: Mismagius|Shadow Ball|p1a: Perrserker\n|-damage|p1a: Perrserker|0 fnt\n|faint|p1a: Perrserker\n|-damage|p2a: Mismagius|195/243|[from] item: Life Orb\n|\n|upkeep\n|\n|t:|1783565248\n|switch|p1a: Salazzle|Salazzle, L83, F|100/100\n|turn|7\n|inactive|Time left: 300 sec this turn | 300 sec total\n|\n|t:|1783565249\n|move|p1a: Salazzle|Flamethrower|p2a: Mismagius\n|-damage|p2a: Mismagius|101/243\n|move|p2a: Mismagius|Nasty Plot|p2a: Mismagius\n|-boost|p2a: Mismagius|spa|2\n|\n|upkeep\n|turn|8\n|inactive|Time left: 300 sec this turn | 300 sec total\n|\n|t:|1783565250\n|move|p1a: Salazzle|Substitute|p1a: Salazzle\n|-start|p1a: Salazzle|Substitute\n|-damage|p1a: Salazzle|76/100\n|move|p2a: Mismagius|Shadow Ball|p1a: Salazzle\n|-end|p1a: Salazzle|Substitute\n|-damage|p2a: Mismagius|77/243|[from] item: Life Orb\n|\n|-heal|p1a: Salazzle|82/100|[from] item: Leftovers\n|upkeep\n|turn|9\n|inactive|Time left: 300 sec this turn | 300 sec total\n|\n|t:|1783565251\n|switch|p2a: Lycanroc|Lycanroc-Dusk, L81, F|254/254\n|move|p1a: Salazzle|Flamethrower|p2a: Lycanroc\n|-resisted|p2a: Lycanroc\n|-damage|p2a: Lycanroc|183/254\n|\n|-heal|p1a: Salazzle|88/100|[from] item: Leftovers\n|upkeep\n|turn|10\n|inactive|Time left: 300 sec this turn | 300 sec total\n|\n|t:|1783565252\n|move|p1a: Salazzle|Protect|p1a: Salazzle\n|-singleturn|p1a: Salazzle|Protect\n|move|p2a: Lycanroc|Accelerock|p1a: Salazzle\n|-activate|p1a: Salazzle|move: Protect\n|\n|-heal|p1a: Salazzle|94/100|[from] item: Leftovers\n|upkeep\n|turn|11\n|inactive|Time left: 300 sec this turn | 300 sec total\n|\n|t:|1783565253\n|switch|p1a: Medicham|Medicham, L86, M|100/100\n|move|p2a: Lycanroc|Stone Edge|p1a: Medicham|[miss]\n|-miss|p2a: Lycanroc|p1a: Medicham\n|\n|upkeep\n|turn|12\n|inactive|Time left: 300 sec this turn | 300 sec total\n|\n|t:|1783565254\n|switch|p2a: Mismagius|Mismagius, L86, M|77/243\n|move|p1a: Medicham|Zen Headbutt|p2a: Mismagius\n|-damage|p2a: Mismagius|0 fnt\n|faint|p2a: Mismagius\n|\n|upkeep\n|inactive|Time left: 300 sec this turn | 300 sec total | 5 sec grace\n|\n|t:|1783565255\n|switch|p2a: Solgaleo|Solgaleo, L74|325/325\n|turn|13\n|inactive|Time left: 300 sec this turn | 300 sec total\n|\n|t:|1783565256\n|move|p2a: Solgaleo|Flame Charge|p1a: Medicham\n|-damage|p1a: Medicham|83/100\n|-boost|p2a: Solgaleo|spe|1\n|move|p1a: Medicham|Zen Headbutt|p2a: Solgaleo|[miss]\n|-miss|p1a: Medicham|p2a: Solgaleo\n|\n|upkeep\n|turn|14\n|inactive|Time left: 300 sec this turn | 300 sec total\n|\n|t:|1783565257\n|switch|p1a: Deoxys|Deoxys-Defense, L84|100/100\n|-ability|p1a: Deoxys|Pressure\n|move|p2a: Solgaleo|Sunsteel Strike|p1a: Deoxys\n|-damage|p1a: Deoxys|69/100\n|\n|-heal|p1a: Deoxys|75/100|[from] item: Leftovers\n|upkeep\n|turn|15\n|inactive|Time left: 300 sec this turn | 300 sec total\n|\n|t:|1783565259\n|move|p2a: Solgaleo|Knock Off|p1a: Deoxys\n|-supereffective|p1a: Deoxys\n|-damage|p1a: Deoxys|34/100\n|-enditem|p1a: Deoxys|Leftovers|[from] move: Knock Off|[of] p2a: Solgaleo\n|move|p1a: Deoxys|Recover|p1a: Deoxys\n|-heal|p1a: Deoxys|84/100\n|\n|upkeep\n|turn|16\n|inactive|Time left: 300 sec this turn | 300 sec total\n|\n|t:|1783565260\n|move|p2a: Solgaleo|Flame Charge|p1a: Deoxys\n|-damage|p1a: Deoxys|73/100\n|-boost|p2a: Solgaleo|spe|1\n|move|p1a: Deoxys|Cosmic Power|p1a: Deoxys\n|-boost|p1a: Deoxys|def|1\n|-boost|p1a: Deoxys|spd|1\n|\n|upkeep\n|turn|17\n|inactive|Time left: 300 sec this turn | 300 sec total\n|\n|t:|1783565261\n|move|p2a: Solgaleo|Flame Charge|p1a: Deoxys\n|-crit|p1a: Deoxys\n|-damage|p1a: Deoxys|58/100\n|-boost|p2a: Solgaleo|spe|1\n|move|p1a: Deoxys|Recover|p1a: Deoxys\n|-heal|p1a: Deoxys|100/100\n|\n|upkeep\n|turn|18\n|inactive|Time left: 300 sec this turn | 300 sec total\n|\n|t:|1783565262\n|move|p2a: Solgaleo|Sunsteel Strike|p1a: Deoxys\n|-crit|p1a: Deoxys\n|-damage|p1a: Deoxys|57/100\n|move|p1a: Deoxys|Cosmic Power|p1a: Deoxys\n|-boost|p1a: Deoxys|def|1\n|-boost|p1a: Deoxys|spd|1\n|\n|upkeep\n|turn|19\n|inactive|Time left: 300 sec this turn | 300 sec total\n|\n|t:|1783565263\n|move|p2a: Solgaleo|Sunsteel Strike|p1a: Deoxys\n|-damage|p1a: Deoxys|40/100\n|move|p1a: Deoxys|Recover|p1a: Deoxys\n|-heal|p1a: Deoxys|91/100\n|\n|upkeep\n|turn|20\n|inactive|Time left: 300 sec this turn | 300 sec total\n|\n|t:|1783565264\n|move|p2a: Solgaleo|Flame Charge|p1a: Deoxys\n|-damage|p1a: Deoxys|85/100\n|-boost|p2a: Solgaleo|spe|1\n|move|p1a: Deoxys|Night Shade|p2a: Solgaleo\n|-damage|p2a: Solgaleo|241/325\n|\n|upkeep\n|turn|21\n|inactive|Time left: 300 sec this turn | 300 sec total\n|\n|t:|1783565265\n|move|p2a: Solgaleo|Flame Charge|p1a: Deoxys\n|-damage|p1a: Deoxys|79/100\n|-boost|p2a: Solgaleo|spe|1\n|move|p1a: Deoxys|Night Shade|p2a: Solgaleo\n|-damage|p2a: Solgaleo|157/325\n|\n|upkeep\n|turn|22\n|inactive|Time left: 300 sec this turn | 300 sec total\n|\n|t:|1783565267\n|move|p2a: Solgaleo|Sunsteel Strike|p1a: Deoxys\n|-damage|p1a: Deoxys|62/100\n|move|p1a: Deoxys|Night Shade|p2a: Solgaleo\n|-damage|p2a: Solgaleo|73/325\n|\n|upkeep\n|turn|23\n|inactive|Time left: 300 sec this turn | 300 sec total\n|\n|t:|1783565268\n|switch|p2a: Iron Crown|Iron Crown, L78|268/268\n|move|p1a: Deoxys|Night Shade|p2a: Iron Crown\n|-damage|p2a: Iron Crown|184/268\n|\n|-heal|p2a: Iron Crown|200/268|[from] item: Leftovers\n|upkeep\n|turn|24\n|inactive|Time left: 300 sec this turn | 300 sec total\n|\n|t:|1783565269\n|move|p1a: Deoxys|Night Shade|p2a: Iron Crown\n|-damage|p2a: Iron Crown|116/268\n|move|p2a: Iron Crown|Calm Mind|p2a: Iron Crown\n|-boost|p2a: Iron Crown|spa|1\n|-boost|p2a: Iron Crown|spd|1\n|\n|-heal|p2a: Iron Crown|132/268|[from] item: Leftovers\n|upkeep\n|turn|25\n|inactive|Time left: 300 sec this turn | 300 sec total\n|\n|t:|1783565270\n|move|p1a: Deoxys|Night Shade|p2a: Iron Crown\n|-damage|p2a: Iron Crown|48/268\n|move|p2a: Iron Crown|Focus Blast|p1a: Deoxys\n|-resisted|p1a: Deoxys\n|-damage|p1a: Deoxys|53/100\n|\n|-heal|p2a: Iron Crown|64/268|[from] item: Leftovers\n|upkeep\n|turn|26\n|inactive|Time left: 300 sec this turn | 300 sec total\n|\n|t:|1783565271\n|move|p1a: Deoxys|Night Shade|p2a: Iron Crown\n|-damage|p2a: Iron Crown|0 fnt\n|faint|p2a: Iron Crown\n|-end|p2a: Iron Crown|Quark Drive|[silent]\n|\n|upkeep\n|inactive|Time left: 300 sec this turn | 300 sec total | 5 sec grace\n|\n|t:|1783565272\n|switch|p2a: Lycanroc|Lycanroc-Dusk, L81, F|183/254\n|turn|27\n|inactive|Time left: 300 sec this turn | 300 sec total\n|\n|t:|1783565272\n|move|p2a: Lycanroc|Stone Edge|p1a: Deoxys\n|-damage|p1a: Deoxys|29/100\n|-damage|p2a: Lycanroc|158/254|[from] item: Life Orb\n|move|p1a: Deoxys|Stored Power|p2a: Lycanroc\n|-damage|p2a: Lycanroc|49/254\n|\n|upkeep\n|turn|28\n|inactive|Time left: 300 sec this turn | 300 sec total\n|\n|t:|1783565273\n|-terastallize|p2a: Lycanroc|Fighting\n|move|p2a: Lycanroc|Stone Edge|p1a: Deoxys\n|-crit|p1a: Deoxys\n|-damage|p1a: Deoxys|0 fnt\n|faint|p1a: Deoxys\n|-damage|p2a: Lycanroc|24/254|[from] item: Life Orb\n|\n|upkeep\n|\n|t:|1783565273\n|switch|p1a: Medicham|Medicham, L86, M|83/100\n|turn|29\n|inactive|Time left: 300 sec this turn | 300 sec total\n|\n|t:|1783565274\n|move|p2a: Lycanroc|Close Combat|p1a: Medicham\n|-resisted|p1a: Medicham\n|-damage|p1a: Medicham|28/100\n|-unboost|p2a: Lycanroc|def|1\n|-unboost|p2a: Lycanroc|spd|1\n|-damage|p2a: Lycanroc|0 fnt|[from] item: Life Orb\n|faint|p2a: Lycanroc\n|move|p1a: Medicham|Close Combat|p2: Lycanroc|[notarget]\n|-fail|p1a: Medicham\n|\n|upkeep\n|inactive|Time left: 300 sec this turn | 300 sec total | 5 sec grace\n|\n|t:|1783565275\n|switch|p2a: Solgaleo|Solgaleo, L74|73/325\n|turn|30\n|inactive|Time left: 300 sec this turn | 300 sec total\n|\n|t:|1783565275\n|move|p1a: Medicham|Close Combat|p2a: Solgaleo\n|-damage|p2a: Solgaleo|0 fnt\n|-unboost|p1a: Medicham|def|1\n|-unboost|p1a: Medicham|spd|1\n|faint|p2a: Solgaleo\n|\n|win|p0x22608abe", "uploadtime": 1783565275, "views": 0, "rating": 0, "private": 0, "password": null, "_winner": "p0x22608abe", "_our_name": "p0y226080c9"}