{"id": "battle-gen9randombattle-2309", "formatid": "gen9randombattle", "format": "[Gen 9] Random Battle", "players": ["p0x230941f5", "p0y2309def7"], "log": "|init|battle\n|title|p0x230941f5 vs. p0y2309def7\n|j|\u2606p0x230941f5\n|j|\u2606p0y2309def7\n|t:|1783566811\n|gametype|singles\n|player|p1|p0x230941f5|170|\n|player|p2|p0y2309def7|169|\n|gen|9\n|tier|[Gen 9] Random Battle\n|rule|Species Clause: Limit one of each Pok\u00e9mon\n|rule|HP Percentage Mod: HP is shown in percentages\n|rule|Sleep Clause Mod: Limit one foe put to sleep\n|rule|Illusion Level Mod: Illusion disguises the Pok\u00e9mon's true level\n|\n|t:|1783566811\n|teamsize|p1|6\n|teamsize|p2|6\n|start\n|switch|p1a: Hitmontop|Hitmontop, L88, M|100/100\n|switch|p2a: Klefki|Klefki, L84, M|233/233\n|turn|1\n|inactive|Battle timer is ON: inactive players will automatically lose when time's up. (requested by p0x230941f5)\n|inactive|Time left: 300 sec this turn | 300 sec total | 60 sec grace\n|inactive|p0y2309def7 also wants the timer to be on.\n|\n|t:|1783566813\n|move|p2a: Klefki|Dazzling Gleam|p1a: Hitmontop\n|-supereffective|p1a: Hitmontop\n|-crit|p1a: Hitmontop\n|-damage|p1a: Hitmontop|20/100\n|move|p1a: Hitmontop|Bulk Up|p1a: Hitmontop\n|-boost|p1a: Hitmontop|atk|1\n|-boost|p1a: Hitmontop|def|1\n|\n|-heal|p1a: Hitmontop|26/100|[from] item: Leftovers\n|upkeep\n|turn|2\n|inactive|Time left: 300 sec this turn | 300 sec total\n|\n|t:|1783566814\n|switch|p1a: Spidops|Spidops, L96, F|100/100\n|move|p2a: Klefki|Dazzling Gleam|p1a: Spidops\n|-damage|p1a: Spidops|76/100\n|\n|upkeep\n|turn|3\n|inactive|Time left: 300 sec this turn | 300 sec total\n|\n|t:|1783566815\n|move|p2a: Klefki|Thunder Wave|p1a: Spidops\n|-status|p1a: Spidops|par\n|move|p1a: Spidops|Sticky Web|p2a: Klefki\n|-sidestart|p2: p0y2309def7|move: Sticky Web\n|\n|upkeep\n|turn|4\n|inactive|Time left: 300 sec this turn | 300 sec total\n|\n|t:|1783566816\n|move|p2a: Klefki|Foul Play|p1a: Spidops\n|-damage|p1a: Spidops|54/100 par\n|move|p1a: Spidops|Knock Off|p2a: Klefki\n|-resisted|p2a: Klefki\n|-crit|p2a: Klefki\n|-damage|p2a: Klefki|182/233\n|-enditem|p2a: Klefki|Leftovers|[from] move: Knock Off|[of] p1a: Spidops\n|\n|upkeep\n|turn|5\n|inactive|Time left: 300 sec this turn | 300 sec total\n|\n|t:|1783566817\n|move|p2a: Klefki|Dazzling Gleam|p1a: Spidops\n|-damage|p1a: Spidops|29/100 par\n|move|p1a: Spidops|Circle Throw|p2a: Klefki\n|-damage|p2a: Klefki|133/233\n|drag|p2a: Sawsbuck|Sawsbuck, L88, F|284/284\n|-activate|p2a: Sawsbuck|move: Sticky Web\n|-unboost|p2a: Sawsbuck|spe|1\n|\n|upkeep\n|turn|6\n|inactive|Time left: 300 sec this turn | 300 sec total\n|\n|t:|1783566818\n|move|p2a: Sawsbuck|Swords Dance|p2a: Sawsbuck\n|-boost|p2a: Sawsbuck|atk|2\n|cant|p1a: Spidops|par\n|\n|upkeep\n|turn|7\n|inactive|Time left: 300 sec this turn | 300 sec total\n|\n|t:|1783566819\n|move|p2a: Sawsbuck|Headbutt|p1a: Spidops\n|-damage|p1a: Spidops|0 fnt\n|faint|p1a: Spidops\n|-damage|p2a: Sawsbuck|256/284|[from] item: Life Orb\n|\n|upkeep\n|\n|t:|1783566820\n|switch|p1a: Hitmontop|Hitmontop, L88, M|26/100\n|turn|8\n|inactive|Time left: 300 sec this turn | 300 sec total\n|\n|t:|1783566821\n|switch|p2a: Tentacruel|Tentacruel, L84, F|272/272\n|-activate|p2a: Tentacruel|move: Sticky Web\n|-unboost|p2a: Tentacruel|spe|1\n|move|p1a: Hitmontop|Close Combat|p2a: Tentacruel\n|-resisted|p2a: Tentacruel\n|-damage|p2a: Tentacruel|192/272\n|-unboost|p1a: Hitmontop|def|1\n|-unboost|p1a: Hitmontop|spd|1\n|\n|-heal|p1a: Hitmontop|32/100|[from] item: Leftovers\n|upkeep\n|turn|9\n|inactive|Time left: 300 sec this turn | 300 sec total\n|\n|t:|1783566822\n|move|p1a: Hitmontop|Triple Axel|p2a: Tentacruel\n|-resisted|p2a: Tentacruel\n|-damage|p2a: Tentacruel|177/272\n|-resisted|p2a: Tentacruel\n|-damage|p2a: Tentacruel|148/272\n|-hitcount|p2a: Tentacruel|2\n|move|p2a: Tentacruel|Rapid Spin|p1a: Hitmontop\n|-damage|p1a: Hitmontop|15/100\n|-boost|p2a: Tentacruel|spe|1\n|-sideend|p2: p0y2309def7|Sticky Web|[from] move: Rapid Spin|[of] p2a: Tentacruel\n|\n|-heal|p1a: Hitmontop|21/100|[from] item: Leftovers\n|upkeep\n|turn|10\n|inactive|Time left: 300 sec this turn | 300 sec total\n|\n|t:|1783566823\n|switch|p1a: Salamence|Salamence, L77, F|100/100\n|-ability|p1a: Salamence|Intimidate|boost\n|-unboost|p2a: Tentacruel|atk|1\n|move|p2a: Tentacruel|Sludge Bomb|p1a: Salamence\n|-damage|p1a: Salamence|68/100\n|-status|p1a: Salamence|psn\n|\n|-damage|p1a: Salamence|55/100 psn|[from] psn\n|upkeep\n|turn|11\n|inactive|Time left: 300 sec this turn | 300 sec total\n|\n|t:|1783566825\n|move|p2a: Tentacruel|Flip Turn|p1a: Salamence\n|-resisted|p1a: Salamence\n|-damage|p1a: Salamence|48/100 psn\n|inactive|Time left: 300 sec this turn | 300 sec total | 5 sec grace\n|\n|t:|1783566826\n|switch|p2a: Ursaluna|Ursaluna-Bloodmoon, L79, M|308/308|[from] Flip Turn\n|move|p1a: Salamence|Outrage|p2a: Ursaluna\n|-damage|p2a: Ursaluna|187/308\n|\n|-heal|p2a: Ursaluna|206/308|[from] item: Leftovers\n|-damage|p1a: Salamence|35/100 psn|[from] psn\n|upkeep\n|turn|12\n|inactive|Time left: 300 sec this turn | 300 sec total\n|\n|t:|1783566827\n|move|p1a: Salamence|Outrage|p2a: Ursaluna|[from] lockedmove\n|-damage|p2a: Ursaluna|98/308\n|move|p2a: Ursaluna|Moonlight|p2a: Ursaluna\n|-heal|p2a: Ursaluna|252/308\n|\n|-heal|p2a: Ursaluna|271/308|[from] item: Leftovers\n|-damage|p1a: Salamence|23/100 psn|[from] psn\n|upkeep\n|turn|13\n|inactive|Time left: 300 sec this turn | 300 sec total\n|\n|t:|1783566828\n|move|p1a: Salamence|Outrage|p2a: Ursaluna|[from] lockedmove\n|-damage|p2a: Ursaluna|150/308\n|-start|p1a: Salamence|confusion|[fatigue]\n|move|p2a: Ursaluna|Moonlight|p2a: Ursaluna\n|-heal|p2a: Ursaluna|304/308\n|\n|-heal|p2a: Ursaluna|308/308|[from] item: Leftovers\n|-damage|p1a: Salamence|10/100 psn|[from] psn\n|upkeep\n|turn|14\n|inactive|Time left: 300 sec this turn | 300 sec total\n|\n|t:|1783566829\n|switch|p1a: Toxapex|Toxapex, L82, M|100/100\n|move|p2a: Ursaluna|Calm Mind|p2a: Ursaluna\n|-boost|p2a: Ursaluna|spa|1\n|-boost|p2a: Ursaluna|spd|1\n|\n|upkeep\n|turn|15\n|inactive|Time left: 300 sec this turn | 300 sec total\n|\n|t:|1783566830\n|move|p2a: Ursaluna|Earth Power|p1a: Toxapex\n|-supereffective|p1a: Toxapex\n|-damage|p1a: Toxapex|0 fnt\n|faint|p1a: Toxapex\n|\n|upkeep\n|\n|t:|1783566831\n|switch|p1a: Hitmontop|Hitmontop, L88, M|21/100\n|turn|16\n|inactive|Time left: 300 sec this turn | 300 sec total\n|\n|t:|1783566832\n|-terastallize|p1a: Hitmontop|Ice\n|-terastallize|p2a: Ursaluna|Poison\n|move|p1a: Hitmontop|Triple Axel|p2a: Ursaluna\n|-damage|p2a: Ursaluna|281/308\n|-damage|p2a: Ursaluna|227/308\n|-damage|p2a: Ursaluna|148/308\n|-hitcount|p2a: Ursaluna|3\n|move|p2a: Ursaluna|Earth Power|p1a: Hitmontop\n|-damage|p1a: Hitmontop|0 fnt\n|faint|p1a: Hitmontop\n|\n|-heal|p2a: Ursaluna|167/308|[from] item: Leftovers\n|upkeep\n|\n|t:|1783566833\n|switch|p1a: Raging Bolt|Raging Bolt, L78|100/100\n|-enditem|p1a: Raging Bolt|Booster Energy\n|-activate|p1a: Raging Bolt|ability: Protosynthesis|[fromitem]\n|-start|p1a: Raging Bolt|protosynthesisspa\n|turn|17\n|inactive|Time left: 300 sec this turn | 300 sec total\n|\n|t:|1783566834\n|move|p1a: Raging Bolt|Calm Mind|p1a: Raging Bolt\n|-boost|p1a: Raging Bolt|spa|1\n|-boost|p1a: Raging Bolt|spd|1\n|move|p2a: Ursaluna|Earth Power|p1a: Raging Bolt\n|-supereffective|p1a: Raging Bolt\n|-damage|p1a: Raging Bolt|22/100\n|\n|-heal|p2a: Ursaluna|186/308|[from] item: Leftovers\n|upkeep\n|turn|18\n|inactive|Time left: 300 sec this turn | 300 sec total\n|\n|t:|1783566835\n|move|p1a: Raging Bolt|Thunderbolt|p2a: Ursaluna\n|-damage|p2a: Ursaluna|0 fnt\n|faint|p2a: Ursaluna\n|\n|upkeep\n|inactive|Time left: 300 sec this turn | 300 sec total | 5 sec grace\n|\n|t:|1783566836\n|switch|p2a: Banette|Banette, L93, M|270/270\n|turn|19\n|inactive|Time left: 300 sec this turn | 300 sec total\n|\n|t:|1783566837\n|move|p2a: Banette|Shadow Sneak|p1a: Raging Bolt\n|-damage|p1a: Raging Bolt|0 fnt\n|faint|p1a: Raging Bolt\n|-end|p1a: Raging Bolt|Protosynthesis|[silent]\n|-damage|p2a: Banette|243/270|[from] item: Life Orb\n|\n|upkeep\n|\n|t:|1783566838\n|switch|p1a: Alomomola|Alomomola, L87, F|100/100\n|turn|20\n|inactive|Time left: 300 sec this turn | 300 sec total\n|\n|t:|1783566839\n|move|p2a: Banette|Swords Dance|p2a: Banette\n|-boost|p2a: Banette|atk|2\n|move|p1a: Alomomola|Wish|p1a: Alomomola\n|\n|upkeep\n|turn|21\n|inactive|Time left: 300 sec this turn | 300 sec total\n|\n|t:|1783566840\n|switch|p1a: Salamence|Salamence, L77, F|10/100 psn\n|-ability|p1a: Salamence|Intimidate|boost\n|-unboost|p2a: Banette|atk|1\n|move|p2a: Banette|Poltergeist|p1a: Salamence\n|-activate|p1a: Salamence|move: Poltergeist|Heavy-Duty Boots\n|-damage|p1a: Salamence|0 fnt\n|faint|p1a: Salamence\n|-damage|p2a: Banette|216/270|[from] item: Life Orb\n|\n|upkeep\n|\n|t:|1783566841\n|switch|p1a: Alomomola|Alomomola, L87, F|100/100\n|turn|22\n|inactive|Time left: 300 sec this turn | 300 sec total\n|\n|t:|1783566842\n|move|p1a: Alomomola|Protect|p1a: Alomomola\n|-singleturn|p1a: Alomomola|Protect\n|move|p2a: Banette|Poltergeist|p1a: Alomomola\n|-activate|p1a: Alomomola|move: Protect\n|\n|upkeep\n|turn|23\n|inactive|Time left: 300 sec this turn | 300 sec total\n|\n|t:|1783566842\n|move|p2a: Banette|Poltergeist|p1a: Alomomola\n|-activate|p1a: Alomomola|move: Poltergeist|Heavy-Duty Boots\n|-damage|p1a: Alomomola|18/100\n|-damage|p2a: Banette|189/270|[from] item: Life Orb\n|move|p1a: Alomomola|Wish|p1a: Alomomola\n|\n|upkeep\n|turn|24\n|inactive|Time left: 300 sec this turn | 300 sec total\n|\n|t:|1783566843\n|move|p1a: Alomomola|Protect|p1a: Alomomola\n|-singleturn|p1a: Alomomola|Protect\n|move|p2a: Banette|Shadow Sneak|p1a: Alomomola\n|-activate|p1a: Alomomola|move: Protect\n|\n|-heal|p1a: Alomomola|68/100|[from] move: Wish|[wisher] Alomomola\n|upkeep\n|turn|25\n|inactive|Time left: 300 sec this turn | 300 sec total\n|\n|t:|1783566844\n|move|p1a: Alomomola|Protect|p1a: Alomomola\n|-singleturn|p1a: Alomomola|Protect\n|move|p2a: Banette|Poltergeist|p1a: Alomomola\n|-activate|p1a: Alomomola|move: Protect\n|\n|upkeep\n|turn|26\n|inactive|Time left: 300 sec this turn | 300 sec total\n|\n|t:|1783566845\n|move|p2a: Banette|Poltergeist|p1a: Alomomola\n|-activate|p1a: Alomomola|move: Poltergeist|Heavy-Duty Boots\n|-damage|p1a: Alomomola|0 fnt\n|faint|p1a: Alomomola\n|-damage|p2a: Banette|162/270|[from] item: Life Orb\n|\n|win|p0y2309def7", "uploadtime": 1783566845, "views": 0, "rating": 0, "private": 0, "password": null, "_winner": "p0y2309def7", "_our_name": "p0y2309def7"}