{"id": "battle-gen9randombattle-208", "formatid": "gen9randombattle", "format": "[Gen 9] Random Battle", "players": ["p0x2087c14", "p0y2084215"], "log": "|init|battle\n|title|p0x2087c14 vs. p0y2084215\n|j|\u2606p0x2087c14\n|j|\u2606p0y2084215\n|t:|1783535656\n|gametype|singles\n|player|p1|p0x2087c14|101|\n|player|p2|p0y2084215|1|\n|gen|9\n|tier|[Gen 9] Random Battle\n|rule|Species Clause: Limit one of each Pok\u00e9mon\n|rule|HP Percentage Mod: HP is shown in percentages\n|rule|Sleep Clause Mod: Limit one foe put to sleep\n|rule|Illusion Level Mod: Illusion disguises the Pok\u00e9mon's true level\n|\n|t:|1783535656\n|teamsize|p1|6\n|teamsize|p2|6\n|start\n|switch|p1a: Mesprit|Mesprit, L85|100/100\n|switch|p2a: Pikachu|Pikachu-Alola, L93, M|216/216\n|turn|1\n|inactive|Battle timer is ON: inactive players will automatically lose when time's up. (requested by p0x2087c14)\n|inactive|Time left: 300 sec this turn | 300 sec total | 60 sec grace\n|inactive|p0y2084215 also wants the timer to be on.\n|\n|t:|1783535658\n|switch|p1a: Luxray|Luxray, L88, M|100/100\n|move|p2a: Pikachu|Knock Off|p1a: Luxray\n|-damage|p1a: Luxray|56/100\n|-enditem|p1a: Luxray|Flame Orb|[from] move: Knock Off|[of] p2a: Pikachu\n|\n|upkeep\n|turn|2\n|inactive|Time left: 300 sec this turn | 300 sec total\n|\n|t:|1783535660\n|move|p2a: Pikachu|Knock Off|p1a: Luxray\n|-damage|p1a: Luxray|26/100\n|move|p1a: Luxray|Trailblaze|p2a: Pikachu\n|-damage|p2a: Pikachu|139/216\n|-boost|p1a: Luxray|spe|1\n|\n|upkeep\n|turn|3\n|inactive|Time left: 300 sec this turn | 300 sec total\n|\n|t:|1783535661\n|switch|p2a: Palossand|Palossand, L89, M|296/296\n|move|p1a: Luxray|Play Rough|p2a: Palossand\n|-damage|p2a: Palossand|234/296\n|\n|-heal|p2a: Palossand|252/296|[from] item: Leftovers\n|upkeep\n|turn|4\n|inactive|Time left: 300 sec this turn | 300 sec total\n|\n|t:|1783535662\n|move|p1a: Luxray|Trailblaze|p2a: Palossand\n|-supereffective|p2a: Palossand\n|-damage|p2a: Palossand|184/296\n|-boost|p1a: Luxray|spe|1\n|move|p2a: Palossand|Shadow Ball|p1a: Luxray\n|-damage|p1a: Luxray|0 fnt\n|faint|p1a: Luxray\n|\n|-heal|p2a: Palossand|202/296|[from] item: Leftovers\n|upkeep\n|\n|t:|1783535663\n|switch|p1a: Abomasnow|Abomasnow, L84, F|100/100\n|-weather|Snowscape|[from] ability: Snow Warning|[of] p1a: Abomasnow\n|turn|5\n|inactive|Time left: 300 sec this turn | 300 sec total\n|\n|t:|1783535664\n|switch|p2a: Enamorus|Enamorus-Therian, L83, F|259/259\n|move|p1a: Abomasnow|Aurora Veil|p1a: Abomasnow\n|-sidestart|p1: p0x2087c14|move: Aurora Veil\n|\n|-weather|Snowscape|[upkeep]\n|upkeep\n|turn|6\n|inactive|Time left: 300 sec this turn | 300 sec total\n|\n|t:|1783535665\n|move|p1a: Abomasnow|Blizzard|p2a: Enamorus\n|-supereffective|p2a: Enamorus\n|-damage|p2a: Enamorus|67/259\n|-enditem|p2a: Enamorus|Weakness Policy\n|-boost|p2a: Enamorus|atk|2|[from] item: Weakness Policy\n|-boost|p2a: Enamorus|spa|2|[from] item: Weakness Policy\n|move|p2a: Enamorus|Mystical Fire|p1a: Abomasnow\n|-supereffective|p1a: Abomasnow\n|-damage|p1a: Abomasnow|9/100\n|-unboost|p1a: Abomasnow|spa|1\n|\n|-weather|Snowscape|[upkeep]\n|upkeep\n|turn|7\n|inactive|Time left: 300 sec this turn | 300 sec total\n|\n|t:|1783535666\n|move|p1a: Abomasnow|Blizzard|p2a: Enamorus\n|-supereffective|p2a: Enamorus\n|-damage|p2a: Enamorus|0 fnt\n|faint|p2a: Enamorus\n|\n|-weather|Snowscape|[upkeep]\n|upkeep\n|inactive|Time left: 300 sec this turn | 300 sec total | 5 sec grace\n|\n|t:|1783535667\n|switch|p2a: Dunsparce|Dunsparce, L86, F|312/312\n|turn|8\n|inactive|Time left: 300 sec this turn | 300 sec total\n|\n|t:|1783535668\n|switch|p1a: Dugtrio|Dugtrio-Alola, L84, M|100/100\n|move|p2a: Dunsparce|Coil|p2a: Dunsparce\n|-boost|p2a: Dunsparce|atk|1\n|-boost|p2a: Dunsparce|def|1\n|-boost|p2a: Dunsparce|accuracy|1\n|\n|-weather|Snowscape|[upkeep]\n|upkeep\n|turn|9\n|inactive|Time left: 300 sec this turn | 300 sec total\n|\n|t:|1783535669\n|move|p1a: Dugtrio|Swords Dance|p1a: Dugtrio\n|-boost|p1a: Dugtrio|atk|2\n|move|p2a: Dunsparce|Coil|p2a: Dunsparce\n|-boost|p2a: Dunsparce|atk|1\n|-boost|p2a: Dunsparce|def|1\n|-boost|p2a: Dunsparce|accuracy|1\n|\n|-weather|none\n|upkeep\n|turn|10\n|inactive|Time left: 300 sec this turn | 300 sec total\n|\n|t:|1783535670\n|move|p1a: Dugtrio|Iron Head|p2a: Dunsparce\n|-damage|p2a: Dunsparce|229/312\n|-damage|p1a: Dugtrio|91/100|[from] item: Life Orb\n|cant|p2a: Dunsparce|flinch\n|\n|upkeep\n|turn|11\n|inactive|Time left: 300 sec this turn | 300 sec total\n|\n|t:|1783535671\n|-terastallize|p1a: Dugtrio|Ground\n|move|p1a: Dugtrio|Earthquake|p2a: Dunsparce\n|-damage|p2a: Dunsparce|94/312\n|-damage|p1a: Dugtrio|81/100|[from] item: Life Orb\n|move|p2a: Dunsparce|Earthquake|p1a: Dugtrio\n|-damage|p1a: Dugtrio|44/100\n|\n|upkeep\n|turn|12\n|inactive|Time left: 300 sec this turn | 300 sec total\n|\n|t:|1783535672\n|switch|p2a: Tornadus|Tornadus, L82, M|264/264\n|move|p1a: Dugtrio|Earthquake|p2a: Tornadus\n|-immune|p2a: Tornadus\n|\n|-sideend|p1: p0x2087c14|move: Aurora Veil\n|upkeep\n|turn|13\n|inactive|Time left: 300 sec this turn | 300 sec total\n|\n|t:|1783535673\n|move|p1a: Dugtrio|Iron Head|p2a: Tornadus\n|-damage|p2a: Tornadus|0 fnt\n|faint|p2a: Tornadus\n|-damage|p1a: Dugtrio|35/100|[from] item: Life Orb\n|\n|upkeep\n|inactive|Time left: 300 sec this turn | 300 sec total | 5 sec grace\n|\n|t:|1783535674\n|switch|p2a: Pikachu|Pikachu-Alola, L93, M|139/216\n|turn|14\n|inactive|Time left: 300 sec this turn | 300 sec total\n|\n|t:|1783535675\n|move|p2a: Pikachu|Fake Out|p1a: Dugtrio\n|-damage|p1a: Dugtrio|5/100\n|-ability|p1a: Dugtrio|Tangling Hair\n|-unboost|p2a: Pikachu|spe|1\n|cant|p1a: Dugtrio|flinch\n|\n|upkeep\n|turn|15\n|inactive|Time left: 300 sec this turn | 300 sec total\n|\n|t:|1783535676\n|switch|p2a: Dunsparce|Dunsparce, L86, F|94/312\n|move|p1a: Dugtrio|Earthquake|p2a: Dunsparce\n|-damage|p2a: Dunsparce|0 fnt\n|faint|p2a: Dunsparce\n|-damage|p1a: Dugtrio|0 fnt|[from] item: Life Orb\n|faint|p1a: Dugtrio\n|\n|upkeep\n|inactive|Time left: 300 sec this turn | 300 sec total | 5 sec grace\n|\n|t:|1783535677\n|switch|p1a: Honchkrow|Honchkrow, L86, M|100/100\n|switch|p2a: Florges|Florges-Yellow, L85, F|271/271\n|turn|16\n|inactive|Time left: 300 sec this turn | 300 sec total\n|\n|t:|1783535679\n|switch|p1a: Mesprit|Mesprit, L85|100/100\n|move|p2a: Florges|Moonblast|p1a: Mesprit\n|-crit|p1a: Mesprit\n|-damage|p1a: Mesprit|63/100\n|\n|upkeep\n|turn|17\n|inactive|Time left: 300 sec this turn | 300 sec total\n|\n|t:|1783535680\n|move|p1a: Mesprit|Psychic Noise|p2a: Florges\n|-damage|p2a: Florges|214/271\n|-start|p2a: Florges|move: Heal Block\n|move|p2a: Florges|Moonblast|p1a: Mesprit\n|-damage|p1a: Mesprit|39/100\n|\n|upkeep\n|turn|18\n|inactive|Time left: 300 sec this turn | 300 sec total\n|\n|t:|1783535681\n|move|p1a: Mesprit|Drain Punch|p2a: Florges\n|-resisted|p2a: Florges\n|-damage|p2a: Florges|180/271\n|-heal|p1a: Mesprit|45/100|[from] drain|[of] p2a: Florges\n|move|p2a: Florges|Calm Mind|p2a: Florges\n|-boost|p2a: Florges|spa|1\n|-boost|p2a: Florges|spd|1\n|\n|-end|p2a: Florges|move: Heal Block\n|upkeep\n|turn|19\n|inactive|Time left: 300 sec this turn | 300 sec total\n|\n|t:|1783535682\n|move|p1a: Mesprit|Drain Punch|p2a: Florges\n|-resisted|p2a: Florges\n|-damage|p2a: Florges|148/271\n|-heal|p1a: Mesprit|51/100|[from] drain|[of] p2a: Florges\n|move|p2a: Florges|Moonblast|p1a: Mesprit\n|-damage|p1a: Mesprit|12/100\n|\n|-heal|p2a: Florges|164/271|[from] item: Leftovers\n|upkeep\n|turn|20\n|inactive|Time left: 300 sec this turn | 300 sec total\n|\n|t:|1783535684\n|move|p1a: Mesprit|Psychic Noise|p2a: Florges\n|-damage|p2a: Florges|124/271\n|-start|p2a: Florges|move: Heal Block\n|move|p2a: Florges|Moonblast|p1a: Mesprit\n|-damage|p1a: Mesprit|0 fnt\n|faint|p1a: Mesprit\n|\n|upkeep\n|\n|t:|1783535685\n|switch|p1a: Rayquaza|Rayquaza, L72|100/100\n|-ability|p1a: Rayquaza|Air Lock\n|turn|21\n|inactive|Time left: 300 sec this turn | 300 sec total\n|\n|t:|1783535686\n|move|p2a: Florges|Protect|p2a: Florges\n|-singleturn|p2a: Florges|Protect\n|move|p1a: Rayquaza|Dragon Ascent|p2a: Florges\n|-activate|p2a: Florges|move: Protect\n|\n|-end|p2a: Florges|move: Heal Block\n|upkeep\n|turn|22\n|inactive|Time left: 300 sec this turn | 300 sec total\n|\n|t:|1783535686\n|move|p1a: Rayquaza|Dragon Ascent|p2a: Florges\n|-damage|p2a: Florges|0 fnt\n|-unboost|p1a: Rayquaza|def|1\n|-unboost|p1a: Rayquaza|spd|1\n|faint|p2a: Florges\n|\n|upkeep\n|inactive|Time left: 300 sec this turn | 300 sec total | 5 sec grace\n|\n|t:|1783535687\n|switch|p2a: Pikachu|Pikachu-Alola, L93, M|139/216\n|turn|23\n|inactive|Time left: 300 sec this turn | 300 sec total\n|\n|t:|1783535688\n|switch|p1a: Abomasnow|Abomasnow, L84, F|9/100\n|-weather|Snowscape|[from] ability: Snow Warning|[of] p1a: Abomasnow\n|move|p2a: Pikachu|Volt Tackle|p1a: Abomasnow\n|-resisted|p1a: Abomasnow\n|-damage|p1a: Abomasnow|0 fnt\n|faint|p1a: Abomasnow\n|-damage|p2a: Pikachu|131/216|[from] Recoil\n|\n|-weather|Snowscape|[upkeep]\n|upkeep\n|\n|t:|1783535689\n|switch|p1a: Honchkrow|Honchkrow, L86, M|100/100\n|turn|24\n|inactive|Time left: 300 sec this turn | 300 sec total\n|\n|t:|1783535690\n|switch|p2a: Palossand|Palossand, L89, M|202/296\n|move|p1a: Honchkrow|Sucker Punch||[still]\n|-fail|p1a: Honchkrow\n|\n|-weather|Snowscape|[upkeep]\n|-heal|p2a: Palossand|220/296|[from] item: Leftovers\n|upkeep\n|turn|25\n|inactive|Time left: 300 sec this turn | 300 sec total\n|\n|t:|1783535691\n|move|p1a: Honchkrow|Lash Out|p2a: Palossand\n|-supereffective|p2a: Palossand\n|-damage|p2a: Palossand|50/296\n|move|p2a: Palossand|Shore Up|p2a: Palossand\n|-heal|p2a: Palossand|198/296\n|\n|-weather|Snowscape|[upkeep]\n|-heal|p2a: Palossand|216/296|[from] item: Leftovers\n|upkeep\n|turn|26\n|inactive|Time left: 300 sec this turn | 300 sec total\n|\n|t:|1783535692\n|move|p1a: Honchkrow|Lash Out|p2a: Palossand\n|-supereffective|p2a: Palossand\n|-damage|p2a: Palossand|54/296\n|move|p2a: Palossand|Shore Up|p2a: Palossand\n|-heal|p2a: Palossand|202/296\n|\n|-weather|Snowscape|[upkeep]\n|-heal|p2a: Palossand|220/296|[from] item: Leftovers\n|upkeep\n|turn|27\n|inactive|Time left: 300 sec this turn | 300 sec total\n|\n|t:|1783535693\n|move|p1a: Honchkrow|Lash Out|p2a: Palossand\n|-supereffective|p2a: Palossand\n|-damage|p2a: Palossand|70/296\n|move|p2a: Palossand|Shore Up|p2a: Palossand\n|-heal|p2a: Palossand|218/296\n|\n|-weather|none\n|-heal|p2a: Palossand|236/296|[from] item: Leftovers\n|upkeep\n|turn|28\n|inactive|Time left: 300 sec this turn | 300 sec total\n|\n|t:|1783535694\n|move|p1a: Honchkrow|Lash Out|p2a: Palossand\n|-supereffective|p2a: Palossand\n|-damage|p2a: Palossand|86/296\n|move|p2a: Palossand|Shore Up|p2a: Palossand\n|-heal|p2a: Palossand|234/296\n|\n|-heal|p2a: Palossand|252/296|[from] item: Leftovers\n|upkeep\n|turn|29\n|inactive|Time left: 300 sec this turn | 300 sec total\n|\n|t:|1783535695\n|move|p1a: Honchkrow|Lash Out|p2a: Palossand\n|-supereffective|p2a: Palossand\n|-damage|p2a: Palossand|100/296\n|move|p2a: Palossand|Shore Up|p2a: Palossand\n|-heal|p2a: Palossand|248/296\n|\n|-heal|p2a: Palossand|266/296|[from] item: Leftovers\n|upkeep\n|turn|30\n|inactive|Time left: 300 sec this turn | 300 sec total\n|\n|t:|1783535696\n|move|p1a: Honchkrow|Lash Out|p2a: Palossand\n|-supereffective|p2a: Palossand\n|-crit|p2a: Palossand\n|-damage|p2a: Palossand|44/296\n|move|p2a: Palossand|Shore Up|p2a: Palossand\n|-heal|p2a: Palossand|192/296\n|\n|-heal|p2a: Palossand|210/296|[from] item: Leftovers\n|upkeep\n|turn|31\n|inactive|Time left: 300 sec this turn | 300 sec total\n|\n|t:|1783535697\n|move|p1a: Honchkrow|Lash Out|p2a: Palossand\n|-supereffective|p2a: Palossand\n|-damage|p2a: Palossand|40/296\n|move|p2a: Palossand|Shore Up|p2a: Palossand\n|-heal|p2a: Palossand|188/296\n|\n|-heal|p2a: Palossand|206/296|[from] item: Leftovers\n|upkeep\n|turn|32\n|inactive|Time left: 300 sec this turn | 300 sec total\n|\n|t:|1783535699\n|move|p1a: Honchkrow|Brave Bird|p2a: Palossand\n|-damage|p2a: Palossand|73/296\n|-damage|p1a: Honchkrow|86/100|[from] Recoil\n|move|p2a: Palossand|Shore Up|p2a: Palossand\n|-heal|p2a: Palossand|221/296\n|\n|-heal|p2a: Palossand|239/296|[from] item: Leftovers\n|upkeep\n|turn|33\n|inactive|Time left: 300 sec this turn | 300 sec total\n|\n|t:|1783535700\n|-terastallize|p2a: Palossand|Poison\n|move|p1a: Honchkrow|Lash Out|p2a: Palossand\n|-damage|p2a: Palossand|160/296\n|move|p2a: Palossand|Shadow Ball|p1a: Honchkrow\n|-resisted|p1a: Honchkrow\n|-damage|p1a: Honchkrow|65/100\n|\n|-heal|p2a: Palossand|178/296|[from] item: Leftovers\n|upkeep\n|turn|34\n|inactive|Time left: 300 sec this turn | 300 sec total\n|\n|t:|1783535701\n|move|p1a: Honchkrow|Brave Bird|p2a: Palossand\n|-damage|p2a: Palossand|39/296\n|-damage|p1a: Honchkrow|50/100|[from] Recoil\n|move|p2a: Palossand|Shadow Ball|p1a: Honchkrow\n|-resisted|p1a: Honchkrow\n|-damage|p1a: Honchkrow|30/100\n|\n|-heal|p2a: Palossand|57/296|[from] item: Leftovers\n|upkeep\n|turn|35\n|inactive|Time left: 300 sec this turn | 300 sec total\n|\n|t:|1783535702\n|switch|p2a: Pikachu|Pikachu-Alola, L93, M|131/216\n|move|p1a: Honchkrow|Brave Bird|p2a: Pikachu\n|-resisted|p2a: Pikachu\n|-damage|p2a: Pikachu|2/216\n|-damage|p1a: Honchkrow|16/100|[from] Recoil\n|\n|upkeep\n|turn|36\n|inactive|Time left: 300 sec this turn | 300 sec total\n|\n|t:|1783535703\n|move|p2a: Pikachu|Fake Out|p1a: Honchkrow\n|-damage|p1a: Honchkrow|0 fnt\n|faint|p1a: Honchkrow\n|\n|upkeep\n|\n|t:|1783535704\n|switch|p1a: Rayquaza|Rayquaza, L72|100/100\n|-ability|p1a: Rayquaza|Air Lock\n|turn|37\n|inactive|Time left: 300 sec this turn | 300 sec total\n|\n|t:|1783535705\n|move|p1a: Rayquaza|Extreme Speed|p2a: Pikachu\n|-damage|p2a: Pikachu|0 fnt\n|faint|p2a: Pikachu\n|\n|upkeep\n|inactive|Time left: 300 sec this turn | 300 sec total | 5 sec grace\n|\n|t:|1783535706\n|switch|p2a: Palossand|Palossand, L89, M, tera:Poison|57/296\n|turn|38\n|inactive|Time left: 300 sec this turn | 300 sec total\n|\n|t:|1783535706\n|move|p1a: Rayquaza|Earthquake|p2a: Palossand\n|-supereffective|p2a: Palossand\n|-damage|p2a: Palossand|0 fnt\n|faint|p2a: Palossand\n|\n|win|p0x2087c14", "uploadtime": 1783535707, "views": 0, "rating": 0, "private": 0, "password": null, "_winner": "p0x2087c14", "_our_name": "p0y2084215"}