{"id": "battle-gen9randombattle-1608", "formatid": "gen9randombattle", "format": "[Gen 9] Random Battle", "players": ["p0x1608578a", "p0y16085d5f"], "log": "|init|battle\n|title|p0x1608578a vs. p0y16085d5f\n|j|\u2606p0x1608578a\n|j|\u2606p0y16085d5f\n|t:|1783557843\n|gametype|singles\n|player|p1|p0x1608578a|1|\n|player|p2|p0y16085d5f|2|\n|gen|9\n|tier|[Gen 9] Random Battle\n|rule|Species Clause: Limit one of each Pok\u00e9mon\n|rule|HP Percentage Mod: HP is shown in percentages\n|rule|Sleep Clause Mod: Limit one foe put to sleep\n|rule|Illusion Level Mod: Illusion disguises the Pok\u00e9mon's true level\n|\n|t:|1783557843\n|teamsize|p1|6\n|teamsize|p2|6\n|start\n|switch|p1a: Mismagius|Mismagius, L86, F|243/243\n|switch|p2a: Enamorus|Enamorus, L79, F|100/100\n|turn|1\n|inactive|Battle timer is ON: inactive players will automatically lose when time's up. (requested by p0x1608578a)\n|inactive|p0y16085d5f also wants the timer to be on.\n|\n|t:|1783557844\n|switch|p2a: Mudsdale|Mudsdale, L83, M, shiny|100/100\n|move|p1a: Mismagius|Shadow Ball|p2a: Mudsdale\n|-damage|p2a: Mudsdale|51/100\n|-ability|p2a: Mudsdale|Stamina|boost\n|-boost|p2a: Mudsdale|def|1\n|\n|-heal|p2a: Mudsdale|57/100|[from] item: Leftovers\n|upkeep\n|turn|2\n|inactive|Time left: 300 sec this turn | 300 sec total\n|\n|t:|1783557846\n|move|p1a: Mismagius|Shadow Ball|p2a: Mudsdale\n|-damage|p2a: Mudsdale|7/100\n|-ability|p2a: Mudsdale|Stamina|boost\n|-boost|p2a: Mudsdale|def|1\n|move|p2a: Mudsdale|Heavy Slam|p1a: Mismagius\n|-damage|p1a: Mismagius|116/243\n|\n|-heal|p2a: Mudsdale|13/100|[from] item: Leftovers\n|upkeep\n|turn|3\n|inactive|Time left: 300 sec this turn | 300 sec total\n|\n|t:|1783557847\n|switch|p2a: Farigiraf|Farigiraf, L90, F|100/100\n|move|p1a: Mismagius|Shadow Ball|p2a: Farigiraf\n|-immune|p2a: Farigiraf\n|\n|upkeep\n|turn|4\n|inactive|Time left: 300 sec this turn | 300 sec total\n|\n|t:|1783557849\n|move|p1a: Mismagius|Shadow Ball|p2a: Farigiraf\n|-immune|p2a: Farigiraf\n|move|p2a: Farigiraf|Psychic Noise|p1a: Mismagius\n|-damage|p1a: Mismagius|31/243\n|-start|p1a: Mismagius|move: Heal Block\n|\n|upkeep\n|turn|5\n|inactive|Time left: 300 sec this turn | 300 sec total\n|\n|t:|1783557850\n|move|p1a: Mismagius|Shadow Ball|p2a: Farigiraf\n|-immune|p2a: Farigiraf\n|move|p2a: Farigiraf|Psychic Noise|p1a: Mismagius\n|-crit|p1a: Mismagius\n|-damage|p1a: Mismagius|0 fnt\n|faint|p1a: Mismagius\n|\n|upkeep\n|inactive|Time left: 300 sec this turn | 300 sec total | 5 sec grace\n|\n|t:|1783557850\n|switch|p1a: Reuniclus|Reuniclus, L88, M|337/337\n|turn|6\n|inactive|Time left: 300 sec this turn | 300 sec total\n|\n|t:|1783557852\n|move|p2a: Farigiraf|Body Slam|p1a: Reuniclus\n|-damage|p1a: Reuniclus|235/337\n|-status|p1a: Reuniclus|par\n|cant|p1a: Reuniclus|par\n|\n|upkeep\n|turn|7\n|inactive|Time left: 300 sec this turn | 300 sec total\n|\n|t:|1783557853\n|move|p2a: Farigiraf|Body Slam|p1a: Reuniclus\n|-damage|p1a: Reuniclus|126/337 par\n|move|p1a: Reuniclus|Calm Mind|p1a: Reuniclus\n|-boost|p1a: Reuniclus|spa|1\n|-boost|p1a: Reuniclus|spd|1\n|\n|upkeep\n|turn|8\n|inactive|Time left: 300 sec this turn | 300 sec total\n|\n|t:|1783557854\n|move|p2a: Farigiraf|Psychic Noise|p1a: Reuniclus\n|-resisted|p1a: Reuniclus\n|-damage|p1a: Reuniclus|95/337 par\n|-start|p1a: Reuniclus|move: Heal Block\n|cant|p1a: Reuniclus|move: Heal Block|Recover\n|\n|upkeep\n|turn|9\n|inactive|Time left: 300 sec this turn | 300 sec total\n|\n|t:|1783557855\n|move|p2a: Farigiraf|Body Slam|p1a: Reuniclus\n|-damage|p1a: Reuniclus|0 fnt\n|faint|p1a: Reuniclus\n|\n|upkeep\n|inactive|Time left: 300 sec this turn | 300 sec total | 5 sec grace\n|\n|t:|1783557856\n|switch|p1a: Rabsca|Rabsca, L91, F|284/284\n|turn|10\n|inactive|Time left: 300 sec this turn | 300 sec total\n|\n|t:|1783557857\n|move|p2a: Farigiraf|Body Slam|p1a: Rabsca\n|-damage|p1a: Rabsca|187/284\n|move|p1a: Rabsca|Bug Buzz|p2a: Farigiraf\n|-supereffective|p2a: Farigiraf\n|-damage|p2a: Farigiraf|24/100\n|\n|-heal|p2a: Farigiraf|30/100|[from] item: Leftovers\n|upkeep\n|turn|11\n|inactive|Time left: 300 sec this turn | 300 sec total\n|\n|t:|1783557858\n|move|p2a: Farigiraf|Body Slam|p1a: Rabsca\n|-damage|p1a: Rabsca|90/284\n|-status|p1a: Rabsca|par\n|-activate|p1a: Rabsca|ability: Synchronize\n|-status|p2a: Farigiraf|par\n|move|p1a: Rabsca|Bug Buzz|p2a: Farigiraf\n|-supereffective|p2a: Farigiraf\n|-damage|p2a: Farigiraf|0 fnt\n|faint|p2a: Farigiraf\n|\n|upkeep\n|\n|t:|1783557859\n|switch|p2a: Clawitzer|Clawitzer, L87, F|100/100\n|turn|12\n|inactive|Time left: 300 sec this turn | 300 sec total\n|\n|t:|1783557860\n|move|p2a: Clawitzer|Dragon Pulse|p1a: Rabsca\n|-damage|p1a: Rabsca|0 fnt\n|faint|p1a: Rabsca\n|\n|upkeep\n|inactive|Time left: 300 sec this turn | 300 sec total | 5 sec grace\n|\n|t:|1783557861\n|switch|p1a: Copperajah|Copperajah, L86, F|350/350\n|turn|13\n|inactive|Time left: 300 sec this turn | 300 sec total\n|\n|t:|1783557862\n|switch|p2a: Mudsdale|Mudsdale, L83, M, shiny|13/100\n|move|p1a: Copperajah|Iron Head|p2a: Mudsdale\n|-damage|p2a: Mudsdale|0 fnt\n|faint|p2a: Mudsdale\n|\n|upkeep\n|\n|t:|1783557862\n|switch|p2a: Clawitzer|Clawitzer, L87, F|100/100\n|turn|14\n|inactive|Time left: 300 sec this turn | 300 sec total\n|\n|t:|1783557863\n|-terastallize|p1a: Copperajah|Fairy\n|move|p2a: Clawitzer|Water Pulse|p1a: Copperajah\n|-damage|p1a: Copperajah|131/350\n|move|p1a: Copperajah|Play Rough|p2a: Clawitzer\n|-damage|p2a: Clawitzer|30/100\n|\n|upkeep\n|turn|15\n|inactive|Time left: 300 sec this turn | 300 sec total\n|\n|t:|1783557864\n|move|p2a: Clawitzer|Water Pulse|p1a: Copperajah\n|-damage|p1a: Copperajah|0 fnt\n|faint|p1a: Copperajah\n|\n|upkeep\n|inactive|Time left: 300 sec this turn | 300 sec total | 5 sec grace\n|\n|t:|1783557865\n|switch|p1a: Electivire|Electivire, L84, F|263/263\n|turn|16\n|inactive|Time left: 300 sec this turn | 300 sec total\n|\n|t:|1783557866\n|move|p1a: Electivire|Earthquake|p2a: Clawitzer\n|-damage|p2a: Clawitzer|0 fnt\n|faint|p2a: Clawitzer\n|-damage|p1a: Electivire|237/263|[from] item: Life Orb\n|\n|upkeep\n|\n|t:|1783557867\n|switch|p2a: Enamorus|Enamorus, L79, F|100/100\n|turn|17\n|inactive|Time left: 300 sec this turn | 300 sec total\n|\n|t:|1783557868\n|-terastallize|p2a: Enamorus|Fighting\n|move|p2a: Enamorus|Superpower|p1a: Electivire\n|-damage|p1a: Electivire|75/263\n|-boost|p2a: Enamorus|atk|1\n|-boost|p2a: Enamorus|def|1\n|move|p1a: Electivire|Supercell Slam|p2a: Enamorus\n|-crit|p2a: Enamorus\n|-damage|p2a: Enamorus|0 fnt\n|faint|p2a: Enamorus\n|-damage|p1a: Electivire|49/263|[from] item: Life Orb\n|\n|upkeep\n|\n|t:|1783557869\n|switch|p2a: Wigglytuff|Wigglytuff, L96, F|100/100\n|turn|18\n|inactive|Time left: 300 sec this turn | 300 sec total\n|\n|t:|1783557870\n|move|p1a: Electivire|Supercell Slam|p2a: Wigglytuff\n|-damage|p2a: Wigglytuff|42/100\n|-damage|p1a: Electivire|23/263|[from] item: Life Orb\n|move|p2a: Wigglytuff|Alluring Voice|p1a: Electivire\n|-damage|p1a: Electivire|0 fnt\n|faint|p1a: Electivire\n|\n|-heal|p2a: Wigglytuff|49/100|[from] item: Leftovers\n|upkeep\n|inactive|Time left: 300 sec this turn | 300 sec total | 5 sec grace\n|\n|t:|1783557871\n|switch|p1a: Charizard|Charizard, L85, F|271/271\n|turn|19\n|inactive|Time left: 300 sec this turn | 300 sec total\n|\n|t:|1783557872\n|move|p1a: Charizard|Dragon Dance|p1a: Charizard\n|-boost|p1a: Charizard|atk|1\n|-boost|p1a: Charizard|spe|1\n|move|p2a: Wigglytuff|Wish|p2a: Wigglytuff\n|\n|-heal|p2a: Wigglytuff|55/100|[from] item: Leftovers\n|upkeep\n|turn|20\n|inactive|Time left: 300 sec this turn | 300 sec total\n|\n|t:|1783557873\n|switch|p2a: Ludicolo|Ludicolo, L90, M|100/100\n|move|p1a: Charizard|Dragon Dance|p1a: Charizard\n|-boost|p1a: Charizard|atk|1\n|-boost|p1a: Charizard|spe|1\n|\n|upkeep\n|turn|21\n|inactive|Time left: 300 sec this turn | 300 sec total\n|\n|t:|1783557874\n|move|p1a: Charizard|Flare Blitz|p2a: Ludicolo\n|-damage|p2a: Ludicolo|18/100\n|-damage|p1a: Charizard|192/271|[from] Recoil\n|move|p2a: Ludicolo|Hydro Pump|p1a: Charizard\n|-supereffective|p1a: Charizard\n|-crit|p1a: Charizard\n|-damage|p1a: Charizard|0 fnt\n|faint|p1a: Charizard\n|-damage|p2a: Ludicolo|8/100|[from] item: Life Orb\n|\n|win|p0y16085d5f", "uploadtime": 1783557874, "views": 0, "rating": 0, "private": 0, "password": null, "_winner": "p0y16085d5f", "_our_name": "p0x1608578a"}