{"id": "battle-gen9randombattle-573", "formatid": "gen9randombattle", "format": "[Gen 9] Random Battle", "players": ["p0x573973d", "p0y57376de"], "log": "|init|battle\n|title|p0x573973d vs. p0y57376de\n|j|\u2606p0x573973d\n|j|\u2606p0y57376de\n|t:|1783546422\n|gametype|singles\n|player|p1|p0x573973d|102|\n|player|p2|p0y57376de|1|\n|gen|9\n|tier|[Gen 9] Random Battle\n|rule|Species Clause: Limit one of each Pok\u00e9mon\n|rule|HP Percentage Mod: HP is shown in percentages\n|rule|Sleep Clause Mod: Limit one foe put to sleep\n|rule|Illusion Level Mod: Illusion disguises the Pok\u00e9mon's true level\n|\n|t:|1783546422\n|teamsize|p1|6\n|teamsize|p2|6\n|start\n|switch|p1a: Ursaring|Ursaring, L84, F|100/100\n|switch|p2a: Phione|Phione, L91|293/293\n|turn|1\n|inactive|Battle timer is ON: inactive players will automatically lose when time's up. (requested by p0x573973d)\n|inactive|Time left: 300 sec this turn | 300 sec total | 60 sec grace\n|inactive|p0y57376de also wants the timer to be on.\n|\n|t:|1783546424\n|switch|p2a: Trevenant|Trevenant, L89, F|296/296\n|move|p1a: Ursaring|Swords Dance|p1a: Ursaring\n|-boost|p1a: Ursaring|atk|2\n|\n|-status|p1a: Ursaring|tox|[from] item: Toxic Orb\n|upkeep\n|turn|2\n|inactive|Time left: 300 sec this turn | 300 sec total\n|\n|t:|1783546425\n|move|p2a: Trevenant|Protect|p2a: Trevenant\n|-singleturn|p2a: Trevenant|Protect\n|move|p1a: Ursaring|Crunch|p2a: Trevenant\n|-activate|p2a: Trevenant|move: Protect\n|\n|-damage|p1a: Ursaring|94/100 tox|[from] psn\n|upkeep\n|turn|3\n|inactive|Time left: 300 sec this turn | 300 sec total\n|\n|t:|1783546426\n|move|p1a: Ursaring|Crunch|p2a: Trevenant\n|-supereffective|p2a: Trevenant\n|-damage|p2a: Trevenant|0 fnt\n|faint|p2a: Trevenant\n|\n|-damage|p1a: Ursaring|82/100 tox|[from] psn\n|upkeep\n|inactive|Time left: 300 sec this turn | 300 sec total | 5 sec grace\n|\n|t:|1783546427\n|switch|p2a: Plusle|Plusle, L95, F|268/268\n|turn|4\n|inactive|Time left: 300 sec this turn | 300 sec total\n|\n|t:|1783546428\n|move|p2a: Plusle|Thunderbolt|p1a: Ursaring\n|-damage|p1a: Ursaring|24/100 tox\n|-damage|p2a: Plusle|242/268|[from] item: Life Orb\n|move|p1a: Ursaring|Facade|p2a: Plusle\n|-damage|p2a: Plusle|0 fnt\n|faint|p2a: Plusle\n|\n|-damage|p1a: Ursaring|6/100 tox|[from] psn\n|upkeep\n|inactive|Time left: 300 sec this turn | 300 sec total | 5 sec grace\n|\n|t:|1783546429\n|switch|p2a: Hypno|Hypno, L95, M|315/315\n|turn|5\n|inactive|Time left: 300 sec this turn | 300 sec total\n|\n|t:|1783546430\n|move|p2a: Hypno|Protect|p2a: Hypno\n|-singleturn|p2a: Hypno|Protect\n|move|p1a: Ursaring|Facade|p2a: Hypno\n|-activate|p2a: Hypno|move: Protect\n|\n|-damage|p1a: Ursaring|0 fnt|[from] psn\n|faint|p1a: Ursaring\n|upkeep\n|\n|t:|1783546431\n|switch|p1a: Bombirdier|Bombirdier, L85, M|100/100\n|turn|6\n|inactive|Time left: 300 sec this turn | 300 sec total\n|\n|t:|1783546433\n|switch|p2a: Phione|Phione, L91|293/293\n|move|p1a: Bombirdier|Knock Off|p2a: Phione\n|-damage|p2a: Phione|176/293\n|-enditem|p2a: Phione|Leftovers|[from] move: Knock Off|[of] p1a: Bombirdier\n|\n|upkeep\n|turn|7\n|inactive|Time left: 300 sec this turn | 300 sec total\n|\n|t:|1783546434\n|switch|p1a: Conkeldurr|Conkeldurr, L80, M|100/100\n|move|p2a: Phione|Ice Beam|p1a: Conkeldurr\n|-damage|p1a: Conkeldurr|74/100\n|-status|p1a: Conkeldurr|frz\n|\n|upkeep\n|turn|8\n|inactive|Time left: 300 sec this turn | 300 sec total\n|\n|t:|1783546435\n|cant|p1a: Conkeldurr|frz\n|move|p2a: Phione|Scald|p1a: Conkeldurr\n|-damage|p1a: Conkeldurr|35/100 frz\n|-curestatus|p1a: Conkeldurr|frz|[msg]\n|\n|-status|p1a: Conkeldurr|brn|[from] item: Flame Orb\n|upkeep\n|turn|9\n|inactive|Time left: 300 sec this turn | 300 sec total\n|\n|t:|1783546436\n|switch|p1a: Malamar|Malamar, L82, F|100/100\n|move|p2a: Phione|Scald|p1a: Malamar\n|-damage|p1a: Malamar|67/100\n|\n|-heal|p1a: Malamar|74/100|[from] item: Leftovers\n|upkeep\n|turn|10\n|inactive|Time left: 300 sec this turn | 300 sec total\n|\n|t:|1783546437\n|move|p2a: Phione|Scald|p1a: Malamar\n|-damage|p1a: Malamar|38/100\n|-status|p1a: Malamar|brn\n|move|p1a: Malamar|Superpower|p2a: Phione\n|-damage|p2a: Phione|135/293\n|-boost|p1a: Malamar|atk|1\n|-boost|p1a: Malamar|def|1\n|\n|-heal|p1a: Malamar|44/100 brn|[from] item: Leftovers\n|-damage|p1a: Malamar|38/100 brn|[from] brn\n|upkeep\n|turn|11\n|inactive|Time left: 300 sec this turn | 300 sec total\n|\n|t:|1783546438\n|move|p2a: Phione|Scald|p1a: Malamar\n|-crit|p1a: Malamar\n|-damage|p1a: Malamar|0 fnt\n|faint|p1a: Malamar\n|\n|upkeep\n|\n|t:|1783546439\n|switch|p1a: Barraskewda|Barraskewda, L81, F|100/100\n|turn|12\n|inactive|Time left: 300 sec this turn | 300 sec total\n|\n|t:|1783546440\n|move|p1a: Barraskewda|Close Combat|p2a: Phione\n|-damage|p2a: Phione|0 fnt\n|-unboost|p1a: Barraskewda|def|1\n|-unboost|p1a: Barraskewda|spd|1\n|faint|p2a: Phione\n|\n|upkeep\n|inactive|Time left: 300 sec this turn | 300 sec total | 5 sec grace\n|\n|t:|1783546441\n|switch|p2a: Chimecho|Chimecho, L93, M|290/290\n|turn|13\n|inactive|Time left: 300 sec this turn | 300 sec total\n|\n|t:|1783546442\n|switch|p1a: Bombirdier|Bombirdier, L85, M|100/100\n|move|p2a: Chimecho|Cosmic Power|p2a: Chimecho\n|-boost|p2a: Chimecho|def|1\n|-boost|p2a: Chimecho|spd|1\n|\n|upkeep\n|turn|14\n|inactive|Time left: 300 sec this turn | 300 sec total\n|\n|t:|1783546443\n|move|p1a: Bombirdier|Knock Off|p2a: Chimecho\n|-supereffective|p2a: Chimecho\n|-damage|p2a: Chimecho|138/290\n|-enditem|p2a: Chimecho|Leftovers|[from] move: Knock Off|[of] p1a: Bombirdier\n|move|p2a: Chimecho|Dazzling Gleam|p1a: Bombirdier\n|-supereffective|p1a: Bombirdier\n|-damage|p1a: Bombirdier|48/100\n|\n|upkeep\n|turn|15\n|inactive|Time left: 300 sec this turn | 300 sec total\n|\n|t:|1783546445\n|move|p1a: Bombirdier|Roost|p1a: Bombirdier\n|-heal|p1a: Bombirdier|98/100\n|-singleturn|p1a: Bombirdier|move: Roost\n|move|p2a: Chimecho|Recover|p2a: Chimecho\n|-heal|p2a: Chimecho|283/290\n|\n|upkeep\n|turn|16\n|inactive|Time left: 300 sec this turn | 300 sec total\n|\n|t:|1783546446\n|move|p1a: Bombirdier|Knock Off|p2a: Chimecho\n|-supereffective|p2a: Chimecho\n|-damage|p2a: Chimecho|185/290\n|move|p2a: Chimecho|Cosmic Power|p2a: Chimecho\n|-boost|p2a: Chimecho|def|1\n|-boost|p2a: Chimecho|spd|1\n|\n|upkeep\n|turn|17\n|inactive|Time left: 300 sec this turn | 300 sec total\n|\n|t:|1783546447\n|move|p1a: Bombirdier|Knock Off|p2a: Chimecho\n|-supereffective|p2a: Chimecho\n|-damage|p2a: Chimecho|107/290\n|move|p2a: Chimecho|Recover|p2a: Chimecho\n|-heal|p2a: Chimecho|252/290\n|\n|upkeep\n|turn|18\n|inactive|Time left: 300 sec this turn | 300 sec total\n|\n|t:|1783546448\n|move|p1a: Bombirdier|Knock Off|p2a: Chimecho\n|-supereffective|p2a: Chimecho\n|-damage|p2a: Chimecho|184/290\n|move|p2a: Chimecho|Dazzling Gleam|p1a: Bombirdier\n|-supereffective|p1a: Bombirdier\n|-damage|p1a: Bombirdier|42/100\n|\n|upkeep\n|turn|19\n|inactive|Time left: 300 sec this turn | 300 sec total\n|\n|t:|1783546449\n|move|p1a: Bombirdier|Roost|p1a: Bombirdier\n|-heal|p1a: Bombirdier|92/100\n|-singleturn|p1a: Bombirdier|move: Roost\n|move|p2a: Chimecho|Dazzling Gleam|p1a: Bombirdier\n|-supereffective|p1a: Bombirdier\n|-damage|p1a: Bombirdier|41/100\n|\n|upkeep\n|turn|20\n|inactive|Time left: 300 sec this turn | 300 sec total\n|\n|t:|1783546450\n|move|p1a: Bombirdier|Roost|p1a: Bombirdier\n|-heal|p1a: Bombirdier|91/100\n|-singleturn|p1a: Bombirdier|move: Roost\n|move|p2a: Chimecho|Dazzling Gleam|p1a: Bombirdier\n|-supereffective|p1a: Bombirdier\n|-damage|p1a: Bombirdier|36/100\n|\n|upkeep\n|turn|21\n|inactive|Time left: 300 sec this turn | 300 sec total\n|\n|t:|1783546451\n|move|p1a: Bombirdier|Roost|p1a: Bombirdier\n|-heal|p1a: Bombirdier|86/100\n|-singleturn|p1a: Bombirdier|move: Roost\n|move|p2a: Chimecho|Dazzling Gleam|p1a: Bombirdier\n|-supereffective|p1a: Bombirdier\n|-damage|p1a: Bombirdier|30/100\n|\n|upkeep\n|turn|22\n|inactive|Time left: 300 sec this turn | 300 sec total\n|\n|t:|1783546453\n|move|p1a: Bombirdier|Roost|p1a: Bombirdier\n|-heal|p1a: Bombirdier|80/100\n|-singleturn|p1a: Bombirdier|move: Roost\n|move|p2a: Chimecho|Dazzling Gleam|p1a: Bombirdier\n|-supereffective|p1a: Bombirdier\n|-damage|p1a: Bombirdier|29/100\n|\n|upkeep\n|turn|23\n|inactive|Time left: 300 sec this turn | 300 sec total\n|\n|t:|1783546454\n|move|p1a: Bombirdier|Roost|p1a: Bombirdier\n|-heal|p1a: Bombirdier|79/100\n|-singleturn|p1a: Bombirdier|move: Roost\n|move|p2a: Chimecho|Dazzling Gleam|p1a: Bombirdier\n|-supereffective|p1a: Bombirdier\n|-damage|p1a: Bombirdier|21/100\n|\n|upkeep\n|turn|24\n|inactive|Time left: 300 sec this turn | 300 sec total\n|\n|t:|1783546455\n|move|p1a: Bombirdier|Roost|p1a: Bombirdier\n|-heal|p1a: Bombirdier|71/100\n|-singleturn|p1a: Bombirdier|move: Roost\n|move|p2a: Chimecho|Dazzling Gleam|p1a: Bombirdier\n|-supereffective|p1a: Bombirdier\n|-damage|p1a: Bombirdier|13/100\n|\n|upkeep\n|turn|25\n|inactive|Time left: 300 sec this turn | 300 sec total\n|\n|t:|1783546456\n|move|p1a: Bombirdier|Roost|p1a: Bombirdier\n|-heal|p1a: Bombirdier|63/100\n|-singleturn|p1a: Bombirdier|move: Roost\n|move|p2a: Chimecho|Dazzling Gleam|p1a: Bombirdier\n|-supereffective|p1a: Bombirdier\n|-damage|p1a: Bombirdier|11/100\n|\n|upkeep\n|turn|26\n|inactive|Time left: 300 sec this turn | 300 sec total\n|\n|t:|1783546458\n|move|p1a: Bombirdier|Knock Off|p2a: Chimecho\n|-supereffective|p2a: Chimecho\n|-damage|p2a: Chimecho|110/290\n|move|p2a: Chimecho|Recover|p2a: Chimecho\n|-heal|p2a: Chimecho|255/290\n|\n|upkeep\n|turn|27\n|inactive|Time left: 300 sec this turn | 300 sec total\n|\n|t:|1783546459\n|move|p1a: Bombirdier|Knock Off|p2a: Chimecho\n|-supereffective|p2a: Chimecho\n|-damage|p2a: Chimecho|181/290\n|move|p2a: Chimecho|Dazzling Gleam|p1a: Bombirdier\n|-supereffective|p1a: Bombirdier\n|-damage|p1a: Bombirdier|0 fnt\n|faint|p1a: Bombirdier\n|\n|upkeep\n|\n|t:|1783546460\n|switch|p1a: Barraskewda|Barraskewda, L81, F|100/100\n|turn|28\n|inactive|Time left: 300 sec this turn | 300 sec total\n|\n|t:|1783546461\n|move|p1a: Barraskewda|Waterfall|p2a: Chimecho\n|-crit|p2a: Chimecho\n|-damage|p2a: Chimecho|0 fnt\n|faint|p2a: Chimecho\n|\n|upkeep\n|inactive|Time left: 300 sec this turn | 300 sec total | 5 sec grace\n|\n|t:|1783546462\n|switch|p2a: Clodsire|Clodsire, L81, M|343/343\n|turn|29\n|inactive|Time left: 300 sec this turn | 300 sec total\n|\n|t:|1783546463\n|move|p1a: Barraskewda|Waterfall|p2a: Clodsire\n|-immune|p2a: Clodsire|[from] ability: Water Absorb\n|move|p2a: Clodsire|Earthquake|p1a: Barraskewda\n|-damage|p1a: Barraskewda|52/100\n|\n|upkeep\n|turn|30\n|inactive|Time left: 300 sec this turn | 300 sec total\n|\n|t:|1783546464\n|switch|p1a: Conkeldurr|Conkeldurr, L80, M|35/100 brn\n|move|p2a: Clodsire|Poison Jab|p1a: Conkeldurr\n|-damage|p1a: Conkeldurr|14/100 brn\n|\n|-damage|p1a: Conkeldurr|8/100 brn|[from] brn\n|upkeep\n|turn|31\n|inactive|Time left: 300 sec this turn | 300 sec total\n|\n|t:|1783546465\n|switch|p2a: Hypno|Hypno, L95, M|315/315\n|-terastallize|p1a: Conkeldurr|Normal\n|move|p1a: Conkeldurr|Facade|p2a: Hypno\n|-damage|p2a: Hypno|35/315\n|\n|-heal|p2a: Hypno|54/315|[from] item: Leftovers\n|-damage|p1a: Conkeldurr|2/100 brn|[from] brn\n|upkeep\n|turn|32\n|inactive|Time left: 300 sec this turn | 300 sec total\n|\n|t:|1783546466\n|switch|p1a: Luvdisc|Luvdisc, M|100/100\n|move|p2a: Hypno|Psychic Noise|p1a: Luvdisc\n|-damage|p1a: Luvdisc|68/100\n|-start|p1a: Luvdisc|move: Heal Block\n|\n|-heal|p2a: Hypno|73/315|[from] item: Leftovers\n|upkeep\n|turn|33\n|inactive|Time left: 300 sec this turn | 300 sec total\n|\n|t:|1783546468\n|move|p1a: Luvdisc|Surf|p2a: Hypno\n|-damage|p2a: Hypno|21/315\n|move|p2a: Hypno|Psychic Noise|p1a: Luvdisc\n|-damage|p1a: Luvdisc|35/100\n|\n|-heal|p2a: Hypno|40/315|[from] item: Leftovers\n|-end|p1a: Luvdisc|move: Heal Block\n|upkeep\n|turn|34\n|inactive|Time left: 300 sec this turn | 300 sec total\n|\n|t:|1783546469\n|move|p2a: Hypno|Protect|p2a: Hypno\n|-singleturn|p2a: Hypno|Protect\n|move|p1a: Luvdisc|Surf|p2a: Hypno\n|-activate|p2a: Hypno|move: Protect\n|\n|-heal|p2a: Hypno|59/315|[from] item: Leftovers\n|upkeep\n|turn|35\n|inactive|Time left: 300 sec this turn | 300 sec total\n|\n|t:|1783546470\n|move|p1a: Luvdisc|Surf|p2a: Hypno\n|-damage|p2a: Hypno|1/315\n|move|p2a: Hypno|Psychic Noise|p1a: Luvdisc\n|-damage|p1a: Luvdisc|1/100\n|-start|p1a: Luvdisc|move: Heal Block\n|\n|-heal|p2a: Hypno|20/315|[from] item: Leftovers\n|upkeep\n|turn|36\n|inactive|Time left: 300 sec this turn | 300 sec total\n|\n|t:|1783546471\n|switch|p2a: Clodsire|Clodsire, L81, M|343/343\n|move|p1a: Luvdisc|Surf|p2a: Clodsire\n|-immune|p2a: Clodsire|[from] ability: Water Absorb\n|\n|-end|p1a: Luvdisc|move: Heal Block\n|upkeep\n|turn|37\n|inactive|Time left: 300 sec this turn | 300 sec total\n|\n|t:|1783546472\n|move|p1a: Luvdisc|Endeavor|p2a: Clodsire\n|-damage|p2a: Clodsire|1/343\n|move|p2a: Clodsire|Spikes|p1a: Luvdisc\n|-sidestart|p1: p0x573973d|Spikes\n|\n|-heal|p2a: Clodsire|22/343|[from] item: Leftovers\n|upkeep\n|turn|38\n|inactive|Time left: 300 sec this turn | 300 sec total\n|\n|t:|1783546473\n|move|p1a: Luvdisc|Endeavor|p2a: Clodsire\n|-damage|p2a: Clodsire|1/343\n|move|p2a: Clodsire|Recover|p2a: Clodsire\n|-heal|p2a: Clodsire|173/343\n|\n|-heal|p2a: Clodsire|194/343|[from] item: Leftovers\n|upkeep\n|turn|39\n|inactive|Time left: 300 sec this turn | 300 sec total\n|\n|t:|1783546474\n|move|p1a: Luvdisc|Endeavor|p2a: Clodsire\n|-damage|p2a: Clodsire|1/343\n|move|p2a: Clodsire|Spikes|p1a: Luvdisc\n|-sidestart|p1: p0x573973d|Spikes\n|\n|-heal|p2a: Clodsire|22/343|[from] item: Leftovers\n|upkeep\n|turn|40\n|inactive|Time left: 300 sec this turn | 300 sec total\n|\n|t:|1783546475\n|move|p1a: Luvdisc|Endeavor|p2a: Clodsire\n|-damage|p2a: Clodsire|1/343\n|move|p2a: Clodsire|Recover|p2a: Clodsire\n|-heal|p2a: Clodsire|173/343\n|\n|-heal|p2a: Clodsire|194/343|[from] item: Leftovers\n|upkeep\n|turn|41\n|inactive|Time left: 300 sec this turn | 300 sec total\n|\n|t:|1783546476\n|move|p1a: Luvdisc|Endeavor|p2a: Clodsire\n|-damage|p2a: Clodsire|1/343\n|move|p2a: Clodsire|Spikes|p1a: Luvdisc\n|-sidestart|p1: p0x573973d|Spikes\n|\n|-heal|p2a: Clodsire|22/343|[from] item: Leftovers\n|upkeep\n|turn|42\n|inactive|Time left: 300 sec this turn | 300 sec total\n|\n|t:|1783546476\n|move|p1a: Luvdisc|Endeavor|p2a: Clodsire\n|-damage|p2a: Clodsire|1/343\n|move|p2a: Clodsire|Recover|p2a: Clodsire\n|-heal|p2a: Clodsire|173/343\n|\n|-heal|p2a: Clodsire|194/343|[from] item: Leftovers\n|upkeep\n|turn|43\n|inactive|Time left: 300 sec this turn | 300 sec total\n|\n|t:|1783546477\n|move|p1a: Luvdisc|Endeavor|p2a: Clodsire\n|-damage|p2a: Clodsire|1/343\n|move|p2a: Clodsire|Recover|p2a: Clodsire\n|-heal|p2a: Clodsire|173/343\n|\n|-heal|p2a: Clodsire|194/343|[from] item: Leftovers\n|upkeep\n|turn|44\n|inactive|Time left: 300 sec this turn | 300 sec total\n|\n|t:|1783546478\n|move|p1a: Luvdisc|Endeavor|p2a: Clodsire\n|-damage|p2a: Clodsire|1/343\n|move|p2a: Clodsire|Recover|p2a: Clodsire\n|-heal|p2a: Clodsire|173/343\n|\n|-heal|p2a: Clodsire|194/343|[from] item: Leftovers\n|upkeep\n|turn|45\n|inactive|Time left: 300 sec this turn | 300 sec total\n|\n|t:|1783546478\n|switch|p1a: Conkeldurr|Conkeldurr, L80, M, tera:Normal|2/100 brn\n|-damage|p1a: Conkeldurr|0 fnt|[from] Spikes\n|faint|p1a: Conkeldurr\n|-terastallize|p2a: Clodsire|Flying\n|move|p2a: Clodsire|Earthquake|p1: Conkeldurr|[notarget]\n|-fail|p2a: Clodsire\n|\n|-heal|p2a: Clodsire|215/343|[from] item: Leftovers\n|upkeep\n|\n|t:|1783546479\n|switch|p1a: Barraskewda|Barraskewda, L81, F|52/100\n|-damage|p1a: Barraskewda|28/100|[from] Spikes\n|turn|46\n|inactive|Time left: 300 sec this turn | 300 sec total\n|\n|t:|1783546480\n|move|p1a: Barraskewda|Close Combat|p2a: Clodsire\n|-resisted|p2a: Clodsire\n|-damage|p2a: Clodsire|121/343\n|-unboost|p1a: Barraskewda|def|1\n|-unboost|p1a: Barraskewda|spd|1\n|move|p2a: Clodsire|Poison Jab|p1a: Barraskewda\n|-damage|p1a: Barraskewda|0 fnt\n|faint|p1a: Barraskewda\n|\n|-heal|p2a: Clodsire|142/343|[from] item: Leftovers\n|upkeep\n|\n|t:|1783546481\n|switch|p1a: Luvdisc|Luvdisc, M|1/100\n|turn|47\n|inactive|Time left: 300 sec this turn | 300 sec total\n|\n|t:|1783546481\n|move|p1a: Luvdisc|Surf|p2a: Clodsire\n|-heal|p2a: Clodsire|227/343|[from] ability: Water Absorb|[of] p1a: Luvdisc\n|move|p2a: Clodsire|Poison Jab|p1a: Luvdisc\n|-damage|p1a: Luvdisc|0 fnt\n|faint|p1a: Luvdisc\n|\n|win|p0y57376de", "uploadtime": 1783546481, "views": 0, "rating": 0, "private": 0, "password": null, "_winner": "p0y57376de", "_our_name": "p0y57376de"}