{"id": "battle-gen9randombattle-2432", "formatid": "gen9randombattle", "format": "[Gen 9] Random Battle", "players": ["p0x2432e39c", "p0y24323016"], "log": "|init|battle\n|title|p0x2432e39c vs. p0y24323016\n|j|\u2606p0x2432e39c\n|j|\u2606p0y24323016\n|t:|1783568205\n|gametype|singles\n|player|p1|p0x2432e39c|170|\n|player|p2|p0y24323016|1|\n|gen|9\n|tier|[Gen 9] Random Battle\n|rule|Species Clause: Limit one of each Pok\u00e9mon\n|rule|HP Percentage Mod: HP is shown in percentages\n|rule|Sleep Clause Mod: Limit one foe put to sleep\n|rule|Illusion Level Mod: Illusion disguises the Pok\u00e9mon's true level\n|\n|t:|1783568205\n|teamsize|p1|6\n|teamsize|p2|6\n|start\n|switch|p1a: Wigglytuff|Wigglytuff, L96, F|424/424\n|switch|p2a: Crabominable|Crabominable, L90, F|100/100\n|turn|1\n|inactive|Battle timer is ON: inactive players will automatically lose when time's up. (requested by p0y24323016)\n|inactive|Time left: 300 sec this turn | 300 sec total | 60 sec grace\n|\n|t:|1783568207\n|move|p1a: Wigglytuff|Alluring Voice|p2a: Crabominable\n|-supereffective|p2a: Crabominable\n|-damage|p2a: Crabominable|31/100\n|move|p2a: Crabominable|Ice Hammer|p1a: Wigglytuff\n|-damage|p1a: Wigglytuff|19/424\n|-unboost|p2a: Crabominable|spe|1\n|\n|-heal|p1a: Wigglytuff|45/424|[from] item: Leftovers\n|upkeep\n|turn|2\n|inactive|Time left: 300 sec this turn | 300 sec total\n|inactive|p0x2432e39c also wants the timer to be on.\n|\n|t:|1783568207\n|switch|p2a: Minior|Minior-Violet, L79|100/100\n|-formechange|p2a: Minior|Minior-Meteor||[from] ability: Shields Down\n|move|p1a: Wigglytuff|Alluring Voice|p2a: Minior\n|-damage|p2a: Minior|59/100\n|\n|-heal|p1a: Wigglytuff|71/424|[from] item: Leftovers\n|upkeep\n|turn|3\n|inactive|Time left: 300 sec this turn | 300 sec total\n|\n|t:|1783568208\n|switch|p1a: Miraidon|Miraidon, L65|238/238\n|-fieldstart|move: Electric Terrain|[from] ability: Hadron Engine|[of] p1a: Miraidon\n|move|p2a: Minior|Shell Smash|p2a: Minior\n|-unboost|p2a: Minior|def|1\n|-unboost|p2a: Minior|spd|1\n|-boost|p2a: Minior|atk|2\n|-boost|p2a: Minior|spa|2\n|-boost|p2a: Minior|spe|2\n|-enditem|p2a: Minior|White Herb\n|-clearnegativeboost|p2a: Minior|[silent]\n|\n|upkeep\n|turn|4\n|inactive|Time left: 300 sec this turn | 300 sec total\n|\n|t:|1783568209\n|move|p2a: Minior|Earthquake|p1a: Miraidon\n|-supereffective|p1a: Miraidon\n|-damage|p1a: Miraidon|42/238\n|move|p1a: Miraidon|Volt Switch|p2a: Minior\n|-supereffective|p2a: Minior\n|-damage|p2a: Minior|0 fnt\n|faint|p2a: Minior\n|inactive|Time left: 300 sec this turn | 300 sec total | 5 sec grace\n|\n|t:|1783568210\n|switch|p1a: Zarude|Zarude-Dada, L77|288/288|[from] Volt Switch\n|\n|upkeep\n|\n|t:|1783568211\n|switch|p2a: Chandelure|Chandelure, L83, M|100/100\n|turn|5\n|inactive|Time left: 300 sec this turn | 300 sec total\n|\n|t:|1783568212\n|move|p2a: Chandelure|Fire Blast|p1a: Zarude\n|-supereffective|p1a: Zarude\n|-damage|p1a: Zarude|0 fnt\n|faint|p1a: Zarude\n|\n|upkeep\n|inactive|Time left: 300 sec this turn | 300 sec total | 5 sec grace\n|\n|t:|1783568214\n|switch|p1a: Rhydon|Rhydon, L85, F|317/317\n|turn|6\n|inactive|Time left: 300 sec this turn | 300 sec total\n|\n|t:|1783568215\n|move|p2a: Chandelure|Fire Blast|p1a: Rhydon\n|-resisted|p1a: Rhydon\n|-damage|p1a: Rhydon|227/317\n|move|p1a: Rhydon|Earthquake|p2a: Chandelure\n|-supereffective|p2a: Chandelure\n|-damage|p2a: Chandelure|0 fnt\n|faint|p2a: Chandelure\n|\n|upkeep\n|\n|t:|1783568216\n|switch|p2a: Crabominable|Crabominable, L90, F|31/100\n|turn|7\n|inactive|Time left: 300 sec this turn | 300 sec total\n|\n|t:|1783568217\n|move|p2a: Crabominable|Ice Hammer|p1a: Rhydon\n|-supereffective|p1a: Rhydon\n|-crit|p1a: Rhydon\n|-damage|p1a: Rhydon|0 fnt\n|-unboost|p2a: Crabominable|spe|1\n|faint|p1a: Rhydon\n|\n|-fieldend|move: Electric Terrain\n|upkeep\n|inactive|Time left: 300 sec this turn | 300 sec total | 5 sec grace\n|\n|t:|1783568218\n|switch|p1a: Miraidon|Miraidon, L65|42/238\n|-fieldstart|move: Electric Terrain|[from] ability: Hadron Engine|[of] p1a: Miraidon\n|turn|8\n|inactive|Time left: 300 sec this turn | 300 sec total\n|\n|t:|1783568219\n|move|p1a: Miraidon|Electro Drift|p2a: Crabominable\n|-crit|p2a: Crabominable\n|-damage|p2a: Crabominable|0 fnt\n|faint|p2a: Crabominable\n|\n|upkeep\n|\n|t:|1783568220\n|switch|p2a: Spectrier|Spectrier, L75|100/100\n|turn|9\n|inactive|Time left: 300 sec this turn | 300 sec total\n|\n|t:|1783568221\n|switch|p1a: Wigglytuff|Wigglytuff, L96, F|71/424\n|move|p2a: Spectrier|Draining Kiss|p1a: Wigglytuff\n|-damage|p1a: Wigglytuff|0 fnt\n|faint|p1a: Wigglytuff\n|-ability|p2a: Spectrier|Grim Neigh|boost\n|-boost|p2a: Spectrier|spa|1\n|-damage|p2a: Spectrier|91/100|[from] item: Life Orb\n|\n|upkeep\n|inactive|Time left: 300 sec this turn | 300 sec total | 5 sec grace\n|\n|t:|1783568222\n|switch|p1a: Azelf|Azelf, L82|257/257\n|turn|10\n|inactive|Time left: 300 sec this turn | 300 sec total\n|\n|t:|1783568223\n|-terastallize|p1a: Azelf|Fire\n|move|p2a: Spectrier|Shadow Ball|p1a: Azelf\n|-damage|p1a: Azelf|50/257\n|-damage|p2a: Spectrier|81/100|[from] item: Life Orb\n|move|p1a: Azelf|Fire Blast|p2a: Spectrier\n|-damage|p2a: Spectrier|0 fnt\n|faint|p2a: Spectrier\n|\n|upkeep\n|\n|t:|1783568224\n|switch|p2a: Cinderace|Cinderace, L77, F|100/100\n|turn|11\n|inactive|Time left: 300 sec this turn | 300 sec total\n|\n|t:|1783568225\n|move|p1a: Azelf|Fire Blast|p2a: Cinderace\n|-resisted|p2a: Cinderace\n|-damage|p2a: Cinderace|54/100\n|move|p2a: Cinderace|Pyro Ball|p1a: Azelf|[miss]\n|-miss|p2a: Cinderace|p1a: Azelf\n|\n|upkeep\n|turn|12\n|inactive|Time left: 300 sec this turn | 300 sec total\n|\n|t:|1783568226\n|move|p1a: Azelf|Fire Blast|p2a: Cinderace\n|-resisted|p2a: Cinderace\n|-damage|p2a: Cinderace|5/100\n|move|p2a: Cinderace|Gunk Shot|p1a: Azelf\n|-start|p2a: Cinderace|typechange|Poison|[from] ability: Libero\n|-damage|p1a: Azelf|0 fnt\n|faint|p1a: Azelf\n|\n|-fieldend|move: Electric Terrain\n|upkeep\n|inactive|Time left: 300 sec this turn | 300 sec total | 5 sec grace\n|\n|t:|1783568227\n|switch|p1a: Urshifu|Urshifu-Rapid-Strike, L75, F|274/274\n|turn|13\n|inactive|Time left: 300 sec this turn | 300 sec total\n|\n|t:|1783568228\n|move|p1a: Urshifu|Aqua Jet|p2a: Cinderace\n|-damage|p2a: Cinderace|0 fnt\n|faint|p2a: Cinderace\n|\n|upkeep\n|\n|t:|1783568229\n|switch|p2a: Urshifu|Urshifu, L74, F|100/100\n|turn|14\n|inactive|Time left: 300 sec this turn | 300 sec total\n|\n|t:|1783568229\n|-terastallize|p2a: Urshifu|Dark\n|move|p1a: Urshifu|Aqua Jet|p2a: Urshifu\n|-damage|p2a: Urshifu|73/100\n|move|p2a: Urshifu|Swords Dance|p2a: Urshifu\n|-boost|p2a: Urshifu|atk|2\n|\n|upkeep\n|turn|15\n|inactive|Time left: 300 sec this turn | 300 sec total\n|\n|t:|1783568230\n|switch|p1a: Miraidon|Miraidon, L65|42/238\n|-fieldstart|move: Electric Terrain|[from] ability: Hadron Engine|[of] p1a: Miraidon\n|move|p2a: Urshifu|Swords Dance|p2a: Urshifu\n|-boost|p2a: Urshifu|atk|2\n|\n|upkeep\n|turn|16\n|inactive|Time left: 300 sec this turn | 300 sec total\n|\n|t:|1783568231\n|move|p1a: Miraidon|Electro Drift|p2a: Urshifu\n|-damage|p2a: Urshifu|0 fnt\n|faint|p2a: Urshifu\n|\n|win|p0x2432e39c", "uploadtime": 1783568231, "views": 0, "rating": 0, "private": 0, "password": null, "_winner": "p0x2432e39c", "_our_name": "p0x2432e39c"}