{"id": "battle-gen9randombattle-1355", "formatid": "gen9randombattle", "format": "[Gen 9] Random Battle", "players": ["p0x13553b61", "p0y1355d2cf"], "log": "|init|battle\n|title|p0x13553b61 vs. p0y1355d2cf\n|j|\u2606p0x13553b61\n|j|\u2606p0y1355d2cf\n|t:|1783554853\n|gametype|singles\n|player|p1|p0x13553b61|169|\n|player|p2|p0y1355d2cf|2|\n|gen|9\n|tier|[Gen 9] Random Battle\n|rule|Species Clause: Limit one of each Pok\u00e9mon\n|rule|HP Percentage Mod: HP is shown in percentages\n|rule|Sleep Clause Mod: Limit one foe put to sleep\n|rule|Illusion Level Mod: Illusion disguises the Pok\u00e9mon's true level\n|\n|t:|1783554853\n|teamsize|p1|6\n|teamsize|p2|6\n|start\n|switch|p1a: Amoonguss|Amoonguss, L82, F|321/321\n|switch|p2a: Forretress|Forretress, L84, M|100/100\n|turn|1\n|inactive|Battle timer is ON: inactive players will automatically lose when time's up. (requested by p0x13553b61)\n|\n|t:|1783554855\n|move|p2a: Forretress|Stealth Rock|p1a: Amoonguss\n|-sidestart|p1: p0x13553b61|move: Stealth Rock\n|move|p1a: Amoonguss|Spore|p2a: Forretress\n|-status|p2a: Forretress|slp|[from] move: Spore\n|\n|upkeep\n|turn|2\n|inactive|Time left: 300 sec this turn | 300 sec total\n|inactive|p0y1355d2cf also wants the timer to be on.\n|\n|t:|1783554856\n|switch|p2a: Salamence|Salamence, L77, M|100/100\n|-ability|p2a: Salamence|Intimidate|boost\n|-unboost|p1a: Amoonguss|atk|1\n|move|p1a: Amoonguss|Sludge Bomb|p2a: Salamence\n|-damage|p2a: Salamence|66/100\n|\n|upkeep\n|turn|3\n|inactive|Time left: 300 sec this turn | 300 sec total\n|\n|t:|1783554858\n|switch|p1a: Golem|Golem, L87, F|281/281\n|-damage|p1a: Golem|264/281|[from] Stealth Rock\n|move|p2a: Salamence|Dragon Dance|p2a: Salamence\n|-boost|p2a: Salamence|atk|1\n|-boost|p2a: Salamence|spe|1\n|\n|upkeep\n|turn|4\n|inactive|Time left: 300 sec this turn | 300 sec total\n|\n|t:|1783554859\n|move|p2a: Salamence|Outrage|p1a: Golem\n|-damage|p1a: Golem|113/281\n|move|p1a: Golem|Explosion|p2a: Salamence\n|-damage|p2a: Salamence|0 fnt\n|faint|p1a: Golem\n|faint|p2a: Salamence\n|\n|upkeep\n|inactive|Time left: 300 sec this turn | 300 sec total | 5 sec grace\n|\n|t:|1783554860\n|switch|p2a: Galvantula|Galvantula, L82, F|100/100\n|switch|p1a: Meganium|Meganium, L90, M|290/290\n|-damage|p1a: Meganium|254/290|[from] Stealth Rock\n|turn|5\n|inactive|Time left: 300 sec this turn | 300 sec total\n|\n|t:|1783554861\n|move|p2a: Galvantula|Sticky Web|p1a: Meganium\n|-sidestart|p1: p0x13553b61|move: Sticky Web\n|move|p1a: Meganium|Leech Seed|p2a: Galvantula\n|-start|p2a: Galvantula|move: Leech Seed\n|\n|-heal|p1a: Meganium|272/290|[from] item: Leftovers\n|-damage|p2a: Galvantula|88/100|[from] Leech Seed|[of] p1a: Meganium\n|-heal|p1a: Meganium|290/290|[silent]\n|upkeep\n|turn|6\n|inactive|Time left: 300 sec this turn | 300 sec total\n|\n|t:|1783554862\n|switch|p2a: Koraidon|Koraidon, L64|100/100\n|-weather|SunnyDay|[from] ability: Orichalcum Pulse|[of] p2a: Koraidon\n|-activate|p2a: Koraidon|Orichalcum Pulse|[source]\n|move|p1a: Meganium|Knock Off|p2a: Koraidon\n|-resisted|p2a: Koraidon\n|-damage|p2a: Koraidon|86/100\n|-enditem|p2a: Koraidon|Choice Band|[from] move: Knock Off|[of] p1a: Meganium\n|\n|-weather|SunnyDay|[upkeep]\n|upkeep\n|turn|7\n|inactive|Time left: 300 sec this turn | 300 sec total\n|\n|t:|1783554863\n|-terastallize|p2a: Koraidon|Fire\n|move|p2a: Koraidon|Flare Blitz|p1a: Meganium\n|-supereffective|p1a: Meganium\n|-damage|p1a: Meganium|0 fnt\n|faint|p1a: Meganium\n|-damage|p2a: Koraidon|45/100|[from] Recoil\n|\n|-weather|SunnyDay|[upkeep]\n|upkeep\n|inactive|Time left: 300 sec this turn | 300 sec total | 5 sec grace\n|\n|t:|1783554864\n|switch|p1a: Moltres|Moltres, L81|278/278\n|turn|8\n|inactive|Time left: 300 sec this turn | 300 sec total\n|\n|t:|1783554866\n|move|p2a: Koraidon|Outrage|p1a: Moltres\n|-damage|p1a: Moltres|136/278\n|move|p1a: Moltres|Fire Blast|p2a: Koraidon\n|-resisted|p2a: Koraidon\n|-damage|p2a: Koraidon|0 fnt\n|faint|p2a: Koraidon\n|\n|-weather|SunnyDay|[upkeep]\n|upkeep\n|\n|t:|1783554867\n|switch|p2a: Galvantula|Galvantula, L82, F|100/100\n|turn|9\n|inactive|Time left: 300 sec this turn | 300 sec total\n|\n|t:|1783554868\n|-terastallize|p1a: Moltres|Steel\n|move|p2a: Galvantula|Hyper Voice|p1a: Moltres\n|-resisted|p1a: Moltres\n|-damage|p1a: Moltres|65/278\n|-damage|p2a: Galvantula|91/100|[from] item: Life Orb\n|move|p1a: Moltres|Fire Blast|p2a: Galvantula\n|-damage|p2a: Galvantula|0 fnt\n|replace|p2a: Zoroark|Zoroark-Hisui, L80, F\n|-end|p2a: Zoroark|Illusion\n|-hint|Illusion Level Mod is active, so this Pok\u00e9mon's true level was hidden.\n|faint|p2a: Zoroark\n|\n|-weather|SunnyDay|[upkeep]\n|upkeep\n|\n|t:|1783554868\n|switch|p2a: Galvantula|Galvantula, L82, F|88/100\n|turn|10\n|inactive|Time left: 300 sec this turn | 300 sec total\n|\n|t:|1783554869\n|move|p2a: Galvantula|Volt Switch|p1a: Moltres\n|-damage|p1a: Moltres|0 fnt\n|faint|p1a: Moltres\n|\n|t:|1783554870\n|switch|p2a: Regigigas|Regigigas, L84|100/100|[from] Volt Switch\n|-start|p2a: Regigigas|ability: Slow Start\n|\n|-weather|none\n|upkeep\n|inactive|Time left: 300 sec this turn | 300 sec total | 10 sec grace\n|\n|t:|1783554871\n|switch|p1a: Hitmonchan|Hitmonchan, L87, M|229/229\n|-damage|p1a: Hitmonchan|215/229|[from] Stealth Rock\n|-activate|p1a: Hitmonchan|move: Sticky Web\n|-unboost|p1a: Hitmonchan|spe|1\n|turn|11\n|inactive|Time left: 300 sec this turn | 300 sec total\n|\n|t:|1783554873\n|move|p1a: Hitmonchan|Bulk Up|p1a: Hitmonchan\n|-boost|p1a: Hitmonchan|atk|1\n|-boost|p1a: Hitmonchan|def|1\n|move|p2a: Regigigas|Substitute|p2a: Regigigas\n|-start|p2a: Regigigas|Substitute\n|-damage|p2a: Regigigas|76/100\n|\n|-heal|p1a: Hitmonchan|229/229|[from] item: Leftovers\n|-heal|p2a: Regigigas|82/100|[from] item: Leftovers\n|upkeep\n|turn|12\n|inactive|Time left: 300 sec this turn | 300 sec total\n|\n|t:|1783554874\n|move|p1a: Hitmonchan|Bulk Up|p1a: Hitmonchan\n|-boost|p1a: Hitmonchan|atk|1\n|-boost|p1a: Hitmonchan|def|1\n|move|p2a: Regigigas|Body Slam|p1a: Hitmonchan\n|-damage|p1a: Hitmonchan|193/229\n|-status|p1a: Hitmonchan|par\n|\n|-heal|p2a: Regigigas|88/100|[from] item: Leftovers\n|-heal|p1a: Hitmonchan|207/229 par|[from] item: Leftovers\n|upkeep\n|turn|13\n|inactive|Time left: 300 sec this turn | 300 sec total\n|\n|t:|1783554875\n|move|p2a: Regigigas|Knock Off|p1a: Hitmonchan\n|-resisted|p1a: Hitmonchan\n|-damage|p1a: Hitmonchan|193/229 par\n|-enditem|p1a: Hitmonchan|Leftovers|[from] move: Knock Off|[of] p2a: Regigigas\n|move|p1a: Hitmonchan|Drain Punch|p2a: Regigigas\n|-supereffective|p2a: Regigigas\n|-end|p2a: Regigigas|Substitute\n|-heal|p1a: Hitmonchan|229/229 par|[from] drain|[of] p2a: Regigigas\n|\n|-heal|p2a: Regigigas|94/100|[from] item: Leftovers\n|upkeep\n|turn|14\n|inactive|Time left: 300 sec this turn | 300 sec total\n|\n|t:|1783554876\n|move|p2a: Regigigas|Protect|p2a: Regigigas\n|-singleturn|p2a: Regigigas|Protect\n|move|p1a: Hitmonchan|Drain Punch|p2a: Regigigas\n|-activate|p2a: Regigigas|move: Protect\n|\n|-heal|p2a: Regigigas|100/100|[from] item: Leftovers\n|upkeep\n|turn|15\n|inactive|Time left: 300 sec this turn | 300 sec total\n|\n|t:|1783554877\n|move|p2a: Regigigas|Substitute|p2a: Regigigas\n|-start|p2a: Regigigas|Substitute\n|-damage|p2a: Regigigas|76/100\n|move|p1a: Hitmonchan|Drain Punch|p2a: Regigigas\n|-supereffective|p2a: Regigigas\n|-end|p2a: Regigigas|Substitute\n|\n|-heal|p2a: Regigigas|82/100|[from] item: Leftovers\n|-end|p2a: Regigigas|Slow Start\n|upkeep\n|turn|16\n|inactive|Time left: 300 sec this turn | 300 sec total\n|\n|t:|1783554878\n|move|p2a: Regigigas|Protect|p2a: Regigigas\n|-singleturn|p2a: Regigigas|Protect\n|cant|p1a: Hitmonchan|par\n|\n|-heal|p2a: Regigigas|88/100|[from] item: Leftovers\n|upkeep\n|turn|17\n|inactive|Time left: 300 sec this turn | 300 sec total\n|\n|t:|1783554879\n|move|p2a: Regigigas|Substitute|p2a: Regigigas\n|-start|p2a: Regigigas|Substitute\n|-damage|p2a: Regigigas|63/100\n|move|p1a: Hitmonchan|Drain Punch|p2a: Regigigas\n|-supereffective|p2a: Regigigas\n|-end|p2a: Regigigas|Substitute\n|\n|-heal|p2a: Regigigas|69/100|[from] item: Leftovers\n|upkeep\n|turn|18\n|inactive|Time left: 300 sec this turn | 300 sec total\n|\n|t:|1783554880\n|move|p2a: Regigigas|Protect|p2a: Regigigas\n|-singleturn|p2a: Regigigas|Protect\n|cant|p1a: Hitmonchan|par\n|\n|-heal|p2a: Regigigas|76/100|[from] item: Leftovers\n|upkeep\n|turn|19\n|inactive|Time left: 300 sec this turn | 300 sec total\n|\n|t:|1783554881\n|move|p2a: Regigigas|Substitute|p2a: Regigigas\n|-start|p2a: Regigigas|Substitute\n|-damage|p2a: Regigigas|51/100\n|cant|p1a: Hitmonchan|par\n|\n|-heal|p2a: Regigigas|57/100|[from] item: Leftovers\n|upkeep\n|turn|20\n|inactive|Time left: 300 sec this turn | 300 sec total\n|\n|t:|1783554882\n|move|p2a: Regigigas|Body Slam|p1a: Hitmonchan\n|-damage|p1a: Hitmonchan|154/229 par\n|move|p1a: Hitmonchan|Drain Punch|p2a: Regigigas\n|-supereffective|p2a: Regigigas\n|-end|p2a: Regigigas|Substitute\n|-heal|p1a: Hitmonchan|194/229 par|[from] drain|[of] p2a: Regigigas\n|\n|-heal|p2a: Regigigas|63/100|[from] item: Leftovers\n|upkeep\n|turn|21\n|inactive|Time left: 300 sec this turn | 300 sec total\n|\n|t:|1783554884\n|move|p2a: Regigigas|Substitute|p2a: Regigigas\n|-start|p2a: Regigigas|Substitute\n|-damage|p2a: Regigigas|38/100\n|move|p1a: Hitmonchan|Drain Punch|p2a: Regigigas\n|-supereffective|p2a: Regigigas\n|-end|p2a: Regigigas|Substitute\n|-heal|p1a: Hitmonchan|229/229 par|[from] drain|[of] p2a: Regigigas\n|\n|-heal|p2a: Regigigas|45/100|[from] item: Leftovers\n|upkeep\n|turn|22\n|inactive|Time left: 300 sec this turn | 300 sec total\n|\n|t:|1783554885\n|move|p2a: Regigigas|Substitute|p2a: Regigigas\n|-start|p2a: Regigigas|Substitute\n|-damage|p2a: Regigigas|20/100\n|cant|p1a: Hitmonchan|par\n|\n|-heal|p2a: Regigigas|26/100|[from] item: Leftovers\n|upkeep\n|turn|23\n|inactive|Time left: 300 sec this turn | 300 sec total\n|\n|t:|1783554886\n|move|p2a: Regigigas|Body Slam|p1a: Hitmonchan\n|-damage|p1a: Hitmonchan|159/229 par\n|move|p1a: Hitmonchan|Drain Punch|p2a: Regigigas\n|-supereffective|p2a: Regigigas\n|-end|p2a: Regigigas|Substitute\n|-heal|p1a: Hitmonchan|199/229 par|[from] drain|[of] p2a: Regigigas\n|\n|-heal|p2a: Regigigas|32/100|[from] item: Leftovers\n|upkeep\n|turn|24\n|inactive|Time left: 300 sec this turn | 300 sec total\n|\n|t:|1783554887\n|move|p2a: Regigigas|Protect|p2a: Regigigas\n|-singleturn|p2a: Regigigas|Protect\n|move|p1a: Hitmonchan|Drain Punch|p2a: Regigigas\n|-activate|p2a: Regigigas|move: Protect\n|\n|-heal|p2a: Regigigas|38/100|[from] item: Leftovers\n|upkeep\n|turn|25\n|inactive|Time left: 300 sec this turn | 300 sec total\n|\n|t:|1783554888\n|move|p2a: Regigigas|Body Slam|p1a: Hitmonchan\n|-damage|p1a: Hitmonchan|126/229 par\n|move|p1a: Hitmonchan|Drain Punch|p2a: Regigigas\n|-supereffective|p2a: Regigigas\n|-damage|p2a: Regigigas|0 fnt\n|-heal|p1a: Hitmonchan|187/229 par|[from] drain|[of] p2a: Regigigas\n|faint|p2a: Regigigas\n|-end|p2a: Regigigas|Slow Start|[silent]\n|\n|upkeep\n|\n|t:|1783554889\n|switch|p2a: Galvantula|Galvantula, L82, F|88/100\n|turn|26\n|inactive|Time left: 300 sec this turn | 300 sec total\n|\n|t:|1783554890\n|move|p2a: Galvantula|Thunder|p1a: Hitmonchan|[miss]\n|-miss|p2a: Galvantula|p1a: Hitmonchan\n|move|p1a: Hitmonchan|Drain Punch|p2a: Galvantula\n|-resisted|p2a: Galvantula\n|-damage|p2a: Galvantula|31/100\n|-heal|p1a: Hitmonchan|229/229 par|[from] drain|[of] p2a: Galvantula\n|\n|upkeep\n|turn|27\n|inactive|Time left: 300 sec this turn | 300 sec total\n|\n|t:|1783554891\n|move|p2a: Galvantula|Thunder|p1a: Hitmonchan\n|-damage|p1a: Hitmonchan|144/229 par\n|move|p1a: Hitmonchan|Drain Punch|p2a: Galvantula\n|-resisted|p2a: Galvantula\n|-crit|p2a: Galvantula\n|-damage|p2a: Galvantula|0 fnt\n|-heal|p1a: Hitmonchan|182/229 par|[from] drain|[of] p2a: Galvantula\n|faint|p2a: Galvantula\n|\n|upkeep\n|\n|t:|1783554892\n|switch|p2a: Forretress|Forretress, L84, M|100/100 slp\n|turn|28\n|inactive|Time left: 300 sec this turn | 300 sec total\n|\n|t:|1783554892\n|cant|p2a: Forretress|slp\n|move|p1a: Hitmonchan|Drain Punch|p2a: Forretress\n|-damage|p2a: Forretress|42/100 slp\n|-heal|p1a: Hitmonchan|229/229 par|[from] drain|[of] p2a: Forretress\n|\n|-heal|p2a: Forretress|48/100 slp|[from] item: Leftovers\n|upkeep\n|turn|29\n|inactive|Time left: 300 sec this turn | 300 sec total\n|\n|t:|1783554893\n|switch|p1a: Volcanion|Volcanion, L79|255/255\n|-damage|p1a: Volcanion|192/255|[from] Stealth Rock\n|-activate|p1a: Volcanion|move: Sticky Web\n|-unboost|p1a: Volcanion|spe|1\n|cant|p2a: Forretress|slp\n|\n|-heal|p2a: Forretress|54/100 slp|[from] item: Leftovers\n|upkeep\n|turn|30\n|inactive|Time left: 300 sec this turn | 300 sec total\n|\n|t:|1783554894\n|cant|p2a: Forretress|slp\n|move|p1a: Volcanion|Flamethrower|p2a: Forretress\n|-supereffective|p2a: Forretress\n|-damage|p2a: Forretress|0 fnt\n|faint|p2a: Forretress\n|\n|win|p0x13553b61", "uploadtime": 1783554894, "views": 0, "rating": 0, "private": 0, "password": null, "_winner": "p0x13553b61", "_our_name": "p0x13553b61"}