{"id": "battle-gen9randombattle-2137", "formatid": "gen9randombattle", "format": "[Gen 9] Random Battle", "players": ["p0x2137cefb", "p0y2137b4b4"], "log": "|init|battle\n|title|p0x2137cefb vs. p0y2137b4b4\n|j|\u2606p0x2137cefb\n|j|\u2606p0y2137b4b4\n|t:|1783564723\n|gametype|singles\n|player|p1|p0x2137cefb|169|\n|player|p2|p0y2137b4b4|265|\n|gen|9\n|tier|[Gen 9] Random Battle\n|rule|Species Clause: Limit one of each Pok\u00e9mon\n|rule|HP Percentage Mod: HP is shown in percentages\n|rule|Sleep Clause Mod: Limit one foe put to sleep\n|rule|Illusion Level Mod: Illusion disguises the Pok\u00e9mon's true level\n|\n|t:|1783564723\n|teamsize|p1|6\n|teamsize|p2|6\n|start\n|switch|p1a: Oranguru|Oranguru, L92, M|315/315\n|switch|p2a: Gumshoos|Gumshoos, L95, M|100/100\n|turn|1\n|inactive|Battle timer is ON: inactive players will automatically lose when time's up. (requested by p0y2137b4b4)\n|inactive|Time left: 300 sec this turn | 300 sec total | 60 sec grace\n|inactive|p0x2137cefb also wants the timer to be on.\n|\n|t:|1783564725\n|move|p1a: Oranguru|Focus Blast|p2a: Gumshoos\n|-supereffective|p2a: Gumshoos\n|-damage|p2a: Gumshoos|3/100\n|move|p2a: Gumshoos|Double-Edge|p1a: Oranguru\n|-damage|p1a: Oranguru|0 fnt\n|faint|p1a: Oranguru\n|-damage|p2a: Gumshoos|0 fnt|[from] Recoil\n|faint|p2a: Gumshoos\n|\n|upkeep\n|inactive|Time left: 300 sec this turn | 300 sec total | 65 sec grace\n|\n|t:|1783564727\n|switch|p1a: Delphox|Delphox, L84, M|263/263\n|switch|p2a: Ampharos|Ampharos, L88, F|100/100\n|turn|2\n|inactive|Time left: 300 sec this turn | 300 sec total\n|\n|t:|1783564728\n|move|p1a: Delphox|Psyshock|p2a: Ampharos\n|-damage|p2a: Ampharos|57/100\n|move|p2a: Ampharos|Thunderbolt|p1a: Delphox\n|-damage|p1a: Delphox|103/263\n|\n|upkeep\n|turn|3\n|inactive|Time left: 300 sec this turn | 300 sec total\n|\n|t:|1783564729\n|move|p1a: Delphox|Psyshock|p2a: Ampharos\n|-damage|p2a: Ampharos|6/100\n|move|p2a: Ampharos|Thunderbolt|p1a: Delphox\n|-damage|p1a: Delphox|0 fnt\n|faint|p1a: Delphox\n|\n|upkeep\n|inactive|Time left: 300 sec this turn | 300 sec total | 5 sec grace\n|\n|t:|1783564730\n|switch|p1a: Rotom|Rotom-Heat, L83|219/219\n|turn|4\n|inactive|Time left: 300 sec this turn | 300 sec total\n|\n|t:|1783564731\n|switch|p2a: Kommo-o|Kommo-o, L77, M|100/100\n|move|p1a: Rotom|Thunderbolt|p2a: Kommo-o\n|-resisted|p2a: Kommo-o\n|-damage|p2a: Kommo-o|81/100\n|\n|upkeep\n|turn|5\n|inactive|Time left: 300 sec this turn | 300 sec total\n|\n|t:|1783564732\n|move|p1a: Rotom|Nasty Plot|p1a: Rotom\n|-boost|p1a: Rotom|spa|2\n|move|p2a: Kommo-o|Clangorous Soul|p2a: Kommo-o\n|-boost|p2a: Kommo-o|atk|1\n|-boost|p2a: Kommo-o|def|1\n|-boost|p2a: Kommo-o|spa|1\n|-boost|p2a: Kommo-o|spd|1\n|-boost|p2a: Kommo-o|spe|1\n|-damage|p2a: Kommo-o|48/100\n|-enditem|p2a: Kommo-o|Throat Spray\n|-boost|p2a: Kommo-o|spa|1|[from] item: Throat Spray\n|\n|upkeep\n|turn|6\n|inactive|Time left: 300 sec this turn | 300 sec total\n|\n|t:|1783564733\n|move|p2a: Kommo-o|Drain Punch|p1a: Rotom\n|-damage|p1a: Rotom|114/219\n|-heal|p2a: Kommo-o|70/100|[from] drain|[of] p1a: Rotom\n|move|p1a: Rotom|Thunderbolt|p2a: Kommo-o\n|-resisted|p2a: Kommo-o\n|-damage|p2a: Kommo-o|43/100\n|\n|upkeep\n|turn|7\n|inactive|Time left: 300 sec this turn | 300 sec total\n|\n|t:|1783564734\n|move|p2a: Kommo-o|Boomburst|p1a: Rotom\n|-damage|p1a: Rotom|0 fnt\n|faint|p1a: Rotom\n|\n|upkeep\n|inactive|Time left: 300 sec this turn | 300 sec total | 5 sec grace\n|\n|t:|1783564735\n|switch|p1a: Gurdurr|Gurdurr, L85, F|283/283\n|turn|8\n|inactive|Time left: 300 sec this turn | 300 sec total\n|\n|t:|1783564736\n|move|p2a: Kommo-o|Drain Punch|p1a: Gurdurr\n|-damage|p1a: Gurdurr|213/283\n|-heal|p2a: Kommo-o|57/100|[from] drain|[of] p1a: Gurdurr\n|move|p1a: Gurdurr|Drain Punch|p2a: Kommo-o\n|-damage|p2a: Kommo-o|37/100\n|-heal|p1a: Gurdurr|238/283|[from] drain|[of] p2a: Kommo-o\n|\n|upkeep\n|turn|9\n|inactive|Time left: 300 sec this turn | 300 sec total\n|\n|t:|1783564737\n|move|p2a: Kommo-o|Drain Punch|p1a: Gurdurr\n|-damage|p1a: Gurdurr|162/283\n|-heal|p2a: Kommo-o|53/100|[from] drain|[of] p1a: Gurdurr\n|move|p1a: Gurdurr|Drain Punch|p2a: Kommo-o\n|-damage|p2a: Kommo-o|34/100\n|-heal|p1a: Gurdurr|185/283|[from] drain|[of] p2a: Kommo-o\n|\n|upkeep\n|turn|10\n|inactive|Time left: 300 sec this turn | 300 sec total\n|\n|t:|1783564738\n|move|p2a: Kommo-o|Drain Punch|p1a: Gurdurr\n|-damage|p1a: Gurdurr|113/283\n|-heal|p2a: Kommo-o|49/100|[from] drain|[of] p1a: Gurdurr\n|move|p1a: Gurdurr|Drain Punch|p2a: Kommo-o\n|-damage|p2a: Kommo-o|30/100\n|-heal|p1a: Gurdurr|136/283|[from] drain|[of] p2a: Kommo-o\n|\n|upkeep\n|turn|11\n|inactive|Time left: 300 sec this turn | 300 sec total\n|\n|t:|1783564739\n|move|p2a: Kommo-o|Drain Punch|p1a: Gurdurr\n|-damage|p1a: Gurdurr|55/283\n|-heal|p2a: Kommo-o|47/100|[from] drain|[of] p1a: Gurdurr\n|move|p1a: Gurdurr|Drain Punch|p2a: Kommo-o\n|-damage|p2a: Kommo-o|28/100\n|-heal|p1a: Gurdurr|78/283|[from] drain|[of] p2a: Kommo-o\n|\n|upkeep\n|turn|12\n|inactive|Time left: 300 sec this turn | 300 sec total\n|\n|t:|1783564740\n|move|p1a: Gurdurr|Mach Punch|p2a: Kommo-o\n|-damage|p2a: Kommo-o|17/100\n|move|p2a: Kommo-o|Drain Punch|p1a: Gurdurr\n|-damage|p1a: Gurdurr|6/283\n|-heal|p2a: Kommo-o|32/100|[from] drain|[of] p1a: Gurdurr\n|\n|upkeep\n|turn|13\n|inactive|Time left: 300 sec this turn | 300 sec total\n|\n|t:|1783564741\n|move|p1a: Gurdurr|Mach Punch|p2a: Kommo-o\n|-damage|p2a: Kommo-o|20/100\n|move|p2a: Kommo-o|Boomburst|p1a: Gurdurr\n|-damage|p1a: Gurdurr|0 fnt\n|faint|p1a: Gurdurr\n|\n|upkeep\n|inactive|Time left: 300 sec this turn | 300 sec total | 5 sec grace\n|\n|t:|1783564742\n|switch|p1a: Lokix|Lokix, L82, F|251/251\n|turn|14\n|inactive|Time left: 300 sec this turn | 300 sec total\n|\n|t:|1783564743\n|move|p1a: Lokix|First Impression|p2a: Kommo-o\n|-resisted|p2a: Kommo-o\n|-damage|p2a: Kommo-o|0 fnt\n|faint|p2a: Kommo-o\n|-damage|p1a: Lokix|226/251|[from] item: Life Orb\n|\n|upkeep\n|\n|t:|1783564744\n|switch|p2a: Toucannon|Toucannon, L88, M|100/100\n|turn|15\n|inactive|Time left: 300 sec this turn | 300 sec total\n|\n|t:|1783564745\n|-singleturn|p2a: Toucannon|move: Beak Blast\n|move|p1a: Lokix|Knock Off|p2a: Toucannon\n|-damage|p2a: Toucannon|55/100\n|-status|p1a: Lokix|brn\n|-enditem|p2a: Toucannon|Heavy-Duty Boots|[from] move: Knock Off|[of] p1a: Lokix\n|-damage|p1a: Lokix|201/251 brn|[from] item: Life Orb\n|move|p2a: Toucannon|Beak Blast|p1a: Lokix\n|-supereffective|p1a: Lokix\n|-damage|p1a: Lokix|0 fnt\n|faint|p1a: Lokix\n|\n|upkeep\n|inactive|Time left: 300 sec this turn | 300 sec total | 5 sec grace\n|\n|t:|1783564746\n|switch|p1a: Sceptile|Sceptile, L87, F|264/264\n|turn|16\n|inactive|Time left: 300 sec this turn | 300 sec total\n|\n|t:|1783564747\n|-singleturn|p2a: Toucannon|move: Beak Blast\n|move|p1a: Sceptile|Rock Slide|p2a: Toucannon\n|-supereffective|p2a: Toucannon\n|-damage|p2a: Toucannon|4/100\n|-damage|p1a: Sceptile|238/264|[from] item: Life Orb\n|move|p2a: Toucannon|Beak Blast|p1a: Sceptile\n|-supereffective|p1a: Sceptile\n|-damage|p1a: Sceptile|0 fnt\n|faint|p1a: Sceptile\n|\n|win|p0y2137b4b4", "uploadtime": 1783564747, "views": 0, "rating": 0, "private": 0, "password": null, "_winner": "p0y2137b4b4", "_our_name": "p0x2137cefb"}