{"id": "battle-gen9randombattle-563", "formatid": "gen9randombattle", "format": "[Gen 9] Random Battle", "players": ["p0x563afd5", "p0y563ea69"], "log": "|init|battle\n|title|p0x563afd5 vs. p0y563ea69\n|j|\u2606p0x563afd5\n|j|\u2606p0y563ea69\n|t:|1783545623\n|gametype|singles\n|player|p1|p0x563afd5|2|\n|player|p2|p0y563ea69|265|\n|gen|9\n|tier|[Gen 9] Random Battle\n|rule|Species Clause: Limit one of each Pok\u00e9mon\n|rule|HP Percentage Mod: HP is shown in percentages\n|rule|Sleep Clause Mod: Limit one foe put to sleep\n|rule|Illusion Level Mod: Illusion disguises the Pok\u00e9mon's true level\n|\n|t:|1783545623\n|teamsize|p1|6\n|teamsize|p2|6\n|start\n|switch|p1a: Garchomp|Garchomp, L74, F|282/282\n|switch|p2a: Breloom|Breloom, L83, F|100/100\n|turn|1\n|inactive|Battle timer is ON: inactive players will automatically lose when time's up. (requested by p0x563afd5)\n|inactive|p0y563ea69 also wants the timer to be on.\n|\n|t:|1783545624\n|move|p1a: Garchomp|Swords Dance|p1a: Garchomp\n|-boost|p1a: Garchomp|atk|2\n|move|p2a: Breloom|Bullet Seed|p1a: Garchomp\n|-damage|p1a: Garchomp|208/282\n|-damage|p1a: Garchomp|142/282\n|-hitcount|p1a: Garchomp|2\n|-damage|p2a: Breloom|91/100|[from] item: Life Orb\n|\n|upkeep\n|turn|2\n|inactive|Time left: 300 sec this turn | 300 sec total\n|\n|t:|1783545625\n|move|p2a: Breloom|Mach Punch|p1a: Garchomp\n|-damage|p1a: Garchomp|41/282\n|-damage|p2a: Breloom|78/100|[from] ability: Rough Skin|[of] p1a: Garchomp\n|-damage|p2a: Breloom|69/100|[from] item: Life Orb\n|move|p1a: Garchomp|Scale Shot|p2a: Breloom\n|-damage|p2a: Breloom|44/100\n|-damage|p2a: Breloom|20/100\n|-damage|p2a: Breloom|0 fnt\n|faint|p2a: Breloom\n|-hitcount|p2: Breloom|3\n|-unboost|p1a: Garchomp|def|1\n|-boost|p1a: Garchomp|spe|1\n|\n|upkeep\n|\n|t:|1783545626\n|switch|p2a: Medicham|Medicham, L86, M|100/100\n|turn|3\n|inactive|Time left: 300 sec this turn | 300 sec total\n|\n|t:|1783545627\n|move|p2a: Medicham|Bullet Punch|p1a: Garchomp\n|-damage|p1a: Garchomp|0 fnt\n|-damage|p2a: Medicham|88/100|[from] ability: Rough Skin|[of] p1a: Garchomp\n|faint|p1a: Garchomp\n|\n|upkeep\n|inactive|Time left: 300 sec this turn | 300 sec total | 5 sec grace\n|\n|t:|1783545628\n|switch|p1a: Leafeon|Leafeon, L88, F|258/258\n|turn|4\n|inactive|Time left: 300 sec this turn | 300 sec total\n|\n|t:|1783545629\n|switch|p2a: Salamence|Salamence, L77, F|100/100\n|-ability|p2a: Salamence|Intimidate|boost\n|-unboost|p1a: Leafeon|atk|1\n|move|p1a: Leafeon|Swords Dance|p1a: Leafeon\n|-boost|p1a: Leafeon|atk|2\n|\n|upkeep\n|turn|5\n|inactive|Time left: 300 sec this turn | 300 sec total\n|\n|t:|1783545630\n|move|p1a: Leafeon|Swords Dance|p1a: Leafeon\n|-boost|p1a: Leafeon|atk|2\n|move|p2a: Salamence|Outrage|p1a: Leafeon\n|-damage|p1a: Leafeon|164/258\n|\n|-heal|p1a: Leafeon|180/258|[from] item: Leftovers\n|upkeep\n|turn|6\n|inactive|Time left: 300 sec this turn | 300 sec total\n|\n|t:|1783545631\n|-terastallize|p1a: Leafeon|Dark\n|move|p1a: Leafeon|Knock Off|p2a: Salamence\n|-damage|p2a: Salamence|0 fnt\n|-enditem|p2a: Salamence|Heavy-Duty Boots|[from] move: Knock Off|[of] p1a: Leafeon\n|faint|p2a: Salamence\n|\n|-heal|p1a: Leafeon|196/258|[from] item: Leftovers\n|upkeep\n|\n|t:|1783545632\n|switch|p2a: Brambleghast|Brambleghast, L88, F|100/100\n|turn|7\n|inactive|Time left: 300 sec this turn | 300 sec total\n|\n|t:|1783545633\n|switch|p2a: Milotic|Milotic, L83, M|100/100\n|move|p1a: Leafeon|Knock Off|p2a: Milotic\n|-crit|p2a: Milotic\n|-damage|p2a: Milotic|0 fnt\n|-enditem|p2a: Milotic|Leftovers|[from] move: Knock Off|[of] p1a: Leafeon\n|faint|p2a: Milotic\n|\n|-heal|p1a: Leafeon|212/258|[from] item: Leftovers\n|upkeep\n|\n|t:|1783545634\n|switch|p2a: Medicham|Medicham, L86, M|88/100\n|turn|8\n|inactive|Time left: 300 sec this turn | 300 sec total\n|\n|t:|1783545634\n|-terastallize|p2a: Medicham|Fighting\n|move|p1a: Leafeon|Leaf Blade|p2a: Medicham\n|-damage|p2a: Medicham|0 fnt\n|faint|p2a: Medicham\n|\n|-heal|p1a: Leafeon|228/258|[from] item: Leftovers\n|upkeep\n|\n|t:|1783545635\n|switch|p2a: Vikavolt|Vikavolt, L83, F|100/100\n|turn|9\n|inactive|Time left: 300 sec this turn | 300 sec total\n|\n|t:|1783545636\n|move|p1a: Leafeon|Knock Off|p2a: Vikavolt\n|-damage|p2a: Vikavolt|0 fnt\n|-enditem|p2a: Vikavolt|Heavy-Duty Boots|[from] move: Knock Off|[of] p1a: Leafeon\n|faint|p2a: Vikavolt\n|\n|-heal|p1a: Leafeon|244/258|[from] item: Leftovers\n|upkeep\n|\n|t:|1783545637\n|switch|p2a: Brambleghast|Brambleghast, L88, F|100/100\n|turn|10\n|inactive|Time left: 300 sec this turn | 300 sec total\n|\n|t:|1783545638\n|move|p1a: Leafeon|Knock Off|p2a: Brambleghast\n|-supereffective|p2a: Brambleghast\n|-damage|p2a: Brambleghast|0 fnt\n|-enditem|p2a: Brambleghast|Leftovers|[from] move: Knock Off|[of] p1a: Leafeon\n|faint|p2a: Brambleghast\n|\n|win|p0x563afd5", "uploadtime": 1783545638, "views": 0, "rating": 0, "private": 0, "password": null, "_winner": "p0x563afd5", "_our_name": "p0x563afd5"}