{"id": "battle-gen9randombattle-2737", "formatid": "gen9randombattle", "format": "[Gen 9] Random Battle", "players": ["p0x2737a4f9", "p0y27372a9d"], "log": "|init|battle\n|title|p0x2737a4f9 vs. p0y27372a9d\n|j|\u2606p0x2737a4f9\n|j|\u2606p0y27372a9d\n|t:|1783571558\n|gametype|singles\n|player|p1|p0x2737a4f9|170|\n|player|p2|p0y27372a9d|1|\n|gen|9\n|tier|[Gen 9] Random Battle\n|rule|Species Clause: Limit one of each Pok\u00e9mon\n|rule|HP Percentage Mod: HP is shown in percentages\n|rule|Sleep Clause Mod: Limit one foe put to sleep\n|rule|Illusion Level Mod: Illusion disguises the Pok\u00e9mon's true level\n|\n|t:|1783571558\n|teamsize|p1|6\n|teamsize|p2|6\n|start\n|switch|p1a: Azelf|Azelf, L82|100/100\n|switch|p2a: Gumshoos|Gumshoos, L95, M|321/321\n|turn|1\n|inactive|Battle timer is ON: inactive players will automatically lose when time's up. (requested by p0x2737a4f9)\n|inactive|Time left: 300 sec this turn | 300 sec total | 60 sec grace\n|inactive|p0y27372a9d also wants the timer to be on.\n|\n|t:|1783571560\n|switch|p1a: Mimikyu|Mimikyu, L79, M|100/100\n|move|p2a: Gumshoos|Knock Off|p1a: Mimikyu\n|-activate|p1a: Mimikyu|ability: Disguise\n|-damage|p1a: Mimikyu|100/100\n|-enditem|p1a: Mimikyu|Life Orb|[from] move: Knock Off|[of] p2a: Gumshoos\n|detailschange|p1a: Mimikyu|Mimikyu-Busted, L79, M\n|-damage|p1a: Mimikyu|88/100|[from] pokemon: Mimikyu-Busted\n|\n|upkeep\n|turn|2\n|inactive|Time left: 300 sec this turn | 300 sec total\n|\n|t:|1783571561\n|-terastallize|p1a: Mimikyu|Fairy\n|move|p1a: Mimikyu|Swords Dance|p1a: Mimikyu\n|-boost|p1a: Mimikyu|atk|2\n|move|p2a: Gumshoos|Knock Off|p1a: Mimikyu\n|-resisted|p1a: Mimikyu\n|-damage|p1a: Mimikyu|63/100\n|\n|upkeep\n|turn|3\n|inactive|Time left: 300 sec this turn | 300 sec total\n|\n|t:|1783571562\n|move|p1a: Mimikyu|Play Rough|p2a: Gumshoos\n|-damage|p2a: Gumshoos|87/321\n|-unboost|p2a: Gumshoos|atk|1\n|move|p2a: Gumshoos|Knock Off|p1a: Mimikyu\n|-resisted|p1a: Mimikyu\n|-damage|p1a: Mimikyu|47/100\n|\n|upkeep\n|turn|4\n|inactive|Time left: 300 sec this turn | 300 sec total\n|\n|t:|1783571563\n|switch|p2a: Empoleon|Empoleon, L84, M|278/278\n|move|p1a: Mimikyu|Play Rough|p2a: Empoleon\n|-resisted|p2a: Empoleon\n|-damage|p2a: Empoleon|167/278\n|\n|-heal|p2a: Empoleon|184/278|[from] item: Leftovers\n|upkeep\n|turn|5\n|inactive|Time left: 300 sec this turn | 300 sec total\n|\n|t:|1783571564\n|move|p1a: Mimikyu|Play Rough|p2a: Empoleon\n|-resisted|p2a: Empoleon\n|-damage|p2a: Empoleon|86/278\n|move|p2a: Empoleon|Surf|p1a: Mimikyu\n|-damage|p1a: Mimikyu|5/100\n|\n|-heal|p2a: Empoleon|103/278|[from] item: Leftovers\n|upkeep\n|turn|6\n|inactive|Time left: 300 sec this turn | 300 sec total\n|\n|t:|1783571565\n|switch|p2a: Wigglytuff|Wigglytuff, L96, M|424/424\n|move|p1a: Mimikyu|Shadow Claw|p2a: Wigglytuff\n|-immune|p2a: Wigglytuff\n|\n|upkeep\n|turn|7\n|inactive|Time left: 300 sec this turn | 300 sec total\n|\n|t:|1783571566\n|move|p1a: Mimikyu|Play Rough|p2a: Wigglytuff\n|-damage|p2a: Wigglytuff|152/424\n|-unboost|p2a: Wigglytuff|atk|1\n|-ability|p2a: Wigglytuff|Competitive|boost\n|-boost|p2a: Wigglytuff|spa|2\n|move|p2a: Wigglytuff|Dazzling Gleam|p1a: Mimikyu\n|-damage|p1a: Mimikyu|0 fnt\n|faint|p1a: Mimikyu\n|\n|-heal|p2a: Wigglytuff|178/424|[from] item: Leftovers\n|upkeep\n|\n|t:|1783571567\n|switch|p1a: Mienshao|Mienshao, L83, M|100/100\n|turn|8\n|inactive|Time left: 300 sec this turn | 300 sec total\n|\n|t:|1783571568\n|move|p1a: Mienshao|Close Combat|p2a: Wigglytuff\n|-damage|p2a: Wigglytuff|0 fnt\n|-unboost|p1a: Mienshao|def|1\n|-unboost|p1a: Mienshao|spd|1\n|faint|p2a: Wigglytuff\n|\n|upkeep\n|inactive|Time left: 300 sec this turn | 300 sec total | 5 sec grace\n|\n|t:|1783571569\n|switch|p2a: Enamorus|Enamorus-Therian, L83, F|259/259\n|turn|9\n|inactive|Time left: 300 sec this turn | 300 sec total\n|\n|t:|1783571570\n|move|p1a: Mienshao|U-turn|p2a: Enamorus\n|-resisted|p2a: Enamorus\n|-damage|p2a: Enamorus|246/259\n|\n|t:|1783571571\n|switch|p1a: Samurott|Samurott, L88, F|100/100|[from] U-turn\n|move|p2a: Enamorus|Moonblast|p1a: Samurott\n|-damage|p1a: Samurott|68/100\n|\n|upkeep\n|turn|10\n|inactive|Time left: 300 sec this turn | 300 sec total\n|\n|t:|1783571572\n|move|p1a: Samurott|Hydro Pump|p2a: Enamorus\n|-damage|p2a: Enamorus|168/259\n|move|p2a: Enamorus|Moonblast|p1a: Samurott\n|-damage|p1a: Samurott|35/100\n|\n|upkeep\n|turn|11\n|inactive|Time left: 300 sec this turn | 300 sec total\n|\n|t:|1783571573\n|move|p1a: Samurott|Hydro Pump|p2a: Enamorus\n|-damage|p2a: Enamorus|78/259\n|move|p2a: Enamorus|Moonblast|p1a: Samurott\n|-damage|p1a: Samurott|5/100\n|\n|upkeep\n|turn|12\n|inactive|Time left: 300 sec this turn | 300 sec total\n|\n|t:|1783571574\n|switch|p2a: Empoleon|Empoleon, L84, M|103/278\n|move|p1a: Samurott|Hydro Pump|p2a: Empoleon|[miss]\n|-miss|p1a: Samurott|p2a: Empoleon\n|\n|-heal|p2a: Empoleon|120/278|[from] item: Leftovers\n|upkeep\n|turn|13\n|inactive|Time left: 300 sec this turn | 300 sec total\n|\n|t:|1783571576\n|move|p1a: Samurott|Knock Off|p2a: Empoleon\n|-damage|p2a: Empoleon|38/278\n|-enditem|p2a: Empoleon|Leftovers|[from] move: Knock Off|[of] p1a: Samurott\n|move|p2a: Empoleon|Roost|p2a: Empoleon\n|-heal|p2a: Empoleon|177/278\n|-singleturn|p2a: Empoleon|move: Roost\n|\n|upkeep\n|turn|14\n|inactive|Time left: 300 sec this turn | 300 sec total\n|\n|t:|1783571577\n|move|p1a: Samurott|Hydro Pump|p2a: Empoleon\n|-resisted|p2a: Empoleon\n|-damage|p2a: Empoleon|85/278\n|move|p2a: Empoleon|Surf|p1a: Samurott\n|-resisted|p1a: Samurott\n|-damage|p1a: Samurott|0 fnt\n|faint|p1a: Samurott\n|\n|upkeep\n|\n|t:|1783571578\n|switch|p1a: Sawsbuck|Sawsbuck-Autumn, L88, M|100/100\n|turn|15\n|inactive|Time left: 300 sec this turn | 300 sec total\n|\n|t:|1783571579\n|move|p1a: Sawsbuck|Swords Dance|p1a: Sawsbuck\n|-boost|p1a: Sawsbuck|atk|2\n|move|p2a: Empoleon|Roar|p1a: Sawsbuck\n|drag|p1a: Azelf|Azelf, L82|100/100\n|\n|upkeep\n|turn|16\n|inactive|Time left: 300 sec this turn | 300 sec total\n|\n|t:|1783571580\n|move|p1a: Azelf|Fire Blast|p2a: Empoleon\n|-damage|p2a: Empoleon|0 fnt\n|faint|p2a: Empoleon\n|\n|upkeep\n|inactive|Time left: 300 sec this turn | 300 sec total | 5 sec grace\n|\n|t:|1783571581\n|switch|p2a: Hypno|Hypno, L95, M|315/315\n|turn|17\n|inactive|Time left: 300 sec this turn | 300 sec total\n|\n|t:|1783571582\n|move|p1a: Azelf|Fire Blast|p2a: Hypno\n|-damage|p2a: Hypno|224/315\n|move|p2a: Hypno|Knock Off|p1a: Azelf\n|-supereffective|p1a: Azelf\n|-damage|p1a: Azelf|31/100\n|-enditem|p1a: Azelf|Choice Specs|[from] move: Knock Off|[of] p2a: Hypno\n|\n|-heal|p2a: Hypno|243/315|[from] item: Leftovers\n|upkeep\n|turn|18\n|inactive|Time left: 300 sec this turn | 300 sec total\n|\n|t:|1783571584\n|move|p1a: Azelf|U-turn|p2a: Hypno\n|-supereffective|p2a: Hypno\n|-damage|p2a: Hypno|131/315\n|\n|t:|1783571584\n|switch|p1a: Staraptor|Staraptor, L79, F|100/100|[from] U-turn\n|move|p2a: Hypno|Knock Off|p1a: Staraptor\n|-damage|p1a: Staraptor|69/100\n|-enditem|p1a: Staraptor|Choice Band|[from] move: Knock Off|[of] p2a: Hypno\n|\n|-heal|p2a: Hypno|150/315|[from] item: Leftovers\n|upkeep\n|turn|19\n|inactive|Time left: 300 sec this turn | 300 sec total\n|\n|t:|1783571585\n|move|p1a: Staraptor|Brave Bird|p2a: Hypno\n|-damage|p2a: Hypno|0 fnt\n|faint|p2a: Hypno\n|-damage|p1a: Staraptor|50/100|[from] Recoil\n|\n|upkeep\n|inactive|Time left: 300 sec this turn | 300 sec total | 5 sec grace\n|\n|t:|1783571586\n|switch|p2a: Illumise|Illumise, L91, F|266/266\n|turn|20\n|inactive|Time left: 300 sec this turn | 300 sec total\n|\n|t:|1783571587\n|move|p2a: Illumise|Bug Buzz|p1a: Staraptor\n|-resisted|p1a: Staraptor\n|-damage|p1a: Staraptor|26/100\n|move|p1a: Staraptor|Brave Bird|p2a: Illumise\n|-supereffective|p2a: Illumise\n|-damage|p2a: Illumise|0 fnt\n|faint|p2a: Illumise\n|-damage|p1a: Staraptor|0 fnt|[from] Recoil\n|faint|p1a: Staraptor\n|\n|upkeep\n|inactive|Time left: 300 sec this turn | 300 sec total | 5 sec grace\n|\n|t:|1783571588\n|switch|p2a: Gumshoos|Gumshoos, L95, M|87/321\n|switch|p1a: Azelf|Azelf, L82|31/100\n|turn|21\n|inactive|Time left: 300 sec this turn | 300 sec total\n|\n|t:|1783571588\n|switch|p2a: Enamorus|Enamorus-Therian, L83, F|78/259\n|move|p1a: Azelf|Psyshock|p2a: Enamorus\n|-damage|p2a: Enamorus|0 fnt\n|faint|p2a: Enamorus\n|\n|upkeep\n|inactive|Time left: 300 sec this turn | 300 sec total | 5 sec grace\n|\n|t:|1783571589\n|switch|p2a: Gumshoos|Gumshoos, L95, M|87/321\n|turn|22\n|inactive|Time left: 300 sec this turn | 300 sec total\n|\n|t:|1783571590\n|-terastallize|p2a: Gumshoos|Ground\n|move|p1a: Azelf|Psyshock|p2a: Gumshoos\n|-damage|p2a: Gumshoos|0 fnt\n|faint|p2a: Gumshoos\n|\n|win|p0x2737a4f9", "uploadtime": 1783571590, "views": 0, "rating": 0, "private": 0, "password": null, "_winner": "p0x2737a4f9", "_our_name": "p0y27372a9d"}