{"id": "battle-gen9randombattle-1301", "formatid": "gen9randombattle", "format": "[Gen 9] Random Battle", "players": ["p0x1301cc6c", "p0y130101eb"], "log": "|init|battle\n|title|p0x1301cc6c vs. p0y130101eb\n|j|\u2606p0x1301cc6c\n|j|\u2606p0y130101eb\n|t:|1783554231\n|gametype|singles\n|player|p1|p0x1301cc6c|1|\n|player|p2|p0y130101eb|266|\n|gen|9\n|tier|[Gen 9] Random Battle\n|rule|Species Clause: Limit one of each Pok\u00e9mon\n|rule|HP Percentage Mod: HP is shown in percentages\n|rule|Sleep Clause Mod: Limit one foe put to sleep\n|rule|Illusion Level Mod: Illusion disguises the Pok\u00e9mon's true level\n|\n|t:|1783554231\n|teamsize|p1|6\n|teamsize|p2|6\n|start\n|switch|p1a: Regieleki|Regieleki, L79|100/100\n|switch|p2a: Stantler|Stantler, L92, M|284/284\n|-ability|p2a: Stantler|Intimidate|boost\n|-unboost|p1a: Regieleki|atk|1\n|turn|1\n|inactive|Battle timer is ON: inactive players will automatically lose when time's up. (requested by p0x1301cc6c)\n|inactive|Time left: 300 sec this turn | 300 sec total | 60 sec grace\n|inactive|p0y130101eb also wants the timer to be on.\n|\n|t:|1783554233\n|move|p1a: Regieleki|Volt Switch|p2a: Stantler\n|-damage|p2a: Stantler|200/284\n|\n|t:|1783554234\n|switch|p1a: Torterra|Torterra, L78, M|100/100|[from] Volt Switch\n|move|p2a: Stantler|Earthquake|p1a: Torterra\n|-resisted|p1a: Torterra\n|-damage|p1a: Torterra|87/100\n|\n|upkeep\n|turn|2\n|inactive|Time left: 300 sec this turn | 300 sec total\n|\n|t:|1783554235\n|move|p2a: Stantler|Body Slam|p1a: Torterra\n|-crit|p1a: Torterra\n|-damage|p1a: Torterra|36/100\n|move|p1a: Torterra|Shell Smash|p1a: Torterra\n|-unboost|p1a: Torterra|def|1\n|-unboost|p1a: Torterra|spd|1\n|-boost|p1a: Torterra|atk|2\n|-boost|p1a: Torterra|spa|2\n|-boost|p1a: Torterra|spe|2\n|\n|upkeep\n|turn|3\n|inactive|Time left: 300 sec this turn | 300 sec total\n|\n|t:|1783554236\n|move|p1a: Torterra|Headlong Rush|p2a: Stantler\n|-damage|p2a: Stantler|0 fnt\n|-unboost|p1a: Torterra|def|1\n|-unboost|p1a: Torterra|spd|1\n|faint|p2a: Stantler\n|\n|upkeep\n|inactive|Time left: 300 sec this turn | 300 sec total | 5 sec grace\n|\n|t:|1783554237\n|switch|p2a: Keldeo|Keldeo-Resolute, L79|273/273\n|turn|4\n|inactive|Time left: 300 sec this turn | 300 sec total\n|\n|t:|1783554237\n|move|p2a: Keldeo|Vacuum Wave|p1a: Torterra\n|-damage|p1a: Torterra|0 fnt\n|faint|p1a: Torterra\n|-damage|p2a: Keldeo|246/273|[from] item: Life Orb\n|\n|upkeep\n|\n|t:|1783554238\n|switch|p1a: Reuniclus|Reuniclus, L88, F|100/100\n|turn|5\n|inactive|Time left: 300 sec this turn | 300 sec total\n|\n|t:|1783554239\n|switch|p2a: Bombirdier|Bombirdier, L85, F|258/258\n|move|p1a: Reuniclus|Psychic|p2a: Bombirdier\n|-immune|p2a: Bombirdier\n|\n|upkeep\n|turn|6\n|inactive|Time left: 300 sec this turn | 300 sec total\n|\n|t:|1783554240\n|move|p2a: Bombirdier|Knock Off|p1a: Reuniclus\n|-supereffective|p1a: Reuniclus\n|-damage|p1a: Reuniclus|0 fnt\n|-enditem|p1a: Reuniclus|Life Orb|[from] move: Knock Off|[of] p2a: Bombirdier\n|faint|p1a: Reuniclus\n|\n|upkeep\n|\n|t:|1783554241\n|switch|p1a: Okidogi|Okidogi, L77, M|100/100\n|turn|7\n|inactive|Time left: 300 sec this turn | 300 sec total\n|\n|t:|1783554242\n|move|p2a: Bombirdier|Knock Off|p1a: Okidogi\n|-resisted|p1a: Okidogi\n|-damage|p1a: Okidogi|72/100\n|-enditem|p1a: Okidogi|Assault Vest|[from] move: Knock Off|[of] p2a: Bombirdier\n|move|p1a: Okidogi|Gunk Shot|p2a: Bombirdier\n|-damage|p2a: Bombirdier|119/258\n|\n|upkeep\n|turn|8\n|inactive|Time left: 300 sec this turn | 300 sec total\n|\n|t:|1783554243\n|switch|p2a: Gholdengo|Gholdengo, L77|261/261\n|move|p1a: Okidogi|Drain Punch|p2a: Gholdengo\n|-immune|p2a: Gholdengo\n|\n|upkeep\n|turn|9\n|inactive|Time left: 300 sec this turn | 300 sec total\n|\n|t:|1783554244\n|move|p2a: Gholdengo|Nasty Plot|p2a: Gholdengo\n|-boost|p2a: Gholdengo|spa|2\n|move|p1a: Okidogi|Knock Off|p2a: Gholdengo\n|-supereffective|p2a: Gholdengo\n|-damage|p2a: Gholdengo|109/261\n|-enditem|p2a: Gholdengo|Leftovers|[from] move: Knock Off|[of] p1a: Okidogi\n|\n|upkeep\n|turn|10\n|inactive|Time left: 300 sec this turn | 300 sec total\n|\n|t:|1783554245\n|move|p2a: Gholdengo|Shadow Ball|p1a: Okidogi\n|-damage|p1a: Okidogi|1/100\n|-unboost|p1a: Okidogi|spd|1\n|move|p1a: Okidogi|Knock Off|p2a: Gholdengo\n|-supereffective|p2a: Gholdengo\n|-damage|p2a: Gholdengo|7/261\n|\n|upkeep\n|turn|11\n|inactive|Time left: 300 sec this turn | 300 sec total\n|\n|t:|1783554246\n|move|p2a: Gholdengo|Shadow Ball|p1a: Okidogi\n|-damage|p1a: Okidogi|0 fnt\n|faint|p1a: Okidogi\n|\n|upkeep\n|\n|t:|1783554247\n|switch|p1a: Regieleki|Regieleki, L79|100/100\n|turn|12\n|inactive|Time left: 300 sec this turn | 300 sec total\n|\n|t:|1783554248\n|move|p1a: Regieleki|Volt Switch|p2a: Gholdengo\n|-damage|p2a: Gholdengo|0 fnt\n|faint|p2a: Gholdengo\n|\n|t:|1783554249\n|switch|p1a: Banette|Banette, L93, F|100/100|[from] Volt Switch\n|\n|upkeep\n|inactive|Time left: 300 sec this turn | 300 sec total | 10 sec grace\n|\n|t:|1783554250\n|switch|p2a: Bombirdier|Bombirdier, L85, F|119/258\n|turn|13\n|inactive|Time left: 300 sec this turn | 300 sec total\n|\n|t:|1783554251\n|move|p2a: Bombirdier|Knock Off|p1a: Banette\n|-supereffective|p1a: Banette\n|-damage|p1a: Banette|0 fnt\n|-enditem|p1a: Banette|Life Orb|[from] move: Knock Off|[of] p2a: Bombirdier\n|faint|p1a: Banette\n|\n|upkeep\n|\n|t:|1783554252\n|switch|p1a: Regieleki|Regieleki, L79|100/100\n|turn|14\n|inactive|Time left: 300 sec this turn | 300 sec total\n|\n|t:|1783554253\n|switch|p2a: Swalot|Swalot, L90, M|326/326\n|move|p1a: Regieleki|Thunderbolt|p2a: Swalot\n|-damage|p2a: Swalot|193/326\n|\n|-heal|p2a: Swalot|213/326|[from] item: Leftovers\n|upkeep\n|turn|15\n|inactive|Time left: 300 sec this turn | 300 sec total\n|\n|t:|1783554254\n|move|p1a: Regieleki|Thunderbolt|p2a: Swalot\n|-damage|p2a: Swalot|90/326\n|move|p2a: Swalot|Sludge Bomb|p1a: Regieleki\n|-crit|p1a: Regieleki\n|-damage|p1a: Regieleki|21/100\n|\n|-heal|p2a: Swalot|110/326|[from] item: Leftovers\n|upkeep\n|turn|16\n|inactive|Time left: 300 sec this turn | 300 sec total\n|\n|t:|1783554255\n|move|p1a: Regieleki|Thunderbolt|p2a: Swalot\n|-damage|p2a: Swalot|0 fnt\n|faint|p2a: Swalot\n|\n|upkeep\n|inactive|Time left: 300 sec this turn | 300 sec total | 5 sec grace\n|\n|t:|1783554256\n|switch|p2a: Keldeo|Keldeo-Resolute, L79|246/273\n|turn|17\n|inactive|Time left: 300 sec this turn | 300 sec total\n|\n|t:|1783554257\n|switch|p1a: Solgaleo|Solgaleo, L74|100/100\n|move|p2a: Keldeo|Vacuum Wave|p1a: Solgaleo\n|-damage|p1a: Solgaleo|80/100\n|-damage|p2a: Keldeo|219/273|[from] item: Life Orb\n|\n|upkeep\n|turn|18\n|inactive|Time left: 300 sec this turn | 300 sec total\n|\n|t:|1783554258\n|move|p2a: Keldeo|Hydro Pump|p1a: Solgaleo\n|-damage|p1a: Solgaleo|17/100\n|-damage|p2a: Keldeo|192/273|[from] item: Life Orb\n|move|p1a: Solgaleo|Sunsteel Strike|p2a: Keldeo\n|-resisted|p2a: Keldeo\n|-damage|p2a: Keldeo|135/273\n|\n|upkeep\n|turn|19\n|inactive|Time left: 300 sec this turn | 300 sec total\n|\n|t:|1783554259\n|move|p2a: Keldeo|Secret Sword|p1a: Solgaleo\n|-damage|p1a: Solgaleo|0 fnt\n|faint|p1a: Solgaleo\n|-damage|p2a: Keldeo|108/273|[from] item: Life Orb\n|\n|upkeep\n|\n|t:|1783554261\n|switch|p1a: Regieleki|Regieleki, L79|21/100\n|turn|20\n|inactive|Time left: 300 sec this turn | 300 sec total\n|\n|t:|1783554262\n|move|p2a: Keldeo|Vacuum Wave|p1a: Regieleki\n|-damage|p1a: Regieleki|0 fnt\n|faint|p1a: Regieleki\n|-damage|p2a: Keldeo|81/273|[from] item: Life Orb\n|\n|win|p0y130101eb", "uploadtime": 1783554262, "views": 0, "rating": 0, "private": 0, "password": null, "_winner": "p0y130101eb", "_our_name": "p0y130101eb"}