{"id": "battle-gen9randombattle-918", "formatid": "gen9randombattle", "format": "[Gen 9] Random Battle", "players": ["p0x9187579", "p0y918564f"], "log": "|init|battle\n|title|p0x9187579 vs. p0y918564f\n|j|\u2606p0x9187579\n|j|\u2606p0y918564f\n|t:|1783549792\n|gametype|singles\n|player|p1|p0x9187579|266|\n|player|p2|p0y918564f|2|\n|gen|9\n|tier|[Gen 9] Random Battle\n|rule|Species Clause: Limit one of each Pok\u00e9mon\n|rule|HP Percentage Mod: HP is shown in percentages\n|rule|Sleep Clause Mod: Limit one foe put to sleep\n|rule|Illusion Level Mod: Illusion disguises the Pok\u00e9mon's true level\n|\n|t:|1783549792\n|teamsize|p1|6\n|teamsize|p2|6\n|start\n|switch|p1a: Flamigo|Flamigo, L82, F|100/100\n|switch|p2a: Eternatus|Eternatus, L69|308/308\n|-ability|p2a: Eternatus|Pressure\n|turn|1\n|inactive|Battle timer is ON: inactive players will automatically lose when time's up. (requested by p0x9187579)\n|inactive|Time left: 300 sec this turn | 300 sec total | 60 sec grace\n|inactive|p0y918564f also wants the timer to be on.\n|\n|t:|1783549794\n|move|p2a: Eternatus|Dynamax Cannon|p1a: Flamigo\n|-damage|p1a: Flamigo|54/100\n|move|p1a: Flamigo|Swords Dance|p1a: Flamigo\n|-boost|p1a: Flamigo|atk|2\n|\n|upkeep\n|turn|2\n|inactive|Time left: 300 sec this turn | 300 sec total\n|\n|t:|1783549795\n|-terastallize|p2a: Eternatus|Dragon\n|move|p2a: Eternatus|Dynamax Cannon|p1a: Flamigo\n|-damage|p1a: Flamigo|0 fnt\n|faint|p1a: Flamigo\n|\n|upkeep\n|\n|t:|1783549796\n|switch|p1a: Lurantis|Lurantis, L87, M|100/100\n|turn|3\n|inactive|Time left: 300 sec this turn | 300 sec total\n|\n|t:|1783549797\n|move|p2a: Eternatus|Sludge Bomb|p1a: Lurantis\n|-supereffective|p1a: Lurantis\n|-damage|p1a: Lurantis|59/100\n|move|p1a: Lurantis|Superpower|p2a: Eternatus\n|-damage|p2a: Eternatus|203/308\n|-boost|p1a: Lurantis|atk|1\n|-boost|p1a: Lurantis|def|1\n|-damage|p1a: Lurantis|42/100|[from] item: Rocky Helmet|[of] p2a: Eternatus\n|\n|upkeep\n|turn|4\n|inactive|Time left: 300 sec this turn | 300 sec total\n|\n|t:|1783549798\n|move|p2a: Eternatus|Sludge Bomb|p1a: Lurantis\n|-supereffective|p1a: Lurantis\n|-damage|p1a: Lurantis|1/100\n|-status|p1a: Lurantis|psn\n|move|p1a: Lurantis|Leaf Storm|p2a: Eternatus|[miss]\n|-miss|p1a: Lurantis|p2a: Eternatus\n|\n|-damage|p1a: Lurantis|0 fnt|[from] psn\n|faint|p1a: Lurantis\n|upkeep\n|\n|t:|1783549799\n|switch|p1a: Medicham|Medicham, L86, F|100/100\n|turn|5\n|inactive|Time left: 300 sec this turn | 300 sec total\n|\n|t:|1783549801\n|move|p2a: Eternatus|Dynamax Cannon|p1a: Medicham\n|-damage|p1a: Medicham|37/100\n|move|p1a: Medicham|Close Combat|p2a: Eternatus\n|-damage|p2a: Eternatus|0 fnt\n|-unboost|p1a: Medicham|def|1\n|-unboost|p1a: Medicham|spd|1\n|-damage|p1a: Medicham|21/100|[from] item: Rocky Helmet|[of] p2a: Eternatus\n|faint|p2a: Eternatus\n|\n|upkeep\n|inactive|Time left: 300 sec this turn | 300 sec total | 5 sec grace\n|\n|t:|1783549802\n|switch|p2a: Electivire|Electivire, L84, F|263/263\n|turn|6\n|inactive|Time left: 300 sec this turn | 300 sec total\n|\n|t:|1783549803\n|switch|p1a: Hippowdon|Hippowdon, L82, M|100/100\n|-weather|Sandstorm|[from] ability: Sand Stream|[of] p1a: Hippowdon\n|move|p2a: Electivire|Earthquake|p1a: Hippowdon\n|-damage|p1a: Hippowdon|72/100\n|-damage|p2a: Electivire|237/263|[from] item: Life Orb\n|\n|-weather|Sandstorm|[upkeep]\n|-damage|p2a: Electivire|221/263|[from] Sandstorm\n|upkeep\n|turn|7\n|inactive|Time left: 300 sec this turn | 300 sec total\n|\n|t:|1783549804\n|switch|p2a: Rabsca|Rabsca, L91, F|284/284\n|move|p1a: Hippowdon|Earthquake|p2a: Rabsca\n|-resisted|p2a: Rabsca\n|-damage|p2a: Rabsca|230/284\n|\n|-weather|Sandstorm|[upkeep]\n|-damage|p2a: Rabsca|213/284|[from] Sandstorm\n|upkeep\n|turn|8\n|inactive|Time left: 300 sec this turn | 300 sec total\n|\n|t:|1783549805\n|move|p1a: Hippowdon|Stone Edge|p2a: Rabsca\n|-supereffective|p2a: Rabsca\n|-damage|p2a: Rabsca|59/284\n|move|p2a: Rabsca|Bug Buzz|p1a: Hippowdon\n|-damage|p1a: Hippowdon|24/100\n|\n|-weather|Sandstorm|[upkeep]\n|-damage|p2a: Rabsca|42/284|[from] Sandstorm\n|upkeep\n|turn|9\n|inactive|Time left: 300 sec this turn | 300 sec total\n|\n|t:|1783549806\n|switch|p1a: Chi-Yu|Chi-Yu, L77|100/100\n|-ability|p1a: Chi-Yu|Beads of Ruin\n|move|p2a: Rabsca|Bug Buzz|p1a: Chi-Yu\n|-crit|p1a: Chi-Yu\n|-damage|p1a: Chi-Yu|26/100\n|\n|-weather|Sandstorm|[upkeep]\n|-damage|p1a: Chi-Yu|20/100|[from] Sandstorm\n|-damage|p2a: Rabsca|25/284|[from] Sandstorm\n|upkeep\n|turn|10\n|inactive|Time left: 300 sec this turn | 300 sec total\n|\n|t:|1783549807\n|move|p1a: Chi-Yu|Dark Pulse|p2a: Rabsca\n|-supereffective|p2a: Rabsca\n|-damage|p2a: Rabsca|0 fnt\n|faint|p2a: Rabsca\n|\n|-weather|none\n|upkeep\n|inactive|Time left: 300 sec this turn | 300 sec total | 5 sec grace\n|\n|t:|1783549808\n|switch|p2a: Electivire|Electivire, L84, F|221/263\n|turn|11\n|inactive|Time left: 300 sec this turn | 300 sec total\n|\n|t:|1783549809\n|move|p2a: Electivire|Earthquake|p1a: Chi-Yu\n|-supereffective|p1a: Chi-Yu\n|-damage|p1a: Chi-Yu|0 fnt\n|faint|p1a: Chi-Yu\n|-damage|p2a: Electivire|195/263|[from] item: Life Orb\n|\n|upkeep\n|\n|t:|1783549810\n|switch|p1a: Hippowdon|Hippowdon, L82, M|24/100\n|-weather|Sandstorm|[from] ability: Sand Stream|[of] p1a: Hippowdon\n|turn|12\n|inactive|Time left: 300 sec this turn | 300 sec total\n|\n|t:|1783549811\n|move|p2a: Electivire|Earthquake|p1a: Hippowdon\n|-damage|p1a: Hippowdon|0 fnt\n|faint|p1a: Hippowdon\n|-damage|p2a: Electivire|169/263|[from] item: Life Orb\n|\n|-weather|Sandstorm|[upkeep]\n|-damage|p2a: Electivire|153/263|[from] Sandstorm\n|upkeep\n|\n|t:|1783549812\n|switch|p1a: Gengar|Gengar, L81, F|100/100\n|turn|13\n|inactive|Time left: 300 sec this turn | 300 sec total\n|\n|t:|1783549813\n|move|p1a: Gengar|Sludge Wave|p2a: Electivire\n|-damage|p2a: Electivire|0 fnt\n|faint|p2a: Electivire\n|-damage|p1a: Gengar|90/100|[from] item: Life Orb\n|\n|-weather|Sandstorm|[upkeep]\n|-damage|p1a: Gengar|84/100|[from] Sandstorm\n|upkeep\n|inactive|Time left: 300 sec this turn | 300 sec total | 5 sec grace\n|\n|t:|1783549814\n|switch|p2a: Scyther|Scyther, L82, M|249/249\n|turn|14\n|inactive|Time left: 300 sec this turn | 300 sec total\n|\n|t:|1783549815\n|move|p1a: Gengar|Sludge Wave|p2a: Scyther\n|-damage|p2a: Scyther|84/249\n|-damage|p1a: Gengar|74/100|[from] item: Life Orb\n|move|p2a: Scyther|Dual Wingbeat|p1a: Gengar\n|-damage|p1a: Gengar|35/100\n|-damage|p1a: Gengar|0 fnt\n|faint|p1a: Gengar\n|-hitcount|p1: Gengar|2\n|\n|-weather|Sandstorm|[upkeep]\n|-damage|p2a: Scyther|69/249|[from] Sandstorm\n|upkeep\n|\n|t:|1783549816\n|switch|p1a: Medicham|Medicham, L86, F|21/100\n|turn|15\n|inactive|Time left: 300 sec this turn | 300 sec total\n|\n|t:|1783549817\n|move|p1a: Medicham|Bullet Punch|p2a: Scyther\n|-damage|p2a: Scyther|4/249\n|move|p2a: Scyther|Close Combat|p1a: Medicham\n|-resisted|p1a: Medicham\n|-damage|p1a: Medicham|0 fnt\n|-unboost|p2a: Scyther|def|1\n|-unboost|p2a: Scyther|spd|1\n|faint|p1a: Medicham\n|\n|win|p0y918564f", "uploadtime": 1783549817, "views": 0, "rating": 0, "private": 0, "password": null, "_winner": "p0y918564f", "_our_name": "p0y918564f"}