{"id": "battle-gen9randombattle-873", "formatid": "gen9randombattle", "format": "[Gen 9] Random Battle", "players": ["p0x873c40c", "p0y873f3ff"], "log": "|init|battle\n|title|p0x873c40c vs. p0y873f3ff\n|j|\u2606p0x873c40c\n|j|\u2606p0y873f3ff\n|t:|1783550027\n|gametype|singles\n|player|p1|p0x873c40c|1|\n|player|p2|p0y873f3ff|169|\n|gen|9\n|tier|[Gen 9] Random Battle\n|rule|Species Clause: Limit one of each Pok\u00e9mon\n|rule|HP Percentage Mod: HP is shown in percentages\n|rule|Sleep Clause Mod: Limit one foe put to sleep\n|rule|Illusion Level Mod: Illusion disguises the Pok\u00e9mon's true level\n|\n|t:|1783550027\n|teamsize|p1|6\n|teamsize|p2|6\n|start\n|switch|p1a: Blastoise|Blastoise, L80, M|258/258\n|switch|p2a: Ceruledge|Ceruledge, L78, M|100/100\n|turn|1\n|inactive|Battle timer is ON: inactive players will automatically lose when time's up. (requested by p0y873f3ff)\n|inactive|Time left: 300 sec this turn | 300 sec total | 60 sec grace\n|inactive|p0x873c40c also wants the timer to be on.\n|\n|t:|1783550029\n|move|p2a: Ceruledge|Poltergeist|p1a: Blastoise\n|-activate|p1a: Blastoise|move: Poltergeist|White Herb\n|-damage|p1a: Blastoise|129/258\n|move|p1a: Blastoise|Shell Smash|p1a: Blastoise\n|-unboost|p1a: Blastoise|def|1\n|-unboost|p1a: Blastoise|spd|1\n|-boost|p1a: Blastoise|atk|2\n|-boost|p1a: Blastoise|spa|2\n|-boost|p1a: Blastoise|spe|2\n|-enditem|p1a: Blastoise|White Herb\n|-clearnegativeboost|p1a: Blastoise|[silent]\n|\n|upkeep\n|turn|2\n|inactive|Time left: 300 sec this turn | 300 sec total\n|\n|t:|1783550031\n|-terastallize|p2a: Ceruledge|Fighting\n|move|p1a: Blastoise|Hydro Pump|p2a: Ceruledge\n|-damage|p2a: Ceruledge|25/100\n|move|p2a: Ceruledge|Close Combat|p1a: Blastoise\n|-damage|p1a: Blastoise|2/258\n|-unboost|p2a: Ceruledge|def|1\n|-unboost|p2a: Ceruledge|spd|1\n|\n|upkeep\n|turn|3\n|inactive|Time left: 300 sec this turn | 300 sec total\n|\n|t:|1783550032\n|switch|p2a: Mimikyu|Mimikyu, L79, M|100/100\n|move|p1a: Blastoise|Ice Beam|p2a: Mimikyu\n|-activate|p2a: Mimikyu|ability: Disguise\n|-damage|p2a: Mimikyu|100/100\n|detailschange|p2a: Mimikyu|Mimikyu-Busted, L79, M\n|-damage|p2a: Mimikyu|88/100|[from] pokemon: Mimikyu-Busted\n|\n|upkeep\n|turn|4\n|inactive|Time left: 300 sec this turn | 300 sec total\n|\n|t:|1783550033\n|move|p2a: Mimikyu|Shadow Sneak|p1a: Blastoise\n|-damage|p1a: Blastoise|0 fnt\n|faint|p1a: Blastoise\n|-damage|p2a: Mimikyu|78/100|[from] item: Life Orb\n|\n|upkeep\n|inactive|Time left: 300 sec this turn | 300 sec total | 5 sec grace\n|\n|t:|1783550034\n|switch|p1a: Iron Thorns|Iron Thorns, L83|302/302\n|turn|5\n|inactive|Time left: 300 sec this turn | 300 sec total\n|\n|t:|1783550035\n|switch|p2a: Toedscruel|Toedscruel, L87, F|100/100\n|move|p1a: Iron Thorns|Stone Edge|p2a: Toedscruel\n|-resisted|p2a: Toedscruel\n|-damage|p2a: Toedscruel|72/100\n|\n|-heal|p2a: Toedscruel|78/100|[from] item: Leftovers\n|upkeep\n|turn|6\n|inactive|Time left: 300 sec this turn | 300 sec total\n|\n|t:|1783550036\n|-end|p1a: Iron Thorns|Quark Drive|[silent]\n|switch|p1a: Baxcalibur|Baxcalibur, L75, M|295/295\n|move|p2a: Toedscruel|Earth Power|p1a: Baxcalibur\n|-damage|p1a: Baxcalibur|192/295\n|\n|-heal|p2a: Toedscruel|84/100|[from] item: Leftovers\n|upkeep\n|turn|7\n|inactive|Time left: 300 sec this turn | 300 sec total\n|\n|t:|1783550037\n|switch|p2a: Mimikyu|Mimikyu-Busted, L79, M|78/100\n|move|p1a: Baxcalibur|Ice Shard|p2a: Mimikyu\n|-damage|p2a: Mimikyu|41/100\n|\n|upkeep\n|turn|8\n|inactive|Time left: 300 sec this turn | 300 sec total\n|\n|t:|1783550038\n|switch|p2a: Slowking|Slowking-Galar, L85, M|100/100\n|move|p1a: Baxcalibur|Ice Shard|p2a: Slowking\n|-damage|p2a: Slowking|74/100\n|\n|upkeep\n|turn|9\n|inactive|Time left: 300 sec this turn | 300 sec total\n|\n|t:|1783550039\n|move|p1a: Baxcalibur|Ice Shard|p2a: Slowking\n|-damage|p2a: Slowking|50/100\n|move|p2a: Slowking|Sludge Bomb|p1a: Baxcalibur\n|-damage|p1a: Baxcalibur|57/295\n|-status|p1a: Baxcalibur|psn\n|\n|-damage|p1a: Baxcalibur|21/295 psn|[from] psn\n|upkeep\n|turn|10\n|inactive|Time left: 300 sec this turn | 300 sec total\n|\n|t:|1783550040\n|switch|p2a: Darkrai|Darkrai, L77|100/100\n|move|p1a: Baxcalibur|Ice Shard|p2a: Darkrai\n|-damage|p2a: Darkrai|66/100\n|\n|-damage|p1a: Baxcalibur|0 fnt|[from] psn\n|faint|p1a: Baxcalibur\n|upkeep\n|inactive|Time left: 300 sec this turn | 300 sec total | 5 sec grace\n|\n|t:|1783550041\n|switch|p1a: Tatsugiri|Tatsugiri, L87, M|260/260\n|turn|11\n|inactive|Time left: 300 sec this turn | 300 sec total\n|\n|t:|1783550042\n|move|p2a: Darkrai|Dark Pulse|p1a: Tatsugiri\n|-damage|p1a: Tatsugiri|151/260\n|-damage|p2a: Darkrai|56/100|[from] item: Life Orb\n|move|p1a: Tatsugiri|Nasty Plot|p1a: Tatsugiri\n|-boost|p1a: Tatsugiri|spa|2\n|\n|upkeep\n|turn|12\n|inactive|Time left: 300 sec this turn | 300 sec total\n|\n|t:|1783550043\n|move|p2a: Darkrai|Dark Pulse|p1a: Tatsugiri\n|-damage|p1a: Tatsugiri|34/260\n|-damage|p2a: Darkrai|46/100|[from] item: Life Orb\n|move|p1a: Tatsugiri|Surf|p2a: Darkrai\n|-damage|p2a: Darkrai|0 fnt\n|faint|p2a: Darkrai\n|\n|upkeep\n|\n|t:|1783550044\n|switch|p2a: Toedscruel|Toedscruel, L87, F|84/100\n|turn|13\n|inactive|Time left: 300 sec this turn | 300 sec total\n|\n|t:|1783550045\n|switch|p1a: Hypno|Hypno, L95, F|315/315\n|move|p2a: Toedscruel|Earth Power|p1a: Hypno\n|-damage|p1a: Hypno|255/315\n|-unboost|p1a: Hypno|spd|1\n|\n|-heal|p2a: Toedscruel|90/100|[from] item: Leftovers\n|-heal|p1a: Hypno|274/315|[from] item: Leftovers\n|upkeep\n|turn|14\n|inactive|Time left: 300 sec this turn | 300 sec total\n|\n|t:|1783550046\n|move|p2a: Toedscruel|Earth Power|p1a: Hypno\n|-damage|p1a: Hypno|180/315\n|-unboost|p1a: Hypno|spd|1\n|move|p1a: Hypno|Toxic|p2a: Toedscruel\n|-status|p2a: Toedscruel|tox\n|\n|-heal|p2a: Toedscruel|96/100 tox|[from] item: Leftovers\n|-heal|p1a: Hypno|199/315|[from] item: Leftovers\n|-damage|p2a: Toedscruel|90/100 tox|[from] psn\n|upkeep\n|turn|15\n|inactive|Time left: 300 sec this turn | 300 sec total\n|\n|t:|1783550048\n|move|p1a: Hypno|Protect|p1a: Hypno\n|-singleturn|p1a: Hypno|Protect\n|move|p2a: Toedscruel|Earth Power|p1a: Hypno\n|-activate|p1a: Hypno|move: Protect\n|\n|-heal|p2a: Toedscruel|96/100 tox|[from] item: Leftovers\n|-heal|p1a: Hypno|218/315|[from] item: Leftovers\n|-damage|p2a: Toedscruel|84/100 tox|[from] psn\n|upkeep\n|turn|16\n|inactive|Time left: 300 sec this turn | 300 sec total\n|\n|t:|1783550049\n|switch|p2a: Slowking|Slowking-Galar, L85, M|83/100\n|move|p1a: Hypno|Psychic Noise|p2a: Slowking\n|-damage|p2a: Slowking|69/100\n|-start|p2a: Slowking|move: Heal Block\n|\n|-heal|p1a: Hypno|237/315|[from] item: Leftovers\n|upkeep\n|turn|17\n|inactive|Time left: 300 sec this turn | 300 sec total\n|\n|t:|1783550050\n|switch|p1a: Iron Thorns|Iron Thorns, L83|302/302\n|move|p2a: Slowking|Sludge Bomb|p1a: Iron Thorns\n|-resisted|p1a: Iron Thorns\n|-damage|p1a: Iron Thorns|248/302\n|\n|-end|p2a: Slowking|move: Heal Block\n|upkeep\n|turn|18\n|inactive|Time left: 300 sec this turn | 300 sec total\n|\n|t:|1783550051\n|switch|p2a: Toedscruel|Toedscruel, L87, F|84/100 tox\n|move|p1a: Iron Thorns|Stone Edge|p2a: Toedscruel\n|-resisted|p2a: Toedscruel\n|-damage|p2a: Toedscruel|56/100 tox\n|\n|-heal|p2a: Toedscruel|62/100 tox|[from] item: Leftovers\n|-damage|p2a: Toedscruel|56/100 tox|[from] psn\n|upkeep\n|turn|19\n|inactive|Time left: 300 sec this turn | 300 sec total\n|\n|t:|1783550052\n|-end|p1a: Iron Thorns|Quark Drive|[silent]\n|switch|p1a: Hypno|Hypno, L95, F|237/315\n|move|p2a: Toedscruel|Earth Power|p1a: Hypno\n|-damage|p1a: Hypno|174/315\n|\n|-heal|p2a: Toedscruel|62/100 tox|[from] item: Leftovers\n|-heal|p1a: Hypno|193/315|[from] item: Leftovers\n|-damage|p2a: Toedscruel|50/100 tox|[from] psn\n|upkeep\n|turn|20\n|inactive|Time left: 300 sec this turn | 300 sec total\n|\n|t:|1783550053\n|move|p1a: Hypno|Psychic Noise|p2a: Toedscruel\n|-damage|p2a: Toedscruel|25/100 tox\n|-start|p2a: Toedscruel|move: Heal Block\n|move|p2a: Toedscruel|Toxic|p1a: Hypno|[miss]\n|-miss|p2a: Toedscruel|p1a: Hypno\n|\n|-heal|p1a: Hypno|212/315|[from] item: Leftovers\n|-damage|p2a: Toedscruel|7/100 tox|[from] psn\n|upkeep\n|turn|21\n|inactive|Time left: 300 sec this turn | 300 sec total\n|\n|t:|1783550054\n|switch|p2a: Slowking|Slowking-Galar, L85, M|100/100\n|move|p1a: Hypno|Protect||[still]\n|-fail|p1a: Hypno\n|\n|-heal|p1a: Hypno|231/315|[from] item: Leftovers\n|upkeep\n|turn|22\n|inactive|Time left: 300 sec this turn | 300 sec total\n|\n|t:|1783550055\n|move|p1a: Hypno|Psychic Noise|p2a: Slowking\n|-damage|p2a: Slowking|83/100\n|-start|p2a: Slowking|move: Heal Block\n|move|p2a: Slowking|Sludge Bomb|p1a: Hypno\n|-damage|p1a: Hypno|152/315\n|\n|-heal|p1a: Hypno|171/315|[from] item: Leftovers\n|upkeep\n|turn|23\n|inactive|Time left: 300 sec this turn | 300 sec total\n|\n|t:|1783550055\n|move|p1a: Hypno|Psychic Noise|p2a: Slowking\n|-damage|p2a: Slowking|69/100\n|move|p2a: Slowking|Sludge Bomb|p1a: Hypno\n|-damage|p1a: Hypno|86/315\n|\n|-heal|p1a: Hypno|105/315|[from] item: Leftovers\n|-end|p2a: Slowking|move: Heal Block\n|upkeep\n|turn|24\n|inactive|Time left: 300 sec this turn | 300 sec total\n|\n|t:|1783550057\n|move|p1a: Hypno|Psychic Noise|p2a: Slowking\n|-damage|p2a: Slowking|53/100\n|-start|p2a: Slowking|move: Heal Block\n|move|p2a: Slowking|Sludge Bomb|p1a: Hypno\n|-damage|p1a: Hypno|18/315\n|\n|-heal|p1a: Hypno|37/315|[from] item: Leftovers\n|upkeep\n|turn|25\n|inactive|Time left: 300 sec this turn | 300 sec total\n|\n|t:|1783550058\n|move|p1a: Hypno|Psychic Noise|p2a: Slowking\n|-damage|p2a: Slowking|38/100\n|move|p2a: Slowking|Surf|p1a: Hypno\n|-damage|p1a: Hypno|0 fnt\n|faint|p1a: Hypno\n|\n|-end|p2a: Slowking|move: Heal Block\n|upkeep\n|inactive|Time left: 300 sec this turn | 300 sec total | 5 sec grace\n|\n|t:|1783550059\n|switch|p1a: Iron Thorns|Iron Thorns, L83|248/302\n|turn|26\n|inactive|Time left: 300 sec this turn | 300 sec total\n|\n|t:|1783550060\n|switch|p2a: Toedscruel|Toedscruel, L87, F|7/100 tox\n|move|p1a: Iron Thorns|Stone Edge|p2a: Toedscruel\n|-resisted|p2a: Toedscruel\n|-damage|p2a: Toedscruel|0 fnt\n|faint|p2a: Toedscruel\n|\n|upkeep\n|\n|t:|1783550061\n|switch|p2a: Ceruledge|Ceruledge, L78, M, tera:Fighting|25/100\n|turn|27\n|inactive|Time left: 300 sec this turn | 300 sec total\n|\n|t:|1783550062\n|move|p2a: Ceruledge|Close Combat|p1a: Iron Thorns\n|-supereffective|p1a: Iron Thorns\n|-damage|p1a: Iron Thorns|14/302\n|-unboost|p2a: Ceruledge|def|1\n|-unboost|p2a: Ceruledge|spd|1\n|move|p1a: Iron Thorns|Wild Charge|p2a: Ceruledge\n|-damage|p2a: Ceruledge|0 fnt\n|faint|p2a: Ceruledge\n|-damage|p1a: Iron Thorns|0 fnt|[from] Recoil\n|faint|p1a: Iron Thorns\n|-end|p1a: Iron Thorns|Quark Drive|[silent]\n|\n|upkeep\n|inactive|Time left: 300 sec this turn | 300 sec total | 5 sec grace\n|\n|t:|1783550063\n|switch|p2a: Slowking|Slowking-Galar, L85, M|72/100\n|switch|p1a: Sableye|Sableye, L88, M|231/231\n|turn|28\n|inactive|Time left: 300 sec this turn | 300 sec total\n|\n|t:|1783550065\n|switch|p2a: Grafaiai|Grafaiai, L86, M|100/100\n|move|p1a: Sableye|Knock Off|p2a: Grafaiai\n|-damage|p2a: Grafaiai|56/100\n|-enditem|p2a: Grafaiai|Life Orb|[from] move: Knock Off|[of] p1a: Sableye\n|\n|upkeep\n|turn|29\n|inactive|Time left: 300 sec this turn | 300 sec total\n|\n|t:|1783550066\n|move|p2a: Grafaiai|Knock Off|p1a: Sableye\n|-damage|p1a: Sableye|150/231\n|-enditem|p1a: Sableye|Leftovers|[from] move: Knock Off|[of] p2a: Grafaiai\n|move|p1a: Sableye|Knock Off|p2a: Grafaiai\n|-damage|p2a: Grafaiai|26/100\n|\n|upkeep\n|turn|30\n|inactive|Time left: 300 sec this turn | 300 sec total\n|\n|t:|1783550067\n|move|p2a: Grafaiai|Knock Off|p1a: Sableye\n|-damage|p1a: Sableye|102/231\n|move|p1a: Sableye|Knock Off|p2a: Grafaiai\n|-damage|p2a: Grafaiai|0 fnt\n|faint|p2a: Grafaiai\n|\n|upkeep\n|\n|t:|1783550068\n|switch|p2a: Slowking|Slowking-Galar, L85, M|100/100\n|turn|31\n|inactive|Time left: 300 sec this turn | 300 sec total\n|\n|t:|1783550069\n|move|p1a: Sableye|Recover|p1a: Sableye\n|-heal|p1a: Sableye|218/231\n|move|p2a: Slowking|Surf|p1a: Sableye\n|-damage|p1a: Sableye|135/231\n|\n|upkeep\n|turn|32\n|inactive|Time left: 300 sec this turn | 300 sec total\n|\n|t:|1783550070\n|move|p1a: Sableye|Knock Off|p2a: Slowking\n|-supereffective|p2a: Slowking\n|-damage|p2a: Slowking|36/100\n|-enditem|p2a: Slowking|Assault Vest|[from] move: Knock Off|[of] p1a: Sableye\n|move|p2a: Slowking|Surf|p1a: Sableye\n|-damage|p1a: Sableye|54/231\n|\n|upkeep\n|turn|33\n|inactive|Time left: 300 sec this turn | 300 sec total\n|\n|t:|1783550071\n|-terastallize|p1a: Sableye|Poison\n|move|p1a: Sableye|Knock Off|p2a: Slowking\n|-supereffective|p2a: Slowking\n|-crit|p2a: Slowking\n|-damage|p2a: Slowking|0 fnt\n|faint|p2a: Slowking\n|\n|upkeep\n|\n|t:|1783550072\n|switch|p2a: Mimikyu|Mimikyu-Busted, L79, M|41/100\n|turn|34\n|inactive|Time left: 300 sec this turn | 300 sec total\n|\n|t:|1783550073\n|move|p1a: Sableye|Recover|p1a: Sableye\n|-heal|p1a: Sableye|170/231\n|move|p2a: Mimikyu|Swords Dance|p2a: Mimikyu\n|-boost|p2a: Mimikyu|atk|2\n|\n|upkeep\n|turn|35\n|inactive|Time left: 300 sec this turn | 300 sec total\n|\n|t:|1783550074\n|move|p2a: Mimikyu|Shadow Claw|p1a: Sableye\n|-damage|p1a: Sableye|2/231\n|-damage|p2a: Mimikyu|31/100|[from] item: Life Orb\n|move|p1a: Sableye|Knock Off|p2a: Mimikyu\n|-damage|p2a: Mimikyu|0 fnt\n|-enditem|p2a: Mimikyu|Life Orb|[from] move: Knock Off|[of] p1a: Sableye\n|faint|p2a: Mimikyu\n|\n|win|p0x873c40c", "uploadtime": 1783550074, "views": 0, "rating": 0, "private": 0, "password": null, "_winner": "p0x873c40c", "_our_name": "p0x873c40c"}