{"id": "battle-gen9randombattle-968", "formatid": "gen9randombattle", "format": "[Gen 9] Random Battle", "players": ["p0x9684143", "p0y968e318"], "log": "|init|battle\n|title|p0x9684143 vs. p0y968e318\n|j|\u2606p0x9684143\n|j|\u2606p0y968e318\n|t:|1783550366\n|gametype|singles\n|player|p1|p0x9684143|169|\n|player|p2|p0y968e318|1|\n|gen|9\n|tier|[Gen 9] Random Battle\n|rule|Species Clause: Limit one of each Pok\u00e9mon\n|rule|HP Percentage Mod: HP is shown in percentages\n|rule|Sleep Clause Mod: Limit one foe put to sleep\n|rule|Illusion Level Mod: Illusion disguises the Pok\u00e9mon's true level\n|\n|t:|1783550366\n|teamsize|p1|6\n|teamsize|p2|6\n|start\n|switch|p1a: Wigglytuff|Wigglytuff, L96, F|100/100\n|switch|p2a: Palafin|Palafin, L77, F|281/281\n|turn|1\n|inactive|Battle timer is ON: inactive players will automatically lose when time's up. (requested by p0x9684143)\n|inactive|Time left: 300 sec this turn | 300 sec total | 60 sec grace\n|inactive|p0y968e318 also wants the timer to be on.\n|\n|t:|1783550368\n|detailschange|p2a: Palafin|Palafin-Hero, L77, F\n|switch|p2a: Seviper|Seviper, L93, F|287/287\n|move|p1a: Wigglytuff|Alluring Voice|p2a: Seviper\n|-resisted|p2a: Seviper\n|-damage|p2a: Seviper|231/287\n|\n|-heal|p2a: Seviper|248/287|[from] item: Leftovers\n|upkeep\n|turn|2\n|inactive|Time left: 300 sec this turn | 300 sec total\n|\n|t:|1783550369\n|move|p2a: Seviper|Gunk Shot|p1a: Wigglytuff\n|-supereffective|p1a: Wigglytuff\n|-damage|p1a: Wigglytuff|0 fnt\n|faint|p1a: Wigglytuff\n|\n|-heal|p2a: Seviper|265/287|[from] item: Leftovers\n|upkeep\n|\n|t:|1783550370\n|switch|p1a: Rayquaza|Rayquaza, L72|100/100\n|-ability|p1a: Rayquaza|Air Lock\n|turn|3\n|inactive|Time left: 300 sec this turn | 300 sec total\n|\n|t:|1783550372\n|move|p1a: Rayquaza|Outrage|p2a: Seviper\n|-damage|p2a: Seviper|99/287\n|move|p2a: Seviper|Gunk Shot|p1a: Rayquaza\n|-damage|p1a: Rayquaza|38/100\n|\n|-heal|p2a: Seviper|116/287|[from] item: Leftovers\n|upkeep\n|turn|4\n|inactive|Time left: 300 sec this turn | 300 sec total\n|\n|t:|1783550373\n|switch|p2a: Palafin|Palafin-Hero, L77, F|281/281\n|-activate|p2a: Palafin|ability: Zero to Hero\n|move|p1a: Rayquaza|Outrage|p2a: Palafin|[from] lockedmove\n|-damage|p2a: Palafin|140/281\n|\n|upkeep\n|turn|5\n|inactive|Time left: 300 sec this turn | 300 sec total\n|\n|t:|1783550374\n|move|p2a: Palafin|Wave Crash|p1a: Rayquaza\n|-resisted|p1a: Rayquaza\n|-damage|p1a: Rayquaza|0 fnt\n|faint|p1a: Rayquaza\n|-damage|p2a: Palafin|107/281|[from] Recoil\n|\n|upkeep\n|\n|t:|1783550375\n|switch|p1a: Rillaboom|Rillaboom, L79, F|100/100\n|-fieldstart|move: Grassy Terrain|[from] ability: Grassy Surge|[of] p1a: Rillaboom\n|turn|6\n|inactive|Time left: 300 sec this turn | 300 sec total\n|\n|t:|1783550377\n|switch|p2a: Typhlosion|Typhlosion, L84, M|267/267\n|move|p1a: Rillaboom|Knock Off|p2a: Typhlosion\n|-damage|p2a: Typhlosion|147/267\n|-enditem|p2a: Typhlosion|Choice Specs|[from] move: Knock Off|[of] p1a: Rillaboom\n|\n|-heal|p2a: Typhlosion|163/267|[from] Grassy Terrain\n|upkeep\n|turn|7\n|inactive|Time left: 300 sec this turn | 300 sec total\n|\n|t:|1783550378\n|switch|p1a: Duraludon|Duraludon, L82, M|100/100\n|move|p2a: Typhlosion|Fire Blast|p1a: Duraludon\n|-damage|p1a: Duraludon|48/100\n|\n|-heal|p2a: Typhlosion|179/267|[from] Grassy Terrain\n|-heal|p1a: Duraludon|54/100|[from] Grassy Terrain\n|upkeep\n|turn|8\n|inactive|Time left: 300 sec this turn | 300 sec total\n|\n|t:|1783550379\n|move|p2a: Typhlosion|Eruption|p1a: Duraludon\n|-damage|p1a: Duraludon|7/100\n|move|p1a: Duraludon|Stealth Rock|p2a: Typhlosion\n|-sidestart|p2: p0y968e318|move: Stealth Rock\n|\n|-heal|p2a: Typhlosion|195/267|[from] Grassy Terrain\n|-heal|p1a: Duraludon|13/100|[from] Grassy Terrain\n|upkeep\n|turn|9\n|inactive|Time left: 300 sec this turn | 300 sec total\n|\n|t:|1783550380\n|move|p2a: Typhlosion|Scorching Sands|p1a: Duraludon\n|-supereffective|p1a: Duraludon\n|-damage|p1a: Duraludon|0 fnt\n|faint|p1a: Duraludon\n|\n|-heal|p2a: Typhlosion|211/267|[from] Grassy Terrain\n|upkeep\n|\n|t:|1783550381\n|switch|p1a: Volbeat|Volbeat, L90, M|100/100\n|turn|10\n|inactive|Time left: 300 sec this turn | 300 sec total\n|\n|t:|1783550382\n|move|p1a: Volbeat|Encore|p2a: Typhlosion\n|-start|p2a: Typhlosion|Encore\n|move|p2a: Typhlosion|Scorching Sands|p1a: Volbeat\n|-resisted|p1a: Volbeat\n|-damage|p1a: Volbeat|91/100\n|\n|-heal|p2a: Typhlosion|227/267|[from] Grassy Terrain\n|-heal|p1a: Volbeat|97/100|[from] Grassy Terrain\n|-fieldend|move: Grassy Terrain\n|upkeep\n|turn|11\n|inactive|Time left: 300 sec this turn | 300 sec total\n|\n|t:|1783550383\n|move|p1a: Volbeat|Thunder Wave|p2a: Typhlosion\n|-status|p2a: Typhlosion|par\n|move|p2a: Typhlosion|Scorching Sands|p1a: Volbeat\n|-resisted|p1a: Volbeat\n|-damage|p1a: Volbeat|87/100\n|\n|upkeep\n|turn|12\n|inactive|Time left: 300 sec this turn | 300 sec total\n|\n|t:|1783550384\n|move|p1a: Volbeat|U-turn|p2a: Typhlosion\n|-resisted|p2a: Typhlosion\n|-damage|p2a: Typhlosion|190/267 par\n|\n|t:|1783550385\n|switch|p1a: Rillaboom|Rillaboom, L79, F|100/100|[from] U-turn\n|-fieldstart|move: Grassy Terrain|[from] ability: Grassy Surge|[of] p1a: Rillaboom\n|cant|p2a: Typhlosion|par\n|\n|-heal|p2a: Typhlosion|206/267 par|[from] Grassy Terrain\n|-end|p2a: Typhlosion|Encore\n|upkeep\n|turn|13\n|inactive|Time left: 300 sec this turn | 300 sec total\n|\n|t:|1783550386\n|move|p1a: Rillaboom|Wood Hammer|p2a: Typhlosion\n|-resisted|p2a: Typhlosion\n|-damage|p2a: Typhlosion|61/267 par\n|-damage|p1a: Rillaboom|84/100|[from] Recoil\n|cant|p2a: Typhlosion|par\n|\n|-heal|p1a: Rillaboom|90/100|[from] Grassy Terrain\n|-heal|p2a: Typhlosion|77/267 par|[from] Grassy Terrain\n|upkeep\n|turn|14\n|inactive|Time left: 300 sec this turn | 300 sec total\n|\n|t:|1783550387\n|move|p1a: Rillaboom|Wood Hammer|p2a: Typhlosion\n|-resisted|p2a: Typhlosion\n|-damage|p2a: Typhlosion|0 fnt\n|faint|p2a: Typhlosion\n|-damage|p1a: Rillaboom|81/100|[from] Recoil\n|\n|-heal|p1a: Rillaboom|88/100|[from] Grassy Terrain\n|upkeep\n|inactive|Time left: 300 sec this turn | 300 sec total | 5 sec grace\n|\n|t:|1783550388\n|switch|p2a: Walking Wake|Walking Wake, L79|286/286\n|-damage|p2a: Walking Wake|251/286|[from] Stealth Rock\n|turn|15\n|inactive|Time left: 300 sec this turn | 300 sec total\n|\n|t:|1783550389\n|-terastallize|p2a: Walking Wake|Fire\n|move|p2a: Walking Wake|Flamethrower|p1a: Rillaboom\n|-supereffective|p1a: Rillaboom\n|-damage|p1a: Rillaboom|0 fnt\n|faint|p1a: Rillaboom\n|-damage|p2a: Walking Wake|223/286|[from] item: Life Orb\n|\n|-heal|p2a: Walking Wake|240/286|[from] Grassy Terrain\n|upkeep\n|\n|t:|1783550390\n|switch|p1a: Volbeat|Volbeat, L90, M|87/100\n|turn|16\n|inactive|Time left: 300 sec this turn | 300 sec total\n|\n|t:|1783550391\n|-terastallize|p1a: Volbeat|Water\n|move|p1a: Volbeat|Thunder Wave|p2a: Walking Wake\n|-status|p2a: Walking Wake|par\n|move|p2a: Walking Wake|Flamethrower|p1a: Volbeat\n|-resisted|p1a: Volbeat\n|-damage|p1a: Volbeat|65/100\n|-status|p1a: Volbeat|brn\n|-damage|p2a: Walking Wake|212/286 par|[from] item: Life Orb\n|\n|-heal|p1a: Volbeat|71/100 brn|[from] Grassy Terrain\n|-heal|p2a: Walking Wake|229/286 par|[from] Grassy Terrain\n|-damage|p1a: Volbeat|65/100 brn|[from] brn\n|-fieldend|move: Grassy Terrain\n|upkeep\n|turn|17\n|inactive|Time left: 300 sec this turn | 300 sec total\n|\n|t:|1783550392\n|-end|p2a: Walking Wake|Protosynthesis|[silent]\n|switch|p2a: Honchkrow|Honchkrow, L86, M|312/312\n|move|p1a: Volbeat|Roost|p1a: Volbeat\n|-heal|p1a: Volbeat|100/100 brn\n|\n|-damage|p1a: Volbeat|94/100 brn|[from] brn\n|upkeep\n|turn|18\n|inactive|Time left: 300 sec this turn | 300 sec total\n|\n|t:|1783550393\n|move|p1a: Volbeat|U-turn|p2a: Honchkrow\n|-damage|p2a: Honchkrow|267/312\n|\n|t:|1783550394\n|switch|p1a: Froslass|Froslass, L87, F|100/100|[from] U-turn\n|move|p2a: Honchkrow|Brave Bird|p1a: Froslass\n|-damage|p1a: Froslass|31/100\n|-damage|p2a: Honchkrow|206/312|[from] Recoil\n|\n|upkeep\n|turn|19\n|inactive|Time left: 300 sec this turn | 300 sec total\n|\n|t:|1783550396\n|move|p2a: Honchkrow|Sucker Punch||[still]\n|-fail|p2a: Honchkrow\n|move|p1a: Froslass|Destiny Bond|p1a: Froslass\n|-singlemove|p1a: Froslass|Destiny Bond\n|\n|upkeep\n|turn|20\n|inactive|Time left: 300 sec this turn | 300 sec total\n|\n|t:|1783550396\n|move|p2a: Honchkrow|Sucker Punch|p1a: Froslass\n|-supereffective|p1a: Froslass\n|-damage|p1a: Froslass|0 fnt\n|-start|p2a: Honchkrow|Disable|Sucker Punch|[from] ability: Cursed Body|[of] p1a: Froslass\n|faint|p1a: Froslass\n|-activate|p1a: Froslass|move: Destiny Bond\n|faint|p2a: Honchkrow\n|\n|upkeep\n|inactive|Time left: 300 sec this turn | 300 sec total | 5 sec grace\n|\n|t:|1783550397\n|switch|p1a: Volbeat|Volbeat, L90, M, tera:Water|94/100 brn\n|switch|p2a: Zekrom|Zekrom, L71|259/259\n|-damage|p2a: Zekrom|227/259|[from] Stealth Rock\n|-ability|p2a: Zekrom|Teravolt\n|turn|21\n|inactive|Time left: 300 sec this turn | 300 sec total\n|\n|t:|1783550398\n|move|p1a: Volbeat|Encore||[still]\n|-fail|p1a: Volbeat\n|move|p2a: Zekrom|Bolt Strike|p1a: Volbeat\n|-supereffective|p1a: Volbeat\n|-damage|p1a: Volbeat|0 fnt\n|faint|p1a: Volbeat\n|\n|win|p0y968e318", "uploadtime": 1783550399, "views": 0, "rating": 0, "private": 0, "password": null, "_winner": "p0y968e318", "_our_name": "p0y968e318"}