{"id": "battle-gen9randombattle-2497", "formatid": "gen9randombattle", "format": "[Gen 9] Random Battle", "players": ["p0x2497574e", "p0y2497d7d3"], "log": "|init|battle\n|title|p0x2497574e vs. p0y2497d7d3\n|j|\u2606p0x2497574e\n|j|\u2606p0y2497d7d3\n|t:|1783567955\n|gametype|singles\n|player|p1|p0x2497574e|1|\n|player|p2|p0y2497d7d3|266|\n|gen|9\n|tier|[Gen 9] Random Battle\n|rule|Species Clause: Limit one of each Pok\u00e9mon\n|rule|HP Percentage Mod: HP is shown in percentages\n|rule|Sleep Clause Mod: Limit one foe put to sleep\n|rule|Illusion Level Mod: Illusion disguises the Pok\u00e9mon's true level\n|\n|t:|1783567955\n|teamsize|p1|6\n|teamsize|p2|6\n|start\n|switch|p1a: Calyrex|Calyrex-Ice, L72|100/100\n|switch|p2a: Regice|Regice, L88|284/284\n|-ability|p1a: Calyrex|As One\n|-ability|p1a: Calyrex|Unnerve\n|turn|1\n|inactive|Battle timer is ON: inactive players will automatically lose when time's up. (requested by p0x2497574e)\n|inactive|Time left: 300 sec this turn | 300 sec total | 60 sec grace\n|\n|t:|1783567956\n|move|p2a: Regice|Body Press|p1a: Calyrex\n|-crit|p1a: Calyrex\n|-damage|p1a: Calyrex|72/100\n|move|p1a: Calyrex|Agility|p1a: Calyrex\n|-boost|p1a: Calyrex|spe|2\n|\n|upkeep\n|turn|2\n|inactive|Time left: 300 sec this turn | 300 sec total\n|inactive|p0y2497d7d3 also wants the timer to be on.\n|\n|t:|1783567957\n|move|p1a: Calyrex|Glacial Lance|p2a: Regice\n|-resisted|p2a: Regice\n|-damage|p2a: Regice|217/284\n|move|p2a: Regice|Thunderbolt|p1a: Calyrex\n|-crit|p1a: Calyrex\n|-damage|p1a: Calyrex|37/100\n|\n|upkeep\n|turn|3\n|inactive|Time left: 300 sec this turn | 300 sec total\n|\n|t:|1783567958\n|switch|p2a: Raikou|Raikou, L81|278/278\n|-ability|p2a: Raikou|Pressure\n|move|p1a: Calyrex|Glacial Lance|p2a: Raikou\n|-damage|p2a: Raikou|101/278\n|\n|upkeep\n|turn|4\n|inactive|Time left: 300 sec this turn | 300 sec total\n|\n|t:|1783567960\n|move|p2a: Raikou|Thunderbolt|p1a: Calyrex\n|-damage|p1a: Calyrex|0 fnt\n|faint|p1a: Calyrex\n|\n|upkeep\n|\n|t:|1783567961\n|switch|p1a: Slaking|Slaking, L84, M|100/100\n|turn|5\n|inactive|Time left: 300 sec this turn | 300 sec total\n|\n|t:|1783567962\n|move|p2a: Raikou|Thunderbolt|p1a: Slaking\n|-damage|p1a: Slaking|47/100\n|move|p1a: Slaking|Giga Impact|p2a: Raikou\n|-damage|p2a: Raikou|0 fnt\n|-mustrecharge|p1a: Slaking\n|faint|p2a: Raikou\n|\n|upkeep\n|inactive|Time left: 300 sec this turn | 300 sec total | 5 sec grace\n|\n|t:|1783567963\n|switch|p2a: Lycanroc|Lycanroc-Dusk, L81, M|254/254\n|turn|6\n|inactive|Time left: 300 sec this turn | 300 sec total\n|\n|t:|1783567964\n|move|p2a: Lycanroc|Swords Dance|p2a: Lycanroc\n|-boost|p2a: Lycanroc|atk|2\n|cant|p1a: Slaking|recharge\n|\n|upkeep\n|turn|7\n|inactive|Time left: 300 sec this turn | 300 sec total\n|\n|t:|1783567965\n|move|p2a: Lycanroc|Stone Edge|p1a: Slaking\n|-damage|p1a: Slaking|0 fnt\n|faint|p1a: Slaking\n|-damage|p2a: Lycanroc|229/254|[from] item: Life Orb\n|\n|upkeep\n|\n|t:|1783567966\n|switch|p1a: Jolteon|Jolteon, L84, F|100/100\n|turn|8\n|inactive|Time left: 300 sec this turn | 300 sec total\n|\n|t:|1783567967\n|move|p1a: Jolteon|Volt Switch|p2a: Lycanroc\n|-damage|p2a: Lycanroc|124/254\n|\n|t:|1783567968\n|switch|p1a: Basculegion|Basculegion-F, L83, F|100/100|[from] Volt Switch\n|move|p2a: Lycanroc|Stone Edge|p1a: Basculegion|[miss]\n|-miss|p2a: Lycanroc|p1a: Basculegion\n|\n|upkeep\n|turn|9\n|inactive|Time left: 300 sec this turn | 300 sec total\n|\n|t:|1783567969\n|move|p2a: Lycanroc|Stone Edge|p1a: Basculegion\n|-damage|p1a: Basculegion|0 fnt\n|faint|p1a: Basculegion\n|-damage|p2a: Lycanroc|99/254|[from] item: Life Orb\n|\n|upkeep\n|\n|t:|1783567970\n|switch|p1a: Jolteon|Jolteon, L84, F|100/100\n|turn|10\n|inactive|Time left: 300 sec this turn | 300 sec total\n|\n|t:|1783567970\n|move|p2a: Lycanroc|Accelerock|p1a: Jolteon\n|-damage|p1a: Jolteon|24/100\n|-damage|p2a: Lycanroc|74/254|[from] item: Life Orb\n|move|p1a: Jolteon|Volt Switch|p2a: Lycanroc\n|-damage|p2a: Lycanroc|0 fnt\n|faint|p2a: Lycanroc\n|\n|t:|1783567971\n|switch|p1a: Grafaiai|Grafaiai, L86, F|100/100|[from] Volt Switch\n|\n|upkeep\n|inactive|Time left: 300 sec this turn | 300 sec total | 10 sec grace\n|\n|t:|1783567972\n|switch|p2a: Glalie|Glalie, L96, F|309/309\n|turn|11\n|inactive|Time left: 300 sec this turn | 300 sec total\n|\n|t:|1783567973\n|-terastallize|p1a: Grafaiai|Dark\n|move|p1a: Grafaiai|Swords Dance|p1a: Grafaiai\n|-boost|p1a: Grafaiai|atk|2\n|move|p2a: Glalie|Earthquake|p1a: Grafaiai\n|-damage|p1a: Grafaiai|60/100\n|\n|upkeep\n|turn|12\n|inactive|Time left: 300 sec this turn | 300 sec total\n|\n|t:|1783567974\n|-terastallize|p2a: Glalie|Ground\n|move|p1a: Grafaiai|Knock Off|p2a: Glalie\n|-damage|p2a: Glalie|56/309\n|-enditem|p2a: Glalie|Heavy-Duty Boots|[from] move: Knock Off|[of] p1a: Grafaiai\n|-damage|p1a: Grafaiai|50/100|[from] item: Life Orb\n|move|p2a: Glalie|Earthquake|p1a: Grafaiai\n|-damage|p1a: Grafaiai|0 fnt\n|faint|p1a: Grafaiai\n|\n|upkeep\n|\n|t:|1783567974\n|switch|p1a: Jolteon|Jolteon, L84, F|24/100\n|turn|13\n|inactive|Time left: 300 sec this turn | 300 sec total\n|\n|t:|1783567975\n|move|p1a: Jolteon|Alluring Voice|p2a: Glalie\n|-damage|p2a: Glalie|0 fnt\n|faint|p2a: Glalie\n|\n|upkeep\n|inactive|Time left: 300 sec this turn | 300 sec total | 5 sec grace\n|\n|t:|1783567976\n|switch|p2a: Regice|Regice, L88|217/284\n|turn|14\n|inactive|Time left: 300 sec this turn | 300 sec total\n|\n|t:|1783567977\n|move|p1a: Jolteon|Thunderbolt|p2a: Regice\n|-damage|p2a: Regice|165/284\n|move|p2a: Regice|Ice Beam|p1a: Jolteon\n|-damage|p1a: Jolteon|0 fnt\n|faint|p1a: Jolteon\n|\n|upkeep\n|\n|t:|1783567978\n|switch|p1a: Lucario|Lucario, L84, F|100/100\n|turn|15\n|inactive|Time left: 300 sec this turn | 300 sec total\n|\n|t:|1783567979\n|move|p1a: Lucario|Meteor Mash|p2a: Regice\n|-supereffective|p2a: Regice\n|-damage|p2a: Regice|0 fnt\n|-boost|p1a: Lucario|atk|1\n|faint|p2a: Regice\n|-damage|p1a: Lucario|91/100|[from] item: Life Orb\n|\n|upkeep\n|inactive|Time left: 300 sec this turn | 300 sec total | 5 sec grace\n|\n|t:|1783567980\n|switch|p2a: Ludicolo|Ludicolo, L90, M|290/290\n|turn|16\n|inactive|Time left: 300 sec this turn | 300 sec total\n|\n|t:|1783567981\n|move|p1a: Lucario|Swords Dance|p1a: Lucario\n|-boost|p1a: Lucario|atk|2\n|move|p2a: Ludicolo|Hydro Pump|p1a: Lucario\n|-damage|p1a: Lucario|8/100\n|-damage|p2a: Ludicolo|261/290|[from] item: Life Orb\n|\n|upkeep\n|turn|17\n|inactive|Time left: 300 sec this turn | 300 sec total\n|\n|t:|1783567982\n|move|p1a: Lucario|Swords Dance|p1a: Lucario\n|-boost|p1a: Lucario|atk|2\n|move|p2a: Ludicolo|Hydro Pump|p1a: Lucario\n|-damage|p1a: Lucario|0 fnt\n|faint|p1a: Lucario\n|-damage|p2a: Ludicolo|232/290|[from] item: Life Orb\n|\n|win|p0y2497d7d3", "uploadtime": 1783567982, "views": 0, "rating": 0, "private": 0, "password": null, "_winner": "p0y2497d7d3", "_our_name": "p0y2497d7d3"}