{"id": "battle-gen9randombattle-550", "formatid": "gen9randombattle", "format": "[Gen 9] Random Battle", "players": ["p0x550f70f", "p0y5504014"], "log": "|init|battle\n|title|p0x550f70f vs. p0y5504014\n|j|\u2606p0x550f70f\n|j|\u2606p0y5504014\n|t:|1783546171\n|gametype|singles\n|player|p1|p0x550f70f|265|\n|player|p2|p0y5504014|101|\n|gen|9\n|tier|[Gen 9] Random Battle\n|rule|Species Clause: Limit one of each Pok\u00e9mon\n|rule|HP Percentage Mod: HP is shown in percentages\n|rule|Sleep Clause Mod: Limit one foe put to sleep\n|rule|Illusion Level Mod: Illusion disguises the Pok\u00e9mon's true level\n|\n|t:|1783546171\n|teamsize|p1|6\n|teamsize|p2|6\n|start\n|switch|p1a: Eternatus|Eternatus, L69|308/308\n|switch|p2a: Walking Wake|Walking Wake, L79|100/100\n|-ability|p1a: Eternatus|Pressure\n|turn|1\n|inactive|Battle timer is ON: inactive players will automatically lose when time's up. (requested by p0x550f70f)\n|inactive|p0y5504014 also wants the timer to be on.\n|\n|t:|1783546173\n|move|p1a: Eternatus|Dynamax Cannon|p2a: Walking Wake\n|-supereffective|p2a: Walking Wake\n|-damage|p2a: Walking Wake|22/100\n|move|p2a: Walking Wake|Draco Meteor|p1a: Eternatus\n|-supereffective|p1a: Eternatus\n|-damage|p1a: Eternatus|0 fnt\n|-unboost|p2a: Walking Wake|spa|2\n|faint|p1a: Eternatus\n|\n|upkeep\n|inactive|Time left: 300 sec this turn | 300 sec total | 65 sec grace\n|\n|t:|1783546174\n|switch|p1a: Blastoise|Blastoise, L80, M|258/258\n|turn|2\n|inactive|Time left: 300 sec this turn | 300 sec total\n|\n|t:|1783546175\n|-end|p2a: Walking Wake|Protosynthesis|[silent]\n|switch|p2a: Gallade|Gallade, L80, M|100/100\n|move|p1a: Blastoise|Shell Smash|p1a: Blastoise\n|-unboost|p1a: Blastoise|def|1\n|-unboost|p1a: Blastoise|spd|1\n|-boost|p1a: Blastoise|atk|2\n|-boost|p1a: Blastoise|spa|2\n|-boost|p1a: Blastoise|spe|2\n|-enditem|p1a: Blastoise|White Herb\n|-clearnegativeboost|p1a: Blastoise|[silent]\n|\n|upkeep\n|turn|3\n|inactive|Time left: 300 sec this turn | 300 sec total\n|\n|t:|1783546176\n|-terastallize|p2a: Gallade|Grass\n|move|p1a: Blastoise|Earthquake|p2a: Gallade\n|-resisted|p2a: Gallade\n|-damage|p2a: Gallade|69/100\n|move|p2a: Gallade|Leaf Blade|p1a: Blastoise\n|-supereffective|p1a: Blastoise\n|-damage|p1a: Blastoise|0 fnt\n|faint|p1a: Blastoise\n|\n|upkeep\n|inactive|Time left: 300 sec this turn | 300 sec total | 5 sec grace\n|\n|t:|1783546177\n|switch|p1a: Koraidon|Koraidon, L64|235/235\n|-weather|SunnyDay|[from] ability: Orichalcum Pulse|[of] p1a: Koraidon\n|-activate|p1a: Koraidon|Orichalcum Pulse|[source]\n|turn|4\n|inactive|Time left: 300 sec this turn | 300 sec total\n|\n|t:|1783546179\n|move|p2a: Gallade|Leaf Blade|p1a: Koraidon\n|-resisted|p1a: Koraidon\n|-damage|p1a: Koraidon|153/235\n|move|p1a: Koraidon|Flare Blitz|p2a: Gallade\n|-supereffective|p2a: Gallade\n|-damage|p2a: Gallade|0 fnt\n|faint|p2a: Gallade\n|-damage|p1a: Koraidon|99/235|[from] Recoil\n|\n|-weather|SunnyDay|[upkeep]\n|upkeep\n|\n|t:|1783546180\n|switch|p2a: Chi-Yu|Chi-Yu, L77|100/100\n|-ability|p2a: Chi-Yu|Beads of Ruin\n|turn|5\n|inactive|Time left: 300 sec this turn | 300 sec total\n|\n|t:|1783546181\n|switch|p1a: Primarina|Primarina, L83, M|268/268\n|move|p2a: Chi-Yu|Flamethrower|p1a: Primarina\n|-resisted|p1a: Primarina\n|-damage|p1a: Primarina|180/268\n|\n|-weather|SunnyDay|[upkeep]\n|upkeep\n|turn|6\n|inactive|Time left: 300 sec this turn | 300 sec total\n|\n|t:|1783546182\n|move|p2a: Chi-Yu|Flamethrower|p1a: Primarina\n|-resisted|p1a: Primarina\n|-damage|p1a: Primarina|90/268\n|move|p1a: Primarina|Moonblast|p2a: Chi-Yu\n|-damage|p2a: Chi-Yu|28/100\n|-unboost|p2a: Chi-Yu|spa|1\n|\n|-weather|SunnyDay|[upkeep]\n|upkeep\n|turn|7\n|inactive|Time left: 300 sec this turn | 300 sec total\n|\n|t:|1783546183\n|move|p2a: Chi-Yu|Flamethrower|p1a: Primarina\n|-resisted|p1a: Primarina\n|-damage|p1a: Primarina|30/268\n|move|p1a: Primarina|Moonblast|p2a: Chi-Yu\n|-damage|p2a: Chi-Yu|0 fnt\n|faint|p2a: Chi-Yu\n|\n|-weather|SunnyDay|[upkeep]\n|upkeep\n|\n|t:|1783546184\n|switch|p2a: Mesprit|Mesprit, L85|100/100\n|turn|8\n|inactive|Time left: 300 sec this turn | 300 sec total\n|\n|t:|1783546185\n|switch|p1a: Cryogonal|Cryogonal, L89|287/287\n|move|p2a: Mesprit|Bitter Malice|p1a: Cryogonal\n|-damage|p1a: Cryogonal|203/287\n|-unboost|p1a: Cryogonal|atk|1\n|\n|-weather|none\n|upkeep\n|turn|9\n|inactive|Time left: 300 sec this turn | 300 sec total\n|\n|t:|1783546186\n|move|p1a: Cryogonal|Ice Beam|p2a: Mesprit\n|-damage|p2a: Mesprit|37/100\n|replace|p2a: Zoroark|Zoroark-Hisui, L80, M\n|-end|p2a: Zoroark|Illusion\n|-hint|Illusion Level Mod is active, so this Pok\u00e9mon's true level was hidden.\n|move|p2a: Zoroark|Bitter Malice|p1a: Cryogonal\n|-damage|p1a: Cryogonal|115/287\n|-unboost|p1a: Cryogonal|atk|1\n|\n|upkeep\n|turn|10\n|inactive|Time left: 300 sec this turn | 300 sec total\n|\n|t:|1783546187\n|switch|p2a: Mesprit|Mesprit, L85|100/100\n|move|p1a: Cryogonal|Ice Beam|p2a: Mesprit\n|-damage|p2a: Mesprit|70/100\n|\n|upkeep\n|turn|11\n|inactive|Time left: 300 sec this turn | 300 sec total\n|\n|t:|1783546188\n|move|p2a: Mesprit|Psychic|p1a: Cryogonal\n|-damage|p1a: Cryogonal|42/287\n|-unboost|p1a: Cryogonal|spd|1\n|move|p1a: Cryogonal|Ice Beam|p2a: Mesprit\n|-damage|p2a: Mesprit|39/100\n|\n|upkeep\n|turn|12\n|inactive|Time left: 300 sec this turn | 300 sec total\n|\n|t:|1783546190\n|move|p2a: Mesprit|Psychic|p1a: Cryogonal\n|-damage|p1a: Cryogonal|0 fnt\n|faint|p1a: Cryogonal\n|\n|upkeep\n|inactive|Time left: 300 sec this turn | 300 sec total | 5 sec grace\n|\n|t:|1783546191\n|switch|p1a: Avalugg|Avalugg, L88, F|310/310\n|turn|13\n|inactive|Time left: 300 sec this turn | 300 sec total\n|\n|t:|1783546191\n|move|p2a: Mesprit|Psychic|p1a: Avalugg\n|-damage|p1a: Avalugg|151/310\n|move|p1a: Avalugg|Recover|p1a: Avalugg\n|-heal|p1a: Avalugg|306/310\n|\n|upkeep\n|turn|14\n|inactive|Time left: 300 sec this turn | 300 sec total\n|\n|t:|1783546192\n|move|p2a: Mesprit|Psychic|p1a: Avalugg\n|-damage|p1a: Avalugg|152/310\n|-unboost|p1a: Avalugg|spd|1\n|move|p1a: Avalugg|Recover|p1a: Avalugg\n|-heal|p1a: Avalugg|307/310\n|\n|upkeep\n|turn|15\n|inactive|Time left: 300 sec this turn | 300 sec total\n|\n|t:|1783546193\n|move|p2a: Mesprit|Psychic|p1a: Avalugg\n|-damage|p1a: Avalugg|72/310\n|move|p1a: Avalugg|Avalanche|p2a: Mesprit\n|-damage|p2a: Mesprit|0 fnt\n|faint|p2a: Mesprit\n|\n|upkeep\n|\n|t:|1783546194\n|switch|p2a: Walking Wake|Walking Wake, L79|37/100\n|turn|16\n|inactive|Time left: 300 sec this turn | 300 sec total\n|\n|t:|1783546195\n|switch|p1a: Primarina|Primarina, L83, M|30/268\n|move|p2a: Walking Wake|Bitter Malice|p1a: Primarina\n|-damage|p1a: Primarina|0 fnt\n|faint|p1a: Primarina\n|\n|upkeep\n|inactive|Time left: 300 sec this turn | 300 sec total | 5 sec grace\n|\n|t:|1783546196\n|switch|p1a: Avalugg|Avalugg, L88, F|72/310\n|turn|17\n|inactive|Time left: 300 sec this turn | 300 sec total\n|\n|t:|1783546196\n|-terastallize|p1a: Avalugg|Fighting\n|move|p2a: Walking Wake|Bitter Malice|p1a: Avalugg\n|-damage|p1a: Avalugg|0 fnt\n|faint|p1a: Avalugg\n|\n|upkeep\n|inactive|Time left: 300 sec this turn | 300 sec total | 5 sec grace\n|\n|t:|1783546197\n|switch|p1a: Koraidon|Koraidon, L64|99/235\n|-weather|SunnyDay|[from] ability: Orichalcum Pulse|[of] p1a: Koraidon\n|-activate|p1a: Koraidon|Orichalcum Pulse|[source]\n|turn|18\n|inactive|Time left: 300 sec this turn | 300 sec total\n|\n|t:|1783546198\n|move|p2a: Walking Wake|Bitter Malice|p1a: Koraidon\n|-damage|p1a: Koraidon|0 fnt\n|faint|p1a: Koraidon\n|\n|win|p0y5504014", "uploadtime": 1783546198, "views": 0, "rating": 0, "private": 0, "password": null, "_winner": "p0y5504014", "_our_name": "p0x550f70f"}