{"id": "battle-gen9randombattle-1613", "formatid": "gen9randombattle", "format": "[Gen 9] Random Battle", "players": ["p0x1613dcf6", "p0y161377c4"], "log": "|init|battle\n|title|p0x1613dcf6 vs. p0y161377c4\n|j|\u2606p0x1613dcf6\n|j|\u2606p0y161377c4\n|t:|1783557884\n|gametype|singles\n|player|p1|p0x1613dcf6|170|\n|player|p2|p0y161377c4|2|\n|gen|9\n|tier|[Gen 9] Random Battle\n|rule|Species Clause: Limit one of each Pok\u00e9mon\n|rule|HP Percentage Mod: HP is shown in percentages\n|rule|Sleep Clause Mod: Limit one foe put to sleep\n|rule|Illusion Level Mod: Illusion disguises the Pok\u00e9mon's true level\n|\n|t:|1783557884\n|teamsize|p1|6\n|teamsize|p2|6\n|start\n|switch|p1a: Iron Treads|Iron Treads, L77|100/100\n|switch|p2a: Lilligant|Lilligant, L86, F|261/261\n|turn|1\n|inactive|Battle timer is ON: inactive players will automatically lose when time's up. (requested by p0x1613dcf6)\n|inactive|Time left: 300 sec this turn | 300 sec total | 60 sec grace\n|inactive|p0y161377c4 also wants the timer to be on.\n|\n|t:|1783557886\n|move|p1a: Iron Treads|Iron Head|p2a: Lilligant\n|-damage|p2a: Lilligant|168/261\n|move|p2a: Lilligant|Quiver Dance|p2a: Lilligant\n|-boost|p2a: Lilligant|spa|1\n|-boost|p2a: Lilligant|spd|1\n|-boost|p2a: Lilligant|spe|1\n|\n|upkeep\n|turn|2\n|inactive|Time left: 300 sec this turn | 300 sec total\n|\n|t:|1783557887\n|move|p2a: Lilligant|Giga Drain|p1a: Iron Treads\n|-damage|p1a: Iron Treads|38/100\n|-heal|p2a: Lilligant|251/261|[from] drain|[of] p1a: Iron Treads\n|-damage|p2a: Lilligant|225/261|[from] item: Life Orb\n|move|p1a: Iron Treads|Rapid Spin|p2a: Lilligant\n|-damage|p2a: Lilligant|186/261\n|-boost|p1a: Iron Treads|spe|1\n|\n|upkeep\n|turn|3\n|inactive|Time left: 300 sec this turn | 300 sec total\n|\n|t:|1783557888\n|move|p1a: Iron Treads|Iron Head|p2a: Lilligant\n|-damage|p2a: Lilligant|104/261\n|cant|p2a: Lilligant|flinch\n|\n|upkeep\n|turn|4\n|inactive|Time left: 300 sec this turn | 300 sec total\n|\n|t:|1783557889\n|move|p1a: Iron Treads|Iron Head|p2a: Lilligant\n|-damage|p2a: Lilligant|17/261\n|cant|p2a: Lilligant|flinch\n|\n|upkeep\n|turn|5\n|inactive|Time left: 300 sec this turn | 300 sec total\n|\n|t:|1783557890\n|switch|p2a: Appletun|Appletun, L92, M|352/352\n|move|p1a: Iron Treads|Iron Head|p2a: Appletun\n|-damage|p2a: Appletun|268/352\n|\n|-heal|p2a: Appletun|290/352|[from] item: Leftovers\n|upkeep\n|turn|6\n|inactive|Time left: 300 sec this turn | 300 sec total\n|\n|t:|1783557892\n|move|p1a: Iron Treads|Earthquake|p2a: Appletun\n|-resisted|p2a: Appletun\n|-damage|p2a: Appletun|245/352\n|move|p2a: Appletun|Apple Acid|p1a: Iron Treads\n|-damage|p1a: Iron Treads|5/100\n|-unboost|p1a: Iron Treads|spd|1\n|\n|-heal|p2a: Appletun|267/352|[from] item: Leftovers\n|upkeep\n|turn|7\n|inactive|Time left: 300 sec this turn | 300 sec total\n|\n|t:|1783557893\n|move|p1a: Iron Treads|Iron Head|p2a: Appletun\n|-damage|p2a: Appletun|195/352\n|move|p2a: Appletun|Apple Acid|p1a: Iron Treads\n|-crit|p1a: Iron Treads\n|-damage|p1a: Iron Treads|0 fnt\n|faint|p1a: Iron Treads\n|-end|p1a: Iron Treads|Quark Drive|[silent]\n|\n|-heal|p2a: Appletun|217/352|[from] item: Leftovers\n|upkeep\n|\n|t:|1783557894\n|switch|p1a: Iron Hands|Iron Hands, L79|100/100\n|turn|8\n|inactive|Time left: 300 sec this turn | 300 sec total\n|\n|t:|1783557895\n|move|p1a: Iron Hands|Swords Dance|p1a: Iron Hands\n|-boost|p1a: Iron Hands|atk|2\n|move|p2a: Appletun|Recover|p2a: Appletun\n|-heal|p2a: Appletun|352/352\n|\n|upkeep\n|turn|9\n|inactive|Time left: 300 sec this turn | 300 sec total\n|\n|t:|1783557896\n|move|p1a: Iron Hands|Ice Punch|p2a: Appletun\n|-supereffective|p2a: Appletun\n|-damage|p2a: Appletun|88/352\n|move|p2a: Appletun|Dragon Tail|p1a: Iron Hands\n|-damage|p1a: Iron Hands|85/100\n|-end|p1a: Iron Hands|Quark Drive|[silent]\n|drag|p1a: Terapagos|Terapagos, L77, M|100/100\n|-activate|p1a: Terapagos|ability: Tera Shift\n|detailschange|p1a: Terapagos|Terapagos-Terastal, L77, M\n|-heal|p1a: Terapagos|100/100|[silent]\n|\n|-heal|p2a: Appletun|110/352|[from] item: Leftovers\n|upkeep\n|turn|10\n|inactive|Time left: 300 sec this turn | 300 sec total\n|\n|t:|1783557897\n|move|p1a: Terapagos|Tera Starstorm|p2a: Appletun\n|-damage|p2a: Appletun|0 fnt\n|faint|p2a: Appletun\n|\n|upkeep\n|inactive|Time left: 300 sec this turn | 300 sec total | 5 sec grace\n|\n|t:|1783557898\n|switch|p2a: Iron Bundle|Iron Bundle, L78|215/215\n|turn|11\n|inactive|Time left: 300 sec this turn | 300 sec total\n|\n|t:|1783557899\n|move|p2a: Iron Bundle|Ice Beam|p1a: Terapagos\n|-activate|p1a: Terapagos|ability: Tera Shell\n|-resisted|p1a: Terapagos\n|-damage|p1a: Terapagos|77/100\n|move|p1a: Terapagos|Tera Starstorm|p2a: Iron Bundle\n|-damage|p2a: Iron Bundle|68/215\n|\n|upkeep\n|turn|12\n|inactive|Time left: 300 sec this turn | 300 sec total\n|\n|t:|1783557900\n|move|p2a: Iron Bundle|Ice Beam|p1a: Terapagos\n|-damage|p1a: Terapagos|22/100\n|move|p1a: Terapagos|Tera Starstorm|p2a: Iron Bundle\n|-damage|p2a: Iron Bundle|0 fnt\n|faint|p2a: Iron Bundle\n|-end|p2a: Iron Bundle|Quark Drive|[silent]\n|\n|upkeep\n|inactive|Time left: 300 sec this turn | 300 sec total | 5 sec grace\n|\n|t:|1783557901\n|switch|p2a: Latios|Latios, L78, M|253/253\n|turn|13\n|inactive|Time left: 300 sec this turn | 300 sec total\n|\n|t:|1783557902\n|move|p2a: Latios|Psyshock|p1a: Terapagos\n|-damage|p1a: Terapagos|0 fnt\n|faint|p1a: Terapagos\n|\n|upkeep\n|\n|t:|1783557903\n|switch|p1a: Morpeko|Morpeko, L88, F|100/100\n|turn|14\n|inactive|Time left: 300 sec this turn | 300 sec total\n|\n|t:|1783557904\n|move|p1a: Morpeko|Knock Off|p2a: Latios\n|-supereffective|p2a: Latios\n|-damage|p2a: Latios|0 fnt\n|-enditem|p2a: Latios|Soul Dew|[from] move: Knock Off|[of] p1a: Morpeko\n|faint|p2a: Latios\n|\n|-formechange|p1a: Morpeko|Morpeko-Hangry||[from] ability: Hunger Switch\n|upkeep\n|inactive|Time left: 300 sec this turn | 300 sec total | 5 sec grace\n|\n|t:|1783557905\n|switch|p2a: Urshifu|Urshifu, L74, F|270/270\n|turn|15\n|inactive|Time left: 300 sec this turn | 300 sec total\n|\n|t:|1783557906\n|switch|p1a: Iron Hands|Iron Hands, L79|85/100\n|move|p2a: Urshifu|Swords Dance|p2a: Urshifu\n|-boost|p2a: Urshifu|atk|2\n|\n|-heal|p1a: Iron Hands|91/100|[from] item: Leftovers\n|upkeep\n|turn|16\n|inactive|Time left: 300 sec this turn | 300 sec total\n|\n|t:|1783557907\n|move|p2a: Urshifu|Swords Dance|p2a: Urshifu\n|-boost|p2a: Urshifu|atk|2\n|move|p1a: Iron Hands|Drain Punch|p2a: Urshifu\n|-supereffective|p2a: Urshifu\n|-damage|p2a: Urshifu|78/270\n|-heal|p1a: Iron Hands|100/100|[from] drain|[of] p2a: Urshifu\n|\n|upkeep\n|turn|17\n|inactive|Time left: 300 sec this turn | 300 sec total\n|\n|t:|1783557908\n|move|p2a: Urshifu|Close Combat|p1a: Iron Hands\n|-damage|p1a: Iron Hands|0 fnt\n|-unboost|p2a: Urshifu|def|1\n|-unboost|p2a: Urshifu|spd|1\n|faint|p1a: Iron Hands\n|-end|p1a: Iron Hands|Quark Drive|[silent]\n|-damage|p2a: Urshifu|51/270|[from] item: Life Orb\n|\n|upkeep\n|\n|t:|1783557909\n|switch|p1a: Keldeo|Keldeo-Resolute, L79|100/100\n|turn|18\n|inactive|Time left: 300 sec this turn | 300 sec total\n|\n|t:|1783557910\n|switch|p2a: Muk|Muk, L86, M|321/321\n|move|p1a: Keldeo|Secret Sword|p2a: Muk\n|-resisted|p2a: Muk\n|-damage|p2a: Muk|232/321\n|\n|upkeep\n|turn|19\n|inactive|Time left: 300 sec this turn | 300 sec total\n|\n|t:|1783557911\n|move|p1a: Keldeo|Secret Sword|p2a: Muk\n|-resisted|p2a: Muk\n|-damage|p2a: Muk|149/321\n|move|p2a: Muk|Drain Punch|p1a: Keldeo\n|-damage|p1a: Keldeo|76/100\n|-heal|p2a: Muk|183/321|[from] drain|[of] p1a: Keldeo\n|-status|p1a: Keldeo|psn|[from] ability: Poison Touch|[of] p2a: Muk\n|\n|-damage|p1a: Keldeo|63/100 psn|[from] psn\n|upkeep\n|turn|20\n|inactive|Time left: 300 sec this turn | 300 sec total\n|\n|t:|1783557913\n|move|p1a: Keldeo|Secret Sword|p2a: Muk\n|-resisted|p2a: Muk\n|-crit|p2a: Muk\n|-damage|p2a: Muk|63/321\n|move|p2a: Muk|Gunk Shot|p1a: Keldeo|[miss]\n|-miss|p2a: Muk|p1a: Keldeo\n|\n|-damage|p1a: Keldeo|51/100 psn|[from] psn\n|upkeep\n|turn|21\n|inactive|Time left: 300 sec this turn | 300 sec total\n|\n|t:|1783557914\n|move|p2a: Muk|Shadow Sneak|p1a: Keldeo\n|-damage|p1a: Keldeo|39/100 psn\n|move|p1a: Keldeo|Secret Sword|p2a: Muk\n|-resisted|p2a: Muk\n|-damage|p2a: Muk|0 fnt\n|faint|p2a: Muk\n|\n|-damage|p1a: Keldeo|26/100 psn|[from] psn\n|upkeep\n|inactive|Time left: 300 sec this turn | 300 sec total | 5 sec grace\n|\n|t:|1783557915\n|switch|p2a: Lilligant|Lilligant, L86, F|17/261\n|turn|22\n|inactive|Time left: 300 sec this turn | 300 sec total\n|\n|t:|1783557916\n|-terastallize|p2a: Lilligant|Fire\n|move|p1a: Keldeo|Secret Sword|p2a: Lilligant\n|-damage|p2a: Lilligant|0 fnt\n|faint|p2a: Lilligant\n|\n|-damage|p1a: Keldeo|14/100 psn|[from] psn\n|upkeep\n|inactive|Time left: 300 sec this turn | 300 sec total | 5 sec grace\n|\n|t:|1783557917\n|switch|p2a: Urshifu|Urshifu, L74, F|51/270\n|turn|23\n|inactive|Time left: 300 sec this turn | 300 sec total\n|\n|t:|1783557918\n|-terastallize|p1a: Keldeo|Water\n|move|p1a: Keldeo|Secret Sword|p2a: Urshifu\n|-supereffective|p2a: Urshifu\n|-damage|p2a: Urshifu|0 fnt\n|faint|p2a: Urshifu\n|\n|win|p0x1613dcf6", "uploadtime": 1783557918, "views": 0, "rating": 0, "private": 0, "password": null, "_winner": "p0x1613dcf6", "_our_name": "p0y161377c4"}