{"id": "battle-gen9randombattle-2784", "formatid": "gen9randombattle", "format": "[Gen 9] Random Battle", "players": ["p0x27844b7d", "p0y27840841"], "log": "|init|battle\n|title|p0x27844b7d vs. p0y27840841\n|j|\u2606p0x27844b7d\n|j|\u2606p0y27840841\n|t:|1783572072\n|gametype|singles\n|player|p1|p0x27844b7d|266|\n|player|p2|p0y27840841|170|\n|gen|9\n|tier|[Gen 9] Random Battle\n|rule|Species Clause: Limit one of each Pok\u00e9mon\n|rule|HP Percentage Mod: HP is shown in percentages\n|rule|Sleep Clause Mod: Limit one foe put to sleep\n|rule|Illusion Level Mod: Illusion disguises the Pok\u00e9mon's true level\n|\n|t:|1783572072\n|teamsize|p1|6\n|teamsize|p2|6\n|start\n|switch|p1a: Pachirisu|Pachirisu, L96, F|271/271\n|switch|p2a: Chien-Pao|Chien-Pao, L72|100/100\n|-ability|p2a: Chien-Pao|Sword of Ruin\n|turn|1\n|inactive|Battle timer is ON: inactive players will automatically lose when time's up. (requested by p0x27844b7d)\n|inactive|p0y27840841 also wants the timer to be on.\n|\n|t:|1783572074\n|move|p1a: Pachirisu|Super Fang|p2a: Chien-Pao\n|-damage|p2a: Chien-Pao|50/100\n|move|p2a: Chien-Pao|Crunch|p1a: Pachirisu\n|-damage|p1a: Pachirisu|109/271\n|-unboost|p1a: Pachirisu|def|1\n|\n|upkeep\n|turn|2\n|inactive|Time left: 300 sec this turn | 300 sec total\n|\n|t:|1783572075\n|move|p1a: Pachirisu|U-turn|p2a: Chien-Pao\n|-supereffective|p2a: Chien-Pao\n|-damage|p2a: Chien-Pao|11/100\n|inactive|Time left: 300 sec this turn | 300 sec total | 5 sec grace\n|\n|t:|1783572076\n|switch|p1a: Landorus|Landorus-Therian, L76, M|260/260|[from] U-turn\n|-ability|p1a: Landorus|Intimidate|boost\n|-unboost|p2a: Chien-Pao|atk|1\n|move|p2a: Chien-Pao|Crunch|p1a: Landorus\n|-damage|p1a: Landorus|161/260\n|\n|-heal|p1a: Landorus|177/260|[from] item: Leftovers\n|upkeep\n|turn|3\n|inactive|Time left: 300 sec this turn | 300 sec total\n|\n|t:|1783572077\n|move|p2a: Chien-Pao|Crunch|p1a: Landorus\n|-damage|p1a: Landorus|80/260\n|move|p1a: Landorus|U-turn|p2a: Chien-Pao\n|-supereffective|p2a: Chien-Pao\n|-damage|p2a: Chien-Pao|0 fnt\n|faint|p2a: Chien-Pao\n|inactive|Time left: 300 sec this turn | 300 sec total | 5 sec grace\n|\n|t:|1783572078\n|switch|p1a: Typhlosion|Typhlosion, L84, M|267/267|[from] U-turn\n|\n|upkeep\n|\n|t:|1783572079\n|switch|p2a: Rhyperior|Rhyperior, L82, M|100/100\n|turn|4\n|inactive|Time left: 300 sec this turn | 300 sec total\n|\n|t:|1783572080\n|switch|p1a: Landorus|Landorus-Therian, L76, M|80/260\n|-ability|p1a: Landorus|Intimidate|boost\n|-unboost|p2a: Rhyperior|atk|1\n|move|p2a: Rhyperior|Earthquake|p1a: Landorus\n|-immune|p1a: Landorus\n|\n|-heal|p1a: Landorus|96/260|[from] item: Leftovers\n|upkeep\n|turn|5\n|inactive|Time left: 300 sec this turn | 300 sec total\n|\n|t:|1783572081\n|move|p1a: Landorus|U-turn|p2a: Rhyperior\n|-crit|p2a: Rhyperior\n|-damage|p2a: Rhyperior|81/100\n|inactive|Time left: 300 sec this turn | 300 sec total | 5 sec grace\n|\n|t:|1783572082\n|switch|p1a: Serperior|Serperior, L79, F|248/248|[from] U-turn\n|move|p2a: Rhyperior|Stone Edge|p1a: Serperior|[miss]\n|-miss|p2a: Rhyperior|p1a: Serperior\n|\n|upkeep\n|turn|6\n|inactive|Time left: 300 sec this turn | 300 sec total\n|\n|t:|1783572083\n|switch|p2a: Bellossom|Bellossom, L84, F|100/100\n|move|p1a: Serperior|Leaf Storm|p2a: Bellossom\n|-resisted|p2a: Bellossom\n|-damage|p2a: Bellossom|83/100\n|-boost|p1a: Serperior|spa|2\n|\n|-heal|p2a: Bellossom|89/100|[from] item: Leftovers\n|upkeep\n|turn|7\n|inactive|Time left: 300 sec this turn | 300 sec total\n|\n|t:|1783572084\n|move|p1a: Serperior|Leaf Storm|p2a: Bellossom\n|-resisted|p2a: Bellossom\n|-crit|p2a: Bellossom\n|-damage|p2a: Bellossom|34/100\n|-boost|p1a: Serperior|spa|2\n|move|p2a: Bellossom|Quiver Dance|p2a: Bellossom\n|-boost|p2a: Bellossom|spa|1\n|-boost|p2a: Bellossom|spd|1\n|-boost|p2a: Bellossom|spe|1\n|\n|-heal|p2a: Bellossom|40/100|[from] item: Leftovers\n|upkeep\n|turn|8\n|inactive|Time left: 300 sec this turn | 300 sec total\n|\n|t:|1783572085\n|-terastallize|p1a: Serperior|Grass\n|move|p1a: Serperior|Leaf Storm|p2a: Bellossom\n|-resisted|p2a: Bellossom\n|-damage|p2a: Bellossom|0 fnt\n|-boost|p1a: Serperior|spa|2\n|faint|p2a: Bellossom\n|\n|upkeep\n|\n|t:|1783572085\n|switch|p2a: Electrode|Electrode, L92|100/100\n|turn|9\n|inactive|Time left: 300 sec this turn | 300 sec total\n|\n|t:|1783572086\n|-terastallize|p2a: Electrode|Ice\n|move|p2a: Electrode|Tera Blast|p1a: Serperior|[anim] Tera Blast Ice\n|-supereffective|p1a: Serperior\n|-damage|p1a: Serperior|19/248\n|-damage|p2a: Electrode|90/100|[from] item: Life Orb\n|move|p1a: Serperior|Leaf Storm|p2a: Electrode|[miss]\n|-miss|p1a: Serperior|p2a: Electrode\n|\n|-heal|p1a: Serperior|34/248|[from] item: Leftovers\n|upkeep\n|turn|10\n|inactive|Time left: 300 sec this turn | 300 sec total\n|\n|t:|1783572088\n|switch|p1a: Pachirisu|Pachirisu, L96, F|109/271\n|move|p2a: Electrode|Tera Blast|p1a: Pachirisu|[anim] Tera Blast Ice\n|-damage|p1a: Pachirisu|12/271\n|-damage|p2a: Electrode|80/100|[from] item: Life Orb\n|\n|upkeep\n|turn|11\n|inactive|Time left: 300 sec this turn | 300 sec total\n|\n|t:|1783572089\n|move|p2a: Electrode|Tera Blast|p1a: Pachirisu|[anim] Tera Blast Ice\n|-damage|p1a: Pachirisu|0 fnt\n|faint|p1a: Pachirisu\n|-damage|p2a: Electrode|70/100|[from] item: Life Orb\n|\n|upkeep\n|inactive|Time left: 300 sec this turn | 300 sec total | 5 sec grace\n|\n|t:|1783572089\n|switch|p1a: Typhlosion|Typhlosion, L84, M|267/267\n|turn|12\n|inactive|Time left: 300 sec this turn | 300 sec total\n|\n|t:|1783572090\n|move|p2a: Electrode|Volt Switch|p1a: Typhlosion\n|-damage|p1a: Typhlosion|168/267\n|-damage|p2a: Electrode|60/100|[from] item: Life Orb\n|\n|t:|1783572091\n|switch|p2a: Rhyperior|Rhyperior, L82, M|81/100|[from] Volt Switch\n|move|p1a: Typhlosion|Fire Blast|p2a: Rhyperior\n|-resisted|p2a: Rhyperior\n|-damage|p2a: Rhyperior|51/100\n|\n|upkeep\n|turn|13\n|inactive|Time left: 300 sec this turn | 300 sec total\n|\n|t:|1783572092\n|switch|p1a: Samurott|Samurott, L88, F|310/310\n|move|p2a: Rhyperior|Stone Edge|p1a: Samurott|[miss]\n|-miss|p2a: Rhyperior|p1a: Samurott\n|\n|upkeep\n|turn|14\n|inactive|Time left: 300 sec this turn | 300 sec total\n|\n|t:|1783572093\n|move|p1a: Samurott|Liquidation|p2a: Rhyperior\n|-supereffective|p2a: Rhyperior\n|-damage|p2a: Rhyperior|0 fnt\n|faint|p2a: Rhyperior\n|-damage|p1a: Samurott|279/310|[from] item: Life Orb\n|\n|upkeep\n|\n|t:|1783572094\n|switch|p2a: Sudowoodo|Sudowoodo, L94, F|100/100\n|turn|15\n|inactive|Time left: 300 sec this turn | 300 sec total\n|\n|t:|1783572095\n|move|p1a: Samurott|Liquidation|p2a: Sudowoodo\n|-supereffective|p2a: Sudowoodo\n|-damage|p2a: Sudowoodo|36/100\n|-damage|p1a: Samurott|248/310|[from] item: Life Orb\n|move|p2a: Sudowoodo|Wood Hammer|p1a: Samurott\n|-supereffective|p1a: Samurott\n|-damage|p1a: Samurott|0 fnt\n|faint|p1a: Samurott\n|\n|upkeep\n|inactive|Time left: 300 sec this turn | 300 sec total | 5 sec grace\n|\n|t:|1783572096\n|switch|p1a: Serperior|Serperior, L79, F, tera:Grass|34/248\n|turn|16\n|inactive|Time left: 300 sec this turn | 300 sec total\n|\n|t:|1783572097\n|move|p1a: Serperior|Leaf Storm|p2a: Sudowoodo\n|-supereffective|p2a: Sudowoodo\n|-damage|p2a: Sudowoodo|0 fnt\n|-boost|p1a: Serperior|spa|2\n|faint|p2a: Sudowoodo\n|\n|-heal|p1a: Serperior|49/248|[from] item: Leftovers\n|upkeep\n|\n|t:|1783572098\n|switch|p2a: Electrode|Electrode, L92, tera:Ice|60/100\n|turn|17\n|inactive|Time left: 300 sec this turn | 300 sec total\n|\n|t:|1783572099\n|move|p2a: Electrode|Tera Blast|p1a: Serperior|[anim] Tera Blast Ice\n|-supereffective|p1a: Serperior\n|-damage|p1a: Serperior|0 fnt\n|faint|p1a: Serperior\n|-damage|p2a: Electrode|50/100|[from] item: Life Orb\n|\n|upkeep\n|inactive|Time left: 300 sec this turn | 300 sec total | 5 sec grace\n|\n|t:|1783572100\n|switch|p1a: Typhlosion|Typhlosion, L84, M|168/267\n|turn|18\n|inactive|Time left: 300 sec this turn | 300 sec total\n|\n|t:|1783572101\n|move|p2a: Electrode|Tera Blast|p1a: Typhlosion|[anim] Tera Blast Ice\n|-resisted|p1a: Typhlosion\n|-damage|p1a: Typhlosion|107/267\n|-damage|p2a: Electrode|40/100|[from] item: Life Orb\n|move|p1a: Typhlosion|Fire Blast|p2a: Electrode\n|-supereffective|p2a: Electrode\n|-damage|p2a: Electrode|0 fnt\n|faint|p2a: Electrode\n|\n|upkeep\n|\n|t:|1783572102\n|switch|p2a: Hitmonlee|Hitmonlee, L85, M|100/100\n|turn|19\n|inactive|Time left: 300 sec this turn | 300 sec total\n|\n|t:|1783572104\n|move|p1a: Typhlosion|Fire Blast|p2a: Hitmonlee\n|-damage|p2a: Hitmonlee|54/100\n|move|p2a: Hitmonlee|Swords Dance|p2a: Hitmonlee\n|-boost|p2a: Hitmonlee|atk|2\n|\n|upkeep\n|turn|20\n|inactive|Time left: 300 sec this turn | 300 sec total\n|\n|t:|1783572105\n|move|p1a: Typhlosion|Fire Blast|p2a: Hitmonlee\n|-crit|p2a: Hitmonlee\n|-damage|p2a: Hitmonlee|0 fnt\n|faint|p2a: Hitmonlee\n|\n|win|p0x27844b7d", "uploadtime": 1783572105, "views": 0, "rating": 0, "private": 0, "password": null, "_winner": "p0x27844b7d", "_our_name": "p0x27844b7d"}