{"id": "battle-gen9randombattle-2047", "formatid": "gen9randombattle", "format": "[Gen 9] Random Battle", "players": ["p0x20479bce", "p0y20473ce0"], "log": "|init|battle\n|title|p0x20479bce vs. p0y20473ce0\n|j|\u2606p0x20479bce\n|j|\u2606p0y20473ce0\n|t:|1783563696\n|gametype|singles\n|player|p1|p0x20479bce|266|\n|player|p2|p0y20473ce0|266|\n|gen|9\n|tier|[Gen 9] Random Battle\n|rule|Species Clause: Limit one of each Pok\u00e9mon\n|rule|HP Percentage Mod: HP is shown in percentages\n|rule|Sleep Clause Mod: Limit one foe put to sleep\n|rule|Illusion Level Mod: Illusion disguises the Pok\u00e9mon's true level\n|\n|t:|1783563696\n|teamsize|p1|6\n|teamsize|p2|6\n|start\n|switch|p1a: Mienshao|Mienshao, L83, F|244/244\n|switch|p2a: Smeargle|Smeargle, L95, M|100/100\n|turn|1\n|inactive|Battle timer is ON: inactive players will automatically lose when time's up. (requested by p0y20473ce0)\n|inactive|Time left: 300 sec this turn | 300 sec total | 60 sec grace\n|inactive|p0x20479bce also wants the timer to be on.\n|\n|t:|1783563698\n|move|p1a: Mienshao|Knock Off|p2a: Smeargle\n|-damage|p2a: Smeargle|28/100\n|-enditem|p2a: Smeargle|Focus Sash|[from] move: Knock Off|[of] p1a: Mienshao\n|-damage|p1a: Mienshao|220/244|[from] item: Life Orb\n|move|p2a: Smeargle|Sticky Web|p1a: Mienshao\n|-sidestart|p1: p0x20479bce|move: Sticky Web\n|\n|upkeep\n|turn|2\n|inactive|Time left: 300 sec this turn | 300 sec total\n|\n|t:|1783563699\n|move|p1a: Mienshao|Knock Off|p2a: Smeargle\n|-damage|p2a: Smeargle|0 fnt\n|faint|p2a: Smeargle\n|-damage|p1a: Mienshao|196/244|[from] item: Life Orb\n|\n|upkeep\n|\n|t:|1783563700\n|switch|p2a: Venomoth|Venomoth, L84, M|100/100\n|turn|3\n|inactive|Time left: 300 sec this turn | 300 sec total\n|\n|t:|1783563701\n|move|p1a: Mienshao|Swords Dance|p1a: Mienshao\n|-boost|p1a: Mienshao|atk|2\n|move|p2a: Venomoth|Quiver Dance|p2a: Venomoth\n|-boost|p2a: Venomoth|spa|1\n|-boost|p2a: Venomoth|spd|1\n|-boost|p2a: Venomoth|spe|1\n|\n|upkeep\n|turn|4\n|inactive|Time left: 300 sec this turn | 300 sec total\n|\n|t:|1783563702\n|-terastallize|p2a: Venomoth|Poison\n|move|p2a: Venomoth|Sludge Wave|p1a: Mienshao\n|-damage|p1a: Mienshao|0 fnt\n|faint|p1a: Mienshao\n|\n|upkeep\n|inactive|Time left: 300 sec this turn | 300 sec total | 5 sec grace\n|\n|t:|1783563703\n|switch|p1a: Okidogi|Okidogi, L77, M|262/262\n|-activate|p1a: Okidogi|move: Sticky Web\n|-unboost|p1a: Okidogi|spe|1\n|turn|5\n|inactive|Time left: 300 sec this turn | 300 sec total\n|\n|t:|1783563704\n|move|p2a: Venomoth|Sludge Wave|p1a: Okidogi\n|-resisted|p1a: Okidogi\n|-damage|p1a: Okidogi|124/262\n|move|p1a: Okidogi|High Horsepower|p2a: Venomoth\n|-supereffective|p2a: Venomoth\n|-damage|p2a: Venomoth|33/100\n|\n|upkeep\n|turn|6\n|inactive|Time left: 300 sec this turn | 300 sec total\n|\n|t:|1783563705\n|move|p2a: Venomoth|Sludge Wave|p1a: Okidogi\n|-resisted|p1a: Okidogi\n|-damage|p1a: Okidogi|0 fnt\n|faint|p1a: Okidogi\n|\n|upkeep\n|inactive|Time left: 300 sec this turn | 300 sec total | 5 sec grace\n|\n|t:|1783563706\n|switch|p1a: Braviary|Braviary, L85, M|309/309\n|turn|7\n|inactive|Time left: 300 sec this turn | 300 sec total\n|\n|t:|1783563707\n|move|p2a: Venomoth|Sleep Powder|p1a: Braviary|[miss]\n|-miss|p2a: Venomoth|p1a: Braviary\n|move|p1a: Braviary|Brave Bird|p2a: Venomoth\n|-damage|p2a: Venomoth|0 fnt\n|faint|p2a: Venomoth\n|-damage|p1a: Braviary|282/309|[from] Recoil\n|\n|upkeep\n|\n|t:|1783563708\n|switch|p2a: Kilowattrel|Kilowattrel, L83, M|100/100\n|turn|8\n|inactive|Time left: 300 sec this turn | 300 sec total\n|\n|t:|1783563709\n|move|p2a: Kilowattrel|Thunderbolt|p1a: Braviary\n|-supereffective|p1a: Braviary\n|-damage|p1a: Braviary|78/309\n|move|p1a: Braviary|Roost|p1a: Braviary\n|-heal|p1a: Braviary|233/309\n|-singleturn|p1a: Braviary|move: Roost\n|\n|upkeep\n|turn|9\n|inactive|Time left: 300 sec this turn | 300 sec total\n|\n|t:|1783563710\n|move|p2a: Kilowattrel|Thunderbolt|p1a: Braviary\n|-supereffective|p1a: Braviary\n|-damage|p1a: Braviary|0 fnt\n|faint|p1a: Braviary\n|\n|upkeep\n|inactive|Time left: 300 sec this turn | 300 sec total | 5 sec grace\n|\n|t:|1783563711\n|switch|p1a: Bellibolt|Bellibolt, L84, F|320/320\n|-activate|p1a: Bellibolt|move: Sticky Web\n|-unboost|p1a: Bellibolt|spe|1\n|turn|10\n|inactive|Time left: 300 sec this turn | 300 sec total\n|\n|t:|1783563712\n|switch|p2a: Flapple|Flapple, L88, F|100/100\n|move|p1a: Bellibolt|Toxic|p2a: Flapple\n|-status|p2a: Flapple|tox\n|\n|-damage|p2a: Flapple|94/100 tox|[from] psn\n|upkeep\n|turn|11\n|inactive|Time left: 300 sec this turn | 300 sec total\n|\n|t:|1783563713\n|move|p2a: Flapple|Outrage|p1a: Bellibolt|[miss]\n|-miss|p2a: Flapple|p1a: Bellibolt\n|move|p1a: Bellibolt|Thunderbolt|p2a: Flapple\n|-resisted|p2a: Flapple\n|-damage|p2a: Flapple|83/100 tox\n|\n|-damage|p2a: Flapple|71/100 tox|[from] psn\n|upkeep\n|turn|12\n|inactive|Time left: 300 sec this turn | 300 sec total\n|\n|t:|1783563714\n|move|p2a: Flapple|Outrage|p1a: Bellibolt\n|-damage|p1a: Bellibolt|0 fnt\n|faint|p1a: Bellibolt\n|\n|-damage|p2a: Flapple|53/100 tox|[from] psn\n|upkeep\n|inactive|Time left: 300 sec this turn | 300 sec total | 5 sec grace\n|\n|t:|1783563715\n|switch|p1a: Calyrex|Calyrex, L93|337/337\n|-ability|p1a: Calyrex|Unnerve\n|-activate|p1a: Calyrex|move: Sticky Web\n|-unboost|p1a: Calyrex|spe|1\n|turn|13\n|inactive|Time left: 300 sec this turn | 300 sec total\n|\n|t:|1783563716\n|move|p2a: Flapple|Outrage|p1a: Calyrex|[from] lockedmove\n|-crit|p1a: Calyrex\n|-damage|p1a: Calyrex|0 fnt\n|faint|p1a: Calyrex\n|\n|-damage|p2a: Flapple|29/100 tox|[from] psn\n|upkeep\n|inactive|Time left: 300 sec this turn | 300 sec total | 5 sec grace\n|\n|t:|1783563717\n|switch|p1a: Dugtrio|Dugtrio, L84, F|196/196\n|-activate|p1a: Dugtrio|move: Sticky Web\n|-unboost|p1a: Dugtrio|spe|1\n|turn|14\n|inactive|Time left: 300 sec this turn | 300 sec total\n|\n|t:|1783563718\n|-terastallize|p1a: Dugtrio|Ground\n|move|p1a: Dugtrio|Sucker Punch|p2a: Flapple\n|-damage|p2a: Flapple|4/100 tox\n|-damage|p1a: Dugtrio|177/196|[from] item: Life Orb\n|move|p2a: Flapple|Outrage|p1a: Dugtrio|[from] lockedmove\n|-damage|p1a: Dugtrio|0 fnt\n|faint|p1a: Dugtrio\n|-start|p2a: Flapple|confusion|[fatigue]\n|\n|win|p0y20473ce0", "uploadtime": 1783563718, "views": 0, "rating": 0, "private": 0, "password": null, "_winner": "p0y20473ce0", "_our_name": "p0x20479bce"}