{"id": "battle-gen9randombattle-2978", "formatid": "gen9randombattle", "format": "[Gen 9] Random Battle", "players": ["p0x29784d21", "p0y2978df93"], "log": "|init|battle\n|title|p0x29784d21 vs. p0y2978df93\n|j|\u2606p0x29784d21\n|j|\u2606p0y2978df93\n|t:|1783573287\n|gametype|singles\n|player|p1|p0x29784d21|1|\n|player|p2|p0y2978df93|265|\n|gen|9\n|tier|[Gen 9] Random Battle\n|rule|Species Clause: Limit one of each Pok\u00e9mon\n|rule|HP Percentage Mod: HP is shown in percentages\n|rule|Sleep Clause Mod: Limit one foe put to sleep\n|rule|Illusion Level Mod: Illusion disguises the Pok\u00e9mon's true level\n|\n|t:|1783573287\n|teamsize|p1|6\n|teamsize|p2|6\n|start\n|switch|p1a: Maushold|Maushold-Four, L76|100/100\n|switch|p2a: Ninetales|Ninetales, L85, F|263/263\n|-weather|SunnyDay|[from] ability: Drought|[of] p2a: Ninetales\n|turn|1\n|inactive|Battle timer is ON: inactive players will automatically lose when time's up. (requested by p0y2978df93)\n|inactive|p0x29784d21 also wants the timer to be on.\n|\n|t:|1783573289\n|-terastallize|p2a: Ninetales|Fire\n|move|p2a: Ninetales|Fire Blast|p1a: Maushold\n|-damage|p1a: Maushold|0 fnt\n|faint|p1a: Maushold\n|\n|-weather|SunnyDay|[upkeep]\n|upkeep\n|\n|t:|1783573290\n|switch|p1a: Dugtrio|Dugtrio-Alola, L84, F|100/100\n|turn|2\n|inactive|Time left: 300 sec this turn | 300 sec total\n|\n|t:|1783573291\n|switch|p2a: Hariyama|Hariyama, L87, M|392/392\n|move|p1a: Dugtrio|Earthquake|p2a: Hariyama\n|-damage|p2a: Hariyama|197/392\n|-damage|p1a: Dugtrio|91/100|[from] item: Life Orb\n|\n|-weather|SunnyDay|[upkeep]\n|-status|p2a: Hariyama|brn|[from] item: Flame Orb\n|upkeep\n|turn|3\n|inactive|Time left: 300 sec this turn | 300 sec total\n|\n|t:|1783573292\n|move|p1a: Dugtrio|Earthquake|p2a: Hariyama\n|-damage|p2a: Hariyama|12/392 brn\n|-damage|p1a: Dugtrio|81/100|[from] item: Life Orb\n|move|p2a: Hariyama|Close Combat|p1a: Dugtrio\n|-supereffective|p1a: Dugtrio\n|-damage|p1a: Dugtrio|0 fnt\n|-unboost|p2a: Hariyama|def|1\n|-unboost|p2a: Hariyama|spd|1\n|-ability|p1a: Dugtrio|Tangling Hair\n|-unboost|p2a: Hariyama|spe|1\n|faint|p1a: Dugtrio\n|\n|-weather|SunnyDay|[upkeep]\n|-damage|p2a: Hariyama|0 fnt|[from] brn\n|faint|p2a: Hariyama\n|upkeep\n|inactive|Time left: 300 sec this turn | 300 sec total | 5 sec grace\n|\n|t:|1783573293\n|switch|p1a: Mimikyu|Mimikyu, L79, M|100/100\n|switch|p2a: Rayquaza|Rayquaza, L72|270/270\n|-ability|p2a: Rayquaza|Air Lock\n|turn|4\n|inactive|Time left: 300 sec this turn | 300 sec total\n|\n|t:|1783573295\n|switch|p2a: Ninetales|Ninetales, L85, F, tera:Fire|263/263\n|move|p1a: Mimikyu|Swords Dance|p1a: Mimikyu\n|-boost|p1a: Mimikyu|atk|2\n|\n|-weather|SunnyDay|[upkeep]\n|upkeep\n|turn|5\n|inactive|Time left: 300 sec this turn | 300 sec total\n|\n|t:|1783573296\n|move|p2a: Ninetales|Solar Beam||[still]\n|-prepare|p2a: Ninetales|Solar Beam\n|-anim|p2a: Ninetales|Solar Beam|p1a: Mimikyu\n|-activate|p1a: Mimikyu|ability: Disguise\n|-damage|p1a: Mimikyu|100/100\n|detailschange|p1a: Mimikyu|Mimikyu-Busted, L79, M\n|-damage|p1a: Mimikyu|88/100|[from] pokemon: Mimikyu-Busted\n|move|p1a: Mimikyu|Drain Punch|p2a: Ninetales\n|-damage|p2a: Ninetales|138/263\n|-heal|p1a: Mimikyu|100/100|[from] drain|[of] p2a: Ninetales\n|-damage|p1a: Mimikyu|91/100|[from] item: Life Orb\n|\n|-weather|none\n|upkeep\n|turn|6\n|inactive|Time left: 300 sec this turn | 300 sec total\n|\n|t:|1783573297\n|move|p2a: Ninetales|Fire Blast|p1a: Mimikyu\n|-damage|p1a: Mimikyu|35/100\n|move|p1a: Mimikyu|Drain Punch|p2a: Ninetales\n|-damage|p2a: Ninetales|3/263\n|-heal|p1a: Mimikyu|67/100|[from] drain|[of] p2a: Ninetales\n|-damage|p1a: Mimikyu|57/100|[from] item: Life Orb\n|\n|upkeep\n|turn|7\n|inactive|Time left: 300 sec this turn | 300 sec total\n|\n|t:|1783573298\n|move|p1a: Mimikyu|Shadow Sneak|p2a: Ninetales\n|-damage|p2a: Ninetales|0 fnt\n|faint|p2a: Ninetales\n|-damage|p1a: Mimikyu|47/100|[from] item: Life Orb\n|\n|upkeep\n|inactive|Time left: 300 sec this turn | 300 sec total | 5 sec grace\n|\n|t:|1783573299\n|switch|p2a: Klawf|Klawf, L90, M|272/272\n|turn|8\n|inactive|Time left: 300 sec this turn | 300 sec total\n|\n|t:|1783573299\n|-terastallize|p1a: Mimikyu|Fighting\n|move|p1a: Mimikyu|Drain Punch|p2a: Klawf\n|-supereffective|p2a: Klawf\n|-damage|p2a: Klawf|20/272\n|-heal|p1a: Mimikyu|100/100|[from] drain|[of] p2a: Klawf\n|-damage|p1a: Mimikyu|91/100|[from] item: Life Orb\n|move|p2a: Klawf|Stone Edge|p1a: Mimikyu\n|-resisted|p1a: Mimikyu\n|-damage|p1a: Mimikyu|51/100\n|-damage|p2a: Klawf|0 fnt|[from] item: Life Orb\n|faint|p2a: Klawf\n|\n|upkeep\n|inactive|Time left: 300 sec this turn | 300 sec total | 5 sec grace\n|\n|t:|1783573300\n|switch|p2a: Eelektross|Eelektross, L87, M|290/290\n|turn|9\n|inactive|Time left: 300 sec this turn | 300 sec total\n|\n|t:|1783573301\n|move|p1a: Mimikyu|Drain Punch|p2a: Eelektross\n|-damage|p2a: Eelektross|103/290\n|-heal|p1a: Mimikyu|94/100|[from] drain|[of] p2a: Eelektross\n|-damage|p1a: Mimikyu|85/100|[from] item: Life Orb\n|move|p2a: Eelektross|Dragon Tail|p1a: Mimikyu\n|-damage|p1a: Mimikyu|56/100\n|drag|p1a: Bronzong|Bronzong, L88|100/100\n|\n|upkeep\n|turn|10\n|inactive|Time left: 300 sec this turn | 300 sec total\n|\n|t:|1783573302\n|move|p2a: Eelektross|Discharge|p1a: Bronzong\n|-damage|p1a: Bronzong|72/100\n|-status|p1a: Bronzong|par\n|move|p1a: Bronzong|Iron Defense|p1a: Bronzong\n|-boost|p1a: Bronzong|def|2\n|\n|upkeep\n|turn|11\n|inactive|Time left: 300 sec this turn | 300 sec total\n|\n|t:|1783573303\n|switch|p2a: Rayquaza|Rayquaza, L72|270/270\n|-ability|p2a: Rayquaza|Air Lock\n|move|p1a: Bronzong|Body Press|p2a: Rayquaza\n|-resisted|p2a: Rayquaza\n|-damage|p2a: Rayquaza|185/270\n|\n|upkeep\n|turn|12\n|inactive|Time left: 300 sec this turn | 300 sec total\n|\n|t:|1783573304\n|move|p2a: Rayquaza|Dragon Dance|p2a: Rayquaza\n|-boost|p2a: Rayquaza|atk|1\n|-boost|p2a: Rayquaza|spe|1\n|move|p1a: Bronzong|Body Press|p2a: Rayquaza\n|-resisted|p2a: Rayquaza\n|-damage|p2a: Rayquaza|106/270\n|\n|upkeep\n|turn|13\n|inactive|Time left: 300 sec this turn | 300 sec total\n|\n|t:|1783573305\n|move|p2a: Rayquaza|Dragon Dance|p2a: Rayquaza\n|-boost|p2a: Rayquaza|atk|1\n|-boost|p2a: Rayquaza|spe|1\n|move|p1a: Bronzong|Iron Head|p2a: Rayquaza\n|-damage|p2a: Rayquaza|10/270\n|\n|upkeep\n|turn|14\n|inactive|Time left: 300 sec this turn | 300 sec total\n|\n|t:|1783573306\n|move|p2a: Rayquaza|Outrage|p1a: Bronzong\n|-resisted|p1a: Bronzong\n|-damage|p1a: Bronzong|50/100 par\n|cant|p1a: Bronzong|par\n|\n|upkeep\n|turn|15\n|inactive|Time left: 300 sec this turn | 300 sec total\n|\n|t:|1783573307\n|move|p2a: Rayquaza|Outrage|p1a: Bronzong|[from] lockedmove\n|-resisted|p1a: Bronzong\n|-damage|p1a: Bronzong|31/100 par\n|-start|p2a: Rayquaza|confusion|[fatigue]\n|move|p1a: Bronzong|Rest|p1a: Bronzong\n|-status|p1a: Bronzong|slp|[from] move: Rest\n|-heal|p1a: Bronzong|100/100 slp|[silent]\n|-enditem|p1a: Bronzong|Chesto Berry|[eat]\n|-curestatus|p1a: Bronzong|slp|[msg]\n|\n|upkeep\n|turn|16\n|inactive|Time left: 300 sec this turn | 300 sec total\n|\n|t:|1783573308\n|-activate|p2a: Rayquaza|confusion\n|move|p2a: Rayquaza|Outrage|p1a: Bronzong\n|-resisted|p1a: Bronzong\n|-damage|p1a: Bronzong|81/100\n|move|p1a: Bronzong|Iron Head|p2a: Rayquaza\n|-damage|p2a: Rayquaza|0 fnt\n|faint|p2a: Rayquaza\n|\n|upkeep\n|inactive|Time left: 300 sec this turn | 300 sec total | 5 sec grace\n|\n|t:|1783573309\n|switch|p2a: Glaceon|Glaceon, L94, M|275/275\n|turn|17\n|inactive|Time left: 300 sec this turn | 300 sec total\n|\n|t:|1783573310\n|move|p2a: Glaceon|Protect|p2a: Glaceon\n|-singleturn|p2a: Glaceon|Protect\n|move|p1a: Bronzong|Body Press|p2a: Glaceon\n|-activate|p2a: Glaceon|move: Protect\n|\n|upkeep\n|turn|18\n|inactive|Time left: 300 sec this turn | 300 sec total\n|\n|t:|1783573311\n|move|p2a: Glaceon|Wish|p2a: Glaceon\n|move|p1a: Bronzong|Body Press|p2a: Glaceon\n|-supereffective|p2a: Glaceon\n|-damage|p2a: Glaceon|63/275\n|\n|upkeep\n|turn|19\n|inactive|Time left: 300 sec this turn | 300 sec total\n|\n|t:|1783573312\n|move|p2a: Glaceon|Protect|p2a: Glaceon\n|-singleturn|p2a: Glaceon|Protect\n|move|p1a: Bronzong|Body Press|p2a: Glaceon\n|-activate|p2a: Glaceon|move: Protect\n|\n|-heal|p2a: Glaceon|200/275|[from] move: Wish|[wisher] Glaceon\n|upkeep\n|turn|20\n|inactive|Time left: 300 sec this turn | 300 sec total\n|\n|t:|1783573313\n|move|p2a: Glaceon|Protect||[still]\n|-fail|p2a: Glaceon\n|move|p1a: Bronzong|Body Press|p2a: Glaceon\n|-supereffective|p2a: Glaceon\n|-damage|p2a: Glaceon|0 fnt\n|faint|p2a: Glaceon\n|\n|upkeep\n|inactive|Time left: 300 sec this turn | 300 sec total | 5 sec grace\n|\n|t:|1783573313\n|switch|p2a: Eelektross|Eelektross, L87, M|103/290\n|turn|21\n|inactive|Time left: 300 sec this turn | 300 sec total\n|\n|t:|1783573314\n|move|p2a: Eelektross|Discharge|p1a: Bronzong\n|-damage|p1a: Bronzong|51/100\n|-status|p1a: Bronzong|par\n|move|p1a: Bronzong|Body Press|p2a: Eelektross\n|-damage|p2a: Eelektross|0 fnt\n|faint|p2a: Eelektross\n|\n|win|p0x29784d21", "uploadtime": 1783573314, "views": 0, "rating": 0, "private": 0, "password": null, "_winner": "p0x29784d21", "_our_name": "p0y2978df93"}