{"id": "battle-gen9randombattle-1007", "formatid": "gen9randombattle", "format": "[Gen 9] Random Battle", "players": ["p0x10079ec3", "p0y10072363"], "log": "|init|battle\n|title|p0x10079ec3 vs. p0y10072363\n|j|\u2606p0x10079ec3\n|j|\u2606p0y10072363\n|t:|1783550827\n|gametype|singles\n|player|p1|p0x10079ec3|170|\n|player|p2|p0y10072363|266|\n|gen|9\n|tier|[Gen 9] Random Battle\n|rule|Species Clause: Limit one of each Pok\u00e9mon\n|rule|HP Percentage Mod: HP is shown in percentages\n|rule|Sleep Clause Mod: Limit one foe put to sleep\n|rule|Illusion Level Mod: Illusion disguises the Pok\u00e9mon's true level\n|\n|t:|1783550827\n|teamsize|p1|6\n|teamsize|p2|6\n|start\n|switch|p1a: Shaymin|Shaymin, L82|100/100\n|switch|p2a: Sneasler|Sneasler, L74, M|240/240\n|turn|1\n|inactive|Battle timer is ON: inactive players will automatically lose when time's up. (requested by p0x10079ec3)\n|inactive|Time left: 300 sec this turn | 300 sec total | 60 sec grace\n|inactive|p0y10072363 also wants the timer to be on.\n|\n|t:|1783550829\n|move|p2a: Sneasler|Dire Claw|p1a: Shaymin\n|-supereffective|p1a: Shaymin\n|-damage|p1a: Shaymin|18/100\n|-status|p1a: Shaymin|par\n|move|p1a: Shaymin|Seed Flare|p2a: Sneasler\n|-resisted|p2a: Sneasler\n|-damage|p2a: Sneasler|171/240\n|\n|-heal|p1a: Shaymin|24/100 par|[from] item: Leftovers\n|upkeep\n|turn|2\n|inactive|Time left: 300 sec this turn | 300 sec total\n|\n|t:|1783550830\n|-curestatus|p1a: Shaymin|par|[from] ability: Natural Cure|[silent]\n|switch|p1a: Registeel|Registeel, L81|100/100\n|move|p2a: Sneasler|Dire Claw|p1a: Registeel\n|-immune|p1a: Registeel\n|\n|upkeep\n|turn|3\n|inactive|Time left: 300 sec this turn | 300 sec total\n|\n|t:|1783550831\n|move|p2a: Sneasler|Dire Claw|p1a: Registeel\n|-immune|p1a: Registeel\n|move|p1a: Registeel|Stealth Rock|p2a: Sneasler\n|-sidestart|p2: p0y10072363|move: Stealth Rock\n|\n|upkeep\n|turn|4\n|inactive|Time left: 300 sec this turn | 300 sec total\n|\n|t:|1783550832\n|move|p2a: Sneasler|Dire Claw|p1a: Registeel\n|-immune|p1a: Registeel\n|move|p1a: Registeel|Iron Head|p2a: Sneasler\n|-damage|p2a: Sneasler|68/240\n|\n|upkeep\n|turn|5\n|inactive|Time left: 300 sec this turn | 300 sec total\n|\n|t:|1783550834\n|switch|p2a: Galvantula|Galvantula, L82, M|249/249\n|move|p1a: Registeel|Iron Head|p2a: Galvantula\n|-resisted|p2a: Galvantula\n|-damage|p2a: Galvantula|203/249\n|\n|upkeep\n|turn|6\n|inactive|Time left: 300 sec this turn | 300 sec total\n|\n|t:|1783550835\n|switch|p1a: Greedent|Greedent, L86, M|100/100\n|move|p2a: Galvantula|Sticky Web|p1a: Greedent\n|-sidestart|p1: p0x10079ec3|move: Sticky Web\n|\n|upkeep\n|turn|7\n|inactive|Time left: 300 sec this turn | 300 sec total\n|\n|t:|1783550836\n|switch|p2a: Pelipper|Pelipper, L86, M|243/243\n|-weather|RainDance|[from] ability: Drizzle|[of] p2a: Pelipper\n|move|p1a: Greedent|Swords Dance|p1a: Greedent\n|-boost|p1a: Greedent|atk|2\n|\n|-weather|RainDance|[upkeep]\n|upkeep\n|turn|8\n|inactive|Time left: 300 sec this turn | 300 sec total\n|\n|t:|1783550838\n|move|p2a: Pelipper|Hurricane|p1a: Greedent\n|-damage|p1a: Greedent|60/100\n|move|p1a: Greedent|Double-Edge|p2a: Pelipper\n|-damage|p2a: Pelipper|27/243\n|-damage|p1a: Greedent|39/100|[from] Recoil\n|-enditem|p1a: Greedent|Sitrus Berry|[eat]\n|-heal|p1a: Greedent|64/100|[from] item: Sitrus Berry\n|-heal|p1a: Greedent|97/100|[from] ability: Cheek Pouch\n|\n|-weather|RainDance|[upkeep]\n|upkeep\n|turn|9\n|inactive|Time left: 300 sec this turn | 300 sec total\n|\n|t:|1783550839\n|move|p2a: Pelipper|Surf|p1a: Greedent\n|-damage|p1a: Greedent|52/100\n|move|p1a: Greedent|Double-Edge|p2a: Pelipper\n|-damage|p2a: Pelipper|0 fnt\n|faint|p2a: Pelipper\n|-damage|p1a: Greedent|49/100|[from] Recoil\n|\n|-weather|RainDance|[upkeep]\n|upkeep\n|inactive|Time left: 300 sec this turn | 300 sec total | 5 sec grace\n|\n|t:|1783550840\n|switch|p2a: Sneasler|Sneasler, L74, M|68/240\n|-damage|p2a: Sneasler|53/240|[from] Stealth Rock\n|turn|10\n|inactive|Time left: 300 sec this turn | 300 sec total\n|\n|t:|1783550841\n|move|p2a: Sneasler|Close Combat|p1a: Greedent\n|-supereffective|p1a: Greedent\n|-damage|p1a: Greedent|0 fnt\n|-unboost|p2a: Sneasler|def|1\n|-unboost|p2a: Sneasler|spd|1\n|faint|p1a: Greedent\n|\n|-weather|RainDance|[upkeep]\n|upkeep\n|\n|t:|1783550842\n|switch|p1a: Cramorant|Cramorant, L86, M|100/100\n|turn|11\n|inactive|Time left: 300 sec this turn | 300 sec total\n|\n|t:|1783550844\n|move|p2a: Sneasler|Close Combat|p1a: Cramorant\n|-resisted|p1a: Cramorant\n|-damage|p1a: Cramorant|54/100\n|-unboost|p2a: Sneasler|def|1\n|-unboost|p2a: Sneasler|spd|1\n|move|p1a: Cramorant|Surf|p2a: Sneasler\n|-formechange|p1a: Cramorant|Cramorant-Gulping|\n|-damage|p2a: Sneasler|0 fnt\n|faint|p2a: Sneasler\n|\n|-weather|none\n|upkeep\n|inactive|Time left: 300 sec this turn | 300 sec total | 5 sec grace\n|\n|t:|1783550845\n|switch|p2a: Galvantula|Galvantula, L82, M|203/249\n|turn|12\n|inactive|Time left: 300 sec this turn | 300 sec total\n|\n|t:|1783550846\n|-terastallize|p1a: Cramorant|Ground\n|move|p2a: Galvantula|Thunder|p1a: Cramorant\n|-immune|p1a: Cramorant\n|move|p1a: Cramorant|Defog|p2a: Galvantula\n|-unboost|p2a: Galvantula|evasion|1\n|-sideend|p2: p0y10072363|Stealth Rock|[from] move: Defog|[of] p1a: Cramorant\n|-sideend|p1: p0x10079ec3|Sticky Web|[from] move: Defog|[of] p1a: Cramorant\n|\n|upkeep\n|turn|13\n|inactive|Time left: 300 sec this turn | 300 sec total\n|\n|t:|1783550847\n|move|p2a: Galvantula|Sticky Web|p1a: Cramorant\n|-sidestart|p1: p0x10079ec3|move: Sticky Web\n|move|p1a: Cramorant|Surf|p2a: Galvantula\n|-damage|p2a: Galvantula|74/249\n|\n|upkeep\n|turn|14\n|inactive|Time left: 300 sec this turn | 300 sec total\n|\n|t:|1783550848\n|move|p2a: Galvantula|Energy Ball|p1a: Cramorant\n|-supereffective|p1a: Cramorant\n|-damage|p1a: Cramorant|14/100\n|-unboost|p1a: Cramorant|spd|1\n|-damage|p2a: Galvantula|12/249|[from] ability: Gulp Missile|[of] p1a: Cramorant\n|-unboost|p2a: Galvantula|def|1\n|-formechange|p1a: Cramorant|Cramorant|\n|move|p1a: Cramorant|Defog|p2a: Galvantula\n|-unboost|p2a: Galvantula|evasion|1\n|-sideend|p1: p0x10079ec3|Sticky Web|[from] move: Defog|[of] p1a: Cramorant\n|\n|upkeep\n|turn|15\n|inactive|Time left: 300 sec this turn | 300 sec total\n|\n|t:|1783550849\n|move|p2a: Galvantula|Sticky Web|p1a: Cramorant\n|-sidestart|p1: p0x10079ec3|move: Sticky Web\n|move|p1a: Cramorant|Defog|p2a: Galvantula\n|-unboost|p2a: Galvantula|evasion|1\n|-sideend|p1: p0x10079ec3|Sticky Web|[from] move: Defog|[of] p1a: Cramorant\n|\n|upkeep\n|turn|16\n|inactive|Time left: 300 sec this turn | 300 sec total\n|\n|t:|1783550850\n|move|p2a: Galvantula|Sticky Web|p1a: Cramorant\n|-sidestart|p1: p0x10079ec3|move: Sticky Web\n|move|p1a: Cramorant|Defog|p2a: Galvantula\n|-unboost|p2a: Galvantula|evasion|1\n|-sideend|p1: p0x10079ec3|Sticky Web|[from] move: Defog|[of] p1a: Cramorant\n|\n|upkeep\n|turn|17\n|inactive|Time left: 300 sec this turn | 300 sec total\n|\n|t:|1783550851\n|move|p2a: Galvantula|Sticky Web|p1a: Cramorant\n|-sidestart|p1: p0x10079ec3|move: Sticky Web\n|move|p1a: Cramorant|Defog|p2a: Galvantula\n|-unboost|p2a: Galvantula|evasion|1\n|-sideend|p1: p0x10079ec3|Sticky Web|[from] move: Defog|[of] p1a: Cramorant\n|\n|upkeep\n|turn|18\n|inactive|Time left: 300 sec this turn | 300 sec total\n|\n|t:|1783550852\n|move|p2a: Galvantula|Sticky Web|p1a: Cramorant\n|-sidestart|p1: p0x10079ec3|move: Sticky Web\n|move|p1a: Cramorant|Roost|p1a: Cramorant\n|-heal|p1a: Cramorant|64/100\n|\n|upkeep\n|turn|19\n|inactive|Time left: 300 sec this turn | 300 sec total\n|\n|t:|1783550853\n|move|p2a: Galvantula|Energy Ball|p1a: Cramorant\n|-supereffective|p1a: Cramorant\n|-damage|p1a: Cramorant|6/100\n|-unboost|p1a: Cramorant|spd|1\n|move|p1a: Cramorant|Defog|p2a: Galvantula\n|-unboost|p2a: Galvantula|evasion|1\n|-sideend|p1: p0x10079ec3|Sticky Web|[from] move: Defog|[of] p1a: Cramorant\n|\n|upkeep\n|turn|20\n|inactive|Time left: 300 sec this turn | 300 sec total\n|\n|t:|1783550854\n|move|p2a: Galvantula|Sticky Web|p1a: Cramorant\n|-sidestart|p1: p0x10079ec3|move: Sticky Web\n|move|p1a: Cramorant|Defog|p2a: Galvantula\n|-unboost|p2a: Galvantula|evasion|0\n|-sideend|p1: p0x10079ec3|Sticky Web|[from] move: Defog|[of] p1a: Cramorant\n|\n|upkeep\n|turn|21\n|inactive|Time left: 300 sec this turn | 300 sec total\n|\n|t:|1783550855\n|move|p2a: Galvantula|Sticky Web|p1a: Cramorant\n|-sidestart|p1: p0x10079ec3|move: Sticky Web\n|move|p1a: Cramorant|Defog|p2a: Galvantula\n|-unboost|p2a: Galvantula|evasion|0\n|-sideend|p1: p0x10079ec3|Sticky Web|[from] move: Defog|[of] p1a: Cramorant\n|\n|upkeep\n|turn|22\n|inactive|Time left: 300 sec this turn | 300 sec total\n|\n|t:|1783550856\n|move|p2a: Galvantula|Sticky Web|p1a: Cramorant\n|-sidestart|p1: p0x10079ec3|move: Sticky Web\n|move|p1a: Cramorant|Defog|p2a: Galvantula\n|-unboost|p2a: Galvantula|evasion|0\n|-sideend|p1: p0x10079ec3|Sticky Web|[from] move: Defog|[of] p1a: Cramorant\n|\n|upkeep\n|turn|23\n|inactive|Time left: 300 sec this turn | 300 sec total\n|\n|t:|1783550857\n|move|p2a: Galvantula|Sticky Web|p1a: Cramorant\n|-sidestart|p1: p0x10079ec3|move: Sticky Web\n|move|p1a: Cramorant|Defog|p2a: Galvantula\n|-unboost|p2a: Galvantula|evasion|0\n|-sideend|p1: p0x10079ec3|Sticky Web|[from] move: Defog|[of] p1a: Cramorant\n|\n|upkeep\n|turn|24\n|inactive|Time left: 300 sec this turn | 300 sec total\n|\n|t:|1783550858\n|move|p2a: Galvantula|Sticky Web|p1a: Cramorant\n|-sidestart|p1: p0x10079ec3|move: Sticky Web\n|move|p1a: Cramorant|Defog|p2a: Galvantula\n|-unboost|p2a: Galvantula|evasion|0\n|-sideend|p1: p0x10079ec3|Sticky Web|[from] move: Defog|[of] p1a: Cramorant\n|\n|upkeep\n|turn|25\n|inactive|Time left: 300 sec this turn | 300 sec total\n|\n|t:|1783550860\n|move|p2a: Galvantula|Sticky Web|p1a: Cramorant\n|-sidestart|p1: p0x10079ec3|move: Sticky Web\n|move|p1a: Cramorant|Defog|p2a: Galvantula\n|-unboost|p2a: Galvantula|evasion|0\n|-sideend|p1: p0x10079ec3|Sticky Web|[from] move: Defog|[of] p1a: Cramorant\n|\n|upkeep\n|turn|26\n|inactive|Time left: 300 sec this turn | 300 sec total\n|\n|t:|1783550861\n|move|p2a: Galvantula|Sticky Web|p1a: Cramorant\n|-sidestart|p1: p0x10079ec3|move: Sticky Web\n|move|p1a: Cramorant|Defog|p2a: Galvantula\n|-unboost|p2a: Galvantula|evasion|0\n|-sideend|p1: p0x10079ec3|Sticky Web|[from] move: Defog|[of] p1a: Cramorant\n|\n|upkeep\n|turn|27\n|inactive|Time left: 300 sec this turn | 300 sec total\n|\n|t:|1783550862\n|move|p2a: Galvantula|Sticky Web|p1a: Cramorant\n|-sidestart|p1: p0x10079ec3|move: Sticky Web\n|move|p1a: Cramorant|Defog|p2a: Galvantula\n|-unboost|p2a: Galvantula|evasion|0\n|-sideend|p1: p0x10079ec3|Sticky Web|[from] move: Defog|[of] p1a: Cramorant\n|\n|upkeep\n|turn|28\n|inactive|Time left: 300 sec this turn | 300 sec total\n|\n|t:|1783550863\n|move|p2a: Galvantula|Sticky Web|p1a: Cramorant\n|-sidestart|p1: p0x10079ec3|move: Sticky Web\n|move|p1a: Cramorant|Defog|p2a: Galvantula\n|-unboost|p2a: Galvantula|evasion|0\n|-sideend|p1: p0x10079ec3|Sticky Web|[from] move: Defog|[of] p1a: Cramorant\n|\n|upkeep\n|turn|29\n|inactive|Time left: 300 sec this turn | 300 sec total\n|\n|t:|1783550864\n|move|p2a: Galvantula|Sticky Web|p1a: Cramorant\n|-sidestart|p1: p0x10079ec3|move: Sticky Web\n|move|p1a: Cramorant|Defog|p2a: Galvantula\n|-unboost|p2a: Galvantula|evasion|0\n|-sideend|p1: p0x10079ec3|Sticky Web|[from] move: Defog|[of] p1a: Cramorant\n|\n|upkeep\n|turn|30\n|inactive|Time left: 300 sec this turn | 300 sec total\n|\n|t:|1783550864\n|move|p2a: Galvantula|Sticky Web|p1a: Cramorant\n|-sidestart|p1: p0x10079ec3|move: Sticky Web\n|move|p1a: Cramorant|Defog|p2a: Galvantula\n|-unboost|p2a: Galvantula|evasion|0\n|-sideend|p1: p0x10079ec3|Sticky Web|[from] move: Defog|[of] p1a: Cramorant\n|\n|upkeep\n|turn|31\n|inactive|Time left: 300 sec this turn | 300 sec total\n|\n|t:|1783550865\n|move|p2a: Galvantula|Sticky Web|p1a: Cramorant\n|-sidestart|p1: p0x10079ec3|move: Sticky Web\n|move|p1a: Cramorant|Defog|p2a: Galvantula\n|-unboost|p2a: Galvantula|evasion|0\n|-sideend|p1: p0x10079ec3|Sticky Web|[from] move: Defog|[of] p1a: Cramorant\n|\n|upkeep\n|turn|32\n|inactive|Time left: 300 sec this turn | 300 sec total\n|\n|t:|1783550866\n|move|p2a: Galvantula|Sticky Web|p1a: Cramorant\n|-sidestart|p1: p0x10079ec3|move: Sticky Web\n|move|p1a: Cramorant|Defog|p2a: Galvantula\n|-unboost|p2a: Galvantula|evasion|0\n|-sideend|p1: p0x10079ec3|Sticky Web|[from] move: Defog|[of] p1a: Cramorant\n|\n|upkeep\n|turn|33\n|inactive|Time left: 300 sec this turn | 300 sec total\n|\n|t:|1783550867\n|move|p2a: Galvantula|Sticky Web|p1a: Cramorant\n|-sidestart|p1: p0x10079ec3|move: Sticky Web\n|move|p1a: Cramorant|Defog|p2a: Galvantula\n|-unboost|p2a: Galvantula|evasion|0\n|-sideend|p1: p0x10079ec3|Sticky Web|[from] move: Defog|[of] p1a: Cramorant\n|\n|upkeep\n|turn|34\n|inactive|Time left: 300 sec this turn | 300 sec total\n|\n|t:|1783550868\n|move|p2a: Galvantula|Sticky Web|p1a: Cramorant\n|-sidestart|p1: p0x10079ec3|move: Sticky Web\n|move|p1a: Cramorant|Defog|p2a: Galvantula\n|-unboost|p2a: Galvantula|evasion|0\n|-sideend|p1: p0x10079ec3|Sticky Web|[from] move: Defog|[of] p1a: Cramorant\n|\n|upkeep\n|turn|35\n|inactive|Time left: 300 sec this turn | 300 sec total\n|\n|t:|1783550869\n|move|p2a: Galvantula|Sticky Web|p1a: Cramorant\n|-sidestart|p1: p0x10079ec3|move: Sticky Web\n|move|p1a: Cramorant|Defog|p2a: Galvantula\n|-unboost|p2a: Galvantula|evasion|0\n|-sideend|p1: p0x10079ec3|Sticky Web|[from] move: Defog|[of] p1a: Cramorant\n|\n|upkeep\n|turn|36\n|inactive|Time left: 300 sec this turn | 300 sec total\n|\n|t:|1783550870\n|move|p2a: Galvantula|Sticky Web|p1a: Cramorant\n|-sidestart|p1: p0x10079ec3|move: Sticky Web\n|move|p1a: Cramorant|Surf|p2a: Galvantula\n|-formechange|p1a: Cramorant|Cramorant-Gorging|\n|-damage|p2a: Galvantula|0 fnt\n|faint|p2a: Galvantula\n|\n|upkeep\n|inactive|Time left: 300 sec this turn | 300 sec total | 5 sec grace\n|\n|t:|1783550871\n|switch|p2a: Cyclizar|Cyclizar, L84, F|255/255\n|turn|37\n|inactive|Time left: 300 sec this turn | 300 sec total\n|\n|t:|1783550873\n|move|p2a: Cyclizar|Rapid Spin|p1a: Cramorant\n|-damage|p1a: Cramorant|0 fnt\n|-boost|p2a: Cyclizar|spe|1\n|-damage|p2a: Cyclizar|192/255|[from] ability: Gulp Missile|[of] p1a: Cramorant\n|-status|p2a: Cyclizar|par\n|-formechange|p1a: Cramorant|Cramorant|\n|faint|p1a: Cramorant\n|\n|upkeep\n|\n|t:|1783550874\n|switch|p1a: Shaymin|Shaymin, L82|24/100\n|-activate|p1a: Shaymin|move: Sticky Web\n|-unboost|p1a: Shaymin|spe|1\n|turn|38\n|inactive|Time left: 300 sec this turn | 300 sec total\n|\n|t:|1783550875\n|move|p2a: Cyclizar|Rapid Spin|p1a: Shaymin\n|-damage|p1a: Shaymin|9/100\n|-boost|p2a: Cyclizar|spe|1\n|move|p1a: Shaymin|Synthesis|p1a: Shaymin\n|-heal|p1a: Shaymin|59/100\n|\n|-heal|p1a: Shaymin|65/100|[from] item: Leftovers\n|upkeep\n|turn|39\n|inactive|Time left: 300 sec this turn | 300 sec total\n|\n|t:|1783550876\n|move|p2a: Cyclizar|Knock Off|p1a: Shaymin\n|-damage|p1a: Shaymin|45/100\n|-enditem|p1a: Shaymin|Leftovers|[from] move: Knock Off|[of] p2a: Cyclizar\n|move|p1a: Shaymin|Earth Power|p2a: Cyclizar\n|-damage|p2a: Cyclizar|117/255 par\n|-unboost|p2a: Cyclizar|spd|1\n|\n|upkeep\n|turn|40\n|inactive|Time left: 300 sec this turn | 300 sec total\n|\n|t:|1783550877\n|switch|p2a: Goodra|Goodra, L85, F|292/292\n|move|p1a: Shaymin|Synthesis|p1a: Shaymin\n|-heal|p1a: Shaymin|95/100\n|\n|upkeep\n|turn|41\n|inactive|Time left: 300 sec this turn | 300 sec total\n|\n|t:|1783550878\n|move|p2a: Goodra|Fire Blast|p1a: Shaymin\n|-supereffective|p1a: Shaymin\n|-damage|p1a: Shaymin|39/100\n|move|p1a: Shaymin|Earth Power|p2a: Goodra\n|-damage|p2a: Goodra|263/292\n|-unboost|p2a: Goodra|spd|1\n|\n|upkeep\n|turn|42\n|inactive|Time left: 300 sec this turn | 300 sec total\n|\n|t:|1783550879\n|move|p2a: Goodra|Fire Blast|p1a: Shaymin\n|-supereffective|p1a: Shaymin\n|-damage|p1a: Shaymin|0 fnt\n|faint|p1a: Shaymin\n|\n|upkeep\n|\n|t:|1783550881\n|switch|p1a: Suicune|Suicune, L82|100/100\n|-activate|p1a: Suicune|move: Sticky Web\n|-unboost|p1a: Suicune|spe|1\n|-ability|p1a: Suicune|Pressure\n|turn|43\n|inactive|Time left: 300 sec this turn | 300 sec total\n|\n|t:|1783550882\n|move|p2a: Goodra|Power Whip|p1a: Suicune\n|-supereffective|p1a: Suicune\n|-damage|p1a: Suicune|52/100\n|move|p1a: Suicune|Calm Mind|p1a: Suicune\n|-boost|p1a: Suicune|spa|1\n|-boost|p1a: Suicune|spd|1\n|\n|-heal|p1a: Suicune|58/100|[from] item: Leftovers\n|upkeep\n|turn|44\n|inactive|Time left: 300 sec this turn | 300 sec total\n|\n|t:|1783550883\n|move|p1a: Suicune|Protect|p1a: Suicune\n|-singleturn|p1a: Suicune|Protect\n|move|p2a: Goodra|Power Whip|p1a: Suicune\n|-activate|p1a: Suicune|move: Protect\n|\n|-heal|p1a: Suicune|64/100|[from] item: Leftovers\n|upkeep\n|turn|45\n|inactive|Time left: 300 sec this turn | 300 sec total\n|\n|t:|1783550884\n|move|p2a: Goodra|Power Whip|p1a: Suicune\n|-supereffective|p1a: Suicune\n|-damage|p1a: Suicune|10/100\n|move|p1a: Suicune|Scald|p2a: Goodra\n|-resisted|p2a: Goodra\n|-damage|p2a: Goodra|224/292\n|\n|-heal|p1a: Suicune|16/100|[from] item: Leftovers\n|upkeep\n|turn|46\n|inactive|Time left: 300 sec this turn | 300 sec total\n|\n|t:|1783550886\n|move|p1a: Suicune|Protect|p1a: Suicune\n|-singleturn|p1a: Suicune|Protect\n|move|p2a: Goodra|Power Whip|p1a: Suicune\n|-activate|p1a: Suicune|move: Protect\n|\n|-heal|p1a: Suicune|22/100|[from] item: Leftovers\n|upkeep\n|turn|47\n|inactive|Time left: 300 sec this turn | 300 sec total\n|\n|t:|1783550887\n|move|p2a: Goodra|Power Whip|p1a: Suicune\n|-supereffective|p1a: Suicune\n|-damage|p1a: Suicune|0 fnt\n|faint|p1a: Suicune\n|\n|upkeep\n|\n|t:|1783550888\n|switch|p1a: Registeel|Registeel, L81|100/100\n|-activate|p1a: Registeel|move: Sticky Web\n|-fail|p1a: Registeel|unboost|[from] ability: Clear Body|[of] p1a: Registeel\n|turn|48\n|inactive|Time left: 300 sec this turn | 300 sec total\n|\n|t:|1783550889\n|move|p2a: Goodra|Fire Blast|p1a: Registeel\n|-supereffective|p1a: Registeel\n|-damage|p1a: Registeel|55/100\n|move|p1a: Registeel|Thunder Wave|p2a: Goodra\n|-status|p2a: Goodra|par\n|\n|-heal|p1a: Registeel|61/100|[from] item: Leftovers\n|upkeep\n|turn|49\n|inactive|Time left: 300 sec this turn | 300 sec total\n|\n|t:|1783550891\n|-terastallize|p2a: Goodra|Fire\n|move|p1a: Registeel|Body Press|p2a: Goodra\n|-damage|p2a: Goodra|129/292 par\n|move|p2a: Goodra|Fire Blast|p1a: Registeel|[miss]\n|-miss|p2a: Goodra|p1a: Registeel\n|\n|-heal|p1a: Registeel|67/100|[from] item: Leftovers\n|upkeep\n|turn|50\n|inactive|Time left: 300 sec this turn | 300 sec total\n|\n|t:|1783550892\n|move|p1a: Registeel|Iron Head|p2a: Goodra\n|-resisted|p2a: Goodra\n|-damage|p2a: Goodra|93/292 par\n|cant|p2a: Goodra|flinch\n|\n|-heal|p1a: Registeel|73/100|[from] item: Leftovers\n|upkeep\n|turn|51\n|inactive|Time left: 300 sec this turn | 300 sec total\n|\n|t:|1783550894\n|move|p1a: Registeel|Body Press|p2a: Goodra\n|-damage|p2a: Goodra|3/292 par\n|move|p2a: Goodra|Fire Blast|p1a: Registeel\n|-supereffective|p1a: Registeel\n|-damage|p1a: Registeel|4/100\n|\n|-heal|p1a: Registeel|10/100|[from] item: Leftovers\n|upkeep\n|turn|52\n|inactive|Time left: 300 sec this turn | 300 sec total\n|\n|t:|1783550896\n|move|p1a: Registeel|Body Press|p2a: Goodra\n|-damage|p2a: Goodra|0 fnt\n|faint|p2a: Goodra\n|\n|-heal|p1a: Registeel|17/100|[from] item: Leftovers\n|upkeep\n|inactive|Time left: 300 sec this turn | 300 sec total | 5 sec grace\n|\n|t:|1783550897\n|switch|p2a: Arboliva|Arboliva, L91, F|288/288\n|turn|53\n|inactive|Time left: 300 sec this turn | 300 sec total\n|\n|t:|1783550898\n|move|p1a: Registeel|Body Press|p2a: Arboliva\n|-supereffective|p2a: Arboliva\n|-damage|p2a: Arboliva|142/288\n|-enditem|p2a: Arboliva|Sitrus Berry|[eat]\n|-heal|p2a: Arboliva|214/288|[from] item: Sitrus Berry\n|move|p2a: Arboliva|Leech Seed|p1a: Registeel\n|-start|p1a: Registeel|move: Leech Seed\n|\n|-heal|p1a: Registeel|23/100|[from] item: Leftovers\n|-damage|p1a: Registeel|10/100|[from] Leech Seed|[of] p2a: Arboliva\n|-heal|p2a: Arboliva|246/288|[silent]\n|upkeep\n|turn|54\n|inactive|Time left: 300 sec this turn | 300 sec total\n|\n|t:|1783550899\n|move|p2a: Arboliva|Protect|p2a: Arboliva\n|-singleturn|p2a: Arboliva|Protect\n|move|p1a: Registeel|Body Press|p2a: Arboliva\n|-activate|p2a: Arboliva|move: Protect\n|\n|-heal|p1a: Registeel|17/100|[from] item: Leftovers\n|-damage|p1a: Registeel|4/100|[from] Leech Seed|[of] p2a: Arboliva\n|-heal|p2a: Arboliva|278/288|[silent]\n|-item|p2a: Arboliva|Sitrus Berry|[from] ability: Harvest\n|upkeep\n|turn|55\n|inactive|Time left: 300 sec this turn | 300 sec total\n|\n|t:|1783550900\n|move|p1a: Registeel|Thunder Wave|p2a: Arboliva\n|-status|p2a: Arboliva|par\n|cant|p2a: Arboliva|par\n|\n|-heal|p1a: Registeel|10/100|[from] item: Leftovers\n|-damage|p1a: Registeel|0 fnt|[from] Leech Seed|[of] p2a: Arboliva\n|-heal|p2a: Arboliva|288/288 par|[silent]\n|faint|p1a: Registeel\n|upkeep\n|\n|t:|1783550901\n|switch|p1a: Infernape|Infernape, L82, M|100/100\n|-activate|p1a: Infernape|move: Sticky Web\n|-unboost|p1a: Infernape|spe|1\n|turn|56\n|inactive|Time left: 300 sec this turn | 300 sec total\n|\n|t:|1783550902\n|move|p1a: Infernape|Close Combat|p2a: Arboliva\n|-supereffective|p2a: Arboliva\n|-damage|p2a: Arboliva|0 fnt\n|-unboost|p1a: Infernape|def|1\n|-unboost|p1a: Infernape|spd|1\n|faint|p2a: Arboliva\n|-damage|p1a: Infernape|91/100|[from] item: Life Orb\n|\n|upkeep\n|inactive|Time left: 300 sec this turn | 300 sec total | 5 sec grace\n|\n|t:|1783550903\n|switch|p2a: Cyclizar|Cyclizar, L84, F|202/255 par\n|turn|57\n|inactive|Time left: 300 sec this turn | 300 sec total\n|\n|t:|1783550904\n|move|p1a: Infernape|Close Combat|p2a: Cyclizar\n|-supereffective|p2a: Cyclizar\n|-damage|p2a: Cyclizar|0 fnt\n|-unboost|p1a: Infernape|def|1\n|-unboost|p1a: Infernape|spd|1\n|faint|p2a: Cyclizar\n|-damage|p1a: Infernape|81/100|[from] item: Life Orb\n|\n|win|p0x10079ec3", "uploadtime": 1783550904, "views": 0, "rating": 0, "private": 0, "password": null, "_winner": "p0x10079ec3", "_our_name": "p0y10072363"}