{"id": "battle-gen9randombattle-1016", "formatid": "gen9randombattle", "format": "[Gen 9] Random Battle", "players": ["p0x1016ae15", "p0y101607de"], "log": "|init|battle\n|title|p0x1016ae15 vs. p0y101607de\n|j|\u2606p0x1016ae15\n|j|\u2606p0y101607de\n|t:|1783550964\n|gametype|singles\n|player|p1|p0x1016ae15|266|\n|player|p2|p0y101607de|2|\n|gen|9\n|tier|[Gen 9] Random Battle\n|rule|Species Clause: Limit one of each Pok\u00e9mon\n|rule|HP Percentage Mod: HP is shown in percentages\n|rule|Sleep Clause Mod: Limit one foe put to sleep\n|rule|Illusion Level Mod: Illusion disguises the Pok\u00e9mon's true level\n|\n|t:|1783550964\n|teamsize|p1|6\n|teamsize|p2|6\n|start\n|switch|p1a: Pachirisu|Pachirisu, L96, F|271/271\n|switch|p2a: Glaceon|Glaceon, L94, M|100/100\n|turn|1\n|inactive|Battle timer is ON: inactive players will automatically lose when time's up. (requested by p0x1016ae15)\n|inactive|p0y101607de also wants the timer to be on.\n|\n|t:|1783550966\n|move|p1a: Pachirisu|Super Fang|p2a: Glaceon\n|-damage|p2a: Glaceon|51/100\n|move|p2a: Glaceon|Freeze-Dry|p1a: Pachirisu\n|-damage|p1a: Pachirisu|207/271\n|\n|upkeep\n|turn|2\n|inactive|Time left: 300 sec this turn | 300 sec total\n|\n|t:|1783550967\n|move|p1a: Pachirisu|Super Fang|p2a: Glaceon\n|-damage|p2a: Glaceon|26/100\n|move|p2a: Glaceon|Freeze-Dry|p1a: Pachirisu\n|-damage|p1a: Pachirisu|138/271\n|\n|upkeep\n|turn|3\n|inactive|Time left: 300 sec this turn | 300 sec total\n|\n|t:|1783550968\n|move|p1a: Pachirisu|Nuzzle|p2a: Glaceon\n|-damage|p2a: Glaceon|21/100\n|-status|p2a: Glaceon|par\n|move|p2a: Glaceon|Freeze-Dry|p1a: Pachirisu\n|-damage|p1a: Pachirisu|77/271\n|\n|upkeep\n|turn|4\n|inactive|Time left: 300 sec this turn | 300 sec total\n|\n|t:|1783550969\n|move|p1a: Pachirisu|Thunderbolt|p2a: Glaceon\n|-damage|p2a: Glaceon|0 fnt\n|faint|p2a: Glaceon\n|\n|upkeep\n|\n|t:|1783550970\n|switch|p2a: Metagross|Metagross, L79|100/100\n|turn|5\n|inactive|Time left: 300 sec this turn | 300 sec total\n|\n|t:|1783550971\n|move|p1a: Pachirisu|Nuzzle|p2a: Metagross\n|-damage|p2a: Metagross|95/100\n|-status|p2a: Metagross|par\n|move|p2a: Metagross|Agility|p2a: Metagross\n|-boost|p2a: Metagross|spe|2\n|\n|upkeep\n|turn|6\n|inactive|Time left: 300 sec this turn | 300 sec total\n|\n|t:|1783550973\n|move|p1a: Pachirisu|Super Fang|p2a: Metagross\n|-damage|p2a: Metagross|48/100 par\n|move|p2a: Metagross|Earthquake|p1a: Pachirisu\n|-supereffective|p1a: Pachirisu\n|-damage|p1a: Pachirisu|0 fnt\n|faint|p1a: Pachirisu\n|\n|upkeep\n|inactive|Time left: 300 sec this turn | 300 sec total | 5 sec grace\n|\n|t:|1783550974\n|switch|p1a: Oricorio|Oricorio-Sensu, L85, F|266/266\n|turn|7\n|inactive|Time left: 300 sec this turn | 300 sec total\n|\n|t:|1783550975\n|move|p1a: Oricorio|Revelation Dance|p2a: Metagross\n|-supereffective|p2a: Metagross\n|-damage|p2a: Metagross|0 fnt\n|faint|p2a: Metagross\n|\n|upkeep\n|\n|t:|1783550976\n|switch|p2a: Iron Jugulis|Iron Jugulis, L77|100/100\n|turn|8\n|inactive|Time left: 300 sec this turn | 300 sec total\n|\n|t:|1783550978\n|switch|p1a: Zacian|Zacian, L69|241/241\n|-ability|p1a: Zacian|Intrepid Sword|boost\n|-boost|p1a: Zacian|atk|1\n|move|p2a: Iron Jugulis|Meteor Beam||[still]\n|-prepare|p2a: Iron Jugulis|Meteor Beam\n|-boost|p2a: Iron Jugulis|spa|1\n|-enditem|p2a: Iron Jugulis|Power Herb\n|-anim|p2a: Iron Jugulis|Meteor Beam|p1a: Zacian\n|-damage|p1a: Zacian|120/241\n|\n|upkeep\n|turn|9\n|inactive|Time left: 300 sec this turn | 300 sec total\n|\n|t:|1783550979\n|-end|p2a: Iron Jugulis|Quark Drive|[silent]\n|switch|p2a: Dachsbun|Dachsbun, L92, F|100/100\n|move|p1a: Zacian|Play Rough|p2a: Dachsbun\n|-damage|p2a: Dachsbun|52/100\n|\n|-heal|p2a: Dachsbun|58/100|[from] item: Leftovers\n|upkeep\n|turn|10\n|inactive|Time left: 300 sec this turn | 300 sec total\n|\n|t:|1783550980\n|move|p1a: Zacian|Play Rough|p2a: Dachsbun|[miss]\n|-miss|p1a: Zacian|p2a: Dachsbun\n|move|p2a: Dachsbun|Play Rough|p1a: Zacian|[miss]\n|-miss|p2a: Dachsbun|p1a: Zacian\n|\n|-heal|p2a: Dachsbun|64/100|[from] item: Leftovers\n|upkeep\n|turn|11\n|inactive|Time left: 300 sec this turn | 300 sec total\n|\n|t:|1783550981\n|move|p1a: Zacian|Play Rough|p2a: Dachsbun\n|-damage|p2a: Dachsbun|12/100\n|move|p2a: Dachsbun|Play Rough|p1a: Zacian\n|-damage|p1a: Zacian|29/241\n|\n|-heal|p2a: Dachsbun|17/100|[from] item: Leftovers\n|upkeep\n|turn|12\n|inactive|Time left: 300 sec this turn | 300 sec total\n|\n|t:|1783550982\n|switch|p2a: Tinkaton|Tinkaton, L82, F|100/100\n|-ability|p2a: Tinkaton|Mold Breaker\n|move|p1a: Zacian|Play Rough|p2a: Tinkaton\n|-resisted|p2a: Tinkaton\n|-damage|p2a: Tinkaton|65/100\n|\n|-heal|p2a: Tinkaton|72/100|[from] item: Leftovers\n|upkeep\n|turn|13\n|inactive|Time left: 300 sec this turn | 300 sec total\n|\n|t:|1783550983\n|move|p1a: Zacian|Play Rough|p2a: Tinkaton\n|-resisted|p2a: Tinkaton\n|-damage|p2a: Tinkaton|38/100\n|-unboost|p2a: Tinkaton|atk|1\n|move|p2a: Tinkaton|Gigaton Hammer|p1a: Zacian\n|-supereffective|p1a: Zacian\n|-damage|p1a: Zacian|0 fnt\n|faint|p1a: Zacian\n|\n|-heal|p2a: Tinkaton|44/100|[from] item: Leftovers\n|upkeep\n|inactive|Time left: 300 sec this turn | 300 sec total | 5 sec grace\n|\n|t:|1783550984\n|switch|p1a: Oricorio|Oricorio-Sensu, L85, F|266/266\n|turn|14\n|inactive|Time left: 300 sec this turn | 300 sec total\n|\n|t:|1783550985\n|move|p1a: Oricorio|Quiver Dance|p1a: Oricorio\n|-boost|p1a: Oricorio|spa|1\n|-boost|p1a: Oricorio|spd|1\n|-boost|p1a: Oricorio|spe|1\n|move|p2a: Tinkaton|Thunder Wave|p1a: Oricorio\n|-status|p1a: Oricorio|par\n|\n|-heal|p2a: Tinkaton|50/100|[from] item: Leftovers\n|upkeep\n|turn|15\n|inactive|Time left: 300 sec this turn | 300 sec total\n|\n|t:|1783550987\n|move|p2a: Tinkaton|Knock Off|p1a: Oricorio\n|-supereffective|p1a: Oricorio\n|-damage|p1a: Oricorio|186/266 par\n|-enditem|p1a: Oricorio|Heavy-Duty Boots|[from] move: Knock Off|[of] p2a: Tinkaton\n|move|p1a: Oricorio|Quiver Dance|p1a: Oricorio\n|-boost|p1a: Oricorio|spa|1\n|-boost|p1a: Oricorio|spd|1\n|-boost|p1a: Oricorio|spe|1\n|\n|-heal|p2a: Tinkaton|56/100|[from] item: Leftovers\n|upkeep\n|turn|16\n|inactive|Time left: 300 sec this turn | 300 sec total\n|\n|t:|1783550988\n|move|p1a: Oricorio|Revelation Dance|p2a: Tinkaton\n|-damage|p2a: Tinkaton|0 fnt\n|faint|p2a: Tinkaton\n|\n|upkeep\n|\n|t:|1783550989\n|switch|p2a: Appletun|Appletun, L92, M|100/100\n|turn|17\n|inactive|Time left: 300 sec this turn | 300 sec total\n|\n|t:|1783550990\n|-terastallize|p2a: Appletun|Steel\n|move|p1a: Oricorio|Hurricane|p2a: Appletun\n|-resisted|p2a: Appletun\n|-damage|p2a: Appletun|67/100\n|move|p2a: Appletun|Dragon Tail|p1a: Oricorio\n|-damage|p1a: Oricorio|108/266 par\n|drag|p1a: Toucannon|Toucannon, L88, F|284/284\n|\n|-heal|p2a: Appletun|74/100|[from] item: Leftovers\n|upkeep\n|turn|18\n|inactive|Time left: 300 sec this turn | 300 sec total\n|\n|t:|1783550991\n|move|p1a: Toucannon|Knock Off|p2a: Appletun\n|-damage|p2a: Appletun|49/100\n|-enditem|p2a: Appletun|Leftovers|[from] move: Knock Off|[of] p1a: Toucannon\n|move|p2a: Appletun|Dragon Pulse|p1a: Toucannon\n|-damage|p1a: Toucannon|160/284\n|\n|upkeep\n|turn|19\n|inactive|Time left: 300 sec this turn | 300 sec total\n|\n|t:|1783550992\n|move|p1a: Toucannon|Roost|p1a: Toucannon\n|-heal|p1a: Toucannon|284/284\n|-singleturn|p1a: Toucannon|move: Roost\n|move|p2a: Appletun|Recover|p2a: Appletun\n|-heal|p2a: Appletun|99/100\n|\n|upkeep\n|turn|20\n|inactive|Time left: 300 sec this turn | 300 sec total\n|\n|t:|1783550993\n|switch|p1a: Hatterene|Hatterene, L85, F|236/236\n|move|p2a: Appletun|Apple Acid|p1a: Hatterene\n|-damage|p1a: Hatterene|172/236\n|-unboost|p1a: Hatterene|spd|1\n|\n|upkeep\n|turn|21\n|inactive|Time left: 300 sec this turn | 300 sec total\n|\n|t:|1783550994\n|move|p2a: Appletun|Apple Acid|p1a: Hatterene\n|-crit|p1a: Hatterene\n|-damage|p1a: Hatterene|36/236\n|-unboost|p1a: Hatterene|spd|1\n|move|p1a: Hatterene|Mystical Fire|p2a: Appletun\n|-supereffective|p2a: Appletun\n|-damage|p2a: Appletun|77/100\n|-unboost|p2a: Appletun|spa|1\n|\n|upkeep\n|turn|22\n|inactive|Time left: 300 sec this turn | 300 sec total\n|\n|t:|1783550995\n|switch|p1a: Cresselia|Cresselia, L80, F|323/323\n|move|p2a: Appletun|Apple Acid|p1a: Cresselia\n|-damage|p1a: Cresselia|262/323\n|-unboost|p1a: Cresselia|spd|1\n|\n|-heal|p1a: Cresselia|282/323|[from] item: Leftovers\n|upkeep\n|turn|23\n|inactive|Time left: 300 sec this turn | 300 sec total\n|\n|t:|1783550996\n|move|p1a: Cresselia|Calm Mind|p1a: Cresselia\n|-boost|p1a: Cresselia|spa|1\n|-boost|p1a: Cresselia|spd|1\n|move|p2a: Appletun|Apple Acid|p1a: Cresselia\n|-damage|p1a: Cresselia|228/323\n|-unboost|p1a: Cresselia|spd|1\n|\n|-heal|p1a: Cresselia|248/323|[from] item: Leftovers\n|upkeep\n|turn|24\n|inactive|Time left: 300 sec this turn | 300 sec total\n|\n|t:|1783550997\n|move|p1a: Cresselia|Calm Mind|p1a: Cresselia\n|-boost|p1a: Cresselia|spa|1\n|-boost|p1a: Cresselia|spd|1\n|move|p2a: Appletun|Apple Acid|p1a: Cresselia\n|-damage|p1a: Cresselia|193/323\n|-unboost|p1a: Cresselia|spd|1\n|\n|-heal|p1a: Cresselia|213/323|[from] item: Leftovers\n|upkeep\n|turn|25\n|inactive|Time left: 300 sec this turn | 300 sec total\n|\n|t:|1783550998\n|move|p1a: Cresselia|Calm Mind|p1a: Cresselia\n|-boost|p1a: Cresselia|spa|1\n|-boost|p1a: Cresselia|spd|1\n|move|p2a: Appletun|Dragon Tail|p1a: Cresselia\n|-damage|p1a: Cresselia|153/323\n|drag|p1a: Hatterene|Hatterene, L85, F|36/236\n|\n|upkeep\n|turn|26\n|inactive|Time left: 300 sec this turn | 300 sec total\n|\n|t:|1783550999\n|switch|p1a: Cresselia|Cresselia, L80, F|153/323\n|move|p2a: Appletun|Apple Acid|p1a: Cresselia\n|-damage|p1a: Cresselia|92/323\n|-unboost|p1a: Cresselia|spd|1\n|\n|-heal|p1a: Cresselia|112/323|[from] item: Leftovers\n|upkeep\n|turn|27\n|inactive|Time left: 300 sec this turn | 300 sec total\n|\n|t:|1783551000\n|move|p1a: Cresselia|Moonlight|p1a: Cresselia\n|-heal|p1a: Cresselia|273/323\n|move|p2a: Appletun|Apple Acid|p1a: Cresselia\n|-damage|p1a: Cresselia|192/323\n|-unboost|p1a: Cresselia|spd|1\n|\n|-heal|p1a: Cresselia|212/323|[from] item: Leftovers\n|upkeep\n|turn|28\n|inactive|Time left: 300 sec this turn | 300 sec total\n|\n|t:|1783551001\n|move|p1a: Cresselia|Calm Mind|p1a: Cresselia\n|-boost|p1a: Cresselia|spa|1\n|-boost|p1a: Cresselia|spd|1\n|move|p2a: Appletun|Apple Acid|p1a: Cresselia\n|-damage|p1a: Cresselia|125/323\n|-unboost|p1a: Cresselia|spd|1\n|\n|-heal|p1a: Cresselia|145/323|[from] item: Leftovers\n|upkeep\n|turn|29\n|inactive|Time left: 300 sec this turn | 300 sec total\n|\n|t:|1783551002\n|move|p1a: Cresselia|Moonlight|p1a: Cresselia\n|-heal|p1a: Cresselia|306/323\n|move|p2a: Appletun|Apple Acid|p1a: Cresselia\n|-damage|p1a: Cresselia|194/323\n|-unboost|p1a: Cresselia|spd|1\n|\n|-heal|p1a: Cresselia|214/323|[from] item: Leftovers\n|upkeep\n|turn|30\n|inactive|Time left: 300 sec this turn | 300 sec total\n|\n|t:|1783551003\n|move|p1a: Cresselia|Moonlight|p1a: Cresselia\n|-heal|p1a: Cresselia|323/323\n|move|p2a: Appletun|Apple Acid|p1a: Cresselia\n|-damage|p1a: Cresselia|190/323\n|-unboost|p1a: Cresselia|spd|1\n|\n|-heal|p1a: Cresselia|210/323|[from] item: Leftovers\n|upkeep\n|turn|31\n|inactive|Time left: 300 sec this turn | 300 sec total\n|\n|t:|1783551004\n|switch|p1a: Oricorio|Oricorio-Sensu, L85, F|108/266 par\n|move|p2a: Appletun|Apple Acid|p1a: Oricorio\n|-resisted|p1a: Oricorio\n|-damage|p1a: Oricorio|69/266 par\n|-unboost|p1a: Oricorio|spd|1\n|\n|upkeep\n|turn|32\n|inactive|Time left: 300 sec this turn | 300 sec total\n|\n|t:|1783551006\n|switch|p1a: Cresselia|Cresselia, L80, F|210/323\n|move|p2a: Appletun|Apple Acid|p1a: Cresselia\n|-damage|p1a: Cresselia|156/323\n|-unboost|p1a: Cresselia|spd|1\n|\n|-heal|p1a: Cresselia|176/323|[from] item: Leftovers\n|upkeep\n|turn|33\n|inactive|Time left: 300 sec this turn | 300 sec total\n|\n|t:|1783551007\n|move|p1a: Cresselia|Moonlight|p1a: Cresselia\n|-heal|p1a: Cresselia|323/323\n|move|p2a: Appletun|Apple Acid|p1a: Cresselia\n|-damage|p1a: Cresselia|245/323\n|-unboost|p1a: Cresselia|spd|1\n|\n|-heal|p1a: Cresselia|265/323|[from] item: Leftovers\n|upkeep\n|turn|34\n|inactive|Time left: 300 sec this turn | 300 sec total\n|\n|t:|1783551008\n|move|p1a: Cresselia|Calm Mind|p1a: Cresselia\n|-boost|p1a: Cresselia|spa|1\n|-boost|p1a: Cresselia|spd|1\n|move|p2a: Appletun|Apple Acid|p1a: Cresselia\n|-damage|p1a: Cresselia|175/323\n|-unboost|p1a: Cresselia|spd|1\n|\n|-heal|p1a: Cresselia|195/323|[from] item: Leftovers\n|upkeep\n|turn|35\n|inactive|Time left: 300 sec this turn | 300 sec total\n|\n|t:|1783551009\n|move|p1a: Cresselia|Moonlight|p1a: Cresselia\n|-heal|p1a: Cresselia|323/323\n|move|p2a: Appletun|Apple Acid|p1a: Cresselia\n|-damage|p1a: Cresselia|211/323\n|-unboost|p1a: Cresselia|spd|1\n|\n|-heal|p1a: Cresselia|231/323|[from] item: Leftovers\n|upkeep\n|turn|36\n|inactive|Time left: 300 sec this turn | 300 sec total\n|\n|t:|1783551010\n|move|p1a: Cresselia|Moonblast|p2a: Appletun\n|-resisted|p2a: Appletun\n|-damage|p2a: Appletun|66/100\n|move|p2a: Appletun|Apple Acid|p1a: Cresselia\n|-damage|p1a: Cresselia|92/323\n|-unboost|p1a: Cresselia|spd|1\n|\n|-heal|p1a: Cresselia|112/323|[from] item: Leftovers\n|upkeep\n|turn|37\n|inactive|Time left: 300 sec this turn | 300 sec total\n|\n|t:|1783551011\n|move|p1a: Cresselia|Moonlight|p1a: Cresselia\n|-heal|p1a: Cresselia|273/323\n|move|p2a: Appletun|Dragon Pulse|p1a: Cresselia\n|-damage|p1a: Cresselia|95/323\n|\n|-heal|p1a: Cresselia|115/323|[from] item: Leftovers\n|upkeep\n|turn|38\n|inactive|Time left: 300 sec this turn | 300 sec total\n|\n|t:|1783551012\n|move|p1a: Cresselia|Moonlight|p1a: Cresselia\n|-heal|p1a: Cresselia|276/323\n|move|p2a: Appletun|Dragon Pulse|p1a: Cresselia\n|-damage|p1a: Cresselia|81/323\n|\n|-heal|p1a: Cresselia|101/323|[from] item: Leftovers\n|upkeep\n|turn|39\n|inactive|Time left: 300 sec this turn | 300 sec total\n|\n|t:|1783551013\n|move|p1a: Cresselia|Moonlight|p1a: Cresselia\n|-heal|p1a: Cresselia|262/323\n|move|p2a: Appletun|Dragon Pulse|p1a: Cresselia\n|-damage|p1a: Cresselia|85/323\n|\n|-heal|p1a: Cresselia|105/323|[from] item: Leftovers\n|upkeep\n|turn|40\n|inactive|Time left: 300 sec this turn | 300 sec total\n|\n|t:|1783551014\n|switch|p1a: Hatterene|Hatterene, L85, F|36/236\n|move|p2a: Appletun|Dragon Pulse|p1a: Hatterene\n|-immune|p1a: Hatterene\n|\n|upkeep\n|turn|41\n|inactive|Time left: 300 sec this turn | 300 sec total\n|\n|t:|1783551015\n|move|p2a: Appletun|Recover|p2a: Appletun\n|-heal|p2a: Appletun|100/100\n|move|p1a: Hatterene|Draining Kiss|p2a: Appletun\n|-resisted|p2a: Appletun\n|-damage|p2a: Appletun|90/100\n|-heal|p1a: Hatterene|64/236|[from] drain|[of] p2a: Appletun\n|\n|upkeep\n|turn|42\n|inactive|Time left: 300 sec this turn | 300 sec total\n|\n|t:|1783551016\n|move|p2a: Appletun|Dragon Pulse|p1a: Hatterene\n|-immune|p1a: Hatterene\n|move|p1a: Hatterene|Draining Kiss|p2a: Appletun\n|-resisted|p2a: Appletun\n|-damage|p2a: Appletun|80/100\n|-heal|p1a: Hatterene|91/236|[from] drain|[of] p2a: Appletun\n|\n|upkeep\n|turn|43\n|inactive|Time left: 300 sec this turn | 300 sec total\n|\n|t:|1783551017\n|move|p2a: Appletun|Recover|p2a: Appletun\n|-heal|p2a: Appletun|100/100\n|move|p1a: Hatterene|Draining Kiss|p2a: Appletun\n|-resisted|p2a: Appletun\n|-damage|p2a: Appletun|91/100\n|-heal|p1a: Hatterene|116/236|[from] drain|[of] p2a: Appletun\n|\n|upkeep\n|turn|44\n|inactive|Time left: 300 sec this turn | 300 sec total\n|\n|t:|1783551018\n|move|p1a: Hatterene|Draining Kiss|p2a: Appletun\n|-resisted|p2a: Appletun\n|-damage|p2a: Appletun|81/100\n|-heal|p1a: Hatterene|142/236|[from] drain|[of] p2a: Appletun\n|move|p2a: Appletun|Dragon Tail|p1a: Hatterene\n|-immune|p1a: Hatterene\n|\n|upkeep\n|turn|45\n|inactive|Time left: 300 sec this turn | 300 sec total\n|\n|t:|1783551019\n|move|p2a: Appletun|Recover|p2a: Appletun\n|-heal|p2a: Appletun|100/100\n|move|p1a: Hatterene|Draining Kiss|p2a: Appletun\n|-resisted|p2a: Appletun\n|-damage|p2a: Appletun|91/100\n|-heal|p1a: Hatterene|167/236|[from] drain|[of] p2a: Appletun\n|\n|upkeep\n|turn|46\n|inactive|Time left: 300 sec this turn | 300 sec total\n|\n|t:|1783551020\n|move|p2a: Appletun|Recover|p2a: Appletun\n|-heal|p2a: Appletun|100/100\n|move|p1a: Hatterene|Draining Kiss|p2a: Appletun\n|-resisted|p2a: Appletun\n|-damage|p2a: Appletun|91/100\n|-heal|p1a: Hatterene|193/236|[from] drain|[of] p2a: Appletun\n|\n|upkeep\n|turn|47\n|inactive|Time left: 300 sec this turn | 300 sec total\n|\n|t:|1783551021\n|move|p2a: Appletun|Recover|p2a: Appletun\n|-heal|p2a: Appletun|100/100\n|move|p1a: Hatterene|Draining Kiss|p2a: Appletun\n|-resisted|p2a: Appletun\n|-crit|p2a: Appletun\n|-damage|p2a: Appletun|85/100\n|-heal|p1a: Hatterene|234/236|[from] drain|[of] p2a: Appletun\n|\n|upkeep\n|turn|48\n|inactive|Time left: 300 sec this turn | 300 sec total\n|\n|t:|1783551022\n|switch|p2a: Dachsbun|Dachsbun, L92, F|17/100\n|move|p1a: Hatterene|Draining Kiss|p2a: Dachsbun\n|-damage|p2a: Dachsbun|0 fnt\n|-heal|p1a: Hatterene|236/236|[from] drain|[of] p2a: Dachsbun\n|faint|p2a: Dachsbun\n|\n|upkeep\n|\n|t:|1783551023\n|switch|p2a: Appletun|Appletun, L92, M, tera:Steel|85/100\n|turn|49\n|inactive|Time left: 300 sec this turn | 300 sec total\n|\n|t:|1783551024\n|move|p2a: Appletun|Recover|p2a: Appletun\n|-heal|p2a: Appletun|100/100\n|move|p1a: Hatterene|Mystical Fire|p2a: Appletun\n|-supereffective|p2a: Appletun\n|-damage|p2a: Appletun|79/100\n|-unboost|p2a: Appletun|spa|1\n|\n|upkeep\n|turn|50\n|inactive|Time left: 300 sec this turn | 300 sec total\n|\n|t:|1783551025\n|move|p2a: Appletun|Recover|p2a: Appletun\n|-heal|p2a: Appletun|100/100\n|move|p1a: Hatterene|Mystical Fire|p2a: Appletun\n|-supereffective|p2a: Appletun\n|-damage|p2a: Appletun|82/100\n|-unboost|p2a: Appletun|spa|1\n|\n|upkeep\n|turn|51\n|inactive|Time left: 300 sec this turn | 300 sec total\n|\n|t:|1783551026\n|switch|p2a: Iron Jugulis|Iron Jugulis, L77|100/100\n|move|p1a: Hatterene|Mystical Fire|p2a: Iron Jugulis\n|-damage|p2a: Iron Jugulis|70/100\n|-unboost|p2a: Iron Jugulis|spa|1\n|\n|upkeep\n|turn|52\n|inactive|Time left: 300 sec this turn | 300 sec total\n|\n|t:|1783551027\n|-end|p2a: Iron Jugulis|Quark Drive|[silent]\n|switch|p2a: Appletun|Appletun, L92, M, tera:Steel|82/100\n|move|p1a: Hatterene|Draining Kiss|p2a: Appletun\n|-resisted|p2a: Appletun\n|-damage|p2a: Appletun|71/100\n|\n|upkeep\n|turn|53\n|inactive|Time left: 300 sec this turn | 300 sec total\n|\n|t:|1783551028\n|move|p1a: Hatterene|Mystical Fire|p2a: Appletun\n|-supereffective|p2a: Appletun\n|-damage|p2a: Appletun|50/100\n|-unboost|p2a: Appletun|spa|1\n|move|p2a: Appletun|Dragon Tail|p1a: Hatterene\n|-immune|p1a: Hatterene\n|\n|upkeep\n|turn|54\n|inactive|Time left: 300 sec this turn | 300 sec total\n|\n|t:|1783551029\n|move|p1a: Hatterene|Mystical Fire|p2a: Appletun\n|-supereffective|p2a: Appletun\n|-damage|p2a: Appletun|31/100\n|-unboost|p2a: Appletun|spa|1\n|move|p2a: Appletun|Dragon Tail|p1a: Hatterene\n|-immune|p1a: Hatterene\n|\n|upkeep\n|turn|55\n|inactive|Time left: 300 sec this turn | 300 sec total\n|\n|t:|1783551030\n|switch|p2a: Iron Jugulis|Iron Jugulis, L77|70/100\n|-terastallize|p1a: Hatterene|Fairy\n|move|p1a: Hatterene|Draining Kiss|p2a: Iron Jugulis\n|-supereffective|p2a: Iron Jugulis\n|-damage|p2a: Iron Jugulis|0 fnt\n|faint|p2a: Iron Jugulis\n|-end|p2a: Iron Jugulis|Quark Drive|[silent]\n|\n|upkeep\n|\n|t:|1783551031\n|switch|p2a: Appletun|Appletun, L92, M, tera:Steel|31/100\n|turn|56\n|inactive|Time left: 300 sec this turn | 300 sec total\n|\n|t:|1783551032\n|move|p1a: Hatterene|Mystical Fire|p2a: Appletun\n|-supereffective|p2a: Appletun\n|-damage|p2a: Appletun|10/100\n|-unboost|p2a: Appletun|spa|1\n|move|p2a: Appletun|Dragon Tail|p1a: Hatterene\n|-immune|p1a: Hatterene\n|\n|upkeep\n|turn|57\n|inactive|Time left: 300 sec this turn | 300 sec total\n|\n|t:|1783551033\n|move|p1a: Hatterene|Mystical Fire|p2a: Appletun\n|-supereffective|p2a: Appletun\n|-damage|p2a: Appletun|0 fnt\n|faint|p2a: Appletun\n|\n|win|p0x1016ae15", "uploadtime": 1783551033, "views": 0, "rating": 0, "private": 0, "password": null, "_winner": "p0x1016ae15", "_our_name": "p0x1016ae15"}