{"id": "battle-gen9randombattle-1784", "formatid": "gen9randombattle", "format": "[Gen 9] Random Battle", "players": ["p0x1784172d", "p0y1784f4b6"], "log": "|init|battle\n|title|p0x1784172d vs. p0y1784f4b6\n|j|\u2606p0x1784172d\n|j|\u2606p0y1784f4b6\n|t:|1783559919\n|gametype|singles\n|player|p1|p0x1784172d|102|\n|player|p2|p0y1784f4b6|2|\n|gen|9\n|tier|[Gen 9] Random Battle\n|rule|Species Clause: Limit one of each Pok\u00e9mon\n|rule|HP Percentage Mod: HP is shown in percentages\n|rule|Sleep Clause Mod: Limit one foe put to sleep\n|rule|Illusion Level Mod: Illusion disguises the Pok\u00e9mon's true level\n|\n|t:|1783559919\n|teamsize|p1|6\n|teamsize|p2|6\n|start\n|switch|p1a: Indeedee|Indeedee-F, L90, F|100/100\n|switch|p2a: Glastrier|Glastrier, L86|312/312\n|-fieldstart|move: Psychic Terrain|[from] ability: Psychic Surge|[of] p1a: Indeedee\n|turn|1\n|inactive|Battle timer is ON: inactive players will automatically lose when time's up. (requested by p0y1784f4b6)\n|inactive|p0x1784172d also wants the timer to be on.\n|\n|t:|1783559920\n|move|p1a: Indeedee|Psychic|p2a: Glastrier\n|-damage|p2a: Glastrier|186/312\n|move|p2a: Glastrier|Swords Dance|p2a: Glastrier\n|-boost|p2a: Glastrier|atk|2\n|\n|upkeep\n|turn|2\n|inactive|Time left: 300 sec this turn | 300 sec total\n|\n|t:|1783559921\n|move|p1a: Indeedee|Psychic|p2a: Glastrier\n|-damage|p2a: Glastrier|66/312\n|move|p2a: Glastrier|Icicle Crash|p1a: Indeedee\n|-damage|p1a: Indeedee|0 fnt\n|faint|p1a: Indeedee\n|-ability|p2a: Glastrier|Chilling Neigh|boost\n|-boost|p2a: Glastrier|atk|1\n|\n|upkeep\n|\n|t:|1783559922\n|switch|p1a: Iron Crown|Iron Crown, L78|100/100\n|turn|3\n|inactive|Time left: 300 sec this turn | 300 sec total\n|\n|t:|1783559923\n|switch|p2a: Slaking|Slaking, L84, F|389/389\n|move|p1a: Iron Crown|Psyshock|p2a: Slaking\n|-damage|p2a: Slaking|283/389\n|\n|upkeep\n|turn|4\n|inactive|Time left: 300 sec this turn | 300 sec total\n|\n|t:|1783559924\n|-end|p1a: Iron Crown|Quark Drive|[silent]\n|switch|p1a: Tornadus|Tornadus, L82, M|100/100\n|move|p2a: Slaking|Knock Off|p1a: Tornadus\n|-damage|p1a: Tornadus|27/100\n|-enditem|p1a: Tornadus|Choice Specs|[from] move: Knock Off|[of] p2a: Slaking\n|\n|upkeep\n|turn|5\n|inactive|Time left: 300 sec this turn | 300 sec total\n|\n|t:|1783559925\n|move|p1a: Tornadus|Bleakwind Storm|p2a: Slaking\n|-damage|p2a: Slaking|141/389\n|cant|p2a: Slaking|ability: Truant\n|\n|-fieldend|move: Psychic Terrain\n|upkeep\n|turn|6\n|inactive|Time left: 300 sec this turn | 300 sec total\n|\n|t:|1783559926\n|move|p1a: Tornadus|Bleakwind Storm|p2a: Slaking|[miss]\n|-miss|p1a: Tornadus|p2a: Slaking\n|move|p2a: Slaking|Knock Off|p1a: Tornadus\n|-damage|p1a: Tornadus|0 fnt\n|faint|p1a: Tornadus\n|\n|upkeep\n|\n|t:|1783559927\n|switch|p1a: Venomoth|Venomoth, L84, F|100/100\n|turn|7\n|inactive|Time left: 300 sec this turn | 300 sec total\n|\n|t:|1783559929\n|switch|p2a: Jumpluff|Jumpluff, L87, M|271/271\n|move|p1a: Venomoth|Quiver Dance|p1a: Venomoth\n|-boost|p1a: Venomoth|spa|1\n|-boost|p1a: Venomoth|spd|1\n|-boost|p1a: Venomoth|spe|1\n|\n|upkeep\n|turn|8\n|inactive|Time left: 300 sec this turn | 300 sec total\n|\n|t:|1783559930\n|move|p1a: Venomoth|Sludge Wave|p2a: Jumpluff\n|-supereffective|p2a: Jumpluff\n|-crit|p2a: Jumpluff\n|-damage|p2a: Jumpluff|0 fnt\n|faint|p2a: Jumpluff\n|\n|upkeep\n|inactive|Time left: 300 sec this turn | 300 sec total | 5 sec grace\n|\n|t:|1783559931\n|switch|p2a: Azumarill|Azumarill, L82, F|298/298\n|turn|9\n|inactive|Time left: 300 sec this turn | 300 sec total\n|\n|t:|1783559932\n|-terastallize|p2a: Azumarill|Water\n|move|p1a: Venomoth|Sleep Powder|p2a: Azumarill\n|-status|p2a: Azumarill|slp|[from] move: Sleep Powder\n|cant|p2a: Azumarill|slp\n|\n|upkeep\n|turn|10\n|inactive|Time left: 300 sec this turn | 300 sec total\n|\n|t:|1783559933\n|move|p1a: Venomoth|Quiver Dance|p1a: Venomoth\n|-boost|p1a: Venomoth|spa|1\n|-boost|p1a: Venomoth|spd|1\n|-boost|p1a: Venomoth|spe|1\n|cant|p2a: Azumarill|slp\n|\n|upkeep\n|turn|11\n|inactive|Time left: 300 sec this turn | 300 sec total\n|\n|t:|1783559934\n|move|p1a: Venomoth|Bug Buzz|p2a: Azumarill\n|-damage|p2a: Azumarill|99/298 slp\n|-curestatus|p2a: Azumarill|slp|[msg]\n|move|p2a: Azumarill|Liquidation|p1a: Venomoth\n|-damage|p1a: Venomoth|0 fnt\n|faint|p1a: Venomoth\n|\n|upkeep\n|\n|t:|1783559935\n|switch|p1a: Minun|Minun, L95, M|100/100\n|turn|12\n|inactive|Time left: 300 sec this turn | 300 sec total\n|\n|t:|1783559936\n|switch|p2a: Clodsire|Clodsire, L81, M|343/343\n|move|p1a: Minun|Thunderbolt|p2a: Clodsire\n|-immune|p2a: Clodsire\n|\n|upkeep\n|turn|13\n|inactive|Time left: 300 sec this turn | 300 sec total\n|\n|t:|1783559937\n|switch|p1a: Iron Crown|Iron Crown, L78|100/100\n|move|p2a: Clodsire|Earthquake|p1a: Iron Crown\n|-supereffective|p1a: Iron Crown\n|-damage|p1a: Iron Crown|42/100\n|\n|-heal|p1a: Iron Crown|48/100|[from] item: Leftovers\n|upkeep\n|turn|14\n|inactive|Time left: 300 sec this turn | 300 sec total\n|\n|t:|1783559938\n|move|p1a: Iron Crown|Psyshock|p2a: Clodsire\n|-supereffective|p2a: Clodsire\n|-damage|p2a: Clodsire|103/343\n|move|p2a: Clodsire|Earthquake|p1a: Iron Crown\n|-supereffective|p1a: Iron Crown\n|-damage|p1a: Iron Crown|0 fnt\n|faint|p1a: Iron Crown\n|-end|p1a: Iron Crown|Quark Drive|[silent]\n|\n|-heal|p2a: Clodsire|124/343|[from] item: Leftovers\n|upkeep\n|\n|t:|1783559939\n|switch|p1a: Minun|Minun, L95, M|100/100\n|turn|15\n|inactive|Time left: 300 sec this turn | 300 sec total\n|\n|t:|1783559940\n|-terastallize|p1a: Minun|Grass\n|move|p1a: Minun|Grass Knot|p2a: Clodsire\n|-damage|p2a: Clodsire|0 fnt\n|faint|p2a: Clodsire\n|-damage|p1a: Minun|91/100|[from] item: Life Orb\n|\n|upkeep\n|inactive|Time left: 300 sec this turn | 300 sec total | 5 sec grace\n|\n|t:|1783559941\n|switch|p2a: Azumarill|Azumarill, L82, F, tera:Water|99/298\n|turn|16\n|inactive|Time left: 300 sec this turn | 300 sec total\n|\n|t:|1783559942\n|move|p2a: Azumarill|Aqua Jet|p1a: Minun\n|-resisted|p1a: Minun\n|-damage|p1a: Minun|66/100\n|move|p1a: Minun|Nasty Plot|p1a: Minun\n|-boost|p1a: Minun|spa|2\n|\n|upkeep\n|turn|17\n|inactive|Time left: 300 sec this turn | 300 sec total\n|\n|t:|1783559943\n|move|p2a: Azumarill|Aqua Jet|p1a: Minun\n|-resisted|p1a: Minun\n|-damage|p1a: Minun|40/100\n|move|p1a: Minun|Thunderbolt|p2a: Azumarill\n|-supereffective|p2a: Azumarill\n|-damage|p2a: Azumarill|0 fnt\n|faint|p2a: Azumarill\n|-damage|p1a: Minun|30/100|[from] item: Life Orb\n|\n|upkeep\n|inactive|Time left: 300 sec this turn | 300 sec total | 5 sec grace\n|\n|t:|1783559944\n|switch|p2a: Wugtrio|Wugtrio, L91, F|212/212\n|turn|18\n|inactive|Time left: 300 sec this turn | 300 sec total\n|\n|t:|1783559945\n|switch|p1a: Whimsicott|Whimsicott, L84, F|100/100\n|move|p2a: Wugtrio|Liquidation|p1a: Whimsicott\n|-resisted|p1a: Whimsicott\n|-damage|p1a: Whimsicott|66/100\n|\n|upkeep\n|turn|19\n|inactive|Time left: 300 sec this turn | 300 sec total\n|\n|t:|1783559946\n|move|p1a: Whimsicott|Stun Spore|p2a: Wugtrio\n|-status|p2a: Wugtrio|par\n|move|p2a: Wugtrio|Liquidation|p1a: Whimsicott\n|-resisted|p1a: Whimsicott\n|-damage|p1a: Whimsicott|29/100\n|\n|upkeep\n|turn|20\n|inactive|Time left: 300 sec this turn | 300 sec total\n|\n|t:|1783559947\n|move|p1a: Whimsicott|Moonblast|p2a: Wugtrio\n|-damage|p2a: Wugtrio|113/212 par\n|move|p2a: Wugtrio|Liquidation|p1a: Whimsicott\n|-resisted|p1a: Whimsicott\n|-damage|p1a: Whimsicott|0 fnt\n|faint|p1a: Whimsicott\n|\n|upkeep\n|\n|t:|1783559948\n|switch|p1a: Minun|Minun, L95, M, tera:Grass|30/100\n|turn|21\n|inactive|Time left: 300 sec this turn | 300 sec total\n|\n|t:|1783559949\n|switch|p2a: Glastrier|Glastrier, L86|66/312\n|move|p1a: Minun|Encore||[still]\n|-fail|p1a: Minun\n|\n|upkeep\n|turn|22\n|inactive|Time left: 300 sec this turn | 300 sec total\n|\n|t:|1783559950\n|move|p1a: Minun|Grass Knot|p2a: Glastrier\n|-damage|p2a: Glastrier|0 fnt\n|faint|p2a: Glastrier\n|-damage|p1a: Minun|21/100|[from] item: Life Orb\n|\n|upkeep\n|inactive|Time left: 300 sec this turn | 300 sec total | 5 sec grace\n|\n|t:|1783559951\n|switch|p2a: Slaking|Slaking, L84, F|141/389\n|turn|23\n|inactive|Time left: 300 sec this turn | 300 sec total\n|\n|t:|1783559952\n|move|p1a: Minun|Thunderbolt|p2a: Slaking\n|-damage|p2a: Slaking|0 fnt\n|faint|p2a: Slaking\n|-damage|p1a: Minun|11/100|[from] item: Life Orb\n|\n|upkeep\n|inactive|Time left: 300 sec this turn | 300 sec total | 5 sec grace\n|\n|t:|1783559953\n|switch|p2a: Wugtrio|Wugtrio, L91, F|113/212 par\n|turn|24\n|inactive|Time left: 300 sec this turn | 300 sec total\n|\n|t:|1783559953\n|cant|p2a: Wugtrio|par\n|move|p1a: Minun|Thunderbolt|p2a: Wugtrio\n|-supereffective|p2a: Wugtrio\n|-damage|p2a: Wugtrio|0 fnt\n|faint|p2a: Wugtrio\n|-damage|p1a: Minun|1/100|[from] item: Life Orb\n|\n|win|p0x1784172d", "uploadtime": 1783559953, "views": 0, "rating": 0, "private": 0, "password": null, "_winner": "p0x1784172d", "_our_name": "p0y1784f4b6"}