{"id": "battle-gen9randombattle-375", "formatid": "gen9randombattle", "format": "[Gen 9] Random Battle", "players": ["p0x375fac8", "p0y375eadf"], "log": "|init|battle\n|title|p0x375fac8 vs. p0y375eadf\n|j|\u2606p0x375fac8\n|j|\u2606p0y375eadf\n|t:|1783543460\n|gametype|singles\n|player|p1|p0x375fac8|170|\n|player|p2|p0y375eadf|169|\n|gen|9\n|tier|[Gen 9] Random Battle\n|rule|Species Clause: Limit one of each Pok\u00e9mon\n|rule|HP Percentage Mod: HP is shown in percentages\n|rule|Sleep Clause Mod: Limit one foe put to sleep\n|rule|Illusion Level Mod: Illusion disguises the Pok\u00e9mon's true level\n|\n|t:|1783543460\n|teamsize|p1|6\n|teamsize|p2|6\n|start\n|switch|p1a: Hariyama|Hariyama, L87, M|100/100\n|switch|p2a: Lucario|Lucario, L84, M|255/255\n|turn|1\n|inactive|Battle timer is ON: inactive players will automatically lose when time's up. (requested by p0y375eadf)\n|inactive|p0x375fac8 also wants the timer to be on.\n|\n|t:|1783543461\n|move|p2a: Lucario|Close Combat|p1a: Hariyama\n|-damage|p1a: Hariyama|27/100\n|-unboost|p2a: Lucario|def|1\n|-unboost|p2a: Lucario|spd|1\n|move|p1a: Hariyama|Close Combat|p2a: Lucario\n|-supereffective|p2a: Lucario\n|-damage|p2a: Lucario|0 fnt\n|-unboost|p1a: Hariyama|def|1\n|-unboost|p1a: Hariyama|spd|1\n|faint|p2a: Lucario\n|\n|upkeep\n|inactive|Time left: 300 sec this turn | 300 sec total | 65 sec grace\n|\n|t:|1783543462\n|switch|p2a: Slaking|Slaking, L84, F|389/389\n|turn|2\n|inactive|Time left: 300 sec this turn | 300 sec total\n|\n|t:|1783543463\n|switch|p1a: Registeel|Registeel, L81|100/100\n|move|p2a: Slaking|Giga Impact|p1a: Registeel|[miss]\n|-miss|p2a: Slaking|p1a: Registeel\n|\n|upkeep\n|turn|3\n|inactive|Time left: 300 sec this turn | 300 sec total\n|\n|t:|1783543464\n|cant|p2a: Slaking|ability: Truant\n|move|p1a: Registeel|Iron Defense|p1a: Registeel\n|-boost|p1a: Registeel|def|2\n|\n|upkeep\n|turn|4\n|inactive|Time left: 300 sec this turn | 300 sec total\n|\n|t:|1783543466\n|move|p2a: Slaking|Giga Impact|p1a: Registeel\n|-resisted|p1a: Registeel\n|-damage|p1a: Registeel|79/100\n|-mustrecharge|p2a: Slaking\n|move|p1a: Registeel|Body Press|p2a: Slaking\n|-supereffective|p2a: Slaking\n|-damage|p2a: Slaking|117/389\n|\n|-heal|p1a: Registeel|85/100|[from] item: Leftovers\n|upkeep\n|turn|5\n|inactive|Time left: 300 sec this turn | 300 sec total\n|\n|t:|1783543467\n|cant|p2a: Slaking|recharge\n|move|p1a: Registeel|Body Press|p2a: Slaking\n|-supereffective|p2a: Slaking\n|-damage|p2a: Slaking|0 fnt\n|faint|p2a: Slaking\n|\n|-heal|p1a: Registeel|91/100|[from] item: Leftovers\n|upkeep\n|inactive|Time left: 300 sec this turn | 300 sec total | 5 sec grace\n|\n|t:|1783543468\n|switch|p2a: Suicune|Suicune, L82|298/298\n|-ability|p2a: Suicune|Pressure\n|turn|6\n|inactive|Time left: 300 sec this turn | 300 sec total\n|\n|t:|1783543469\n|move|p2a: Suicune|Calm Mind|p2a: Suicune\n|-boost|p2a: Suicune|spa|1\n|-boost|p2a: Suicune|spd|1\n|move|p1a: Registeel|Body Press|p2a: Suicune\n|-damage|p2a: Suicune|172/298\n|\n|-heal|p2a: Suicune|190/298|[from] item: Leftovers\n|-heal|p1a: Registeel|97/100|[from] item: Leftovers\n|upkeep\n|turn|7\n|inactive|Time left: 300 sec this turn | 300 sec total\n|\n|t:|1783543470\n|move|p2a: Suicune|Scald|p1a: Registeel\n|-damage|p1a: Registeel|67/100\n|-status|p1a: Registeel|brn\n|move|p1a: Registeel|Body Press|p2a: Suicune\n|-damage|p2a: Suicune|130/298\n|\n|-heal|p2a: Suicune|148/298|[from] item: Leftovers\n|-heal|p1a: Registeel|73/100 brn|[from] item: Leftovers\n|-damage|p1a: Registeel|67/100 brn|[from] brn\n|upkeep\n|turn|8\n|inactive|Time left: 300 sec this turn | 300 sec total\n|\n|t:|1783543471\n|move|p2a: Suicune|Scald|p1a: Registeel\n|-damage|p1a: Registeel|39/100 brn\n|move|p1a: Registeel|Body Press|p2a: Suicune\n|-damage|p2a: Suicune|89/298\n|\n|-heal|p2a: Suicune|107/298|[from] item: Leftovers\n|-heal|p1a: Registeel|45/100 brn|[from] item: Leftovers\n|-damage|p1a: Registeel|39/100 brn|[from] brn\n|upkeep\n|turn|9\n|inactive|Time left: 300 sec this turn | 300 sec total\n|\n|t:|1783543472\n|move|p2a: Suicune|Calm Mind|p2a: Suicune\n|-boost|p2a: Suicune|spa|1\n|-boost|p2a: Suicune|spd|1\n|move|p1a: Registeel|Thunder Wave|p2a: Suicune\n|-status|p2a: Suicune|par\n|\n|-heal|p1a: Registeel|45/100 brn|[from] item: Leftovers\n|-heal|p2a: Suicune|125/298 par|[from] item: Leftovers\n|-damage|p1a: Registeel|39/100 brn|[from] brn\n|upkeep\n|turn|10\n|inactive|Time left: 300 sec this turn | 300 sec total\n|\n|t:|1783543473\n|move|p1a: Registeel|Body Press|p2a: Suicune\n|-damage|p2a: Suicune|58/298 par\n|cant|p2a: Suicune|par\n|\n|-heal|p1a: Registeel|45/100 brn|[from] item: Leftovers\n|-heal|p2a: Suicune|76/298 par|[from] item: Leftovers\n|-damage|p1a: Registeel|39/100 brn|[from] brn\n|upkeep\n|turn|11\n|inactive|Time left: 300 sec this turn | 300 sec total\n|\n|t:|1783543474\n|-terastallize|p1a: Registeel|Fighting\n|move|p1a: Registeel|Body Press|p2a: Suicune\n|-damage|p2a: Suicune|0 fnt\n|faint|p2a: Suicune\n|\n|-heal|p1a: Registeel|45/100 brn|[from] item: Leftovers\n|-damage|p1a: Registeel|39/100 brn|[from] brn\n|upkeep\n|inactive|Time left: 300 sec this turn | 300 sec total | 5 sec grace\n|\n|t:|1783543475\n|switch|p2a: Sylveon|Sylveon, L85, M|300/300\n|turn|12\n|inactive|Time left: 300 sec this turn | 300 sec total\n|\n|t:|1783543476\n|move|p2a: Sylveon|Hyper Voice|p1a: Registeel\n|-supereffective|p1a: Registeel\n|-damage|p1a: Registeel|0 fnt\n|faint|p1a: Registeel\n|\n|upkeep\n|\n|t:|1783543477\n|switch|p1a: Excadrill|Excadrill, L79, F|100/100\n|-ability|p1a: Excadrill|Mold Breaker\n|turn|13\n|inactive|Time left: 300 sec this turn | 300 sec total\n|\n|t:|1783543478\n|move|p1a: Excadrill|Earthquake|p2a: Sylveon\n|-damage|p2a: Sylveon|147/300\n|move|p2a: Sylveon|Calm Mind|p2a: Sylveon\n|-boost|p2a: Sylveon|spa|1\n|-boost|p2a: Sylveon|spd|1\n|\n|-heal|p2a: Sylveon|165/300|[from] item: Leftovers\n|upkeep\n|turn|14\n|inactive|Time left: 300 sec this turn | 300 sec total\n|\n|t:|1783543479\n|move|p2a: Sylveon|Protect|p2a: Sylveon\n|-singleturn|p2a: Sylveon|Protect\n|move|p1a: Excadrill|Earthquake|p2a: Sylveon\n|-activate|p2a: Sylveon|move: Protect\n|\n|-heal|p2a: Sylveon|183/300|[from] item: Leftovers\n|upkeep\n|turn|15\n|inactive|Time left: 300 sec this turn | 300 sec total\n|\n|t:|1783543480\n|move|p2a: Sylveon|Protect|p2a: Sylveon\n|-singleturn|p2a: Sylveon|Protect\n|move|p1a: Excadrill|Earthquake|p2a: Sylveon\n|-activate|p2a: Sylveon|move: Protect\n|\n|-heal|p2a: Sylveon|201/300|[from] item: Leftovers\n|upkeep\n|turn|16\n|inactive|Time left: 300 sec this turn | 300 sec total\n|\n|t:|1783543481\n|-terastallize|p2a: Sylveon|Steel\n|move|p1a: Excadrill|Iron Head|p2a: Sylveon\n|-resisted|p2a: Sylveon\n|-damage|p2a: Sylveon|139/300\n|move|p2a: Sylveon|Hyper Voice|p1a: Excadrill\n|-resisted|p1a: Excadrill\n|-damage|p1a: Excadrill|71/100\n|\n|-heal|p2a: Sylveon|157/300|[from] item: Leftovers\n|upkeep\n|turn|17\n|inactive|Time left: 300 sec this turn | 300 sec total\n|\n|t:|1783543482\n|move|p2a: Sylveon|Protect|p2a: Sylveon\n|-singleturn|p2a: Sylveon|Protect\n|move|p1a: Excadrill|Earthquake|p2a: Sylveon\n|-activate|p2a: Sylveon|move: Protect\n|\n|-heal|p2a: Sylveon|175/300|[from] item: Leftovers\n|upkeep\n|turn|18\n|inactive|Time left: 300 sec this turn | 300 sec total\n|\n|t:|1783543483\n|move|p1a: Excadrill|Earthquake|p2a: Sylveon\n|-supereffective|p2a: Sylveon\n|-damage|p2a: Sylveon|0 fnt\n|faint|p2a: Sylveon\n|\n|upkeep\n|inactive|Time left: 300 sec this turn | 300 sec total | 5 sec grace\n|\n|t:|1783543483\n|switch|p2a: Dialga|Dialga, L73|266/266\n|-ability|p2a: Dialga|Pressure\n|turn|19\n|inactive|Time left: 300 sec this turn | 300 sec total\n|\n|t:|1783543484\n|move|p1a: Excadrill|Earthquake|p2a: Dialga\n|-supereffective|p2a: Dialga\n|-damage|p2a: Dialga|50/266\n|move|p2a: Dialga|Fire Blast|p1a: Excadrill\n|-supereffective|p1a: Excadrill\n|-damage|p1a: Excadrill|25/100\n|\n|upkeep\n|turn|20\n|inactive|Time left: 300 sec this turn | 300 sec total\n|\n|t:|1783543485\n|switch|p2a: Plusle|Plusle, L95, F|268/268\n|move|p1a: Excadrill|Earthquake|p2a: Plusle\n|-supereffective|p2a: Plusle\n|-damage|p2a: Plusle|0 fnt\n|faint|p2a: Plusle\n|\n|upkeep\n|inactive|Time left: 300 sec this turn | 300 sec total | 5 sec grace\n|\n|t:|1783543486\n|switch|p2a: Dialga|Dialga, L73|50/266\n|-ability|p2a: Dialga|Pressure\n|turn|21\n|inactive|Time left: 300 sec this turn | 300 sec total\n|\n|t:|1783543487\n|move|p1a: Excadrill|Earthquake|p2a: Dialga\n|-supereffective|p2a: Dialga\n|-damage|p2a: Dialga|0 fnt\n|faint|p2a: Dialga\n|\n|win|p0x375fac8", "uploadtime": 1783543487, "views": 0, "rating": 0, "private": 0, "password": null, "_winner": "p0x375fac8", "_our_name": "p0y375eadf"}