{"id": "battle-gen9randombattle-2833", "formatid": "gen9randombattle", "format": "[Gen 9] Random Battle", "players": ["p0x28338ffb", "p0y2833c33e"], "log": "|init|battle\n|title|p0x28338ffb vs. p0y2833c33e\n|j|\u2606p0x28338ffb\n|j|\u2606p0y2833c33e\n|t:|1783572640\n|gametype|singles\n|player|p1|p0x28338ffb|102|\n|player|p2|p0y2833c33e|1|\n|gen|9\n|tier|[Gen 9] Random Battle\n|rule|Species Clause: Limit one of each Pok\u00e9mon\n|rule|HP Percentage Mod: HP is shown in percentages\n|rule|Sleep Clause Mod: Limit one foe put to sleep\n|rule|Illusion Level Mod: Illusion disguises the Pok\u00e9mon's true level\n|\n|t:|1783572640\n|teamsize|p1|6\n|teamsize|p2|6\n|start\n|switch|p1a: Flapple|Flapple, L88, F|100/100\n|switch|p2a: Victreebel|Victreebel, L90, M|290/290\n|turn|1\n|inactive|Battle timer is ON: inactive players will automatically lose when time's up. (requested by p0y2833c33e)\n|inactive|p0x28338ffb also wants the timer to be on.\n|\n|t:|1783572642\n|-terastallize|p1a: Flapple|Steel\n|move|p2a: Victreebel|Sludge Wave|p1a: Flapple\n|-immune|p1a: Flapple\n|move|p1a: Flapple|Outrage|p2a: Victreebel|[miss]\n|-miss|p1a: Flapple|p2a: Victreebel\n|\n|upkeep\n|turn|2\n|inactive|Time left: 300 sec this turn | 300 sec total\n|\n|t:|1783572643\n|switch|p2a: Grimmsnarl|Grimmsnarl, L83, M|293/293\n|move|p1a: Flapple|Outrage|p2a: Grimmsnarl\n|-immune|p2a: Grimmsnarl\n|\n|upkeep\n|turn|3\n|inactive|Time left: 300 sec this turn | 300 sec total\n|\n|t:|1783572644\n|move|p2a: Grimmsnarl|Reflect|p2a: Grimmsnarl\n|-sidestart|p2: p0y2833c33e|Reflect\n|move|p1a: Flapple|Outrage|p2a: Grimmsnarl\n|-immune|p2a: Grimmsnarl\n|\n|upkeep\n|turn|4\n|inactive|Time left: 300 sec this turn | 300 sec total\n|\n|t:|1783572645\n|move|p1a: Flapple|Outrage|p2a: Grimmsnarl\n|-immune|p2a: Grimmsnarl\n|move|p2a: Grimmsnarl|Spirit Break|p1a: Flapple\n|-resisted|p1a: Flapple\n|-damage|p1a: Flapple|83/100\n|-unboost|p1a: Flapple|spa|1\n|\n|upkeep\n|turn|5\n|inactive|Time left: 300 sec this turn | 300 sec total\n|\n|t:|1783572646\n|move|p2a: Grimmsnarl|Parting Shot|p1a: Flapple\n|-unboost|p1a: Flapple|atk|1\n|-unboost|p1a: Flapple|spa|1\n|inactive|Time left: 300 sec this turn | 300 sec total | 5 sec grace\n|\n|t:|1783572646\n|switch|p2a: Articuno|Articuno, L86|295/295|[from] Parting Shot\n|-ability|p2a: Articuno|Pressure\n|move|p1a: Flapple|Outrage|p2a: Articuno\n|-damage|p2a: Articuno|200/295\n|\n|upkeep\n|turn|6\n|inactive|Time left: 300 sec this turn | 300 sec total\n|\n|t:|1783572647\n|move|p2a: Articuno|Freeze-Dry|p1a: Flapple\n|-resisted|p1a: Flapple\n|-damage|p1a: Flapple|65/100\n|move|p1a: Flapple|Outrage|p2a: Articuno|[from] lockedmove\n|-damage|p2a: Articuno|91/295\n|\n|upkeep\n|turn|7\n|inactive|Time left: 300 sec this turn | 300 sec total\n|\n|t:|1783572648\n|move|p2a: Articuno|Roost|p2a: Articuno\n|-heal|p2a: Articuno|239/295\n|-singleturn|p2a: Articuno|move: Roost\n|move|p1a: Flapple|Outrage|p2a: Articuno|[from] lockedmove\n|-crit|p2a: Articuno\n|-damage|p2a: Articuno|0 fnt\n|faint|p2a: Articuno\n|-start|p1a: Flapple|confusion|[fatigue]\n|\n|upkeep\n|inactive|Time left: 300 sec this turn | 300 sec total | 5 sec grace\n|\n|t:|1783572649\n|switch|p2a: Infernape|Infernape, L82, M|259/259\n|turn|8\n|inactive|Time left: 300 sec this turn | 300 sec total\n|\n|t:|1783572650\n|switch|p1a: Oricorio|Oricorio, L84, M|100/100\n|move|p2a: Infernape|Swords Dance|p2a: Infernape\n|-boost|p2a: Infernape|atk|2\n|-activate|p1a: Oricorio|ability: Dancer\n|move|p1a: Oricorio|Swords Dance|p1a: Oricorio|[from] ability: Dancer\n|-boost|p1a: Oricorio|atk|2\n|\n|upkeep\n|turn|9\n|inactive|Time left: 300 sec this turn | 300 sec total\n|\n|t:|1783572651\n|-terastallize|p2a: Infernape|Dark\n|move|p2a: Infernape|Knock Off|p1a: Oricorio\n|-damage|p1a: Oricorio|0 fnt\n|-enditem|p1a: Oricorio|Heavy-Duty Boots|[from] move: Knock Off|[of] p2a: Infernape\n|faint|p1a: Oricorio\n|-damage|p2a: Infernape|234/259|[from] item: Life Orb\n|\n|upkeep\n|\n|t:|1783572652\n|switch|p1a: Mabosstiff|Mabosstiff, L86, M|100/100\n|turn|10\n|inactive|Time left: 300 sec this turn | 300 sec total\n|\n|t:|1783572653\n|move|p1a: Mabosstiff|Play Rough|p2a: Infernape\n|-supereffective|p2a: Infernape\n|-damage|p2a: Infernape|141/259\n|move|p2a: Infernape|Close Combat|p1a: Mabosstiff\n|-supereffective|p1a: Mabosstiff\n|-damage|p1a: Mabosstiff|0 fnt\n|-unboost|p2a: Infernape|def|1\n|-unboost|p2a: Infernape|spd|1\n|faint|p1a: Mabosstiff\n|-damage|p2a: Infernape|116/259|[from] item: Life Orb\n|\n|-sideend|p2: p0y2833c33e|Reflect\n|upkeep\n|\n|t:|1783572654\n|switch|p1a: Flapple|Flapple, L88, F, tera:Steel|65/100\n|turn|11\n|inactive|Time left: 300 sec this turn | 300 sec total\n|\n|t:|1783572655\n|move|p1a: Flapple|Sucker Punch|p2a: Infernape\n|-resisted|p2a: Infernape\n|-damage|p2a: Infernape|0 fnt\n|faint|p2a: Infernape\n|\n|upkeep\n|inactive|Time left: 300 sec this turn | 300 sec total | 5 sec grace\n|\n|t:|1783572655\n|switch|p2a: Grimmsnarl|Grimmsnarl, L83, M|293/293\n|turn|12\n|inactive|Time left: 300 sec this turn | 300 sec total\n|\n|t:|1783572656\n|switch|p1a: Flareon|Flareon, L90, F|100/100\n|move|p2a: Grimmsnarl|Spirit Break|p1a: Flareon\n|-resisted|p1a: Flareon\n|-damage|p1a: Flareon|80/100\n|-unboost|p1a: Flareon|spa|1\n|\n|-status|p1a: Flareon|tox|[from] item: Toxic Orb\n|upkeep\n|turn|13\n|inactive|Time left: 300 sec this turn | 300 sec total\n|\n|t:|1783572657\n|move|p2a: Grimmsnarl|Reflect|p2a: Grimmsnarl\n|-sidestart|p2: p0y2833c33e|Reflect\n|move|p1a: Flareon|Flare Blitz|p2a: Grimmsnarl\n|-damage|p2a: Grimmsnarl|119/293\n|-damage|p1a: Flareon|59/100 tox|[from] Recoil\n|\n|-damage|p1a: Flareon|53/100 tox|[from] psn\n|upkeep\n|turn|14\n|inactive|Time left: 300 sec this turn | 300 sec total\n|\n|t:|1783572658\n|move|p2a: Grimmsnarl|Light Screen|p2a: Grimmsnarl\n|-sidestart|p2: p0y2833c33e|move: Light Screen\n|move|p1a: Flareon|Facade|p2a: Grimmsnarl\n|-damage|p2a: Grimmsnarl|0 fnt\n|faint|p2a: Grimmsnarl\n|\n|-damage|p1a: Flareon|40/100 tox|[from] psn\n|upkeep\n|inactive|Time left: 300 sec this turn | 300 sec total | 5 sec grace\n|\n|t:|1783572659\n|switch|p2a: Garchomp|Garchomp, L74, M|282/282\n|turn|15\n|inactive|Time left: 300 sec this turn | 300 sec total\n|\n|t:|1783572660\n|switch|p1a: Snorlax|Snorlax, L82, M|100/100\n|move|p2a: Garchomp|Earthquake|p1a: Snorlax\n|-damage|p1a: Snorlax|68/100\n|\n|upkeep\n|turn|16\n|inactive|Time left: 300 sec this turn | 300 sec total\n|\n|t:|1783572661\n|move|p1a: Snorlax|Rest|p1a: Snorlax\n|-status|p1a: Snorlax|slp|[from] move: Rest\n|-heal|p1a: Snorlax|100/100 slp|[silent]\n|-enditem|p1a: Snorlax|Chesto Berry|[eat]\n|-curestatus|p1a: Snorlax|slp|[msg]\n|move|p2a: Garchomp|Dragon Tail|p1a: Snorlax\n|-damage|p1a: Snorlax|81/100\n|drag|p1a: Flapple|Flapple, L88, F, tera:Steel|65/100\n|\n|upkeep\n|turn|17\n|inactive|Time left: 300 sec this turn | 300 sec total\n|\n|t:|1783572662\n|switch|p1a: Snorlax|Snorlax, L82, M|81/100\n|move|p2a: Garchomp|Earthquake|p1a: Snorlax\n|-damage|p1a: Snorlax|47/100\n|\n|upkeep\n|turn|18\n|inactive|Time left: 300 sec this turn | 300 sec total\n|\n|t:|1783572662\n|move|p1a: Snorlax|Rest|p1a: Snorlax\n|-status|p1a: Snorlax|slp|[from] move: Rest\n|-heal|p1a: Snorlax|100/100 slp|[silent]\n|move|p2a: Garchomp|Dragon Tail|p1a: Snorlax\n|-damage|p1a: Snorlax|80/100 slp\n|drag|p1a: Flareon|Flareon, L90, F|40/100 tox\n|\n|-damage|p1a: Flareon|34/100 tox|[from] psn\n|upkeep\n|turn|19\n|inactive|Time left: 300 sec this turn | 300 sec total\n|\n|t:|1783572663\n|switch|p1a: Snorlax|Snorlax, L82, M|80/100 slp\n|move|p2a: Garchomp|Earthquake|p1a: Snorlax\n|-damage|p1a: Snorlax|47/100 slp\n|\n|upkeep\n|turn|20\n|inactive|Time left: 300 sec this turn | 300 sec total\n|\n|t:|1783572664\n|move|p2a: Garchomp|Earthquake|p1a: Snorlax\n|-crit|p1a: Snorlax\n|-damage|p1a: Snorlax|0 fnt\n|faint|p1a: Snorlax\n|\n|-sideend|p2: p0y2833c33e|Reflect\n|upkeep\n|\n|t:|1783572665\n|switch|p1a: Espathra|Espathra, L80, M|100/100\n|turn|21\n|inactive|Time left: 300 sec this turn | 300 sec total\n|\n|t:|1783572666\n|move|p1a: Espathra|Substitute|p1a: Espathra\n|-start|p1a: Espathra|Substitute\n|-damage|p1a: Espathra|76/100\n|move|p2a: Garchomp|Dragon Tail|p1a: Espathra\n|-end|p1a: Espathra|Substitute\n|\n|-heal|p1a: Espathra|82/100|[from] item: Leftovers\n|-sideend|p2: p0y2833c33e|move: Light Screen\n|-ability|p1a: Espathra|Speed Boost|boost\n|-boost|p1a: Espathra|spe|1\n|upkeep\n|turn|22\n|inactive|Time left: 300 sec this turn | 300 sec total\n|\n|t:|1783572667\n|move|p1a: Espathra|Substitute|p1a: Espathra\n|-start|p1a: Espathra|Substitute\n|-damage|p1a: Espathra|57/100\n|move|p2a: Garchomp|Earthquake|p1a: Espathra\n|-end|p1a: Espathra|Substitute\n|\n|-heal|p1a: Espathra|63/100|[from] item: Leftovers\n|-ability|p1a: Espathra|Speed Boost|boost\n|-boost|p1a: Espathra|spe|1\n|upkeep\n|turn|23\n|inactive|Time left: 300 sec this turn | 300 sec total\n|\n|t:|1783572668\n|move|p1a: Espathra|Dazzling Gleam|p2a: Garchomp\n|-supereffective|p2a: Garchomp\n|-damage|p2a: Garchomp|152/282\n|move|p2a: Garchomp|Outrage|p1a: Espathra\n|-damage|p1a: Espathra|0 fnt\n|faint|p1a: Espathra\n|\n|upkeep\n|\n|t:|1783572669\n|switch|p1a: Flapple|Flapple, L88, F, tera:Steel|65/100\n|turn|24\n|inactive|Time left: 300 sec this turn | 300 sec total\n|\n|t:|1783572670\n|move|p2a: Garchomp|Outrage|p1a: Flapple|[from] lockedmove\n|-resisted|p1a: Flapple\n|-damage|p1a: Flapple|42/100\n|-start|p2a: Garchomp|confusion|[fatigue]\n|move|p1a: Flapple|Grav Apple|p2a: Garchomp|[miss]\n|-miss|p1a: Flapple|p2a: Garchomp\n|\n|upkeep\n|turn|25\n|inactive|Time left: 300 sec this turn | 300 sec total\n|\n|t:|1783572671\n|switch|p1a: Flareon|Flareon, L90, F|34/100 tox\n|-activate|p2a: Garchomp|confusion\n|move|p2a: Garchomp|Earthquake|p1a: Flareon\n|-supereffective|p1a: Flareon\n|-damage|p1a: Flareon|0 fnt\n|faint|p1a: Flareon\n|\n|upkeep\n|\n|t:|1783572672\n|switch|p1a: Flapple|Flapple, L88, F, tera:Steel|42/100\n|turn|26\n|inactive|Time left: 300 sec this turn | 300 sec total\n|\n|t:|1783572673\n|-activate|p2a: Garchomp|confusion\n|move|p2a: Garchomp|Earthquake|p1a: Flapple\n|-supereffective|p1a: Flapple\n|-damage|p1a: Flapple|0 fnt\n|faint|p1a: Flapple\n|\n|win|p0y2833c33e", "uploadtime": 1783572673, "views": 0, "rating": 0, "private": 0, "password": null, "_winner": "p0y2833c33e", "_our_name": "p0y2833c33e"}