{"id": "battle-gen9randombattle-823", "formatid": "gen9randombattle", "format": "[Gen 9] Random Battle", "players": ["p0x8236c78", "p0y823408f"], "log": "|init|battle\n|title|p0x8236c78 vs. p0y823408f\n|j|\u2606p0x8236c78\n|j|\u2606p0y823408f\n|t:|1783548678\n|gametype|singles\n|player|p1|p0x8236c78|101|\n|player|p2|p0y823408f|266|\n|gen|9\n|tier|[Gen 9] Random Battle\n|rule|Species Clause: Limit one of each Pok\u00e9mon\n|rule|HP Percentage Mod: HP is shown in percentages\n|rule|Sleep Clause Mod: Limit one foe put to sleep\n|rule|Illusion Level Mod: Illusion disguises the Pok\u00e9mon's true level\n|\n|t:|1783548678\n|teamsize|p1|6\n|teamsize|p2|6\n|start\n|switch|p1a: Orthworm|Orthworm, L88, F|100/100\n|switch|p2a: Bombirdier|Bombirdier, L85, F|258/258\n|turn|1\n|inactive|Battle timer is ON: inactive players will automatically lose when time's up. (requested by p0y823408f)\n|inactive|p0x8236c78 also wants the timer to be on.\n|\n|t:|1783548680\n|move|p2a: Bombirdier|Knock Off|p1a: Orthworm\n|-damage|p1a: Orthworm|72/100\n|-enditem|p1a: Orthworm|Leftovers|[from] move: Knock Off|[of] p2a: Bombirdier\n|move|p1a: Orthworm|Heavy Slam|p2a: Bombirdier\n|-damage|p2a: Bombirdier|125/258\n|\n|upkeep\n|turn|2\n|inactive|Time left: 300 sec this turn | 300 sec total\n|\n|t:|1783548681\n|switch|p2a: Meloetta|Meloetta, L82|298/298\n|move|p1a: Orthworm|Body Press|p2a: Meloetta\n|-damage|p2a: Meloetta|205/298\n|\n|-heal|p2a: Meloetta|223/298|[from] item: Leftovers\n|upkeep\n|turn|3\n|inactive|Time left: 300 sec this turn | 300 sec total\n|\n|t:|1783548682\n|move|p2a: Meloetta|Focus Blast|p1a: Orthworm|[miss]\n|-miss|p2a: Meloetta|p1a: Orthworm\n|move|p1a: Orthworm|Stealth Rock|p2a: Meloetta\n|-sidestart|p2: p0y823408f|move: Stealth Rock\n|\n|-heal|p2a: Meloetta|241/298|[from] item: Leftovers\n|upkeep\n|turn|4\n|inactive|Time left: 300 sec this turn | 300 sec total\n|\n|t:|1783548683\n|move|p2a: Meloetta|Focus Blast|p1a: Orthworm\n|-supereffective|p1a: Orthworm\n|-damage|p1a: Orthworm|0 fnt\n|faint|p1a: Orthworm\n|\n|-heal|p2a: Meloetta|259/298|[from] item: Leftovers\n|upkeep\n|\n|t:|1783548684\n|switch|p1a: Tsareena|Tsareena, L87, F|100/100\n|turn|5\n|inactive|Time left: 300 sec this turn | 300 sec total\n|\n|t:|1783548686\n|move|p2a: Meloetta|Calm Mind|p2a: Meloetta\n|-boost|p2a: Meloetta|spa|1\n|-boost|p2a: Meloetta|spd|1\n|move|p1a: Tsareena|Knock Off|p2a: Meloetta\n|-supereffective|p2a: Meloetta\n|-damage|p2a: Meloetta|77/298\n|-enditem|p2a: Meloetta|Leftovers|[from] move: Knock Off|[of] p1a: Tsareena\n|\n|upkeep\n|turn|6\n|inactive|Time left: 300 sec this turn | 300 sec total\n|\n|t:|1783548687\n|move|p2a: Meloetta|Psyshock|p1a: Tsareena\n|-damage|p1a: Tsareena|47/100\n|move|p1a: Tsareena|Power Whip|p2a: Meloetta\n|-damage|p2a: Meloetta|0 fnt\n|faint|p2a: Meloetta\n|\n|upkeep\n|inactive|Time left: 300 sec this turn | 300 sec total | 5 sec grace\n|\n|t:|1783548688\n|switch|p2a: Ribombee|Ribombee, L83, F|235/235\n|turn|7\n|inactive|Time left: 300 sec this turn | 300 sec total\n|\n|t:|1783548689\n|move|p2a: Ribombee|Sticky Web|p1a: Tsareena\n|-sidestart|p1: p0x8236c78|move: Sticky Web\n|move|p1a: Tsareena|Triple Axel|p2a: Ribombee\n|-damage|p2a: Ribombee|209/235\n|-hitcount|p2a: Ribombee|1\n|\n|upkeep\n|turn|8\n|inactive|Time left: 300 sec this turn | 300 sec total\n|\n|t:|1783548690\n|move|p2a: Ribombee|U-turn|p1a: Tsareena\n|-supereffective|p1a: Tsareena\n|-damage|p1a: Tsareena|14/100\n|inactive|Time left: 300 sec this turn | 300 sec total | 5 sec grace\n|\n|t:|1783548691\n|switch|p2a: Sandslash|Sandslash-Alola, L88, M|275/275|[from] U-turn\n|-damage|p2a: Sandslash|241/275|[from] Stealth Rock\n|move|p1a: Tsareena|Rapid Spin|p2a: Sandslash\n|-resisted|p2a: Sandslash\n|-crit|p2a: Sandslash\n|-damage|p2a: Sandslash|215/275\n|-boost|p1a: Tsareena|spe|1\n|-sideend|p1: p0x8236c78|Sticky Web|[from] move: Rapid Spin|[of] p1a: Tsareena\n|\n|-heal|p2a: Sandslash|232/275|[from] item: Leftovers\n|upkeep\n|turn|9\n|inactive|Time left: 300 sec this turn | 300 sec total\n|\n|t:|1783548692\n|switch|p1a: Talonflame|Talonflame, L83, F|100/100\n|move|p2a: Sandslash|Rapid Spin|p1a: Talonflame\n|-damage|p1a: Talonflame|81/100\n|-boost|p2a: Sandslash|spe|1\n|-sideend|p2: p0y823408f|Stealth Rock|[from] move: Rapid Spin|[of] p2a: Sandslash\n|\n|-heal|p2a: Sandslash|249/275|[from] item: Leftovers\n|upkeep\n|turn|10\n|inactive|Time left: 300 sec this turn | 300 sec total\n|\n|t:|1783548693\n|-terastallize|p2a: Sandslash|Ground\n|move|p1a: Talonflame|Flare Blitz|p2a: Sandslash\n|-damage|p2a: Sandslash|164/275\n|-damage|p1a: Talonflame|70/100|[from] Recoil\n|move|p2a: Sandslash|Swords Dance|p2a: Sandslash\n|-boost|p2a: Sandslash|atk|2\n|\n|-heal|p2a: Sandslash|181/275|[from] item: Leftovers\n|upkeep\n|turn|11\n|inactive|Time left: 300 sec this turn | 300 sec total\n|\n|t:|1783548695\n|move|p1a: Talonflame|Flare Blitz|p2a: Sandslash\n|-damage|p2a: Sandslash|105/275\n|-damage|p1a: Talonflame|61/100|[from] Recoil\n|move|p2a: Sandslash|Triple Axel|p1a: Talonflame\n|-damage|p1a: Talonflame|40/100\n|-status|p2a: Sandslash|brn|[from] ability: Flame Body|[of] p1a: Talonflame\n|-damage|p1a: Talonflame|19/100\n|-damage|p1a: Talonflame|0 fnt\n|faint|p1a: Talonflame\n|-hitcount|p1: Talonflame|3\n|\n|-heal|p2a: Sandslash|122/275 brn|[from] item: Leftovers\n|-damage|p2a: Sandslash|105/275 brn|[from] brn\n|upkeep\n|\n|t:|1783548696\n|switch|p1a: Sylveon|Sylveon, L85, F|100/100\n|turn|12\n|inactive|Time left: 300 sec this turn | 300 sec total\n|\n|t:|1783548697\n|move|p2a: Sandslash|Earthquake|p1a: Sylveon\n|-damage|p1a: Sylveon|52/100\n|move|p1a: Sylveon|Hyper Voice|p2a: Sandslash\n|-damage|p2a: Sandslash|0 fnt\n|faint|p2a: Sandslash\n|\n|-heal|p1a: Sylveon|58/100|[from] item: Leftovers\n|upkeep\n|inactive|Time left: 300 sec this turn | 300 sec total | 5 sec grace\n|\n|t:|1783548698\n|switch|p2a: Cetitan|Cetitan, L82, F|412/412\n|turn|13\n|inactive|Time left: 300 sec this turn | 300 sec total\n|\n|t:|1783548699\n|move|p1a: Sylveon|Protect|p1a: Sylveon\n|-singleturn|p1a: Sylveon|Protect\n|move|p2a: Cetitan|Belly Drum|p2a: Cetitan\n|-damage|p2a: Cetitan|206/412\n|-setboost|p2a: Cetitan|atk|6|[from] move: Belly Drum\n|-enditem|p2a: Cetitan|Sitrus Berry|[eat]\n|-heal|p2a: Cetitan|309/412|[from] item: Sitrus Berry\n|\n|-heal|p1a: Sylveon|64/100|[from] item: Leftovers\n|upkeep\n|turn|14\n|inactive|Time left: 300 sec this turn | 300 sec total\n|\n|t:|1783548700\n|switch|p1a: Tsareena|Tsareena, L87, F|14/100\n|move|p2a: Cetitan|Ice Spinner|p1a: Tsareena\n|-supereffective|p1a: Tsareena\n|-damage|p1a: Tsareena|0 fnt\n|faint|p1a: Tsareena\n|\n|upkeep\n|\n|t:|1783548700\n|switch|p1a: Pawmot|Pawmot, L80, M|100/100\n|turn|15\n|inactive|Time left: 300 sec this turn | 300 sec total\n|\n|t:|1783548702\n|move|p2a: Cetitan|Ice Shard|p1a: Pawmot\n|-damage|p1a: Pawmot|5/100\n|move|p1a: Pawmot|Close Combat|p2a: Cetitan\n|-supereffective|p2a: Cetitan\n|-damage|p2a: Cetitan|0 fnt\n|-unboost|p1a: Pawmot|def|1\n|-unboost|p1a: Pawmot|spd|1\n|faint|p2a: Cetitan\n|\n|upkeep\n|inactive|Time left: 300 sec this turn | 300 sec total | 5 sec grace\n|\n|t:|1783548703\n|switch|p2a: Ribombee|Ribombee, L83, F|209/235\n|turn|16\n|inactive|Time left: 300 sec this turn | 300 sec total\n|\n|t:|1783548704\n|move|p2a: Ribombee|Sticky Web|p1a: Pawmot\n|-sidestart|p1: p0x8236c78|move: Sticky Web\n|move|p1a: Pawmot|Double Shock|p2a: Ribombee\n|-damage|p2a: Ribombee|16/235\n|-start|p1a: Pawmot|typechange|???/Fighting|[from] move: Double Shock\n|\n|upkeep\n|turn|17\n|inactive|Time left: 300 sec this turn | 300 sec total\n|\n|t:|1783548705\n|switch|p1a: Toucannon|Toucannon, L88, M|100/100\n|move|p2a: Ribombee|U-turn|p1a: Toucannon\n|-resisted|p1a: Toucannon\n|-crit|p1a: Toucannon\n|-damage|p1a: Toucannon|86/100\n|inactive|Time left: 300 sec this turn | 300 sec total | 5 sec grace\n|\n|t:|1783548706\n|switch|p2a: Bombirdier|Bombirdier, L85, F|125/258|[from] U-turn\n|\n|upkeep\n|turn|18\n|inactive|Time left: 300 sec this turn | 300 sec total\n|\n|t:|1783548707\n|move|p2a: Bombirdier|Stone Edge|p1a: Toucannon\n|-supereffective|p1a: Toucannon\n|-damage|p1a: Toucannon|0 fnt\n|faint|p1a: Toucannon\n|\n|upkeep\n|\n|t:|1783548707\n|switch|p1a: Sylveon|Sylveon, L85, F|64/100\n|-activate|p1a: Sylveon|move: Sticky Web\n|-unboost|p1a: Sylveon|spe|1\n|turn|19\n|inactive|Time left: 300 sec this turn | 300 sec total\n|\n|t:|1783548708\n|-terastallize|p1a: Sylveon|Steel\n|move|p2a: Bombirdier|Stone Edge|p1a: Sylveon|[miss]\n|-miss|p2a: Bombirdier|p1a: Sylveon\n|move|p1a: Sylveon|Hyper Voice|p2a: Bombirdier\n|-supereffective|p2a: Bombirdier\n|-damage|p2a: Bombirdier|0 fnt\n|faint|p2a: Bombirdier\n|\n|-heal|p1a: Sylveon|70/100|[from] item: Leftovers\n|upkeep\n|inactive|Time left: 300 sec this turn | 300 sec total | 5 sec grace\n|\n|t:|1783548709\n|switch|p2a: Ribombee|Ribombee, L83, F|16/235\n|turn|20\n|inactive|Time left: 300 sec this turn | 300 sec total\n|\n|t:|1783548710\n|move|p2a: Ribombee|Moonblast|p1a: Sylveon\n|-resisted|p1a: Sylveon\n|-damage|p1a: Sylveon|58/100\n|move|p1a: Sylveon|Calm Mind|p1a: Sylveon\n|-boost|p1a: Sylveon|spa|1\n|-boost|p1a: Sylveon|spd|1\n|\n|-heal|p1a: Sylveon|64/100|[from] item: Leftovers\n|upkeep\n|turn|21\n|inactive|Time left: 300 sec this turn | 300 sec total\n|\n|t:|1783548711\n|move|p2a: Ribombee|Moonblast|p1a: Sylveon\n|-resisted|p1a: Sylveon\n|-damage|p1a: Sylveon|57/100\n|move|p1a: Sylveon|Hyper Voice|p2a: Ribombee\n|-damage|p2a: Ribombee|0 fnt\n|faint|p2a: Ribombee\n|\n|-heal|p1a: Sylveon|63/100|[from] item: Leftovers\n|upkeep\n|inactive|Time left: 300 sec this turn | 300 sec total | 5 sec grace\n|\n|t:|1783548712\n|switch|p2a: Porygon-Z|Porygon-Z, L83|277/277\n|turn|22\n|inactive|Time left: 300 sec this turn | 300 sec total\n|\n|t:|1783548713\n|move|p2a: Porygon-Z|Shadow Ball|p1a: Sylveon\n|-damage|p1a: Sylveon|48/100\n|-unboost|p1a: Sylveon|spd|1\n|-damage|p2a: Porygon-Z|250/277|[from] item: Life Orb\n|move|p1a: Sylveon|Hyper Voice|p2a: Porygon-Z\n|-damage|p2a: Porygon-Z|42/277\n|\n|-heal|p1a: Sylveon|54/100|[from] item: Leftovers\n|upkeep\n|turn|23\n|inactive|Time left: 300 sec this turn | 300 sec total\n|\n|t:|1783548714\n|move|p2a: Porygon-Z|Tera Blast|p1a: Sylveon\n|-resisted|p1a: Sylveon\n|-damage|p1a: Sylveon|32/100\n|-damage|p2a: Porygon-Z|15/277|[from] item: Life Orb\n|move|p1a: Sylveon|Hyper Voice|p2a: Porygon-Z\n|-damage|p2a: Porygon-Z|0 fnt\n|faint|p2a: Porygon-Z\n|\n|win|p0x8236c78", "uploadtime": 1783548714, "views": 0, "rating": 0, "private": 0, "password": null, "_winner": "p0x8236c78", "_our_name": "p0y823408f"}