{"id": "battle-gen9randombattle-179", "formatid": "gen9randombattle", "format": "[Gen 9] Random Battle", "players": ["p0x1791a79", "p0y179048d"], "log": "|init|battle\n|title|p0x1791a79 vs. p0y179048d\n|j|\u2606p0x1791a79\n|j|\u2606p0y179048d\n|t:|1783541653\n|gametype|singles\n|player|p1|p0x1791a79|265|\n|player|p2|p0y179048d|101|\n|gen|9\n|tier|[Gen 9] Random Battle\n|rule|Species Clause: Limit one of each Pok\u00e9mon\n|rule|HP Percentage Mod: HP is shown in percentages\n|rule|Sleep Clause Mod: Limit one foe put to sleep\n|rule|Illusion Level Mod: Illusion disguises the Pok\u00e9mon's true level\n|\n|t:|1783541653\n|teamsize|p1|6\n|teamsize|p2|6\n|start\n|switch|p1a: Iron Leaves|Iron Leaves, L80|100/100\n|switch|p2a: Tentacruel|Tentacruel, L84, M|272/272\n|turn|1\n|inactive|Battle timer is ON: inactive players will automatically lose when time's up. (requested by p0x1791a79)\n|inactive|Time left: 300 sec this turn | 300 sec total | 60 sec grace\n|\n|t:|1783541655\n|switch|p2a: Mightyena|Mightyena, L96, M|290/290\n|-ability|p2a: Mightyena|Intimidate|boost\n|-unboost|p1a: Iron Leaves|atk|1\n|move|p1a: Iron Leaves|Psyblade|p2a: Mightyena\n|-immune|p2a: Mightyena\n|\n|upkeep\n|turn|2\n|inactive|Time left: 300 sec this turn | 300 sec total\n|inactive|p0y179048d also wants the timer to be on.\n|\n|t:|1783541656\n|-end|p1a: Iron Leaves|Quark Drive|[silent]\n|switch|p1a: Alomomola|Alomomola, L87, F|100/100\n|move|p2a: Mightyena|Crunch|p1a: Alomomola\n|-damage|p1a: Alomomola|65/100\n|-damage|p2a: Mightyena|242/290|[from] item: Rocky Helmet|[of] p1a: Alomomola\n|\n|upkeep\n|turn|3\n|inactive|Time left: 300 sec this turn | 300 sec total\n|\n|t:|1783541657\n|move|p2a: Mightyena|Crunch|p1a: Alomomola\n|-damage|p1a: Alomomola|28/100\n|-damage|p2a: Mightyena|194/290|[from] item: Rocky Helmet|[of] p1a: Alomomola\n|move|p1a: Alomomola|Flip Turn|p2a: Mightyena\n|-damage|p2a: Mightyena|139/290\n|\n|t:|1783541658\n|switch|p1a: Ninetales|Ninetales-Alola, L78, F|100/100|[from] Flip Turn\n|-weather|Snowscape|[from] ability: Snow Warning|[of] p1a: Ninetales\n|\n|-weather|Snowscape|[upkeep]\n|upkeep\n|turn|4\n|inactive|Time left: 300 sec this turn | 300 sec total\n|\n|t:|1783541659\n|move|p1a: Ninetales|Aurora Veil|p1a: Ninetales\n|-sidestart|p1: p0x1791a79|move: Aurora Veil\n|move|p2a: Mightyena|Crunch|p1a: Ninetales\n|-resisted|p1a: Ninetales\n|-damage|p1a: Ninetales|88/100\n|\n|-weather|Snowscape|[upkeep]\n|upkeep\n|turn|5\n|inactive|Time left: 300 sec this turn | 300 sec total\n|\n|t:|1783541660\n|switch|p2a: Volcarona|Volcarona, L77, M|257/257\n|move|p1a: Ninetales|Nasty Plot|p1a: Ninetales\n|-boost|p1a: Ninetales|spa|2\n|\n|-weather|Snowscape|[upkeep]\n|upkeep\n|turn|6\n|inactive|Time left: 300 sec this turn | 300 sec total\n|\n|t:|1783541661\n|move|p1a: Ninetales|Blizzard|p2a: Volcarona\n|-resisted|p2a: Volcarona\n|-damage|p2a: Volcarona|169/257\n|move|p2a: Volcarona|Quiver Dance|p2a: Volcarona\n|-boost|p2a: Volcarona|spa|1\n|-boost|p2a: Volcarona|spd|1\n|-boost|p2a: Volcarona|spe|1\n|\n|-weather|Snowscape|[upkeep]\n|upkeep\n|turn|7\n|inactive|Time left: 300 sec this turn | 300 sec total\n|\n|t:|1783541662\n|move|p2a: Volcarona|Fire Blast|p1a: Ninetales\n|-supereffective|p1a: Ninetales\n|-damage|p1a: Ninetales|11/100\n|move|p1a: Ninetales|Blizzard|p2a: Volcarona\n|-resisted|p2a: Volcarona\n|-damage|p2a: Volcarona|112/257\n|\n|-weather|none\n|upkeep\n|turn|8\n|inactive|Time left: 300 sec this turn | 300 sec total\n|\n|t:|1783541663\n|switch|p1a: Iron Leaves|Iron Leaves, L80|100/100\n|move|p2a: Volcarona|Fire Blast|p1a: Iron Leaves\n|-supereffective|p1a: Iron Leaves\n|-damage|p1a: Iron Leaves|40/100\n|\n|upkeep\n|turn|9\n|inactive|Time left: 300 sec this turn | 300 sec total\n|\n|t:|1783541664\n|-terastallize|p1a: Iron Leaves|Fighting\n|move|p2a: Volcarona|Fire Blast|p1a: Iron Leaves\n|-damage|p1a: Iron Leaves|8/100\n|move|p1a: Iron Leaves|Psyblade|p2a: Volcarona\n|-damage|p2a: Volcarona|0 fnt\n|-status|p1a: Iron Leaves|brn|[from] ability: Flame Body|[of] p2a: Volcarona\n|faint|p2a: Volcarona\n|\n|-damage|p1a: Iron Leaves|2/100 brn|[from] brn\n|upkeep\n|inactive|Time left: 300 sec this turn | 300 sec total | 5 sec grace\n|\n|t:|1783541665\n|switch|p2a: Tentacruel|Tentacruel, L84, M|272/272\n|turn|10\n|inactive|Time left: 300 sec this turn | 300 sec total\n|\n|t:|1783541666\n|-end|p1a: Iron Leaves|Quark Drive|[silent]\n|switch|p1a: Alomomola|Alomomola, L87, F|62/100\n|move|p2a: Tentacruel|Rapid Spin|p1a: Alomomola\n|-damage|p1a: Alomomola|59/100\n|-boost|p2a: Tentacruel|spe|1\n|-damage|p2a: Tentacruel|227/272|[from] item: Rocky Helmet|[of] p1a: Alomomola\n|\n|-heal|p2a: Tentacruel|244/272|[from] item: Leftovers\n|upkeep\n|turn|11\n|inactive|Time left: 300 sec this turn | 300 sec total\n|\n|t:|1783541667\n|move|p2a: Tentacruel|Toxic|p1a: Alomomola\n|-status|p1a: Alomomola|tox\n|move|p1a: Alomomola|Wish|p1a: Alomomola\n|\n|-heal|p2a: Tentacruel|261/272|[from] item: Leftovers\n|-damage|p1a: Alomomola|52/100 tox|[from] psn\n|-sideend|p1: p0x1791a79|move: Aurora Veil\n|upkeep\n|turn|12\n|inactive|Time left: 300 sec this turn | 300 sec total\n|\n|t:|1783541668\n|move|p2a: Tentacruel|Surf|p1a: Alomomola\n|-resisted|p1a: Alomomola\n|-damage|p1a: Alomomola|37/100 tox\n|move|p1a: Alomomola|Flip Turn|p2a: Tentacruel\n|-resisted|p2a: Tentacruel\n|-damage|p2a: Tentacruel|228/272\n|\n|t:|1783541669\n|switch|p1a: Ninetales|Ninetales-Alola, L78, F|11/100|[from] Flip Turn\n|-weather|Snowscape|[from] ability: Snow Warning|[of] p1a: Ninetales\n|\n|-weather|Snowscape|[upkeep]\n|-heal|p1a: Ninetales|99/100|[from] move: Wish|[wisher] Alomomola\n|-heal|p2a: Tentacruel|245/272|[from] item: Leftovers\n|upkeep\n|turn|13\n|inactive|Time left: 300 sec this turn | 300 sec total\n|\n|t:|1783541671\n|move|p2a: Tentacruel|Sludge Bomb|p1a: Ninetales\n|-supereffective|p1a: Ninetales\n|-damage|p1a: Ninetales|29/100\n|move|p1a: Ninetales|Aurora Veil|p1a: Ninetales\n|-sidestart|p1: p0x1791a79|move: Aurora Veil\n|\n|-weather|Snowscape|[upkeep]\n|-heal|p2a: Tentacruel|262/272|[from] item: Leftovers\n|upkeep\n|turn|14\n|inactive|Time left: 300 sec this turn | 300 sec total\n|\n|t:|1783541672\n|switch|p1a: Alomomola|Alomomola, L87, F|70/100 tox\n|move|p2a: Tentacruel|Sludge Bomb|p1a: Alomomola\n|-damage|p1a: Alomomola|55/100 tox\n|\n|-weather|Snowscape|[upkeep]\n|-heal|p2a: Tentacruel|272/272|[from] item: Leftovers\n|-damage|p1a: Alomomola|49/100 tox|[from] psn\n|upkeep\n|turn|15\n|inactive|Time left: 300 sec this turn | 300 sec total\n|\n|t:|1783541673\n|move|p2a: Tentacruel|Surf|p1a: Alomomola\n|-resisted|p1a: Alomomola\n|-damage|p1a: Alomomola|41/100 tox\n|move|p1a: Alomomola|Flip Turn|p2a: Tentacruel\n|-resisted|p2a: Tentacruel\n|-damage|p2a: Tentacruel|239/272\n|\n|t:|1783541674\n|switch|p1a: Eiscue|Eiscue, L88, M|100/100|[from] Flip Turn\n|\n|-weather|Snowscape|[upkeep]\n|-heal|p2a: Tentacruel|256/272|[from] item: Leftovers\n|upkeep\n|turn|16\n|inactive|Time left: 300 sec this turn | 300 sec total\n|\n|t:|1783541675\n|move|p2a: Tentacruel|Toxic|p1a: Eiscue\n|-status|p1a: Eiscue|tox\n|move|p1a: Eiscue|Belly Drum|p1a: Eiscue\n|-damage|p1a: Eiscue|50/100 tox\n|-setboost|p1a: Eiscue|atk|6|[from] move: Belly Drum\n|-enditem|p1a: Eiscue|Sitrus Berry|[eat]\n|-heal|p1a: Eiscue|75/100 tox|[from] item: Sitrus Berry\n|\n|-weather|none\n|-heal|p2a: Tentacruel|272/272|[from] item: Leftovers\n|-damage|p1a: Eiscue|69/100 tox|[from] psn\n|upkeep\n|turn|17\n|inactive|Time left: 300 sec this turn | 300 sec total\n|\n|t:|1783541676\n|move|p2a: Tentacruel|Surf|p1a: Eiscue\n|-damage|p1a: Eiscue|55/100 tox\n|move|p1a: Eiscue|Zen Headbutt|p2a: Tentacruel|[miss]\n|-miss|p1a: Eiscue|p2a: Tentacruel\n|\n|-damage|p1a: Eiscue|42/100 tox|[from] psn\n|upkeep\n|turn|18\n|inactive|Time left: 300 sec this turn | 300 sec total\n|\n|t:|1783541677\n|switch|p2a: Mightyena|Mightyena, L96, M|139/290\n|-ability|p2a: Mightyena|Intimidate|boost\n|-unboost|p1a: Eiscue|atk|1\n|move|p1a: Eiscue|Ice Spinner|p2a: Mightyena\n|-damage|p2a: Mightyena|0 fnt\n|faint|p2a: Mightyena\n|\n|-damage|p1a: Eiscue|23/100 tox|[from] psn\n|upkeep\n|inactive|Time left: 300 sec this turn | 300 sec total | 5 sec grace\n|\n|t:|1783541678\n|switch|p2a: Meganium|Meganium, L90, M|290/290\n|turn|19\n|inactive|Time left: 300 sec this turn | 300 sec total\n|\n|t:|1783541679\n|-terastallize|p2a: Meganium|Steel\n|move|p2a: Meganium|Energy Ball|p1a: Eiscue\n|-damage|p1a: Eiscue|8/100 tox\n|move|p1a: Eiscue|Ice Spinner|p2a: Meganium\n|-resisted|p2a: Meganium\n|-damage|p2a: Meganium|180/290\n|\n|-heal|p2a: Meganium|198/290|[from] item: Leftovers\n|-damage|p1a: Eiscue|0 fnt|[from] psn\n|faint|p1a: Eiscue\n|upkeep\n|\n|t:|1783541680\n|switch|p1a: Alomomola|Alomomola, L87, F|75/100 tox\n|turn|20\n|inactive|Time left: 300 sec this turn | 300 sec total\n|\n|t:|1783541681\n|switch|p1a: Ninetales|Ninetales-Alola, L78, F|29/100\n|-weather|Snowscape|[from] ability: Snow Warning|[of] p1a: Ninetales\n|move|p2a: Meganium|Energy Ball|p1a: Ninetales\n|-damage|p1a: Ninetales|8/100\n|\n|-weather|Snowscape|[upkeep]\n|-heal|p2a: Meganium|216/290|[from] item: Leftovers\n|-sideend|p1: p0x1791a79|move: Aurora Veil\n|upkeep\n|turn|21\n|inactive|Time left: 300 sec this turn | 300 sec total\n|\n|t:|1783541682\n|move|p1a: Ninetales|Aurora Veil|p1a: Ninetales\n|-sidestart|p1: p0x1791a79|move: Aurora Veil\n|move|p2a: Meganium|Energy Ball|p1a: Ninetales\n|-damage|p1a: Ninetales|0 fnt\n|faint|p1a: Ninetales\n|\n|-weather|Snowscape|[upkeep]\n|-heal|p2a: Meganium|234/290|[from] item: Leftovers\n|upkeep\n|\n|t:|1783541683\n|switch|p1a: Inteleon|Inteleon, L81, M|100/100\n|turn|22\n|inactive|Time left: 300 sec this turn | 300 sec total\n|\n|t:|1783541684\n|move|p1a: Inteleon|Scald|p2a: Meganium\n|-damage|p2a: Meganium|117/290\n|move|p2a: Meganium|Energy Ball|p1a: Inteleon\n|-supereffective|p1a: Inteleon\n|-damage|p1a: Inteleon|50/100\n|\n|-weather|Snowscape|[upkeep]\n|-heal|p2a: Meganium|135/290|[from] item: Leftovers\n|upkeep\n|turn|23\n|inactive|Time left: 300 sec this turn | 300 sec total\n|\n|t:|1783541685\n|move|p1a: Inteleon|Scald|p2a: Meganium\n|-damage|p2a: Meganium|17/290\n|move|p2a: Meganium|Energy Ball|p1a: Inteleon\n|-supereffective|p1a: Inteleon\n|-damage|p1a: Inteleon|0 fnt\n|faint|p1a: Inteleon\n|\n|-weather|Snowscape|[upkeep]\n|-heal|p2a: Meganium|35/290|[from] item: Leftovers\n|upkeep\n|\n|t:|1783541687\n|switch|p1a: Iron Leaves|Iron Leaves, L80, tera:Fighting|2/100 brn\n|turn|24\n|inactive|Time left: 300 sec this turn | 300 sec total\n|\n|t:|1783541688\n|move|p1a: Iron Leaves|Close Combat|p2a: Meganium\n|-supereffective|p2a: Meganium\n|-damage|p2a: Meganium|0 fnt\n|-unboost|p1a: Iron Leaves|def|1\n|-unboost|p1a: Iron Leaves|spd|1\n|faint|p2a: Meganium\n|\n|-weather|none\n|-damage|p1a: Iron Leaves|0 fnt|[from] brn\n|faint|p1a: Iron Leaves\n|-end|p1a: Iron Leaves|Quark Drive|[silent]\n|upkeep\n|inactive|Time left: 300 sec this turn | 300 sec total | 5 sec grace\n|\n|t:|1783541689\n|switch|p1a: Altaria|Altaria, L89, F|100/100\n|switch|p2a: Tentacruel|Tentacruel, L84, M|272/272\n|turn|25\n|inactive|Time left: 300 sec this turn | 300 sec total\n|\n|t:|1783541690\n|switch|p2a: Terrakion|Terrakion, L79|273/273\n|move|p1a: Altaria|Brave Bird|p2a: Terrakion\n|-damage|p2a: Terrakion|167/273\n|-damage|p1a: Altaria|88/100|[from] Recoil\n|\n|upkeep\n|turn|26\n|inactive|Time left: 300 sec this turn | 300 sec total\n|\n|t:|1783541690\n|move|p2a: Terrakion|Stone Edge|p1a: Altaria\n|-supereffective|p1a: Altaria\n|-crit|p1a: Altaria\n|-damage|p1a: Altaria|0 fnt\n|faint|p1a: Altaria\n|-damage|p2a: Terrakion|140/273|[from] item: Life Orb\n|\n|upkeep\n|\n|t:|1783541691\n|switch|p1a: Alomomola|Alomomola, L87, F|100/100 tox\n|turn|27\n|inactive|Time left: 300 sec this turn | 300 sec total\n|\n|t:|1783541692\n|switch|p2a: Tentacruel|Tentacruel, L84, M|272/272\n|move|p1a: Alomomola|Flip Turn|p2a: Tentacruel\n|-resisted|p2a: Tentacruel\n|-damage|p2a: Tentacruel|236/272\n|\n|-heal|p2a: Tentacruel|253/272|[from] item: Leftovers\n|-damage|p1a: Alomomola|94/100 tox|[from] psn\n|upkeep\n|turn|28\n|inactive|Time left: 300 sec this turn | 300 sec total\n|\n|t:|1783541693\n|move|p2a: Tentacruel|Sludge Bomb|p1a: Alomomola\n|-damage|p1a: Alomomola|79/100 tox\n|move|p1a: Alomomola|Wish|p1a: Alomomola\n|\n|-heal|p2a: Tentacruel|270/272|[from] item: Leftovers\n|-damage|p1a: Alomomola|67/100 tox|[from] psn\n|-sideend|p1: p0x1791a79|move: Aurora Veil\n|upkeep\n|turn|29\n|inactive|Time left: 300 sec this turn | 300 sec total\n|\n|t:|1783541694\n|move|p2a: Tentacruel|Sludge Bomb|p1a: Alomomola\n|-damage|p1a: Alomomola|36/100 tox\n|move|p1a: Alomomola|Scald|p2a: Tentacruel\n|-resisted|p2a: Tentacruel\n|-damage|p2a: Tentacruel|249/272\n|\n|-heal|p1a: Alomomola|86/100 tox|[from] move: Wish|[wisher] Alomomola\n|-heal|p2a: Tentacruel|266/272|[from] item: Leftovers\n|-damage|p1a: Alomomola|68/100 tox|[from] psn\n|upkeep\n|turn|30\n|inactive|Time left: 300 sec this turn | 300 sec total\n|\n|t:|1783541696\n|move|p2a: Tentacruel|Sludge Bomb|p1a: Alomomola\n|-damage|p1a: Alomomola|36/100 tox\n|move|p1a: Alomomola|Wish|p1a: Alomomola\n|\n|-heal|p2a: Tentacruel|272/272|[from] item: Leftovers\n|-damage|p1a: Alomomola|12/100 tox|[from] psn\n|upkeep\n|turn|31\n|inactive|Time left: 300 sec this turn | 300 sec total\n|\n|t:|1783541697\n|move|p1a: Alomomola|Protect|p1a: Alomomola\n|-singleturn|p1a: Alomomola|Protect\n|move|p2a: Tentacruel|Rapid Spin|p1a: Alomomola\n|-activate|p1a: Alomomola|move: Protect\n|\n|-heal|p1a: Alomomola|62/100 tox|[from] move: Wish|[wisher] Alomomola\n|-damage|p1a: Alomomola|31/100 tox|[from] psn\n|upkeep\n|turn|32\n|inactive|Time left: 300 sec this turn | 300 sec total\n|\n|t:|1783541697\n|move|p2a: Tentacruel|Sludge Bomb|p1a: Alomomola\n|-damage|p1a: Alomomola|0 fnt\n|faint|p1a: Alomomola\n|\n|win|p0y179048d", "uploadtime": 1783541697, "views": 0, "rating": 0, "private": 0, "password": null, "_winner": "p0y179048d", "_our_name": "p0y179048d"}