{"id": "battle-gen9randombattle-1736", "formatid": "gen9randombattle", "format": "[Gen 9] Random Battle", "players": ["p0x1736807c", "p0y1736c4ae"], "log": "|init|battle\n|title|p0x1736807c vs. p0y1736c4ae\n|j|\u2606p0x1736807c\n|j|\u2606p0y1736c4ae\n|t:|1783559328\n|gametype|singles\n|player|p1|p0x1736807c|102|\n|player|p2|p0y1736c4ae|265|\n|gen|9\n|tier|[Gen 9] Random Battle\n|rule|Species Clause: Limit one of each Pok\u00e9mon\n|rule|HP Percentage Mod: HP is shown in percentages\n|rule|Sleep Clause Mod: Limit one foe put to sleep\n|rule|Illusion Level Mod: Illusion disguises the Pok\u00e9mon's true level\n|\n|t:|1783559328\n|teamsize|p1|6\n|teamsize|p2|6\n|start\n|switch|p1a: Dondozo|Dondozo, L78, F|362/362\n|switch|p2a: Lilligant|Lilligant, L86, F|100/100\n|turn|1\n|inactive|Battle timer is ON: inactive players will automatically lose when time's up. (requested by p0y1736c4ae)\n|inactive|Time left: 300 sec this turn | 300 sec total | 60 sec grace\n|inactive|p0x1736807c also wants the timer to be on.\n|\n|t:|1783559330\n|switch|p1a: Skuntank|Skuntank, L84, M|310/310\n|move|p2a: Lilligant|Quiver Dance|p2a: Lilligant\n|-boost|p2a: Lilligant|spa|1\n|-boost|p2a: Lilligant|spd|1\n|-boost|p2a: Lilligant|spe|1\n|\n|upkeep\n|turn|2\n|inactive|Time left: 300 sec this turn | 300 sec total\n|\n|t:|1783559331\n|move|p2a: Lilligant|Sleep Powder|p1a: Skuntank\n|-status|p1a: Skuntank|slp|[from] move: Sleep Powder\n|cant|p1a: Skuntank|slp\n|\n|upkeep\n|turn|3\n|inactive|Time left: 300 sec this turn | 300 sec total\n|\n|t:|1783559332\n|move|p2a: Lilligant|Quiver Dance|p2a: Lilligant\n|-boost|p2a: Lilligant|spa|1\n|-boost|p2a: Lilligant|spd|1\n|-boost|p2a: Lilligant|spe|1\n|-curestatus|p1a: Skuntank|slp|[msg]\n|move|p1a: Skuntank|Gunk Shot|p2a: Lilligant\n|-supereffective|p2a: Lilligant\n|-damage|p2a: Lilligant|0 fnt\n|faint|p2a: Lilligant\n|-damage|p1a: Skuntank|279/310|[from] item: Life Orb\n|\n|upkeep\n|\n|t:|1783559333\n|switch|p2a: Gumshoos|Gumshoos, L95, M|100/100\n|turn|4\n|inactive|Time left: 300 sec this turn | 300 sec total\n|\n|t:|1783559334\n|move|p1a: Skuntank|Knock Off|p2a: Gumshoos\n|-damage|p2a: Gumshoos|54/100\n|-enditem|p2a: Gumshoos|Choice Band|[from] move: Knock Off|[of] p1a: Skuntank\n|-damage|p1a: Skuntank|248/310|[from] item: Life Orb\n|move|p2a: Gumshoos|Earthquake|p1a: Skuntank\n|-supereffective|p1a: Skuntank\n|-damage|p1a: Skuntank|0 fnt\n|faint|p1a: Skuntank\n|\n|upkeep\n|inactive|Time left: 300 sec this turn | 300 sec total | 5 sec grace\n|\n|t:|1783559335\n|switch|p1a: Kyogre|Kyogre, L71|259/259\n|-weather|RainDance|[from] ability: Drizzle|[of] p1a: Kyogre\n|turn|5\n|inactive|Time left: 300 sec this turn | 300 sec total\n|\n|t:|1783559336\n|move|p1a: Kyogre|Origin Pulse|p2a: Gumshoos\n|-crit|p2a: Gumshoos\n|-damage|p2a: Gumshoos|0 fnt\n|faint|p2a: Gumshoos\n|\n|-weather|RainDance|[upkeep]\n|upkeep\n|\n|t:|1783559337\n|switch|p2a: Banette|Banette, L93, M|100/100\n|turn|6\n|inactive|Time left: 300 sec this turn | 300 sec total\n|\n|t:|1783559338\n|move|p2a: Banette|Poltergeist|p1a: Kyogre\n|-activate|p1a: Kyogre|move: Poltergeist|Leftovers\n|-damage|p1a: Kyogre|28/259\n|-damage|p2a: Banette|90/100|[from] item: Life Orb\n|move|p1a: Kyogre|Origin Pulse|p2a: Banette\n|-damage|p2a: Banette|17/100\n|\n|-weather|RainDance|[upkeep]\n|-heal|p1a: Kyogre|44/259|[from] item: Leftovers\n|upkeep\n|turn|7\n|inactive|Time left: 300 sec this turn | 300 sec total\n|\n|t:|1783559339\n|switch|p1a: Oinkologne|Oinkologne, L92, M|352/352\n|move|p2a: Banette|Poltergeist|p1a: Oinkologne\n|-immune|p1a: Oinkologne\n|\n|-weather|RainDance|[upkeep]\n|upkeep\n|turn|8\n|inactive|Time left: 300 sec this turn | 300 sec total\n|\n|t:|1783559340\n|move|p2a: Banette|Gunk Shot|p1a: Oinkologne\n|-damage|p1a: Oinkologne|204/352\n|-status|p1a: Oinkologne|psn\n|-damage|p2a: Banette|7/100|[from] item: Life Orb\n|move|p1a: Oinkologne|Lash Out|p2a: Banette\n|-supereffective|p2a: Banette\n|-damage|p2a: Banette|0 fnt\n|faint|p2a: Banette\n|\n|-weather|RainDance|[upkeep]\n|-heal|p1a: Oinkologne|226/352 psn|[from] item: Leftovers\n|-damage|p1a: Oinkologne|182/352 psn|[from] psn\n|upkeep\n|\n|t:|1783559341\n|switch|p2a: Cramorant|Cramorant, L86, F|100/100\n|turn|9\n|inactive|Time left: 300 sec this turn | 300 sec total\n|\n|t:|1783559342\n|move|p2a: Cramorant|Surf|p1a: Oinkologne\n|-formechange|p2a: Cramorant|Cramorant-Gulping|\n|-damage|p1a: Oinkologne|50/352 psn\n|move|p1a: Oinkologne|Body Slam|p2a: Cramorant\n|-crit|p2a: Cramorant\n|-damage|p2a: Cramorant|15/100\n|-damage|p1a: Oinkologne|0 fnt|[from] ability: Gulp Missile|[of] p2a: Cramorant\n|-formechange|p2a: Cramorant|Cramorant|\n|faint|p1a: Oinkologne\n|\n|-weather|none\n|upkeep\n|inactive|Time left: 300 sec this turn | 300 sec total | 5 sec grace\n|\n|t:|1783559343\n|switch|p1a: Azelf|Azelf, L82|257/257\n|turn|10\n|inactive|Time left: 300 sec this turn | 300 sec total\n|\n|t:|1783559344\n|switch|p2a: Dialga|Dialga-Origin, L73|100/100\n|-ability|p2a: Dialga|Pressure\n|move|p1a: Azelf|Knock Off|p2a: Dialga\n|-damage|p2a: Dialga|78/100\n|-damage|p1a: Azelf|232/257|[from] item: Life Orb\n|\n|upkeep\n|turn|11\n|inactive|Time left: 300 sec this turn | 300 sec total\n|\n|t:|1783559345\n|move|p1a: Azelf|Fire Blast|p2a: Dialga\n|-damage|p2a: Dialga|37/100\n|-damage|p1a: Azelf|207/257|[from] item: Life Orb\n|move|p2a: Dialga|Draco Meteor|p1a: Azelf\n|-crit|p1a: Azelf\n|-damage|p1a: Azelf|0 fnt\n|-unboost|p2a: Dialga|spa|2\n|faint|p1a: Azelf\n|\n|upkeep\n|inactive|Time left: 300 sec this turn | 300 sec total | 5 sec grace\n|\n|t:|1783559346\n|switch|p1a: Wigglytuff|Wigglytuff, L96, F|424/424\n|turn|12\n|inactive|Time left: 300 sec this turn | 300 sec total\n|\n|t:|1783559347\n|switch|p2a: Venomoth|Venomoth, L84, M|100/100\n|move|p1a: Wigglytuff|Alluring Voice|p2a: Venomoth\n|-resisted|p2a: Venomoth\n|-damage|p2a: Venomoth|80/100\n|\n|upkeep\n|turn|13\n|inactive|Time left: 300 sec this turn | 300 sec total\n|\n|t:|1783559348\n|move|p2a: Venomoth|Quiver Dance|p2a: Venomoth\n|-boost|p2a: Venomoth|spa|1\n|-boost|p2a: Venomoth|spd|1\n|-boost|p2a: Venomoth|spe|1\n|move|p1a: Wigglytuff|Thunder Wave|p2a: Venomoth\n|-status|p2a: Venomoth|par\n|\n|upkeep\n|turn|14\n|inactive|Time left: 300 sec this turn | 300 sec total\n|\n|t:|1783559349\n|switch|p1a: Kyogre|Kyogre, L71|44/259\n|-weather|RainDance|[from] ability: Drizzle|[of] p1a: Kyogre\n|move|p2a: Venomoth|Quiver Dance|p2a: Venomoth\n|-boost|p2a: Venomoth|spa|1\n|-boost|p2a: Venomoth|spd|1\n|-boost|p2a: Venomoth|spe|1\n|\n|-weather|RainDance|[upkeep]\n|-heal|p1a: Kyogre|60/259|[from] item: Leftovers\n|upkeep\n|turn|15\n|inactive|Time left: 300 sec this turn | 300 sec total\n|\n|t:|1783559350\n|switch|p1a: Dondozo|Dondozo, L78, F|362/362\n|move|p2a: Venomoth|Bug Buzz|p1a: Dondozo\n|-damage|p1a: Dondozo|233/362\n|\n|-weather|RainDance|[upkeep]\n|-heal|p1a: Dondozo|255/362|[from] item: Leftovers\n|upkeep\n|turn|16\n|inactive|Time left: 300 sec this turn | 300 sec total\n|\n|t:|1783559351\n|-terastallize|p2a: Venomoth|Water\n|move|p2a: Venomoth|Sludge Wave|p1a: Dondozo\n|-damage|p1a: Dondozo|125/362\n|move|p1a: Dondozo|Wave Crash|p2a: Venomoth\n|-resisted|p2a: Venomoth\n|-damage|p2a: Venomoth|36/100 par\n|-damage|p1a: Dondozo|87/362|[from] Recoil\n|\n|-weather|RainDance|[upkeep]\n|-heal|p1a: Dondozo|109/362|[from] item: Leftovers\n|upkeep\n|turn|17\n|inactive|Time left: 300 sec this turn | 300 sec total\n|\n|t:|1783559353\n|move|p2a: Venomoth|Sludge Wave|p1a: Dondozo\n|-crit|p1a: Dondozo\n|-damage|p1a: Dondozo|0 fnt\n|faint|p1a: Dondozo\n|\n|-weather|RainDance|[upkeep]\n|upkeep\n|inactive|Time left: 300 sec this turn | 300 sec total | 5 sec grace\n|\n|t:|1783559353\n|switch|p1a: Wigglytuff|Wigglytuff, L96, F|424/424\n|turn|18\n|inactive|Time left: 300 sec this turn | 300 sec total\n|\n|t:|1783559355\n|-terastallize|p1a: Wigglytuff|Poison\n|move|p2a: Venomoth|Sleep Powder|p1a: Wigglytuff\n|-status|p1a: Wigglytuff|slp|[from] move: Sleep Powder\n|cant|p1a: Wigglytuff|slp\n|\n|-weather|none\n|upkeep\n|turn|19\n|inactive|Time left: 300 sec this turn | 300 sec total\n|\n|t:|1783559356\n|move|p2a: Venomoth|Sludge Wave|p1a: Wigglytuff\n|-resisted|p1a: Wigglytuff\n|-damage|p1a: Wigglytuff|160/424 slp\n|cant|p1a: Wigglytuff|slp\n|\n|-heal|p1a: Wigglytuff|186/424 slp|[from] item: Leftovers\n|upkeep\n|turn|20\n|inactive|Time left: 300 sec this turn | 300 sec total\n|\n|t:|1783559357\n|-curestatus|p1a: Wigglytuff|slp|[msg]\n|move|p1a: Wigglytuff|Protect|p1a: Wigglytuff\n|-singleturn|p1a: Wigglytuff|Protect\n|move|p2a: Venomoth|Bug Buzz|p1a: Wigglytuff\n|-activate|p1a: Wigglytuff|move: Protect\n|\n|-heal|p1a: Wigglytuff|212/424|[from] item: Leftovers\n|upkeep\n|turn|21\n|inactive|Time left: 300 sec this turn | 300 sec total\n|\n|t:|1783559358\n|move|p1a: Wigglytuff|Protect|p1a: Wigglytuff\n|-singleturn|p1a: Wigglytuff|Protect\n|move|p2a: Venomoth|Sludge Wave|p1a: Wigglytuff\n|-activate|p1a: Wigglytuff|move: Protect\n|\n|-heal|p1a: Wigglytuff|238/424|[from] item: Leftovers\n|upkeep\n|turn|22\n|inactive|Time left: 300 sec this turn | 300 sec total\n|\n|t:|1783559359\n|cant|p2a: Venomoth|par\n|move|p1a: Wigglytuff|Alluring Voice|p2a: Venomoth\n|-damage|p2a: Venomoth|13/100 par\n|\n|-heal|p1a: Wigglytuff|264/424|[from] item: Leftovers\n|upkeep\n|turn|23\n|inactive|Time left: 300 sec this turn | 300 sec total\n|\n|t:|1783559361\n|move|p2a: Venomoth|Sludge Wave|p1a: Wigglytuff\n|-resisted|p1a: Wigglytuff\n|-damage|p1a: Wigglytuff|6/424\n|move|p1a: Wigglytuff|Alluring Voice|p2a: Venomoth\n|-damage|p2a: Venomoth|0 fnt\n|faint|p2a: Venomoth\n|\n|-heal|p1a: Wigglytuff|32/424|[from] item: Leftovers\n|upkeep\n|\n|t:|1783559362\n|switch|p2a: Cramorant|Cramorant, L86, F|15/100\n|turn|24\n|inactive|Time left: 300 sec this turn | 300 sec total\n|\n|t:|1783559363\n|move|p1a: Wigglytuff|Protect|p1a: Wigglytuff\n|-singleturn|p1a: Wigglytuff|Protect\n|move|p2a: Cramorant|Surf|p1a: Wigglytuff\n|-activate|p1a: Wigglytuff|move: Protect\n|\n|-heal|p1a: Wigglytuff|58/424|[from] item: Leftovers\n|upkeep\n|turn|25\n|inactive|Time left: 300 sec this turn | 300 sec total\n|\n|t:|1783559364\n|move|p1a: Wigglytuff|Protect||[still]\n|-fail|p1a: Wigglytuff\n|move|p2a: Cramorant|Brave Bird|p1a: Wigglytuff\n|-damage|p1a: Wigglytuff|0 fnt\n|faint|p1a: Wigglytuff\n|-damage|p2a: Cramorant|8/100|[from] Recoil\n|\n|upkeep\n|inactive|Time left: 300 sec this turn | 300 sec total | 5 sec grace\n|\n|t:|1783559365\n|switch|p1a: Kyogre|Kyogre, L71|60/259\n|-weather|RainDance|[from] ability: Drizzle|[of] p1a: Kyogre\n|turn|26\n|inactive|Time left: 300 sec this turn | 300 sec total\n|\n|t:|1783559366\n|move|p2a: Cramorant|Brave Bird|p1a: Kyogre\n|-damage|p1a: Kyogre|0 fnt\n|faint|p1a: Kyogre\n|-damage|p2a: Cramorant|0 fnt|[from] Recoil\n|faint|p2a: Cramorant\n|\n|win|p0y1736c4ae", "uploadtime": 1783559366, "views": 0, "rating": 0, "private": 0, "password": null, "_winner": "p0y1736c4ae", "_our_name": "p0x1736807c"}