{"id": "battle-gen9randombattle-2664", "formatid": "gen9randombattle", "format": "[Gen 9] Random Battle", "players": ["p0x266468b3", "p0y26643228"], "log": "|init|battle\n|title|p0x266468b3 vs. p0y26643228\n|j|\u2606p0x266468b3\n|j|\u2606p0y26643228\n|t:|1783569733\n|gametype|singles\n|player|p1|p0x266468b3|169|\n|player|p2|p0y26643228|169|\n|gen|9\n|tier|[Gen 9] Random Battle\n|rule|Species Clause: Limit one of each Pok\u00e9mon\n|rule|HP Percentage Mod: HP is shown in percentages\n|rule|Sleep Clause Mod: Limit one foe put to sleep\n|rule|Illusion Level Mod: Illusion disguises the Pok\u00e9mon's true level\n|\n|t:|1783569733\n|teamsize|p1|6\n|teamsize|p2|6\n|start\n|switch|p1a: Kingdra|Kingdra, L84, M|263/263\n|switch|p2a: Snorlax|Snorlax, L82, M|100/100\n|turn|1\n|inactive|Battle timer is ON: inactive players will automatically lose when time's up. (requested by p0y26643228)\n|inactive|Time left: 300 sec this turn | 300 sec total | 60 sec grace\n|inactive|p0x266468b3 also wants the timer to be on.\n|\n|t:|1783569734\n|switch|p1a: Armarouge|Armarouge, L80, F|267/267\n|move|p2a: Snorlax|Body Slam|p1a: Armarouge\n|-damage|p1a: Armarouge|173/267\n|-status|p1a: Armarouge|par\n|-ability|p1a: Armarouge|Weak Armor|boost\n|-unboost|p1a: Armarouge|def|1\n|-boost|p1a: Armarouge|spe|2\n|\n|upkeep\n|turn|2\n|inactive|Time left: 300 sec this turn | 300 sec total\n|\n|t:|1783569736\n|move|p1a: Armarouge|Meteor Beam||[still]\n|-prepare|p1a: Armarouge|Meteor Beam\n|-boost|p1a: Armarouge|spa|1\n|-enditem|p1a: Armarouge|Power Herb\n|-anim|p1a: Armarouge|Meteor Beam|p2a: Snorlax|[miss]\n|-miss|p1a: Armarouge|p2a: Snorlax\n|move|p2a: Snorlax|Body Slam|p1a: Armarouge\n|-damage|p1a: Armarouge|47/267 par\n|-ability|p1a: Armarouge|Weak Armor|boost\n|-unboost|p1a: Armarouge|def|1\n|-boost|p1a: Armarouge|spe|2\n|\n|upkeep\n|turn|3\n|inactive|Time left: 300 sec this turn | 300 sec total\n|\n|t:|1783569737\n|move|p1a: Armarouge|Psyshock|p2a: Snorlax\n|-damage|p2a: Snorlax|51/100\n|move|p2a: Snorlax|Body Slam|p1a: Armarouge\n|-damage|p1a: Armarouge|0 fnt\n|faint|p1a: Armarouge\n|\n|-heal|p2a: Snorlax|57/100|[from] item: Leftovers\n|upkeep\n|inactive|Time left: 300 sec this turn | 300 sec total | 5 sec grace\n|\n|t:|1783569737\n|switch|p1a: Enamorus|Enamorus-Therian, L83, F|259/259\n|turn|4\n|inactive|Time left: 300 sec this turn | 300 sec total\n|\n|t:|1783569739\n|move|p1a: Enamorus|Moonblast|p2a: Snorlax\n|-damage|p2a: Snorlax|29/100\n|move|p2a: Snorlax|Body Slam|p1a: Enamorus\n|-damage|p1a: Enamorus|180/259\n|\n|-heal|p2a: Snorlax|36/100|[from] item: Leftovers\n|upkeep\n|turn|5\n|inactive|Time left: 300 sec this turn | 300 sec total\n|\n|t:|1783569739\n|switch|p2a: Flareon|Flareon, L90, M|100/100\n|move|p1a: Enamorus|Moonblast|p2a: Flareon\n|-resisted|p2a: Flareon\n|-damage|p2a: Flareon|80/100\n|\n|-status|p2a: Flareon|tox|[from] item: Toxic Orb\n|upkeep\n|turn|6\n|inactive|Time left: 300 sec this turn | 300 sec total\n|\n|t:|1783569740\n|move|p2a: Flareon|Flare Blitz|p1a: Enamorus\n|-damage|p1a: Enamorus|0 fnt\n|faint|p1a: Enamorus\n|-damage|p2a: Flareon|58/100 tox|[from] Recoil\n|\n|-damage|p2a: Flareon|52/100 tox|[from] psn\n|upkeep\n|inactive|Time left: 300 sec this turn | 300 sec total | 5 sec grace\n|\n|t:|1783569741\n|switch|p1a: Slowbro|Slowbro-Galar, L87, M|307/307\n|turn|7\n|inactive|Time left: 300 sec this turn | 300 sec total\n|\n|t:|1783569742\n|move|p2a: Flareon|Flare Blitz|p1a: Slowbro\n|-damage|p1a: Slowbro|33/307\n|-damage|p2a: Flareon|18/100 tox|[from] Recoil\n|move|p1a: Slowbro|Earthquake|p2a: Flareon\n|-supereffective|p2a: Flareon\n|-damage|p2a: Flareon|0 fnt\n|faint|p2a: Flareon\n|\n|upkeep\n|\n|t:|1783569743\n|switch|p2a: Swampert|Swampert, L83, F|100/100\n|turn|8\n|inactive|Time left: 300 sec this turn | 300 sec total\n|\n|t:|1783569744\n|switch|p1a: Clawitzer|Clawitzer, L87, F|265/265\n|move|p2a: Swampert|Earthquake|p1a: Clawitzer\n|-damage|p1a: Clawitzer|156/265\n|\n|upkeep\n|turn|9\n|inactive|Time left: 300 sec this turn | 300 sec total\n|\n|t:|1783569745\n|move|p1a: Clawitzer|Dark Pulse|p2a: Swampert\n|-damage|p2a: Swampert|66/100\n|move|p2a: Swampert|Knock Off|p1a: Clawitzer\n|-damage|p1a: Clawitzer|86/265\n|-enditem|p1a: Clawitzer|Assault Vest|[from] move: Knock Off|[of] p2a: Swampert\n|\n|-heal|p2a: Swampert|72/100|[from] item: Leftovers\n|upkeep\n|turn|10\n|inactive|Time left: 300 sec this turn | 300 sec total\n|\n|t:|1783569746\n|move|p1a: Clawitzer|Dark Pulse|p2a: Swampert\n|-damage|p2a: Swampert|38/100\n|move|p2a: Swampert|Earthquake|p1a: Clawitzer\n|-damage|p1a: Clawitzer|0 fnt\n|faint|p1a: Clawitzer\n|\n|-heal|p2a: Swampert|44/100|[from] item: Leftovers\n|upkeep\n|inactive|Time left: 300 sec this turn | 300 sec total | 5 sec grace\n|\n|t:|1783569747\n|switch|p1a: Kingdra|Kingdra, L84, M|263/263\n|turn|11\n|inactive|Time left: 300 sec this turn | 300 sec total\n|\n|t:|1783569748\n|move|p1a: Kingdra|Wave Crash|p2a: Swampert\n|-damage|p2a: Swampert|0 fnt\n|faint|p2a: Swampert\n|-damage|p1a: Kingdra|220/263|[from] Recoil\n|-damage|p1a: Kingdra|194/263|[from] item: Life Orb\n|\n|upkeep\n|\n|t:|1783569748\n|switch|p2a: Oinkologne|Oinkologne-F, L92, F|100/100\n|turn|12\n|inactive|Time left: 300 sec this turn | 300 sec total\n|\n|t:|1783569749\n|switch|p1a: Regigigas|Regigigas, L84|322/322\n|-start|p1a: Regigigas|ability: Slow Start\n|move|p2a: Oinkologne|Body Slam|p1a: Regigigas\n|-damage|p1a: Regigigas|240/322\n|\n|-heal|p1a: Regigigas|260/322|[from] item: Leftovers\n|upkeep\n|turn|13\n|inactive|Time left: 300 sec this turn | 300 sec total\n|\n|t:|1783569750\n|move|p2a: Oinkologne|Body Slam|p1a: Regigigas\n|-damage|p1a: Regigigas|170/322\n|move|p1a: Regigigas|Body Slam|p2a: Oinkologne\n|-damage|p2a: Oinkologne|80/100\n|-status|p2a: Oinkologne|par\n|\n|-heal|p1a: Regigigas|190/322|[from] item: Leftovers\n|-heal|p2a: Oinkologne|86/100 par|[from] item: Leftovers\n|upkeep\n|turn|14\n|inactive|Time left: 300 sec this turn | 300 sec total\n|\n|t:|1783569751\n|move|p1a: Regigigas|Knock Off|p2a: Oinkologne\n|-damage|p2a: Oinkologne|70/100 par\n|-enditem|p2a: Oinkologne|Leftovers|[from] move: Knock Off|[of] p1a: Regigigas\n|move|p2a: Oinkologne|Curse|p2a: Oinkologne\n|-unboost|p2a: Oinkologne|spe|1\n|-boost|p2a: Oinkologne|atk|1\n|-boost|p2a: Oinkologne|def|1\n|\n|-heal|p1a: Regigigas|210/322|[from] item: Leftovers\n|upkeep\n|turn|15\n|inactive|Time left: 300 sec this turn | 300 sec total\n|\n|t:|1783569752\n|move|p1a: Regigigas|Body Slam|p2a: Oinkologne\n|-damage|p2a: Oinkologne|56/100 par\n|cant|p2a: Oinkologne|par\n|\n|-heal|p1a: Regigigas|230/322|[from] item: Leftovers\n|upkeep\n|turn|16\n|inactive|Time left: 300 sec this turn | 300 sec total\n|\n|t:|1783569753\n|move|p1a: Regigigas|Body Slam|p2a: Oinkologne\n|-damage|p2a: Oinkologne|42/100 par\n|move|p2a: Oinkologne|Body Slam|p1a: Regigigas\n|-damage|p1a: Regigigas|109/322\n|-status|p1a: Regigigas|par\n|\n|-heal|p1a: Regigigas|129/322 par|[from] item: Leftovers\n|upkeep\n|turn|17\n|inactive|Time left: 300 sec this turn | 300 sec total\n|\n|t:|1783569754\n|move|p2a: Oinkologne|Body Slam|p1a: Regigigas\n|-damage|p1a: Regigigas|8/322 par\n|move|p1a: Regigigas|Rest|p1a: Regigigas\n|-status|p1a: Regigigas|slp|[from] move: Rest\n|-heal|p1a: Regigigas|322/322 slp|[silent]\n|\n|-end|p1a: Regigigas|Slow Start\n|upkeep\n|turn|18\n|inactive|Time left: 300 sec this turn | 300 sec total\n|\n|t:|1783569755\n|cant|p1a: Regigigas|slp\n|move|p1a: Regigigas|Sleep Talk|p1a: Regigigas\n|move|p1a: Regigigas|Rest||[from] move: Sleep Talk|[still]\n|-fail|p1a: Regigigas\n|move|p2a: Oinkologne|High Horsepower|p1a: Regigigas\n|-damage|p1a: Regigigas|231/322 slp\n|\n|-heal|p1a: Regigigas|251/322 slp|[from] item: Leftovers\n|upkeep\n|turn|19\n|inactive|Time left: 300 sec this turn | 300 sec total\n|\n|t:|1783569756\n|cant|p1a: Regigigas|slp\n|move|p1a: Regigigas|Sleep Talk|p1a: Regigigas\n|move|p1a: Regigigas|Knock Off|p2a: Oinkologne|[from] move: Sleep Talk\n|-damage|p2a: Oinkologne|29/100 par\n|move|p2a: Oinkologne|High Horsepower|p1a: Regigigas\n|-damage|p1a: Regigigas|163/322 slp\n|\n|-heal|p1a: Regigigas|183/322 slp|[from] item: Leftovers\n|upkeep\n|turn|20\n|inactive|Time left: 300 sec this turn | 300 sec total\n|\n|t:|1783569757\n|-curestatus|p1a: Regigigas|slp|[msg]\n|move|p1a: Regigigas|Body Slam|p2a: Oinkologne\n|-damage|p2a: Oinkologne|0 fnt\n|faint|p2a: Oinkologne\n|\n|-heal|p1a: Regigigas|203/322|[from] item: Leftovers\n|upkeep\n|\n|t:|1783569758\n|switch|p2a: Corviknight|Corviknight, L80, M|100/100\n|turn|21\n|inactive|Time left: 300 sec this turn | 300 sec total\n|\n|t:|1783569759\n|move|p1a: Regigigas|Knock Off|p2a: Corviknight\n|-damage|p2a: Corviknight|65/100\n|-enditem|p2a: Corviknight|Leftovers|[from] move: Knock Off|[of] p1a: Regigigas\n|move|p2a: Corviknight|Brave Bird|p1a: Regigigas\n|-damage|p1a: Regigigas|104/322\n|-damage|p2a: Corviknight|54/100|[from] Recoil\n|\n|-heal|p1a: Regigigas|124/322|[from] item: Leftovers\n|upkeep\n|turn|22\n|inactive|Time left: 300 sec this turn | 300 sec total\n|\n|t:|1783569760\n|move|p1a: Regigigas|Body Slam|p2a: Corviknight\n|-resisted|p2a: Corviknight\n|-damage|p2a: Corviknight|31/100\n|move|p2a: Corviknight|Roost|p2a: Corviknight\n|-heal|p2a: Corviknight|81/100\n|-singleturn|p2a: Corviknight|move: Roost\n|\n|-heal|p1a: Regigigas|144/322|[from] item: Leftovers\n|upkeep\n|turn|23\n|inactive|Time left: 300 sec this turn | 300 sec total\n|\n|t:|1783569761\n|move|p1a: Regigigas|Body Slam|p2a: Corviknight\n|-resisted|p2a: Corviknight\n|-damage|p2a: Corviknight|60/100\n|-status|p2a: Corviknight|par\n|cant|p2a: Corviknight|par\n|\n|-heal|p1a: Regigigas|164/322|[from] item: Leftovers\n|upkeep\n|turn|24\n|inactive|Time left: 300 sec this turn | 300 sec total\n|\n|t:|1783569762\n|move|p1a: Regigigas|Body Slam|p2a: Corviknight\n|-resisted|p2a: Corviknight\n|-damage|p2a: Corviknight|39/100 par\n|move|p2a: Corviknight|Roost|p2a: Corviknight\n|-heal|p2a: Corviknight|89/100 par\n|-singleturn|p2a: Corviknight|move: Roost\n|\n|-heal|p1a: Regigigas|184/322|[from] item: Leftovers\n|upkeep\n|turn|25\n|inactive|Time left: 300 sec this turn | 300 sec total\n|\n|t:|1783569763\n|move|p1a: Regigigas|Knock Off|p2a: Corviknight\n|-damage|p2a: Corviknight|68/100 par\n|move|p2a: Corviknight|Roost|p2a: Corviknight\n|-heal|p2a: Corviknight|100/100 par\n|-singleturn|p2a: Corviknight|move: Roost\n|\n|-heal|p1a: Regigigas|204/322|[from] item: Leftovers\n|upkeep\n|turn|26\n|inactive|Time left: 300 sec this turn | 300 sec total\n|\n|t:|1783569764\n|move|p1a: Regigigas|Body Slam|p2a: Corviknight\n|-resisted|p2a: Corviknight\n|-damage|p2a: Corviknight|80/100 par\n|cant|p2a: Corviknight|par\n|\n|-heal|p1a: Regigigas|224/322|[from] item: Leftovers\n|upkeep\n|turn|27\n|inactive|Time left: 300 sec this turn | 300 sec total\n|\n|t:|1783569765\n|move|p1a: Regigigas|Body Slam|p2a: Corviknight\n|-resisted|p2a: Corviknight\n|-damage|p2a: Corviknight|60/100 par\n|move|p2a: Corviknight|Roost|p2a: Corviknight\n|-heal|p2a: Corviknight|100/100 par\n|-singleturn|p2a: Corviknight|move: Roost\n|\n|-heal|p1a: Regigigas|244/322|[from] item: Leftovers\n|upkeep\n|turn|28\n|inactive|Time left: 300 sec this turn | 300 sec total\n|\n|t:|1783569766\n|move|p1a: Regigigas|Body Slam|p2a: Corviknight\n|-resisted|p2a: Corviknight\n|-damage|p2a: Corviknight|79/100 par\n|move|p2a: Corviknight|Brave Bird|p1a: Regigigas\n|-damage|p1a: Regigigas|153/322\n|-damage|p2a: Corviknight|69/100 par|[from] Recoil\n|\n|-heal|p1a: Regigigas|173/322|[from] item: Leftovers\n|upkeep\n|turn|29\n|inactive|Time left: 300 sec this turn | 300 sec total\n|\n|t:|1783569767\n|move|p1a: Regigigas|Body Slam|p2a: Corviknight\n|-resisted|p2a: Corviknight\n|-crit|p2a: Corviknight\n|-damage|p2a: Corviknight|36/100 par\n|move|p2a: Corviknight|Roost|p2a: Corviknight\n|-heal|p2a: Corviknight|86/100 par\n|-singleturn|p2a: Corviknight|move: Roost\n|\n|-heal|p1a: Regigigas|193/322|[from] item: Leftovers\n|upkeep\n|turn|30\n|inactive|Time left: 300 sec this turn | 300 sec total\n|\n|t:|1783569768\n|move|p1a: Regigigas|Knock Off|p2a: Corviknight\n|-damage|p2a: Corviknight|65/100 par\n|move|p2a: Corviknight|Roost|p2a: Corviknight\n|-heal|p2a: Corviknight|100/100 par\n|-singleturn|p2a: Corviknight|move: Roost\n|\n|-heal|p1a: Regigigas|213/322|[from] item: Leftovers\n|upkeep\n|turn|31\n|inactive|Time left: 300 sec this turn | 300 sec total\n|\n|t:|1783569769\n|move|p1a: Regigigas|Knock Off|p2a: Corviknight\n|-damage|p2a: Corviknight|78/100 par\n|move|p2a: Corviknight|Brave Bird|p1a: Regigigas\n|-damage|p1a: Regigigas|128/322\n|-damage|p2a: Corviknight|68/100 par|[from] Recoil\n|\n|-heal|p1a: Regigigas|148/322|[from] item: Leftovers\n|upkeep\n|turn|32\n|inactive|Time left: 300 sec this turn | 300 sec total\n|\n|t:|1783569770\n|move|p1a: Regigigas|Body Slam|p2a: Corviknight\n|-resisted|p2a: Corviknight\n|-damage|p2a: Corviknight|48/100 par\n|move|p2a: Corviknight|Roost|p2a: Corviknight\n|-heal|p2a: Corviknight|98/100 par\n|-singleturn|p2a: Corviknight|move: Roost\n|\n|-heal|p1a: Regigigas|168/322|[from] item: Leftovers\n|upkeep\n|turn|33\n|inactive|Time left: 300 sec this turn | 300 sec total\n|\n|t:|1783569771\n|move|p1a: Regigigas|Knock Off|p2a: Corviknight\n|-damage|p2a: Corviknight|77/100 par\n|cant|p2a: Corviknight|par\n|\n|-heal|p1a: Regigigas|188/322|[from] item: Leftovers\n|upkeep\n|turn|34\n|inactive|Time left: 300 sec this turn | 300 sec total\n|\n|t:|1783569772\n|move|p1a: Regigigas|Body Slam|p2a: Corviknight\n|-resisted|p2a: Corviknight\n|-damage|p2a: Corviknight|56/100 par\n|move|p2a: Corviknight|Roost|p2a: Corviknight\n|-heal|p2a: Corviknight|100/100 par\n|-singleturn|p2a: Corviknight|move: Roost\n|\n|-heal|p1a: Regigigas|208/322|[from] item: Leftovers\n|upkeep\n|turn|35\n|inactive|Time left: 300 sec this turn | 300 sec total\n|\n|t:|1783569773\n|move|p1a: Regigigas|Body Slam|p2a: Corviknight\n|-resisted|p2a: Corviknight\n|-damage|p2a: Corviknight|78/100 par\n|move|p2a: Corviknight|Brave Bird|p1a: Regigigas\n|-damage|p1a: Regigigas|115/322\n|-damage|p2a: Corviknight|68/100 par|[from] Recoil\n|\n|-heal|p1a: Regigigas|135/322|[from] item: Leftovers\n|upkeep\n|turn|36\n|inactive|Time left: 300 sec this turn | 300 sec total\n|\n|t:|1783569774\n|move|p1a: Regigigas|Body Slam|p2a: Corviknight\n|-resisted|p2a: Corviknight\n|-damage|p2a: Corviknight|47/100 par\n|cant|p2a: Corviknight|par\n|\n|-heal|p1a: Regigigas|155/322|[from] item: Leftovers\n|upkeep\n|turn|37\n|inactive|Time left: 300 sec this turn | 300 sec total\n|\n|t:|1783569775\n|move|p1a: Regigigas|Body Slam|p2a: Corviknight\n|-resisted|p2a: Corviknight\n|-damage|p2a: Corviknight|28/100 par\n|cant|p2a: Corviknight|par\n|\n|-heal|p1a: Regigigas|175/322|[from] item: Leftovers\n|upkeep\n|turn|38\n|inactive|Time left: 300 sec this turn | 300 sec total\n|\n|t:|1783569776\n|move|p1a: Regigigas|Body Slam|p2a: Corviknight\n|-resisted|p2a: Corviknight\n|-damage|p2a: Corviknight|7/100 par\n|move|p2a: Corviknight|U-turn|p1a: Regigigas\n|-damage|p1a: Regigigas|139/322\n|\n|t:|1783569776\n|switch|p2a: Walking Wake|Walking Wake, L79|100/100|[from] U-turn\n|\n|-heal|p1a: Regigigas|159/322|[from] item: Leftovers\n|upkeep\n|turn|39\n|inactive|Time left: 300 sec this turn | 300 sec total\n|\n|t:|1783569777\n|move|p2a: Walking Wake|Draco Meteor|p1a: Regigigas\n|-damage|p1a: Regigigas|0 fnt\n|-unboost|p2a: Walking Wake|spa|2\n|faint|p1a: Regigigas\n|-end|p1a: Regigigas|Slow Start|[silent]\n|-damage|p2a: Walking Wake|91/100|[from] item: Life Orb\n|\n|upkeep\n|inactive|Time left: 300 sec this turn | 300 sec total | 5 sec grace\n|\n|t:|1783569778\n|switch|p1a: Slowbro|Slowbro-Galar, L87, M|135/307\n|turn|40\n|inactive|Time left: 300 sec this turn | 300 sec total\n|\n|t:|1783569779\n|-end|p2a: Walking Wake|Protosynthesis|[silent]\n|switch|p2a: Corviknight|Corviknight, L80, M|7/100 par\n|move|p1a: Slowbro|Psychic|p2a: Corviknight\n|-resisted|p2a: Corviknight\n|-damage|p2a: Corviknight|0 fnt\n|faint|p2a: Corviknight\n|\n|upkeep\n|\n|t:|1783569780\n|switch|p2a: Walking Wake|Walking Wake, L79|91/100\n|turn|41\n|inactive|Time left: 300 sec this turn | 300 sec total\n|\n|t:|1783569781\n|switch|p1a: Kingdra|Kingdra, L84, M|194/263\n|move|p2a: Walking Wake|Draco Meteor|p1a: Kingdra\n|-supereffective|p1a: Kingdra\n|-damage|p1a: Kingdra|0 fnt\n|-unboost|p2a: Walking Wake|spa|2\n|faint|p1a: Kingdra\n|-damage|p2a: Walking Wake|81/100|[from] item: Life Orb\n|\n|upkeep\n|inactive|Time left: 300 sec this turn | 300 sec total | 5 sec grace\n|\n|t:|1783569782\n|switch|p1a: Slowbro|Slowbro-Galar, L87, M|237/307\n|turn|42\n|inactive|Time left: 300 sec this turn | 300 sec total\n|\n|t:|1783569783\n|-end|p2a: Walking Wake|Protosynthesis|[silent]\n|switch|p2a: Snorlax|Snorlax, L82, M|36/100\n|move|p1a: Slowbro|Earthquake|p2a: Snorlax\n|-damage|p2a: Snorlax|11/100\n|\n|-heal|p2a: Snorlax|17/100|[from] item: Leftovers\n|upkeep\n|turn|43\n|inactive|Time left: 300 sec this turn | 300 sec total\n|\n|t:|1783569784\n|-terastallize|p2a: Snorlax|Fairy\n|move|p1a: Slowbro|Shell Side Arm|p2a: Snorlax|[anim] Shell Side Arm Physical\n|-supereffective|p2a: Snorlax\n|-damage|p2a: Snorlax|0 fnt\n|-hint|Physical Shell Side Arm\n|faint|p2a: Snorlax\n|\n|upkeep\n|\n|t:|1783569785\n|switch|p2a: Walking Wake|Walking Wake, L79|81/100\n|turn|44\n|inactive|Time left: 300 sec this turn | 300 sec total\n|\n|t:|1783569785\n|move|p2a: Walking Wake|Hydro Steam|p1a: Slowbro\n|-damage|p1a: Slowbro|150/307\n|-damage|p2a: Walking Wake|71/100|[from] item: Life Orb\n|move|p1a: Slowbro|Shell Side Arm|p2a: Walking Wake|[anim] Shell Side Arm Special\n|-damage|p2a: Walking Wake|28/100\n|-hint|Special Shell Side Arm\n|\n|upkeep\n|turn|45\n|inactive|Time left: 300 sec this turn | 300 sec total\n|\n|t:|1783569786\n|move|p2a: Walking Wake|Draco Meteor|p1a: Slowbro\n|-damage|p1a: Slowbro|10/307\n|-unboost|p2a: Walking Wake|spa|2\n|-damage|p2a: Walking Wake|18/100|[from] item: Life Orb\n|move|p1a: Slowbro|Shell Side Arm|p2a: Walking Wake|[anim] Shell Side Arm Special\n|-damage|p2a: Walking Wake|0 fnt\n|-hint|Special Shell Side Arm\n|faint|p2a: Walking Wake\n|-end|p2a: Walking Wake|Protosynthesis|[silent]\n|\n|win|p0x266468b3", "uploadtime": 1783569786, "views": 0, "rating": 0, "private": 0, "password": null, "_winner": "p0x266468b3", "_our_name": "p0x266468b3"}