{"id": "battle-gen9randombattle-2166", "formatid": "gen9randombattle", "format": "[Gen 9] Random Battle", "players": ["p0x21667cfe", "p0y21668af0"], "log": "|init|battle\n|title|p0x21667cfe vs. p0y21668af0\n|j|\u2606p0x21667cfe\n|j|\u2606p0y21668af0\n|t:|1783564236\n|gametype|singles\n|player|p1|p0x21667cfe|169|\n|player|p2|p0y21668af0|265|\n|gen|9\n|tier|[Gen 9] Random Battle\n|rule|Species Clause: Limit one of each Pok\u00e9mon\n|rule|HP Percentage Mod: HP is shown in percentages\n|rule|Sleep Clause Mod: Limit one foe put to sleep\n|rule|Illusion Level Mod: Illusion disguises the Pok\u00e9mon's true level\n|\n|t:|1783564236\n|teamsize|p1|6\n|teamsize|p2|6\n|start\n|switch|p1a: Altaria|Altaria, L89, M|100/100\n|switch|p2a: Stantler|Stantler, L92, F|284/284\n|-ability|p2a: Stantler|Intimidate|boost\n|-unboost|p1a: Altaria|atk|1\n|turn|1\n|inactive|Battle timer is ON: inactive players will automatically lose when time's up. (requested by p0x21667cfe)\n|inactive|Time left: 300 sec this turn | 300 sec total | 60 sec grace\n|inactive|p0y21668af0 also wants the timer to be on.\n|\n|t:|1783564237\n|switch|p1a: Crabominable|Crabominable, L90, M|100/100\n|move|p2a: Stantler|Calm Mind|p2a: Stantler\n|-boost|p2a: Stantler|spa|1\n|-boost|p2a: Stantler|spd|1\n|\n|upkeep\n|turn|2\n|inactive|Time left: 300 sec this turn | 300 sec total\n|\n|t:|1783564238\n|-terastallize|p2a: Stantler|Fairy\n|move|p2a: Stantler|Tera Blast|p1a: Crabominable|[anim] Tera Blast Fairy\n|-supereffective|p1a: Crabominable\n|-damage|p1a: Crabominable|0 fnt\n|faint|p1a: Crabominable\n|\n|upkeep\n|\n|t:|1783564239\n|switch|p1a: Gholdengo|Gholdengo, L77|100/100\n|turn|3\n|inactive|Time left: 300 sec this turn | 300 sec total\n|\n|t:|1783564240\n|move|p1a: Gholdengo|Make It Rain|p2a: Stantler\n|-supereffective|p2a: Stantler\n|-damage|p2a: Stantler|146/284\n|-unboost|p1a: Gholdengo|spa|1\n|move|p2a: Stantler|Earth Power|p1a: Gholdengo\n|-supereffective|p1a: Gholdengo\n|-damage|p1a: Gholdengo|17/100\n|\n|upkeep\n|turn|4\n|inactive|Time left: 300 sec this turn | 300 sec total\n|\n|t:|1783564241\n|move|p1a: Gholdengo|Make It Rain|p2a: Stantler\n|-supereffective|p2a: Stantler\n|-damage|p2a: Stantler|56/284\n|-unboost|p1a: Gholdengo|spa|1\n|move|p2a: Stantler|Tera Blast|p1a: Gholdengo|[anim] Tera Blast Fairy\n|-resisted|p1a: Gholdengo\n|-damage|p1a: Gholdengo|0 fnt\n|faint|p1a: Gholdengo\n|\n|upkeep\n|\n|t:|1783564242\n|switch|p1a: Dedenne|Dedenne, L88, M|100/100\n|turn|5\n|inactive|Time left: 300 sec this turn | 300 sec total\n|\n|t:|1783564243\n|move|p1a: Dedenne|Thunderbolt|p2a: Stantler\n|-damage|p2a: Stantler|10/284\n|move|p2a: Stantler|Earth Power|p1a: Dedenne\n|-supereffective|p1a: Dedenne\n|-damage|p1a: Dedenne|2/100\n|-enditem|p1a: Dedenne|Sitrus Berry|[eat]\n|-heal|p1a: Dedenne|27/100|[from] item: Sitrus Berry\n|-heal|p1a: Dedenne|60/100|[from] ability: Cheek Pouch\n|\n|upkeep\n|turn|6\n|inactive|Time left: 300 sec this turn | 300 sec total\n|\n|t:|1783564244\n|switch|p2a: Eelektross|Eelektross, L87, M|290/290\n|move|p1a: Dedenne|Thunderbolt|p2a: Eelektross\n|-resisted|p2a: Eelektross\n|-damage|p2a: Eelektross|239/290\n|\n|-heal|p2a: Eelektross|257/290|[from] item: Leftovers\n|upkeep\n|turn|7\n|inactive|Time left: 300 sec this turn | 300 sec total\n|\n|t:|1783564245\n|move|p1a: Dedenne|Super Fang|p2a: Eelektross\n|-damage|p2a: Eelektross|129/290\n|move|p2a: Eelektross|Coil|p2a: Eelektross\n|-boost|p2a: Eelektross|atk|1\n|-boost|p2a: Eelektross|def|1\n|-boost|p2a: Eelektross|accuracy|1\n|\n|-heal|p2a: Eelektross|147/290|[from] item: Leftovers\n|upkeep\n|turn|8\n|inactive|Time left: 300 sec this turn | 300 sec total\n|\n|t:|1783564246\n|move|p1a: Dedenne|Dazzling Gleam|p2a: Eelektross\n|-damage|p2a: Eelektross|60/290\n|move|p2a: Eelektross|Drain Punch|p1a: Dedenne\n|-resisted|p1a: Dedenne\n|-damage|p1a: Dedenne|36/100\n|-heal|p2a: Eelektross|92/290|[from] drain|[of] p1a: Dedenne\n|\n|-heal|p2a: Eelektross|110/290|[from] item: Leftovers\n|upkeep\n|turn|9\n|inactive|Time left: 300 sec this turn | 300 sec total\n|\n|t:|1783564247\n|move|p1a: Dedenne|Dazzling Gleam|p2a: Eelektross\n|-damage|p2a: Eelektross|26/290\n|move|p2a: Eelektross|Supercell Slam|p1a: Dedenne\n|-resisted|p1a: Dedenne\n|-damage|p1a: Dedenne|0 fnt\n|faint|p1a: Dedenne\n|\n|-heal|p2a: Eelektross|44/290|[from] item: Leftovers\n|upkeep\n|\n|t:|1783564248\n|switch|p1a: Mesprit|Mesprit, L85|100/100\n|turn|10\n|inactive|Time left: 300 sec this turn | 300 sec total\n|\n|t:|1783564249\n|switch|p2a: Stantler|Stantler, L92, F, tera:Fairy|10/284\n|-ability|p2a: Stantler|Intimidate|boost\n|-unboost|p1a: Mesprit|atk|1\n|move|p1a: Mesprit|Knock Off|p2a: Stantler\n|-resisted|p2a: Stantler\n|-damage|p2a: Stantler|0 fnt\n|-enditem|p2a: Stantler|Eviolite|[from] move: Knock Off|[of] p1a: Mesprit\n|faint|p2a: Stantler\n|\n|upkeep\n|inactive|Time left: 300 sec this turn | 300 sec total | 5 sec grace\n|\n|t:|1783564250\n|switch|p2a: Drednaw|Drednaw, L81, M|278/278\n|turn|11\n|inactive|Time left: 300 sec this turn | 300 sec total\n|\n|t:|1783564251\n|switch|p1a: Electrode|Electrode-Hisui, L87|100/100\n|move|p2a: Drednaw|Shell Smash|p2a: Drednaw\n|-unboost|p2a: Drednaw|def|1\n|-unboost|p2a: Drednaw|spd|1\n|-boost|p2a: Drednaw|atk|2\n|-boost|p2a: Drednaw|spa|2\n|-boost|p2a: Drednaw|spe|2\n|-enditem|p2a: Drednaw|White Herb\n|-clearnegativeboost|p2a: Drednaw|[silent]\n|\n|upkeep\n|turn|12\n|inactive|Time left: 300 sec this turn | 300 sec total\n|\n|t:|1783564252\n|move|p2a: Drednaw|Stone Edge|p1a: Electrode|[miss]\n|-miss|p2a: Drednaw|p1a: Electrode\n|move|p1a: Electrode|Giga Drain|p2a: Drednaw\n|-supereffective|p2a: Drednaw\n|-damage|p2a: Drednaw|0 fnt\n|faint|p2a: Drednaw\n|-damage|p1a: Electrode|91/100|[from] item: Life Orb\n|\n|upkeep\n|inactive|Time left: 300 sec this turn | 300 sec total | 5 sec grace\n|\n|t:|1783564253\n|switch|p2a: Mamoswine|Mamoswine, L81, F|311/311\n|turn|13\n|inactive|Time left: 300 sec this turn | 300 sec total\n|\n|t:|1783564254\n|switch|p2a: Shaymin|Shaymin-Sky, L73|266/266\n|-terastallize|p1a: Electrode|Grass\n|move|p1a: Electrode|Giga Drain|p2a: Shaymin\n|-resisted|p2a: Shaymin\n|-damage|p2a: Shaymin|222/266\n|-heal|p1a: Electrode|99/100|[from] drain|[of] p2a: Shaymin\n|-damage|p1a: Electrode|90/100|[from] item: Life Orb\n|\n|upkeep\n|turn|14\n|inactive|Time left: 300 sec this turn | 300 sec total\n|\n|t:|1783564255\n|move|p1a: Electrode|Volt Switch|p2a: Shaymin\n|-damage|p2a: Shaymin|108/266\n|-damage|p1a: Electrode|80/100|[from] item: Life Orb\n|\n|t:|1783564256\n|switch|p1a: Altaria|Altaria, L89, M|100/100|[from] Volt Switch\n|move|p2a: Shaymin|Air Slash|p1a: Altaria\n|-damage|p1a: Altaria|71/100\n|\n|upkeep\n|turn|15\n|inactive|Time left: 300 sec this turn | 300 sec total\n|\n|t:|1783564257\n|move|p2a: Shaymin|Air Slash|p1a: Altaria\n|-damage|p1a: Altaria|42/100\n|move|p1a: Altaria|Brave Bird|p2a: Shaymin\n|-supereffective|p2a: Shaymin\n|-damage|p2a: Shaymin|0 fnt\n|faint|p2a: Shaymin\n|-damage|p1a: Altaria|29/100|[from] Recoil\n|\n|upkeep\n|inactive|Time left: 300 sec this turn | 300 sec total | 5 sec grace\n|\n|t:|1783564258\n|switch|p2a: Mamoswine|Mamoswine, L81, F|311/311\n|turn|16\n|inactive|Time left: 300 sec this turn | 300 sec total\n|\n|t:|1783564259\n|move|p1a: Altaria|Brave Bird|p2a: Mamoswine\n|-damage|p2a: Mamoswine|190/311\n|-damage|p1a: Altaria|14/100|[from] Recoil\n|move|p2a: Mamoswine|Stealth Rock|p1a: Altaria\n|-sidestart|p1: p0x21667cfe|move: Stealth Rock\n|\n|upkeep\n|turn|17\n|inactive|Time left: 300 sec this turn | 300 sec total\n|\n|t:|1783564260\n|move|p2a: Mamoswine|Ice Shard|p1a: Altaria\n|-supereffective|p1a: Altaria\n|-damage|p1a: Altaria|0 fnt\n|faint|p1a: Altaria\n|-damage|p2a: Mamoswine|159/311|[from] item: Life Orb\n|\n|upkeep\n|\n|t:|1783564261\n|switch|p1a: Mesprit|Mesprit, L85|100/100\n|-damage|p1a: Mesprit|88/100|[from] Stealth Rock\n|turn|18\n|inactive|Time left: 300 sec this turn | 300 sec total\n|\n|t:|1783564262\n|move|p1a: Mesprit|Psychic Noise|p2a: Mamoswine\n|-damage|p2a: Mamoswine|33/311\n|-start|p2a: Mamoswine|move: Heal Block\n|move|p2a: Mamoswine|Icicle Crash|p1a: Mesprit\n|-damage|p1a: Mesprit|45/100\n|-damage|p2a: Mamoswine|2/311|[from] item: Life Orb\n|\n|-heal|p1a: Mesprit|51/100|[from] item: Leftovers\n|upkeep\n|turn|19\n|inactive|Time left: 300 sec this turn | 300 sec total\n|\n|t:|1783564264\n|move|p2a: Mamoswine|Ice Shard|p1a: Mesprit\n|-damage|p1a: Mesprit|30/100\n|-damage|p2a: Mamoswine|0 fnt|[from] item: Life Orb\n|faint|p2a: Mamoswine\n|move|p1a: Mesprit|Stealth Rock|p2: Mamoswine\n|-sidestart|p2: p0y21668af0|move: Stealth Rock\n|\n|-heal|p1a: Mesprit|36/100|[from] item: Leftovers\n|upkeep\n|inactive|Time left: 300 sec this turn | 300 sec total | 5 sec grace\n|\n|t:|1783564265\n|switch|p2a: Inteleon|Inteleon, L81, F|246/246\n|-damage|p2a: Inteleon|216/246|[from] Stealth Rock\n|turn|20\n|inactive|Time left: 300 sec this turn | 300 sec total\n|\n|t:|1783564266\n|move|p2a: Inteleon|Ice Beam|p1a: Mesprit\n|-damage|p1a: Mesprit|4/100\n|move|p1a: Mesprit|U-turn|p2a: Inteleon\n|-damage|p2a: Inteleon|149/246\n|\n|t:|1783564267\n|switch|p1a: Electrode|Electrode-Hisui, L87, tera:Grass|80/100|[from] U-turn\n|-damage|p1a: Electrode|68/100|[from] Stealth Rock\n|\n|upkeep\n|turn|21\n|inactive|Time left: 300 sec this turn | 300 sec total\n|\n|t:|1783564267\n|switch|p2a: Eelektross|Eelektross, L87, M|44/290\n|-damage|p2a: Eelektross|8/290|[from] Stealth Rock\n|move|p1a: Electrode|Volt Switch|p2a: Eelektross\n|-resisted|p2a: Eelektross\n|-crit|p2a: Eelektross\n|-damage|p2a: Eelektross|0 fnt\n|faint|p2a: Eelektross\n|-damage|p1a: Electrode|58/100|[from] item: Life Orb\n|\n|t:|1783564268\n|switch|p1a: Mesprit|Mesprit, L85|4/100|[from] Volt Switch\n|-damage|p1a: Mesprit|0 fnt|[from] Stealth Rock\n|faint|p1a: Mesprit\n|\n|upkeep\n|inactive|Time left: 300 sec this turn | 300 sec total | 10 sec grace\n|\n|t:|1783564269\n|switch|p1a: Electrode|Electrode-Hisui, L87, tera:Grass|58/100\n|switch|p2a: Inteleon|Inteleon, L81, F|149/246\n|-damage|p1a: Electrode|46/100|[from] Stealth Rock\n|-damage|p2a: Inteleon|119/246|[from] Stealth Rock\n|turn|22\n|inactive|Time left: 300 sec this turn | 300 sec total\n|\n|t:|1783564270\n|move|p1a: Electrode|Thunderbolt|p2a: Inteleon\n|-supereffective|p2a: Inteleon\n|-damage|p2a: Inteleon|0 fnt\n|faint|p2a: Inteleon\n|-damage|p1a: Electrode|36/100|[from] item: Life Orb\n|\n|win|p0x21667cfe", "uploadtime": 1783564270, "views": 0, "rating": 0, "private": 0, "password": null, "_winner": "p0x21667cfe", "_our_name": "p0y21668af0"}