{"id": "battle-gen9randombattle-2534", "formatid": "gen9randombattle", "format": "[Gen 9] Random Battle", "players": ["p0x253486bc", "p0y253496d1"], "log": "|init|battle\n|title|p0x253486bc vs. p0y253496d1\n|j|\u2606p0x253486bc\n|j|\u2606p0y253496d1\n|t:|1783569320\n|gametype|singles\n|player|p1|p0x253486bc|169|\n|player|p2|p0y253496d1|169|\n|gen|9\n|tier|[Gen 9] Random Battle\n|rule|Species Clause: Limit one of each Pok\u00e9mon\n|rule|HP Percentage Mod: HP is shown in percentages\n|rule|Sleep Clause Mod: Limit one foe put to sleep\n|rule|Illusion Level Mod: Illusion disguises the Pok\u00e9mon's true level\n|\n|t:|1783569320\n|teamsize|p1|6\n|teamsize|p2|6\n|start\n|switch|p1a: Carbink|Carbink, L90|100/100\n|switch|p2a: Chandelure|Chandelure, L83, M|235/235\n|turn|1\n|inactive|Battle timer is ON: inactive players will automatically lose when time's up. (requested by p0x253486bc)\n|inactive|Time left: 300 sec this turn | 300 sec total | 60 sec grace\n|inactive|p0y253496d1 also wants the timer to be on.\n|\n|t:|1783569322\n|move|p2a: Chandelure|Calm Mind|p2a: Chandelure\n|-boost|p2a: Chandelure|spa|1\n|-boost|p2a: Chandelure|spd|1\n|move|p1a: Carbink|Moonblast|p2a: Chandelure\n|-resisted|p2a: Chandelure\n|-damage|p2a: Chandelure|213/235\n|\n|upkeep\n|turn|2\n|inactive|Time left: 300 sec this turn | 300 sec total\n|\n|t:|1783569323\n|switch|p1a: Roaring Moon|Roaring Moon, L72|100/100\n|move|p2a: Chandelure|Shadow Ball|p1a: Roaring Moon\n|-resisted|p1a: Roaring Moon\n|-damage|p1a: Roaring Moon|70/100\n|\n|upkeep\n|turn|3\n|inactive|Time left: 300 sec this turn | 300 sec total\n|\n|t:|1783569324\n|switch|p2a: Magearna|Magearna, L77|250/250\n|-terastallize|p1a: Roaring Moon|Dragon\n|move|p1a: Roaring Moon|Outrage|p2a: Magearna\n|-immune|p2a: Magearna\n|\n|upkeep\n|turn|4\n|inactive|Time left: 300 sec this turn | 300 sec total\n|\n|t:|1783569326\n|move|p1a: Roaring Moon|Outrage|p2a: Magearna\n|-immune|p2a: Magearna\n|move|p2a: Magearna|Shift Gear|p2a: Magearna\n|-boost|p2a: Magearna|spe|2\n|-boost|p2a: Magearna|atk|1\n|\n|upkeep\n|turn|5\n|inactive|Time left: 300 sec this turn | 300 sec total\n|\n|t:|1783569327\n|move|p2a: Magearna|Calm Mind|p2a: Magearna\n|-boost|p2a: Magearna|spa|1\n|-boost|p2a: Magearna|spd|1\n|move|p1a: Roaring Moon|Outrage|p2a: Magearna\n|-immune|p2a: Magearna\n|\n|upkeep\n|turn|6\n|inactive|Time left: 300 sec this turn | 300 sec total\n|\n|t:|1783569328\n|move|p2a: Magearna|Flash Cannon|p1a: Roaring Moon\n|-damage|p1a: Roaring Moon|18/100\n|move|p1a: Roaring Moon|Outrage|p2a: Magearna\n|-immune|p2a: Magearna\n|\n|upkeep\n|turn|7\n|inactive|Time left: 300 sec this turn | 300 sec total\n|\n|t:|1783569329\n|move|p2a: Magearna|Flash Cannon|p1a: Roaring Moon\n|-damage|p1a: Roaring Moon|0 fnt\n|faint|p1a: Roaring Moon\n|-ability|p2a: Magearna|Soul-Heart|boost\n|-boost|p2a: Magearna|spa|1\n|-end|p1a: Roaring Moon|Protosynthesis|[silent]\n|\n|upkeep\n|\n|t:|1783569330\n|switch|p1a: Swampert|Swampert, L83, M|100/100\n|turn|8\n|inactive|Time left: 300 sec this turn | 300 sec total\n|\n|t:|1783569331\n|move|p2a: Magearna|Fleur Cannon|p1a: Swampert|[miss]\n|-miss|p2a: Magearna|p1a: Swampert\n|move|p1a: Swampert|Roar|p2a: Magearna\n|drag|p2a: Chandelure|Chandelure, L83, M|213/235\n|\n|upkeep\n|turn|9\n|inactive|Time left: 300 sec this turn | 300 sec total\n|\n|t:|1783569332\n|move|p2a: Chandelure|Energy Ball|p1a: Swampert\n|-supereffective|p1a: Swampert\n|-damage|p1a: Swampert|0 fnt\n|faint|p1a: Swampert\n|\n|upkeep\n|\n|t:|1783569333\n|switch|p1a: Araquanid|Araquanid, L82, M|100/100\n|turn|10\n|inactive|Time left: 300 sec this turn | 300 sec total\n|\n|t:|1783569334\n|switch|p2a: Magearna|Magearna, L77|250/250\n|move|p1a: Araquanid|Sticky Web|p2a: Magearna\n|-sidestart|p2: p0y253496d1|move: Sticky Web\n|\n|upkeep\n|turn|11\n|inactive|Time left: 300 sec this turn | 300 sec total\n|\n|t:|1783569335\n|move|p2a: Magearna|Shift Gear|p2a: Magearna\n|-boost|p2a: Magearna|spe|2\n|-boost|p2a: Magearna|atk|1\n|move|p1a: Araquanid|Liquidation|p2a: Magearna\n|-crit|p2a: Magearna\n|-damage|p2a: Magearna|85/250\n|\n|-heal|p2a: Magearna|100/250|[from] item: Leftovers\n|upkeep\n|turn|12\n|inactive|Time left: 300 sec this turn | 300 sec total\n|\n|t:|1783569336\n|switch|p2a: Lumineon|Lumineon, L93, F|279/279\n|move|p1a: Araquanid|Liquidation|p2a: Lumineon\n|-ability|p2a: Lumineon|Storm Drain|boost\n|-boost|p2a: Lumineon|spa|1\n|\n|upkeep\n|turn|13\n|inactive|Time left: 300 sec this turn | 300 sec total\n|\n|t:|1783569337\n|switch|p1a: Iron Hands|Iron Hands, L79|100/100\n|move|p2a: Lumineon|Ice Beam|p1a: Iron Hands\n|-damage|p1a: Iron Hands|70/100\n|\n|-heal|p1a: Iron Hands|76/100|[from] item: Leftovers\n|upkeep\n|turn|14\n|inactive|Time left: 300 sec this turn | 300 sec total\n|\n|t:|1783569338\n|move|p2a: Lumineon|Hydro Pump|p1a: Iron Hands\n|-damage|p1a: Iron Hands|24/100\n|move|p1a: Iron Hands|Drain Punch|p2a: Lumineon\n|-damage|p2a: Lumineon|174/279\n|-heal|p1a: Iron Hands|38/100|[from] drain|[of] p2a: Lumineon\n|\n|-heal|p1a: Iron Hands|44/100|[from] item: Leftovers\n|upkeep\n|turn|15\n|inactive|Time left: 300 sec this turn | 300 sec total\n|\n|t:|1783569339\n|-end|p1a: Iron Hands|Quark Drive|[silent]\n|switch|p1a: Araquanid|Araquanid, L82, M|100/100\n|move|p2a: Lumineon|Hydro Pump|p1a: Araquanid|[miss]\n|-miss|p2a: Lumineon|p1a: Araquanid\n|\n|upkeep\n|turn|16\n|inactive|Time left: 300 sec this turn | 300 sec total\n|\n|t:|1783569340\n|move|p2a: Lumineon|Hydro Pump|p1a: Araquanid\n|-resisted|p1a: Araquanid\n|-damage|p1a: Araquanid|74/100\n|move|p1a: Araquanid|Leech Life|p2a: Lumineon\n|-damage|p2a: Lumineon|105/279\n|-heal|p1a: Araquanid|89/100|[from] drain|[of] p2a: Lumineon\n|\n|upkeep\n|turn|17\n|inactive|Time left: 300 sec this turn | 300 sec total\n|\n|t:|1783569341\n|move|p2a: Lumineon|Hydro Pump|p1a: Araquanid|[miss]\n|-miss|p2a: Lumineon|p1a: Araquanid\n|move|p1a: Araquanid|Leech Life|p2a: Lumineon\n|-damage|p2a: Lumineon|38/279\n|-heal|p1a: Araquanid|100/100|[from] drain|[of] p2a: Lumineon\n|\n|upkeep\n|turn|18\n|inactive|Time left: 300 sec this turn | 300 sec total\n|\n|t:|1783569342\n|move|p2a: Lumineon|Ice Beam|p1a: Araquanid\n|-resisted|p1a: Araquanid\n|-damage|p1a: Araquanid|86/100\n|move|p1a: Araquanid|Leech Life|p2a: Lumineon\n|-damage|p2a: Lumineon|0 fnt\n|-heal|p1a: Araquanid|94/100|[from] drain|[of] p2a: Lumineon\n|faint|p2a: Lumineon\n|\n|upkeep\n|inactive|Time left: 300 sec this turn | 300 sec total | 5 sec grace\n|\n|t:|1783569343\n|switch|p2a: Electivire|Electivire, L84, F|263/263\n|-activate|p2a: Electivire|move: Sticky Web\n|-unboost|p2a: Electivire|spe|1\n|turn|19\n|inactive|Time left: 300 sec this turn | 300 sec total\n|\n|t:|1783569344\n|switch|p1a: Carbink|Carbink, L90|100/100\n|move|p2a: Electivire|Supercell Slam|p1a: Carbink\n|-crit|p1a: Carbink\n|-damage|p1a: Carbink|38/100\n|-damage|p2a: Electivire|237/263|[from] item: Life Orb\n|\n|-heal|p1a: Carbink|44/100|[from] item: Leftovers\n|upkeep\n|turn|20\n|inactive|Time left: 300 sec this turn | 300 sec total\n|\n|t:|1783569345\n|move|p1a: Carbink|Iron Defense|p1a: Carbink\n|-boost|p1a: Carbink|def|2\n|move|p2a: Electivire|Earthquake|p1a: Carbink\n|-supereffective|p1a: Carbink\n|-damage|p1a: Carbink|14/100\n|-damage|p2a: Electivire|211/263|[from] item: Life Orb\n|\n|-heal|p1a: Carbink|20/100|[from] item: Leftovers\n|upkeep\n|turn|21\n|inactive|Time left: 300 sec this turn | 300 sec total\n|\n|t:|1783569346\n|switch|p2a: Chandelure|Chandelure, L83, M|213/235\n|move|p1a: Carbink|Body Press|p2a: Chandelure\n|-immune|p2a: Chandelure\n|\n|-heal|p1a: Carbink|26/100|[from] item: Leftovers\n|upkeep\n|turn|22\n|inactive|Time left: 300 sec this turn | 300 sec total\n|\n|t:|1783569347\n|switch|p1a: Araquanid|Araquanid, L82, M|94/100\n|move|p2a: Chandelure|Energy Ball|p1a: Araquanid\n|-damage|p1a: Araquanid|66/100\n|\n|upkeep\n|turn|23\n|inactive|Time left: 300 sec this turn | 300 sec total\n|\n|t:|1783569348\n|-terastallize|p2a: Chandelure|Grass\n|move|p2a: Chandelure|Energy Ball|p1a: Araquanid\n|-damage|p1a: Araquanid|28/100\n|move|p1a: Araquanid|Liquidation|p2a: Chandelure\n|-resisted|p2a: Chandelure\n|-damage|p2a: Chandelure|150/235\n|\n|upkeep\n|turn|24\n|inactive|Time left: 300 sec this turn | 300 sec total\n|\n|t:|1783569349\n|move|p2a: Chandelure|Energy Ball|p1a: Araquanid\n|-damage|p1a: Araquanid|0 fnt\n|faint|p1a: Araquanid\n|\n|upkeep\n|\n|t:|1783569350\n|switch|p1a: Iron Hands|Iron Hands, L79|44/100\n|turn|25\n|inactive|Time left: 300 sec this turn | 300 sec total\n|\n|t:|1783569351\n|move|p2a: Chandelure|Fire Blast|p1a: Iron Hands\n|-damage|p1a: Iron Hands|0 fnt\n|faint|p1a: Iron Hands\n|-end|p1a: Iron Hands|Quark Drive|[silent]\n|\n|upkeep\n|\n|t:|1783569352\n|switch|p1a: Stonjourner|Stonjourner, L91, M|100/100\n|turn|26\n|inactive|Time left: 300 sec this turn | 300 sec total\n|\n|t:|1783569353\n|move|p2a: Chandelure|Energy Ball|p1a: Stonjourner\n|-supereffective|p1a: Stonjourner\n|-damage|p1a: Stonjourner|0 fnt\n|faint|p1a: Stonjourner\n|\n|upkeep\n|\n|t:|1783569354\n|switch|p1a: Carbink|Carbink, L90|26/100\n|turn|27\n|inactive|Time left: 300 sec this turn | 300 sec total\n|\n|t:|1783569354\n|move|p2a: Chandelure|Shadow Ball|p1a: Carbink\n|-damage|p1a: Carbink|0 fnt\n|faint|p1a: Carbink\n|\n|win|p0y253496d1", "uploadtime": 1783569354, "views": 0, "rating": 0, "private": 0, "password": null, "_winner": "p0y253496d1", "_our_name": "p0y253496d1"}