{"id": "battle-gen9randombattle-52", "formatid": "gen9randombattle", "format": "[Gen 9] Random Battle", "players": ["p0x052ac54", "p0y0522ae7"], "log": "|init|battle\n|title|p0x052ac54 vs. p0y0522ae7\n|j|\u2606p0x052ac54\n|j|\u2606p0y0522ae7\n|t:|1783533831\n|gametype|singles\n|player|p1|p0x052ac54|1|\n|player|p2|p0y0522ae7|2|\n|gen|9\n|tier|[Gen 9] Random Battle\n|rule|Species Clause: Limit one of each Pok\u00e9mon\n|rule|HP Percentage Mod: HP is shown in percentages\n|rule|Sleep Clause Mod: Limit one foe put to sleep\n|rule|Illusion Level Mod: Illusion disguises the Pok\u00e9mon's true level\n|\n|t:|1783533831\n|teamsize|p1|6\n|teamsize|p2|6\n|start\n|switch|p1a: Froslass|Froslass, L87, F|263/263\n|switch|p2a: Slither Wing|Slither Wing, L81|100/100\n|turn|1\n|inactive|Battle timer is ON: inactive players will automatically lose when time's up. (requested by p0y0522ae7)\n|inactive|Time left: 300 sec this turn | 300 sec total | 60 sec grace\n|\n|t:|1783533832\n|move|p1a: Froslass|Triple Axel|p2a: Slither Wing\n|-damage|p2a: Slither Wing|93/100\n|-damage|p2a: Slither Wing|76/100\n|-damage|p2a: Slither Wing|51/100\n|-hitcount|p2a: Slither Wing|3\n|move|p2a: Slither Wing|Will-O-Wisp|p1a: Froslass\n|-status|p1a: Froslass|brn\n|\n|-damage|p1a: Froslass|247/263 brn|[from] brn\n|upkeep\n|turn|2\n|inactive|Time left: 300 sec this turn | 300 sec total\n|inactive|p0x052ac54 also wants the timer to be on.\n|\n|t:|1783533834\n|move|p1a: Froslass|Spikes|p2a: Slither Wing\n|-sidestart|p2: p0y0522ae7|Spikes\n|move|p2a: Slither Wing|Morning Sun|p2a: Slither Wing\n|-heal|p2a: Slither Wing|100/100\n|\n|-damage|p1a: Froslass|231/263 brn|[from] brn\n|upkeep\n|turn|3\n|inactive|Time left: 300 sec this turn | 300 sec total\n|\n|t:|1783533835\n|-end|p2a: Slither Wing|Protosynthesis|[silent]\n|switch|p2a: Ursaring|Ursaring, L84, M|100/100\n|-damage|p2a: Ursaring|88/100|[from] Spikes\n|move|p1a: Froslass|Spikes|p2a: Ursaring\n|-sidestart|p2: p0y0522ae7|Spikes\n|\n|-damage|p1a: Froslass|215/263 brn|[from] brn\n|upkeep\n|turn|4\n|inactive|Time left: 300 sec this turn | 300 sec total\n|\n|t:|1783533836\n|switch|p1a: Minior|Minior-Indigo, L79|224/224\n|-formechange|p1a: Minior|Minior-Meteor||[from] ability: Shields Down\n|move|p2a: Ursaring|Earthquake|p1a: Minior\n|-immune|p1a: Minior\n|\n|upkeep\n|turn|5\n|inactive|Time left: 300 sec this turn | 300 sec total\n|\n|t:|1783533837\n|move|p2a: Ursaring|Body Slam|p1a: Minior\n|-resisted|p1a: Minior\n|-damage|p1a: Minior|174/224\n|move|p1a: Minior|Shell Smash|p1a: Minior\n|-unboost|p1a: Minior|def|1\n|-unboost|p1a: Minior|spd|1\n|-boost|p1a: Minior|atk|2\n|-boost|p1a: Minior|spa|2\n|-boost|p1a: Minior|spe|2\n|-enditem|p1a: Minior|White Herb\n|-clearnegativeboost|p1a: Minior|[silent]\n|\n|upkeep\n|turn|6\n|inactive|Time left: 300 sec this turn | 300 sec total\n|\n|t:|1783533838\n|move|p1a: Minior|Acrobatics|p2a: Ursaring\n|-damage|p2a: Ursaring|48/100\n|move|p2a: Ursaring|Body Slam|p1a: Minior\n|-resisted|p1a: Minior\n|-damage|p1a: Minior|117/224\n|\n|upkeep\n|turn|7\n|inactive|Time left: 300 sec this turn | 300 sec total\n|\n|t:|1783533839\n|move|p1a: Minior|Acrobatics|p2a: Ursaring\n|-damage|p2a: Ursaring|12/100\n|move|p2a: Ursaring|Rest|p2a: Ursaring\n|-status|p2a: Ursaring|slp|[from] move: Rest\n|-heal|p2a: Ursaring|100/100 slp|[silent]\n|\n|upkeep\n|turn|8\n|inactive|Time left: 300 sec this turn | 300 sec total\n|\n|t:|1783533840\n|move|p1a: Minior|Acrobatics|p2a: Ursaring\n|-damage|p2a: Ursaring|64/100 slp\n|cant|p2a: Ursaring|slp\n|move|p2a: Ursaring|Sleep Talk|p2a: Ursaring\n|move|p2a: Ursaring|Body Slam|p1a: Minior|[from] move: Sleep Talk\n|-resisted|p1a: Minior\n|-damage|p1a: Minior|30/224\n|\n|-formechange|p1a: Minior|Minior-Indigo||[from] ability: Shields Down\n|upkeep\n|turn|9\n|inactive|Time left: 300 sec this turn | 300 sec total\n|\n|t:|1783533841\n|move|p1a: Minior|Acrobatics|p2a: Ursaring\n|-damage|p2a: Ursaring|11/100 slp\n|cant|p2a: Ursaring|slp\n|move|p2a: Ursaring|Sleep Talk|p2a: Ursaring\n|move|p2a: Ursaring|Earthquake|p1a: Minior|[from] move: Sleep Talk\n|-immune|p1a: Minior\n|\n|upkeep\n|turn|10\n|inactive|Time left: 300 sec this turn | 300 sec total\n|\n|t:|1783533842\n|move|p1a: Minior|Power Gem|p2a: Ursaring\n|-damage|p2a: Ursaring|0 fnt\n|faint|p2a: Ursaring\n|\n|upkeep\n|\n|t:|1783533843\n|switch|p2a: Terrakion|Terrakion, L79|100/100\n|-damage|p2a: Terrakion|84/100|[from] Spikes\n|turn|11\n|inactive|Time left: 300 sec this turn | 300 sec total\n|\n|t:|1783533844\n|move|p2a: Terrakion|Quick Attack|p1a: Minior\n|-resisted|p1a: Minior\n|-damage|p1a: Minior|0 fnt\n|faint|p1a: Minior\n|\n|upkeep\n|inactive|Time left: 300 sec this turn | 300 sec total | 5 sec grace\n|\n|t:|1783533845\n|switch|p1a: Suicune|Suicune, L82|298/298\n|-ability|p1a: Suicune|Pressure\n|turn|12\n|inactive|Time left: 300 sec this turn | 300 sec total\n|\n|t:|1783533846\n|switch|p2a: Iron Leaves|Iron Leaves, L80|100/100\n|-damage|p2a: Iron Leaves|84/100|[from] Spikes\n|move|p1a: Suicune|Scald|p2a: Iron Leaves\n|-resisted|p2a: Iron Leaves\n|-damage|p2a: Iron Leaves|71/100\n|\n|upkeep\n|turn|13\n|inactive|Time left: 300 sec this turn | 300 sec total\n|\n|t:|1783533847\n|move|p2a: Iron Leaves|Swords Dance|p2a: Iron Leaves\n|-boost|p2a: Iron Leaves|atk|2\n|move|p1a: Suicune|Ice Beam|p2a: Iron Leaves\n|-supereffective|p2a: Iron Leaves\n|-damage|p2a: Iron Leaves|35/100\n|-status|p2a: Iron Leaves|frz\n|\n|upkeep\n|turn|14\n|inactive|Time left: 300 sec this turn | 300 sec total\n|\n|t:|1783533848\n|cant|p2a: Iron Leaves|frz\n|move|p1a: Suicune|Ice Beam|p2a: Iron Leaves\n|-supereffective|p2a: Iron Leaves\n|-damage|p2a: Iron Leaves|0 fnt\n|faint|p2a: Iron Leaves\n|-end|p2a: Iron Leaves|Quark Drive|[silent]\n|\n|upkeep\n|\n|t:|1783533849\n|switch|p2a: Bruxish|Bruxish, L85, F|100/100\n|-damage|p2a: Bruxish|84/100|[from] Spikes\n|turn|15\n|inactive|Time left: 300 sec this turn | 300 sec total\n|\n|t:|1783533851\n|move|p2a: Bruxish|Swords Dance|p2a: Bruxish\n|-boost|p2a: Bruxish|atk|2\n|move|p1a: Suicune|Scald|p2a: Bruxish\n|-resisted|p2a: Bruxish\n|-damage|p2a: Bruxish|67/100\n|-status|p2a: Bruxish|brn\n|\n|-damage|p2a: Bruxish|61/100 brn|[from] brn\n|upkeep\n|turn|16\n|inactive|Time left: 300 sec this turn | 300 sec total\n|\n|t:|1783533852\n|switch|p1a: Kingambit|Kingambit, L74, M|270/270\n|-activate|p1a: Kingambit|ability: Supreme Overlord\n|-start|p1a: Kingambit|fallen1|[silent]\n|move|p2a: Bruxish|Psychic Fangs|p1a: Kingambit\n|-immune|p1a: Kingambit\n|\n|-damage|p2a: Bruxish|55/100 brn|[from] brn\n|upkeep\n|turn|17\n|inactive|Time left: 300 sec this turn | 300 sec total\n|\n|t:|1783533853\n|move|p2a: Bruxish|Swords Dance|p2a: Bruxish\n|-boost|p2a: Bruxish|atk|2\n|move|p1a: Kingambit|Swords Dance|p1a: Kingambit\n|-boost|p1a: Kingambit|atk|2\n|\n|-damage|p2a: Bruxish|49/100 brn|[from] brn\n|upkeep\n|turn|18\n|inactive|Time left: 300 sec this turn | 300 sec total\n|\n|t:|1783533854\n|move|p1a: Kingambit|Sucker Punch|p2a: Bruxish\n|-supereffective|p2a: Bruxish\n|-damage|p2a: Bruxish|0 fnt\n|faint|p2a: Bruxish\n|\n|upkeep\n|\n|t:|1783533855\n|switch|p2a: Slither Wing|Slither Wing, L81|100/100\n|turn|19\n|inactive|Time left: 300 sec this turn | 300 sec total\n|\n|t:|1783533856\n|-end|p1a: Kingambit|fallen1|[silent]\n|switch|p1a: Suicune|Suicune, L82|298/298\n|-ability|p1a: Suicune|Pressure\n|move|p2a: Slither Wing|Close Combat|p1a: Suicune\n|-damage|p1a: Suicune|166/298\n|-unboost|p2a: Slither Wing|def|1\n|-unboost|p2a: Slither Wing|spd|1\n|\n|-heal|p1a: Suicune|184/298|[from] item: Leftovers\n|upkeep\n|turn|20\n|inactive|Time left: 300 sec this turn | 300 sec total\n|\n|t:|1783533858\n|move|p1a: Suicune|Scald|p2a: Slither Wing\n|-damage|p2a: Slither Wing|66/100\n|move|p2a: Slither Wing|U-turn|p1a: Suicune\n|-damage|p1a: Suicune|115/298\n|\n|t:|1783533859\n|-end|p2a: Slither Wing|Protosynthesis|[silent]\n|switch|p2a: Terrakion|Terrakion, L79|84/100|[from] U-turn\n|-damage|p2a: Terrakion|68/100|[from] Spikes\n|\n|-heal|p1a: Suicune|133/298|[from] item: Leftovers\n|upkeep\n|turn|21\n|inactive|Time left: 300 sec this turn | 300 sec total\n|\n|t:|1783533860\n|switch|p1a: Froslass|Froslass, L87, F|215/263 brn\n|move|p2a: Terrakion|Close Combat|p1a: Froslass\n|-immune|p1a: Froslass\n|\n|-damage|p1a: Froslass|199/263 brn|[from] brn\n|upkeep\n|turn|22\n|inactive|Time left: 300 sec this turn | 300 sec total\n|\n|t:|1783533861\n|move|p1a: Froslass|Poltergeist|p2a: Terrakion\n|-activate|p2a: Terrakion|move: Poltergeist|Choice Band\n|-crit|p2a: Terrakion\n|-damage|p2a: Terrakion|35/100\n|move|p2a: Terrakion|Close Combat|p1a: Froslass\n|-immune|p1a: Froslass\n|\n|-damage|p1a: Froslass|183/263 brn|[from] brn\n|upkeep\n|turn|23\n|inactive|Time left: 300 sec this turn | 300 sec total\n|\n|t:|1783533862\n|move|p1a: Froslass|Poltergeist|p2a: Terrakion\n|-activate|p2a: Terrakion|move: Poltergeist|Choice Band\n|-damage|p2a: Terrakion|13/100\n|move|p2a: Terrakion|Close Combat|p1a: Froslass\n|-immune|p1a: Froslass\n|\n|-damage|p1a: Froslass|167/263 brn|[from] brn\n|upkeep\n|turn|24\n|inactive|Time left: 300 sec this turn | 300 sec total\n|\n|t:|1783533863\n|move|p1a: Froslass|Poltergeist|p2a: Terrakion\n|-activate|p2a: Terrakion|move: Poltergeist|Choice Band\n|-damage|p2a: Terrakion|0 fnt\n|faint|p2a: Terrakion\n|\n|-damage|p1a: Froslass|151/263 brn|[from] brn\n|upkeep\n|\n|t:|1783533864\n|switch|p2a: Darkrai|Darkrai, L77|100/100\n|-damage|p2a: Darkrai|84/100|[from] Spikes\n|turn|25\n|inactive|Time left: 300 sec this turn | 300 sec total\n|\n|t:|1783533866\n|move|p1a: Froslass|Taunt|p2a: Darkrai\n|-start|p2a: Darkrai|move: Taunt\n|cant|p2a: Darkrai|move: Taunt|Nasty Plot\n|\n|-damage|p1a: Froslass|135/263 brn|[from] brn\n|upkeep\n|turn|26\n|inactive|Time left: 300 sec this turn | 300 sec total\n|\n|t:|1783533867\n|move|p1a: Froslass|Triple Axel|p2a: Darkrai\n|-damage|p2a: Darkrai|80/100\n|-damage|p2a: Darkrai|70/100\n|-damage|p2a: Darkrai|56/100\n|-hitcount|p2a: Darkrai|3\n|move|p2a: Darkrai|Dark Pulse|p1a: Froslass\n|-supereffective|p1a: Froslass\n|-damage|p1a: Froslass|0 fnt\n|-start|p2a: Darkrai|Disable|Dark Pulse|[from] ability: Cursed Body|[of] p1a: Froslass\n|faint|p1a: Froslass\n|-damage|p2a: Darkrai|46/100|[from] item: Life Orb\n|\n|upkeep\n|inactive|Time left: 300 sec this turn | 300 sec total | 5 sec grace\n|\n|t:|1783533868\n|switch|p1a: Gyarados|Gyarados, L79, M|280/280\n|turn|27\n|inactive|Time left: 300 sec this turn | 300 sec total\n|\n|t:|1783533869\n|switch|p2a: Slither Wing|Slither Wing, L81|66/100\n|move|p1a: Gyarados|Waterfall|p2a: Slither Wing\n|-damage|p2a: Slither Wing|24/100\n|\n|upkeep\n|turn|28\n|inactive|Time left: 300 sec this turn | 300 sec total\n|\n|t:|1783533870\n|-terastallize|p1a: Gyarados|Flying\n|move|p2a: Slither Wing|Will-O-Wisp|p1a: Gyarados\n|-status|p1a: Gyarados|brn\n|move|p1a: Gyarados|Tera Blast|p2a: Slither Wing|[anim] Tera Blast Flying\n|-supereffective|p2a: Slither Wing\n|-damage|p2a: Slither Wing|0 fnt\n|faint|p2a: Slither Wing\n|-end|p2a: Slither Wing|Protosynthesis|[silent]\n|-ability|p1a: Gyarados|Moxie|boost\n|-boost|p1a: Gyarados|atk|1\n|\n|-damage|p1a: Gyarados|263/280 brn|[from] brn\n|upkeep\n|\n|t:|1783533870\n|switch|p2a: Darkrai|Darkrai, L77|46/100\n|-damage|p2a: Darkrai|29/100|[from] Spikes\n|turn|29\n|inactive|Time left: 300 sec this turn | 300 sec total\n|\n|t:|1783533871\n|move|p2a: Darkrai|Dark Pulse|p1a: Gyarados\n|-damage|p1a: Gyarados|156/280 brn\n|-damage|p2a: Darkrai|19/100|[from] item: Life Orb\n|move|p1a: Gyarados|Waterfall|p2a: Darkrai\n|-damage|p2a: Darkrai|0 fnt\n|faint|p2a: Darkrai\n|\n|win|p0x052ac54", "uploadtime": 1783533871, "views": 0, "rating": 0, "private": 0, "password": null, "_winner": "p0x052ac54", "_our_name": "p0x052ac54"}