{"id": "battle-gen9randombattle-1938", "formatid": "gen9randombattle", "format": "[Gen 9] Random Battle", "players": ["p0x19384abf", "p0y1938fb63"], "log": "|init|battle\n|title|p0x19384abf vs. p0y1938fb63\n|j|\u2606p0x19384abf\n|j|\u2606p0y1938fb63\n|t:|1783561687\n|gametype|singles\n|player|p1|p0x19384abf|102|\n|player|p2|p0y1938fb63|2|\n|gen|9\n|tier|[Gen 9] Random Battle\n|rule|Species Clause: Limit one of each Pok\u00e9mon\n|rule|HP Percentage Mod: HP is shown in percentages\n|rule|Sleep Clause Mod: Limit one foe put to sleep\n|rule|Illusion Level Mod: Illusion disguises the Pok\u00e9mon's true level\n|\n|t:|1783561687\n|teamsize|p1|6\n|teamsize|p2|6\n|start\n|switch|p1a: Crabominable|Crabominable, L90, M|321/321\n|switch|p2a: Clawitzer|Clawitzer, L87, M|100/100\n|turn|1\n|inactive|Battle timer is ON: inactive players will automatically lose when time's up. (requested by p0y1938fb63)\n|inactive|Time left: 300 sec this turn | 300 sec total | 60 sec grace\n|inactive|p0x19384abf also wants the timer to be on.\n|\n|t:|1783561689\n|move|p2a: Clawitzer|Aura Sphere|p1a: Crabominable\n|-supereffective|p1a: Crabominable\n|-damage|p1a: Crabominable|57/321\n|move|p1a: Crabominable|Close Combat|p2a: Clawitzer\n|-damage|p2a: Clawitzer|4/100\n|-unboost|p1a: Crabominable|def|1\n|-unboost|p1a: Crabominable|spd|1\n|\n|upkeep\n|turn|2\n|inactive|Time left: 300 sec this turn | 300 sec total\n|\n|t:|1783561690\n|switch|p1a: Latias|Latias, L79, F|256/256\n|move|p2a: Clawitzer|Water Pulse|p1a: Latias\n|-resisted|p1a: Latias\n|-damage|p1a: Latias|212/256\n|\n|upkeep\n|turn|3\n|inactive|Time left: 300 sec this turn | 300 sec total\n|\n|t:|1783561691\n|move|p1a: Latias|Psyshock|p2a: Clawitzer\n|-damage|p2a: Clawitzer|0 fnt\n|faint|p2a: Clawitzer\n|\n|upkeep\n|\n|t:|1783561692\n|switch|p2a: Skeledirge|Skeledirge, L79, F|100/100\n|turn|4\n|inactive|Time left: 300 sec this turn | 300 sec total\n|\n|t:|1783561694\n|move|p1a: Latias|Calm Mind|p1a: Latias\n|-boost|p1a: Latias|spa|1\n|-boost|p1a: Latias|spd|1\n|move|p2a: Skeledirge|Torch Song|p1a: Latias\n|-resisted|p1a: Latias\n|-damage|p1a: Latias|177/256\n|-boost|p2a: Skeledirge|spa|1\n|\n|upkeep\n|turn|5\n|inactive|Time left: 300 sec this turn | 300 sec total\n|\n|t:|1783561695\n|move|p1a: Latias|Draco Meteor|p2a: Skeledirge\n|-damage|p2a: Skeledirge|30/100\n|-unboost|p1a: Latias|spa|2\n|move|p2a: Skeledirge|Shadow Ball|p1a: Latias\n|-supereffective|p1a: Latias\n|-damage|p1a: Latias|0 fnt\n|faint|p1a: Latias\n|\n|upkeep\n|inactive|Time left: 300 sec this turn | 300 sec total | 5 sec grace\n|\n|t:|1783561696\n|switch|p1a: Wugtrio|Wugtrio, L91, F|212/212\n|turn|6\n|inactive|Time left: 300 sec this turn | 300 sec total\n|\n|t:|1783561697\n|switch|p2a: Eiscue|Eiscue, L88, M|100/100\n|move|p1a: Wugtrio|Liquidation|p2a: Eiscue\n|-activate|p2a: Eiscue|ability: Ice Face\n|-damage|p2a: Eiscue|100/100\n|detailschange|p2a: Eiscue|Eiscue-Noice, L88, M\n|\n|upkeep\n|turn|7\n|inactive|Time left: 300 sec this turn | 300 sec total\n|\n|t:|1783561698\n|switch|p2a: Raging Bolt|Raging Bolt, L78|100/100\n|move|p1a: Wugtrio|Liquidation|p2a: Raging Bolt\n|-resisted|p2a: Raging Bolt\n|-damage|p2a: Raging Bolt|76/100\n|\n|-heal|p2a: Raging Bolt|83/100|[from] item: Leftovers\n|upkeep\n|turn|8\n|inactive|Time left: 300 sec this turn | 300 sec total\n|\n|t:|1783561699\n|switch|p1a: Crabominable|Crabominable, L90, M|57/321\n|move|p2a: Raging Bolt|Thunderbolt|p1a: Crabominable\n|-damage|p1a: Crabominable|0 fnt\n|faint|p1a: Crabominable\n|\n|-heal|p2a: Raging Bolt|89/100|[from] item: Leftovers\n|upkeep\n|inactive|Time left: 300 sec this turn | 300 sec total | 5 sec grace\n|\n|t:|1783561700\n|switch|p1a: Klefki|Klefki, L84, M|233/233\n|turn|9\n|inactive|Time left: 300 sec this turn | 300 sec total\n|\n|t:|1783561701\n|move|p1a: Klefki|Play Rough|p2a: Raging Bolt\n|-supereffective|p2a: Raging Bolt\n|-damage|p2a: Raging Bolt|31/100\n|move|p2a: Raging Bolt|Calm Mind|p2a: Raging Bolt\n|-boost|p2a: Raging Bolt|spa|1\n|-boost|p2a: Raging Bolt|spd|1\n|\n|-heal|p2a: Raging Bolt|37/100|[from] item: Leftovers\n|upkeep\n|turn|10\n|inactive|Time left: 300 sec this turn | 300 sec total\n|\n|t:|1783561702\n|-terastallize|p2a: Raging Bolt|Fairy\n|move|p1a: Klefki|Play Rough|p2a: Raging Bolt\n|-damage|p2a: Raging Bolt|11/100\n|move|p2a: Raging Bolt|Thunderbolt|p1a: Klefki\n|-damage|p1a: Klefki|71/233\n|\n|-heal|p1a: Klefki|85/233|[from] item: Leftovers\n|-heal|p2a: Raging Bolt|17/100|[from] item: Leftovers\n|upkeep\n|turn|11\n|inactive|Time left: 300 sec this turn | 300 sec total\n|\n|t:|1783561703\n|move|p1a: Klefki|Play Rough|p2a: Raging Bolt\n|-damage|p2a: Raging Bolt|0 fnt\n|faint|p2a: Raging Bolt\n|-end|p2a: Raging Bolt|Protosynthesis|[silent]\n|\n|-heal|p1a: Klefki|99/233|[from] item: Leftovers\n|upkeep\n|\n|t:|1783561704\n|switch|p2a: Reuniclus|Reuniclus, L88, F|100/100\n|turn|12\n|inactive|Time left: 300 sec this turn | 300 sec total\n|\n|t:|1783561705\n|move|p1a: Klefki|Thunder Wave|p2a: Reuniclus|[miss]\n|-miss|p1a: Klefki|p2a: Reuniclus\n|move|p2a: Reuniclus|Calm Mind|p2a: Reuniclus\n|-boost|p2a: Reuniclus|spa|1\n|-boost|p2a: Reuniclus|spd|1\n|\n|-heal|p1a: Klefki|113/233|[from] item: Leftovers\n|upkeep\n|turn|13\n|inactive|Time left: 300 sec this turn | 300 sec total\n|\n|t:|1783561706\n|move|p1a: Klefki|Thunder Wave|p2a: Reuniclus\n|-status|p2a: Reuniclus|par\n|move|p2a: Reuniclus|Focus Blast|p1a: Klefki|[miss]\n|-miss|p2a: Reuniclus|p1a: Klefki\n|\n|-heal|p1a: Klefki|127/233|[from] item: Leftovers\n|upkeep\n|turn|14\n|inactive|Time left: 300 sec this turn | 300 sec total\n|\n|t:|1783561706\n|move|p1a: Klefki|Play Rough|p2a: Reuniclus|[miss]\n|-miss|p1a: Klefki|p2a: Reuniclus\n|cant|p2a: Reuniclus|par\n|\n|-heal|p1a: Klefki|141/233|[from] item: Leftovers\n|upkeep\n|turn|15\n|inactive|Time left: 300 sec this turn | 300 sec total\n|\n|t:|1783561707\n|move|p1a: Klefki|Play Rough|p2a: Reuniclus|[miss]\n|-miss|p1a: Klefki|p2a: Reuniclus\n|move|p2a: Reuniclus|Psyshock|p1a: Klefki\n|-resisted|p1a: Klefki\n|-damage|p1a: Klefki|37/233\n|\n|-heal|p1a: Klefki|51/233|[from] item: Leftovers\n|upkeep\n|turn|16\n|inactive|Time left: 300 sec this turn | 300 sec total\n|\n|t:|1783561708\n|move|p1a: Klefki|Play Rough|p2a: Reuniclus\n|-damage|p2a: Reuniclus|73/100 par\n|move|p2a: Reuniclus|Psyshock|p1a: Klefki\n|-resisted|p1a: Klefki\n|-damage|p1a: Klefki|0 fnt\n|faint|p1a: Klefki\n|\n|upkeep\n|inactive|Time left: 300 sec this turn | 300 sec total | 5 sec grace\n|\n|t:|1783561709\n|switch|p1a: Wugtrio|Wugtrio, L91, F|212/212\n|turn|17\n|inactive|Time left: 300 sec this turn | 300 sec total\n|\n|t:|1783561710\n|move|p1a: Wugtrio|Throat Chop|p2a: Reuniclus\n|-supereffective|p2a: Reuniclus\n|-damage|p2a: Reuniclus|12/100 par\n|-start|p2a: Reuniclus|Throat Chop|[silent]\n|cant|p2a: Reuniclus|par\n|\n|upkeep\n|turn|18\n|inactive|Time left: 300 sec this turn | 300 sec total\n|\n|t:|1783561711\n|move|p1a: Wugtrio|Throat Chop|p2a: Reuniclus\n|-supereffective|p2a: Reuniclus\n|-damage|p2a: Reuniclus|0 fnt\n|faint|p2a: Reuniclus\n|\n|upkeep\n|\n|t:|1783561712\n|switch|p2a: Eiscue|Eiscue-Noice, L88, M|100/100\n|turn|19\n|inactive|Time left: 300 sec this turn | 300 sec total\n|\n|t:|1783561713\n|move|p2a: Eiscue|Belly Drum|p2a: Eiscue\n|-damage|p2a: Eiscue|50/100\n|-setboost|p2a: Eiscue|atk|6|[from] move: Belly Drum\n|-enditem|p2a: Eiscue|Sitrus Berry|[eat]\n|-heal|p2a: Eiscue|75/100|[from] item: Sitrus Berry\n|move|p1a: Wugtrio|Throat Chop|p2a: Eiscue\n|-damage|p2a: Eiscue|32/100\n|-start|p2a: Eiscue|Throat Chop|[silent]\n|\n|upkeep\n|turn|20\n|inactive|Time left: 300 sec this turn | 300 sec total\n|\n|t:|1783561714\n|move|p2a: Eiscue|Ice Spinner|p1a: Wugtrio\n|-resisted|p1a: Wugtrio\n|-damage|p1a: Wugtrio|8/212\n|-ability|p1a: Wugtrio|Gooey\n|-unboost|p2a: Eiscue|spe|1\n|move|p1a: Wugtrio|Throat Chop|p2a: Eiscue\n|-damage|p2a: Eiscue|0 fnt\n|faint|p2a: Eiscue\n|\n|upkeep\n|\n|t:|1783561715\n|switch|p2a: Luvdisc|Luvdisc, F|100/100\n|turn|21\n|inactive|Time left: 300 sec this turn | 300 sec total\n|\n|t:|1783561716\n|move|p1a: Wugtrio|Throat Chop|p2a: Luvdisc\n|-damage|p2a: Luvdisc|48/100\n|-start|p2a: Luvdisc|Throat Chop|[silent]\n|move|p2a: Luvdisc|Flip Turn|p1a: Wugtrio\n|-resisted|p1a: Wugtrio\n|-damage|p1a: Wugtrio|0 fnt\n|-ability|p1a: Wugtrio|Gooey\n|-unboost|p2a: Luvdisc|spe|1\n|faint|p1a: Wugtrio\n|\n|t:|1783561717\n|switch|p2a: Skeledirge|Skeledirge, L79, F|30/100|[from] Flip Turn\n|\n|upkeep\n|inactive|Time left: 300 sec this turn | 300 sec total | 10 sec grace\n|\n|t:|1783561718\n|switch|p1a: Dodrio|Dodrio, L85, M|241/241\n|turn|22\n|inactive|Time left: 300 sec this turn | 300 sec total\n|\n|t:|1783561718\n|-terastallize|p1a: Dodrio|Flying\n|move|p1a: Dodrio|Brave Bird|p2a: Skeledirge\n|-damage|p2a: Skeledirge|0 fnt\n|faint|p2a: Skeledirge\n|-damage|p1a: Dodrio|213/241|[from] Recoil\n|\n|upkeep\n|\n|t:|1783561719\n|switch|p2a: Luvdisc|Luvdisc, F|48/100\n|turn|23\n|inactive|Time left: 300 sec this turn | 300 sec total\n|\n|t:|1783561720\n|move|p2a: Luvdisc|Substitute|p2a: Luvdisc\n|-start|p2a: Luvdisc|Substitute\n|-damage|p2a: Luvdisc|24/100\n|move|p1a: Dodrio|Brave Bird|p2a: Luvdisc\n|-end|p2a: Luvdisc|Substitute\n|-damage|p1a: Dodrio|193/241|[from] Recoil|[of] p2a: Luvdisc\n|\n|upkeep\n|turn|24\n|inactive|Time left: 300 sec this turn | 300 sec total\n|\n|t:|1783561721\n|move|p2a: Luvdisc|Flip Turn|p1a: Dodrio\n|-damage|p1a: Dodrio|144/241\n|move|p1a: Dodrio|Brave Bird|p2a: Luvdisc\n|-damage|p2a: Luvdisc|0 fnt\n|faint|p2a: Luvdisc\n|-damage|p1a: Dodrio|125/241|[from] Recoil\n|\n|win|p0x19384abf", "uploadtime": 1783561721, "views": 0, "rating": 0, "private": 0, "password": null, "_winner": "p0x19384abf", "_our_name": "p0x19384abf"}