{"id": "battle-gen9randombattle-949", "formatid": "gen9randombattle", "format": "[Gen 9] Random Battle", "players": ["p0x949cb08", "p0y949ccc6"], "log": "|init|battle\n|title|p0x949cb08 vs. p0y949ccc6\n|j|\u2606p0x949cb08\n|j|\u2606p0y949ccc6\n|t:|1783550869\n|gametype|singles\n|player|p1|p0x949cb08|265|\n|player|p2|p0y949ccc6|102|\n|gen|9\n|tier|[Gen 9] Random Battle\n|rule|Species Clause: Limit one of each Pok\u00e9mon\n|rule|HP Percentage Mod: HP is shown in percentages\n|rule|Sleep Clause Mod: Limit one foe put to sleep\n|rule|Illusion Level Mod: Illusion disguises the Pok\u00e9mon's true level\n|\n|t:|1783550869\n|teamsize|p1|6\n|teamsize|p2|6\n|start\n|switch|p1a: Grafaiai|Grafaiai, L86, M|249/249\n|switch|p2a: Regirock|Regirock, L83|100/100\n|turn|1\n|inactive|Battle timer is ON: inactive players will automatically lose when time's up. (requested by p0y949ccc6)\n|inactive|Time left: 300 sec this turn | 300 sec total | 60 sec grace\n|inactive|p0x949cb08 also wants the timer to be on.\n|\n|t:|1783550871\n|switch|p1a: Hydrapple|Hydrapple, L83, M|312/312\n|move|p2a: Regirock|Stone Edge|p1a: Hydrapple\n|-damage|p1a: Hydrapple|222/312\n|\n|upkeep\n|turn|2\n|inactive|Time left: 300 sec this turn | 300 sec total\n|\n|t:|1783550872\n|move|p2a: Regirock|Body Press|p1a: Hydrapple\n|-damage|p1a: Hydrapple|130/312\n|move|p1a: Hydrapple|Giga Drain|p2a: Regirock\n|-supereffective|p2a: Regirock\n|-damage|p2a: Regirock|39/100\n|-heal|p1a: Hydrapple|212/312|[from] drain|[of] p2a: Regirock\n|\n|upkeep\n|turn|3\n|inactive|Time left: 300 sec this turn | 300 sec total\n|\n|t:|1783550873\n|move|p2a: Regirock|Rest|p2a: Regirock\n|-status|p2a: Regirock|slp|[from] move: Rest\n|-heal|p2a: Regirock|100/100 slp|[silent]\n|-enditem|p2a: Regirock|Chesto Berry|[eat]\n|-curestatus|p2a: Regirock|slp|[msg]\n|move|p1a: Hydrapple|Giga Drain|p2a: Regirock\n|-supereffective|p2a: Regirock\n|-damage|p2a: Regirock|36/100\n|-heal|p1a: Hydrapple|299/312|[from] drain|[of] p2a: Regirock\n|\n|upkeep\n|turn|4\n|inactive|Time left: 300 sec this turn | 300 sec total\n|\n|t:|1783550874\n|move|p2a: Regirock|Rest|p2a: Regirock\n|-status|p2a: Regirock|slp|[from] move: Rest\n|-heal|p2a: Regirock|100/100 slp|[silent]\n|move|p1a: Hydrapple|Giga Drain|p2a: Regirock\n|-supereffective|p2a: Regirock\n|-damage|p2a: Regirock|33/100 slp\n|-heal|p1a: Hydrapple|312/312|[from] drain|[of] p2a: Regirock\n|\n|upkeep\n|turn|5\n|inactive|Time left: 300 sec this turn | 300 sec total\n|\n|t:|1783550875\n|switch|p2a: Incineroar|Incineroar, L82, M|100/100\n|-ability|p2a: Incineroar|Intimidate|boost\n|-unboost|p1a: Hydrapple|atk|1\n|move|p1a: Hydrapple|Fickle Beam|p2a: Incineroar|[anim] Fickle Beam All Out\n|-activate|p1a: Hydrapple|move: Fickle Beam\n|-damage|p2a: Incineroar|29/100\n|\n|upkeep\n|turn|6\n|inactive|Time left: 300 sec this turn | 300 sec total\n|\n|t:|1783550876\n|move|p2a: Incineroar|Knock Off|p1a: Hydrapple\n|-damage|p1a: Hydrapple|209/312\n|-enditem|p1a: Hydrapple|Assault Vest|[from] move: Knock Off|[of] p2a: Incineroar\n|move|p1a: Hydrapple|Fickle Beam|p2a: Incineroar\n|-crit|p2a: Incineroar\n|-damage|p2a: Incineroar|0 fnt\n|faint|p2a: Incineroar\n|\n|upkeep\n|\n|t:|1783550877\n|switch|p2a: Kommo-o|Kommo-o, L77, M|100/100\n|turn|7\n|inactive|Time left: 300 sec this turn | 300 sec total\n|\n|t:|1783550879\n|switch|p1a: Raikou|Raikou, L81|278/278\n|-ability|p1a: Raikou|Pressure\n|move|p2a: Kommo-o|Clangorous Soul|p2a: Kommo-o\n|-boost|p2a: Kommo-o|atk|1\n|-boost|p2a: Kommo-o|def|1\n|-boost|p2a: Kommo-o|spa|1\n|-boost|p2a: Kommo-o|spd|1\n|-boost|p2a: Kommo-o|spe|1\n|-damage|p2a: Kommo-o|68/100\n|-enditem|p2a: Kommo-o|Throat Spray\n|-boost|p2a: Kommo-o|spa|1|[from] item: Throat Spray\n|\n|upkeep\n|turn|8\n|inactive|Time left: 300 sec this turn | 300 sec total\n|\n|t:|1783550880\n|move|p2a: Kommo-o|Drain Punch|p1a: Raikou\n|-damage|p1a: Raikou|151/278\n|-heal|p2a: Kommo-o|94/100|[from] drain|[of] p1a: Raikou\n|move|p1a: Raikou|Volt Switch|p2a: Kommo-o\n|-resisted|p2a: Kommo-o\n|-damage|p2a: Kommo-o|78/100\n|inactive|Time left: 300 sec this turn | 300 sec total | 5 sec grace\n|\n|t:|1783550881\n|switch|p1a: Hydrapple|Hydrapple, L83, M|312/312|[from] Volt Switch\n|\n|upkeep\n|turn|9\n|inactive|Time left: 300 sec this turn | 300 sec total\n|\n|t:|1783550882\n|-terastallize|p1a: Hydrapple|Steel\n|move|p2a: Kommo-o|Clanging Scales|p1a: Hydrapple\n|-resisted|p1a: Hydrapple\n|-damage|p1a: Hydrapple|207/312\n|-unboost|p2a: Kommo-o|def|1\n|move|p1a: Hydrapple|Dragon Tail|p2a: Kommo-o\n|-supereffective|p2a: Kommo-o\n|-damage|p2a: Kommo-o|37/100\n|drag|p2a: Latios|Latios, L78, M|100/100\n|\n|upkeep\n|turn|10\n|inactive|Time left: 300 sec this turn | 300 sec total\n|\n|t:|1783550883\n|move|p2a: Latios|Luster Purge|p1a: Hydrapple\n|-resisted|p1a: Hydrapple\n|-damage|p1a: Hydrapple|130/312\n|-unboost|p1a: Hydrapple|spd|1\n|move|p1a: Hydrapple|Fickle Beam|p2a: Latios\n|-supereffective|p2a: Latios\n|-damage|p2a: Latios|26/100\n|\n|upkeep\n|turn|11\n|inactive|Time left: 300 sec this turn | 300 sec total\n|\n|t:|1783550884\n|switch|p1a: Raikou|Raikou, L81|151/278\n|-ability|p1a: Raikou|Pressure\n|move|p2a: Latios|Luster Purge|p1a: Raikou\n|-damage|p1a: Raikou|25/278\n|\n|upkeep\n|turn|12\n|inactive|Time left: 300 sec this turn | 300 sec total\n|\n|t:|1783550885\n|switch|p2a: Sawsbuck|Sawsbuck-Summer, L88, F|100/100\n|move|p1a: Raikou|Thunderbolt|p2a: Sawsbuck\n|-resisted|p2a: Sawsbuck\n|-damage|p2a: Sawsbuck|72/100\n|\n|upkeep\n|turn|13\n|inactive|Time left: 300 sec this turn | 300 sec total\n|\n|t:|1783550886\n|move|p1a: Raikou|Thunderbolt|p2a: Sawsbuck\n|-resisted|p2a: Sawsbuck\n|-damage|p2a: Sawsbuck|42/100\n|move|p2a: Sawsbuck|Swords Dance|p2a: Sawsbuck\n|-boost|p2a: Sawsbuck|atk|2\n|\n|upkeep\n|turn|14\n|inactive|Time left: 300 sec this turn | 300 sec total\n|\n|t:|1783550887\n|move|p1a: Raikou|Thunderbolt|p2a: Sawsbuck\n|-resisted|p2a: Sawsbuck\n|-damage|p2a: Sawsbuck|10/100\n|move|p2a: Sawsbuck|High Horsepower|p1a: Raikou\n|-supereffective|p1a: Raikou\n|-damage|p1a: Raikou|0 fnt\n|faint|p1a: Raikou\n|-damage|p2a: Sawsbuck|0 fnt|[from] item: Life Orb\n|faint|p2a: Sawsbuck\n|\n|upkeep\n|inactive|Time left: 300 sec this turn | 300 sec total | 5 sec grace\n|\n|t:|1783550888\n|switch|p1a: Inteleon|Inteleon, L81, F|246/246\n|switch|p2a: Latios|Latios, L78, M|26/100\n|turn|15\n|inactive|Time left: 300 sec this turn | 300 sec total\n|\n|t:|1783550889\n|move|p1a: Inteleon|Ice Beam|p2a: Latios\n|-supereffective|p2a: Latios\n|-damage|p2a: Latios|0 fnt\n|faint|p2a: Latios\n|\n|upkeep\n|\n|t:|1783550890\n|switch|p2a: Corviknight|Corviknight, L80, M|100/100\n|turn|16\n|inactive|Time left: 300 sec this turn | 300 sec total\n|\n|t:|1783550891\n|move|p1a: Inteleon|Ice Beam|p2a: Corviknight\n|-damage|p2a: Corviknight|57/100\n|move|p2a: Corviknight|Brave Bird|p1a: Inteleon\n|-damage|p1a: Inteleon|108/246\n|-damage|p2a: Corviknight|41/100|[from] Recoil\n|\n|upkeep\n|turn|17\n|inactive|Time left: 300 sec this turn | 300 sec total\n|\n|t:|1783550892\n|move|p1a: Inteleon|Ice Beam|p2a: Corviknight\n|-damage|p2a: Corviknight|0 fnt\n|faint|p2a: Corviknight\n|\n|upkeep\n|\n|t:|1783550893\n|switch|p2a: Regirock|Regirock, L83|33/100 slp\n|turn|18\n|inactive|Time left: 300 sec this turn | 300 sec total\n|\n|t:|1783550894\n|-terastallize|p2a: Regirock|Fighting\n|move|p1a: Inteleon|Ice Beam|p2a: Regirock\n|-damage|p2a: Regirock|0 fnt\n|faint|p2a: Regirock\n|\n|upkeep\n|\n|t:|1783550895\n|switch|p2a: Kommo-o|Kommo-o, L77, M|37/100\n|turn|19\n|inactive|Time left: 300 sec this turn | 300 sec total\n|\n|t:|1783550895\n|move|p1a: Inteleon|Ice Beam|p2a: Kommo-o\n|-supereffective|p2a: Kommo-o\n|-damage|p2a: Kommo-o|0 fnt\n|faint|p2a: Kommo-o\n|\n|win|p0x949cb08", "uploadtime": 1783550895, "views": 0, "rating": 0, "private": 0, "password": null, "_winner": "p0x949cb08", "_our_name": "p0x949cb08"}