{"id": "battle-gen9randombattle-644", "formatid": "gen9randombattle", "format": "[Gen 9] Random Battle", "players": ["p0x644421d", "p0y6442c58"], "log": "|init|battle\n|title|p0x644421d vs. p0y6442c58\n|j|\u2606p0x644421d\n|j|\u2606p0y6442c58\n|t:|1783547300\n|gametype|singles\n|player|p1|p0x644421d|102|\n|player|p2|p0y6442c58|2|\n|gen|9\n|tier|[Gen 9] Random Battle\n|rule|Species Clause: Limit one of each Pok\u00e9mon\n|rule|HP Percentage Mod: HP is shown in percentages\n|rule|Sleep Clause Mod: Limit one foe put to sleep\n|rule|Illusion Level Mod: Illusion disguises the Pok\u00e9mon's true level\n|\n|t:|1783547300\n|teamsize|p1|6\n|teamsize|p2|6\n|start\n|switch|p1a: Umbreon|Umbreon, L84, F|297/297\n|switch|p2a: Golem|Golem, L87, F|100/100\n|turn|1\n|inactive|Battle timer is ON: inactive players will automatically lose when time's up. (requested by p0y6442c58)\n|inactive|Time left: 300 sec this turn | 300 sec total | 60 sec grace\n|inactive|p0x644421d also wants the timer to be on.\n|\n|t:|1783547301\n|move|p1a: Umbreon|Foul Play|p2a: Golem\n|-damage|p2a: Golem|70/100\n|move|p2a: Golem|Earthquake|p1a: Umbreon\n|-damage|p1a: Umbreon|189/297\n|\n|-heal|p1a: Umbreon|207/297|[from] item: Leftovers\n|upkeep\n|turn|2\n|inactive|Time left: 300 sec this turn | 300 sec total\n|\n|t:|1783547302\n|move|p1a: Umbreon|Toxic|p2a: Golem\n|-status|p2a: Golem|tox\n|move|p2a: Golem|Earthquake|p1a: Umbreon\n|-damage|p1a: Umbreon|90/297\n|\n|-heal|p1a: Umbreon|108/297|[from] item: Leftovers\n|-damage|p2a: Golem|63/100 tox|[from] psn\n|upkeep\n|turn|3\n|inactive|Time left: 300 sec this turn | 300 sec total\n|\n|t:|1783547303\n|move|p1a: Umbreon|Protect|p1a: Umbreon\n|-singleturn|p1a: Umbreon|Protect\n|move|p2a: Golem|Earthquake|p1a: Umbreon\n|-activate|p1a: Umbreon|move: Protect\n|\n|-heal|p1a: Umbreon|126/297|[from] item: Leftovers\n|-damage|p2a: Golem|51/100 tox|[from] psn\n|upkeep\n|turn|4\n|inactive|Time left: 300 sec this turn | 300 sec total\n|\n|t:|1783547304\n|move|p1a: Umbreon|Wish|p1a: Umbreon\n|move|p2a: Golem|Explosion|p1a: Umbreon\n|-damage|p1a: Umbreon|0 fnt\n|faint|p2a: Golem\n|faint|p1a: Umbreon\n|\n|upkeep\n|inactive|Time left: 300 sec this turn | 300 sec total | 5 sec grace\n|\n|t:|1783547305\n|switch|p1a: Magcargo|Magcargo, L95, M|268/268\n|switch|p2a: Volcarona|Volcarona, L77, F|100/100\n|turn|5\n|inactive|Time left: 300 sec this turn | 300 sec total\n|\n|t:|1783547306\n|move|p2a: Volcarona|Quiver Dance|p2a: Volcarona\n|-boost|p2a: Volcarona|spa|1\n|-boost|p2a: Volcarona|spd|1\n|-boost|p2a: Volcarona|spe|1\n|move|p1a: Magcargo|Power Gem|p2a: Volcarona\n|-supereffective|p2a: Volcarona\n|-damage|p2a: Volcarona|1/100\n|\n|upkeep\n|turn|6\n|inactive|Time left: 300 sec this turn | 300 sec total\n|\n|t:|1783547307\n|move|p2a: Volcarona|Bug Buzz|p1a: Magcargo\n|-resisted|p1a: Magcargo\n|-damage|p1a: Magcargo|193/268\n|move|p1a: Magcargo|Power Gem|p2a: Volcarona\n|-supereffective|p2a: Volcarona\n|-damage|p2a: Volcarona|0 fnt\n|faint|p2a: Volcarona\n|\n|upkeep\n|\n|t:|1783547308\n|switch|p2a: Overqwil|Overqwil, L82, F|100/100\n|-ability|p2a: Overqwil|Intimidate|boost\n|-unboost|p1a: Magcargo|atk|1\n|turn|7\n|inactive|Time left: 300 sec this turn | 300 sec total\n|\n|t:|1783547309\n|move|p2a: Overqwil|Swords Dance|p2a: Overqwil\n|-boost|p2a: Overqwil|atk|2\n|move|p1a: Magcargo|Earth Power|p2a: Overqwil\n|-supereffective|p2a: Overqwil\n|-damage|p2a: Overqwil|33/100\n|\n|upkeep\n|turn|8\n|inactive|Time left: 300 sec this turn | 300 sec total\n|\n|t:|1783547310\n|move|p2a: Overqwil|Scale Shot|p1a: Magcargo\n|-damage|p1a: Magcargo|165/268\n|-ability|p1a: Magcargo|Weak Armor|boost\n|-unboost|p1a: Magcargo|def|1\n|-boost|p1a: Magcargo|spe|2\n|-damage|p1a: Magcargo|127/268\n|-ability|p1a: Magcargo|Weak Armor|boost\n|-unboost|p1a: Magcargo|def|1\n|-boost|p1a: Magcargo|spe|2\n|-damage|p1a: Magcargo|72/268\n|-ability|p1a: Magcargo|Weak Armor|boost\n|-unboost|p1a: Magcargo|def|1\n|-boost|p1a: Magcargo|spe|2\n|-crit|p1a: Magcargo\n|-damage|p1a: Magcargo|0 fnt\n|faint|p1a: Magcargo\n|-hitcount|p1: Magcargo|4\n|-unboost|p2a: Overqwil|def|1\n|-boost|p2a: Overqwil|spe|1\n|\n|upkeep\n|inactive|Time left: 300 sec this turn | 300 sec total | 5 sec grace\n|\n|t:|1783547312\n|switch|p1a: Garchomp|Garchomp, L74, M|282/282\n|turn|9\n|inactive|Time left: 300 sec this turn | 300 sec total\n|\n|t:|1783547313\n|-terastallize|p1a: Garchomp|Steel\n|move|p2a: Overqwil|Scale Shot|p1a: Garchomp\n|-resisted|p1a: Garchomp\n|-damage|p1a: Garchomp|262/282\n|-resisted|p1a: Garchomp\n|-damage|p1a: Garchomp|243/282\n|-resisted|p1a: Garchomp\n|-damage|p1a: Garchomp|224/282\n|-resisted|p1a: Garchomp\n|-damage|p1a: Garchomp|203/282\n|-resisted|p1a: Garchomp\n|-damage|p1a: Garchomp|183/282\n|-hitcount|p1a: Garchomp|5\n|-unboost|p2a: Overqwil|def|1\n|-boost|p2a: Overqwil|spe|1\n|move|p1a: Garchomp|Outrage|p2a: Overqwil\n|-damage|p2a: Overqwil|0 fnt\n|faint|p2a: Overqwil\n|\n|upkeep\n|\n|t:|1783547314\n|switch|p2a: Zapdos|Zapdos, L78|100/100\n|turn|10\n|inactive|Time left: 300 sec this turn | 300 sec total\n|\n|t:|1783547315\n|move|p2a: Zapdos|Heat Wave|p1a: Garchomp\n|-supereffective|p1a: Garchomp\n|-damage|p1a: Garchomp|25/282\n|move|p1a: Garchomp|Outrage|p2a: Zapdos|[from] lockedmove\n|-crit|p2a: Zapdos\n|-damage|p2a: Zapdos|27/100\n|-start|p1a: Garchomp|confusion|[fatigue]\n|\n|upkeep\n|turn|11\n|inactive|Time left: 300 sec this turn | 300 sec total\n|\n|t:|1783547316\n|switch|p1a: Pecharunt|Pecharunt, L77|262/262\n|move|p2a: Zapdos|Roost|p2a: Zapdos\n|-heal|p2a: Zapdos|77/100\n|-singleturn|p2a: Zapdos|move: Roost\n|\n|upkeep\n|turn|12\n|inactive|Time left: 300 sec this turn | 300 sec total\n|\n|t:|1783547317\n|move|p2a: Zapdos|Discharge|p1a: Pecharunt\n|-damage|p1a: Pecharunt|163/262\n|-status|p1a: Pecharunt|par\n|cant|p1a: Pecharunt|par\n|\n|-heal|p1a: Pecharunt|179/262 par|[from] item: Leftovers\n|upkeep\n|turn|13\n|inactive|Time left: 300 sec this turn | 300 sec total\n|\n|t:|1783547319\n|move|p2a: Zapdos|Hurricane|p1a: Pecharunt|[miss]\n|-miss|p2a: Zapdos|p1a: Pecharunt\n|move|p1a: Pecharunt|Recover|p1a: Pecharunt\n|-heal|p1a: Pecharunt|262/262 par\n|\n|upkeep\n|turn|14\n|inactive|Time left: 300 sec this turn | 300 sec total\n|\n|t:|1783547320\n|move|p2a: Zapdos|Hurricane|p1a: Pecharunt|[miss]\n|-miss|p2a: Zapdos|p1a: Pecharunt\n|move|p1a: Pecharunt|Nasty Plot|p1a: Pecharunt\n|-boost|p1a: Pecharunt|spa|2\n|\n|upkeep\n|turn|15\n|inactive|Time left: 300 sec this turn | 300 sec total\n|\n|t:|1783547321\n|move|p2a: Zapdos|Hurricane|p1a: Pecharunt\n|-damage|p1a: Pecharunt|133/262 par\n|move|p1a: Pecharunt|Malignant Chain|p2a: Zapdos\n|-damage|p2a: Zapdos|12/100\n|-status|p2a: Zapdos|tox\n|-start|p2a: Zapdos|confusion|[from] ability: Poison Puppeteer|[of] p1a: Pecharunt\n|\n|-heal|p1a: Pecharunt|149/262 par|[from] item: Leftovers\n|-damage|p2a: Zapdos|6/100 tox|[from] psn\n|upkeep\n|turn|16\n|inactive|Time left: 300 sec this turn | 300 sec total\n|\n|t:|1783547322\n|-activate|p2a: Zapdos|confusion\n|move|p2a: Zapdos|Hurricane|p1a: Pecharunt|[miss]\n|-miss|p2a: Zapdos|p1a: Pecharunt\n|move|p1a: Pecharunt|Recover|p1a: Pecharunt\n|-heal|p1a: Pecharunt|262/262 par\n|\n|-damage|p2a: Zapdos|0 fnt|[from] psn\n|faint|p2a: Zapdos\n|upkeep\n|\n|t:|1783547323\n|switch|p2a: Wo-Chien|Wo-Chien, L83|100/100\n|-ability|p2a: Wo-Chien|Tablets of Ruin\n|turn|17\n|inactive|Time left: 300 sec this turn | 300 sec total\n|\n|t:|1783547324\n|-terastallize|p2a: Wo-Chien|Poison\n|move|p2a: Wo-Chien|Knock Off|p1a: Pecharunt\n|-supereffective|p1a: Pecharunt\n|-damage|p1a: Pecharunt|140/262 par\n|-enditem|p1a: Pecharunt|Leftovers|[from] move: Knock Off|[of] p2a: Wo-Chien\n|move|p1a: Pecharunt|Malignant Chain|p2a: Wo-Chien\n|-resisted|p2a: Wo-Chien\n|-damage|p2a: Wo-Chien|79/100\n|\n|-heal|p2a: Wo-Chien|85/100|[from] item: Leftovers\n|upkeep\n|turn|18\n|inactive|Time left: 300 sec this turn | 300 sec total\n|\n|t:|1783547325\n|move|p2a: Wo-Chien|Knock Off|p1a: Pecharunt\n|-supereffective|p1a: Pecharunt\n|-damage|p1a: Pecharunt|62/262 par\n|move|p1a: Pecharunt|Recover|p1a: Pecharunt\n|-heal|p1a: Pecharunt|193/262 par\n|\n|-heal|p2a: Wo-Chien|91/100|[from] item: Leftovers\n|upkeep\n|turn|19\n|inactive|Time left: 300 sec this turn | 300 sec total\n|\n|t:|1783547326\n|move|p2a: Wo-Chien|Knock Off|p1a: Pecharunt\n|-supereffective|p1a: Pecharunt\n|-damage|p1a: Pecharunt|107/262 par\n|move|p1a: Pecharunt|Shadow Ball|p2a: Wo-Chien\n|-damage|p2a: Wo-Chien|57/100\n|-unboost|p2a: Wo-Chien|spd|1\n|\n|-heal|p2a: Wo-Chien|63/100|[from] item: Leftovers\n|upkeep\n|turn|20\n|inactive|Time left: 300 sec this turn | 300 sec total\n|\n|t:|1783547327\n|move|p2a: Wo-Chien|Knock Off|p1a: Pecharunt\n|-supereffective|p1a: Pecharunt\n|-damage|p1a: Pecharunt|27/262 par\n|move|p1a: Pecharunt|Recover|p1a: Pecharunt\n|-heal|p1a: Pecharunt|158/262 par\n|\n|-heal|p2a: Wo-Chien|69/100|[from] item: Leftovers\n|upkeep\n|turn|21\n|inactive|Time left: 300 sec this turn | 300 sec total\n|\n|t:|1783547328\n|move|p2a: Wo-Chien|Knock Off|p1a: Pecharunt\n|-supereffective|p1a: Pecharunt\n|-damage|p1a: Pecharunt|72/262 par\n|move|p1a: Pecharunt|Recover|p1a: Pecharunt\n|-heal|p1a: Pecharunt|203/262 par\n|\n|-heal|p2a: Wo-Chien|76/100|[from] item: Leftovers\n|upkeep\n|turn|22\n|inactive|Time left: 300 sec this turn | 300 sec total\n|\n|t:|1783547329\n|move|p2a: Wo-Chien|Knock Off|p1a: Pecharunt\n|-supereffective|p1a: Pecharunt\n|-damage|p1a: Pecharunt|123/262 par\n|move|p1a: Pecharunt|Shadow Ball|p2a: Wo-Chien\n|-damage|p2a: Wo-Chien|25/100\n|\n|-heal|p2a: Wo-Chien|31/100|[from] item: Leftovers\n|upkeep\n|turn|23\n|inactive|Time left: 300 sec this turn | 300 sec total\n|\n|t:|1783547329\n|move|p2a: Wo-Chien|Knock Off|p1a: Pecharunt\n|-supereffective|p1a: Pecharunt\n|-damage|p1a: Pecharunt|45/262 par\n|cant|p1a: Pecharunt|par\n|\n|-heal|p2a: Wo-Chien|37/100|[from] item: Leftovers\n|upkeep\n|turn|24\n|inactive|Time left: 300 sec this turn | 300 sec total\n|\n|t:|1783547331\n|move|p2a: Wo-Chien|Knock Off|p1a: Pecharunt\n|-supereffective|p1a: Pecharunt\n|-damage|p1a: Pecharunt|0 fnt\n|faint|p1a: Pecharunt\n|\n|-heal|p2a: Wo-Chien|43/100|[from] item: Leftovers\n|upkeep\n|inactive|Time left: 300 sec this turn | 300 sec total | 5 sec grace\n|\n|t:|1783547331\n|switch|p1a: Garchomp|Garchomp, L74, M, tera:Steel|25/282\n|turn|25\n|inactive|Time left: 300 sec this turn | 300 sec total\n|\n|t:|1783547332\n|switch|p2a: Dachsbun|Dachsbun, L92, F|100/100\n|move|p1a: Garchomp|Earthquake|p2a: Dachsbun\n|-damage|p2a: Dachsbun|72/100\n|\n|-heal|p2a: Dachsbun|78/100|[from] item: Leftovers\n|upkeep\n|turn|26\n|inactive|Time left: 300 sec this turn | 300 sec total\n|\n|t:|1783547333\n|move|p2a: Dachsbun|Play Rough|p1a: Garchomp\n|-resisted|p1a: Garchomp\n|-damage|p1a: Garchomp|0 fnt\n|-damage|p2a: Dachsbun|65/100|[from] ability: Rough Skin|[of] p1a: Garchomp\n|-damage|p2a: Dachsbun|49/100|[from] item: Rocky Helmet|[of] p1a: Garchomp\n|faint|p1a: Garchomp\n|\n|-heal|p2a: Dachsbun|55/100|[from] item: Leftovers\n|upkeep\n|inactive|Time left: 300 sec this turn | 300 sec total | 5 sec grace\n|\n|t:|1783547334\n|switch|p1a: Deoxys|Deoxys-Attack, L72|191/191\n|-ability|p1a: Deoxys|Pressure\n|turn|27\n|inactive|Time left: 300 sec this turn | 300 sec total\n|\n|t:|1783547335\n|switch|p2a: Wo-Chien|Wo-Chien, L83, tera:Poison|43/100\n|-ability|p2a: Wo-Chien|Tablets of Ruin\n|move|p1a: Deoxys|Psycho Boost|p2a: Wo-Chien\n|-supereffective|p2a: Wo-Chien\n|-damage|p2a: Wo-Chien|0 fnt\n|-unboost|p1a: Deoxys|spa|2\n|faint|p2a: Wo-Chien\n|-damage|p1a: Deoxys|172/191|[from] item: Life Orb\n|\n|upkeep\n|\n|t:|1783547336\n|switch|p2a: Dachsbun|Dachsbun, L92, F|55/100\n|turn|28\n|inactive|Time left: 300 sec this turn | 300 sec total\n|\n|t:|1783547337\n|move|p1a: Deoxys|Psycho Boost|p2a: Dachsbun\n|-damage|p2a: Dachsbun|12/100\n|-unboost|p1a: Deoxys|spa|2\n|-damage|p1a: Deoxys|153/191|[from] item: Life Orb\n|move|p2a: Dachsbun|Wish|p2a: Dachsbun\n|\n|-heal|p2a: Dachsbun|17/100|[from] item: Leftovers\n|upkeep\n|turn|29\n|inactive|Time left: 300 sec this turn | 300 sec total\n|\n|t:|1783547338\n|switch|p1a: Torkoal|Torkoal, L88, M|266/266\n|-weather|SunnyDay|[from] ability: Drought|[of] p1a: Torkoal\n|move|p2a: Dachsbun|Protect||[still]\n|-fail|p2a: Dachsbun\n|\n|-weather|SunnyDay|[upkeep]\n|-heal|p2a: Dachsbun|67/100|[from] move: Wish|[wisher] Dachsbun\n|-heal|p2a: Dachsbun|73/100|[from] item: Leftovers\n|upkeep\n|turn|30\n|inactive|Time left: 300 sec this turn | 300 sec total\n|\n|t:|1783547339\n|move|p2a: Dachsbun|Play Rough|p1a: Torkoal\n|-resisted|p1a: Torkoal\n|-damage|p1a: Torkoal|234/266\n|move|p1a: Torkoal|Rapid Spin|p2a: Dachsbun\n|-damage|p2a: Dachsbun|63/100\n|-boost|p1a: Torkoal|spe|1\n|\n|-weather|SunnyDay|[upkeep]\n|-heal|p2a: Dachsbun|69/100|[from] item: Leftovers\n|upkeep\n|turn|31\n|inactive|Time left: 300 sec this turn | 300 sec total\n|\n|t:|1783547340\n|move|p2a: Dachsbun|Wish|p2a: Dachsbun\n|move|p1a: Torkoal|Yawn|p2a: Dachsbun\n|-start|p2a: Dachsbun|move: Yawn|[of] p1a: Torkoal\n|\n|-weather|SunnyDay|[upkeep]\n|-heal|p2a: Dachsbun|75/100|[from] item: Leftovers\n|upkeep\n|turn|32\n|inactive|Time left: 300 sec this turn | 300 sec total\n|\n|t:|1783547341\n|move|p2a: Dachsbun|Yawn|p1a: Torkoal\n|-start|p1a: Torkoal|move: Yawn|[of] p2a: Dachsbun\n|move|p1a: Torkoal|Rapid Spin|p2a: Dachsbun\n|-damage|p2a: Dachsbun|63/100\n|-boost|p1a: Torkoal|spe|1\n|\n|-weather|SunnyDay|[upkeep]\n|-heal|p2a: Dachsbun|100/100|[from] move: Wish|[wisher] Dachsbun\n|-end|p2a: Dachsbun|move: Yawn|[silent]\n|-status|p2a: Dachsbun|slp\n|upkeep\n|turn|33\n|inactive|Time left: 300 sec this turn | 300 sec total\n|\n|t:|1783547343\n|switch|p1a: Deoxys|Deoxys-Attack, L72|153/191\n|-ability|p1a: Deoxys|Pressure\n|cant|p2a: Dachsbun|slp\n|\n|-weather|none\n|upkeep\n|turn|34\n|inactive|Time left: 300 sec this turn | 300 sec total\n|\n|t:|1783547344\n|cant|p2a: Dachsbun|slp\n|move|p1a: Deoxys|Psycho Boost|p2a: Dachsbun\n|-damage|p2a: Dachsbun|5/100 slp\n|-unboost|p1a: Deoxys|spa|2\n|-damage|p1a: Deoxys|134/191|[from] item: Life Orb\n|\n|-heal|p2a: Dachsbun|11/100 slp|[from] item: Leftovers\n|upkeep\n|turn|35\n|inactive|Time left: 300 sec this turn | 300 sec total\n|\n|t:|1783547344\n|-curestatus|p2a: Dachsbun|slp|[msg]\n|move|p2a: Dachsbun|Protect|p2a: Dachsbun\n|-singleturn|p2a: Dachsbun|Protect\n|move|p1a: Deoxys|Ice Beam|p2a: Dachsbun\n|-activate|p2a: Dachsbun|move: Protect\n|\n|-heal|p2a: Dachsbun|17/100|[from] item: Leftovers\n|upkeep\n|turn|36\n|inactive|Time left: 300 sec this turn | 300 sec total\n|\n|t:|1783547345\n|move|p2a: Dachsbun|Protect||[still]\n|-fail|p2a: Dachsbun\n|move|p1a: Deoxys|Ice Beam|p2a: Dachsbun\n|-crit|p2a: Dachsbun\n|-damage|p2a: Dachsbun|0 fnt\n|faint|p2a: Dachsbun\n|-damage|p1a: Deoxys|115/191|[from] item: Life Orb\n|\n|win|p0x644421d", "uploadtime": 1783547345, "views": 0, "rating": 0, "private": 0, "password": null, "_winner": "p0x644421d", "_our_name": "p0x644421d"}