{"id": "battle-gen9randombattle-440", "formatid": "gen9randombattle", "format": "[Gen 9] Random Battle", "players": ["p0x44056d8", "p0y4403041"], "log": "|init|battle\n|title|p0x44056d8 vs. p0y4403041\n|j|\u2606p0x44056d8\n|j|\u2606p0y4403041\n|t:|1783544847\n|gametype|singles\n|player|p1|p0x44056d8|265|\n|player|p2|p0y4403041|266|\n|gen|9\n|tier|[Gen 9] Random Battle\n|rule|Species Clause: Limit one of each Pok\u00e9mon\n|rule|HP Percentage Mod: HP is shown in percentages\n|rule|Sleep Clause Mod: Limit one foe put to sleep\n|rule|Illusion Level Mod: Illusion disguises the Pok\u00e9mon's true level\n|\n|t:|1783544847\n|teamsize|p1|6\n|teamsize|p2|6\n|start\n|switch|p1a: Cinccino|Cinccino, L83, M|100/100\n|switch|p2a: Vikavolt|Vikavolt, L83, M|263/263\n|turn|1\n|inactive|Battle timer is ON: inactive players will automatically lose when time's up. (requested by p0x44056d8)\n|inactive|Time left: 300 sec this turn | 300 sec total | 60 sec grace\n|inactive|p0y4403041 also wants the timer to be on.\n|\n|t:|1783544849\n|move|p1a: Cinccino|Tidy Up|p1a: Cinccino\n|-boost|p1a: Cinccino|atk|1\n|-boost|p1a: Cinccino|spe|1\n|move|p2a: Vikavolt|Sticky Web|p1a: Cinccino\n|-sidestart|p1: p0x44056d8|move: Sticky Web\n|\n|upkeep\n|turn|2\n|inactive|Time left: 300 sec this turn | 300 sec total\n|\n|t:|1783544850\n|move|p1a: Cinccino|Tidy Up|p1a: Cinccino\n|-sideend|p1: p0x44056d8|Sticky Web\n|-activate|p1a: Cinccino|move: Tidy Up\n|-boost|p1a: Cinccino|atk|1\n|-boost|p1a: Cinccino|spe|1\n|move|p2a: Vikavolt|Discharge|p1a: Cinccino\n|-damage|p1a: Cinccino|39/100\n|\n|upkeep\n|turn|3\n|inactive|Time left: 300 sec this turn | 300 sec total\n|\n|t:|1783544851\n|switch|p2a: Pecharunt|Pecharunt, L77|262/262\n|move|p1a: Cinccino|Tail Slap|p2a: Pecharunt\n|-immune|p2a: Pecharunt\n|\n|upkeep\n|turn|4\n|inactive|Time left: 300 sec this turn | 300 sec total\n|\n|t:|1783544853\n|move|p1a: Cinccino|Triple Axel|p2a: Pecharunt\n|-damage|p2a: Pecharunt|232/262\n|-damage|p2a: Pecharunt|180/262\n|-damage|p2a: Pecharunt|92/262\n|-hitcount|p2a: Pecharunt|3\n|move|p2a: Pecharunt|Malignant Chain|p1a: Cinccino\n|-damage|p1a: Cinccino|0 fnt\n|faint|p1a: Cinccino\n|\n|-heal|p2a: Pecharunt|108/262|[from] item: Leftovers\n|upkeep\n|\n|t:|1783544854\n|switch|p1a: Grumpig|Grumpig, L92, M|100/100\n|turn|5\n|inactive|Time left: 300 sec this turn | 300 sec total\n|\n|t:|1783544855\n|switch|p2a: Enamorus|Enamorus-Therian, L83, F|259/259\n|move|p1a: Grumpig|Shadow Ball|p2a: Enamorus\n|-damage|p2a: Enamorus|200/259\n|\n|upkeep\n|turn|6\n|inactive|Time left: 300 sec this turn | 300 sec total\n|\n|t:|1783544856\n|move|p1a: Grumpig|Nasty Plot|p1a: Grumpig\n|-boost|p1a: Grumpig|spa|2\n|move|p2a: Enamorus|Moonblast|p1a: Grumpig\n|-damage|p1a: Grumpig|50/100\n|\n|-heal|p1a: Grumpig|56/100|[from] item: Leftovers\n|upkeep\n|turn|7\n|inactive|Time left: 300 sec this turn | 300 sec total\n|\n|t:|1783544857\n|move|p1a: Grumpig|Psychic|p2a: Enamorus\n|-damage|p2a: Enamorus|0 fnt\n|faint|p2a: Enamorus\n|\n|-heal|p1a: Grumpig|62/100|[from] item: Leftovers\n|upkeep\n|inactive|Time left: 300 sec this turn | 300 sec total | 5 sec grace\n|\n|t:|1783544859\n|switch|p2a: Vikavolt|Vikavolt, L83, M|263/263\n|turn|8\n|inactive|Time left: 300 sec this turn | 300 sec total\n|\n|t:|1783544860\n|move|p1a: Grumpig|Psychic|p2a: Vikavolt\n|-damage|p2a: Vikavolt|7/263\n|move|p2a: Vikavolt|Sticky Web|p1a: Grumpig\n|-sidestart|p1: p0x44056d8|move: Sticky Web\n|\n|-heal|p1a: Grumpig|68/100|[from] item: Leftovers\n|upkeep\n|turn|9\n|inactive|Time left: 300 sec this turn | 300 sec total\n|\n|t:|1783544861\n|move|p1a: Grumpig|Psychic|p2a: Vikavolt\n|-damage|p2a: Vikavolt|0 fnt\n|faint|p2a: Vikavolt\n|\n|-heal|p1a: Grumpig|74/100|[from] item: Leftovers\n|upkeep\n|inactive|Time left: 300 sec this turn | 300 sec total | 5 sec grace\n|\n|t:|1783544862\n|switch|p2a: Muk|Muk, L86, M|321/321\n|turn|10\n|inactive|Time left: 300 sec this turn | 300 sec total\n|\n|t:|1783544863\n|-terastallize|p2a: Muk|Dark\n|move|p1a: Grumpig|Psychic|p2a: Muk\n|-immune|p2a: Muk\n|move|p2a: Muk|Knock Off|p1a: Grumpig\n|-supereffective|p1a: Grumpig\n|-damage|p1a: Grumpig|0 fnt\n|-enditem|p1a: Grumpig|Leftovers|[from] move: Knock Off|[of] p2a: Muk\n|faint|p1a: Grumpig\n|\n|upkeep\n|\n|t:|1783544864\n|switch|p1a: Kommo-o|Kommo-o, L77, F|100/100\n|-activate|p1a: Kommo-o|move: Sticky Web\n|-unboost|p1a: Kommo-o|spe|1\n|turn|11\n|inactive|Time left: 300 sec this turn | 300 sec total\n|\n|t:|1783544865\n|move|p2a: Muk|Knock Off|p1a: Kommo-o\n|-resisted|p1a: Kommo-o\n|-damage|p1a: Kommo-o|81/100\n|-enditem|p1a: Kommo-o|Throat Spray|[from] move: Knock Off|[of] p2a: Muk\n|move|p1a: Kommo-o|Drain Punch|p2a: Muk\n|-supereffective|p2a: Muk\n|-damage|p2a: Muk|153/321\n|-heal|p1a: Kommo-o|100/100|[from] drain|[of] p2a: Muk\n|\n|-heal|p2a: Muk|173/321|[from] item: Leftovers\n|upkeep\n|turn|12\n|inactive|Time left: 300 sec this turn | 300 sec total\n|\n|t:|1783544866\n|move|p2a: Muk|Drain Punch|p1a: Kommo-o\n|-damage|p1a: Kommo-o|81/100\n|-heal|p2a: Muk|197/321|[from] drain|[of] p1a: Kommo-o\n|-status|p1a: Kommo-o|psn|[from] ability: Poison Touch|[of] p2a: Muk\n|move|p1a: Kommo-o|Clangorous Soul|p1a: Kommo-o\n|-boost|p1a: Kommo-o|atk|1\n|-boost|p1a: Kommo-o|def|1\n|-boost|p1a: Kommo-o|spa|1\n|-boost|p1a: Kommo-o|spd|1\n|-boost|p1a: Kommo-o|spe|1\n|-damage|p1a: Kommo-o|48/100 psn\n|\n|-heal|p2a: Muk|217/321|[from] item: Leftovers\n|-damage|p1a: Kommo-o|36/100 psn|[from] psn\n|upkeep\n|turn|13\n|inactive|Time left: 300 sec this turn | 300 sec total\n|\n|t:|1783544867\n|switch|p2a: Pecharunt|Pecharunt, L77|108/262\n|move|p1a: Kommo-o|Clanging Scales|p2a: Pecharunt\n|-damage|p2a: Pecharunt|0 fnt\n|faint|p2a: Pecharunt\n|-unboost|p1a: Kommo-o|def|1\n|\n|-damage|p1a: Kommo-o|23/100 psn|[from] psn\n|upkeep\n|inactive|Time left: 300 sec this turn | 300 sec total | 5 sec grace\n|\n|t:|1783544868\n|switch|p2a: Illumise|Illumise, L91, F|266/266\n|turn|14\n|inactive|Time left: 300 sec this turn | 300 sec total\n|\n|t:|1783544869\n|move|p2a: Illumise|Encore|p1a: Kommo-o\n|-start|p1a: Kommo-o|Encore\n|move|p1a: Kommo-o|Clanging Scales|p2a: Illumise\n|-damage|p2a: Illumise|124/266\n|-unboost|p1a: Kommo-o|def|1\n|\n|-damage|p1a: Kommo-o|11/100 psn|[from] psn\n|upkeep\n|turn|15\n|inactive|Time left: 300 sec this turn | 300 sec total\n|\n|t:|1783544870\n|move|p2a: Illumise|Roost|p2a: Illumise\n|-heal|p2a: Illumise|257/266\n|-singleturn|p2a: Illumise|move: Roost\n|move|p1a: Kommo-o|Clanging Scales|p2a: Illumise\n|-damage|p2a: Illumise|115/266\n|-unboost|p1a: Kommo-o|def|1\n|\n|-damage|p1a: Kommo-o|0 fnt|[from] psn\n|faint|p1a: Kommo-o\n|upkeep\n|\n|t:|1783544871\n|switch|p1a: Giratina|Giratina, L75|100/100\n|-activate|p1a: Giratina|move: Sticky Web\n|-unboost|p1a: Giratina|spe|1\n|-ability|p1a: Giratina|Pressure\n|turn|16\n|inactive|Time left: 300 sec this turn | 300 sec total\n|\n|t:|1783544872\n|move|p2a: Illumise|Roost|p2a: Illumise\n|-heal|p2a: Illumise|248/266\n|-singleturn|p2a: Illumise|move: Roost\n|move|p1a: Giratina|Defog|p2a: Illumise\n|-unboost|p2a: Illumise|evasion|1\n|-sideend|p1: p0x44056d8|Sticky Web|[from] move: Defog|[of] p1a: Giratina\n|\n|upkeep\n|turn|17\n|inactive|Time left: 300 sec this turn | 300 sec total\n|\n|t:|1783544873\n|move|p2a: Illumise|Bug Buzz|p1a: Giratina\n|-resisted|p1a: Giratina\n|-damage|p1a: Giratina|89/100\n|-unboost|p1a: Giratina|spd|1\n|move|p1a: Giratina|Shadow Ball|p2a: Illumise\n|-damage|p2a: Illumise|184/266\n|-unboost|p2a: Illumise|spd|1\n|\n|-heal|p1a: Giratina|95/100|[from] item: Leftovers\n|upkeep\n|turn|18\n|inactive|Time left: 300 sec this turn | 300 sec total\n|\n|t:|1783544874\n|switch|p2a: Crawdaunt|Crawdaunt, L84, M|243/243\n|move|p1a: Giratina|Shadow Ball|p2a: Crawdaunt\n|-resisted|p2a: Crawdaunt\n|-damage|p2a: Crawdaunt|198/243\n|\n|-heal|p1a: Giratina|100/100|[from] item: Leftovers\n|upkeep\n|turn|19\n|inactive|Time left: 300 sec this turn | 300 sec total\n|\n|t:|1783544875\n|-terastallize|p1a: Giratina|Fairy\n|move|p2a: Crawdaunt|Knock Off|p1a: Giratina\n|-resisted|p1a: Giratina\n|-damage|p1a: Giratina|73/100\n|-enditem|p1a: Giratina|Leftovers|[from] move: Knock Off|[of] p2a: Crawdaunt\n|-damage|p2a: Crawdaunt|174/243|[from] item: Life Orb\n|move|p1a: Giratina|Will-O-Wisp|p2a: Crawdaunt\n|-status|p2a: Crawdaunt|brn\n|\n|-damage|p2a: Crawdaunt|159/243 brn|[from] brn\n|upkeep\n|turn|20\n|inactive|Time left: 300 sec this turn | 300 sec total\n|\n|t:|1783544876\n|switch|p1a: Toxapex|Toxapex, L82, M|100/100\n|move|p2a: Crawdaunt|Dragon Dance|p2a: Crawdaunt\n|-boost|p2a: Crawdaunt|atk|1\n|-boost|p2a: Crawdaunt|spe|1\n|\n|-damage|p2a: Crawdaunt|144/243 brn|[from] brn\n|upkeep\n|turn|21\n|inactive|Time left: 300 sec this turn | 300 sec total\n|\n|t:|1783544877\n|move|p2a: Crawdaunt|Knock Off|p1a: Toxapex\n|-damage|p1a: Toxapex|50/100\n|-enditem|p1a: Toxapex|Leftovers|[from] move: Knock Off|[of] p2a: Crawdaunt\n|-damage|p2a: Crawdaunt|120/243 brn|[from] item: Life Orb\n|move|p1a: Toxapex|Haze|p1a: Toxapex\n|-clearallboost\n|\n|-damage|p2a: Crawdaunt|105/243 brn|[from] brn\n|upkeep\n|turn|22\n|inactive|Time left: 300 sec this turn | 300 sec total\n|\n|t:|1783544878\n|move|p2a: Crawdaunt|Dragon Dance|p2a: Crawdaunt\n|-boost|p2a: Crawdaunt|atk|1\n|-boost|p2a: Crawdaunt|spe|1\n|move|p1a: Toxapex|Recover|p1a: Toxapex\n|-heal|p1a: Toxapex|100/100\n|\n|-damage|p2a: Crawdaunt|90/243 brn|[from] brn\n|upkeep\n|turn|23\n|inactive|Time left: 300 sec this turn | 300 sec total\n|\n|t:|1783544879\n|move|p2a: Crawdaunt|Dragon Dance|p2a: Crawdaunt\n|-boost|p2a: Crawdaunt|atk|1\n|-boost|p2a: Crawdaunt|spe|1\n|move|p1a: Toxapex|Liquidation|p2a: Crawdaunt\n|-resisted|p2a: Crawdaunt\n|-damage|p2a: Crawdaunt|56/243 brn\n|\n|-damage|p2a: Crawdaunt|41/243 brn|[from] brn\n|upkeep\n|turn|24\n|inactive|Time left: 300 sec this turn | 300 sec total\n|\n|t:|1783544880\n|move|p2a: Crawdaunt|Crabhammer|p1a: Toxapex\n|-resisted|p1a: Toxapex\n|-damage|p1a: Toxapex|69/100\n|-damage|p2a: Crawdaunt|17/243 brn|[from] item: Life Orb\n|move|p1a: Toxapex|Liquidation|p2a: Crawdaunt\n|-resisted|p2a: Crawdaunt\n|-damage|p2a: Crawdaunt|0 fnt\n|faint|p2a: Crawdaunt\n|\n|upkeep\n|inactive|Time left: 300 sec this turn | 300 sec total | 5 sec grace\n|\n|t:|1783544881\n|switch|p2a: Illumise|Illumise, L91, F|184/266\n|turn|25\n|inactive|Time left: 300 sec this turn | 300 sec total\n|\n|t:|1783544882\n|move|p2a: Illumise|Thunder Wave|p1a: Toxapex\n|-status|p1a: Toxapex|par\n|move|p1a: Toxapex|Toxic|p2a: Illumise\n|-status|p2a: Illumise|tox\n|\n|-damage|p2a: Illumise|168/266 tox|[from] psn\n|upkeep\n|turn|26\n|inactive|Time left: 300 sec this turn | 300 sec total\n|\n|t:|1783544883\n|switch|p2a: Muk|Muk, L86, M, tera:Dark|217/321\n|move|p1a: Toxapex|Liquidation|p2a: Muk\n|-damage|p2a: Muk|150/321\n|\n|-heal|p2a: Muk|170/321|[from] item: Leftovers\n|upkeep\n|turn|27\n|inactive|Time left: 300 sec this turn | 300 sec total\n|\n|t:|1783544884\n|move|p2a: Muk|Gunk Shot|p1a: Toxapex\n|-resisted|p1a: Toxapex\n|-damage|p1a: Toxapex|46/100 par\n|move|p1a: Toxapex|Toxic|p2a: Muk\n|-status|p2a: Muk|tox\n|\n|-heal|p2a: Muk|190/321 tox|[from] item: Leftovers\n|-damage|p2a: Muk|170/321 tox|[from] psn\n|upkeep\n|turn|28\n|inactive|Time left: 300 sec this turn | 300 sec total\n|\n|t:|1783544885\n|move|p2a: Muk|Knock Off|p1a: Toxapex\n|-damage|p1a: Toxapex|24/100 par\n|move|p1a: Toxapex|Recover|p1a: Toxapex\n|-heal|p1a: Toxapex|74/100 par\n|\n|-heal|p2a: Muk|190/321 tox|[from] item: Leftovers\n|-damage|p2a: Muk|150/321 tox|[from] psn\n|upkeep\n|turn|29\n|inactive|Time left: 300 sec this turn | 300 sec total\n|\n|t:|1783544886\n|move|p2a: Muk|Gunk Shot|p1a: Toxapex\n|-resisted|p1a: Toxapex\n|-damage|p1a: Toxapex|50/100 par\n|move|p1a: Toxapex|Recover|p1a: Toxapex\n|-heal|p1a: Toxapex|100/100 par\n|\n|-heal|p2a: Muk|170/321 tox|[from] item: Leftovers\n|-damage|p2a: Muk|110/321 tox|[from] psn\n|upkeep\n|turn|30\n|inactive|Time left: 300 sec this turn | 300 sec total\n|\n|t:|1783544888\n|move|p2a: Muk|Gunk Shot|p1a: Toxapex\n|-resisted|p1a: Toxapex\n|-damage|p1a: Toxapex|80/100 par\n|move|p1a: Toxapex|Liquidation|p2a: Muk\n|-damage|p2a: Muk|44/321 tox\n|\n|-heal|p2a: Muk|64/321 tox|[from] item: Leftovers\n|-damage|p2a: Muk|0 fnt|[from] psn\n|faint|p2a: Muk\n|upkeep\n|inactive|Time left: 300 sec this turn | 300 sec total | 5 sec grace\n|\n|t:|1783544889\n|switch|p2a: Illumise|Illumise, L91, F|168/266 tox\n|turn|31\n|inactive|Time left: 300 sec this turn | 300 sec total\n|\n|t:|1783544890\n|move|p2a: Illumise|Roost|p2a: Illumise\n|-heal|p2a: Illumise|266/266 tox\n|-singleturn|p2a: Illumise|move: Roost\n|cant|p1a: Toxapex|par\n|\n|-damage|p2a: Illumise|250/266 tox|[from] psn\n|upkeep\n|turn|32\n|inactive|Time left: 300 sec this turn | 300 sec total\n|\n|t:|1783544891\n|move|p2a: Illumise|Thunder Wave|p1a: Toxapex\n|-fail|p1a: Toxapex|par\n|move|p1a: Toxapex|Liquidation|p2a: Illumise\n|-damage|p2a: Illumise|178/266 tox\n|\n|-damage|p2a: Illumise|146/266 tox|[from] psn\n|upkeep\n|turn|33\n|inactive|Time left: 300 sec this turn | 300 sec total\n|\n|t:|1783544892\n|switch|p1a: Deoxys|Deoxys-Attack, L72|100/100\n|-ability|p1a: Deoxys|Pressure\n|move|p2a: Illumise|Roost|p2a: Illumise\n|-heal|p2a: Illumise|266/266 tox\n|-singleturn|p2a: Illumise|move: Roost\n|\n|-damage|p2a: Illumise|218/266 tox|[from] psn\n|upkeep\n|turn|34\n|inactive|Time left: 300 sec this turn | 300 sec total\n|\n|t:|1783544893\n|move|p1a: Deoxys|Psycho Boost|p2a: Illumise\n|-damage|p2a: Illumise|14/266 tox\n|-unboost|p1a: Deoxys|spa|2\n|-damage|p1a: Deoxys|91/100|[from] item: Life Orb\n|move|p2a: Illumise|Bug Buzz|p1a: Deoxys\n|-supereffective|p1a: Deoxys\n|-damage|p1a: Deoxys|0 fnt\n|faint|p1a: Deoxys\n|\n|-damage|p2a: Illumise|0 fnt|[from] psn\n|faint|p2a: Illumise\n|\n|win|p0x44056d8", "uploadtime": 1783544893, "views": 0, "rating": 0, "private": 0, "password": null, "_winner": "p0x44056d8", "_our_name": "p0y4403041"}