{"id": "battle-gen9randombattle-170", "formatid": "gen9randombattle", "format": "[Gen 9] Random Battle", "players": ["p0x1709f20", "p0y1701e6b"], "log": "|init|battle\n|title|p0x1709f20 vs. p0y1701e6b\n|j|\u2606p0x1709f20\n|j|\u2606p0y1701e6b\n|t:|1783535705\n|gametype|singles\n|player|p1|p0x1709f20|170|\n|player|p2|p0y1701e6b|265|\n|gen|9\n|tier|[Gen 9] Random Battle\n|rule|Species Clause: Limit one of each Pok\u00e9mon\n|rule|HP Percentage Mod: HP is shown in percentages\n|rule|Sleep Clause Mod: Limit one foe put to sleep\n|rule|Illusion Level Mod: Illusion disguises the Pok\u00e9mon's true level\n|\n|t:|1783535705\n|teamsize|p1|6\n|teamsize|p2|6\n|start\n|switch|p1a: Dondozo|Dondozo, L78, F|100/100\n|switch|p2a: Reshiram|Reshiram, L76, shiny|277/277\n|-ability|p2a: Reshiram|Turboblaze\n|turn|1\n|inactive|Battle timer is ON: inactive players will automatically lose when time's up. (requested by p0y1701e6b)\n|\n|t:|1783535706\n|move|p2a: Reshiram|Blue Flare|p1a: Dondozo|[miss]\n|-miss|p2a: Reshiram|p1a: Dondozo\n|move|p1a: Dondozo|Wave Crash|p2a: Reshiram\n|-damage|p2a: Reshiram|159/277\n|-damage|p1a: Dondozo|90/100|[from] Recoil\n|\n|-heal|p1a: Dondozo|96/100|[from] item: Leftovers\n|upkeep\n|turn|2\n|inactive|Time left: 300 sec this turn | 300 sec total\n|inactive|p0x1709f20 also wants the timer to be on.\n|\n|t:|1783535707\n|move|p2a: Reshiram|Blue Flare|p1a: Dondozo\n|-resisted|p1a: Dondozo\n|-damage|p1a: Dondozo|68/100\n|move|p1a: Dondozo|Wave Crash|p2a: Reshiram\n|-damage|p2a: Reshiram|42/277\n|-damage|p1a: Dondozo|57/100|[from] Recoil\n|\n|-heal|p1a: Dondozo|63/100|[from] item: Leftovers\n|upkeep\n|turn|3\n|inactive|Time left: 300 sec this turn | 300 sec total\n|\n|t:|1783535708\n|move|p2a: Reshiram|Blue Flare|p1a: Dondozo|[miss]\n|-miss|p2a: Reshiram|p1a: Dondozo\n|move|p1a: Dondozo|Wave Crash|p2a: Reshiram\n|-damage|p2a: Reshiram|0 fnt\n|faint|p2a: Reshiram\n|-damage|p1a: Dondozo|59/100|[from] Recoil\n|\n|-heal|p1a: Dondozo|65/100|[from] item: Leftovers\n|upkeep\n|inactive|Time left: 300 sec this turn | 300 sec total | 5 sec grace\n|\n|t:|1783535709\n|switch|p2a: Falinks|Falinks, L84|246/246\n|turn|4\n|inactive|Time left: 300 sec this turn | 300 sec total\n|\n|t:|1783535710\n|move|p2a: Falinks|No Retreat|p2a: Falinks\n|-boost|p2a: Falinks|atk|1\n|-boost|p2a: Falinks|def|1\n|-boost|p2a: Falinks|spa|1\n|-boost|p2a: Falinks|spd|1\n|-boost|p2a: Falinks|spe|1\n|-start|p2a: Falinks|move: No Retreat\n|move|p1a: Dondozo|Wave Crash|p2a: Falinks\n|-damage|p2a: Falinks|143/246\n|-damage|p1a: Dondozo|56/100|[from] Recoil\n|\n|-heal|p1a: Dondozo|62/100|[from] item: Leftovers\n|upkeep\n|turn|5\n|inactive|Time left: 300 sec this turn | 300 sec total\n|\n|t:|1783535711\n|move|p2a: Falinks|Iron Head|p1a: Dondozo\n|-resisted|p1a: Dondozo\n|-damage|p1a: Dondozo|52/100\n|-damage|p2a: Falinks|119/246|[from] item: Life Orb\n|move|p1a: Dondozo|Wave Crash|p2a: Falinks\n|-damage|p2a: Falinks|11/246\n|-damage|p1a: Dondozo|42/100|[from] Recoil\n|\n|-heal|p1a: Dondozo|48/100|[from] item: Leftovers\n|upkeep\n|turn|6\n|inactive|Time left: 300 sec this turn | 300 sec total\n|\n|t:|1783535712\n|move|p2a: Falinks|Close Combat|p1a: Dondozo\n|-damage|p1a: Dondozo|10/100\n|-unboost|p2a: Falinks|def|1\n|-unboost|p2a: Falinks|spd|1\n|-damage|p2a: Falinks|0 fnt|[from] item: Life Orb\n|faint|p2a: Falinks\n|move|p1a: Dondozo|Rest|p1a: Dondozo\n|-status|p1a: Dondozo|slp|[from] move: Rest\n|-heal|p1a: Dondozo|100/100 slp|[silent]\n|\n|upkeep\n|inactive|Time left: 300 sec this turn | 300 sec total | 5 sec grace\n|\n|t:|1783535712\n|switch|p2a: Oricorio|Oricorio-Pa'u, L87, M|272/272\n|turn|7\n|inactive|Time left: 300 sec this turn | 300 sec total\n|\n|t:|1783535714\n|switch|p1a: Grimmsnarl|Grimmsnarl, L83, M|100/100\n|move|p2a: Oricorio|Quiver Dance|p2a: Oricorio\n|-boost|p2a: Oricorio|spa|1\n|-boost|p2a: Oricorio|spd|1\n|-boost|p2a: Oricorio|spe|1\n|\n|upkeep\n|turn|8\n|inactive|Time left: 300 sec this turn | 300 sec total\n|\n|t:|1783535715\n|move|p2a: Oricorio|Quiver Dance|p2a: Oricorio\n|-boost|p2a: Oricorio|spa|1\n|-boost|p2a: Oricorio|spd|1\n|-boost|p2a: Oricorio|spe|1\n|move|p1a: Grimmsnarl|Spirit Break|p2a: Oricorio\n|-damage|p2a: Oricorio|160/272\n|-unboost|p2a: Oricorio|spa|1\n|\n|upkeep\n|turn|9\n|inactive|Time left: 300 sec this turn | 300 sec total\n|\n|t:|1783535716\n|move|p2a: Oricorio|Roost|p2a: Oricorio\n|-heal|p2a: Oricorio|272/272\n|-singleturn|p2a: Oricorio|move: Roost\n|move|p1a: Grimmsnarl|Spirit Break|p2a: Oricorio\n|-damage|p2a: Oricorio|175/272\n|-unboost|p2a: Oricorio|spa|1\n|\n|upkeep\n|turn|10\n|inactive|Time left: 300 sec this turn | 300 sec total\n|\n|t:|1783535717\n|move|p2a: Oricorio|Quiver Dance|p2a: Oricorio\n|-boost|p2a: Oricorio|spa|1\n|-boost|p2a: Oricorio|spd|1\n|-boost|p2a: Oricorio|spe|1\n|move|p1a: Grimmsnarl|Spirit Break|p2a: Oricorio\n|-damage|p2a: Oricorio|61/272\n|-unboost|p2a: Oricorio|spa|1\n|\n|upkeep\n|turn|11\n|inactive|Time left: 300 sec this turn | 300 sec total\n|\n|t:|1783535718\n|move|p2a: Oricorio|Roost|p2a: Oricorio\n|-heal|p2a: Oricorio|197/272\n|-singleturn|p2a: Oricorio|move: Roost\n|move|p1a: Grimmsnarl|Spirit Break|p2a: Oricorio\n|-damage|p2a: Oricorio|98/272\n|-unboost|p2a: Oricorio|spa|1\n|\n|upkeep\n|turn|12\n|inactive|Time left: 300 sec this turn | 300 sec total\n|\n|t:|1783535719\n|move|p2a: Oricorio|Roost|p2a: Oricorio\n|-heal|p2a: Oricorio|234/272\n|-singleturn|p2a: Oricorio|move: Roost\n|move|p1a: Grimmsnarl|Spirit Break|p2a: Oricorio\n|-damage|p2a: Oricorio|132/272\n|-unboost|p2a: Oricorio|spa|1\n|\n|upkeep\n|turn|13\n|inactive|Time left: 300 sec this turn | 300 sec total\n|\n|t:|1783535720\n|move|p2a: Oricorio|Roost|p2a: Oricorio\n|-heal|p2a: Oricorio|268/272\n|-singleturn|p2a: Oricorio|move: Roost\n|move|p1a: Grimmsnarl|Spirit Break|p2a: Oricorio\n|-damage|p2a: Oricorio|171/272\n|-unboost|p2a: Oricorio|spa|1\n|\n|upkeep\n|turn|14\n|inactive|Time left: 300 sec this turn | 300 sec total\n|\n|t:|1783535721\n|move|p2a: Oricorio|Quiver Dance|p2a: Oricorio\n|-boost|p2a: Oricorio|spa|1\n|-boost|p2a: Oricorio|spd|1\n|-boost|p2a: Oricorio|spe|1\n|move|p1a: Grimmsnarl|Spirit Break|p2a: Oricorio\n|-damage|p2a: Oricorio|57/272\n|-unboost|p2a: Oricorio|spa|1\n|\n|upkeep\n|turn|15\n|inactive|Time left: 300 sec this turn | 300 sec total\n|\n|t:|1783535722\n|move|p2a: Oricorio|Roost|p2a: Oricorio\n|-heal|p2a: Oricorio|193/272\n|-singleturn|p2a: Oricorio|move: Roost\n|move|p1a: Grimmsnarl|Spirit Break|p2a: Oricorio\n|-damage|p2a: Oricorio|87/272\n|-unboost|p2a: Oricorio|spa|1\n|\n|upkeep\n|turn|16\n|inactive|Time left: 300 sec this turn | 300 sec total\n|\n|t:|1783535723\n|move|p2a: Oricorio|Roost|p2a: Oricorio\n|-heal|p2a: Oricorio|223/272\n|-singleturn|p2a: Oricorio|move: Roost\n|move|p1a: Grimmsnarl|Spirit Break|p2a: Oricorio\n|-damage|p2a: Oricorio|115/272\n|-unboost|p2a: Oricorio|spa|1\n|\n|upkeep\n|turn|17\n|inactive|Time left: 300 sec this turn | 300 sec total\n|\n|t:|1783535725\n|move|p2a: Oricorio|Roost|p2a: Oricorio\n|-heal|p2a: Oricorio|251/272\n|-singleturn|p2a: Oricorio|move: Roost\n|move|p1a: Grimmsnarl|Spirit Break|p2a: Oricorio\n|-damage|p2a: Oricorio|149/272\n|-unboost|p2a: Oricorio|spa|1\n|\n|upkeep\n|turn|18\n|inactive|Time left: 300 sec this turn | 300 sec total\n|\n|t:|1783535726\n|move|p2a: Oricorio|Roost|p2a: Oricorio\n|-heal|p2a: Oricorio|272/272\n|-singleturn|p2a: Oricorio|move: Roost\n|move|p1a: Grimmsnarl|Spirit Break|p2a: Oricorio\n|-damage|p2a: Oricorio|167/272\n|\n|upkeep\n|turn|19\n|inactive|Time left: 300 sec this turn | 300 sec total\n|\n|t:|1783535727\n|move|p2a: Oricorio|Quiver Dance|p2a: Oricorio\n|-boost|p2a: Oricorio|spa|1\n|-boost|p2a: Oricorio|spd|1\n|-boost|p2a: Oricorio|spe|1\n|move|p1a: Grimmsnarl|Spirit Break|p2a: Oricorio\n|-damage|p2a: Oricorio|59/272\n|-unboost|p2a: Oricorio|spa|1\n|\n|upkeep\n|turn|20\n|inactive|Time left: 300 sec this turn | 300 sec total\n|\n|t:|1783535728\n|move|p2a: Oricorio|Hurricane|p1a: Grimmsnarl\n|-damage|p1a: Grimmsnarl|88/100\n|-start|p1a: Grimmsnarl|confusion\n|-activate|p1a: Grimmsnarl|confusion\n|move|p1a: Grimmsnarl|Spirit Break|p2a: Oricorio\n|-crit|p2a: Oricorio\n|-damage|p2a: Oricorio|0 fnt\n|faint|p2a: Oricorio\n|\n|-heal|p1a: Grimmsnarl|94/100|[from] item: Leftovers\n|upkeep\n|inactive|Time left: 300 sec this turn | 300 sec total | 5 sec grace\n|\n|t:|1783535729\n|switch|p2a: Toucannon|Toucannon, L88, M|284/284\n|turn|21\n|inactive|Time left: 300 sec this turn | 300 sec total\n|\n|t:|1783535730\n|-activate|p1a: Grimmsnarl|confusion\n|-damage|p1a: Grimmsnarl|79/100|[from] confusion\n|move|p2a: Toucannon|Boomburst|p1a: Grimmsnarl\n|-damage|p1a: Grimmsnarl|22/100\n|\n|-heal|p1a: Grimmsnarl|28/100|[from] item: Leftovers\n|upkeep\n|turn|22\n|inactive|Time left: 300 sec this turn | 300 sec total\n|\n|t:|1783535731\n|-end|p1a: Grimmsnarl|confusion\n|move|p1a: Grimmsnarl|Parting Shot|p2a: Toucannon\n|-unboost|p2a: Toucannon|atk|1\n|-unboost|p2a: Toucannon|spa|1\n|\n|t:|1783535732\n|switch|p1a: Umbreon|Umbreon, L84, M|100/100|[from] Parting Shot\n|move|p2a: Toucannon|Boomburst|p1a: Umbreon\n|-damage|p1a: Umbreon|79/100\n|\n|-heal|p1a: Umbreon|85/100|[from] item: Leftovers\n|upkeep\n|turn|23\n|inactive|Time left: 300 sec this turn | 300 sec total\n|\n|t:|1783535733\n|switch|p2a: Meowstic|Meowstic, L89, M|277/277\n|move|p1a: Umbreon|Wish|p1a: Umbreon\n|\n|-heal|p1a: Umbreon|91/100|[from] item: Leftovers\n|upkeep\n|turn|24\n|inactive|Time left: 300 sec this turn | 300 sec total\n|\n|t:|1783535735\n|switch|p1a: Grimmsnarl|Grimmsnarl, L83, M|28/100\n|move|p2a: Meowstic|Alluring Voice|p1a: Grimmsnarl\n|-supereffective|p1a: Grimmsnarl\n|-damage|p1a: Grimmsnarl|0 fnt\n|faint|p1a: Grimmsnarl\n|\n|upkeep\n|\n|t:|1783535735\n|switch|p1a: Umbreon|Umbreon, L84, M|91/100\n|turn|25\n|inactive|Time left: 300 sec this turn | 300 sec total\n|\n|t:|1783535737\n|move|p2a: Meowstic|Alluring Voice|p1a: Umbreon\n|-supereffective|p1a: Umbreon\n|-damage|p1a: Umbreon|61/100\n|move|p1a: Umbreon|Toxic|p2a: Meowstic\n|-status|p2a: Meowstic|tox\n|\n|-heal|p1a: Umbreon|67/100|[from] item: Leftovers\n|-damage|p2a: Meowstic|260/277 tox|[from] psn\n|upkeep\n|turn|26\n|inactive|Time left: 300 sec this turn | 300 sec total\n|\n|t:|1783535738\n|move|p2a: Meowstic|Alluring Voice|p1a: Umbreon\n|-supereffective|p1a: Umbreon\n|-crit|p1a: Umbreon\n|-damage|p1a: Umbreon|27/100\n|move|p1a: Umbreon|Foul Play|p2a: Meowstic\n|-supereffective|p2a: Meowstic\n|-damage|p2a: Meowstic|168/277 tox\n|\n|-heal|p2a: Meowstic|185/277 tox|[from] item: Leftovers\n|-heal|p1a: Umbreon|33/100|[from] item: Leftovers\n|-damage|p2a: Meowstic|151/277 tox|[from] psn\n|upkeep\n|turn|27\n|inactive|Time left: 300 sec this turn | 300 sec total\n|\n|t:|1783535739\n|switch|p2a: Toucannon|Toucannon, L88, M|284/284\n|move|p1a: Umbreon|Wish|p1a: Umbreon\n|\n|-heal|p1a: Umbreon|39/100|[from] item: Leftovers\n|upkeep\n|turn|28\n|inactive|Time left: 300 sec this turn | 300 sec total\n|\n|t:|1783535740\n|-singleturn|p2a: Toucannon|move: Beak Blast\n|move|p1a: Umbreon|Protect|p1a: Umbreon\n|-singleturn|p1a: Umbreon|Protect\n|move|p2a: Toucannon|Beak Blast|p1a: Umbreon\n|-activate|p1a: Umbreon|move: Protect\n|\n|-heal|p1a: Umbreon|89/100|[from] move: Wish|[wisher] Umbreon\n|-heal|p1a: Umbreon|95/100|[from] item: Leftovers\n|upkeep\n|turn|29\n|inactive|Time left: 300 sec this turn | 300 sec total\n|\n|t:|1783535741\n|-singleturn|p2a: Toucannon|move: Beak Blast\n|move|p1a: Umbreon|Foul Play|p2a: Toucannon\n|-damage|p2a: Toucannon|154/284\n|-status|p1a: Umbreon|brn\n|-activate|p1a: Umbreon|ability: Synchronize\n|-status|p2a: Toucannon|brn\n|move|p2a: Toucannon|Beak Blast|p1a: Umbreon\n|-damage|p1a: Umbreon|75/100 brn\n|\n|-heal|p1a: Umbreon|81/100 brn|[from] item: Leftovers\n|-damage|p1a: Umbreon|75/100 brn|[from] brn\n|-damage|p2a: Toucannon|137/284 brn|[from] brn\n|upkeep\n|turn|30\n|inactive|Time left: 300 sec this turn | 300 sec total\n|\n|t:|1783535742\n|move|p1a: Umbreon|Wish|p1a: Umbreon\n|move|p2a: Toucannon|Boomburst|p1a: Umbreon\n|-damage|p1a: Umbreon|41/100 brn\n|\n|-heal|p1a: Umbreon|47/100 brn|[from] item: Leftovers\n|-damage|p1a: Umbreon|41/100 brn|[from] brn\n|-damage|p2a: Toucannon|120/284 brn|[from] brn\n|upkeep\n|turn|31\n|inactive|Time left: 300 sec this turn | 300 sec total\n|\n|t:|1783535743\n|move|p1a: Umbreon|Protect|p1a: Umbreon\n|-singleturn|p1a: Umbreon|Protect\n|move|p2a: Toucannon|Roost|p2a: Toucannon\n|-heal|p2a: Toucannon|262/284 brn\n|-singleturn|p2a: Toucannon|move: Roost\n|\n|-heal|p1a: Umbreon|91/100 brn|[from] move: Wish|[wisher] Umbreon\n|-heal|p1a: Umbreon|97/100 brn|[from] item: Leftovers\n|-damage|p1a: Umbreon|91/100 brn|[from] brn\n|-damage|p2a: Toucannon|245/284 brn|[from] brn\n|upkeep\n|turn|32\n|inactive|Time left: 300 sec this turn | 300 sec total\n|\n|t:|1783535744\n|move|p1a: Umbreon|Wish|p1a: Umbreon\n|move|p2a: Toucannon|Boomburst|p1a: Umbreon\n|-damage|p1a: Umbreon|56/100 brn\n|\n|-heal|p1a: Umbreon|62/100 brn|[from] item: Leftovers\n|-damage|p1a: Umbreon|56/100 brn|[from] brn\n|-damage|p2a: Toucannon|228/284 brn|[from] brn\n|upkeep\n|turn|33\n|inactive|Time left: 300 sec this turn | 300 sec total\n|\n|t:|1783535745\n|move|p1a: Umbreon|Protect|p1a: Umbreon\n|-singleturn|p1a: Umbreon|Protect\n|move|p2a: Toucannon|Boomburst|p1a: Umbreon\n|-activate|p1a: Umbreon|move: Protect\n|\n|-heal|p1a: Umbreon|100/100 brn|[from] move: Wish|[wisher] Umbreon\n|-damage|p1a: Umbreon|94/100 brn|[from] brn\n|-damage|p2a: Toucannon|211/284 brn|[from] brn\n|upkeep\n|turn|34\n|inactive|Time left: 300 sec this turn | 300 sec total\n|\n|t:|1783535746\n|move|p1a: Umbreon|Wish|p1a: Umbreon\n|move|p2a: Toucannon|Boomburst|p1a: Umbreon\n|-damage|p1a: Umbreon|64/100 brn\n|\n|-heal|p1a: Umbreon|70/100 brn|[from] item: Leftovers\n|-damage|p1a: Umbreon|64/100 brn|[from] brn\n|-damage|p2a: Toucannon|194/284 brn|[from] brn\n|upkeep\n|turn|35\n|inactive|Time left: 300 sec this turn | 300 sec total\n|\n|t:|1783535747\n|move|p1a: Umbreon|Foul Play|p2a: Toucannon\n|-damage|p2a: Toucannon|124/284 brn\n|move|p2a: Toucannon|Roost|p2a: Toucannon\n|-heal|p2a: Toucannon|266/284 brn\n|-singleturn|p2a: Toucannon|move: Roost\n|\n|-heal|p1a: Umbreon|100/100 brn|[from] move: Wish|[wisher] Umbreon\n|-damage|p1a: Umbreon|94/100 brn|[from] brn\n|-damage|p2a: Toucannon|249/284 brn|[from] brn\n|upkeep\n|turn|36\n|inactive|Time left: 300 sec this turn | 300 sec total\n|\n|t:|1783535748\n|move|p1a: Umbreon|Wish|p1a: Umbreon\n|move|p2a: Toucannon|Boomburst|p1a: Umbreon\n|-damage|p1a: Umbreon|62/100 brn\n|\n|-heal|p1a: Umbreon|68/100 brn|[from] item: Leftovers\n|-damage|p1a: Umbreon|62/100 brn|[from] brn\n|-damage|p2a: Toucannon|232/284 brn|[from] brn\n|upkeep\n|turn|37\n|inactive|Time left: 300 sec this turn | 300 sec total\n|\n|t:|1783535749\n|move|p1a: Umbreon|Foul Play|p2a: Toucannon\n|-damage|p2a: Toucannon|166/284 brn\n|move|p2a: Toucannon|Roost|p2a: Toucannon\n|-heal|p2a: Toucannon|284/284 brn\n|-singleturn|p2a: Toucannon|move: Roost\n|\n|-heal|p1a: Umbreon|100/100 brn|[from] move: Wish|[wisher] Umbreon\n|-damage|p1a: Umbreon|94/100 brn|[from] brn\n|-damage|p2a: Toucannon|267/284 brn|[from] brn\n|upkeep\n|turn|38\n|inactive|Time left: 300 sec this turn | 300 sec total\n|\n|t:|1783535750\n|move|p1a: Umbreon|Wish|p1a: Umbreon\n|move|p2a: Toucannon|Boomburst|p1a: Umbreon\n|-damage|p1a: Umbreon|61/100 brn\n|\n|-heal|p1a: Umbreon|67/100 brn|[from] item: Leftovers\n|-damage|p1a: Umbreon|61/100 brn|[from] brn\n|-damage|p2a: Toucannon|250/284 brn|[from] brn\n|upkeep\n|turn|39\n|inactive|Time left: 300 sec this turn | 300 sec total\n|\n|t:|1783535751\n|move|p1a: Umbreon|Foul Play|p2a: Toucannon\n|-damage|p2a: Toucannon|178/284 brn\n|move|p2a: Toucannon|Boomburst|p1a: Umbreon\n|-damage|p1a: Umbreon|26/100 brn\n|\n|-heal|p1a: Umbreon|76/100 brn|[from] move: Wish|[wisher] Umbreon\n|-heal|p1a: Umbreon|82/100 brn|[from] item: Leftovers\n|-damage|p1a: Umbreon|76/100 brn|[from] brn\n|-damage|p2a: Toucannon|161/284 brn|[from] brn\n|upkeep\n|turn|40\n|inactive|Time left: 300 sec this turn | 300 sec total\n|\n|t:|1783535752\n|move|p1a: Umbreon|Wish|p1a: Umbreon\n|move|p2a: Toucannon|Roost|p2a: Toucannon\n|-heal|p2a: Toucannon|284/284 brn\n|-singleturn|p2a: Toucannon|move: Roost\n|\n|-heal|p1a: Umbreon|82/100 brn|[from] item: Leftovers\n|-damage|p1a: Umbreon|76/100 brn|[from] brn\n|-damage|p2a: Toucannon|267/284 brn|[from] brn\n|upkeep\n|turn|41\n|inactive|Time left: 300 sec this turn | 300 sec total\n|\n|t:|1783535753\n|move|p1a: Umbreon|Toxic||[still]\n|-fail|p1a: Umbreon\n|move|p2a: Toucannon|Roost|p2a: Toucannon\n|-heal|p2a: Toucannon|284/284 brn\n|-singleturn|p2a: Toucannon|move: Roost\n|\n|-heal|p1a: Umbreon|100/100 brn|[from] move: Wish|[wisher] Umbreon\n|-damage|p1a: Umbreon|94/100 brn|[from] brn\n|-damage|p2a: Toucannon|267/284 brn|[from] brn\n|upkeep\n|turn|42\n|inactive|Time left: 300 sec this turn | 300 sec total\n|\n|t:|1783535754\n|switch|p1a: Mesprit|Mesprit, L85|100/100\n|move|p2a: Toucannon|Boomburst|p1a: Mesprit\n|-damage|p1a: Mesprit|56/100\n|\n|-heal|p1a: Mesprit|62/100|[from] item: Leftovers\n|-damage|p2a: Toucannon|250/284 brn|[from] brn\n|upkeep\n|turn|43\n|inactive|Time left: 300 sec this turn | 300 sec total\n|\n|t:|1783535755\n|move|p1a: Mesprit|Drain Punch|p2a: Toucannon\n|-damage|p2a: Toucannon|190/284 brn\n|-heal|p1a: Mesprit|73/100|[from] drain|[of] p2a: Toucannon\n|move|p2a: Toucannon|Boomburst|p1a: Mesprit\n|-damage|p1a: Mesprit|31/100\n|\n|-heal|p1a: Mesprit|38/100|[from] item: Leftovers\n|-damage|p2a: Toucannon|173/284 brn|[from] brn\n|upkeep\n|turn|44\n|inactive|Time left: 300 sec this turn | 300 sec total\n|\n|t:|1783535756\n|move|p1a: Mesprit|Drain Punch|p2a: Toucannon\n|-damage|p2a: Toucannon|106/284 brn\n|-heal|p1a: Mesprit|50/100|[from] drain|[of] p2a: Toucannon\n|move|p2a: Toucannon|Boomburst|p1a: Mesprit\n|-damage|p1a: Mesprit|4/100\n|\n|-heal|p1a: Mesprit|10/100|[from] item: Leftovers\n|-damage|p2a: Toucannon|89/284 brn|[from] brn\n|upkeep\n|turn|45\n|inactive|Time left: 300 sec this turn | 300 sec total\n|\n|t:|1783535757\n|move|p1a: Mesprit|Psychic Noise|p2a: Toucannon\n|-damage|p2a: Toucannon|0 fnt\n|faint|p2a: Toucannon\n|\n|-heal|p1a: Mesprit|16/100|[from] item: Leftovers\n|upkeep\n|inactive|Time left: 300 sec this turn | 300 sec total | 5 sec grace\n|\n|t:|1783535758\n|switch|p2a: Lumineon|Lumineon, L93, M|279/279\n|turn|46\n|inactive|Time left: 300 sec this turn | 300 sec total\n|\n|t:|1783535759\n|switch|p1a: Dondozo|Dondozo, L78, F|100/100 slp\n|move|p2a: Lumineon|Ice Beam|p1a: Dondozo\n|-resisted|p1a: Dondozo\n|-damage|p1a: Dondozo|89/100 slp\n|\n|-heal|p1a: Dondozo|96/100 slp|[from] item: Leftovers\n|upkeep\n|turn|47\n|inactive|Time left: 300 sec this turn | 300 sec total\n|\n|t:|1783535760\n|move|p2a: Lumineon|Hydro Pump|p1a: Dondozo|[miss]\n|-miss|p2a: Lumineon|p1a: Dondozo\n|cant|p1a: Dondozo|slp\n|\n|-heal|p1a: Dondozo|100/100 slp|[from] item: Leftovers\n|upkeep\n|turn|48\n|inactive|Time left: 300 sec this turn | 300 sec total\n|\n|t:|1783535761\n|move|p2a: Lumineon|Hydro Pump|p1a: Dondozo|[miss]\n|-miss|p2a: Lumineon|p1a: Dondozo\n|cant|p1a: Dondozo|slp\n|\n|upkeep\n|turn|49\n|inactive|Time left: 300 sec this turn | 300 sec total\n|\n|t:|1783535762\n|move|p2a: Lumineon|Hydro Pump|p1a: Dondozo\n|-resisted|p1a: Dondozo\n|-damage|p1a: Dondozo|81/100 slp\n|-curestatus|p1a: Dondozo|slp|[msg]\n|move|p1a: Dondozo|Curse|p1a: Dondozo\n|-unboost|p1a: Dondozo|spe|1\n|-boost|p1a: Dondozo|atk|1\n|-boost|p1a: Dondozo|def|1\n|\n|-heal|p1a: Dondozo|88/100|[from] item: Leftovers\n|upkeep\n|turn|50\n|inactive|Time left: 300 sec this turn | 300 sec total\n|\n|t:|1783535763\n|move|p2a: Lumineon|Ice Beam|p1a: Dondozo\n|-resisted|p1a: Dondozo\n|-damage|p1a: Dondozo|77/100\n|move|p1a: Dondozo|Curse|p1a: Dondozo\n|-unboost|p1a: Dondozo|spe|1\n|-boost|p1a: Dondozo|atk|1\n|-boost|p1a: Dondozo|def|1\n|\n|-heal|p1a: Dondozo|83/100|[from] item: Leftovers\n|upkeep\n|turn|51\n|inactive|Time left: 300 sec this turn | 300 sec total\n|\n|t:|1783535764\n|move|p2a: Lumineon|Hydro Pump|p1a: Dondozo|[miss]\n|-miss|p2a: Lumineon|p1a: Dondozo\n|move|p1a: Dondozo|Sleep Talk||[still]\n|-fail|p1a: Dondozo\n|\n|-heal|p1a: Dondozo|89/100|[from] item: Leftovers\n|upkeep\n|turn|52\n|inactive|Time left: 300 sec this turn | 300 sec total\n|\n|t:|1783535765\n|move|p2a: Lumineon|Hydro Pump|p1a: Dondozo|[miss]\n|-miss|p2a: Lumineon|p1a: Dondozo\n|move|p1a: Dondozo|Curse|p1a: Dondozo\n|-unboost|p1a: Dondozo|spe|1\n|-boost|p1a: Dondozo|atk|1\n|-boost|p1a: Dondozo|def|1\n|\n|-heal|p1a: Dondozo|95/100|[from] item: Leftovers\n|upkeep\n|turn|53\n|inactive|Time left: 300 sec this turn | 300 sec total\n|\n|t:|1783535766\n|move|p2a: Lumineon|Ice Beam|p1a: Dondozo\n|-resisted|p1a: Dondozo\n|-damage|p1a: Dondozo|83/100\n|move|p1a: Dondozo|Curse|p1a: Dondozo\n|-unboost|p1a: Dondozo|spe|1\n|-boost|p1a: Dondozo|atk|1\n|-boost|p1a: Dondozo|def|1\n|\n|-heal|p1a: Dondozo|89/100|[from] item: Leftovers\n|upkeep\n|turn|54\n|inactive|Time left: 300 sec this turn | 300 sec total\n|\n|t:|1783535767\n|move|p2a: Lumineon|Hydro Pump|p1a: Dondozo\n|-resisted|p1a: Dondozo\n|-damage|p1a: Dondozo|69/100\n|move|p1a: Dondozo|Curse|p1a: Dondozo\n|-unboost|p1a: Dondozo|spe|1\n|-boost|p1a: Dondozo|atk|1\n|-boost|p1a: Dondozo|def|1\n|\n|-heal|p1a: Dondozo|75/100|[from] item: Leftovers\n|upkeep\n|turn|55\n|inactive|Time left: 300 sec this turn | 300 sec total\n|\n|t:|1783535768\n|move|p2a: Lumineon|Ice Beam|p1a: Dondozo\n|-resisted|p1a: Dondozo\n|-damage|p1a: Dondozo|63/100\n|move|p1a: Dondozo|Sleep Talk||[still]\n|-fail|p1a: Dondozo\n|\n|-heal|p1a: Dondozo|69/100|[from] item: Leftovers\n|upkeep\n|turn|56\n|inactive|Time left: 300 sec this turn | 300 sec total\n|\n|t:|1783535769\n|move|p2a: Lumineon|Ice Beam|p1a: Dondozo\n|-resisted|p1a: Dondozo\n|-damage|p1a: Dondozo|57/100\n|move|p1a: Dondozo|Curse|p1a: Dondozo\n|-unboost|p1a: Dondozo|spe|1\n|-boost|p1a: Dondozo|atk|1\n|-boost|p1a: Dondozo|def|1\n|\n|-heal|p1a: Dondozo|63/100|[from] item: Leftovers\n|upkeep\n|turn|57\n|inactive|Time left: 300 sec this turn | 300 sec total\n|\n|t:|1783535770\n|move|p2a: Lumineon|Hydro Pump|p1a: Dondozo\n|-resisted|p1a: Dondozo\n|-damage|p1a: Dondozo|43/100\n|move|p1a: Dondozo|Rest|p1a: Dondozo\n|-status|p1a: Dondozo|slp|[from] move: Rest\n|-heal|p1a: Dondozo|100/100 slp|[silent]\n|\n|upkeep\n|turn|58\n|inactive|Time left: 300 sec this turn | 300 sec total\n|\n|t:|1783535771\n|move|p2a: Lumineon|Encore|p1a: Dondozo\n|-start|p1a: Dondozo|Encore\n|cant|p1a: Dondozo|slp\n|\n|upkeep\n|turn|59\n|inactive|Time left: 300 sec this turn | 300 sec total\n|\n|t:|1783535772\n|move|p2a: Lumineon|Hydro Pump|p1a: Dondozo\n|-resisted|p1a: Dondozo\n|-damage|p1a: Dondozo|78/100 slp\n|cant|p1a: Dondozo|slp\n|\n|-heal|p1a: Dondozo|84/100 slp|[from] item: Leftovers\n|upkeep\n|turn|60\n|inactive|Time left: 300 sec this turn | 300 sec total\n|\n|t:|1783535772\n|move|p2a: Lumineon|Ice Beam|p1a: Dondozo\n|-resisted|p1a: Dondozo\n|-damage|p1a: Dondozo|73/100 slp\n|-curestatus|p1a: Dondozo|slp|[msg]\n|move|p1a: Dondozo|Rest|p1a: Dondozo\n|-status|p1a: Dondozo|slp|[from] move: Rest\n|-heal|p1a: Dondozo|100/100 slp|[silent]\n|\n|-end|p1a: Dondozo|Encore\n|upkeep\n|turn|61\n|inactive|Time left: 300 sec this turn | 300 sec total\n|\n|t:|1783535773\n|move|p2a: Lumineon|Encore|p1a: Dondozo\n|-start|p1a: Dondozo|Encore\n|cant|p1a: Dondozo|slp\n|\n|upkeep\n|turn|62\n|inactive|Time left: 300 sec this turn | 300 sec total\n|\n|t:|1783535774\n|move|p2a: Lumineon|Ice Beam|p1a: Dondozo\n|-resisted|p1a: Dondozo\n|-damage|p1a: Dondozo|90/100 slp\n|cant|p1a: Dondozo|slp\n|\n|-heal|p1a: Dondozo|96/100 slp|[from] item: Leftovers\n|upkeep\n|turn|63\n|inactive|Time left: 300 sec this turn | 300 sec total\n|\n|t:|1783535775\n|move|p2a: Lumineon|Ice Beam|p1a: Dondozo\n|-resisted|p1a: Dondozo\n|-damage|p1a: Dondozo|85/100 slp\n|-curestatus|p1a: Dondozo|slp|[msg]\n|move|p1a: Dondozo|Rest|p1a: Dondozo\n|-status|p1a: Dondozo|slp|[from] move: Rest\n|-heal|p1a: Dondozo|100/100 slp|[silent]\n|\n|-end|p1a: Dondozo|Encore\n|upkeep\n|turn|64\n|inactive|Time left: 300 sec this turn | 300 sec total\n|\n|t:|1783535776\n|move|p2a: Lumineon|Ice Beam|p1a: Dondozo\n|-resisted|p1a: Dondozo\n|-damage|p1a: Dondozo|90/100 slp\n|cant|p1a: Dondozo|slp\n|move|p1a: Dondozo|Sleep Talk|p1a: Dondozo\n|move|p1a: Dondozo|Curse|p1a: Dondozo|[from] move: Sleep Talk\n|\n|-heal|p1a: Dondozo|96/100 slp|[from] item: Leftovers\n|upkeep\n|turn|65\n|inactive|Time left: 300 sec this turn | 300 sec total\n|\n|t:|1783535777\n|move|p2a: Lumineon|Ice Beam|p1a: Dondozo\n|-resisted|p1a: Dondozo\n|-damage|p1a: Dondozo|85/100 slp\n|cant|p1a: Dondozo|slp\n|\n|-heal|p1a: Dondozo|91/100 slp|[from] item: Leftovers\n|upkeep\n|turn|66\n|inactive|Time left: 300 sec this turn | 300 sec total\n|\n|t:|1783535778\n|move|p2a: Lumineon|Ice Beam|p1a: Dondozo\n|-resisted|p1a: Dondozo\n|-damage|p1a: Dondozo|81/100 slp\n|-curestatus|p1a: Dondozo|slp|[msg]\n|move|p1a: Dondozo|Curse|p1a: Dondozo\n|\n|-heal|p1a: Dondozo|87/100|[from] item: Leftovers\n|upkeep\n|turn|67\n|inactive|Time left: 300 sec this turn | 300 sec total\n|\n|t:|1783535780\n|move|p2a: Lumineon|Ice Beam|p1a: Dondozo\n|-resisted|p1a: Dondozo\n|-crit|p1a: Dondozo\n|-damage|p1a: Dondozo|71/100\n|move|p1a: Dondozo|Sleep Talk||[still]\n|-fail|p1a: Dondozo\n|\n|-heal|p1a: Dondozo|77/100|[from] item: Leftovers\n|upkeep\n|turn|68\n|inactive|Time left: 300 sec this turn | 300 sec total\n|\n|t:|1783535781\n|move|p2a: Lumineon|Ice Beam|p1a: Dondozo\n|-resisted|p1a: Dondozo\n|-damage|p1a: Dondozo|66/100\n|move|p1a: Dondozo|Curse|p1a: Dondozo\n|\n|-heal|p1a: Dondozo|72/100|[from] item: Leftovers\n|upkeep\n|turn|69\n|inactive|Time left: 300 sec this turn | 300 sec total\n|\n|t:|1783535782\n|move|p2a: Lumineon|Ice Beam|p1a: Dondozo\n|-resisted|p1a: Dondozo\n|-damage|p1a: Dondozo|61/100\n|-status|p1a: Dondozo|frz\n|cant|p1a: Dondozo|frz\n|\n|-heal|p1a: Dondozo|67/100 frz|[from] item: Leftovers\n|upkeep\n|turn|70\n|inactive|Time left: 300 sec this turn | 300 sec total\n|\n|t:|1783535782\n|move|p2a: Lumineon|Ice Beam|p1a: Dondozo\n|-resisted|p1a: Dondozo\n|-damage|p1a: Dondozo|56/100 frz\n|cant|p1a: Dondozo|frz\n|\n|-heal|p1a: Dondozo|62/100 frz|[from] item: Leftovers\n|upkeep\n|turn|71\n|inactive|Time left: 300 sec this turn | 300 sec total\n|\n|t:|1783535783\n|move|p2a: Lumineon|Encore|p1a: Dondozo\n|-start|p1a: Dondozo|Encore\n|cant|p1a: Dondozo|frz\n|\n|-heal|p1a: Dondozo|68/100 frz|[from] item: Leftovers\n|upkeep\n|turn|72\n|inactive|Time left: 300 sec this turn | 300 sec total\n|\n|t:|1783535784\n|move|p2a: Lumineon|Ice Beam|p1a: Dondozo\n|-resisted|p1a: Dondozo\n|-damage|p1a: Dondozo|57/100 frz\n|cant|p1a: Dondozo|frz\n|\n|-heal|p1a: Dondozo|63/100 frz|[from] item: Leftovers\n|upkeep\n|turn|73\n|inactive|Time left: 300 sec this turn | 300 sec total\n|\n|t:|1783535785\n|move|p2a: Lumineon|U-turn|p1a: Dondozo\n|-damage|p1a: Dondozo|60/100 frz\n|inactive|Time left: 300 sec this turn | 300 sec total | 5 sec grace\n|\n|t:|1783535786\n|switch|p2a: Meowstic|Meowstic, L89, M|151/277 tox|[from] U-turn\n|cant|p1a: Dondozo|frz\n|\n|-heal|p2a: Meowstic|168/277 tox|[from] item: Leftovers\n|-heal|p1a: Dondozo|66/100 frz|[from] item: Leftovers\n|-damage|p2a: Meowstic|151/277 tox|[from] psn\n|-end|p1a: Dondozo|Encore\n|upkeep\n|turn|74\n|inactive|Time left: 300 sec this turn | 300 sec total\n|\n|t:|1783535787\n|move|p2a: Meowstic|Psychic Noise|p1a: Dondozo\n|-damage|p1a: Dondozo|36/100 frz\n|-start|p1a: Dondozo|move: Heal Block\n|cant|p1a: Dondozo|frz\n|\n|-heal|p2a: Meowstic|168/277 tox|[from] item: Leftovers\n|-damage|p2a: Meowstic|134/277 tox|[from] psn\n|upkeep\n|turn|75\n|inactive|Time left: 300 sec this turn | 300 sec total\n|\n|t:|1783535788\n|move|p2a: Meowstic|Psychic Noise|p1a: Dondozo\n|-damage|p1a: Dondozo|5/100 frz\n|cant|p1a: Dondozo|frz\n|\n|-heal|p2a: Meowstic|151/277 tox|[from] item: Leftovers\n|-damage|p2a: Meowstic|100/277 tox|[from] psn\n|-end|p1a: Dondozo|move: Heal Block\n|upkeep\n|turn|76\n|inactive|Time left: 300 sec this turn | 300 sec total\n|\n|t:|1783535789\n|switch|p1a: Umbreon|Umbreon, L84, M|94/100 brn\n|move|p2a: Meowstic|Alluring Voice|p1a: Umbreon\n|-supereffective|p1a: Umbreon\n|-damage|p1a: Umbreon|68/100 brn\n|\n|-heal|p2a: Meowstic|117/277 tox|[from] item: Leftovers\n|-heal|p1a: Umbreon|74/100 brn|[from] item: Leftovers\n|-damage|p2a: Meowstic|49/277 tox|[from] psn\n|-damage|p1a: Umbreon|68/100 brn|[from] brn\n|upkeep\n|turn|77\n|inactive|Time left: 300 sec this turn | 300 sec total\n|\n|t:|1783535790\n|switch|p2a: Lumineon|Lumineon, L93, M|279/279\n|move|p1a: Umbreon|Wish|p1a: Umbreon\n|\n|-heal|p1a: Umbreon|74/100 brn|[from] item: Leftovers\n|-damage|p1a: Umbreon|68/100 brn|[from] brn\n|upkeep\n|turn|78\n|inactive|Time left: 300 sec this turn | 300 sec total\n|\n|t:|1783535791\n|move|p2a: Lumineon|U-turn|p1a: Umbreon\n|-supereffective|p1a: Umbreon\n|-damage|p1a: Umbreon|41/100 brn\n|inactive|Time left: 300 sec this turn | 300 sec total | 5 sec grace\n|\n|t:|1783535792\n|switch|p2a: Meowstic|Meowstic, L89, M|49/277 tox|[from] U-turn\n|move|p1a: Umbreon|Foul Play|p2a: Meowstic\n|-supereffective|p2a: Meowstic\n|-damage|p2a: Meowstic|3/277 tox\n|\n|-heal|p1a: Umbreon|90/100 brn|[from] move: Wish|[wisher] Umbreon\n|-heal|p2a: Meowstic|20/277 tox|[from] item: Leftovers\n|-heal|p1a: Umbreon|96/100 brn|[from] item: Leftovers\n|-damage|p2a: Meowstic|3/277 tox|[from] psn\n|-damage|p1a: Umbreon|90/100 brn|[from] brn\n|upkeep\n|turn|79\n|inactive|Time left: 300 sec this turn | 300 sec total\n|\n|t:|1783535793\n|move|p2a: Meowstic|Alluring Voice|p1a: Umbreon\n|-supereffective|p1a: Umbreon\n|-damage|p1a: Umbreon|63/100 brn\n|move|p1a: Umbreon|Toxic|p2a: Meowstic\n|-fail|p2a: Meowstic|tox\n|\n|-heal|p2a: Meowstic|20/277 tox|[from] item: Leftovers\n|-heal|p1a: Umbreon|69/100 brn|[from] item: Leftovers\n|-damage|p2a: Meowstic|0 fnt|[from] psn\n|faint|p2a: Meowstic\n|-damage|p1a: Umbreon|63/100 brn|[from] brn\n|upkeep\n|inactive|Time left: 300 sec this turn | 300 sec total | 5 sec grace\n|\n|t:|1783535794\n|switch|p2a: Lumineon|Lumineon, L93, M|279/279\n|turn|80\n|inactive|Time left: 300 sec this turn | 300 sec total\n|\n|t:|1783535795\n|switch|p1a: Dodrio|Dodrio, L85, F|100/100\n|move|p2a: Lumineon|U-turn|p1a: Dodrio\n|-resisted|p1a: Dodrio\n|-damage|p1a: Dodrio|90/100\n|\n|upkeep\n|turn|81\n|inactive|Time left: 300 sec this turn | 300 sec total\n|\n|t:|1783535796\n|move|p1a: Dodrio|Brave Bird|p2a: Lumineon\n|-damage|p2a: Lumineon|44/279\n|-damage|p1a: Dodrio|57/100|[from] Recoil\n|move|p2a: Lumineon|Encore|p1a: Dodrio\n|-start|p1a: Dodrio|Encore\n|\n|upkeep\n|turn|82\n|inactive|Time left: 300 sec this turn | 300 sec total\n|\n|t:|1783535797\n|-terastallize|p1a: Dodrio|Ground\n|move|p1a: Dodrio|Brave Bird|p2a: Lumineon\n|-damage|p2a: Lumineon|0 fnt\n|faint|p2a: Lumineon\n|-damage|p1a: Dodrio|51/100|[from] Recoil\n|\n|win|p0x1709f20", "uploadtime": 1783535797, "views": 0, "rating": 0, "private": 0, "password": null, "_winner": "p0x1709f20", "_our_name": "p0y1701e6b"}