{"id": "battle-gen9randombattle-2091", "formatid": "gen9randombattle", "format": "[Gen 9] Random Battle", "players": ["p0x20910d89", "p0y2091315c"], "log": "|init|battle\n|title|p0x20910d89 vs. p0y2091315c\n|j|\u2606p0x20910d89\n|j|\u2606p0y2091315c\n|t:|1783563408\n|gametype|singles\n|player|p1|p0x20910d89|101|\n|player|p2|p0y2091315c|266|\n|gen|9\n|tier|[Gen 9] Random Battle\n|rule|Species Clause: Limit one of each Pok\u00e9mon\n|rule|HP Percentage Mod: HP is shown in percentages\n|rule|Sleep Clause Mod: Limit one foe put to sleep\n|rule|Illusion Level Mod: Illusion disguises the Pok\u00e9mon's true level\n|\n|t:|1783563408\n|teamsize|p1|6\n|teamsize|p2|6\n|start\n|switch|p1a: Pincurchin|Pincurchin, M|100/100\n|switch|p2a: Bellibolt|Bellibolt, L84, F|320/320\n|-fieldstart|move: Electric Terrain|[from] ability: Electric Surge|[of] p1a: Pincurchin\n|turn|1\n|inactive|Battle timer is ON: inactive players will automatically lose when time's up. (requested by p0x20910d89)\n|inactive|Time left: 300 sec this turn | 300 sec total | 60 sec grace\n|inactive|p0y2091315c also wants the timer to be on.\n|\n|t:|1783563409\n|move|p2a: Bellibolt|Thunderbolt|p1a: Pincurchin\n|-resisted|p1a: Pincurchin\n|-damage|p1a: Pincurchin|80/100\n|move|p1a: Pincurchin|Liquidation|p2a: Bellibolt\n|-damage|p2a: Bellibolt|231/320\n|-start|p2a: Bellibolt|Charge|Liquidation|[from] ability: Electromorphosis\n|\n|-heal|p2a: Bellibolt|251/320|[from] item: Leftovers\n|-heal|p1a: Pincurchin|86/100|[from] item: Leftovers\n|upkeep\n|turn|2\n|inactive|Time left: 300 sec this turn | 300 sec total\n|\n|t:|1783563410\n|move|p2a: Bellibolt|Thunderbolt|p1a: Pincurchin\n|-resisted|p1a: Pincurchin\n|-damage|p1a: Pincurchin|44/100\n|-end|p2a: Bellibolt|Charge|[silent]\n|move|p1a: Pincurchin|Liquidation|p2a: Bellibolt\n|-damage|p2a: Bellibolt|161/320\n|-start|p2a: Bellibolt|Charge|Liquidation|[from] ability: Electromorphosis\n|\n|-heal|p2a: Bellibolt|181/320|[from] item: Leftovers\n|-heal|p1a: Pincurchin|50/100|[from] item: Leftovers\n|upkeep\n|turn|3\n|inactive|Time left: 300 sec this turn | 300 sec total\n|\n|t:|1783563411\n|move|p2a: Bellibolt|Thunderbolt|p1a: Pincurchin\n|-resisted|p1a: Pincurchin\n|-damage|p1a: Pincurchin|5/100\n|-end|p2a: Bellibolt|Charge|[silent]\n|move|p1a: Pincurchin|Recover|p1a: Pincurchin\n|-heal|p1a: Pincurchin|55/100\n|\n|-heal|p2a: Bellibolt|201/320|[from] item: Leftovers\n|-heal|p1a: Pincurchin|61/100|[from] item: Leftovers\n|upkeep\n|turn|4\n|inactive|Time left: 300 sec this turn | 300 sec total\n|\n|t:|1783563412\n|move|p2a: Bellibolt|Thunderbolt|p1a: Pincurchin\n|-resisted|p1a: Pincurchin\n|-damage|p1a: Pincurchin|38/100\n|move|p1a: Pincurchin|Zing Zap|p2a: Bellibolt\n|-resisted|p2a: Bellibolt\n|-damage|p2a: Bellibolt|126/320\n|-start|p2a: Bellibolt|Charge|Zing Zap|[from] ability: Electromorphosis\n|\n|-heal|p2a: Bellibolt|146/320|[from] item: Leftovers\n|-heal|p1a: Pincurchin|44/100|[from] item: Leftovers\n|upkeep\n|turn|5\n|inactive|Time left: 300 sec this turn | 300 sec total\n|\n|t:|1783563414\n|move|p2a: Bellibolt|Thunderbolt|p1a: Pincurchin\n|-resisted|p1a: Pincurchin\n|-damage|p1a: Pincurchin|0 fnt\n|faint|p1a: Pincurchin\n|-end|p2a: Bellibolt|Charge|[silent]\n|\n|-heal|p2a: Bellibolt|166/320|[from] item: Leftovers\n|-fieldend|move: Electric Terrain\n|upkeep\n|\n|t:|1783563414\n|switch|p1a: Hitmonchan|Hitmonchan, L87, M|100/100\n|turn|6\n|inactive|Time left: 300 sec this turn | 300 sec total\n|\n|t:|1783563416\n|move|p1a: Hitmonchan|Swords Dance|p1a: Hitmonchan\n|-boost|p1a: Hitmonchan|atk|2\n|move|p2a: Bellibolt|Slack Off|p2a: Bellibolt\n|-heal|p2a: Bellibolt|320/320\n|\n|upkeep\n|turn|7\n|inactive|Time left: 300 sec this turn | 300 sec total\n|\n|t:|1783563417\n|move|p1a: Hitmonchan|Drain Punch|p2a: Bellibolt\n|-damage|p2a: Bellibolt|65/320\n|-start|p2a: Bellibolt|Charge|Drain Punch|[from] ability: Electromorphosis\n|-damage|p1a: Hitmonchan|91/100|[from] item: Life Orb\n|move|p2a: Bellibolt|Volt Switch|p1a: Hitmonchan\n|-damage|p1a: Hitmonchan|32/100\n|-end|p2a: Bellibolt|Charge|[silent]\n|inactive|Time left: 300 sec this turn | 300 sec total | 5 sec grace\n|\n|t:|1783563418\n|switch|p2a: Medicham|Medicham, L86, M|243/243|[from] Volt Switch\n|\n|upkeep\n|turn|8\n|inactive|Time left: 300 sec this turn | 300 sec total\n|\n|t:|1783563419\n|switch|p1a: Hoopa|Hoopa, L85|100/100\n|move|p2a: Medicham|Close Combat|p1a: Hoopa\n|-immune|p1a: Hoopa\n|\n|upkeep\n|turn|9\n|inactive|Time left: 300 sec this turn | 300 sec total\n|\n|t:|1783563420\n|switch|p2a: Squawkabilly|Squawkabilly-Yellow, L89, F|291/291\n|move|p1a: Hoopa|Shadow Ball|p2a: Squawkabilly\n|-immune|p2a: Squawkabilly\n|\n|upkeep\n|turn|10\n|inactive|Time left: 300 sec this turn | 300 sec total\n|\n|t:|1783563422\n|switch|p1a: Weezing|Weezing-Galar, L86, M|100/100\n|move|p2a: Squawkabilly|Brave Bird|p1a: Weezing\n|-damage|p1a: Weezing|7/100\n|-damage|p2a: Squawkabilly|213/291|[from] Recoil\n|\n|-heal|p1a: Weezing|13/100|[from] item: Leftovers\n|upkeep\n|turn|11\n|inactive|Time left: 300 sec this turn | 300 sec total\n|\n|t:|1783563423\n|move|p2a: Squawkabilly|Brave Bird|p1a: Weezing\n|-damage|p1a: Weezing|0 fnt\n|faint|p1a: Weezing\n|-damage|p2a: Squawkabilly|202/291|[from] Recoil\n|\n|upkeep\n|\n|t:|1783563424\n|switch|p1a: Hoopa|Hoopa, L85|100/100\n|turn|12\n|inactive|Time left: 300 sec this turn | 300 sec total\n|\n|t:|1783563425\n|move|p1a: Hoopa|Psyshock|p2a: Squawkabilly\n|-crit|p2a: Squawkabilly\n|-damage|p2a: Squawkabilly|0 fnt\n|faint|p2a: Squawkabilly\n|\n|upkeep\n|inactive|Time left: 300 sec this turn | 300 sec total | 5 sec grace\n|\n|t:|1783563426\n|switch|p2a: Ampharos|Ampharos, L88, F|302/302\n|turn|13\n|inactive|Time left: 300 sec this turn | 300 sec total\n|\n|t:|1783563427\n|move|p1a: Hoopa|Psyshock|p2a: Ampharos\n|-damage|p2a: Ampharos|179/302\n|move|p2a: Ampharos|Thunderbolt|p1a: Hoopa\n|-damage|p1a: Hoopa|51/100\n|\n|upkeep\n|turn|14\n|inactive|Time left: 300 sec this turn | 300 sec total\n|\n|t:|1783563428\n|move|p1a: Hoopa|Psyshock|p2a: Ampharos\n|-damage|p2a: Ampharos|59/302\n|move|p2a: Ampharos|Thunderbolt|p1a: Hoopa\n|-damage|p1a: Hoopa|2/100\n|\n|upkeep\n|turn|15\n|inactive|Time left: 300 sec this turn | 300 sec total\n|\n|t:|1783563429\n|switch|p2a: Reshiram|Reshiram, L76|277/277\n|-ability|p2a: Reshiram|Turboblaze\n|move|p1a: Hoopa|Psyshock|p2a: Reshiram\n|-damage|p2a: Reshiram|147/277\n|\n|upkeep\n|turn|16\n|inactive|Time left: 300 sec this turn | 300 sec total\n|\n|t:|1783563430\n|move|p1a: Hoopa|Psyshock|p2a: Reshiram\n|-damage|p2a: Reshiram|23/277\n|move|p2a: Reshiram|Blue Flare|p1a: Hoopa|[miss]\n|-miss|p2a: Reshiram|p1a: Hoopa\n|\n|upkeep\n|turn|17\n|inactive|Time left: 300 sec this turn | 300 sec total\n|\n|t:|1783563431\n|move|p1a: Hoopa|Psyshock|p2a: Reshiram\n|-damage|p2a: Reshiram|0 fnt\n|faint|p2a: Reshiram\n|\n|upkeep\n|inactive|Time left: 300 sec this turn | 300 sec total | 5 sec grace\n|\n|t:|1783563432\n|switch|p2a: Medicham|Medicham, L86, M|243/243\n|turn|18\n|inactive|Time left: 300 sec this turn | 300 sec total\n|\n|t:|1783563433\n|move|p2a: Medicham|Bullet Punch|p1a: Hoopa\n|-damage|p1a: Hoopa|0 fnt\n|faint|p1a: Hoopa\n|\n|upkeep\n|\n|t:|1783563434\n|switch|p1a: Samurott|Samurott-Hisui, L77, M|100/100\n|turn|19\n|inactive|Time left: 300 sec this turn | 300 sec total\n|\n|t:|1783563435\n|switch|p2a: Flamigo|Flamigo, L82, M|269/269\n|move|p1a: Samurott|Ceaseless Edge|p2a: Flamigo\n|-resisted|p2a: Flamigo\n|-damage|p2a: Flamigo|212/269\n|-sidestart|p2: p0y2091315c|Spikes\n|\n|upkeep\n|turn|20\n|inactive|Time left: 300 sec this turn | 300 sec total\n|\n|t:|1783563436\n|move|p1a: Samurott|Ceaseless Edge|p2a: Flamigo|[miss]\n|-miss|p1a: Samurott|p2a: Flamigo\n|move|p2a: Flamigo|Close Combat|p1a: Samurott\n|-supereffective|p1a: Samurott\n|-damage|p1a: Samurott|0 fnt\n|-unboost|p2a: Flamigo|def|1\n|-unboost|p2a: Flamigo|spd|1\n|faint|p1a: Samurott\n|\n|upkeep\n|\n|t:|1783563437\n|switch|p1a: Floatzel|Floatzel, L86, M|100/100\n|turn|21\n|inactive|Time left: 300 sec this turn | 300 sec total\n|\n|t:|1783563438\n|switch|p2a: Ampharos|Ampharos, L88, F|59/302\n|-damage|p2a: Ampharos|22/302|[from] Spikes\n|move|p1a: Floatzel|Wave Crash|p2a: Ampharos\n|-damage|p2a: Ampharos|0 fnt\n|faint|p2a: Ampharos\n|-damage|p1a: Floatzel|98/100|[from] Recoil\n|\n|-heal|p1a: Floatzel|100/100|[from] item: Leftovers\n|upkeep\n|inactive|Time left: 300 sec this turn | 300 sec total | 5 sec grace\n|\n|t:|1783563439\n|switch|p2a: Medicham|Medicham, L86, M|243/243\n|-damage|p2a: Medicham|213/243|[from] Spikes\n|turn|22\n|inactive|Time left: 300 sec this turn | 300 sec total\n|\n|t:|1783563440\n|switch|p1a: Hitmonchan|Hitmonchan, L87, M|32/100\n|move|p2a: Medicham|Close Combat|p1a: Hitmonchan\n|-damage|p1a: Hitmonchan|0 fnt\n|-unboost|p2a: Medicham|def|1\n|-unboost|p2a: Medicham|spd|1\n|faint|p1a: Hitmonchan\n|\n|upkeep\n|\n|t:|1783563441\n|switch|p1a: Floatzel|Floatzel, L86, M|100/100\n|turn|23\n|inactive|Time left: 300 sec this turn | 300 sec total\n|\n|t:|1783563442\n|move|p1a: Floatzel|Bulk Up|p1a: Floatzel\n|-boost|p1a: Floatzel|atk|1\n|-boost|p1a: Floatzel|def|1\n|move|p2a: Medicham|Close Combat|p1a: Floatzel\n|-damage|p1a: Floatzel|15/100\n|-unboost|p2a: Medicham|def|1\n|-unboost|p2a: Medicham|spd|1\n|\n|-heal|p1a: Floatzel|21/100|[from] item: Leftovers\n|upkeep\n|turn|24\n|inactive|Time left: 300 sec this turn | 300 sec total\n|\n|t:|1783563443\n|switch|p2a: Bellibolt|Bellibolt, L84, F|65/320\n|-damage|p2a: Bellibolt|25/320|[from] Spikes\n|-terastallize|p1a: Floatzel|Steel\n|move|p1a: Floatzel|Ice Spinner|p2a: Bellibolt\n|-damage|p2a: Bellibolt|0 fnt\n|faint|p2a: Bellibolt\n|\n|-heal|p1a: Floatzel|27/100|[from] item: Leftovers\n|upkeep\n|inactive|Time left: 300 sec this turn | 300 sec total | 5 sec grace\n|\n|t:|1783563444\n|switch|p2a: Flamigo|Flamigo, L82, M|212/269\n|turn|25\n|inactive|Time left: 300 sec this turn | 300 sec total\n|\n|t:|1783563444\n|-terastallize|p2a: Flamigo|Fighting\n|move|p1a: Floatzel|Ice Spinner|p2a: Flamigo\n|-damage|p2a: Flamigo|97/269\n|move|p2a: Flamigo|Close Combat|p1a: Floatzel\n|-supereffective|p1a: Floatzel\n|-damage|p1a: Floatzel|0 fnt\n|-unboost|p2a: Flamigo|def|1\n|-unboost|p2a: Flamigo|spd|1\n|faint|p1a: Floatzel\n|\n|win|p0y2091315c", "uploadtime": 1783563444, "views": 0, "rating": 0, "private": 0, "password": null, "_winner": "p0y2091315c", "_our_name": "p0y2091315c"}