{"id": "battle-gen9randombattle-1061", "formatid": "gen9randombattle", "format": "[Gen 9] Random Battle", "players": ["p0x10610417", "p0y10619f7a"], "log": "|init|battle\n|title|p0x10610417 vs. p0y10619f7a\n|j|\u2606p0x10610417\n|j|\u2606p0y10619f7a\n|t:|1783552199\n|gametype|singles\n|player|p1|p0x10610417|170|\n|player|p2|p0y10619f7a|169|\n|gen|9\n|tier|[Gen 9] Random Battle\n|rule|Species Clause: Limit one of each Pok\u00e9mon\n|rule|HP Percentage Mod: HP is shown in percentages\n|rule|Sleep Clause Mod: Limit one foe put to sleep\n|rule|Illusion Level Mod: Illusion disguises the Pok\u00e9mon's true level\n|\n|t:|1783552199\n|teamsize|p1|6\n|teamsize|p2|6\n|start\n|switch|p1a: Banette|Banette, L93, F|270/270\n|switch|p2a: Golurk|Golurk, L87|100/100\n|turn|1\n|inactive|Battle timer is ON: inactive players will automatically lose when time's up. (requested by p0y10619f7a)\n|inactive|Time left: 300 sec this turn | 300 sec total | 60 sec grace\n|\n|t:|1783552200\n|-terastallize|p2a: Golurk|Fighting\n|move|p1a: Banette|Poltergeist|p2a: Golurk\n|-activate|p2a: Golurk|move: Poltergeist|Life Orb\n|-damage|p2a: Golurk|26/100\n|-damage|p1a: Banette|243/270|[from] item: Life Orb\n|move|p2a: Golurk|Poltergeist|p1a: Banette\n|-activate|p1a: Banette|move: Poltergeist|Life Orb\n|-supereffective|p1a: Banette\n|-damage|p1a: Banette|0 fnt\n|faint|p1a: Banette\n|-damage|p2a: Golurk|17/100|[from] item: Life Orb\n|\n|upkeep\n|inactive|Time left: 300 sec this turn | 300 sec total | 65 sec grace\n|inactive|p0x10610417 also wants the timer to be on.\n|\n|t:|1783552201\n|switch|p1a: Kyurem|Kyurem-Black, L71|295/295\n|-ability|p1a: Kyurem|Teravolt\n|turn|2\n|inactive|Time left: 300 sec this turn | 300 sec total\n|\n|t:|1783552202\n|switch|p2a: Tinkaton|Tinkaton, L82, F|100/100\n|-ability|p2a: Tinkaton|Mold Breaker\n|move|p1a: Kyurem|Scale Shot|p2a: Tinkaton\n|-immune|p2a: Tinkaton\n|\n|upkeep\n|turn|3\n|inactive|Time left: 300 sec this turn | 300 sec total\n|\n|t:|1783552203\n|-terastallize|p1a: Kyurem|Electric\n|move|p2a: Tinkaton|Gigaton Hammer|p1a: Kyurem\n|-resisted|p1a: Kyurem\n|-damage|p1a: Kyurem|228/295\n|move|p1a: Kyurem|Dragon Dance|p1a: Kyurem\n|-boost|p1a: Kyurem|atk|1\n|-boost|p1a: Kyurem|spe|1\n|\n|upkeep\n|turn|4\n|inactive|Time left: 300 sec this turn | 300 sec total\n|\n|t:|1783552204\n|move|p1a: Kyurem|Fusion Bolt|p2a: Tinkaton\n|-damage|p2a: Tinkaton|22/100\n|move|p2a: Tinkaton|Knock Off|p1a: Kyurem\n|-damage|p1a: Kyurem|170/295\n|-enditem|p1a: Kyurem|Loaded Dice|[from] move: Knock Off|[of] p2a: Tinkaton\n|\n|-heal|p2a: Tinkaton|28/100|[from] item: Leftovers\n|upkeep\n|turn|5\n|inactive|Time left: 300 sec this turn | 300 sec total\n|\n|t:|1783552205\n|switch|p2a: Golurk|Golurk, L87, tera:Fighting|17/100\n|move|p1a: Kyurem|Fusion Bolt|p2a: Golurk\n|-damage|p2a: Golurk|0 fnt\n|faint|p2a: Golurk\n|\n|upkeep\n|\n|t:|1783552206\n|switch|p2a: Tinkaton|Tinkaton, L82, F|28/100\n|-ability|p2a: Tinkaton|Mold Breaker\n|turn|6\n|inactive|Time left: 300 sec this turn | 300 sec total\n|\n|t:|1783552207\n|move|p1a: Kyurem|Fusion Bolt|p2a: Tinkaton\n|-damage|p2a: Tinkaton|0 fnt\n|faint|p2a: Tinkaton\n|\n|upkeep\n|\n|t:|1783552207\n|switch|p2a: Mienshao|Mienshao, L83, M|100/100\n|turn|7\n|inactive|Time left: 300 sec this turn | 300 sec total\n|\n|t:|1783552209\n|move|p1a: Kyurem|Fusion Bolt|p2a: Mienshao\n|-damage|p2a: Mienshao|3/100\n|move|p2a: Mienshao|Close Combat|p1a: Kyurem\n|-damage|p1a: Kyurem|0 fnt\n|-unboost|p2a: Mienshao|def|1\n|-unboost|p2a: Mienshao|spd|1\n|faint|p1a: Kyurem\n|-damage|p2a: Mienshao|0 fnt|[from] item: Life Orb\n|faint|p2a: Mienshao\n|\n|upkeep\n|inactive|Time left: 300 sec this turn | 300 sec total | 5 sec grace\n|\n|t:|1783552210\n|switch|p2a: Inteleon|Inteleon, L81, F|100/100\n|switch|p1a: Oricorio|Oricorio-Pom-Pom, L82, F|257/257\n|turn|8\n|inactive|Time left: 300 sec this turn | 300 sec total\n|\n|t:|1783552211\n|switch|p1a: Mienshao|Mienshao, L83, F|244/244\n|move|p2a: Inteleon|Ice Beam|p1a: Mienshao\n|-damage|p1a: Mienshao|153/244\n|\n|upkeep\n|turn|9\n|inactive|Time left: 300 sec this turn | 300 sec total\n|\n|t:|1783552212\n|move|p1a: Mienshao|Fake Out|p2a: Inteleon\n|-damage|p2a: Inteleon|81/100\n|cant|p2a: Inteleon|flinch\n|\n|upkeep\n|turn|10\n|inactive|Time left: 300 sec this turn | 300 sec total\n|\n|t:|1783552213\n|move|p2a: Inteleon|Ice Beam|p1a: Mienshao\n|-damage|p1a: Mienshao|48/244\n|-status|p1a: Mienshao|frz\n|cant|p1a: Mienshao|frz\n|\n|upkeep\n|turn|11\n|inactive|Time left: 300 sec this turn | 300 sec total\n|\n|t:|1783552214\n|switch|p1a: Ho-Oh|Ho-Oh, L71|268/268\n|move|p2a: Inteleon|Ice Beam|p1a: Ho-Oh\n|-damage|p1a: Ho-Oh|192/268\n|\n|upkeep\n|turn|12\n|inactive|Time left: 300 sec this turn | 300 sec total\n|\n|t:|1783552215\n|move|p2a: Inteleon|Ice Beam|p1a: Ho-Oh\n|-damage|p1a: Ho-Oh|107/268\n|move|p1a: Ho-Oh|Recover|p1a: Ho-Oh\n|-heal|p1a: Ho-Oh|241/268\n|\n|upkeep\n|turn|13\n|inactive|Time left: 300 sec this turn | 300 sec total\n|\n|t:|1783552216\n|move|p2a: Inteleon|Ice Beam|p1a: Ho-Oh\n|-damage|p1a: Ho-Oh|154/268\n|move|p1a: Ho-Oh|Brave Bird|p2a: Inteleon\n|-damage|p2a: Inteleon|21/100\n|-damage|p1a: Ho-Oh|105/268|[from] Recoil\n|\n|upkeep\n|turn|14\n|inactive|Time left: 300 sec this turn | 300 sec total\n|\n|t:|1783552217\n|move|p2a: Inteleon|Ice Beam|p1a: Ho-Oh\n|-damage|p1a: Ho-Oh|25/268\n|move|p1a: Ho-Oh|Recover|p1a: Ho-Oh\n|-heal|p1a: Ho-Oh|159/268\n|\n|upkeep\n|turn|15\n|inactive|Time left: 300 sec this turn | 300 sec total\n|\n|t:|1783552218\n|move|p2a: Inteleon|Ice Beam|p1a: Ho-Oh\n|-damage|p1a: Ho-Oh|84/268\n|move|p1a: Ho-Oh|Sacred Fire|p2a: Inteleon\n|-resisted|p2a: Inteleon\n|-damage|p2a: Inteleon|0 fnt\n|faint|p2a: Inteleon\n|\n|upkeep\n|\n|t:|1783552219\n|switch|p2a: Sneasler|Sneasler, L74, F|100/100\n|turn|16\n|inactive|Time left: 300 sec this turn | 300 sec total\n|\n|t:|1783552220\n|switch|p1a: Mienshao|Mienshao, L83, F|129/244 frz\n|move|p2a: Sneasler|Dire Claw|p1a: Mienshao\n|-damage|p1a: Mienshao|23/244 frz\n|\n|upkeep\n|turn|17\n|inactive|Time left: 300 sec this turn | 300 sec total\n|\n|t:|1783552221\n|cant|p1a: Mienshao|frz\n|move|p2a: Sneasler|Swords Dance|p2a: Sneasler\n|-boost|p2a: Sneasler|atk|2\n|\n|upkeep\n|turn|18\n|inactive|Time left: 300 sec this turn | 300 sec total\n|\n|t:|1783552222\n|cant|p1a: Mienshao|frz\n|move|p2a: Sneasler|Swords Dance|p2a: Sneasler\n|-boost|p2a: Sneasler|atk|2\n|\n|upkeep\n|turn|19\n|inactive|Time left: 300 sec this turn | 300 sec total\n|\n|t:|1783552224\n|cant|p1a: Mienshao|frz\n|move|p2a: Sneasler|Dire Claw|p1a: Mienshao\n|-damage|p1a: Mienshao|0 fnt\n|faint|p1a: Mienshao\n|\n|upkeep\n|inactive|Time left: 300 sec this turn | 300 sec total | 5 sec grace\n|\n|t:|1783552225\n|switch|p1a: Ho-Oh|Ho-Oh, L71|173/268\n|turn|20\n|inactive|Time left: 300 sec this turn | 300 sec total\n|\n|t:|1783552226\n|move|p2a: Sneasler|Dire Claw|p1a: Ho-Oh\n|-damage|p1a: Ho-Oh|0 fnt\n|faint|p1a: Ho-Oh\n|\n|upkeep\n|inactive|Time left: 300 sec this turn | 300 sec total | 5 sec grace\n|\n|t:|1783552227\n|switch|p1a: Oricorio|Oricorio-Pom-Pom, L82, F|257/257\n|turn|21\n|inactive|Time left: 300 sec this turn | 300 sec total\n|\n|t:|1783552228\n|move|p2a: Sneasler|Dire Claw|p1a: Oricorio\n|-damage|p1a: Oricorio|0 fnt\n|faint|p1a: Oricorio\n|\n|upkeep\n|inactive|Time left: 300 sec this turn | 300 sec total | 5 sec grace\n|\n|t:|1783552229\n|switch|p1a: Exeggutor|Exeggutor, L89, F|312/312\n|turn|22\n|inactive|Time left: 300 sec this turn | 300 sec total\n|\n|t:|1783552230\n|move|p2a: Sneasler|Dire Claw|p1a: Exeggutor\n|-supereffective|p1a: Exeggutor\n|-damage|p1a: Exeggutor|0 fnt\n|faint|p1a: Exeggutor\n|\n|win|p0y10619f7a", "uploadtime": 1783552230, "views": 0, "rating": 0, "private": 0, "password": null, "_winner": "p0y10619f7a", "_our_name": "p0x10610417"}