{"id": "battle-gen9randombattle-726", "formatid": "gen9randombattle", "format": "[Gen 9] Random Battle", "players": ["p0x7266239", "p0y7263890"], "log": "|init|battle\n|title|p0x7266239 vs. p0y7263890\n|j|\u2606p0x7266239\n|j|\u2606p0y7263890\n|t:|1783547565\n|gametype|singles\n|player|p1|p0x7266239|265|\n|player|p2|p0y7263890|266|\n|gen|9\n|tier|[Gen 9] Random Battle\n|rule|Species Clause: Limit one of each Pok\u00e9mon\n|rule|HP Percentage Mod: HP is shown in percentages\n|rule|Sleep Clause Mod: Limit one foe put to sleep\n|rule|Illusion Level Mod: Illusion disguises the Pok\u00e9mon's true level\n|\n|t:|1783547565\n|teamsize|p1|6\n|teamsize|p2|6\n|start\n|switch|p1a: Dodrio|Dodrio, L85, M|100/100\n|switch|p2a: Flapple|Flapple, L88, M|266/266\n|turn|1\n|inactive|Battle timer is ON: inactive players will automatically lose when time's up. (requested by p0y7263890)\n|inactive|p0x7266239 also wants the timer to be on.\n|\n|t:|1783547565\n|-terastallize|p2a: Flapple|Fire\n|move|p1a: Dodrio|Brave Bird|p2a: Flapple\n|-damage|p2a: Flapple|38/266\n|-damage|p1a: Dodrio|69/100|[from] Recoil\n|move|p2a: Flapple|Outrage|p1a: Dodrio\n|-damage|p1a: Dodrio|0 fnt\n|faint|p1a: Dodrio\n|\n|upkeep\n|\n|t:|1783547566\n|switch|p1a: Vigoroth|Vigoroth, L85, F|100/100\n|turn|2\n|inactive|Time left: 300 sec this turn | 300 sec total\n|\n|t:|1783547567\n|move|p1a: Vigoroth|Earthquake|p2a: Flapple\n|-supereffective|p2a: Flapple\n|-damage|p2a: Flapple|0 fnt\n|faint|p2a: Flapple\n|\n|upkeep\n|inactive|Time left: 300 sec this turn | 300 sec total | 5 sec grace\n|\n|t:|1783547568\n|switch|p2a: Inteleon|Inteleon, L81, M|246/246\n|turn|3\n|inactive|Time left: 300 sec this turn | 300 sec total\n|\n|t:|1783547569\n|move|p2a: Inteleon|Scald|p1a: Vigoroth\n|-damage|p1a: Vigoroth|53/100\n|-status|p1a: Vigoroth|brn\n|move|p1a: Vigoroth|Body Slam|p2a: Inteleon\n|-damage|p2a: Inteleon|194/246\n|\n|-damage|p1a: Vigoroth|47/100 brn|[from] brn\n|upkeep\n|turn|4\n|inactive|Time left: 300 sec this turn | 300 sec total\n|\n|t:|1783547570\n|move|p2a: Inteleon|Scald|p1a: Vigoroth\n|-damage|p1a: Vigoroth|0 fnt\n|faint|p1a: Vigoroth\n|\n|upkeep\n|\n|t:|1783547571\n|switch|p1a: Scrafty|Scrafty, L83, M|100/100\n|turn|5\n|inactive|Time left: 300 sec this turn | 300 sec total\n|\n|t:|1783547572\n|move|p2a: Inteleon|Scald|p1a: Scrafty\n|-damage|p1a: Scrafty|53/100\n|move|p1a: Scrafty|Bulk Up|p1a: Scrafty\n|-boost|p1a: Scrafty|atk|1\n|-boost|p1a: Scrafty|def|1\n|\n|-heal|p1a: Scrafty|60/100|[from] item: Leftovers\n|upkeep\n|turn|6\n|inactive|Time left: 300 sec this turn | 300 sec total\n|\n|t:|1783547573\n|move|p2a: Inteleon|Scald|p1a: Scrafty\n|-damage|p1a: Scrafty|10/100\n|move|p1a: Scrafty|Rest|p1a: Scrafty\n|-status|p1a: Scrafty|slp|[from] move: Rest\n|-heal|p1a: Scrafty|100/100 slp|[silent]\n|\n|-activate|p1a: Scrafty|ability: Shed Skin\n|-curestatus|p1a: Scrafty|slp|[msg]\n|upkeep\n|turn|7\n|inactive|Time left: 300 sec this turn | 300 sec total\n|\n|t:|1783547574\n|move|p2a: Inteleon|Scald|p1a: Scrafty\n|-damage|p1a: Scrafty|55/100\n|-status|p1a: Scrafty|brn\n|move|p1a: Scrafty|Knock Off|p2a: Inteleon\n|-damage|p2a: Inteleon|102/246\n|-enditem|p2a: Inteleon|Choice Specs|[from] move: Knock Off|[of] p1a: Scrafty\n|\n|-heal|p1a: Scrafty|61/100 brn|[from] item: Leftovers\n|-damage|p1a: Scrafty|55/100 brn|[from] brn\n|upkeep\n|turn|8\n|inactive|Time left: 300 sec this turn | 300 sec total\n|\n|t:|1783547575\n|move|p2a: Inteleon|Scald|p1a: Scrafty\n|-damage|p1a: Scrafty|23/100 brn\n|move|p1a: Scrafty|Rest|p1a: Scrafty\n|-status|p1a: Scrafty|slp|[from] move: Rest\n|-heal|p1a: Scrafty|100/100 slp|[silent]\n|\n|upkeep\n|turn|9\n|inactive|Time left: 300 sec this turn | 300 sec total\n|\n|t:|1783547576\n|switch|p2a: Flutter Mane|Flutter Mane, L74|203/203\n|cant|p1a: Scrafty|slp\n|\n|upkeep\n|turn|10\n|inactive|Time left: 300 sec this turn | 300 sec total\n|\n|t:|1783547577\n|-terastallize|p1a: Scrafty|Poison\n|move|p2a: Flutter Mane|Moonblast|p1a: Scrafty\n|-resisted|p1a: Scrafty\n|-damage|p1a: Scrafty|80/100 slp\n|-damage|p2a: Flutter Mane|183/203|[from] item: Life Orb\n|cant|p1a: Scrafty|slp\n|\n|-activate|p1a: Scrafty|ability: Shed Skin\n|-curestatus|p1a: Scrafty|slp|[msg]\n|-heal|p1a: Scrafty|86/100|[from] item: Leftovers\n|upkeep\n|turn|11\n|inactive|Time left: 300 sec this turn | 300 sec total\n|\n|t:|1783547578\n|-end|p2a: Flutter Mane|Protosynthesis|[silent]\n|switch|p2a: Skuntank|Skuntank, L84, F|310/310\n|move|p1a: Scrafty|Knock Off|p2a: Skuntank\n|-resisted|p2a: Skuntank\n|-damage|p2a: Skuntank|230/310\n|-enditem|p2a: Skuntank|Life Orb|[from] move: Knock Off|[of] p1a: Scrafty\n|\n|-heal|p1a: Scrafty|92/100|[from] item: Leftovers\n|upkeep\n|turn|12\n|inactive|Time left: 300 sec this turn | 300 sec total\n|\n|t:|1783547580\n|move|p2a: Skuntank|Knock Off|p1a: Scrafty\n|-damage|p1a: Scrafty|70/100\n|-enditem|p1a: Scrafty|Leftovers|[from] move: Knock Off|[of] p2a: Skuntank\n|move|p1a: Scrafty|Drain Punch|p2a: Skuntank\n|-damage|p2a: Skuntank|85/310\n|-heal|p1a: Scrafty|99/100|[from] drain|[of] p2a: Skuntank\n|\n|upkeep\n|turn|13\n|inactive|Time left: 300 sec this turn | 300 sec total\n|\n|t:|1783547581\n|move|p2a: Skuntank|Taunt|p1a: Scrafty\n|-start|p1a: Scrafty|move: Taunt\n|cant|p1a: Scrafty|move: Taunt|Bulk Up\n|\n|upkeep\n|turn|14\n|inactive|Time left: 300 sec this turn | 300 sec total\n|\n|t:|1783547582\n|move|p2a: Skuntank|Knock Off|p1a: Scrafty\n|-damage|p1a: Scrafty|85/100\n|move|p1a: Scrafty|Drain Punch|p2a: Skuntank\n|-damage|p2a: Skuntank|0 fnt\n|-heal|p1a: Scrafty|100/100|[from] drain|[of] p2a: Skuntank\n|-damage|p1a: Scrafty|75/100|[from] ability: Aftermath|[of] p2a: Skuntank\n|faint|p2a: Skuntank\n|\n|upkeep\n|inactive|Time left: 300 sec this turn | 300 sec total | 5 sec grace\n|\n|t:|1783547583\n|switch|p2a: Raging Bolt|Raging Bolt, L78|323/323\n|turn|15\n|inactive|Time left: 300 sec this turn | 300 sec total\n|\n|t:|1783547584\n|move|p2a: Raging Bolt|Calm Mind|p2a: Raging Bolt\n|-boost|p2a: Raging Bolt|spa|1\n|-boost|p2a: Raging Bolt|spd|1\n|move|p1a: Scrafty|Drain Punch|p2a: Raging Bolt\n|-damage|p2a: Raging Bolt|206/323\n|-heal|p1a: Scrafty|99/100|[from] drain|[of] p2a: Raging Bolt\n|\n|-heal|p2a: Raging Bolt|226/323|[from] item: Leftovers\n|-end|p1a: Scrafty|move: Taunt\n|upkeep\n|turn|16\n|inactive|Time left: 300 sec this turn | 300 sec total\n|\n|t:|1783547585\n|move|p2a: Raging Bolt|Calm Mind|p2a: Raging Bolt\n|-boost|p2a: Raging Bolt|spa|1\n|-boost|p2a: Raging Bolt|spd|1\n|move|p1a: Scrafty|Knock Off|p2a: Raging Bolt\n|-damage|p2a: Raging Bolt|72/323\n|-enditem|p2a: Raging Bolt|Leftovers|[from] move: Knock Off|[of] p1a: Scrafty\n|\n|upkeep\n|turn|17\n|inactive|Time left: 300 sec this turn | 300 sec total\n|\n|t:|1783547586\n|move|p2a: Raging Bolt|Draco Meteor|p1a: Scrafty\n|-damage|p1a: Scrafty|0 fnt\n|-unboost|p2a: Raging Bolt|spa|2\n|faint|p1a: Scrafty\n|\n|upkeep\n|\n|t:|1783547587\n|switch|p1a: Hippowdon|Hippowdon, L82, F|100/100\n|-weather|Sandstorm|[from] ability: Sand Stream|[of] p1a: Hippowdon\n|turn|18\n|inactive|Time left: 300 sec this turn | 300 sec total\n|\n|t:|1783547588\n|move|p2a: Raging Bolt|Draco Meteor|p1a: Hippowdon\n|-damage|p1a: Hippowdon|45/100\n|-unboost|p2a: Raging Bolt|spa|2\n|move|p1a: Hippowdon|Earthquake|p2a: Raging Bolt\n|-supereffective|p2a: Raging Bolt\n|-damage|p2a: Raging Bolt|0 fnt\n|faint|p2a: Raging Bolt\n|-end|p2a: Raging Bolt|Protosynthesis|[silent]\n|\n|-weather|Sandstorm|[upkeep]\n|-heal|p1a: Hippowdon|51/100|[from] item: Leftovers\n|upkeep\n|inactive|Time left: 300 sec this turn | 300 sec total | 5 sec grace\n|\n|t:|1783547590\n|switch|p2a: Inteleon|Inteleon, L81, M|102/246\n|turn|19\n|inactive|Time left: 300 sec this turn | 300 sec total\n|\n|t:|1783547591\n|switch|p1a: Duraludon|Duraludon, L82, F|100/100\n|move|p2a: Inteleon|Scald|p1a: Duraludon\n|-resisted|p1a: Duraludon\n|-damage|p1a: Duraludon|81/100\n|\n|-weather|Sandstorm|[upkeep]\n|-damage|p2a: Inteleon|87/246|[from] Sandstorm\n|upkeep\n|turn|20\n|inactive|Time left: 300 sec this turn | 300 sec total\n|\n|t:|1783547592\n|move|p2a: Inteleon|Ice Beam|p1a: Duraludon\n|-damage|p1a: Duraludon|53/100\n|move|p1a: Duraludon|Flash Cannon|p2a: Inteleon\n|-resisted|p2a: Inteleon\n|-damage|p2a: Inteleon|22/246\n|\n|-weather|Sandstorm|[upkeep]\n|-damage|p2a: Inteleon|7/246|[from] Sandstorm\n|upkeep\n|turn|21\n|inactive|Time left: 300 sec this turn | 300 sec total\n|\n|t:|1783547593\n|move|p2a: Inteleon|Scald|p1a: Duraludon\n|-resisted|p1a: Duraludon\n|-damage|p1a: Duraludon|24/100\n|-status|p1a: Duraludon|brn\n|move|p1a: Duraludon|Stealth Rock|p2a: Inteleon\n|-sidestart|p2: p0y7263890|move: Stealth Rock\n|\n|-weather|Sandstorm|[upkeep]\n|-damage|p2a: Inteleon|0 fnt|[from] Sandstorm\n|faint|p2a: Inteleon\n|-damage|p1a: Duraludon|18/100 brn|[from] brn\n|upkeep\n|inactive|Time left: 300 sec this turn | 300 sec total | 5 sec grace\n|\n|t:|1783547594\n|switch|p2a: Gyarados|Gyarados, L79, M|280/280\n|turn|22\n|inactive|Time left: 300 sec this turn | 300 sec total\n|\n|t:|1783547595\n|move|p1a: Duraludon|Draco Meteor|p2a: Gyarados\n|-damage|p2a: Gyarados|124/280\n|-unboost|p1a: Duraludon|spa|2\n|move|p2a: Gyarados|Dragon Dance|p2a: Gyarados\n|-boost|p2a: Gyarados|atk|1\n|-boost|p2a: Gyarados|spe|1\n|\n|-weather|none\n|-damage|p1a: Duraludon|12/100 brn|[from] brn\n|upkeep\n|turn|23\n|inactive|Time left: 300 sec this turn | 300 sec total\n|\n|t:|1783547596\n|switch|p1a: Jumpluff|Jumpluff, L87, F|100/100\n|move|p2a: Gyarados|Dragon Dance|p2a: Gyarados\n|-boost|p2a: Gyarados|atk|1\n|-boost|p2a: Gyarados|spe|1\n|\n|upkeep\n|turn|24\n|inactive|Time left: 300 sec this turn | 300 sec total\n|\n|t:|1783547597\n|move|p2a: Gyarados|Stone Edge|p1a: Jumpluff\n|-supereffective|p1a: Jumpluff\n|-damage|p1a: Jumpluff|0 fnt\n|faint|p1a: Jumpluff\n|-ability|p2a: Gyarados|Moxie|boost\n|-boost|p2a: Gyarados|atk|1\n|\n|upkeep\n|\n|t:|1783547598\n|switch|p1a: Duraludon|Duraludon, L82, F|12/100 brn\n|turn|25\n|inactive|Time left: 300 sec this turn | 300 sec total\n|\n|t:|1783547599\n|switch|p1a: Hippowdon|Hippowdon, L82, F|51/100\n|-weather|Sandstorm|[from] ability: Sand Stream|[of] p1a: Hippowdon\n|move|p2a: Gyarados|Waterfall|p1a: Hippowdon\n|-supereffective|p1a: Hippowdon\n|-damage|p1a: Hippowdon|0 fnt\n|faint|p1a: Hippowdon\n|-ability|p2a: Gyarados|Moxie|boost\n|-boost|p2a: Gyarados|atk|1\n|\n|-weather|Sandstorm|[upkeep]\n|-damage|p2a: Gyarados|107/280|[from] Sandstorm\n|upkeep\n|\n|t:|1783547600\n|switch|p1a: Duraludon|Duraludon, L82, F|12/100 brn\n|turn|26\n|inactive|Time left: 300 sec this turn | 300 sec total\n|\n|t:|1783547602\n|move|p2a: Gyarados|Dragon Dance|p2a: Gyarados\n|-boost|p2a: Gyarados|atk|1\n|-boost|p2a: Gyarados|spe|1\n|move|p1a: Duraludon|Body Press|p2a: Gyarados\n|-resisted|p2a: Gyarados\n|-damage|p2a: Gyarados|90/280\n|\n|-weather|Sandstorm|[upkeep]\n|-damage|p2a: Gyarados|73/280|[from] Sandstorm\n|-damage|p1a: Duraludon|6/100 brn|[from] brn\n|upkeep\n|turn|27\n|inactive|Time left: 300 sec this turn | 300 sec total\n|\n|t:|1783547603\n|move|p2a: Gyarados|Dragon Dance|p2a: Gyarados\n|-boost|p2a: Gyarados|atk|1\n|-boost|p2a: Gyarados|spe|1\n|move|p1a: Duraludon|Body Press|p2a: Gyarados\n|-resisted|p2a: Gyarados\n|-damage|p2a: Gyarados|57/280\n|\n|-weather|Sandstorm|[upkeep]\n|-damage|p2a: Gyarados|40/280|[from] Sandstorm\n|-damage|p1a: Duraludon|0 fnt|[from] brn\n|faint|p1a: Duraludon\n|\n|win|p0y7263890", "uploadtime": 1783547603, "views": 0, "rating": 0, "private": 0, "password": null, "_winner": "p0y7263890", "_our_name": "p0y7263890"}