{"id": "battle-gen9randombattle-224", "formatid": "gen9randombattle", "format": "[Gen 9] Random Battle", "players": ["p0x224efc9", "p0y22467f5"], "log": "|init|battle\n|title|p0x224efc9 vs. p0y22467f5\n|j|\u2606p0x224efc9\n|j|\u2606p0y22467f5\n|t:|1783536382\n|gametype|singles\n|player|p1|p0x224efc9|101|\n|player|p2|p0y22467f5|265|\n|gen|9\n|tier|[Gen 9] Random Battle\n|rule|Species Clause: Limit one of each Pok\u00e9mon\n|rule|HP Percentage Mod: HP is shown in percentages\n|rule|Sleep Clause Mod: Limit one foe put to sleep\n|rule|Illusion Level Mod: Illusion disguises the Pok\u00e9mon's true level\n|\n|t:|1783536382\n|teamsize|p1|6\n|teamsize|p2|6\n|start\n|switch|p1a: Klawf|Klawf, L90, F|272/272\n|switch|p2a: Samurott|Samurott, L88, F|100/100\n|turn|1\n|inactive|Battle timer is ON: inactive players will automatically lose when time's up. (requested by p0y22467f5)\n|inactive|Time left: 300 sec this turn | 300 sec total | 60 sec grace\n|inactive|p0x224efc9 also wants the timer to be on.\n|\n|t:|1783536384\n|switch|p1a: Dialga|Dialga-Origin, L73|266/266\n|-ability|p1a: Dialga|Pressure\n|move|p2a: Samurott|Swords Dance|p2a: Samurott\n|-boost|p2a: Samurott|atk|2\n|\n|upkeep\n|turn|2\n|inactive|Time left: 300 sec this turn | 300 sec total\n|\n|t:|1783536385\n|move|p1a: Dialga|Draco Meteor|p2a: Samurott\n|-damage|p2a: Samurott|30/100\n|-unboost|p1a: Dialga|spa|2\n|move|p2a: Samurott|Sacred Sword|p1a: Dialga\n|-supereffective|p1a: Dialga\n|-damage|p1a: Dialga|0 fnt\n|faint|p1a: Dialga\n|-damage|p2a: Samurott|20/100|[from] item: Life Orb\n|\n|upkeep\n|inactive|Time left: 300 sec this turn | 300 sec total | 5 sec grace\n|\n|t:|1783536386\n|switch|p1a: Iron Crown|Iron Crown, L78|268/268\n|turn|3\n|inactive|Time left: 300 sec this turn | 300 sec total\n|\n|t:|1783536388\n|move|p1a: Iron Crown|Tachyon Cutter|p2a: Samurott\n|-resisted|p2a: Samurott\n|-damage|p2a: Samurott|6/100\n|-resisted|p2a: Samurott\n|-damage|p2a: Samurott|0 fnt\n|faint|p2a: Samurott\n|-hitcount|p2: Samurott|2\n|\n|upkeep\n|\n|t:|1783536389\n|switch|p2a: Basculin|Basculin-Blue-Striped, L86, F|100/100\n|turn|4\n|inactive|Time left: 300 sec this turn | 300 sec total\n|\n|t:|1783536389\n|move|p2a: Basculin|Wave Crash|p1a: Iron Crown\n|-damage|p1a: Iron Crown|4/268\n|-damage|p2a: Basculin|67/100|[from] Recoil\n|move|p1a: Iron Crown|Tachyon Cutter|p2a: Basculin\n|-resisted|p2a: Basculin\n|-damage|p2a: Basculin|45/100\n|-resisted|p2a: Basculin\n|-damage|p2a: Basculin|23/100\n|-hitcount|p2a: Basculin|2\n|\n|upkeep\n|turn|5\n|inactive|Time left: 300 sec this turn | 300 sec total\n|\n|t:|1783536390\n|-end|p1a: Iron Crown|Quark Drive|[silent]\n|switch|p1a: Golduck|Golduck, L90, F|290/290\n|-ability|p1a: Golduck|Cloud Nine\n|move|p2a: Basculin|Wave Crash|p1a: Golduck\n|-resisted|p1a: Golduck\n|-damage|p1a: Golduck|149/290\n|-damage|p2a: Basculin|5/100|[from] Recoil\n|\n|-heal|p1a: Golduck|167/290|[from] item: Leftovers\n|upkeep\n|turn|6\n|inactive|Time left: 300 sec this turn | 300 sec total\n|\n|t:|1783536391\n|move|p2a: Basculin|Wave Crash|p1a: Golduck\n|-resisted|p1a: Golduck\n|-damage|p1a: Golduck|26/290\n|-damage|p2a: Basculin|0 fnt|[from] Recoil\n|faint|p2a: Basculin\n|move|p1a: Golduck|Hydro Pump|p2: Basculin|[notarget]\n|-fail|p1a: Golduck\n|\n|-heal|p1a: Golduck|44/290|[from] item: Leftovers\n|upkeep\n|\n|t:|1783536392\n|switch|p2a: Iron Valiant|Iron Valiant, L78|100/100\n|turn|7\n|inactive|Time left: 300 sec this turn | 300 sec total\n|\n|t:|1783536393\n|switch|p1a: Iron Crown|Iron Crown, L78|4/268\n|move|p2a: Iron Valiant|Moonblast|p1a: Iron Crown\n|-resisted|p1a: Iron Crown\n|-damage|p1a: Iron Crown|0 fnt\n|faint|p1a: Iron Crown\n|-end|p1a: Iron Crown|Quark Drive|[silent]\n|-damage|p2a: Iron Valiant|91/100|[from] item: Life Orb\n|\n|upkeep\n|inactive|Time left: 300 sec this turn | 300 sec total | 5 sec grace\n|\n|t:|1783536394\n|switch|p1a: Swanna|Swanna, L89, F|278/278\n|turn|8\n|inactive|Time left: 300 sec this turn | 300 sec total\n|\n|t:|1783536395\n|move|p2a: Iron Valiant|Moonblast|p1a: Swanna\n|-damage|p1a: Swanna|122/278\n|-unboost|p1a: Swanna|spa|1\n|-damage|p2a: Iron Valiant|81/100|[from] item: Life Orb\n|move|p1a: Swanna|Brave Bird|p2a: Iron Valiant\n|-supereffective|p2a: Iron Valiant\n|-damage|p2a: Iron Valiant|0 fnt\n|faint|p2a: Iron Valiant\n|-end|p2a: Iron Valiant|Quark Drive|[silent]\n|-damage|p1a: Swanna|57/278|[from] Recoil\n|\n|upkeep\n|\n|t:|1783536396\n|switch|p2a: Seviper|Seviper, L93, F|100/100\n|turn|9\n|inactive|Time left: 300 sec this turn | 300 sec total\n|\n|t:|1783536397\n|move|p1a: Swanna|Brave Bird|p2a: Seviper\n|-damage|p2a: Seviper|49/100\n|-damage|p1a: Swanna|8/278|[from] Recoil\n|move|p2a: Seviper|Trailblaze|p1a: Swanna\n|-damage|p1a: Swanna|0 fnt\n|-boost|p2a: Seviper|spe|1\n|faint|p1a: Swanna\n|\n|-heal|p2a: Seviper|55/100|[from] item: Leftovers\n|upkeep\n|inactive|Time left: 300 sec this turn | 300 sec total | 5 sec grace\n|\n|t:|1783536398\n|switch|p1a: Latios|Latios, L78, M|253/253\n|turn|10\n|inactive|Time left: 300 sec this turn | 300 sec total\n|\n|t:|1783536399\n|move|p2a: Seviper|Gunk Shot|p1a: Latios\n|-damage|p1a: Latios|76/253\n|-status|p1a: Latios|psn\n|move|p1a: Latios|Luster Purge|p2a: Seviper\n|-supereffective|p2a: Seviper\n|-damage|p2a: Seviper|0 fnt\n|faint|p2a: Seviper\n|\n|-damage|p1a: Latios|45/253 psn|[from] psn\n|upkeep\n|\n|t:|1783536400\n|switch|p2a: Carbink|Carbink, L90|100/100\n|turn|11\n|inactive|Time left: 300 sec this turn | 300 sec total\n|\n|t:|1783536401\n|move|p1a: Latios|Luster Purge|p2a: Carbink\n|-damage|p2a: Carbink|63/100\n|move|p2a: Carbink|Moonblast|p1a: Latios\n|-supereffective|p1a: Latios\n|-damage|p1a: Latios|0 fnt\n|faint|p1a: Latios\n|\n|upkeep\n|inactive|Time left: 300 sec this turn | 300 sec total | 5 sec grace\n|\n|t:|1783536402\n|switch|p1a: Golduck|Golduck, L90, F|44/290\n|-ability|p1a: Golduck|Cloud Nine\n|turn|12\n|inactive|Time left: 300 sec this turn | 300 sec total\n|\n|t:|1783536403\n|-terastallize|p2a: Carbink|Fighting\n|move|p1a: Golduck|Hydro Pump|p2a: Carbink\n|-damage|p2a: Carbink|28/100\n|move|p2a: Carbink|Body Press|p1a: Golduck\n|-damage|p1a: Golduck|0 fnt\n|faint|p1a: Golduck\n|\n|upkeep\n|inactive|Time left: 300 sec this turn | 300 sec total | 5 sec grace\n|\n|t:|1783536404\n|switch|p1a: Klawf|Klawf, L90, F|272/272\n|turn|13\n|inactive|Time left: 300 sec this turn | 300 sec total\n|\n|t:|1783536404\n|-terastallize|p1a: Klawf|Ground\n|move|p1a: Klawf|High Horsepower|p2a: Carbink\n|-damage|p2a: Carbink|0 fnt\n|faint|p2a: Carbink\n|\n|upkeep\n|\n|t:|1783536406\n|switch|p2a: Gurdurr|Gurdurr, L85, M|100/100\n|turn|14\n|inactive|Time left: 300 sec this turn | 300 sec total\n|\n|t:|1783536407\n|move|p1a: Klawf|Swords Dance|p1a: Klawf\n|-boost|p1a: Klawf|atk|2\n|move|p2a: Gurdurr|Drain Punch|p1a: Klawf\n|-damage|p1a: Klawf|206/272\n|\n|upkeep\n|turn|15\n|inactive|Time left: 300 sec this turn | 300 sec total\n|\n|t:|1783536408\n|move|p1a: Klawf|High Horsepower|p2a: Gurdurr\n|-damage|p2a: Gurdurr|43/100\n|move|p2a: Gurdurr|Drain Punch|p1a: Klawf\n|-damage|p1a: Klawf|143/272\n|-heal|p2a: Gurdurr|55/100|[from] drain|[of] p1a: Klawf\n|\n|upkeep\n|turn|16\n|inactive|Time left: 300 sec this turn | 300 sec total\n|\n|t:|1783536409\n|move|p1a: Klawf|High Horsepower|p2a: Gurdurr\n|-damage|p2a: Gurdurr|2/100\n|move|p2a: Gurdurr|Drain Punch|p1a: Klawf\n|-damage|p1a: Klawf|77/272\n|-heal|p2a: Gurdurr|13/100|[from] drain|[of] p1a: Klawf\n|-ability|p1a: Klawf|Anger Shell|boost\n|-boost|p1a: Klawf|atk|1\n|-boost|p1a: Klawf|spa|1\n|-boost|p1a: Klawf|spe|1\n|-unboost|p1a: Klawf|def|1\n|-unboost|p1a: Klawf|spd|1\n|\n|upkeep\n|turn|17\n|inactive|Time left: 300 sec this turn | 300 sec total\n|\n|t:|1783536411\n|move|p2a: Gurdurr|Mach Punch|p1a: Klawf\n|-damage|p1a: Klawf|26/272\n|move|p1a: Klawf|Knock Off|p2a: Gurdurr\n|-resisted|p2a: Gurdurr\n|-damage|p2a: Gurdurr|0 fnt\n|-enditem|p2a: Gurdurr|Eviolite|[from] move: Knock Off|[of] p1a: Klawf\n|faint|p2a: Gurdurr\n|\n|win|p0x224efc9", "uploadtime": 1783536411, "views": 0, "rating": 0, "private": 0, "password": null, "_winner": "p0x224efc9", "_our_name": "p0x224efc9"}