{"id": "battle-gen9randombattle-90", "formatid": "gen9randombattle", "format": "[Gen 9] Random Battle", "players": ["p0x090770a", "p0y09089ba"], "log": "|init|battle\n|title|p0x090770a vs. p0y09089ba\n|j|\u2606p0x090770a\n|j|\u2606p0y09089ba\n|t:|1783540510\n|gametype|singles\n|player|p1|p0x090770a|1|\n|player|p2|p0y09089ba|102|\n|gen|9\n|tier|[Gen 9] Random Battle\n|rule|Species Clause: Limit one of each Pok\u00e9mon\n|rule|HP Percentage Mod: HP is shown in percentages\n|rule|Sleep Clause Mod: Limit one foe put to sleep\n|rule|Illusion Level Mod: Illusion disguises the Pok\u00e9mon's true level\n|\n|t:|1783540510\n|teamsize|p1|6\n|teamsize|p2|6\n|start\n|switch|p1a: Chesnaught|Chesnaught, L84, M|100/100\n|switch|p2a: Kleavor|Kleavor, L78, F|237/237\n|turn|1\n|inactive|Battle timer is ON: inactive players will automatically lose when time's up. (requested by p0x090770a)\n|inactive|Time left: 300 sec this turn | 300 sec total | 60 sec grace\n|inactive|p0y09089ba also wants the timer to be on.\n|\n|t:|1783540511\n|move|p2a: Kleavor|Stone Axe|p1a: Chesnaught|[miss]\n|-miss|p2a: Kleavor|p1a: Chesnaught\n|move|p1a: Chesnaught|Iron Defense|p1a: Chesnaught\n|-boost|p1a: Chesnaught|def|2\n|\n|upkeep\n|turn|2\n|inactive|Time left: 300 sec this turn | 300 sec total\n|\n|t:|1783540513\n|switch|p2a: Gardevoir|Gardevoir, L83, F|249/249\n|-ability|p2a: Gardevoir|Bulletproof|Trace|[from] ability: Trace|[of] p1a: Chesnaught\n|move|p1a: Chesnaught|Body Press|p2a: Gardevoir\n|-resisted|p2a: Gardevoir\n|-damage|p2a: Gardevoir|182/249\n|\n|upkeep\n|turn|3\n|inactive|Time left: 300 sec this turn | 300 sec total\n|\n|t:|1783540514\n|-terastallize|p1a: Chesnaught|Steel\n|move|p2a: Gardevoir|Moonblast|p1a: Chesnaught\n|-resisted|p1a: Chesnaught\n|-damage|p1a: Chesnaught|68/100\n|move|p1a: Chesnaught|Body Press|p2a: Gardevoir\n|-resisted|p2a: Gardevoir\n|-damage|p2a: Gardevoir|119/249\n|\n|-heal|p1a: Chesnaught|74/100|[from] item: Leftovers\n|upkeep\n|turn|4\n|inactive|Time left: 300 sec this turn | 300 sec total\n|\n|t:|1783540516\n|switch|p2a: Palossand|Palossand, L89, M|296/296\n|move|p1a: Chesnaught|Body Press|p2a: Palossand\n|-immune|p2a: Palossand\n|\n|-heal|p1a: Chesnaught|80/100|[from] item: Leftovers\n|upkeep\n|turn|5\n|inactive|Time left: 300 sec this turn | 300 sec total\n|\n|t:|1783540517\n|move|p1a: Chesnaught|Synthesis|p1a: Chesnaught\n|-heal|p1a: Chesnaught|100/100\n|move|p2a: Palossand|Earth Power|p1a: Chesnaught\n|-supereffective|p1a: Chesnaught\n|-damage|p1a: Chesnaught|9/100\n|\n|-heal|p1a: Chesnaught|15/100|[from] item: Leftovers\n|upkeep\n|turn|6\n|inactive|Time left: 300 sec this turn | 300 sec total\n|\n|t:|1783540518\n|move|p1a: Chesnaught|Trailblaze|p2a: Palossand\n|-supereffective|p2a: Palossand\n|-damage|p2a: Palossand|198/296\n|-boost|p1a: Chesnaught|spe|1\n|move|p2a: Palossand|Earth Power|p1a: Chesnaught\n|-supereffective|p1a: Chesnaught\n|-damage|p1a: Chesnaught|0 fnt\n|faint|p1a: Chesnaught\n|\n|-heal|p2a: Palossand|216/296|[from] item: Leftovers\n|upkeep\n|\n|t:|1783540519\n|switch|p1a: Flutter Mane|Flutter Mane, L74|100/100\n|turn|7\n|inactive|Time left: 300 sec this turn | 300 sec total\n|\n|t:|1783540520\n|-terastallize|p2a: Palossand|Poison\n|move|p1a: Flutter Mane|Shadow Ball|p2a: Palossand\n|-damage|p2a: Palossand|91/296\n|-unboost|p2a: Palossand|spd|1\n|-damage|p1a: Flutter Mane|91/100|[from] item: Life Orb\n|move|p2a: Palossand|Shadow Ball|p1a: Flutter Mane\n|-supereffective|p1a: Flutter Mane\n|-crit|p1a: Flutter Mane\n|-damage|p1a: Flutter Mane|0 fnt\n|faint|p1a: Flutter Mane\n|-end|p1a: Flutter Mane|Protosynthesis|[silent]\n|\n|-heal|p2a: Palossand|109/296|[from] item: Leftovers\n|upkeep\n|\n|t:|1783540521\n|switch|p1a: Necrozma|Necrozma-Dusk-Mane, L69|100/100\n|turn|8\n|inactive|Time left: 300 sec this turn | 300 sec total\n|\n|t:|1783540522\n|switch|p2a: Flygon|Flygon, L82, M|265/265\n|move|p1a: Necrozma|Dragon Dance|p1a: Necrozma\n|-boost|p1a: Necrozma|atk|1\n|-boost|p1a: Necrozma|spe|1\n|\n|upkeep\n|turn|9\n|inactive|Time left: 300 sec this turn | 300 sec total\n|\n|t:|1783540523\n|move|p1a: Necrozma|Sunsteel Strike|p2a: Flygon\n|-damage|p2a: Flygon|85/265\n|move|p2a: Flygon|Outrage|p1a: Necrozma\n|-resisted|p1a: Necrozma\n|-damage|p1a: Necrozma|65/100\n|\n|upkeep\n|turn|10\n|inactive|Time left: 300 sec this turn | 300 sec total\n|\n|t:|1783540524\n|move|p1a: Necrozma|Sunsteel Strike|p2a: Flygon\n|-damage|p2a: Flygon|0 fnt\n|faint|p2a: Flygon\n|\n|upkeep\n|inactive|Time left: 300 sec this turn | 300 sec total | 5 sec grace\n|\n|t:|1783540525\n|switch|p2a: Tatsugiri|Tatsugiri, L87, F|260/260\n|turn|11\n|inactive|Time left: 300 sec this turn | 300 sec total\n|\n|t:|1783540526\n|move|p1a: Necrozma|Earthquake|p2a: Tatsugiri\n|-damage|p2a: Tatsugiri|130/260\n|move|p2a: Tatsugiri|Hydro Pump|p1a: Necrozma\n|-damage|p1a: Necrozma|5/100\n|\n|upkeep\n|turn|12\n|inactive|Time left: 300 sec this turn | 300 sec total\n|\n|t:|1783540528\n|move|p1a: Necrozma|Earthquake|p2a: Tatsugiri\n|-damage|p2a: Tatsugiri|0 fnt\n|faint|p2a: Tatsugiri\n|\n|upkeep\n|inactive|Time left: 300 sec this turn | 300 sec total | 5 sec grace\n|\n|t:|1783540529\n|switch|p2a: Hawlucha|Hawlucha, L80, M|256/256\n|turn|13\n|inactive|Time left: 300 sec this turn | 300 sec total\n|\n|t:|1783540530\n|switch|p1a: Bombirdier|Bombirdier, L85, F|100/100\n|move|p2a: Hawlucha|Close Combat|p1a: Bombirdier\n|-damage|p1a: Bombirdier|56/100\n|-unboost|p2a: Hawlucha|def|1\n|-unboost|p2a: Hawlucha|spd|1\n|-enditem|p2a: Hawlucha|White Herb\n|-clearnegativeboost|p2a: Hawlucha|[silent]\n|\n|upkeep\n|turn|14\n|inactive|Time left: 300 sec this turn | 300 sec total\n|\n|t:|1783540531\n|move|p2a: Hawlucha|Acrobatics|p1a: Bombirdier\n|-damage|p1a: Bombirdier|18/100\n|move|p1a: Bombirdier|Brave Bird|p2a: Hawlucha\n|-supereffective|p2a: Hawlucha\n|-damage|p2a: Hawlucha|0 fnt\n|faint|p2a: Hawlucha\n|-damage|p1a: Bombirdier|0 fnt|[from] Recoil\n|faint|p1a: Bombirdier\n|\n|upkeep\n|inactive|Time left: 300 sec this turn | 300 sec total | 5 sec grace\n|\n|t:|1783540532\n|switch|p2a: Kleavor|Kleavor, L78, F|237/237\n|switch|p1a: Jirachi|Jirachi, L80|100/100\n|turn|15\n|inactive|Time left: 300 sec this turn | 300 sec total\n|\n|t:|1783540533\n|switch|p2a: Palossand|Palossand, L89, M, tera:Poison|109/296\n|move|p1a: Jirachi|Iron Head|p2a: Palossand\n|-damage|p2a: Palossand|40/296\n|\n|-heal|p2a: Palossand|58/296|[from] item: Leftovers\n|upkeep\n|turn|16\n|inactive|Time left: 300 sec this turn | 300 sec total\n|\n|t:|1783540534\n|move|p1a: Jirachi|Iron Head|p2a: Palossand\n|-damage|p2a: Palossand|0 fnt\n|faint|p2a: Palossand\n|\n|upkeep\n|inactive|Time left: 300 sec this turn | 300 sec total | 5 sec grace\n|\n|t:|1783540535\n|switch|p2a: Kleavor|Kleavor, L78, F|237/237\n|turn|17\n|inactive|Time left: 300 sec this turn | 300 sec total\n|\n|t:|1783540536\n|move|p1a: Jirachi|Iron Head|p2a: Kleavor\n|-supereffective|p2a: Kleavor\n|-damage|p2a: Kleavor|69/237\n|move|p2a: Kleavor|Stone Axe|p1a: Jirachi\n|-resisted|p1a: Jirachi\n|-damage|p1a: Jirachi|82/100\n|-sidestart|p1: p0x090770a|move: Stealth Rock\n|\n|-heal|p1a: Jirachi|88/100|[from] item: Leftovers\n|upkeep\n|turn|18\n|inactive|Time left: 300 sec this turn | 300 sec total\n|\n|t:|1783540537\n|move|p1a: Jirachi|Iron Head|p2a: Kleavor\n|-supereffective|p2a: Kleavor\n|-damage|p2a: Kleavor|0 fnt\n|faint|p2a: Kleavor\n|\n|-heal|p1a: Jirachi|94/100|[from] item: Leftovers\n|upkeep\n|inactive|Time left: 300 sec this turn | 300 sec total | 5 sec grace\n|\n|t:|1783540537\n|switch|p2a: Gardevoir|Gardevoir, L83, F|119/249\n|-ability|p2a: Gardevoir|Serene Grace|Trace|[from] ability: Trace|[of] p1a: Jirachi\n|turn|19\n|inactive|Time left: 300 sec this turn | 300 sec total\n|\n|t:|1783540538\n|move|p1a: Jirachi|Iron Head|p2a: Gardevoir\n|-supereffective|p2a: Gardevoir\n|-damage|p2a: Gardevoir|0 fnt\n|faint|p2a: Gardevoir\n|\n|win|p0x090770a", "uploadtime": 1783540538, "views": 0, "rating": 0, "private": 0, "password": null, "_winner": "p0x090770a", "_our_name": "p0y09089ba"}