{"id": "battle-gen9randombattle-1979", "formatid": "gen9randombattle", "format": "[Gen 9] Random Battle", "players": ["p0x197974b5", "p0y19799562"], "log": "|init|battle\n|title|p0x197974b5 vs. p0y19799562\n|j|\u2606p0x197974b5\n|j|\u2606p0y19799562\n|t:|1783562172\n|gametype|singles\n|player|p1|p0x197974b5|2|\n|player|p2|p0y19799562|102|\n|gen|9\n|tier|[Gen 9] Random Battle\n|rule|Species Clause: Limit one of each Pok\u00e9mon\n|rule|HP Percentage Mod: HP is shown in percentages\n|rule|Sleep Clause Mod: Limit one foe put to sleep\n|rule|Illusion Level Mod: Illusion disguises the Pok\u00e9mon's true level\n|\n|t:|1783562172\n|teamsize|p1|6\n|teamsize|p2|6\n|start\n|switch|p1a: Flapple|Flapple, L88, F|266/266\n|switch|p2a: Eternatus|Eternatus, L69|100/100\n|-ability|p2a: Eternatus|Pressure\n|turn|1\n|inactive|Battle timer is ON: inactive players will automatically lose when time's up. (requested by p0x197974b5)\n|\n|t:|1783562173\n|move|p2a: Eternatus|Dynamax Cannon|p1a: Flapple\n|-supereffective|p1a: Flapple\n|-damage|p1a: Flapple|30/266\n|move|p1a: Flapple|Outrage|p2a: Eternatus|[miss]\n|-miss|p1a: Flapple|p2a: Eternatus\n|\n|upkeep\n|turn|2\n|inactive|Time left: 300 sec this turn | 300 sec total\n|inactive|p0y19799562 also wants the timer to be on.\n|\n|t:|1783562174\n|move|p2a: Eternatus|Dynamax Cannon|p1a: Flapple\n|-supereffective|p1a: Flapple\n|-crit|p1a: Flapple\n|-damage|p1a: Flapple|0 fnt\n|faint|p1a: Flapple\n|\n|upkeep\n|inactive|Time left: 300 sec this turn | 300 sec total | 5 sec grace\n|\n|t:|1783562175\n|switch|p1a: Araquanid|Araquanid, L82, F|246/246\n|turn|3\n|inactive|Time left: 300 sec this turn | 300 sec total\n|\n|t:|1783562176\n|move|p2a: Eternatus|Meteor Beam||[still]\n|-prepare|p2a: Eternatus|Meteor Beam\n|-boost|p2a: Eternatus|spa|1\n|-enditem|p2a: Eternatus|Power Herb\n|-anim|p2a: Eternatus|Meteor Beam|p1a: Araquanid\n|-supereffective|p1a: Araquanid\n|-damage|p1a: Araquanid|68/246\n|move|p1a: Araquanid|Sticky Web|p2a: Eternatus\n|-sidestart|p2: p0y19799562|move: Sticky Web\n|\n|upkeep\n|turn|4\n|inactive|Time left: 300 sec this turn | 300 sec total\n|\n|t:|1783562177\n|switch|p1a: Registeel|Registeel, L81|262/262\n|move|p2a: Eternatus|Meteor Beam||[still]\n|-prepare|p2a: Eternatus|Meteor Beam\n|-boost|p2a: Eternatus|spa|1\n|\n|upkeep\n|turn|5\n|inactive|Time left: 300 sec this turn | 300 sec total\n|\n|t:|1783562178\n|move|p2a: Eternatus|Meteor Beam|p1a: Registeel|[from] lockedmove\n|-resisted|p1a: Registeel\n|-damage|p1a: Registeel|213/262\n|move|p1a: Registeel|Body Press|p2a: Eternatus\n|-resisted|p2a: Eternatus\n|-damage|p2a: Eternatus|87/100\n|\n|upkeep\n|turn|6\n|inactive|Time left: 300 sec this turn | 300 sec total\n|\n|t:|1783562179\n|move|p2a: Eternatus|Meteor Beam||[still]\n|-prepare|p2a: Eternatus|Meteor Beam\n|-boost|p2a: Eternatus|spa|1\n|move|p1a: Registeel|Iron Head|p2a: Eternatus\n|-damage|p2a: Eternatus|61/100\n|\n|upkeep\n|turn|7\n|inactive|Time left: 300 sec this turn | 300 sec total\n|\n|t:|1783562180\n|move|p2a: Eternatus|Meteor Beam|p1a: Registeel|[from] lockedmove|[miss]\n|-miss|p2a: Eternatus|p1a: Registeel\n|move|p1a: Registeel|Iron Head|p2a: Eternatus\n|-damage|p2a: Eternatus|38/100\n|\n|upkeep\n|turn|8\n|inactive|Time left: 300 sec this turn | 300 sec total\n|\n|t:|1783562180\n|move|p2a: Eternatus|Fire Blast|p1a: Registeel\n|-supereffective|p1a: Registeel\n|-damage|p1a: Registeel|0 fnt\n|faint|p1a: Registeel\n|\n|upkeep\n|inactive|Time left: 300 sec this turn | 300 sec total | 5 sec grace\n|\n|t:|1783562181\n|switch|p1a: Latias|Latias, L79, F|256/256\n|turn|9\n|inactive|Time left: 300 sec this turn | 300 sec total\n|\n|t:|1783562182\n|-terastallize|p1a: Latias|Steel\n|move|p2a: Eternatus|Dynamax Cannon|p1a: Latias\n|-resisted|p1a: Latias\n|-damage|p1a: Latias|153/256\n|move|p1a: Latias|Psyshock|p2a: Eternatus\n|-supereffective|p2a: Eternatus\n|-damage|p2a: Eternatus|0 fnt\n|faint|p2a: Eternatus\n|\n|upkeep\n|\n|t:|1783562183\n|switch|p2a: Flamigo|Flamigo, L82, M|100/100\n|turn|10\n|inactive|Time left: 300 sec this turn | 300 sec total\n|\n|t:|1783562184\n|move|p2a: Flamigo|Close Combat|p1a: Latias\n|-supereffective|p1a: Latias\n|-damage|p1a: Latias|0 fnt\n|-unboost|p2a: Flamigo|def|1\n|-unboost|p2a: Flamigo|spd|1\n|faint|p1a: Latias\n|\n|upkeep\n|inactive|Time left: 300 sec this turn | 300 sec total | 5 sec grace\n|\n|t:|1783562185\n|switch|p1a: Typhlosion|Typhlosion, L84, F|267/267\n|turn|11\n|inactive|Time left: 300 sec this turn | 300 sec total\n|\n|t:|1783562186\n|switch|p2a: Hitmontop|Hitmontop, L88, M|100/100\n|-activate|p2a: Hitmontop|move: Sticky Web\n|-unboost|p2a: Hitmontop|spe|1\n|-ability|p2a: Hitmontop|Intimidate|boost\n|-unboost|p1a: Typhlosion|atk|1\n|move|p1a: Typhlosion|Eruption|p2a: Hitmontop\n|-damage|p2a: Hitmontop|36/100\n|\n|upkeep\n|turn|12\n|inactive|Time left: 300 sec this turn | 300 sec total\n|\n|t:|1783562187\n|move|p2a: Hitmontop|Sucker Punch|p1a: Typhlosion\n|-damage|p1a: Typhlosion|213/267\n|move|p1a: Typhlosion|Eruption|p2a: Hitmontop\n|-damage|p2a: Hitmontop|0 fnt\n|faint|p2a: Hitmontop\n|\n|upkeep\n|\n|t:|1783562188\n|switch|p2a: Lumineon|Lumineon, L93, F|100/100\n|turn|13\n|inactive|Time left: 300 sec this turn | 300 sec total\n|\n|t:|1783562189\n|switch|p1a: Qwilfish|Qwilfish-Hisui, L83, M|244/244\n|-ability|p1a: Qwilfish|Intimidate|boost\n|-unboost|p2a: Lumineon|atk|1\n|move|p2a: Lumineon|Hydro Pump|p1a: Qwilfish\n|-damage|p1a: Qwilfish|133/244\n|\n|upkeep\n|turn|14\n|inactive|Time left: 300 sec this turn | 300 sec total\n|\n|t:|1783562190\n|move|p2a: Lumineon|Hydro Pump|p1a: Qwilfish\n|-damage|p1a: Qwilfish|21/244\n|move|p1a: Qwilfish|Gunk Shot|p2a: Lumineon\n|-damage|p2a: Lumineon|54/100\n|\n|upkeep\n|turn|15\n|inactive|Time left: 300 sec this turn | 300 sec total\n|\n|t:|1783562191\n|move|p2a: Lumineon|Hydro Pump|p1a: Qwilfish|[miss]\n|-miss|p2a: Lumineon|p1a: Qwilfish\n|move|p1a: Qwilfish|Gunk Shot|p2a: Lumineon|[miss]\n|-miss|p1a: Qwilfish|p2a: Lumineon\n|\n|upkeep\n|turn|16\n|inactive|Time left: 300 sec this turn | 300 sec total\n|\n|t:|1783562192\n|switch|p1a: Typhlosion|Typhlosion, L84, F|213/267\n|move|p2a: Lumineon|Hydro Pump|p1a: Typhlosion\n|-supereffective|p1a: Typhlosion\n|-damage|p1a: Typhlosion|0 fnt\n|faint|p1a: Typhlosion\n|\n|upkeep\n|inactive|Time left: 300 sec this turn | 300 sec total | 5 sec grace\n|\n|t:|1783562193\n|switch|p1a: Qwilfish|Qwilfish-Hisui, L83, M|21/244\n|-ability|p1a: Qwilfish|Intimidate|boost\n|-unboost|p2a: Lumineon|atk|1\n|turn|17\n|inactive|Time left: 300 sec this turn | 300 sec total\n|\n|t:|1783562194\n|switch|p1a: Araquanid|Araquanid, L82, F|68/246\n|move|p2a: Lumineon|Ice Beam|p1a: Araquanid\n|-resisted|p1a: Araquanid\n|-damage|p1a: Araquanid|45/246\n|\n|upkeep\n|turn|18\n|inactive|Time left: 300 sec this turn | 300 sec total\n|\n|t:|1783562195\n|switch|p2a: Flamigo|Flamigo, L82, M|100/100\n|move|p1a: Araquanid|Liquidation|p2a: Flamigo\n|-damage|p2a: Flamigo|45/100\n|\n|upkeep\n|turn|19\n|inactive|Time left: 300 sec this turn | 300 sec total\n|\n|t:|1783562196\n|move|p2a: Flamigo|Brave Bird|p1a: Araquanid\n|-supereffective|p1a: Araquanid\n|-damage|p1a: Araquanid|0 fnt\n|faint|p1a: Araquanid\n|-damage|p2a: Flamigo|39/100|[from] Recoil\n|\n|upkeep\n|inactive|Time left: 300 sec this turn | 300 sec total | 5 sec grace\n|\n|t:|1783562197\n|switch|p1a: Qwilfish|Qwilfish-Hisui, L83, M|21/244\n|-ability|p1a: Qwilfish|Intimidate|boost\n|-fail|p2a: Flamigo|unboost|Attack|[from] ability: Scrappy|[of] p2a: Flamigo\n|turn|20\n|inactive|Time left: 300 sec this turn | 300 sec total\n|\n|t:|1783562198\n|move|p2a: Flamigo|Brave Bird|p1a: Qwilfish\n|-damage|p1a: Qwilfish|0 fnt\n|faint|p1a: Qwilfish\n|-damage|p2a: Flamigo|37/100|[from] Recoil\n|\n|win|p0y19799562", "uploadtime": 1783562198, "views": 0, "rating": 0, "private": 0, "password": null, "_winner": "p0y19799562", "_our_name": "p0x197974b5"}