{"id": "battle-gen9randombattle-888", "formatid": "gen9randombattle", "format": "[Gen 9] Random Battle", "players": ["p0x8882246", "p0y888ade3"], "log": "|init|battle\n|title|p0x8882246 vs. p0y888ade3\n|j|\u2606p0x8882246\n|j|\u2606p0y888ade3\n|t:|1783550186\n|gametype|singles\n|player|p1|p0x8882246|170|\n|player|p2|p0y888ade3|266|\n|gen|9\n|tier|[Gen 9] Random Battle\n|rule|Species Clause: Limit one of each Pok\u00e9mon\n|rule|HP Percentage Mod: HP is shown in percentages\n|rule|Sleep Clause Mod: Limit one foe put to sleep\n|rule|Illusion Level Mod: Illusion disguises the Pok\u00e9mon's true level\n|\n|t:|1783550186\n|teamsize|p1|6\n|teamsize|p2|6\n|start\n|switch|p1a: Tatsugiri|Tatsugiri, L87, F|260/260\n|switch|p2a: Porygon-Z|Porygon-Z, L83|100/100\n|turn|1\n|inactive|Battle timer is ON: inactive players will automatically lose when time's up. (requested by p0y888ade3)\n|inactive|Time left: 300 sec this turn | 300 sec total | 60 sec grace\n|inactive|p0x8882246 also wants the timer to be on.\n|\n|t:|1783550188\n|move|p2a: Porygon-Z|Tri Attack|p1a: Tatsugiri\n|-damage|p1a: Tatsugiri|88/260\n|-damage|p2a: Porygon-Z|91/100|[from] item: Life Orb\n|move|p1a: Tatsugiri|Nasty Plot|p1a: Tatsugiri\n|-boost|p1a: Tatsugiri|spa|2\n|\n|upkeep\n|turn|2\n|inactive|Time left: 300 sec this turn | 300 sec total\n|\n|t:|1783550189\n|switch|p1a: Ting-Lu|Ting-Lu, L78|370/370\n|-ability|p1a: Ting-Lu|Vessel of Ruin\n|move|p2a: Porygon-Z|Tri Attack|p1a: Ting-Lu\n|-damage|p1a: Ting-Lu|209/370\n|-damage|p2a: Porygon-Z|81/100|[from] item: Life Orb\n|\n|-heal|p1a: Ting-Lu|232/370|[from] item: Leftovers\n|upkeep\n|turn|3\n|inactive|Time left: 300 sec this turn | 300 sec total\n|\n|t:|1783550190\n|move|p2a: Porygon-Z|Tri Attack|p1a: Ting-Lu\n|-damage|p1a: Ting-Lu|60/370\n|-damage|p2a: Porygon-Z|71/100|[from] item: Life Orb\n|move|p1a: Ting-Lu|Earthquake|p2a: Porygon-Z\n|-damage|p2a: Porygon-Z|27/100\n|\n|-heal|p1a: Ting-Lu|83/370|[from] item: Leftovers\n|upkeep\n|turn|4\n|inactive|Time left: 300 sec this turn | 300 sec total\n|\n|t:|1783550192\n|move|p2a: Porygon-Z|Tri Attack|p1a: Ting-Lu\n|-damage|p1a: Ting-Lu|0 fnt\n|faint|p1a: Ting-Lu\n|-damage|p2a: Porygon-Z|17/100|[from] item: Life Orb\n|\n|upkeep\n|inactive|Time left: 300 sec this turn | 300 sec total | 5 sec grace\n|\n|t:|1783550193\n|switch|p1a: Talonflame|Talonflame, L83, F|265/265\n|turn|5\n|inactive|Time left: 300 sec this turn | 300 sec total\n|\n|t:|1783550194\n|switch|p2a: Mightyena|Mightyena, L96, M|100/100\n|-ability|p2a: Mightyena|Intimidate|boost\n|-unboost|p1a: Talonflame|atk|1\n|move|p1a: Talonflame|Brave Bird|p2a: Mightyena\n|-crit|p2a: Mightyena\n|-damage|p2a: Mightyena|47/100\n|-damage|p1a: Talonflame|214/265|[from] Recoil\n|\n|upkeep\n|turn|6\n|inactive|Time left: 300 sec this turn | 300 sec total\n|\n|t:|1783550196\n|move|p1a: Talonflame|Swords Dance|p1a: Talonflame\n|-boost|p1a: Talonflame|atk|2\n|move|p2a: Mightyena|Throat Chop|p1a: Talonflame\n|-damage|p1a: Talonflame|45/265\n|-start|p1a: Talonflame|Throat Chop|[silent]\n|\n|upkeep\n|turn|7\n|inactive|Time left: 300 sec this turn | 300 sec total\n|\n|t:|1783550197\n|switch|p2a: Magmortar|Magmortar, L88, F|100/100\n|move|p1a: Talonflame|Flare Blitz|p2a: Magmortar\n|-resisted|p2a: Magmortar\n|-damage|p2a: Magmortar|67/100\n|-damage|p1a: Talonflame|14/265|[from] Recoil\n|\n|-end|p1a: Talonflame|Throat Chop|[silent]\n|upkeep\n|turn|8\n|inactive|Time left: 300 sec this turn | 300 sec total\n|\n|t:|1783550198\n|switch|p2a: Mightyena|Mightyena, L96, M|47/100\n|-ability|p2a: Mightyena|Intimidate|boost\n|-unboost|p1a: Talonflame|atk|1\n|move|p1a: Talonflame|Brave Bird|p2a: Mightyena\n|-damage|p2a: Mightyena|6/100\n|-damage|p1a: Talonflame|0 fnt|[from] Recoil\n|faint|p1a: Talonflame\n|\n|upkeep\n|inactive|Time left: 300 sec this turn | 300 sec total | 5 sec grace\n|\n|t:|1783550199\n|switch|p1a: Glimmora|Glimmora, L75, M|248/248\n|turn|9\n|inactive|Time left: 300 sec this turn | 300 sec total\n|\n|t:|1783550200\n|move|p2a: Mightyena|Throat Chop|p1a: Glimmora\n|-damage|p1a: Glimmora|86/248\n|-start|p1a: Glimmora|Throat Chop|[silent]\n|-activate|p1a: Glimmora|ability: Toxic Debris\n|-sidestart|p2: p0y888ade3|move: Toxic Spikes\n|move|p1a: Glimmora|Stealth Rock|p2a: Mightyena\n|-sidestart|p2: p0y888ade3|move: Stealth Rock\n|\n|upkeep\n|turn|10\n|inactive|Time left: 300 sec this turn | 300 sec total\n|\n|t:|1783550201\n|switch|p1a: Suicune|Suicune, L82|298/298\n|-ability|p1a: Suicune|Pressure\n|move|p2a: Mightyena|Throat Chop|p1a: Suicune\n|-damage|p1a: Suicune|168/298\n|-start|p1a: Suicune|Throat Chop|[silent]\n|\n|-heal|p1a: Suicune|186/298|[from] item: Leftovers\n|upkeep\n|turn|11\n|inactive|Time left: 300 sec this turn | 300 sec total\n|\n|t:|1783550202\n|move|p2a: Mightyena|Throat Chop|p1a: Suicune\n|-damage|p1a: Suicune|68/298\n|move|p1a: Suicune|Scald|p2a: Mightyena\n|-damage|p2a: Mightyena|0 fnt\n|faint|p2a: Mightyena\n|\n|-heal|p1a: Suicune|86/298|[from] item: Leftovers\n|-end|p1a: Suicune|Throat Chop|[silent]\n|upkeep\n|\n|t:|1783550204\n|switch|p2a: Enamorus|Enamorus, L79, F|100/100\n|turn|12\n|inactive|Time left: 300 sec this turn | 300 sec total\n|\n|t:|1783550205\n|move|p1a: Suicune|Protect|p1a: Suicune\n|-singleturn|p1a: Suicune|Protect\n|move|p2a: Enamorus|Moonblast|p1a: Suicune\n|-activate|p1a: Suicune|move: Protect\n|\n|-heal|p1a: Suicune|104/298|[from] item: Leftovers\n|upkeep\n|turn|13\n|inactive|Time left: 300 sec this turn | 300 sec total\n|\n|t:|1783550206\n|move|p2a: Enamorus|Moonblast|p1a: Suicune\n|-damage|p1a: Suicune|4/298\n|move|p1a: Suicune|Calm Mind|p1a: Suicune\n|-boost|p1a: Suicune|spa|1\n|-boost|p1a: Suicune|spd|1\n|\n|-heal|p1a: Suicune|22/298|[from] item: Leftovers\n|upkeep\n|turn|14\n|inactive|Time left: 300 sec this turn | 300 sec total\n|\n|t:|1783550207\n|move|p1a: Suicune|Protect|p1a: Suicune\n|-singleturn|p1a: Suicune|Protect\n|move|p2a: Enamorus|Moonblast|p1a: Suicune\n|-activate|p1a: Suicune|move: Protect\n|\n|-heal|p1a: Suicune|40/298|[from] item: Leftovers\n|upkeep\n|turn|15\n|inactive|Time left: 300 sec this turn | 300 sec total\n|\n|t:|1783550208\n|move|p1a: Suicune|Protect||[still]\n|-fail|p1a: Suicune\n|move|p2a: Enamorus|Moonblast|p1a: Suicune\n|-damage|p1a: Suicune|0 fnt\n|faint|p1a: Suicune\n|\n|upkeep\n|inactive|Time left: 300 sec this turn | 300 sec total | 5 sec grace\n|\n|t:|1783550209\n|switch|p1a: Trevenant|Trevenant, L89, M|296/296\n|turn|16\n|inactive|Time left: 300 sec this turn | 300 sec total\n|\n|t:|1783550210\n|move|p2a: Enamorus|Moonblast|p1a: Trevenant\n|-damage|p1a: Trevenant|182/296\n|move|p1a: Trevenant|Poltergeist|p2a: Enamorus\n|-activate|p2a: Enamorus|move: Poltergeist|Heavy-Duty Boots\n|-damage|p2a: Enamorus|32/100\n|\n|upkeep\n|turn|17\n|inactive|Time left: 300 sec this turn | 300 sec total\n|\n|t:|1783550211\n|move|p2a: Enamorus|Mystical Fire|p1a: Trevenant\n|-supereffective|p1a: Trevenant\n|-damage|p1a: Trevenant|56/296\n|-unboost|p1a: Trevenant|spa|1\n|-enditem|p1a: Trevenant|Sitrus Berry|[eat]\n|-heal|p1a: Trevenant|130/296|[from] item: Sitrus Berry\n|move|p1a: Trevenant|Poltergeist|p2a: Enamorus\n|-activate|p2a: Enamorus|move: Poltergeist|Heavy-Duty Boots\n|-damage|p2a: Enamorus|0 fnt\n|faint|p2a: Enamorus\n|\n|-item|p1a: Trevenant|Sitrus Berry|[from] ability: Harvest\n|upkeep\n|-enditem|p1a: Trevenant|Sitrus Berry|[eat]\n|-heal|p1a: Trevenant|204/296|[from] item: Sitrus Berry\n|\n|t:|1783550212\n|switch|p2a: Magmortar|Magmortar, L88, F|67/100\n|turn|18\n|inactive|Time left: 300 sec this turn | 300 sec total\n|\n|t:|1783550213\n|move|p1a: Trevenant|Protect|p1a: Trevenant\n|-singleturn|p1a: Trevenant|Protect\n|move|p2a: Magmortar|Fire Blast|p1a: Trevenant\n|-activate|p1a: Trevenant|move: Protect\n|\n|upkeep\n|turn|19\n|inactive|Time left: 300 sec this turn | 300 sec total\n|\n|t:|1783550214\n|switch|p1a: Tatsugiri|Tatsugiri, L87, F|88/260\n|move|p2a: Magmortar|Fire Blast|p1a: Tatsugiri\n|-resisted|p1a: Tatsugiri\n|-damage|p1a: Tatsugiri|53/260\n|\n|upkeep\n|turn|20\n|inactive|Time left: 300 sec this turn | 300 sec total\n|\n|t:|1783550215\n|switch|p1a: Trevenant|Trevenant, L89, M|204/296\n|move|p2a: Magmortar|Earthquake|p1a: Trevenant\n|-resisted|p1a: Trevenant\n|-crit|p1a: Trevenant\n|-damage|p1a: Trevenant|147/296\n|\n|-item|p1a: Trevenant|Sitrus Berry|[from] ability: Harvest\n|upkeep\n|-enditem|p1a: Trevenant|Sitrus Berry|[eat]\n|-heal|p1a: Trevenant|221/296|[from] item: Sitrus Berry\n|turn|21\n|inactive|Time left: 300 sec this turn | 300 sec total\n|\n|t:|1783550216\n|move|p1a: Trevenant|Protect|p1a: Trevenant\n|-singleturn|p1a: Trevenant|Protect\n|move|p2a: Magmortar|Fire Blast|p1a: Trevenant\n|-activate|p1a: Trevenant|move: Protect\n|\n|upkeep\n|turn|22\n|inactive|Time left: 300 sec this turn | 300 sec total\n|\n|t:|1783550217\n|switch|p1a: Tatsugiri|Tatsugiri, L87, F|53/260\n|move|p2a: Magmortar|Fire Blast|p1a: Tatsugiri\n|-resisted|p1a: Tatsugiri\n|-damage|p1a: Tatsugiri|18/260\n|\n|upkeep\n|turn|23\n|inactive|Time left: 300 sec this turn | 300 sec total\n|\n|t:|1783550218\n|move|p2a: Magmortar|Earthquake|p1a: Tatsugiri\n|-damage|p1a: Tatsugiri|0 fnt\n|faint|p1a: Tatsugiri\n|\n|upkeep\n|inactive|Time left: 300 sec this turn | 300 sec total | 5 sec grace\n|\n|t:|1783550219\n|switch|p1a: Trevenant|Trevenant, L89, M|221/296\n|turn|24\n|inactive|Time left: 300 sec this turn | 300 sec total\n|\n|t:|1783550220\n|move|p1a: Trevenant|Protect|p1a: Trevenant\n|-singleturn|p1a: Trevenant|Protect\n|move|p2a: Magmortar|Fire Blast|p1a: Trevenant\n|-activate|p1a: Trevenant|move: Protect\n|\n|upkeep\n|turn|25\n|inactive|Time left: 300 sec this turn | 300 sec total\n|\n|t:|1783550221\n|-terastallize|p1a: Trevenant|Dark\n|move|p2a: Magmortar|Fire Blast|p1a: Trevenant\n|-damage|p1a: Trevenant|77/296\n|-status|p1a: Trevenant|brn\n|move|p1a: Trevenant|Poltergeist|p2a: Magmortar|[miss]\n|-miss|p1a: Trevenant|p2a: Magmortar\n|\n|-damage|p1a: Trevenant|59/296 brn|[from] brn\n|upkeep\n|turn|26\n|inactive|Time left: 300 sec this turn | 300 sec total\n|\n|t:|1783550222\n|move|p1a: Trevenant|Protect|p1a: Trevenant\n|-singleturn|p1a: Trevenant|Protect\n|move|p2a: Magmortar|Thunderbolt|p1a: Trevenant\n|-activate|p1a: Trevenant|move: Protect\n|\n|-damage|p1a: Trevenant|41/296 brn|[from] brn\n|-item|p1a: Trevenant|Sitrus Berry|[from] ability: Harvest\n|upkeep\n|-enditem|p1a: Trevenant|Sitrus Berry|[eat]\n|-heal|p1a: Trevenant|115/296 brn|[from] item: Sitrus Berry\n|turn|27\n|inactive|Time left: 300 sec this turn | 300 sec total\n|\n|t:|1783550222\n|move|p1a: Trevenant|Protect||[still]\n|-fail|p1a: Trevenant\n|move|p2a: Magmortar|Fire Blast|p1a: Trevenant|[miss]\n|-miss|p2a: Magmortar|p1a: Trevenant\n|\n|-damage|p1a: Trevenant|97/296 brn|[from] brn\n|upkeep\n|turn|28\n|inactive|Time left: 300 sec this turn | 300 sec total\n|\n|t:|1783550223\n|move|p1a: Trevenant|Protect|p1a: Trevenant\n|-singleturn|p1a: Trevenant|Protect\n|move|p2a: Magmortar|Fire Blast|p1a: Trevenant\n|-activate|p1a: Trevenant|move: Protect\n|\n|-damage|p1a: Trevenant|79/296 brn|[from] brn\n|upkeep\n|turn|29\n|inactive|Time left: 300 sec this turn | 300 sec total\n|\n|t:|1783550224\n|move|p1a: Trevenant|Protect||[still]\n|-fail|p1a: Trevenant\n|move|p2a: Magmortar|Thunderbolt|p1a: Trevenant\n|-damage|p1a: Trevenant|0 fnt\n|faint|p1a: Trevenant\n|\n|upkeep\n|inactive|Time left: 300 sec this turn | 300 sec total | 5 sec grace\n|\n|t:|1783550225\n|switch|p1a: Glimmora|Glimmora, L75, M|86/248\n|turn|30\n|inactive|Time left: 300 sec this turn | 300 sec total\n|\n|t:|1783550225\n|move|p2a: Magmortar|Thunderbolt|p1a: Glimmora\n|-damage|p1a: Glimmora|0 fnt\n|faint|p1a: Glimmora\n|\n|win|p0y888ade3", "uploadtime": 1783550225, "views": 0, "rating": 0, "private": 0, "password": null, "_winner": "p0y888ade3", "_our_name": "p0x8882246"}