{"id": "battle-gen9randombattle-670", "formatid": "gen9randombattle", "format": "[Gen 9] Random Battle", "players": ["p0x670fd96", "p0y6703da8"], "log": "|init|battle\n|title|p0x670fd96 vs. p0y6703da8\n|j|\u2606p0x670fd96\n|j|\u2606p0y6703da8\n|t:|1783547603\n|gametype|singles\n|player|p1|p0x670fd96|266|\n|player|p2|p0y6703da8|2|\n|gen|9\n|tier|[Gen 9] Random Battle\n|rule|Species Clause: Limit one of each Pok\u00e9mon\n|rule|HP Percentage Mod: HP is shown in percentages\n|rule|Sleep Clause Mod: Limit one foe put to sleep\n|rule|Illusion Level Mod: Illusion disguises the Pok\u00e9mon's true level\n|\n|t:|1783547603\n|teamsize|p1|6\n|teamsize|p2|6\n|start\n|switch|p1a: Klefki|Klefki, L84, F|233/233\n|switch|p2a: Chansey|Chansey, L85, F|100/100\n|turn|1\n|inactive|Battle timer is ON: inactive players will automatically lose when time's up. (requested by p0y6703da8)\n|inactive|Time left: 300 sec this turn | 300 sec total | 60 sec grace\n|inactive|p0x670fd96 also wants the timer to be on.\n|\n|t:|1783547604\n|move|p1a: Klefki|Play Rough|p2a: Chansey\n|-damage|p2a: Chansey|65/100\n|move|p2a: Chansey|Seismic Toss|p1a: Klefki\n|-damage|p1a: Klefki|148/233\n|\n|-heal|p1a: Klefki|162/233|[from] item: Leftovers\n|upkeep\n|turn|2\n|inactive|Time left: 300 sec this turn | 300 sec total\n|\n|t:|1783547606\n|move|p1a: Klefki|Spikes|p2a: Chansey\n|-sidestart|p2: p0y6703da8|Spikes\n|move|p2a: Chansey|Soft-Boiled|p2a: Chansey\n|-heal|p2a: Chansey|100/100\n|\n|-heal|p1a: Klefki|176/233|[from] item: Leftovers\n|upkeep\n|turn|3\n|inactive|Time left: 300 sec this turn | 300 sec total\n|\n|t:|1783547607\n|move|p1a: Klefki|Spikes|p2a: Chansey\n|-sidestart|p2: p0y6703da8|Spikes\n|move|p2a: Chansey|Seismic Toss|p1a: Klefki\n|-damage|p1a: Klefki|91/233\n|\n|-heal|p1a: Klefki|105/233|[from] item: Leftovers\n|upkeep\n|turn|4\n|inactive|Time left: 300 sec this turn | 300 sec total\n|\n|t:|1783547608\n|move|p1a: Klefki|Spikes|p2a: Chansey\n|-sidestart|p2: p0y6703da8|Spikes\n|move|p2a: Chansey|Seismic Toss|p1a: Klefki\n|-damage|p1a: Klefki|20/233\n|\n|-heal|p1a: Klefki|34/233|[from] item: Leftovers\n|upkeep\n|turn|5\n|inactive|Time left: 300 sec this turn | 300 sec total\n|\n|t:|1783547609\n|switch|p1a: Polteageist|Polteageist-Antique, L78|222/222\n|move|p2a: Chansey|Seismic Toss|p1a: Polteageist\n|-immune|p1a: Polteageist\n|\n|upkeep\n|turn|6\n|inactive|Time left: 300 sec this turn | 300 sec total\n|\n|t:|1783547611\n|switch|p2a: Honchkrow|Honchkrow, L86, F|100/100\n|move|p1a: Polteageist|Shell Smash|p1a: Polteageist\n|-unboost|p1a: Polteageist|def|1\n|-unboost|p1a: Polteageist|spd|1\n|-boost|p1a: Polteageist|atk|2\n|-boost|p1a: Polteageist|spa|2\n|-boost|p1a: Polteageist|spe|2\n|-enditem|p1a: Polteageist|White Herb\n|-clearnegativeboost|p1a: Polteageist|[silent]\n|\n|upkeep\n|turn|7\n|inactive|Time left: 300 sec this turn | 300 sec total\n|\n|t:|1783547612\n|move|p1a: Polteageist|Strength Sap|p2a: Honchkrow\n|-unboost|p2a: Honchkrow|atk|1\n|move|p2a: Honchkrow|Brave Bird|p1a: Polteageist\n|-damage|p1a: Polteageist|72/222\n|-damage|p2a: Honchkrow|84/100|[from] Recoil\n|\n|upkeep\n|turn|8\n|inactive|Time left: 300 sec this turn | 300 sec total\n|\n|t:|1783547613\n|move|p1a: Polteageist|Strength Sap|p2a: Honchkrow\n|-unboost|p2a: Honchkrow|atk|1\n|-heal|p1a: Polteageist|222/222\n|move|p2a: Honchkrow|Brave Bird|p1a: Polteageist\n|-damage|p1a: Polteageist|119/222\n|-damage|p2a: Honchkrow|74/100|[from] Recoil\n|\n|upkeep\n|turn|9\n|inactive|Time left: 300 sec this turn | 300 sec total\n|\n|t:|1783547614\n|move|p1a: Polteageist|Strength Sap|p2a: Honchkrow\n|-unboost|p2a: Honchkrow|atk|1\n|-heal|p1a: Polteageist|222/222\n|move|p2a: Honchkrow|Brave Bird|p1a: Polteageist\n|-damage|p1a: Polteageist|129/222\n|-damage|p2a: Honchkrow|64/100|[from] Recoil\n|\n|upkeep\n|turn|10\n|inactive|Time left: 300 sec this turn | 300 sec total\n|\n|t:|1783547615\n|move|p1a: Polteageist|Strength Sap|p2a: Honchkrow\n|-unboost|p2a: Honchkrow|atk|1\n|-heal|p1a: Polteageist|222/222\n|move|p2a: Honchkrow|Brave Bird|p1a: Polteageist\n|-damage|p1a: Polteageist|146/222\n|-start|p2a: Honchkrow|Disable|Brave Bird|[from] ability: Cursed Body|[of] p1a: Polteageist\n|-damage|p2a: Honchkrow|56/100|[from] Recoil\n|\n|upkeep\n|turn|11\n|inactive|Time left: 300 sec this turn | 300 sec total\n|\n|t:|1783547616\n|move|p1a: Polteageist|Tera Blast|p2a: Honchkrow\n|-damage|p2a: Honchkrow|0 fnt\n|faint|p2a: Honchkrow\n|\n|upkeep\n|\n|t:|1783547617\n|switch|p2a: Yanmega|Yanmega, L82, F|100/100\n|turn|12\n|inactive|Time left: 300 sec this turn | 300 sec total\n|\n|t:|1783547618\n|-terastallize|p2a: Yanmega|Bug\n|move|p1a: Polteageist|Shadow Ball|p2a: Yanmega\n|-damage|p2a: Yanmega|10/100\n|move|p2a: Yanmega|Bug Buzz|p1a: Polteageist\n|-resisted|p1a: Polteageist\n|-damage|p1a: Polteageist|0 fnt\n|-start|p2a: Yanmega|Disable|Bug Buzz|[from] ability: Cursed Body|[of] p1a: Polteageist\n|faint|p1a: Polteageist\n|\n|upkeep\n|inactive|Time left: 300 sec this turn | 300 sec total | 5 sec grace\n|\n|t:|1783547619\n|switch|p1a: Chien-Pao|Chien-Pao, L72|234/234\n|-ability|p1a: Chien-Pao|Sword of Ruin\n|turn|13\n|inactive|Time left: 300 sec this turn | 300 sec total\n|\n|t:|1783547620\n|switch|p2a: Weezing|Weezing, L88, M|100/100\n|move|p1a: Chien-Pao|Icicle Crash|p2a: Weezing\n|-damage|p2a: Weezing|53/100\n|\n|-heal|p2a: Weezing|59/100|[from] item: Leftovers\n|upkeep\n|turn|14\n|inactive|Time left: 300 sec this turn | 300 sec total\n|\n|t:|1783547621\n|-terastallize|p1a: Chien-Pao|Ice\n|move|p1a: Chien-Pao|Icicle Crash|p2a: Weezing\n|-damage|p2a: Weezing|3/100\n|cant|p2a: Weezing|flinch\n|\n|-heal|p2a: Weezing|9/100|[from] item: Leftovers\n|upkeep\n|turn|15\n|inactive|Time left: 300 sec this turn | 300 sec total\n|\n|t:|1783547622\n|switch|p2a: Yanmega|Yanmega, L82, F, tera:Bug|10/100\n|-damage|p2a: Yanmega|0 fnt|[from] Spikes\n|faint|p2a: Yanmega\n|move|p1a: Chien-Pao|Icicle Crash|p2: Yanmega|[notarget]\n|-fail|p1a: Chien-Pao\n|\n|upkeep\n|\n|t:|1783547623\n|switch|p2a: Floatzel|Floatzel, L86, M|100/100\n|-damage|p2a: Floatzel|76/100|[from] Spikes\n|turn|16\n|inactive|Time left: 300 sec this turn | 300 sec total\n|\n|t:|1783547624\n|switch|p1a: Klefki|Klefki, L84, F|34/233\n|move|p2a: Floatzel|Bulk Up|p2a: Floatzel\n|-boost|p2a: Floatzel|atk|1\n|-boost|p2a: Floatzel|def|1\n|\n|-heal|p2a: Floatzel|82/100|[from] item: Leftovers\n|-heal|p1a: Klefki|48/233|[from] item: Leftovers\n|upkeep\n|turn|17\n|inactive|Time left: 300 sec this turn | 300 sec total\n|\n|t:|1783547624\n|move|p1a: Klefki|Thunder Wave|p2a: Floatzel\n|-status|p2a: Floatzel|par\n|move|p2a: Floatzel|Bulk Up|p2a: Floatzel\n|-boost|p2a: Floatzel|atk|1\n|-boost|p2a: Floatzel|def|1\n|\n|-heal|p1a: Klefki|62/233|[from] item: Leftovers\n|-heal|p2a: Floatzel|88/100 par|[from] item: Leftovers\n|upkeep\n|turn|18\n|inactive|Time left: 300 sec this turn | 300 sec total\n|\n|t:|1783547625\n|switch|p1a: Plusle|Plusle, L95, F|268/268\n|move|p2a: Floatzel|Ice Spinner|p1a: Plusle\n|-damage|p1a: Plusle|63/268\n|\n|-heal|p2a: Floatzel|94/100 par|[from] item: Leftovers\n|upkeep\n|turn|19\n|inactive|Time left: 300 sec this turn | 300 sec total\n|\n|t:|1783547626\n|switch|p2a: Chansey|Chansey, L85, F|100/100\n|-damage|p2a: Chansey|75/100|[from] Spikes\n|move|p1a: Plusle|Thunderbolt|p2a: Chansey\n|-damage|p2a: Chansey|62/100\n|-status|p2a: Chansey|par\n|-damage|p1a: Plusle|37/268|[from] item: Life Orb\n|\n|upkeep\n|turn|20\n|inactive|Time left: 300 sec this turn | 300 sec total\n|\n|t:|1783547627\n|switch|p1a: Chien-Pao|Chien-Pao, L72, tera:Ice|234/234\n|-ability|p1a: Chien-Pao|Sword of Ruin\n|move|p2a: Chansey|Soft-Boiled|p2a: Chansey\n|-heal|p2a: Chansey|100/100 par\n|\n|upkeep\n|turn|21\n|inactive|Time left: 300 sec this turn | 300 sec total\n|\n|t:|1783547627\n|move|p1a: Chien-Pao|Sacred Sword|p2a: Chansey\n|-supereffective|p2a: Chansey\n|-damage|p2a: Chansey|13/100 par\n|move|p2a: Chansey|Thunder Wave|p1a: Chien-Pao\n|-status|p1a: Chien-Pao|par\n|\n|upkeep\n|turn|22\n|inactive|Time left: 300 sec this turn | 300 sec total\n|\n|t:|1783547628\n|cant|p1a: Chien-Pao|par\n|move|p2a: Chansey|Seismic Toss|p1a: Chien-Pao\n|-damage|p1a: Chien-Pao|149/234 par\n|\n|upkeep\n|turn|23\n|inactive|Time left: 300 sec this turn | 300 sec total\n|\n|t:|1783547629\n|move|p1a: Chien-Pao|Sacred Sword|p2a: Chansey\n|-supereffective|p2a: Chansey\n|-damage|p2a: Chansey|0 fnt\n|faint|p2a: Chansey\n|\n|upkeep\n|\n|t:|1783547630\n|switch|p2a: Weezing|Weezing, L88, M|9/100\n|turn|24\n|inactive|Time left: 300 sec this turn | 300 sec total\n|\n|t:|1783547631\n|switch|p1a: Plusle|Plusle, L95, F|37/268\n|move|p2a: Weezing|Fire Blast|p1a: Plusle\n|-damage|p1a: Plusle|0 fnt\n|faint|p1a: Plusle\n|\n|-heal|p2a: Weezing|16/100|[from] item: Leftovers\n|upkeep\n|inactive|Time left: 300 sec this turn | 300 sec total | 5 sec grace\n|\n|t:|1783547632\n|switch|p1a: Glimmora|Glimmora, L75, M|248/248\n|-item|p1a: Glimmora|Air Balloon\n|turn|25\n|inactive|Time left: 300 sec this turn | 300 sec total\n|\n|t:|1783547633\n|switch|p2a: Slither Wing|Slither Wing, L81|100/100\n|-damage|p2a: Slither Wing|76/100|[from] Spikes\n|-enditem|p2a: Slither Wing|Booster Energy\n|-activate|p2a: Slither Wing|ability: Protosynthesis|[fromitem]\n|-start|p2a: Slither Wing|protosynthesisatk\n|move|p1a: Glimmora|Sludge Wave|p2a: Slither Wing\n|-damage|p2a: Slither Wing|43/100\n|\n|upkeep\n|turn|26\n|inactive|Time left: 300 sec this turn | 300 sec total\n|\n|t:|1783547634\n|move|p2a: Slither Wing|Bulk Up|p2a: Slither Wing\n|-boost|p2a: Slither Wing|atk|1\n|-boost|p2a: Slither Wing|def|1\n|move|p1a: Glimmora|Sludge Wave|p2a: Slither Wing\n|-damage|p2a: Slither Wing|6/100\n|\n|upkeep\n|turn|27\n|inactive|Time left: 300 sec this turn | 300 sec total\n|\n|t:|1783547635\n|switch|p1a: Enamorus|Enamorus-Therian, L83, F|259/259\n|move|p2a: Slither Wing|Close Combat|p1a: Enamorus\n|-resisted|p1a: Enamorus\n|-crit|p1a: Enamorus\n|-damage|p1a: Enamorus|160/259\n|-unboost|p2a: Slither Wing|def|1\n|-unboost|p2a: Slither Wing|spd|1\n|\n|upkeep\n|turn|28\n|inactive|Time left: 300 sec this turn | 300 sec total\n|\n|t:|1783547636\n|move|p2a: Slither Wing|Acrobatics|p1a: Enamorus\n|-damage|p1a: Enamorus|17/259\n|move|p1a: Enamorus|Moonblast|p2a: Slither Wing\n|-supereffective|p2a: Slither Wing\n|-damage|p2a: Slither Wing|0 fnt\n|faint|p2a: Slither Wing\n|-end|p2a: Slither Wing|Protosynthesis|[silent]\n|\n|upkeep\n|\n|t:|1783547638\n|switch|p2a: Weezing|Weezing, L88, M|16/100\n|turn|29\n|inactive|Time left: 300 sec this turn | 300 sec total\n|\n|t:|1783547639\n|move|p2a: Weezing|Fire Blast|p1a: Enamorus|[miss]\n|-miss|p2a: Weezing|p1a: Enamorus\n|move|p1a: Enamorus|Psychic|p2a: Weezing\n|-supereffective|p2a: Weezing\n|-damage|p2a: Weezing|0 fnt\n|faint|p2a: Weezing\n|\n|upkeep\n|\n|t:|1783547639\n|switch|p2a: Floatzel|Floatzel, L86, M|94/100 par\n|-damage|p2a: Floatzel|69/100 par|[from] Spikes\n|turn|30\n|inactive|Time left: 300 sec this turn | 300 sec total\n|\n|t:|1783547640\n|move|p1a: Enamorus|Moonblast|p2a: Floatzel\n|-damage|p2a: Floatzel|3/100 par\n|move|p2a: Floatzel|Ice Spinner|p1a: Enamorus\n|-supereffective|p1a: Enamorus\n|-damage|p1a: Enamorus|0 fnt\n|faint|p1a: Enamorus\n|\n|-heal|p2a: Floatzel|9/100 par|[from] item: Leftovers\n|upkeep\n|inactive|Time left: 300 sec this turn | 300 sec total | 5 sec grace\n|\n|t:|1783547641\n|switch|p1a: Glimmora|Glimmora, L75, M|248/248\n|-item|p1a: Glimmora|Air Balloon\n|turn|31\n|inactive|Time left: 300 sec this turn | 300 sec total\n|\n|t:|1783547642\n|move|p1a: Glimmora|Power Gem|p2a: Floatzel\n|-damage|p2a: Floatzel|0 fnt\n|faint|p2a: Floatzel\n|\n|win|p0x670fd96", "uploadtime": 1783547642, "views": 0, "rating": 0, "private": 0, "password": null, "_winner": "p0x670fd96", "_our_name": "p0x670fd96"}