{"id": "battle-gen9randombattle-2218", "formatid": "gen9randombattle", "format": "[Gen 9] Random Battle", "players": ["p0x221851a9", "p0y221877d5"], "log": "|init|battle\n|title|p0x221851a9 vs. p0y221877d5\n|j|\u2606p0x221851a9\n|j|\u2606p0y221877d5\n|t:|1783565715\n|gametype|singles\n|player|p1|p0x221851a9|266|\n|player|p2|p0y221877d5|170|\n|gen|9\n|tier|[Gen 9] Random Battle\n|rule|Species Clause: Limit one of each Pok\u00e9mon\n|rule|HP Percentage Mod: HP is shown in percentages\n|rule|Sleep Clause Mod: Limit one foe put to sleep\n|rule|Illusion Level Mod: Illusion disguises the Pok\u00e9mon's true level\n|\n|t:|1783565715\n|teamsize|p1|6\n|teamsize|p2|6\n|start\n|switch|p1a: Maushold|Maushold-Four, L76|238/238\n|switch|p2a: Stonjourner|Stonjourner, L91, F|100/100\n|turn|1\n|inactive|Battle timer is ON: inactive players will automatically lose when time's up. (requested by p0y221877d5)\n|inactive|Time left: 300 sec this turn | 300 sec total | 60 sec grace\n|\n|t:|1783565716\n|switch|p1a: Qwilfish|Qwilfish, L86, M|252/252\n|-ability|p1a: Qwilfish|Intimidate|boost\n|-unboost|p2a: Stonjourner|atk|1\n|move|p2a: Stonjourner|Stone Edge|p1a: Qwilfish|[miss]\n|-miss|p2a: Stonjourner|p1a: Qwilfish\n|\n|upkeep\n|turn|2\n|inactive|Time left: 300 sec this turn | 300 sec total\n|inactive|p0x221851a9 also wants the timer to be on.\n|\n|t:|1783565717\n|move|p1a: Qwilfish|Toxic Spikes|p2a: Stonjourner\n|-sidestart|p2: p0y221877d5|move: Toxic Spikes\n|move|p2a: Stonjourner|Earthquake|p1a: Qwilfish\n|-supereffective|p1a: Qwilfish\n|-damage|p1a: Qwilfish|80/252\n|-damage|p2a: Stonjourner|90/100|[from] item: Life Orb\n|\n|-heal|p1a: Qwilfish|95/252|[from] item: Leftovers\n|upkeep\n|turn|3\n|inactive|Time left: 300 sec this turn | 300 sec total\n|\n|t:|1783565719\n|switch|p1a: Kommo-o|Kommo-o, L77, M|242/242\n|move|p2a: Stonjourner|Stone Edge|p1a: Kommo-o\n|-resisted|p1a: Kommo-o\n|-damage|p1a: Kommo-o|191/242\n|-damage|p2a: Stonjourner|80/100|[from] item: Life Orb\n|\n|upkeep\n|turn|4\n|inactive|Time left: 300 sec this turn | 300 sec total\n|\n|t:|1783565720\n|move|p2a: Stonjourner|Stealth Rock|p1a: Kommo-o\n|-sidestart|p1: p0x221851a9|move: Stealth Rock\n|move|p1a: Kommo-o|Clangorous Soul|p1a: Kommo-o\n|-boost|p1a: Kommo-o|atk|1\n|-boost|p1a: Kommo-o|def|1\n|-boost|p1a: Kommo-o|spa|1\n|-boost|p1a: Kommo-o|spd|1\n|-boost|p1a: Kommo-o|spe|1\n|-damage|p1a: Kommo-o|112/242\n|-enditem|p1a: Kommo-o|Throat Spray\n|-boost|p1a: Kommo-o|spa|1|[from] item: Throat Spray\n|\n|upkeep\n|turn|5\n|inactive|Time left: 300 sec this turn | 300 sec total\n|\n|t:|1783565721\n|move|p1a: Kommo-o|Drain Punch|p2a: Stonjourner\n|-supereffective|p2a: Stonjourner\n|-damage|p2a: Stonjourner|39/100\n|-heal|p1a: Kommo-o|181/242|[from] drain|[of] p2a: Stonjourner\n|move|p2a: Stonjourner|Earthquake|p1a: Kommo-o\n|-damage|p1a: Kommo-o|128/242\n|-damage|p2a: Stonjourner|29/100|[from] item: Life Orb\n|\n|upkeep\n|turn|6\n|inactive|Time left: 300 sec this turn | 300 sec total\n|\n|t:|1783565722\n|move|p1a: Kommo-o|Drain Punch|p2a: Stonjourner\n|-supereffective|p2a: Stonjourner\n|-crit|p2a: Stonjourner\n|-damage|p2a: Stonjourner|0 fnt\n|-heal|p1a: Kommo-o|175/242|[from] drain|[of] p2a: Stonjourner\n|faint|p2a: Stonjourner\n|\n|upkeep\n|\n|t:|1783565723\n|switch|p2a: Kingdra|Kingdra, L84, F|100/100\n|-status|p2a: Kingdra|psn\n|-enditem|p2a: Kingdra|Lum Berry|[eat]\n|-curestatus|p2a: Kingdra|psn|[msg]\n|turn|7\n|inactive|Time left: 300 sec this turn | 300 sec total\n|\n|t:|1783565724\n|-terastallize|p2a: Kingdra|Water\n|move|p1a: Kommo-o|Drain Punch|p2a: Kingdra\n|-damage|p2a: Kingdra|61/100\n|-heal|p1a: Kommo-o|227/242|[from] drain|[of] p2a: Kingdra\n|move|p2a: Kingdra|Outrage|p1a: Kommo-o\n|-supereffective|p1a: Kommo-o\n|-damage|p1a: Kommo-o|81/242\n|\n|upkeep\n|turn|8\n|inactive|Time left: 300 sec this turn | 300 sec total\n|\n|t:|1783565725\n|move|p1a: Kommo-o|Clanging Scales|p2a: Kingdra\n|-damage|p2a: Kingdra|0 fnt\n|faint|p2a: Kingdra\n|-unboost|p1a: Kommo-o|def|1\n|\n|upkeep\n|\n|t:|1783565726\n|switch|p2a: Brambleghast|Brambleghast, L88, M|100/100\n|-status|p2a: Brambleghast|psn\n|turn|9\n|inactive|Time left: 300 sec this turn | 300 sec total\n|\n|t:|1783565727\n|move|p1a: Kommo-o|Clanging Scales|p2a: Brambleghast\n|-damage|p2a: Brambleghast|0 fnt\n|faint|p2a: Brambleghast\n|-unboost|p1a: Kommo-o|def|1\n|\n|upkeep\n|\n|t:|1783565728\n|switch|p2a: Swampert|Swampert, L83, M|100/100\n|-status|p2a: Swampert|psn\n|turn|10\n|inactive|Time left: 300 sec this turn | 300 sec total\n|\n|t:|1783565729\n|move|p1a: Kommo-o|Drain Punch|p2a: Swampert\n|-damage|p2a: Swampert|63/100 psn\n|-heal|p1a: Kommo-o|138/242|[from] drain|[of] p2a: Swampert\n|move|p2a: Swampert|Earthquake|p1a: Kommo-o\n|-damage|p1a: Kommo-o|0 fnt\n|faint|p1a: Kommo-o\n|\n|-heal|p2a: Swampert|69/100 psn|[from] item: Leftovers\n|-damage|p2a: Swampert|56/100 psn|[from] psn\n|upkeep\n|inactive|Time left: 300 sec this turn | 300 sec total | 5 sec grace\n|\n|t:|1783565731\n|switch|p1a: Maushold|Maushold-Four, L76|238/238\n|-damage|p1a: Maushold|209/238|[from] Stealth Rock\n|turn|11\n|inactive|Time left: 300 sec this turn | 300 sec total\n|\n|t:|1783565732\n|move|p1a: Maushold|Population Bomb|p2a: Swampert\n|-damage|p2a: Swampert|49/100 psn\n|-damage|p2a: Swampert|41/100 psn\n|-damage|p2a: Swampert|34/100 psn\n|-damage|p2a: Swampert|27/100 psn\n|-damage|p2a: Swampert|20/100 psn\n|-damage|p2a: Swampert|12/100 psn\n|-damage|p2a: Swampert|5/100 psn\n|-crit|p2a: Swampert\n|-damage|p2a: Swampert|0 fnt\n|faint|p2a: Swampert\n|-hitcount|p2: Swampert|8\n|\n|upkeep\n|\n|t:|1783565733\n|switch|p2a: Lycanroc|Lycanroc-Midnight, L89, F|100/100\n|-status|p2a: Lycanroc|psn\n|turn|12\n|inactive|Time left: 300 sec this turn | 300 sec total\n|\n|t:|1783565734\n|switch|p1a: Qwilfish|Qwilfish, L86, M|95/252\n|-damage|p1a: Qwilfish|64/252|[from] Stealth Rock\n|-ability|p1a: Qwilfish|Intimidate|boost\n|-unboost|p2a: Lycanroc|atk|1\n|move|p2a: Lycanroc|Stone Edge|p1a: Qwilfish\n|-damage|p1a: Qwilfish|0 fnt\n|faint|p1a: Qwilfish\n|-damage|p2a: Lycanroc|91/100 psn|[from] item: Life Orb\n|\n|-damage|p2a: Lycanroc|78/100 psn|[from] psn\n|upkeep\n|inactive|Time left: 300 sec this turn | 300 sec total | 5 sec grace\n|\n|t:|1783565735\n|switch|p1a: Spectrier|Spectrier, L75|274/274\n|-damage|p1a: Spectrier|240/274|[from] Stealth Rock\n|turn|13\n|inactive|Time left: 300 sec this turn | 300 sec total\n|\n|t:|1783565736\n|move|p1a: Spectrier|Nasty Plot|p1a: Spectrier\n|-boost|p1a: Spectrier|spa|2\n|move|p2a: Lycanroc|Stone Edge|p1a: Spectrier\n|-damage|p1a: Spectrier|68/274\n|-damage|p2a: Lycanroc|68/100 psn|[from] item: Life Orb\n|\n|-heal|p1a: Spectrier|85/274|[from] item: Leftovers\n|-damage|p2a: Lycanroc|56/100 psn|[from] psn\n|upkeep\n|turn|14\n|inactive|Time left: 300 sec this turn | 300 sec total\n|\n|t:|1783565737\n|switch|p2a: Zekrom|Zekrom, L71|100/100\n|-status|p2a: Zekrom|psn\n|-ability|p2a: Zekrom|Teravolt\n|-terastallize|p1a: Spectrier|Fighting\n|move|p1a: Spectrier|Tera Blast|p2a: Zekrom|[anim] Tera Blast Fighting\n|-crit|p2a: Zekrom\n|-damage|p2a: Zekrom|0 fnt\n|faint|p2a: Zekrom\n|-ability|p1a: Spectrier|Grim Neigh|boost\n|-boost|p1a: Spectrier|spa|1\n|\n|-heal|p1a: Spectrier|102/274|[from] item: Leftovers\n|upkeep\n|\n|t:|1783565737\n|switch|p2a: Lycanroc|Lycanroc-Midnight, L89, F|56/100 psn\n|turn|15\n|inactive|Time left: 300 sec this turn | 300 sec total\n|\n|t:|1783565738\n|move|p1a: Spectrier|Shadow Ball|p2a: Lycanroc\n|-damage|p2a: Lycanroc|0 fnt\n|faint|p2a: Lycanroc\n|\n|win|p0x221851a9", "uploadtime": 1783565738, "views": 0, "rating": 0, "private": 0, "password": null, "_winner": "p0x221851a9", "_our_name": "p0x221851a9"}