{"id": "battle-gen9randombattle-18", "formatid": "gen9randombattle", "format": "[Gen 9] Random Battle", "players": ["p0x018722d", "p0y01821b8"], "log": "|init|battle\n|title|p0x018722d vs. p0y01821b8\n|j|\u2606p0x018722d\n|j|\u2606p0y01821b8\n|t:|1783539389\n|gametype|singles\n|player|p1|p0x018722d|101|\n|player|p2|p0y01821b8|101|\n|gen|9\n|tier|[Gen 9] Random Battle\n|rule|Species Clause: Limit one of each Pok\u00e9mon\n|rule|HP Percentage Mod: HP is shown in percentages\n|rule|Sleep Clause Mod: Limit one foe put to sleep\n|rule|Illusion Level Mod: Illusion disguises the Pok\u00e9mon's true level\n|\n|t:|1783539389\n|teamsize|p1|6\n|teamsize|p2|6\n|start\n|switch|p1a: Meloetta|Meloetta, L82|100/100\n|switch|p2a: Baxcalibur|Baxcalibur, L75, M|295/295\n|turn|1\n|inactive|Battle timer is ON: inactive players will automatically lose when time's up. (requested by p0y01821b8)\n|inactive|p0x018722d also wants the timer to be on.\n|\n|t:|1783539391\n|move|p1a: Meloetta|Relic Song|p2a: Baxcalibur\n|-damage|p2a: Baxcalibur|159/295\n|-formechange|p1a: Meloetta|Meloetta-Pirouette|[msg]\n|-damage|p1a: Meloetta|91/100|[from] item: Life Orb\n|move|p2a: Baxcalibur|Glaive Rush|p1a: Meloetta\n|-damage|p1a: Meloetta|18/100\n|-singlemove|p2a: Baxcalibur|Glaive Rush|[silent]\n|\n|upkeep\n|turn|2\n|inactive|Time left: 300 sec this turn | 300 sec total\n|\n|t:|1783539392\n|switch|p2a: Okidogi|Okidogi, L77, M|262/262\n|move|p1a: Meloetta|Close Combat|p2a: Okidogi\n|-resisted|p2a: Okidogi\n|-damage|p2a: Okidogi|170/262\n|-unboost|p1a: Meloetta|def|1\n|-unboost|p1a: Meloetta|spd|1\n|-damage|p1a: Meloetta|9/100|[from] item: Life Orb\n|\n|upkeep\n|turn|3\n|inactive|Time left: 300 sec this turn | 300 sec total\n|\n|t:|1783539393\n|move|p1a: Meloetta|Close Combat|p2a: Okidogi\n|-resisted|p2a: Okidogi\n|-damage|p2a: Okidogi|79/262\n|-unboost|p1a: Meloetta|def|1\n|-unboost|p1a: Meloetta|spd|1\n|-damage|p1a: Meloetta|0 fnt|[from] item: Life Orb\n|faint|p1a: Meloetta\n|move|p2a: Okidogi|Psychic Fangs|p1: Meloetta|[notarget]\n|-fail|p2a: Okidogi\n|\n|upkeep\n|\n|t:|1783539393\n|switch|p1a: Barraskewda|Barraskewda, L81, M|100/100\n|turn|4\n|inactive|Time left: 300 sec this turn | 300 sec total\n|\n|t:|1783539394\n|switch|p2a: Arboliva|Arboliva, L91, F|290/290\n|move|p1a: Barraskewda|Waterfall|p2a: Arboliva\n|-resisted|p2a: Arboliva\n|-damage|p2a: Arboliva|226/290\n|-fieldstart|move: Grassy Terrain|[from] ability: Seed Sower|[of] p2a: Arboliva\n|\n|-heal|p2a: Arboliva|244/290|[from] Grassy Terrain\n|-heal|p2a: Arboliva|262/290|[from] item: Leftovers\n|upkeep\n|turn|5\n|inactive|Time left: 300 sec this turn | 300 sec total\n|\n|t:|1783539395\n|switch|p1a: Serperior|Serperior, L79, F|100/100\n|move|p2a: Arboliva|Energy Ball|p1a: Serperior\n|-resisted|p1a: Serperior\n|-damage|p1a: Serperior|67/100\n|\n|-heal|p1a: Serperior|73/100|[from] Grassy Terrain\n|-heal|p2a: Arboliva|280/290|[from] Grassy Terrain\n|-heal|p2a: Arboliva|290/290|[from] item: Leftovers\n|upkeep\n|turn|6\n|inactive|Time left: 300 sec this turn | 300 sec total\n|\n|t:|1783539396\n|move|p1a: Serperior|Glare|p2a: Arboliva\n|-status|p2a: Arboliva|par\n|move|p2a: Arboliva|Hyper Voice|p1a: Serperior\n|-damage|p1a: Serperior|21/100\n|\n|-heal|p1a: Serperior|27/100|[from] Grassy Terrain\n|upkeep\n|turn|7\n|inactive|Time left: 300 sec this turn | 300 sec total\n|\n|t:|1783539397\n|move|p1a: Serperior|Synthesis|p1a: Serperior\n|-heal|p1a: Serperior|77/100\n|move|p2a: Arboliva|Hyper Voice|p1a: Serperior\n|-damage|p1a: Serperior|19/100\n|\n|-heal|p1a: Serperior|25/100|[from] Grassy Terrain\n|upkeep\n|turn|8\n|inactive|Time left: 300 sec this turn | 300 sec total\n|\n|t:|1783539398\n|move|p1a: Serperior|Synthesis|p1a: Serperior\n|-heal|p1a: Serperior|75/100\n|move|p2a: Arboliva|Hyper Voice|p1a: Serperior\n|-damage|p1a: Serperior|24/100\n|\n|-heal|p1a: Serperior|30/100|[from] Grassy Terrain\n|-fieldend|move: Grassy Terrain\n|upkeep\n|turn|9\n|inactive|Time left: 300 sec this turn | 300 sec total\n|\n|t:|1783539399\n|move|p1a: Serperior|Synthesis|p1a: Serperior\n|-heal|p1a: Serperior|80/100\n|cant|p2a: Arboliva|par\n|\n|upkeep\n|turn|10\n|inactive|Time left: 300 sec this turn | 300 sec total\n|\n|t:|1783539400\n|move|p1a: Serperior|Leaf Storm|p2a: Arboliva|[miss]\n|-miss|p1a: Serperior|p2a: Arboliva\n|move|p2a: Arboliva|Hyper Voice|p1a: Serperior\n|-damage|p1a: Serperior|25/100\n|\n|upkeep\n|turn|11\n|inactive|Time left: 300 sec this turn | 300 sec total\n|\n|t:|1783539401\n|move|p1a: Serperior|Synthesis|p1a: Serperior\n|-heal|p1a: Serperior|75/100\n|cant|p2a: Arboliva|par\n|\n|upkeep\n|turn|12\n|inactive|Time left: 300 sec this turn | 300 sec total\n|\n|t:|1783539402\n|move|p1a: Serperior|Leaf Storm|p2a: Arboliva\n|-resisted|p2a: Arboliva\n|-damage|p2a: Arboliva|241/290 par\n|-boost|p1a: Serperior|spa|2\n|-fieldstart|move: Grassy Terrain|[from] ability: Seed Sower|[of] p2a: Arboliva\n|-damage|p1a: Serperior|66/100|[from] item: Life Orb\n|move|p2a: Arboliva|Hyper Voice|p1a: Serperior\n|-damage|p1a: Serperior|7/100\n|\n|-heal|p1a: Serperior|13/100|[from] Grassy Terrain\n|-heal|p2a: Arboliva|259/290 par|[from] Grassy Terrain\n|-heal|p2a: Arboliva|277/290 par|[from] item: Leftovers\n|upkeep\n|turn|13\n|inactive|Time left: 300 sec this turn | 300 sec total\n|\n|t:|1783539403\n|move|p1a: Serperior|Synthesis|p1a: Serperior\n|-heal|p1a: Serperior|63/100\n|move|p2a: Arboliva|Hyper Voice|p1a: Serperior\n|-damage|p1a: Serperior|9/100\n|\n|-heal|p1a: Serperior|15/100|[from] Grassy Terrain\n|-heal|p2a: Arboliva|290/290 par|[from] Grassy Terrain\n|upkeep\n|turn|14\n|inactive|Time left: 300 sec this turn | 300 sec total\n|\n|t:|1783539404\n|move|p1a: Serperior|Synthesis|p1a: Serperior\n|-heal|p1a: Serperior|65/100\n|move|p2a: Arboliva|Hyper Voice|p1a: Serperior\n|-damage|p1a: Serperior|11/100\n|\n|-heal|p1a: Serperior|17/100|[from] Grassy Terrain\n|upkeep\n|turn|15\n|inactive|Time left: 300 sec this turn | 300 sec total\n|\n|t:|1783539405\n|move|p1a: Serperior|Synthesis|p1a: Serperior\n|-heal|p1a: Serperior|67/100\n|cant|p2a: Arboliva|par\n|\n|-heal|p1a: Serperior|73/100|[from] Grassy Terrain\n|upkeep\n|turn|16\n|inactive|Time left: 300 sec this turn | 300 sec total\n|\n|t:|1783539407\n|move|p1a: Serperior|Leaf Storm|p2a: Arboliva\n|-resisted|p2a: Arboliva\n|-damage|p2a: Arboliva|148/290 par\n|-boost|p1a: Serperior|spa|2\n|-damage|p1a: Serperior|63/100|[from] item: Life Orb\n|cant|p2a: Arboliva|par\n|\n|-heal|p1a: Serperior|69/100|[from] Grassy Terrain\n|-heal|p2a: Arboliva|166/290 par|[from] Grassy Terrain\n|-heal|p2a: Arboliva|184/290 par|[from] item: Leftovers\n|-fieldend|move: Grassy Terrain\n|upkeep\n|turn|17\n|inactive|Time left: 300 sec this turn | 300 sec total\n|\n|t:|1783539408\n|move|p1a: Serperior|Leaf Storm|p2a: Arboliva\n|-resisted|p2a: Arboliva\n|-damage|p2a: Arboliva|40/290 par\n|-boost|p1a: Serperior|spa|2\n|-fieldstart|move: Grassy Terrain|[from] ability: Seed Sower|[of] p2a: Arboliva\n|-damage|p1a: Serperior|59/100|[from] item: Life Orb\n|move|p2a: Arboliva|Hyper Voice|p1a: Serperior\n|-damage|p1a: Serperior|1/100\n|\n|-heal|p1a: Serperior|7/100|[from] Grassy Terrain\n|-heal|p2a: Arboliva|58/290 par|[from] Grassy Terrain\n|-heal|p2a: Arboliva|76/290 par|[from] item: Leftovers\n|upkeep\n|turn|18\n|inactive|Time left: 300 sec this turn | 300 sec total\n|\n|t:|1783539409\n|move|p1a: Serperior|Synthesis|p1a: Serperior\n|-heal|p1a: Serperior|57/100\n|cant|p2a: Arboliva|par\n|\n|-heal|p1a: Serperior|63/100|[from] Grassy Terrain\n|-heal|p2a: Arboliva|94/290 par|[from] Grassy Terrain\n|-heal|p2a: Arboliva|112/290 par|[from] item: Leftovers\n|upkeep\n|turn|19\n|inactive|Time left: 300 sec this turn | 300 sec total\n|\n|t:|1783539410\n|move|p1a: Serperior|Dragon Pulse|p2a: Arboliva\n|-damage|p2a: Arboliva|0 fnt\n|faint|p2a: Arboliva\n|-damage|p1a: Serperior|53/100|[from] item: Life Orb\n|\n|-heal|p1a: Serperior|59/100|[from] Grassy Terrain\n|upkeep\n|inactive|Time left: 300 sec this turn | 300 sec total | 5 sec grace\n|\n|t:|1783539411\n|switch|p2a: Baxcalibur|Baxcalibur, L75, M|159/295\n|turn|20\n|inactive|Time left: 300 sec this turn | 300 sec total\n|\n|t:|1783539412\n|move|p2a: Baxcalibur|Ice Shard|p1a: Serperior\n|-supereffective|p1a: Serperior\n|-damage|p1a: Serperior|0 fnt\n|faint|p1a: Serperior\n|\n|-heal|p2a: Baxcalibur|177/295|[from] Grassy Terrain\n|upkeep\n|\n|t:|1783539413\n|switch|p1a: Ogerpon|Ogerpon-Hearthflame, L74, F|100/100\n|-ability|p1a: Ogerpon|Mold Breaker\n|turn|21\n|inactive|Time left: 300 sec this turn | 300 sec total\n|\n|t:|1783539414\n|move|p2a: Baxcalibur|Ice Shard|p1a: Ogerpon\n|-damage|p1a: Ogerpon|67/100\n|move|p1a: Ogerpon|Swords Dance|p1a: Ogerpon\n|-boost|p1a: Ogerpon|atk|2\n|\n|-heal|p1a: Ogerpon|72/100|[from] Grassy Terrain\n|-heal|p2a: Baxcalibur|195/295|[from] Grassy Terrain\n|-fieldend|move: Grassy Terrain\n|upkeep\n|turn|22\n|inactive|Time left: 300 sec this turn | 300 sec total\n|\n|t:|1783539415\n|move|p2a: Baxcalibur|Ice Shard|p1a: Ogerpon\n|-damage|p1a: Ogerpon|41/100\n|move|p1a: Ogerpon|Ivy Cudgel|p2a: Baxcalibur|[anim] Ivy Cudgel Fire\n|-crit|p2a: Baxcalibur\n|-damage|p2a: Baxcalibur|0 fnt\n|faint|p2a: Baxcalibur\n|\n|upkeep\n|inactive|Time left: 300 sec this turn | 300 sec total | 5 sec grace\n|\n|t:|1783539416\n|switch|p2a: Duraludon|Duraludon, L82, F|249/249\n|turn|23\n|inactive|Time left: 300 sec this turn | 300 sec total\n|\n|t:|1783539417\n|move|p1a: Ogerpon|Ivy Cudgel|p2a: Duraludon|[anim] Ivy Cudgel Fire\n|-damage|p2a: Duraludon|113/249\n|move|p2a: Duraludon|Draco Meteor|p1a: Ogerpon\n|-damage|p1a: Ogerpon|0 fnt\n|-unboost|p2a: Duraludon|spa|2\n|faint|p1a: Ogerpon\n|\n|upkeep\n|\n|t:|1783539418\n|switch|p1a: Houndoom|Houndoom, L87, M|100/100\n|turn|24\n|inactive|Time left: 300 sec this turn | 300 sec total\n|\n|t:|1783539419\n|switch|p2a: Hippowdon|Hippowdon, L82, M|311/311\n|-weather|Sandstorm|[from] ability: Sand Stream|[of] p2a: Hippowdon\n|move|p1a: Houndoom|Fire Blast|p2a: Hippowdon|[miss]\n|-miss|p1a: Houndoom|p2a: Hippowdon\n|\n|-weather|Sandstorm|[upkeep]\n|-damage|p1a: Houndoom|94/100|[from] Sandstorm\n|upkeep\n|turn|25\n|inactive|Time left: 300 sec this turn | 300 sec total\n|\n|t:|1783539420\n|switch|p1a: Kilowattrel|Kilowattrel, L83, M|100/100\n|move|p2a: Hippowdon|Earthquake|p1a: Kilowattrel\n|-immune|p1a: Kilowattrel\n|\n|-weather|Sandstorm|[upkeep]\n|-damage|p1a: Kilowattrel|95/100|[from] Sandstorm\n|upkeep\n|turn|26\n|inactive|Time left: 300 sec this turn | 300 sec total\n|\n|t:|1783539421\n|move|p1a: Kilowattrel|Hurricane|p2a: Hippowdon|[miss]\n|-miss|p1a: Kilowattrel|p2a: Hippowdon\n|move|p2a: Hippowdon|Stone Edge|p1a: Kilowattrel\n|-supereffective|p1a: Kilowattrel\n|-damage|p1a: Kilowattrel|14/100\n|\n|-weather|Sandstorm|[upkeep]\n|-damage|p1a: Kilowattrel|8/100|[from] Sandstorm\n|upkeep\n|turn|27\n|inactive|Time left: 300 sec this turn | 300 sec total\n|\n|t:|1783539422\n|move|p1a: Kilowattrel|Hurricane|p2a: Hippowdon|[miss]\n|-miss|p1a: Kilowattrel|p2a: Hippowdon\n|move|p2a: Hippowdon|Earthquake|p1a: Kilowattrel\n|-immune|p1a: Kilowattrel\n|\n|-weather|Sandstorm|[upkeep]\n|-damage|p1a: Kilowattrel|2/100|[from] Sandstorm\n|upkeep\n|turn|28\n|inactive|Time left: 300 sec this turn | 300 sec total\n|\n|t:|1783539423\n|move|p1a: Kilowattrel|Hurricane|p2a: Hippowdon\n|-damage|p2a: Hippowdon|157/311\n|move|p2a: Hippowdon|Earthquake|p1a: Kilowattrel\n|-immune|p1a: Kilowattrel\n|\n|-weather|none\n|-heal|p2a: Hippowdon|176/311|[from] item: Leftovers\n|upkeep\n|turn|29\n|inactive|Time left: 300 sec this turn | 300 sec total\n|\n|t:|1783539424\n|move|p1a: Kilowattrel|Hurricane|p2a: Hippowdon\n|-damage|p2a: Hippowdon|40/311\n|-start|p2a: Hippowdon|confusion\n|-activate|p2a: Hippowdon|confusion\n|-damage|p2a: Hippowdon|13/311|[from] confusion\n|\n|-heal|p2a: Hippowdon|32/311|[from] item: Leftovers\n|upkeep\n|turn|30\n|inactive|Time left: 300 sec this turn | 300 sec total\n|\n|t:|1783539425\n|switch|p2a: Tinkaton|Tinkaton, L82, F|274/274\n|-ability|p2a: Tinkaton|Mold Breaker\n|move|p1a: Kilowattrel|Roost|p1a: Kilowattrel\n|-heal|p1a: Kilowattrel|52/100\n|-singleturn|p1a: Kilowattrel|move: Roost\n|\n|upkeep\n|turn|31\n|inactive|Time left: 300 sec this turn | 300 sec total\n|\n|t:|1783539426\n|move|p1a: Kilowattrel|Roost|p1a: Kilowattrel\n|-heal|p1a: Kilowattrel|100/100\n|-singleturn|p1a: Kilowattrel|move: Roost\n|move|p2a: Tinkaton|Play Rough|p1a: Kilowattrel|[miss]\n|-miss|p2a: Tinkaton|p1a: Kilowattrel\n|\n|upkeep\n|turn|32\n|inactive|Time left: 300 sec this turn | 300 sec total\n|\n|t:|1783539427\n|switch|p1a: Houndoom|Houndoom, L87, M|94/100\n|move|p2a: Tinkaton|Play Rough|p1a: Houndoom\n|-damage|p1a: Houndoom|54/100\n|\n|upkeep\n|turn|33\n|inactive|Time left: 300 sec this turn | 300 sec total\n|\n|t:|1783539428\n|move|p1a: Houndoom|Fire Blast|p2a: Tinkaton\n|-supereffective|p2a: Tinkaton\n|-damage|p2a: Tinkaton|50/274\n|move|p2a: Tinkaton|Play Rough|p1a: Houndoom\n|-damage|p1a: Houndoom|17/100\n|\n|-heal|p2a: Tinkaton|67/274|[from] item: Leftovers\n|upkeep\n|turn|34\n|inactive|Time left: 300 sec this turn | 300 sec total\n|\n|t:|1783539430\n|move|p1a: Houndoom|Fire Blast|p2a: Tinkaton\n|-supereffective|p2a: Tinkaton\n|-damage|p2a: Tinkaton|0 fnt\n|faint|p2a: Tinkaton\n|\n|upkeep\n|inactive|Time left: 300 sec this turn | 300 sec total | 5 sec grace\n|\n|t:|1783539431\n|switch|p2a: Hippowdon|Hippowdon, L82, M|32/311\n|-weather|Sandstorm|[from] ability: Sand Stream|[of] p2a: Hippowdon\n|turn|35\n|inactive|Time left: 300 sec this turn | 300 sec total\n|\n|t:|1783539432\n|move|p1a: Houndoom|Dark Pulse|p2a: Hippowdon\n|-damage|p2a: Hippowdon|0 fnt\n|faint|p2a: Hippowdon\n|\n|-weather|Sandstorm|[upkeep]\n|-damage|p1a: Houndoom|11/100|[from] Sandstorm\n|upkeep\n|inactive|Time left: 300 sec this turn | 300 sec total | 5 sec grace\n|\n|t:|1783539433\n|switch|p2a: Duraludon|Duraludon, L82, F|113/249\n|turn|36\n|inactive|Time left: 300 sec this turn | 300 sec total\n|\n|t:|1783539434\n|switch|p2a: Okidogi|Okidogi, L77, M|79/262\n|move|p1a: Houndoom|Fire Blast|p2a: Okidogi\n|-damage|p2a: Okidogi|0 fnt\n|faint|p2a: Okidogi\n|\n|-weather|Sandstorm|[upkeep]\n|-damage|p1a: Houndoom|5/100|[from] Sandstorm\n|upkeep\n|inactive|Time left: 300 sec this turn | 300 sec total | 5 sec grace\n|\n|t:|1783539434\n|switch|p2a: Duraludon|Duraludon, L82, F|113/249\n|turn|37\n|inactive|Time left: 300 sec this turn | 300 sec total\n|\n|t:|1783539435\n|-terastallize|p1a: Houndoom|Fire\n|-terastallize|p2a: Duraludon|Fighting\n|move|p1a: Houndoom|Fire Blast|p2a: Duraludon\n|-damage|p2a: Duraludon|0 fnt\n|faint|p2a: Duraludon\n|\n|win|p0x018722d", "uploadtime": 1783539435, "views": 0, "rating": 0, "private": 0, "password": null, "_winner": "p0x018722d", "_our_name": "p0y01821b8"}