{"id": "battle-gen9randombattle-2442", "formatid": "gen9randombattle", "format": "[Gen 9] Random Battle", "players": ["p0x244221a3", "p0y24426328"], "log": "|init|battle\n|title|p0x244221a3 vs. p0y24426328\n|j|\u2606p0x244221a3\n|j|\u2606p0y24426328\n|t:|1783567345\n|gametype|singles\n|player|p1|p0x244221a3|1|\n|player|p2|p0y24426328|266|\n|gen|9\n|tier|[Gen 9] Random Battle\n|rule|Species Clause: Limit one of each Pok\u00e9mon\n|rule|HP Percentage Mod: HP is shown in percentages\n|rule|Sleep Clause Mod: Limit one foe put to sleep\n|rule|Illusion Level Mod: Illusion disguises the Pok\u00e9mon's true level\n|\n|t:|1783567345\n|teamsize|p1|6\n|teamsize|p2|6\n|start\n|switch|p1a: Ludicolo|Ludicolo, L90, F|100/100\n|switch|p2a: Brambleghast|Brambleghast, L88, M|240/240\n|turn|1\n|inactive|Battle timer is ON: inactive players will automatically lose when time's up. (requested by p0y24426328)\n|\n|t:|1783567346\n|move|p2a: Brambleghast|Power Whip|p1a: Ludicolo\n|-damage|p1a: Ludicolo|36/100\n|move|p1a: Ludicolo|Ice Beam|p2a: Brambleghast\n|-supereffective|p2a: Brambleghast\n|-damage|p2a: Brambleghast|35/240\n|-damage|p1a: Ludicolo|26/100|[from] item: Life Orb\n|\n|-heal|p2a: Brambleghast|50/240|[from] item: Leftovers\n|upkeep\n|turn|2\n|inactive|Time left: 300 sec this turn | 300 sec total\n|inactive|p0x244221a3 also wants the timer to be on.\n|\n|t:|1783567347\n|switch|p1a: Torkoal|Torkoal, L88, F|100/100\n|-weather|SunnyDay|[from] ability: Drought|[of] p1a: Torkoal\n|move|p2a: Brambleghast|Poltergeist|p1a: Torkoal\n|-activate|p1a: Torkoal|move: Poltergeist|Heavy-Duty Boots\n|-damage|p1a: Torkoal|62/100\n|\n|-weather|SunnyDay|[upkeep]\n|-heal|p2a: Brambleghast|65/240|[from] item: Leftovers\n|upkeep\n|turn|3\n|inactive|Time left: 300 sec this turn | 300 sec total\n|\n|t:|1783567348\n|move|p2a: Brambleghast|Poltergeist|p1a: Torkoal\n|-activate|p1a: Torkoal|move: Poltergeist|Heavy-Duty Boots\n|-damage|p1a: Torkoal|28/100\n|move|p1a: Torkoal|Fire Blast|p2a: Brambleghast\n|-supereffective|p2a: Brambleghast\n|-damage|p2a: Brambleghast|0 fnt\n|faint|p2a: Brambleghast\n|\n|-weather|SunnyDay|[upkeep]\n|upkeep\n|inactive|Time left: 300 sec this turn | 300 sec total | 5 sec grace\n|\n|t:|1783567349\n|switch|p2a: Porygon2|Porygon2, L81|270/270\n|-ability|p2a: Porygon2|Download|boost\n|-boost|p2a: Porygon2|spa|1\n|turn|4\n|inactive|Time left: 300 sec this turn | 300 sec total\n|\n|t:|1783567350\n|switch|p1a: Tinkaton|Tinkaton, L82, F|100/100\n|-ability|p1a: Tinkaton|Mold Breaker\n|move|p2a: Porygon2|Tri Attack|p1a: Tinkaton\n|-resisted|p1a: Tinkaton\n|-damage|p1a: Tinkaton|78/100\n|-status|p1a: Tinkaton|brn\n|\n|-weather|SunnyDay|[upkeep]\n|-heal|p1a: Tinkaton|84/100 brn|[from] item: Leftovers\n|-damage|p1a: Tinkaton|78/100 brn|[from] brn\n|upkeep\n|turn|5\n|inactive|Time left: 300 sec this turn | 300 sec total\n|\n|t:|1783567351\n|move|p1a: Tinkaton|Swords Dance|p1a: Tinkaton\n|-boost|p1a: Tinkaton|atk|2\n|move|p2a: Porygon2|Tri Attack|p1a: Tinkaton\n|-resisted|p1a: Tinkaton\n|-damage|p1a: Tinkaton|57/100 brn\n|\n|-weather|SunnyDay|[upkeep]\n|-heal|p1a: Tinkaton|64/100 brn|[from] item: Leftovers\n|-damage|p1a: Tinkaton|57/100 brn|[from] brn\n|upkeep\n|turn|6\n|inactive|Time left: 300 sec this turn | 300 sec total\n|\n|t:|1783567352\n|move|p1a: Tinkaton|Play Rough|p2a: Porygon2\n|-damage|p2a: Porygon2|220/270\n|-unboost|p2a: Porygon2|atk|1\n|move|p2a: Porygon2|Tri Attack|p1a: Tinkaton\n|-resisted|p1a: Tinkaton\n|-damage|p1a: Tinkaton|37/100 brn\n|\n|-weather|none\n|-heal|p1a: Tinkaton|43/100 brn|[from] item: Leftovers\n|-damage|p1a: Tinkaton|37/100 brn|[from] brn\n|upkeep\n|turn|7\n|inactive|Time left: 300 sec this turn | 300 sec total\n|\n|t:|1783567353\n|move|p1a: Tinkaton|Gigaton Hammer|p2a: Porygon2\n|-crit|p2a: Porygon2\n|-damage|p2a: Porygon2|77/270\n|move|p2a: Porygon2|Recover|p2a: Porygon2\n|-heal|p2a: Porygon2|212/270\n|\n|-heal|p1a: Tinkaton|43/100 brn|[from] item: Leftovers\n|-damage|p1a: Tinkaton|37/100 brn|[from] brn\n|upkeep\n|turn|8\n|inactive|Time left: 300 sec this turn | 300 sec total\n|\n|t:|1783567354\n|switch|p2a: Glastrier|Glastrier, L86|311/311\n|move|p1a: Tinkaton|Knock Off|p2a: Glastrier\n|-damage|p2a: Glastrier|271/311\n|-enditem|p2a: Glastrier|Choice Band|[from] move: Knock Off|[of] p1a: Tinkaton\n|\n|-heal|p1a: Tinkaton|43/100 brn|[from] item: Leftovers\n|-damage|p1a: Tinkaton|37/100 brn|[from] brn\n|upkeep\n|turn|9\n|inactive|Time left: 300 sec this turn | 300 sec total\n|\n|t:|1783567355\n|move|p1a: Tinkaton|Gigaton Hammer|p2a: Glastrier\n|-supereffective|p2a: Glastrier\n|-damage|p2a: Glastrier|81/311\n|move|p2a: Glastrier|High Horsepower|p1a: Tinkaton\n|-supereffective|p1a: Tinkaton\n|-damage|p1a: Tinkaton|0 fnt\n|faint|p1a: Tinkaton\n|-ability|p2a: Glastrier|Chilling Neigh|boost\n|-boost|p2a: Glastrier|atk|1\n|\n|upkeep\n|\n|t:|1783567356\n|switch|p1a: Ludicolo|Ludicolo, L90, F|26/100\n|turn|10\n|inactive|Time left: 300 sec this turn | 300 sec total\n|\n|t:|1783567357\n|move|p1a: Ludicolo|Giga Drain|p2a: Glastrier\n|-crit|p2a: Glastrier\n|-damage|p2a: Glastrier|0 fnt\n|-heal|p1a: Ludicolo|40/100|[from] drain|[of] p2a: Glastrier\n|faint|p2a: Glastrier\n|-damage|p1a: Ludicolo|30/100|[from] item: Life Orb\n|\n|upkeep\n|inactive|Time left: 300 sec this turn | 300 sec total | 5 sec grace\n|\n|t:|1783567358\n|switch|p2a: Porygon2|Porygon2, L81|212/270\n|-ability|p2a: Porygon2|Download|boost\n|-boost|p2a: Porygon2|atk|1\n|turn|11\n|inactive|Time left: 300 sec this turn | 300 sec total\n|\n|t:|1783567359\n|move|p1a: Ludicolo|Hydro Pump|p2a: Porygon2|[miss]\n|-miss|p1a: Ludicolo|p2a: Porygon2\n|move|p2a: Porygon2|Tri Attack|p1a: Ludicolo\n|-damage|p1a: Ludicolo|5/100\n|\n|upkeep\n|turn|12\n|inactive|Time left: 300 sec this turn | 300 sec total\n|\n|t:|1783567360\n|switch|p1a: Drednaw|Drednaw, L81, F|100/100\n|move|p2a: Porygon2|Tri Attack|p1a: Drednaw\n|-resisted|p1a: Drednaw\n|-damage|p1a: Drednaw|82/100\n|\n|upkeep\n|turn|13\n|inactive|Time left: 300 sec this turn | 300 sec total\n|\n|t:|1783567361\n|move|p1a: Drednaw|Shell Smash|p1a: Drednaw\n|-unboost|p1a: Drednaw|def|1\n|-unboost|p1a: Drednaw|spd|1\n|-boost|p1a: Drednaw|atk|2\n|-boost|p1a: Drednaw|spa|2\n|-boost|p1a: Drednaw|spe|2\n|-enditem|p1a: Drednaw|White Herb\n|-clearnegativeboost|p1a: Drednaw|[silent]\n|move|p2a: Porygon2|Discharge|p1a: Drednaw\n|-supereffective|p1a: Drednaw\n|-damage|p1a: Drednaw|33/100\n|\n|upkeep\n|turn|14\n|inactive|Time left: 300 sec this turn | 300 sec total\n|\n|t:|1783567362\n|move|p1a: Drednaw|Stone Edge|p2a: Porygon2\n|-damage|p2a: Porygon2|61/270\n|move|p2a: Porygon2|Discharge|p1a: Drednaw\n|-supereffective|p1a: Drednaw\n|-damage|p1a: Drednaw|0 fnt\n|faint|p1a: Drednaw\n|\n|upkeep\n|\n|t:|1783567363\n|switch|p1a: Dragapult|Dragapult, L77, F|100/100\n|turn|15\n|inactive|Time left: 300 sec this turn | 300 sec total\n|\n|t:|1783567364\n|move|p1a: Dragapult|Draco Meteor|p2a: Porygon2\n|-damage|p2a: Porygon2|0 fnt\n|-unboost|p1a: Dragapult|spa|2\n|faint|p2a: Porygon2\n|\n|upkeep\n|inactive|Time left: 300 sec this turn | 300 sec total | 5 sec grace\n|\n|t:|1783567365\n|switch|p2a: Zapdos|Zapdos-Galar, L77|265/265\n|turn|16\n|inactive|Time left: 300 sec this turn | 300 sec total\n|\n|t:|1783567365\n|switch|p1a: Ludicolo|Ludicolo, L90, F|5/100\n|move|p2a: Zapdos|Knock Off|p1a: Ludicolo\n|-damage|p1a: Ludicolo|0 fnt\n|-enditem|p1a: Ludicolo|Life Orb|[from] move: Knock Off|[of] p2a: Zapdos\n|faint|p1a: Ludicolo\n|\n|upkeep\n|\n|t:|1783567366\n|switch|p1a: Torkoal|Torkoal, L88, F|28/100\n|-weather|SunnyDay|[from] ability: Drought|[of] p1a: Torkoal\n|turn|17\n|inactive|Time left: 300 sec this turn | 300 sec total\n|\n|t:|1783567367\n|move|p2a: Zapdos|Knock Off|p1a: Torkoal\n|-damage|p1a: Torkoal|11/100\n|-enditem|p1a: Torkoal|Heavy-Duty Boots|[from] move: Knock Off|[of] p2a: Zapdos\n|move|p1a: Torkoal|Fire Blast|p2a: Zapdos|[miss]\n|-miss|p1a: Torkoal|p2a: Zapdos\n|\n|-weather|SunnyDay|[upkeep]\n|upkeep\n|turn|18\n|inactive|Time left: 300 sec this turn | 300 sec total\n|\n|t:|1783567368\n|switch|p1a: Illumise|Illumise, L91, F|100/100\n|move|p2a: Zapdos|Knock Off|p1a: Illumise\n|-damage|p1a: Illumise|73/100\n|-enditem|p1a: Illumise|Heavy-Duty Boots|[from] move: Knock Off|[of] p2a: Zapdos\n|\n|-weather|SunnyDay|[upkeep]\n|upkeep\n|turn|19\n|inactive|Time left: 300 sec this turn | 300 sec total\n|\n|t:|1783567369\n|move|p1a: Illumise|Thunder Wave|p2a: Zapdos\n|-status|p2a: Zapdos|par\n|move|p2a: Zapdos|Knock Off|p1a: Illumise\n|-damage|p1a: Illumise|55/100\n|\n|-weather|SunnyDay|[upkeep]\n|upkeep\n|turn|20\n|inactive|Time left: 300 sec this turn | 300 sec total\n|\n|t:|1783567370\n|move|p1a: Illumise|Roost|p1a: Illumise\n|-heal|p1a: Illumise|100/100\n|-singleturn|p1a: Illumise|move: Roost\n|cant|p2a: Zapdos|par\n|\n|-weather|SunnyDay|[upkeep]\n|upkeep\n|turn|21\n|inactive|Time left: 300 sec this turn | 300 sec total\n|\n|t:|1783567371\n|move|p1a: Illumise|Thunder Wave|p2a: Zapdos\n|-fail|p2a: Zapdos|par\n|cant|p2a: Zapdos|par\n|\n|-weather|none\n|upkeep\n|turn|22\n|inactive|Time left: 300 sec this turn | 300 sec total\n|\n|t:|1783567372\n|move|p1a: Illumise|Bug Buzz|p2a: Zapdos\n|-resisted|p2a: Zapdos\n|-damage|p2a: Zapdos|240/265 par\n|cant|p2a: Zapdos|par\n|\n|upkeep\n|turn|23\n|inactive|Time left: 300 sec this turn | 300 sec total\n|\n|t:|1783567373\n|switch|p1a: Torkoal|Torkoal, L88, F|11/100\n|-weather|SunnyDay|[from] ability: Drought|[of] p1a: Torkoal\n|cant|p2a: Zapdos|par\n|\n|-weather|SunnyDay|[upkeep]\n|upkeep\n|turn|24\n|inactive|Time left: 300 sec this turn | 300 sec total\n|\n|t:|1783567374\n|move|p2a: Zapdos|Knock Off|p1a: Torkoal\n|-damage|p1a: Torkoal|0 fnt\n|faint|p1a: Torkoal\n|\n|-weather|SunnyDay|[upkeep]\n|upkeep\n|\n|t:|1783567375\n|switch|p1a: Dragapult|Dragapult, L77, F|100/100\n|turn|25\n|inactive|Time left: 300 sec this turn | 300 sec total\n|\n|t:|1783567376\n|-terastallize|p1a: Dragapult|Fire\n|move|p1a: Dragapult|Fire Blast|p2a: Zapdos\n|-damage|p2a: Zapdos|11/265 par\n|move|p2a: Zapdos|Knock Off|p1a: Dragapult\n|-damage|p1a: Dragapult|67/100\n|-enditem|p1a: Dragapult|Choice Specs|[from] move: Knock Off|[of] p2a: Zapdos\n|\n|-weather|SunnyDay|[upkeep]\n|upkeep\n|turn|26\n|inactive|Time left: 300 sec this turn | 300 sec total\n|\n|t:|1783567377\n|move|p1a: Dragapult|Fire Blast|p2a: Zapdos\n|-damage|p2a: Zapdos|0 fnt\n|faint|p2a: Zapdos\n|\n|-weather|SunnyDay|[upkeep]\n|upkeep\n|inactive|Time left: 300 sec this turn | 300 sec total | 5 sec grace\n|\n|t:|1783567378\n|switch|p2a: Delphox|Delphox, L84, F|263/263\n|turn|27\n|inactive|Time left: 300 sec this turn | 300 sec total\n|\n|t:|1783567378\n|move|p2a: Delphox|Fire Blast|p1a: Dragapult\n|-resisted|p1a: Dragapult\n|-damage|p1a: Dragapult|23/100\n|move|p1a: Dragapult|Shadow Ball|p2a: Delphox\n|-supereffective|p2a: Delphox\n|-damage|p2a: Delphox|123/263\n|-unboost|p2a: Delphox|spd|1\n|\n|-weather|none\n|upkeep\n|turn|28\n|inactive|Time left: 300 sec this turn | 300 sec total\n|\n|t:|1783567379\n|-terastallize|p2a: Delphox|Fire\n|move|p2a: Delphox|Fire Blast|p1a: Dragapult\n|-resisted|p1a: Dragapult\n|-crit|p1a: Dragapult\n|-damage|p1a: Dragapult|0 fnt\n|faint|p1a: Dragapult\n|\n|upkeep\n|\n|t:|1783567380\n|switch|p1a: Illumise|Illumise, L91, F|100/100\n|turn|29\n|inactive|Time left: 300 sec this turn | 300 sec total\n|\n|t:|1783567381\n|move|p1a: Illumise|Thunder Wave|p2a: Delphox|[miss]\n|-miss|p1a: Illumise|p2a: Delphox\n|move|p2a: Delphox|Fire Blast|p1a: Illumise|[miss]\n|-miss|p2a: Delphox|p1a: Illumise\n|\n|upkeep\n|turn|30\n|inactive|Time left: 300 sec this turn | 300 sec total\n|\n|t:|1783567382\n|move|p1a: Illumise|Thunder Wave|p2a: Delphox\n|-status|p2a: Delphox|par\n|move|p2a: Delphox|Fire Blast|p1a: Illumise|[miss]\n|-miss|p2a: Delphox|p1a: Illumise\n|\n|upkeep\n|turn|31\n|inactive|Time left: 300 sec this turn | 300 sec total\n|\n|t:|1783567383\n|move|p1a: Illumise|Bug Buzz|p2a: Delphox\n|-resisted|p2a: Delphox\n|-damage|p2a: Delphox|66/263 par\n|-unboost|p2a: Delphox|spd|1\n|move|p2a: Delphox|Fire Blast|p1a: Illumise\n|-supereffective|p1a: Illumise\n|-damage|p1a: Illumise|0 fnt\n|faint|p1a: Illumise\n|\n|win|p0y24426328", "uploadtime": 1783567383, "views": 0, "rating": 0, "private": 0, "password": null, "_winner": "p0y24426328", "_our_name": "p0y24426328"}