{"id": "battle-gen9randombattle-1079", "formatid": "gen9randombattle", "format": "[Gen 9] Random Battle", "players": ["p0x10794228", "p0y107980ef"], "log": "|init|battle\n|title|p0x10794228 vs. p0y107980ef\n|j|\u2606p0x10794228\n|j|\u2606p0y107980ef\n|t:|1783552420\n|gametype|singles\n|player|p1|p0x10794228|170|\n|player|p2|p0y107980ef|101|\n|gen|9\n|tier|[Gen 9] Random Battle\n|rule|Species Clause: Limit one of each Pok\u00e9mon\n|rule|HP Percentage Mod: HP is shown in percentages\n|rule|Sleep Clause Mod: Limit one foe put to sleep\n|rule|Illusion Level Mod: Illusion disguises the Pok\u00e9mon's true level\n|\n|t:|1783552420\n|teamsize|p1|6\n|teamsize|p2|6\n|start\n|switch|p1a: Palafin|Palafin, L77, M|281/281\n|switch|p2a: Azumarill|Azumarill, L82, F|100/100\n|turn|1\n|inactive|Battle timer is ON: inactive players will automatically lose when time's up. (requested by p0x10794228)\n|inactive|p0y107980ef also wants the timer to be on.\n|\n|t:|1783552422\n|detailschange|p1a: Palafin|Palafin-Hero, L77, M\n|switch|p1a: Rillaboom|Rillaboom, L79, M|288/288\n|-fieldstart|move: Grassy Terrain|[from] ability: Grassy Surge|[of] p1a: Rillaboom\n|move|p2a: Azumarill|Play Rough|p1a: Rillaboom\n|-damage|p1a: Rillaboom|173/288\n|\n|-heal|p1a: Rillaboom|191/288|[from] Grassy Terrain\n|upkeep\n|turn|2\n|inactive|Time left: 300 sec this turn | 300 sec total\n|\n|t:|1783552424\n|switch|p2a: Jirachi|Jirachi, L80|100/100\n|move|p1a: Rillaboom|Wood Hammer|p2a: Jirachi\n|-resisted|p2a: Jirachi\n|-damage|p2a: Jirachi|60/100\n|-damage|p1a: Rillaboom|152/288|[from] Recoil\n|\n|-heal|p2a: Jirachi|66/100|[from] Grassy Terrain\n|-heal|p2a: Jirachi|73/100|[from] item: Leftovers\n|-heal|p1a: Rillaboom|170/288|[from] Grassy Terrain\n|upkeep\n|turn|3\n|inactive|Time left: 300 sec this turn | 300 sec total\n|\n|t:|1783552425\n|move|p2a: Jirachi|Stealth Rock|p1a: Rillaboom\n|-sidestart|p1: p0x10794228|move: Stealth Rock\n|move|p1a: Rillaboom|Wood Hammer|p2a: Jirachi\n|-resisted|p2a: Jirachi\n|-damage|p2a: Jirachi|30/100\n|-damage|p1a: Rillaboom|129/288|[from] Recoil\n|\n|-heal|p2a: Jirachi|36/100|[from] Grassy Terrain\n|-heal|p2a: Jirachi|42/100|[from] item: Leftovers\n|-heal|p1a: Rillaboom|147/288|[from] Grassy Terrain\n|upkeep\n|turn|4\n|inactive|Time left: 300 sec this turn | 300 sec total\n|\n|t:|1783552426\n|move|p2a: Jirachi|Iron Head|p1a: Rillaboom\n|-damage|p1a: Rillaboom|57/288\n|cant|p1a: Rillaboom|flinch\n|\n|-heal|p2a: Jirachi|49/100|[from] Grassy Terrain\n|-heal|p2a: Jirachi|55/100|[from] item: Leftovers\n|-heal|p1a: Rillaboom|75/288|[from] Grassy Terrain\n|upkeep\n|turn|5\n|inactive|Time left: 300 sec this turn | 300 sec total\n|\n|t:|1783552427\n|switch|p1a: Araquanid|Araquanid, L82, M|246/246\n|move|p2a: Jirachi|Body Slam|p1a: Araquanid\n|-damage|p1a: Araquanid|191/246\n|-status|p1a: Araquanid|par\n|\n|-heal|p2a: Jirachi|61/100|[from] Grassy Terrain\n|-heal|p2a: Jirachi|67/100|[from] item: Leftovers\n|-heal|p1a: Araquanid|206/246 par|[from] Grassy Terrain\n|-fieldend|move: Grassy Terrain\n|upkeep\n|turn|6\n|inactive|Time left: 300 sec this turn | 300 sec total\n|\n|t:|1783552428\n|move|p2a: Jirachi|Iron Head|p1a: Araquanid\n|-resisted|p1a: Araquanid\n|-crit|p1a: Araquanid\n|-damage|p1a: Araquanid|152/246 par\n|cant|p1a: Araquanid|flinch\n|\n|-heal|p2a: Jirachi|73/100|[from] item: Leftovers\n|upkeep\n|turn|7\n|inactive|Time left: 300 sec this turn | 300 sec total\n|\n|t:|1783552430\n|move|p2a: Jirachi|Iron Head|p1a: Araquanid\n|-resisted|p1a: Araquanid\n|-damage|p1a: Araquanid|115/246 par\n|cant|p1a: Araquanid|par\n|\n|-heal|p2a: Jirachi|80/100|[from] item: Leftovers\n|upkeep\n|turn|8\n|inactive|Time left: 300 sec this turn | 300 sec total\n|\n|t:|1783552431\n|move|p2a: Jirachi|Iron Head|p1a: Araquanid\n|-resisted|p1a: Araquanid\n|-damage|p1a: Araquanid|76/246 par\n|cant|p1a: Araquanid|par\n|\n|-heal|p2a: Jirachi|86/100|[from] item: Leftovers\n|upkeep\n|turn|9\n|inactive|Time left: 300 sec this turn | 300 sec total\n|\n|t:|1783552432\n|move|p2a: Jirachi|Iron Head|p1a: Araquanid\n|-resisted|p1a: Araquanid\n|-crit|p1a: Araquanid\n|-damage|p1a: Araquanid|22/246 par\n|cant|p1a: Araquanid|flinch\n|\n|-heal|p2a: Jirachi|92/100|[from] item: Leftovers\n|upkeep\n|turn|10\n|inactive|Time left: 300 sec this turn | 300 sec total\n|\n|t:|1783552434\n|move|p2a: Jirachi|Iron Head|p1a: Araquanid\n|-resisted|p1a: Araquanid\n|-crit|p1a: Araquanid\n|-damage|p1a: Araquanid|0 fnt\n|faint|p1a: Araquanid\n|\n|-heal|p2a: Jirachi|98/100|[from] item: Leftovers\n|upkeep\n|inactive|Time left: 300 sec this turn | 300 sec total | 5 sec grace\n|\n|t:|1783552435\n|switch|p1a: Spectrier|Spectrier, L75|274/274\n|-damage|p1a: Spectrier|240/274|[from] Stealth Rock\n|turn|11\n|inactive|Time left: 300 sec this turn | 300 sec total\n|\n|t:|1783552436\n|switch|p2a: Krookodile|Krookodile, L79, M|100/100\n|-ability|p2a: Krookodile|Intimidate|boost\n|-unboost|p1a: Spectrier|atk|1\n|move|p1a: Spectrier|Shadow Ball|p2a: Krookodile\n|-resisted|p2a: Krookodile\n|-damage|p2a: Krookodile|75/100\n|-damage|p1a: Spectrier|213/274|[from] item: Life Orb\n|\n|-heal|p2a: Krookodile|81/100|[from] item: Leftovers\n|upkeep\n|turn|12\n|inactive|Time left: 300 sec this turn | 300 sec total\n|\n|t:|1783552437\n|move|p1a: Spectrier|Will-O-Wisp|p2a: Krookodile\n|-status|p2a: Krookodile|brn\n|move|p2a: Krookodile|Knock Off|p1a: Spectrier\n|-supereffective|p1a: Spectrier\n|-damage|p1a: Spectrier|56/274\n|-enditem|p1a: Spectrier|Life Orb|[from] move: Knock Off|[of] p2a: Krookodile\n|\n|-heal|p2a: Krookodile|87/100 brn|[from] item: Leftovers\n|-damage|p2a: Krookodile|81/100 brn|[from] brn\n|upkeep\n|turn|13\n|inactive|Time left: 300 sec this turn | 300 sec total\n|\n|t:|1783552438\n|move|p1a: Spectrier|Tera Blast|p2a: Krookodile\n|-damage|p2a: Krookodile|54/100 brn\n|move|p2a: Krookodile|Bulk Up|p2a: Krookodile\n|-boost|p2a: Krookodile|atk|1\n|-boost|p2a: Krookodile|def|1\n|\n|-heal|p2a: Krookodile|60/100 brn|[from] item: Leftovers\n|-damage|p2a: Krookodile|54/100 brn|[from] brn\n|upkeep\n|turn|14\n|inactive|Time left: 300 sec this turn | 300 sec total\n|\n|t:|1783552439\n|move|p1a: Spectrier|Tera Blast|p2a: Krookodile\n|-damage|p2a: Krookodile|25/100 brn\n|move|p2a: Krookodile|Earthquake|p1a: Spectrier\n|-damage|p1a: Spectrier|0 fnt\n|faint|p1a: Spectrier\n|\n|-heal|p2a: Krookodile|31/100 brn|[from] item: Leftovers\n|-damage|p2a: Krookodile|25/100 brn|[from] brn\n|upkeep\n|inactive|Time left: 300 sec this turn | 300 sec total | 5 sec grace\n|\n|t:|1783552441\n|switch|p1a: Palafin|Palafin-Hero, L77, M|281/281\n|-damage|p1a: Palafin|246/281|[from] Stealth Rock\n|-activate|p1a: Palafin|ability: Zero to Hero\n|turn|15\n|inactive|Time left: 300 sec this turn | 300 sec total\n|\n|t:|1783552442\n|move|p1a: Palafin|Wave Crash|p2a: Krookodile\n|-supereffective|p2a: Krookodile\n|-crit|p2a: Krookodile\n|-damage|p2a: Krookodile|0 fnt\n|faint|p2a: Krookodile\n|-damage|p1a: Palafin|224/281|[from] Recoil\n|\n|upkeep\n|\n|t:|1783552443\n|switch|p2a: Rotom|Rotom-Mow, L87|100/100\n|turn|16\n|inactive|Time left: 300 sec this turn | 300 sec total\n|\n|t:|1783552444\n|switch|p1a: Reshiram|Reshiram, L76|277/277\n|-ability|p1a: Reshiram|Turboblaze\n|move|p2a: Rotom|Thunderbolt|p1a: Reshiram\n|-resisted|p1a: Reshiram\n|-damage|p1a: Reshiram|229/277\n|\n|upkeep\n|turn|17\n|inactive|Time left: 300 sec this turn | 300 sec total\n|\n|t:|1783552445\n|switch|p2a: Urshifu|Urshifu-Rapid-Strike, L75, M|100/100\n|move|p1a: Reshiram|Dragon Dance|p1a: Reshiram\n|-boost|p1a: Reshiram|atk|1\n|-boost|p1a: Reshiram|spe|1\n|\n|upkeep\n|turn|18\n|inactive|Time left: 300 sec this turn | 300 sec total\n|\n|t:|1783552446\n|move|p1a: Reshiram|Outrage|p2a: Urshifu\n|-damage|p2a: Urshifu|34/100\n|move|p2a: Urshifu|Close Combat|p1a: Reshiram\n|-damage|p1a: Reshiram|25/277\n|-unboost|p2a: Urshifu|def|1\n|-unboost|p2a: Urshifu|spd|1\n|\n|upkeep\n|turn|19\n|inactive|Time left: 300 sec this turn | 300 sec total\n|\n|t:|1783552447\n|switch|p2a: Azumarill|Azumarill, L82, F|100/100\n|move|p1a: Reshiram|Outrage|p2a: Azumarill|[from] lockedmove\n|-immune|p2a: Azumarill\n|-start|p1a: Reshiram|confusion|[fatigue]\n|\n|upkeep\n|turn|20\n|inactive|Time left: 300 sec this turn | 300 sec total\n|\n|t:|1783552448\n|switch|p1a: Tsareena|Tsareena, L87, F|267/267\n|-damage|p1a: Tsareena|234/267|[from] Stealth Rock\n|move|p2a: Azumarill|Liquidation|p1a: Tsareena\n|-resisted|p1a: Tsareena\n|-damage|p1a: Tsareena|188/267\n|-unboost|p1a: Tsareena|def|1\n|\n|upkeep\n|turn|21\n|inactive|Time left: 300 sec this turn | 300 sec total\n|\n|t:|1783552449\n|switch|p2a: Jirachi|Jirachi, L80|98/100\n|move|p1a: Tsareena|Power Whip|p2a: Jirachi\n|-resisted|p2a: Jirachi\n|-damage|p2a: Jirachi|73/100\n|\n|-heal|p2a: Jirachi|79/100|[from] item: Leftovers\n|upkeep\n|turn|22\n|inactive|Time left: 300 sec this turn | 300 sec total\n|\n|t:|1783552451\n|move|p2a: Jirachi|Body Slam|p1a: Tsareena\n|-damage|p1a: Tsareena|115/267\n|-status|p1a: Tsareena|par\n|move|p1a: Tsareena|Rapid Spin|p2a: Jirachi\n|-resisted|p2a: Jirachi\n|-damage|p2a: Jirachi|71/100\n|-boost|p1a: Tsareena|spe|1\n|-sideend|p1: p0x10794228|Stealth Rock|[from] move: Rapid Spin|[of] p1a: Tsareena\n|\n|-heal|p2a: Jirachi|77/100|[from] item: Leftovers\n|upkeep\n|turn|23\n|inactive|Time left: 300 sec this turn | 300 sec total\n|\n|t:|1783552452\n|move|p2a: Jirachi|Drain Punch|p1a: Tsareena\n|-damage|p1a: Tsareena|48/267 par\n|-heal|p2a: Jirachi|89/100|[from] drain|[of] p1a: Tsareena\n|move|p1a: Tsareena|Knock Off|p2a: Jirachi\n|-supereffective|p2a: Jirachi\n|-damage|p2a: Jirachi|33/100\n|-enditem|p2a: Jirachi|Leftovers|[from] move: Knock Off|[of] p1a: Tsareena\n|\n|upkeep\n|turn|24\n|inactive|Time left: 300 sec this turn | 300 sec total\n|\n|t:|1783552453\n|switch|p1a: Palafin|Palafin-Hero, L77, M|224/281\n|move|p2a: Jirachi|Drain Punch|p1a: Palafin\n|-damage|p1a: Palafin|176/281\n|-heal|p2a: Jirachi|41/100|[from] drain|[of] p1a: Palafin\n|\n|upkeep\n|turn|25\n|inactive|Time left: 300 sec this turn | 300 sec total\n|\n|t:|1783552455\n|move|p1a: Palafin|Jet Punch|p2a: Jirachi\n|-damage|p2a: Jirachi|4/100\n|move|p2a: Jirachi|Iron Head|p1a: Palafin\n|-resisted|p1a: Palafin\n|-damage|p1a: Palafin|137/281\n|\n|upkeep\n|turn|26\n|inactive|Time left: 300 sec this turn | 300 sec total\n|\n|t:|1783552456\n|switch|p2a: Rotom|Rotom-Mow, L87|100/100\n|move|p1a: Palafin|Jet Punch|p2a: Rotom\n|-resisted|p2a: Rotom\n|-damage|p2a: Rotom|80/100\n|\n|-heal|p2a: Rotom|86/100|[from] item: Leftovers\n|upkeep\n|turn|27\n|inactive|Time left: 300 sec this turn | 300 sec total\n|\n|t:|1783552456\n|switch|p1a: Tsareena|Tsareena, L87, F|48/267 par\n|move|p2a: Rotom|Nasty Plot|p2a: Rotom\n|-boost|p2a: Rotom|spa|2\n|\n|-heal|p2a: Rotom|92/100|[from] item: Leftovers\n|upkeep\n|turn|28\n|inactive|Time left: 300 sec this turn | 300 sec total\n|\n|t:|1783552457\n|move|p2a: Rotom|Thunderbolt|p1a: Tsareena\n|-resisted|p1a: Tsareena\n|-damage|p1a: Tsareena|0 fnt\n|faint|p1a: Tsareena\n|\n|-heal|p2a: Rotom|98/100|[from] item: Leftovers\n|upkeep\n|inactive|Time left: 300 sec this turn | 300 sec total | 5 sec grace\n|\n|t:|1783552458\n|switch|p1a: Rillaboom|Rillaboom, L79, M|75/288\n|-fieldstart|move: Grassy Terrain|[from] ability: Grassy Surge|[of] p1a: Rillaboom\n|turn|29\n|inactive|Time left: 300 sec this turn | 300 sec total\n|\n|t:|1783552459\n|move|p1a: Rillaboom|Grassy Glide|p2a: Rotom\n|-resisted|p2a: Rotom\n|-damage|p2a: Rotom|77/100\n|move|p2a: Rotom|Thunderbolt|p1a: Rillaboom\n|-resisted|p1a: Rillaboom\n|-damage|p1a: Rillaboom|0 fnt\n|faint|p1a: Rillaboom\n|\n|-heal|p2a: Rotom|83/100|[from] item: Leftovers\n|upkeep\n|inactive|Time left: 300 sec this turn | 300 sec total | 5 sec grace\n|\n|t:|1783552460\n|switch|p1a: Reshiram|Reshiram, L76|25/277\n|-ability|p1a: Reshiram|Turboblaze\n|turn|30\n|inactive|Time left: 300 sec this turn | 300 sec total\n|\n|t:|1783552461\n|move|p2a: Rotom|Thunderbolt|p1a: Reshiram\n|-resisted|p1a: Reshiram\n|-damage|p1a: Reshiram|0 fnt\n|faint|p1a: Reshiram\n|\n|-heal|p2a: Rotom|89/100|[from] item: Leftovers\n|upkeep\n|inactive|Time left: 300 sec this turn | 300 sec total | 5 sec grace\n|\n|t:|1783552462\n|switch|p1a: Palafin|Palafin-Hero, L77, M|137/281\n|turn|31\n|inactive|Time left: 300 sec this turn | 300 sec total\n|\n|t:|1783552463\n|move|p1a: Palafin|Wave Crash|p2a: Rotom\n|-resisted|p2a: Rotom\n|-damage|p2a: Rotom|43/100\n|-damage|p1a: Palafin|102/281|[from] Recoil\n|move|p2a: Rotom|Thunderbolt|p1a: Palafin\n|-supereffective|p1a: Palafin\n|-damage|p1a: Palafin|0 fnt\n|faint|p1a: Palafin\n|\n|win|p0y107980ef", "uploadtime": 1783552463, "views": 0, "rating": 0, "private": 0, "password": null, "_winner": "p0y107980ef", "_our_name": "p0x10794228"}