{"id": "battle-gen9randombattle-536", "formatid": "gen9randombattle", "format": "[Gen 9] Random Battle", "players": ["p0x5361e78", "p0y536166a"], "log": "|init|battle\n|title|p0x5361e78 vs. p0y536166a\n|j|\u2606p0x5361e78\n|j|\u2606p0y536166a\n|t:|1783545274\n|gametype|singles\n|player|p1|p0x5361e78|266|\n|player|p2|p0y536166a|169|\n|gen|9\n|tier|[Gen 9] Random Battle\n|rule|Species Clause: Limit one of each Pok\u00e9mon\n|rule|HP Percentage Mod: HP is shown in percentages\n|rule|Sleep Clause Mod: Limit one foe put to sleep\n|rule|Illusion Level Mod: Illusion disguises the Pok\u00e9mon's true level\n|\n|t:|1783545274\n|teamsize|p1|6\n|teamsize|p2|6\n|start\n|switch|p1a: Wigglytuff|Wigglytuff, L96, M|100/100\n|switch|p2a: Diancie|Diancie, L82|216/216\n|turn|1\n|inactive|Battle timer is ON: inactive players will automatically lose when time's up. (requested by p0y536166a)\n|inactive|p0x5361e78 also wants the timer to be on.\n|\n|t:|1783545276\n|move|p1a: Wigglytuff|Dazzling Gleam|p2a: Diancie\n|-damage|p2a: Diancie|153/216\n|move|p2a: Diancie|Calm Mind|p2a: Diancie\n|-boost|p2a: Diancie|spa|1\n|-boost|p2a: Diancie|spd|1\n|\n|-heal|p2a: Diancie|166/216|[from] item: Leftovers\n|upkeep\n|turn|2\n|inactive|Time left: 300 sec this turn | 300 sec total\n|\n|t:|1783545277\n|move|p1a: Wigglytuff|Dazzling Gleam|p2a: Diancie\n|-damage|p2a: Diancie|123/216\n|move|p2a: Diancie|Draining Kiss|p1a: Wigglytuff\n|-damage|p1a: Wigglytuff|77/100\n|-heal|p2a: Diancie|197/216|[from] drain|[of] p1a: Wigglytuff\n|\n|-heal|p1a: Wigglytuff|83/100|[from] item: Leftovers\n|-heal|p2a: Diancie|210/216|[from] item: Leftovers\n|upkeep\n|turn|3\n|inactive|Time left: 300 sec this turn | 300 sec total\n|\n|t:|1783545278\n|move|p1a: Wigglytuff|Wish|p1a: Wigglytuff\n|move|p2a: Diancie|Diamond Storm|p1a: Wigglytuff\n|-damage|p1a: Wigglytuff|49/100\n|\n|-heal|p1a: Wigglytuff|55/100|[from] item: Leftovers\n|-heal|p2a: Diancie|216/216|[from] item: Leftovers\n|upkeep\n|turn|4\n|inactive|Time left: 300 sec this turn | 300 sec total\n|\n|t:|1783545279\n|move|p1a: Wigglytuff|Dazzling Gleam|p2a: Diancie\n|-crit|p2a: Diancie\n|-damage|p2a: Diancie|110/216\n|move|p2a: Diancie|Calm Mind|p2a: Diancie\n|-boost|p2a: Diancie|spa|1\n|-boost|p2a: Diancie|spd|1\n|\n|-heal|p1a: Wigglytuff|100/100|[from] move: Wish|[wisher] Wigglytuff\n|-heal|p2a: Diancie|123/216|[from] item: Leftovers\n|upkeep\n|turn|5\n|inactive|Time left: 300 sec this turn | 300 sec total\n|\n|t:|1783545280\n|switch|p1a: Zamazenta|Zamazenta-Crowned, L68|100/100\n|-ability|p1a: Zamazenta|Dauntless Shield|boost\n|-boost|p1a: Zamazenta|def|1\n|move|p2a: Diancie|Draining Kiss|p1a: Zamazenta\n|-damage|p1a: Zamazenta|64/100\n|-heal|p2a: Diancie|188/216|[from] drain|[of] p1a: Zamazenta\n|\n|-heal|p2a: Diancie|201/216|[from] item: Leftovers\n|upkeep\n|turn|6\n|inactive|Time left: 300 sec this turn | 300 sec total\n|\n|t:|1783545281\n|-terastallize|p2a: Diancie|Water\n|move|p1a: Zamazenta|Heavy Slam|p2a: Diancie\n|-resisted|p2a: Diancie\n|-damage|p2a: Diancie|165/216\n|move|p2a: Diancie|Earth Power|p1a: Zamazenta\n|-supereffective|p1a: Zamazenta\n|-damage|p1a: Zamazenta|0 fnt\n|faint|p1a: Zamazenta\n|\n|-heal|p2a: Diancie|178/216|[from] item: Leftovers\n|upkeep\n|\n|t:|1783545282\n|switch|p1a: Wigglytuff|Wigglytuff, L96, M|100/100\n|turn|7\n|inactive|Time left: 300 sec this turn | 300 sec total\n|\n|t:|1783545283\n|move|p1a: Wigglytuff|Wish|p1a: Wigglytuff\n|move|p2a: Diancie|Draining Kiss|p1a: Wigglytuff\n|-damage|p1a: Wigglytuff|66/100\n|-heal|p2a: Diancie|216/216|[from] drain|[of] p1a: Wigglytuff\n|\n|-heal|p1a: Wigglytuff|72/100|[from] item: Leftovers\n|upkeep\n|turn|8\n|inactive|Time left: 300 sec this turn | 300 sec total\n|\n|t:|1783545283\n|move|p1a: Wigglytuff|Fire Blast|p2a: Diancie\n|-resisted|p2a: Diancie\n|-damage|p2a: Diancie|201/216\n|move|p2a: Diancie|Calm Mind|p2a: Diancie\n|-boost|p2a: Diancie|spa|1\n|-boost|p2a: Diancie|spd|1\n|\n|-heal|p1a: Wigglytuff|100/100|[from] move: Wish|[wisher] Wigglytuff\n|-heal|p2a: Diancie|214/216|[from] item: Leftovers\n|upkeep\n|turn|9\n|inactive|Time left: 300 sec this turn | 300 sec total\n|\n|t:|1783545284\n|move|p1a: Wigglytuff|Wish|p1a: Wigglytuff\n|move|p2a: Diancie|Earth Power|p1a: Wigglytuff\n|-damage|p1a: Wigglytuff|53/100\n|\n|-heal|p1a: Wigglytuff|59/100|[from] item: Leftovers\n|-heal|p2a: Diancie|216/216|[from] item: Leftovers\n|upkeep\n|turn|10\n|inactive|Time left: 300 sec this turn | 300 sec total\n|\n|t:|1783545285\n|move|p1a: Wigglytuff|Protect|p1a: Wigglytuff\n|-singleturn|p1a: Wigglytuff|Protect\n|move|p2a: Diancie|Earth Power|p1a: Wigglytuff\n|-activate|p1a: Wigglytuff|move: Protect\n|\n|-heal|p1a: Wigglytuff|100/100|[from] move: Wish|[wisher] Wigglytuff\n|upkeep\n|turn|11\n|inactive|Time left: 300 sec this turn | 300 sec total\n|\n|t:|1783545287\n|move|p1a: Wigglytuff|Wish|p1a: Wigglytuff\n|move|p2a: Diancie|Earth Power|p1a: Wigglytuff\n|-damage|p1a: Wigglytuff|53/100\n|\n|-heal|p1a: Wigglytuff|59/100|[from] item: Leftovers\n|upkeep\n|turn|12\n|inactive|Time left: 300 sec this turn | 300 sec total\n|\n|t:|1783545288\n|move|p1a: Wigglytuff|Protect|p1a: Wigglytuff\n|-singleturn|p1a: Wigglytuff|Protect\n|move|p2a: Diancie|Earth Power|p1a: Wigglytuff\n|-activate|p1a: Wigglytuff|move: Protect\n|\n|-heal|p1a: Wigglytuff|100/100|[from] move: Wish|[wisher] Wigglytuff\n|upkeep\n|turn|13\n|inactive|Time left: 300 sec this turn | 300 sec total\n|\n|t:|1783545289\n|move|p1a: Wigglytuff|Wish|p1a: Wigglytuff\n|move|p2a: Diancie|Draining Kiss|p1a: Wigglytuff\n|-damage|p1a: Wigglytuff|59/100\n|\n|-heal|p1a: Wigglytuff|65/100|[from] item: Leftovers\n|upkeep\n|turn|14\n|inactive|Time left: 300 sec this turn | 300 sec total\n|\n|t:|1783545290\n|move|p1a: Wigglytuff|Fire Blast|p2a: Diancie\n|-resisted|p2a: Diancie\n|-damage|p2a: Diancie|203/216\n|move|p2a: Diancie|Earth Power|p1a: Wigglytuff\n|-damage|p1a: Wigglytuff|21/100\n|\n|-heal|p1a: Wigglytuff|71/100|[from] move: Wish|[wisher] Wigglytuff\n|-heal|p1a: Wigglytuff|77/100|[from] item: Leftovers\n|-heal|p2a: Diancie|216/216|[from] item: Leftovers\n|upkeep\n|turn|15\n|inactive|Time left: 300 sec this turn | 300 sec total\n|\n|t:|1783545291\n|move|p1a: Wigglytuff|Protect|p1a: Wigglytuff\n|-singleturn|p1a: Wigglytuff|Protect\n|move|p2a: Diancie|Earth Power|p1a: Wigglytuff\n|-activate|p1a: Wigglytuff|move: Protect\n|\n|-heal|p1a: Wigglytuff|83/100|[from] item: Leftovers\n|upkeep\n|turn|16\n|inactive|Time left: 300 sec this turn | 300 sec total\n|\n|t:|1783545292\n|move|p1a: Wigglytuff|Wish|p1a: Wigglytuff\n|move|p2a: Diancie|Earth Power|p1a: Wigglytuff\n|-damage|p1a: Wigglytuff|34/100\n|\n|-heal|p1a: Wigglytuff|40/100|[from] item: Leftovers\n|upkeep\n|turn|17\n|inactive|Time left: 300 sec this turn | 300 sec total\n|\n|t:|1783545293\n|move|p1a: Wigglytuff|Protect|p1a: Wigglytuff\n|-singleturn|p1a: Wigglytuff|Protect\n|move|p2a: Diancie|Earth Power|p1a: Wigglytuff\n|-activate|p1a: Wigglytuff|move: Protect\n|\n|-heal|p1a: Wigglytuff|90/100|[from] move: Wish|[wisher] Wigglytuff\n|-heal|p1a: Wigglytuff|96/100|[from] item: Leftovers\n|upkeep\n|turn|18\n|inactive|Time left: 300 sec this turn | 300 sec total\n|\n|t:|1783545294\n|move|p1a: Wigglytuff|Wish|p1a: Wigglytuff\n|move|p2a: Diancie|Earth Power|p1a: Wigglytuff\n|-damage|p1a: Wigglytuff|50/100\n|\n|-heal|p1a: Wigglytuff|56/100|[from] item: Leftovers\n|upkeep\n|turn|19\n|inactive|Time left: 300 sec this turn | 300 sec total\n|\n|t:|1783545296\n|move|p1a: Wigglytuff|Protect|p1a: Wigglytuff\n|-singleturn|p1a: Wigglytuff|Protect\n|move|p2a: Diancie|Earth Power|p1a: Wigglytuff\n|-activate|p1a: Wigglytuff|move: Protect\n|\n|-heal|p1a: Wigglytuff|100/100|[from] move: Wish|[wisher] Wigglytuff\n|upkeep\n|turn|20\n|inactive|Time left: 300 sec this turn | 300 sec total\n|\n|t:|1783545297\n|move|p1a: Wigglytuff|Protect|p1a: Wigglytuff\n|-singleturn|p1a: Wigglytuff|Protect\n|move|p2a: Diancie|Earth Power|p1a: Wigglytuff\n|-activate|p1a: Wigglytuff|move: Protect\n|\n|upkeep\n|turn|21\n|inactive|Time left: 300 sec this turn | 300 sec total\n|\n|t:|1783545298\n|move|p1a: Wigglytuff|Wish|p1a: Wigglytuff\n|move|p2a: Diancie|Earth Power|p1a: Wigglytuff\n|-damage|p1a: Wigglytuff|55/100\n|\n|-heal|p1a: Wigglytuff|61/100|[from] item: Leftovers\n|upkeep\n|turn|22\n|inactive|Time left: 300 sec this turn | 300 sec total\n|\n|t:|1783545299\n|move|p1a: Wigglytuff|Fire Blast|p2a: Diancie\n|-resisted|p2a: Diancie\n|-damage|p2a: Diancie|203/216\n|move|p2a: Diancie|Earth Power|p1a: Wigglytuff\n|-damage|p1a: Wigglytuff|12/100\n|\n|-heal|p1a: Wigglytuff|62/100|[from] move: Wish|[wisher] Wigglytuff\n|-heal|p1a: Wigglytuff|68/100|[from] item: Leftovers\n|-heal|p2a: Diancie|216/216|[from] item: Leftovers\n|upkeep\n|turn|23\n|inactive|Time left: 300 sec this turn | 300 sec total\n|\n|t:|1783545300\n|move|p1a: Wigglytuff|Protect|p1a: Wigglytuff\n|-singleturn|p1a: Wigglytuff|Protect\n|move|p2a: Diancie|Earth Power|p1a: Wigglytuff\n|-activate|p1a: Wigglytuff|move: Protect\n|\n|-heal|p1a: Wigglytuff|74/100|[from] item: Leftovers\n|upkeep\n|turn|24\n|inactive|Time left: 300 sec this turn | 300 sec total\n|\n|t:|1783545301\n|move|p1a: Wigglytuff|Wish|p1a: Wigglytuff\n|move|p2a: Diancie|Earth Power|p1a: Wigglytuff\n|-crit|p1a: Wigglytuff\n|-damage|p1a: Wigglytuff|3/100\n|\n|-heal|p1a: Wigglytuff|9/100|[from] item: Leftovers\n|upkeep\n|turn|25\n|inactive|Time left: 300 sec this turn | 300 sec total\n|\n|t:|1783545302\n|move|p1a: Wigglytuff|Protect|p1a: Wigglytuff\n|-singleturn|p1a: Wigglytuff|Protect\n|move|p2a: Diancie|Draining Kiss|p1a: Wigglytuff\n|-activate|p1a: Wigglytuff|move: Protect\n|\n|-heal|p1a: Wigglytuff|59/100|[from] move: Wish|[wisher] Wigglytuff\n|-heal|p1a: Wigglytuff|65/100|[from] item: Leftovers\n|upkeep\n|turn|26\n|inactive|Time left: 300 sec this turn | 300 sec total\n|\n|t:|1783545304\n|move|p1a: Wigglytuff|Wish|p1a: Wigglytuff\n|move|p2a: Diancie|Draining Kiss|p1a: Wigglytuff\n|-damage|p1a: Wigglytuff|22/100\n|\n|-heal|p1a: Wigglytuff|28/100|[from] item: Leftovers\n|upkeep\n|turn|27\n|inactive|Time left: 300 sec this turn | 300 sec total\n|\n|t:|1783545305\n|move|p1a: Wigglytuff|Protect|p1a: Wigglytuff\n|-singleturn|p1a: Wigglytuff|Protect\n|move|p2a: Diancie|Draining Kiss|p1a: Wigglytuff\n|-activate|p1a: Wigglytuff|move: Protect\n|\n|-heal|p1a: Wigglytuff|78/100|[from] move: Wish|[wisher] Wigglytuff\n|-heal|p1a: Wigglytuff|84/100|[from] item: Leftovers\n|upkeep\n|turn|28\n|inactive|Time left: 300 sec this turn | 300 sec total\n|\n|t:|1783545306\n|move|p1a: Wigglytuff|Wish|p1a: Wigglytuff\n|move|p2a: Diancie|Diamond Storm|p1a: Wigglytuff\n|-damage|p1a: Wigglytuff|52/100\n|-boost|p2a: Diancie|def|2\n|\n|-heal|p1a: Wigglytuff|58/100|[from] item: Leftovers\n|upkeep\n|turn|29\n|inactive|Time left: 300 sec this turn | 300 sec total\n|\n|t:|1783545307\n|move|p1a: Wigglytuff|Protect|p1a: Wigglytuff\n|-singleturn|p1a: Wigglytuff|Protect\n|move|p2a: Diancie|Draining Kiss|p1a: Wigglytuff\n|-activate|p1a: Wigglytuff|move: Protect\n|\n|-heal|p1a: Wigglytuff|100/100|[from] move: Wish|[wisher] Wigglytuff\n|upkeep\n|turn|30\n|inactive|Time left: 300 sec this turn | 300 sec total\n|\n|t:|1783545308\n|move|p1a: Wigglytuff|Wish|p1a: Wigglytuff\n|move|p2a: Diancie|Draining Kiss|p1a: Wigglytuff\n|-damage|p1a: Wigglytuff|58/100\n|\n|-heal|p1a: Wigglytuff|64/100|[from] item: Leftovers\n|upkeep\n|turn|31\n|inactive|Time left: 300 sec this turn | 300 sec total\n|\n|t:|1783545309\n|move|p1a: Wigglytuff|Protect|p1a: Wigglytuff\n|-singleturn|p1a: Wigglytuff|Protect\n|move|p2a: Diancie|Calm Mind|p2a: Diancie\n|-boost|p2a: Diancie|spa|1\n|-boost|p2a: Diancie|spd|1\n|\n|-heal|p1a: Wigglytuff|100/100|[from] move: Wish|[wisher] Wigglytuff\n|upkeep\n|turn|32\n|inactive|Time left: 300 sec this turn | 300 sec total\n|\n|t:|1783545310\n|move|p1a: Wigglytuff|Wish|p1a: Wigglytuff\n|move|p2a: Diancie|Draining Kiss|p1a: Wigglytuff\n|-damage|p1a: Wigglytuff|49/100\n|\n|-heal|p1a: Wigglytuff|55/100|[from] item: Leftovers\n|upkeep\n|turn|33\n|inactive|Time left: 300 sec this turn | 300 sec total\n|\n|t:|1783545312\n|move|p1a: Wigglytuff|Protect|p1a: Wigglytuff\n|-singleturn|p1a: Wigglytuff|Protect\n|move|p2a: Diancie|Draining Kiss|p1a: Wigglytuff\n|-activate|p1a: Wigglytuff|move: Protect\n|\n|-heal|p1a: Wigglytuff|100/100|[from] move: Wish|[wisher] Wigglytuff\n|upkeep\n|turn|34\n|inactive|Time left: 300 sec this turn | 300 sec total\n|\n|t:|1783545313\n|move|p1a: Wigglytuff|Wish|p1a: Wigglytuff\n|move|p2a: Diancie|Draining Kiss|p1a: Wigglytuff\n|-damage|p1a: Wigglytuff|50/100\n|\n|-heal|p1a: Wigglytuff|56/100|[from] item: Leftovers\n|upkeep\n|turn|35\n|inactive|Time left: 300 sec this turn | 300 sec total\n|\n|t:|1783545314\n|move|p1a: Wigglytuff|Protect|p1a: Wigglytuff\n|-singleturn|p1a: Wigglytuff|Protect\n|move|p2a: Diancie|Draining Kiss|p1a: Wigglytuff\n|-activate|p1a: Wigglytuff|move: Protect\n|\n|-heal|p1a: Wigglytuff|100/100|[from] move: Wish|[wisher] Wigglytuff\n|upkeep\n|turn|36\n|inactive|Time left: 300 sec this turn | 300 sec total\n|\n|t:|1783545315\n|move|p1a: Wigglytuff|Wish|p1a: Wigglytuff\n|move|p2a: Diancie|Draining Kiss|p1a: Wigglytuff\n|-damage|p1a: Wigglytuff|52/100\n|\n|-heal|p1a: Wigglytuff|58/100|[from] item: Leftovers\n|upkeep\n|turn|37\n|inactive|Time left: 300 sec this turn | 300 sec total\n|\n|t:|1783545316\n|move|p1a: Wigglytuff|Protect|p1a: Wigglytuff\n|-singleturn|p1a: Wigglytuff|Protect\n|move|p2a: Diancie|Draining Kiss|p1a: Wigglytuff\n|-activate|p1a: Wigglytuff|move: Protect\n|\n|-heal|p1a: Wigglytuff|100/100|[from] move: Wish|[wisher] Wigglytuff\n|upkeep\n|turn|38\n|inactive|Time left: 300 sec this turn | 300 sec total\n|\n|t:|1783545317\n|move|p1a: Wigglytuff|Wish|p1a: Wigglytuff\n|move|p2a: Diancie|Diamond Storm|p1a: Wigglytuff\n|-damage|p1a: Wigglytuff|66/100\n|\n|-heal|p1a: Wigglytuff|72/100|[from] item: Leftovers\n|upkeep\n|turn|39\n|inactive|Time left: 300 sec this turn | 300 sec total\n|\n|t:|1783545318\n|move|p1a: Wigglytuff|Protect|p1a: Wigglytuff\n|-singleturn|p1a: Wigglytuff|Protect\n|move|p2a: Diancie|Calm Mind|p2a: Diancie\n|-boost|p2a: Diancie|spa|1\n|-boost|p2a: Diancie|spd|1\n|\n|-heal|p1a: Wigglytuff|100/100|[from] move: Wish|[wisher] Wigglytuff\n|upkeep\n|turn|40\n|inactive|Time left: 300 sec this turn | 300 sec total\n|\n|t:|1783545319\n|move|p1a: Wigglytuff|Fire Blast|p2a: Diancie\n|-resisted|p2a: Diancie\n|-damage|p2a: Diancie|207/216\n|move|p2a: Diancie|Diamond Storm|p1a: Wigglytuff\n|-damage|p1a: Wigglytuff|65/100\n|\n|-heal|p1a: Wigglytuff|71/100|[from] item: Leftovers\n|-heal|p2a: Diancie|216/216|[from] item: Leftovers\n|upkeep\n|turn|41\n|inactive|Time left: 300 sec this turn | 300 sec total\n|\n|t:|1783545320\n|move|p1a: Wigglytuff|Protect|p1a: Wigglytuff\n|-singleturn|p1a: Wigglytuff|Protect\n|move|p2a: Diancie|Diamond Storm|p1a: Wigglytuff\n|-activate|p1a: Wigglytuff|move: Protect\n|\n|-heal|p1a: Wigglytuff|77/100|[from] item: Leftovers\n|upkeep\n|turn|42\n|inactive|Time left: 300 sec this turn | 300 sec total\n|\n|t:|1783545321\n|switch|p1a: Girafarig|Girafarig, L89, M|100/100\n|move|p2a: Diancie|Diamond Storm|p1a: Girafarig\n|-damage|p1a: Girafarig|69/100\n|\n|upkeep\n|turn|43\n|inactive|Time left: 300 sec this turn | 300 sec total\n|\n|t:|1783545322\n|switch|p1a: Wigglytuff|Wigglytuff, L96, M|77/100\n|move|p2a: Diancie|Draining Kiss|p1a: Wigglytuff\n|-damage|p1a: Wigglytuff|26/100\n|\n|-heal|p1a: Wigglytuff|32/100|[from] item: Leftovers\n|upkeep\n|turn|44\n|inactive|Time left: 300 sec this turn | 300 sec total\n|\n|t:|1783545324\n|switch|p1a: Girafarig|Girafarig, L89, M|69/100\n|move|p2a: Diancie|Diamond Storm|p1a: Girafarig\n|-damage|p1a: Girafarig|39/100\n|-boost|p2a: Diancie|def|2\n|\n|upkeep\n|turn|45\n|inactive|Time left: 300 sec this turn | 300 sec total\n|\n|t:|1783545325\n|move|p1a: Girafarig|Nasty Plot|p1a: Girafarig\n|-boost|p1a: Girafarig|spa|2\n|move|p2a: Diancie|Calm Mind|p2a: Diancie\n|-boost|p2a: Diancie|spa|1\n|-boost|p2a: Diancie|spd|1\n|\n|upkeep\n|turn|46\n|inactive|Time left: 300 sec this turn | 300 sec total\n|\n|t:|1783545326\n|move|p1a: Girafarig|Nasty Plot|p1a: Girafarig\n|-boost|p1a: Girafarig|spa|2\n|move|p2a: Diancie|Diamond Storm|p1a: Girafarig\n|-damage|p1a: Girafarig|11/100\n|\n|upkeep\n|turn|47\n|inactive|Time left: 300 sec this turn | 300 sec total\n|\n|t:|1783545327\n|move|p1a: Girafarig|Psychic|p2a: Diancie\n|-damage|p2a: Diancie|167/216\n|move|p2a: Diancie|Calm Mind|p2a: Diancie\n|-boost|p2a: Diancie|spa|0\n|-boost|p2a: Diancie|spd|0\n|\n|-heal|p2a: Diancie|180/216|[from] item: Leftovers\n|upkeep\n|turn|48\n|inactive|Time left: 300 sec this turn | 300 sec total\n|\n|t:|1783545328\n|move|p1a: Girafarig|Thunderbolt|p2a: Diancie\n|-supereffective|p2a: Diancie\n|-damage|p2a: Diancie|106/216\n|move|p2a: Diancie|Calm Mind|p2a: Diancie\n|-boost|p2a: Diancie|spa|0\n|-boost|p2a: Diancie|spd|0\n|\n|-heal|p2a: Diancie|119/216|[from] item: Leftovers\n|upkeep\n|turn|49\n|inactive|Time left: 300 sec this turn | 300 sec total\n|\n|t:|1783545328\n|move|p1a: Girafarig|Thunderbolt|p2a: Diancie\n|-supereffective|p2a: Diancie\n|-damage|p2a: Diancie|55/216\n|move|p2a: Diancie|Calm Mind|p2a: Diancie\n|-boost|p2a: Diancie|spa|0\n|-boost|p2a: Diancie|spd|0\n|\n|-heal|p2a: Diancie|68/216|[from] item: Leftovers\n|upkeep\n|turn|50\n|inactive|Time left: 300 sec this turn | 300 sec total\n|\n|t:|1783545329\n|move|p1a: Girafarig|Dazzling Gleam|p2a: Diancie\n|-damage|p2a: Diancie|35/216\n|move|p2a: Diancie|Calm Mind|p2a: Diancie\n|-boost|p2a: Diancie|spa|0\n|-boost|p2a: Diancie|spd|0\n|\n|-heal|p2a: Diancie|48/216|[from] item: Leftovers\n|upkeep\n|turn|51\n|inactive|Time left: 300 sec this turn | 300 sec total\n|\n|t:|1783545330\n|move|p1a: Girafarig|Thunderbolt|p2a: Diancie\n|-supereffective|p2a: Diancie\n|-damage|p2a: Diancie|0 fnt\n|faint|p2a: Diancie\n|\n|upkeep\n|inactive|Time left: 300 sec this turn | 300 sec total | 5 sec grace\n|\n|t:|1783545331\n|switch|p2a: Slither Wing|Slither Wing, L81|270/270\n|turn|52\n|inactive|Time left: 300 sec this turn | 300 sec total\n|\n|t:|1783545332\n|move|p2a: Slither Wing|Earthquake|p1a: Girafarig\n|-damage|p1a: Girafarig|0 fnt\n|faint|p1a: Girafarig\n|\n|upkeep\n|\n|t:|1783545333\n|switch|p1a: Latios|Latios, L78, M|100/100\n|turn|53\n|inactive|Time left: 300 sec this turn | 300 sec total\n|\n|t:|1783545334\n|-end|p2a: Slither Wing|Protosynthesis|[silent]\n|switch|p2a: Slaking|Slaking, L84, F|389/389\n|move|p1a: Latios|Luster Purge|p2a: Slaking\n|-damage|p2a: Slaking|185/389\n|-unboost|p2a: Slaking|spd|1\n|\n|upkeep\n|turn|54\n|inactive|Time left: 300 sec this turn | 300 sec total\n|\n|t:|1783545335\n|switch|p2a: Chimecho|Chimecho, L93, M|290/290\n|move|p1a: Latios|Luster Purge|p2a: Chimecho\n|-resisted|p2a: Chimecho\n|-damage|p2a: Chimecho|221/290\n|\n|-heal|p2a: Chimecho|239/290|[from] item: Leftovers\n|upkeep\n|turn|55\n|inactive|Time left: 300 sec this turn | 300 sec total\n|\n|t:|1783545336\n|move|p1a: Latios|Luster Purge|p2a: Chimecho\n|-resisted|p2a: Chimecho\n|-damage|p2a: Chimecho|167/290\n|move|p2a: Chimecho|Thunder Wave|p1a: Latios\n|-status|p1a: Latios|par\n|\n|-heal|p2a: Chimecho|185/290|[from] item: Leftovers\n|upkeep\n|turn|56\n|inactive|Time left: 300 sec this turn | 300 sec total\n|\n|t:|1783545337\n|move|p2a: Chimecho|Recover|p2a: Chimecho\n|-heal|p2a: Chimecho|290/290\n|cant|p1a: Latios|par\n|\n|upkeep\n|turn|57\n|inactive|Time left: 300 sec this turn | 300 sec total\n|\n|t:|1783545338\n|move|p2a: Chimecho|Psychic Noise|p1a: Latios\n|-resisted|p1a: Latios\n|-damage|p1a: Latios|83/100 par\n|-start|p1a: Latios|move: Heal Block\n|move|p1a: Latios|Luster Purge|p2a: Chimecho\n|-resisted|p2a: Chimecho\n|-damage|p2a: Chimecho|216/290\n|-unboost|p2a: Chimecho|spd|1\n|\n|-heal|p2a: Chimecho|234/290|[from] item: Leftovers\n|upkeep\n|turn|58\n|inactive|Time left: 300 sec this turn | 300 sec total\n|\n|t:|1783545339\n|switch|p2a: Mimikyu|Mimikyu, L79, F|216/216\n|move|p1a: Latios|Luster Purge|p2a: Mimikyu\n|-activate|p2a: Mimikyu|ability: Disguise\n|-damage|p2a: Mimikyu|216/216\n|-unboost|p2a: Mimikyu|spd|1\n|detailschange|p2a: Mimikyu|Mimikyu-Busted, L79, F\n|-damage|p2a: Mimikyu|189/216|[from] pokemon: Mimikyu-Busted\n|\n|-end|p1a: Latios|move: Heal Block\n|upkeep\n|turn|59\n|inactive|Time left: 300 sec this turn | 300 sec total\n|\n|t:|1783545340\n|move|p2a: Mimikyu|Play Rough|p1a: Latios|[miss]\n|-miss|p2a: Mimikyu|p1a: Latios\n|move|p1a: Latios|Luster Purge|p2a: Mimikyu\n|-damage|p2a: Mimikyu|0 fnt\n|faint|p2a: Mimikyu\n|\n|upkeep\n|inactive|Time left: 300 sec this turn | 300 sec total | 5 sec grace\n|\n|t:|1783545342\n|switch|p2a: Slaking|Slaking, L84, F|185/389\n|turn|60\n|inactive|Time left: 300 sec this turn | 300 sec total\n|\n|t:|1783545343\n|switch|p1a: Froslass|Froslass, L87, F|100/100\n|move|p2a: Slaking|Giga Impact|p1a: Froslass\n|-immune|p1a: Froslass\n|\n|upkeep\n|turn|61\n|inactive|Time left: 300 sec this turn | 300 sec total\n|\n|t:|1783545344\n|move|p1a: Froslass|Triple Axel|p2a: Slaking\n|-damage|p2a: Slaking|167/389\n|-damage|p2a: Slaking|130/389\n|-damage|p2a: Slaking|79/389\n|-hitcount|p2a: Slaking|3\n|cant|p2a: Slaking|ability: Truant\n|\n|upkeep\n|turn|62\n|inactive|Time left: 300 sec this turn | 300 sec total\n|\n|t:|1783545345\n|move|p1a: Froslass|Triple Axel|p2a: Slaking\n|-damage|p2a: Slaking|60/389\n|-damage|p2a: Slaking|21/389\n|-damage|p2a: Slaking|0 fnt\n|faint|p2a: Slaking\n|-hitcount|p2: Slaking|3\n|\n|upkeep\n|inactive|Time left: 300 sec this turn | 300 sec total | 5 sec grace\n|\n|t:|1783545346\n|switch|p2a: Slither Wing|Slither Wing, L81|270/270\n|turn|63\n|inactive|Time left: 300 sec this turn | 300 sec total\n|\n|t:|1783545347\n|move|p2a: Slither Wing|Flare Blitz|p1a: Froslass\n|-supereffective|p1a: Froslass\n|-damage|p1a: Froslass|7/100\n|-damage|p2a: Slither Wing|189/270|[from] Recoil\n|move|p1a: Froslass|Poltergeist|p2a: Slither Wing\n|-activate|p2a: Slither Wing|move: Poltergeist|Choice Scarf\n|-damage|p2a: Slither Wing|69/270\n|\n|upkeep\n|turn|64\n|inactive|Time left: 300 sec this turn | 300 sec total\n|\n|t:|1783545348\n|switch|p1a: Houndoom|Houndoom, L87, F|100/100\n|move|p2a: Slither Wing|Flare Blitz|p1a: Houndoom\n|-start|p1a: Houndoom|ability: Flash Fire\n|\n|upkeep\n|turn|65\n|inactive|Time left: 300 sec this turn | 300 sec total\n|\n|t:|1783545349\n|-end|p2a: Slither Wing|Protosynthesis|[silent]\n|switch|p2a: Chimecho|Chimecho, L93, M|234/290\n|move|p1a: Houndoom|Nasty Plot|p1a: Houndoom\n|-boost|p1a: Houndoom|spa|2\n|\n|-heal|p2a: Chimecho|252/290|[from] item: Leftovers\n|upkeep\n|turn|66\n|inactive|Time left: 300 sec this turn | 300 sec total\n|\n|t:|1783545350\n|move|p1a: Houndoom|Fire Blast|p2a: Chimecho\n|-damage|p2a: Chimecho|0 fnt\n|faint|p2a: Chimecho\n|\n|upkeep\n|inactive|Time left: 300 sec this turn | 300 sec total | 5 sec grace\n|\n|t:|1783545351\n|switch|p2a: Slither Wing|Slither Wing, L81|69/270\n|turn|67\n|inactive|Time left: 300 sec this turn | 300 sec total\n|\n|t:|1783545352\n|-terastallize|p1a: Houndoom|Fire\n|move|p2a: Slither Wing|Earthquake|p1a: Houndoom\n|-supereffective|p1a: Houndoom\n|-damage|p1a: Houndoom|11/100\n|move|p1a: Houndoom|Dark Pulse|p2a: Slither Wing\n|-resisted|p2a: Slither Wing\n|-damage|p2a: Slither Wing|0 fnt\n|faint|p2a: Slither Wing\n|-end|p2a: Slither Wing|Protosynthesis|[silent]\n|\n|upkeep\n|inactive|Time left: 300 sec this turn | 300 sec total | 5 sec grace\n|\n|t:|1783545353\n|switch|p2a: Gengar|Gengar, L81, F|230/230\n|turn|68\n|inactive|Time left: 300 sec this turn | 300 sec total\n|\n|t:|1783545354\n|move|p2a: Gengar|Sludge Wave|p1a: Houndoom\n|-damage|p1a: Houndoom|0 fnt\n|faint|p1a: Houndoom\n|\n|upkeep\n|\n|t:|1783545355\n|switch|p1a: Froslass|Froslass, L87, F|7/100\n|turn|69\n|inactive|Time left: 300 sec this turn | 300 sec total\n|\n|t:|1783545356\n|move|p1a: Froslass|Destiny Bond|p1a: Froslass\n|-singlemove|p1a: Froslass|Destiny Bond\n|move|p2a: Gengar|Sludge Wave|p1a: Froslass\n|-resisted|p1a: Froslass\n|-damage|p1a: Froslass|0 fnt\n|-start|p2a: Gengar|Disable|Sludge Wave|[from] ability: Cursed Body|[of] p1a: Froslass\n|faint|p1a: Froslass\n|-activate|p1a: Froslass|move: Destiny Bond\n|faint|p2a: Gengar\n|\n|win|p0x5361e78", "uploadtime": 1783545356, "views": 0, "rating": 0, "private": 0, "password": null, "_winner": "p0x5361e78", "_our_name": "p0y536166a"}