{"id": "battle-gen9randombattle-1281", "formatid": "gen9randombattle", "format": "[Gen 9] Random Battle", "players": ["p0x12814aa8", "p0y1281d86f"], "log": "|init|battle\n|title|p0x12814aa8 vs. p0y1281d86f\n|j|\u2606p0x12814aa8\n|j|\u2606p0y1281d86f\n|t:|1783554885\n|gametype|singles\n|player|p1|p0x12814aa8|169|\n|player|p2|p0y1281d86f|266|\n|gen|9\n|tier|[Gen 9] Random Battle\n|rule|Species Clause: Limit one of each Pok\u00e9mon\n|rule|HP Percentage Mod: HP is shown in percentages\n|rule|Sleep Clause Mod: Limit one foe put to sleep\n|rule|Illusion Level Mod: Illusion disguises the Pok\u00e9mon's true level\n|\n|t:|1783554885\n|teamsize|p1|6\n|teamsize|p2|6\n|start\n|switch|p1a: Palossand|Palossand, L89, M|296/296\n|switch|p2a: Skarmory|Skarmory, L80, M|100/100\n|turn|1\n|inactive|Battle timer is ON: inactive players will automatically lose when time's up. (requested by p0y1281d86f)\n|inactive|Time left: 300 sec this turn | 300 sec total | 60 sec grace\n|inactive|p0x12814aa8 also wants the timer to be on.\n|\n|t:|1783554887\n|move|p2a: Skarmory|Stealth Rock|p1a: Palossand\n|-sidestart|p1: p0x12814aa8|move: Stealth Rock\n|move|p1a: Palossand|Shadow Ball|p2a: Skarmory\n|-damage|p2a: Skarmory|50/100\n|-unboost|p2a: Skarmory|spd|1\n|\n|upkeep\n|turn|2\n|inactive|Time left: 300 sec this turn | 300 sec total\n|\n|t:|1783554888\n|switch|p2a: Vikavolt|Vikavolt, L83, F|100/100\n|move|p1a: Palossand|Shadow Ball|p2a: Vikavolt\n|-damage|p2a: Vikavolt|61/100\n|\n|upkeep\n|turn|3\n|inactive|Time left: 300 sec this turn | 300 sec total\n|\n|t:|1783554889\n|move|p2a: Vikavolt|Sticky Web|p1a: Palossand\n|-sidestart|p1: p0x12814aa8|move: Sticky Web\n|move|p1a: Palossand|Sludge Bomb|p2a: Vikavolt\n|-damage|p2a: Vikavolt|32/100\n|\n|upkeep\n|turn|4\n|inactive|Time left: 300 sec this turn | 300 sec total\n|\n|t:|1783554890\n|switch|p2a: Mamoswine|Mamoswine, L81, M|100/100\n|move|p1a: Palossand|Shadow Ball|p2a: Mamoswine\n|-damage|p2a: Mamoswine|59/100\n|\n|upkeep\n|turn|5\n|inactive|Time left: 300 sec this turn | 300 sec total\n|\n|t:|1783554891\n|move|p2a: Mamoswine|Icicle Crash|p1a: Palossand\n|-supereffective|p1a: Palossand\n|-damage|p1a: Palossand|26/296\n|move|p1a: Palossand|Earth Power|p2a: Mamoswine\n|-damage|p2a: Mamoswine|8/100\n|-unboost|p2a: Mamoswine|spd|1\n|\n|-heal|p1a: Palossand|44/296|[from] item: Leftovers\n|upkeep\n|turn|6\n|inactive|Time left: 300 sec this turn | 300 sec total\n|\n|t:|1783554892\n|switch|p1a: Talonflame|Talonflame, L83, F|265/265\n|move|p2a: Mamoswine|Icicle Crash|p1a: Talonflame\n|-damage|p1a: Talonflame|81/265\n|\n|upkeep\n|turn|7\n|inactive|Time left: 300 sec this turn | 300 sec total\n|\n|t:|1783554893\n|move|p1a: Talonflame|Defog|p2a: Mamoswine\n|-unboost|p2a: Mamoswine|evasion|1\n|-sideend|p1: p0x12814aa8|Stealth Rock|[from] move: Defog|[of] p1a: Talonflame\n|-sideend|p1: p0x12814aa8|Sticky Web|[from] move: Defog|[of] p1a: Talonflame\n|move|p2a: Mamoswine|Icicle Crash|p1a: Talonflame\n|-damage|p1a: Talonflame|0 fnt\n|faint|p1a: Talonflame\n|\n|upkeep\n|inactive|Time left: 300 sec this turn | 300 sec total | 5 sec grace\n|\n|t:|1783554894\n|switch|p1a: Florges|Florges, L85, F|271/271\n|turn|8\n|inactive|Time left: 300 sec this turn | 300 sec total\n|\n|t:|1783554895\n|move|p2a: Mamoswine|Icicle Crash|p1a: Florges\n|-crit|p1a: Florges\n|-damage|p1a: Florges|1/271\n|cant|p1a: Florges|flinch\n|\n|-heal|p1a: Florges|17/271|[from] item: Leftovers\n|upkeep\n|turn|9\n|inactive|Time left: 300 sec this turn | 300 sec total\n|\n|t:|1783554897\n|move|p2a: Mamoswine|Icicle Crash|p1a: Florges\n|-damage|p1a: Florges|0 fnt\n|faint|p1a: Florges\n|\n|upkeep\n|inactive|Time left: 300 sec this turn | 300 sec total | 5 sec grace\n|\n|t:|1783554898\n|switch|p1a: Meganium|Meganium, L90, F|290/290\n|turn|10\n|inactive|Time left: 300 sec this turn | 300 sec total\n|\n|t:|1783554899\n|switch|p2a: Skarmory|Skarmory, L80, M|50/100\n|move|p1a: Meganium|Energy Ball|p2a: Skarmory\n|-resisted|p2a: Skarmory\n|-damage|p2a: Skarmory|37/100\n|\n|upkeep\n|turn|11\n|inactive|Time left: 300 sec this turn | 300 sec total\n|\n|t:|1783554900\n|switch|p1a: Clefable|Clefable, L83, M|293/293\n|move|p2a: Skarmory|Roost|p2a: Skarmory\n|-heal|p2a: Skarmory|87/100\n|-singleturn|p2a: Skarmory|move: Roost\n|\n|upkeep\n|turn|12\n|inactive|Time left: 300 sec this turn | 300 sec total\n|\n|t:|1783554901\n|switch|p2a: Camerupt|Camerupt, L91, F|100/100\n|move|p1a: Clefable|Fire Blast|p2a: Camerupt\n|-resisted|p2a: Camerupt\n|-damage|p2a: Camerupt|81/100\n|\n|-heal|p2a: Camerupt|87/100|[from] item: Leftovers\n|upkeep\n|turn|13\n|inactive|Time left: 300 sec this turn | 300 sec total\n|\n|t:|1783554902\n|move|p1a: Clefable|Moonblast|p2a: Camerupt\n|-resisted|p2a: Camerupt\n|-damage|p2a: Camerupt|66/100\n|move|p2a: Camerupt|Earthquake|p1a: Clefable\n|-damage|p1a: Clefable|154/293\n|\n|-heal|p2a: Camerupt|72/100|[from] item: Leftovers\n|upkeep\n|turn|14\n|inactive|Time left: 300 sec this turn | 300 sec total\n|\n|t:|1783554903\n|move|p1a: Clefable|Moonlight|p1a: Clefable\n|-heal|p1a: Clefable|293/293\n|move|p2a: Camerupt|Earthquake|p1a: Clefable\n|-damage|p1a: Clefable|155/293\n|\n|-heal|p2a: Camerupt|78/100|[from] item: Leftovers\n|upkeep\n|turn|15\n|inactive|Time left: 300 sec this turn | 300 sec total\n|\n|t:|1783554904\n|move|p1a: Clefable|Moonlight|p1a: Clefable\n|-heal|p1a: Clefable|293/293\n|move|p2a: Camerupt|Earthquake|p1a: Clefable\n|-damage|p1a: Clefable|148/293\n|\n|-heal|p2a: Camerupt|84/100|[from] item: Leftovers\n|upkeep\n|turn|16\n|inactive|Time left: 300 sec this turn | 300 sec total\n|\n|t:|1783554906\n|move|p1a: Clefable|Moonlight|p1a: Clefable\n|-heal|p1a: Clefable|293/293\n|move|p2a: Camerupt|Earthquake|p1a: Clefable\n|-damage|p1a: Clefable|154/293\n|\n|-heal|p2a: Camerupt|90/100|[from] item: Leftovers\n|upkeep\n|turn|17\n|inactive|Time left: 300 sec this turn | 300 sec total\n|\n|t:|1783554907\n|move|p1a: Clefable|Moonlight|p1a: Clefable\n|-heal|p1a: Clefable|293/293\n|move|p2a: Camerupt|Earthquake|p1a: Clefable\n|-damage|p1a: Clefable|133/293\n|\n|-heal|p2a: Camerupt|96/100|[from] item: Leftovers\n|upkeep\n|turn|18\n|inactive|Time left: 300 sec this turn | 300 sec total\n|\n|t:|1783554908\n|move|p1a: Clefable|Moonlight|p1a: Clefable\n|-heal|p1a: Clefable|279/293\n|move|p2a: Camerupt|Earthquake|p1a: Clefable\n|-damage|p1a: Clefable|119/293\n|\n|-heal|p2a: Camerupt|100/100|[from] item: Leftovers\n|upkeep\n|turn|19\n|inactive|Time left: 300 sec this turn | 300 sec total\n|\n|t:|1783554909\n|move|p1a: Clefable|Moonlight|p1a: Clefable\n|-heal|p1a: Clefable|265/293\n|move|p2a: Camerupt|Earthquake|p1a: Clefable\n|-crit|p1a: Clefable\n|-damage|p1a: Clefable|61/293\n|\n|upkeep\n|turn|20\n|inactive|Time left: 300 sec this turn | 300 sec total\n|\n|t:|1783554910\n|move|p1a: Clefable|Moonlight|p1a: Clefable\n|-heal|p1a: Clefable|207/293\n|move|p2a: Camerupt|Earthquake|p1a: Clefable\n|-damage|p1a: Clefable|59/293\n|\n|upkeep\n|turn|21\n|inactive|Time left: 300 sec this turn | 300 sec total\n|\n|t:|1783554911\n|move|p1a: Clefable|Moonlight|p1a: Clefable\n|-heal|p1a: Clefable|205/293\n|move|p2a: Camerupt|Earthquake|p1a: Clefable\n|-damage|p1a: Clefable|67/293\n|\n|upkeep\n|turn|22\n|inactive|Time left: 300 sec this turn | 300 sec total\n|\n|t:|1783554913\n|move|p1a: Clefable|Moonblast|p2a: Camerupt\n|-resisted|p2a: Camerupt\n|-damage|p2a: Camerupt|77/100\n|move|p2a: Camerupt|Earthquake|p1a: Clefable\n|-damage|p1a: Clefable|0 fnt\n|faint|p1a: Clefable\n|\n|-heal|p2a: Camerupt|83/100|[from] item: Leftovers\n|upkeep\n|inactive|Time left: 300 sec this turn | 300 sec total | 5 sec grace\n|\n|t:|1783554914\n|switch|p1a: Toedscruel|Toedscruel, L87, M|281/281\n|turn|23\n|inactive|Time left: 300 sec this turn | 300 sec total\n|\n|t:|1783554915\n|switch|p2a: Skarmory|Skarmory, L80, M|87/100\n|move|p1a: Toedscruel|Earth Power|p2a: Skarmory\n|-immune|p2a: Skarmory\n|\n|upkeep\n|turn|24\n|inactive|Time left: 300 sec this turn | 300 sec total\n|\n|t:|1783554916\n|move|p2a: Skarmory|Brave Bird|p1a: Toedscruel\n|-supereffective|p1a: Toedscruel\n|-damage|p1a: Toedscruel|47/281\n|-damage|p2a: Skarmory|54/100|[from] Recoil\n|move|p1a: Toedscruel|Spore|p2a: Skarmory\n|-status|p2a: Skarmory|slp|[from] move: Spore\n|\n|-heal|p1a: Toedscruel|64/281|[from] item: Leftovers\n|upkeep\n|turn|25\n|inactive|Time left: 300 sec this turn | 300 sec total\n|\n|t:|1783554917\n|move|p1a: Toedscruel|Giga Drain|p2a: Skarmory\n|-resisted|p2a: Skarmory\n|-damage|p2a: Skarmory|44/100 slp\n|-heal|p1a: Toedscruel|76/281|[from] drain|[of] p2a: Skarmory\n|cant|p2a: Skarmory|slp\n|\n|-heal|p1a: Toedscruel|93/281|[from] item: Leftovers\n|upkeep\n|turn|26\n|inactive|Time left: 300 sec this turn | 300 sec total\n|\n|t:|1783554918\n|move|p1a: Toedscruel|Giga Drain|p2a: Skarmory\n|-resisted|p2a: Skarmory\n|-damage|p2a: Skarmory|35/100 slp\n|-heal|p1a: Toedscruel|104/281|[from] drain|[of] p2a: Skarmory\n|cant|p2a: Skarmory|slp\n|\n|-heal|p1a: Toedscruel|121/281|[from] item: Leftovers\n|upkeep\n|turn|27\n|inactive|Time left: 300 sec this turn | 300 sec total\n|\n|t:|1783554920\n|switch|p1a: Palossand|Palossand, L89, M|44/296\n|cant|p2a: Skarmory|slp\n|\n|-heal|p1a: Palossand|62/296|[from] item: Leftovers\n|upkeep\n|turn|28\n|inactive|Time left: 300 sec this turn | 300 sec total\n|\n|t:|1783554920\n|switch|p1a: Meganium|Meganium, L90, F|290/290\n|-curestatus|p2a: Skarmory|slp|[msg]\n|move|p2a: Skarmory|Brave Bird|p1a: Meganium\n|-supereffective|p1a: Meganium\n|-damage|p1a: Meganium|108/290\n|-damage|p2a: Skarmory|9/100|[from] Recoil\n|\n|-heal|p1a: Meganium|126/290|[from] item: Leftovers\n|upkeep\n|turn|29\n|inactive|Time left: 300 sec this turn | 300 sec total\n|\n|t:|1783554922\n|move|p1a: Meganium|Energy Ball|p2a: Skarmory\n|-resisted|p2a: Skarmory\n|-damage|p2a: Skarmory|0 fnt\n|faint|p2a: Skarmory\n|\n|-heal|p1a: Meganium|144/290|[from] item: Leftovers\n|upkeep\n|\n|t:|1783554923\n|switch|p2a: Vikavolt|Vikavolt, L83, F|32/100\n|turn|30\n|inactive|Time left: 300 sec this turn | 300 sec total\n|\n|t:|1783554923\n|move|p1a: Meganium|Synthesis|p1a: Meganium\n|-heal|p1a: Meganium|289/290\n|move|p2a: Vikavolt|Bug Buzz|p1a: Meganium\n|-supereffective|p1a: Meganium\n|-damage|p1a: Meganium|73/290\n|\n|-heal|p1a: Meganium|91/290|[from] item: Leftovers\n|upkeep\n|turn|31\n|inactive|Time left: 300 sec this turn | 300 sec total\n|\n|t:|1783554924\n|move|p1a: Meganium|Energy Ball|p2a: Vikavolt\n|-resisted|p2a: Vikavolt\n|-damage|p2a: Vikavolt|0 fnt\n|faint|p2a: Vikavolt\n|\n|-heal|p1a: Meganium|109/290|[from] item: Leftovers\n|upkeep\n|\n|t:|1783554925\n|switch|p2a: Mamoswine|Mamoswine, L81, M|8/100\n|turn|32\n|inactive|Time left: 300 sec this turn | 300 sec total\n|\n|t:|1783554926\n|-terastallize|p1a: Meganium|Steel\n|move|p2a: Mamoswine|Ice Shard|p1a: Meganium\n|-resisted|p1a: Meganium\n|-damage|p1a: Meganium|76/290\n|move|p1a: Meganium|Energy Ball|p2a: Mamoswine\n|-supereffective|p2a: Mamoswine\n|-damage|p2a: Mamoswine|0 fnt\n|faint|p2a: Mamoswine\n|\n|-heal|p1a: Meganium|94/290|[from] item: Leftovers\n|upkeep\n|\n|t:|1783554927\n|switch|p2a: Vigoroth|Vigoroth, L85, F|100/100\n|turn|33\n|inactive|Time left: 300 sec this turn | 300 sec total\n|\n|t:|1783554928\n|move|p2a: Vigoroth|Earthquake|p1a: Meganium\n|-supereffective|p1a: Meganium\n|-damage|p1a: Meganium|0 fnt\n|faint|p1a: Meganium\n|\n|upkeep\n|inactive|Time left: 300 sec this turn | 300 sec total | 5 sec grace\n|\n|t:|1783554929\n|switch|p1a: Toedscruel|Toedscruel, L87, M|121/281\n|turn|34\n|inactive|Time left: 300 sec this turn | 300 sec total\n|\n|t:|1783554930\n|move|p1a: Toedscruel|Giga Drain|p2a: Vigoroth\n|-damage|p2a: Vigoroth|77/100\n|-heal|p1a: Toedscruel|153/281|[from] drain|[of] p2a: Vigoroth\n|move|p2a: Vigoroth|Bulk Up|p2a: Vigoroth\n|-boost|p2a: Vigoroth|atk|1\n|-boost|p2a: Vigoroth|def|1\n|\n|-heal|p1a: Toedscruel|170/281|[from] item: Leftovers\n|upkeep\n|turn|35\n|inactive|Time left: 300 sec this turn | 300 sec total\n|\n|t:|1783554931\n|move|p2a: Vigoroth|Body Slam|p1a: Toedscruel\n|-damage|p1a: Toedscruel|25/281\n|-status|p1a: Toedscruel|par\n|move|p1a: Toedscruel|Toxic|p2a: Vigoroth\n|-status|p2a: Vigoroth|tox\n|\n|-heal|p1a: Toedscruel|42/281 par|[from] item: Leftovers\n|-damage|p2a: Vigoroth|71/100 tox|[from] psn\n|upkeep\n|turn|36\n|inactive|Time left: 300 sec this turn | 300 sec total\n|\n|t:|1783554932\n|-terastallize|p2a: Vigoroth|Ground\n|move|p2a: Vigoroth|Earthquake|p1a: Toedscruel\n|-resisted|p1a: Toedscruel\n|-damage|p1a: Toedscruel|0 fnt\n|faint|p1a: Toedscruel\n|\n|-damage|p2a: Vigoroth|59/100 tox|[from] psn\n|upkeep\n|inactive|Time left: 300 sec this turn | 300 sec total | 5 sec grace\n|\n|t:|1783554933\n|switch|p1a: Palossand|Palossand, L89, M|62/296\n|turn|37\n|inactive|Time left: 300 sec this turn | 300 sec total\n|\n|t:|1783554934\n|move|p2a: Vigoroth|Earthquake|p1a: Palossand\n|-damage|p1a: Palossand|0 fnt\n|faint|p1a: Palossand\n|\n|win|p0y1281d86f", "uploadtime": 1783554934, "views": 0, "rating": 0, "private": 0, "password": null, "_winner": "p0y1281d86f", "_our_name": "p0x12814aa8"}