{"id": "battle-gen9randombattle-878", "formatid": "gen9randombattle", "format": "[Gen 9] Random Battle", "players": ["p0x8786d5b", "p0y878cc2e"], "log": "|init|battle\n|title|p0x8786d5b vs. p0y878cc2e\n|j|\u2606p0x8786d5b\n|j|\u2606p0y878cc2e\n|t:|1783550083\n|gametype|singles\n|player|p1|p0x8786d5b|101|\n|player|p2|p0y878cc2e|1|\n|gen|9\n|tier|[Gen 9] Random Battle\n|rule|Species Clause: Limit one of each Pok\u00e9mon\n|rule|HP Percentage Mod: HP is shown in percentages\n|rule|Sleep Clause Mod: Limit one foe put to sleep\n|rule|Illusion Level Mod: Illusion disguises the Pok\u00e9mon's true level\n|\n|t:|1783550083\n|teamsize|p1|6\n|teamsize|p2|6\n|start\n|switch|p1a: Porygon-Z|Porygon-Z, L83|277/277\n|switch|p2a: Palkia|Palkia-Origin, L72|100/100\n|-ability|p1a: Porygon-Z|Download|boost\n|-boost|p1a: Porygon-Z|spa|1\n|turn|1\n|inactive|Battle timer is ON: inactive players will automatically lose when time's up. (requested by p0y878cc2e)\n|inactive|Time left: 300 sec this turn | 300 sec total | 60 sec grace\n|inactive|p0x8786d5b also wants the timer to be on.\n|\n|t:|1783550084\n|move|p2a: Palkia|Focus Blast|p1a: Porygon-Z\n|-supereffective|p1a: Porygon-Z\n|-damage|p1a: Porygon-Z|0 fnt\n|faint|p1a: Porygon-Z\n|-damage|p2a: Palkia|91/100|[from] item: Life Orb\n|\n|upkeep\n|inactive|Time left: 300 sec this turn | 300 sec total | 65 sec grace\n|\n|t:|1783550085\n|switch|p1a: Reshiram|Reshiram, L76|277/277\n|-ability|p1a: Reshiram|Turboblaze\n|turn|2\n|inactive|Time left: 300 sec this turn | 300 sec total\n|\n|t:|1783550087\n|switch|p2a: Diancie|Diancie, L82|100/100\n|move|p1a: Reshiram|Outrage|p2a: Diancie\n|-immune|p2a: Diancie\n|\n|upkeep\n|turn|3\n|inactive|Time left: 300 sec this turn | 300 sec total\n|\n|t:|1783550088\n|move|p1a: Reshiram|Dragon Dance|p1a: Reshiram\n|-boost|p1a: Reshiram|atk|1\n|-boost|p1a: Reshiram|spe|1\n|move|p2a: Diancie|Diamond Storm|p1a: Reshiram|[miss]\n|-miss|p2a: Diancie|p1a: Reshiram\n|\n|upkeep\n|turn|4\n|inactive|Time left: 300 sec this turn | 300 sec total\n|\n|t:|1783550089\n|move|p1a: Reshiram|Dragon Dance|p1a: Reshiram\n|-boost|p1a: Reshiram|atk|1\n|-boost|p1a: Reshiram|spe|1\n|move|p2a: Diancie|Diamond Storm|p1a: Reshiram\n|-supereffective|p1a: Reshiram\n|-damage|p1a: Reshiram|83/277\n|\n|upkeep\n|turn|5\n|inactive|Time left: 300 sec this turn | 300 sec total\n|\n|t:|1783550090\n|move|p1a: Reshiram|Outrage|p2a: Diancie\n|-immune|p2a: Diancie\n|move|p2a: Diancie|Diamond Storm|p1a: Reshiram\n|-supereffective|p1a: Reshiram\n|-damage|p1a: Reshiram|0 fnt\n|-boost|p2a: Diancie|def|2\n|faint|p1a: Reshiram\n|\n|upkeep\n|inactive|Time left: 300 sec this turn | 300 sec total | 5 sec grace\n|\n|t:|1783550091\n|switch|p1a: Jumpluff|Jumpluff, L87, F|271/271\n|turn|6\n|inactive|Time left: 300 sec this turn | 300 sec total\n|\n|t:|1783550092\n|move|p1a: Jumpluff|Sleep Powder|p2a: Diancie\n|-status|p2a: Diancie|slp|[from] move: Sleep Powder\n|cant|p2a: Diancie|slp\n|\n|upkeep\n|turn|7\n|inactive|Time left: 300 sec this turn | 300 sec total\n|\n|t:|1783550094\n|switch|p1a: Dragapult|Dragapult, L77, M|262/262\n|cant|p2a: Diancie|slp\n|\n|upkeep\n|turn|8\n|inactive|Time left: 300 sec this turn | 300 sec total\n|\n|t:|1783550095\n|move|p1a: Dragapult|Dragon Dance|p1a: Dragapult\n|-boost|p1a: Dragapult|atk|1\n|-boost|p1a: Dragapult|spe|1\n|-curestatus|p2a: Diancie|slp|[msg]\n|move|p2a: Diancie|Diamond Storm|p1a: Dragapult\n|-damage|p1a: Dragapult|135/262\n|-boost|p2a: Diancie|def|2\n|\n|upkeep\n|turn|9\n|inactive|Time left: 300 sec this turn | 300 sec total\n|\n|t:|1783550096\n|move|p1a: Dragapult|Dragon Dance|p1a: Dragapult\n|-boost|p1a: Dragapult|atk|1\n|-boost|p1a: Dragapult|spe|1\n|move|p2a: Diancie|Diamond Storm|p1a: Dragapult\n|-damage|p1a: Dragapult|15/262\n|-boost|p2a: Diancie|def|2\n|\n|upkeep\n|turn|10\n|inactive|Time left: 300 sec this turn | 300 sec total\n|\n|t:|1783550097\n|move|p1a: Dragapult|Dragon Dance|p1a: Dragapult\n|-boost|p1a: Dragapult|atk|1\n|-boost|p1a: Dragapult|spe|1\n|move|p2a: Diancie|Earth Power|p1a: Dragapult\n|-damage|p1a: Dragapult|0 fnt\n|faint|p1a: Dragapult\n|\n|upkeep\n|inactive|Time left: 300 sec this turn | 300 sec total | 5 sec grace\n|\n|t:|1783550098\n|switch|p1a: Jumpluff|Jumpluff, L87, F|271/271\n|turn|11\n|inactive|Time left: 300 sec this turn | 300 sec total\n|\n|t:|1783550099\n|move|p1a: Jumpluff|Encore|p2a: Diancie\n|-start|p2a: Diancie|Encore\n|move|p2a: Diancie|Earth Power|p1a: Jumpluff\n|-immune|p1a: Jumpluff\n|\n|upkeep\n|turn|12\n|inactive|Time left: 300 sec this turn | 300 sec total\n|\n|t:|1783550100\n|move|p1a: Jumpluff|Acrobatics|p2a: Diancie\n|-resisted|p2a: Diancie\n|-damage|p2a: Diancie|97/100\n|move|p2a: Diancie|Earth Power|p1a: Jumpluff\n|-immune|p1a: Jumpluff\n|\n|-heal|p2a: Diancie|100/100|[from] item: Leftovers\n|upkeep\n|turn|13\n|inactive|Time left: 300 sec this turn | 300 sec total\n|\n|t:|1783550101\n|move|p1a: Jumpluff|Sleep Powder|p2a: Diancie\n|-status|p2a: Diancie|slp|[from] move: Sleep Powder\n|cant|p2a: Diancie|slp\n|\n|-end|p2a: Diancie|Encore\n|upkeep\n|turn|14\n|inactive|Time left: 300 sec this turn | 300 sec total\n|\n|t:|1783550102\n|move|p1a: Jumpluff|Encore|p2a: Diancie\n|-start|p2a: Diancie|Encore\n|-curestatus|p2a: Diancie|slp|[msg]\n|move|p2a: Diancie|Earth Power|p1a: Jumpluff\n|-immune|p1a: Jumpluff\n|\n|upkeep\n|turn|15\n|inactive|Time left: 300 sec this turn | 300 sec total\n|\n|t:|1783550103\n|move|p1a: Jumpluff|Sleep Powder|p2a: Diancie|[miss]\n|-miss|p1a: Jumpluff|p2a: Diancie\n|move|p2a: Diancie|Earth Power|p1a: Jumpluff\n|-immune|p1a: Jumpluff\n|\n|upkeep\n|turn|16\n|inactive|Time left: 300 sec this turn | 300 sec total\n|\n|t:|1783550104\n|move|p1a: Jumpluff|Sleep Powder|p2a: Diancie|[miss]\n|-miss|p1a: Jumpluff|p2a: Diancie\n|move|p2a: Diancie|Earth Power|p1a: Jumpluff\n|-immune|p1a: Jumpluff\n|\n|-end|p2a: Diancie|Encore\n|upkeep\n|turn|17\n|inactive|Time left: 300 sec this turn | 300 sec total\n|\n|t:|1783550105\n|move|p1a: Jumpluff|Encore|p2a: Diancie\n|-start|p2a: Diancie|Encore\n|move|p2a: Diancie|Earth Power|p1a: Jumpluff\n|-immune|p1a: Jumpluff\n|\n|upkeep\n|turn|18\n|inactive|Time left: 300 sec this turn | 300 sec total\n|\n|t:|1783550106\n|move|p1a: Jumpluff|Sleep Powder|p2a: Diancie\n|-status|p2a: Diancie|slp|[from] move: Sleep Powder\n|cant|p2a: Diancie|slp\n|\n|upkeep\n|turn|19\n|inactive|Time left: 300 sec this turn | 300 sec total\n|\n|t:|1783550107\n|move|p1a: Jumpluff|Acrobatics|p2a: Diancie\n|-resisted|p2a: Diancie\n|-damage|p2a: Diancie|97/100 slp\n|-curestatus|p2a: Diancie|slp|[msg]\n|move|p2a: Diancie|Earth Power|p1a: Jumpluff\n|-immune|p1a: Jumpluff\n|\n|-heal|p2a: Diancie|100/100|[from] item: Leftovers\n|-end|p2a: Diancie|Encore\n|upkeep\n|turn|20\n|inactive|Time left: 300 sec this turn | 300 sec total\n|\n|t:|1783550108\n|move|p1a: Jumpluff|Encore|p2a: Diancie\n|-start|p2a: Diancie|Encore\n|move|p2a: Diancie|Earth Power|p1a: Jumpluff\n|-immune|p1a: Jumpluff\n|\n|upkeep\n|turn|21\n|inactive|Time left: 300 sec this turn | 300 sec total\n|\n|t:|1783550109\n|move|p1a: Jumpluff|Acrobatics|p2a: Diancie\n|-resisted|p2a: Diancie\n|-damage|p2a: Diancie|98/100\n|move|p2a: Diancie|Earth Power|p1a: Jumpluff\n|-immune|p1a: Jumpluff\n|\n|-heal|p2a: Diancie|100/100|[from] item: Leftovers\n|upkeep\n|turn|22\n|inactive|Time left: 300 sec this turn | 300 sec total\n|\n|t:|1783550110\n|move|p1a: Jumpluff|Sleep Powder|p2a: Diancie|[miss]\n|-miss|p1a: Jumpluff|p2a: Diancie\n|move|p2a: Diancie|Earth Power|p1a: Jumpluff\n|-immune|p1a: Jumpluff\n|\n|-end|p2a: Diancie|Encore\n|upkeep\n|turn|23\n|inactive|Time left: 300 sec this turn | 300 sec total\n|\n|t:|1783550112\n|move|p1a: Jumpluff|Encore|p2a: Diancie\n|-start|p2a: Diancie|Encore\n|move|p2a: Diancie|Earth Power|p1a: Jumpluff\n|-immune|p1a: Jumpluff\n|\n|upkeep\n|turn|24\n|inactive|Time left: 300 sec this turn | 300 sec total\n|\n|t:|1783550113\n|move|p1a: Jumpluff|Sleep Powder|p2a: Diancie\n|-status|p2a: Diancie|slp|[from] move: Sleep Powder\n|cant|p2a: Diancie|slp\n|\n|upkeep\n|turn|25\n|inactive|Time left: 300 sec this turn | 300 sec total\n|\n|t:|1783550114\n|move|p1a: Jumpluff|Acrobatics|p2a: Diancie\n|-resisted|p2a: Diancie\n|-damage|p2a: Diancie|98/100 slp\n|-curestatus|p2a: Diancie|slp|[msg]\n|move|p2a: Diancie|Earth Power|p1a: Jumpluff\n|-immune|p1a: Jumpluff\n|\n|-heal|p2a: Diancie|100/100|[from] item: Leftovers\n|-end|p2a: Diancie|Encore\n|upkeep\n|turn|26\n|inactive|Time left: 300 sec this turn | 300 sec total\n|\n|t:|1783550115\n|move|p1a: Jumpluff|Encore|p2a: Diancie\n|-start|p2a: Diancie|Encore\n|move|p2a: Diancie|Earth Power|p1a: Jumpluff\n|-immune|p1a: Jumpluff\n|\n|upkeep\n|turn|27\n|inactive|Time left: 300 sec this turn | 300 sec total\n|\n|t:|1783550116\n|move|p1a: Jumpluff|Sleep Powder|p2a: Diancie\n|-status|p2a: Diancie|slp|[from] move: Sleep Powder\n|cant|p2a: Diancie|slp\n|\n|upkeep\n|turn|28\n|inactive|Time left: 300 sec this turn | 300 sec total\n|\n|t:|1783550117\n|switch|p2a: Arbok|Arbok, L87, M|100/100\n|-ability|p2a: Arbok|Intimidate|boost\n|-unboost|p1a: Jumpluff|atk|1\n|move|p1a: Jumpluff|Acrobatics|p2a: Arbok\n|-damage|p2a: Arbok|76/100\n|\n|-heal|p2a: Arbok|82/100|[from] item: Leftovers\n|upkeep\n|turn|29\n|inactive|Time left: 300 sec this turn | 300 sec total\n|\n|t:|1783550119\n|switch|p1a: Lycanroc|Lycanroc-Dusk, L81, F|254/254\n|move|p2a: Arbok|Gunk Shot|p1a: Lycanroc\n|-resisted|p1a: Lycanroc\n|-damage|p1a: Lycanroc|170/254\n|\n|-heal|p2a: Arbok|88/100|[from] item: Leftovers\n|upkeep\n|turn|30\n|inactive|Time left: 300 sec this turn | 300 sec total\n|\n|t:|1783550119\n|move|p1a: Lycanroc|Psychic Fangs|p2a: Arbok\n|-supereffective|p2a: Arbok\n|-damage|p2a: Arbok|0 fnt\n|faint|p2a: Arbok\n|\n|upkeep\n|\n|t:|1783550120\n|switch|p2a: Azelf|Azelf, L82|100/100\n|turn|31\n|inactive|Time left: 300 sec this turn | 300 sec total\n|\n|t:|1783550121\n|switch|p1a: Magmortar|Magmortar, L88, F|275/275\n|move|p2a: Azelf|Psyshock|p1a: Magmortar\n|-damage|p1a: Magmortar|110/275\n|\n|upkeep\n|turn|32\n|inactive|Time left: 300 sec this turn | 300 sec total\n|\n|t:|1783550122\n|switch|p1a: Jumpluff|Jumpluff, L87, F|271/271\n|move|p2a: Azelf|Psyshock|p1a: Jumpluff\n|-damage|p1a: Jumpluff|103/271\n|\n|upkeep\n|turn|33\n|inactive|Time left: 300 sec this turn | 300 sec total\n|\n|t:|1783550123\n|move|p1a: Jumpluff|Strength Sap|p2a: Azelf\n|-unboost|p2a: Azelf|atk|1\n|-heal|p1a: Jumpluff|271/271\n|move|p2a: Azelf|Psyshock|p1a: Jumpluff\n|-damage|p1a: Jumpluff|96/271\n|\n|upkeep\n|turn|34\n|inactive|Time left: 300 sec this turn | 300 sec total\n|\n|t:|1783550124\n|move|p1a: Jumpluff|Strength Sap|p2a: Azelf\n|-unboost|p2a: Azelf|atk|1\n|-heal|p1a: Jumpluff|264/271\n|move|p2a: Azelf|Psyshock|p1a: Jumpluff\n|-damage|p1a: Jumpluff|107/271\n|\n|upkeep\n|turn|35\n|inactive|Time left: 300 sec this turn | 300 sec total\n|\n|t:|1783550125\n|move|p1a: Jumpluff|Strength Sap|p2a: Azelf\n|-unboost|p2a: Azelf|atk|1\n|-heal|p1a: Jumpluff|233/271\n|move|p2a: Azelf|Psyshock|p1a: Jumpluff\n|-damage|p1a: Jumpluff|71/271\n|\n|upkeep\n|turn|36\n|inactive|Time left: 300 sec this turn | 300 sec total\n|\n|t:|1783550127\n|-terastallize|p1a: Jumpluff|Steel\n|move|p1a: Jumpluff|Strength Sap|p2a: Azelf\n|-unboost|p2a: Azelf|atk|1\n|-heal|p1a: Jumpluff|171/271\n|move|p2a: Azelf|Psyshock|p1a: Jumpluff\n|-resisted|p1a: Jumpluff\n|-damage|p1a: Jumpluff|90/271\n|\n|upkeep\n|turn|37\n|inactive|Time left: 300 sec this turn | 300 sec total\n|\n|t:|1783550128\n|move|p1a: Jumpluff|Strength Sap|p2a: Azelf\n|-unboost|p2a: Azelf|atk|1\n|-heal|p1a: Jumpluff|174/271\n|move|p2a: Azelf|Psyshock|p1a: Jumpluff\n|-resisted|p1a: Jumpluff\n|-damage|p1a: Jumpluff|86/271\n|\n|upkeep\n|turn|38\n|inactive|Time left: 300 sec this turn | 300 sec total\n|\n|t:|1783550129\n|move|p1a: Jumpluff|Acrobatics|p2a: Azelf\n|-damage|p2a: Azelf|62/100\n|move|p2a: Azelf|Psyshock|p1a: Jumpluff\n|-resisted|p1a: Jumpluff\n|-damage|p1a: Jumpluff|0 fnt\n|faint|p1a: Jumpluff\n|\n|upkeep\n|inactive|Time left: 300 sec this turn | 300 sec total | 5 sec grace\n|\n|t:|1783550130\n|switch|p1a: Lycanroc|Lycanroc-Dusk, L81, F|170/254\n|turn|39\n|inactive|Time left: 300 sec this turn | 300 sec total\n|\n|t:|1783550130\n|move|p1a: Lycanroc|Accelerock|p2a: Azelf\n|-damage|p2a: Azelf|16/100\n|move|p2a: Azelf|Psyshock|p1a: Lycanroc\n|-damage|p1a: Lycanroc|0 fnt\n|faint|p1a: Lycanroc\n|\n|upkeep\n|inactive|Time left: 300 sec this turn | 300 sec total | 5 sec grace\n|\n|t:|1783550131\n|switch|p1a: Magmortar|Magmortar, L88, F|110/275\n|turn|40\n|inactive|Time left: 300 sec this turn | 300 sec total\n|\n|t:|1783550132\n|move|p2a: Azelf|Psyshock|p1a: Magmortar\n|-damage|p1a: Magmortar|0 fnt\n|faint|p1a: Magmortar\n|\n|win|p0y878cc2e", "uploadtime": 1783550132, "views": 0, "rating": 0, "private": 0, "password": null, "_winner": "p0y878cc2e", "_our_name": "p0x8786d5b"}