{"id": "battle-gen9randombattle-1150", "formatid": "gen9randombattle", "format": "[Gen 9] Random Battle", "players": ["p0x115001af", "p0y1150118d"], "log": "|init|battle\n|title|p0x115001af vs. p0y1150118d\n|j|\u2606p0x115001af\n|j|\u2606p0y1150118d\n|t:|1783553362\n|gametype|singles\n|player|p1|p0x115001af|2|\n|player|p2|p0y1150118d|169|\n|gen|9\n|tier|[Gen 9] Random Battle\n|rule|Species Clause: Limit one of each Pok\u00e9mon\n|rule|HP Percentage Mod: HP is shown in percentages\n|rule|Sleep Clause Mod: Limit one foe put to sleep\n|rule|Illusion Level Mod: Illusion disguises the Pok\u00e9mon's true level\n|\n|t:|1783553362\n|teamsize|p1|6\n|teamsize|p2|6\n|start\n|switch|p1a: Smeargle|Smeargle, L95, M|258/258\n|switch|p2a: Politoed|Politoed, L88, F|100/100\n|-weather|RainDance|[from] ability: Drizzle|[of] p2a: Politoed\n|turn|1\n|inactive|Battle timer is ON: inactive players will automatically lose when time's up. (requested by p0y1150118d)\n|inactive|Time left: 300 sec this turn | 300 sec total | 60 sec grace\n|inactive|p0x115001af also wants the timer to be on.\n|\n|t:|1783553363\n|move|p1a: Smeargle|Sticky Web|p2a: Politoed\n|-sidestart|p2: p0y1150118d|move: Sticky Web\n|move|p2a: Politoed|Weather Ball|p1a: Smeargle\n|-enditem|p1a: Smeargle|Focus Sash\n|-damage|p1a: Smeargle|1/258\n|\n|-weather|RainDance|[upkeep]\n|upkeep\n|turn|2\n|inactive|Time left: 300 sec this turn | 300 sec total\n|\n|t:|1783553365\n|move|p1a: Smeargle|Spore|p2a: Politoed\n|-status|p2a: Politoed|slp|[from] move: Spore\n|cant|p2a: Politoed|slp\n|\n|-weather|RainDance|[upkeep]\n|upkeep\n|turn|3\n|inactive|Time left: 300 sec this turn | 300 sec total\n|\n|t:|1783553366\n|move|p1a: Smeargle|Ceaseless Edge|p2a: Politoed\n|-damage|p2a: Politoed|92/100 slp\n|-sidestart|p2: p0y1150118d|Spikes\n|-curestatus|p2a: Politoed|slp|[msg]\n|move|p2a: Politoed|Weather Ball|p1a: Smeargle\n|-damage|p1a: Smeargle|0 fnt\n|faint|p1a: Smeargle\n|\n|-weather|RainDance|[upkeep]\n|upkeep\n|inactive|Time left: 300 sec this turn | 300 sec total | 5 sec grace\n|\n|t:|1783553367\n|switch|p1a: Regidrago|Regidrago, L77|435/435\n|turn|4\n|inactive|Time left: 300 sec this turn | 300 sec total\n|\n|t:|1783553368\n|move|p1a: Regidrago|Outrage|p2a: Politoed\n|-damage|p2a: Politoed|37/100\n|move|p2a: Politoed|Weather Ball|p1a: Regidrago\n|-resisted|p1a: Regidrago\n|-damage|p1a: Regidrago|223/435\n|\n|-weather|RainDance|[upkeep]\n|upkeep\n|turn|5\n|inactive|Time left: 300 sec this turn | 300 sec total\n|\n|t:|1783553369\n|switch|p2a: Hatterene|Hatterene, L85, F|100/100\n|-activate|p2a: Hatterene|move: Sticky Web\n|-unboost|p2a: Hatterene|spe|1\n|-damage|p2a: Hatterene|88/100|[from] Spikes\n|move|p1a: Regidrago|Outrage|p2a: Hatterene|[from] lockedmove\n|-immune|p2a: Hatterene\n|\n|-weather|none\n|-heal|p2a: Hatterene|94/100|[from] item: Leftovers\n|upkeep\n|turn|6\n|inactive|Time left: 300 sec this turn | 300 sec total\n|\n|t:|1783553370\n|move|p1a: Regidrago|Outrage|p2a: Hatterene\n|-immune|p2a: Hatterene\n|move|p2a: Hatterene|Draining Kiss|p1a: Regidrago\n|-supereffective|p1a: Regidrago\n|-damage|p1a: Regidrago|0 fnt\n|-heal|p2a: Hatterene|100/100|[from] drain|[of] p1a: Regidrago\n|faint|p1a: Regidrago\n|\n|upkeep\n|inactive|Time left: 300 sec this turn | 300 sec total | 5 sec grace\n|\n|t:|1783553370\n|switch|p1a: Typhlosion|Typhlosion, L84, M|267/267\n|turn|7\n|inactive|Time left: 300 sec this turn | 300 sec total\n|\n|t:|1783553371\n|switch|p2a: Noivern|Noivern, L82, M|100/100\n|move|p1a: Typhlosion|Eruption|p2a: Noivern\n|-resisted|p2a: Noivern\n|-damage|p2a: Noivern|48/100\n|\n|upkeep\n|turn|8\n|inactive|Time left: 300 sec this turn | 300 sec total\n|\n|t:|1783553372\n|move|p2a: Noivern|Defog|p1a: Typhlosion\n|-unboost|p1a: Typhlosion|evasion|1\n|-sideend|p2: p0y1150118d|Spikes|[from] move: Defog|[of] p2a: Noivern\n|-sideend|p2: p0y1150118d|Sticky Web|[from] move: Defog|[of] p2a: Noivern\n|move|p1a: Typhlosion|Eruption|p2a: Noivern\n|-resisted|p2a: Noivern\n|-damage|p2a: Noivern|0 fnt\n|faint|p2a: Noivern\n|\n|upkeep\n|\n|t:|1783553372\n|switch|p2a: Politoed|Politoed, L88, F|37/100\n|-weather|RainDance|[from] ability: Drizzle|[of] p2a: Politoed\n|turn|9\n|inactive|Time left: 300 sec this turn | 300 sec total\n|\n|t:|1783553373\n|switch|p1a: Gallade|Gallade, L80, M|240/240\n|move|p2a: Politoed|Weather Ball|p1a: Gallade\n|-damage|p1a: Gallade|35/240\n|\n|-weather|RainDance|[upkeep]\n|upkeep\n|turn|10\n|inactive|Time left: 300 sec this turn | 300 sec total\n|\n|t:|1783553374\n|switch|p2a: Hatterene|Hatterene, L85, F|100/100\n|move|p1a: Gallade|Night Slash|p2a: Hatterene\n|-crit|p2a: Hatterene\n|-damage|p2a: Hatterene|37/100\n|-damage|p1a: Gallade|11/240|[from] item: Life Orb\n|\n|-weather|RainDance|[upkeep]\n|-heal|p2a: Hatterene|43/100|[from] item: Leftovers\n|upkeep\n|turn|11\n|inactive|Time left: 300 sec this turn | 300 sec total\n|\n|t:|1783553375\n|move|p1a: Gallade|Night Slash|p2a: Hatterene\n|-damage|p2a: Hatterene|0 fnt\n|faint|p2a: Hatterene\n|-damage|p1a: Gallade|0 fnt|[from] item: Life Orb\n|faint|p1a: Gallade\n|\n|-weather|RainDance|[upkeep]\n|upkeep\n|inactive|Time left: 300 sec this turn | 300 sec total | 5 sec grace\n|\n|t:|1783553376\n|switch|p1a: Iron Valiant|Iron Valiant, L78|244/244\n|switch|p2a: Gallade|Gallade, L80, M|100/100\n|turn|12\n|inactive|Time left: 300 sec this turn | 300 sec total\n|\n|t:|1783553377\n|switch|p2a: Clodsire|Clodsire, L81, F|100/100\n|move|p1a: Iron Valiant|Spirit Break|p2a: Clodsire\n|-resisted|p2a: Clodsire\n|-damage|p2a: Clodsire|77/100\n|-unboost|p2a: Clodsire|spa|1\n|-damage|p1a: Iron Valiant|220/244|[from] item: Life Orb\n|\n|-weather|RainDance|[upkeep]\n|-heal|p2a: Clodsire|83/100|[from] item: Leftovers\n|upkeep\n|turn|13\n|inactive|Time left: 300 sec this turn | 300 sec total\n|\n|t:|1783553378\n|move|p1a: Iron Valiant|Swords Dance|p1a: Iron Valiant\n|-boost|p1a: Iron Valiant|atk|2\n|move|p2a: Clodsire|Gunk Shot|p1a: Iron Valiant\n|-supereffective|p1a: Iron Valiant\n|-damage|p1a: Iron Valiant|20/244\n|-status|p1a: Iron Valiant|psn\n|\n|-weather|none\n|-heal|p2a: Clodsire|89/100|[from] item: Leftovers\n|-damage|p1a: Iron Valiant|0 fnt|[from] psn\n|faint|p1a: Iron Valiant\n|-end|p1a: Iron Valiant|Quark Drive|[silent]\n|upkeep\n|inactive|Time left: 300 sec this turn | 300 sec total | 5 sec grace\n|\n|t:|1783553379\n|switch|p1a: Typhlosion|Typhlosion, L84, M|267/267\n|turn|14\n|inactive|Time left: 300 sec this turn | 300 sec total\n|\n|t:|1783553380\n|move|p1a: Typhlosion|Eruption|p2a: Clodsire\n|-damage|p2a: Clodsire|16/100\n|move|p2a: Clodsire|Earthquake|p1a: Typhlosion\n|-supereffective|p1a: Typhlosion\n|-damage|p1a: Typhlosion|73/267\n|\n|-heal|p2a: Clodsire|22/100|[from] item: Leftovers\n|upkeep\n|turn|15\n|inactive|Time left: 300 sec this turn | 300 sec total\n|\n|t:|1783553381\n|switch|p2a: Politoed|Politoed, L88, F|37/100\n|-weather|RainDance|[from] ability: Drizzle|[of] p2a: Politoed\n|move|p1a: Typhlosion|Eruption|p2a: Politoed\n|-resisted|p2a: Politoed\n|-damage|p2a: Politoed|29/100\n|\n|-weather|RainDance|[upkeep]\n|upkeep\n|turn|16\n|inactive|Time left: 300 sec this turn | 300 sec total\n|\n|t:|1783553382\n|-terastallize|p2a: Politoed|Water\n|move|p1a: Typhlosion|Eruption|p2a: Politoed\n|-resisted|p2a: Politoed\n|-damage|p2a: Politoed|22/100\n|move|p2a: Politoed|Weather Ball|p1a: Typhlosion\n|-supereffective|p1a: Typhlosion\n|-damage|p1a: Typhlosion|0 fnt\n|faint|p1a: Typhlosion\n|\n|-weather|RainDance|[upkeep]\n|upkeep\n|inactive|Time left: 300 sec this turn | 300 sec total | 5 sec grace\n|\n|t:|1783553383\n|switch|p1a: Swalot|Swalot, L90, M|326/326\n|turn|17\n|inactive|Time left: 300 sec this turn | 300 sec total\n|\n|t:|1783553384\n|move|p1a: Swalot|Protect|p1a: Swalot\n|-singleturn|p1a: Swalot|Protect\n|move|p2a: Politoed|Weather Ball|p1a: Swalot\n|-activate|p1a: Swalot|move: Protect\n|\n|-weather|RainDance|[upkeep]\n|upkeep\n|turn|18\n|inactive|Time left: 300 sec this turn | 300 sec total\n|\n|t:|1783553385\n|move|p1a: Swalot|Protect||[still]\n|-fail|p1a: Swalot\n|move|p2a: Politoed|Weather Ball|p1a: Swalot\n|-damage|p1a: Swalot|0 fnt\n|faint|p1a: Swalot\n|\n|win|p0y1150118d", "uploadtime": 1783553385, "views": 0, "rating": 0, "private": 0, "password": null, "_winner": "p0y1150118d", "_our_name": "p0x115001af"}