{"id": "battle-gen9randombattle-2024", "formatid": "gen9randombattle", "format": "[Gen 9] Random Battle", "players": ["p0x20244de9", "p0y20241be4"], "log": "|init|battle\n|title|p0x20244de9 vs. p0y20241be4\n|j|\u2606p0x20244de9\n|j|\u2606p0y20241be4\n|t:|1783562678\n|gametype|singles\n|player|p1|p0x20244de9|101|\n|player|p2|p0y20241be4|169|\n|gen|9\n|tier|[Gen 9] Random Battle\n|rule|Species Clause: Limit one of each Pok\u00e9mon\n|rule|HP Percentage Mod: HP is shown in percentages\n|rule|Sleep Clause Mod: Limit one foe put to sleep\n|rule|Illusion Level Mod: Illusion disguises the Pok\u00e9mon's true level\n|\n|t:|1783562678\n|teamsize|p1|6\n|teamsize|p2|6\n|start\n|switch|p1a: Skeledirge|Skeledirge, L79, F|100/100\n|switch|p2a: Bruxish|Bruxish, L85, M|254/254\n|turn|1\n|inactive|Battle timer is ON: inactive players will automatically lose when time's up. (requested by p0x20244de9)\n|inactive|Time left: 300 sec this turn | 300 sec total | 60 sec grace\n|\n|t:|1783562680\n|move|p2a: Bruxish|Wave Crash|p1a: Skeledirge\n|-supereffective|p1a: Skeledirge\n|-damage|p1a: Skeledirge|0 fnt\n|faint|p1a: Skeledirge\n|-damage|p2a: Bruxish|157/254|[from] Recoil\n|\n|upkeep\n|inactive|p0y20241be4 also wants the timer to be on.\n|\n|t:|1783562681\n|switch|p1a: Kyurem|Kyurem-Black, L71|100/100\n|-ability|p1a: Kyurem|Teravolt\n|turn|2\n|inactive|Time left: 300 sec this turn | 300 sec total\n|\n|t:|1783562682\n|move|p2a: Bruxish|Wave Crash|p1a: Kyurem\n|-resisted|p1a: Kyurem\n|-damage|p1a: Kyurem|63/100\n|-damage|p2a: Bruxish|121/254|[from] Recoil\n|move|p1a: Kyurem|Dragon Dance|p1a: Kyurem\n|-boost|p1a: Kyurem|atk|1\n|-boost|p1a: Kyurem|spe|1\n|\n|upkeep\n|turn|3\n|inactive|Time left: 300 sec this turn | 300 sec total\n|\n|t:|1783562683\n|switch|p2a: Overqwil|Overqwil, L82, M|274/274\n|-ability|p2a: Overqwil|Intimidate|boost\n|-unboost|p1a: Kyurem|atk|1\n|move|p1a: Kyurem|Scale Shot|p2a: Overqwil\n|-damage|p2a: Overqwil|244/274\n|-damage|p2a: Overqwil|214/274\n|-damage|p2a: Overqwil|181/274\n|-damage|p2a: Overqwil|151/274\n|-damage|p2a: Overqwil|121/274\n|-hitcount|p2a: Overqwil|5\n|-unboost|p1a: Kyurem|def|1\n|-boost|p1a: Kyurem|spe|1\n|\n|upkeep\n|turn|4\n|inactive|Time left: 300 sec this turn | 300 sec total\n|\n|t:|1783562684\n|-terastallize|p1a: Kyurem|Ground\n|move|p1a: Kyurem|Tera Blast|p2a: Overqwil|[anim] Tera Blast Ground\n|-supereffective|p2a: Overqwil\n|-damage|p2a: Overqwil|0 fnt\n|faint|p2a: Overqwil\n|\n|upkeep\n|inactive|Time left: 300 sec this turn | 300 sec total | 5 sec grace\n|\n|t:|1783562685\n|switch|p2a: Azelf|Azelf, L82|257/257\n|turn|5\n|inactive|Time left: 300 sec this turn | 300 sec total\n|\n|t:|1783562686\n|move|p1a: Kyurem|Icicle Spear|p2a: Azelf\n|-damage|p2a: Azelf|215/257\n|-damage|p2a: Azelf|175/257\n|-crit|p2a: Azelf\n|-damage|p2a: Azelf|115/257\n|-damage|p2a: Azelf|78/257\n|-damage|p2a: Azelf|42/257\n|-hitcount|p2a: Azelf|5\n|move|p2a: Azelf|Psyshock|p1a: Kyurem\n|-damage|p1a: Kyurem|0 fnt\n|faint|p1a: Kyurem\n|\n|upkeep\n|\n|t:|1783562688\n|switch|p1a: Dragapult|Dragapult, L77, M|100/100\n|turn|6\n|inactive|Time left: 300 sec this turn | 300 sec total\n|\n|t:|1783562689\n|switch|p2a: Klawf|Klawf, L90, M|272/272\n|move|p1a: Dragapult|Hex|p2a: Klawf\n|-damage|p2a: Klawf|196/272\n|\n|upkeep\n|turn|7\n|inactive|Time left: 300 sec this turn | 300 sec total\n|\n|t:|1783562690\n|move|p1a: Dragapult|Will-O-Wisp|p2a: Klawf\n|-status|p2a: Klawf|brn\n|move|p2a: Klawf|Swords Dance|p2a: Klawf\n|-boost|p2a: Klawf|atk|2\n|\n|-damage|p2a: Klawf|179/272 brn|[from] brn\n|upkeep\n|turn|8\n|inactive|Time left: 300 sec this turn | 300 sec total\n|\n|t:|1783562691\n|move|p1a: Dragapult|Hex|p2a: Klawf\n|-crit|p2a: Klawf\n|-damage|p2a: Klawf|0 fnt\n|faint|p2a: Klawf\n|\n|upkeep\n|inactive|Time left: 300 sec this turn | 300 sec total | 5 sec grace\n|\n|t:|1783562692\n|switch|p2a: Persian|Persian-Alola, L86, F|252/252\n|turn|9\n|inactive|Time left: 300 sec this turn | 300 sec total\n|\n|t:|1783562693\n|move|p1a: Dragapult|U-turn|p2a: Persian\n|-supereffective|p2a: Persian\n|-damage|p2a: Persian|184/252\n|\n|t:|1783562693\n|switch|p1a: Chesnaught|Chesnaught, L84, M|100/100|[from] U-turn\n|move|p2a: Persian|Foul Play|p1a: Chesnaught\n|-resisted|p1a: Chesnaught\n|-damage|p1a: Chesnaught|86/100\n|\n|-heal|p1a: Chesnaught|92/100|[from] item: Leftovers\n|upkeep\n|turn|10\n|inactive|Time left: 300 sec this turn | 300 sec total\n|\n|t:|1783562694\n|move|p2a: Persian|Parting Shot|p1a: Chesnaught\n|-unboost|p1a: Chesnaught|atk|1\n|-unboost|p1a: Chesnaught|spa|1\n|inactive|Time left: 300 sec this turn | 300 sec total | 5 sec grace\n|\n|t:|1783562695\n|switch|p2a: Azelf|Azelf, L82|42/257|[from] Parting Shot\n|move|p1a: Chesnaught|Trailblaze|p2a: Azelf\n|-damage|p2a: Azelf|0 fnt\n|-boost|p1a: Chesnaught|spe|1\n|faint|p2a: Azelf\n|\n|-heal|p1a: Chesnaught|98/100|[from] item: Leftovers\n|upkeep\n|inactive|Time left: 300 sec this turn | 300 sec total | 10 sec grace\n|\n|t:|1783562696\n|switch|p2a: Bruxish|Bruxish, L85, M|121/254\n|turn|11\n|inactive|Time left: 300 sec this turn | 300 sec total\n|\n|t:|1783562697\n|switch|p1a: Wyrdeer|Wyrdeer, L87, M|100/100\n|-ability|p1a: Wyrdeer|Intimidate|boost\n|-unboost|p2a: Bruxish|atk|1\n|move|p2a: Bruxish|Psychic Fangs|p1a: Wyrdeer\n|-resisted|p1a: Wyrdeer\n|-damage|p1a: Wyrdeer|75/100\n|\n|-heal|p1a: Wyrdeer|81/100|[from] item: Leftovers\n|upkeep\n|turn|12\n|inactive|Time left: 300 sec this turn | 300 sec total\n|\n|t:|1783562698\n|move|p2a: Bruxish|Psychic Fangs|p1a: Wyrdeer\n|-resisted|p1a: Wyrdeer\n|-damage|p1a: Wyrdeer|56/100\n|move|p1a: Wyrdeer|Megahorn|p2a: Bruxish\n|-supereffective|p2a: Bruxish\n|-damage|p2a: Bruxish|0 fnt\n|faint|p2a: Bruxish\n|\n|-heal|p1a: Wyrdeer|62/100|[from] item: Leftovers\n|upkeep\n|inactive|Time left: 300 sec this turn | 300 sec total | 5 sec grace\n|\n|t:|1783562699\n|switch|p2a: Raikou|Raikou, L81|278/278\n|-ability|p2a: Raikou|Pressure\n|turn|13\n|inactive|Time left: 300 sec this turn | 300 sec total\n|\n|t:|1783562700\n|move|p2a: Raikou|Calm Mind|p2a: Raikou\n|-boost|p2a: Raikou|spa|1\n|-boost|p2a: Raikou|spd|1\n|move|p1a: Wyrdeer|Earthquake|p2a: Raikou\n|-supereffective|p2a: Raikou\n|-damage|p2a: Raikou|82/278\n|\n|-heal|p1a: Wyrdeer|69/100|[from] item: Leftovers\n|upkeep\n|turn|14\n|inactive|Time left: 300 sec this turn | 300 sec total\n|\n|t:|1783562701\n|-terastallize|p2a: Raikou|Flying\n|move|p2a: Raikou|Scald|p1a: Wyrdeer\n|-damage|p1a: Wyrdeer|39/100\n|move|p1a: Wyrdeer|Earthquake|p2a: Raikou\n|-immune|p2a: Raikou\n|\n|-heal|p1a: Wyrdeer|45/100|[from] item: Leftovers\n|upkeep\n|turn|15\n|inactive|Time left: 300 sec this turn | 300 sec total\n|\n|t:|1783562701\n|switch|p1a: Dragapult|Dragapult, L77, M|100/100\n|move|p2a: Raikou|Scald|p1a: Dragapult\n|-resisted|p1a: Dragapult\n|-damage|p1a: Dragapult|78/100\n|\n|upkeep\n|turn|16\n|inactive|Time left: 300 sec this turn | 300 sec total\n|\n|t:|1783562702\n|switch|p2a: Persian|Persian-Alola, L86, F|184/252\n|move|p1a: Dragapult|Dragon Darts|p2a: Persian\n|-crit|p2a: Persian\n|-damage|p2a: Persian|130/252\n|-anim|p1a: Dragapult|Dragon Darts|p2a: Persian\n|-damage|p2a: Persian|94/252\n|\n|upkeep\n|turn|17\n|inactive|Time left: 300 sec this turn | 300 sec total\n|\n|t:|1783562703\n|move|p1a: Dragapult|U-turn|p2a: Persian\n|-supereffective|p2a: Persian\n|-damage|p2a: Persian|32/252\n|\n|t:|1783562704\n|switch|p1a: Rillaboom|Rillaboom, L79, M|100/100|[from] U-turn\n|-fieldstart|move: Grassy Terrain|[from] ability: Grassy Surge|[of] p1a: Rillaboom\n|move|p2a: Persian|Foul Play|p1a: Rillaboom\n|-damage|p1a: Rillaboom|61/100\n|\n|-heal|p2a: Persian|47/252|[from] Grassy Terrain\n|-heal|p1a: Rillaboom|67/100|[from] Grassy Terrain\n|upkeep\n|turn|18\n|inactive|Time left: 300 sec this turn | 300 sec total\n|\n|t:|1783562705\n|move|p1a: Rillaboom|Grassy Glide|p2a: Persian\n|-damage|p2a: Persian|0 fnt\n|faint|p2a: Persian\n|-damage|p1a: Rillaboom|57/100|[from] item: Life Orb\n|\n|-heal|p1a: Rillaboom|63/100|[from] Grassy Terrain\n|upkeep\n|inactive|Time left: 300 sec this turn | 300 sec total | 5 sec grace\n|\n|t:|1783562706\n|switch|p2a: Raikou|Raikou, L81, tera:Flying|82/278\n|-ability|p2a: Raikou|Pressure\n|turn|19\n|inactive|Time left: 300 sec this turn | 300 sec total\n|\n|t:|1783562706\n|move|p2a: Raikou|Scald|p1a: Rillaboom\n|-resisted|p1a: Rillaboom\n|-damage|p1a: Rillaboom|49/100\n|move|p1a: Rillaboom|Wood Hammer|p2a: Raikou\n|-resisted|p2a: Raikou\n|-damage|p2a: Raikou|0 fnt\n|faint|p2a: Raikou\n|-damage|p1a: Rillaboom|40/100|[from] Recoil\n|-damage|p1a: Rillaboom|30/100|[from] item: Life Orb\n|\n|win|p0x20244de9", "uploadtime": 1783562706, "views": 0, "rating": 0, "private": 0, "password": null, "_winner": "p0x20244de9", "_our_name": "p0y20241be4"}