{"id": "battle-gen9randombattle-1960", "formatid": "gen9randombattle", "format": "[Gen 9] Random Battle", "players": ["p0x1960987a", "p0y19603b0c"], "log": "|init|battle\n|title|p0x1960987a vs. p0y19603b0c\n|j|\u2606p0x1960987a\n|j|\u2606p0y19603b0c\n|t:|1783562675\n|gametype|singles\n|player|p1|p0x1960987a|170|\n|player|p2|p0y19603b0c|170|\n|gen|9\n|tier|[Gen 9] Random Battle\n|rule|Species Clause: Limit one of each Pok\u00e9mon\n|rule|HP Percentage Mod: HP is shown in percentages\n|rule|Sleep Clause Mod: Limit one foe put to sleep\n|rule|Illusion Level Mod: Illusion disguises the Pok\u00e9mon's true level\n|\n|t:|1783562675\n|teamsize|p1|6\n|teamsize|p2|6\n|start\n|switch|p1a: Gumshoos|Gumshoos, L95, F|100/100\n|switch|p2a: Serperior|Serperior, L79, M|248/248\n|turn|1\n|inactive|Battle timer is ON: inactive players will automatically lose when time's up. (requested by p0y19603b0c)\n|inactive|p0x1960987a also wants the timer to be on.\n|\n|t:|1783562676\n|move|p2a: Serperior|Substitute|p2a: Serperior\n|-start|p2a: Serperior|Substitute\n|-damage|p2a: Serperior|186/248\n|move|p1a: Gumshoos|Double-Edge|p2a: Serperior\n|-end|p2a: Serperior|Substitute\n|-damage|p1a: Gumshoos|94/100|[from] Recoil|[of] p2a: Serperior\n|\n|-heal|p2a: Serperior|201/248|[from] item: Leftovers\n|upkeep\n|turn|2\n|inactive|Time left: 300 sec this turn | 300 sec total\n|\n|t:|1783562677\n|move|p2a: Serperior|Leaf Storm|p1a: Gumshoos\n|-damage|p1a: Gumshoos|59/100\n|-boost|p2a: Serperior|spa|2\n|move|p1a: Gumshoos|Double-Edge|p2a: Serperior\n|-damage|p2a: Serperior|0 fnt\n|faint|p2a: Serperior\n|-damage|p1a: Gumshoos|38/100|[from] Recoil\n|\n|upkeep\n|inactive|Time left: 300 sec this turn | 300 sec total | 5 sec grace\n|\n|t:|1783562678\n|switch|p2a: Drednaw|Drednaw, L81, F|278/278\n|turn|3\n|inactive|Time left: 300 sec this turn | 300 sec total\n|\n|t:|1783562679\n|switch|p1a: Quaquaval|Quaquaval, L79, F|100/100\n|move|p2a: Drednaw|Shell Smash|p2a: Drednaw\n|-unboost|p2a: Drednaw|def|1\n|-unboost|p2a: Drednaw|spd|1\n|-boost|p2a: Drednaw|atk|2\n|-boost|p2a: Drednaw|spa|2\n|-boost|p2a: Drednaw|spe|2\n|-enditem|p2a: Drednaw|White Herb\n|-clearnegativeboost|p2a: Drednaw|[silent]\n|\n|upkeep\n|turn|4\n|inactive|Time left: 300 sec this turn | 300 sec total\n|\n|t:|1783562680\n|move|p2a: Drednaw|Stone Edge|p1a: Quaquaval\n|-resisted|p1a: Quaquaval\n|-damage|p1a: Quaquaval|55/100\n|move|p1a: Quaquaval|Close Combat|p2a: Drednaw\n|-supereffective|p2a: Drednaw\n|-crit|p2a: Drednaw\n|-damage|p2a: Drednaw|0 fnt\n|-unboost|p1a: Quaquaval|def|1\n|-unboost|p1a: Quaquaval|spd|1\n|faint|p2a: Drednaw\n|-ability|p1a: Quaquaval|Moxie|boost\n|-boost|p1a: Quaquaval|atk|1\n|\n|upkeep\n|inactive|Time left: 300 sec this turn | 300 sec total | 5 sec grace\n|\n|t:|1783562681\n|switch|p2a: Chi-Yu|Chi-Yu, L77|211/211\n|-ability|p2a: Chi-Yu|Beads of Ruin\n|turn|5\n|inactive|Time left: 300 sec this turn | 300 sec total\n|\n|t:|1783562682\n|move|p2a: Chi-Yu|Psychic|p1a: Quaquaval\n|-supereffective|p1a: Quaquaval\n|-damage|p1a: Quaquaval|0 fnt\n|faint|p1a: Quaquaval\n|\n|upkeep\n|\n|t:|1783562683\n|switch|p1a: Ho-Oh|Ho-Oh, L71|100/100\n|turn|6\n|inactive|Time left: 300 sec this turn | 300 sec total\n|\n|t:|1783562684\n|move|p2a: Chi-Yu|Nasty Plot|p2a: Chi-Yu\n|-boost|p2a: Chi-Yu|spa|2\n|move|p1a: Ho-Oh|Earthquake|p2a: Chi-Yu\n|-supereffective|p2a: Chi-Yu\n|-damage|p2a: Chi-Yu|55/211\n|\n|upkeep\n|turn|7\n|inactive|Time left: 300 sec this turn | 300 sec total\n|\n|t:|1783562685\n|move|p2a: Chi-Yu|Dark Pulse|p1a: Ho-Oh\n|-damage|p1a: Ho-Oh|33/100\n|move|p1a: Ho-Oh|Brave Bird|p2a: Chi-Yu\n|-damage|p2a: Chi-Yu|0 fnt\n|faint|p2a: Chi-Yu\n|-damage|p1a: Ho-Oh|26/100|[from] Recoil\n|\n|upkeep\n|inactive|Time left: 300 sec this turn | 300 sec total | 5 sec grace\n|\n|t:|1783562686\n|switch|p2a: Malamar|Malamar, L82, M|275/275\n|turn|8\n|inactive|Time left: 300 sec this turn | 300 sec total\n|\n|t:|1783562687\n|switch|p1a: Mimikyu|Mimikyu, L79, M|100/100\n|move|p2a: Malamar|Superpower|p1a: Mimikyu\n|-immune|p1a: Mimikyu\n|\n|upkeep\n|turn|9\n|inactive|Time left: 300 sec this turn | 300 sec total\n|\n|t:|1783562688\n|move|p1a: Mimikyu|Swords Dance|p1a: Mimikyu\n|-boost|p1a: Mimikyu|atk|2\n|move|p2a: Malamar|Superpower|p1a: Mimikyu\n|-immune|p1a: Mimikyu\n|\n|upkeep\n|turn|10\n|inactive|Time left: 300 sec this turn | 300 sec total\n|\n|t:|1783562689\n|move|p1a: Mimikyu|Play Rough|p2a: Malamar\n|-supereffective|p2a: Malamar\n|-damage|p2a: Malamar|0 fnt\n|faint|p2a: Malamar\n|-damage|p1a: Mimikyu|91/100|[from] item: Life Orb\n|\n|upkeep\n|inactive|Time left: 300 sec this turn | 300 sec total | 5 sec grace\n|\n|t:|1783562690\n|switch|p2a: Swanna|Swanna, L89, M|278/278\n|turn|11\n|inactive|Time left: 300 sec this turn | 300 sec total\n|\n|t:|1783562691\n|-terastallize|p1a: Mimikyu|Fairy\n|move|p2a: Swanna|Hydro Pump|p1a: Mimikyu\n|-activate|p1a: Mimikyu|ability: Disguise\n|-damage|p1a: Mimikyu|91/100\n|detailschange|p1a: Mimikyu|Mimikyu-Busted, L79, M, tera:Fairy\n|-damage|p1a: Mimikyu|78/100|[from] pokemon: Mimikyu-Busted\n|move|p1a: Mimikyu|Play Rough|p2a: Swanna\n|-damage|p2a: Swanna|0 fnt\n|faint|p2a: Swanna\n|-damage|p1a: Mimikyu|69/100|[from] item: Life Orb\n|\n|upkeep\n|inactive|Time left: 300 sec this turn | 300 sec total | 5 sec grace\n|\n|t:|1783562692\n|switch|p2a: Noctowl|Noctowl, L95, F|344/344\n|turn|12\n|inactive|Time left: 300 sec this turn | 300 sec total\n|\n|t:|1783562693\n|move|p1a: Mimikyu|Play Rough|p2a: Noctowl\n|-damage|p2a: Noctowl|1/344\n|-damage|p1a: Mimikyu|59/100|[from] item: Life Orb\n|move|p2a: Noctowl|Hurricane|p1a: Mimikyu\n|-damage|p1a: Mimikyu|0 fnt\n|faint|p1a: Mimikyu\n|\n|upkeep\n|\n|t:|1783562693\n|switch|p1a: Altaria|Altaria, L89, F|100/100\n|turn|13\n|inactive|Time left: 300 sec this turn | 300 sec total\n|\n|t:|1783562694\n|-terastallize|p2a: Noctowl|Normal\n|move|p1a: Altaria|Brave Bird|p2a: Noctowl\n|-damage|p2a: Noctowl|0 fnt\n|faint|p2a: Noctowl\n|-damage|p1a: Altaria|99/100|[from] Recoil\n|\n|win|p0x1960987a", "uploadtime": 1783562694, "views": 0, "rating": 0, "private": 0, "password": null, "_winner": "p0x1960987a", "_our_name": "p0y19603b0c"}