{"id": "battle-gen9randombattle-201", "formatid": "gen9randombattle", "format": "[Gen 9] Random Battle", "players": ["p0x201666c", "p0y201e089"], "log": "|init|battle\n|title|p0x201666c vs. p0y201e089\n|j|\u2606p0x201666c\n|j|\u2606p0y201e089\n|t:|1783541885\n|gametype|singles\n|player|p1|p0x201666c|1|\n|player|p2|p0y201e089|102|\n|gen|9\n|tier|[Gen 9] Random Battle\n|rule|Species Clause: Limit one of each Pok\u00e9mon\n|rule|HP Percentage Mod: HP is shown in percentages\n|rule|Sleep Clause Mod: Limit one foe put to sleep\n|rule|Illusion Level Mod: Illusion disguises the Pok\u00e9mon's true level\n|\n|t:|1783541885\n|teamsize|p1|6\n|teamsize|p2|6\n|start\n|switch|p1a: Bruxish|Bruxish, L85, F|254/254\n|switch|p2a: Oricorio|Oricorio-Sensu, L85, F|100/100\n|turn|1\n|inactive|Battle timer is ON: inactive players will automatically lose when time's up. (requested by p0x201666c)\n|inactive|p0y201e089 also wants the timer to be on.\n|\n|t:|1783541886\n|move|p2a: Oricorio|Revelation Dance|p1a: Bruxish\n|-supereffective|p1a: Bruxish\n|-damage|p1a: Bruxish|38/254\n|move|p1a: Bruxish|Psychic Fangs|p2a: Oricorio\n|-damage|p2a: Oricorio|0 fnt\n|faint|p2a: Oricorio\n|\n|upkeep\n|\n|t:|1783541887\n|switch|p2a: Morpeko|Morpeko, L88, M|100/100\n|turn|2\n|inactive|Time left: 300 sec this turn | 300 sec total\n|\n|t:|1783541889\n|switch|p1a: Garchomp|Garchomp, L74, M|282/282\n|move|p2a: Morpeko|Aura Wheel|p1a: Garchomp\n|-immune|p1a: Garchomp\n|\n|-formechange|p2a: Morpeko|Morpeko-Hangry||[from] ability: Hunger Switch\n|upkeep\n|turn|3\n|inactive|Time left: 300 sec this turn | 300 sec total\n|\n|t:|1783541890\n|switch|p2a: Ursaluna|Ursaluna, L79, M|100/100\n|move|p1a: Garchomp|Earthquake|p2a: Ursaluna\n|-damage|p2a: Ursaluna|73/100\n|\n|-status|p2a: Ursaluna|brn|[from] item: Flame Orb\n|upkeep\n|turn|4\n|inactive|Time left: 300 sec this turn | 300 sec total\n|\n|t:|1783541892\n|move|p1a: Garchomp|Swords Dance|p1a: Garchomp\n|-boost|p1a: Garchomp|atk|2\n|move|p2a: Ursaluna|Facade|p1a: Garchomp\n|-damage|p1a: Garchomp|0 fnt\n|-damage|p2a: Ursaluna|60/100 brn|[from] ability: Rough Skin|[of] p1a: Garchomp\n|faint|p1a: Garchomp\n|\n|-damage|p2a: Ursaluna|55/100 brn|[from] brn\n|upkeep\n|inactive|Time left: 300 sec this turn | 300 sec total | 5 sec grace\n|\n|t:|1783541893\n|switch|p1a: Pelipper|Pelipper, L86, M|243/243\n|-weather|RainDance|[from] ability: Drizzle|[of] p1a: Pelipper\n|turn|5\n|inactive|Time left: 300 sec this turn | 300 sec total\n|\n|t:|1783541894\n|switch|p2a: Poliwrath|Poliwrath, L88, M|100/100\n|move|p1a: Pelipper|Weather Ball|p2a: Poliwrath\n|-immune|p2a: Poliwrath|[from] ability: Water Absorb\n|\n|-weather|RainDance|[upkeep]\n|upkeep\n|turn|6\n|inactive|Time left: 300 sec this turn | 300 sec total\n|\n|t:|1783541895\n|switch|p1a: Luxray|Luxray, L88, F|284/284\n|-ability|p1a: Luxray|Intimidate|boost\n|-unboost|p2a: Poliwrath|atk|1\n|move|p2a: Poliwrath|Knock Off|p1a: Luxray\n|-damage|p1a: Luxray|234/284\n|-enditem|p1a: Luxray|Assault Vest|[from] move: Knock Off|[of] p2a: Poliwrath\n|\n|-weather|RainDance|[upkeep]\n|upkeep\n|turn|7\n|inactive|Time left: 300 sec this turn | 300 sec total\n|\n|t:|1783541896\n|switch|p2a: Morpeko|Morpeko, L88, M|100/100\n|move|p1a: Luxray|Wild Charge|p2a: Morpeko\n|-resisted|p2a: Morpeko\n|-damage|p2a: Morpeko|67/100\n|-damage|p1a: Luxray|213/284|[from] Recoil\n|\n|-weather|RainDance|[upkeep]\n|-heal|p2a: Morpeko|73/100|[from] item: Leftovers\n|-formechange|p2a: Morpeko|Morpeko-Hangry||[from] ability: Hunger Switch\n|upkeep\n|turn|8\n|inactive|Time left: 300 sec this turn | 300 sec total\n|\n|t:|1783541897\n|switch|p1a: Glastrier|Glastrier, L86|312/312\n|move|p2a: Morpeko|Aura Wheel|p1a: Glastrier\n|-damage|p1a: Glastrier|216/312\n|-boost|p2a: Morpeko|spe|1\n|\n|-weather|RainDance|[upkeep]\n|-heal|p2a: Morpeko|79/100|[from] item: Leftovers\n|-formechange|p2a: Morpeko|Morpeko||[from] ability: Hunger Switch\n|upkeep\n|turn|9\n|inactive|Time left: 300 sec this turn | 300 sec total\n|\n|t:|1783541898\n|move|p2a: Morpeko|Protect|p2a: Morpeko\n|-singleturn|p2a: Morpeko|Protect\n|move|p1a: Glastrier|High Horsepower|p2a: Morpeko\n|-activate|p2a: Morpeko|move: Protect\n|\n|-weather|none\n|-heal|p2a: Morpeko|85/100|[from] item: Leftovers\n|-formechange|p2a: Morpeko|Morpeko-Hangry||[from] ability: Hunger Switch\n|upkeep\n|turn|10\n|inactive|Time left: 300 sec this turn | 300 sec total\n|\n|t:|1783541899\n|switch|p2a: Hawlucha|Hawlucha, L80, M|100/100\n|move|p1a: Glastrier|High Horsepower|p2a: Hawlucha\n|-immune|p2a: Hawlucha\n|\n|upkeep\n|turn|11\n|inactive|Time left: 300 sec this turn | 300 sec total\n|\n|t:|1783541900\n|move|p2a: Hawlucha|Close Combat|p1a: Glastrier\n|-supereffective|p1a: Glastrier\n|-damage|p1a: Glastrier|58/312\n|-unboost|p2a: Hawlucha|def|1\n|-unboost|p2a: Hawlucha|spd|1\n|-enditem|p2a: Hawlucha|White Herb\n|-clearnegativeboost|p2a: Hawlucha|[silent]\n|move|p1a: Glastrier|Icicle Crash|p2a: Hawlucha\n|-supereffective|p2a: Hawlucha\n|-damage|p2a: Hawlucha|0 fnt\n|faint|p2a: Hawlucha\n|-ability|p1a: Glastrier|Chilling Neigh|boost\n|-boost|p1a: Glastrier|atk|1\n|\n|upkeep\n|\n|t:|1783541901\n|switch|p2a: Gumshoos|Gumshoos, L95, F|100/100\n|turn|12\n|inactive|Time left: 300 sec this turn | 300 sec total\n|\n|t:|1783541902\n|move|p2a: Gumshoos|Knock Off|p1a: Glastrier\n|-crit|p1a: Glastrier\n|-damage|p1a: Glastrier|0 fnt\n|-enditem|p1a: Glastrier|Heavy-Duty Boots|[from] move: Knock Off|[of] p2a: Gumshoos\n|faint|p1a: Glastrier\n|\n|upkeep\n|inactive|Time left: 300 sec this turn | 300 sec total | 5 sec grace\n|\n|t:|1783541903\n|switch|p1a: Pelipper|Pelipper, L86, M|243/243\n|-weather|RainDance|[from] ability: Drizzle|[of] p1a: Pelipper\n|turn|13\n|inactive|Time left: 300 sec this turn | 300 sec total\n|\n|t:|1783541904\n|move|p1a: Pelipper|Hurricane|p2a: Gumshoos\n|-damage|p2a: Gumshoos|35/100\n|move|p2a: Gumshoos|Knock Off|p1a: Pelipper\n|-damage|p1a: Pelipper|115/243\n|-enditem|p1a: Pelipper|Choice Specs|[from] move: Knock Off|[of] p2a: Gumshoos\n|\n|-weather|RainDance|[upkeep]\n|upkeep\n|turn|14\n|inactive|Time left: 300 sec this turn | 300 sec total\n|\n|t:|1783541905\n|switch|p2a: Poliwrath|Poliwrath, L88, M|100/100\n|move|p1a: Pelipper|Hurricane|p2a: Poliwrath\n|-supereffective|p2a: Poliwrath\n|-damage|p2a: Poliwrath|48/100\n|\n|-weather|RainDance|[upkeep]\n|upkeep\n|turn|15\n|inactive|Time left: 300 sec this turn | 300 sec total\n|\n|t:|1783541907\n|move|p2a: Poliwrath|Liquidation|p1a: Pelipper\n|-resisted|p1a: Pelipper\n|-damage|p1a: Pelipper|52/243\n|move|p1a: Pelipper|Hurricane|p2a: Poliwrath\n|-supereffective|p2a: Poliwrath\n|-damage|p2a: Poliwrath|0 fnt\n|faint|p2a: Poliwrath\n|\n|-weather|RainDance|[upkeep]\n|upkeep\n|\n|t:|1783541908\n|switch|p2a: Morpeko|Morpeko, L88, M|85/100\n|turn|16\n|inactive|Time left: 300 sec this turn | 300 sec total\n|\n|t:|1783541908\n|switch|p1a: Luxray|Luxray, L88, F|213/284\n|-ability|p1a: Luxray|Intimidate|boost\n|-unboost|p2a: Morpeko|atk|1\n|move|p2a: Morpeko|Aura Wheel|p1a: Luxray\n|-resisted|p1a: Luxray\n|-damage|p1a: Luxray|171/284\n|-boost|p2a: Morpeko|spe|1\n|\n|-weather|RainDance|[upkeep]\n|-heal|p2a: Morpeko|92/100|[from] item: Leftovers\n|-formechange|p2a: Morpeko|Morpeko-Hangry||[from] ability: Hunger Switch\n|upkeep\n|turn|17\n|inactive|Time left: 300 sec this turn | 300 sec total\n|\n|t:|1783541909\n|move|p2a: Morpeko|Aura Wheel|p1a: Luxray\n|-damage|p1a: Luxray|87/284\n|-boost|p2a: Morpeko|spe|1\n|move|p1a: Luxray|Ice Fang|p2a: Morpeko\n|-damage|p2a: Morpeko|58/100\n|\n|-weather|none\n|-heal|p2a: Morpeko|65/100|[from] item: Leftovers\n|-formechange|p2a: Morpeko|Morpeko||[from] ability: Hunger Switch\n|upkeep\n|turn|18\n|inactive|Time left: 300 sec this turn | 300 sec total\n|\n|t:|1783541910\n|move|p2a: Morpeko|Protect|p2a: Morpeko\n|-singleturn|p2a: Morpeko|Protect\n|move|p1a: Luxray|Volt Switch|p2a: Morpeko\n|-activate|p2a: Morpeko|move: Protect\n|\n|-heal|p2a: Morpeko|71/100|[from] item: Leftovers\n|-formechange|p2a: Morpeko|Morpeko-Hangry||[from] ability: Hunger Switch\n|upkeep\n|turn|19\n|inactive|Time left: 300 sec this turn | 300 sec total\n|\n|t:|1783541912\n|move|p2a: Morpeko|Aura Wheel|p1a: Luxray\n|-damage|p1a: Luxray|0 fnt\n|-boost|p2a: Morpeko|spe|1\n|faint|p1a: Luxray\n|\n|-heal|p2a: Morpeko|77/100|[from] item: Leftovers\n|-formechange|p2a: Morpeko|Morpeko||[from] ability: Hunger Switch\n|upkeep\n|inactive|Time left: 300 sec this turn | 300 sec total | 5 sec grace\n|\n|t:|1783541912\n|switch|p1a: Rotom|Rotom-Fan, L86|226/226\n|turn|20\n|inactive|Time left: 300 sec this turn | 300 sec total\n|\n|t:|1783541914\n|move|p2a: Morpeko|Aura Wheel|p1a: Rotom\n|-damage|p1a: Rotom|154/226\n|-boost|p2a: Morpeko|spe|1\n|move|p1a: Rotom|Nasty Plot|p1a: Rotom\n|-boost|p1a: Rotom|spa|2\n|\n|-heal|p2a: Morpeko|83/100|[from] item: Leftovers\n|-formechange|p2a: Morpeko|Morpeko-Hangry||[from] ability: Hunger Switch\n|upkeep\n|turn|21\n|inactive|Time left: 300 sec this turn | 300 sec total\n|\n|t:|1783541915\n|move|p2a: Morpeko|Aura Wheel|p1a: Rotom\n|-damage|p1a: Rotom|88/226\n|-boost|p2a: Morpeko|spe|1\n|move|p1a: Rotom|Thunderbolt|p2a: Morpeko\n|-resisted|p2a: Morpeko\n|-damage|p2a: Morpeko|30/100\n|\n|-heal|p2a: Morpeko|36/100|[from] item: Leftovers\n|-formechange|p2a: Morpeko|Morpeko||[from] ability: Hunger Switch\n|upkeep\n|turn|22\n|inactive|Time left: 300 sec this turn | 300 sec total\n|\n|t:|1783541916\n|-terastallize|p2a: Morpeko|Electric\n|move|p2a: Morpeko|Aura Wheel|p1a: Rotom\n|-damage|p1a: Rotom|0 fnt\n|-boost|p2a: Morpeko|spe|1\n|faint|p1a: Rotom\n|\n|-heal|p2a: Morpeko|43/100|[from] item: Leftovers\n|upkeep\n|inactive|Time left: 300 sec this turn | 300 sec total | 5 sec grace\n|\n|t:|1783541916\n|switch|p1a: Bruxish|Bruxish, L85, F|38/254\n|turn|23\n|inactive|Time left: 300 sec this turn | 300 sec total\n|\n|t:|1783541917\n|-terastallize|p1a: Bruxish|Psychic\n|move|p2a: Morpeko|Knock Off|p1a: Bruxish\n|-supereffective|p1a: Bruxish\n|-damage|p1a: Bruxish|0 fnt\n|-enditem|p1a: Bruxish|Choice Band|[from] move: Knock Off|[of] p2a: Morpeko\n|faint|p1a: Bruxish\n|\n|-heal|p2a: Morpeko|49/100|[from] item: Leftovers\n|upkeep\n|inactive|Time left: 300 sec this turn | 300 sec total | 5 sec grace\n|\n|t:|1783541918\n|switch|p1a: Pelipper|Pelipper, L86, M|52/243\n|-weather|RainDance|[from] ability: Drizzle|[of] p1a: Pelipper\n|turn|24\n|inactive|Time left: 300 sec this turn | 300 sec total\n|\n|t:|1783541919\n|move|p2a: Morpeko|Aura Wheel|p1a: Pelipper\n|-supereffective|p1a: Pelipper\n|-damage|p1a: Pelipper|0 fnt\n|faint|p1a: Pelipper\n|\n|win|p0y201e089", "uploadtime": 1783541919, "views": 0, "rating": 0, "private": 0, "password": null, "_winner": "p0y201e089", "_our_name": "p0x201666c"}