{"id": "battle-gen9randombattle-1246", "formatid": "gen9randombattle", "format": "[Gen 9] Random Battle", "players": ["p0x124673cf", "p0y12462ce0"], "log": "|init|battle\n|title|p0x124673cf vs. p0y12462ce0\n|j|\u2606p0x124673cf\n|j|\u2606p0y12462ce0\n|t:|1783554441\n|gametype|singles\n|player|p1|p0x124673cf|265|\n|player|p2|p0y12462ce0|169|\n|gen|9\n|tier|[Gen 9] Random Battle\n|rule|Species Clause: Limit one of each Pok\u00e9mon\n|rule|HP Percentage Mod: HP is shown in percentages\n|rule|Sleep Clause Mod: Limit one foe put to sleep\n|rule|Illusion Level Mod: Illusion disguises the Pok\u00e9mon's true level\n|\n|t:|1783554441\n|teamsize|p1|6\n|teamsize|p2|6\n|start\n|switch|p1a: Alomomola|Alomomola, L87, F|429/429\n|switch|p2a: Bellibolt|Bellibolt, L84, M|100/100\n|turn|1\n|inactive|Battle timer is ON: inactive players will automatically lose when time's up. (requested by p0x124673cf)\n|inactive|p0y12462ce0 also wants the timer to be on.\n|\n|t:|1783554442\n|switch|p1a: Typhlosion|Typhlosion-Hisui, L83, F|257/257\n|move|p2a: Bellibolt|Thunderbolt|p1a: Typhlosion\n|-damage|p1a: Typhlosion|151/257\n|\n|upkeep\n|turn|2\n|inactive|Time left: 300 sec this turn | 300 sec total\n|\n|t:|1783554443\n|move|p1a: Typhlosion|Fire Blast|p2a: Bellibolt|[miss]\n|-miss|p1a: Typhlosion|p2a: Bellibolt\n|move|p2a: Bellibolt|Muddy Water|p1a: Typhlosion\n|-supereffective|p1a: Typhlosion\n|-damage|p1a: Typhlosion|23/257\n|\n|upkeep\n|turn|3\n|inactive|Time left: 300 sec this turn | 300 sec total\n|\n|t:|1783554444\n|move|p1a: Typhlosion|Fire Blast|p2a: Bellibolt\n|-damage|p2a: Bellibolt|5/100\n|-start|p2a: Bellibolt|Charge|Fire Blast|[from] ability: Electromorphosis\n|move|p2a: Bellibolt|Thunderbolt|p1a: Typhlosion\n|-damage|p1a: Typhlosion|0 fnt\n|faint|p1a: Typhlosion\n|-end|p2a: Bellibolt|Charge|[silent]\n|\n|-heal|p2a: Bellibolt|11/100|[from] item: Leftovers\n|upkeep\n|inactive|Time left: 300 sec this turn | 300 sec total | 5 sec grace\n|\n|t:|1783554444\n|switch|p1a: Floatzel|Floatzel, L86, M|286/286\n|turn|4\n|inactive|Time left: 300 sec this turn | 300 sec total\n|\n|t:|1783554445\n|switch|p2a: Eternatus|Eternatus, L69|100/100\n|-ability|p2a: Eternatus|Pressure\n|move|p1a: Floatzel|Wave Crash|p2a: Eternatus\n|-resisted|p2a: Eternatus\n|-damage|p2a: Eternatus|59/100\n|-damage|p1a: Floatzel|239/286|[from] item: Rocky Helmet|[of] p2a: Eternatus\n|-damage|p1a: Floatzel|197/286|[from] Recoil\n|\n|upkeep\n|turn|5\n|inactive|Time left: 300 sec this turn | 300 sec total\n|\n|t:|1783554446\n|move|p1a: Floatzel|Wave Crash|p2a: Eternatus\n|-resisted|p2a: Eternatus\n|-damage|p2a: Eternatus|23/100\n|-damage|p1a: Floatzel|150/286|[from] item: Rocky Helmet|[of] p2a: Eternatus\n|-damage|p1a: Floatzel|113/286|[from] Recoil\n|move|p2a: Eternatus|Sludge Bomb|p1a: Floatzel\n|-damage|p1a: Floatzel|0 fnt\n|faint|p1a: Floatzel\n|\n|upkeep\n|inactive|Time left: 300 sec this turn | 300 sec total | 5 sec grace\n|\n|t:|1783554447\n|switch|p1a: Lycanroc|Lycanroc, L86, F|269/269\n|turn|6\n|inactive|Time left: 300 sec this turn | 300 sec total\n|\n|t:|1783554448\n|switch|p2a: Palossand|Palossand, L89, F|100/100\n|move|p1a: Lycanroc|Stealth Rock|p2a: Palossand\n|-sidestart|p2: p0y12462ce0|move: Stealth Rock\n|\n|upkeep\n|turn|7\n|inactive|Time left: 300 sec this turn | 300 sec total\n|\n|t:|1783554450\n|switch|p1a: Spiritomb|Spiritomb, L89, M|234/234\n|move|p2a: Palossand|Earth Power|p1a: Spiritomb\n|-damage|p1a: Spiritomb|147/234\n|\n|-heal|p1a: Spiritomb|161/234|[from] item: Leftovers\n|upkeep\n|turn|8\n|inactive|Time left: 300 sec this turn | 300 sec total\n|\n|t:|1783554451\n|move|p1a: Spiritomb|Poltergeist|p2a: Palossand\n|-activate|p2a: Palossand|move: Poltergeist|Leftovers\n|-supereffective|p2a: Palossand\n|-damage|p2a: Palossand|34/100\n|move|p2a: Palossand|Earth Power|p1a: Spiritomb\n|-crit|p1a: Spiritomb\n|-damage|p1a: Spiritomb|25/234\n|\n|-heal|p1a: Spiritomb|39/234|[from] item: Leftovers\n|-heal|p2a: Palossand|40/100|[from] item: Leftovers\n|upkeep\n|turn|9\n|inactive|Time left: 300 sec this turn | 300 sec total\n|\n|t:|1783554452\n|move|p2a: Palossand|Shadow Ball|p1a: Spiritomb\n|-damage|p1a: Spiritomb|0 fnt\n|faint|p1a: Spiritomb\n|\n|-heal|p2a: Palossand|46/100|[from] item: Leftovers\n|upkeep\n|inactive|Time left: 300 sec this turn | 300 sec total | 5 sec grace\n|\n|t:|1783554453\n|switch|p1a: Ogerpon|Ogerpon-Cornerstone, L76, F|247/247\n|turn|10\n|inactive|Time left: 300 sec this turn | 300 sec total\n|\n|t:|1783554454\n|-terastallize|p2a: Palossand|Poison\n|move|p1a: Ogerpon|Swords Dance|p1a: Ogerpon\n|-boost|p1a: Ogerpon|atk|2\n|move|p2a: Palossand|Shore Up|p2a: Palossand\n|-heal|p2a: Palossand|96/100\n|\n|-heal|p2a: Palossand|100/100|[from] item: Leftovers\n|upkeep\n|turn|11\n|inactive|Time left: 300 sec this turn | 300 sec total\n|\n|t:|1783554455\n|move|p1a: Ogerpon|Ivy Cudgel|p2a: Palossand|[anim] Ivy Cudgel Rock\n|-damage|p2a: Palossand|35/100\n|move|p2a: Palossand|Earth Power|p1a: Ogerpon\n|-damage|p1a: Ogerpon|138/247\n|\n|-heal|p2a: Palossand|41/100|[from] item: Leftovers\n|upkeep\n|turn|12\n|inactive|Time left: 300 sec this turn | 300 sec total\n|\n|t:|1783554456\n|move|p1a: Ogerpon|Ivy Cudgel|p2a: Palossand|[anim] Ivy Cudgel Rock\n|-damage|p2a: Palossand|0 fnt\n|faint|p2a: Palossand\n|\n|upkeep\n|\n|t:|1783554457\n|switch|p2a: Lycanroc|Lycanroc, L86, M|100/100\n|-damage|p2a: Lycanroc|88/100|[from] Stealth Rock\n|turn|13\n|inactive|Time left: 300 sec this turn | 300 sec total\n|\n|t:|1783554458\n|switch|p1a: Alomomola|Alomomola, L87, F|429/429\n|move|p2a: Lycanroc|Close Combat|p1a: Alomomola\n|-damage|p1a: Alomomola|279/429\n|-unboost|p2a: Lycanroc|def|1\n|-unboost|p2a: Lycanroc|spd|1\n|-damage|p2a: Lycanroc|72/100|[from] item: Rocky Helmet|[of] p1a: Alomomola\n|\n|upkeep\n|turn|14\n|inactive|Time left: 300 sec this turn | 300 sec total\n|\n|t:|1783554459\n|switch|p2a: Chimecho|Chimecho, L93, F|100/100\n|-damage|p2a: Chimecho|88/100|[from] Stealth Rock\n|move|p1a: Alomomola|Flip Turn|p2a: Chimecho\n|-damage|p2a: Chimecho|70/100\n|inactive|Time left: 300 sec this turn | 300 sec total | 5 sec grace\n|\n|t:|1783554460\n|switch|p1a: Ogerpon|Ogerpon-Cornerstone, L76, F|138/247|[from] Flip Turn\n|\n|-heal|p2a: Chimecho|76/100|[from] item: Leftovers\n|upkeep\n|turn|15\n|inactive|Time left: 300 sec this turn | 300 sec total\n|\n|t:|1783554461\n|move|p1a: Ogerpon|Swords Dance|p1a: Ogerpon\n|-boost|p1a: Ogerpon|atk|2\n|move|p2a: Chimecho|Psychic Noise|p1a: Ogerpon\n|-damage|p1a: Ogerpon|35/247\n|-start|p1a: Ogerpon|move: Heal Block\n|\n|-heal|p2a: Chimecho|83/100|[from] item: Leftovers\n|upkeep\n|turn|16\n|inactive|Time left: 300 sec this turn | 300 sec total\n|\n|t:|1783554462\n|switch|p2a: Bellibolt|Bellibolt, L84, M|11/100\n|-damage|p2a: Bellibolt|0 fnt|[from] Stealth Rock\n|faint|p2a: Bellibolt\n|move|p1a: Ogerpon|Ivy Cudgel|p2: Bellibolt|[notarget]\n|-fail|p1a: Ogerpon\n|\n|-end|p1a: Ogerpon|move: Heal Block\n|upkeep\n|\n|t:|1783554463\n|switch|p2a: Eternatus|Eternatus, L69|23/100\n|-damage|p2a: Eternatus|10/100|[from] Stealth Rock\n|-ability|p2a: Eternatus|Pressure\n|turn|17\n|inactive|Time left: 300 sec this turn | 300 sec total\n|\n|t:|1783554464\n|move|p2a: Eternatus|Dynamax Cannon|p1a: Ogerpon\n|-damage|p1a: Ogerpon|0 fnt\n|faint|p1a: Ogerpon\n|\n|upkeep\n|inactive|Time left: 300 sec this turn | 300 sec total | 5 sec grace\n|\n|t:|1783554466\n|switch|p1a: Lycanroc|Lycanroc, L86, F|269/269\n|turn|18\n|inactive|Time left: 300 sec this turn | 300 sec total\n|\n|t:|1783554467\n|move|p1a: Lycanroc|Stone Edge|p2a: Eternatus\n|-damage|p2a: Eternatus|0 fnt\n|faint|p2a: Eternatus\n|-damage|p1a: Lycanroc|243/269|[from] item: Life Orb\n|\n|upkeep\n|\n|t:|1783554468\n|switch|p2a: Chimecho|Chimecho, L93, F|83/100\n|-damage|p2a: Chimecho|70/100|[from] Stealth Rock\n|turn|19\n|inactive|Time left: 300 sec this turn | 300 sec total\n|\n|t:|1783554469\n|move|p1a: Lycanroc|Crunch|p2a: Chimecho\n|-supereffective|p2a: Chimecho\n|-damage|p2a: Chimecho|13/100\n|-damage|p1a: Lycanroc|217/269|[from] item: Life Orb\n|move|p2a: Chimecho|Recover|p2a: Chimecho\n|-heal|p2a: Chimecho|63/100\n|\n|-heal|p2a: Chimecho|69/100|[from] item: Leftovers\n|upkeep\n|turn|20\n|inactive|Time left: 300 sec this turn | 300 sec total\n|\n|t:|1783554470\n|move|p1a: Lycanroc|Crunch|p2a: Chimecho\n|-supereffective|p2a: Chimecho\n|-damage|p2a: Chimecho|8/100\n|-damage|p1a: Lycanroc|191/269|[from] item: Life Orb\n|move|p2a: Chimecho|Recover|p2a: Chimecho\n|-heal|p2a: Chimecho|58/100\n|\n|-heal|p2a: Chimecho|64/100|[from] item: Leftovers\n|upkeep\n|turn|21\n|inactive|Time left: 300 sec this turn | 300 sec total\n|\n|t:|1783554471\n|move|p1a: Lycanroc|Crunch|p2a: Chimecho\n|-supereffective|p2a: Chimecho\n|-damage|p2a: Chimecho|3/100\n|-unboost|p2a: Chimecho|def|1\n|-damage|p1a: Lycanroc|165/269|[from] item: Life Orb\n|move|p2a: Chimecho|Recover|p2a: Chimecho\n|-heal|p2a: Chimecho|53/100\n|\n|-heal|p2a: Chimecho|59/100|[from] item: Leftovers\n|upkeep\n|turn|22\n|inactive|Time left: 300 sec this turn | 300 sec total\n|\n|t:|1783554472\n|switch|p2a: Mamoswine|Mamoswine, L81, M|100/100\n|-damage|p2a: Mamoswine|88/100|[from] Stealth Rock\n|move|p1a: Lycanroc|Stone Edge|p2a: Mamoswine\n|-damage|p2a: Mamoswine|29/100\n|-damage|p1a: Lycanroc|139/269|[from] item: Life Orb\n|\n|upkeep\n|turn|23\n|inactive|Time left: 300 sec this turn | 300 sec total\n|\n|t:|1783554473\n|move|p2a: Mamoswine|Ice Shard|p1a: Lycanroc\n|-damage|p1a: Lycanroc|42/269\n|move|p1a: Lycanroc|Crunch|p2a: Mamoswine\n|-damage|p2a: Mamoswine|0 fnt\n|faint|p2a: Mamoswine\n|-damage|p1a: Lycanroc|16/269|[from] item: Life Orb\n|\n|upkeep\n|\n|t:|1783554474\n|switch|p2a: Lycanroc|Lycanroc, L86, M|72/100\n|-damage|p2a: Lycanroc|60/100|[from] Stealth Rock\n|turn|24\n|inactive|Time left: 300 sec this turn | 300 sec total\n|\n|t:|1783554475\n|switch|p1a: Alomomola|Alomomola, L87, F|422/429\n|move|p2a: Lycanroc|Close Combat|p1a: Alomomola\n|-damage|p1a: Alomomola|257/429\n|-unboost|p2a: Lycanroc|def|1\n|-unboost|p2a: Lycanroc|spd|1\n|-damage|p2a: Lycanroc|43/100|[from] item: Rocky Helmet|[of] p1a: Alomomola\n|\n|upkeep\n|turn|25\n|inactive|Time left: 300 sec this turn | 300 sec total\n|\n|t:|1783554476\n|switch|p2a: Chimecho|Chimecho, L93, F|59/100\n|-damage|p2a: Chimecho|46/100|[from] Stealth Rock\n|move|p1a: Alomomola|Flip Turn|p2a: Chimecho\n|-damage|p2a: Chimecho|27/100\n|inactive|Time left: 300 sec this turn | 300 sec total | 5 sec grace\n|\n|t:|1783554477\n|switch|p1a: Lycanroc|Lycanroc, L86, F|16/269|[from] Flip Turn\n|\n|-heal|p2a: Chimecho|33/100|[from] item: Leftovers\n|upkeep\n|turn|26\n|inactive|Time left: 300 sec this turn | 300 sec total\n|\n|t:|1783554477\n|switch|p1a: Alomomola|Alomomola, L87, F|400/429\n|switch|p2a: Lycanroc|Lycanroc, L86, M|43/100\n|-damage|p2a: Lycanroc|31/100|[from] Stealth Rock\n|\n|upkeep\n|turn|27\n|inactive|Time left: 300 sec this turn | 300 sec total\n|\n|t:|1783554478\n|switch|p2a: Chimecho|Chimecho, L93, F|33/100\n|-damage|p2a: Chimecho|20/100|[from] Stealth Rock\n|move|p1a: Alomomola|Flip Turn|p2a: Chimecho\n|-damage|p2a: Chimecho|0 fnt\n|faint|p2a: Chimecho\n|inactive|Time left: 300 sec this turn | 300 sec total | 5 sec grace\n|\n|t:|1783554479\n|switch|p1a: Lycanroc|Lycanroc, L86, F|16/269|[from] Flip Turn\n|\n|upkeep\n|\n|t:|1783554480\n|switch|p2a: Lycanroc|Lycanroc, L86, M|31/100\n|-damage|p2a: Lycanroc|19/100|[from] Stealth Rock\n|turn|28\n|inactive|Time left: 300 sec this turn | 300 sec total\n|\n|t:|1783554481\n|-terastallize|p1a: Lycanroc|Fighting\n|move|p1a: Lycanroc|Crunch|p2a: Lycanroc\n|-damage|p2a: Lycanroc|0 fnt\n|faint|p2a: Lycanroc\n|-damage|p1a: Lycanroc|0 fnt|[from] item: Life Orb\n|faint|p1a: Lycanroc\n|\n|win|p0x124673cf", "uploadtime": 1783554481, "views": 0, "rating": 0, "private": 0, "password": null, "_winner": "p0x124673cf", "_our_name": "p0x124673cf"}