{"id": "battle-gen9randombattle-783", "formatid": "gen9randombattle", "format": "[Gen 9] Random Battle", "players": ["p0x7834592", "p0y783add5"], "log": "|init|battle\n|title|p0x7834592 vs. p0y783add5\n|j|\u2606p0x7834592\n|j|\u2606p0y783add5\n|t:|1783548961\n|gametype|singles\n|player|p1|p0x7834592|101|\n|player|p2|p0y783add5|102|\n|gen|9\n|tier|[Gen 9] Random Battle\n|rule|Species Clause: Limit one of each Pok\u00e9mon\n|rule|HP Percentage Mod: HP is shown in percentages\n|rule|Sleep Clause Mod: Limit one foe put to sleep\n|rule|Illusion Level Mod: Illusion disguises the Pok\u00e9mon's true level\n|\n|t:|1783548961\n|teamsize|p1|6\n|teamsize|p2|6\n|start\n|switch|p1a: Zangoose|Zangoose, L85, F|100/100\n|switch|p2a: Breloom|Breloom, L83, F|235/235\n|turn|1\n|inactive|Battle timer is ON: inactive players will automatically lose when time's up. (requested by p0x7834592)\n|inactive|Time left: 300 sec this turn | 300 sec total | 60 sec grace\n|inactive|p0y783add5 also wants the timer to be on.\n|\n|t:|1783548962\n|switch|p1a: Heracross|Heracross, L80, M|100/100\n|move|p2a: Breloom|Mach Punch|p1a: Heracross\n|-resisted|p1a: Heracross\n|-damage|p1a: Heracross|78/100\n|-damage|p2a: Breloom|212/235|[from] item: Life Orb\n|\n|upkeep\n|turn|2\n|inactive|Time left: 300 sec this turn | 300 sec total\n|\n|t:|1783548963\n|switch|p2a: Tauros|Tauros-Paldea-Aqua, L81, M|254/254\n|-ability|p2a: Tauros|Intimidate|boost\n|-unboost|p1a: Heracross|atk|1\n|move|p1a: Heracross|Close Combat|p2a: Tauros\n|-damage|p2a: Tauros|163/254\n|-unboost|p1a: Heracross|def|1\n|-unboost|p1a: Heracross|spd|1\n|\n|upkeep\n|turn|3\n|inactive|Time left: 300 sec this turn | 300 sec total\n|\n|t:|1783548964\n|switch|p1a: Kyogre|Kyogre, L71|100/100\n|-weather|RainDance|[from] ability: Drizzle|[of] p1a: Kyogre\n|move|p2a: Tauros|Close Combat|p1a: Kyogre\n|-damage|p1a: Kyogre|12/100\n|-unboost|p2a: Tauros|def|1\n|-unboost|p2a: Tauros|spd|1\n|\n|-weather|RainDance|[upkeep]\n|upkeep\n|turn|4\n|inactive|Time left: 300 sec this turn | 300 sec total\n|\n|t:|1783548966\n|switch|p2a: Slowking|Slowking, L88, F|310/310\n|move|p1a: Kyogre|Origin Pulse|p2a: Slowking\n|-resisted|p2a: Slowking\n|-damage|p2a: Slowking|240/310\n|\n|-weather|RainDance|[upkeep]\n|-heal|p2a: Slowking|259/310|[from] item: Leftovers\n|upkeep\n|turn|5\n|inactive|Time left: 300 sec this turn | 300 sec total\n|\n|t:|1783548967\n|move|p1a: Kyogre|Origin Pulse|p2a: Slowking\n|-resisted|p2a: Slowking\n|-damage|p2a: Slowking|188/310\n|move|p2a: Slowking|Scald|p1a: Kyogre\n|-resisted|p1a: Kyogre\n|-damage|p1a: Kyogre|0 fnt\n|faint|p1a: Kyogre\n|\n|-weather|RainDance|[upkeep]\n|-heal|p2a: Slowking|207/310|[from] item: Leftovers\n|upkeep\n|\n|t:|1783548967\n|switch|p1a: Iron Jugulis|Iron Jugulis, L77|100/100\n|turn|6\n|inactive|Time left: 300 sec this turn | 300 sec total\n|\n|t:|1783548968\n|move|p1a: Iron Jugulis|Hurricane|p2a: Slowking\n|-damage|p2a: Slowking|57/310\n|-start|p2a: Slowking|confusion\n|-activate|p2a: Slowking|confusion\n|move|p2a: Slowking|Scald|p1a: Iron Jugulis\n|-damage|p1a: Iron Jugulis|39/100\n|\n|-weather|RainDance|[upkeep]\n|-heal|p2a: Slowking|76/310|[from] item: Leftovers\n|upkeep\n|turn|7\n|inactive|Time left: 300 sec this turn | 300 sec total\n|\n|t:|1783548969\n|switch|p2a: Metagross|Metagross, L79|256/256\n|move|p1a: Iron Jugulis|Hurricane|p2a: Metagross\n|-resisted|p2a: Metagross\n|-damage|p2a: Metagross|159/256\n|\n|-weather|none\n|-heal|p2a: Metagross|175/256|[from] item: Leftovers\n|upkeep\n|turn|8\n|inactive|Time left: 300 sec this turn | 300 sec total\n|\n|t:|1783548970\n|move|p1a: Iron Jugulis|Hurricane|p2a: Metagross\n|-resisted|p2a: Metagross\n|-damage|p2a: Metagross|91/256\n|-start|p2a: Metagross|confusion\n|-activate|p2a: Metagross|confusion\n|move|p2a: Metagross|Heavy Slam|p1a: Iron Jugulis\n|-damage|p1a: Iron Jugulis|0 fnt\n|faint|p1a: Iron Jugulis\n|-end|p1a: Iron Jugulis|Quark Drive|[silent]\n|\n|-heal|p2a: Metagross|107/256|[from] item: Leftovers\n|upkeep\n|\n|t:|1783548970\n|switch|p1a: Baxcalibur|Baxcalibur, L75, F|100/100\n|turn|9\n|inactive|Time left: 300 sec this turn | 300 sec total\n|\n|t:|1783548971\n|switch|p2a: Tauros|Tauros-Paldea-Aqua, L81, M|163/254\n|-ability|p2a: Tauros|Intimidate|boost\n|-unboost|p1a: Baxcalibur|atk|1\n|move|p1a: Baxcalibur|Swords Dance|p1a: Baxcalibur\n|-boost|p1a: Baxcalibur|atk|2\n|\n|upkeep\n|turn|10\n|inactive|Time left: 300 sec this turn | 300 sec total\n|\n|t:|1783548972\n|-terastallize|p1a: Baxcalibur|Dragon\n|move|p2a: Tauros|Close Combat|p1a: Baxcalibur\n|-crit|p1a: Baxcalibur\n|-damage|p1a: Baxcalibur|0 fnt\n|-unboost|p2a: Tauros|def|1\n|-unboost|p2a: Tauros|spd|1\n|faint|p1a: Baxcalibur\n|\n|upkeep\n|\n|t:|1783548973\n|switch|p1a: Heracross|Heracross, L80, M|78/100\n|turn|11\n|inactive|Time left: 300 sec this turn | 300 sec total\n|\n|t:|1783548974\n|switch|p2a: Slowking|Slowking, L88, F|179/310\n|move|p1a: Heracross|Close Combat|p2a: Slowking\n|-resisted|p2a: Slowking\n|-damage|p2a: Slowking|105/310\n|-unboost|p1a: Heracross|def|1\n|-unboost|p1a: Heracross|spd|1\n|\n|-heal|p2a: Slowking|124/310|[from] item: Leftovers\n|upkeep\n|turn|12\n|inactive|Time left: 300 sec this turn | 300 sec total\n|\n|t:|1783548975\n|switch|p1a: Zangoose|Zangoose, L85, F|100/100\n|move|p2a: Slowking|Psyshock|p1a: Zangoose\n|-damage|p1a: Zangoose|52/100\n|\n|-heal|p2a: Slowking|143/310|[from] item: Leftovers\n|-status|p1a: Zangoose|tox|[from] item: Toxic Orb\n|upkeep\n|turn|13\n|inactive|Time left: 300 sec this turn | 300 sec total\n|\n|t:|1783548976\n|switch|p2a: Stonjourner|Stonjourner, L91, F|330/330\n|move|p1a: Zangoose|Facade|p2a: Stonjourner\n|-resisted|p2a: Stonjourner\n|-damage|p2a: Stonjourner|249/330\n|\n|-damage|p1a: Zangoose|46/100 tox|[from] psn\n|upkeep\n|turn|14\n|inactive|Time left: 300 sec this turn | 300 sec total\n|\n|t:|1783548977\n|move|p1a: Zangoose|Close Combat|p2a: Stonjourner\n|-supereffective|p2a: Stonjourner\n|-crit|p2a: Stonjourner\n|-damage|p2a: Stonjourner|0 fnt\n|-unboost|p1a: Zangoose|def|1\n|-unboost|p1a: Zangoose|spd|1\n|faint|p2a: Stonjourner\n|\n|-damage|p1a: Zangoose|34/100 tox|[from] psn\n|upkeep\n|inactive|Time left: 300 sec this turn | 300 sec total | 5 sec grace\n|\n|t:|1783548978\n|switch|p2a: Tauros|Tauros-Paldea-Aqua, L81, M|163/254\n|-ability|p2a: Tauros|Intimidate|boost\n|-unboost|p1a: Zangoose|atk|1\n|turn|15\n|inactive|Time left: 300 sec this turn | 300 sec total\n|\n|t:|1783548979\n|switch|p1a: Heracross|Heracross, L80, M|78/100\n|move|p2a: Tauros|Wave Crash|p1a: Heracross\n|-damage|p1a: Heracross|0 fnt\n|faint|p1a: Heracross\n|-damage|p2a: Tauros|96/254|[from] Recoil\n|\n|upkeep\n|\n|t:|1783548980\n|switch|p1a: Dewgong|Dewgong, L94, F|100/100\n|turn|16\n|inactive|Time left: 300 sec this turn | 300 sec total\n|\n|t:|1783548981\n|switch|p2a: Slowking|Slowking, L88, F|246/310\n|move|p1a: Dewgong|Triple Axel|p2a: Slowking\n|-resisted|p2a: Slowking\n|-damage|p2a: Slowking|236/310\n|-resisted|p2a: Slowking\n|-damage|p2a: Slowking|216/310\n|-resisted|p2a: Slowking\n|-damage|p2a: Slowking|186/310\n|-hitcount|p2a: Slowking|3\n|\n|-heal|p2a: Slowking|205/310|[from] item: Leftovers\n|upkeep\n|turn|17\n|inactive|Time left: 300 sec this turn | 300 sec total\n|\n|t:|1783548982\n|switch|p2a: Tauros|Tauros-Paldea-Aqua, L81, M|96/254\n|-ability|p2a: Tauros|Intimidate|boost\n|-unboost|p1a: Dewgong|atk|1\n|move|p1a: Dewgong|Triple Axel|p2a: Tauros\n|-resisted|p2a: Tauros\n|-damage|p2a: Tauros|90/254\n|-resisted|p2a: Tauros\n|-crit|p2a: Tauros\n|-damage|p2a: Tauros|63/254\n|-hitcount|p2a: Tauros|2\n|\n|upkeep\n|turn|18\n|inactive|Time left: 300 sec this turn | 300 sec total\n|\n|t:|1783548983\n|move|p2a: Tauros|Close Combat|p1a: Dewgong\n|-supereffective|p1a: Dewgong\n|-damage|p1a: Dewgong|0 fnt\n|-unboost|p2a: Tauros|def|1\n|-unboost|p2a: Tauros|spd|1\n|faint|p1a: Dewgong\n|\n|upkeep\n|\n|t:|1783548984\n|switch|p1a: Zangoose|Zangoose, L85, F|34/100 tox\n|turn|19\n|inactive|Time left: 300 sec this turn | 300 sec total\n|\n|t:|1783548985\n|move|p2a: Tauros|Close Combat|p1a: Zangoose\n|-supereffective|p1a: Zangoose\n|-damage|p1a: Zangoose|0 fnt\n|-unboost|p2a: Tauros|def|1\n|-unboost|p2a: Tauros|spd|1\n|faint|p1a: Zangoose\n|\n|win|p0y783add5", "uploadtime": 1783548985, "views": 0, "rating": 0, "private": 0, "password": null, "_winner": "p0y783add5", "_our_name": "p0y783add5"}