{"id": "battle-gen9randombattle-90", "formatid": "gen9randombattle", "format": "[Gen 9] Random Battle", "players": ["p0x090e343", "p0y09007cb"], "log": "|init|battle\n|title|p0x090e343 vs. p0y09007cb\n|j|\u2606p0x090e343\n|j|\u2606p0y09007cb\n|t:|1783534315\n|gametype|singles\n|player|p1|p0x090e343|266|\n|player|p2|p0y09007cb|169|\n|gen|9\n|tier|[Gen 9] Random Battle\n|rule|Species Clause: Limit one of each Pok\u00e9mon\n|rule|HP Percentage Mod: HP is shown in percentages\n|rule|Sleep Clause Mod: Limit one foe put to sleep\n|rule|Illusion Level Mod: Illusion disguises the Pok\u00e9mon's true level\n|\n|t:|1783534315\n|teamsize|p1|6\n|teamsize|p2|6\n|start\n|switch|p1a: Bellossom|Bellossom, L84, M|263/263\n|switch|p2a: Porygon-Z|Porygon-Z, L83|100/100\n|turn|1\n|inactive|Battle timer is ON: inactive players will automatically lose when time's up. (requested by p0y09007cb)\n|inactive|Time left: 300 sec this turn | 300 sec total | 60 sec grace\n|\n|t:|1783534317\n|move|p2a: Porygon-Z|Nasty Plot|p2a: Porygon-Z\n|-boost|p2a: Porygon-Z|spa|2\n|move|p1a: Bellossom|Quiver Dance|p1a: Bellossom\n|-boost|p1a: Bellossom|spa|1\n|-boost|p1a: Bellossom|spd|1\n|-boost|p1a: Bellossom|spe|1\n|\n|upkeep\n|turn|2\n|inactive|Time left: 300 sec this turn | 300 sec total\n|inactive|p0x090e343 also wants the timer to be on.\n|\n|t:|1783534317\n|move|p1a: Bellossom|Quiver Dance|p1a: Bellossom\n|-boost|p1a: Bellossom|spa|1\n|-boost|p1a: Bellossom|spd|1\n|-boost|p1a: Bellossom|spe|1\n|move|p2a: Porygon-Z|Tera Blast|p1a: Bellossom\n|-damage|p1a: Bellossom|89/263\n|-damage|p2a: Porygon-Z|91/100|[from] item: Life Orb\n|\n|-heal|p1a: Bellossom|105/263|[from] item: Leftovers\n|upkeep\n|turn|3\n|inactive|Time left: 300 sec this turn | 300 sec total\n|\n|t:|1783534318\n|switch|p2a: Goodra|Goodra, L85, M|100/100\n|move|p1a: Bellossom|Giga Drain|p2a: Goodra\n|-ability|p2a: Goodra|Sap Sipper|boost\n|-boost|p2a: Goodra|atk|1\n|\n|-heal|p1a: Bellossom|121/263|[from] item: Leftovers\n|upkeep\n|turn|4\n|inactive|Time left: 300 sec this turn | 300 sec total\n|\n|t:|1783534319\n|move|p1a: Bellossom|Quiver Dance|p1a: Bellossom\n|-boost|p1a: Bellossom|spa|1\n|-boost|p1a: Bellossom|spd|1\n|-boost|p1a: Bellossom|spe|1\n|move|p2a: Goodra|Earthquake|p1a: Bellossom\n|-resisted|p1a: Bellossom\n|-damage|p1a: Bellossom|73/263\n|\n|-heal|p1a: Bellossom|89/263|[from] item: Leftovers\n|upkeep\n|turn|5\n|inactive|Time left: 300 sec this turn | 300 sec total\n|\n|t:|1783534320\n|move|p1a: Bellossom|Tera Blast|p2a: Goodra\n|-damage|p2a: Goodra|82/100\n|move|p2a: Goodra|Earthquake|p1a: Bellossom\n|-resisted|p1a: Bellossom\n|-damage|p1a: Bellossom|35/263\n|\n|-heal|p1a: Bellossom|51/263|[from] item: Leftovers\n|upkeep\n|turn|6\n|inactive|Time left: 300 sec this turn | 300 sec total\n|\n|t:|1783534322\n|move|p1a: Bellossom|Quiver Dance|p1a: Bellossom\n|-boost|p1a: Bellossom|spa|1\n|-boost|p1a: Bellossom|spd|1\n|-boost|p1a: Bellossom|spe|1\n|move|p2a: Goodra|Earthquake|p1a: Bellossom\n|-resisted|p1a: Bellossom\n|-damage|p1a: Bellossom|0 fnt\n|faint|p1a: Bellossom\n|\n|upkeep\n|inactive|Time left: 300 sec this turn | 300 sec total | 5 sec grace\n|\n|t:|1783534323\n|switch|p1a: Kricketune|Kricketune, L99, M|312/312\n|turn|7\n|inactive|Time left: 300 sec this turn | 300 sec total\n|\n|t:|1783534324\n|move|p1a: Kricketune|Sticky Web|p2a: Goodra\n|-sidestart|p2: p0y09007cb|move: Sticky Web\n|move|p2a: Goodra|Fire Blast|p1a: Kricketune\n|-supereffective|p1a: Kricketune\n|-damage|p1a: Kricketune|74/312\n|\n|upkeep\n|turn|8\n|inactive|Time left: 300 sec this turn | 300 sec total\n|\n|t:|1783534326\n|move|p2a: Goodra|Fire Blast|p1a: Kricketune\n|-supereffective|p1a: Kricketune\n|-damage|p1a: Kricketune|0 fnt\n|faint|p1a: Kricketune\n|\n|upkeep\n|inactive|Time left: 300 sec this turn | 300 sec total | 5 sec grace\n|\n|t:|1783534327\n|switch|p1a: Floatzel|Floatzel, L86, M|286/286\n|turn|9\n|inactive|Time left: 300 sec this turn | 300 sec total\n|\n|t:|1783534329\n|move|p1a: Floatzel|Ice Spinner|p2a: Goodra\n|-supereffective|p2a: Goodra\n|-damage|p2a: Goodra|36/100\n|move|p2a: Goodra|Earthquake|p1a: Floatzel\n|-damage|p1a: Floatzel|120/286\n|\n|-heal|p1a: Floatzel|137/286|[from] item: Leftovers\n|upkeep\n|turn|10\n|inactive|Time left: 300 sec this turn | 300 sec total\n|\n|t:|1783534330\n|move|p1a: Floatzel|Ice Spinner|p2a: Goodra\n|-supereffective|p2a: Goodra\n|-damage|p2a: Goodra|0 fnt\n|faint|p2a: Goodra\n|\n|-heal|p1a: Floatzel|154/286|[from] item: Leftovers\n|upkeep\n|\n|t:|1783534331\n|switch|p2a: Azelf|Azelf, L82|100/100\n|turn|11\n|inactive|Time left: 300 sec this turn | 300 sec total\n|\n|t:|1783534332\n|move|p1a: Floatzel|Wave Crash|p2a: Azelf\n|-damage|p2a: Azelf|38/100\n|-damage|p1a: Floatzel|101/286|[from] Recoil\n|move|p2a: Azelf|Psychic|p1a: Floatzel\n|-damage|p1a: Floatzel|0 fnt\n|faint|p1a: Floatzel\n|\n|upkeep\n|inactive|Time left: 300 sec this turn | 300 sec total | 5 sec grace\n|\n|t:|1783534333\n|switch|p1a: Raichu|Raichu, L88, F|249/249\n|turn|12\n|inactive|Time left: 300 sec this turn | 300 sec total\n|\n|t:|1783534334\n|switch|p2a: Vileplume|Vileplume, L85, F|100/100\n|-activate|p2a: Vileplume|move: Sticky Web\n|-unboost|p2a: Vileplume|spe|1\n|move|p1a: Raichu|Thunderbolt|p2a: Vileplume\n|-resisted|p2a: Vileplume\n|-damage|p2a: Vileplume|73/100\n|\n|-heal|p2a: Vileplume|79/100|[from] item: Leftovers\n|upkeep\n|turn|13\n|inactive|Time left: 300 sec this turn | 300 sec total\n|\n|t:|1783534336\n|move|p1a: Raichu|Thunderbolt|p2a: Vileplume\n|-resisted|p2a: Vileplume\n|-damage|p2a: Vileplume|54/100\n|move|p2a: Vileplume|Leech Seed|p1a: Raichu\n|-start|p1a: Raichu|move: Leech Seed\n|\n|-heal|p2a: Vileplume|60/100|[from] item: Leftovers\n|-damage|p1a: Raichu|218/249|[from] Leech Seed|[of] p2a: Vileplume\n|-heal|p2a: Vileplume|71/100|[silent]\n|upkeep\n|turn|14\n|inactive|Time left: 300 sec this turn | 300 sec total\n|\n|t:|1783534337\n|switch|p1a: Dragalge|Dragalge, L88, M|258/258\n|move|p2a: Vileplume|Giga Drain|p1a: Dragalge\n|-resisted|p1a: Dragalge\n|-crit|p1a: Dragalge\n|-damage|p1a: Dragalge|242/258\n|-heal|p2a: Vileplume|74/100|[from] drain|[of] p1a: Dragalge\n|\n|-heal|p2a: Vileplume|80/100|[from] item: Leftovers\n|upkeep\n|turn|15\n|inactive|Time left: 300 sec this turn | 300 sec total\n|\n|t:|1783534338\n|move|p2a: Vileplume|Strength Sap|p1a: Dragalge\n|-unboost|p1a: Dragalge|atk|1\n|-heal|p2a: Vileplume|100/100\n|move|p1a: Dragalge|Dragon Tail|p2a: Vileplume\n|-damage|p2a: Vileplume|79/100\n|drag|p2a: Probopass|Probopass, L91, M|100/100\n|-activate|p2a: Probopass|move: Sticky Web\n|-unboost|p2a: Probopass|spe|1\n|\n|upkeep\n|turn|16\n|inactive|Time left: 300 sec this turn | 300 sec total\n|\n|t:|1783534339\n|switch|p1a: Raichu|Raichu, L88, F|218/249\n|switch|p2a: Vileplume|Vileplume, L85, F|79/100\n|-activate|p2a: Vileplume|move: Sticky Web\n|-unboost|p2a: Vileplume|spe|1\n|\n|-heal|p2a: Vileplume|85/100|[from] item: Leftovers\n|upkeep\n|turn|17\n|inactive|Time left: 300 sec this turn | 300 sec total\n|\n|t:|1783534340\n|move|p1a: Raichu|Thunderbolt|p2a: Vileplume\n|-resisted|p2a: Vileplume\n|-damage|p2a: Vileplume|58/100\n|move|p2a: Vileplume|Strength Sap|p1a: Raichu\n|-unboost|p1a: Raichu|atk|1\n|-heal|p2a: Vileplume|100/100\n|\n|upkeep\n|turn|18\n|inactive|Time left: 300 sec this turn | 300 sec total\n|\n|t:|1783534342\n|move|p1a: Raichu|Thunderbolt|p2a: Vileplume\n|-resisted|p2a: Vileplume\n|-damage|p2a: Vileplume|73/100\n|move|p2a: Vileplume|Sludge Bomb|p1a: Raichu\n|-damage|p1a: Raichu|97/249\n|-status|p1a: Raichu|psn\n|\n|-heal|p2a: Vileplume|79/100|[from] item: Leftovers\n|-damage|p1a: Raichu|66/249 psn|[from] psn\n|upkeep\n|turn|19\n|inactive|Time left: 300 sec this turn | 300 sec total\n|\n|t:|1783534344\n|move|p1a: Raichu|Thunderbolt|p2a: Vileplume\n|-resisted|p2a: Vileplume\n|-damage|p2a: Vileplume|54/100\n|move|p2a: Vileplume|Sludge Bomb|p1a: Raichu\n|-damage|p1a: Raichu|0 fnt\n|faint|p1a: Raichu\n|\n|-heal|p2a: Vileplume|60/100|[from] item: Leftovers\n|upkeep\n|inactive|Time left: 300 sec this turn | 300 sec total | 5 sec grace\n|\n|t:|1783534345\n|switch|p1a: Dragalge|Dragalge, L88, M|242/258\n|turn|20\n|inactive|Time left: 300 sec this turn | 300 sec total\n|\n|t:|1783534346\n|move|p1a: Dragalge|Sludge Wave|p2a: Vileplume\n|-damage|p2a: Vileplume|5/100\n|move|p2a: Vileplume|Strength Sap|p1a: Dragalge\n|-unboost|p1a: Dragalge|atk|1\n|-heal|p2a: Vileplume|73/100\n|\n|-heal|p2a: Vileplume|79/100|[from] item: Leftovers\n|upkeep\n|turn|21\n|inactive|Time left: 300 sec this turn | 300 sec total\n|\n|t:|1783534347\n|move|p1a: Dragalge|Sludge Wave|p2a: Vileplume\n|-damage|p2a: Vileplume|20/100\n|move|p2a: Vileplume|Strength Sap|p1a: Dragalge\n|-unboost|p1a: Dragalge|atk|1\n|-heal|p2a: Vileplume|66/100\n|\n|-heal|p2a: Vileplume|72/100|[from] item: Leftovers\n|upkeep\n|turn|22\n|inactive|Time left: 300 sec this turn | 300 sec total\n|\n|t:|1783534348\n|move|p1a: Dragalge|Sludge Wave|p2a: Vileplume\n|-damage|p2a: Vileplume|18/100\n|move|p2a: Vileplume|Leech Seed|p1a: Dragalge\n|-start|p1a: Dragalge|move: Leech Seed\n|\n|-heal|p2a: Vileplume|24/100|[from] item: Leftovers\n|-damage|p1a: Dragalge|210/258|[from] Leech Seed|[of] p2a: Vileplume\n|-heal|p2a: Vileplume|36/100|[silent]\n|upkeep\n|turn|23\n|inactive|Time left: 300 sec this turn | 300 sec total\n|\n|t:|1783534349\n|switch|p1a: Toxapex|Toxapex, L82, M|216/216\n|move|p2a: Vileplume|Strength Sap|p1a: Toxapex\n|-unboost|p1a: Toxapex|atk|1\n|-heal|p2a: Vileplume|92/100\n|\n|-heal|p2a: Vileplume|98/100|[from] item: Leftovers\n|upkeep\n|turn|24\n|inactive|Time left: 300 sec this turn | 300 sec total\n|\n|t:|1783534350\n|move|p1a: Toxapex|Toxic Spikes|p2a: Vileplume\n|-sidestart|p2: p0y09007cb|move: Toxic Spikes\n|move|p2a: Vileplume|Leech Seed|p1a: Toxapex\n|-start|p1a: Toxapex|move: Leech Seed\n|\n|-heal|p2a: Vileplume|100/100|[from] item: Leftovers\n|-damage|p1a: Toxapex|189/216|[from] Leech Seed|[of] p2a: Vileplume\n|upkeep\n|turn|25\n|inactive|Time left: 300 sec this turn | 300 sec total\n|\n|t:|1783534351\n|switch|p1a: Dragalge|Dragalge, L88, M|210/258\n|move|p2a: Vileplume|Strength Sap|p1a: Dragalge\n|-unboost|p1a: Dragalge|atk|1\n|\n|upkeep\n|turn|26\n|inactive|Time left: 300 sec this turn | 300 sec total\n|\n|t:|1783534353\n|move|p1a: Dragalge|Sludge Wave|p2a: Vileplume\n|-damage|p2a: Vileplume|49/100\n|move|p2a: Vileplume|Leech Seed|p1a: Dragalge\n|-start|p1a: Dragalge|move: Leech Seed\n|\n|-heal|p2a: Vileplume|55/100|[from] item: Leftovers\n|-damage|p1a: Dragalge|178/258|[from] Leech Seed|[of] p2a: Vileplume\n|-heal|p2a: Vileplume|67/100|[silent]\n|upkeep\n|turn|27\n|inactive|Time left: 300 sec this turn | 300 sec total\n|\n|t:|1783534353\n|switch|p1a: Toxapex|Toxapex, L82, M|216/216\n|move|p2a: Vileplume|Strength Sap|p1a: Toxapex\n|-unboost|p1a: Toxapex|atk|1\n|-heal|p2a: Vileplume|100/100\n|\n|upkeep\n|turn|28\n|inactive|Time left: 300 sec this turn | 300 sec total\n|\n|t:|1783534354\n|move|p1a: Toxapex|Toxic Spikes|p2a: Vileplume\n|-sidestart|p2: p0y09007cb|move: Toxic Spikes\n|move|p2a: Vileplume|Leech Seed|p1a: Toxapex\n|-start|p1a: Toxapex|move: Leech Seed\n|\n|-damage|p1a: Toxapex|189/216|[from] Leech Seed|[of] p2a: Vileplume\n|upkeep\n|turn|29\n|inactive|Time left: 300 sec this turn | 300 sec total\n|\n|t:|1783534355\n|switch|p1a: Dragalge|Dragalge, L88, M|178/258\n|move|p2a: Vileplume|Leech Seed|p1a: Dragalge\n|-start|p1a: Dragalge|move: Leech Seed\n|\n|-damage|p1a: Dragalge|146/258|[from] Leech Seed|[of] p2a: Vileplume\n|upkeep\n|turn|30\n|inactive|Time left: 300 sec this turn | 300 sec total\n|\n|t:|1783534356\n|move|p2a: Vileplume|Strength Sap|p1a: Dragalge\n|-unboost|p1a: Dragalge|atk|1\n|move|p1a: Dragalge|Dragon Tail|p2a: Vileplume\n|-damage|p2a: Vileplume|80/100\n|drag|p2a: Dusknoir|Dusknoir, L89, F|100/100\n|-activate|p2a: Dusknoir|move: Sticky Web\n|-unboost|p2a: Dusknoir|spe|1\n|-status|p2a: Dusknoir|tox\n|-item|p1a: Dragalge|Assault Vest|[from] ability: Frisk|[of] p2a: Dusknoir\n|\n|-damage|p1a: Dragalge|114/258|[from] Leech Seed|[of] p2a: Dusknoir\n|-damage|p2a: Dusknoir|94/100 tox|[from] psn\n|upkeep\n|turn|31\n|inactive|Time left: 300 sec this turn | 300 sec total\n|\n|t:|1783534357\n|switch|p1a: Toxapex|Toxapex, L82, M|216/216\n|switch|p2a: Vileplume|Vileplume, L85, F|80/100\n|-activate|p2a: Vileplume|move: Sticky Web\n|-unboost|p2a: Vileplume|spe|1\n|-sideend|p2: p0y09007cb|move: Toxic Spikes|[of] p2a: Vileplume\n|\n|-heal|p2a: Vileplume|86/100|[from] item: Leftovers\n|upkeep\n|turn|32\n|inactive|Time left: 300 sec this turn | 300 sec total\n|\n|t:|1783534358\n|move|p1a: Toxapex|Toxic Spikes|p2a: Vileplume\n|-sidestart|p2: p0y09007cb|move: Toxic Spikes\n|move|p2a: Vileplume|Leech Seed|p1a: Toxapex\n|-start|p1a: Toxapex|move: Leech Seed\n|\n|-heal|p2a: Vileplume|92/100|[from] item: Leftovers\n|-damage|p1a: Toxapex|189/216|[from] Leech Seed|[of] p2a: Vileplume\n|-heal|p2a: Vileplume|100/100|[silent]\n|upkeep\n|turn|33\n|inactive|Time left: 300 sec this turn | 300 sec total\n|\n|t:|1783534359\n|switch|p1a: Dragalge|Dragalge, L88, M|114/258\n|switch|p2a: Azelf|Azelf, L82|38/100\n|\n|upkeep\n|turn|34\n|inactive|Time left: 300 sec this turn | 300 sec total\n|\n|t:|1783534360\n|move|p2a: Azelf|Psychic|p1a: Dragalge\n|-supereffective|p1a: Dragalge\n|-damage|p1a: Dragalge|0 fnt\n|faint|p1a: Dragalge\n|\n|upkeep\n|inactive|Time left: 300 sec this turn | 300 sec total | 5 sec grace\n|\n|t:|1783534361\n|switch|p1a: Toxapex|Toxapex, L82, M|216/216\n|turn|35\n|inactive|Time left: 300 sec this turn | 300 sec total\n|\n|t:|1783534362\n|-terastallize|p2a: Azelf|Psychic\n|move|p2a: Azelf|Psychic|p1a: Toxapex\n|-supereffective|p1a: Toxapex\n|-damage|p1a: Toxapex|0 fnt\n|faint|p1a: Toxapex\n|\n|win|p0y09007cb", "uploadtime": 1783534362, "views": 0, "rating": 0, "private": 0, "password": null, "_winner": "p0y09007cb", "_our_name": "p0x090e343"}