{"id": "battle-gen9randombattle-2618", "formatid": "gen9randombattle", "format": "[Gen 9] Random Battle", "players": ["p0x2618ec5d", "p0y2618f9f3"], "log": "|init|battle\n|title|p0x2618ec5d vs. p0y2618f9f3\n|j|\u2606p0x2618ec5d\n|j|\u2606p0y2618f9f3\n|t:|1783569232\n|gametype|singles\n|player|p1|p0x2618ec5d|2|\n|player|p2|p0y2618f9f3|2|\n|gen|9\n|tier|[Gen 9] Random Battle\n|rule|Species Clause: Limit one of each Pok\u00e9mon\n|rule|HP Percentage Mod: HP is shown in percentages\n|rule|Sleep Clause Mod: Limit one foe put to sleep\n|rule|Illusion Level Mod: Illusion disguises the Pok\u00e9mon's true level\n|\n|t:|1783569232\n|teamsize|p1|6\n|teamsize|p2|6\n|start\n|switch|p1a: Volcarona|Volcarona, L77, M|100/100\n|switch|p2a: Magearna|Magearna, L77|250/250\n|turn|1\n|inactive|Battle timer is ON: inactive players will automatically lose when time's up. (requested by p0x2618ec5d)\n|inactive|Time left: 300 sec this turn | 300 sec total | 60 sec grace\n|\n|t:|1783569233\n|move|p1a: Volcarona|Quiver Dance|p1a: Volcarona\n|-boost|p1a: Volcarona|spa|1\n|-boost|p1a: Volcarona|spd|1\n|-boost|p1a: Volcarona|spe|1\n|move|p2a: Magearna|Spikes|p1a: Volcarona\n|-sidestart|p1: p0x2618ec5d|Spikes\n|\n|upkeep\n|turn|2\n|inactive|Time left: 300 sec this turn | 300 sec total\n|inactive|p0y2618f9f3 also wants the timer to be on.\n|\n|t:|1783569235\n|switch|p2a: Clefable|Clefable, L83, M|293/293\n|move|p1a: Volcarona|Fire Blast|p2a: Clefable\n|-damage|p2a: Clefable|161/293\n|\n|-heal|p2a: Clefable|179/293|[from] item: Leftovers\n|upkeep\n|turn|3\n|inactive|Time left: 300 sec this turn | 300 sec total\n|\n|t:|1783569236\n|move|p1a: Volcarona|Fire Blast|p2a: Clefable\n|-damage|p2a: Clefable|50/293\n|move|p2a: Clefable|Moonlight|p2a: Clefable\n|-heal|p2a: Clefable|196/293\n|\n|-heal|p2a: Clefable|214/293|[from] item: Leftovers\n|upkeep\n|turn|4\n|inactive|Time left: 300 sec this turn | 300 sec total\n|\n|t:|1783569237\n|move|p1a: Volcarona|Quiver Dance|p1a: Volcarona\n|-boost|p1a: Volcarona|spa|1\n|-boost|p1a: Volcarona|spd|1\n|-boost|p1a: Volcarona|spe|1\n|move|p2a: Clefable|Calm Mind|p2a: Clefable\n|-boost|p2a: Clefable|spa|1\n|-boost|p2a: Clefable|spd|1\n|\n|-heal|p2a: Clefable|232/293|[from] item: Leftovers\n|upkeep\n|turn|5\n|inactive|Time left: 300 sec this turn | 300 sec total\n|\n|t:|1783569238\n|move|p1a: Volcarona|Fire Blast|p2a: Clefable\n|-damage|p2a: Clefable|144/293\n|move|p2a: Clefable|Calm Mind|p2a: Clefable\n|-boost|p2a: Clefable|spa|1\n|-boost|p2a: Clefable|spd|1\n|\n|-heal|p2a: Clefable|162/293|[from] item: Leftovers\n|upkeep\n|turn|6\n|inactive|Time left: 300 sec this turn | 300 sec total\n|\n|t:|1783569240\n|move|p1a: Volcarona|Quiver Dance|p1a: Volcarona\n|-boost|p1a: Volcarona|spa|1\n|-boost|p1a: Volcarona|spd|1\n|-boost|p1a: Volcarona|spe|1\n|move|p2a: Clefable|Fire Blast|p1a: Volcarona|[miss]\n|-miss|p2a: Clefable|p1a: Volcarona\n|\n|-heal|p2a: Clefable|180/293|[from] item: Leftovers\n|upkeep\n|turn|7\n|inactive|Time left: 300 sec this turn | 300 sec total\n|\n|t:|1783569241\n|move|p1a: Volcarona|Tera Blast|p2a: Clefable\n|-damage|p2a: Clefable|150/293\n|move|p2a: Clefable|Fire Blast|p1a: Volcarona\n|-damage|p1a: Volcarona|47/100\n|\n|-heal|p2a: Clefable|168/293|[from] item: Leftovers\n|upkeep\n|turn|8\n|inactive|Time left: 300 sec this turn | 300 sec total\n|\n|t:|1783569242\n|move|p1a: Volcarona|Giga Drain|p2a: Clefable\n|-damage|p2a: Clefable|141/293\n|-heal|p1a: Volcarona|53/100|[from] drain|[of] p2a: Clefable\n|move|p2a: Clefable|Fire Blast|p1a: Volcarona\n|-damage|p1a: Volcarona|0 fnt\n|faint|p1a: Volcarona\n|\n|-heal|p2a: Clefable|159/293|[from] item: Leftovers\n|upkeep\n|\n|t:|1783569243\n|switch|p1a: Samurott|Samurott-Hisui, L77, M|100/100\n|-damage|p1a: Samurott|88/100|[from] Spikes\n|turn|9\n|inactive|Time left: 300 sec this turn | 300 sec total\n|\n|t:|1783569244\n|move|p1a: Samurott|Razor Shell|p2a: Clefable\n|-damage|p2a: Clefable|0 fnt\n|faint|p2a: Clefable\n|-damage|p1a: Samurott|78/100|[from] item: Life Orb\n|\n|upkeep\n|inactive|Time left: 300 sec this turn | 300 sec total | 5 sec grace\n|\n|t:|1783569245\n|switch|p2a: Miraidon|Miraidon, L65|238/238\n|-fieldstart|move: Electric Terrain|[from] ability: Hadron Engine|[of] p2a: Miraidon\n|turn|10\n|inactive|Time left: 300 sec this turn | 300 sec total\n|\n|t:|1783569246\n|switch|p1a: Roaring Moon|Roaring Moon, L72|100/100\n|-damage|p1a: Roaring Moon|88/100|[from] Spikes\n|move|p2a: Miraidon|Electro Drift|p1a: Roaring Moon\n|-resisted|p1a: Roaring Moon\n|-damage|p1a: Roaring Moon|43/100\n|\n|upkeep\n|turn|11\n|inactive|Time left: 300 sec this turn | 300 sec total\n|\n|t:|1783569247\n|move|p2a: Miraidon|Electro Drift|p1a: Roaring Moon\n|-resisted|p1a: Roaring Moon\n|-damage|p1a: Roaring Moon|2/100\n|move|p1a: Roaring Moon|Outrage|p2a: Miraidon\n|-supereffective|p2a: Miraidon\n|-damage|p2a: Miraidon|0 fnt\n|faint|p2a: Miraidon\n|\n|upkeep\n|inactive|Time left: 300 sec this turn | 300 sec total | 5 sec grace\n|\n|t:|1783569248\n|switch|p2a: Magearna|Magearna, L77|250/250\n|turn|12\n|inactive|Time left: 300 sec this turn | 300 sec total\n|\n|t:|1783569249\n|move|p1a: Roaring Moon|Outrage|p2a: Magearna|[from] lockedmove\n|-immune|p2a: Magearna\n|move|p2a: Magearna|Spikes|p1a: Roaring Moon\n|-sidestart|p1: p0x2618ec5d|Spikes\n|\n|upkeep\n|turn|13\n|inactive|Time left: 300 sec this turn | 300 sec total\n|\n|t:|1783569250\n|move|p1a: Roaring Moon|Knock Off|p2a: Magearna\n|-resisted|p2a: Magearna\n|-damage|p2a: Magearna|205/250\n|-enditem|p2a: Magearna|Leftovers|[from] move: Knock Off|[of] p1a: Roaring Moon\n|move|p2a: Magearna|Spikes|p1a: Roaring Moon\n|-sidestart|p1: p0x2618ec5d|Spikes\n|\n|upkeep\n|turn|14\n|inactive|Time left: 300 sec this turn | 300 sec total\n|\n|t:|1783569251\n|move|p1a: Roaring Moon|Iron Head|p2a: Magearna\n|-damage|p2a: Magearna|155/250\n|move|p2a: Magearna|Flash Cannon|p1a: Roaring Moon\n|-crit|p1a: Roaring Moon\n|-damage|p1a: Roaring Moon|0 fnt\n|faint|p1a: Roaring Moon\n|-ability|p2a: Magearna|Soul-Heart|boost\n|-boost|p2a: Magearna|spa|1\n|-end|p1a: Roaring Moon|Protosynthesis|[silent]\n|\n|-fieldend|move: Electric Terrain\n|upkeep\n|\n|t:|1783569252\n|switch|p1a: Torkoal|Torkoal, L88, F|100/100\n|-weather|SunnyDay|[from] ability: Drought|[of] p1a: Torkoal\n|turn|15\n|inactive|Time left: 300 sec this turn | 300 sec total\n|\n|t:|1783569253\n|switch|p2a: Golduck|Golduck, L90, M|290/290\n|-ability|p2a: Golduck|Cloud Nine\n|move|p1a: Torkoal|Fire Blast|p2a: Golduck\n|-resisted|p2a: Golduck\n|-damage|p2a: Golduck|236/290\n|\n|-weather|SunnyDay|[upkeep]\n|-heal|p2a: Golduck|254/290|[from] item: Leftovers\n|upkeep\n|turn|16\n|inactive|Time left: 300 sec this turn | 300 sec total\n|\n|t:|1783569254\n|switch|p1a: Poliwrath|Poliwrath, L88, M|100/100\n|-damage|p1a: Poliwrath|76/100|[from] Spikes\n|move|p2a: Golduck|Hydro Pump|p1a: Poliwrath\n|-heal|p1a: Poliwrath|100/100|[from] ability: Water Absorb|[of] p2a: Golduck\n|\n|-weather|SunnyDay|[upkeep]\n|-heal|p2a: Golduck|272/290|[from] item: Leftovers\n|upkeep\n|turn|17\n|inactive|Time left: 300 sec this turn | 300 sec total\n|\n|t:|1783569255\n|move|p2a: Golduck|Nasty Plot|p2a: Golduck\n|-boost|p2a: Golduck|spa|2\n|move|p1a: Poliwrath|Bulk Up|p1a: Poliwrath\n|-boost|p1a: Poliwrath|atk|1\n|-boost|p1a: Poliwrath|def|1\n|\n|-weather|SunnyDay|[upkeep]\n|-heal|p2a: Golduck|290/290|[from] item: Leftovers\n|upkeep\n|turn|18\n|inactive|Time left: 300 sec this turn | 300 sec total\n|\n|t:|1783569256\n|-terastallize|p1a: Poliwrath|Fighting\n|move|p2a: Golduck|Grass Knot|p1a: Poliwrath\n|-damage|p1a: Poliwrath|60/100\n|move|p1a: Poliwrath|Drain Punch|p2a: Golduck\n|-crit|p2a: Golduck\n|-damage|p2a: Golduck|18/290\n|-heal|p1a: Poliwrath|100/100|[from] drain|[of] p2a: Golduck\n|\n|-weather|SunnyDay|[upkeep]\n|-heal|p2a: Golduck|36/290|[from] item: Leftovers\n|upkeep\n|turn|19\n|inactive|Time left: 300 sec this turn | 300 sec total\n|\n|t:|1783569257\n|move|p2a: Golduck|Ice Beam|p1a: Poliwrath\n|-damage|p1a: Poliwrath|52/100\n|-status|p1a: Poliwrath|frz\n|cant|p1a: Poliwrath|frz\n|\n|-weather|none\n|-heal|p2a: Golduck|54/290|[from] item: Leftovers\n|-heal|p1a: Poliwrath|58/100 frz|[from] item: Leftovers\n|upkeep\n|turn|20\n|inactive|Time left: 300 sec this turn | 300 sec total\n|\n|t:|1783569258\n|move|p2a: Golduck|Ice Beam|p1a: Poliwrath\n|-damage|p1a: Poliwrath|15/100 frz\n|-curestatus|p1a: Poliwrath|frz|[msg]\n|move|p1a: Poliwrath|Drain Punch|p2a: Golduck\n|-damage|p2a: Golduck|0 fnt\n|-heal|p1a: Poliwrath|24/100|[from] drain|[of] p2a: Golduck\n|faint|p2a: Golduck\n|\n|-heal|p1a: Poliwrath|30/100|[from] item: Leftovers\n|upkeep\n|inactive|Time left: 300 sec this turn | 300 sec total | 5 sec grace\n|\n|t:|1783569259\n|switch|p2a: Kyurem|Kyurem, L77|319/319\n|-ability|p2a: Kyurem|Pressure\n|turn|21\n|inactive|Time left: 300 sec this turn | 300 sec total\n|\n|t:|1783569260\n|move|p2a: Kyurem|Ice Beam|p1a: Poliwrath\n|-damage|p1a: Poliwrath|0 fnt\n|faint|p1a: Poliwrath\n|\n|upkeep\n|\n|t:|1783569261\n|switch|p1a: Torkoal|Torkoal, L88, F|100/100\n|-weather|SunnyDay|[from] ability: Drought|[of] p1a: Torkoal\n|turn|22\n|inactive|Time left: 300 sec this turn | 300 sec total\n|\n|t:|1783569262\n|-terastallize|p2a: Kyurem|Ground\n|move|p2a: Kyurem|Earth Power|p1a: Torkoal\n|-supereffective|p1a: Torkoal\n|-damage|p1a: Torkoal|21/100\n|move|p1a: Torkoal|Fire Blast|p2a: Kyurem\n|-damage|p2a: Kyurem|127/319\n|-status|p2a: Kyurem|brn\n|\n|-weather|SunnyDay|[upkeep]\n|-damage|p2a: Kyurem|108/319 brn|[from] brn\n|upkeep\n|turn|23\n|inactive|Time left: 300 sec this turn | 300 sec total\n|\n|t:|1783569263\n|move|p2a: Kyurem|Earth Power|p1a: Torkoal\n|-supereffective|p1a: Torkoal\n|-damage|p1a: Torkoal|0 fnt\n|faint|p1a: Torkoal\n|\n|-weather|SunnyDay|[upkeep]\n|-damage|p2a: Kyurem|89/319 brn|[from] brn\n|upkeep\n|\n|t:|1783569264\n|switch|p1a: Sneasler|Sneasler, L74, M|100/100\n|-damage|p1a: Sneasler|75/100|[from] Spikes\n|turn|24\n|inactive|Time left: 300 sec this turn | 300 sec total\n|\n|t:|1783569264\n|move|p1a: Sneasler|Close Combat|p2a: Kyurem\n|-damage|p2a: Kyurem|0 fnt\n|-unboost|p1a: Sneasler|def|1\n|-unboost|p1a: Sneasler|spd|1\n|faint|p2a: Kyurem\n|-enditem|p1a: Sneasler|White Herb\n|-clearnegativeboost|p1a: Sneasler|[silent]\n|\n|-weather|SunnyDay|[upkeep]\n|upkeep\n|inactive|Time left: 300 sec this turn | 300 sec total | 5 sec grace\n|\n|t:|1783569265\n|switch|p2a: Magearna|Magearna, L77|155/250\n|turn|25\n|inactive|Time left: 300 sec this turn | 300 sec total\n|\n|t:|1783569266\n|move|p1a: Sneasler|Swords Dance|p1a: Sneasler\n|-boost|p1a: Sneasler|atk|2\n|move|p2a: Magearna|Fleur Cannon|p1a: Sneasler\n|-damage|p1a: Sneasler|0 fnt\n|-unboost|p2a: Magearna|spa|2\n|faint|p1a: Sneasler\n|-ability|p2a: Magearna|Soul-Heart|boost\n|-boost|p2a: Magearna|spa|1\n|\n|-weather|SunnyDay|[upkeep]\n|upkeep\n|\n|t:|1783569267\n|switch|p1a: Samurott|Samurott-Hisui, L77, M|78/100\n|-damage|p1a: Samurott|53/100|[from] Spikes\n|turn|26\n|inactive|Time left: 300 sec this turn | 300 sec total\n|\n|t:|1783569267\n|move|p1a: Samurott|Swords Dance|p1a: Samurott\n|-boost|p1a: Samurott|atk|2\n|move|p2a: Magearna|Aura Sphere|p1a: Samurott\n|-supereffective|p1a: Samurott\n|-damage|p1a: Samurott|16/100\n|\n|-weather|none\n|upkeep\n|turn|27\n|inactive|Time left: 300 sec this turn | 300 sec total\n|\n|t:|1783569268\n|move|p1a: Samurott|Swords Dance|p1a: Samurott\n|-boost|p1a: Samurott|atk|2\n|move|p2a: Magearna|Aura Sphere|p1a: Samurott\n|-supereffective|p1a: Samurott\n|-damage|p1a: Samurott|0 fnt\n|faint|p1a: Samurott\n|\n|win|p0y2618f9f3", "uploadtime": 1783569268, "views": 0, "rating": 0, "private": 0, "password": null, "_winner": "p0y2618f9f3", "_our_name": "p0y2618f9f3"}