{"id": "battle-gen9randombattle-2809", "formatid": "gen9randombattle", "format": "[Gen 9] Random Battle", "players": ["p0x2809fb5d", "p0y28092d82"], "log": "|init|battle\n|title|p0x2809fb5d vs. p0y28092d82\n|j|\u2606p0x2809fb5d\n|j|\u2606p0y28092d82\n|t:|1783572359\n|gametype|singles\n|player|p1|p0x2809fb5d|101|\n|player|p2|p0y28092d82|170|\n|gen|9\n|tier|[Gen 9] Random Battle\n|rule|Species Clause: Limit one of each Pok\u00e9mon\n|rule|HP Percentage Mod: HP is shown in percentages\n|rule|Sleep Clause Mod: Limit one foe put to sleep\n|rule|Illusion Level Mod: Illusion disguises the Pok\u00e9mon's true level\n|\n|t:|1783572359\n|teamsize|p1|6\n|teamsize|p2|6\n|start\n|switch|p1a: Ogerpon|Ogerpon-Wellspring, L76, F|100/100\n|switch|p2a: Dedenne|Dedenne, L88, F|261/261\n|turn|1\n|inactive|Battle timer is ON: inactive players will automatically lose when time's up. (requested by p0y28092d82)\n|inactive|p0x2809fb5d also wants the timer to be on.\n|\n|t:|1783572360\n|move|p2a: Dedenne|Thunderbolt|p1a: Ogerpon\n|-damage|p1a: Ogerpon|59/100\n|move|p1a: Ogerpon|Ivy Cudgel|p2a: Dedenne|[anim] Ivy Cudgel Water\n|-damage|p2a: Dedenne|96/261\n|-enditem|p2a: Dedenne|Sitrus Berry|[eat]\n|-heal|p2a: Dedenne|161/261|[from] item: Sitrus Berry\n|-heal|p2a: Dedenne|248/261|[from] ability: Cheek Pouch\n|\n|upkeep\n|turn|2\n|inactive|Time left: 300 sec this turn | 300 sec total\n|\n|t:|1783572362\n|move|p2a: Dedenne|Thunderbolt|p1a: Ogerpon\n|-damage|p1a: Ogerpon|20/100\n|move|p1a: Ogerpon|Ivy Cudgel|p2a: Dedenne|[anim] Ivy Cudgel Water\n|-damage|p2a: Dedenne|88/261\n|\n|upkeep\n|turn|3\n|inactive|Time left: 300 sec this turn | 300 sec total\n|\n|t:|1783572363\n|switch|p1a: Sylveon|Sylveon, L85, M|100/100\n|move|p2a: Dedenne|Dazzling Gleam|p1a: Sylveon\n|-damage|p1a: Sylveon|80/100\n|\n|-heal|p1a: Sylveon|86/100|[from] item: Leftovers\n|upkeep\n|turn|4\n|inactive|Time left: 300 sec this turn | 300 sec total\n|\n|t:|1783572364\n|switch|p2a: Excadrill|Excadrill, L79, F|303/303\n|-ability|p2a: Excadrill|Mold Breaker\n|move|p1a: Sylveon|Hyper Voice|p2a: Excadrill\n|-resisted|p2a: Excadrill\n|-damage|p2a: Excadrill|248/303\n|\n|-heal|p1a: Sylveon|92/100|[from] item: Leftovers\n|upkeep\n|turn|5\n|inactive|Time left: 300 sec this turn | 300 sec total\n|\n|t:|1783572365\n|switch|p1a: Dondozo|Dondozo, L78, M|100/100\n|move|p2a: Excadrill|Earthquake|p1a: Dondozo\n|-damage|p1a: Dondozo|71/100\n|\n|-heal|p1a: Dondozo|77/100|[from] item: Leftovers\n|upkeep\n|turn|6\n|inactive|Time left: 300 sec this turn | 300 sec total\n|\n|t:|1783572366\n|switch|p2a: Dusknoir|Dusknoir, L89, F|225/225\n|-item|p1a: Dondozo|Leftovers|[from] ability: Frisk|[of] p2a: Dusknoir\n|move|p1a: Dondozo|Wave Crash|p2a: Dusknoir\n|-damage|p2a: Dusknoir|146/225\n|-damage|p1a: Dondozo|70/100|[from] Recoil\n|\n|-heal|p2a: Dusknoir|160/225|[from] item: Leftovers\n|-heal|p1a: Dondozo|76/100|[from] item: Leftovers\n|upkeep\n|turn|7\n|inactive|Time left: 300 sec this turn | 300 sec total\n|\n|t:|1783572367\n|move|p2a: Dusknoir|Poltergeist|p1a: Dondozo|[miss]\n|-miss|p2a: Dusknoir|p1a: Dondozo\n|move|p1a: Dondozo|Wave Crash|p2a: Dusknoir\n|-damage|p2a: Dusknoir|88/225\n|-damage|p1a: Dondozo|70/100|[from] Recoil\n|\n|-heal|p2a: Dusknoir|102/225|[from] item: Leftovers\n|-heal|p1a: Dondozo|76/100|[from] item: Leftovers\n|upkeep\n|turn|8\n|inactive|Time left: 300 sec this turn | 300 sec total\n|\n|t:|1783572368\n|move|p2a: Dusknoir|Pain Split|p1a: Dondozo\n|-sethp|p1a: Dondozo|52/100|[from] move: Pain Split|[silent]\n|-sethp|p2a: Dusknoir|187/225|[from] move: Pain Split\n|move|p1a: Dondozo|Wave Crash|p2a: Dusknoir\n|-damage|p2a: Dusknoir|105/225\n|-damage|p1a: Dondozo|45/100|[from] Recoil\n|\n|-heal|p2a: Dusknoir|119/225|[from] item: Leftovers\n|-heal|p1a: Dondozo|51/100|[from] item: Leftovers\n|upkeep\n|turn|9\n|inactive|Time left: 300 sec this turn | 300 sec total\n|\n|t:|1783572369\n|move|p2a: Dusknoir|Poltergeist|p1a: Dondozo\n|-activate|p1a: Dondozo|move: Poltergeist|Leftovers\n|-damage|p1a: Dondozo|21/100\n|move|p1a: Dondozo|Wave Crash|p2a: Dusknoir\n|-damage|p2a: Dusknoir|40/225\n|-damage|p1a: Dondozo|14/100|[from] Recoil\n|\n|-heal|p2a: Dusknoir|54/225|[from] item: Leftovers\n|-heal|p1a: Dondozo|20/100|[from] item: Leftovers\n|upkeep\n|turn|10\n|inactive|Time left: 300 sec this turn | 300 sec total\n|\n|t:|1783572371\n|move|p2a: Dusknoir|Poltergeist|p1a: Dondozo|[miss]\n|-miss|p2a: Dusknoir|p1a: Dondozo\n|move|p1a: Dondozo|Wave Crash|p2a: Dusknoir\n|-damage|p2a: Dusknoir|0 fnt\n|faint|p2a: Dusknoir\n|-damage|p1a: Dondozo|15/100|[from] Recoil\n|\n|-heal|p1a: Dondozo|21/100|[from] item: Leftovers\n|upkeep\n|inactive|Time left: 300 sec this turn | 300 sec total | 5 sec grace\n|\n|t:|1783572371\n|switch|p2a: Excadrill|Excadrill, L79, F|248/303\n|-ability|p2a: Excadrill|Mold Breaker\n|turn|11\n|inactive|Time left: 300 sec this turn | 300 sec total\n|\n|t:|1783572372\n|move|p2a: Excadrill|Earthquake|p1a: Dondozo\n|-damage|p1a: Dondozo|0 fnt\n|faint|p1a: Dondozo\n|\n|upkeep\n|\n|t:|1783572373\n|switch|p1a: Ogerpon|Ogerpon-Wellspring, L76, F|20/100\n|turn|12\n|inactive|Time left: 300 sec this turn | 300 sec total\n|\n|t:|1783572374\n|switch|p2a: Gurdurr|Gurdurr, L85, F|283/283\n|move|p1a: Ogerpon|Ivy Cudgel|p2a: Gurdurr|[anim] Ivy Cudgel Water\n|-damage|p2a: Gurdurr|205/283\n|\n|upkeep\n|turn|13\n|inactive|Time left: 300 sec this turn | 300 sec total\n|\n|t:|1783572375\n|switch|p1a: Enamorus|Enamorus, L79, F|100/100\n|move|p2a: Gurdurr|Bulk Up|p2a: Gurdurr\n|-boost|p2a: Gurdurr|atk|1\n|-boost|p2a: Gurdurr|def|1\n|\n|upkeep\n|turn|14\n|inactive|Time left: 300 sec this turn | 300 sec total\n|\n|t:|1783572376\n|move|p1a: Enamorus|Moonblast|p2a: Gurdurr\n|-supereffective|p2a: Gurdurr\n|-damage|p2a: Gurdurr|0 fnt\n|faint|p2a: Gurdurr\n|\n|upkeep\n|inactive|Time left: 300 sec this turn | 300 sec total | 5 sec grace\n|\n|t:|1783572377\n|switch|p2a: Excadrill|Excadrill, L79, F|248/303\n|-ability|p2a: Excadrill|Mold Breaker\n|turn|15\n|inactive|Time left: 300 sec this turn | 300 sec total\n|\n|t:|1783572378\n|move|p1a: Enamorus|Substitute|p1a: Enamorus\n|-start|p1a: Enamorus|Substitute\n|-damage|p1a: Enamorus|76/100\n|move|p2a: Excadrill|Iron Head|p1a: Enamorus\n|-supereffective|p1a: Enamorus\n|-crit|p1a: Enamorus\n|-end|p1a: Enamorus|Substitute\n|\n|-heal|p1a: Enamorus|82/100|[from] item: Leftovers\n|upkeep\n|turn|16\n|inactive|Time left: 300 sec this turn | 300 sec total\n|\n|t:|1783572379\n|move|p1a: Enamorus|Substitute|p1a: Enamorus\n|-start|p1a: Enamorus|Substitute\n|-damage|p1a: Enamorus|57/100\n|move|p2a: Excadrill|Iron Head|p1a: Enamorus\n|-supereffective|p1a: Enamorus\n|-end|p1a: Enamorus|Substitute\n|\n|-heal|p1a: Enamorus|63/100|[from] item: Leftovers\n|upkeep\n|turn|17\n|inactive|Time left: 300 sec this turn | 300 sec total\n|\n|t:|1783572380\n|move|p1a: Enamorus|Earth Power|p2a: Excadrill\n|-supereffective|p2a: Excadrill\n|-damage|p2a: Excadrill|122/303\n|move|p2a: Excadrill|Iron Head|p1a: Enamorus\n|-supereffective|p1a: Enamorus\n|-damage|p1a: Enamorus|0 fnt\n|faint|p1a: Enamorus\n|\n|upkeep\n|\n|t:|1783572381\n|switch|p1a: Ogerpon|Ogerpon-Wellspring, L76, F|20/100\n|turn|18\n|inactive|Time left: 300 sec this turn | 300 sec total\n|\n|t:|1783572382\n|move|p1a: Ogerpon|Ivy Cudgel|p2a: Excadrill|[anim] Ivy Cudgel Water\n|-supereffective|p2a: Excadrill\n|-damage|p2a: Excadrill|0 fnt\n|faint|p2a: Excadrill\n|\n|upkeep\n|inactive|Time left: 300 sec this turn | 300 sec total | 5 sec grace\n|\n|t:|1783572383\n|switch|p2a: Lucario|Lucario, L84, F|255/255\n|turn|19\n|inactive|Time left: 300 sec this turn | 300 sec total\n|\n|t:|1783572384\n|move|p2a: Lucario|Extreme Speed|p1a: Ogerpon\n|-damage|p1a: Ogerpon|0 fnt\n|faint|p1a: Ogerpon\n|-damage|p2a: Lucario|230/255|[from] item: Life Orb\n|\n|upkeep\n|\n|t:|1783572385\n|switch|p1a: Cinderace|Cinderace, L77, M|100/100\n|turn|20\n|inactive|Time left: 300 sec this turn | 300 sec total\n|\n|t:|1783572386\n|-terastallize|p2a: Lucario|Normal\n|move|p1a: Cinderace|Pyro Ball|p2a: Lucario\n|-damage|p2a: Lucario|77/255\n|move|p2a: Lucario|Swords Dance|p2a: Lucario\n|-boost|p2a: Lucario|atk|2\n|\n|upkeep\n|turn|21\n|inactive|Time left: 300 sec this turn | 300 sec total\n|\n|t:|1783572386\n|move|p2a: Lucario|Extreme Speed|p1a: Cinderace\n|-damage|p1a: Cinderace|0 fnt\n|faint|p1a: Cinderace\n|-damage|p2a: Lucario|52/255|[from] item: Life Orb\n|\n|upkeep\n|\n|t:|1783572387\n|switch|p1a: Sylveon|Sylveon, L85, M|92/100\n|turn|22\n|inactive|Time left: 300 sec this turn | 300 sec total\n|\n|t:|1783572388\n|move|p1a: Sylveon|Protect|p1a: Sylveon\n|-singleturn|p1a: Sylveon|Protect\n|move|p2a: Lucario|Close Combat|p1a: Sylveon\n|-activate|p1a: Sylveon|move: Protect\n|\n|-heal|p1a: Sylveon|98/100|[from] item: Leftovers\n|upkeep\n|turn|23\n|inactive|Time left: 300 sec this turn | 300 sec total\n|\n|t:|1783572389\n|-terastallize|p1a: Sylveon|Steel\n|move|p2a: Lucario|Close Combat|p1a: Sylveon\n|-supereffective|p1a: Sylveon\n|-damage|p1a: Sylveon|0 fnt\n|-unboost|p2a: Lucario|def|1\n|-unboost|p2a: Lucario|spd|1\n|faint|p1a: Sylveon\n|-damage|p2a: Lucario|27/255|[from] item: Life Orb\n|\n|upkeep\n|\n|t:|1783572390\n|switch|p1a: Volcarona|Volcarona, L77, M|100/100\n|turn|24\n|inactive|Time left: 300 sec this turn | 300 sec total\n|\n|t:|1783572391\n|move|p2a: Lucario|Extreme Speed|p1a: Volcarona\n|-damage|p1a: Volcarona|0 fnt\n|faint|p1a: Volcarona\n|-damage|p2a: Lucario|2/255|[from] item: Life Orb\n|\n|win|p0y28092d82", "uploadtime": 1783572391, "views": 0, "rating": 0, "private": 0, "password": null, "_winner": "p0y28092d82", "_our_name": "p0y28092d82"}