{"id": "battle-gen9randombattle-336", "formatid": "gen9randombattle", "format": "[Gen 9] Random Battle", "players": ["p0x336c9ee", "p0y3360d04"], "log": "|init|battle\n|title|p0x336c9ee vs. p0y3360d04\n|j|\u2606p0x336c9ee\n|j|\u2606p0y3360d04\n|t:|1783542993\n|gametype|singles\n|player|p1|p0x336c9ee|265|\n|player|p2|p0y3360d04|266|\n|gen|9\n|tier|[Gen 9] Random Battle\n|rule|Species Clause: Limit one of each Pok\u00e9mon\n|rule|HP Percentage Mod: HP is shown in percentages\n|rule|Sleep Clause Mod: Limit one foe put to sleep\n|rule|Illusion Level Mod: Illusion disguises the Pok\u00e9mon's true level\n|\n|t:|1783542993\n|teamsize|p1|6\n|teamsize|p2|6\n|start\n|switch|p1a: Terrakion|Terrakion, L79|273/273\n|switch|p2a: Serperior|Serperior, L79, F|100/100\n|turn|1\n|inactive|Battle timer is ON: inactive players will automatically lose when time's up. (requested by p0x336c9ee)\n|inactive|p0y3360d04 also wants the timer to be on.\n|\n|t:|1783542995\n|-terastallize|p1a: Terrakion|Fighting\n|move|p2a: Serperior|Leaf Storm|p1a: Terrakion\n|-damage|p1a: Terrakion|173/273\n|-boost|p2a: Serperior|spa|2\n|move|p1a: Terrakion|Close Combat|p2a: Serperior\n|-damage|p2a: Serperior|0 fnt\n|-unboost|p1a: Terrakion|def|1\n|-unboost|p1a: Terrakion|spd|1\n|faint|p2a: Serperior\n|\n|upkeep\n|\n|t:|1783542996\n|switch|p2a: Galvantula|Galvantula, L82, F|100/100\n|turn|2\n|inactive|Time left: 300 sec this turn | 300 sec total\n|\n|t:|1783542998\n|move|p2a: Galvantula|Sticky Web|p1a: Terrakion\n|-sidestart|p1: p0x336c9ee|move: Sticky Web\n|move|p1a: Terrakion|Close Combat|p2a: Galvantula\n|-resisted|p2a: Galvantula\n|-damage|p2a: Galvantula|25/100\n|-unboost|p1a: Terrakion|def|1\n|-unboost|p1a: Terrakion|spd|1\n|\n|upkeep\n|turn|3\n|inactive|Time left: 300 sec this turn | 300 sec total\n|\n|t:|1783542998\n|switch|p1a: Clodsire|Clodsire, L81, F|343/343\n|-activate|p1a: Clodsire|move: Sticky Web\n|-unboost|p1a: Clodsire|spe|1\n|move|p2a: Galvantula|Thunder|p1a: Clodsire\n|-immune|p1a: Clodsire\n|\n|upkeep\n|turn|4\n|inactive|Time left: 300 sec this turn | 300 sec total\n|\n|t:|1783543000\n|switch|p2a: Manaphy|Manaphy, L78|100/100\n|move|p1a: Clodsire|Earthquake|p2a: Manaphy\n|-damage|p2a: Manaphy|73/100\n|\n|-heal|p2a: Manaphy|79/100|[from] item: Leftovers\n|upkeep\n|turn|5\n|inactive|Time left: 300 sec this turn | 300 sec total\n|\n|t:|1783543001\n|move|p2a: Manaphy|Tail Glow|p2a: Manaphy\n|-boost|p2a: Manaphy|spa|3\n|move|p1a: Clodsire|Toxic|p2a: Manaphy\n|-status|p2a: Manaphy|tox\n|\n|-heal|p2a: Manaphy|85/100 tox|[from] item: Leftovers\n|-damage|p2a: Manaphy|79/100 tox|[from] psn\n|upkeep\n|turn|6\n|inactive|Time left: 300 sec this turn | 300 sec total\n|\n|t:|1783543002\n|move|p2a: Manaphy|Ice Beam|p1a: Clodsire\n|-supereffective|p1a: Clodsire\n|-damage|p1a: Clodsire|67/343\n|move|p1a: Clodsire|Gunk Shot|p2a: Manaphy\n|-damage|p2a: Manaphy|47/100 tox\n|\n|-heal|p2a: Manaphy|53/100 tox|[from] item: Leftovers\n|-heal|p1a: Clodsire|88/343|[from] item: Leftovers\n|-damage|p2a: Manaphy|41/100 tox|[from] psn\n|upkeep\n|turn|7\n|inactive|Time left: 300 sec this turn | 300 sec total\n|\n|t:|1783543003\n|move|p2a: Manaphy|Ice Beam|p1a: Clodsire\n|-supereffective|p1a: Clodsire\n|-damage|p1a: Clodsire|0 fnt\n|faint|p1a: Clodsire\n|\n|-heal|p2a: Manaphy|47/100 tox|[from] item: Leftovers\n|-damage|p2a: Manaphy|29/100 tox|[from] psn\n|upkeep\n|inactive|Time left: 300 sec this turn | 300 sec total | 5 sec grace\n|\n|t:|1783543004\n|switch|p1a: Noctowl|Noctowl, L95, F|344/344\n|turn|8\n|inactive|Time left: 300 sec this turn | 300 sec total\n|\n|t:|1783543006\n|move|p2a: Manaphy|Ice Beam|p1a: Noctowl\n|-supereffective|p1a: Noctowl\n|-damage|p1a: Noctowl|102/344\n|move|p1a: Noctowl|Defog|p2a: Manaphy\n|-unboost|p2a: Manaphy|evasion|1\n|-sideend|p1: p0x336c9ee|Sticky Web|[from] move: Defog|[of] p1a: Noctowl\n|\n|-heal|p2a: Manaphy|35/100 tox|[from] item: Leftovers\n|-damage|p2a: Manaphy|11/100 tox|[from] psn\n|upkeep\n|turn|9\n|inactive|Time left: 300 sec this turn | 300 sec total\n|\n|t:|1783543007\n|move|p2a: Manaphy|Ice Beam|p1a: Noctowl\n|-supereffective|p1a: Noctowl\n|-damage|p1a: Noctowl|0 fnt\n|faint|p1a: Noctowl\n|\n|-heal|p2a: Manaphy|17/100 tox|[from] item: Leftovers\n|-damage|p2a: Manaphy|0 fnt|[from] psn\n|faint|p2a: Manaphy\n|upkeep\n|inactive|Time left: 300 sec this turn | 300 sec total | 5 sec grace\n|\n|t:|1783543008\n|switch|p2a: Galvantula|Galvantula, L82, F|25/100\n|switch|p1a: Terrakion|Terrakion, L79, tera:Fighting|173/273\n|turn|10\n|inactive|Time left: 300 sec this turn | 300 sec total\n|\n|t:|1783543009\n|move|p1a: Terrakion|Quick Attack|p2a: Galvantula\n|-damage|p2a: Galvantula|1/100\n|move|p2a: Galvantula|Sticky Web|p1a: Terrakion\n|-sidestart|p1: p0x336c9ee|move: Sticky Web\n|\n|upkeep\n|turn|11\n|inactive|Time left: 300 sec this turn | 300 sec total\n|\n|t:|1783543010\n|switch|p2a: Whiscash|Whiscash, L88, F|100/100\n|move|p1a: Terrakion|Quick Attack|p2a: Whiscash\n|-damage|p2a: Whiscash|84/100\n|\n|upkeep\n|turn|12\n|inactive|Time left: 300 sec this turn | 300 sec total\n|\n|t:|1783543011\n|switch|p1a: Politoed|Politoed, L88, M|302/302\n|-activate|p1a: Politoed|move: Sticky Web\n|-unboost|p1a: Politoed|spe|1\n|-weather|RainDance|[from] ability: Drizzle|[of] p1a: Politoed\n|move|p2a: Whiscash|Dragon Dance|p2a: Whiscash\n|-boost|p2a: Whiscash|atk|1\n|-boost|p2a: Whiscash|spe|1\n|\n|-weather|RainDance|[upkeep]\n|upkeep\n|turn|13\n|inactive|Time left: 300 sec this turn | 300 sec total\n|\n|t:|1783543012\n|move|p2a: Whiscash|Earthquake|p1a: Politoed\n|-damage|p1a: Politoed|84/302\n|-damage|p2a: Whiscash|75/100|[from] item: Life Orb\n|move|p1a: Politoed|Weather Ball|p2a: Whiscash\n|-damage|p2a: Whiscash|0 fnt\n|faint|p2a: Whiscash\n|\n|-weather|RainDance|[upkeep]\n|upkeep\n|\n|t:|1783543013\n|switch|p2a: Galvantula|Galvantula, L82, F|1/100\n|turn|14\n|inactive|Time left: 300 sec this turn | 300 sec total\n|\n|t:|1783543015\n|switch|p1a: Pincurchin|Pincurchin, M|258/258\n|-activate|p1a: Pincurchin|move: Sticky Web\n|-unboost|p1a: Pincurchin|spe|1\n|-fieldstart|move: Electric Terrain|[from] ability: Electric Surge|[of] p1a: Pincurchin\n|move|p2a: Galvantula|Thunder|p1a: Pincurchin\n|-resisted|p1a: Pincurchin\n|-damage|p1a: Pincurchin|194/258\n|\n|-weather|RainDance|[upkeep]\n|-heal|p1a: Pincurchin|210/258|[from] item: Leftovers\n|upkeep\n|turn|15\n|inactive|Time left: 300 sec this turn | 300 sec total\n|\n|t:|1783543016\n|move|p2a: Galvantula|Thunder|p1a: Pincurchin\n|-resisted|p1a: Pincurchin\n|-damage|p1a: Pincurchin|145/258\n|move|p1a: Pincurchin|Zing Zap|p2a: Galvantula\n|-resisted|p2a: Galvantula\n|-damage|p2a: Galvantula|0 fnt\n|faint|p2a: Galvantula\n|\n|-weather|RainDance|[upkeep]\n|-heal|p1a: Pincurchin|161/258|[from] item: Leftovers\n|upkeep\n|\n|t:|1783543017\n|switch|p2a: Dugtrio|Dugtrio-Alola, L84, M|100/100\n|turn|16\n|inactive|Time left: 300 sec this turn | 300 sec total\n|\n|t:|1783543018\n|move|p2a: Dugtrio|Earthquake|p1a: Pincurchin\n|-supereffective|p1a: Pincurchin\n|-damage|p1a: Pincurchin|0 fnt\n|faint|p1a: Pincurchin\n|-damage|p2a: Dugtrio|91/100|[from] item: Life Orb\n|\n|-weather|none\n|upkeep\n|inactive|Time left: 300 sec this turn | 300 sec total | 5 sec grace\n|\n|t:|1783543019\n|switch|p1a: Politoed|Politoed, L88, M|84/302\n|-activate|p1a: Politoed|move: Sticky Web\n|-unboost|p1a: Politoed|spe|1\n|-weather|RainDance|[from] ability: Drizzle|[of] p1a: Politoed\n|turn|17\n|inactive|Time left: 300 sec this turn | 300 sec total\n|\n|t:|1783543020\n|move|p2a: Dugtrio|Earthquake|p1a: Politoed\n|-damage|p1a: Politoed|0 fnt\n|faint|p1a: Politoed\n|-damage|p2a: Dugtrio|81/100|[from] item: Life Orb\n|\n|-weather|RainDance|[upkeep]\n|upkeep\n|inactive|Time left: 300 sec this turn | 300 sec total | 5 sec grace\n|\n|t:|1783543021\n|switch|p1a: Terrakion|Terrakion, L79, tera:Fighting|173/273\n|-activate|p1a: Terrakion|move: Sticky Web\n|-unboost|p1a: Terrakion|spe|1\n|turn|18\n|inactive|Time left: 300 sec this turn | 300 sec total\n|\n|t:|1783543022\n|switch|p1a: Masquerain|Masquerain, L87, F|264/264\n|-ability|p1a: Masquerain|Intimidate|boost\n|-unboost|p2a: Dugtrio|atk|1\n|move|p2a: Dugtrio|Iron Head|p1a: Masquerain\n|-damage|p1a: Masquerain|170/264\n|-damage|p2a: Dugtrio|71/100|[from] item: Life Orb\n|\n|-weather|RainDance|[upkeep]\n|-fieldend|move: Electric Terrain\n|upkeep\n|turn|19\n|inactive|Time left: 300 sec this turn | 300 sec total\n|\n|t:|1783543023\n|switch|p1a: Terrakion|Terrakion, L79, tera:Fighting|173/273\n|-activate|p1a: Terrakion|move: Sticky Web\n|-unboost|p1a: Terrakion|spe|1\n|move|p2a: Dugtrio|Iron Head|p1a: Terrakion\n|-damage|p1a: Terrakion|87/273\n|-damage|p2a: Dugtrio|62/100|[from] item: Life Orb\n|\n|-weather|RainDance|[upkeep]\n|upkeep\n|turn|20\n|inactive|Time left: 300 sec this turn | 300 sec total\n|\n|t:|1783543024\n|switch|p1a: Masquerain|Masquerain, L87, F|170/264\n|-ability|p1a: Masquerain|Intimidate|boost\n|-unboost|p2a: Dugtrio|atk|1\n|-terastallize|p2a: Dugtrio|Steel\n|move|p2a: Dugtrio|Iron Head|p1a: Masquerain\n|-damage|p1a: Masquerain|76/264\n|-damage|p2a: Dugtrio|52/100|[from] item: Life Orb\n|\n|-weather|RainDance|[upkeep]\n|upkeep\n|turn|21\n|inactive|Time left: 300 sec this turn | 300 sec total\n|\n|t:|1783543025\n|switch|p1a: Terrakion|Terrakion, L79, tera:Fighting|87/273\n|-activate|p1a: Terrakion|move: Sticky Web\n|-unboost|p1a: Terrakion|spe|1\n|move|p2a: Dugtrio|Iron Head|p1a: Terrakion\n|-damage|p1a: Terrakion|1/273\n|-damage|p2a: Dugtrio|42/100|[from] item: Life Orb\n|\n|-weather|none\n|upkeep\n|turn|22\n|inactive|Time left: 300 sec this turn | 300 sec total\n|\n|t:|1783543027\n|move|p2a: Dugtrio|Iron Head|p1a: Terrakion\n|-damage|p1a: Terrakion|0 fnt\n|faint|p1a: Terrakion\n|-damage|p2a: Dugtrio|33/100|[from] item: Life Orb\n|\n|upkeep\n|inactive|Time left: 300 sec this turn | 300 sec total | 5 sec grace\n|\n|t:|1783543027\n|switch|p1a: Masquerain|Masquerain, L87, F|76/264\n|-ability|p1a: Masquerain|Intimidate|boost\n|-unboost|p2a: Dugtrio|atk|1\n|turn|23\n|inactive|Time left: 300 sec this turn | 300 sec total\n|\n|t:|1783543028\n|move|p2a: Dugtrio|Iron Head|p1a: Masquerain\n|-damage|p1a: Masquerain|0 fnt\n|faint|p1a: Masquerain\n|-damage|p2a: Dugtrio|23/100|[from] item: Life Orb\n|\n|win|p0y3360d04", "uploadtime": 1783543028, "views": 0, "rating": 0, "private": 0, "password": null, "_winner": "p0y3360d04", "_our_name": "p0x336c9ee"}