{"id": "battle-gen9randombattle-1295", "formatid": "gen9randombattle", "format": "[Gen 9] Random Battle", "players": ["p0x12958ec5", "p0y12954802"], "log": "|init|battle\n|title|p0x12958ec5 vs. p0y12954802\n|j|\u2606p0x12958ec5\n|j|\u2606p0y12954802\n|t:|1783555019\n|gametype|singles\n|player|p1|p0x12958ec5|265|\n|player|p2|p0y12954802|265|\n|gen|9\n|tier|[Gen 9] Random Battle\n|rule|Species Clause: Limit one of each Pok\u00e9mon\n|rule|HP Percentage Mod: HP is shown in percentages\n|rule|Sleep Clause Mod: Limit one foe put to sleep\n|rule|Illusion Level Mod: Illusion disguises the Pok\u00e9mon's true level\n|\n|t:|1783555019\n|teamsize|p1|6\n|teamsize|p2|6\n|start\n|switch|p1a: Arbok|Arbok, L87, F|246/246\n|switch|p2a: Vespiquen|Vespiquen, L99, F|100/100\n|-ability|p1a: Arbok|Intimidate|boost\n|-unboost|p2a: Vespiquen|atk|1\n|-ability|p2a: Vespiquen|Pressure\n|turn|1\n|inactive|Battle timer is ON: inactive players will automatically lose when time's up. (requested by p0x12958ec5)\n|\n|t:|1783555021\n|move|p1a: Arbok|Coil|p1a: Arbok\n|-boost|p1a: Arbok|atk|1\n|-boost|p1a: Arbok|def|1\n|-boost|p1a: Arbok|accuracy|1\n|move|p2a: Vespiquen|Toxic Spikes|p1a: Arbok\n|-sidestart|p1: p0x12958ec5|move: Toxic Spikes\n|\n|upkeep\n|turn|2\n|inactive|Time left: 300 sec this turn | 300 sec total\n|inactive|p0y12954802 also wants the timer to be on.\n|\n|t:|1783555022\n|move|p1a: Arbok|Coil|p1a: Arbok\n|-boost|p1a: Arbok|atk|1\n|-boost|p1a: Arbok|def|1\n|-boost|p1a: Arbok|accuracy|1\n|move|p2a: Vespiquen|Hurricane|p1a: Arbok\n|-damage|p1a: Arbok|110/246\n|-start|p1a: Arbok|confusion\n|\n|-heal|p1a: Arbok|125/246|[from] item: Leftovers\n|upkeep\n|turn|3\n|inactive|Time left: 300 sec this turn | 300 sec total\n|\n|t:|1783555024\n|-activate|p1a: Arbok|confusion\n|move|p1a: Arbok|Gunk Shot|p2a: Vespiquen\n|-damage|p2a: Vespiquen|38/100\n|-status|p2a: Vespiquen|psn\n|move|p2a: Vespiquen|Hurricane|p1a: Arbok|[miss]\n|-miss|p2a: Vespiquen|p1a: Arbok\n|\n|-heal|p1a: Arbok|140/246|[from] item: Leftovers\n|-damage|p2a: Vespiquen|26/100 psn|[from] psn\n|upkeep\n|turn|4\n|inactive|Time left: 300 sec this turn | 300 sec total\n|\n|t:|1783555025\n|-activate|p1a: Arbok|confusion\n|move|p1a: Arbok|Gunk Shot|p2a: Vespiquen\n|-damage|p2a: Vespiquen|0 fnt\n|faint|p2a: Vespiquen\n|\n|-heal|p1a: Arbok|155/246|[from] item: Leftovers\n|upkeep\n|\n|t:|1783555026\n|switch|p2a: Espathra|Espathra, L80, F|100/100\n|turn|5\n|inactive|Time left: 300 sec this turn | 300 sec total\n|\n|t:|1783555027\n|-activate|p1a: Arbok|confusion\n|move|p1a: Arbok|Sucker Punch|p2a: Espathra\n|-supereffective|p2a: Espathra\n|-damage|p2a: Espathra|5/100\n|move|p2a: Espathra|Lumina Crash|p1a: Arbok\n|-supereffective|p1a: Arbok\n|-crit|p1a: Arbok\n|-damage|p1a: Arbok|0 fnt\n|faint|p1a: Arbok\n|\n|-ability|p2a: Espathra|Speed Boost|boost\n|-boost|p2a: Espathra|spe|1\n|upkeep\n|inactive|Time left: 300 sec this turn | 300 sec total | 5 sec grace\n|\n|t:|1783555028\n|switch|p1a: Arceus|Arceus-Steel, L70|284/284\n|turn|6\n|inactive|Time left: 300 sec this turn | 300 sec total\n|\n|t:|1783555029\n|move|p2a: Espathra|Lumina Crash|p1a: Arceus\n|-resisted|p1a: Arceus\n|-damage|p1a: Arceus|222/284\n|-unboost|p1a: Arceus|spd|2\n|move|p1a: Arceus|Earth Power|p2a: Espathra\n|-damage|p2a: Espathra|0 fnt\n|faint|p2a: Espathra\n|\n|upkeep\n|\n|t:|1783555030\n|switch|p2a: Pyroar|Pyroar, L88, F|100/100\n|-ability|p2a: Pyroar|Unnerve\n|turn|7\n|inactive|Time left: 300 sec this turn | 300 sec total\n|\n|t:|1783555031\n|switch|p1a: Volcarona|Volcarona, L77, M|257/257\n|move|p2a: Pyroar|Fire Blast|p1a: Volcarona\n|-damage|p1a: Volcarona|133/257\n|\n|upkeep\n|turn|8\n|inactive|Time left: 300 sec this turn | 300 sec total\n|\n|t:|1783555033\n|move|p2a: Pyroar|Fire Blast|p1a: Volcarona\n|-damage|p1a: Volcarona|0 fnt\n|faint|p1a: Volcarona\n|\n|upkeep\n|inactive|Time left: 300 sec this turn | 300 sec total | 5 sec grace\n|\n|t:|1783555034\n|switch|p1a: Ludicolo|Ludicolo, L90, M|290/290\n|-status|p1a: Ludicolo|psn\n|turn|9\n|inactive|Time left: 300 sec this turn | 300 sec total\n|\n|t:|1783555035\n|switch|p2a: Brute Bonnet|Brute Bonnet, L80|100/100\n|move|p1a: Ludicolo|Hydro Pump|p2a: Brute Bonnet\n|-resisted|p2a: Brute Bonnet\n|-damage|p2a: Brute Bonnet|70/100\n|\n|-heal|p2a: Brute Bonnet|77/100|[from] item: Leftovers\n|-damage|p1a: Ludicolo|254/290 psn|[from] psn\n|upkeep\n|turn|10\n|inactive|Time left: 300 sec this turn | 300 sec total\n|\n|t:|1783555036\n|move|p1a: Ludicolo|Hydro Pump|p2a: Brute Bonnet\n|-resisted|p2a: Brute Bonnet\n|-damage|p2a: Brute Bonnet|47/100\n|move|p2a: Brute Bonnet|Crunch|p1a: Ludicolo\n|-damage|p1a: Ludicolo|149/290 psn\n|-unboost|p1a: Ludicolo|def|1\n|\n|-heal|p2a: Brute Bonnet|53/100|[from] item: Leftovers\n|-damage|p1a: Ludicolo|113/290 psn|[from] psn\n|upkeep\n|turn|11\n|inactive|Time left: 300 sec this turn | 300 sec total\n|\n|t:|1783555037\n|move|p1a: Ludicolo|Hydro Pump|p2a: Brute Bonnet\n|-resisted|p2a: Brute Bonnet\n|-damage|p2a: Brute Bonnet|22/100\n|move|p2a: Brute Bonnet|Crunch|p1a: Ludicolo\n|-damage|p1a: Ludicolo|0 fnt\n|faint|p1a: Ludicolo\n|\n|-heal|p2a: Brute Bonnet|28/100|[from] item: Leftovers\n|upkeep\n|inactive|Time left: 300 sec this turn | 300 sec total | 5 sec grace\n|\n|t:|1783555038\n|switch|p1a: Arceus|Arceus-Steel, L70|222/284\n|turn|12\n|inactive|Time left: 300 sec this turn | 300 sec total\n|\n|t:|1783555039\n|move|p2a: Brute Bonnet|Sucker Punch|p1a: Arceus\n|-damage|p1a: Arceus|143/284\n|move|p1a: Arceus|Judgment|p2a: Brute Bonnet\n|-damage|p2a: Brute Bonnet|0 fnt\n|faint|p2a: Brute Bonnet\n|-end|p2a: Brute Bonnet|Protosynthesis|[silent]\n|\n|upkeep\n|\n|t:|1783555040\n|switch|p2a: Tauros|Tauros-Paldea-Blaze, L81, M|100/100\n|turn|13\n|inactive|Time left: 300 sec this turn | 300 sec total\n|\n|t:|1783555041\n|-terastallize|p1a: Arceus|Ghost\n|move|p2a: Tauros|Raging Bull|p1a: Arceus\n|-damage|p1a: Arceus|55/284\n|move|p1a: Arceus|Recover|p1a: Arceus\n|-heal|p1a: Arceus|197/284\n|\n|upkeep\n|turn|14\n|inactive|Time left: 300 sec this turn | 300 sec total\n|\n|t:|1783555042\n|move|p1a: Arceus|Calm Mind|p1a: Arceus\n|-boost|p1a: Arceus|spa|1\n|-boost|p1a: Arceus|spd|1\n|move|p2a: Tauros|Bulk Up|p2a: Tauros\n|-boost|p2a: Tauros|atk|1\n|-boost|p2a: Tauros|def|1\n|\n|upkeep\n|turn|15\n|inactive|Time left: 300 sec this turn | 300 sec total\n|\n|t:|1783555043\n|move|p1a: Arceus|Earth Power|p2a: Tauros\n|-supereffective|p2a: Tauros\n|-damage|p2a: Tauros|20/100\n|-enditem|p2a: Tauros|Sitrus Berry|[eat]\n|-heal|p2a: Tauros|45/100|[from] item: Sitrus Berry\n|move|p2a: Tauros|Raging Bull|p1a: Arceus\n|-damage|p1a: Arceus|58/284\n|\n|upkeep\n|turn|16\n|inactive|Time left: 300 sec this turn | 300 sec total\n|\n|t:|1783555044\n|-terastallize|p2a: Tauros|Water\n|move|p2a: Tauros|Raging Bull|p1a: Arceus\n|-damage|p1a: Arceus|0 fnt\n|faint|p1a: Arceus\n|\n|-activate|p2a: Tauros|ability: Cud Chew\n|-enditem|p2a: Tauros|Sitrus Berry|[eat]\n|-heal|p2a: Tauros|70/100|[from] item: Sitrus Berry\n|upkeep\n|inactive|Time left: 300 sec this turn | 300 sec total | 5 sec grace\n|\n|t:|1783555045\n|switch|p1a: Electivire|Electivire, L84, M|263/263\n|-status|p1a: Electivire|psn\n|turn|17\n|inactive|Time left: 300 sec this turn | 300 sec total\n|\n|t:|1783555046\n|move|p2a: Tauros|Close Combat|p1a: Electivire\n|-damage|p1a: Electivire|32/263 psn\n|-unboost|p2a: Tauros|def|1\n|-unboost|p2a: Tauros|spd|1\n|move|p1a: Electivire|Flamethrower|p2a: Tauros\n|-resisted|p2a: Tauros\n|-damage|p2a: Tauros|39/100\n|-damage|p1a: Electivire|6/263 psn|[from] item: Life Orb\n|\n|-damage|p1a: Electivire|0 fnt|[from] psn\n|faint|p1a: Electivire\n|upkeep\n|inactive|Time left: 300 sec this turn | 300 sec total | 5 sec grace\n|\n|t:|1783555047\n|switch|p1a: Mamoswine|Mamoswine, L81, F|311/311\n|-status|p1a: Mamoswine|psn\n|turn|18\n|inactive|Time left: 300 sec this turn | 300 sec total\n|\n|t:|1783555048\n|move|p2a: Tauros|Close Combat|p1a: Mamoswine\n|-supereffective|p1a: Mamoswine\n|-damage|p1a: Mamoswine|0 fnt\n|-unboost|p2a: Tauros|def|1\n|-unboost|p2a: Tauros|spd|1\n|faint|p1a: Mamoswine\n|\n|win|p0y12954802", "uploadtime": 1783555048, "views": 0, "rating": 0, "private": 0, "password": null, "_winner": "p0y12954802", "_our_name": "p0x12958ec5"}