{"id": "battle-gen9randombattle-228", "formatid": "gen9randombattle", "format": "[Gen 9] Random Battle", "players": ["p0x2289318", "p0y22880aa"], "log": "|init|battle\n|title|p0x2289318 vs. p0y22880aa\n|j|\u2606p0x2289318\n|j|\u2606p0y22880aa\n|t:|1783535899\n|gametype|singles\n|player|p1|p0x2289318|1|\n|player|p2|p0y22880aa|266|\n|gen|9\n|tier|[Gen 9] Random Battle\n|rule|Species Clause: Limit one of each Pok\u00e9mon\n|rule|HP Percentage Mod: HP is shown in percentages\n|rule|Sleep Clause Mod: Limit one foe put to sleep\n|rule|Illusion Level Mod: Illusion disguises the Pok\u00e9mon's true level\n|\n|t:|1783535899\n|teamsize|p1|6\n|teamsize|p2|6\n|start\n|switch|p1a: Weavile|Weavile, L79, M|100/100\n|switch|p2a: Okidogi|Okidogi, L77, M|262/262\n|turn|1\n|inactive|Battle timer is ON: inactive players will automatically lose when time's up. (requested by p0x2289318)\n|inactive|Time left: 300 sec this turn | 300 sec total | 60 sec grace\n|inactive|p0y22880aa also wants the timer to be on.\n|\n|t:|1783535901\n|switch|p1a: Dusknoir|Dusknoir, L89, F|100/100\n|-item|p2a: Okidogi|Assault Vest|[from] ability: Frisk|[of] p1a: Dusknoir\n|move|p2a: Okidogi|Drain Punch|p1a: Dusknoir\n|-immune|p1a: Dusknoir\n|\n|upkeep\n|turn|2\n|inactive|Time left: 300 sec this turn | 300 sec total\n|\n|t:|1783535902\n|move|p2a: Okidogi|Knock Off|p1a: Dusknoir\n|-supereffective|p1a: Dusknoir\n|-crit|p1a: Dusknoir\n|-damage|p1a: Dusknoir|31/100\n|-enditem|p1a: Dusknoir|Leftovers|[from] move: Knock Off|[of] p2a: Okidogi\n|move|p1a: Dusknoir|Poltergeist|p2a: Okidogi\n|-activate|p2a: Okidogi|move: Poltergeist|Assault Vest\n|-damage|p2a: Okidogi|141/262\n|\n|upkeep\n|turn|3\n|inactive|Time left: 300 sec this turn | 300 sec total\n|\n|t:|1783535903\n|move|p2a: Okidogi|Gunk Shot|p1a: Dusknoir\n|-resisted|p1a: Dusknoir\n|-damage|p1a: Dusknoir|10/100\n|-status|p1a: Dusknoir|psn\n|move|p1a: Dusknoir|Pain Split|p2a: Okidogi\n|-sethp|p2a: Okidogi|81/262|[from] move: Pain Split|[silent]\n|-sethp|p1a: Dusknoir|36/100 psn|[from] move: Pain Split\n|\n|-damage|p1a: Dusknoir|24/100 psn|[from] psn\n|upkeep\n|turn|4\n|inactive|Time left: 300 sec this turn | 300 sec total\n|\n|t:|1783535904\n|move|p2a: Okidogi|Knock Off|p1a: Dusknoir\n|-supereffective|p1a: Dusknoir\n|-damage|p1a: Dusknoir|0 fnt\n|faint|p1a: Dusknoir\n|\n|upkeep\n|\n|t:|1783535905\n|switch|p1a: Rayquaza|Rayquaza, L72|100/100\n|-ability|p1a: Rayquaza|Air Lock\n|turn|5\n|inactive|Time left: 300 sec this turn | 300 sec total\n|\n|t:|1783535906\n|switch|p2a: Lycanroc|Lycanroc-Midnight, L89, F|296/296\n|move|p1a: Rayquaza|Dragon Ascent|p2a: Lycanroc\n|-resisted|p2a: Lycanroc\n|-damage|p2a: Lycanroc|223/296\n|-unboost|p1a: Rayquaza|def|1\n|-unboost|p1a: Rayquaza|spd|1\n|\n|upkeep\n|turn|6\n|inactive|Time left: 300 sec this turn | 300 sec total\n|\n|t:|1783535908\n|switch|p1a: Deoxys|Deoxys-Defense, L84|100/100\n|-ability|p1a: Deoxys|Pressure\n|move|p2a: Lycanroc|Stone Edge|p1a: Deoxys\n|-damage|p1a: Deoxys|40/100\n|\n|-heal|p1a: Deoxys|46/100|[from] item: Leftovers\n|upkeep\n|turn|7\n|inactive|Time left: 300 sec this turn | 300 sec total\n|\n|t:|1783535908\n|move|p1a: Deoxys|Recover|p1a: Deoxys\n|-heal|p1a: Deoxys|96/100\n|move|p2a: Lycanroc|Stone Edge|p1a: Deoxys\n|-damage|p1a: Deoxys|38/100\n|\n|-heal|p1a: Deoxys|44/100|[from] item: Leftovers\n|upkeep\n|turn|8\n|inactive|Time left: 300 sec this turn | 300 sec total\n|\n|t:|1783535909\n|move|p1a: Deoxys|Recover|p1a: Deoxys\n|-heal|p1a: Deoxys|94/100\n|move|p2a: Lycanroc|Stone Edge|p1a: Deoxys\n|-damage|p1a: Deoxys|33/100\n|\n|-heal|p1a: Deoxys|39/100|[from] item: Leftovers\n|upkeep\n|turn|9\n|inactive|Time left: 300 sec this turn | 300 sec total\n|\n|t:|1783535910\n|move|p1a: Deoxys|Recover|p1a: Deoxys\n|-heal|p1a: Deoxys|89/100\n|move|p2a: Lycanroc|Stone Edge|p1a: Deoxys\n|-damage|p1a: Deoxys|32/100\n|\n|-heal|p1a: Deoxys|38/100|[from] item: Leftovers\n|upkeep\n|turn|10\n|inactive|Time left: 300 sec this turn | 300 sec total\n|\n|t:|1783535911\n|move|p1a: Deoxys|Recover|p1a: Deoxys\n|-heal|p1a: Deoxys|88/100\n|-activate|p2a: Lycanroc|move: Struggle\n|move|p2a: Lycanroc|Struggle|p1a: Deoxys\n|-damage|p1a: Deoxys|69/100\n|-damage|p2a: Lycanroc|149/296|[from] recoil\n|\n|-heal|p1a: Deoxys|75/100|[from] item: Leftovers\n|upkeep\n|turn|11\n|inactive|Time left: 300 sec this turn | 300 sec total\n|\n|t:|1783535912\n|move|p1a: Deoxys|Cosmic Power|p1a: Deoxys\n|-boost|p1a: Deoxys|def|1\n|-boost|p1a: Deoxys|spd|1\n|-activate|p2a: Lycanroc|move: Struggle\n|move|p2a: Lycanroc|Struggle|p1a: Deoxys\n|-damage|p1a: Deoxys|62/100\n|-damage|p2a: Lycanroc|75/296|[from] recoil\n|\n|-heal|p1a: Deoxys|67/100|[from] item: Leftovers\n|upkeep\n|turn|12\n|inactive|Time left: 300 sec this turn | 300 sec total\n|\n|t:|1783535913\n|switch|p2a: Quagsire|Quagsire, L84, M|297/297\n|move|p1a: Deoxys|Cosmic Power|p1a: Deoxys\n|-boost|p1a: Deoxys|def|1\n|-boost|p1a: Deoxys|spd|1\n|\n|-heal|p1a: Deoxys|73/100|[from] item: Leftovers\n|upkeep\n|turn|13\n|inactive|Time left: 300 sec this turn | 300 sec total\n|\n|t:|1783535913\n|move|p1a: Deoxys|Recover|p1a: Deoxys\n|-heal|p1a: Deoxys|100/100\n|move|p2a: Quagsire|Toxic|p1a: Deoxys\n|-status|p1a: Deoxys|tox\n|\n|-damage|p1a: Deoxys|95/100 tox|[from] psn\n|upkeep\n|turn|14\n|inactive|Time left: 300 sec this turn | 300 sec total\n|\n|t:|1783535914\n|move|p1a: Deoxys|Stored Power|p2a: Quagsire\n|-damage|p2a: Quagsire|191/297\n|move|p2a: Quagsire|Earthquake|p1a: Deoxys\n|-damage|p1a: Deoxys|67/100 tox\n|\n|-heal|p1a: Deoxys|73/100 tox|[from] item: Leftovers\n|-heal|p2a: Quagsire|209/297|[from] item: Leftovers\n|-damage|p1a: Deoxys|61/100 tox|[from] psn\n|upkeep\n|turn|15\n|inactive|Time left: 300 sec this turn | 300 sec total\n|\n|t:|1783535916\n|move|p1a: Deoxys|Recover|p1a: Deoxys\n|-heal|p1a: Deoxys|100/100 tox\n|move|p2a: Quagsire|Earthquake|p1a: Deoxys\n|-damage|p1a: Deoxys|73/100 tox\n|\n|-heal|p1a: Deoxys|79/100 tox|[from] item: Leftovers\n|-heal|p2a: Quagsire|227/297|[from] item: Leftovers\n|-damage|p1a: Deoxys|62/100 tox|[from] psn\n|upkeep\n|turn|16\n|inactive|Time left: 300 sec this turn | 300 sec total\n|\n|t:|1783535917\n|move|p1a: Deoxys|Recover|p1a: Deoxys\n|-heal|p1a: Deoxys|100/100 tox\n|move|p2a: Quagsire|Earthquake|p1a: Deoxys\n|-damage|p1a: Deoxys|72/100 tox\n|\n|-heal|p1a: Deoxys|78/100 tox|[from] item: Leftovers\n|-heal|p2a: Quagsire|245/297|[from] item: Leftovers\n|-damage|p1a: Deoxys|54/100 tox|[from] psn\n|upkeep\n|turn|17\n|inactive|Time left: 300 sec this turn | 300 sec total\n|\n|t:|1783535918\n|move|p1a: Deoxys|Recover|p1a: Deoxys\n|-heal|p1a: Deoxys|100/100 tox\n|move|p2a: Quagsire|Earthquake|p1a: Deoxys\n|-crit|p1a: Deoxys\n|-damage|p1a: Deoxys|56/100 tox\n|\n|-heal|p1a: Deoxys|62/100 tox|[from] item: Leftovers\n|-heal|p2a: Quagsire|263/297|[from] item: Leftovers\n|-damage|p1a: Deoxys|32/100 tox|[from] psn\n|upkeep\n|turn|18\n|inactive|Time left: 300 sec this turn | 300 sec total\n|\n|t:|1783535919\n|move|p1a: Deoxys|Stored Power|p2a: Quagsire\n|-damage|p2a: Quagsire|154/297\n|move|p2a: Quagsire|Recover|p2a: Quagsire\n|-heal|p2a: Quagsire|297/297\n|\n|-heal|p1a: Deoxys|38/100 tox|[from] item: Leftovers\n|-damage|p1a: Deoxys|3/100 tox|[from] psn\n|upkeep\n|turn|19\n|inactive|Time left: 300 sec this turn | 300 sec total\n|\n|t:|1783535920\n|move|p1a: Deoxys|Stored Power|p2a: Quagsire\n|-damage|p2a: Quagsire|194/297\n|move|p2a: Quagsire|Toxic|p1a: Deoxys\n|-fail|p1a: Deoxys|tox\n|\n|-heal|p1a: Deoxys|9/100 tox|[from] item: Leftovers\n|-heal|p2a: Quagsire|212/297|[from] item: Leftovers\n|-damage|p1a: Deoxys|0 fnt|[from] psn\n|faint|p1a: Deoxys\n|upkeep\n|\n|t:|1783535922\n|switch|p1a: Weavile|Weavile, L79, M|100/100\n|turn|20\n|inactive|Time left: 300 sec this turn | 300 sec total\n|\n|t:|1783535923\n|move|p1a: Weavile|Triple Axel|p2a: Quagsire\n|-damage|p2a: Quagsire|187/297\n|-damage|p2a: Quagsire|144/297\n|-damage|p2a: Quagsire|80/297\n|-hitcount|p2a: Quagsire|3\n|move|p2a: Quagsire|Earthquake|p1a: Weavile\n|-damage|p1a: Weavile|49/100\n|\n|-heal|p2a: Quagsire|98/297|[from] item: Leftovers\n|upkeep\n|turn|21\n|inactive|Time left: 300 sec this turn | 300 sec total\n|\n|t:|1783535924\n|switch|p2a: Okidogi|Okidogi, L77, M|81/262\n|move|p1a: Weavile|Triple Axel|p2a: Okidogi\n|-damage|p2a: Okidogi|62/262\n|-crit|p2a: Okidogi\n|-damage|p2a: Okidogi|7/262\n|-damage|p2a: Okidogi|0 fnt\n|faint|p2a: Okidogi\n|-hitcount|p2: Okidogi|3\n|\n|upkeep\n|inactive|Time left: 300 sec this turn | 300 sec total | 5 sec grace\n|\n|t:|1783535925\n|switch|p2a: Whimsicott|Whimsicott, L84, M|238/238\n|turn|22\n|inactive|Time left: 300 sec this turn | 300 sec total\n|\n|t:|1783535926\n|move|p1a: Weavile|Triple Axel|p2a: Whimsicott\n|-supereffective|p2a: Whimsicott\n|-damage|p2a: Whimsicott|190/238\n|-supereffective|p2a: Whimsicott\n|-crit|p2a: Whimsicott\n|-damage|p2a: Whimsicott|50/238\n|-supereffective|p2a: Whimsicott\n|-damage|p2a: Whimsicott|0 fnt\n|faint|p2a: Whimsicott\n|-hitcount|p2: Whimsicott|3\n|\n|upkeep\n|inactive|Time left: 300 sec this turn | 300 sec total | 5 sec grace\n|\n|t:|1783535926\n|switch|p2a: Cryogonal|Cryogonal, L89|287/287\n|turn|23\n|inactive|Time left: 300 sec this turn | 300 sec total\n|\n|t:|1783535927\n|move|p1a: Weavile|Swords Dance|p1a: Weavile\n|-boost|p1a: Weavile|atk|2\n|move|p2a: Cryogonal|Flash Cannon|p1a: Weavile\n|-supereffective|p1a: Weavile\n|-damage|p1a: Weavile|0 fnt\n|faint|p1a: Weavile\n|\n|upkeep\n|\n|t:|1783535928\n|switch|p1a: Chansey|Chansey, L85, F|100/100\n|turn|24\n|inactive|Time left: 300 sec this turn | 300 sec total\n|\n|t:|1783535930\n|switch|p2a: Quagsire|Quagsire, L84, M|98/297\n|move|p1a: Chansey|Seismic Toss|p2a: Quagsire\n|-damage|p2a: Quagsire|13/297\n|\n|-heal|p2a: Quagsire|31/297|[from] item: Leftovers\n|upkeep\n|turn|25\n|inactive|Time left: 300 sec this turn | 300 sec total\n|\n|t:|1783535931\n|move|p1a: Chansey|Seismic Toss|p2a: Quagsire\n|-damage|p2a: Quagsire|0 fnt\n|faint|p2a: Quagsire\n|\n|upkeep\n|inactive|Time left: 300 sec this turn | 300 sec total | 5 sec grace\n|\n|t:|1783535932\n|switch|p2a: Lycanroc|Lycanroc-Midnight, L89, F|75/296\n|turn|26\n|inactive|Time left: 300 sec this turn | 300 sec total\n|\n|t:|1783535933\n|switch|p1a: Gengar|Gengar, L81, F|100/100\n|move|p2a: Lycanroc|Close Combat|p1a: Gengar\n|-immune|p1a: Gengar\n|\n|upkeep\n|turn|27\n|inactive|Time left: 300 sec this turn | 300 sec total\n|\n|t:|1783535934\n|switch|p2a: Wo-Chien|Wo-Chien, L83|277/277\n|-ability|p2a: Wo-Chien|Tablets of Ruin\n|move|p1a: Gengar|Shadow Ball|p2a: Wo-Chien\n|-resisted|p2a: Wo-Chien\n|-damage|p2a: Wo-Chien|230/277\n|-damage|p1a: Gengar|90/100|[from] item: Life Orb\n|\n|-heal|p2a: Wo-Chien|247/277|[from] item: Leftovers\n|upkeep\n|turn|28\n|inactive|Time left: 300 sec this turn | 300 sec total\n|\n|t:|1783535935\n|-terastallize|p1a: Gengar|Fighting\n|move|p1a: Gengar|Focus Blast|p2a: Wo-Chien\n|-supereffective|p2a: Wo-Chien\n|-crit|p2a: Wo-Chien\n|-damage|p2a: Wo-Chien|0 fnt\n|faint|p2a: Wo-Chien\n|-damage|p1a: Gengar|80/100|[from] item: Life Orb\n|\n|upkeep\n|inactive|Time left: 300 sec this turn | 300 sec total | 5 sec grace\n|\n|t:|1783535936\n|switch|p2a: Cryogonal|Cryogonal, L89|287/287\n|turn|29\n|inactive|Time left: 300 sec this turn | 300 sec total\n|\n|t:|1783535937\n|switch|p1a: Chansey|Chansey, L85, F|100/100\n|move|p2a: Cryogonal|Freeze-Dry|p1a: Chansey\n|-damage|p1a: Chansey|93/100\n|\n|upkeep\n|turn|30\n|inactive|Time left: 300 sec this turn | 300 sec total\n|\n|t:|1783535938\n|move|p2a: Cryogonal|Rapid Spin|p1a: Chansey\n|-damage|p1a: Chansey|83/100\n|-boost|p2a: Cryogonal|spe|1\n|move|p1a: Chansey|Seismic Toss|p2a: Cryogonal\n|-damage|p2a: Cryogonal|202/287\n|\n|upkeep\n|turn|31\n|inactive|Time left: 300 sec this turn | 300 sec total\n|\n|t:|1783535939\n|move|p2a: Cryogonal|Rapid Spin|p1a: Chansey\n|-damage|p1a: Chansey|74/100\n|-boost|p2a: Cryogonal|spe|1\n|move|p1a: Chansey|Thunder Wave|p2a: Cryogonal\n|-status|p2a: Cryogonal|par\n|\n|upkeep\n|turn|32\n|inactive|Time left: 300 sec this turn | 300 sec total\n|\n|t:|1783535941\n|move|p2a: Cryogonal|Recover|p2a: Cryogonal\n|-heal|p2a: Cryogonal|287/287 par\n|move|p1a: Chansey|Seismic Toss|p2a: Cryogonal\n|-damage|p2a: Cryogonal|202/287 par\n|\n|upkeep\n|turn|33\n|inactive|Time left: 300 sec this turn | 300 sec total\n|\n|t:|1783535942\n|move|p2a: Cryogonal|Rapid Spin|p1a: Chansey\n|-damage|p1a: Chansey|63/100\n|-boost|p2a: Cryogonal|spe|1\n|move|p1a: Chansey|Seismic Toss|p2a: Cryogonal\n|-damage|p2a: Cryogonal|117/287 par\n|\n|upkeep\n|turn|34\n|inactive|Time left: 300 sec this turn | 300 sec total\n|\n|t:|1783535943\n|move|p2a: Cryogonal|Recover|p2a: Cryogonal\n|-heal|p2a: Cryogonal|261/287 par\n|move|p1a: Chansey|Seismic Toss|p2a: Cryogonal\n|-damage|p2a: Cryogonal|176/287 par\n|\n|upkeep\n|turn|35\n|inactive|Time left: 300 sec this turn | 300 sec total\n|\n|t:|1783535944\n|move|p2a: Cryogonal|Recover|p2a: Cryogonal\n|-heal|p2a: Cryogonal|287/287 par\n|move|p1a: Chansey|Soft-Boiled|p1a: Chansey\n|-heal|p1a: Chansey|100/100\n|\n|upkeep\n|turn|36\n|inactive|Time left: 300 sec this turn | 300 sec total\n|\n|t:|1783535945\n|move|p2a: Cryogonal|Freeze-Dry|p1a: Chansey\n|-crit|p1a: Chansey\n|-damage|p1a: Chansey|88/100\n|move|p1a: Chansey|Seismic Toss|p2a: Cryogonal\n|-damage|p2a: Cryogonal|202/287 par\n|\n|upkeep\n|turn|37\n|inactive|Time left: 300 sec this turn | 300 sec total\n|\n|t:|1783535946\n|cant|p2a: Cryogonal|par\n|move|p1a: Chansey|Seismic Toss|p2a: Cryogonal\n|-damage|p2a: Cryogonal|117/287 par\n|\n|upkeep\n|turn|38\n|inactive|Time left: 300 sec this turn | 300 sec total\n|\n|t:|1783535947\n|move|p2a: Cryogonal|Recover|p2a: Cryogonal\n|-heal|p2a: Cryogonal|261/287 par\n|move|p1a: Chansey|Seismic Toss|p2a: Cryogonal\n|-damage|p2a: Cryogonal|176/287 par\n|\n|upkeep\n|turn|39\n|inactive|Time left: 300 sec this turn | 300 sec total\n|\n|t:|1783535948\n|move|p2a: Cryogonal|Recover|p2a: Cryogonal\n|-heal|p2a: Cryogonal|287/287 par\n|move|p1a: Chansey|Seismic Toss|p2a: Cryogonal\n|-damage|p2a: Cryogonal|202/287 par\n|\n|upkeep\n|turn|40\n|inactive|Time left: 300 sec this turn | 300 sec total\n|\n|t:|1783535949\n|move|p2a: Cryogonal|Rapid Spin|p1a: Chansey\n|-damage|p1a: Chansey|77/100\n|-boost|p2a: Cryogonal|spe|1\n|move|p1a: Chansey|Seismic Toss|p2a: Cryogonal\n|-damage|p2a: Cryogonal|117/287 par\n|\n|upkeep\n|turn|41\n|inactive|Time left: 300 sec this turn | 300 sec total\n|\n|t:|1783535950\n|cant|p2a: Cryogonal|par\n|move|p1a: Chansey|Seismic Toss|p2a: Cryogonal\n|-damage|p2a: Cryogonal|32/287 par\n|\n|upkeep\n|turn|42\n|inactive|Time left: 300 sec this turn | 300 sec total\n|\n|t:|1783535951\n|move|p2a: Cryogonal|Recover|p2a: Cryogonal\n|-heal|p2a: Cryogonal|176/287 par\n|move|p1a: Chansey|Seismic Toss|p2a: Cryogonal\n|-damage|p2a: Cryogonal|91/287 par\n|\n|upkeep\n|turn|43\n|inactive|Time left: 300 sec this turn | 300 sec total\n|\n|t:|1783535952\n|cant|p2a: Cryogonal|par\n|move|p1a: Chansey|Seismic Toss|p2a: Cryogonal\n|-damage|p2a: Cryogonal|6/287 par\n|\n|upkeep\n|turn|44\n|inactive|Time left: 300 sec this turn | 300 sec total\n|\n|t:|1783535953\n|cant|p2a: Cryogonal|par\n|move|p1a: Chansey|Seismic Toss|p2a: Cryogonal\n|-damage|p2a: Cryogonal|0 fnt\n|faint|p2a: Cryogonal\n|\n|upkeep\n|inactive|Time left: 300 sec this turn | 300 sec total | 5 sec grace\n|\n|t:|1783535954\n|switch|p2a: Lycanroc|Lycanroc-Midnight, L89, F|75/296\n|turn|45\n|inactive|Time left: 300 sec this turn | 300 sec total\n|\n|t:|1783535955\n|move|p2a: Lycanroc|Play Rough|p1a: Chansey\n|-damage|p1a: Chansey|24/100\n|move|p1a: Chansey|Seismic Toss|p2a: Lycanroc\n|-damage|p2a: Lycanroc|0 fnt\n|faint|p2a: Lycanroc\n|\n|win|p0x2289318", "uploadtime": 1783535955, "views": 0, "rating": 0, "private": 0, "password": null, "_winner": "p0x2289318", "_our_name": "p0y22880aa"}