{"id": "battle-gen9randombattle-2318", "formatid": "gen9randombattle", "format": "[Gen 9] Random Battle", "players": ["p0x23181c7b", "p0y2318705c"], "log": "|init|battle\n|title|p0x23181c7b vs. p0y2318705c\n|j|\u2606p0x23181c7b\n|j|\u2606p0y2318705c\n|t:|1783566928\n|gametype|singles\n|player|p1|p0x23181c7b|265|\n|player|p2|p0y2318705c|1|\n|gen|9\n|tier|[Gen 9] Random Battle\n|rule|Species Clause: Limit one of each Pok\u00e9mon\n|rule|HP Percentage Mod: HP is shown in percentages\n|rule|Sleep Clause Mod: Limit one foe put to sleep\n|rule|Illusion Level Mod: Illusion disguises the Pok\u00e9mon's true level\n|\n|t:|1783566928\n|teamsize|p1|6\n|teamsize|p2|6\n|start\n|switch|p1a: Toxapex|Toxapex, L82, M|100/100\n|switch|p2a: Groudon|Groudon, L72|263/263\n|-weather|SunnyDay|[from] ability: Drought|[of] p2a: Groudon\n|turn|1\n|inactive|Battle timer is ON: inactive players will automatically lose when time's up. (requested by p0x23181c7b)\n|inactive|Time left: 300 sec this turn | 300 sec total | 60 sec grace\n|\n|t:|1783566929\n|move|p2a: Groudon|Precipice Blades|p1a: Toxapex\n|-supereffective|p1a: Toxapex\n|-damage|p1a: Toxapex|20/100\n|move|p1a: Toxapex|Toxic|p2a: Groudon\n|-status|p2a: Groudon|tox\n|\n|-weather|SunnyDay|[upkeep]\n|-heal|p1a: Toxapex|26/100|[from] item: Leftovers\n|-damage|p2a: Groudon|247/263 tox|[from] psn\n|upkeep\n|turn|2\n|inactive|Time left: 300 sec this turn | 300 sec total\n|inactive|p0y2318705c also wants the timer to be on.\n|\n|t:|1783566930\n|switch|p1a: Araquanid|Araquanid, L82, F|100/100\n|move|p2a: Groudon|Precipice Blades|p1a: Araquanid\n|-resisted|p1a: Araquanid\n|-damage|p1a: Araquanid|75/100\n|\n|-weather|SunnyDay|[upkeep]\n|-heal|p2a: Groudon|263/263 tox|[from] item: Leftovers\n|-damage|p2a: Groudon|231/263 tox|[from] psn\n|upkeep\n|turn|3\n|inactive|Time left: 300 sec this turn | 300 sec total\n|\n|t:|1783566932\n|switch|p2a: Blaziken|Blaziken, L76, F|247/247\n|move|p1a: Araquanid|Sticky Web|p2a: Blaziken\n|-sidestart|p2: p0y2318705c|move: Sticky Web\n|\n|-weather|SunnyDay|[upkeep]\n|upkeep\n|turn|4\n|inactive|Time left: 300 sec this turn | 300 sec total\n|\n|t:|1783566933\n|move|p2a: Blaziken|Swords Dance|p2a: Blaziken\n|-boost|p2a: Blaziken|atk|2\n|move|p1a: Araquanid|Liquidation|p2a: Blaziken\n|-supereffective|p2a: Blaziken\n|-damage|p2a: Blaziken|61/247\n|\n|-weather|SunnyDay|[upkeep]\n|-ability|p2a: Blaziken|Speed Boost|boost\n|-boost|p2a: Blaziken|spe|1\n|upkeep\n|turn|5\n|inactive|Time left: 300 sec this turn | 300 sec total\n|\n|t:|1783566934\n|-terastallize|p2a: Blaziken|Fighting\n|move|p2a: Blaziken|Close Combat|p1a: Araquanid\n|-resisted|p1a: Araquanid\n|-damage|p1a: Araquanid|0 fnt\n|-unboost|p2a: Blaziken|def|1\n|-unboost|p2a: Blaziken|spd|1\n|faint|p1a: Araquanid\n|-damage|p2a: Blaziken|37/247|[from] item: Life Orb\n|\n|-weather|none\n|-ability|p2a: Blaziken|Speed Boost|boost\n|-boost|p2a: Blaziken|spe|1\n|upkeep\n|\n|t:|1783566935\n|switch|p1a: Metagross|Metagross, L79|100/100\n|turn|6\n|inactive|Time left: 300 sec this turn | 300 sec total\n|\n|t:|1783566936\n|move|p1a: Metagross|Bullet Punch|p2a: Blaziken\n|-damage|p2a: Blaziken|0 fnt\n|faint|p2a: Blaziken\n|\n|upkeep\n|inactive|Time left: 300 sec this turn | 300 sec total | 5 sec grace\n|\n|t:|1783566937\n|switch|p2a: Mesprit|Mesprit, L85|275/275\n|turn|7\n|inactive|Time left: 300 sec this turn | 300 sec total\n|\n|t:|1783566938\n|switch|p1a: Houndoom|Houndoom, L87, M|100/100\n|move|p2a: Mesprit|Knock Off|p1a: Houndoom\n|-resisted|p1a: Houndoom\n|-damage|p1a: Houndoom|81/100\n|-enditem|p1a: Houndoom|Heavy-Duty Boots|[from] move: Knock Off|[of] p2a: Mesprit\n|\n|upkeep\n|turn|8\n|inactive|Time left: 300 sec this turn | 300 sec total\n|\n|t:|1783566939\n|move|p1a: Houndoom|Nasty Plot|p1a: Houndoom\n|-boost|p1a: Houndoom|spa|2\n|move|p2a: Mesprit|Stealth Rock|p1a: Houndoom\n|-sidestart|p1: p0x23181c7b|move: Stealth Rock\n|\n|upkeep\n|turn|9\n|inactive|Time left: 300 sec this turn | 300 sec total\n|\n|t:|1783566940\n|switch|p2a: Appletun|Appletun, L92, F|352/352\n|-activate|p2a: Appletun|move: Sticky Web\n|-unboost|p2a: Appletun|spe|1\n|move|p1a: Houndoom|Dark Pulse|p2a: Appletun\n|-damage|p2a: Appletun|172/352\n|\n|-heal|p2a: Appletun|194/352|[from] item: Leftovers\n|upkeep\n|turn|10\n|inactive|Time left: 300 sec this turn | 300 sec total\n|\n|t:|1783566941\n|move|p1a: Houndoom|Sludge Bomb|p2a: Appletun\n|-supereffective|p2a: Appletun\n|-damage|p2a: Appletun|0 fnt\n|faint|p2a: Appletun\n|\n|upkeep\n|inactive|Time left: 300 sec this turn | 300 sec total | 5 sec grace\n|\n|t:|1783566942\n|switch|p2a: Klawf|Klawf, L90, F|272/272\n|-activate|p2a: Klawf|move: Sticky Web\n|-unboost|p2a: Klawf|spe|1\n|turn|11\n|inactive|Time left: 300 sec this turn | 300 sec total\n|\n|t:|1783566943\n|move|p1a: Houndoom|Dark Pulse|p2a: Klawf\n|-damage|p2a: Klawf|14/272\n|-ability|p2a: Klawf|Anger Shell|boost\n|-boost|p2a: Klawf|atk|1\n|-boost|p2a: Klawf|spa|1\n|-boost|p2a: Klawf|spe|1\n|-unboost|p2a: Klawf|def|1\n|-unboost|p2a: Klawf|spd|1\n|cant|p2a: Klawf|flinch\n|\n|upkeep\n|turn|12\n|inactive|Time left: 300 sec this turn | 300 sec total\n|\n|t:|1783566944\n|move|p1a: Houndoom|Sludge Bomb|p2a: Klawf\n|-resisted|p2a: Klawf\n|-damage|p2a: Klawf|0 fnt\n|faint|p2a: Klawf\n|\n|upkeep\n|inactive|Time left: 300 sec this turn | 300 sec total | 5 sec grace\n|\n|t:|1783566945\n|switch|p2a: Groudon|Groudon, L72|231/263 tox\n|-activate|p2a: Groudon|move: Sticky Web\n|-unboost|p2a: Groudon|spe|1\n|-weather|SunnyDay|[from] ability: Drought|[of] p2a: Groudon\n|turn|13\n|inactive|Time left: 300 sec this turn | 300 sec total\n|\n|t:|1783566946\n|move|p1a: Houndoom|Fire Blast|p2a: Groudon\n|-damage|p2a: Groudon|0 fnt\n|faint|p2a: Groudon\n|\n|-weather|SunnyDay|[upkeep]\n|upkeep\n|inactive|Time left: 300 sec this turn | 300 sec total | 5 sec grace\n|\n|t:|1783566946\n|switch|p2a: Mesprit|Mesprit, L85|275/275\n|turn|14\n|inactive|Time left: 300 sec this turn | 300 sec total\n|\n|t:|1783566947\n|switch|p2a: Meganium|Meganium, L90, F|290/290\n|-activate|p2a: Meganium|move: Sticky Web\n|-unboost|p2a: Meganium|spe|1\n|move|p1a: Houndoom|Dark Pulse|p2a: Meganium\n|-damage|p2a: Meganium|107/290\n|\n|-weather|SunnyDay|[upkeep]\n|-heal|p2a: Meganium|125/290|[from] item: Leftovers\n|upkeep\n|turn|15\n|inactive|Time left: 300 sec this turn | 300 sec total\n|\n|t:|1783566948\n|switch|p2a: Mesprit|Mesprit, L85|275/275\n|move|p1a: Houndoom|Dark Pulse|p2a: Mesprit\n|-supereffective|p2a: Mesprit\n|-damage|p2a: Mesprit|0 fnt\n|faint|p2a: Mesprit\n|\n|-weather|SunnyDay|[upkeep]\n|upkeep\n|inactive|Time left: 300 sec this turn | 300 sec total | 5 sec grace\n|\n|t:|1783566949\n|switch|p2a: Meganium|Meganium, L90, F|125/290\n|-activate|p2a: Meganium|move: Sticky Web\n|-unboost|p2a: Meganium|spe|1\n|turn|16\n|inactive|Time left: 300 sec this turn | 300 sec total\n|\n|t:|1783566949\n|move|p1a: Houndoom|Sludge Bomb|p2a: Meganium\n|-supereffective|p2a: Meganium\n|-damage|p2a: Meganium|0 fnt\n|faint|p2a: Meganium\n|\n|win|p0x23181c7b", "uploadtime": 1783566949, "views": 0, "rating": 0, "private": 0, "password": null, "_winner": "p0x23181c7b", "_our_name": "p0y2318705c"}