{"id": "battle-gen9randombattle-3000", "formatid": "gen9randombattle", "format": "[Gen 9] Random Battle", "players": ["p0x3000ac63", "p0y300007cc"], "log": "|init|battle\n|title|p0x3000ac63 vs. p0y300007cc\n|j|\u2606p0x3000ac63\n|j|\u2606p0y300007cc\n|t:|1783574584\n|gametype|singles\n|player|p1|p0x3000ac63|169|\n|player|p2|p0y300007cc|266|\n|gen|9\n|tier|[Gen 9] Random Battle\n|rule|Species Clause: Limit one of each Pok\u00e9mon\n|rule|HP Percentage Mod: HP is shown in percentages\n|rule|Sleep Clause Mod: Limit one foe put to sleep\n|rule|Illusion Level Mod: Illusion disguises the Pok\u00e9mon's true level\n|\n|t:|1783574584\n|teamsize|p1|6\n|teamsize|p2|6\n|start\n|switch|p1a: Hitmonlee|Hitmonlee, L85, M|224/224\n|switch|p2a: Bellibolt|Bellibolt, L84, M|100/100\n|turn|1\n|inactive|Battle timer is ON: inactive players will automatically lose when time's up. (requested by p0y300007cc)\n|inactive|Time left: 300 sec this turn | 300 sec total | 60 sec grace\n|inactive|p0x3000ac63 also wants the timer to be on.\n|\n|t:|1783574585\n|switch|p2a: Heracross|Heracross, L80, M|100/100\n|move|p1a: Hitmonlee|Swords Dance|p1a: Hitmonlee\n|-boost|p1a: Hitmonlee|atk|2\n|\n|-status|p2a: Heracross|brn|[from] item: Flame Orb\n|upkeep\n|turn|2\n|inactive|Time left: 300 sec this turn | 300 sec total\n|\n|t:|1783574587\n|move|p1a: Hitmonlee|Stone Edge|p2a: Heracross|[miss]\n|-miss|p1a: Hitmonlee|p2a: Heracross\n|move|p2a: Heracross|Facade|p1a: Hitmonlee\n|-damage|p1a: Hitmonlee|1/224\n|\n|-damage|p2a: Heracross|94/100 brn|[from] brn\n|upkeep\n|turn|3\n|inactive|Time left: 300 sec this turn | 300 sec total\n|\n|t:|1783574588\n|move|p1a: Hitmonlee|Close Combat|p2a: Heracross\n|-resisted|p2a: Heracross\n|-damage|p2a: Heracross|22/100 brn\n|-unboost|p1a: Hitmonlee|def|1\n|-unboost|p1a: Hitmonlee|spd|1\n|-enditem|p1a: Hitmonlee|White Herb\n|-clearnegativeboost|p1a: Hitmonlee|[silent]\n|move|p2a: Heracross|Trailblaze|p1a: Hitmonlee\n|-crit|p1a: Hitmonlee\n|-damage|p1a: Hitmonlee|0 fnt\n|-boost|p2a: Heracross|spe|1\n|faint|p1a: Hitmonlee\n|\n|-damage|p2a: Heracross|16/100 brn|[from] brn\n|upkeep\n|inactive|Time left: 300 sec this turn | 300 sec total | 5 sec grace\n|\n|t:|1783574589\n|switch|p1a: Palossand|Palossand, L89, F|296/296\n|turn|4\n|inactive|Time left: 300 sec this turn | 300 sec total\n|\n|t:|1783574590\n|move|p2a: Heracross|Knock Off|p1a: Palossand\n|-supereffective|p1a: Palossand\n|-crit|p1a: Palossand\n|-damage|p1a: Palossand|18/296\n|-enditem|p1a: Palossand|Leftovers|[from] move: Knock Off|[of] p2a: Heracross\n|move|p1a: Palossand|Earth Power|p2a: Heracross\n|-resisted|p2a: Heracross\n|-damage|p2a: Heracross|0 fnt\n|faint|p2a: Heracross\n|\n|upkeep\n|\n|t:|1783574591\n|switch|p2a: Feraligatr|Feraligatr, L79, M|100/100\n|turn|5\n|inactive|Time left: 300 sec this turn | 300 sec total\n|\n|t:|1783574592\n|move|p2a: Feraligatr|Dragon Dance|p2a: Feraligatr\n|-boost|p2a: Feraligatr|atk|1\n|-boost|p2a: Feraligatr|spe|1\n|move|p1a: Palossand|Shore Up|p1a: Palossand\n|-heal|p1a: Palossand|166/296\n|\n|upkeep\n|turn|6\n|inactive|Time left: 300 sec this turn | 300 sec total\n|\n|t:|1783574592\n|switch|p1a: Houndstone|Houndstone, L86, M|264/264\n|move|p2a: Feraligatr|Dragon Dance|p2a: Feraligatr\n|-boost|p2a: Feraligatr|atk|1\n|-boost|p2a: Feraligatr|spe|1\n|\n|upkeep\n|turn|7\n|inactive|Time left: 300 sec this turn | 300 sec total\n|\n|t:|1783574593\n|-terastallize|p1a: Houndstone|Fairy\n|move|p2a: Feraligatr|Crunch|p1a: Houndstone\n|-resisted|p1a: Houndstone\n|-damage|p1a: Houndstone|223/264\n|move|p1a: Houndstone|Poltergeist|p2a: Feraligatr\n|-activate|p2a: Feraligatr|move: Poltergeist|Life Orb\n|-damage|p2a: Feraligatr|53/100\n|\n|upkeep\n|turn|8\n|inactive|Time left: 300 sec this turn | 300 sec total\n|\n|t:|1783574594\n|move|p2a: Feraligatr|Liquidation|p1a: Houndstone\n|-crit|p1a: Houndstone\n|-damage|p1a: Houndstone|49/264\n|move|p1a: Houndstone|Poltergeist|p2a: Feraligatr\n|-activate|p2a: Feraligatr|move: Poltergeist|Life Orb\n|-damage|p2a: Feraligatr|3/100\n|\n|upkeep\n|turn|9\n|inactive|Time left: 300 sec this turn | 300 sec total\n|\n|t:|1783574595\n|move|p1a: Houndstone|Shadow Sneak|p2a: Feraligatr\n|-damage|p2a: Feraligatr|0 fnt\n|faint|p2a: Feraligatr\n|\n|upkeep\n|\n|t:|1783574596\n|switch|p2a: Revavroom|Revavroom, L79, M|100/100\n|turn|10\n|inactive|Time left: 300 sec this turn | 300 sec total\n|\n|t:|1783574597\n|switch|p1a: Landorus|Landorus-Therian, L76, M|260/260\n|-ability|p1a: Landorus|Intimidate|boost\n|-unboost|p2a: Revavroom|atk|1\n|move|p2a: Revavroom|Shift Gear|p2a: Revavroom\n|-boost|p2a: Revavroom|spe|2\n|-boost|p2a: Revavroom|atk|1\n|\n|upkeep\n|turn|11\n|inactive|Time left: 300 sec this turn | 300 sec total\n|\n|t:|1783574598\n|move|p2a: Revavroom|Iron Head|p1a: Landorus\n|-damage|p1a: Landorus|130/260\n|-damage|p2a: Revavroom|91/100|[from] item: Life Orb\n|move|p1a: Landorus|Earthquake|p2a: Revavroom\n|-supereffective|p2a: Revavroom\n|-damage|p2a: Revavroom|0 fnt\n|faint|p2a: Revavroom\n|\n|-heal|p1a: Landorus|146/260|[from] item: Leftovers\n|upkeep\n|\n|t:|1783574599\n|switch|p2a: Mewtwo|Mewtwo, L72|100/100\n|-ability|p2a: Mewtwo|Pressure\n|turn|12\n|inactive|Time left: 300 sec this turn | 300 sec total\n|\n|t:|1783574599\n|move|p2a: Mewtwo|Psystrike|p1a: Landorus\n|-damage|p1a: Landorus|0 fnt\n|faint|p1a: Landorus\n|-damage|p2a: Mewtwo|91/100|[from] item: Life Orb\n|\n|upkeep\n|inactive|Time left: 300 sec this turn | 300 sec total | 5 sec grace\n|\n|t:|1783574600\n|switch|p1a: Deoxys|Deoxys-Attack, L72|191/191\n|-ability|p1a: Deoxys|Pressure\n|turn|13\n|inactive|Time left: 300 sec this turn | 300 sec total\n|\n|t:|1783574601\n|-terastallize|p2a: Mewtwo|Dark\n|move|p1a: Deoxys|Knock Off|p2a: Mewtwo\n|-resisted|p2a: Mewtwo\n|-damage|p2a: Mewtwo|70/100\n|-enditem|p2a: Mewtwo|Life Orb|[from] move: Knock Off|[of] p1a: Deoxys\n|-damage|p1a: Deoxys|172/191|[from] item: Life Orb\n|move|p2a: Mewtwo|Dark Pulse|p1a: Deoxys\n|-supereffective|p1a: Deoxys\n|-damage|p1a: Deoxys|0 fnt\n|faint|p1a: Deoxys\n|\n|upkeep\n|inactive|Time left: 300 sec this turn | 300 sec total | 5 sec grace\n|\n|t:|1783574602\n|switch|p1a: Raikou|Raikou, L81|278/278\n|-ability|p1a: Raikou|Pressure\n|turn|14\n|inactive|Time left: 300 sec this turn | 300 sec total\n|\n|t:|1783574602\n|move|p1a: Raikou|Thunderbolt|p2a: Mewtwo\n|-damage|p2a: Mewtwo|27/100\n|move|p2a: Mewtwo|Psystrike|p1a: Raikou\n|-damage|p1a: Raikou|149/278\n|\n|-heal|p1a: Raikou|166/278|[from] item: Leftovers\n|upkeep\n|turn|15\n|inactive|Time left: 300 sec this turn | 300 sec total\n|\n|t:|1783574603\n|switch|p2a: Bellibolt|Bellibolt, L84, M|100/100\n|move|p1a: Raikou|Thunderbolt|p2a: Bellibolt\n|-resisted|p2a: Bellibolt\n|-damage|p2a: Bellibolt|83/100\n|-start|p2a: Bellibolt|Charge|Thunderbolt|[from] ability: Electromorphosis\n|\n|-heal|p1a: Raikou|183/278|[from] item: Leftovers\n|-heal|p2a: Bellibolt|89/100|[from] item: Leftovers\n|upkeep\n|turn|16\n|inactive|Time left: 300 sec this turn | 300 sec total\n|\n|t:|1783574604\n|move|p1a: Raikou|Calm Mind|p1a: Raikou\n|-boost|p1a: Raikou|spa|1\n|-boost|p1a: Raikou|spd|1\n|move|p2a: Bellibolt|Toxic|p1a: Raikou\n|-status|p1a: Raikou|tox\n|\n|-heal|p1a: Raikou|200/278 tox|[from] item: Leftovers\n|-heal|p2a: Bellibolt|95/100|[from] item: Leftovers\n|-damage|p1a: Raikou|183/278 tox|[from] psn\n|upkeep\n|turn|17\n|inactive|Time left: 300 sec this turn | 300 sec total\n|\n|t:|1783574605\n|switch|p1a: Palossand|Palossand, L89, F|166/296\n|move|p2a: Bellibolt|Muddy Water|p1a: Palossand\n|-supereffective|p1a: Palossand\n|-damage|p1a: Palossand|14/296\n|-ability|p1a: Palossand|Water Compaction|boost\n|-boost|p1a: Palossand|def|2\n|\n|-heal|p2a: Bellibolt|100/100|[from] item: Leftovers\n|upkeep\n|turn|18\n|inactive|Time left: 300 sec this turn | 300 sec total\n|\n|t:|1783574606\n|move|p2a: Bellibolt|Muddy Water|p1a: Palossand\n|-supereffective|p1a: Palossand\n|-damage|p1a: Palossand|0 fnt\n|faint|p1a: Palossand\n|\n|upkeep\n|inactive|Time left: 300 sec this turn | 300 sec total | 5 sec grace\n|\n|t:|1783574607\n|switch|p1a: Raikou|Raikou, L81|183/278 tox\n|-ability|p1a: Raikou|Pressure\n|turn|19\n|inactive|Time left: 300 sec this turn | 300 sec total\n|\n|t:|1783574608\n|move|p1a: Raikou|Calm Mind|p1a: Raikou\n|-boost|p1a: Raikou|spa|1\n|-boost|p1a: Raikou|spd|1\n|move|p2a: Bellibolt|Thunderbolt|p1a: Raikou\n|-resisted|p1a: Raikou\n|-damage|p1a: Raikou|122/278 tox\n|-end|p2a: Bellibolt|Charge|[silent]\n|\n|-heal|p1a: Raikou|139/278 tox|[from] item: Leftovers\n|-damage|p1a: Raikou|122/278 tox|[from] psn\n|upkeep\n|turn|20\n|inactive|Time left: 300 sec this turn | 300 sec total\n|\n|t:|1783574608\n|move|p1a: Raikou|Calm Mind|p1a: Raikou\n|-boost|p1a: Raikou|spa|1\n|-boost|p1a: Raikou|spd|1\n|move|p2a: Bellibolt|Thunderbolt|p1a: Raikou\n|-resisted|p1a: Raikou\n|-damage|p1a: Raikou|98/278 tox\n|\n|-heal|p1a: Raikou|115/278 tox|[from] item: Leftovers\n|-damage|p1a: Raikou|81/278 tox|[from] psn\n|upkeep\n|turn|21\n|inactive|Time left: 300 sec this turn | 300 sec total\n|\n|t:|1783574609\n|move|p1a: Raikou|Calm Mind|p1a: Raikou\n|-boost|p1a: Raikou|spa|1\n|-boost|p1a: Raikou|spd|1\n|move|p2a: Bellibolt|Muddy Water|p1a: Raikou|[miss]\n|-miss|p2a: Bellibolt|p1a: Raikou\n|\n|-heal|p1a: Raikou|98/278 tox|[from] item: Leftovers\n|-damage|p1a: Raikou|47/278 tox|[from] psn\n|upkeep\n|turn|22\n|inactive|Time left: 300 sec this turn | 300 sec total\n|\n|t:|1783574610\n|move|p1a: Raikou|Scald|p2a: Bellibolt\n|-damage|p2a: Bellibolt|49/100\n|-start|p2a: Bellibolt|Charge|Scald|[from] ability: Electromorphosis\n|move|p2a: Bellibolt|Thunderbolt|p1a: Raikou\n|-resisted|p1a: Raikou\n|-damage|p1a: Raikou|11/278 tox\n|-end|p2a: Bellibolt|Charge|[silent]\n|\n|-heal|p1a: Raikou|28/278 tox|[from] item: Leftovers\n|-heal|p2a: Bellibolt|55/100|[from] item: Leftovers\n|-damage|p1a: Raikou|0 fnt|[from] psn\n|faint|p1a: Raikou\n|upkeep\n|inactive|Time left: 300 sec this turn | 300 sec total | 5 sec grace\n|\n|t:|1783574611\n|switch|p1a: Houndstone|Houndstone, L86, M, tera:Fairy|49/264\n|turn|23\n|inactive|Time left: 300 sec this turn | 300 sec total\n|\n|t:|1783574612\n|move|p1a: Houndstone|Play Rough|p2a: Bellibolt\n|-damage|p2a: Bellibolt|22/100\n|-start|p2a: Bellibolt|Charge|Play Rough|[from] ability: Electromorphosis\n|move|p2a: Bellibolt|Thunderbolt|p1a: Houndstone\n|-damage|p1a: Houndstone|0 fnt\n|faint|p1a: Houndstone\n|-end|p2a: Bellibolt|Charge|[silent]\n|\n|win|p0y300007cc", "uploadtime": 1783574612, "views": 0, "rating": 0, "private": 0, "password": null, "_winner": "p0y300007cc", "_our_name": "p0x3000ac63"}