{"id": "battle-gen9randombattle-1501", "formatid": "gen9randombattle", "format": "[Gen 9] Random Battle", "players": ["p0x1501bd04", "p0y15016ce1"], "log": "|init|battle\n|title|p0x1501bd04 vs. p0y15016ce1\n|j|\u2606p0x1501bd04\n|j|\u2606p0y15016ce1\n|t:|1783557475\n|gametype|singles\n|player|p1|p0x1501bd04|169|\n|player|p2|p0y15016ce1|1|\n|gen|9\n|tier|[Gen 9] Random Battle\n|rule|Species Clause: Limit one of each Pok\u00e9mon\n|rule|HP Percentage Mod: HP is shown in percentages\n|rule|Sleep Clause Mod: Limit one foe put to sleep\n|rule|Illusion Level Mod: Illusion disguises the Pok\u00e9mon's true level\n|\n|t:|1783557475\n|teamsize|p1|6\n|teamsize|p2|6\n|start\n|switch|p1a: Landorus|Landorus-Therian, L76, M|260/260\n|switch|p2a: Phione|Phione, L91|100/100\n|-ability|p1a: Landorus|Intimidate|boost\n|-unboost|p2a: Phione|atk|1\n|turn|1\n|inactive|Battle timer is ON: inactive players will automatically lose when time's up. (requested by p0x1501bd04)\n|\n|t:|1783557477\n|switch|p1a: Hitmonlee|Hitmonlee, L85, M|223/223\n|move|p2a: Phione|Scald|p1a: Hitmonlee\n|-damage|p1a: Hitmonlee|147/223\n|-status|p1a: Hitmonlee|brn\n|\n|-damage|p1a: Hitmonlee|134/223 brn|[from] brn\n|upkeep\n|turn|2\n|inactive|Time left: 300 sec this turn | 300 sec total\n|inactive|p0y15016ce1 also wants the timer to be on.\n|\n|t:|1783557478\n|switch|p2a: Flutter Mane|Flutter Mane, L74|100/100\n|move|p1a: Hitmonlee|High Jump Kick|p2a: Flutter Mane\n|-immune|p2a: Flutter Mane\n|-damage|p1a: Hitmonlee|23/223 brn|[from] highjumpkick\n|\n|-damage|p1a: Hitmonlee|10/223 brn|[from] brn\n|upkeep\n|turn|3\n|inactive|Time left: 300 sec this turn | 300 sec total\n|\n|t:|1783557479\n|move|p2a: Flutter Mane|Shadow Ball|p1a: Hitmonlee\n|-damage|p1a: Hitmonlee|0 fnt\n|faint|p1a: Hitmonlee\n|-damage|p2a: Flutter Mane|91/100|[from] item: Life Orb\n|\n|upkeep\n|inactive|Time left: 300 sec this turn | 300 sec total | 5 sec grace\n|\n|t:|1783557481\n|switch|p1a: Landorus|Landorus-Therian, L76, M|260/260\n|-ability|p1a: Landorus|Intimidate|boost\n|-unboost|p2a: Flutter Mane|atk|1\n|turn|4\n|inactive|Time left: 300 sec this turn | 300 sec total\n|\n|t:|1783557482\n|-end|p2a: Flutter Mane|Protosynthesis|[silent]\n|switch|p2a: Lurantis|Lurantis, L87, M|100/100\n|move|p1a: Landorus|Earthquake|p2a: Lurantis\n|-resisted|p2a: Lurantis\n|-damage|p2a: Lurantis|79/100\n|\n|upkeep\n|turn|5\n|inactive|Time left: 300 sec this turn | 300 sec total\n|\n|t:|1783557483\n|move|p1a: Landorus|U-turn|p2a: Lurantis\n|-supereffective|p2a: Lurantis\n|-damage|p2a: Lurantis|38/100\n|inactive|Time left: 300 sec this turn | 300 sec total | 5 sec grace\n|\n|t:|1783557484\n|switch|p1a: Palossand|Palossand, L89, M|296/296|[from] U-turn\n|move|p2a: Lurantis|Superpower|p1a: Palossand\n|-immune|p1a: Palossand\n|\n|upkeep\n|turn|6\n|inactive|Time left: 300 sec this turn | 300 sec total\n|\n|t:|1783557486\n|-terastallize|p1a: Palossand|Poison\n|move|p2a: Lurantis|Leaf Storm|p1a: Palossand\n|-resisted|p1a: Palossand\n|-damage|p1a: Palossand|233/296\n|-boost|p2a: Lurantis|spa|2\n|move|p1a: Palossand|Sludge Bomb|p2a: Lurantis\n|-supereffective|p2a: Lurantis\n|-damage|p2a: Lurantis|0 fnt\n|faint|p2a: Lurantis\n|\n|-heal|p1a: Palossand|251/296|[from] item: Leftovers\n|upkeep\n|\n|t:|1783557487\n|switch|p2a: Incineroar|Incineroar, L82, M|100/100\n|-ability|p2a: Incineroar|Intimidate|boost\n|-unboost|p1a: Palossand|atk|1\n|turn|7\n|inactive|Time left: 300 sec this turn | 300 sec total\n|\n|t:|1783557488\n|move|p2a: Incineroar|Parting Shot|p1a: Palossand\n|-unboost|p1a: Palossand|atk|1\n|-unboost|p1a: Palossand|spa|1\n|\n|t:|1783557489\n|switch|p2a: Hippowdon|Hippowdon, L82, M|100/100|[from] Parting Shot\n|-weather|Sandstorm|[from] ability: Sand Stream|[of] p2a: Hippowdon\n|move|p1a: Palossand|Earth Power|p2a: Hippowdon\n|-damage|p2a: Hippowdon|71/100\n|\n|-weather|Sandstorm|[upkeep]\n|-damage|p1a: Palossand|233/296|[from] Sandstorm\n|-heal|p2a: Hippowdon|77/100|[from] item: Leftovers\n|-heal|p1a: Palossand|251/296|[from] item: Leftovers\n|upkeep\n|turn|8\n|inactive|Time left: 300 sec this turn | 300 sec total\n|\n|t:|1783557490\n|switch|p1a: Landorus|Landorus-Therian, L76, M|260/260\n|-ability|p1a: Landorus|Intimidate|boost\n|-unboost|p2a: Hippowdon|atk|1\n|move|p2a: Hippowdon|Earthquake|p1a: Landorus\n|-immune|p1a: Landorus\n|\n|-weather|Sandstorm|[upkeep]\n|-heal|p2a: Hippowdon|83/100|[from] item: Leftovers\n|upkeep\n|turn|9\n|inactive|Time left: 300 sec this turn | 300 sec total\n|\n|t:|1783557491\n|move|p1a: Landorus|Earthquake|p2a: Hippowdon\n|-damage|p2a: Hippowdon|52/100\n|move|p2a: Hippowdon|Curse|p2a: Hippowdon\n|-unboost|p2a: Hippowdon|spe|1\n|-boost|p2a: Hippowdon|atk|1\n|-boost|p2a: Hippowdon|def|1\n|\n|-weather|Sandstorm|[upkeep]\n|-heal|p2a: Hippowdon|58/100|[from] item: Leftovers\n|upkeep\n|turn|10\n|inactive|Time left: 300 sec this turn | 300 sec total\n|\n|t:|1783557492\n|move|p1a: Landorus|Earthquake|p2a: Hippowdon\n|-damage|p2a: Hippowdon|36/100\n|move|p2a: Hippowdon|Slack Off|p2a: Hippowdon\n|-heal|p2a: Hippowdon|86/100\n|\n|-weather|Sandstorm|[upkeep]\n|-heal|p2a: Hippowdon|92/100|[from] item: Leftovers\n|upkeep\n|turn|11\n|inactive|Time left: 300 sec this turn | 300 sec total\n|\n|t:|1783557493\n|move|p1a: Landorus|Earthquake|p2a: Hippowdon\n|-damage|p2a: Hippowdon|69/100\n|move|p2a: Hippowdon|Earthquake|p1a: Landorus\n|-immune|p1a: Landorus\n|\n|-weather|none\n|-heal|p2a: Hippowdon|75/100|[from] item: Leftovers\n|upkeep\n|turn|12\n|inactive|Time left: 300 sec this turn | 300 sec total\n|\n|t:|1783557494\n|move|p1a: Landorus|Earthquake|p2a: Hippowdon\n|-crit|p2a: Hippowdon\n|-damage|p2a: Hippowdon|32/100\n|move|p2a: Hippowdon|Curse|p2a: Hippowdon\n|-unboost|p2a: Hippowdon|spe|1\n|-boost|p2a: Hippowdon|atk|1\n|-boost|p2a: Hippowdon|def|1\n|\n|-heal|p2a: Hippowdon|38/100|[from] item: Leftovers\n|upkeep\n|turn|13\n|inactive|Time left: 300 sec this turn | 300 sec total\n|\n|t:|1783557495\n|move|p1a: Landorus|Earthquake|p2a: Hippowdon\n|-damage|p2a: Hippowdon|20/100\n|move|p2a: Hippowdon|Slack Off|p2a: Hippowdon\n|-heal|p2a: Hippowdon|71/100\n|\n|-heal|p2a: Hippowdon|77/100|[from] item: Leftovers\n|upkeep\n|turn|14\n|inactive|Time left: 300 sec this turn | 300 sec total\n|\n|t:|1783557497\n|move|p1a: Landorus|Earthquake|p2a: Hippowdon\n|-damage|p2a: Hippowdon|61/100\n|move|p2a: Hippowdon|Stone Edge|p1a: Landorus\n|-crit|p1a: Landorus\n|-damage|p1a: Landorus|70/260\n|\n|-heal|p1a: Landorus|86/260|[from] item: Leftovers\n|-heal|p2a: Hippowdon|67/100|[from] item: Leftovers\n|upkeep\n|turn|15\n|inactive|Time left: 300 sec this turn | 300 sec total\n|\n|t:|1783557498\n|move|p1a: Landorus|Earthquake|p2a: Hippowdon\n|-damage|p2a: Hippowdon|52/100\n|move|p2a: Hippowdon|Stone Edge|p1a: Landorus\n|-damage|p1a: Landorus|0 fnt\n|faint|p1a: Landorus\n|\n|-heal|p2a: Hippowdon|58/100|[from] item: Leftovers\n|upkeep\n|inactive|Time left: 300 sec this turn | 300 sec total | 5 sec grace\n|\n|t:|1783557499\n|switch|p1a: Infernape|Infernape, L82, F|259/259\n|turn|16\n|inactive|Time left: 300 sec this turn | 300 sec total\n|\n|t:|1783557499\n|move|p1a: Infernape|Overheat|p2a: Hippowdon\n|-damage|p2a: Hippowdon|0 fnt\n|-unboost|p1a: Infernape|spa|2\n|faint|p2a: Hippowdon\n|-damage|p1a: Infernape|234/259|[from] item: Life Orb\n|\n|upkeep\n|\n|t:|1783557500\n|switch|p2a: Incineroar|Incineroar, L82, M|100/100\n|-ability|p2a: Incineroar|Intimidate|boost\n|-unboost|p1a: Infernape|atk|1\n|turn|17\n|inactive|Time left: 300 sec this turn | 300 sec total\n|\n|t:|1783557501\n|switch|p1a: Palossand|Palossand, L89, M, tera:Poison|251/296\n|move|p2a: Incineroar|Earthquake|p1a: Palossand\n|-supereffective|p1a: Palossand\n|-damage|p1a: Palossand|125/296\n|\n|-heal|p1a: Palossand|143/296|[from] item: Leftovers\n|upkeep\n|turn|18\n|inactive|Time left: 300 sec this turn | 300 sec total\n|\n|t:|1783557502\n|move|p2a: Incineroar|Knock Off|p1a: Palossand\n|-damage|p1a: Palossand|61/296\n|-enditem|p1a: Palossand|Leftovers|[from] move: Knock Off|[of] p2a: Incineroar\n|move|p1a: Palossand|Earth Power|p2a: Incineroar\n|-supereffective|p2a: Incineroar\n|-damage|p2a: Incineroar|21/100\n|\n|upkeep\n|turn|19\n|inactive|Time left: 300 sec this turn | 300 sec total\n|\n|t:|1783557503\n|move|p2a: Incineroar|Earthquake|p1a: Palossand\n|-supereffective|p1a: Palossand\n|-damage|p1a: Palossand|0 fnt\n|faint|p1a: Palossand\n|\n|upkeep\n|inactive|Time left: 300 sec this turn | 300 sec total | 5 sec grace\n|\n|t:|1783557504\n|switch|p1a: Zebstrika|Zebstrika, L87, F|272/272\n|turn|20\n|inactive|Time left: 300 sec this turn | 300 sec total\n|\n|t:|1783557505\n|move|p1a: Zebstrika|Supercell Slam|p2a: Incineroar\n|-crit|p2a: Incineroar\n|-damage|p2a: Incineroar|0 fnt\n|faint|p2a: Incineroar\n|-damage|p1a: Zebstrika|245/272|[from] item: Life Orb\n|\n|upkeep\n|\n|t:|1783557506\n|switch|p2a: Luvdisc|Luvdisc, F|100/100\n|turn|21\n|inactive|Time left: 300 sec this turn | 300 sec total\n|\n|t:|1783557507\n|-terastallize|p2a: Luvdisc|Ground\n|move|p1a: Zebstrika|Supercell Slam|p2a: Luvdisc\n|-immune|p2a: Luvdisc\n|-damage|p1a: Zebstrika|109/272|[from] supercellslam\n|move|p2a: Luvdisc|Surf|p1a: Zebstrika\n|-damage|p1a: Zebstrika|25/272\n|\n|upkeep\n|turn|22\n|inactive|Time left: 300 sec this turn | 300 sec total\n|\n|t:|1783557508\n|switch|p1a: Cetitan|Cetitan, L82, F|412/412\n|move|p2a: Luvdisc|Substitute|p2a: Luvdisc\n|-start|p2a: Luvdisc|Substitute\n|-damage|p2a: Luvdisc|76/100\n|\n|upkeep\n|turn|23\n|inactive|Time left: 300 sec this turn | 300 sec total\n|\n|t:|1783557509\n|move|p2a: Luvdisc|Endeavor|p1a: Cetitan\n|-damage|p1a: Cetitan|186/412\n|-enditem|p1a: Cetitan|Sitrus Berry|[eat]\n|-heal|p1a: Cetitan|289/412|[from] item: Sitrus Berry\n|move|p1a: Cetitan|Earthquake|p2a: Luvdisc\n|-end|p2a: Luvdisc|Substitute\n|\n|upkeep\n|turn|24\n|inactive|Time left: 300 sec this turn | 300 sec total\n|\n|t:|1783557510\n|switch|p2a: Phione|Phione, L91|100/100\n|move|p1a: Cetitan|Ice Spinner|p2a: Phione\n|-resisted|p2a: Phione\n|-damage|p2a: Phione|85/100\n|\n|-heal|p2a: Phione|91/100|[from] item: Leftovers\n|upkeep\n|turn|25\n|inactive|Time left: 300 sec this turn | 300 sec total\n|\n|t:|1783557511\n|move|p2a: Phione|Scald|p1a: Cetitan\n|-damage|p1a: Cetitan|157/412\n|move|p1a: Cetitan|Earthquake|p2a: Phione\n|-damage|p2a: Phione|63/100\n|\n|-heal|p2a: Phione|69/100|[from] item: Leftovers\n|upkeep\n|turn|26\n|inactive|Time left: 300 sec this turn | 300 sec total\n|\n|t:|1783557512\n|move|p2a: Phione|Scald|p1a: Cetitan\n|-damage|p1a: Cetitan|30/412\n|-status|p1a: Cetitan|brn\n|move|p1a: Cetitan|Earthquake|p2a: Phione\n|-damage|p2a: Phione|57/100\n|\n|-heal|p2a: Phione|63/100|[from] item: Leftovers\n|-damage|p1a: Cetitan|5/412 brn|[from] brn\n|upkeep\n|turn|27\n|inactive|Time left: 300 sec this turn | 300 sec total\n|\n|t:|1783557513\n|move|p1a: Cetitan|Ice Shard|p2a: Phione\n|-resisted|p2a: Phione\n|-damage|p2a: Phione|60/100\n|move|p2a: Phione|Ice Beam|p1a: Cetitan\n|-resisted|p1a: Cetitan\n|-damage|p1a: Cetitan|0 fnt\n|faint|p1a: Cetitan\n|\n|-heal|p2a: Phione|66/100|[from] item: Leftovers\n|upkeep\n|inactive|Time left: 300 sec this turn | 300 sec total | 5 sec grace\n|\n|t:|1783557515\n|switch|p1a: Zebstrika|Zebstrika, L87, F|25/272\n|turn|28\n|inactive|Time left: 300 sec this turn | 300 sec total\n|\n|t:|1783557516\n|move|p1a: Zebstrika|High Horsepower|p2a: Phione\n|-damage|p2a: Phione|34/100\n|-damage|p1a: Zebstrika|0 fnt|[from] item: Life Orb\n|faint|p1a: Zebstrika\n|move|p2a: Phione|Scald|p1: Zebstrika|[notarget]\n|-fail|p2a: Phione\n|\n|-heal|p2a: Phione|40/100|[from] item: Leftovers\n|upkeep\n|inactive|Time left: 300 sec this turn | 300 sec total | 5 sec grace\n|\n|t:|1783557516\n|switch|p1a: Infernape|Infernape, L82, F|234/259\n|turn|29\n|inactive|Time left: 300 sec this turn | 300 sec total\n|\n|t:|1783557517\n|move|p1a: Infernape|Close Combat|p2a: Phione\n|-damage|p2a: Phione|0 fnt\n|-unboost|p1a: Infernape|def|1\n|-unboost|p1a: Infernape|spd|1\n|faint|p2a: Phione\n|-damage|p1a: Infernape|209/259|[from] item: Life Orb\n|\n|upkeep\n|\n|t:|1783557518\n|switch|p2a: Flutter Mane|Flutter Mane, L74|91/100\n|turn|30\n|inactive|Time left: 300 sec this turn | 300 sec total\n|\n|t:|1783557519\n|move|p2a: Flutter Mane|Shadow Ball|p1a: Infernape\n|-damage|p1a: Infernape|6/259\n|-damage|p2a: Flutter Mane|81/100|[from] item: Life Orb\n|move|p1a: Infernape|Overheat|p2a: Flutter Mane\n|-damage|p2a: Flutter Mane|0 fnt\n|-unboost|p1a: Infernape|spa|2\n|faint|p2a: Flutter Mane\n|-end|p2a: Flutter Mane|Protosynthesis|[silent]\n|-damage|p1a: Infernape|0 fnt|[from] item: Life Orb\n|faint|p1a: Infernape\n|\n|win|p0y15016ce1", "uploadtime": 1783557519, "views": 0, "rating": 0, "private": 0, "password": null, "_winner": "p0y15016ce1", "_our_name": "p0x1501bd04"}