{"id": "battle-gen9randombattle-264", "formatid": "gen9randombattle", "format": "[Gen 9] Random Battle", "players": ["p0x2644e94", "p0y264eaa7"], "log": "|init|battle\n|title|p0x2644e94 vs. p0y264eaa7\n|j|\u2606p0x2644e94\n|j|\u2606p0y264eaa7\n|t:|1783542653\n|gametype|singles\n|player|p1|p0x2644e94|170|\n|player|p2|p0y264eaa7|102|\n|gen|9\n|tier|[Gen 9] Random Battle\n|rule|Species Clause: Limit one of each Pok\u00e9mon\n|rule|HP Percentage Mod: HP is shown in percentages\n|rule|Sleep Clause Mod: Limit one foe put to sleep\n|rule|Illusion Level Mod: Illusion disguises the Pok\u00e9mon's true level\n|\n|t:|1783542653\n|teamsize|p1|6\n|teamsize|p2|6\n|start\n|switch|p1a: Sandslash|Sandslash, L89, M|278/278\n|switch|p2a: Golurk|Golurk, L87|100/100\n|turn|1\n|inactive|Battle timer is ON: inactive players will automatically lose when time's up. (requested by p0x2644e94)\n|inactive|p0y264eaa7 also wants the timer to be on.\n|\n|t:|1783542655\n|move|p1a: Sandslash|Earthquake|p2a: Golurk\n|-damage|p2a: Golurk|58/100\n|move|p2a: Golurk|Earthquake|p1a: Sandslash\n|-damage|p1a: Sandslash|113/278\n|\n|-heal|p1a: Sandslash|130/278|[from] item: Leftovers\n|upkeep\n|turn|2\n|inactive|Time left: 300 sec this turn | 300 sec total\n|\n|t:|1783542656\n|switch|p1a: Spidops|Spidops, L96, F|271/271\n|move|p2a: Golurk|Earthquake|p1a: Spidops\n|-resisted|p1a: Spidops\n|-damage|p1a: Spidops|183/271\n|\n|upkeep\n|turn|3\n|inactive|Time left: 300 sec this turn | 300 sec total\n|\n|t:|1783542657\n|move|p2a: Golurk|Earthquake|p1a: Spidops\n|-resisted|p1a: Spidops\n|-crit|p1a: Spidops\n|-damage|p1a: Spidops|45/271\n|move|p1a: Spidops|Sticky Web|p2a: Golurk\n|-sidestart|p2: p0y264eaa7|move: Sticky Web\n|\n|upkeep\n|turn|4\n|inactive|Time left: 300 sec this turn | 300 sec total\n|\n|t:|1783542658\n|switch|p1a: Shiftry|Shiftry, L89, F|305/305\n|move|p2a: Golurk|Earthquake|p1a: Shiftry\n|-resisted|p1a: Shiftry\n|-damage|p1a: Shiftry|171/305\n|\n|upkeep\n|turn|5\n|inactive|Time left: 300 sec this turn | 300 sec total\n|\n|t:|1783542660\n|move|p1a: Shiftry|Knock Off|p2a: Golurk\n|-supereffective|p2a: Golurk\n|-damage|p2a: Golurk|0 fnt\n|-enditem|p2a: Golurk|Choice Band|[from] move: Knock Off|[of] p1a: Shiftry\n|faint|p2a: Golurk\n|-damage|p1a: Shiftry|141/305|[from] item: Life Orb\n|\n|upkeep\n|\n|t:|1783542661\n|switch|p2a: Salamence|Salamence, L77, M|100/100\n|turn|6\n|inactive|Time left: 300 sec this turn | 300 sec total\n|\n|t:|1783542662\n|switch|p1a: Zacian|Zacian-Crowned, L64|225/225\n|-ability|p1a: Zacian|Intrepid Sword|boost\n|-boost|p1a: Zacian|atk|1\n|move|p2a: Salamence|Outrage|p1a: Zacian\n|-immune|p1a: Zacian\n|\n|upkeep\n|turn|7\n|inactive|Time left: 300 sec this turn | 300 sec total\n|\n|t:|1783542663\n|-terastallize|p2a: Salamence|Ground\n|move|p1a: Zacian|Play Rough|p2a: Salamence\n|-damage|p2a: Salamence|48/100\n|move|p2a: Salamence|Earthquake|p1a: Zacian\n|-supereffective|p1a: Zacian\n|-damage|p1a: Zacian|0 fnt\n|faint|p1a: Zacian\n|-ability|p2a: Salamence|Moxie|boost\n|-boost|p2a: Salamence|atk|1\n|\n|upkeep\n|inactive|Time left: 300 sec this turn | 300 sec total | 5 sec grace\n|\n|t:|1783542664\n|switch|p1a: Raikou|Raikou, L81|278/278\n|-ability|p1a: Raikou|Pressure\n|turn|8\n|inactive|Time left: 300 sec this turn | 300 sec total\n|\n|t:|1783542665\n|move|p1a: Raikou|Scald|p2a: Salamence\n|-supereffective|p2a: Salamence\n|-damage|p2a: Salamence|1/100\n|move|p2a: Salamence|Earthquake|p1a: Raikou\n|-supereffective|p1a: Raikou\n|-damage|p1a: Raikou|0 fnt\n|faint|p1a: Raikou\n|-ability|p2a: Salamence|Moxie|boost\n|-boost|p2a: Salamence|atk|1\n|\n|upkeep\n|inactive|Time left: 300 sec this turn | 300 sec total | 5 sec grace\n|\n|t:|1783542666\n|switch|p1a: Shiftry|Shiftry, L89, F|141/305\n|turn|9\n|inactive|Time left: 300 sec this turn | 300 sec total\n|\n|t:|1783542668\n|move|p1a: Shiftry|Sucker Punch||[still]\n|-fail|p1a: Shiftry\n|move|p2a: Salamence|Dragon Dance|p2a: Salamence\n|-boost|p2a: Salamence|atk|1\n|-boost|p2a: Salamence|spe|1\n|\n|upkeep\n|turn|10\n|inactive|Time left: 300 sec this turn | 300 sec total\n|\n|t:|1783542669\n|move|p2a: Salamence|Dragon Dance|p2a: Salamence\n|-boost|p2a: Salamence|atk|1\n|-boost|p2a: Salamence|spe|1\n|move|p1a: Shiftry|Will-O-Wisp|p2a: Salamence\n|-status|p2a: Salamence|brn\n|\n|-damage|p2a: Salamence|0 fnt|[from] brn\n|faint|p2a: Salamence\n|upkeep\n|\n|t:|1783542670\n|switch|p2a: Glalie|Glalie, L96, F|100/100\n|turn|11\n|inactive|Time left: 300 sec this turn | 300 sec total\n|\n|t:|1783542671\n|switch|p1a: Grimmsnarl|Grimmsnarl, L83, M|293/293\n|move|p2a: Glalie|Freeze-Dry|p1a: Grimmsnarl\n|-damage|p1a: Grimmsnarl|191/293\n|-status|p1a: Grimmsnarl|frz\n|\n|upkeep\n|turn|12\n|inactive|Time left: 300 sec this turn | 300 sec total\n|\n|t:|1783542672\n|-curestatus|p1a: Grimmsnarl|frz|[msg]\n|move|p1a: Grimmsnarl|Thunder Wave|p2a: Glalie\n|-status|p2a: Glalie|par\n|move|p2a: Glalie|Earthquake|p1a: Grimmsnarl\n|-crit|p1a: Grimmsnarl\n|-damage|p1a: Grimmsnarl|44/293\n|\n|upkeep\n|turn|13\n|inactive|Time left: 300 sec this turn | 300 sec total\n|\n|t:|1783542673\n|move|p1a: Grimmsnarl|Spirit Break|p2a: Glalie\n|-damage|p2a: Glalie|69/100 par\n|-unboost|p2a: Glalie|spa|1\n|move|p2a: Glalie|Earthquake|p1a: Grimmsnarl\n|-damage|p1a: Grimmsnarl|0 fnt\n|faint|p1a: Grimmsnarl\n|\n|upkeep\n|inactive|Time left: 300 sec this turn | 300 sec total | 5 sec grace\n|\n|t:|1783542674\n|switch|p1a: Spidops|Spidops, L96, F|45/271\n|turn|14\n|inactive|Time left: 300 sec this turn | 300 sec total\n|\n|t:|1783542675\n|move|p1a: Spidops|Knock Off|p2a: Glalie\n|-damage|p2a: Glalie|48/100 par\n|-enditem|p2a: Glalie|Heavy-Duty Boots|[from] move: Knock Off|[of] p1a: Spidops\n|cant|p2a: Glalie|par\n|\n|upkeep\n|turn|15\n|inactive|Time left: 300 sec this turn | 300 sec total\n|\n|t:|1783542676\n|move|p1a: Spidops|U-turn|p2a: Glalie\n|-damage|p2a: Glalie|21/100 par\n|inactive|Time left: 300 sec this turn | 300 sec total | 5 sec grace\n|\n|t:|1783542677\n|switch|p1a: Shiftry|Shiftry, L89, F|141/305|[from] U-turn\n|cant|p2a: Glalie|par\n|\n|upkeep\n|turn|16\n|inactive|Time left: 300 sec this turn | 300 sec total\n|\n|t:|1783542678\n|move|p1a: Shiftry|Knock Off|p2a: Glalie\n|-damage|p2a: Glalie|0 fnt\n|faint|p2a: Glalie\n|-damage|p1a: Shiftry|111/305|[from] item: Life Orb\n|\n|upkeep\n|\n|t:|1783542679\n|switch|p2a: Cobalion|Cobalion, L80|100/100\n|-activate|p2a: Cobalion|move: Sticky Web\n|-unboost|p2a: Cobalion|spe|1\n|turn|17\n|inactive|Time left: 300 sec this turn | 300 sec total\n|\n|t:|1783542680\n|move|p1a: Shiftry|Will-O-Wisp|p2a: Cobalion\n|-status|p2a: Cobalion|brn\n|move|p2a: Cobalion|Body Press|p1a: Shiftry\n|-supereffective|p1a: Shiftry\n|-damage|p1a: Shiftry|0 fnt\n|faint|p1a: Shiftry\n|\n|-damage|p2a: Cobalion|94/100 brn|[from] brn\n|upkeep\n|inactive|Time left: 300 sec this turn | 300 sec total | 5 sec grace\n|\n|t:|1783542681\n|switch|p1a: Sandslash|Sandslash, L89, M|130/278\n|turn|18\n|inactive|Time left: 300 sec this turn | 300 sec total\n|\n|t:|1783542682\n|move|p1a: Sandslash|Earthquake|p2a: Cobalion\n|-supereffective|p2a: Cobalion\n|-damage|p2a: Cobalion|23/100 brn\n|move|p2a: Cobalion|Iron Head|p1a: Sandslash\n|-damage|p1a: Sandslash|98/278\n|\n|-heal|p1a: Sandslash|115/278|[from] item: Leftovers\n|-heal|p2a: Cobalion|29/100 brn|[from] item: Leftovers\n|-damage|p2a: Cobalion|23/100 brn|[from] brn\n|upkeep\n|turn|19\n|inactive|Time left: 300 sec this turn | 300 sec total\n|\n|t:|1783542683\n|move|p1a: Sandslash|Rapid Spin|p2a: Cobalion\n|-resisted|p2a: Cobalion\n|-damage|p2a: Cobalion|17/100 brn\n|-boost|p1a: Sandslash|spe|1\n|move|p2a: Cobalion|Iron Head|p1a: Sandslash\n|-damage|p1a: Sandslash|88/278\n|\n|-heal|p1a: Sandslash|105/278|[from] item: Leftovers\n|-heal|p2a: Cobalion|23/100 brn|[from] item: Leftovers\n|-damage|p2a: Cobalion|17/100 brn|[from] brn\n|upkeep\n|turn|20\n|inactive|Time left: 300 sec this turn | 300 sec total\n|\n|t:|1783542684\n|move|p1a: Sandslash|Rapid Spin|p2a: Cobalion\n|-resisted|p2a: Cobalion\n|-damage|p2a: Cobalion|11/100 brn\n|-boost|p1a: Sandslash|spe|1\n|move|p2a: Cobalion|Iron Head|p1a: Sandslash\n|-damage|p1a: Sandslash|74/278\n|\n|-heal|p1a: Sandslash|91/278|[from] item: Leftovers\n|-heal|p2a: Cobalion|17/100 brn|[from] item: Leftovers\n|-damage|p2a: Cobalion|11/100 brn|[from] brn\n|upkeep\n|turn|21\n|inactive|Time left: 300 sec this turn | 300 sec total\n|\n|t:|1783542685\n|move|p1a: Sandslash|Spikes|p2a: Cobalion\n|-sidestart|p2: p0y264eaa7|Spikes\n|move|p2a: Cobalion|Body Press|p1a: Sandslash\n|-damage|p1a: Sandslash|53/278\n|\n|-heal|p1a: Sandslash|70/278|[from] item: Leftovers\n|-heal|p2a: Cobalion|17/100 brn|[from] item: Leftovers\n|-damage|p2a: Cobalion|11/100 brn|[from] brn\n|upkeep\n|turn|22\n|inactive|Time left: 300 sec this turn | 300 sec total\n|\n|t:|1783542686\n|move|p1a: Sandslash|Spikes|p2a: Cobalion\n|-sidestart|p2: p0y264eaa7|Spikes\n|move|p2a: Cobalion|Body Press|p1a: Sandslash\n|-damage|p1a: Sandslash|34/278\n|\n|-heal|p1a: Sandslash|51/278|[from] item: Leftovers\n|-heal|p2a: Cobalion|17/100 brn|[from] item: Leftovers\n|-damage|p2a: Cobalion|11/100 brn|[from] brn\n|upkeep\n|turn|23\n|inactive|Time left: 300 sec this turn | 300 sec total\n|\n|t:|1783542688\n|move|p1a: Sandslash|Earthquake|p2a: Cobalion\n|-supereffective|p2a: Cobalion\n|-damage|p2a: Cobalion|0 fnt\n|faint|p2a: Cobalion\n|\n|-heal|p1a: Sandslash|68/278|[from] item: Leftovers\n|upkeep\n|\n|t:|1783542688\n|switch|p2a: Calyrex|Calyrex-Shadow, L64|100/100\n|-ability|p2a: Calyrex|As One\n|-ability|p2a: Calyrex|Unnerve\n|-activate|p2a: Calyrex|move: Sticky Web\n|-unboost|p2a: Calyrex|spe|1\n|-damage|p2a: Calyrex|84/100|[from] Spikes\n|turn|24\n|inactive|Time left: 300 sec this turn | 300 sec total\n|\n|t:|1783542689\n|switch|p2a: Ditto|Ditto, L87|100/100\n|-activate|p2a: Ditto|move: Sticky Web\n|-unboost|p2a: Ditto|spe|1\n|-damage|p2a: Ditto|84/100|[from] Spikes\n|-transform|p2a: Ditto|p1a: Sandslash|[from] ability: Imposter\n|move|p1a: Sandslash|Earthquake|p2a: Ditto\n|-damage|p2a: Ditto|41/100\n|\n|-heal|p1a: Sandslash|85/278|[from] item: Leftovers\n|upkeep\n|turn|25\n|inactive|Time left: 300 sec this turn | 300 sec total\n|\n|t:|1783542690\n|move|p2a: Ditto|Rapid Spin|p1a: Sandslash\n|-damage|p1a: Sandslash|51/278\n|-boost|p2a: Ditto|spe|1\n|-sideend|p2: p0y264eaa7|Spikes|[from] move: Rapid Spin|[of] p2a: Ditto\n|-sideend|p2: p0y264eaa7|Sticky Web|[from] move: Rapid Spin|[of] p2a: Ditto\n|move|p1a: Sandslash|Earthquake|p2a: Ditto\n|-damage|p2a: Ditto|2/100\n|\n|-heal|p1a: Sandslash|68/278|[from] item: Leftovers\n|upkeep\n|turn|26\n|inactive|Time left: 300 sec this turn | 300 sec total\n|\n|t:|1783542691\n|move|p2a: Ditto|Rapid Spin|p1a: Sandslash\n|-damage|p1a: Sandslash|39/278\n|-boost|p2a: Ditto|spe|1\n|move|p1a: Sandslash|Spikes|p2a: Ditto\n|-sidestart|p2: p0y264eaa7|Spikes\n|\n|-heal|p1a: Sandslash|56/278|[from] item: Leftovers\n|upkeep\n|turn|27\n|inactive|Time left: 300 sec this turn | 300 sec total\n|\n|t:|1783542692\n|move|p2a: Ditto|Rapid Spin|p1a: Sandslash\n|-damage|p1a: Sandslash|25/278\n|-boost|p2a: Ditto|spe|1\n|-sideend|p2: p0y264eaa7|Spikes|[from] move: Rapid Spin|[of] p2a: Ditto\n|move|p1a: Sandslash|Spikes|p2a: Ditto\n|-sidestart|p2: p0y264eaa7|Spikes\n|\n|-heal|p1a: Sandslash|42/278|[from] item: Leftovers\n|upkeep\n|turn|28\n|inactive|Time left: 300 sec this turn | 300 sec total\n|\n|t:|1783542692\n|move|p2a: Ditto|Rapid Spin|p1a: Sandslash\n|-damage|p1a: Sandslash|11/278\n|-boost|p2a: Ditto|spe|1\n|-sideend|p2: p0y264eaa7|Spikes|[from] move: Rapid Spin|[of] p2a: Ditto\n|move|p1a: Sandslash|Spikes|p2a: Ditto\n|-sidestart|p2: p0y264eaa7|Spikes\n|\n|-heal|p1a: Sandslash|28/278|[from] item: Leftovers\n|upkeep\n|turn|29\n|inactive|Time left: 300 sec this turn | 300 sec total\n|\n|t:|1783542693\n|switch|p1a: Spidops|Spidops, L96, F|45/271\n|move|p2a: Ditto|Rapid Spin|p1a: Spidops\n|-damage|p1a: Spidops|8/271\n|-sideend|p2: p0y264eaa7|Spikes|[from] move: Rapid Spin|[of] p2a: Ditto\n|\n|upkeep\n|turn|30\n|inactive|Time left: 300 sec this turn | 300 sec total\n|\n|t:|1783542694\n|-activate|p2a: Ditto|move: Struggle\n|move|p2a: Ditto|Struggle|p1a: Spidops\n|-damage|p1a: Spidops|0 fnt\n|faint|p1a: Spidops\n|-damage|p2a: Ditto|0 fnt|[from] recoil\n|faint|p2a: Ditto\n|\n|upkeep\n|inactive|Time left: 300 sec this turn | 300 sec total | 5 sec grace\n|\n|t:|1783542695\n|switch|p2a: Calyrex|Calyrex-Shadow, L64|84/100\n|switch|p1a: Sandslash|Sandslash, L89, M|28/278\n|-ability|p2a: Calyrex|As One\n|-ability|p2a: Calyrex|Unnerve\n|turn|31\n|inactive|Time left: 300 sec this turn | 300 sec total\n|\n|t:|1783542696\n|-terastallize|p1a: Sandslash|Water\n|move|p2a: Calyrex|Astral Barrage|p1a: Sandslash\n|-damage|p1a: Sandslash|0 fnt\n|faint|p1a: Sandslash\n|-damage|p2a: Calyrex|74/100|[from] item: Life Orb\n|\n|win|p0y264eaa7", "uploadtime": 1783542696, "views": 0, "rating": 0, "private": 0, "password": null, "_winner": "p0y264eaa7", "_our_name": "p0x2644e94"}