{"id": "battle-gen9randombattle-53", "formatid": "gen9randombattle", "format": "[Gen 9] Random Battle", "players": ["p0x05357d7", "p0y053d5d1"], "log": "|init|battle\n|title|p0x05357d7 vs. p0y053d5d1\n|j|\u2606p0x05357d7\n|j|\u2606p0y053d5d1\n|t:|1783534395\n|gametype|singles\n|player|p1|p0x05357d7|169|\n|player|p2|p0y053d5d1|169|\n|gen|9\n|tier|[Gen 9] Random Battle\n|rule|Species Clause: Limit one of each Pok\u00e9mon\n|rule|HP Percentage Mod: HP is shown in percentages\n|rule|Sleep Clause Mod: Limit one foe put to sleep\n|rule|Illusion Level Mod: Illusion disguises the Pok\u00e9mon's true level\n|\n|t:|1783534395\n|teamsize|p1|6\n|teamsize|p2|6\n|start\n|switch|p1a: Sawsbuck|Sawsbuck-Autumn, L88, M|100/100\n|switch|p2a: Kommo-o|Kommo-o, L77, M|242/242\n|turn|1\n|inactive|Battle timer is ON: inactive players will automatically lose when time's up. (requested by p0x05357d7)\n|inactive|Time left: 300 sec this turn | 300 sec total | 60 sec grace\n|\n|t:|1783534397\n|move|p1a: Sawsbuck|Swords Dance|p1a: Sawsbuck\n|-boost|p1a: Sawsbuck|atk|2\n|move|p2a: Kommo-o|Clangorous Soul|p2a: Kommo-o\n|-boost|p2a: Kommo-o|atk|1\n|-boost|p2a: Kommo-o|def|1\n|-boost|p2a: Kommo-o|spa|1\n|-boost|p2a: Kommo-o|spd|1\n|-boost|p2a: Kommo-o|spe|1\n|-damage|p2a: Kommo-o|163/242\n|-enditem|p2a: Kommo-o|Throat Spray\n|-boost|p2a: Kommo-o|spa|1|[from] item: Throat Spray\n|\n|upkeep\n|turn|2\n|inactive|Time left: 300 sec this turn | 300 sec total\n|inactive|p0y053d5d1 also wants the timer to be on.\n|\n|t:|1783534397\n|move|p2a: Kommo-o|Drain Punch|p1a: Sawsbuck\n|-supereffective|p1a: Sawsbuck\n|-damage|p1a: Sawsbuck|16/100\n|-heal|p2a: Kommo-o|242/242|[from] drain|[of] p1a: Sawsbuck\n|move|p1a: Sawsbuck|Double-Edge|p2a: Kommo-o\n|-damage|p2a: Kommo-o|30/242\n|-damage|p1a: Sawsbuck|0 fnt|[from] Recoil\n|faint|p1a: Sawsbuck\n|\n|upkeep\n|\n|t:|1783534398\n|switch|p1a: Houndstone|Houndstone, L86, M|100/100\n|turn|3\n|inactive|Time left: 300 sec this turn | 300 sec total\n|\n|t:|1783534399\n|move|p2a: Kommo-o|Clanging Scales|p1a: Houndstone\n|-damage|p1a: Houndstone|30/100\n|-unboost|p2a: Kommo-o|def|1\n|move|p1a: Houndstone|Body Press|p2a: Kommo-o\n|-crit|p2a: Kommo-o\n|-damage|p2a: Kommo-o|0 fnt\n|faint|p2a: Kommo-o\n|\n|-heal|p1a: Houndstone|36/100|[from] item: Leftovers\n|upkeep\n|inactive|Time left: 300 sec this turn | 300 sec total | 5 sec grace\n|\n|t:|1783534400\n|switch|p2a: Ho-Oh|Ho-Oh, L71|268/268\n|turn|4\n|inactive|Time left: 300 sec this turn | 300 sec total\n|\n|t:|1783534401\n|switch|p1a: Gothitelle|Gothitelle, L90, F|100/100\n|move|p2a: Ho-Oh|Sacred Fire|p1a: Gothitelle\n|-damage|p1a: Gothitelle|66/100\n|\n|-heal|p1a: Gothitelle|72/100|[from] item: Leftovers\n|upkeep\n|turn|5\n|inactive|Time left: 300 sec this turn | 300 sec total\n|\n|t:|1783534402\n|move|p2a: Ho-Oh|Sacred Fire|p1a: Gothitelle\n|-damage|p1a: Gothitelle|41/100\n|-status|p1a: Gothitelle|brn\n|move|p1a: Gothitelle|Thunderbolt|p2a: Ho-Oh\n|-supereffective|p2a: Ho-Oh\n|-damage|p2a: Ho-Oh|164/268\n|\n|-heal|p1a: Gothitelle|48/100 brn|[from] item: Leftovers\n|-damage|p1a: Gothitelle|41/100 brn|[from] brn\n|upkeep\n|turn|6\n|inactive|Time left: 300 sec this turn | 300 sec total\n|\n|t:|1783534403\n|move|p2a: Ho-Oh|Brave Bird|p1a: Gothitelle\n|-damage|p1a: Gothitelle|0 fnt\n|faint|p1a: Gothitelle\n|-damage|p2a: Ho-Oh|127/268|[from] Recoil\n|\n|upkeep\n|\n|t:|1783534404\n|switch|p1a: Torterra|Torterra, L78, F|100/100\n|turn|7\n|inactive|Time left: 300 sec this turn | 300 sec total\n|\n|t:|1783534405\n|move|p2a: Ho-Oh|Sacred Fire|p1a: Torterra\n|-supereffective|p1a: Torterra\n|-damage|p1a: Torterra|35/100\n|-status|p1a: Torterra|brn\n|move|p1a: Torterra|Shell Smash|p1a: Torterra\n|-unboost|p1a: Torterra|def|1\n|-unboost|p1a: Torterra|spd|1\n|-boost|p1a: Torterra|atk|2\n|-boost|p1a: Torterra|spa|2\n|-boost|p1a: Torterra|spe|2\n|\n|-damage|p1a: Torterra|28/100 brn|[from] brn\n|upkeep\n|turn|8\n|inactive|Time left: 300 sec this turn | 300 sec total\n|\n|t:|1783534407\n|switch|p2a: Gogoat|Gogoat, L88, M|360/360\n|move|p1a: Torterra|Rock Blast|p2a: Gogoat\n|-damage|p2a: Gogoat|339/360\n|-damage|p2a: Gogoat|317/360\n|-damage|p2a: Gogoat|298/360\n|-damage|p2a: Gogoat|276/360\n|-hitcount|p2a: Gogoat|4\n|\n|-heal|p2a: Gogoat|298/360|[from] item: Leftovers\n|-damage|p1a: Torterra|22/100 brn|[from] brn\n|upkeep\n|turn|9\n|inactive|Time left: 300 sec this turn | 300 sec total\n|\n|t:|1783534408\n|move|p1a: Torterra|Rock Blast|p2a: Gogoat\n|-damage|p2a: Gogoat|278/360\n|-damage|p2a: Gogoat|258/360\n|-damage|p2a: Gogoat|237/360\n|-damage|p2a: Gogoat|217/360\n|-damage|p2a: Gogoat|196/360\n|-hitcount|p2a: Gogoat|5\n|move|p2a: Gogoat|Horn Leech|p1a: Torterra\n|-damage|p1a: Torterra|0 fnt\n|-heal|p2a: Gogoat|226/360|[from] drain|[of] p1a: Torterra\n|faint|p1a: Torterra\n|\n|-heal|p2a: Gogoat|248/360|[from] item: Leftovers\n|upkeep\n|\n|t:|1783534409\n|switch|p1a: Magmortar|Magmortar, L88, F|100/100\n|turn|10\n|inactive|Time left: 300 sec this turn | 300 sec total\n|\n|t:|1783534410\n|switch|p2a: Slowking|Slowking-Galar, L85, F|300/300\n|move|p1a: Magmortar|Fire Blast|p2a: Slowking\n|-damage|p2a: Slowking|216/300\n|\n|upkeep\n|turn|11\n|inactive|Time left: 300 sec this turn | 300 sec total\n|\n|t:|1783534411\n|switch|p2a: Ho-Oh|Ho-Oh, L71|216/268\n|move|p1a: Magmortar|Fire Blast|p2a: Ho-Oh\n|-resisted|p2a: Ho-Oh\n|-damage|p2a: Ho-Oh|153/268\n|\n|upkeep\n|turn|12\n|inactive|Time left: 300 sec this turn | 300 sec total\n|\n|t:|1783534412\n|move|p1a: Magmortar|Fire Blast|p2a: Ho-Oh\n|-resisted|p2a: Ho-Oh\n|-damage|p2a: Ho-Oh|94/268\n|move|p2a: Ho-Oh|Earthquake|p1a: Magmortar\n|-supereffective|p1a: Magmortar\n|-damage|p1a: Magmortar|44/100\n|\n|upkeep\n|turn|13\n|inactive|Time left: 300 sec this turn | 300 sec total\n|\n|t:|1783534414\n|move|p1a: Magmortar|Fire Blast|p2a: Ho-Oh\n|-resisted|p2a: Ho-Oh\n|-damage|p2a: Ho-Oh|32/268\n|move|p2a: Ho-Oh|Recover|p2a: Ho-Oh\n|-heal|p2a: Ho-Oh|166/268\n|\n|upkeep\n|turn|14\n|inactive|Time left: 300 sec this turn | 300 sec total\n|\n|t:|1783534415\n|move|p1a: Magmortar|Fire Blast|p2a: Ho-Oh|[miss]\n|-miss|p1a: Magmortar|p2a: Ho-Oh\n|move|p2a: Ho-Oh|Earthquake|p1a: Magmortar\n|-supereffective|p1a: Magmortar\n|-damage|p1a: Magmortar|0 fnt\n|faint|p1a: Magmortar\n|\n|upkeep\n|\n|t:|1783534416\n|switch|p1a: Volcarona|Volcarona, L77, F|100/100\n|turn|15\n|inactive|Time left: 300 sec this turn | 300 sec total\n|\n|t:|1783534417\n|switch|p1a: Houndstone|Houndstone, L86, M|36/100\n|move|p2a: Ho-Oh|Brave Bird|p1a: Houndstone\n|-damage|p1a: Houndstone|15/100\n|-damage|p2a: Ho-Oh|148/268|[from] Recoil\n|\n|-heal|p1a: Houndstone|21/100|[from] item: Leftovers\n|upkeep\n|turn|16\n|inactive|Time left: 300 sec this turn | 300 sec total\n|\n|t:|1783534418\n|move|p2a: Ho-Oh|Sacred Fire|p1a: Houndstone\n|-damage|p1a: Houndstone|0 fnt\n|faint|p1a: Houndstone\n|\n|upkeep\n|\n|t:|1783534418\n|switch|p1a: Volcarona|Volcarona, L77, F|100/100\n|turn|17\n|inactive|Time left: 300 sec this turn | 300 sec total\n|\n|t:|1783534419\n|-terastallize|p1a: Volcarona|Ground\n|move|p1a: Volcarona|Fiery Dance|p2a: Ho-Oh\n|-resisted|p2a: Ho-Oh\n|-damage|p2a: Ho-Oh|113/268\n|move|p2a: Ho-Oh|Brave Bird|p1a: Volcarona\n|-damage|p1a: Volcarona|37/100\n|-damage|p2a: Ho-Oh|60/268|[from] Recoil\n|\n|upkeep\n|turn|18\n|inactive|Time left: 300 sec this turn | 300 sec total\n|\n|t:|1783534420\n|move|p1a: Volcarona|Fiery Dance|p2a: Ho-Oh\n|-resisted|p2a: Ho-Oh\n|-damage|p2a: Ho-Oh|26/268\n|move|p2a: Ho-Oh|Brave Bird|p1a: Volcarona\n|-damage|p1a: Volcarona|0 fnt\n|faint|p1a: Volcarona\n|-damage|p2a: Ho-Oh|0 fnt|[from] Recoil\n|faint|p2a: Ho-Oh\n|\n|win|p0y053d5d1", "uploadtime": 1783534420, "views": 0, "rating": 0, "private": 0, "password": null, "_winner": "p0y053d5d1", "_our_name": "p0y053d5d1"}