{"id": "battle-gen9randombattle-2687", "formatid": "gen9randombattle", "format": "[Gen 9] Random Battle", "players": ["p0x2687464c", "p0y26873743"], "log": "|init|battle\n|title|p0x2687464c vs. p0y26873743\n|j|\u2606p0x2687464c\n|j|\u2606p0y26873743\n|t:|1783570005\n|gametype|singles\n|player|p1|p0x2687464c|265|\n|player|p2|p0y26873743|266|\n|gen|9\n|tier|[Gen 9] Random Battle\n|rule|Species Clause: Limit one of each Pok\u00e9mon\n|rule|HP Percentage Mod: HP is shown in percentages\n|rule|Sleep Clause Mod: Limit one foe put to sleep\n|rule|Illusion Level Mod: Illusion disguises the Pok\u00e9mon's true level\n|\n|t:|1783570005\n|teamsize|p1|6\n|teamsize|p2|6\n|start\n|switch|p1a: Lilligant|Lilligant-Hisui, L79, F|240/240\n|switch|p2a: Ursaluna|Ursaluna-Bloodmoon, L79, M|100/100\n|turn|1\n|inactive|Battle timer is ON: inactive players will automatically lose when time's up. (requested by p0y26873743)\n|inactive|Time left: 300 sec this turn | 300 sec total | 60 sec grace\n|inactive|p0x2687464c also wants the timer to be on.\n|\n|t:|1783570007\n|move|p1a: Lilligant|Close Combat|p2a: Ursaluna\n|-supereffective|p2a: Ursaluna\n|-damage|p2a: Ursaluna|0 fnt\n|-unboost|p1a: Lilligant|def|1\n|-unboost|p1a: Lilligant|spd|1\n|faint|p2a: Ursaluna\n|\n|upkeep\n|\n|t:|1783570008\n|switch|p2a: Flutter Mane|Flutter Mane, L74|100/100\n|turn|2\n|inactive|Time left: 300 sec this turn | 300 sec total\n|\n|t:|1783570009\n|switch|p1a: Incineroar|Incineroar, L82, F|290/290\n|-ability|p1a: Incineroar|Intimidate|boost\n|-unboost|p2a: Flutter Mane|atk|1\n|move|p2a: Flutter Mane|Moonblast|p1a: Incineroar\n|-damage|p1a: Incineroar|191/290\n|\n|upkeep\n|turn|3\n|inactive|Time left: 300 sec this turn | 300 sec total\n|\n|t:|1783570010\n|-terastallize|p2a: Flutter Mane|Fairy\n|move|p2a: Flutter Mane|Moonblast|p1a: Incineroar\n|-damage|p1a: Incineroar|55/290\n|-unboost|p1a: Incineroar|spa|1\n|move|p1a: Incineroar|Knock Off|p2a: Flutter Mane\n|-resisted|p2a: Flutter Mane\n|-damage|p2a: Flutter Mane|56/100\n|-enditem|p2a: Flutter Mane|Choice Specs|[from] move: Knock Off|[of] p1a: Incineroar\n|\n|upkeep\n|turn|4\n|inactive|Time left: 300 sec this turn | 300 sec total\n|\n|t:|1783570011\n|move|p2a: Flutter Mane|Moonblast|p1a: Incineroar\n|-damage|p1a: Incineroar|0 fnt\n|faint|p1a: Incineroar\n|\n|upkeep\n|inactive|Time left: 300 sec this turn | 300 sec total | 5 sec grace\n|\n|t:|1783570012\n|switch|p1a: Rhyperior|Rhyperior, L82, M|323/323\n|turn|5\n|inactive|Time left: 300 sec this turn | 300 sec total\n|\n|t:|1783570013\n|move|p2a: Flutter Mane|Moonblast|p1a: Rhyperior\n|-crit|p1a: Rhyperior\n|-damage|p1a: Rhyperior|35/323\n|move|p1a: Rhyperior|Earthquake|p2a: Flutter Mane\n|-damage|p2a: Flutter Mane|0 fnt\n|faint|p2a: Flutter Mane\n|-end|p2a: Flutter Mane|Protosynthesis|[silent]\n|\n|upkeep\n|\n|t:|1783570014\n|switch|p2a: Brambleghast|Brambleghast, L88, F|100/100\n|turn|6\n|inactive|Time left: 300 sec this turn | 300 sec total\n|\n|t:|1783570015\n|move|p2a: Brambleghast|Poltergeist|p1a: Rhyperior\n|-activate|p1a: Rhyperior|move: Poltergeist|Choice Band\n|-damage|p1a: Rhyperior|0 fnt\n|faint|p1a: Rhyperior\n|\n|upkeep\n|inactive|Time left: 300 sec this turn | 300 sec total | 5 sec grace\n|\n|t:|1783570016\n|switch|p1a: Lilligant|Lilligant-Hisui, L79, F|240/240\n|turn|7\n|inactive|Time left: 300 sec this turn | 300 sec total\n|\n|t:|1783570016\n|move|p1a: Lilligant|Victory Dance|p1a: Lilligant\n|-boost|p1a: Lilligant|atk|1\n|-boost|p1a: Lilligant|def|1\n|-boost|p1a: Lilligant|spe|1\n|move|p2a: Brambleghast|Poltergeist|p1a: Lilligant\n|-activate|p1a: Lilligant|move: Poltergeist|Wide Lens\n|-damage|p1a: Lilligant|120/240\n|\n|upkeep\n|turn|8\n|inactive|Time left: 300 sec this turn | 300 sec total\n|\n|t:|1783570017\n|switch|p2a: Toxapex|Toxapex, L82, F|100/100\n|move|p1a: Lilligant|Ice Spinner|p2a: Toxapex\n|-resisted|p2a: Toxapex\n|-damage|p2a: Toxapex|84/100\n|-damage|p1a: Lilligant|80/240|[from] item: Rocky Helmet|[of] p2a: Toxapex\n|\n|upkeep\n|turn|9\n|inactive|Time left: 300 sec this turn | 300 sec total\n|\n|t:|1783570018\n|move|p1a: Lilligant|Leaf Blade|p2a: Toxapex\n|-damage|p2a: Toxapex|21/100\n|-damage|p1a: Lilligant|40/240|[from] item: Rocky Helmet|[of] p2a: Toxapex\n|move|p2a: Toxapex|Toxic|p1a: Lilligant\n|-status|p1a: Lilligant|tox\n|\n|-damage|p1a: Lilligant|25/240 tox|[from] psn\n|upkeep\n|turn|10\n|inactive|Time left: 300 sec this turn | 300 sec total\n|\n|t:|1783570019\n|move|p1a: Lilligant|Leaf Blade|p2a: Toxapex\n|-damage|p2a: Toxapex|0 fnt\n|-damage|p1a: Lilligant|0 fnt|[from] item: Rocky Helmet|[of] p2a: Toxapex\n|faint|p2a: Toxapex\n|faint|p1a: Lilligant\n|\n|upkeep\n|inactive|Time left: 300 sec this turn | 300 sec total | 5 sec grace\n|\n|t:|1783570020\n|switch|p1a: Forretress|Forretress, L84, F|263/263\n|switch|p2a: Morpeko|Morpeko, L88, M|100/100\n|turn|11\n|inactive|Time left: 300 sec this turn | 300 sec total\n|\n|t:|1783570021\n|move|p2a: Morpeko|Aura Wheel|p1a: Forretress\n|-damage|p1a: Forretress|176/263\n|-boost|p2a: Morpeko|spe|1\n|move|p1a: Forretress|Rapid Spin|p2a: Morpeko\n|-damage|p2a: Morpeko|81/100\n|-boost|p1a: Forretress|spe|1\n|\n|-heal|p2a: Morpeko|87/100|[from] item: Leftovers\n|-heal|p1a: Forretress|192/263|[from] item: Leftovers\n|-formechange|p2a: Morpeko|Morpeko-Hangry||[from] ability: Hunger Switch\n|upkeep\n|turn|12\n|inactive|Time left: 300 sec this turn | 300 sec total\n|\n|t:|1783570022\n|move|p2a: Morpeko|Aura Wheel|p1a: Forretress\n|-damage|p1a: Forretress|111/263\n|-boost|p2a: Morpeko|spe|1\n|move|p1a: Forretress|Rapid Spin|p2a: Morpeko\n|-damage|p2a: Morpeko|70/100\n|-boost|p1a: Forretress|spe|1\n|\n|-heal|p2a: Morpeko|76/100|[from] item: Leftovers\n|-heal|p1a: Forretress|127/263|[from] item: Leftovers\n|-formechange|p2a: Morpeko|Morpeko||[from] ability: Hunger Switch\n|upkeep\n|turn|13\n|inactive|Time left: 300 sec this turn | 300 sec total\n|\n|t:|1783570023\n|move|p2a: Morpeko|Aura Wheel|p1a: Forretress\n|-damage|p1a: Forretress|37/263\n|-boost|p2a: Morpeko|spe|1\n|move|p1a: Forretress|Rapid Spin|p2a: Morpeko\n|-damage|p2a: Morpeko|57/100\n|-boost|p1a: Forretress|spe|1\n|\n|-heal|p2a: Morpeko|63/100|[from] item: Leftovers\n|-heal|p1a: Forretress|53/263|[from] item: Leftovers\n|-formechange|p2a: Morpeko|Morpeko-Hangry||[from] ability: Hunger Switch\n|upkeep\n|turn|14\n|inactive|Time left: 300 sec this turn | 300 sec total\n|\n|t:|1783570024\n|move|p2a: Morpeko|Knock Off|p1a: Forretress\n|-damage|p1a: Forretress|0 fnt\n|-enditem|p1a: Forretress|Leftovers|[from] move: Knock Off|[of] p2a: Morpeko\n|faint|p1a: Forretress\n|\n|-heal|p2a: Morpeko|69/100|[from] item: Leftovers\n|-formechange|p2a: Morpeko|Morpeko||[from] ability: Hunger Switch\n|upkeep\n|inactive|Time left: 300 sec this turn | 300 sec total | 5 sec grace\n|\n|t:|1783570025\n|switch|p1a: Galvantula|Galvantula, L82, F|249/249\n|turn|15\n|inactive|Time left: 300 sec this turn | 300 sec total\n|\n|t:|1783570026\n|move|p2a: Morpeko|Knock Off|p1a: Galvantula\n|-damage|p1a: Galvantula|98/249\n|-enditem|p1a: Galvantula|Heavy-Duty Boots|[from] move: Knock Off|[of] p2a: Morpeko\n|move|p1a: Galvantula|Bug Buzz|p2a: Morpeko\n|-supereffective|p2a: Morpeko\n|-damage|p2a: Morpeko|0 fnt\n|faint|p2a: Morpeko\n|\n|upkeep\n|\n|t:|1783570027\n|switch|p2a: Pikachu|Pikachu-Partner, L93, F|100/100\n|turn|16\n|inactive|Time left: 300 sec this turn | 300 sec total\n|\n|t:|1783570028\n|-terastallize|p1a: Galvantula|Electric\n|move|p1a: Galvantula|Energy Ball|p2a: Pikachu\n|-damage|p2a: Pikachu|65/100\n|move|p2a: Pikachu|Surf|p1a: Galvantula\n|-damage|p1a: Galvantula|0 fnt\n|faint|p1a: Galvantula\n|\n|upkeep\n|inactive|Time left: 300 sec this turn | 300 sec total | 5 sec grace\n|\n|t:|1783570029\n|switch|p1a: Pelipper|Pelipper, L86, F|243/243\n|-weather|RainDance|[from] ability: Drizzle|[of] p1a: Pelipper\n|turn|17\n|inactive|Time left: 300 sec this turn | 300 sec total\n|\n|t:|1783570030\n|move|p2a: Pikachu|Volt Tackle|p1a: Pelipper\n|-supereffective|p1a: Pelipper\n|-damage|p1a: Pelipper|0 fnt\n|faint|p1a: Pelipper\n|-damage|p2a: Pikachu|28/100|[from] Recoil\n|\n|win|p0y26873743", "uploadtime": 1783570030, "views": 0, "rating": 0, "private": 0, "password": null, "_winner": "p0y26873743", "_our_name": "p0x2687464c"}