{"id": "battle-gen9randombattle-2390", "formatid": "gen9randombattle", "format": "[Gen 9] Random Battle", "players": ["p0x2390c9c4", "p0y239095ed"], "log": "|init|battle\n|title|p0x2390c9c4 vs. p0y239095ed\n|j|\u2606p0x2390c9c4\n|j|\u2606p0y239095ed\n|t:|1783566728\n|gametype|singles\n|player|p1|p0x2390c9c4|2|\n|player|p2|p0y239095ed|169|\n|gen|9\n|tier|[Gen 9] Random Battle\n|rule|Species Clause: Limit one of each Pok\u00e9mon\n|rule|HP Percentage Mod: HP is shown in percentages\n|rule|Sleep Clause Mod: Limit one foe put to sleep\n|rule|Illusion Level Mod: Illusion disguises the Pok\u00e9mon's true level\n|\n|t:|1783566728\n|teamsize|p1|6\n|teamsize|p2|6\n|start\n|switch|p1a: Tauros|Tauros-Paldea-Blaze, L81, M|100/100\n|switch|p2a: Cresselia|Cresselia, L80, F|323/323\n|turn|1\n|inactive|Battle timer is ON: inactive players will automatically lose when time's up. (requested by p0y239095ed)\n|inactive|p0x2390c9c4 also wants the timer to be on.\n|\n|t:|1783566730\n|move|p1a: Tauros|Bulk Up|p1a: Tauros\n|-boost|p1a: Tauros|atk|1\n|-boost|p1a: Tauros|def|1\n|move|p2a: Cresselia|Moonblast|p1a: Tauros\n|-damage|p1a: Tauros|75/100\n|-unboost|p1a: Tauros|spa|1\n|\n|upkeep\n|turn|2\n|inactive|Time left: 300 sec this turn | 300 sec total\n|\n|t:|1783566731\n|move|p1a: Tauros|Bulk Up|p1a: Tauros\n|-boost|p1a: Tauros|atk|1\n|-boost|p1a: Tauros|def|1\n|move|p2a: Cresselia|Calm Mind|p2a: Cresselia\n|-boost|p2a: Cresselia|spa|1\n|-boost|p2a: Cresselia|spd|1\n|\n|upkeep\n|turn|3\n|inactive|Time left: 300 sec this turn | 300 sec total\n|\n|t:|1783566732\n|move|p1a: Tauros|Raging Bull|p2a: Cresselia\n|-damage|p2a: Cresselia|160/323\n|move|p2a: Cresselia|Moonlight|p2a: Cresselia\n|-heal|p2a: Cresselia|321/323\n|\n|-heal|p2a: Cresselia|323/323|[from] item: Leftovers\n|upkeep\n|turn|4\n|inactive|Time left: 300 sec this turn | 300 sec total\n|\n|t:|1783566733\n|move|p1a: Tauros|Raging Bull|p2a: Cresselia\n|-damage|p2a: Cresselia|134/323\n|move|p2a: Cresselia|Moonblast|p1a: Tauros\n|-damage|p1a: Tauros|36/100\n|-unboost|p1a: Tauros|spa|1\n|-enditem|p1a: Tauros|Sitrus Berry|[eat]\n|-heal|p1a: Tauros|61/100|[from] item: Sitrus Berry\n|\n|-heal|p2a: Cresselia|154/323|[from] item: Leftovers\n|upkeep\n|turn|5\n|inactive|Time left: 300 sec this turn | 300 sec total\n|\n|t:|1783566734\n|switch|p2a: Veluza|Veluza, L85, F|292/292\n|move|p1a: Tauros|Raging Bull|p2a: Veluza\n|-resisted|p2a: Veluza\n|-damage|p2a: Veluza|175/292\n|\n|-activate|p1a: Tauros|ability: Cud Chew\n|-enditem|p1a: Tauros|Sitrus Berry|[eat]\n|-heal|p1a: Tauros|86/100|[from] item: Sitrus Berry\n|upkeep\n|turn|6\n|inactive|Time left: 300 sec this turn | 300 sec total\n|\n|t:|1783566735\n|move|p1a: Tauros|Raging Bull|p2a: Veluza\n|-resisted|p2a: Veluza\n|-damage|p2a: Veluza|60/292\n|move|p2a: Veluza|Aqua Cutter|p1a: Tauros\n|-supereffective|p1a: Tauros\n|-damage|p1a: Tauros|17/100\n|\n|upkeep\n|turn|7\n|inactive|Time left: 300 sec this turn | 300 sec total\n|\n|t:|1783566736\n|switch|p2a: Clefable|Clefable, L83, M|293/293\n|move|p1a: Tauros|Raging Bull|p2a: Clefable\n|-damage|p2a: Clefable|176/293\n|\n|-heal|p2a: Clefable|194/293|[from] item: Leftovers\n|upkeep\n|turn|8\n|inactive|Time left: 300 sec this turn | 300 sec total\n|\n|t:|1783566737\n|move|p1a: Tauros|Raging Bull|p2a: Clefable\n|-damage|p2a: Clefable|77/293\n|move|p2a: Clefable|Moonblast|p1a: Tauros\n|-damage|p1a: Tauros|0 fnt\n|faint|p1a: Tauros\n|\n|-heal|p2a: Clefable|95/293|[from] item: Leftovers\n|upkeep\n|\n|t:|1783566738\n|switch|p1a: Ho-Oh|Ho-Oh, L71|100/100\n|turn|9\n|inactive|Time left: 300 sec this turn | 300 sec total\n|\n|t:|1783566739\n|switch|p2a: Cresselia|Cresselia, L80, F|154/323\n|move|p1a: Ho-Oh|Sacred Fire|p2a: Cresselia\n|-damage|p2a: Cresselia|70/323\n|\n|-heal|p2a: Cresselia|90/323|[from] item: Leftovers\n|upkeep\n|turn|10\n|inactive|Time left: 300 sec this turn | 300 sec total\n|\n|t:|1783566740\n|move|p2a: Cresselia|Moonlight|p2a: Cresselia\n|-heal|p2a: Cresselia|251/323\n|move|p1a: Ho-Oh|Brave Bird|p2a: Cresselia\n|-damage|p2a: Cresselia|142/323\n|-damage|p1a: Ho-Oh|87/100|[from] Recoil\n|\n|-heal|p2a: Cresselia|162/323|[from] item: Leftovers\n|upkeep\n|turn|11\n|inactive|Time left: 300 sec this turn | 300 sec total\n|\n|t:|1783566741\n|move|p2a: Cresselia|Moonlight|p2a: Cresselia\n|-heal|p2a: Cresselia|323/323\n|move|p1a: Ho-Oh|Sacred Fire|p2a: Cresselia\n|-damage|p2a: Cresselia|241/323\n|-status|p2a: Cresselia|brn\n|\n|-heal|p2a: Cresselia|261/323 brn|[from] item: Leftovers\n|-damage|p2a: Cresselia|241/323 brn|[from] brn\n|upkeep\n|turn|12\n|inactive|Time left: 300 sec this turn | 300 sec total\n|\n|t:|1783566742\n|move|p2a: Cresselia|Calm Mind|p2a: Cresselia\n|-boost|p2a: Cresselia|spa|1\n|-boost|p2a: Cresselia|spd|1\n|move|p1a: Ho-Oh|Brave Bird|p2a: Cresselia\n|-damage|p2a: Cresselia|130/323 brn\n|-damage|p1a: Ho-Oh|73/100|[from] Recoil\n|\n|-heal|p2a: Cresselia|150/323 brn|[from] item: Leftovers\n|-damage|p2a: Cresselia|130/323 brn|[from] brn\n|upkeep\n|turn|13\n|inactive|Time left: 300 sec this turn | 300 sec total\n|\n|t:|1783566743\n|switch|p1a: Azumarill|Azumarill, L82, M|100/100\n|move|p2a: Cresselia|Moonlight|p2a: Cresselia\n|-heal|p2a: Cresselia|291/323 brn\n|\n|-heal|p2a: Cresselia|311/323 brn|[from] item: Leftovers\n|-damage|p2a: Cresselia|291/323 brn|[from] brn\n|upkeep\n|turn|14\n|inactive|Time left: 300 sec this turn | 300 sec total\n|\n|t:|1783566744\n|move|p2a: Cresselia|Moonblast|p1a: Azumarill\n|-damage|p1a: Azumarill|70/100\n|-unboost|p1a: Azumarill|spa|1\n|move|p1a: Azumarill|Liquidation|p2a: Cresselia\n|-damage|p2a: Cresselia|158/323 brn\n|\n|-heal|p2a: Cresselia|178/323 brn|[from] item: Leftovers\n|-damage|p2a: Cresselia|158/323 brn|[from] brn\n|upkeep\n|turn|15\n|inactive|Time left: 300 sec this turn | 300 sec total\n|\n|t:|1783566746\n|move|p2a: Cresselia|Moonlight|p2a: Cresselia\n|-heal|p2a: Cresselia|319/323 brn\n|move|p1a: Azumarill|Liquidation|p2a: Cresselia\n|-damage|p2a: Cresselia|172/323 brn\n|\n|-heal|p2a: Cresselia|192/323 brn|[from] item: Leftovers\n|-damage|p2a: Cresselia|172/323 brn|[from] brn\n|upkeep\n|turn|16\n|inactive|Time left: 300 sec this turn | 300 sec total\n|\n|t:|1783566747\n|move|p2a: Cresselia|Moonlight|p2a: Cresselia\n|-heal|p2a: Cresselia|323/323 brn\n|move|p1a: Azumarill|Liquidation|p2a: Cresselia\n|-damage|p2a: Cresselia|181/323 brn\n|\n|-heal|p2a: Cresselia|201/323 brn|[from] item: Leftovers\n|-damage|p2a: Cresselia|181/323 brn|[from] brn\n|upkeep\n|turn|17\n|inactive|Time left: 300 sec this turn | 300 sec total\n|\n|t:|1783566748\n|move|p2a: Cresselia|Moonlight|p2a: Cresselia\n|-heal|p2a: Cresselia|323/323 brn\n|move|p1a: Azumarill|Liquidation|p2a: Cresselia\n|-damage|p2a: Cresselia|178/323 brn\n|\n|-heal|p2a: Cresselia|198/323 brn|[from] item: Leftovers\n|-damage|p2a: Cresselia|178/323 brn|[from] brn\n|upkeep\n|turn|18\n|inactive|Time left: 300 sec this turn | 300 sec total\n|\n|t:|1783566749\n|move|p2a: Cresselia|Moonlight|p2a: Cresselia\n|-heal|p2a: Cresselia|323/323 brn\n|move|p1a: Azumarill|Liquidation|p2a: Cresselia\n|-damage|p2a: Cresselia|179/323 brn\n|\n|-heal|p2a: Cresselia|199/323 brn|[from] item: Leftovers\n|-damage|p2a: Cresselia|179/323 brn|[from] brn\n|upkeep\n|turn|19\n|inactive|Time left: 300 sec this turn | 300 sec total\n|\n|t:|1783566750\n|move|p2a: Cresselia|Psyshock|p1a: Azumarill\n|-damage|p1a: Azumarill|33/100\n|move|p1a: Azumarill|Liquidation|p2a: Cresselia\n|-damage|p2a: Cresselia|40/323 brn\n|-unboost|p2a: Cresselia|def|1\n|\n|-heal|p2a: Cresselia|60/323 brn|[from] item: Leftovers\n|-damage|p2a: Cresselia|40/323 brn|[from] brn\n|upkeep\n|turn|20\n|inactive|Time left: 300 sec this turn | 300 sec total\n|\n|t:|1783566751\n|switch|p1a: Leafeon|Leafeon, L88, F|100/100\n|move|p2a: Cresselia|Psyshock|p1a: Leafeon\n|-damage|p1a: Leafeon|73/100\n|\n|-heal|p1a: Leafeon|79/100|[from] item: Leftovers\n|-heal|p2a: Cresselia|60/323 brn|[from] item: Leftovers\n|-damage|p2a: Cresselia|40/323 brn|[from] brn\n|upkeep\n|turn|21\n|inactive|Time left: 300 sec this turn | 300 sec total\n|\n|t:|1783566752\n|move|p1a: Leafeon|Leaf Blade|p2a: Cresselia\n|-damage|p2a: Cresselia|0 fnt\n|faint|p2a: Cresselia\n|\n|-heal|p1a: Leafeon|85/100|[from] item: Leftovers\n|upkeep\n|inactive|Time left: 300 sec this turn | 300 sec total | 5 sec grace\n|\n|t:|1783566753\n|switch|p2a: Grimmsnarl|Grimmsnarl, L83, M|293/293\n|turn|22\n|inactive|Time left: 300 sec this turn | 300 sec total\n|\n|t:|1783566754\n|move|p2a: Grimmsnarl|Reflect|p2a: Grimmsnarl\n|-sidestart|p2: p0y239095ed|Reflect\n|move|p1a: Leafeon|Swords Dance|p1a: Leafeon\n|-boost|p1a: Leafeon|atk|2\n|\n|-heal|p1a: Leafeon|91/100|[from] item: Leftovers\n|upkeep\n|turn|23\n|inactive|Time left: 300 sec this turn | 300 sec total\n|\n|t:|1783566755\n|move|p1a: Leafeon|Leaf Blade|p2a: Grimmsnarl\n|-damage|p2a: Grimmsnarl|143/293\n|move|p2a: Grimmsnarl|Spirit Break|p1a: Leafeon\n|-damage|p1a: Leafeon|66/100\n|-unboost|p1a: Leafeon|spa|1\n|\n|-heal|p1a: Leafeon|73/100|[from] item: Leftovers\n|upkeep\n|turn|24\n|inactive|Time left: 300 sec this turn | 300 sec total\n|\n|t:|1783566756\n|switch|p2a: Reshiram|Reshiram, L76|277/277\n|-ability|p2a: Reshiram|Turboblaze\n|move|p1a: Leafeon|Leaf Blade|p2a: Reshiram\n|-resisted|p2a: Reshiram\n|-damage|p2a: Reshiram|247/277\n|\n|-heal|p1a: Leafeon|79/100|[from] item: Leftovers\n|upkeep\n|turn|25\n|inactive|Time left: 300 sec this turn | 300 sec total\n|\n|t:|1783566757\n|move|p1a: Leafeon|Substitute|p1a: Leafeon\n|-start|p1a: Leafeon|Substitute\n|-damage|p1a: Leafeon|54/100\n|move|p2a: Reshiram|Blue Flare|p1a: Leafeon\n|-supereffective|p1a: Leafeon\n|-end|p1a: Leafeon|Substitute\n|\n|-heal|p1a: Leafeon|60/100|[from] item: Leftovers\n|upkeep\n|turn|26\n|inactive|Time left: 300 sec this turn | 300 sec total\n|\n|t:|1783566758\n|move|p1a: Leafeon|Substitute|p1a: Leafeon\n|-start|p1a: Leafeon|Substitute\n|-damage|p1a: Leafeon|35/100\n|move|p2a: Reshiram|Blue Flare|p1a: Leafeon\n|-supereffective|p1a: Leafeon\n|-end|p1a: Leafeon|Substitute\n|\n|-heal|p1a: Leafeon|42/100|[from] item: Leftovers\n|upkeep\n|turn|27\n|inactive|Time left: 300 sec this turn | 300 sec total\n|\n|t:|1783566759\n|move|p1a: Leafeon|Substitute|p1a: Leafeon\n|-start|p1a: Leafeon|Substitute\n|-damage|p1a: Leafeon|17/100\n|move|p2a: Reshiram|Blue Flare|p1a: Leafeon\n|-supereffective|p1a: Leafeon\n|-end|p1a: Leafeon|Substitute\n|\n|-heal|p1a: Leafeon|23/100|[from] item: Leftovers\n|upkeep\n|turn|28\n|inactive|Time left: 300 sec this turn | 300 sec total\n|\n|t:|1783566760\n|move|p1a: Leafeon|Knock Off|p2a: Reshiram\n|-damage|p2a: Reshiram|158/277\n|-enditem|p2a: Reshiram|Heavy-Duty Boots|[from] move: Knock Off|[of] p1a: Leafeon\n|move|p2a: Reshiram|Blue Flare|p1a: Leafeon\n|-supereffective|p1a: Leafeon\n|-damage|p1a: Leafeon|0 fnt\n|faint|p1a: Leafeon\n|\n|upkeep\n|\n|t:|1783566760\n|switch|p1a: Ho-Oh|Ho-Oh, L71|100/100\n|turn|29\n|inactive|Time left: 300 sec this turn | 300 sec total\n|\n|t:|1783566761\n|move|p2a: Reshiram|Blue Flare|p1a: Ho-Oh\n|-resisted|p1a: Ho-Oh\n|-damage|p1a: Ho-Oh|76/100\n|move|p1a: Ho-Oh|Brave Bird|p2a: Reshiram\n|-damage|p2a: Reshiram|97/277\n|-damage|p1a: Ho-Oh|69/100|[from] Recoil\n|\n|-sideend|p2: p0y239095ed|Reflect\n|upkeep\n|turn|30\n|inactive|Time left: 300 sec this turn | 300 sec total\n|\n|t:|1783566762\n|move|p2a: Reshiram|Blue Flare|p1a: Ho-Oh\n|-resisted|p1a: Ho-Oh\n|-damage|p1a: Ho-Oh|45/100\n|move|p1a: Ho-Oh|Brave Bird|p2a: Reshiram\n|-damage|p2a: Reshiram|0 fnt\n|faint|p2a: Reshiram\n|-damage|p1a: Ho-Oh|33/100|[from] Recoil\n|\n|upkeep\n|inactive|Time left: 300 sec this turn | 300 sec total | 5 sec grace\n|\n|t:|1783566763\n|switch|p2a: Swanna|Swanna, L89, M|278/278\n|turn|31\n|inactive|Time left: 300 sec this turn | 300 sec total\n|\n|t:|1783566763\n|switch|p1a: Azumarill|Azumarill, L82, M|33/100\n|move|p2a: Swanna|Brave Bird|p1a: Azumarill\n|-damage|p1a: Azumarill|0 fnt\n|faint|p1a: Azumarill\n|-damage|p2a: Swanna|246/278|[from] Recoil\n|\n|upkeep\n|\n|t:|1783566764\n|switch|p1a: Crabominable|Crabominable, L90, M|100/100\n|turn|32\n|inactive|Time left: 300 sec this turn | 300 sec total\n|\n|t:|1783566765\n|move|p2a: Swanna|Brave Bird|p1a: Crabominable\n|-supereffective|p1a: Crabominable\n|-damage|p1a: Crabominable|18/100\n|-damage|p2a: Swanna|158/278|[from] Recoil\n|move|p1a: Crabominable|Drain Punch|p2a: Swanna\n|-resisted|p2a: Swanna\n|-damage|p2a: Swanna|27/278\n|-heal|p1a: Crabominable|38/100|[from] drain|[of] p2a: Swanna\n|\n|upkeep\n|turn|33\n|inactive|Time left: 300 sec this turn | 300 sec total\n|\n|t:|1783566766\n|move|p2a: Swanna|Hydro Pump|p1a: Crabominable\n|-damage|p1a: Crabominable|0 fnt\n|faint|p1a: Crabominable\n|\n|upkeep\n|\n|t:|1783566767\n|switch|p1a: Ho-Oh|Ho-Oh, L71|67/100\n|turn|34\n|inactive|Time left: 300 sec this turn | 300 sec total\n|\n|t:|1783566767\n|switch|p1a: Cramorant|Cramorant, L86, F|100/100\n|move|p2a: Swanna|Hydro Pump|p1a: Cramorant\n|-resisted|p1a: Cramorant\n|-damage|p1a: Cramorant|80/100\n|\n|upkeep\n|turn|35\n|inactive|Time left: 300 sec this turn | 300 sec total\n|\n|t:|1783566768\n|move|p2a: Swanna|Roost|p2a: Swanna\n|-heal|p2a: Swanna|166/278\n|-singleturn|p2a: Swanna|move: Roost\n|move|p1a: Cramorant|Brave Bird|p2a: Swanna\n|-crit|p2a: Swanna\n|-damage|p2a: Swanna|0 fnt\n|faint|p2a: Swanna\n|-damage|p1a: Cramorant|59/100|[from] Recoil\n|\n|upkeep\n|inactive|Time left: 300 sec this turn | 300 sec total | 5 sec grace\n|\n|t:|1783566769\n|switch|p2a: Grimmsnarl|Grimmsnarl, L83, M|143/293\n|turn|36\n|inactive|Time left: 300 sec this turn | 300 sec total\n|\n|t:|1783566770\n|move|p2a: Grimmsnarl|Thunder Wave|p1a: Cramorant\n|-status|p1a: Cramorant|par\n|cant|p1a: Cramorant|par\n|\n|upkeep\n|turn|37\n|inactive|Time left: 300 sec this turn | 300 sec total\n|\n|t:|1783566771\n|move|p2a: Grimmsnarl|Reflect|p2a: Grimmsnarl\n|-sidestart|p2: p0y239095ed|Reflect\n|move|p1a: Cramorant|Brave Bird|p2a: Grimmsnarl\n|-damage|p2a: Grimmsnarl|63/293\n|-damage|p1a: Cramorant|49/100 par|[from] Recoil\n|\n|upkeep\n|turn|38\n|inactive|Time left: 300 sec this turn | 300 sec total\n|\n|t:|1783566772\n|move|p2a: Grimmsnarl|Spirit Break|p1a: Cramorant\n|-damage|p1a: Cramorant|0 fnt\n|faint|p1a: Cramorant\n|\n|upkeep\n|\n|t:|1783566773\n|switch|p1a: Ho-Oh|Ho-Oh, L71|99/100\n|turn|39\n|inactive|Time left: 300 sec this turn | 300 sec total\n|\n|t:|1783566774\n|-terastallize|p1a: Ho-Oh|Ground\n|move|p2a: Grimmsnarl|Thunder Wave|p1a: Ho-Oh\n|-immune|p1a: Ho-Oh\n|move|p1a: Ho-Oh|Brave Bird|p2a: Grimmsnarl\n|-damage|p2a: Grimmsnarl|0 fnt\n|faint|p2a: Grimmsnarl\n|-damage|p1a: Ho-Oh|92/100|[from] Recoil\n|\n|upkeep\n|inactive|Time left: 300 sec this turn | 300 sec total | 5 sec grace\n|\n|t:|1783566775\n|switch|p2a: Clefable|Clefable, L83, M|95/293\n|turn|40\n|inactive|Time left: 300 sec this turn | 300 sec total\n|\n|t:|1783566776\n|move|p1a: Ho-Oh|Brave Bird|p2a: Clefable\n|-damage|p2a: Clefable|32/293\n|-damage|p1a: Ho-Oh|84/100|[from] Recoil\n|move|p2a: Clefable|Moonlight|p2a: Clefable\n|-heal|p2a: Clefable|178/293\n|\n|-heal|p2a: Clefable|196/293|[from] item: Leftovers\n|upkeep\n|turn|41\n|inactive|Time left: 300 sec this turn | 300 sec total\n|\n|t:|1783566777\n|move|p1a: Ho-Oh|Earthquake|p2a: Clefable\n|-damage|p2a: Clefable|145/293\n|move|p2a: Clefable|Calm Mind|p2a: Clefable\n|-boost|p2a: Clefable|spa|1\n|-boost|p2a: Clefable|spd|1\n|\n|-heal|p2a: Clefable|163/293|[from] item: Leftovers\n|upkeep\n|turn|42\n|inactive|Time left: 300 sec this turn | 300 sec total\n|\n|t:|1783566778\n|move|p1a: Ho-Oh|Earthquake|p2a: Clefable\n|-damage|p2a: Clefable|104/293\n|move|p2a: Clefable|Moonblast|p1a: Ho-Oh\n|-crit|p1a: Ho-Oh\n|-damage|p1a: Ho-Oh|18/100\n|-unboost|p1a: Ho-Oh|spa|1\n|\n|-heal|p2a: Clefable|122/293|[from] item: Leftovers\n|upkeep\n|turn|43\n|inactive|Time left: 300 sec this turn | 300 sec total\n|\n|t:|1783566779\n|move|p1a: Ho-Oh|Recover|p1a: Ho-Oh\n|-heal|p1a: Ho-Oh|68/100\n|move|p2a: Clefable|Moonblast|p1a: Ho-Oh\n|-damage|p1a: Ho-Oh|24/100\n|\n|-heal|p2a: Clefable|140/293|[from] item: Leftovers\n|upkeep\n|turn|44\n|inactive|Time left: 300 sec this turn | 300 sec total\n|\n|t:|1783566780\n|move|p1a: Ho-Oh|Recover|p1a: Ho-Oh\n|-heal|p1a: Ho-Oh|74/100\n|move|p2a: Clefable|Moonblast|p1a: Ho-Oh\n|-damage|p1a: Ho-Oh|33/100\n|\n|-heal|p2a: Clefable|158/293|[from] item: Leftovers\n|-sideend|p2: p0y239095ed|Reflect\n|upkeep\n|turn|45\n|inactive|Time left: 300 sec this turn | 300 sec total\n|\n|t:|1783566782\n|move|p1a: Ho-Oh|Recover|p1a: Ho-Oh\n|-heal|p1a: Ho-Oh|83/100\n|move|p2a: Clefable|Moonblast|p1a: Ho-Oh\n|-damage|p1a: Ho-Oh|43/100\n|\n|-heal|p2a: Clefable|176/293|[from] item: Leftovers\n|upkeep\n|turn|46\n|inactive|Time left: 300 sec this turn | 300 sec total\n|\n|t:|1783566783\n|move|p1a: Ho-Oh|Recover|p1a: Ho-Oh\n|-heal|p1a: Ho-Oh|93/100\n|move|p2a: Clefable|Moonblast|p1a: Ho-Oh\n|-damage|p1a: Ho-Oh|51/100\n|\n|-heal|p2a: Clefable|194/293|[from] item: Leftovers\n|upkeep\n|turn|47\n|inactive|Time left: 300 sec this turn | 300 sec total\n|\n|t:|1783566784\n|move|p1a: Ho-Oh|Recover|p1a: Ho-Oh\n|-heal|p1a: Ho-Oh|100/100\n|move|p2a: Clefable|Moonblast|p1a: Ho-Oh\n|-damage|p1a: Ho-Oh|62/100\n|\n|-heal|p2a: Clefable|212/293|[from] item: Leftovers\n|upkeep\n|turn|48\n|inactive|Time left: 300 sec this turn | 300 sec total\n|\n|t:|1783566785\n|move|p1a: Ho-Oh|Recover|p1a: Ho-Oh\n|-heal|p1a: Ho-Oh|100/100\n|move|p2a: Clefable|Moonblast|p1a: Ho-Oh\n|-damage|p1a: Ho-Oh|62/100\n|\n|-heal|p2a: Clefable|230/293|[from] item: Leftovers\n|upkeep\n|turn|49\n|inactive|Time left: 300 sec this turn | 300 sec total\n|\n|t:|1783566787\n|move|p1a: Ho-Oh|Recover|p1a: Ho-Oh\n|-heal|p1a: Ho-Oh|100/100\n|move|p2a: Clefable|Moonblast|p1a: Ho-Oh\n|-damage|p1a: Ho-Oh|61/100\n|\n|-heal|p2a: Clefable|248/293|[from] item: Leftovers\n|upkeep\n|turn|50\n|inactive|Time left: 300 sec this turn | 300 sec total\n|\n|t:|1783566788\n|move|p1a: Ho-Oh|Sacred Fire|p2a: Clefable\n|-damage|p2a: Clefable|127/293\n|-status|p2a: Clefable|brn\n|move|p2a: Clefable|Moonblast|p1a: Ho-Oh\n|-damage|p1a: Ho-Oh|21/100\n|\n|-heal|p2a: Clefable|145/293 brn|[from] item: Leftovers\n|-damage|p2a: Clefable|127/293 brn|[from] brn\n|upkeep\n|turn|51\n|inactive|Time left: 300 sec this turn | 300 sec total\n|\n|t:|1783566789\n|move|p1a: Ho-Oh|Brave Bird|p2a: Clefable\n|-damage|p2a: Clefable|0 fnt\n|faint|p2a: Clefable\n|-damage|p1a: Ho-Oh|5/100|[from] Recoil\n|\n|upkeep\n|inactive|Time left: 300 sec this turn | 300 sec total | 5 sec grace\n|\n|t:|1783566790\n|switch|p2a: Veluza|Veluza, L85, F|60/292\n|turn|52\n|inactive|Time left: 300 sec this turn | 300 sec total\n|\n|t:|1783566791\n|-terastallize|p2a: Veluza|Dark\n|move|p2a: Veluza|Aqua Jet|p1a: Ho-Oh\n|-supereffective|p1a: Ho-Oh\n|-damage|p1a: Ho-Oh|0 fnt\n|faint|p1a: Ho-Oh\n|\n|win|p0y239095ed", "uploadtime": 1783566791, "views": 0, "rating": 0, "private": 0, "password": null, "_winner": "p0y239095ed", "_our_name": "p0y239095ed"}