{"id": "battle-gen9randombattle-1123", "formatid": "gen9randombattle", "format": "[Gen 9] Random Battle", "players": ["p0x1123a9c7", "p0y1123dd54"], "log": "|init|battle\n|title|p0x1123a9c7 vs. p0y1123dd54\n|j|\u2606p0x1123a9c7\n|j|\u2606p0y1123dd54\n|t:|1783552982\n|gametype|singles\n|player|p1|p0x1123a9c7|266|\n|player|p2|p0y1123dd54|169|\n|gen|9\n|tier|[Gen 9] Random Battle\n|rule|Species Clause: Limit one of each Pok\u00e9mon\n|rule|HP Percentage Mod: HP is shown in percentages\n|rule|Sleep Clause Mod: Limit one foe put to sleep\n|rule|Illusion Level Mod: Illusion disguises the Pok\u00e9mon's true level\n|\n|t:|1783552982\n|teamsize|p1|6\n|teamsize|p2|6\n|start\n|switch|p1a: Morpeko|Morpeko, L88, M|100/100\n|switch|p2a: Gouging Fire|Gouging Fire, L74|277/277\n|turn|1\n|inactive|Battle timer is ON: inactive players will automatically lose when time's up. (requested by p0y1123dd54)\n|inactive|p0x1123a9c7 also wants the timer to be on.\n|\n|t:|1783552983\n|move|p1a: Morpeko|Parting Shot|p2a: Gouging Fire\n|-unboost|p2a: Gouging Fire|atk|1\n|-unboost|p2a: Gouging Fire|spa|1\n|\n|t:|1783552985\n|switch|p1a: Cinderace|Cinderace, L77, M|100/100|[from] Parting Shot\n|move|p2a: Gouging Fire|Outrage|p1a: Cinderace\n|-damage|p1a: Cinderace|65/100\n|\n|upkeep\n|turn|2\n|inactive|Time left: 300 sec this turn | 300 sec total\n|\n|t:|1783552986\n|switch|p1a: Gothitelle|Gothitelle, L90, F|100/100\n|move|p2a: Gouging Fire|Outrage|p1a: Gothitelle|[from] lockedmove\n|-damage|p1a: Gothitelle|75/100\n|-start|p2a: Gouging Fire|confusion|[fatigue]\n|\n|-heal|p1a: Gothitelle|81/100|[from] item: Leftovers\n|upkeep\n|turn|3\n|inactive|Time left: 300 sec this turn | 300 sec total\n|\n|t:|1783552987\n|-activate|p2a: Gouging Fire|confusion\n|-damage|p2a: Gouging Fire|262/277|[from] confusion\n|move|p1a: Gothitelle|Calm Mind|p1a: Gothitelle\n|-boost|p1a: Gothitelle|spa|1\n|-boost|p1a: Gothitelle|spd|1\n|\n|-heal|p1a: Gothitelle|88/100|[from] item: Leftovers\n|upkeep\n|turn|4\n|inactive|Time left: 300 sec this turn | 300 sec total\n|\n|t:|1783552988\n|-activate|p2a: Gouging Fire|confusion\n|-damage|p2a: Gouging Fire|246/277|[from] confusion\n|move|p1a: Gothitelle|Psychic Noise|p2a: Gouging Fire\n|-damage|p2a: Gouging Fire|93/277\n|-start|p2a: Gouging Fire|move: Heal Block\n|\n|-heal|p1a: Gothitelle|94/100|[from] item: Leftovers\n|upkeep\n|turn|5\n|inactive|Time left: 300 sec this turn | 300 sec total\n|\n|t:|1783552990\n|-end|p2a: Gouging Fire|confusion\n|move|p2a: Gouging Fire|Heat Crash|p1a: Gothitelle\n|-damage|p1a: Gothitelle|70/100\n|move|p1a: Gothitelle|Calm Mind|p1a: Gothitelle\n|-boost|p1a: Gothitelle|spa|1\n|-boost|p1a: Gothitelle|spd|1\n|\n|-heal|p1a: Gothitelle|77/100|[from] item: Leftovers\n|-end|p2a: Gouging Fire|move: Heal Block\n|upkeep\n|turn|6\n|inactive|Time left: 300 sec this turn | 300 sec total\n|\n|t:|1783552991\n|move|p2a: Gouging Fire|Outrage|p1a: Gothitelle\n|-damage|p1a: Gothitelle|53/100\n|move|p1a: Gothitelle|Psychic Noise|p2a: Gouging Fire\n|-damage|p2a: Gouging Fire|0 fnt\n|faint|p2a: Gouging Fire\n|-end|p2a: Gouging Fire|Protosynthesis|[silent]\n|\n|-heal|p1a: Gothitelle|60/100|[from] item: Leftovers\n|upkeep\n|inactive|Time left: 300 sec this turn | 300 sec total | 5 sec grace\n|\n|t:|1783552992\n|switch|p2a: Flareon|Flareon, L90, F|263/263\n|turn|7\n|inactive|Time left: 300 sec this turn | 300 sec total\n|\n|t:|1783552993\n|move|p2a: Flareon|Flare Blitz|p1a: Gothitelle\n|-damage|p1a: Gothitelle|0 fnt\n|faint|p1a: Gothitelle\n|-damage|p2a: Flareon|210/263|[from] Recoil\n|\n|-status|p2a: Flareon|tox|[from] item: Toxic Orb\n|upkeep\n|\n|t:|1783552994\n|switch|p1a: Cinderace|Cinderace, L77, M|65/100\n|turn|8\n|inactive|Time left: 300 sec this turn | 300 sec total\n|\n|t:|1783552995\n|move|p1a: Cinderace|High Jump Kick|p2a: Flareon\n|-start|p1a: Cinderace|typechange|Fighting|[from] ability: Libero\n|-damage|p2a: Flareon|0 fnt\n|faint|p2a: Flareon\n|\n|upkeep\n|inactive|Time left: 300 sec this turn | 300 sec total | 5 sec grace\n|\n|t:|1783552996\n|switch|p2a: Oinkologne|Oinkologne, L92, M|352/352\n|turn|9\n|inactive|Time left: 300 sec this turn | 300 sec total\n|\n|t:|1783552997\n|-terastallize|p2a: Oinkologne|Ground\n|move|p1a: Cinderace|High Jump Kick|p2a: Oinkologne|[miss]\n|-miss|p1a: Cinderace|p2a: Oinkologne\n|-damage|p1a: Cinderace|15/100|[from] highjumpkick\n|move|p2a: Oinkologne|Curse|p2a: Oinkologne\n|-unboost|p2a: Oinkologne|spe|1\n|-boost|p2a: Oinkologne|atk|1\n|-boost|p2a: Oinkologne|def|1\n|\n|upkeep\n|turn|10\n|inactive|Time left: 300 sec this turn | 300 sec total\n|\n|t:|1783552998\n|move|p1a: Cinderace|High Jump Kick|p2a: Oinkologne\n|-damage|p2a: Oinkologne|211/352\n|move|p2a: Oinkologne|Body Slam|p1a: Cinderace\n|-crit|p1a: Cinderace\n|-damage|p1a: Cinderace|0 fnt\n|faint|p1a: Cinderace\n|\n|-heal|p2a: Oinkologne|233/352|[from] item: Leftovers\n|upkeep\n|\n|t:|1783552999\n|switch|p1a: Clawitzer|Clawitzer, L87, M|100/100\n|turn|11\n|inactive|Time left: 300 sec this turn | 300 sec total\n|\n|t:|1783553000\n|move|p1a: Clawitzer|Water Pulse|p2a: Oinkologne\n|-supereffective|p2a: Oinkologne\n|-damage|p2a: Oinkologne|0 fnt\n|faint|p2a: Oinkologne\n|\n|upkeep\n|inactive|Time left: 300 sec this turn | 300 sec total | 5 sec grace\n|\n|t:|1783553001\n|switch|p2a: Tatsugiri|Tatsugiri, L87, M|260/260\n|turn|12\n|inactive|Time left: 300 sec this turn | 300 sec total\n|\n|t:|1783553002\n|move|p2a: Tatsugiri|Nasty Plot|p2a: Tatsugiri\n|-boost|p2a: Tatsugiri|spa|2\n|move|p1a: Clawitzer|Dragon Pulse|p2a: Tatsugiri\n|-supereffective|p2a: Tatsugiri\n|-damage|p2a: Tatsugiri|42/260\n|\n|upkeep\n|turn|13\n|inactive|Time left: 300 sec this turn | 300 sec total\n|\n|t:|1783553003\n|move|p2a: Tatsugiri|Draco Meteor|p1a: Clawitzer\n|-crit|p1a: Clawitzer\n|-damage|p1a: Clawitzer|0 fnt\n|-unboost|p2a: Tatsugiri|spa|2\n|faint|p1a: Clawitzer\n|\n|upkeep\n|\n|t:|1783553004\n|switch|p1a: Morpeko|Morpeko, L88, M|100/100\n|turn|14\n|inactive|Time left: 300 sec this turn | 300 sec total\n|\n|t:|1783553005\n|switch|p2a: Registeel|Registeel, L81|262/262\n|move|p1a: Morpeko|Aura Wheel|p2a: Registeel\n|-damage|p2a: Registeel|177/262\n|-boost|p1a: Morpeko|spe|1\n|\n|-formechange|p1a: Morpeko|Morpeko-Hangry||[from] ability: Hunger Switch\n|upkeep\n|turn|15\n|inactive|Time left: 300 sec this turn | 300 sec total\n|\n|t:|1783553006\n|move|p1a: Morpeko|Aura Wheel|p2a: Registeel\n|-damage|p2a: Registeel|98/262\n|-boost|p1a: Morpeko|spe|1\n|move|p2a: Registeel|Iron Defense|p2a: Registeel\n|-boost|p2a: Registeel|def|2\n|\n|-formechange|p1a: Morpeko|Morpeko||[from] ability: Hunger Switch\n|upkeep\n|turn|16\n|inactive|Time left: 300 sec this turn | 300 sec total\n|\n|t:|1783553007\n|-terastallize|p1a: Morpeko|Electric\n|move|p1a: Morpeko|Aura Wheel|p2a: Registeel\n|-damage|p2a: Registeel|42/262\n|-boost|p1a: Morpeko|spe|1\n|move|p2a: Registeel|Rest|p2a: Registeel\n|-status|p2a: Registeel|slp|[from] move: Rest\n|-heal|p2a: Registeel|262/262 slp|[silent]\n|-enditem|p2a: Registeel|Chesto Berry|[eat]\n|-curestatus|p2a: Registeel|slp|[msg]\n|\n|upkeep\n|turn|17\n|inactive|Time left: 300 sec this turn | 300 sec total\n|\n|t:|1783553008\n|move|p1a: Morpeko|Protect|p1a: Morpeko\n|-singleturn|p1a: Morpeko|Protect\n|move|p2a: Registeel|Iron Defense|p2a: Registeel\n|-boost|p2a: Registeel|def|2\n|\n|upkeep\n|turn|18\n|inactive|Time left: 300 sec this turn | 300 sec total\n|\n|t:|1783553009\n|move|p1a: Morpeko|Protect|p1a: Morpeko\n|-singleturn|p1a: Morpeko|Protect\n|move|p2a: Registeel|Body Press|p1a: Morpeko\n|-activate|p1a: Morpeko|move: Protect\n|\n|upkeep\n|turn|19\n|inactive|Time left: 300 sec this turn | 300 sec total\n|\n|t:|1783553010\n|switch|p1a: Wigglytuff|Wigglytuff, L96, F|100/100\n|move|p2a: Registeel|Body Press|p1a: Wigglytuff\n|-damage|p1a: Wigglytuff|26/100\n|\n|-heal|p1a: Wigglytuff|32/100|[from] item: Leftovers\n|upkeep\n|turn|20\n|inactive|Time left: 300 sec this turn | 300 sec total\n|\n|t:|1783553011\n|move|p1a: Wigglytuff|Fire Blast|p2a: Registeel\n|-supereffective|p2a: Registeel\n|-damage|p2a: Registeel|136/262\n|move|p2a: Registeel|Body Press|p1a: Wigglytuff\n|-damage|p1a: Wigglytuff|0 fnt\n|faint|p1a: Wigglytuff\n|\n|upkeep\n|\n|t:|1783553012\n|switch|p1a: Raikou|Raikou, L81|100/100\n|-ability|p1a: Raikou|Pressure\n|turn|21\n|inactive|Time left: 300 sec this turn | 300 sec total\n|\n|t:|1783553013\n|move|p1a: Raikou|Thunderbolt|p2a: Registeel\n|-damage|p2a: Registeel|37/262\n|move|p2a: Registeel|Body Press|p1a: Raikou\n|-damage|p1a: Raikou|4/100\n|\n|upkeep\n|turn|22\n|inactive|Time left: 300 sec this turn | 300 sec total\n|\n|t:|1783553014\n|move|p1a: Raikou|Thunderbolt|p2a: Registeel\n|-damage|p2a: Registeel|0 fnt\n|faint|p2a: Registeel\n|\n|upkeep\n|inactive|Time left: 300 sec this turn | 300 sec total | 5 sec grace\n|\n|t:|1783553015\n|switch|p2a: Ursaring|Ursaring, L84, M|288/288\n|turn|23\n|inactive|Time left: 300 sec this turn | 300 sec total\n|\n|t:|1783553016\n|move|p1a: Raikou|Thunderbolt|p2a: Ursaring\n|-damage|p2a: Ursaring|128/288\n|move|p2a: Ursaring|Crunch|p1a: Raikou\n|-damage|p1a: Raikou|0 fnt\n|faint|p1a: Raikou\n|\n|-status|p2a: Ursaring|tox|[from] item: Toxic Orb\n|upkeep\n|\n|t:|1783553017\n|switch|p1a: Morpeko|Morpeko, L88, M, tera:Electric|100/100\n|turn|24\n|inactive|Time left: 300 sec this turn | 300 sec total\n|\n|t:|1783553018\n|move|p1a: Morpeko|Aura Wheel|p2a: Ursaring\n|-crit|p2a: Ursaring\n|-damage|p2a: Ursaring|0 fnt\n|-boost|p1a: Morpeko|spe|1\n|faint|p2a: Ursaring\n|\n|upkeep\n|inactive|Time left: 300 sec this turn | 300 sec total | 5 sec grace\n|\n|t:|1783553019\n|switch|p2a: Tatsugiri|Tatsugiri, L87, M|42/260\n|turn|25\n|inactive|Time left: 300 sec this turn | 300 sec total\n|\n|t:|1783553020\n|move|p1a: Morpeko|Aura Wheel|p2a: Tatsugiri\n|-damage|p2a: Tatsugiri|0 fnt\n|-boost|p1a: Morpeko|spe|1\n|faint|p2a: Tatsugiri\n|\n|win|p0x1123a9c7", "uploadtime": 1783553020, "views": 0, "rating": 0, "private": 0, "password": null, "_winner": "p0x1123a9c7", "_our_name": "p0y1123dd54"}