{"id": "battle-gen9randombattle-1768", "formatid": "gen9randombattle", "format": "[Gen 9] Random Battle", "players": ["p0x176822d2", "p0y1768728d"], "log": "|init|battle\n|title|p0x176822d2 vs. p0y1768728d\n|j|\u2606p0x176822d2\n|j|\u2606p0y1768728d\n|t:|1783559734\n|gametype|singles\n|player|p1|p0x176822d2|266|\n|player|p2|p0y1768728d|102|\n|gen|9\n|tier|[Gen 9] Random Battle\n|rule|Species Clause: Limit one of each Pok\u00e9mon\n|rule|HP Percentage Mod: HP is shown in percentages\n|rule|Sleep Clause Mod: Limit one foe put to sleep\n|rule|Illusion Level Mod: Illusion disguises the Pok\u00e9mon's true level\n|\n|t:|1783559734\n|teamsize|p1|6\n|teamsize|p2|6\n|start\n|switch|p1a: Articuno|Articuno, L86|100/100\n|switch|p2a: Seviper|Seviper, L93, M|287/287\n|-ability|p1a: Articuno|Pressure\n|turn|1\n|inactive|Battle timer is ON: inactive players will automatically lose when time's up. (requested by p0y1768728d)\n|inactive|p0x176822d2 also wants the timer to be on.\n|\n|t:|1783559736\n|move|p1a: Articuno|Brave Bird|p2a: Seviper\n|-damage|p2a: Seviper|145/287\n|-damage|p1a: Articuno|85/100|[from] Recoil\n|move|p2a: Seviper|Gunk Shot|p1a: Articuno\n|-damage|p1a: Articuno|35/100\n|\n|-heal|p2a: Seviper|162/287|[from] item: Leftovers\n|upkeep\n|turn|2\n|inactive|Time left: 300 sec this turn | 300 sec total\n|\n|t:|1783559737\n|move|p1a: Articuno|Freeze-Dry|p2a: Seviper\n|-damage|p2a: Seviper|72/287\n|move|p2a: Seviper|Gunk Shot|p1a: Articuno|[miss]\n|-miss|p2a: Seviper|p1a: Articuno\n|\n|-heal|p2a: Seviper|89/287|[from] item: Leftovers\n|upkeep\n|turn|3\n|inactive|Time left: 300 sec this turn | 300 sec total\n|\n|t:|1783559738\n|switch|p2a: Bisharp|Bisharp, L79, M|232/232\n|move|p1a: Articuno|Brave Bird|p2a: Bisharp\n|-resisted|p2a: Bisharp\n|-damage|p2a: Bisharp|194/232\n|-damage|p1a: Articuno|31/100|[from] Recoil\n|\n|upkeep\n|turn|4\n|inactive|Time left: 300 sec this turn | 300 sec total\n|\n|t:|1783559739\n|move|p1a: Articuno|Roost|p1a: Articuno\n|-heal|p1a: Articuno|81/100\n|-singleturn|p1a: Articuno|move: Roost\n|move|p2a: Bisharp|Swords Dance|p2a: Bisharp\n|-boost|p2a: Bisharp|atk|2\n|\n|upkeep\n|turn|5\n|inactive|Time left: 300 sec this turn | 300 sec total\n|\n|t:|1783559740\n|move|p1a: Articuno|Haze|p1a: Articuno\n|-clearallboost\n|move|p2a: Bisharp|Iron Head|p1a: Articuno\n|-supereffective|p1a: Articuno\n|-damage|p1a: Articuno|26/100\n|\n|upkeep\n|turn|6\n|inactive|Time left: 300 sec this turn | 300 sec total\n|\n|t:|1783559741\n|move|p1a: Articuno|Roost|p1a: Articuno\n|-heal|p1a: Articuno|76/100\n|-singleturn|p1a: Articuno|move: Roost\n|move|p2a: Bisharp|Swords Dance|p2a: Bisharp\n|-boost|p2a: Bisharp|atk|2\n|\n|upkeep\n|turn|7\n|inactive|Time left: 300 sec this turn | 300 sec total\n|\n|t:|1783559742\n|move|p1a: Articuno|Haze|p1a: Articuno\n|-clearallboost\n|move|p2a: Bisharp|Iron Head|p1a: Articuno\n|-supereffective|p1a: Articuno\n|-damage|p1a: Articuno|24/100\n|\n|upkeep\n|turn|8\n|inactive|Time left: 300 sec this turn | 300 sec total\n|\n|t:|1783559742\n|move|p1a: Articuno|Roost|p1a: Articuno\n|-heal|p1a: Articuno|74/100\n|-singleturn|p1a: Articuno|move: Roost\n|move|p2a: Bisharp|Swords Dance|p2a: Bisharp\n|-boost|p2a: Bisharp|atk|2\n|\n|upkeep\n|turn|9\n|inactive|Time left: 300 sec this turn | 300 sec total\n|\n|t:|1783559743\n|move|p1a: Articuno|Haze|p1a: Articuno\n|-clearallboost\n|move|p2a: Bisharp|Iron Head|p1a: Articuno\n|-supereffective|p1a: Articuno\n|-damage|p1a: Articuno|15/100\n|\n|upkeep\n|turn|10\n|inactive|Time left: 300 sec this turn | 300 sec total\n|\n|t:|1783559744\n|move|p1a: Articuno|Roost|p1a: Articuno\n|-heal|p1a: Articuno|65/100\n|-singleturn|p1a: Articuno|move: Roost\n|move|p2a: Bisharp|Swords Dance|p2a: Bisharp\n|-boost|p2a: Bisharp|atk|2\n|\n|upkeep\n|turn|11\n|inactive|Time left: 300 sec this turn | 300 sec total\n|\n|t:|1783559745\n|move|p1a: Articuno|Haze|p1a: Articuno\n|-clearallboost\n|move|p2a: Bisharp|Iron Head|p1a: Articuno\n|-supereffective|p1a: Articuno\n|-damage|p1a: Articuno|6/100\n|\n|upkeep\n|turn|12\n|inactive|Time left: 300 sec this turn | 300 sec total\n|\n|t:|1783559746\n|move|p1a: Articuno|Roost|p1a: Articuno\n|-heal|p1a: Articuno|56/100\n|-singleturn|p1a: Articuno|move: Roost\n|move|p2a: Bisharp|Swords Dance|p2a: Bisharp\n|-boost|p2a: Bisharp|atk|2\n|\n|upkeep\n|turn|13\n|inactive|Time left: 300 sec this turn | 300 sec total\n|\n|t:|1783559747\n|move|p1a: Articuno|Haze|p1a: Articuno\n|-clearallboost\n|move|p2a: Bisharp|Iron Head|p1a: Articuno\n|-supereffective|p1a: Articuno\n|-damage|p1a: Articuno|0 fnt\n|faint|p1a: Articuno\n|\n|upkeep\n|\n|t:|1783559747\n|switch|p1a: Walking Wake|Walking Wake, L79|100/100\n|turn|14\n|inactive|Time left: 300 sec this turn | 300 sec total\n|\n|t:|1783559748\n|switch|p2a: Salamence|Salamence, L77, M|273/273\n|move|p1a: Walking Wake|Flamethrower|p2a: Salamence\n|-resisted|p2a: Salamence\n|-damage|p2a: Salamence|224/273\n|-status|p2a: Salamence|brn\n|-damage|p1a: Walking Wake|91/100|[from] item: Life Orb\n|\n|-damage|p2a: Salamence|207/273 brn|[from] brn\n|upkeep\n|turn|15\n|inactive|Time left: 300 sec this turn | 300 sec total\n|\n|t:|1783559749\n|move|p1a: Walking Wake|Hydro Steam|p2a: Salamence\n|-resisted|p2a: Salamence\n|-damage|p2a: Salamence|141/273 brn\n|-damage|p1a: Walking Wake|81/100|[from] item: Life Orb\n|move|p2a: Salamence|Dragon Dance|p2a: Salamence\n|-boost|p2a: Salamence|atk|1\n|-boost|p2a: Salamence|spe|1\n|\n|-damage|p2a: Salamence|124/273 brn|[from] brn\n|upkeep\n|turn|16\n|inactive|Time left: 300 sec this turn | 300 sec total\n|\n|t:|1783559750\n|-end|p1a: Walking Wake|Protosynthesis|[silent]\n|switch|p1a: Solgaleo|Solgaleo, L74|100/100\n|move|p2a: Salamence|Outrage|p1a: Solgaleo\n|-resisted|p1a: Solgaleo\n|-damage|p1a: Solgaleo|85/100\n|-damage|p2a: Salamence|79/273 brn|[from] item: Rocky Helmet|[of] p1a: Solgaleo\n|\n|-damage|p2a: Salamence|62/273 brn|[from] brn\n|upkeep\n|turn|17\n|inactive|Time left: 300 sec this turn | 300 sec total\n|\n|t:|1783559751\n|move|p2a: Salamence|Outrage|p1a: Solgaleo|[from] lockedmove\n|-resisted|p1a: Solgaleo\n|-damage|p1a: Solgaleo|68/100\n|-damage|p2a: Salamence|17/273 brn|[from] item: Rocky Helmet|[of] p1a: Solgaleo\n|-start|p2a: Salamence|confusion|[fatigue]\n|move|p1a: Solgaleo|Morning Sun|p1a: Solgaleo\n|-heal|p1a: Solgaleo|100/100\n|\n|-damage|p2a: Salamence|0 fnt|[from] brn\n|faint|p2a: Salamence\n|upkeep\n|inactive|Time left: 300 sec this turn | 300 sec total | 5 sec grace\n|\n|t:|1783559752\n|switch|p2a: Krookodile|Krookodile, L79, M|280/280\n|-ability|p2a: Krookodile|Intimidate|boost\n|-fail|p1a: Solgaleo|unboost|[from] ability: Full Metal Body|[of] p1a: Solgaleo\n|turn|18\n|inactive|Time left: 300 sec this turn | 300 sec total\n|\n|t:|1783559753\n|move|p2a: Krookodile|Knock Off|p1a: Solgaleo\n|-supereffective|p1a: Solgaleo\n|-damage|p1a: Solgaleo|14/100\n|-damage|p2a: Krookodile|234/280|[from] item: Rocky Helmet|[of] p1a: Solgaleo\n|-enditem|p1a: Solgaleo|Rocky Helmet|[from] move: Knock Off|[of] p2a: Krookodile\n|-damage|p2a: Krookodile|206/280|[from] item: Life Orb\n|move|p1a: Solgaleo|Sunsteel Strike|p2a: Krookodile\n|-damage|p2a: Krookodile|83/280\n|\n|upkeep\n|turn|19\n|inactive|Time left: 300 sec this turn | 300 sec total\n|\n|t:|1783559754\n|move|p2a: Krookodile|Earthquake|p1a: Solgaleo\n|-supereffective|p1a: Solgaleo\n|-damage|p1a: Solgaleo|0 fnt\n|faint|p1a: Solgaleo\n|-damage|p2a: Krookodile|55/280|[from] item: Life Orb\n|\n|upkeep\n|\n|t:|1783559755\n|switch|p1a: Ribombee|Ribombee, L83, F|100/100\n|turn|20\n|inactive|Time left: 300 sec this turn | 300 sec total\n|\n|t:|1783559756\n|switch|p2a: Bisharp|Bisharp, L79, M|194/232\n|move|p1a: Ribombee|Bug Buzz|p2a: Bisharp\n|-damage|p2a: Bisharp|119/232\n|\n|upkeep\n|turn|21\n|inactive|Time left: 300 sec this turn | 300 sec total\n|\n|t:|1783559757\n|-terastallize|p1a: Ribombee|Ground\n|move|p1a: Ribombee|Tera Blast|p2a: Bisharp|[anim] Tera Blast Ground\n|-supereffective|p2a: Bisharp\n|-crit|p2a: Bisharp\n|-damage|p2a: Bisharp|0 fnt\n|faint|p2a: Bisharp\n|\n|upkeep\n|inactive|Time left: 300 sec this turn | 300 sec total | 5 sec grace\n|\n|t:|1783559758\n|switch|p2a: Seviper|Seviper, L93, M|89/287\n|turn|22\n|inactive|Time left: 300 sec this turn | 300 sec total\n|\n|t:|1783559759\n|-terastallize|p2a: Seviper|Grass\n|move|p1a: Ribombee|Tera Blast|p2a: Seviper|[anim] Tera Blast Ground\n|-resisted|p2a: Seviper\n|-damage|p2a: Seviper|38/287\n|move|p2a: Seviper|Trailblaze|p1a: Ribombee\n|-supereffective|p1a: Ribombee\n|-damage|p1a: Ribombee|11/100\n|-boost|p2a: Seviper|spe|1\n|\n|-heal|p2a: Seviper|55/287|[from] item: Leftovers\n|upkeep\n|turn|23\n|inactive|Time left: 300 sec this turn | 300 sec total\n|\n|t:|1783559761\n|switch|p1a: Lapras|Lapras, L87, F|100/100\n|move|p2a: Seviper|Trailblaze|p1a: Lapras\n|-supereffective|p1a: Lapras\n|-crit|p1a: Lapras\n|-damage|p1a: Lapras|27/100\n|-boost|p2a: Seviper|spe|1\n|\n|-heal|p2a: Seviper|72/287|[from] item: Leftovers\n|upkeep\n|turn|24\n|inactive|Time left: 300 sec this turn | 300 sec total\n|\n|t:|1783559762\n|move|p2a: Seviper|Trailblaze|p1a: Lapras\n|-supereffective|p1a: Lapras\n|-damage|p1a: Lapras|0 fnt\n|-boost|p2a: Seviper|spe|1\n|faint|p1a: Lapras\n|\n|-heal|p2a: Seviper|89/287|[from] item: Leftovers\n|upkeep\n|\n|t:|1783559763\n|switch|p1a: Walking Wake|Walking Wake, L79|81/100\n|turn|25\n|inactive|Time left: 300 sec this turn | 300 sec total\n|\n|t:|1783559764\n|move|p2a: Seviper|Gunk Shot|p1a: Walking Wake\n|-damage|p1a: Walking Wake|18/100\n|move|p1a: Walking Wake|Flamethrower|p2a: Seviper\n|-supereffective|p2a: Seviper\n|-damage|p2a: Seviper|0 fnt\n|faint|p2a: Seviper\n|-damage|p1a: Walking Wake|8/100|[from] item: Life Orb\n|\n|upkeep\n|inactive|Time left: 300 sec this turn | 300 sec total | 5 sec grace\n|\n|t:|1783559765\n|switch|p2a: Chimecho|Chimecho, L93, F|290/290\n|turn|26\n|inactive|Time left: 300 sec this turn | 300 sec total\n|\n|t:|1783559766\n|move|p1a: Walking Wake|Draco Meteor|p2a: Chimecho|[miss]\n|-miss|p1a: Walking Wake|p2a: Chimecho\n|move|p2a: Chimecho|Cosmic Power|p2a: Chimecho\n|-boost|p2a: Chimecho|def|1\n|-boost|p2a: Chimecho|spd|1\n|\n|upkeep\n|turn|27\n|inactive|Time left: 300 sec this turn | 300 sec total\n|\n|t:|1783559767\n|-end|p1a: Walking Wake|Protosynthesis|[silent]\n|switch|p1a: Bellibolt|Bellibolt, L84, F|100/100\n|move|p2a: Chimecho|Cosmic Power|p2a: Chimecho\n|-boost|p2a: Chimecho|def|1\n|-boost|p2a: Chimecho|spd|1\n|\n|upkeep\n|turn|28\n|inactive|Time left: 300 sec this turn | 300 sec total\n|\n|t:|1783559768\n|move|p2a: Chimecho|Cosmic Power|p2a: Chimecho\n|-boost|p2a: Chimecho|def|1\n|-boost|p2a: Chimecho|spd|1\n|move|p1a: Bellibolt|Slack Off||[still]\n|-fail|p1a: Bellibolt|heal\n|\n|upkeep\n|turn|29\n|inactive|Time left: 300 sec this turn | 300 sec total\n|\n|t:|1783559769\n|move|p2a: Chimecho|Stored Power|p1a: Bellibolt\n|-damage|p1a: Bellibolt|40/100\n|-start|p1a: Bellibolt|Charge|Stored Power|[from] ability: Electromorphosis\n|move|p1a: Bellibolt|Slack Off|p1a: Bellibolt\n|-heal|p1a: Bellibolt|90/100\n|\n|-heal|p1a: Bellibolt|97/100|[from] item: Leftovers\n|upkeep\n|turn|30\n|inactive|Time left: 300 sec this turn | 300 sec total\n|\n|t:|1783559771\n|move|p2a: Chimecho|Stored Power|p1a: Bellibolt\n|-damage|p1a: Bellibolt|40/100\n|-start|p1a: Bellibolt|Charge|Stored Power|[from] ability: Electromorphosis\n|move|p1a: Bellibolt|Slack Off|p1a: Bellibolt\n|-heal|p1a: Bellibolt|90/100\n|\n|-heal|p1a: Bellibolt|97/100|[from] item: Leftovers\n|upkeep\n|turn|31\n|inactive|Time left: 300 sec this turn | 300 sec total\n|\n|t:|1783559772\n|move|p2a: Chimecho|Stored Power|p1a: Bellibolt\n|-damage|p1a: Bellibolt|35/100\n|-start|p1a: Bellibolt|Charge|Stored Power|[from] ability: Electromorphosis\n|move|p1a: Bellibolt|Slack Off|p1a: Bellibolt\n|-heal|p1a: Bellibolt|85/100\n|\n|-heal|p1a: Bellibolt|91/100|[from] item: Leftovers\n|upkeep\n|turn|32\n|inactive|Time left: 300 sec this turn | 300 sec total\n|\n|t:|1783559773\n|move|p2a: Chimecho|Stored Power|p1a: Bellibolt\n|-damage|p1a: Bellibolt|35/100\n|-start|p1a: Bellibolt|Charge|Stored Power|[from] ability: Electromorphosis\n|move|p1a: Bellibolt|Slack Off|p1a: Bellibolt\n|-heal|p1a: Bellibolt|85/100\n|\n|-heal|p1a: Bellibolt|91/100|[from] item: Leftovers\n|upkeep\n|turn|33\n|inactive|Time left: 300 sec this turn | 300 sec total\n|\n|t:|1783559774\n|move|p2a: Chimecho|Stored Power|p1a: Bellibolt\n|-damage|p1a: Bellibolt|34/100\n|-start|p1a: Bellibolt|Charge|Stored Power|[from] ability: Electromorphosis\n|move|p1a: Bellibolt|Slack Off|p1a: Bellibolt\n|-heal|p1a: Bellibolt|84/100\n|\n|-heal|p1a: Bellibolt|90/100|[from] item: Leftovers\n|upkeep\n|turn|34\n|inactive|Time left: 300 sec this turn | 300 sec total\n|\n|t:|1783559775\n|move|p2a: Chimecho|Stored Power|p1a: Bellibolt\n|-damage|p1a: Bellibolt|35/100\n|-start|p1a: Bellibolt|Charge|Stored Power|[from] ability: Electromorphosis\n|move|p1a: Bellibolt|Slack Off|p1a: Bellibolt\n|-heal|p1a: Bellibolt|85/100\n|\n|-heal|p1a: Bellibolt|91/100|[from] item: Leftovers\n|upkeep\n|turn|35\n|inactive|Time left: 300 sec this turn | 300 sec total\n|\n|t:|1783559776\n|move|p2a: Chimecho|Stored Power|p1a: Bellibolt\n|-damage|p1a: Bellibolt|38/100\n|-start|p1a: Bellibolt|Charge|Stored Power|[from] ability: Electromorphosis\n|move|p1a: Bellibolt|Slack Off|p1a: Bellibolt\n|-heal|p1a: Bellibolt|88/100\n|\n|-heal|p1a: Bellibolt|94/100|[from] item: Leftovers\n|upkeep\n|turn|36\n|inactive|Time left: 300 sec this turn | 300 sec total\n|\n|t:|1783559778\n|move|p2a: Chimecho|Stored Power|p1a: Bellibolt\n|-damage|p1a: Bellibolt|36/100\n|-start|p1a: Bellibolt|Charge|Stored Power|[from] ability: Electromorphosis\n|move|p1a: Bellibolt|Muddy Water|p2a: Chimecho\n|-damage|p2a: Chimecho|266/290\n|-unboost|p2a: Chimecho|accuracy|1\n|\n|-heal|p2a: Chimecho|284/290|[from] item: Leftovers\n|-heal|p1a: Bellibolt|42/100|[from] item: Leftovers\n|upkeep\n|turn|37\n|inactive|Time left: 300 sec this turn | 300 sec total\n|\n|t:|1783559779\n|switch|p1a: Walking Wake|Walking Wake, L79|8/100\n|move|p2a: Chimecho|Stored Power|p1a: Walking Wake\n|-damage|p1a: Walking Wake|0 fnt\n|faint|p1a: Walking Wake\n|-end|p1a: Walking Wake|Protosynthesis|[silent]\n|\n|-heal|p2a: Chimecho|290/290|[from] item: Leftovers\n|upkeep\n|\n|t:|1783559780\n|switch|p1a: Ribombee|Ribombee, L83, F, tera:Ground|11/100\n|turn|38\n|inactive|Time left: 300 sec this turn | 300 sec total\n|\n|t:|1783559781\n|move|p1a: Ribombee|Moonblast|p2a: Chimecho\n|-damage|p2a: Chimecho|257/290\n|move|p2a: Chimecho|Stored Power|p1a: Ribombee|[miss]\n|-miss|p2a: Chimecho|p1a: Ribombee\n|\n|-heal|p2a: Chimecho|275/290|[from] item: Leftovers\n|upkeep\n|turn|39\n|inactive|Time left: 300 sec this turn | 300 sec total\n|\n|t:|1783559782\n|move|p1a: Ribombee|Moonblast|p2a: Chimecho\n|-damage|p2a: Chimecho|241/290\n|-unboost|p2a: Chimecho|spa|1\n|move|p2a: Chimecho|Stored Power|p1a: Ribombee\n|-damage|p1a: Ribombee|0 fnt\n|faint|p1a: Ribombee\n|\n|-heal|p2a: Chimecho|259/290|[from] item: Leftovers\n|upkeep\n|\n|t:|1783559783\n|switch|p1a: Bellibolt|Bellibolt, L84, F|42/100\n|turn|40\n|inactive|Time left: 300 sec this turn | 300 sec total\n|\n|t:|1783559784\n|move|p2a: Chimecho|Stored Power|p1a: Bellibolt\n|-damage|p1a: Bellibolt|3/100\n|-start|p1a: Bellibolt|Charge|Stored Power|[from] ability: Electromorphosis\n|move|p1a: Bellibolt|Muddy Water|p2a: Chimecho\n|-damage|p2a: Chimecho|235/290\n|-unboost|p2a: Chimecho|accuracy|1\n|\n|-heal|p2a: Chimecho|253/290|[from] item: Leftovers\n|-heal|p1a: Bellibolt|9/100|[from] item: Leftovers\n|upkeep\n|turn|41\n|inactive|Time left: 300 sec this turn | 300 sec total\n|\n|t:|1783559785\n|move|p2a: Chimecho|Dazzling Gleam|p1a: Bellibolt|[miss]\n|-miss|p2a: Chimecho|p1a: Bellibolt\n|move|p1a: Bellibolt|Volt Switch|p2a: Chimecho\n|-damage|p2a: Chimecho|193/290\n|-end|p1a: Bellibolt|Charge|[silent]\n|\n|-heal|p2a: Chimecho|211/290|[from] item: Leftovers\n|-heal|p1a: Bellibolt|15/100|[from] item: Leftovers\n|upkeep\n|turn|42\n|inactive|Time left: 300 sec this turn | 300 sec total\n|\n|t:|1783559786\n|move|p2a: Chimecho|Stored Power|p1a: Bellibolt\n|-damage|p1a: Bellibolt|0 fnt\n|faint|p1a: Bellibolt\n|\n|win|p0y1768728d", "uploadtime": 1783559786, "views": 0, "rating": 0, "private": 0, "password": null, "_winner": "p0y1768728d", "_our_name": "p0y1768728d"}