{"id": "battle-gen9randombattle-2017", "formatid": "gen9randombattle", "format": "[Gen 9] Random Battle", "players": ["p0x2017daee", "p0y201741e4"], "log": "|init|battle\n|title|p0x2017daee vs. p0y201741e4\n|j|\u2606p0x2017daee\n|j|\u2606p0y201741e4\n|t:|1783563357\n|gametype|singles\n|player|p1|p0x2017daee|1|\n|player|p2|p0y201741e4|102|\n|gen|9\n|tier|[Gen 9] Random Battle\n|rule|Species Clause: Limit one of each Pok\u00e9mon\n|rule|HP Percentage Mod: HP is shown in percentages\n|rule|Sleep Clause Mod: Limit one foe put to sleep\n|rule|Illusion Level Mod: Illusion disguises the Pok\u00e9mon's true level\n|\n|t:|1783563357\n|teamsize|p1|6\n|teamsize|p2|6\n|start\n|switch|p1a: Stonjourner|Stonjourner, L91, F|330/330\n|switch|p2a: Palkia|Palkia, L75|100/100\n|-ability|p2a: Palkia|Pressure\n|turn|1\n|inactive|Battle timer is ON: inactive players will automatically lose when time's up. (requested by p0x2017daee)\n|\n|t:|1783563358\n|switch|p1a: Oinkologne|Oinkologne, L92, M|352/352\n|move|p2a: Palkia|Spacial Rend|p1a: Oinkologne\n|-damage|p1a: Oinkologne|168/352\n|\n|-heal|p1a: Oinkologne|190/352|[from] item: Leftovers\n|upkeep\n|turn|2\n|inactive|Time left: 300 sec this turn | 300 sec total\n|inactive|p0y201741e4 also wants the timer to be on.\n|\n|t:|1783563360\n|move|p2a: Palkia|Spacial Rend|p1a: Oinkologne\n|-damage|p1a: Oinkologne|0 fnt\n|faint|p1a: Oinkologne\n|\n|upkeep\n|inactive|Time left: 300 sec this turn | 300 sec total | 5 sec grace\n|\n|t:|1783563361\n|switch|p1a: Scrafty|Scrafty, L83, M|244/244\n|turn|3\n|inactive|Time left: 300 sec this turn | 300 sec total\n|\n|t:|1783563362\n|move|p2a: Palkia|Spacial Rend|p1a: Scrafty\n|-damage|p1a: Scrafty|97/244\n|move|p1a: Scrafty|Knock Off|p2a: Palkia\n|-damage|p2a: Palkia|61/100\n|-enditem|p2a: Palkia|Choice Specs|[from] move: Knock Off|[of] p1a: Scrafty\n|\n|-heal|p1a: Scrafty|112/244|[from] item: Leftovers\n|upkeep\n|turn|4\n|inactive|Time left: 300 sec this turn | 300 sec total\n|\n|t:|1783563363\n|move|p2a: Palkia|Draco Meteor|p1a: Scrafty\n|-damage|p1a: Scrafty|0 fnt\n|-unboost|p2a: Palkia|spa|2\n|faint|p1a: Scrafty\n|\n|upkeep\n|inactive|Time left: 300 sec this turn | 300 sec total | 5 sec grace\n|\n|t:|1783563364\n|switch|p1a: Falinks|Falinks, L84|246/246\n|turn|5\n|inactive|Time left: 300 sec this turn | 300 sec total\n|\n|t:|1783563365\n|switch|p2a: Groudon|Groudon, L72|100/100\n|-weather|SunnyDay|[from] ability: Drought|[of] p2a: Groudon\n|move|p1a: Falinks|No Retreat|p1a: Falinks\n|-boost|p1a: Falinks|atk|1\n|-boost|p1a: Falinks|def|1\n|-boost|p1a: Falinks|spa|1\n|-boost|p1a: Falinks|spd|1\n|-boost|p1a: Falinks|spe|1\n|-start|p1a: Falinks|move: No Retreat\n|\n|-weather|SunnyDay|[upkeep]\n|upkeep\n|turn|6\n|inactive|Time left: 300 sec this turn | 300 sec total\n|\n|t:|1783563366\n|move|p1a: Falinks|Knock Off|p2a: Groudon\n|-damage|p2a: Groudon|61/100\n|-enditem|p2a: Groudon|Leftovers|[from] move: Knock Off|[of] p1a: Falinks\n|-damage|p1a: Falinks|222/246|[from] item: Life Orb\n|move|p2a: Groudon|Thunder Wave|p1a: Falinks\n|-status|p1a: Falinks|par\n|\n|-weather|SunnyDay|[upkeep]\n|upkeep\n|turn|7\n|inactive|Time left: 300 sec this turn | 300 sec total\n|\n|t:|1783563367\n|move|p2a: Groudon|Heat Crash|p1a: Falinks\n|-damage|p1a: Falinks|141/246 par\n|move|p1a: Falinks|Close Combat|p2a: Groudon\n|-damage|p2a: Groudon|0 fnt\n|-unboost|p1a: Falinks|def|1\n|-unboost|p1a: Falinks|spd|1\n|faint|p2a: Groudon\n|-damage|p1a: Falinks|117/246 par|[from] item: Life Orb\n|\n|-weather|SunnyDay|[upkeep]\n|upkeep\n|\n|t:|1783563368\n|switch|p2a: Slaking|Slaking, L84, F|100/100\n|turn|8\n|inactive|Time left: 300 sec this turn | 300 sec total\n|\n|t:|1783563369\n|move|p2a: Slaking|Earthquake|p1a: Falinks\n|-damage|p1a: Falinks|0 fnt\n|faint|p1a: Falinks\n|\n|-weather|SunnyDay|[upkeep]\n|upkeep\n|inactive|Time left: 300 sec this turn | 300 sec total | 5 sec grace\n|\n|t:|1783563370\n|switch|p1a: Entei|Entei, L78|307/307\n|turn|9\n|inactive|Time left: 300 sec this turn | 300 sec total\n|\n|t:|1783563371\n|switch|p2a: Palkia|Palkia, L75|61/100\n|-ability|p2a: Palkia|Pressure\n|move|p1a: Entei|Sacred Fire|p2a: Palkia\n|-resisted|p2a: Palkia\n|-damage|p2a: Palkia|37/100\n|-status|p2a: Palkia|brn\n|\n|-weather|none\n|-damage|p2a: Palkia|31/100 brn|[from] brn\n|upkeep\n|turn|10\n|inactive|Time left: 300 sec this turn | 300 sec total\n|\n|t:|1783563372\n|move|p1a: Entei|Sacred Fire|p2a: Palkia\n|-resisted|p2a: Palkia\n|-damage|p2a: Palkia|16/100 brn\n|move|p2a: Palkia|Hydro Pump|p1a: Entei\n|-supereffective|p1a: Entei\n|-damage|p1a: Entei|0 fnt\n|faint|p1a: Entei\n|\n|-damage|p2a: Palkia|10/100 brn|[from] brn\n|upkeep\n|inactive|Time left: 300 sec this turn | 300 sec total | 5 sec grace\n|\n|t:|1783563373\n|switch|p1a: Rotom|Rotom-Fan, L86|226/226\n|turn|11\n|inactive|Time left: 300 sec this turn | 300 sec total\n|\n|t:|1783563374\n|switch|p2a: Slaking|Slaking, L84, F|100/100\n|move|p1a: Rotom|Thunderbolt|p2a: Slaking\n|-crit|p2a: Slaking\n|-damage|p2a: Slaking|51/100\n|\n|upkeep\n|turn|12\n|inactive|Time left: 300 sec this turn | 300 sec total\n|\n|t:|1783563375\n|switch|p1a: Stonjourner|Stonjourner, L91, F|330/330\n|move|p2a: Slaking|Giga Impact|p1a: Stonjourner\n|-resisted|p1a: Stonjourner\n|-damage|p1a: Stonjourner|220/330\n|-mustrecharge|p2a: Slaking\n|\n|upkeep\n|turn|13\n|inactive|Time left: 300 sec this turn | 300 sec total\n|\n|t:|1783563376\n|cant|p2a: Slaking|recharge\n|move|p1a: Stonjourner|Stealth Rock|p2a: Slaking\n|-sidestart|p2: p0y201741e4|move: Stealth Rock\n|\n|upkeep\n|turn|14\n|inactive|Time left: 300 sec this turn | 300 sec total\n|\n|t:|1783563377\n|move|p2a: Slaking|Giga Impact|p1a: Stonjourner\n|-resisted|p1a: Stonjourner\n|-crit|p1a: Stonjourner\n|-damage|p1a: Stonjourner|52/330\n|-mustrecharge|p2a: Slaking\n|move|p1a: Stonjourner|Stone Edge|p2a: Slaking\n|-damage|p2a: Slaking|7/100\n|-damage|p1a: Stonjourner|19/330|[from] item: Life Orb\n|\n|upkeep\n|turn|15\n|inactive|Time left: 300 sec this turn | 300 sec total\n|\n|t:|1783563379\n|cant|p2a: Slaking|recharge\n|move|p1a: Stonjourner|Stone Edge|p2a: Slaking\n|-damage|p2a: Slaking|0 fnt\n|faint|p2a: Slaking\n|-damage|p1a: Stonjourner|0 fnt|[from] item: Life Orb\n|faint|p1a: Stonjourner\n|\n|upkeep\n|inactive|Time left: 300 sec this turn | 300 sec total | 5 sec grace\n|\n|t:|1783563380\n|switch|p2a: Weavile|Weavile, L79, F|100/100\n|switch|p1a: Rotom|Rotom-Fan, L86|226/226\n|turn|16\n|inactive|Time left: 300 sec this turn | 300 sec total\n|\n|t:|1783563381\n|-terastallize|p2a: Weavile|Ice\n|-terastallize|p1a: Rotom|Steel\n|move|p2a: Weavile|Triple Axel|p1a: Rotom\n|-resisted|p1a: Rotom\n|-damage|p1a: Rotom|212/226\n|-resisted|p1a: Rotom\n|-damage|p1a: Rotom|186/226\n|-resisted|p1a: Rotom\n|-damage|p1a: Rotom|150/226\n|-hitcount|p1a: Rotom|3\n|move|p1a: Rotom|Will-O-Wisp|p2a: Weavile\n|-status|p2a: Weavile|brn\n|\n|-damage|p2a: Weavile|94/100 brn|[from] brn\n|upkeep\n|turn|17\n|inactive|Time left: 300 sec this turn | 300 sec total\n|\n|t:|1783563382\n|switch|p2a: Palkia|Palkia, L75|10/100 brn\n|-damage|p2a: Palkia|0 fnt|[from] Stealth Rock\n|faint|p2a: Palkia\n|move|p1a: Rotom|Thunderbolt|p2: Palkia|[notarget]\n|-fail|p1a: Rotom\n|\n|upkeep\n|\n|t:|1783563383\n|switch|p2a: Hitmontop|Hitmontop, L88, M|100/100\n|-damage|p2a: Hitmontop|94/100|[from] Stealth Rock\n|turn|18\n|inactive|Time left: 300 sec this turn | 300 sec total\n|\n|t:|1783563384\n|move|p1a: Rotom|Air Slash|p2a: Hitmontop\n|-supereffective|p2a: Hitmontop\n|-damage|p2a: Hitmontop|36/100\n|cant|p2a: Hitmontop|flinch\n|\n|-heal|p2a: Hitmontop|42/100|[from] item: Leftovers\n|upkeep\n|turn|19\n|inactive|Time left: 300 sec this turn | 300 sec total\n|\n|t:|1783563385\n|move|p1a: Rotom|Air Slash|p2a: Hitmontop\n|-supereffective|p2a: Hitmontop\n|-damage|p2a: Hitmontop|0 fnt\n|faint|p2a: Hitmontop\n|\n|upkeep\n|\n|t:|1783563386\n|switch|p2a: Araquanid|Araquanid, L82, F|100/100\n|turn|20\n|inactive|Time left: 300 sec this turn | 300 sec total\n|\n|t:|1783563387\n|move|p1a: Rotom|Air Slash|p2a: Araquanid\n|-supereffective|p2a: Araquanid\n|-damage|p2a: Araquanid|49/100\n|move|p2a: Araquanid|Liquidation|p1a: Rotom\n|-damage|p1a: Rotom|36/226\n|\n|upkeep\n|turn|21\n|inactive|Time left: 300 sec this turn | 300 sec total\n|\n|t:|1783563388\n|move|p1a: Rotom|Volt Switch|p2a: Araquanid\n|-supereffective|p2a: Araquanid\n|-damage|p2a: Araquanid|0 fnt\n|faint|p2a: Araquanid\n|\n|upkeep\n|\n|t:|1783563389\n|switch|p2a: Weavile|Weavile, L79, F, tera:Ice|94/100 brn\n|turn|22\n|inactive|Time left: 300 sec this turn | 300 sec total\n|\n|t:|1783563390\n|move|p2a: Weavile|Knock Off|p1a: Rotom\n|-damage|p1a: Rotom|0 fnt\n|-enditem|p1a: Rotom|Heavy-Duty Boots|[from] move: Knock Off|[of] p2a: Weavile\n|faint|p1a: Rotom\n|\n|win|p0y201741e4", "uploadtime": 1783563390, "views": 0, "rating": 0, "private": 0, "password": null, "_winner": "p0y201741e4", "_our_name": "p0x2017daee"}