{"id": "battle-gen9randombattle-2354", "formatid": "gen9randombattle", "format": "[Gen 9] Random Battle", "players": ["p0x2354c8e6", "p0y2354823b"], "log": "|init|battle\n|title|p0x2354c8e6 vs. p0y2354823b\n|j|\u2606p0x2354c8e6\n|j|\u2606p0y2354823b\n|t:|1783566307\n|gametype|singles\n|player|p1|p0x2354c8e6|1|\n|player|p2|p0y2354823b|170|\n|gen|9\n|tier|[Gen 9] Random Battle\n|rule|Species Clause: Limit one of each Pok\u00e9mon\n|rule|HP Percentage Mod: HP is shown in percentages\n|rule|Sleep Clause Mod: Limit one foe put to sleep\n|rule|Illusion Level Mod: Illusion disguises the Pok\u00e9mon's true level\n|\n|t:|1783566307\n|teamsize|p1|6\n|teamsize|p2|6\n|start\n|switch|p1a: Sylveon|Sylveon, L85, M|300/300\n|switch|p2a: Tyranitar|Tyranitar, L78, F|100/100\n|-weather|Sandstorm|[from] ability: Sand Stream|[of] p2a: Tyranitar\n|turn|1\n|inactive|Battle timer is ON: inactive players will automatically lose when time's up. (requested by p0y2354823b)\n|inactive|Time left: 300 sec this turn | 300 sec total | 60 sec grace\n|inactive|p0x2354c8e6 also wants the timer to be on.\n|\n|t:|1783566308\n|move|p1a: Sylveon|Calm Mind|p1a: Sylveon\n|-boost|p1a: Sylveon|spa|1\n|-boost|p1a: Sylveon|spd|1\n|move|p2a: Tyranitar|Dragon Dance|p2a: Tyranitar\n|-boost|p2a: Tyranitar|atk|1\n|-boost|p2a: Tyranitar|spe|1\n|\n|-weather|Sandstorm|[upkeep]\n|-damage|p1a: Sylveon|282/300|[from] Sandstorm\n|-heal|p1a: Sylveon|300/300|[from] item: Leftovers\n|upkeep\n|turn|2\n|inactive|Time left: 300 sec this turn | 300 sec total\n|\n|t:|1783566309\n|move|p2a: Tyranitar|Earthquake|p1a: Sylveon\n|-damage|p1a: Sylveon|163/300\n|move|p1a: Sylveon|Calm Mind|p1a: Sylveon\n|-boost|p1a: Sylveon|spa|1\n|-boost|p1a: Sylveon|spd|1\n|\n|-weather|Sandstorm|[upkeep]\n|-damage|p1a: Sylveon|145/300|[from] Sandstorm\n|-heal|p1a: Sylveon|163/300|[from] item: Leftovers\n|upkeep\n|turn|3\n|inactive|Time left: 300 sec this turn | 300 sec total\n|\n|t:|1783566310\n|move|p2a: Tyranitar|Stone Edge|p1a: Sylveon\n|-crit|p1a: Sylveon\n|-damage|p1a: Sylveon|0 fnt\n|faint|p1a: Sylveon\n|\n|-weather|Sandstorm|[upkeep]\n|upkeep\n|inactive|Time left: 300 sec this turn | 300 sec total | 5 sec grace\n|\n|t:|1783566312\n|switch|p1a: Passimian|Passimian, L83, M|302/302\n|turn|4\n|inactive|Time left: 300 sec this turn | 300 sec total\n|\n|t:|1783566313\n|-terastallize|p2a: Tyranitar|Ghost\n|move|p2a: Tyranitar|Knock Off|p1a: Passimian\n|-resisted|p1a: Passimian\n|-damage|p1a: Passimian|209/302\n|-enditem|p1a: Passimian|Choice Band|[from] move: Knock Off|[of] p2a: Tyranitar\n|move|p1a: Passimian|Close Combat|p2a: Tyranitar\n|-immune|p2a: Tyranitar\n|\n|-weather|Sandstorm|[upkeep]\n|-damage|p2a: Tyranitar|95/100|[from] Sandstorm\n|-damage|p1a: Passimian|191/302|[from] Sandstorm\n|upkeep\n|turn|5\n|inactive|Time left: 300 sec this turn | 300 sec total\n|\n|t:|1783566314\n|move|p2a: Tyranitar|Dragon Dance|p2a: Tyranitar\n|-boost|p2a: Tyranitar|atk|1\n|-boost|p2a: Tyranitar|spe|1\n|move|p1a: Passimian|Gunk Shot|p2a: Tyranitar\n|-resisted|p2a: Tyranitar\n|-damage|p2a: Tyranitar|79/100\n|-status|p2a: Tyranitar|psn\n|\n|-weather|none\n|-damage|p2a: Tyranitar|67/100 psn|[from] psn\n|upkeep\n|turn|6\n|inactive|Time left: 300 sec this turn | 300 sec total\n|\n|t:|1783566315\n|move|p2a: Tyranitar|Earthquake|p1a: Passimian\n|-damage|p1a: Passimian|33/302\n|move|p1a: Passimian|Knock Off|p2a: Tyranitar\n|-supereffective|p2a: Tyranitar\n|-damage|p2a: Tyranitar|16/100 psn\n|-enditem|p2a: Tyranitar|Weakness Policy\n|-boost|p2a: Tyranitar|atk|2|[from] item: Weakness Policy\n|-boost|p2a: Tyranitar|spa|2|[from] item: Weakness Policy\n|\n|-damage|p2a: Tyranitar|3/100 psn|[from] psn\n|upkeep\n|turn|7\n|inactive|Time left: 300 sec this turn | 300 sec total\n|\n|t:|1783566316\n|move|p2a: Tyranitar|Stone Edge|p1a: Passimian\n|-resisted|p1a: Passimian\n|-damage|p1a: Passimian|0 fnt\n|faint|p1a: Passimian\n|\n|-damage|p2a: Tyranitar|0 fnt|[from] psn\n|faint|p2a: Tyranitar\n|upkeep\n|inactive|Time left: 300 sec this turn | 300 sec total | 5 sec grace\n|\n|t:|1783566317\n|switch|p1a: Electivire|Electivire, L84, M|263/263\n|switch|p2a: Terrakion|Terrakion, L79|100/100\n|turn|8\n|inactive|Time left: 300 sec this turn | 300 sec total\n|\n|t:|1783566318\n|move|p2a: Terrakion|Close Combat|p1a: Electivire\n|-damage|p1a: Electivire|5/263\n|-unboost|p2a: Terrakion|def|1\n|-unboost|p2a: Terrakion|spd|1\n|move|p1a: Electivire|Earthquake|p2a: Terrakion\n|-supereffective|p2a: Terrakion\n|-damage|p2a: Terrakion|0 fnt\n|faint|p2a: Terrakion\n|-damage|p1a: Electivire|0 fnt|[from] item: Life Orb\n|faint|p1a: Electivire\n|\n|upkeep\n|inactive|Time left: 300 sec this turn | 300 sec total | 5 sec grace\n|\n|t:|1783566319\n|switch|p2a: Serperior|Serperior, L79, F|100/100\n|switch|p1a: Gardevoir|Gardevoir, L83, F|249/249\n|-ability|p1a: Gardevoir|Contrary|Trace|[from] ability: Trace|[of] p2a: Serperior\n|turn|9\n|inactive|Time left: 300 sec this turn | 300 sec total\n|\n|t:|1783566320\n|move|p2a: Serperior|Synthesis|p2a: Serperior\n|-fail|p2a: Serperior|heal\n|move|p1a: Gardevoir|Moonblast|p2a: Serperior\n|-damage|p2a: Serperior|34/100\n|-damage|p1a: Gardevoir|225/249|[from] item: Life Orb\n|\n|upkeep\n|turn|10\n|inactive|Time left: 300 sec this turn | 300 sec total\n|\n|t:|1783566321\n|move|p2a: Serperior|Synthesis|p2a: Serperior\n|-heal|p2a: Serperior|84/100\n|move|p1a: Gardevoir|Mystical Fire|p2a: Serperior\n|-supereffective|p2a: Serperior\n|-damage|p2a: Serperior|18/100\n|-boost|p2a: Serperior|spa|1\n|-damage|p1a: Gardevoir|201/249|[from] item: Life Orb\n|\n|upkeep\n|turn|11\n|inactive|Time left: 300 sec this turn | 300 sec total\n|\n|t:|1783566322\n|move|p2a: Serperior|Leaf Storm|p1a: Gardevoir\n|-damage|p1a: Gardevoir|49/249\n|-boost|p2a: Serperior|spa|2\n|-damage|p2a: Serperior|8/100|[from] item: Life Orb\n|move|p1a: Gardevoir|Psyshock|p2a: Serperior\n|-damage|p2a: Serperior|0 fnt\n|faint|p2a: Serperior\n|-damage|p1a: Gardevoir|25/249|[from] item: Life Orb\n|\n|upkeep\n|\n|t:|1783566323\n|switch|p2a: Salazzle|Salazzle, L83, F|100/100\n|turn|12\n|inactive|Time left: 300 sec this turn | 300 sec total\n|\n|t:|1783566324\n|move|p2a: Salazzle|Flamethrower|p1a: Gardevoir\n|-damage|p1a: Gardevoir|0 fnt\n|faint|p1a: Gardevoir\n|\n|upkeep\n|inactive|Time left: 300 sec this turn | 300 sec total | 5 sec grace\n|\n|t:|1783566326\n|switch|p1a: Wo-Chien|Wo-Chien, L83|277/277\n|-ability|p1a: Wo-Chien|Tablets of Ruin\n|turn|13\n|inactive|Time left: 300 sec this turn | 300 sec total\n|\n|t:|1783566327\n|move|p2a: Salazzle|Flamethrower|p1a: Wo-Chien\n|-supereffective|p1a: Wo-Chien\n|-damage|p1a: Wo-Chien|127/277\n|move|p1a: Wo-Chien|Knock Off|p2a: Salazzle\n|-damage|p2a: Salazzle|51/100\n|-enditem|p2a: Salazzle|Leftovers|[from] move: Knock Off|[of] p1a: Wo-Chien\n|\n|-heal|p1a: Wo-Chien|144/277|[from] item: Leftovers\n|upkeep\n|turn|14\n|inactive|Time left: 300 sec this turn | 300 sec total\n|\n|t:|1783566328\n|move|p1a: Wo-Chien|Protect|p1a: Wo-Chien\n|-singleturn|p1a: Wo-Chien|Protect\n|move|p2a: Salazzle|Flamethrower|p1a: Wo-Chien\n|-activate|p1a: Wo-Chien|move: Protect\n|\n|-heal|p1a: Wo-Chien|161/277|[from] item: Leftovers\n|upkeep\n|turn|15\n|inactive|Time left: 300 sec this turn | 300 sec total\n|\n|t:|1783566329\n|move|p2a: Salazzle|Flamethrower|p1a: Wo-Chien\n|-supereffective|p1a: Wo-Chien\n|-damage|p1a: Wo-Chien|21/277\n|move|p1a: Wo-Chien|Leech Seed|p2a: Salazzle\n|-start|p2a: Salazzle|move: Leech Seed\n|\n|-heal|p1a: Wo-Chien|38/277|[from] item: Leftovers\n|-damage|p2a: Salazzle|39/100|[from] Leech Seed|[of] p1a: Wo-Chien\n|-heal|p1a: Wo-Chien|69/277|[silent]\n|upkeep\n|turn|16\n|inactive|Time left: 300 sec this turn | 300 sec total\n|\n|t:|1783566330\n|move|p1a: Wo-Chien|Protect|p1a: Wo-Chien\n|-singleturn|p1a: Wo-Chien|Protect\n|move|p2a: Salazzle|Flamethrower|p1a: Wo-Chien\n|-activate|p1a: Wo-Chien|move: Protect\n|\n|-heal|p1a: Wo-Chien|86/277|[from] item: Leftovers\n|-damage|p2a: Salazzle|26/100|[from] Leech Seed|[of] p1a: Wo-Chien\n|-heal|p1a: Wo-Chien|117/277|[silent]\n|upkeep\n|turn|17\n|inactive|Time left: 300 sec this turn | 300 sec total\n|\n|t:|1783566331\n|switch|p1a: Arcanine|Arcanine, L84, F|288/288\n|-ability|p1a: Arcanine|Intimidate|boost\n|-unboost|p2a: Salazzle|atk|1\n|move|p2a: Salazzle|Flamethrower|p1a: Arcanine\n|-resisted|p1a: Arcanine\n|-damage|p1a: Arcanine|232/288\n|\n|-damage|p2a: Salazzle|14/100|[from] Leech Seed|[of] p1a: Arcanine\n|-heal|p1a: Arcanine|263/288|[silent]\n|upkeep\n|turn|18\n|inactive|Time left: 300 sec this turn | 300 sec total\n|\n|t:|1783566332\n|move|p1a: Arcanine|Extreme Speed|p2a: Salazzle\n|-damage|p2a: Salazzle|0 fnt\n|faint|p2a: Salazzle\n|\n|upkeep\n|\n|t:|1783566333\n|switch|p2a: Scrafty|Scrafty, L83, M|100/100\n|-ability|p2a: Scrafty|Intimidate|boost\n|-unboost|p1a: Arcanine|atk|1\n|turn|19\n|inactive|Time left: 300 sec this turn | 300 sec total\n|\n|t:|1783566334\n|move|p1a: Arcanine|Will-O-Wisp|p2a: Scrafty\n|-status|p2a: Scrafty|brn\n|move|p2a: Scrafty|Dragon Dance|p2a: Scrafty\n|-boost|p2a: Scrafty|atk|1\n|-boost|p2a: Scrafty|spe|1\n|\n|-damage|p2a: Scrafty|94/100 brn|[from] brn\n|upkeep\n|turn|20\n|inactive|Time left: 300 sec this turn | 300 sec total\n|\n|t:|1783566335\n|switch|p1a: Wo-Chien|Wo-Chien, L83|117/277\n|-ability|p1a: Wo-Chien|Tablets of Ruin\n|move|p2a: Scrafty|Dragon Dance|p2a: Scrafty\n|-boost|p2a: Scrafty|atk|1\n|-boost|p2a: Scrafty|spe|1\n|\n|-heal|p2a: Scrafty|100/100 brn|[from] item: Leftovers\n|-heal|p1a: Wo-Chien|134/277|[from] item: Leftovers\n|-damage|p2a: Scrafty|94/100 brn|[from] brn\n|upkeep\n|turn|21\n|inactive|Time left: 300 sec this turn | 300 sec total\n|\n|t:|1783566336\n|-terastallize|p1a: Wo-Chien|Poison\n|move|p2a: Scrafty|Dragon Dance|p2a: Scrafty\n|-boost|p2a: Scrafty|atk|1\n|-boost|p2a: Scrafty|spe|1\n|move|p1a: Wo-Chien|Leech Seed|p2a: Scrafty\n|-start|p2a: Scrafty|move: Leech Seed\n|\n|-heal|p2a: Scrafty|100/100 brn|[from] item: Leftovers\n|-heal|p1a: Wo-Chien|151/277|[from] item: Leftovers\n|-damage|p2a: Scrafty|88/100 brn|[from] Leech Seed|[of] p1a: Wo-Chien\n|-heal|p1a: Wo-Chien|181/277|[silent]\n|-damage|p2a: Scrafty|82/100 brn|[from] brn\n|upkeep\n|turn|22\n|inactive|Time left: 300 sec this turn | 300 sec total\n|\n|t:|1783566337\n|move|p2a: Scrafty|Knock Off|p1a: Wo-Chien\n|-damage|p1a: Wo-Chien|99/277\n|-enditem|p1a: Wo-Chien|Leftovers|[from] move: Knock Off|[of] p2a: Scrafty\n|move|p1a: Wo-Chien|Ruination|p2a: Scrafty\n|-damage|p2a: Scrafty|41/100 brn\n|\n|-heal|p2a: Scrafty|48/100 brn|[from] item: Leftovers\n|-damage|p2a: Scrafty|35/100 brn|[from] Leech Seed|[of] p1a: Wo-Chien\n|-heal|p1a: Wo-Chien|129/277|[silent]\n|-damage|p2a: Scrafty|29/100 brn|[from] brn\n|upkeep\n|turn|23\n|inactive|Time left: 300 sec this turn | 300 sec total\n|\n|t:|1783566338\n|move|p2a: Scrafty|Drain Punch|p1a: Wo-Chien\n|-resisted|p1a: Wo-Chien\n|-damage|p1a: Wo-Chien|99/277\n|-heal|p2a: Scrafty|35/100 brn|[from] drain|[of] p1a: Wo-Chien\n|move|p1a: Wo-Chien|Ruination|p2a: Scrafty\n|-damage|p2a: Scrafty|18/100 brn\n|\n|-heal|p2a: Scrafty|24/100 brn|[from] item: Leftovers\n|-damage|p2a: Scrafty|12/100 brn|[from] Leech Seed|[of] p1a: Wo-Chien\n|-heal|p1a: Wo-Chien|129/277|[silent]\n|-damage|p2a: Scrafty|6/100 brn|[from] brn\n|upkeep\n|turn|24\n|inactive|Time left: 300 sec this turn | 300 sec total\n|\n|t:|1783566339\n|move|p2a: Scrafty|Drain Punch|p1a: Wo-Chien\n|-resisted|p1a: Wo-Chien\n|-damage|p1a: Wo-Chien|99/277\n|-heal|p2a: Scrafty|12/100 brn|[from] drain|[of] p1a: Wo-Chien\n|move|p1a: Wo-Chien|Leech Seed||[still]\n|-fail|p1a: Wo-Chien\n|\n|-heal|p2a: Scrafty|18/100 brn|[from] item: Leftovers\n|-damage|p2a: Scrafty|6/100 brn|[from] Leech Seed|[of] p1a: Wo-Chien\n|-heal|p1a: Wo-Chien|129/277|[silent]\n|-damage|p2a: Scrafty|0 fnt|[from] brn\n|faint|p2a: Scrafty\n|upkeep\n|\n|t:|1783566340\n|switch|p2a: Forretress|Forretress, L84, F|100/100\n|turn|25\n|inactive|Time left: 300 sec this turn | 300 sec total\n|\n|t:|1783566341\n|switch|p1a: Arcanine|Arcanine, L84, F|263/288\n|-ability|p1a: Arcanine|Intimidate|boost\n|-unboost|p2a: Forretress|atk|1\n|move|p2a: Forretress|Thunder Wave|p1a: Arcanine\n|-status|p1a: Arcanine|par\n|\n|upkeep\n|turn|26\n|inactive|Time left: 300 sec this turn | 300 sec total\n|\n|t:|1783566342\n|move|p2a: Forretress|Iron Head|p1a: Arcanine\n|-resisted|p1a: Arcanine\n|-damage|p1a: Arcanine|237/288 par\n|move|p1a: Arcanine|Flare Blitz|p2a: Forretress\n|-supereffective|p2a: Forretress\n|-ability|p2a: Forretress|Sturdy\n|-damage|p2a: Forretress|1/100\n|-damage|p1a: Arcanine|151/288 par|[from] Recoil\n|\n|-heal|p2a: Forretress|7/100|[from] item: Leftovers\n|upkeep\n|turn|27\n|inactive|Time left: 300 sec this turn | 300 sec total\n|\n|t:|1783566343\n|move|p1a: Arcanine|Extreme Speed|p2a: Forretress\n|-resisted|p2a: Forretress\n|-damage|p2a: Forretress|0 fnt\n|faint|p2a: Forretress\n|\n|win|p0x2354c8e6", "uploadtime": 1783566343, "views": 0, "rating": 0, "private": 0, "password": null, "_winner": "p0x2354c8e6", "_our_name": "p0x2354c8e6"}