{"id": "battle-gen9randombattle-2207", "formatid": "gen9randombattle", "format": "[Gen 9] Random Battle", "players": ["p0x2208b3e4", "p0y22083e58"], "log": "|init|battle\n|title|p0x2208b3e4 vs. p0y22083e58\n|j|\u2606p0x2208b3e4\n|j|\u2606p0y22083e58\n|t:|1783564648\n|gametype|singles\n|player|p1|p0x2208b3e4|2|\n|player|p2|p0y22083e58|2|\n|gen|9\n|tier|[Gen 9] Random Battle\n|rule|Species Clause: Limit one of each Pok\u00e9mon\n|rule|HP Percentage Mod: HP is shown in percentages\n|rule|Sleep Clause Mod: Limit one foe put to sleep\n|rule|Illusion Level Mod: Illusion disguises the Pok\u00e9mon's true level\n|\n|t:|1783564648\n|teamsize|p1|6\n|teamsize|p2|6\n|start\n|switch|p1a: Rhydon|Rhydon, L85, M|100/100\n|switch|p2a: Houndoom|Houndoom, L87, M|272/272\n|turn|1\n|inactive|Battle timer is ON: inactive players will automatically lose when time's up. (requested by p0x2208b3e4)\n|inactive|Time left: 300 sec this turn | 300 sec total | 60 sec grace\n|inactive|p0y22083e58 also wants the timer to be on.\n|\n|t:|1783564650\n|switch|p2a: Basculegion|Basculegion, L80, M|323/323\n|move|p1a: Rhydon|Earthquake|p2a: Basculegion\n|-damage|p2a: Basculegion|157/323\n|\n|upkeep\n|turn|2\n|inactive|Time left: 300 sec this turn | 300 sec total\n|\n|t:|1783564651\n|-terastallize|p1a: Rhydon|Flying\n|move|p2a: Basculegion|Wave Crash|p1a: Rhydon\n|-damage|p1a: Rhydon|71/100\n|-damage|p2a: Basculegion|127/323|[from] Recoil\n|move|p1a: Rhydon|Earthquake|p2a: Basculegion\n|-damage|p2a: Basculegion|0 fnt\n|faint|p2a: Basculegion\n|\n|upkeep\n|inactive|Time left: 300 sec this turn | 300 sec total | 5 sec grace\n|\n|t:|1783564652\n|switch|p2a: Shaymin|Shaymin-Sky, L73|266/266\n|turn|3\n|inactive|Time left: 300 sec this turn | 300 sec total\n|\n|t:|1783564653\n|move|p2a: Shaymin|Air Slash|p1a: Rhydon\n|-damage|p1a: Rhydon|47/100\n|cant|p1a: Rhydon|flinch\n|\n|upkeep\n|turn|4\n|inactive|Time left: 300 sec this turn | 300 sec total\n|\n|t:|1783564654\n|move|p2a: Shaymin|Air Slash|p1a: Rhydon\n|-damage|p1a: Rhydon|24/100\n|cant|p1a: Rhydon|flinch\n|\n|upkeep\n|turn|5\n|inactive|Time left: 300 sec this turn | 300 sec total\n|\n|t:|1783564655\n|switch|p1a: Gholdengo|Gholdengo, L77|100/100\n|move|p2a: Shaymin|Air Slash|p1a: Gholdengo\n|-resisted|p1a: Gholdengo\n|-damage|p1a: Gholdengo|85/100\n|\n|-heal|p1a: Gholdengo|91/100|[from] item: Leftovers\n|upkeep\n|turn|6\n|inactive|Time left: 300 sec this turn | 300 sec total\n|\n|t:|1783564656\n|move|p2a: Shaymin|Seed Flare|p1a: Gholdengo\n|-resisted|p1a: Gholdengo\n|-damage|p1a: Gholdengo|67/100\n|-unboost|p1a: Gholdengo|spd|2\n|move|p1a: Gholdengo|Make It Rain|p2a: Shaymin\n|-damage|p2a: Shaymin|89/266\n|-unboost|p1a: Gholdengo|spa|1\n|\n|-heal|p1a: Gholdengo|73/100|[from] item: Leftovers\n|upkeep\n|turn|7\n|inactive|Time left: 300 sec this turn | 300 sec total\n|\n|t:|1783564657\n|switch|p1a: Rhydon|Rhydon, L85, M, tera:Flying|24/100\n|move|p2a: Shaymin|Synthesis|p2a: Shaymin\n|-heal|p2a: Shaymin|222/266\n|\n|upkeep\n|turn|8\n|inactive|Time left: 300 sec this turn | 300 sec total\n|\n|t:|1783564658\n|move|p2a: Shaymin|Air Slash|p1a: Rhydon\n|-damage|p1a: Rhydon|0 fnt\n|faint|p1a: Rhydon\n|\n|upkeep\n|\n|t:|1783564659\n|switch|p1a: Gholdengo|Gholdengo, L77|73/100\n|turn|9\n|inactive|Time left: 300 sec this turn | 300 sec total\n|\n|t:|1783564660\n|move|p2a: Shaymin|Earth Power|p1a: Gholdengo\n|-supereffective|p1a: Gholdengo\n|-damage|p1a: Gholdengo|26/100\n|move|p1a: Gholdengo|Nasty Plot|p1a: Gholdengo\n|-boost|p1a: Gholdengo|spa|2\n|\n|-heal|p1a: Gholdengo|32/100|[from] item: Leftovers\n|upkeep\n|turn|10\n|inactive|Time left: 300 sec this turn | 300 sec total\n|\n|t:|1783564661\n|switch|p1a: Ursaring|Ursaring, L84, F|100/100\n|move|p2a: Shaymin|Earth Power|p1a: Ursaring\n|-damage|p1a: Ursaring|79/100\n|\n|-status|p1a: Ursaring|tox|[from] item: Toxic Orb\n|upkeep\n|turn|11\n|inactive|Time left: 300 sec this turn | 300 sec total\n|\n|t:|1783564662\n|move|p2a: Shaymin|Air Slash|p1a: Ursaring\n|-damage|p1a: Ursaring|52/100 tox\n|move|p1a: Ursaring|Facade|p2a: Shaymin\n|-damage|p2a: Shaymin|0 fnt\n|faint|p2a: Shaymin\n|\n|-damage|p1a: Ursaring|45/100 tox|[from] psn\n|upkeep\n|inactive|Time left: 300 sec this turn | 300 sec total | 5 sec grace\n|\n|t:|1783564663\n|switch|p2a: Cinderace|Cinderace, L77, F|249/249\n|turn|12\n|inactive|Time left: 300 sec this turn | 300 sec total\n|\n|t:|1783564664\n|switch|p1a: Gholdengo|Gholdengo, L77|32/100\n|move|p2a: Cinderace|Pyro Ball|p1a: Gholdengo\n|-supereffective|p1a: Gholdengo\n|-damage|p1a: Gholdengo|0 fnt\n|faint|p1a: Gholdengo\n|\n|upkeep\n|\n|t:|1783564664\n|switch|p1a: Wugtrio|Wugtrio, L91, M|100/100\n|turn|13\n|inactive|Time left: 300 sec this turn | 300 sec total\n|\n|t:|1783564665\n|switch|p2a: Empoleon|Empoleon, L84, M|278/278\n|move|p1a: Wugtrio|Liquidation|p2a: Empoleon\n|-resisted|p2a: Empoleon\n|-damage|p2a: Empoleon|204/278\n|\n|-heal|p2a: Empoleon|221/278|[from] item: Leftovers\n|upkeep\n|turn|14\n|inactive|Time left: 300 sec this turn | 300 sec total\n|\n|t:|1783564666\n|move|p1a: Wugtrio|Liquidation|p2a: Empoleon\n|-resisted|p2a: Empoleon\n|-damage|p2a: Empoleon|136/278\n|-unboost|p2a: Empoleon|def|1\n|-ability|p2a: Empoleon|Competitive|boost\n|-boost|p2a: Empoleon|spa|2\n|move|p2a: Empoleon|Surf|p1a: Wugtrio\n|-resisted|p1a: Wugtrio\n|-damage|p1a: Wugtrio|45/100\n|\n|-heal|p2a: Empoleon|153/278|[from] item: Leftovers\n|upkeep\n|turn|15\n|inactive|Time left: 300 sec this turn | 300 sec total\n|\n|t:|1783564667\n|move|p1a: Wugtrio|Liquidation|p2a: Empoleon\n|-resisted|p2a: Empoleon\n|-damage|p2a: Empoleon|35/278\n|move|p2a: Empoleon|Roost|p2a: Empoleon\n|-heal|p2a: Empoleon|174/278\n|-singleturn|p2a: Empoleon|move: Roost\n|\n|-heal|p2a: Empoleon|191/278|[from] item: Leftovers\n|upkeep\n|turn|16\n|inactive|Time left: 300 sec this turn | 300 sec total\n|\n|t:|1783564668\n|move|p1a: Wugtrio|Liquidation|p2a: Empoleon\n|-resisted|p2a: Empoleon\n|-damage|p2a: Empoleon|64/278\n|move|p2a: Empoleon|Surf|p1a: Wugtrio\n|-resisted|p1a: Wugtrio\n|-damage|p1a: Wugtrio|0 fnt\n|faint|p1a: Wugtrio\n|\n|-heal|p2a: Empoleon|81/278|[from] item: Leftovers\n|upkeep\n|\n|t:|1783564669\n|switch|p1a: Urshifu|Urshifu-Rapid-Strike, L75, F|100/100\n|turn|17\n|inactive|Time left: 300 sec this turn | 300 sec total\n|\n|t:|1783564670\n|move|p1a: Urshifu|Surging Strikes|p2a: Empoleon\n|-resisted|p2a: Empoleon\n|-crit|p2a: Empoleon\n|-damage|p2a: Empoleon|41/278\n|-resisted|p2a: Empoleon\n|-crit|p2a: Empoleon\n|-damage|p2a: Empoleon|2/278\n|-resisted|p2a: Empoleon\n|-crit|p2a: Empoleon\n|-damage|p2a: Empoleon|0 fnt\n|faint|p2a: Empoleon\n|-hitcount|p2: Empoleon|3\n|-damage|p1a: Urshifu|91/100|[from] item: Life Orb\n|\n|upkeep\n|inactive|Time left: 300 sec this turn | 300 sec total | 5 sec grace\n|\n|t:|1783564671\n|switch|p2a: Cinderace|Cinderace, L77, F|249/249\n|turn|18\n|inactive|Time left: 300 sec this turn | 300 sec total\n|\n|t:|1783564672\n|move|p2a: Cinderace|Gunk Shot|p1a: Urshifu\n|-start|p2a: Cinderace|typechange|Poison|[from] ability: Libero\n|-damage|p1a: Urshifu|27/100\n|move|p1a: Urshifu|Surging Strikes|p2a: Cinderace\n|-crit|p2a: Cinderace\n|-damage|p2a: Cinderace|181/249\n|-crit|p2a: Cinderace\n|-damage|p2a: Cinderace|117/249\n|-crit|p2a: Cinderace\n|-damage|p2a: Cinderace|55/249\n|-hitcount|p2a: Cinderace|3\n|-damage|p1a: Urshifu|17/100|[from] item: Life Orb\n|\n|upkeep\n|turn|19\n|inactive|Time left: 300 sec this turn | 300 sec total\n|\n|t:|1783564673\n|move|p2a: Cinderace|Gunk Shot|p1a: Urshifu\n|-damage|p1a: Urshifu|0 fnt\n|faint|p1a: Urshifu\n|\n|upkeep\n|\n|t:|1783564674\n|switch|p1a: Arceus|Arceus-Psychic, L70|100/100\n|turn|20\n|inactive|Time left: 300 sec this turn | 300 sec total\n|\n|t:|1783564675\n|move|p2a: Cinderace|Gunk Shot|p1a: Arceus\n|-damage|p1a: Arceus|45/100\n|move|p1a: Arceus|Cosmic Power|p1a: Arceus\n|-boost|p1a: Arceus|def|1\n|-boost|p1a: Arceus|spd|1\n|\n|upkeep\n|turn|21\n|inactive|Time left: 300 sec this turn | 300 sec total\n|\n|t:|1783564676\n|move|p2a: Cinderace|Gunk Shot|p1a: Arceus|[miss]\n|-miss|p2a: Cinderace|p1a: Arceus\n|move|p1a: Arceus|Recover|p1a: Arceus\n|-heal|p1a: Arceus|95/100\n|\n|upkeep\n|turn|22\n|inactive|Time left: 300 sec this turn | 300 sec total\n|\n|t:|1783564676\n|move|p2a: Cinderace|Gunk Shot|p1a: Arceus\n|-damage|p1a: Arceus|56/100\n|move|p1a: Arceus|Cosmic Power|p1a: Arceus\n|-boost|p1a: Arceus|def|1\n|-boost|p1a: Arceus|spd|1\n|\n|upkeep\n|turn|23\n|inactive|Time left: 300 sec this turn | 300 sec total\n|\n|t:|1783564677\n|move|p2a: Cinderace|Gunk Shot|p1a: Arceus\n|-damage|p1a: Arceus|23/100\n|move|p1a: Arceus|Recover|p1a: Arceus\n|-heal|p1a: Arceus|73/100\n|\n|upkeep\n|turn|24\n|inactive|Time left: 300 sec this turn | 300 sec total\n|\n|t:|1783564678\n|move|p2a: Cinderace|Gunk Shot|p1a: Arceus|[miss]\n|-miss|p2a: Cinderace|p1a: Arceus\n|move|p1a: Arceus|Recover|p1a: Arceus\n|-heal|p1a: Arceus|100/100\n|\n|upkeep\n|turn|25\n|inactive|Time left: 300 sec this turn | 300 sec total\n|\n|t:|1783564679\n|switch|p2a: Malamar|Malamar, L82, F|275/275\n|move|p1a: Arceus|Stored Power|p2a: Malamar\n|-immune|p2a: Malamar\n|\n|upkeep\n|turn|26\n|inactive|Time left: 300 sec this turn | 300 sec total\n|\n|t:|1783564680\n|move|p1a: Arceus|Cosmic Power|p1a: Arceus\n|-boost|p1a: Arceus|def|1\n|-boost|p1a: Arceus|spd|1\n|move|p2a: Malamar|Superpower|p1a: Arceus\n|-resisted|p1a: Arceus\n|-damage|p1a: Arceus|95/100\n|-boost|p2a: Malamar|atk|1\n|-boost|p2a: Malamar|def|1\n|\n|upkeep\n|turn|27\n|inactive|Time left: 300 sec this turn | 300 sec total\n|\n|t:|1783564681\n|move|p1a: Arceus|Cosmic Power|p1a: Arceus\n|-boost|p1a: Arceus|def|1\n|-boost|p1a: Arceus|spd|1\n|move|p2a: Malamar|Superpower|p1a: Arceus\n|-resisted|p1a: Arceus\n|-damage|p1a: Arceus|88/100\n|-boost|p2a: Malamar|atk|1\n|-boost|p2a: Malamar|def|1\n|\n|upkeep\n|turn|28\n|inactive|Time left: 300 sec this turn | 300 sec total\n|\n|t:|1783564682\n|move|p1a: Arceus|Cosmic Power|p1a: Arceus\n|-boost|p1a: Arceus|def|1\n|-boost|p1a: Arceus|spd|1\n|move|p2a: Malamar|Superpower|p1a: Arceus\n|-resisted|p1a: Arceus\n|-damage|p1a: Arceus|81/100\n|-boost|p2a: Malamar|atk|1\n|-boost|p2a: Malamar|def|1\n|\n|upkeep\n|turn|29\n|inactive|Time left: 300 sec this turn | 300 sec total\n|\n|t:|1783564683\n|move|p1a: Arceus|Body Press|p2a: Malamar\n|-damage|p2a: Malamar|210/275\n|move|p2a: Malamar|Superpower|p1a: Arceus\n|-resisted|p1a: Arceus\n|-damage|p1a: Arceus|72/100\n|-boost|p2a: Malamar|atk|1\n|-boost|p2a: Malamar|def|1\n|\n|upkeep\n|turn|30\n|inactive|Time left: 300 sec this turn | 300 sec total\n|\n|t:|1783564683\n|move|p1a: Arceus|Recover|p1a: Arceus\n|-heal|p1a: Arceus|100/100\n|move|p2a: Malamar|Knock Off|p1a: Arceus\n|-supereffective|p1a: Arceus\n|-damage|p1a: Arceus|67/100\n|\n|upkeep\n|turn|31\n|inactive|Time left: 300 sec this turn | 300 sec total\n|\n|t:|1783564684\n|move|p1a: Arceus|Recover|p1a: Arceus\n|-heal|p1a: Arceus|100/100\n|move|p2a: Malamar|Knock Off|p1a: Arceus\n|-supereffective|p1a: Arceus\n|-damage|p1a: Arceus|66/100\n|\n|upkeep\n|turn|32\n|inactive|Time left: 300 sec this turn | 300 sec total\n|\n|t:|1783564685\n|move|p1a: Arceus|Recover|p1a: Arceus\n|-heal|p1a: Arceus|100/100\n|move|p2a: Malamar|Knock Off|p1a: Arceus\n|-supereffective|p1a: Arceus\n|-damage|p1a: Arceus|65/100\n|\n|upkeep\n|turn|33\n|inactive|Time left: 300 sec this turn | 300 sec total\n|\n|t:|1783564686\n|move|p1a: Arceus|Recover|p1a: Arceus\n|-heal|p1a: Arceus|100/100\n|move|p2a: Malamar|Knock Off|p1a: Arceus\n|-supereffective|p1a: Arceus\n|-damage|p1a: Arceus|68/100\n|\n|upkeep\n|turn|34\n|inactive|Time left: 300 sec this turn | 300 sec total\n|\n|t:|1783564687\n|move|p1a: Arceus|Cosmic Power|p1a: Arceus\n|-boost|p1a: Arceus|def|1\n|-boost|p1a: Arceus|spd|1\n|move|p2a: Malamar|Knock Off|p1a: Arceus\n|-supereffective|p1a: Arceus\n|-damage|p1a: Arceus|38/100\n|\n|upkeep\n|turn|35\n|inactive|Time left: 300 sec this turn | 300 sec total\n|\n|t:|1783564688\n|move|p1a: Arceus|Recover|p1a: Arceus\n|-heal|p1a: Arceus|88/100\n|move|p2a: Malamar|Knock Off|p1a: Arceus\n|-supereffective|p1a: Arceus\n|-damage|p1a: Arceus|53/100\n|\n|upkeep\n|turn|36\n|inactive|Time left: 300 sec this turn | 300 sec total\n|\n|t:|1783564689\n|move|p1a: Arceus|Body Press|p2a: Malamar\n|-damage|p2a: Malamar|145/275\n|move|p2a: Malamar|Knock Off|p1a: Arceus\n|-supereffective|p1a: Arceus\n|-damage|p1a: Arceus|21/100\n|\n|upkeep\n|turn|37\n|inactive|Time left: 300 sec this turn | 300 sec total\n|\n|t:|1783564690\n|move|p1a: Arceus|Body Press|p2a: Malamar\n|-damage|p2a: Malamar|81/275\n|move|p2a: Malamar|Knock Off|p1a: Arceus\n|-supereffective|p1a: Arceus\n|-damage|p1a: Arceus|0 fnt\n|faint|p1a: Arceus\n|\n|upkeep\n|\n|t:|1783564691\n|switch|p1a: Ursaring|Ursaring, L84, F|45/100 tox\n|turn|38\n|inactive|Time left: 300 sec this turn | 300 sec total\n|\n|t:|1783564692\n|-terastallize|p2a: Malamar|Steel\n|move|p1a: Ursaring|Close Combat|p2a: Malamar\n|-supereffective|p2a: Malamar\n|-damage|p2a: Malamar|7/275\n|-unboost|p1a: Ursaring|def|1\n|-unboost|p1a: Ursaring|spd|1\n|move|p2a: Malamar|Psycho Cut|p1a: Ursaring\n|-damage|p1a: Ursaring|0 fnt\n|faint|p1a: Ursaring\n|\n|win|p0y22083e58", "uploadtime": 1783564692, "views": 0, "rating": 0, "private": 0, "password": null, "_winner": "p0y22083e58", "_our_name": "p0y22083e58"}