{"id": "battle-gen9randombattle-555", "formatid": "gen9randombattle", "format": "[Gen 9] Random Battle", "players": ["p0x555a019", "p0y5552942"], "log": "|init|battle\n|title|p0x555a019 vs. p0y5552942\n|j|\u2606p0x555a019\n|j|\u2606p0y5552942\n|t:|1783546218\n|gametype|singles\n|player|p1|p0x555a019|170|\n|player|p2|p0y5552942|101|\n|gen|9\n|tier|[Gen 9] Random Battle\n|rule|Species Clause: Limit one of each Pok\u00e9mon\n|rule|HP Percentage Mod: HP is shown in percentages\n|rule|Sleep Clause Mod: Limit one foe put to sleep\n|rule|Illusion Level Mod: Illusion disguises the Pok\u00e9mon's true level\n|\n|t:|1783546218\n|teamsize|p1|6\n|teamsize|p2|6\n|start\n|switch|p1a: Latios|Latios, L78, M|253/253\n|switch|p2a: Magearna|Magearna-Original, L77|100/100\n|turn|1\n|inactive|Battle timer is ON: inactive players will automatically lose when time's up. (requested by p0x555a019)\n|inactive|p0y5552942 also wants the timer to be on.\n|\n|t:|1783546220\n|move|p1a: Latios|Luster Purge|p2a: Magearna\n|-resisted|p2a: Magearna\n|-damage|p2a: Magearna|72/100\n|move|p2a: Magearna|Flash Cannon|p1a: Latios\n|-damage|p1a: Latios|174/253\n|\n|-heal|p2a: Magearna|78/100|[from] item: Leftovers\n|upkeep\n|turn|2\n|inactive|Time left: 300 sec this turn | 300 sec total\n|\n|t:|1783546221\n|move|p1a: Latios|Luster Purge|p2a: Magearna\n|-resisted|p2a: Magearna\n|-damage|p2a: Magearna|50/100\n|move|p2a: Magearna|Fleur Cannon|p1a: Latios\n|-supereffective|p1a: Latios\n|-damage|p1a: Latios|0 fnt\n|-unboost|p2a: Magearna|spa|2\n|faint|p1a: Latios\n|-ability|p2a: Magearna|Soul-Heart|boost\n|-boost|p2a: Magearna|spa|1\n|\n|-heal|p2a: Magearna|56/100|[from] item: Leftovers\n|upkeep\n|inactive|Time left: 300 sec this turn | 300 sec total | 5 sec grace\n|\n|t:|1783546223\n|switch|p1a: Glastrier|Glastrier, L86|311/311\n|turn|3\n|inactive|Time left: 300 sec this turn | 300 sec total\n|\n|t:|1783546224\n|switch|p2a: Stonjourner|Stonjourner, L91, F|100/100\n|move|p1a: Glastrier|High Horsepower|p2a: Stonjourner\n|-supereffective|p2a: Stonjourner\n|-damage|p2a: Stonjourner|47/100\n|\n|upkeep\n|turn|4\n|inactive|Time left: 300 sec this turn | 300 sec total\n|\n|t:|1783546225\n|move|p2a: Stonjourner|Stone Edge|p1a: Glastrier\n|-supereffective|p1a: Glastrier\n|-damage|p1a: Glastrier|30/311\n|-damage|p2a: Stonjourner|37/100|[from] item: Life Orb\n|move|p1a: Glastrier|High Horsepower|p2a: Stonjourner\n|-supereffective|p2a: Stonjourner\n|-damage|p2a: Stonjourner|0 fnt\n|faint|p2a: Stonjourner\n|-ability|p1a: Glastrier|Chilling Neigh|boost\n|-boost|p1a: Glastrier|atk|1\n|\n|upkeep\n|\n|t:|1783546226\n|switch|p2a: Dragapult|Dragapult, L77, F|100/100\n|turn|5\n|inactive|Time left: 300 sec this turn | 300 sec total\n|\n|t:|1783546227\n|switch|p1a: Furret|Furret, L94, F|312/312\n|-item|p2a: Dragapult|Life Orb|[from] ability: Frisk|[of] p1a: Furret\n|move|p2a: Dragapult|Dragon Darts|p1a: Furret\n|-damage|p1a: Furret|237/312\n|-anim|p2a: Dragapult|Dragon Darts|p1a: Furret\n|-damage|p1a: Furret|159/312\n|-damage|p2a: Dragapult|91/100|[from] item: Life Orb\n|\n|upkeep\n|turn|6\n|inactive|Time left: 300 sec this turn | 300 sec total\n|\n|t:|1783546228\n|move|p2a: Dragapult|Dragon Darts|p1a: Furret\n|-damage|p1a: Furret|84/312\n|-anim|p2a: Dragapult|Dragon Darts|p1a: Furret\n|-damage|p1a: Furret|5/312\n|-damage|p2a: Dragapult|81/100|[from] item: Life Orb\n|move|p1a: Furret|Knock Off|p2a: Dragapult\n|-supereffective|p2a: Dragapult\n|-damage|p2a: Dragapult|0 fnt\n|-enditem|p2a: Dragapult|Life Orb|[from] move: Knock Off|[of] p1a: Furret\n|faint|p2a: Dragapult\n|-damage|p1a: Furret|0 fnt|[from] item: Life Orb\n|faint|p1a: Furret\n|\n|upkeep\n|inactive|Time left: 300 sec this turn | 300 sec total | 5 sec grace\n|\n|t:|1783546229\n|switch|p2a: Greninja|Greninja, L80, M|100/100\n|switch|p1a: Minun|Minun, L95, M|268/268\n|turn|7\n|inactive|Time left: 300 sec this turn | 300 sec total\n|\n|t:|1783546230\n|move|p2a: Greninja|Gunk Shot|p1a: Minun\n|-start|p2a: Greninja|typechange|Poison|[from] ability: Protean\n|-damage|p1a: Minun|80/268\n|-damage|p2a: Greninja|91/100|[from] item: Life Orb\n|move|p1a: Minun|Thunderbolt|p2a: Greninja\n|-damage|p2a: Greninja|24/100\n|-damage|p1a: Minun|54/268|[from] item: Life Orb\n|\n|upkeep\n|turn|8\n|inactive|Time left: 300 sec this turn | 300 sec total\n|\n|t:|1783546231\n|switch|p1a: Bronzong|Bronzong, L88|261/261\n|move|p2a: Greninja|Gunk Shot|p1a: Bronzong\n|-immune|p1a: Bronzong\n|\n|upkeep\n|turn|9\n|inactive|Time left: 300 sec this turn | 300 sec total\n|\n|t:|1783546232\n|move|p2a: Greninja|U-turn|p1a: Bronzong\n|-damage|p1a: Bronzong|213/261\n|-damage|p2a: Greninja|14/100|[from] item: Life Orb\n|\n|t:|1783546233\n|switch|p2a: Drifblim|Drifblim, L86, F|100/100|[from] U-turn\n|move|p1a: Bronzong|Earthquake|p2a: Drifblim\n|-immune|p2a: Drifblim\n|\n|-heal|p1a: Bronzong|229/261|[from] item: Leftovers\n|upkeep\n|turn|10\n|inactive|Time left: 300 sec this turn | 300 sec total\n|\n|t:|1783546234\n|move|p2a: Drifblim|Shadow Ball|p1a: Bronzong\n|-supereffective|p1a: Bronzong\n|-damage|p1a: Bronzong|85/261\n|move|p1a: Bronzong|Iron Head|p2a: Drifblim\n|-damage|p2a: Drifblim|66/100\n|\n|-heal|p1a: Bronzong|101/261|[from] item: Leftovers\n|upkeep\n|turn|11\n|inactive|Time left: 300 sec this turn | 300 sec total\n|\n|t:|1783546235\n|move|p2a: Drifblim|Shadow Ball|p1a: Bronzong\n|-supereffective|p1a: Bronzong\n|-damage|p1a: Bronzong|0 fnt\n|faint|p1a: Bronzong\n|\n|upkeep\n|inactive|Time left: 300 sec this turn | 300 sec total | 5 sec grace\n|\n|t:|1783546236\n|switch|p1a: Minun|Minun, L95, M|54/268\n|turn|12\n|inactive|Time left: 300 sec this turn | 300 sec total\n|\n|t:|1783546238\n|switch|p2a: Bastiodon|Bastiodon, L89, F|100/100\n|move|p1a: Minun|Thunderbolt|p2a: Bastiodon\n|-damage|p2a: Bastiodon|64/100\n|-damage|p1a: Minun|28/268|[from] item: Life Orb\n|\n|upkeep\n|turn|13\n|inactive|Time left: 300 sec this turn | 300 sec total\n|\n|t:|1783546238\n|move|p1a: Minun|Thunderbolt|p2a: Bastiodon\n|-damage|p2a: Bastiodon|30/100\n|-damage|p1a: Minun|2/268|[from] item: Life Orb\n|move|p2a: Bastiodon|Foul Play|p1a: Minun\n|-damage|p1a: Minun|0 fnt\n|faint|p1a: Minun\n|\n|upkeep\n|inactive|Time left: 300 sec this turn | 300 sec total | 5 sec grace\n|\n|t:|1783546240\n|switch|p1a: Infernape|Infernape, L82, M|259/259\n|turn|14\n|inactive|Time left: 300 sec this turn | 300 sec total\n|\n|t:|1783546240\n|switch|p2a: Drifblim|Drifblim, L86, F|66/100\n|move|p1a: Infernape|Close Combat|p2a: Drifblim\n|-immune|p2a: Drifblim\n|\n|upkeep\n|turn|15\n|inactive|Time left: 300 sec this turn | 300 sec total\n|\n|t:|1783546242\n|move|p1a: Infernape|Overheat|p2a: Drifblim\n|-damage|p2a: Drifblim|4/100\n|-unboost|p1a: Infernape|spa|2\n|-damage|p1a: Infernape|234/259|[from] item: Life Orb\n|move|p2a: Drifblim|Air Slash|p1a: Infernape\n|-supereffective|p1a: Infernape\n|-damage|p1a: Infernape|42/259\n|\n|upkeep\n|turn|16\n|inactive|Time left: 300 sec this turn | 300 sec total\n|\n|t:|1783546243\n|move|p1a: Infernape|Overheat|p2a: Drifblim\n|-damage|p2a: Drifblim|0 fnt\n|-unboost|p1a: Infernape|spa|2\n|faint|p2a: Drifblim\n|-damage|p1a: Infernape|17/259|[from] item: Life Orb\n|\n|upkeep\n|\n|t:|1783546244\n|switch|p2a: Greninja|Greninja, L80, M|14/100\n|turn|17\n|inactive|Time left: 300 sec this turn | 300 sec total\n|\n|t:|1783546245\n|switch|p1a: Glastrier|Glastrier, L86|30/311\n|move|p2a: Greninja|Ice Beam|p1a: Glastrier\n|-start|p2a: Greninja|typechange|Ice|[from] ability: Protean\n|-resisted|p1a: Glastrier\n|-damage|p1a: Glastrier|0 fnt\n|faint|p1a: Glastrier\n|-damage|p2a: Greninja|4/100|[from] item: Life Orb\n|\n|upkeep\n|inactive|Time left: 300 sec this turn | 300 sec total | 5 sec grace\n|\n|t:|1783546246\n|switch|p1a: Infernape|Infernape, L82, M|17/259\n|turn|18\n|inactive|Time left: 300 sec this turn | 300 sec total\n|\n|t:|1783546247\n|move|p2a: Greninja|Gunk Shot|p1a: Infernape|[miss]\n|-miss|p2a: Greninja|p1a: Infernape\n|move|p1a: Infernape|Close Combat|p2a: Greninja\n|-supereffective|p2a: Greninja\n|-damage|p2a: Greninja|0 fnt\n|-unboost|p1a: Infernape|def|1\n|-unboost|p1a: Infernape|spd|1\n|faint|p2a: Greninja\n|-damage|p1a: Infernape|0 fnt|[from] item: Life Orb\n|faint|p1a: Infernape\n|\n|win|p0y5552942", "uploadtime": 1783546247, "views": 0, "rating": 0, "private": 0, "password": null, "_winner": "p0y5552942", "_our_name": "p0x555a019"}