{"id": "battle-gen9randombattle-2395", "formatid": "gen9randombattle", "format": "[Gen 9] Random Battle", "players": ["p0x2395cfb9", "p0y2395bf92"], "log": "|init|battle\n|title|p0x2395cfb9 vs. p0y2395bf92\n|j|\u2606p0x2395cfb9\n|j|\u2606p0y2395bf92\n|t:|1783567792\n|gametype|singles\n|player|p1|p0x2395cfb9|170|\n|player|p2|p0y2395bf92|265|\n|gen|9\n|tier|[Gen 9] Random Battle\n|rule|Species Clause: Limit one of each Pok\u00e9mon\n|rule|HP Percentage Mod: HP is shown in percentages\n|rule|Sleep Clause Mod: Limit one foe put to sleep\n|rule|Illusion Level Mod: Illusion disguises the Pok\u00e9mon's true level\n|\n|t:|1783567792\n|teamsize|p1|6\n|teamsize|p2|6\n|start\n|switch|p1a: Mamoswine|Mamoswine, L81, M|311/311\n|switch|p2a: Arceus|Arceus-Fairy, L69|100/100\n|turn|1\n|inactive|Battle timer is ON: inactive players will automatically lose when time's up. (requested by p0y2395bf92)\n|inactive|Time left: 300 sec this turn | 300 sec total | 60 sec grace\n|inactive|p0x2395cfb9 also wants the timer to be on.\n|\n|t:|1783567793\n|move|p2a: Arceus|Judgment|p1a: Mamoswine\n|-damage|p1a: Mamoswine|184/311\n|move|p1a: Mamoswine|Earthquake|p2a: Arceus\n|-damage|p2a: Arceus|33/100\n|\n|upkeep\n|turn|2\n|inactive|Time left: 300 sec this turn | 300 sec total\n|\n|t:|1783567794\n|move|p2a: Arceus|Judgment|p1a: Mamoswine\n|-damage|p1a: Mamoswine|49/311\n|move|p1a: Mamoswine|Earthquake|p2a: Arceus\n|-damage|p2a: Arceus|0 fnt\n|faint|p2a: Arceus\n|\n|upkeep\n|\n|t:|1783567795\n|switch|p2a: Ribombee|Ribombee, L83, F|100/100\n|turn|3\n|inactive|Time left: 300 sec this turn | 300 sec total\n|\n|t:|1783567796\n|move|p2a: Ribombee|Sticky Web|p1a: Mamoswine\n|-sidestart|p1: p0x2395cfb9|move: Sticky Web\n|move|p1a: Mamoswine|Earthquake|p2a: Ribombee\n|-resisted|p2a: Ribombee\n|-damage|p2a: Ribombee|47/100\n|\n|upkeep\n|turn|4\n|inactive|Time left: 300 sec this turn | 300 sec total\n|\n|t:|1783567796\n|switch|p1a: Zacian|Zacian, L69|241/241\n|-activate|p1a: Zacian|move: Sticky Web\n|-unboost|p1a: Zacian|spe|1\n|-ability|p1a: Zacian|Intrepid Sword|boost\n|-boost|p1a: Zacian|atk|1\n|move|p2a: Ribombee|Moonblast|p1a: Zacian\n|-crit|p1a: Zacian\n|-damage|p1a: Zacian|87/241\n|\n|upkeep\n|turn|5\n|inactive|Time left: 300 sec this turn | 300 sec total\n|\n|t:|1783567797\n|switch|p1a: Coalossal|Coalossal, L89, M|341/341\n|move|p2a: Ribombee|Moonblast|p1a: Coalossal\n|-resisted|p1a: Coalossal\n|-damage|p1a: Coalossal|296/341\n|-unboost|p1a: Coalossal|spa|1\n|\n|upkeep\n|turn|6\n|inactive|Time left: 300 sec this turn | 300 sec total\n|\n|t:|1783567798\n|move|p2a: Ribombee|Moonblast|p1a: Coalossal\n|-resisted|p1a: Coalossal\n|-damage|p1a: Coalossal|250/341\n|-unboost|p1a: Coalossal|spa|1\n|move|p1a: Coalossal|Stone Edge|p2a: Ribombee\n|-supereffective|p2a: Ribombee\n|-damage|p2a: Ribombee|0 fnt\n|faint|p2a: Ribombee\n|\n|upkeep\n|\n|t:|1783567799\n|switch|p2a: Vivillon|Vivillon-Modern, L83, F|100/100\n|turn|7\n|inactive|Time left: 300 sec this turn | 300 sec total\n|\n|t:|1783567800\n|move|p2a: Vivillon|Sleep Powder|p1a: Coalossal\n|-status|p1a: Coalossal|slp|[from] move: Sleep Powder\n|cant|p1a: Coalossal|slp\n|\n|upkeep\n|turn|8\n|inactive|Time left: 300 sec this turn | 300 sec total\n|\n|t:|1783567801\n|switch|p1a: Mamoswine|Mamoswine, L81, M|49/311\n|-activate|p1a: Mamoswine|move: Sticky Web\n|-unboost|p1a: Mamoswine|spe|1\n|move|p2a: Vivillon|Quiver Dance|p2a: Vivillon\n|-boost|p2a: Vivillon|spa|1\n|-boost|p2a: Vivillon|spd|1\n|-boost|p2a: Vivillon|spe|1\n|\n|upkeep\n|turn|9\n|inactive|Time left: 300 sec this turn | 300 sec total\n|\n|t:|1783567802\n|-terastallize|p1a: Mamoswine|Ice\n|move|p1a: Mamoswine|Ice Shard|p2a: Vivillon\n|-supereffective|p2a: Vivillon\n|-crit|p2a: Vivillon\n|-damage|p2a: Vivillon|0 fnt\n|faint|p2a: Vivillon\n|\n|upkeep\n|\n|t:|1783567803\n|switch|p2a: Tentacruel|Tentacruel, L84, F|100/100\n|turn|10\n|inactive|Time left: 300 sec this turn | 300 sec total\n|\n|t:|1783567804\n|switch|p1a: Hitmonchan|Hitmonchan, L87, M|229/229\n|-activate|p1a: Hitmonchan|move: Sticky Web\n|-unboost|p1a: Hitmonchan|spe|1\n|move|p2a: Tentacruel|Sludge Bomb|p1a: Hitmonchan\n|-damage|p1a: Hitmonchan|162/229\n|\n|-heal|p1a: Hitmonchan|176/229|[from] item: Leftovers\n|upkeep\n|turn|11\n|inactive|Time left: 300 sec this turn | 300 sec total\n|\n|t:|1783567805\n|move|p2a: Tentacruel|Sludge Bomb|p1a: Hitmonchan\n|-damage|p1a: Hitmonchan|107/229\n|-status|p1a: Hitmonchan|psn\n|move|p1a: Hitmonchan|Rapid Spin|p2a: Tentacruel\n|-damage|p2a: Tentacruel|83/100\n|-boost|p1a: Hitmonchan|spe|1\n|-sideend|p1: p0x2395cfb9|Sticky Web|[from] move: Rapid Spin|[of] p1a: Hitmonchan\n|\n|-heal|p2a: Tentacruel|89/100|[from] item: Leftovers\n|-heal|p1a: Hitmonchan|121/229 psn|[from] item: Leftovers\n|-damage|p1a: Hitmonchan|93/229 psn|[from] psn\n|upkeep\n|turn|12\n|inactive|Time left: 300 sec this turn | 300 sec total\n|\n|t:|1783567806\n|move|p2a: Tentacruel|Sludge Bomb|p1a: Hitmonchan\n|-damage|p1a: Hitmonchan|20/229 psn\n|move|p1a: Hitmonchan|Knock Off|p2a: Tentacruel\n|-damage|p2a: Tentacruel|55/100\n|-enditem|p2a: Tentacruel|Leftovers|[from] move: Knock Off|[of] p1a: Hitmonchan\n|\n|-heal|p1a: Hitmonchan|34/229 psn|[from] item: Leftovers\n|-damage|p1a: Hitmonchan|6/229 psn|[from] psn\n|upkeep\n|turn|13\n|inactive|Time left: 300 sec this turn | 300 sec total\n|\n|t:|1783567807\n|switch|p1a: Dunsparce|Dunsparce, L86, M|312/312\n|move|p2a: Tentacruel|Rapid Spin|p1a: Dunsparce\n|-damage|p1a: Dunsparce|290/312\n|-boost|p2a: Tentacruel|spe|1\n|\n|upkeep\n|turn|14\n|inactive|Time left: 300 sec this turn | 300 sec total\n|\n|t:|1783567808\n|switch|p2a: Tauros|Tauros-Paldea-Blaze, L81, M|100/100\n|-ability|p2a: Tauros|Intimidate|boost\n|-unboost|p1a: Dunsparce|atk|1\n|move|p1a: Dunsparce|Body Slam|p2a: Tauros\n|-damage|p2a: Tauros|82/100\n|-status|p2a: Tauros|par\n|\n|upkeep\n|turn|15\n|inactive|Time left: 300 sec this turn | 300 sec total\n|\n|t:|1783567809\n|move|p1a: Dunsparce|Coil|p1a: Dunsparce\n|-boost|p1a: Dunsparce|atk|1\n|-boost|p1a: Dunsparce|def|1\n|-boost|p1a: Dunsparce|accuracy|1\n|cant|p2a: Tauros|par\n|\n|upkeep\n|turn|16\n|inactive|Time left: 300 sec this turn | 300 sec total\n|\n|t:|1783567810\n|move|p1a: Dunsparce|Body Slam|p2a: Tauros\n|-damage|p2a: Tauros|55/100 par\n|move|p2a: Tauros|Close Combat|p1a: Dunsparce\n|-supereffective|p1a: Dunsparce\n|-damage|p1a: Dunsparce|90/312\n|-unboost|p2a: Tauros|def|1\n|-unboost|p2a: Tauros|spd|1\n|\n|upkeep\n|turn|17\n|inactive|Time left: 300 sec this turn | 300 sec total\n|\n|t:|1783567811\n|move|p1a: Dunsparce|Earthquake|p2a: Tauros\n|-supereffective|p2a: Tauros\n|-damage|p2a: Tauros|0 fnt\n|faint|p2a: Tauros\n|\n|upkeep\n|\n|t:|1783567812\n|switch|p2a: Kingdra|Kingdra, L84, F|100/100\n|turn|18\n|inactive|Time left: 300 sec this turn | 300 sec total\n|\n|t:|1783567814\n|-terastallize|p2a: Kingdra|Water\n|move|p2a: Kingdra|Wave Crash|p1a: Dunsparce\n|-damage|p1a: Dunsparce|0 fnt\n|faint|p1a: Dunsparce\n|-damage|p2a: Kingdra|89/100|[from] Recoil\n|-damage|p2a: Kingdra|79/100|[from] item: Life Orb\n|\n|upkeep\n|inactive|Time left: 300 sec this turn | 300 sec total | 5 sec grace\n|\n|t:|1783567815\n|switch|p1a: Tsareena|Tsareena, L87, F|267/267\n|turn|19\n|inactive|Time left: 300 sec this turn | 300 sec total\n|\n|t:|1783567816\n|move|p1a: Tsareena|Power Whip|p2a: Kingdra\n|-supereffective|p2a: Kingdra\n|-damage|p2a: Kingdra|0 fnt\n|faint|p2a: Kingdra\n|\n|upkeep\n|\n|t:|1783567817\n|switch|p2a: Tentacruel|Tentacruel, L84, F|55/100\n|turn|20\n|inactive|Time left: 300 sec this turn | 300 sec total\n|\n|t:|1783567817\n|move|p1a: Tsareena|Power Whip|p2a: Tentacruel\n|-damage|p2a: Tentacruel|0 fnt\n|faint|p2a: Tentacruel\n|\n|win|p0x2395cfb9", "uploadtime": 1783567817, "views": 0, "rating": 0, "private": 0, "password": null, "_winner": "p0x2395cfb9", "_our_name": "p0x2395cfb9"}