{"id": "battle-gen9randombattle-520", "formatid": "gen9randombattle", "format": "[Gen 9] Random Battle", "players": ["p0x520d357", "p0y520b5c2"], "log": "|init|battle\n|title|p0x520d357 vs. p0y520b5c2\n|j|\u2606p0x520d357\n|j|\u2606p0y520b5c2\n|t:|1783545077\n|gametype|singles\n|player|p1|p0x520d357|266|\n|player|p2|p0y520b5c2|102|\n|gen|9\n|tier|[Gen 9] Random Battle\n|rule|Species Clause: Limit one of each Pok\u00e9mon\n|rule|HP Percentage Mod: HP is shown in percentages\n|rule|Sleep Clause Mod: Limit one foe put to sleep\n|rule|Illusion Level Mod: Illusion disguises the Pok\u00e9mon's true level\n|\n|t:|1783545077\n|teamsize|p1|6\n|teamsize|p2|6\n|start\n|switch|p1a: Basculegion|Basculegion-F, L83, F|335/335\n|switch|p2a: Arceus|Arceus-Flying, L69|100/100\n|turn|1\n|inactive|Battle timer is ON: inactive players will automatically lose when time's up. (requested by p0y520b5c2)\n|inactive|Time left: 300 sec this turn | 300 sec total | 60 sec grace\n|inactive|p0x520d357 also wants the timer to be on.\n|\n|t:|1783545079\n|move|p2a: Arceus|Calm Mind|p2a: Arceus\n|-boost|p2a: Arceus|spa|1\n|-boost|p2a: Arceus|spd|1\n|move|p1a: Basculegion|Shadow Ball|p2a: Arceus\n|-damage|p2a: Arceus|75/100\n|\n|upkeep\n|turn|2\n|inactive|Time left: 300 sec this turn | 300 sec total\n|\n|t:|1783545080\n|move|p2a: Arceus|Judgment|p1a: Basculegion\n|-crit|p1a: Basculegion\n|-damage|p1a: Basculegion|149/335\n|move|p1a: Basculegion|Wave Crash|p2a: Arceus\n|-damage|p2a: Arceus|23/100\n|-damage|p1a: Basculegion|101/335|[from] Recoil\n|\n|upkeep\n|turn|3\n|inactive|Time left: 300 sec this turn | 300 sec total\n|\n|t:|1783545081\n|switch|p1a: Jirachi|Jirachi, L80|291/291\n|move|p2a: Arceus|Judgment|p1a: Jirachi\n|-resisted|p1a: Jirachi\n|-damage|p1a: Jirachi|222/291\n|\n|-heal|p1a: Jirachi|240/291|[from] item: Leftovers\n|upkeep\n|turn|4\n|inactive|Time left: 300 sec this turn | 300 sec total\n|\n|t:|1783545082\n|move|p1a: Jirachi|Iron Head|p2a: Arceus\n|-damage|p2a: Arceus|0 fnt\n|faint|p2a: Arceus\n|\n|-heal|p1a: Jirachi|258/291|[from] item: Leftovers\n|upkeep\n|\n|t:|1783545083\n|switch|p2a: Meowscarada|Meowscarada, L78, F|100/100\n|turn|5\n|inactive|Time left: 300 sec this turn | 300 sec total\n|\n|t:|1783545084\n|-terastallize|p1a: Jirachi|Fighting\n|move|p2a: Meowscarada|Knock Off|p1a: Jirachi\n|-start|p2a: Meowscarada|typechange|Dark|[from] ability: Protean\n|-resisted|p1a: Jirachi\n|-damage|p1a: Jirachi|183/291\n|-enditem|p1a: Jirachi|Leftovers|[from] move: Knock Off|[of] p2a: Meowscarada\n|move|p1a: Jirachi|Drain Punch|p2a: Meowscarada\n|-supereffective|p2a: Meowscarada\n|-damage|p2a: Meowscarada|18/100\n|-heal|p1a: Jirachi|285/291|[from] drain|[of] p2a: Meowscarada\n|\n|upkeep\n|turn|6\n|inactive|Time left: 300 sec this turn | 300 sec total\n|\n|t:|1783545085\n|move|p2a: Meowscarada|Knock Off|p1a: Jirachi\n|-resisted|p1a: Jirachi\n|-damage|p1a: Jirachi|240/291\n|move|p1a: Jirachi|Stealth Rock|p2a: Meowscarada\n|-sidestart|p2: p0y520b5c2|move: Stealth Rock\n|\n|upkeep\n|turn|7\n|inactive|Time left: 300 sec this turn | 300 sec total\n|\n|t:|1783545086\n|move|p2a: Meowscarada|Knock Off|p1a: Jirachi\n|-resisted|p1a: Jirachi\n|-damage|p1a: Jirachi|194/291\n|move|p1a: Jirachi|Drain Punch|p2a: Meowscarada\n|-supereffective|p2a: Meowscarada\n|-crit|p2a: Meowscarada\n|-damage|p2a: Meowscarada|0 fnt\n|-heal|p1a: Jirachi|216/291|[from] drain|[of] p2a: Meowscarada\n|faint|p2a: Meowscarada\n|\n|upkeep\n|\n|t:|1783545087\n|switch|p2a: Mewtwo|Mewtwo, L72|100/100\n|-ability|p2a: Mewtwo|Unnerve\n|-damage|p2a: Mewtwo|88/100|[from] Stealth Rock\n|turn|8\n|inactive|Time left: 300 sec this turn | 300 sec total\n|\n|t:|1783545088\n|switch|p1a: Appletun|Appletun, L92, M|352/352\n|move|p2a: Mewtwo|Psystrike|p1a: Appletun\n|-damage|p1a: Appletun|212/352\n|-damage|p2a: Mewtwo|78/100|[from] item: Life Orb\n|\n|-heal|p1a: Appletun|234/352|[from] item: Leftovers\n|upkeep\n|turn|9\n|inactive|Time left: 300 sec this turn | 300 sec total\n|\n|t:|1783545089\n|move|p2a: Mewtwo|Nasty Plot|p2a: Mewtwo\n|-boost|p2a: Mewtwo|spa|2\n|move|p1a: Appletun|Draco Meteor|p2a: Mewtwo\n|-damage|p2a: Mewtwo|9/100\n|-unboost|p1a: Appletun|spa|2\n|\n|-heal|p1a: Appletun|256/352|[from] item: Leftovers\n|upkeep\n|turn|10\n|inactive|Time left: 300 sec this turn | 300 sec total\n|\n|t:|1783545090\n|move|p2a: Mewtwo|Recover|p2a: Mewtwo\n|-heal|p2a: Mewtwo|59/100\n|move|p1a: Appletun|Dragon Tail|p2a: Mewtwo\n|-damage|p2a: Mewtwo|32/100\n|drag|p2a: Iron Treads|Iron Treads, L77|100/100\n|-damage|p2a: Iron Treads|97/100|[from] Stealth Rock\n|\n|-heal|p2a: Iron Treads|100/100|[from] item: Leftovers\n|-heal|p1a: Appletun|278/352|[from] item: Leftovers\n|upkeep\n|turn|11\n|inactive|Time left: 300 sec this turn | 300 sec total\n|\n|t:|1783545091\n|switch|p1a: Swanna|Swanna, L89, M|278/278\n|move|p2a: Iron Treads|Rapid Spin|p1a: Swanna\n|-damage|p1a: Swanna|236/278\n|-boost|p2a: Iron Treads|spe|1\n|-sideend|p2: p0y520b5c2|Stealth Rock|[from] move: Rapid Spin|[of] p2a: Iron Treads\n|\n|upkeep\n|turn|12\n|inactive|Time left: 300 sec this turn | 300 sec total\n|\n|t:|1783545092\n|-end|p2a: Iron Treads|Quark Drive|[silent]\n|switch|p2a: Sinistcha|Sinistcha, L83|100/100\n|move|p1a: Swanna|Hydro Pump|p2a: Sinistcha\n|-resisted|p2a: Sinistcha\n|-damage|p2a: Sinistcha|77/100\n|\n|-heal|p2a: Sinistcha|83/100|[from] item: Leftovers\n|upkeep\n|turn|13\n|inactive|Time left: 300 sec this turn | 300 sec total\n|\n|t:|1783545093\n|-terastallize|p2a: Sinistcha|Steel\n|move|p1a: Swanna|Brave Bird|p2a: Sinistcha\n|-resisted|p2a: Sinistcha\n|-damage|p2a: Sinistcha|62/100\n|-damage|p1a: Swanna|218/278|[from] Recoil\n|move|p2a: Sinistcha|Matcha Gotcha|p1a: Swanna|[miss]\n|-miss|p2a: Sinistcha|p1a: Swanna\n|\n|-heal|p2a: Sinistcha|67/100|[from] item: Leftovers\n|upkeep\n|turn|14\n|inactive|Time left: 300 sec this turn | 300 sec total\n|\n|t:|1783545094\n|move|p1a: Swanna|Hydro Pump|p2a: Sinistcha\n|-damage|p2a: Sinistcha|19/100\n|move|p2a: Sinistcha|Matcha Gotcha|p1a: Swanna\n|-damage|p1a: Swanna|91/278\n|-heal|p2a: Sinistcha|44/100|[from] drain|[of] p1a: Swanna\n|\n|-heal|p2a: Sinistcha|50/100|[from] item: Leftovers\n|upkeep\n|turn|15\n|inactive|Time left: 300 sec this turn | 300 sec total\n|\n|t:|1783545096\n|move|p1a: Swanna|Hydro Pump|p2a: Sinistcha\n|-damage|p2a: Sinistcha|0 fnt\n|faint|p2a: Sinistcha\n|\n|upkeep\n|\n|t:|1783545097\n|switch|p2a: Mewtwo|Mewtwo, L72|32/100\n|-ability|p2a: Mewtwo|Unnerve\n|turn|16\n|inactive|Time left: 300 sec this turn | 300 sec total\n|\n|t:|1783545098\n|switch|p1a: Appletun|Appletun, L92, M|278/352\n|move|p2a: Mewtwo|Psystrike|p1a: Appletun\n|-damage|p1a: Appletun|132/352\n|-damage|p2a: Mewtwo|22/100|[from] item: Life Orb\n|\n|-heal|p1a: Appletun|154/352|[from] item: Leftovers\n|upkeep\n|turn|17\n|inactive|Time left: 300 sec this turn | 300 sec total\n|\n|t:|1783545099\n|move|p2a: Mewtwo|Psystrike|p1a: Appletun\n|-damage|p1a: Appletun|0 fnt\n|faint|p1a: Appletun\n|-damage|p2a: Mewtwo|12/100|[from] item: Life Orb\n|\n|upkeep\n|inactive|Time left: 300 sec this turn | 300 sec total | 5 sec grace\n|\n|t:|1783545100\n|switch|p1a: Jolteon|Jolteon, L84, F|246/246\n|turn|18\n|inactive|Time left: 300 sec this turn | 300 sec total\n|\n|t:|1783545101\n|switch|p2a: Iron Treads|Iron Treads, L77|100/100\n|move|p1a: Jolteon|Tera Blast|p2a: Iron Treads\n|-resisted|p2a: Iron Treads\n|-damage|p2a: Iron Treads|87/100\n|\n|-heal|p2a: Iron Treads|93/100|[from] item: Leftovers\n|upkeep\n|turn|19\n|inactive|Time left: 300 sec this turn | 300 sec total\n|\n|t:|1783545102\n|switch|p1a: Swanna|Swanna, L89, M|91/278\n|move|p2a: Iron Treads|Earthquake|p1a: Swanna\n|-immune|p1a: Swanna\n|\n|-heal|p2a: Iron Treads|99/100|[from] item: Leftovers\n|upkeep\n|turn|20\n|inactive|Time left: 300 sec this turn | 300 sec total\n|\n|t:|1783545103\n|-end|p2a: Iron Treads|Quark Drive|[silent]\n|switch|p2a: Dudunsparce|Dudunsparce, L83, M|100/100\n|move|p1a: Swanna|Hydro Pump|p2a: Dudunsparce\n|-damage|p2a: Dudunsparce|59/100\n|\n|-heal|p2a: Dudunsparce|66/100|[from] item: Leftovers\n|upkeep\n|turn|21\n|inactive|Time left: 300 sec this turn | 300 sec total\n|\n|t:|1783545104\n|move|p1a: Swanna|Roost|p1a: Swanna\n|-heal|p1a: Swanna|230/278\n|-singleturn|p1a: Swanna|move: Roost\n|move|p2a: Dudunsparce|Headbutt|p1a: Swanna\n|-damage|p1a: Swanna|137/278\n|\n|-heal|p2a: Dudunsparce|72/100|[from] item: Leftovers\n|upkeep\n|turn|22\n|inactive|Time left: 300 sec this turn | 300 sec total\n|\n|t:|1783545105\n|move|p1a: Swanna|Roost|p1a: Swanna\n|-heal|p1a: Swanna|276/278\n|-singleturn|p1a: Swanna|move: Roost\n|move|p2a: Dudunsparce|Glare|p1a: Swanna\n|-status|p1a: Swanna|par\n|\n|-heal|p2a: Dudunsparce|78/100|[from] item: Leftovers\n|upkeep\n|turn|23\n|inactive|Time left: 300 sec this turn | 300 sec total\n|\n|t:|1783545106\n|move|p2a: Dudunsparce|Headbutt|p1a: Swanna\n|-crit|p1a: Swanna\n|-damage|p1a: Swanna|135/278 par\n|move|p1a: Swanna|Hydro Pump|p2a: Dudunsparce\n|-damage|p2a: Dudunsparce|38/100\n|\n|-heal|p2a: Dudunsparce|44/100|[from] item: Leftovers\n|upkeep\n|turn|24\n|inactive|Time left: 300 sec this turn | 300 sec total\n|\n|t:|1783545107\n|move|p2a: Dudunsparce|Roost|p2a: Dudunsparce\n|-heal|p2a: Dudunsparce|94/100\n|-singleturn|p2a: Dudunsparce|move: Roost\n|move|p1a: Swanna|Roost|p1a: Swanna\n|-heal|p1a: Swanna|274/278 par\n|-singleturn|p1a: Swanna|move: Roost\n|\n|-heal|p2a: Dudunsparce|99/100|[from] item: Leftovers\n|upkeep\n|turn|25\n|inactive|Time left: 300 sec this turn | 300 sec total\n|\n|t:|1783545108\n|move|p2a: Dudunsparce|Headbutt|p1a: Swanna\n|-damage|p1a: Swanna|190/278 par\n|cant|p1a: Swanna|flinch\n|\n|-heal|p2a: Dudunsparce|100/100|[from] item: Leftovers\n|upkeep\n|turn|26\n|inactive|Time left: 300 sec this turn | 300 sec total\n|\n|t:|1783545109\n|move|p2a: Dudunsparce|Headbutt|p1a: Swanna\n|-damage|p1a: Swanna|102/278 par\n|cant|p1a: Swanna|flinch\n|\n|upkeep\n|turn|27\n|inactive|Time left: 300 sec this turn | 300 sec total\n|\n|t:|1783545110\n|move|p2a: Dudunsparce|Headbutt|p1a: Swanna\n|-damage|p1a: Swanna|18/278 par\n|cant|p1a: Swanna|par\n|\n|upkeep\n|turn|28\n|inactive|Time left: 300 sec this turn | 300 sec total\n|\n|t:|1783545112\n|move|p2a: Dudunsparce|Headbutt|p1a: Swanna\n|-damage|p1a: Swanna|0 fnt\n|faint|p1a: Swanna\n|\n|upkeep\n|inactive|Time left: 300 sec this turn | 300 sec total | 5 sec grace\n|\n|t:|1783545112\n|switch|p1a: Jirachi|Jirachi, L80, tera:Fighting|216/291\n|turn|29\n|inactive|Time left: 300 sec this turn | 300 sec total\n|\n|t:|1783545113\n|move|p1a: Jirachi|Drain Punch|p2a: Dudunsparce\n|-supereffective|p2a: Dudunsparce\n|-damage|p2a: Dudunsparce|51/100\n|-heal|p1a: Jirachi|291/291|[from] drain|[of] p2a: Dudunsparce\n|move|p2a: Dudunsparce|Glare|p1a: Jirachi\n|-status|p1a: Jirachi|par\n|\n|-heal|p2a: Dudunsparce|57/100|[from] item: Leftovers\n|upkeep\n|turn|30\n|inactive|Time left: 300 sec this turn | 300 sec total\n|\n|t:|1783545114\n|move|p2a: Dudunsparce|Roost|p2a: Dudunsparce\n|-heal|p2a: Dudunsparce|100/100\n|-singleturn|p2a: Dudunsparce|move: Roost\n|cant|p1a: Jirachi|par\n|\n|upkeep\n|turn|31\n|inactive|Time left: 300 sec this turn | 300 sec total\n|\n|t:|1783545115\n|move|p2a: Dudunsparce|Headbutt|p1a: Jirachi\n|-damage|p1a: Jirachi|222/291 par\n|cant|p1a: Jirachi|flinch\n|\n|upkeep\n|turn|32\n|inactive|Time left: 300 sec this turn | 300 sec total\n|\n|t:|1783545116\n|move|p2a: Dudunsparce|Headbutt|p1a: Jirachi\n|-damage|p1a: Jirachi|152/291 par\n|cant|p1a: Jirachi|flinch\n|\n|upkeep\n|turn|33\n|inactive|Time left: 300 sec this turn | 300 sec total\n|\n|t:|1783545117\n|move|p2a: Dudunsparce|Headbutt|p1a: Jirachi\n|-damage|p1a: Jirachi|85/291 par\n|cant|p1a: Jirachi|flinch\n|\n|upkeep\n|turn|34\n|inactive|Time left: 300 sec this turn | 300 sec total\n|\n|t:|1783545118\n|move|p2a: Dudunsparce|Headbutt|p1a: Jirachi\n|-damage|p1a: Jirachi|12/291 par\n|move|p1a: Jirachi|Drain Punch|p2a: Dudunsparce\n|-supereffective|p2a: Dudunsparce\n|-damage|p2a: Dudunsparce|49/100\n|-heal|p1a: Jirachi|100/291 par|[from] drain|[of] p2a: Dudunsparce\n|\n|-heal|p2a: Dudunsparce|55/100|[from] item: Leftovers\n|upkeep\n|turn|35\n|inactive|Time left: 300 sec this turn | 300 sec total\n|\n|t:|1783545119\n|move|p2a: Dudunsparce|Headbutt|p1a: Jirachi\n|-damage|p1a: Jirachi|28/291 par\n|cant|p1a: Jirachi|flinch\n|\n|-heal|p2a: Dudunsparce|61/100|[from] item: Leftovers\n|upkeep\n|turn|36\n|inactive|Time left: 300 sec this turn | 300 sec total\n|\n|t:|1783545120\n|move|p2a: Dudunsparce|Earthquake|p1a: Jirachi\n|-damage|p1a: Jirachi|0 fnt\n|faint|p1a: Jirachi\n|\n|-heal|p2a: Dudunsparce|68/100|[from] item: Leftovers\n|upkeep\n|inactive|Time left: 300 sec this turn | 300 sec total | 5 sec grace\n|\n|t:|1783545121\n|switch|p1a: Basculegion|Basculegion-F, L83, F|101/335\n|turn|37\n|inactive|Time left: 300 sec this turn | 300 sec total\n|\n|t:|1783545122\n|move|p1a: Basculegion|Hydro Pump|p2a: Dudunsparce\n|-damage|p2a: Dudunsparce|15/100\n|move|p2a: Dudunsparce|Roost|p2a: Dudunsparce\n|-heal|p2a: Dudunsparce|65/100\n|-singleturn|p2a: Dudunsparce|move: Roost\n|\n|-heal|p2a: Dudunsparce|71/100|[from] item: Leftovers\n|upkeep\n|turn|38\n|inactive|Time left: 300 sec this turn | 300 sec total\n|\n|t:|1783545123\n|move|p1a: Basculegion|Hydro Pump|p2a: Dudunsparce\n|-damage|p2a: Dudunsparce|21/100\n|move|p2a: Dudunsparce|Roost|p2a: Dudunsparce\n|-heal|p2a: Dudunsparce|71/100\n|-singleturn|p2a: Dudunsparce|move: Roost\n|\n|-heal|p2a: Dudunsparce|77/100|[from] item: Leftovers\n|upkeep\n|turn|39\n|inactive|Time left: 300 sec this turn | 300 sec total\n|\n|t:|1783545123\n|move|p1a: Basculegion|Hydro Pump|p2a: Dudunsparce\n|-damage|p2a: Dudunsparce|24/100\n|move|p2a: Dudunsparce|Roost|p2a: Dudunsparce\n|-heal|p2a: Dudunsparce|75/100\n|-singleturn|p2a: Dudunsparce|move: Roost\n|\n|-heal|p2a: Dudunsparce|81/100|[from] item: Leftovers\n|upkeep\n|turn|40\n|inactive|Time left: 300 sec this turn | 300 sec total\n|\n|t:|1783545125\n|move|p1a: Basculegion|Hydro Pump|p2a: Dudunsparce\n|-damage|p2a: Dudunsparce|24/100\n|move|p2a: Dudunsparce|Roost|p2a: Dudunsparce\n|-heal|p2a: Dudunsparce|74/100\n|-singleturn|p2a: Dudunsparce|move: Roost\n|\n|-heal|p2a: Dudunsparce|80/100|[from] item: Leftovers\n|upkeep\n|turn|41\n|inactive|Time left: 300 sec this turn | 300 sec total\n|\n|t:|1783545126\n|move|p1a: Basculegion|Hydro Pump|p2a: Dudunsparce\n|-damage|p2a: Dudunsparce|26/100\n|move|p2a: Dudunsparce|Roost|p2a: Dudunsparce\n|-heal|p2a: Dudunsparce|76/100\n|-singleturn|p2a: Dudunsparce|move: Roost\n|\n|-heal|p2a: Dudunsparce|82/100|[from] item: Leftovers\n|upkeep\n|turn|42\n|inactive|Time left: 300 sec this turn | 300 sec total\n|\n|t:|1783545126\n|move|p1a: Basculegion|Hydro Pump|p2a: Dudunsparce\n|-damage|p2a: Dudunsparce|29/100\n|move|p2a: Dudunsparce|Roost|p2a: Dudunsparce\n|-heal|p2a: Dudunsparce|80/100\n|-singleturn|p2a: Dudunsparce|move: Roost\n|\n|-heal|p2a: Dudunsparce|86/100|[from] item: Leftovers\n|upkeep\n|turn|43\n|inactive|Time left: 300 sec this turn | 300 sec total\n|\n|t:|1783545128\n|move|p1a: Basculegion|Hydro Pump|p2a: Dudunsparce\n|-damage|p2a: Dudunsparce|37/100\n|move|p2a: Dudunsparce|Earthquake|p1a: Basculegion\n|-damage|p1a: Basculegion|12/335\n|\n|-heal|p2a: Dudunsparce|43/100|[from] item: Leftovers\n|upkeep\n|turn|44\n|inactive|Time left: 300 sec this turn | 300 sec total\n|\n|t:|1783545129\n|move|p1a: Basculegion|Hydro Pump|p2a: Dudunsparce\n|-damage|p2a: Dudunsparce|0 fnt\n|faint|p2a: Dudunsparce\n|\n|upkeep\n|\n|t:|1783545129\n|switch|p2a: Iron Treads|Iron Treads, L77|99/100\n|turn|45\n|inactive|Time left: 300 sec this turn | 300 sec total\n|\n|t:|1783545131\n|move|p2a: Iron Treads|Earthquake|p1a: Basculegion\n|-crit|p1a: Basculegion\n|-damage|p1a: Basculegion|0 fnt\n|faint|p1a: Basculegion\n|\n|-heal|p2a: Iron Treads|100/100|[from] item: Leftovers\n|upkeep\n|inactive|Time left: 300 sec this turn | 300 sec total | 5 sec grace\n|\n|t:|1783545132\n|switch|p1a: Chansey|Chansey, L85, F|564/564\n|turn|46\n|inactive|Time left: 300 sec this turn | 300 sec total\n|\n|t:|1783545133\n|move|p2a: Iron Treads|Rapid Spin|p1a: Chansey\n|-damage|p1a: Chansey|481/564\n|-boost|p2a: Iron Treads|spe|1\n|move|p1a: Chansey|Seismic Toss|p2a: Iron Treads\n|-damage|p2a: Iron Treads|68/100\n|\n|-heal|p2a: Iron Treads|74/100|[from] item: Leftovers\n|upkeep\n|turn|47\n|inactive|Time left: 300 sec this turn | 300 sec total\n|\n|t:|1783545134\n|move|p2a: Iron Treads|Earthquake|p1a: Chansey\n|-damage|p1a: Chansey|244/564\n|move|p1a: Chansey|Seismic Toss|p2a: Iron Treads\n|-damage|p2a: Iron Treads|42/100\n|\n|-heal|p2a: Iron Treads|48/100|[from] item: Leftovers\n|upkeep\n|turn|48\n|inactive|Time left: 300 sec this turn | 300 sec total\n|\n|t:|1783545135\n|move|p2a: Iron Treads|Iron Head|p1a: Chansey\n|-damage|p1a: Chansey|49/564\n|move|p1a: Chansey|Soft-Boiled|p1a: Chansey\n|-heal|p1a: Chansey|331/564\n|\n|-heal|p2a: Iron Treads|54/100|[from] item: Leftovers\n|upkeep\n|turn|49\n|inactive|Time left: 300 sec this turn | 300 sec total\n|\n|t:|1783545136\n|move|p2a: Iron Treads|Iron Head|p1a: Chansey\n|-damage|p1a: Chansey|154/564\n|move|p1a: Chansey|Soft-Boiled|p1a: Chansey\n|-heal|p1a: Chansey|436/564\n|\n|-heal|p2a: Iron Treads|60/100|[from] item: Leftovers\n|upkeep\n|turn|50\n|inactive|Time left: 300 sec this turn | 300 sec total\n|\n|t:|1783545137\n|move|p2a: Iron Treads|Earthquake|p1a: Chansey\n|-damage|p1a: Chansey|199/564\n|move|p1a: Chansey|Soft-Boiled|p1a: Chansey\n|-heal|p1a: Chansey|481/564\n|\n|-heal|p2a: Iron Treads|67/100|[from] item: Leftovers\n|upkeep\n|turn|51\n|inactive|Time left: 300 sec this turn | 300 sec total\n|\n|t:|1783545138\n|move|p2a: Iron Treads|Earthquake|p1a: Chansey\n|-damage|p1a: Chansey|249/564\n|move|p1a: Chansey|Seismic Toss|p2a: Iron Treads\n|-damage|p2a: Iron Treads|34/100\n|\n|-heal|p2a: Iron Treads|40/100|[from] item: Leftovers\n|upkeep\n|turn|52\n|inactive|Time left: 300 sec this turn | 300 sec total\n|\n|t:|1783545139\n|move|p2a: Iron Treads|Iron Head|p1a: Chansey\n|-damage|p1a: Chansey|66/564\n|move|p1a: Chansey|Soft-Boiled|p1a: Chansey\n|-heal|p1a: Chansey|348/564\n|\n|-heal|p2a: Iron Treads|47/100|[from] item: Leftovers\n|upkeep\n|turn|53\n|inactive|Time left: 300 sec this turn | 300 sec total\n|\n|t:|1783545140\n|move|p2a: Iron Treads|Iron Head|p1a: Chansey\n|-damage|p1a: Chansey|161/564\n|move|p1a: Chansey|Soft-Boiled|p1a: Chansey\n|-heal|p1a: Chansey|443/564\n|\n|-heal|p2a: Iron Treads|53/100|[from] item: Leftovers\n|upkeep\n|turn|54\n|inactive|Time left: 300 sec this turn | 300 sec total\n|\n|t:|1783545141\n|move|p2a: Iron Treads|Earthquake|p1a: Chansey\n|-damage|p1a: Chansey|196/564\n|move|p1a: Chansey|Soft-Boiled|p1a: Chansey\n|-heal|p1a: Chansey|478/564\n|\n|-heal|p2a: Iron Treads|59/100|[from] item: Leftovers\n|upkeep\n|turn|55\n|inactive|Time left: 300 sec this turn | 300 sec total\n|\n|t:|1783545142\n|move|p2a: Iron Treads|Iron Head|p1a: Chansey\n|-crit|p1a: Chansey\n|-damage|p1a: Chansey|187/564\n|move|p1a: Chansey|Soft-Boiled|p1a: Chansey\n|-heal|p1a: Chansey|469/564\n|\n|-heal|p2a: Iron Treads|65/100|[from] item: Leftovers\n|upkeep\n|turn|56\n|inactive|Time left: 300 sec this turn | 300 sec total\n|\n|t:|1783545143\n|move|p2a: Iron Treads|Earthquake|p1a: Chansey\n|-damage|p1a: Chansey|228/564\n|move|p1a: Chansey|Soft-Boiled|p1a: Chansey\n|-heal|p1a: Chansey|510/564\n|\n|-heal|p2a: Iron Treads|71/100|[from] item: Leftovers\n|upkeep\n|turn|57\n|inactive|Time left: 300 sec this turn | 300 sec total\n|\n|t:|1783545144\n|move|p2a: Iron Treads|Earthquake|p1a: Chansey\n|-damage|p1a: Chansey|293/564\n|move|p1a: Chansey|Seismic Toss|p2a: Iron Treads\n|-damage|p2a: Iron Treads|39/100\n|\n|-heal|p2a: Iron Treads|45/100|[from] item: Leftovers\n|upkeep\n|turn|58\n|inactive|Time left: 300 sec this turn | 300 sec total\n|\n|t:|1783545145\n|move|p2a: Iron Treads|Earthquake|p1a: Chansey\n|-damage|p1a: Chansey|64/564\n|move|p1a: Chansey|Seismic Toss|p2a: Iron Treads\n|-damage|p2a: Iron Treads|13/100\n|\n|-heal|p2a: Iron Treads|19/100|[from] item: Leftovers\n|upkeep\n|turn|59\n|inactive|Time left: 300 sec this turn | 300 sec total\n|\n|t:|1783545146\n|switch|p1a: Jolteon|Jolteon, L84, F|246/246\n|move|p2a: Iron Treads|Earthquake|p1a: Jolteon\n|-supereffective|p1a: Jolteon\n|-crit|p1a: Jolteon\n|-damage|p1a: Jolteon|0 fnt\n|faint|p1a: Jolteon\n|\n|-heal|p2a: Iron Treads|25/100|[from] item: Leftovers\n|upkeep\n|inactive|Time left: 300 sec this turn | 300 sec total | 5 sec grace\n|\n|t:|1783545147\n|switch|p1a: Chansey|Chansey, L85, F|64/564\n|turn|60\n|inactive|Time left: 300 sec this turn | 300 sec total\n|\n|t:|1783545148\n|move|p2a: Iron Treads|Earthquake|p1a: Chansey\n|-damage|p1a: Chansey|0 fnt\n|faint|p1a: Chansey\n|\n|win|p0y520b5c2", "uploadtime": 1783545148, "views": 0, "rating": 0, "private": 0, "password": null, "_winner": "p0y520b5c2", "_our_name": "p0x520d357"}