{"id": "battle-gen9randombattle-2537", "formatid": "gen9randombattle", "format": "[Gen 9] Random Battle", "players": ["p0x2537c26a", "p0y25375a6c"], "log": "|init|battle\n|title|p0x2537c26a vs. p0y25375a6c\n|j|\u2606p0x2537c26a\n|j|\u2606p0y25375a6c\n|t:|1783569360\n|gametype|singles\n|player|p1|p0x2537c26a|169|\n|player|p2|p0y25375a6c|1|\n|gen|9\n|tier|[Gen 9] Random Battle\n|rule|Species Clause: Limit one of each Pok\u00e9mon\n|rule|HP Percentage Mod: HP is shown in percentages\n|rule|Sleep Clause Mod: Limit one foe put to sleep\n|rule|Illusion Level Mod: Illusion disguises the Pok\u00e9mon's true level\n|\n|t:|1783569360\n|teamsize|p1|6\n|teamsize|p2|6\n|start\n|switch|p1a: Medicham|Medicham, L86, M|243/243\n|switch|p2a: Dusknoir|Dusknoir, L89, F|100/100\n|-item|p1a: Medicham|Choice Scarf|[from] ability: Frisk|[of] p2a: Dusknoir\n|turn|1\n|inactive|Battle timer is ON: inactive players will automatically lose when time's up. (requested by p0y25375a6c)\n|inactive|Time left: 300 sec this turn | 300 sec total | 60 sec grace\n|inactive|p0x2537c26a also wants the timer to be on.\n|\n|t:|1783569361\n|switch|p1a: Comfey|Comfey, L85, M|225/225\n|move|p2a: Dusknoir|Poltergeist|p1a: Comfey\n|-activate|p1a: Comfey|move: Poltergeist|Leftovers\n|-damage|p1a: Comfey|36/225\n|\n|-heal|p1a: Comfey|50/225|[from] item: Leftovers\n|upkeep\n|turn|2\n|inactive|Time left: 300 sec this turn | 300 sec total\n|\n|t:|1783569362\n|switch|p1a: Morpeko|Morpeko, L88, M|245/245\n|move|p2a: Dusknoir|Poltergeist|p1a: Morpeko\n|-activate|p1a: Morpeko|move: Poltergeist|Leftovers\n|-resisted|p1a: Morpeko\n|-damage|p1a: Morpeko|125/245\n|\n|-heal|p1a: Morpeko|140/245|[from] item: Leftovers\n|-formechange|p1a: Morpeko|Morpeko-Hangry||[from] ability: Hunger Switch\n|upkeep\n|turn|3\n|inactive|Time left: 300 sec this turn | 300 sec total\n|\n|t:|1783569364\n|switch|p2a: Granbull|Granbull, L88, F|100/100\n|-ability|p2a: Granbull|Intimidate|boost\n|-unboost|p1a: Morpeko|atk|1\n|move|p1a: Morpeko|Aura Wheel|p2a: Granbull\n|-resisted|p2a: Granbull\n|-damage|p2a: Granbull|86/100\n|-boost|p1a: Morpeko|spe|1\n|\n|-heal|p1a: Morpeko|155/245|[from] item: Leftovers\n|-heal|p2a: Granbull|92/100|[from] item: Leftovers\n|-formechange|p1a: Morpeko|Morpeko||[from] ability: Hunger Switch\n|upkeep\n|turn|4\n|inactive|Time left: 300 sec this turn | 300 sec total\n|\n|t:|1783569364\n|switch|p1a: Azelf|Azelf, L82|257/257\n|move|p2a: Granbull|Play Rough|p1a: Azelf\n|-damage|p1a: Azelf|119/257\n|\n|-heal|p2a: Granbull|98/100|[from] item: Leftovers\n|upkeep\n|turn|5\n|inactive|Time left: 300 sec this turn | 300 sec total\n|\n|t:|1783569366\n|move|p1a: Azelf|Psychic|p2a: Granbull\n|-damage|p2a: Granbull|35/100\n|-damage|p1a: Azelf|94/257|[from] item: Life Orb\n|move|p2a: Granbull|Play Rough|p1a: Azelf\n|-damage|p1a: Azelf|0 fnt\n|faint|p1a: Azelf\n|\n|-heal|p2a: Granbull|41/100|[from] item: Leftovers\n|upkeep\n|inactive|Time left: 300 sec this turn | 300 sec total | 5 sec grace\n|\n|t:|1783569367\n|switch|p1a: Pikachu|Pikachu-Hoenn, L93, M|216/216\n|turn|6\n|inactive|Time left: 300 sec this turn | 300 sec total\n|\n|t:|1783569368\n|switch|p2a: Zarude|Zarude-Dada, L77|100/100\n|move|p1a: Pikachu|Surf|p2a: Zarude\n|-resisted|p2a: Zarude\n|-damage|p2a: Zarude|84/100\n|\n|upkeep\n|turn|7\n|inactive|Time left: 300 sec this turn | 300 sec total\n|\n|t:|1783569369\n|move|p1a: Pikachu|Volt Switch|p2a: Zarude\n|-resisted|p2a: Zarude\n|-damage|p2a: Zarude|65/100\n|inactive|Time left: 300 sec this turn | 300 sec total | 5 sec grace\n|\n|t:|1783569370\n|switch|p1a: Comfey|Comfey, L85, M|50/225|[from] Volt Switch\n|move|p2a: Zarude|Power Whip|p1a: Comfey\n|-damage|p1a: Comfey|0 fnt\n|faint|p1a: Comfey\n|-damage|p2a: Zarude|56/100|[from] item: Life Orb\n|\n|upkeep\n|inactive|Time left: 300 sec this turn | 300 sec total | 10 sec grace\n|\n|t:|1783569371\n|switch|p1a: Salazzle|Salazzle, L83, F|249/249\n|turn|8\n|inactive|Time left: 300 sec this turn | 300 sec total\n|\n|t:|1783569372\n|switch|p2a: Incineroar|Incineroar, L82, M|100/100\n|-ability|p2a: Incineroar|Intimidate|boost\n|-unboost|p1a: Salazzle|atk|1\n|move|p1a: Salazzle|Flamethrower|p2a: Incineroar\n|-resisted|p2a: Incineroar\n|-damage|p2a: Incineroar|89/100\n|\n|upkeep\n|turn|9\n|inactive|Time left: 300 sec this turn | 300 sec total\n|\n|t:|1783569373\n|move|p1a: Salazzle|Protect|p1a: Salazzle\n|-singleturn|p1a: Salazzle|Protect\n|move|p2a: Incineroar|Knock Off|p1a: Salazzle\n|-activate|p1a: Salazzle|move: Protect\n|\n|upkeep\n|turn|10\n|inactive|Time left: 300 sec this turn | 300 sec total\n|\n|t:|1783569374\n|move|p1a: Salazzle|Toxic|p2a: Incineroar\n|-status|p2a: Incineroar|tox\n|move|p2a: Incineroar|Knock Off|p1a: Salazzle\n|-damage|p1a: Salazzle|89/249\n|-enditem|p1a: Salazzle|Leftovers|[from] move: Knock Off|[of] p2a: Incineroar\n|\n|-damage|p2a: Incineroar|83/100 tox|[from] psn\n|upkeep\n|turn|11\n|inactive|Time left: 300 sec this turn | 300 sec total\n|\n|t:|1783569374\n|move|p1a: Salazzle|Flamethrower|p2a: Incineroar\n|-resisted|p2a: Incineroar\n|-damage|p2a: Incineroar|71/100 tox\n|move|p2a: Incineroar|Knock Off|p1a: Salazzle\n|-damage|p1a: Salazzle|0 fnt\n|faint|p1a: Salazzle\n|\n|-damage|p2a: Incineroar|58/100 tox|[from] psn\n|upkeep\n|inactive|Time left: 300 sec this turn | 300 sec total | 5 sec grace\n|\n|t:|1783569375\n|switch|p1a: Pikachu|Pikachu-Hoenn, L93, M|216/216\n|turn|12\n|inactive|Time left: 300 sec this turn | 300 sec total\n|\n|t:|1783569376\n|move|p1a: Pikachu|Volt Tackle|p2a: Incineroar\n|-damage|p2a: Incineroar|0 fnt\n|faint|p2a: Incineroar\n|-damage|p1a: Pikachu|161/216|[from] Recoil\n|\n|upkeep\n|\n|t:|1783569377\n|switch|p2a: Dusknoir|Dusknoir, L89, F|100/100\n|-item|p1a: Pikachu|Light Ball|[from] ability: Frisk|[of] p2a: Dusknoir\n|turn|13\n|inactive|Time left: 300 sec this turn | 300 sec total\n|\n|t:|1783569378\n|move|p1a: Pikachu|Volt Switch|p2a: Dusknoir\n|-damage|p2a: Dusknoir|66/100\n|inactive|Time left: 300 sec this turn | 300 sec total | 5 sec grace\n|\n|t:|1783569379\n|switch|p1a: Medicham|Medicham, L86, M|243/243|[from] Volt Switch\n|move|p2a: Dusknoir|Earthquake|p1a: Medicham\n|-damage|p1a: Medicham|120/243\n|\n|upkeep\n|turn|14\n|inactive|Time left: 300 sec this turn | 300 sec total\n|\n|t:|1783569380\n|move|p1a: Medicham|Zen Headbutt|p2a: Dusknoir\n|-damage|p2a: Dusknoir|25/100\n|move|p2a: Dusknoir|Earthquake|p1a: Medicham\n|-damage|p1a: Medicham|0 fnt\n|faint|p1a: Medicham\n|\n|upkeep\n|inactive|Time left: 300 sec this turn | 300 sec total | 5 sec grace\n|\n|t:|1783569381\n|switch|p1a: Pikachu|Pikachu-Hoenn, L93, M|161/216\n|turn|15\n|inactive|Time left: 300 sec this turn | 300 sec total\n|\n|t:|1783569381\n|switch|p2a: Zarude|Zarude-Dada, L77|56/100\n|move|p1a: Pikachu|Surf|p2a: Zarude\n|-resisted|p2a: Zarude\n|-damage|p2a: Zarude|38/100\n|\n|upkeep\n|turn|16\n|inactive|Time left: 300 sec this turn | 300 sec total\n|\n|t:|1783569382\n|move|p1a: Pikachu|Play Rough|p2a: Zarude|[miss]\n|-miss|p1a: Pikachu|p2a: Zarude\n|move|p2a: Zarude|Power Whip|p1a: Pikachu\n|-damage|p1a: Pikachu|0 fnt\n|faint|p1a: Pikachu\n|-damage|p2a: Zarude|28/100|[from] item: Life Orb\n|\n|upkeep\n|inactive|Time left: 300 sec this turn | 300 sec total | 5 sec grace\n|\n|t:|1783569383\n|switch|p1a: Morpeko|Morpeko, L88, M|155/245\n|turn|17\n|inactive|Time left: 300 sec this turn | 300 sec total\n|\n|t:|1783569384\n|-terastallize|p1a: Morpeko|Electric\n|move|p1a: Morpeko|Protect|p1a: Morpeko\n|-singleturn|p1a: Morpeko|Protect\n|move|p2a: Zarude|Power Whip|p1a: Morpeko\n|-activate|p1a: Morpeko|move: Protect\n|\n|-heal|p1a: Morpeko|170/245|[from] item: Leftovers\n|upkeep\n|turn|18\n|inactive|Time left: 300 sec this turn | 300 sec total\n|\n|t:|1783569385\n|move|p1a: Morpeko|Knock Off|p2a: Zarude\n|-resisted|p2a: Zarude\n|-damage|p2a: Zarude|10/100\n|-enditem|p2a: Zarude|Life Orb|[from] move: Knock Off|[of] p1a: Morpeko\n|move|p2a: Zarude|Power Whip|p1a: Morpeko\n|-damage|p1a: Morpeko|7/245\n|\n|-heal|p1a: Morpeko|22/245|[from] item: Leftovers\n|upkeep\n|turn|19\n|inactive|Time left: 300 sec this turn | 300 sec total\n|\n|t:|1783569386\n|switch|p2a: Dusknoir|Dusknoir, L89, F|25/100\n|-item|p1a: Morpeko|Leftovers|[from] ability: Frisk|[of] p2a: Dusknoir\n|move|p1a: Morpeko|Aura Wheel|p2a: Dusknoir\n|-damage|p2a: Dusknoir|0 fnt\n|-boost|p1a: Morpeko|spe|1\n|faint|p2a: Dusknoir\n|\n|-heal|p1a: Morpeko|37/245|[from] item: Leftovers\n|upkeep\n|\n|t:|1783569386\n|switch|p2a: Girafarig|Girafarig, L89, F|100/100\n|turn|20\n|inactive|Time left: 300 sec this turn | 300 sec total\n|\n|t:|1783569387\n|-terastallize|p2a: Girafarig|Normal\n|move|p1a: Morpeko|Protect|p1a: Morpeko\n|-singleturn|p1a: Morpeko|Protect\n|move|p2a: Girafarig|Thunderbolt|p1a: Morpeko\n|-activate|p1a: Morpeko|move: Protect\n|\n|-heal|p1a: Morpeko|52/245|[from] item: Leftovers\n|upkeep\n|turn|21\n|inactive|Time left: 300 sec this turn | 300 sec total\n|\n|t:|1783569388\n|move|p1a: Morpeko|Protect||[still]\n|-fail|p1a: Morpeko\n|move|p2a: Girafarig|Hyper Voice|p1a: Morpeko\n|-damage|p1a: Morpeko|0 fnt\n|faint|p1a: Morpeko\n|\n|win|p0y25375a6c", "uploadtime": 1783569388, "views": 0, "rating": 0, "private": 0, "password": null, "_winner": "p0y25375a6c", "_our_name": "p0x2537c26a"}