{"id": "battle-gen9randombattle-290", "formatid": "gen9randombattle", "format": "[Gen 9] Random Battle", "players": ["p0x2901716", "p0y2908374"], "log": "|init|battle\n|title|p0x2901716 vs. p0y2908374\n|j|\u2606p0x2901716\n|j|\u2606p0y2908374\n|t:|1783542944\n|gametype|singles\n|player|p1|p0x2901716|265|\n|player|p2|p0y2908374|1|\n|gen|9\n|tier|[Gen 9] Random Battle\n|rule|Species Clause: Limit one of each Pok\u00e9mon\n|rule|HP Percentage Mod: HP is shown in percentages\n|rule|Sleep Clause Mod: Limit one foe put to sleep\n|rule|Illusion Level Mod: Illusion disguises the Pok\u00e9mon's true level\n|\n|t:|1783542944\n|teamsize|p1|6\n|teamsize|p2|6\n|start\n|switch|p1a: Solgaleo|Solgaleo, L74|100/100\n|switch|p2a: Chien-Pao|Chien-Pao, L72|234/234\n|-ability|p2a: Chien-Pao|Sword of Ruin\n|turn|1\n|inactive|Battle timer is ON: inactive players will automatically lose when time's up. (requested by p0x2901716)\n|inactive|Time left: 300 sec this turn | 300 sec total | 60 sec grace\n|inactive|p0y2908374 also wants the timer to be on.\n|\n|t:|1783542945\n|-terastallize|p2a: Chien-Pao|Dark\n|move|p2a: Chien-Pao|Throat Chop|p1a: Solgaleo\n|-supereffective|p1a: Solgaleo\n|-damage|p1a: Solgaleo|0 fnt\n|faint|p1a: Solgaleo\n|\n|upkeep\n|\n|t:|1783542946\n|switch|p1a: Blastoise|Blastoise, L80, M|100/100\n|turn|2\n|inactive|Time left: 300 sec this turn | 300 sec total\n|\n|t:|1783542948\n|move|p2a: Chien-Pao|Throat Chop|p1a: Blastoise\n|-damage|p1a: Blastoise|33/100\n|-start|p1a: Blastoise|Throat Chop|[silent]\n|move|p1a: Blastoise|Shell Smash|p1a: Blastoise\n|-unboost|p1a: Blastoise|def|1\n|-unboost|p1a: Blastoise|spd|1\n|-boost|p1a: Blastoise|atk|2\n|-boost|p1a: Blastoise|spa|2\n|-boost|p1a: Blastoise|spe|2\n|-enditem|p1a: Blastoise|White Herb\n|-clearnegativeboost|p1a: Blastoise|[silent]\n|\n|upkeep\n|turn|3\n|inactive|Time left: 300 sec this turn | 300 sec total\n|\n|t:|1783542949\n|move|p1a: Blastoise|Hydro Pump|p2a: Chien-Pao\n|-damage|p2a: Chien-Pao|0 fnt\n|faint|p2a: Chien-Pao\n|\n|-end|p1a: Blastoise|Throat Chop|[silent]\n|upkeep\n|inactive|Time left: 300 sec this turn | 300 sec total | 5 sec grace\n|\n|t:|1783542950\n|switch|p2a: Lilligant|Lilligant, L86, F|261/261\n|turn|4\n|inactive|Time left: 300 sec this turn | 300 sec total\n|\n|t:|1783542951\n|move|p1a: Blastoise|Ice Beam|p2a: Lilligant\n|-supereffective|p2a: Lilligant\n|-damage|p2a: Lilligant|19/261\n|move|p2a: Lilligant|Petal Dance|p1a: Blastoise\n|-supereffective|p1a: Blastoise\n|-damage|p1a: Blastoise|0 fnt\n|faint|p1a: Blastoise\n|-damage|p2a: Lilligant|0 fnt|[from] item: Life Orb\n|faint|p2a: Lilligant\n|\n|upkeep\n|inactive|Time left: 300 sec this turn | 300 sec total | 5 sec grace\n|\n|t:|1783542952\n|switch|p2a: Weezing|Weezing-Galar, L86, M|252/252\n|switch|p1a: Vikavolt|Vikavolt, L83, F|100/100\n|turn|5\n|inactive|Time left: 300 sec this turn | 300 sec total\n|\n|t:|1783542953\n|move|p2a: Weezing|Fire Blast|p1a: Vikavolt|[miss]\n|-miss|p2a: Weezing|p1a: Vikavolt\n|move|p1a: Vikavolt|Thunderbolt|p2a: Weezing\n|-damage|p2a: Weezing|105/252\n|\n|-heal|p2a: Weezing|120/252|[from] item: Leftovers\n|upkeep\n|turn|6\n|inactive|Time left: 300 sec this turn | 300 sec total\n|\n|t:|1783542954\n|move|p2a: Weezing|Fire Blast|p1a: Vikavolt\n|-supereffective|p1a: Vikavolt\n|-damage|p1a: Vikavolt|35/100\n|move|p1a: Vikavolt|Thunderbolt|p2a: Weezing\n|-damage|p2a: Weezing|0 fnt\n|faint|p2a: Weezing\n|\n|upkeep\n|inactive|Time left: 300 sec this turn | 300 sec total | 5 sec grace\n|\n|t:|1783542955\n|switch|p2a: Krookodile|Krookodile, L79, M|280/280\n|-ability|p2a: Krookodile|Intimidate|boost\n|-unboost|p1a: Vikavolt|atk|1\n|turn|7\n|inactive|Time left: 300 sec this turn | 300 sec total\n|\n|t:|1783542956\n|switch|p1a: Tauros|Tauros-Paldea-Combat, L82, M|100/100\n|-ability|p1a: Tauros|Intimidate|boost\n|-unboost|p2a: Krookodile|atk|1\n|move|p2a: Krookodile|Knock Off|p1a: Tauros\n|-resisted|p1a: Tauros\n|-damage|p1a: Tauros|89/100\n|-enditem|p1a: Tauros|Life Orb|[from] move: Knock Off|[of] p2a: Krookodile\n|\n|upkeep\n|turn|8\n|inactive|Time left: 300 sec this turn | 300 sec total\n|\n|t:|1783542957\n|switch|p2a: Comfey|Comfey, L85, F|225/225\n|move|p1a: Tauros|Bulk Up|p1a: Tauros\n|-boost|p1a: Tauros|atk|1\n|-boost|p1a: Tauros|def|1\n|\n|upkeep\n|turn|9\n|inactive|Time left: 300 sec this turn | 300 sec total\n|\n|t:|1783542958\n|move|p2a: Comfey|Draining Kiss|p1a: Tauros\n|-supereffective|p1a: Tauros\n|-damage|p1a: Tauros|44/100\n|move|p1a: Tauros|Bulk Up|p1a: Tauros\n|-boost|p1a: Tauros|atk|1\n|-boost|p1a: Tauros|def|1\n|\n|upkeep\n|turn|10\n|inactive|Time left: 300 sec this turn | 300 sec total\n|\n|t:|1783542959\n|switch|p1a: Vikavolt|Vikavolt, L83, F|35/100\n|move|p2a: Comfey|Draining Kiss|p1a: Vikavolt\n|-damage|p1a: Vikavolt|14/100\n|\n|upkeep\n|turn|11\n|inactive|Time left: 300 sec this turn | 300 sec total\n|\n|t:|1783542960\n|switch|p1a: Scyther|Scyther, L82, F|100/100\n|move|p2a: Comfey|Tera Blast|p1a: Scyther\n|-damage|p1a: Scyther|76/100\n|\n|upkeep\n|turn|12\n|inactive|Time left: 300 sec this turn | 300 sec total\n|\n|t:|1783542961\n|move|p1a: Scyther|Dual Wingbeat|p2a: Comfey\n|-damage|p2a: Comfey|159/225\n|-damage|p2a: Comfey|96/225\n|-hitcount|p2a: Comfey|2\n|move|p2a: Comfey|Calm Mind|p2a: Comfey\n|-boost|p2a: Comfey|spa|1\n|-boost|p2a: Comfey|spd|1\n|\n|-heal|p2a: Comfey|110/225|[from] item: Leftovers\n|upkeep\n|turn|13\n|inactive|Time left: 300 sec this turn | 300 sec total\n|\n|t:|1783542962\n|move|p2a: Comfey|Draining Kiss|p1a: Scyther\n|-damage|p1a: Scyther|43/100\n|-heal|p2a: Comfey|172/225|[from] drain|[of] p1a: Scyther\n|move|p1a: Scyther|Dual Wingbeat|p2a: Comfey\n|-damage|p2a: Comfey|108/225\n|-damage|p2a: Comfey|36/225\n|-hitcount|p2a: Comfey|2\n|\n|-heal|p2a: Comfey|50/225|[from] item: Leftovers\n|upkeep\n|turn|14\n|inactive|Time left: 300 sec this turn | 300 sec total\n|\n|t:|1783542963\n|move|p2a: Comfey|Draining Kiss|p1a: Scyther\n|-damage|p1a: Scyther|11/100\n|-heal|p2a: Comfey|109/225|[from] drain|[of] p1a: Scyther\n|move|p1a: Scyther|Dual Wingbeat|p2a: Comfey\n|-damage|p2a: Comfey|43/225\n|-damage|p2a: Comfey|0 fnt\n|faint|p2a: Comfey\n|-hitcount|p2: Comfey|2\n|\n|upkeep\n|inactive|Time left: 300 sec this turn | 300 sec total | 5 sec grace\n|\n|t:|1783542964\n|switch|p2a: Kilowattrel|Kilowattrel, L83, M|252/252\n|turn|15\n|inactive|Time left: 300 sec this turn | 300 sec total\n|\n|t:|1783542965\n|move|p2a: Kilowattrel|Discharge|p1a: Scyther\n|-supereffective|p1a: Scyther\n|-damage|p1a: Scyther|0 fnt\n|faint|p1a: Scyther\n|\n|upkeep\n|\n|t:|1783542966\n|switch|p1a: Noivern|Noivern, L82, M|100/100\n|turn|16\n|inactive|Time left: 300 sec this turn | 300 sec total\n|\n|t:|1783542967\n|-terastallize|p1a: Noivern|Normal\n|move|p2a: Kilowattrel|Discharge|p1a: Noivern\n|-damage|p1a: Noivern|65/100\n|-status|p1a: Noivern|par\n|move|p1a: Noivern|Boomburst|p2a: Kilowattrel\n|-damage|p2a: Kilowattrel|0 fnt\n|faint|p2a: Kilowattrel\n|\n|upkeep\n|inactive|Time left: 300 sec this turn | 300 sec total | 5 sec grace\n|\n|t:|1783542968\n|switch|p2a: Krookodile|Krookodile, L79, M|280/280\n|-ability|p2a: Krookodile|Intimidate|boost\n|-unboost|p1a: Noivern|atk|1\n|turn|17\n|inactive|Time left: 300 sec this turn | 300 sec total\n|\n|t:|1783542969\n|switch|p1a: Tauros|Tauros-Paldea-Combat, L82, M|44/100\n|-ability|p1a: Tauros|Intimidate|boost\n|-unboost|p2a: Krookodile|atk|1\n|move|p2a: Krookodile|Bulk Up|p2a: Krookodile\n|-boost|p2a: Krookodile|atk|1\n|-boost|p2a: Krookodile|def|1\n|\n|upkeep\n|turn|18\n|inactive|Time left: 300 sec this turn | 300 sec total\n|\n|t:|1783542970\n|move|p1a: Tauros|Close Combat|p2a: Krookodile\n|-supereffective|p2a: Krookodile\n|-damage|p2a: Krookodile|68/280\n|-unboost|p1a: Tauros|def|1\n|-unboost|p1a: Tauros|spd|1\n|move|p2a: Krookodile|Earthquake|p1a: Tauros\n|-damage|p1a: Tauros|0 fnt\n|faint|p1a: Tauros\n|\n|-heal|p2a: Krookodile|85/280|[from] item: Leftovers\n|upkeep\n|\n|t:|1783542971\n|switch|p1a: Vikavolt|Vikavolt, L83, F|14/100\n|turn|19\n|inactive|Time left: 300 sec this turn | 300 sec total\n|\n|t:|1783542972\n|move|p2a: Krookodile|Knock Off|p1a: Vikavolt\n|-damage|p1a: Vikavolt|0 fnt\n|-enditem|p1a: Vikavolt|Heavy-Duty Boots|[from] move: Knock Off|[of] p2a: Krookodile\n|faint|p1a: Vikavolt\n|\n|-heal|p2a: Krookodile|102/280|[from] item: Leftovers\n|upkeep\n|\n|t:|1783542972\n|switch|p1a: Noivern|Noivern, L82, M, tera:Normal|65/100 par\n|turn|20\n|inactive|Time left: 300 sec this turn | 300 sec total\n|\n|t:|1783542973\n|move|p2a: Krookodile|Earthquake|p1a: Noivern\n|-damage|p1a: Noivern|26/100 par\n|move|p1a: Noivern|Boomburst|p2a: Krookodile\n|-damage|p2a: Krookodile|0 fnt\n|faint|p2a: Krookodile\n|\n|win|p0x2901716", "uploadtime": 1783542973, "views": 0, "rating": 0, "private": 0, "password": null, "_winner": "p0x2901716", "_our_name": "p0y2908374"}