{"id": "battle-gen9randombattle-480", "formatid": "gen9randombattle", "format": "[Gen 9] Random Battle", "players": ["p0x480709c", "p0y4808474"], "log": "|init|battle\n|title|p0x480709c vs. p0y4808474\n|j|\u2606p0x480709c\n|j|\u2606p0y4808474\n|t:|1783545363\n|gametype|singles\n|player|p1|p0x480709c|265|\n|player|p2|p0y4808474|1|\n|gen|9\n|tier|[Gen 9] Random Battle\n|rule|Species Clause: Limit one of each Pok\u00e9mon\n|rule|HP Percentage Mod: HP is shown in percentages\n|rule|Sleep Clause Mod: Limit one foe put to sleep\n|rule|Illusion Level Mod: Illusion disguises the Pok\u00e9mon's true level\n|\n|t:|1783545363\n|teamsize|p1|6\n|teamsize|p2|6\n|start\n|switch|p1a: Ting-Lu|Ting-Lu, L78|370/370\n|switch|p2a: Dugtrio|Dugtrio, L84, M|100/100\n|-ability|p1a: Ting-Lu|Vessel of Ruin\n|turn|1\n|inactive|Battle timer is ON: inactive players will automatically lose when time's up. (requested by p0x480709c)\n|inactive|p0y4808474 also wants the timer to be on.\n|\n|t:|1783545365\n|switch|p2a: Kricketune|Kricketune, L99, M|100/100\n|move|p1a: Ting-Lu|Earthquake|p2a: Kricketune\n|-resisted|p2a: Kricketune\n|-damage|p2a: Kricketune|79/100\n|\n|upkeep\n|turn|2\n|inactive|Time left: 300 sec this turn | 300 sec total\n|\n|t:|1783545366\n|move|p2a: Kricketune|Sticky Web|p1a: Ting-Lu\n|-sidestart|p1: p0x480709c|move: Sticky Web\n|move|p1a: Ting-Lu|Payback|p2a: Kricketune\n|-damage|p2a: Kricketune|37/100\n|\n|upkeep\n|turn|3\n|inactive|Time left: 300 sec this turn | 300 sec total\n|\n|t:|1783545367\n|move|p2a: Kricketune|Pounce|p1a: Ting-Lu\n|-supereffective|p1a: Ting-Lu\n|-damage|p1a: Ting-Lu|212/370\n|-unboost|p1a: Ting-Lu|spe|1\n|move|p1a: Ting-Lu|Payback|p2a: Kricketune\n|-damage|p2a: Kricketune|0 fnt\n|faint|p2a: Kricketune\n|\n|-heal|p1a: Ting-Lu|235/370|[from] item: Leftovers\n|upkeep\n|\n|t:|1783545368\n|switch|p2a: Bruxish|Bruxish, L85, M|100/100\n|turn|4\n|inactive|Time left: 300 sec this turn | 300 sec total\n|\n|t:|1783545370\n|move|p2a: Bruxish|Wave Crash|p1a: Ting-Lu\n|-supereffective|p1a: Ting-Lu\n|-damage|p1a: Ting-Lu|0 fnt\n|faint|p1a: Ting-Lu\n|-damage|p2a: Bruxish|70/100|[from] Recoil\n|\n|upkeep\n|inactive|Time left: 300 sec this turn | 300 sec total | 5 sec grace\n|\n|t:|1783545371\n|switch|p1a: Pelipper|Pelipper, L86, F|243/243\n|-weather|RainDance|[from] ability: Drizzle|[of] p1a: Pelipper\n|turn|5\n|inactive|Time left: 300 sec this turn | 300 sec total\n|\n|t:|1783545372\n|move|p2a: Bruxish|Wave Crash|p1a: Pelipper\n|-resisted|p1a: Pelipper\n|-damage|p1a: Pelipper|116/243\n|-damage|p2a: Bruxish|53/100|[from] Recoil\n|move|p1a: Pelipper|Hurricane|p2a: Bruxish\n|-damage|p2a: Bruxish|0 fnt\n|faint|p2a: Bruxish\n|\n|-weather|RainDance|[upkeep]\n|upkeep\n|\n|t:|1783545373\n|switch|p2a: Mabosstiff|Mabosstiff, L86, M|100/100\n|turn|6\n|inactive|Time left: 300 sec this turn | 300 sec total\n|\n|t:|1783545373\n|move|p2a: Mabosstiff|Crunch|p1a: Pelipper\n|-damage|p1a: Pelipper|0 fnt\n|faint|p1a: Pelipper\n|\n|-weather|RainDance|[upkeep]\n|upkeep\n|inactive|Time left: 300 sec this turn | 300 sec total | 5 sec grace\n|\n|t:|1783545374\n|switch|p1a: Hitmonchan|Hitmonchan, L87, M|229/229\n|-activate|p1a: Hitmonchan|move: Sticky Web\n|-unboost|p1a: Hitmonchan|spe|1\n|turn|7\n|inactive|Time left: 300 sec this turn | 300 sec total\n|\n|t:|1783545375\n|switch|p2a: Flutter Mane|Flutter Mane, L74|100/100\n|move|p1a: Hitmonchan|Rapid Spin|p2a: Flutter Mane\n|-immune|p2a: Flutter Mane\n|\n|-weather|RainDance|[upkeep]\n|upkeep\n|turn|8\n|inactive|Time left: 300 sec this turn | 300 sec total\n|\n|t:|1783545376\n|move|p2a: Flutter Mane|Moonblast|p1a: Hitmonchan\n|-supereffective|p1a: Hitmonchan\n|-damage|p1a: Hitmonchan|49/229\n|move|p1a: Hitmonchan|Knock Off|p2a: Flutter Mane\n|-damage|p2a: Flutter Mane|45/100\n|-enditem|p2a: Flutter Mane|Choice Specs|[from] move: Knock Off|[of] p1a: Hitmonchan\n|\n|-weather|RainDance|[upkeep]\n|upkeep\n|turn|9\n|inactive|Time left: 300 sec this turn | 300 sec total\n|\n|t:|1783545377\n|-terastallize|p1a: Hitmonchan|Steel\n|move|p2a: Flutter Mane|Moonblast|p1a: Hitmonchan\n|-resisted|p1a: Hitmonchan\n|-damage|p1a: Hitmonchan|22/229\n|move|p1a: Hitmonchan|Poison Jab|p2a: Flutter Mane\n|-damage|p2a: Flutter Mane|0 fnt\n|faint|p2a: Flutter Mane\n|-end|p2a: Flutter Mane|Protosynthesis|[silent]\n|\n|-weather|none\n|upkeep\n|\n|t:|1783545377\n|switch|p2a: Mabosstiff|Mabosstiff, L86, M|100/100\n|turn|10\n|inactive|Time left: 300 sec this turn | 300 sec total\n|\n|t:|1783545378\n|move|p2a: Mabosstiff|Crunch|p1a: Hitmonchan\n|-damage|p1a: Hitmonchan|0 fnt\n|faint|p1a: Hitmonchan\n|\n|upkeep\n|inactive|Time left: 300 sec this turn | 300 sec total | 5 sec grace\n|\n|t:|1783545379\n|switch|p1a: Pawmot|Pawmot, L80, F|243/243\n|-activate|p1a: Pawmot|move: Sticky Web\n|-unboost|p1a: Pawmot|spe|1\n|turn|11\n|inactive|Time left: 300 sec this turn | 300 sec total\n|\n|t:|1783545379\n|move|p2a: Mabosstiff|Crunch|p1a: Pawmot\n|-resisted|p1a: Pawmot\n|-damage|p1a: Pawmot|147/243\n|move|p1a: Pawmot|Close Combat|p2a: Mabosstiff\n|-supereffective|p2a: Mabosstiff\n|-damage|p2a: Mabosstiff|0 fnt\n|-unboost|p1a: Pawmot|def|1\n|-unboost|p1a: Pawmot|spd|1\n|faint|p2a: Mabosstiff\n|-damage|p1a: Pawmot|123/243|[from] item: Life Orb\n|\n|upkeep\n|\n|t:|1783545380\n|switch|p2a: Miraidon|Miraidon, L65|100/100\n|-fieldstart|move: Electric Terrain|[from] ability: Hadron Engine|[of] p2a: Miraidon\n|turn|12\n|inactive|Time left: 300 sec this turn | 300 sec total\n|\n|t:|1783545381\n|move|p2a: Miraidon|Dragon Pulse|p1a: Pawmot\n|-damage|p1a: Pawmot|0 fnt\n|faint|p1a: Pawmot\n|-damage|p2a: Miraidon|91/100|[from] item: Life Orb\n|\n|upkeep\n|inactive|Time left: 300 sec this turn | 300 sec total | 5 sec grace\n|\n|t:|1783545382\n|switch|p1a: Raichu|Raichu-Alola, L87, M|246/246\n|-activate|p1a: Raichu|move: Sticky Web\n|-unboost|p1a: Raichu|spe|1\n|turn|13\n|inactive|Time left: 300 sec this turn | 300 sec total\n|\n|t:|1783545383\n|-terastallize|p2a: Miraidon|Electric\n|move|p1a: Raichu|Nasty Plot|p1a: Raichu\n|-boost|p1a: Raichu|spa|2\n|move|p2a: Miraidon|Electro Drift|p1a: Raichu\n|-resisted|p1a: Raichu\n|-damage|p1a: Raichu|125/246\n|-damage|p2a: Miraidon|81/100|[from] item: Life Orb\n|\n|upkeep\n|turn|14\n|inactive|Time left: 300 sec this turn | 300 sec total\n|\n|t:|1783545384\n|switch|p2a: Dugtrio|Dugtrio, L84, M|100/100\n|move|p1a: Raichu|Psyshock|p2a: Dugtrio\n|-enditem|p2a: Dugtrio|Focus Sash\n|-damage|p2a: Dugtrio|1/100\n|-damage|p1a: Raichu|101/246|[from] item: Life Orb\n|\n|upkeep\n|turn|15\n|inactive|Time left: 300 sec this turn | 300 sec total\n|\n|t:|1783545385\n|move|p2a: Dugtrio|Sucker Punch||[still]\n|-fail|p2a: Dugtrio\n|move|p1a: Raichu|Nasty Plot|p1a: Raichu\n|-boost|p1a: Raichu|spa|2\n|\n|upkeep\n|turn|16\n|inactive|Time left: 300 sec this turn | 300 sec total\n|\n|t:|1783545386\n|move|p2a: Dugtrio|Sucker Punch||[still]\n|-fail|p2a: Dugtrio\n|move|p1a: Raichu|Nasty Plot|p1a: Raichu\n|-boost|p1a: Raichu|spa|2\n|\n|-fieldend|move: Electric Terrain\n|upkeep\n|turn|17\n|inactive|Time left: 300 sec this turn | 300 sec total\n|\n|t:|1783545387\n|move|p2a: Dugtrio|Earthquake|p1a: Raichu\n|-supereffective|p1a: Raichu\n|-damage|p1a: Raichu|0 fnt\n|faint|p1a: Raichu\n|\n|upkeep\n|inactive|Time left: 300 sec this turn | 300 sec total | 5 sec grace\n|\n|t:|1783545388\n|switch|p1a: Flutter Mane|Flutter Mane, L74|203/203\n|-activate|p1a: Flutter Mane|move: Sticky Web\n|-unboost|p1a: Flutter Mane|spe|1\n|turn|18\n|inactive|Time left: 300 sec this turn | 300 sec total\n|\n|t:|1783545389\n|move|p2a: Dugtrio|Earthquake|p1a: Flutter Mane\n|-damage|p1a: Flutter Mane|25/203\n|move|p1a: Flutter Mane|Calm Mind|p1a: Flutter Mane\n|-boost|p1a: Flutter Mane|spa|1\n|-boost|p1a: Flutter Mane|spd|1\n|\n|upkeep\n|turn|19\n|inactive|Time left: 300 sec this turn | 300 sec total\n|\n|t:|1783545390\n|move|p2a: Dugtrio|Earthquake|p1a: Flutter Mane\n|-damage|p1a: Flutter Mane|0 fnt\n|faint|p1a: Flutter Mane\n|-end|p1a: Flutter Mane|Protosynthesis|[silent]\n|\n|win|p0y4808474", "uploadtime": 1783545390, "views": 0, "rating": 0, "private": 0, "password": null, "_winner": "p0y4808474", "_our_name": "p0x480709c"}