{"id": "battle-gen9randombattle-2165", "formatid": "gen9randombattle", "format": "[Gen 9] Random Battle", "players": ["p0x21659d78", "p0y21655872"], "log": "|init|battle\n|title|p0x21659d78 vs. p0y21655872\n|j|\u2606p0x21659d78\n|j|\u2606p0y21655872\n|t:|1783565075\n|gametype|singles\n|player|p1|p0x21659d78|169|\n|player|p2|p0y21655872|1|\n|gen|9\n|tier|[Gen 9] Random Battle\n|rule|Species Clause: Limit one of each Pok\u00e9mon\n|rule|HP Percentage Mod: HP is shown in percentages\n|rule|Sleep Clause Mod: Limit one foe put to sleep\n|rule|Illusion Level Mod: Illusion disguises the Pok\u00e9mon's true level\n|\n|t:|1783565075\n|teamsize|p1|6\n|teamsize|p2|6\n|start\n|switch|p1a: Necrozma|Necrozma, L80|100/100\n|switch|p2a: Girafarig|Girafarig, L89, M|269/269\n|turn|1\n|inactive|Battle timer is ON: inactive players will automatically lose when time's up. (requested by p0y21655872)\n|inactive|p0x21659d78 also wants the timer to be on.\n|\n|t:|1783565077\n|move|p2a: Girafarig|Nasty Plot|p2a: Girafarig\n|-boost|p2a: Girafarig|spa|2\n|move|p1a: Necrozma|Calm Mind|p1a: Necrozma\n|-boost|p1a: Necrozma|spa|1\n|-boost|p1a: Necrozma|spd|1\n|\n|upkeep\n|turn|2\n|inactive|Time left: 300 sec this turn | 300 sec total\n|\n|t:|1783565079\n|move|p2a: Girafarig|Nasty Plot|p2a: Girafarig\n|-boost|p2a: Girafarig|spa|2\n|move|p1a: Necrozma|Calm Mind|p1a: Necrozma\n|-boost|p1a: Necrozma|spa|1\n|-boost|p1a: Necrozma|spd|1\n|\n|upkeep\n|turn|3\n|inactive|Time left: 300 sec this turn | 300 sec total\n|\n|t:|1783565080\n|move|p2a: Girafarig|Hyper Voice|p1a: Necrozma\n|-damage|p1a: Necrozma|48/100\n|move|p1a: Necrozma|Earth Power|p2a: Girafarig\n|-damage|p2a: Girafarig|147/269\n|\n|-heal|p1a: Necrozma|54/100|[from] item: Leftovers\n|upkeep\n|turn|4\n|inactive|Time left: 300 sec this turn | 300 sec total\n|\n|t:|1783565081\n|-terastallize|p1a: Necrozma|Steel\n|move|p2a: Girafarig|Hyper Voice|p1a: Necrozma\n|-resisted|p1a: Necrozma\n|-damage|p1a: Necrozma|25/100\n|move|p1a: Necrozma|Moonlight|p1a: Necrozma\n|-heal|p1a: Necrozma|75/100\n|\n|-heal|p1a: Necrozma|81/100|[from] item: Leftovers\n|upkeep\n|turn|5\n|inactive|Time left: 300 sec this turn | 300 sec total\n|\n|t:|1783565082\n|move|p2a: Girafarig|Psyshock|p1a: Necrozma\n|-resisted|p1a: Necrozma\n|-damage|p1a: Necrozma|39/100\n|move|p1a: Necrozma|Moonlight|p1a: Necrozma\n|-heal|p1a: Necrozma|89/100\n|\n|-heal|p1a: Necrozma|95/100|[from] item: Leftovers\n|upkeep\n|turn|6\n|inactive|Time left: 300 sec this turn | 300 sec total\n|\n|t:|1783565083\n|move|p2a: Girafarig|Thunderbolt|p1a: Necrozma\n|-damage|p1a: Necrozma|58/100\n|move|p1a: Necrozma|Photon Geyser|p2a: Girafarig\n|-resisted|p2a: Girafarig\n|-damage|p2a: Girafarig|46/269\n|\n|-heal|p1a: Necrozma|64/100|[from] item: Leftovers\n|upkeep\n|turn|7\n|inactive|Time left: 300 sec this turn | 300 sec total\n|\n|t:|1783565083\n|move|p2a: Girafarig|Thunderbolt|p1a: Necrozma\n|-damage|p1a: Necrozma|30/100\n|move|p1a: Necrozma|Earth Power|p2a: Girafarig\n|-damage|p2a: Girafarig|0 fnt\n|faint|p2a: Girafarig\n|\n|-heal|p1a: Necrozma|36/100|[from] item: Leftovers\n|upkeep\n|inactive|Time left: 300 sec this turn | 300 sec total | 5 sec grace\n|\n|t:|1783565084\n|switch|p2a: Krookodile|Krookodile, L79, F|280/280\n|-ability|p2a: Krookodile|Intimidate|boost\n|-unboost|p1a: Necrozma|atk|1\n|turn|8\n|inactive|Time left: 300 sec this turn | 300 sec total\n|\n|t:|1783565085\n|switch|p1a: Granbull|Granbull, L88, F|100/100\n|-ability|p1a: Granbull|Intimidate|boost\n|-unboost|p2a: Krookodile|atk|1\n|move|p2a: Krookodile|Earthquake|p1a: Granbull\n|-damage|p1a: Granbull|75/100\n|\n|-heal|p1a: Granbull|81/100|[from] item: Leftovers\n|upkeep\n|turn|9\n|inactive|Time left: 300 sec this turn | 300 sec total\n|\n|t:|1783565086\n|switch|p2a: Dusknoir|Dusknoir, L89, F|225/225\n|-item|p1a: Granbull|Leftovers|[from] ability: Frisk|[of] p2a: Dusknoir\n|move|p1a: Granbull|Play Rough|p2a: Dusknoir\n|-damage|p2a: Dusknoir|143/225\n|\n|-heal|p2a: Dusknoir|157/225|[from] item: Leftovers\n|-heal|p1a: Granbull|87/100|[from] item: Leftovers\n|upkeep\n|turn|10\n|inactive|Time left: 300 sec this turn | 300 sec total\n|\n|t:|1783565087\n|move|p2a: Dusknoir|Will-O-Wisp|p1a: Granbull\n|-status|p1a: Granbull|brn\n|move|p1a: Granbull|Play Rough|p2a: Dusknoir\n|-damage|p2a: Dusknoir|116/225\n|\n|-heal|p2a: Dusknoir|130/225|[from] item: Leftovers\n|-heal|p1a: Granbull|93/100 brn|[from] item: Leftovers\n|-damage|p1a: Granbull|87/100 brn|[from] brn\n|upkeep\n|turn|11\n|inactive|Time left: 300 sec this turn | 300 sec total\n|\n|t:|1783565088\n|switch|p1a: Gliscor|Gliscor, L76, F|100/100\n|move|p2a: Dusknoir|Poltergeist|p1a: Gliscor\n|-activate|p1a: Gliscor|move: Poltergeist|Toxic Orb\n|-damage|p1a: Gliscor|57/100\n|\n|-heal|p2a: Dusknoir|144/225|[from] item: Leftovers\n|-status|p1a: Gliscor|tox|[from] item: Toxic Orb\n|upkeep\n|turn|12\n|inactive|Time left: 300 sec this turn | 300 sec total\n|\n|t:|1783565089\n|move|p1a: Gliscor|Toxic|p2a: Dusknoir|[miss]\n|-miss|p1a: Gliscor|p2a: Dusknoir\n|move|p2a: Dusknoir|Poltergeist|p1a: Gliscor\n|-activate|p1a: Gliscor|move: Poltergeist|Toxic Orb\n|-damage|p1a: Gliscor|8/100 tox\n|\n|-heal|p2a: Dusknoir|158/225|[from] item: Leftovers\n|-heal|p1a: Gliscor|20/100 tox|[from] ability: Poison Heal\n|upkeep\n|turn|13\n|inactive|Time left: 300 sec this turn | 300 sec total\n|\n|t:|1783565090\n|move|p1a: Gliscor|Protect|p1a: Gliscor\n|-singleturn|p1a: Gliscor|Protect\n|move|p2a: Dusknoir|Poltergeist|p1a: Gliscor\n|-activate|p1a: Gliscor|move: Protect\n|\n|-heal|p2a: Dusknoir|172/225|[from] item: Leftovers\n|-heal|p1a: Gliscor|32/100 tox|[from] ability: Poison Heal\n|upkeep\n|turn|14\n|inactive|Time left: 300 sec this turn | 300 sec total\n|\n|t:|1783565091\n|move|p1a: Gliscor|Toxic|p2a: Dusknoir|[miss]\n|-miss|p1a: Gliscor|p2a: Dusknoir\n|move|p2a: Dusknoir|Poltergeist|p1a: Gliscor\n|-activate|p1a: Gliscor|move: Poltergeist|Toxic Orb\n|-damage|p1a: Gliscor|0 fnt\n|faint|p1a: Gliscor\n|\n|-heal|p2a: Dusknoir|186/225|[from] item: Leftovers\n|upkeep\n|\n|t:|1783565092\n|switch|p1a: Necrozma|Necrozma, L80, tera:Steel|36/100\n|turn|15\n|inactive|Time left: 300 sec this turn | 300 sec total\n|\n|t:|1783565093\n|move|p1a: Necrozma|Moonlight|p1a: Necrozma\n|-heal|p1a: Necrozma|86/100\n|move|p2a: Dusknoir|Poltergeist|p1a: Necrozma\n|-activate|p1a: Necrozma|move: Poltergeist|Leftovers\n|-damage|p1a: Necrozma|44/100\n|\n|-heal|p1a: Necrozma|50/100|[from] item: Leftovers\n|-heal|p2a: Dusknoir|200/225|[from] item: Leftovers\n|upkeep\n|turn|16\n|inactive|Time left: 300 sec this turn | 300 sec total\n|\n|t:|1783565094\n|move|p1a: Necrozma|Moonlight|p1a: Necrozma\n|-heal|p1a: Necrozma|99/100\n|move|p2a: Dusknoir|Earthquake|p1a: Necrozma\n|-supereffective|p1a: Necrozma\n|-damage|p1a: Necrozma|62/100\n|\n|-heal|p1a: Necrozma|68/100|[from] item: Leftovers\n|-heal|p2a: Dusknoir|214/225|[from] item: Leftovers\n|upkeep\n|turn|17\n|inactive|Time left: 300 sec this turn | 300 sec total\n|\n|t:|1783565095\n|move|p1a: Necrozma|Moonlight|p1a: Necrozma\n|-heal|p1a: Necrozma|100/100\n|move|p2a: Dusknoir|Poltergeist|p1a: Necrozma\n|-activate|p1a: Necrozma|move: Poltergeist|Leftovers\n|-damage|p1a: Necrozma|54/100\n|\n|-heal|p1a: Necrozma|60/100|[from] item: Leftovers\n|-heal|p2a: Dusknoir|225/225|[from] item: Leftovers\n|upkeep\n|turn|18\n|inactive|Time left: 300 sec this turn | 300 sec total\n|\n|t:|1783565096\n|move|p1a: Necrozma|Moonlight|p1a: Necrozma\n|-heal|p1a: Necrozma|100/100\n|move|p2a: Dusknoir|Earthquake|p1a: Necrozma\n|-supereffective|p1a: Necrozma\n|-damage|p1a: Necrozma|64/100\n|\n|-heal|p1a: Necrozma|70/100|[from] item: Leftovers\n|upkeep\n|turn|19\n|inactive|Time left: 300 sec this turn | 300 sec total\n|\n|t:|1783565097\n|move|p1a: Necrozma|Moonlight|p1a: Necrozma\n|-heal|p1a: Necrozma|100/100\n|move|p2a: Dusknoir|Poltergeist|p1a: Necrozma\n|-activate|p1a: Necrozma|move: Poltergeist|Leftovers\n|-damage|p1a: Necrozma|55/100\n|\n|-heal|p1a: Necrozma|61/100|[from] item: Leftovers\n|upkeep\n|turn|20\n|inactive|Time left: 300 sec this turn | 300 sec total\n|\n|t:|1783565098\n|move|p1a: Necrozma|Moonlight|p1a: Necrozma\n|-heal|p1a: Necrozma|100/100\n|move|p2a: Dusknoir|Poltergeist|p1a: Necrozma\n|-activate|p1a: Necrozma|move: Poltergeist|Leftovers\n|-damage|p1a: Necrozma|56/100\n|\n|-heal|p1a: Necrozma|62/100|[from] item: Leftovers\n|upkeep\n|turn|21\n|inactive|Time left: 300 sec this turn | 300 sec total\n|\n|t:|1783565099\n|move|p1a: Necrozma|Calm Mind|p1a: Necrozma\n|-boost|p1a: Necrozma|spa|1\n|-boost|p1a: Necrozma|spd|1\n|move|p2a: Dusknoir|Earthquake|p1a: Necrozma\n|-supereffective|p1a: Necrozma\n|-damage|p1a: Necrozma|23/100\n|\n|-heal|p1a: Necrozma|28/100|[from] item: Leftovers\n|upkeep\n|turn|22\n|inactive|Time left: 300 sec this turn | 300 sec total\n|\n|t:|1783565100\n|move|p1a: Necrozma|Photon Geyser|p2a: Dusknoir\n|-damage|p2a: Dusknoir|102/225\n|move|p2a: Dusknoir|Earthquake|p1a: Necrozma\n|-supereffective|p1a: Necrozma\n|-damage|p1a: Necrozma|0 fnt\n|faint|p1a: Necrozma\n|\n|-heal|p2a: Dusknoir|116/225|[from] item: Leftovers\n|upkeep\n|\n|t:|1783565101\n|switch|p1a: Charizard|Charizard, L85, F|100/100\n|turn|23\n|inactive|Time left: 300 sec this turn | 300 sec total\n|\n|t:|1783565102\n|move|p1a: Charizard|Swords Dance|p1a: Charizard\n|-boost|p1a: Charizard|atk|2\n|move|p2a: Dusknoir|Pain Split|p1a: Charizard\n|-sethp|p1a: Charizard|72/100|[from] move: Pain Split|[silent]\n|-sethp|p2a: Dusknoir|193/225|[from] move: Pain Split\n|\n|-heal|p2a: Dusknoir|207/225|[from] item: Leftovers\n|upkeep\n|turn|24\n|inactive|Time left: 300 sec this turn | 300 sec total\n|\n|t:|1783565103\n|switch|p2a: Vaporeon|Vaporeon, L86, F|364/364\n|move|p1a: Charizard|Swords Dance|p1a: Charizard\n|-boost|p1a: Charizard|atk|2\n|\n|upkeep\n|turn|25\n|inactive|Time left: 300 sec this turn | 300 sec total\n|\n|t:|1783565103\n|move|p1a: Charizard|Outrage|p2a: Vaporeon\n|-damage|p2a: Vaporeon|39/364\n|move|p2a: Vaporeon|Scald|p1a: Charizard\n|-supereffective|p1a: Charizard\n|-damage|p1a: Charizard|0 fnt\n|faint|p1a: Charizard\n|\n|-heal|p2a: Vaporeon|61/364|[from] item: Leftovers\n|upkeep\n|\n|t:|1783565104\n|switch|p1a: Swalot|Swalot, L90, M|100/100\n|turn|26\n|inactive|Time left: 300 sec this turn | 300 sec total\n|\n|t:|1783565105\n|move|p2a: Vaporeon|Scald|p1a: Swalot\n|-damage|p1a: Swalot|69/100\n|move|p1a: Swalot|Swords Dance|p1a: Swalot\n|-boost|p1a: Swalot|atk|2\n|\n|-heal|p2a: Vaporeon|83/364|[from] item: Leftovers\n|-heal|p1a: Swalot|75/100|[from] item: Leftovers\n|upkeep\n|turn|27\n|inactive|Time left: 300 sec this turn | 300 sec total\n|\n|t:|1783565106\n|move|p2a: Vaporeon|Scald|p1a: Swalot\n|-damage|p1a: Swalot|46/100\n|move|p1a: Swalot|Earthquake|p2a: Vaporeon\n|-damage|p2a: Vaporeon|0 fnt\n|faint|p2a: Vaporeon\n|\n|-heal|p1a: Swalot|52/100|[from] item: Leftovers\n|upkeep\n|inactive|Time left: 300 sec this turn | 300 sec total | 5 sec grace\n|\n|t:|1783565108\n|switch|p2a: Krookodile|Krookodile, L79, F|280/280\n|-ability|p2a: Krookodile|Intimidate|boost\n|-unboost|p1a: Swalot|atk|1\n|turn|28\n|inactive|Time left: 300 sec this turn | 300 sec total\n|\n|t:|1783565109\n|switch|p1a: Granbull|Granbull, L88, F|87/100 brn\n|-ability|p1a: Granbull|Intimidate|boost\n|-unboost|p2a: Krookodile|atk|1\n|move|p2a: Krookodile|Earthquake|p1a: Granbull\n|-damage|p1a: Granbull|63/100 brn\n|\n|-heal|p1a: Granbull|69/100 brn|[from] item: Leftovers\n|-damage|p1a: Granbull|63/100 brn|[from] brn\n|upkeep\n|turn|29\n|inactive|Time left: 300 sec this turn | 300 sec total\n|\n|t:|1783565109\n|move|p2a: Krookodile|Bulk Up|p2a: Krookodile\n|-boost|p2a: Krookodile|atk|1\n|-boost|p2a: Krookodile|def|1\n|move|p1a: Granbull|Play Rough|p2a: Krookodile\n|-supereffective|p2a: Krookodile\n|-damage|p2a: Krookodile|184/280\n|\n|-heal|p2a: Krookodile|201/280|[from] item: Leftovers\n|-heal|p1a: Granbull|69/100 brn|[from] item: Leftovers\n|-damage|p1a: Granbull|63/100 brn|[from] brn\n|upkeep\n|turn|30\n|inactive|Time left: 300 sec this turn | 300 sec total\n|\n|t:|1783565111\n|move|p2a: Krookodile|Gunk Shot|p1a: Granbull\n|-supereffective|p1a: Granbull\n|-damage|p1a: Granbull|5/100 brn\n|move|p1a: Granbull|Play Rough|p2a: Krookodile\n|-supereffective|p2a: Krookodile\n|-damage|p2a: Krookodile|101/280\n|\n|-heal|p2a: Krookodile|118/280|[from] item: Leftovers\n|-heal|p1a: Granbull|11/100 brn|[from] item: Leftovers\n|-damage|p1a: Granbull|5/100 brn|[from] brn\n|upkeep\n|turn|31\n|inactive|Time left: 300 sec this turn | 300 sec total\n|\n|t:|1783565112\n|move|p2a: Krookodile|Earthquake|p1a: Granbull\n|-damage|p1a: Granbull|0 fnt\n|faint|p1a: Granbull\n|\n|-heal|p2a: Krookodile|135/280|[from] item: Leftovers\n|upkeep\n|\n|t:|1783565113\n|switch|p1a: Indeedee|Indeedee, L84, M|100/100\n|-fieldstart|move: Psychic Terrain|[from] ability: Psychic Surge|[of] p1a: Indeedee\n|turn|32\n|inactive|Time left: 300 sec this turn | 300 sec total\n|\n|t:|1783565114\n|move|p1a: Indeedee|Dazzling Gleam|p2a: Krookodile\n|-supereffective|p2a: Krookodile\n|-damage|p2a: Krookodile|0 fnt\n|faint|p2a: Krookodile\n|\n|upkeep\n|inactive|Time left: 300 sec this turn | 300 sec total | 5 sec grace\n|\n|t:|1783565115\n|switch|p2a: Dusknoir|Dusknoir, L89, F|207/225\n|-item|p1a: Indeedee|Choice Scarf|[from] ability: Frisk|[of] p2a: Dusknoir\n|turn|33\n|inactive|Time left: 300 sec this turn | 300 sec total\n|\n|t:|1783565116\n|switch|p1a: Swalot|Swalot, L90, M|52/100\n|move|p2a: Dusknoir|Earthquake|p1a: Swalot\n|-supereffective|p1a: Swalot\n|-damage|p1a: Swalot|6/100\n|\n|-heal|p1a: Swalot|12/100|[from] item: Leftovers\n|-heal|p2a: Dusknoir|221/225|[from] item: Leftovers\n|upkeep\n|turn|34\n|inactive|Time left: 300 sec this turn | 300 sec total\n|\n|t:|1783565117\n|move|p1a: Swalot|Knock Off|p2a: Dusknoir\n|-supereffective|p2a: Dusknoir\n|-damage|p2a: Dusknoir|125/225\n|-enditem|p2a: Dusknoir|Leftovers|[from] move: Knock Off|[of] p1a: Swalot\n|move|p2a: Dusknoir|Earthquake|p1a: Swalot\n|-supereffective|p1a: Swalot\n|-damage|p1a: Swalot|0 fnt\n|faint|p1a: Swalot\n|\n|upkeep\n|\n|t:|1783565118\n|switch|p1a: Indeedee|Indeedee, L84, M|100/100\n|turn|35\n|inactive|Time left: 300 sec this turn | 300 sec total\n|\n|t:|1783565119\n|-terastallize|p2a: Dusknoir|Dark\n|move|p1a: Indeedee|Shadow Ball|p2a: Dusknoir\n|-resisted|p2a: Dusknoir\n|-crit|p2a: Dusknoir\n|-damage|p2a: Dusknoir|92/225\n|-unboost|p2a: Dusknoir|spd|1\n|move|p2a: Dusknoir|Pain Split|p1a: Indeedee\n|-sethp|p1a: Indeedee|70/100|[from] move: Pain Split|[silent]\n|-sethp|p2a: Dusknoir|165/225|[from] move: Pain Split\n|\n|upkeep\n|turn|36\n|inactive|Time left: 300 sec this turn | 300 sec total\n|\n|t:|1783565120\n|move|p1a: Indeedee|Shadow Ball|p2a: Dusknoir\n|-resisted|p2a: Dusknoir\n|-damage|p2a: Dusknoir|135/225\n|-unboost|p2a: Dusknoir|spd|1\n|move|p2a: Dusknoir|Earthquake|p1a: Indeedee\n|-damage|p1a: Indeedee|23/100\n|\n|-fieldend|move: Psychic Terrain\n|upkeep\n|turn|37\n|inactive|Time left: 300 sec this turn | 300 sec total\n|\n|t:|1783565121\n|move|p1a: Indeedee|Shadow Ball|p2a: Dusknoir\n|-resisted|p2a: Dusknoir\n|-damage|p2a: Dusknoir|95/225\n|move|p2a: Dusknoir|Earthquake|p1a: Indeedee\n|-damage|p1a: Indeedee|0 fnt\n|faint|p1a: Indeedee\n|\n|win|p0y21655872", "uploadtime": 1783565121, "views": 0, "rating": 0, "private": 0, "password": null, "_winner": "p0y21655872", "_our_name": "p0y21655872"}