{"id": "battle-gen9randombattle-25", "formatid": "gen9randombattle", "format": "[Gen 9] Random Battle", "players": ["p0x024c378", "p0y024c761"], "log": "|init|battle\n|title|p0x024c378 vs. p0y024c761\n|j|\u2606p0x024c378\n|j|\u2606p0y024c761\n|t:|1783539444\n|gametype|singles\n|player|p1|p0x024c378|101|\n|player|p2|p0y024c761|1|\n|gen|9\n|tier|[Gen 9] Random Battle\n|rule|Species Clause: Limit one of each Pok\u00e9mon\n|rule|HP Percentage Mod: HP is shown in percentages\n|rule|Sleep Clause Mod: Limit one foe put to sleep\n|rule|Illusion Level Mod: Illusion disguises the Pok\u00e9mon's true level\n|\n|t:|1783539444\n|teamsize|p1|6\n|teamsize|p2|6\n|start\n|switch|p1a: Honchkrow|Honchkrow, L86, M|312/312\n|switch|p2a: Mewtwo|Mewtwo, L72|100/100\n|-ability|p2a: Mewtwo|Unnerve\n|turn|1\n|inactive|Battle timer is ON: inactive players will automatically lose when time's up. (requested by p0y024c761)\n|inactive|Time left: 300 sec this turn | 300 sec total | 60 sec grace\n|inactive|p0x024c378 also wants the timer to be on.\n|\n|t:|1783539445\n|move|p2a: Mewtwo|Nasty Plot|p2a: Mewtwo\n|-boost|p2a: Mewtwo|spa|2\n|move|p1a: Honchkrow|Brave Bird|p2a: Mewtwo\n|-damage|p2a: Mewtwo|30/100\n|-damage|p1a: Honchkrow|249/312|[from] Recoil\n|\n|upkeep\n|turn|2\n|inactive|Time left: 300 sec this turn | 300 sec total\n|\n|t:|1783539447\n|move|p2a: Mewtwo|Aura Sphere|p1a: Honchkrow\n|-damage|p1a: Honchkrow|10/312\n|-damage|p2a: Mewtwo|20/100|[from] item: Life Orb\n|move|p1a: Honchkrow|Brave Bird|p2a: Mewtwo\n|-damage|p2a: Mewtwo|0 fnt\n|faint|p2a: Mewtwo\n|-ability|p1a: Honchkrow|Moxie|boost\n|-boost|p1a: Honchkrow|atk|1\n|-damage|p1a: Honchkrow|0 fnt|[from] Recoil\n|faint|p1a: Honchkrow\n|\n|upkeep\n|inactive|Time left: 300 sec this turn | 300 sec total | 5 sec grace\n|\n|t:|1783539449\n|switch|p2a: Dunsparce|Dunsparce, L86, M|100/100\n|switch|p1a: Grimmsnarl|Grimmsnarl, L83, M|293/293\n|turn|3\n|inactive|Time left: 300 sec this turn | 300 sec total\n|\n|t:|1783539450\n|move|p1a: Grimmsnarl|Light Screen|p1a: Grimmsnarl\n|-sidestart|p1: p0x024c378|move: Light Screen\n|move|p2a: Dunsparce|Coil|p2a: Dunsparce\n|-boost|p2a: Dunsparce|atk|1\n|-boost|p2a: Dunsparce|def|1\n|-boost|p2a: Dunsparce|accuracy|1\n|\n|upkeep\n|turn|4\n|inactive|Time left: 300 sec this turn | 300 sec total\n|\n|t:|1783539451\n|move|p1a: Grimmsnarl|Reflect|p1a: Grimmsnarl\n|-sidestart|p1: p0x024c378|Reflect\n|move|p2a: Dunsparce|Body Slam|p1a: Grimmsnarl\n|-damage|p1a: Grimmsnarl|228/293\n|-status|p1a: Grimmsnarl|par\n|\n|upkeep\n|turn|5\n|inactive|Time left: 300 sec this turn | 300 sec total\n|\n|t:|1783539452\n|move|p1a: Grimmsnarl|Parting Shot|p2a: Dunsparce\n|-unboost|p2a: Dunsparce|atk|1\n|-unboost|p2a: Dunsparce|spa|1\n|inactive|Time left: 300 sec this turn | 300 sec total | 5 sec grace\n|\n|t:|1783539453\n|switch|p1a: Smeargle|Smeargle, L95, M|258/258|[from] Parting Shot\n|move|p2a: Dunsparce|Coil|p2a: Dunsparce\n|-boost|p2a: Dunsparce|atk|1\n|-boost|p2a: Dunsparce|def|1\n|-boost|p2a: Dunsparce|accuracy|1\n|\n|upkeep\n|turn|6\n|inactive|Time left: 300 sec this turn | 300 sec total\n|\n|t:|1783539454\n|move|p1a: Smeargle|Sticky Web|p2a: Dunsparce\n|-sidestart|p2: p0y024c761|move: Sticky Web\n|move|p2a: Dunsparce|Body Slam|p1a: Smeargle\n|-damage|p1a: Smeargle|162/258\n|\n|upkeep\n|turn|7\n|inactive|Time left: 300 sec this turn | 300 sec total\n|\n|t:|1783539455\n|move|p1a: Smeargle|Spore|p2a: Dunsparce\n|-status|p2a: Dunsparce|slp|[from] move: Spore\n|cant|p2a: Dunsparce|slp\n|\n|upkeep\n|turn|8\n|inactive|Time left: 300 sec this turn | 300 sec total\n|\n|t:|1783539456\n|move|p1a: Smeargle|Stealth Rock|p2a: Dunsparce\n|-sidestart|p2: p0y024c761|move: Stealth Rock\n|cant|p2a: Dunsparce|slp\n|\n|upkeep\n|turn|9\n|inactive|Time left: 300 sec this turn | 300 sec total\n|\n|t:|1783539457\n|switch|p1a: Hawlucha|Hawlucha, L80, M|256/256\n|cant|p2a: Dunsparce|slp\n|\n|upkeep\n|turn|10\n|inactive|Time left: 300 sec this turn | 300 sec total\n|\n|t:|1783539458\n|move|p1a: Hawlucha|Swords Dance|p1a: Hawlucha\n|-boost|p1a: Hawlucha|atk|2\n|-curestatus|p2a: Dunsparce|slp|[msg]\n|move|p2a: Dunsparce|Coil|p2a: Dunsparce\n|-boost|p2a: Dunsparce|atk|1\n|-boost|p2a: Dunsparce|def|1\n|-boost|p2a: Dunsparce|accuracy|1\n|\n|-sideend|p1: p0x024c378|move: Light Screen\n|upkeep\n|turn|11\n|inactive|Time left: 300 sec this turn | 300 sec total\n|\n|t:|1783539459\n|move|p1a: Hawlucha|Swords Dance|p1a: Hawlucha\n|-boost|p1a: Hawlucha|atk|2\n|move|p2a: Dunsparce|Body Slam|p1a: Hawlucha\n|-damage|p1a: Hawlucha|173/256\n|\n|-sideend|p1: p0x024c378|Reflect\n|upkeep\n|turn|12\n|inactive|Time left: 300 sec this turn | 300 sec total\n|\n|t:|1783539460\n|move|p1a: Hawlucha|Close Combat|p2a: Dunsparce\n|-supereffective|p2a: Dunsparce\n|-damage|p2a: Dunsparce|37/100\n|-unboost|p1a: Hawlucha|def|1\n|-unboost|p1a: Hawlucha|spd|1\n|-enditem|p1a: Hawlucha|White Herb\n|-clearnegativeboost|p1a: Hawlucha|[silent]\n|move|p2a: Dunsparce|Body Slam|p1a: Hawlucha\n|-damage|p1a: Hawlucha|0 fnt\n|faint|p1a: Hawlucha\n|\n|upkeep\n|inactive|Time left: 300 sec this turn | 300 sec total | 5 sec grace\n|\n|t:|1783539461\n|switch|p1a: Grimmsnarl|Grimmsnarl, L83, M|228/293 par\n|turn|13\n|inactive|Time left: 300 sec this turn | 300 sec total\n|\n|t:|1783539462\n|cant|p1a: Grimmsnarl|par\n|move|p2a: Dunsparce|Earthquake|p1a: Grimmsnarl\n|-crit|p1a: Grimmsnarl\n|-damage|p1a: Grimmsnarl|6/293 par\n|\n|upkeep\n|turn|14\n|inactive|Time left: 300 sec this turn | 300 sec total\n|\n|t:|1783539463\n|move|p1a: Grimmsnarl|Light Screen|p1a: Grimmsnarl\n|-sidestart|p1: p0x024c378|move: Light Screen\n|move|p2a: Dunsparce|Roost|p2a: Dunsparce\n|-heal|p2a: Dunsparce|87/100\n|-singleturn|p2a: Dunsparce|move: Roost\n|\n|upkeep\n|turn|15\n|inactive|Time left: 300 sec this turn | 300 sec total\n|\n|t:|1783539464\n|move|p1a: Grimmsnarl|Reflect|p1a: Grimmsnarl\n|-sidestart|p1: p0x024c378|Reflect\n|move|p2a: Dunsparce|Earthquake|p1a: Grimmsnarl\n|-damage|p1a: Grimmsnarl|0 fnt\n|faint|p1a: Grimmsnarl\n|\n|upkeep\n|inactive|Time left: 300 sec this turn | 300 sec total | 5 sec grace\n|\n|t:|1783539465\n|switch|p1a: Dudunsparce|Dudunsparce-Three-Segment, L83, M|343/343\n|turn|16\n|inactive|Time left: 300 sec this turn | 300 sec total\n|\n|t:|1783539466\n|move|p1a: Dudunsparce|Headbutt|p2a: Dunsparce\n|-damage|p2a: Dunsparce|79/100\n|cant|p2a: Dunsparce|flinch\n|\n|upkeep\n|turn|17\n|inactive|Time left: 300 sec this turn | 300 sec total\n|\n|t:|1783539467\n|move|p1a: Dudunsparce|Glare|p2a: Dunsparce\n|-status|p2a: Dunsparce|par\n|move|p2a: Dunsparce|Coil|p2a: Dunsparce\n|-boost|p2a: Dunsparce|atk|1\n|-boost|p2a: Dunsparce|def|1\n|-boost|p2a: Dunsparce|accuracy|1\n|\n|upkeep\n|turn|18\n|inactive|Time left: 300 sec this turn | 300 sec total\n|\n|t:|1783539468\n|move|p1a: Dudunsparce|Earthquake|p2a: Dunsparce\n|-damage|p2a: Dunsparce|73/100 par\n|cant|p2a: Dunsparce|par\n|\n|upkeep\n|turn|19\n|inactive|Time left: 300 sec this turn | 300 sec total\n|\n|t:|1783539470\n|move|p1a: Dudunsparce|Headbutt|p2a: Dunsparce\n|-damage|p2a: Dunsparce|66/100 par\n|move|p2a: Dunsparce|Roost|p2a: Dunsparce\n|-heal|p2a: Dunsparce|100/100 par\n|-singleturn|p2a: Dunsparce|move: Roost\n|\n|upkeep\n|turn|20\n|inactive|Time left: 300 sec this turn | 300 sec total\n|\n|t:|1783539471\n|move|p1a: Dudunsparce|Earthquake|p2a: Dunsparce\n|-damage|p2a: Dunsparce|94/100 par\n|move|p2a: Dunsparce|Body Slam|p1a: Dudunsparce\n|-damage|p1a: Dudunsparce|241/343\n|-status|p1a: Dudunsparce|par\n|\n|-heal|p1a: Dudunsparce|262/343 par|[from] item: Leftovers\n|upkeep\n|turn|21\n|inactive|Time left: 300 sec this turn | 300 sec total\n|\n|t:|1783539472\n|move|p1a: Dudunsparce|Headbutt|p2a: Dunsparce\n|-damage|p2a: Dunsparce|88/100 par\n|move|p2a: Dunsparce|Earthquake|p1a: Dudunsparce\n|-damage|p1a: Dudunsparce|177/343 par\n|\n|-heal|p1a: Dudunsparce|198/343 par|[from] item: Leftovers\n|-sideend|p1: p0x024c378|move: Light Screen\n|upkeep\n|turn|22\n|inactive|Time left: 300 sec this turn | 300 sec total\n|\n|t:|1783539473\n|move|p1a: Dudunsparce|Roost|p1a: Dudunsparce\n|-heal|p1a: Dudunsparce|343/343 par\n|-singleturn|p1a: Dudunsparce|move: Roost\n|move|p2a: Dunsparce|Earthquake|p1a: Dudunsparce\n|-damage|p1a: Dudunsparce|261/343 par\n|\n|-heal|p1a: Dudunsparce|282/343 par|[from] item: Leftovers\n|-sideend|p1: p0x024c378|Reflect\n|upkeep\n|turn|23\n|inactive|Time left: 300 sec this turn | 300 sec total\n|\n|t:|1783539474\n|cant|p1a: Dudunsparce|par\n|move|p2a: Dunsparce|Earthquake|p1a: Dudunsparce\n|-damage|p1a: Dudunsparce|119/343 par\n|\n|-heal|p1a: Dudunsparce|140/343 par|[from] item: Leftovers\n|upkeep\n|turn|24\n|inactive|Time left: 300 sec this turn | 300 sec total\n|\n|t:|1783539475\n|move|p1a: Dudunsparce|Roost|p1a: Dudunsparce\n|-heal|p1a: Dudunsparce|312/343 par\n|-singleturn|p1a: Dudunsparce|move: Roost\n|move|p2a: Dunsparce|Earthquake|p1a: Dudunsparce\n|-crit|p1a: Dudunsparce\n|-damage|p1a: Dudunsparce|67/343 par\n|\n|-heal|p1a: Dudunsparce|88/343 par|[from] item: Leftovers\n|upkeep\n|turn|25\n|inactive|Time left: 300 sec this turn | 300 sec total\n|\n|t:|1783539476\n|move|p1a: Dudunsparce|Roost|p1a: Dudunsparce\n|-heal|p1a: Dudunsparce|260/343 par\n|-singleturn|p1a: Dudunsparce|move: Roost\n|move|p2a: Dunsparce|Earthquake|p1a: Dudunsparce\n|-damage|p1a: Dudunsparce|99/343 par\n|\n|-heal|p1a: Dudunsparce|120/343 par|[from] item: Leftovers\n|upkeep\n|turn|26\n|inactive|Time left: 300 sec this turn | 300 sec total\n|\n|t:|1783539477\n|cant|p1a: Dudunsparce|par\n|move|p2a: Dunsparce|Earthquake|p1a: Dudunsparce\n|-damage|p1a: Dudunsparce|0 fnt\n|faint|p1a: Dudunsparce\n|\n|upkeep\n|inactive|Time left: 300 sec this turn | 300 sec total | 5 sec grace\n|\n|t:|1783539477\n|switch|p1a: Entei|Entei, L78|307/307\n|turn|27\n|inactive|Time left: 300 sec this turn | 300 sec total\n|\n|t:|1783539478\n|move|p1a: Entei|Sacred Fire|p2a: Dunsparce\n|-damage|p2a: Dunsparce|75/100 par\n|move|p2a: Dunsparce|Earthquake|p1a: Entei\n|-supereffective|p1a: Entei\n|-damage|p1a: Entei|0 fnt\n|faint|p1a: Entei\n|\n|upkeep\n|inactive|Time left: 300 sec this turn | 300 sec total | 5 sec grace\n|\n|t:|1783539479\n|switch|p1a: Smeargle|Smeargle, L95, M|162/258\n|turn|28\n|inactive|Time left: 300 sec this turn | 300 sec total\n|\n|t:|1783539480\n|-terastallize|p1a: Smeargle|Ghost\n|move|p1a: Smeargle|Spore||[still]\n|-fail|p1a: Smeargle\n|move|p2a: Dunsparce|Earthquake|p1a: Smeargle\n|-damage|p1a: Smeargle|0 fnt\n|faint|p1a: Smeargle\n|\n|win|p0y024c761", "uploadtime": 1783539480, "views": 0, "rating": 0, "private": 0, "password": null, "_winner": "p0y024c761", "_our_name": "p0x024c378"}