{"id": "battle-gen9randombattle-2990", "formatid": "gen9randombattle", "format": "[Gen 9] Random Battle", "players": ["p0x29909722", "p0y299086b3"], "log": "|init|battle\n|title|p0x29909722 vs. p0y299086b3\n|j|\u2606p0x29909722\n|j|\u2606p0y299086b3\n|t:|1783574434\n|gametype|singles\n|player|p1|p0x29909722|1|\n|player|p2|p0y299086b3|1|\n|gen|9\n|tier|[Gen 9] Random Battle\n|rule|Species Clause: Limit one of each Pok\u00e9mon\n|rule|HP Percentage Mod: HP is shown in percentages\n|rule|Sleep Clause Mod: Limit one foe put to sleep\n|rule|Illusion Level Mod: Illusion disguises the Pok\u00e9mon's true level\n|\n|t:|1783574434\n|teamsize|p1|6\n|teamsize|p2|6\n|start\n|switch|p1a: Gholdengo|Gholdengo, L77|100/100\n|switch|p2a: Mienshao|Mienshao, L83, M|243/243\n|turn|1\n|inactive|Battle timer is ON: inactive players will automatically lose when time's up. (requested by p0y299086b3)\n|inactive|p0x29909722 also wants the timer to be on.\n|\n|t:|1783574435\n|move|p2a: Mienshao|Knock Off|p1a: Gholdengo\n|-supereffective|p1a: Gholdengo\n|-damage|p1a: Gholdengo|0 fnt\n|-enditem|p1a: Gholdengo|Leftovers|[from] move: Knock Off|[of] p2a: Mienshao\n|faint|p1a: Gholdengo\n|\n|upkeep\n|\n|t:|1783574436\n|switch|p1a: Ninetales|Ninetales-Alola, L78, F|100/100\n|-weather|Snowscape|[from] ability: Snow Warning|[of] p1a: Ninetales\n|turn|2\n|inactive|Time left: 300 sec this turn | 300 sec total\n|\n|t:|1783574436\n|switch|p2a: Polteageist|Polteageist-Antique, L78|222/222\n|move|p1a: Ninetales|Aurora Veil|p1a: Ninetales\n|-sidestart|p1: p0x29909722|move: Aurora Veil\n|\n|-weather|Snowscape|[upkeep]\n|upkeep\n|turn|3\n|inactive|Time left: 300 sec this turn | 300 sec total\n|\n|t:|1783574437\n|switch|p1a: Tyranitar|Tyranitar, L78, F|100/100\n|-weather|Sandstorm|[from] ability: Sand Stream|[of] p1a: Tyranitar\n|move|p2a: Polteageist|Shell Smash|p2a: Polteageist\n|-unboost|p2a: Polteageist|def|1\n|-unboost|p2a: Polteageist|spd|1\n|-boost|p2a: Polteageist|atk|2\n|-boost|p2a: Polteageist|spa|2\n|-boost|p2a: Polteageist|spe|2\n|-enditem|p2a: Polteageist|White Herb\n|-clearnegativeboost|p2a: Polteageist|[silent]\n|\n|-weather|Sandstorm|[upkeep]\n|-damage|p2a: Polteageist|209/222|[from] Sandstorm\n|upkeep\n|turn|4\n|inactive|Time left: 300 sec this turn | 300 sec total\n|\n|t:|1783574438\n|move|p2a: Polteageist|Strength Sap|p1a: Tyranitar\n|-unboost|p1a: Tyranitar|atk|1\n|-heal|p2a: Polteageist|222/222\n|move|p1a: Tyranitar|Dragon Dance|p1a: Tyranitar\n|-boost|p1a: Tyranitar|atk|1\n|-boost|p1a: Tyranitar|spe|1\n|\n|-weather|Sandstorm|[upkeep]\n|-damage|p2a: Polteageist|209/222|[from] Sandstorm\n|upkeep\n|turn|5\n|inactive|Time left: 300 sec this turn | 300 sec total\n|\n|t:|1783574439\n|move|p2a: Polteageist|Strength Sap|p1a: Tyranitar\n|-unboost|p1a: Tyranitar|atk|1\n|-heal|p2a: Polteageist|222/222\n|move|p1a: Tyranitar|Knock Off|p2a: Polteageist\n|-supereffective|p2a: Polteageist\n|-damage|p2a: Polteageist|82/222\n|-start|p1a: Tyranitar|Disable|Knock Off|[from] ability: Cursed Body|[of] p2a: Polteageist\n|\n|-weather|Sandstorm|[upkeep]\n|-damage|p2a: Polteageist|69/222|[from] Sandstorm\n|upkeep\n|turn|6\n|inactive|Time left: 300 sec this turn | 300 sec total\n|\n|t:|1783574440\n|move|p2a: Polteageist|Strength Sap|p1a: Tyranitar\n|-unboost|p1a: Tyranitar|atk|1\n|-heal|p2a: Polteageist|222/222\n|move|p1a: Tyranitar|Stone Edge|p2a: Polteageist\n|-damage|p2a: Polteageist|135/222\n|\n|-weather|Sandstorm|[upkeep]\n|-damage|p2a: Polteageist|122/222|[from] Sandstorm\n|upkeep\n|turn|7\n|inactive|Time left: 300 sec this turn | 300 sec total\n|\n|t:|1783574441\n|move|p2a: Polteageist|Strength Sap|p1a: Tyranitar\n|-unboost|p1a: Tyranitar|atk|1\n|-heal|p2a: Polteageist|222/222\n|move|p1a: Tyranitar|Stone Edge|p2a: Polteageist\n|-crit|p2a: Polteageist\n|-damage|p2a: Polteageist|0 fnt\n|faint|p2a: Polteageist\n|\n|-weather|none\n|upkeep\n|inactive|Time left: 300 sec this turn | 300 sec total | 5 sec grace\n|\n|t:|1783574442\n|switch|p2a: Mienshao|Mienshao, L83, M|243/243\n|turn|8\n|inactive|Time left: 300 sec this turn | 300 sec total\n|\n|t:|1783574443\n|switch|p1a: Reuniclus|Reuniclus, L88, M|100/100\n|move|p2a: Mienshao|High Jump Kick|p1a: Reuniclus|[miss]\n|-miss|p2a: Mienshao|p1a: Reuniclus\n|-damage|p2a: Mienshao|122/243|[from] highjumpkick\n|\n|upkeep\n|turn|9\n|inactive|Time left: 300 sec this turn | 300 sec total\n|\n|t:|1783574444\n|move|p2a: Mienshao|High Jump Kick|p1a: Reuniclus\n|-resisted|p1a: Reuniclus\n|-damage|p1a: Reuniclus|78/100\n|move|p1a: Reuniclus|Psychic|p2a: Mienshao\n|-supereffective|p2a: Mienshao\n|-damage|p2a: Mienshao|0 fnt\n|faint|p2a: Mienshao\n|\n|-sideend|p1: p0x29909722|move: Aurora Veil\n|upkeep\n|inactive|Time left: 300 sec this turn | 300 sec total | 5 sec grace\n|\n|t:|1783574445\n|switch|p2a: Greedent|Greedent, L86, F|347/347\n|turn|10\n|inactive|Time left: 300 sec this turn | 300 sec total\n|\n|t:|1783574446\n|move|p1a: Reuniclus|Focus Blast|p2a: Greedent\n|-supereffective|p2a: Greedent\n|-damage|p2a: Greedent|6/347\n|-enditem|p2a: Greedent|Sitrus Berry|[eat]\n|-heal|p2a: Greedent|92/347|[from] item: Sitrus Berry\n|-heal|p2a: Greedent|207/347|[from] ability: Cheek Pouch\n|move|p2a: Greedent|Swords Dance|p2a: Greedent\n|-boost|p2a: Greedent|atk|2\n|\n|upkeep\n|turn|11\n|inactive|Time left: 300 sec this turn | 300 sec total\n|\n|t:|1783574447\n|move|p1a: Reuniclus|Psychic|p2a: Greedent\n|-crit|p2a: Greedent\n|-damage|p2a: Greedent|0 fnt\n|faint|p2a: Greedent\n|\n|upkeep\n|inactive|Time left: 300 sec this turn | 300 sec total | 5 sec grace\n|\n|t:|1783574448\n|switch|p2a: Heatran|Heatran, L79, F|273/273\n|-item|p2a: Heatran|Air Balloon\n|turn|12\n|inactive|Time left: 300 sec this turn | 300 sec total\n|\n|t:|1783574449\n|move|p2a: Heatran|Magma Storm|p1a: Reuniclus\n|-damage|p1a: Reuniclus|44/100\n|-activate|p1a: Reuniclus|move: Magma Storm|[of] p2a: Heatran\n|move|p1a: Reuniclus|Focus Blast|p2a: Heatran\n|-supereffective|p2a: Heatran\n|-damage|p2a: Heatran|0 fnt\n|-enditem|p2a: Heatran|Air Balloon\n|faint|p2a: Heatran\n|\n|-end|p1a: Reuniclus|Magma Storm|[partiallytrapped]|[silent]\n|upkeep\n|inactive|Time left: 300 sec this turn | 300 sec total | 5 sec grace\n|\n|t:|1783574451\n|switch|p2a: Uxie|Uxie, L83|260/260\n|turn|13\n|inactive|Time left: 300 sec this turn | 300 sec total\n|\n|t:|1783574452\n|switch|p1a: Tyranitar|Tyranitar, L78, F|100/100\n|-weather|Sandstorm|[from] ability: Sand Stream|[of] p1a: Tyranitar\n|move|p2a: Uxie|Knock Off|p1a: Tyranitar\n|-resisted|p1a: Tyranitar\n|-damage|p1a: Tyranitar|91/100\n|-enditem|p1a: Tyranitar|Weakness Policy|[from] move: Knock Off|[of] p2a: Uxie\n|\n|-weather|Sandstorm|[upkeep]\n|-damage|p2a: Uxie|244/260|[from] Sandstorm\n|-heal|p2a: Uxie|260/260|[from] item: Leftovers\n|upkeep\n|turn|14\n|inactive|Time left: 300 sec this turn | 300 sec total\n|\n|t:|1783574453\n|switch|p2a: Registeel|Registeel, L81|262/262\n|move|p1a: Tyranitar|Knock Off|p2a: Registeel\n|-damage|p2a: Registeel|183/262\n|-enditem|p2a: Registeel|Chesto Berry|[from] move: Knock Off|[of] p1a: Tyranitar\n|\n|-weather|Sandstorm|[upkeep]\n|upkeep\n|turn|15\n|inactive|Time left: 300 sec this turn | 300 sec total\n|\n|t:|1783574454\n|switch|p1a: Reuniclus|Reuniclus, L88, M|44/100\n|move|p2a: Registeel|Iron Defense|p2a: Registeel\n|-boost|p2a: Registeel|def|2\n|\n|-weather|Sandstorm|[upkeep]\n|upkeep\n|turn|16\n|inactive|Time left: 300 sec this turn | 300 sec total\n|\n|t:|1783574455\n|move|p2a: Registeel|Iron Head|p1a: Reuniclus\n|-damage|p1a: Reuniclus|22/100\n|cant|p1a: Reuniclus|flinch\n|\n|-weather|Sandstorm|[upkeep]\n|upkeep\n|turn|17\n|inactive|Time left: 300 sec this turn | 300 sec total\n|\n|t:|1783574456\n|switch|p1a: Ninetales|Ninetales-Alola, L78, F|100/100\n|-weather|Snowscape|[from] ability: Snow Warning|[of] p1a: Ninetales\n|move|p2a: Registeel|Body Press|p1a: Ninetales\n|-damage|p1a: Ninetales|52/100\n|\n|-weather|Snowscape|[upkeep]\n|upkeep\n|turn|18\n|inactive|Time left: 300 sec this turn | 300 sec total\n|\n|t:|1783574457\n|move|p1a: Ninetales|Aurora Veil|p1a: Ninetales\n|-sidestart|p1: p0x29909722|move: Aurora Veil\n|move|p2a: Registeel|Body Press|p1a: Ninetales\n|-damage|p1a: Ninetales|26/100\n|\n|-weather|Snowscape|[upkeep]\n|upkeep\n|turn|19\n|inactive|Time left: 300 sec this turn | 300 sec total\n|\n|t:|1783574459\n|switch|p1a: Reuniclus|Reuniclus, L88, M|22/100\n|move|p2a: Registeel|Body Press|p1a: Reuniclus\n|-resisted|p1a: Reuniclus\n|-damage|p1a: Reuniclus|11/100\n|\n|-weather|Snowscape|[upkeep]\n|upkeep\n|turn|20\n|inactive|Time left: 300 sec this turn | 300 sec total\n|\n|t:|1783574460\n|switch|p1a: Ninetales|Ninetales-Alola, L78, F|26/100\n|move|p2a: Registeel|Body Press|p1a: Ninetales\n|-damage|p1a: Ninetales|0 fnt\n|faint|p1a: Ninetales\n|\n|-weather|Snowscape|[upkeep]\n|upkeep\n|\n|t:|1783574461\n|switch|p1a: Kricketune|Kricketune, L99, M|100/100\n|turn|21\n|inactive|Time left: 300 sec this turn | 300 sec total\n|\n|t:|1783574462\n|move|p1a: Kricketune|Pounce|p2a: Registeel\n|-resisted|p2a: Registeel\n|-damage|p2a: Registeel|166/262\n|move|p2a: Registeel|Body Press|p1a: Kricketune\n|-resisted|p1a: Kricketune\n|-damage|p1a: Kricketune|86/100\n|\n|-weather|none\n|upkeep\n|turn|22\n|inactive|Time left: 300 sec this turn | 300 sec total\n|\n|t:|1783574463\n|move|p1a: Kricketune|Knock Off|p2a: Registeel\n|-damage|p2a: Registeel|147/262\n|move|p2a: Registeel|Body Press|p1a: Kricketune\n|-resisted|p1a: Kricketune\n|-damage|p1a: Kricketune|72/100\n|\n|upkeep\n|turn|23\n|inactive|Time left: 300 sec this turn | 300 sec total\n|\n|t:|1783574464\n|move|p1a: Kricketune|Pounce|p2a: Registeel\n|-resisted|p2a: Registeel\n|-damage|p2a: Registeel|131/262\n|move|p2a: Registeel|Body Press|p1a: Kricketune\n|-resisted|p1a: Kricketune\n|-damage|p1a: Kricketune|59/100\n|\n|upkeep\n|turn|24\n|inactive|Time left: 300 sec this turn | 300 sec total\n|\n|t:|1783574465\n|move|p1a: Kricketune|Sticky Web|p2a: Registeel\n|-sidestart|p2: p0y299086b3|move: Sticky Web\n|move|p2a: Registeel|Body Press|p1a: Kricketune\n|-resisted|p1a: Kricketune\n|-damage|p1a: Kricketune|44/100\n|\n|upkeep\n|turn|25\n|inactive|Time left: 300 sec this turn | 300 sec total\n|\n|t:|1783574466\n|move|p1a: Kricketune|Pounce|p2a: Registeel\n|-resisted|p2a: Registeel\n|-damage|p2a: Registeel|115/262\n|move|p2a: Registeel|Body Press|p1a: Kricketune\n|-resisted|p1a: Kricketune\n|-crit|p1a: Kricketune\n|-damage|p1a: Kricketune|0 fnt\n|faint|p1a: Kricketune\n|\n|-sideend|p1: p0x29909722|move: Aurora Veil\n|upkeep\n|\n|t:|1783574467\n|switch|p1a: Tyranitar|Tyranitar, L78, F|91/100\n|-weather|Sandstorm|[from] ability: Sand Stream|[of] p1a: Tyranitar\n|turn|26\n|inactive|Time left: 300 sec this turn | 300 sec total\n|\n|t:|1783574468\n|-terastallize|p1a: Tyranitar|Ghost\n|move|p1a: Tyranitar|Dragon Dance|p1a: Tyranitar\n|-boost|p1a: Tyranitar|atk|1\n|-boost|p1a: Tyranitar|spe|1\n|move|p2a: Registeel|Body Press|p1a: Tyranitar\n|-immune|p1a: Tyranitar\n|\n|-weather|Sandstorm|[upkeep]\n|-damage|p1a: Tyranitar|85/100|[from] Sandstorm\n|upkeep\n|turn|27\n|inactive|Time left: 300 sec this turn | 300 sec total\n|\n|t:|1783574469\n|move|p1a: Tyranitar|Dragon Dance|p1a: Tyranitar\n|-boost|p1a: Tyranitar|atk|1\n|-boost|p1a: Tyranitar|spe|1\n|move|p2a: Registeel|Iron Head|p1a: Tyranitar\n|-damage|p1a: Tyranitar|64/100\n|\n|-weather|Sandstorm|[upkeep]\n|-damage|p1a: Tyranitar|58/100|[from] Sandstorm\n|upkeep\n|turn|28\n|inactive|Time left: 300 sec this turn | 300 sec total\n|\n|t:|1783574471\n|move|p1a: Tyranitar|Dragon Dance|p1a: Tyranitar\n|-boost|p1a: Tyranitar|atk|1\n|-boost|p1a: Tyranitar|spe|1\n|move|p2a: Registeel|Iron Head|p1a: Tyranitar\n|-damage|p1a: Tyranitar|37/100\n|\n|-weather|Sandstorm|[upkeep]\n|-damage|p1a: Tyranitar|31/100|[from] Sandstorm\n|upkeep\n|turn|29\n|inactive|Time left: 300 sec this turn | 300 sec total\n|\n|t:|1783574472\n|move|p1a: Tyranitar|Knock Off|p2a: Registeel\n|-damage|p2a: Registeel|45/262\n|move|p2a: Registeel|Iron Head|p1a: Tyranitar\n|-damage|p1a: Tyranitar|9/100\n|\n|-weather|Sandstorm|[upkeep]\n|-damage|p1a: Tyranitar|3/100|[from] Sandstorm\n|upkeep\n|turn|30\n|inactive|Time left: 300 sec this turn | 300 sec total\n|\n|t:|1783574473\n|move|p1a: Tyranitar|Stone Edge|p2a: Registeel\n|-resisted|p2a: Registeel\n|-damage|p2a: Registeel|0 fnt\n|faint|p2a: Registeel\n|\n|-weather|none\n|upkeep\n|inactive|Time left: 300 sec this turn | 300 sec total | 5 sec grace\n|\n|t:|1783574473\n|switch|p2a: Uxie|Uxie, L83|260/260\n|turn|31\n|inactive|Time left: 300 sec this turn | 300 sec total\n|\n|t:|1783574474\n|-terastallize|p2a: Uxie|Steel\n|move|p1a: Tyranitar|Knock Off|p2a: Uxie\n|-damage|p2a: Uxie|58/260\n|-enditem|p2a: Uxie|Leftovers|[from] move: Knock Off|[of] p1a: Tyranitar\n|move|p2a: Uxie|Thunder Wave|p1a: Tyranitar\n|-status|p1a: Tyranitar|par\n|\n|upkeep\n|turn|32\n|inactive|Time left: 300 sec this turn | 300 sec total\n|\n|t:|1783574475\n|switch|p1a: Zangoose|Zangoose, L85, F|100/100\n|move|p2a: Uxie|Thunder Wave|p1a: Zangoose\n|-status|p1a: Zangoose|par\n|\n|upkeep\n|turn|33\n|inactive|Time left: 300 sec this turn | 300 sec total\n|\n|t:|1783574476\n|move|p2a: Uxie|Thunder Wave|p1a: Zangoose\n|-fail|p1a: Zangoose|par\n|move|p1a: Zangoose|Close Combat|p2a: Uxie\n|-supereffective|p2a: Uxie\n|-damage|p2a: Uxie|0 fnt\n|-unboost|p1a: Zangoose|def|1\n|-unboost|p1a: Zangoose|spd|1\n|faint|p2a: Uxie\n|\n|win|p0x29909722", "uploadtime": 1783574476, "views": 0, "rating": 0, "private": 0, "password": null, "_winner": "p0x29909722", "_our_name": "p0y299086b3"}