{"id": "battle-gen9randombattle-2021", "formatid": "gen9randombattle", "format": "[Gen 9] Random Battle", "players": ["p0x202112be", "p0y2021ce3c"], "log": "|init|battle\n|title|p0x202112be vs. p0y2021ce3c\n|j|\u2606p0x202112be\n|j|\u2606p0y2021ce3c\n|t:|1783562654\n|gametype|singles\n|player|p1|p0x202112be|170|\n|player|p2|p0y2021ce3c|266|\n|gen|9\n|tier|[Gen 9] Random Battle\n|rule|Species Clause: Limit one of each Pok\u00e9mon\n|rule|HP Percentage Mod: HP is shown in percentages\n|rule|Sleep Clause Mod: Limit one foe put to sleep\n|rule|Illusion Level Mod: Illusion disguises the Pok\u00e9mon's true level\n|\n|t:|1783562655\n|teamsize|p1|6\n|teamsize|p2|6\n|start\n|switch|p1a: Illumise|Illumise, L91, F|100/100\n|switch|p2a: Dondozo|Dondozo, L78, M|362/362\n|turn|1\n|inactive|Battle timer is ON: inactive players will automatically lose when time's up. (requested by p0y2021ce3c)\n|inactive|p0x202112be also wants the timer to be on.\n|\n|t:|1783562656\n|move|p1a: Illumise|Bug Buzz|p2a: Dondozo\n|-damage|p2a: Dondozo|247/362\n|move|p2a: Dondozo|Wave Crash|p1a: Illumise\n|-damage|p1a: Illumise|52/100\n|-damage|p2a: Dondozo|204/362|[from] Recoil\n|\n|-heal|p2a: Dondozo|226/362|[from] item: Leftovers\n|upkeep\n|turn|2\n|inactive|Time left: 300 sec this turn | 300 sec total\n|\n|t:|1783562657\n|move|p1a: Illumise|Roost|p1a: Illumise\n|-heal|p1a: Illumise|100/100\n|-singleturn|p1a: Illumise|move: Roost\n|move|p2a: Dondozo|Wave Crash|p1a: Illumise\n|-damage|p1a: Illumise|54/100\n|-damage|p2a: Dondozo|185/362|[from] Recoil\n|\n|-heal|p2a: Dondozo|207/362|[from] item: Leftovers\n|upkeep\n|turn|3\n|inactive|Time left: 300 sec this turn | 300 sec total\n|\n|t:|1783562658\n|move|p1a: Illumise|Roost|p1a: Illumise\n|-heal|p1a: Illumise|100/100\n|-singleturn|p1a: Illumise|move: Roost\n|move|p2a: Dondozo|Wave Crash|p1a: Illumise\n|-damage|p1a: Illumise|54/100\n|-damage|p2a: Dondozo|166/362|[from] Recoil\n|\n|-heal|p2a: Dondozo|188/362|[from] item: Leftovers\n|upkeep\n|turn|4\n|inactive|Time left: 300 sec this turn | 300 sec total\n|\n|t:|1783562659\n|move|p1a: Illumise|Roost|p1a: Illumise\n|-heal|p1a: Illumise|100/100\n|-singleturn|p1a: Illumise|move: Roost\n|move|p2a: Dondozo|Wave Crash|p1a: Illumise\n|-damage|p1a: Illumise|58/100\n|-damage|p2a: Dondozo|151/362|[from] Recoil\n|\n|-heal|p2a: Dondozo|173/362|[from] item: Leftovers\n|upkeep\n|turn|5\n|inactive|Time left: 300 sec this turn | 300 sec total\n|\n|t:|1783562660\n|move|p1a: Illumise|Roost|p1a: Illumise\n|-heal|p1a: Illumise|100/100\n|-singleturn|p1a: Illumise|move: Roost\n|move|p2a: Dondozo|Wave Crash|p1a: Illumise\n|-crit|p1a: Illumise\n|-damage|p1a: Illumise|35/100\n|-damage|p2a: Dondozo|116/362|[from] Recoil\n|\n|-heal|p2a: Dondozo|138/362|[from] item: Leftovers\n|upkeep\n|turn|6\n|inactive|Time left: 300 sec this turn | 300 sec total\n|\n|t:|1783562661\n|move|p1a: Illumise|Roost|p1a: Illumise\n|-heal|p1a: Illumise|85/100\n|-singleturn|p1a: Illumise|move: Roost\n|move|p2a: Dondozo|Wave Crash|p1a: Illumise\n|-damage|p1a: Illumise|43/100\n|-damage|p2a: Dondozo|101/362|[from] Recoil\n|\n|-heal|p2a: Dondozo|123/362|[from] item: Leftovers\n|upkeep\n|turn|7\n|inactive|Time left: 300 sec this turn | 300 sec total\n|\n|t:|1783562662\n|move|p1a: Illumise|Roost|p1a: Illumise\n|-heal|p1a: Illumise|93/100\n|-singleturn|p1a: Illumise|move: Roost\n|move|p2a: Dondozo|Wave Crash|p1a: Illumise\n|-damage|p1a: Illumise|46/100\n|-damage|p2a: Dondozo|81/362|[from] Recoil\n|\n|-heal|p2a: Dondozo|103/362|[from] item: Leftovers\n|upkeep\n|turn|8\n|inactive|Time left: 300 sec this turn | 300 sec total\n|\n|t:|1783562663\n|move|p1a: Illumise|Bug Buzz|p2a: Dondozo\n|-damage|p2a: Dondozo|0 fnt\n|faint|p2a: Dondozo\n|\n|upkeep\n|inactive|Time left: 300 sec this turn | 300 sec total | 5 sec grace\n|\n|t:|1783562664\n|switch|p2a: Roaring Moon|Roaring Moon, L72|270/270\n|turn|9\n|inactive|Time left: 300 sec this turn | 300 sec total\n|\n|t:|1783562665\n|switch|p1a: Whimsicott|Whimsicott, L84, M|100/100\n|move|p2a: Roaring Moon|Outrage|p1a: Whimsicott\n|-immune|p1a: Whimsicott\n|\n|upkeep\n|turn|10\n|inactive|Time left: 300 sec this turn | 300 sec total\n|\n|t:|1783562666\n|-terastallize|p2a: Roaring Moon|Steel\n|move|p1a: Whimsicott|Moonblast|p2a: Roaring Moon\n|-resisted|p2a: Roaring Moon\n|-damage|p2a: Roaring Moon|226/270\n|move|p2a: Roaring Moon|Outrage|p1a: Whimsicott\n|-immune|p1a: Whimsicott\n|\n|upkeep\n|turn|11\n|inactive|Time left: 300 sec this turn | 300 sec total\n|\n|t:|1783562667\n|move|p1a: Whimsicott|Moonblast|p2a: Roaring Moon\n|-resisted|p2a: Roaring Moon\n|-damage|p2a: Roaring Moon|181/270\n|move|p2a: Roaring Moon|Outrage|p1a: Whimsicott\n|-immune|p1a: Whimsicott\n|\n|upkeep\n|turn|12\n|inactive|Time left: 300 sec this turn | 300 sec total\n|\n|t:|1783562668\n|move|p1a: Whimsicott|Leech Seed|p2a: Roaring Moon|[miss]\n|-miss|p1a: Whimsicott|p2a: Roaring Moon\n|move|p2a: Roaring Moon|Outrage|p1a: Whimsicott\n|-immune|p1a: Whimsicott\n|\n|upkeep\n|turn|13\n|inactive|Time left: 300 sec this turn | 300 sec total\n|\n|t:|1783562669\n|move|p1a: Whimsicott|Leech Seed|p2a: Roaring Moon\n|-start|p2a: Roaring Moon|move: Leech Seed\n|move|p2a: Roaring Moon|Outrage|p1a: Whimsicott\n|-immune|p1a: Whimsicott\n|\n|-damage|p2a: Roaring Moon|148/270|[from] Leech Seed|[of] p1a: Whimsicott\n|upkeep\n|turn|14\n|inactive|Time left: 300 sec this turn | 300 sec total\n|\n|t:|1783562670\n|move|p1a: Whimsicott|Moonblast|p2a: Roaring Moon\n|-resisted|p2a: Roaring Moon\n|-damage|p2a: Roaring Moon|106/270\n|move|p2a: Roaring Moon|Outrage|p1a: Whimsicott\n|-immune|p1a: Whimsicott\n|\n|-damage|p2a: Roaring Moon|73/270|[from] Leech Seed|[of] p1a: Whimsicott\n|upkeep\n|turn|15\n|inactive|Time left: 300 sec this turn | 300 sec total\n|\n|t:|1783562670\n|move|p1a: Whimsicott|Substitute|p1a: Whimsicott\n|-start|p1a: Whimsicott|Substitute\n|-damage|p1a: Whimsicott|76/100\n|move|p2a: Roaring Moon|Outrage|p1a: Whimsicott\n|-immune|p1a: Whimsicott\n|\n|-heal|p1a: Whimsicott|82/100|[from] item: Leftovers\n|-damage|p2a: Roaring Moon|40/270|[from] Leech Seed|[of] p1a: Whimsicott\n|-heal|p1a: Whimsicott|95/100|[silent]\n|upkeep\n|turn|16\n|inactive|Time left: 300 sec this turn | 300 sec total\n|\n|t:|1783562671\n|move|p1a: Whimsicott|Moonblast|p2a: Roaring Moon\n|-resisted|p2a: Roaring Moon\n|-damage|p2a: Roaring Moon|0 fnt\n|faint|p2a: Roaring Moon\n|-end|p2a: Roaring Moon|Protosynthesis|[silent]\n|\n|-heal|p1a: Whimsicott|100/100|[from] item: Leftovers\n|upkeep\n|inactive|Time left: 300 sec this turn | 300 sec total | 5 sec grace\n|\n|t:|1783562672\n|switch|p2a: Masquerain|Masquerain, L87, M|264/264\n|-ability|p2a: Masquerain|Intimidate|boost\n|-immune|p1a: Whimsicott\n|turn|17\n|inactive|Time left: 300 sec this turn | 300 sec total\n|\n|t:|1783562672\n|move|p1a: Whimsicott|Moonblast|p2a: Masquerain\n|-damage|p2a: Masquerain|173/264\n|move|p2a: Masquerain|Quiver Dance|p2a: Masquerain\n|-boost|p2a: Masquerain|spa|1\n|-boost|p2a: Masquerain|spd|1\n|-boost|p2a: Masquerain|spe|1\n|\n|upkeep\n|turn|18\n|inactive|Time left: 300 sec this turn | 300 sec total\n|\n|t:|1783562673\n|move|p1a: Whimsicott|Encore|p2a: Masquerain\n|-start|p2a: Masquerain|Encore\n|move|p2a: Masquerain|Quiver Dance|p2a: Masquerain\n|-boost|p2a: Masquerain|spa|1\n|-boost|p2a: Masquerain|spd|1\n|-boost|p2a: Masquerain|spe|1\n|\n|upkeep\n|turn|19\n|inactive|Time left: 300 sec this turn | 300 sec total\n|\n|t:|1783562674\n|switch|p1a: Houndstone|Houndstone, L86, F|100/100\n|move|p2a: Masquerain|Quiver Dance|p2a: Masquerain\n|-boost|p2a: Masquerain|spa|1\n|-boost|p2a: Masquerain|spd|1\n|-boost|p2a: Masquerain|spe|1\n|\n|upkeep\n|turn|20\n|inactive|Time left: 300 sec this turn | 300 sec total\n|\n|t:|1783562675\n|move|p2a: Masquerain|Quiver Dance|p2a: Masquerain\n|-boost|p2a: Masquerain|spa|1\n|-boost|p2a: Masquerain|spd|1\n|-boost|p2a: Masquerain|spe|1\n|move|p1a: Houndstone|Roar|p2a: Masquerain\n|drag|p2a: Goodra|Goodra, L85, F|292/292\n|\n|upkeep\n|turn|21\n|inactive|Time left: 300 sec this turn | 300 sec total\n|\n|t:|1783562676\n|move|p2a: Goodra|Scald|p1a: Houndstone\n|-damage|p1a: Houndstone|80/100\n|move|p1a: Houndstone|Poltergeist|p2a: Goodra\n|-activate|p2a: Goodra|move: Poltergeist|Assault Vest\n|-damage|p2a: Goodra|144/292\n|\n|-heal|p1a: Houndstone|86/100|[from] item: Leftovers\n|upkeep\n|turn|22\n|inactive|Time left: 300 sec this turn | 300 sec total\n|\n|t:|1783562677\n|move|p2a: Goodra|Scald|p1a: Houndstone\n|-damage|p1a: Houndstone|65/100\n|-status|p1a: Houndstone|brn\n|move|p1a: Houndstone|Poltergeist|p2a: Goodra\n|-activate|p2a: Goodra|move: Poltergeist|Assault Vest\n|-damage|p2a: Goodra|67/292\n|\n|-heal|p1a: Houndstone|71/100 brn|[from] item: Leftovers\n|-damage|p1a: Houndstone|65/100 brn|[from] brn\n|upkeep\n|turn|23\n|inactive|Time left: 300 sec this turn | 300 sec total\n|\n|t:|1783562678\n|switch|p2a: Masquerain|Masquerain, L87, M|173/264\n|-ability|p2a: Masquerain|Intimidate|boost\n|-unboost|p1a: Houndstone|atk|1\n|move|p1a: Houndstone|Poltergeist|p2a: Masquerain\n|-activate|p2a: Masquerain|move: Poltergeist|Heavy-Duty Boots\n|-damage|p2a: Masquerain|118/264\n|\n|-heal|p1a: Houndstone|71/100 brn|[from] item: Leftovers\n|-damage|p1a: Houndstone|65/100 brn|[from] brn\n|upkeep\n|turn|24\n|inactive|Time left: 300 sec this turn | 300 sec total\n|\n|t:|1783562679\n|switch|p1a: Garchomp|Garchomp, L74, M|100/100\n|move|p2a: Masquerain|Quiver Dance|p2a: Masquerain\n|-boost|p2a: Masquerain|spa|1\n|-boost|p2a: Masquerain|spd|1\n|-boost|p2a: Masquerain|spe|1\n|\n|upkeep\n|turn|25\n|inactive|Time left: 300 sec this turn | 300 sec total\n|\n|t:|1783562681\n|move|p2a: Masquerain|Hurricane|p1a: Garchomp\n|-damage|p1a: Garchomp|29/100\n|move|p1a: Garchomp|Scale Shot|p2a: Masquerain|[miss]\n|-miss|p1a: Garchomp|p2a: Masquerain\n|\n|upkeep\n|turn|26\n|inactive|Time left: 300 sec this turn | 300 sec total\n|\n|t:|1783562682\n|switch|p1a: Houndstone|Houndstone, L86, F|65/100 brn\n|move|p2a: Masquerain|Bug Buzz|p1a: Houndstone\n|-resisted|p1a: Houndstone\n|-damage|p1a: Houndstone|40/100 brn\n|-unboost|p1a: Houndstone|spd|1\n|\n|-heal|p1a: Houndstone|46/100 brn|[from] item: Leftovers\n|-damage|p1a: Houndstone|40/100 brn|[from] brn\n|upkeep\n|turn|27\n|inactive|Time left: 300 sec this turn | 300 sec total\n|\n|t:|1783562683\n|move|p2a: Masquerain|Hydro Pump|p1a: Houndstone\n|-damage|p1a: Houndstone|0 fnt\n|faint|p1a: Houndstone\n|\n|upkeep\n|\n|t:|1783562684\n|switch|p1a: Whimsicott|Whimsicott, L84, M|100/100\n|turn|28\n|inactive|Time left: 300 sec this turn | 300 sec total\n|\n|t:|1783562685\n|move|p1a: Whimsicott|Encore|p2a: Masquerain\n|-start|p2a: Masquerain|Encore\n|move|p2a: Masquerain|Hydro Pump|p1a: Whimsicott|[miss]\n|-miss|p2a: Masquerain|p1a: Whimsicott\n|\n|upkeep\n|turn|29\n|inactive|Time left: 300 sec this turn | 300 sec total\n|\n|t:|1783562686\n|move|p1a: Whimsicott|Leech Seed|p2a: Masquerain\n|-start|p2a: Masquerain|move: Leech Seed\n|move|p2a: Masquerain|Hydro Pump|p1a: Whimsicott\n|-resisted|p1a: Whimsicott\n|-damage|p1a: Whimsicott|68/100\n|\n|-heal|p1a: Whimsicott|74/100|[from] item: Leftovers\n|-damage|p2a: Masquerain|85/264|[from] Leech Seed|[of] p1a: Whimsicott\n|-heal|p1a: Whimsicott|88/100|[silent]\n|upkeep\n|turn|30\n|inactive|Time left: 300 sec this turn | 300 sec total\n|\n|t:|1783562687\n|switch|p2a: Delphox|Delphox, L84, F|263/263\n|move|p1a: Whimsicott|Moonblast|p2a: Delphox\n|-resisted|p2a: Delphox\n|-damage|p2a: Delphox|222/263\n|-unboost|p2a: Delphox|spa|1\n|\n|-heal|p1a: Whimsicott|94/100|[from] item: Leftovers\n|upkeep\n|turn|31\n|inactive|Time left: 300 sec this turn | 300 sec total\n|\n|t:|1783562688\n|switch|p1a: Veluza|Veluza, L85, M|100/100\n|move|p2a: Delphox|Fire Blast|p1a: Veluza|[miss]\n|-miss|p2a: Delphox|p1a: Veluza\n|\n|upkeep\n|turn|32\n|inactive|Time left: 300 sec this turn | 300 sec total\n|\n|t:|1783562689\n|switch|p2a: Eiscue|Eiscue, L88, M|274/274\n|move|p1a: Veluza|Fillet Away|p1a: Veluza\n|-boost|p1a: Veluza|atk|2\n|-boost|p1a: Veluza|spa|2\n|-boost|p1a: Veluza|spe|2\n|-damage|p1a: Veluza|50/100\n|-enditem|p1a: Veluza|Sitrus Berry|[eat]\n|-heal|p1a: Veluza|75/100|[from] item: Sitrus Berry\n|\n|upkeep\n|turn|33\n|inactive|Time left: 300 sec this turn | 300 sec total\n|\n|t:|1783562690\n|move|p1a: Veluza|Aqua Cutter|p2a: Eiscue\n|-activate|p2a: Eiscue|ability: Ice Face\n|-damage|p2a: Eiscue|274/274\n|detailschange|p2a: Eiscue|Eiscue-Noice, L88, M\n|move|p2a: Eiscue|Tera Blast|p1a: Veluza\n|-damage|p1a: Veluza|56/100\n|\n|upkeep\n|turn|34\n|inactive|Time left: 300 sec this turn | 300 sec total\n|\n|t:|1783562691\n|switch|p2a: Masquerain|Masquerain, L87, M|85/264\n|-ability|p2a: Masquerain|Intimidate|boost\n|-unboost|p1a: Veluza|atk|1\n|move|p1a: Veluza|Aqua Cutter|p2a: Masquerain\n|-damage|p2a: Masquerain|0 fnt\n|faint|p2a: Masquerain\n|\n|upkeep\n|inactive|Time left: 300 sec this turn | 300 sec total | 5 sec grace\n|\n|t:|1783562692\n|switch|p2a: Goodra|Goodra, L85, F|67/292\n|turn|35\n|inactive|Time left: 300 sec this turn | 300 sec total\n|\n|t:|1783562693\n|move|p1a: Veluza|Aqua Cutter|p2a: Goodra\n|-resisted|p2a: Goodra\n|-damage|p2a: Goodra|0 fnt\n|faint|p2a: Goodra\n|\n|upkeep\n|inactive|Time left: 300 sec this turn | 300 sec total | 5 sec grace\n|\n|t:|1783562693\n|switch|p2a: Eiscue|Eiscue-Noice, L88, M|274/274\n|turn|36\n|inactive|Time left: 300 sec this turn | 300 sec total\n|\n|t:|1783562695\n|move|p1a: Veluza|Aqua Cutter|p2a: Eiscue\n|-damage|p2a: Eiscue|72/274\n|-enditem|p2a: Eiscue|Sitrus Berry|[eat]\n|-heal|p2a: Eiscue|140/274|[from] item: Sitrus Berry\n|move|p2a: Eiscue|Tera Blast|p1a: Veluza\n|-damage|p1a: Veluza|38/100\n|\n|upkeep\n|turn|37\n|inactive|Time left: 300 sec this turn | 300 sec total\n|\n|t:|1783562695\n|move|p1a: Veluza|Aqua Cutter|p2a: Eiscue\n|-damage|p2a: Eiscue|0 fnt\n|faint|p2a: Eiscue\n|\n|upkeep\n|inactive|Time left: 300 sec this turn | 300 sec total | 5 sec grace\n|\n|t:|1783562696\n|switch|p2a: Delphox|Delphox, L84, F|222/263\n|turn|38\n|inactive|Time left: 300 sec this turn | 300 sec total\n|\n|t:|1783562697\n|-terastallize|p1a: Veluza|Dark\n|move|p1a: Veluza|Night Slash|p2a: Delphox\n|-supereffective|p2a: Delphox\n|-damage|p2a: Delphox|0 fnt\n|faint|p2a: Delphox\n|\n|win|p0x202112be", "uploadtime": 1783562697, "views": 0, "rating": 0, "private": 0, "password": null, "_winner": "p0x202112be", "_our_name": "p0y2021ce3c"}