{"id": "battle-gen9randombattle-1535", "formatid": "gen9randombattle", "format": "[Gen 9] Random Battle", "players": ["p0x1535a11f", "p0y153575c5"], "log": "|init|battle\n|title|p0x1535a11f vs. p0y153575c5\n|j|\u2606p0x1535a11f\n|j|\u2606p0y153575c5\n|t:|1783557837\n|gametype|singles\n|player|p1|p0x1535a11f|266|\n|player|p2|p0y153575c5|169|\n|gen|9\n|tier|[Gen 9] Random Battle\n|rule|Species Clause: Limit one of each Pok\u00e9mon\n|rule|HP Percentage Mod: HP is shown in percentages\n|rule|Sleep Clause Mod: Limit one foe put to sleep\n|rule|Illusion Level Mod: Illusion disguises the Pok\u00e9mon's true level\n|\n|t:|1783557837\n|teamsize|p1|6\n|teamsize|p2|6\n|start\n|switch|p1a: Luxray|Luxray, L88, F|100/100\n|switch|p2a: Magcargo|Magcargo, L95, F|268/268\n|turn|1\n|inactive|Battle timer is ON: inactive players will automatically lose when time's up. (requested by p0y153575c5)\n|inactive|p0x1535a11f also wants the timer to be on.\n|\n|t:|1783557838\n|move|p1a: Luxray|Supercell Slam|p2a: Magcargo\n|-damage|p2a: Magcargo|168/268\n|-ability|p2a: Magcargo|Weak Armor|boost\n|-unboost|p2a: Magcargo|def|1\n|-boost|p2a: Magcargo|spe|2\n|move|p2a: Magcargo|Shell Smash|p2a: Magcargo\n|-unboost|p2a: Magcargo|def|1\n|-unboost|p2a: Magcargo|spd|1\n|-boost|p2a: Magcargo|atk|2\n|-boost|p2a: Magcargo|spa|2\n|-boost|p2a: Magcargo|spe|2\n|\n|-status|p1a: Luxray|brn|[from] item: Flame Orb\n|upkeep\n|turn|2\n|inactive|Time left: 300 sec this turn | 300 sec total\n|\n|t:|1783557840\n|-terastallize|p1a: Luxray|Normal\n|move|p2a: Magcargo|Fire Blast|p1a: Luxray|[miss]\n|-miss|p2a: Magcargo|p1a: Luxray\n|move|p1a: Luxray|Facade|p2a: Magcargo\n|-resisted|p2a: Magcargo\n|-damage|p2a: Magcargo|0 fnt\n|faint|p2a: Magcargo\n|\n|-damage|p1a: Luxray|94/100 brn|[from] brn\n|upkeep\n|inactive|Time left: 300 sec this turn | 300 sec total | 5 sec grace\n|\n|t:|1783557841\n|switch|p2a: Dipplin|Dipplin, L88, F|284/284\n|turn|3\n|inactive|Time left: 300 sec this turn | 300 sec total\n|\n|t:|1783557842\n|move|p1a: Luxray|Facade|p2a: Dipplin\n|-damage|p2a: Dipplin|125/284\n|move|p2a: Dipplin|Giga Drain|p1a: Luxray\n|-damage|p1a: Luxray|66/100 brn\n|-heal|p2a: Dipplin|166/284|[from] drain|[of] p1a: Luxray\n|\n|-damage|p1a: Luxray|60/100 brn|[from] brn\n|upkeep\n|turn|4\n|inactive|Time left: 300 sec this turn | 300 sec total\n|\n|t:|1783557843\n|move|p1a: Luxray|Facade|p2a: Dipplin\n|-damage|p2a: Dipplin|6/284\n|move|p2a: Dipplin|Giga Drain|p1a: Luxray\n|-damage|p1a: Luxray|29/100 brn\n|-heal|p2a: Dipplin|50/284|[from] drain|[of] p1a: Luxray\n|\n|-damage|p1a: Luxray|23/100 brn|[from] brn\n|upkeep\n|turn|5\n|inactive|Time left: 300 sec this turn | 300 sec total\n|\n|t:|1783557844\n|move|p2a: Dipplin|Sucker Punch|p1a: Luxray\n|-damage|p1a: Luxray|5/100 brn\n|move|p1a: Luxray|Facade|p2a: Dipplin\n|-damage|p2a: Dipplin|0 fnt\n|faint|p2a: Dipplin\n|\n|-damage|p1a: Luxray|0 fnt|[from] brn\n|faint|p1a: Luxray\n|upkeep\n|inactive|Time left: 300 sec this turn | 300 sec total | 5 sec grace\n|\n|t:|1783557845\n|switch|p1a: Gholdengo|Gholdengo, L77|100/100\n|switch|p2a: Arboliva|Arboliva, L91, F|288/288\n|turn|6\n|inactive|Time left: 300 sec this turn | 300 sec total\n|\n|t:|1783557846\n|switch|p2a: Blaziken|Blaziken, L76, M|247/247\n|move|p1a: Gholdengo|Nasty Plot|p1a: Gholdengo\n|-boost|p1a: Gholdengo|spa|2\n|\n|upkeep\n|turn|7\n|inactive|Time left: 300 sec this turn | 300 sec total\n|\n|t:|1783557847\n|move|p1a: Gholdengo|Shadow Ball|p2a: Blaziken\n|-damage|p2a: Blaziken|12/247\n|-unboost|p2a: Blaziken|spd|1\n|move|p2a: Blaziken|Flare Blitz|p1a: Gholdengo\n|-supereffective|p1a: Gholdengo\n|-damage|p1a: Gholdengo|0 fnt\n|faint|p1a: Gholdengo\n|-damage|p2a: Blaziken|0 fnt|[from] Recoil\n|faint|p2a: Blaziken\n|\n|upkeep\n|inactive|Time left: 300 sec this turn | 300 sec total | 5 sec grace\n|\n|t:|1783557848\n|switch|p1a: Mienshao|Mienshao, L83, M|100/100\n|switch|p2a: Dragalge|Dragalge, L88, M|258/258\n|turn|8\n|inactive|Time left: 300 sec this turn | 300 sec total\n|\n|t:|1783557849\n|move|p1a: Mienshao|Knock Off|p2a: Dragalge\n|-damage|p2a: Dragalge|174/258\n|-enditem|p2a: Dragalge|Assault Vest|[from] move: Knock Off|[of] p1a: Mienshao\n|move|p2a: Dragalge|Sludge Wave|p1a: Mienshao\n|-damage|p1a: Mienshao|50/100\n|\n|upkeep\n|turn|9\n|inactive|Time left: 300 sec this turn | 300 sec total\n|\n|t:|1783557850\n|move|p1a: Mienshao|U-turn|p2a: Dragalge\n|-resisted|p2a: Dragalge\n|-damage|p2a: Dragalge|148/258\n|\n|t:|1783557850\n|switch|p1a: Toxicroak|Toxicroak, L84, F|100/100|[from] U-turn\n|move|p2a: Dragalge|Dragon Tail|p1a: Toxicroak\n|-damage|p1a: Toxicroak|68/100\n|drag|p1a: Delibird|Delibird, M|100/100\n|\n|upkeep\n|turn|10\n|inactive|Time left: 300 sec this turn | 300 sec total\n|\n|t:|1783557852\n|move|p1a: Delibird|Freeze-Dry|p2a: Dragalge\n|-supereffective|p2a: Dragalge\n|-damage|p2a: Dragalge|26/258\n|move|p2a: Dragalge|Draco Meteor|p1a: Delibird|[miss]\n|-miss|p2a: Dragalge|p1a: Delibird\n|\n|upkeep\n|turn|11\n|inactive|Time left: 300 sec this turn | 300 sec total\n|\n|t:|1783557853\n|switch|p2a: Farigiraf|Farigiraf, L90, M|362/362\n|move|p1a: Delibird|Freeze-Dry|p2a: Farigiraf\n|-damage|p2a: Farigiraf|277/362\n|\n|-heal|p2a: Farigiraf|299/362|[from] item: Leftovers\n|upkeep\n|turn|12\n|inactive|Time left: 300 sec this turn | 300 sec total\n|\n|t:|1783557853\n|move|p1a: Delibird|Freeze-Dry|p2a: Farigiraf\n|-damage|p2a: Farigiraf|209/362\n|move|p2a: Farigiraf|Body Slam|p1a: Delibird\n|-damage|p1a: Delibird|45/100\n|\n|-heal|p2a: Farigiraf|231/362|[from] item: Leftovers\n|upkeep\n|turn|13\n|inactive|Time left: 300 sec this turn | 300 sec total\n|\n|t:|1783557854\n|move|p1a: Delibird|Brave Bird|p2a: Farigiraf\n|-crit|p2a: Farigiraf\n|-damage|p2a: Farigiraf|18/362\n|-damage|p1a: Delibird|18/100|[from] Recoil\n|move|p2a: Farigiraf|Body Slam|p1a: Delibird\n|-damage|p1a: Delibird|0 fnt\n|faint|p1a: Delibird\n|\n|-heal|p2a: Farigiraf|40/362|[from] item: Leftovers\n|upkeep\n|\n|t:|1783557855\n|switch|p1a: Mienshao|Mienshao, L83, M|84/100\n|turn|14\n|inactive|Time left: 300 sec this turn | 300 sec total\n|\n|t:|1783557856\n|move|p2a: Farigiraf|Protect|p2a: Farigiraf\n|-singleturn|p2a: Farigiraf|Protect\n|move|p1a: Mienshao|U-turn|p2a: Farigiraf\n|-activate|p2a: Farigiraf|move: Protect\n|\n|-heal|p2a: Farigiraf|62/362|[from] item: Leftovers\n|upkeep\n|turn|15\n|inactive|Time left: 300 sec this turn | 300 sec total\n|\n|t:|1783557857\n|switch|p2a: Arboliva|Arboliva, L91, F|288/288\n|move|p1a: Mienshao|Knock Off|p2a: Arboliva\n|-damage|p2a: Arboliva|217/288\n|-enditem|p2a: Arboliva|Sitrus Berry|[from] move: Knock Off|[of] p1a: Mienshao\n|\n|upkeep\n|turn|16\n|inactive|Time left: 300 sec this turn | 300 sec total\n|\n|t:|1783557858\n|-terastallize|p2a: Arboliva|Poison\n|move|p1a: Mienshao|Close Combat|p2a: Arboliva\n|-resisted|p2a: Arboliva\n|-damage|p2a: Arboliva|150/288\n|-unboost|p1a: Mienshao|def|1\n|-unboost|p1a: Mienshao|spd|1\n|move|p2a: Arboliva|Hyper Voice|p1a: Mienshao\n|-damage|p1a: Mienshao|16/100\n|\n|upkeep\n|turn|17\n|inactive|Time left: 300 sec this turn | 300 sec total\n|\n|t:|1783557859\n|move|p1a: Mienshao|Close Combat|p2a: Arboliva\n|-resisted|p2a: Arboliva\n|-damage|p2a: Arboliva|77/288\n|-unboost|p1a: Mienshao|def|1\n|-unboost|p1a: Mienshao|spd|1\n|move|p2a: Arboliva|Hyper Voice|p1a: Mienshao\n|-damage|p1a: Mienshao|0 fnt\n|faint|p1a: Mienshao\n|\n|upkeep\n|\n|t:|1783557860\n|switch|p1a: Toxicroak|Toxicroak, L84, F|68/100\n|turn|18\n|inactive|Time left: 300 sec this turn | 300 sec total\n|\n|t:|1783557861\n|move|p2a: Arboliva|Protect|p2a: Arboliva\n|-singleturn|p2a: Arboliva|Protect\n|move|p1a: Toxicroak|Earthquake|p2a: Arboliva\n|-activate|p2a: Arboliva|move: Protect\n|\n|upkeep\n|turn|19\n|inactive|Time left: 300 sec this turn | 300 sec total\n|\n|t:|1783557862\n|move|p2a: Arboliva|Protect||[still]\n|-fail|p2a: Arboliva\n|move|p1a: Toxicroak|Earthquake|p2a: Arboliva\n|-supereffective|p2a: Arboliva\n|-damage|p2a: Arboliva|0 fnt\n|faint|p2a: Arboliva\n|\n|upkeep\n|inactive|Time left: 300 sec this turn | 300 sec total | 5 sec grace\n|\n|t:|1783557862\n|switch|p2a: Farigiraf|Farigiraf, L90, M|62/362\n|turn|20\n|inactive|Time left: 300 sec this turn | 300 sec total\n|\n|t:|1783557863\n|move|p2a: Farigiraf|Protect|p2a: Farigiraf\n|-singleturn|p2a: Farigiraf|Protect\n|move|p1a: Toxicroak|Earthquake|p2a: Farigiraf\n|-activate|p2a: Farigiraf|move: Protect\n|\n|-heal|p2a: Farigiraf|84/362|[from] item: Leftovers\n|upkeep\n|turn|21\n|inactive|Time left: 300 sec this turn | 300 sec total\n|\n|t:|1783557864\n|move|p1a: Toxicroak|Earthquake|p2a: Farigiraf\n|-damage|p2a: Farigiraf|0 fnt\n|faint|p2a: Farigiraf\n|\n|upkeep\n|inactive|Time left: 300 sec this turn | 300 sec total | 5 sec grace\n|\n|t:|1783557865\n|switch|p2a: Dragalge|Dragalge, L88, M|26/258\n|turn|22\n|inactive|Time left: 300 sec this turn | 300 sec total\n|\n|t:|1783557866\n|move|p1a: Toxicroak|Earthquake|p2a: Dragalge\n|-supereffective|p2a: Dragalge\n|-crit|p2a: Dragalge\n|-damage|p2a: Dragalge|0 fnt\n|faint|p2a: Dragalge\n|\n|win|p0x1535a11f", "uploadtime": 1783557866, "views": 0, "rating": 0, "private": 0, "password": null, "_winner": "p0x1535a11f", "_our_name": "p0y153575c5"}