{"id": "battle-gen9randombattle-923", "formatid": "gen9randombattle", "format": "[Gen 9] Random Battle", "players": ["p0x923eab5", "p0y9237b9f"], "log": "|init|battle\n|title|p0x923eab5 vs. p0y9237b9f\n|j|\u2606p0x923eab5\n|j|\u2606p0y9237b9f\n|t:|1783550602\n|gametype|singles\n|player|p1|p0x923eab5|170|\n|player|p2|p0y9237b9f|170|\n|gen|9\n|tier|[Gen 9] Random Battle\n|rule|Species Clause: Limit one of each Pok\u00e9mon\n|rule|HP Percentage Mod: HP is shown in percentages\n|rule|Sleep Clause Mod: Limit one foe put to sleep\n|rule|Illusion Level Mod: Illusion disguises the Pok\u00e9mon's true level\n|\n|t:|1783550602\n|teamsize|p1|6\n|teamsize|p2|6\n|start\n|switch|p1a: Ditto|Ditto, L87|100/100\n|switch|p2a: Goodra|Goodra, L85, F|292/292\n|-transform|p1a: Ditto|p2a: Goodra|[from] ability: Imposter\n|turn|1\n|inactive|Battle timer is ON: inactive players will automatically lose when time's up. (requested by p0y9237b9f)\n|\n|t:|1783550603\n|switch|p1a: Perrserker|Perrserker, L89, M|100/100\n|move|p2a: Goodra|Knock Off|p1a: Perrserker\n|-damage|p1a: Perrserker|78/100\n|-enditem|p1a: Perrserker|Life Orb|[from] move: Knock Off|[of] p2a: Goodra\n|\n|upkeep\n|turn|2\n|inactive|Time left: 300 sec this turn | 300 sec total\n|inactive|p0x923eab5 also wants the timer to be on.\n|\n|t:|1783550604\n|switch|p2a: Torkoal|Torkoal, L88, M|266/266\n|-weather|SunnyDay|[from] ability: Drought|[of] p2a: Torkoal\n|move|p1a: Perrserker|Iron Head|p2a: Torkoal\n|-resisted|p2a: Torkoal\n|-damage|p2a: Torkoal|217/266\n|\n|-weather|SunnyDay|[upkeep]\n|upkeep\n|turn|3\n|inactive|Time left: 300 sec this turn | 300 sec total\n|\n|t:|1783550605\n|move|p1a: Perrserker|U-turn|p2a: Torkoal\n|-resisted|p2a: Torkoal\n|-damage|p2a: Torkoal|192/266\n|\n|t:|1783550606\n|switch|p1a: Pyroar|Pyroar, L88, M|100/100|[from] U-turn\n|-ability|p1a: Pyroar|Unnerve\n|move|p2a: Torkoal|Lava Plume|p1a: Pyroar\n|-resisted|p1a: Pyroar\n|-damage|p1a: Pyroar|74/100\n|\n|-weather|SunnyDay|[upkeep]\n|upkeep\n|turn|4\n|inactive|Time left: 300 sec this turn | 300 sec total\n|\n|t:|1783550607\n|move|p1a: Pyroar|Hyper Voice|p2a: Torkoal\n|-damage|p2a: Torkoal|50/266\n|move|p2a: Torkoal|Stealth Rock|p1a: Pyroar\n|-sidestart|p1: p0x923eab5|move: Stealth Rock\n|\n|-weather|SunnyDay|[upkeep]\n|upkeep\n|turn|5\n|inactive|Time left: 300 sec this turn | 300 sec total\n|\n|t:|1783550608\n|switch|p2a: Goodra|Goodra, L85, F|292/292\n|move|p1a: Pyroar|Hyper Voice|p2a: Goodra\n|-damage|p2a: Goodra|241/292\n|\n|-weather|SunnyDay|[upkeep]\n|upkeep\n|turn|6\n|inactive|Time left: 300 sec this turn | 300 sec total\n|\n|t:|1783550609\n|move|p1a: Pyroar|Work Up|p1a: Pyroar\n|-boost|p1a: Pyroar|atk|1\n|-boost|p1a: Pyroar|spa|1\n|move|p2a: Goodra|Knock Off|p1a: Pyroar\n|-damage|p1a: Pyroar|45/100\n|-enditem|p1a: Pyroar|Heavy-Duty Boots|[from] move: Knock Off|[of] p2a: Goodra\n|\n|-weather|none\n|upkeep\n|turn|7\n|inactive|Time left: 300 sec this turn | 300 sec total\n|\n|t:|1783550610\n|move|p1a: Pyroar|Dark Pulse|p2a: Goodra\n|-damage|p2a: Goodra|197/292\n|move|p2a: Goodra|Sludge Bomb|p1a: Pyroar\n|-damage|p1a: Pyroar|15/100\n|\n|upkeep\n|turn|8\n|inactive|Time left: 300 sec this turn | 300 sec total\n|\n|t:|1783550611\n|move|p1a: Pyroar|Dark Pulse|p2a: Goodra\n|-damage|p2a: Goodra|150/292\n|move|p2a: Goodra|Knock Off|p1a: Pyroar\n|-damage|p1a: Pyroar|0 fnt\n|faint|p1a: Pyroar\n|\n|upkeep\n|\n|t:|1783550613\n|switch|p1a: Perrserker|Perrserker, L89, M|78/100\n|-damage|p1a: Perrserker|72/100|[from] Stealth Rock\n|turn|9\n|inactive|Time left: 300 sec this turn | 300 sec total\n|\n|t:|1783550614\n|switch|p2a: Charizard|Charizard, L85, M|271/271\n|move|p1a: Perrserker|Iron Head|p2a: Charizard\n|-resisted|p2a: Charizard\n|-damage|p2a: Charizard|198/271\n|\n|upkeep\n|turn|10\n|inactive|Time left: 300 sec this turn | 300 sec total\n|\n|t:|1783550616\n|switch|p1a: Giratina|Giratina-Origin, L72|100/100\n|-damage|p1a: Giratina|88/100|[from] Stealth Rock\n|move|p2a: Charizard|Swords Dance|p2a: Charizard\n|-boost|p2a: Charizard|atk|2\n|\n|upkeep\n|turn|11\n|inactive|Time left: 300 sec this turn | 300 sec total\n|\n|t:|1783550617\n|-terastallize|p1a: Giratina|Ghost\n|move|p2a: Charizard|Outrage|p1a: Giratina\n|-damage|p1a: Giratina|35/100\n|move|p1a: Giratina|Dragon Tail|p2a: Charizard\n|-damage|p2a: Charizard|131/271\n|drag|p2a: Torkoal|Torkoal, L88, M|50/266\n|-weather|SunnyDay|[from] ability: Drought|[of] p2a: Torkoal\n|\n|-weather|SunnyDay|[upkeep]\n|upkeep\n|turn|12\n|inactive|Time left: 300 sec this turn | 300 sec total\n|\n|t:|1783550618\n|move|p1a: Giratina|Poltergeist|p2a: Torkoal\n|-activate|p2a: Torkoal|move: Poltergeist|Heavy-Duty Boots\n|-damage|p2a: Torkoal|0 fnt\n|faint|p2a: Torkoal\n|\n|-weather|SunnyDay|[upkeep]\n|upkeep\n|inactive|Time left: 300 sec this turn | 300 sec total | 5 sec grace\n|\n|t:|1783550619\n|switch|p2a: Charizard|Charizard, L85, M|131/271\n|turn|13\n|inactive|Time left: 300 sec this turn | 300 sec total\n|\n|t:|1783550620\n|move|p2a: Charizard|Flare Blitz|p1a: Giratina\n|-damage|p1a: Giratina|0 fnt\n|faint|p1a: Giratina\n|-damage|p2a: Charizard|93/271|[from] Recoil\n|\n|-weather|SunnyDay|[upkeep]\n|upkeep\n|\n|t:|1783550621\n|switch|p1a: Scovillain|Scovillain, L91, F|100/100\n|-damage|p1a: Scovillain|76/100|[from] Stealth Rock\n|turn|14\n|inactive|Time left: 300 sec this turn | 300 sec total\n|\n|t:|1783550621\n|switch|p2a: Goodra|Goodra, L85, F|150/292\n|move|p1a: Scovillain|Flamethrower|p2a: Goodra\n|-resisted|p2a: Goodra\n|-damage|p2a: Goodra|95/292\n|\n|-weather|SunnyDay|[upkeep]\n|upkeep\n|turn|15\n|inactive|Time left: 300 sec this turn | 300 sec total\n|\n|t:|1783550623\n|move|p1a: Scovillain|Flamethrower|p2a: Goodra\n|-resisted|p2a: Goodra\n|-damage|p2a: Goodra|41/292\n|move|p2a: Goodra|Draco Meteor|p1a: Scovillain\n|-damage|p1a: Scovillain|13/100\n|-unboost|p2a: Goodra|spa|2\n|\n|-weather|none\n|upkeep\n|turn|16\n|inactive|Time left: 300 sec this turn | 300 sec total\n|\n|t:|1783550624\n|move|p1a: Scovillain|Flamethrower|p2a: Goodra\n|-resisted|p2a: Goodra\n|-damage|p2a: Goodra|0 fnt\n|faint|p2a: Goodra\n|\n|upkeep\n|inactive|Time left: 300 sec this turn | 300 sec total | 5 sec grace\n|\n|t:|1783550625\n|switch|p2a: Charizard|Charizard, L85, M|93/271\n|turn|17\n|inactive|Time left: 300 sec this turn | 300 sec total\n|\n|t:|1783550626\n|move|p2a: Charizard|Earthquake|p1a: Scovillain\n|-damage|p1a: Scovillain|0 fnt\n|faint|p1a: Scovillain\n|\n|upkeep\n|\n|t:|1783550627\n|switch|p1a: Deoxys|Deoxys-Attack, L72|100/100\n|-damage|p1a: Deoxys|88/100|[from] Stealth Rock\n|-ability|p1a: Deoxys|Pressure\n|turn|18\n|inactive|Time left: 300 sec this turn | 300 sec total\n|\n|t:|1783550628\n|switch|p2a: Wo-Chien|Wo-Chien, L83|277/277\n|-ability|p2a: Wo-Chien|Tablets of Ruin\n|move|p1a: Deoxys|Ice Beam|p2a: Wo-Chien\n|-supereffective|p2a: Wo-Chien\n|-damage|p2a: Wo-Chien|139/277\n|-damage|p1a: Deoxys|79/100|[from] item: Life Orb\n|\n|-heal|p2a: Wo-Chien|156/277|[from] item: Leftovers\n|upkeep\n|turn|19\n|inactive|Time left: 300 sec this turn | 300 sec total\n|\n|t:|1783550629\n|move|p1a: Deoxys|Superpower|p2a: Wo-Chien\n|-supereffective|p2a: Wo-Chien\n|-damage|p2a: Wo-Chien|0 fnt\n|-unboost|p1a: Deoxys|atk|1\n|-unboost|p1a: Deoxys|def|1\n|faint|p2a: Wo-Chien\n|-damage|p1a: Deoxys|69/100|[from] item: Life Orb\n|\n|upkeep\n|inactive|Time left: 300 sec this turn | 300 sec total | 5 sec grace\n|\n|t:|1783550630\n|switch|p2a: Hypno|Hypno, L95, M|315/315\n|turn|20\n|inactive|Time left: 300 sec this turn | 300 sec total\n|\n|t:|1783550631\n|move|p1a: Deoxys|Knock Off|p2a: Hypno\n|-supereffective|p2a: Hypno\n|-damage|p2a: Hypno|169/315\n|-enditem|p2a: Hypno|Leftovers|[from] move: Knock Off|[of] p1a: Deoxys\n|-damage|p1a: Deoxys|59/100|[from] item: Life Orb\n|move|p2a: Hypno|Knock Off|p1a: Deoxys\n|-supereffective|p1a: Deoxys\n|-damage|p1a: Deoxys|0 fnt\n|-enditem|p1a: Deoxys|Life Orb|[from] move: Knock Off|[of] p2a: Hypno\n|faint|p1a: Deoxys\n|\n|upkeep\n|\n|t:|1783550632\n|switch|p1a: Perrserker|Perrserker, L89, M|72/100\n|-damage|p1a: Perrserker|66/100|[from] Stealth Rock\n|turn|21\n|inactive|Time left: 300 sec this turn | 300 sec total\n|\n|t:|1783550633\n|switch|p2a: Charizard|Charizard, L85, M|93/271\n|move|p1a: Perrserker|Iron Head|p2a: Charizard\n|-resisted|p2a: Charizard\n|-damage|p2a: Charizard|19/271\n|\n|upkeep\n|turn|22\n|inactive|Time left: 300 sec this turn | 300 sec total\n|\n|t:|1783550634\n|move|p2a: Charizard|Flare Blitz|p1a: Perrserker\n|-supereffective|p1a: Perrserker\n|-damage|p1a: Perrserker|0 fnt\n|faint|p1a: Perrserker\n|-damage|p2a: Charizard|0 fnt|[from] Recoil\n|faint|p2a: Charizard\n|\n|upkeep\n|inactive|Time left: 300 sec this turn | 300 sec total | 5 sec grace\n|\n|t:|1783550636\n|switch|p2a: Vileplume|Vileplume, L85, M|266/266\n|switch|p1a: Ditto|Ditto, L87|100/100\n|-damage|p1a: Ditto|88/100|[from] Stealth Rock\n|-transform|p1a: Ditto|p2a: Vileplume|[from] ability: Imposter\n|turn|23\n|inactive|Time left: 300 sec this turn | 300 sec total\n|\n|t:|1783550637\n|switch|p2a: Hypno|Hypno, L95, M|169/315\n|move|p1a: Ditto|Sleep Powder|p2a: Hypno\n|-immune|p2a: Hypno|[from] ability: Insomnia\n|\n|upkeep\n|turn|24\n|inactive|Time left: 300 sec this turn | 300 sec total\n|\n|t:|1783550638\n|-terastallize|p2a: Hypno|Dark\n|move|p1a: Ditto|Sleep Powder|p2a: Hypno|[miss]\n|-miss|p1a: Ditto|p2a: Hypno\n|move|p2a: Hypno|Psychic Noise|p1a: Ditto\n|-supereffective|p1a: Ditto\n|-damage|p1a: Ditto|10/100\n|-start|p1a: Ditto|move: Heal Block\n|\n|upkeep\n|turn|25\n|inactive|Time left: 300 sec this turn | 300 sec total\n|\n|t:|1783550639\n|move|p1a: Ditto|Sleep Powder|p2a: Hypno|[miss]\n|-miss|p1a: Ditto|p2a: Hypno\n|move|p2a: Hypno|Psychic Noise|p1a: Ditto\n|-supereffective|p1a: Ditto\n|-damage|p1a: Ditto|0 fnt\n|faint|p1a: Ditto\n|\n|win|p0y9237b9f", "uploadtime": 1783550639, "views": 0, "rating": 0, "private": 0, "password": null, "_winner": "p0y9237b9f", "_our_name": "p0y9237b9f"}