{"id": "battle-gen9randombattle-1574", "formatid": "gen9randombattle", "format": "[Gen 9] Random Battle", "players": ["p0x15744d75", "p0y157430f5"], "log": "|init|battle\n|title|p0x15744d75 vs. p0y157430f5\n|j|\u2606p0x15744d75\n|j|\u2606p0y157430f5\n|t:|1783558244\n|gametype|singles\n|player|p1|p0x15744d75|170|\n|player|p2|p0y157430f5|169|\n|gen|9\n|tier|[Gen 9] Random Battle\n|rule|Species Clause: Limit one of each Pok\u00e9mon\n|rule|HP Percentage Mod: HP is shown in percentages\n|rule|Sleep Clause Mod: Limit one foe put to sleep\n|rule|Illusion Level Mod: Illusion disguises the Pok\u00e9mon's true level\n|\n|t:|1783558244\n|teamsize|p1|6\n|teamsize|p2|6\n|start\n|switch|p1a: Latios|Latios, L78, M|253/253\n|switch|p2a: Venomoth|Venomoth, L84, F|100/100\n|turn|1\n|inactive|Battle timer is ON: inactive players will automatically lose when time's up. (requested by p0y157430f5)\n|inactive|Time left: 300 sec this turn | 300 sec total | 60 sec grace\n|\n|t:|1783558245\n|switch|p2a: Reuniclus|Reuniclus, L88, M|100/100\n|move|p1a: Latios|Luster Purge|p2a: Reuniclus\n|-resisted|p2a: Reuniclus\n|-damage|p2a: Reuniclus|82/100\n|-unboost|p2a: Reuniclus|spd|1\n|\n|upkeep\n|turn|2\n|inactive|Time left: 300 sec this turn | 300 sec total\n|inactive|p0x15744d75 also wants the timer to be on.\n|\n|t:|1783558246\n|move|p1a: Latios|Luster Purge|p2a: Reuniclus\n|-resisted|p2a: Reuniclus\n|-damage|p2a: Reuniclus|53/100\n|move|p2a: Reuniclus|Calm Mind|p2a: Reuniclus\n|-boost|p2a: Reuniclus|spa|1\n|-boost|p2a: Reuniclus|spd|1\n|\n|upkeep\n|turn|3\n|inactive|Time left: 300 sec this turn | 300 sec total\n|\n|t:|1783558247\n|move|p1a: Latios|Draco Meteor|p2a: Reuniclus|[miss]\n|-miss|p1a: Latios|p2a: Reuniclus\n|move|p2a: Reuniclus|Recover|p2a: Reuniclus\n|-heal|p2a: Reuniclus|100/100\n|\n|upkeep\n|turn|4\n|inactive|Time left: 300 sec this turn | 300 sec total\n|\n|t:|1783558248\n|move|p1a: Latios|Luster Purge|p2a: Reuniclus\n|-resisted|p2a: Reuniclus\n|-damage|p2a: Reuniclus|82/100\n|move|p2a: Reuniclus|Psyshock|p1a: Latios\n|-resisted|p1a: Latios\n|-damage|p1a: Latios|132/253\n|\n|upkeep\n|turn|5\n|inactive|Time left: 300 sec this turn | 300 sec total\n|\n|t:|1783558249\n|move|p1a: Latios|Luster Purge|p2a: Reuniclus\n|-resisted|p2a: Reuniclus\n|-damage|p2a: Reuniclus|63/100\n|move|p2a: Reuniclus|Psyshock|p1a: Latios\n|-resisted|p1a: Latios\n|-damage|p1a: Latios|0 fnt\n|faint|p1a: Latios\n|\n|upkeep\n|inactive|Time left: 300 sec this turn | 300 sec total | 5 sec grace\n|\n|t:|1783558249\n|switch|p1a: Slaking|Slaking, L84, F|389/389\n|turn|6\n|inactive|Time left: 300 sec this turn | 300 sec total\n|\n|t:|1783558250\n|-terastallize|p2a: Reuniclus|Steel\n|move|p1a: Slaking|Giga Impact|p2a: Reuniclus|[miss]\n|-miss|p1a: Slaking|p2a: Reuniclus\n|move|p2a: Reuniclus|Focus Blast|p1a: Slaking\n|-supereffective|p1a: Slaking\n|-damage|p1a: Slaking|0 fnt\n|faint|p1a: Slaking\n|\n|upkeep\n|inactive|Time left: 300 sec this turn | 300 sec total | 5 sec grace\n|\n|t:|1783558251\n|switch|p1a: Terrakion|Terrakion, L79|273/273\n|turn|7\n|inactive|Time left: 300 sec this turn | 300 sec total\n|\n|t:|1783558252\n|switch|p2a: Donphan|Donphan, L84, F|100/100\n|move|p1a: Terrakion|Earthquake|p2a: Donphan\n|-damage|p2a: Donphan|68/100\n|\n|upkeep\n|turn|8\n|inactive|Time left: 300 sec this turn | 300 sec total\n|\n|t:|1783558253\n|switch|p1a: Kricketune|Kricketune, L99, M|312/312\n|move|p2a: Donphan|Earthquake|p1a: Kricketune\n|-resisted|p1a: Kricketune\n|-crit|p1a: Kricketune\n|-damage|p1a: Kricketune|202/312\n|\n|upkeep\n|turn|9\n|inactive|Time left: 300 sec this turn | 300 sec total\n|\n|t:|1783558254\n|move|p1a: Kricketune|Sticky Web|p2a: Donphan\n|-sidestart|p2: p0y157430f5|move: Sticky Web\n|move|p2a: Donphan|Rapid Spin|p1a: Kricketune\n|-damage|p1a: Kricketune|147/312\n|-boost|p2a: Donphan|spe|1\n|-sideend|p2: p0y157430f5|Sticky Web|[from] move: Rapid Spin|[of] p2a: Donphan\n|\n|upkeep\n|turn|10\n|inactive|Time left: 300 sec this turn | 300 sec total\n|\n|t:|1783558255\n|move|p2a: Donphan|Earthquake|p1a: Kricketune\n|-resisted|p1a: Kricketune\n|-damage|p1a: Kricketune|72/312\n|move|p1a: Kricketune|Pounce|p2a: Donphan\n|-damage|p2a: Donphan|43/100\n|-unboost|p2a: Donphan|spe|1\n|\n|upkeep\n|turn|11\n|inactive|Time left: 300 sec this turn | 300 sec total\n|\n|t:|1783558256\n|move|p1a: Kricketune|Sticky Web|p2a: Donphan\n|-sidestart|p2: p0y157430f5|move: Sticky Web\n|move|p2a: Donphan|Earthquake|p1a: Kricketune\n|-resisted|p1a: Kricketune\n|-damage|p1a: Kricketune|0 fnt\n|faint|p1a: Kricketune\n|\n|upkeep\n|inactive|Time left: 300 sec this turn | 300 sec total | 5 sec grace\n|\n|t:|1783558257\n|switch|p1a: Palkia|Palkia, L75|259/259\n|-ability|p1a: Palkia|Pressure\n|turn|12\n|inactive|Time left: 300 sec this turn | 300 sec total\n|\n|t:|1783558258\n|move|p1a: Palkia|Hydro Pump|p2a: Donphan\n|-supereffective|p2a: Donphan\n|-damage|p2a: Donphan|0 fnt\n|faint|p2a: Donphan\n|\n|upkeep\n|\n|t:|1783558259\n|switch|p2a: Reuniclus|Reuniclus, L88, M, tera:Steel|63/100\n|-activate|p2a: Reuniclus|move: Sticky Web\n|-unboost|p2a: Reuniclus|spe|1\n|turn|13\n|inactive|Time left: 300 sec this turn | 300 sec total\n|\n|t:|1783558260\n|move|p1a: Palkia|Hydro Pump|p2a: Reuniclus|[miss]\n|-miss|p1a: Palkia|p2a: Reuniclus\n|move|p2a: Reuniclus|Psyshock|p1a: Palkia\n|-damage|p1a: Palkia|95/259\n|\n|upkeep\n|turn|14\n|inactive|Time left: 300 sec this turn | 300 sec total\n|\n|t:|1783558260\n|switch|p2a: Vaporeon|Vaporeon, L86, F|100/100\n|-activate|p2a: Vaporeon|move: Sticky Web\n|-unboost|p2a: Vaporeon|spe|1\n|move|p1a: Palkia|Hydro Pump|p2a: Vaporeon\n|-immune|p2a: Vaporeon|[from] ability: Water Absorb\n|\n|upkeep\n|turn|15\n|inactive|Time left: 300 sec this turn | 300 sec total\n|\n|t:|1783558261\n|move|p1a: Palkia|Hydro Pump|p2a: Vaporeon\n|-immune|p2a: Vaporeon|[from] ability: Water Absorb\n|move|p2a: Vaporeon|Scald|p1a: Palkia\n|-resisted|p1a: Palkia\n|-damage|p1a: Palkia|72/259\n|\n|upkeep\n|turn|16\n|inactive|Time left: 300 sec this turn | 300 sec total\n|\n|t:|1783558262\n|move|p1a: Palkia|Hydro Pump|p2a: Vaporeon\n|-immune|p2a: Vaporeon|[from] ability: Water Absorb\n|move|p2a: Vaporeon|Scald|p1a: Palkia\n|-resisted|p1a: Palkia\n|-damage|p1a: Palkia|50/259\n|\n|upkeep\n|turn|17\n|inactive|Time left: 300 sec this turn | 300 sec total\n|\n|t:|1783558263\n|move|p1a: Palkia|Hydro Pump|p2a: Vaporeon\n|-immune|p2a: Vaporeon|[from] ability: Water Absorb\n|move|p2a: Vaporeon|Scald|p1a: Palkia\n|-resisted|p1a: Palkia\n|-damage|p1a: Palkia|29/259\n|-status|p1a: Palkia|brn\n|\n|-damage|p1a: Palkia|13/259 brn|[from] brn\n|upkeep\n|turn|18\n|inactive|Time left: 300 sec this turn | 300 sec total\n|\n|t:|1783558264\n|switch|p1a: Raikou|Raikou, L81|278/278\n|-ability|p1a: Raikou|Pressure\n|move|p2a: Vaporeon|Scald|p1a: Raikou\n|-damage|p1a: Raikou|190/278\n|\n|-heal|p1a: Raikou|207/278|[from] item: Leftovers\n|upkeep\n|turn|19\n|inactive|Time left: 300 sec this turn | 300 sec total\n|\n|t:|1783558265\n|move|p1a: Raikou|Calm Mind|p1a: Raikou\n|-boost|p1a: Raikou|spa|1\n|-boost|p1a: Raikou|spd|1\n|move|p2a: Vaporeon|Scald|p1a: Raikou\n|-damage|p1a: Raikou|146/278\n|\n|-heal|p1a: Raikou|163/278|[from] item: Leftovers\n|upkeep\n|turn|20\n|inactive|Time left: 300 sec this turn | 300 sec total\n|\n|t:|1783558266\n|move|p1a: Raikou|Thunderbolt|p2a: Vaporeon\n|-supereffective|p2a: Vaporeon\n|-damage|p2a: Vaporeon|28/100\n|move|p2a: Vaporeon|Haze|p2a: Vaporeon\n|-clearallboost\n|\n|-heal|p1a: Raikou|180/278|[from] item: Leftovers\n|-heal|p2a: Vaporeon|34/100|[from] item: Leftovers\n|upkeep\n|turn|21\n|inactive|Time left: 300 sec this turn | 300 sec total\n|\n|t:|1783558267\n|move|p2a: Vaporeon|Protect|p2a: Vaporeon\n|-singleturn|p2a: Vaporeon|Protect\n|move|p1a: Raikou|Thunderbolt|p2a: Vaporeon\n|-activate|p2a: Vaporeon|move: Protect\n|\n|-heal|p1a: Raikou|197/278|[from] item: Leftovers\n|-heal|p2a: Vaporeon|40/100|[from] item: Leftovers\n|upkeep\n|turn|22\n|inactive|Time left: 300 sec this turn | 300 sec total\n|\n|t:|1783558268\n|move|p2a: Vaporeon|Protect||[still]\n|-fail|p2a: Vaporeon\n|move|p1a: Raikou|Thunderbolt|p2a: Vaporeon\n|-supereffective|p2a: Vaporeon\n|-damage|p2a: Vaporeon|0 fnt\n|faint|p2a: Vaporeon\n|\n|-heal|p1a: Raikou|214/278|[from] item: Leftovers\n|upkeep\n|\n|t:|1783558269\n|switch|p2a: Reuniclus|Reuniclus, L88, M, tera:Steel|63/100\n|-activate|p2a: Reuniclus|move: Sticky Web\n|-unboost|p2a: Reuniclus|spe|1\n|turn|23\n|inactive|Time left: 300 sec this turn | 300 sec total\n|\n|t:|1783558270\n|move|p1a: Raikou|Thunderbolt|p2a: Reuniclus\n|-damage|p2a: Reuniclus|31/100\n|move|p2a: Reuniclus|Psyshock|p1a: Raikou\n|-damage|p1a: Raikou|45/278\n|\n|-heal|p1a: Raikou|62/278|[from] item: Leftovers\n|upkeep\n|turn|24\n|inactive|Time left: 300 sec this turn | 300 sec total\n|\n|t:|1783558272\n|move|p1a: Raikou|Thunderbolt|p2a: Reuniclus\n|-damage|p2a: Reuniclus|0 fnt\n|faint|p2a: Reuniclus\n|\n|-heal|p1a: Raikou|79/278|[from] item: Leftovers\n|upkeep\n|\n|t:|1783558273\n|switch|p2a: Venomoth|Venomoth, L84, F|100/100\n|turn|25\n|inactive|Time left: 300 sec this turn | 300 sec total\n|\n|t:|1783558274\n|switch|p1a: Terrakion|Terrakion, L79|273/273\n|move|p2a: Venomoth|Quiver Dance|p2a: Venomoth\n|-boost|p2a: Venomoth|spa|1\n|-boost|p2a: Venomoth|spd|1\n|-boost|p2a: Venomoth|spe|1\n|\n|upkeep\n|turn|26\n|inactive|Time left: 300 sec this turn | 300 sec total\n|\n|t:|1783558275\n|move|p2a: Venomoth|Sleep Powder|p1a: Terrakion\n|-status|p1a: Terrakion|slp|[from] move: Sleep Powder\n|cant|p1a: Terrakion|slp\n|\n|upkeep\n|turn|27\n|inactive|Time left: 300 sec this turn | 300 sec total\n|\n|t:|1783558276\n|move|p2a: Venomoth|Quiver Dance|p2a: Venomoth\n|-boost|p2a: Venomoth|spa|1\n|-boost|p2a: Venomoth|spd|1\n|-boost|p2a: Venomoth|spe|1\n|cant|p1a: Terrakion|slp\n|\n|upkeep\n|turn|28\n|inactive|Time left: 300 sec this turn | 300 sec total\n|\n|t:|1783558277\n|move|p2a: Venomoth|Quiver Dance|p2a: Venomoth\n|-boost|p2a: Venomoth|spa|1\n|-boost|p2a: Venomoth|spd|1\n|-boost|p2a: Venomoth|spe|1\n|cant|p1a: Terrakion|slp\n|\n|upkeep\n|turn|29\n|inactive|Time left: 300 sec this turn | 300 sec total\n|\n|t:|1783558278\n|move|p2a: Venomoth|Quiver Dance|p2a: Venomoth\n|-boost|p2a: Venomoth|spa|1\n|-boost|p2a: Venomoth|spd|1\n|-boost|p2a: Venomoth|spe|1\n|-curestatus|p1a: Terrakion|slp|[msg]\n|move|p1a: Terrakion|Stone Edge|p2a: Venomoth\n|-supereffective|p2a: Venomoth\n|-damage|p2a: Venomoth|0 fnt\n|faint|p2a: Venomoth\n|\n|upkeep\n|\n|t:|1783558279\n|switch|p2a: Klawf|Klawf, L90, F|100/100\n|-activate|p2a: Klawf|move: Sticky Web\n|-unboost|p2a: Klawf|spe|1\n|turn|30\n|inactive|Time left: 300 sec this turn | 300 sec total\n|\n|t:|1783558280\n|move|p1a: Terrakion|Stone Edge|p2a: Klawf\n|-damage|p2a: Klawf|48/100\n|-ability|p2a: Klawf|Anger Shell|boost\n|-boost|p2a: Klawf|atk|1\n|-boost|p2a: Klawf|spa|1\n|-boost|p2a: Klawf|spe|1\n|-unboost|p2a: Klawf|def|1\n|-unboost|p2a: Klawf|spd|1\n|move|p2a: Klawf|High Horsepower|p1a: Terrakion\n|-supereffective|p1a: Terrakion\n|-damage|p1a: Terrakion|0 fnt\n|faint|p1a: Terrakion\n|\n|upkeep\n|inactive|Time left: 300 sec this turn | 300 sec total | 5 sec grace\n|\n|t:|1783558280\n|switch|p1a: Raikou|Raikou, L81|79/278\n|-ability|p1a: Raikou|Pressure\n|turn|31\n|inactive|Time left: 300 sec this turn | 300 sec total\n|\n|t:|1783558281\n|switch|p2a: Comfey|Comfey, L85, M|100/100\n|-activate|p2a: Comfey|move: Sticky Web\n|-unboost|p2a: Comfey|spe|1\n|-terastallize|p1a: Raikou|Water\n|move|p1a: Raikou|Thunderbolt|p2a: Comfey\n|-damage|p2a: Comfey|61/100\n|\n|-heal|p1a: Raikou|96/278|[from] item: Leftovers\n|-heal|p2a: Comfey|68/100|[from] item: Leftovers\n|upkeep\n|turn|32\n|inactive|Time left: 300 sec this turn | 300 sec total\n|\n|t:|1783558282\n|switch|p1a: Palkia|Palkia, L75|13/259 brn\n|-ability|p1a: Palkia|Pressure\n|move|p2a: Comfey|Giga Drain|p1a: Palkia\n|-damage|p1a: Palkia|0 fnt\n|-heal|p2a: Comfey|71/100|[from] drain|[of] p1a: Palkia\n|faint|p1a: Palkia\n|\n|-heal|p2a: Comfey|77/100|[from] item: Leftovers\n|upkeep\n|inactive|Time left: 300 sec this turn | 300 sec total | 5 sec grace\n|\n|t:|1783558283\n|switch|p1a: Raikou|Raikou, L81, tera:Water|96/278\n|-ability|p1a: Raikou|Pressure\n|turn|33\n|inactive|Time left: 300 sec this turn | 300 sec total\n|\n|t:|1783558284\n|move|p2a: Comfey|Giga Drain|p1a: Raikou\n|-supereffective|p1a: Raikou\n|-damage|p1a: Raikou|10/278\n|-heal|p2a: Comfey|96/100|[from] drain|[of] p1a: Raikou\n|move|p1a: Raikou|Shadow Ball|p2a: Comfey\n|-damage|p2a: Comfey|75/100\n|\n|-heal|p1a: Raikou|27/278|[from] item: Leftovers\n|-heal|p2a: Comfey|81/100|[from] item: Leftovers\n|upkeep\n|turn|34\n|inactive|Time left: 300 sec this turn | 300 sec total\n|\n|t:|1783558285\n|move|p2a: Comfey|Giga Drain|p1a: Raikou\n|-supereffective|p1a: Raikou\n|-damage|p1a: Raikou|0 fnt\n|-heal|p2a: Comfey|87/100|[from] drain|[of] p1a: Raikou\n|faint|p1a: Raikou\n|\n|win|p0y157430f5", "uploadtime": 1783558285, "views": 0, "rating": 0, "private": 0, "password": null, "_winner": "p0y157430f5", "_our_name": "p0x15744d75"}