{"id": "battle-gen9randombattle-106", "formatid": "gen9randombattle", "format": "[Gen 9] Random Battle", "players": ["p0x1061250", "p0y106ec30"], "log": "|init|battle\n|title|p0x1061250 vs. p0y106ec30\n|j|\u2606p0x1061250\n|j|\u2606p0y106ec30\n|t:|1783540735\n|gametype|singles\n|player|p1|p0x1061250|101|\n|player|p2|p0y106ec30|169|\n|gen|9\n|tier|[Gen 9] Random Battle\n|rule|Species Clause: Limit one of each Pok\u00e9mon\n|rule|HP Percentage Mod: HP is shown in percentages\n|rule|Sleep Clause Mod: Limit one foe put to sleep\n|rule|Illusion Level Mod: Illusion disguises the Pok\u00e9mon's true level\n|\n|t:|1783540736\n|teamsize|p1|6\n|teamsize|p2|6\n|start\n|switch|p1a: Lapras|Lapras, L87, F|100/100\n|switch|p2a: Sandslash|Sandslash, L89, F|278/278\n|turn|1\n|inactive|Battle timer is ON: inactive players will automatically lose when time's up. (requested by p0y106ec30)\n|inactive|p0x1061250 also wants the timer to be on.\n|\n|t:|1783540737\n|move|p2a: Sandslash|Stone Edge|p1a: Lapras\n|-supereffective|p1a: Lapras\n|-damage|p1a: Lapras|57/100\n|move|p1a: Lapras|Icicle Spear|p2a: Sandslash\n|-supereffective|p2a: Sandslash\n|-damage|p2a: Sandslash|236/278\n|-supereffective|p2a: Sandslash\n|-damage|p2a: Sandslash|192/278\n|-supereffective|p2a: Sandslash\n|-damage|p2a: Sandslash|148/278\n|-supereffective|p2a: Sandslash\n|-damage|p2a: Sandslash|106/278\n|-supereffective|p2a: Sandslash\n|-damage|p2a: Sandslash|62/278\n|-hitcount|p2a: Sandslash|5\n|\n|upkeep\n|turn|2\n|inactive|Time left: 300 sec this turn | 300 sec total\n|\n|t:|1783540738\n|move|p2a: Sandslash|Earthquake|p1a: Lapras\n|-damage|p1a: Lapras|22/100\n|move|p1a: Lapras|Waterfall|p2a: Sandslash\n|-supereffective|p2a: Sandslash\n|-damage|p2a: Sandslash|0 fnt\n|faint|p2a: Sandslash\n|\n|upkeep\n|inactive|Time left: 300 sec this turn | 300 sec total | 5 sec grace\n|\n|t:|1783540739\n|switch|p2a: Misdreavus|Misdreavus, L90, F|254/254\n|turn|3\n|inactive|Time left: 300 sec this turn | 300 sec total\n|\n|t:|1783540740\n|switch|p1a: Ursaluna|Ursaluna-Bloodmoon, L79, M|100/100\n|move|p2a: Misdreavus|Shadow Ball|p1a: Ursaluna\n|-immune|p1a: Ursaluna\n|\n|upkeep\n|turn|4\n|inactive|Time left: 300 sec this turn | 300 sec total\n|\n|t:|1783540741\n|move|p2a: Misdreavus|Calm Mind|p2a: Misdreavus\n|-boost|p2a: Misdreavus|spa|1\n|-boost|p2a: Misdreavus|spd|1\n|move|p1a: Ursaluna|Calm Mind|p1a: Ursaluna\n|-boost|p1a: Ursaluna|spa|1\n|-boost|p1a: Ursaluna|spd|1\n|\n|upkeep\n|turn|5\n|inactive|Time left: 300 sec this turn | 300 sec total\n|\n|t:|1783540742\n|move|p2a: Misdreavus|Calm Mind|p2a: Misdreavus\n|-boost|p2a: Misdreavus|spa|1\n|-boost|p2a: Misdreavus|spd|1\n|move|p1a: Ursaluna|Calm Mind|p1a: Ursaluna\n|-boost|p1a: Ursaluna|spa|1\n|-boost|p1a: Ursaluna|spd|1\n|\n|upkeep\n|turn|6\n|inactive|Time left: 300 sec this turn | 300 sec total\n|\n|t:|1783540743\n|move|p2a: Misdreavus|Calm Mind|p2a: Misdreavus\n|-boost|p2a: Misdreavus|spa|1\n|-boost|p2a: Misdreavus|spd|1\n|move|p1a: Ursaluna|Blood Moon|p2a: Misdreavus\n|-damage|p2a: Misdreavus|164/254\n|\n|upkeep\n|turn|7\n|inactive|Time left: 300 sec this turn | 300 sec total\n|\n|t:|1783540744\n|move|p2a: Misdreavus|Draining Kiss|p1a: Ursaluna\n|-damage|p1a: Ursaluna|81/100\n|-heal|p2a: Misdreavus|209/254|[from] drain|[of] p1a: Ursaluna\n|move|p1a: Ursaluna|Calm Mind|p1a: Ursaluna\n|-boost|p1a: Ursaluna|spa|1\n|-boost|p1a: Ursaluna|spd|1\n|\n|-heal|p1a: Ursaluna|87/100|[from] item: Leftovers\n|upkeep\n|turn|8\n|inactive|Time left: 300 sec this turn | 300 sec total\n|\n|t:|1783540746\n|move|p2a: Misdreavus|Draining Kiss|p1a: Ursaluna\n|-damage|p1a: Ursaluna|72/100\n|-heal|p2a: Misdreavus|244/254|[from] drain|[of] p1a: Ursaluna\n|move|p1a: Ursaluna|Blood Moon|p2a: Misdreavus\n|-damage|p2a: Misdreavus|126/254\n|\n|-heal|p1a: Ursaluna|78/100|[from] item: Leftovers\n|upkeep\n|turn|9\n|inactive|Time left: 300 sec this turn | 300 sec total\n|\n|t:|1783540747\n|move|p2a: Misdreavus|Draining Kiss|p1a: Ursaluna\n|-damage|p1a: Ursaluna|62/100\n|-heal|p2a: Misdreavus|164/254|[from] drain|[of] p1a: Ursaluna\n|move|p1a: Ursaluna|Calm Mind|p1a: Ursaluna\n|-boost|p1a: Ursaluna|spa|1\n|-boost|p1a: Ursaluna|spd|1\n|\n|-heal|p1a: Ursaluna|68/100|[from] item: Leftovers\n|upkeep\n|turn|10\n|inactive|Time left: 300 sec this turn | 300 sec total\n|\n|t:|1783540748\n|move|p2a: Misdreavus|Draining Kiss|p1a: Ursaluna\n|-damage|p1a: Ursaluna|55/100\n|-heal|p2a: Misdreavus|194/254|[from] drain|[of] p1a: Ursaluna\n|move|p1a: Ursaluna|Blood Moon|p2a: Misdreavus\n|-damage|p2a: Misdreavus|58/254\n|\n|-heal|p1a: Ursaluna|61/100|[from] item: Leftovers\n|upkeep\n|turn|11\n|inactive|Time left: 300 sec this turn | 300 sec total\n|\n|t:|1783540749\n|-terastallize|p2a: Misdreavus|Fairy\n|move|p2a: Misdreavus|Draining Kiss|p1a: Ursaluna\n|-damage|p1a: Ursaluna|37/100\n|-heal|p2a: Misdreavus|114/254|[from] drain|[of] p1a: Ursaluna\n|move|p1a: Ursaluna|Moonlight|p1a: Ursaluna\n|-heal|p1a: Ursaluna|87/100\n|\n|-heal|p1a: Ursaluna|93/100|[from] item: Leftovers\n|upkeep\n|turn|12\n|inactive|Time left: 300 sec this turn | 300 sec total\n|\n|t:|1783540750\n|move|p2a: Misdreavus|Draining Kiss|p1a: Ursaluna\n|-damage|p1a: Ursaluna|68/100\n|-heal|p2a: Misdreavus|171/254|[from] drain|[of] p1a: Ursaluna\n|move|p1a: Ursaluna|Blood Moon|p2a: Misdreavus\n|-crit|p2a: Misdreavus\n|-damage|p2a: Misdreavus|0 fnt\n|faint|p2a: Misdreavus\n|\n|-heal|p1a: Ursaluna|75/100|[from] item: Leftovers\n|upkeep\n|inactive|Time left: 300 sec this turn | 300 sec total | 5 sec grace\n|\n|t:|1783540751\n|switch|p2a: Muk|Muk, L86, F|321/321\n|turn|13\n|inactive|Time left: 300 sec this turn | 300 sec total\n|\n|t:|1783540752\n|move|p2a: Muk|Haze|p2a: Muk\n|-clearallboost\n|move|p1a: Ursaluna|Moonlight|p1a: Ursaluna\n|-heal|p1a: Ursaluna|100/100\n|\n|upkeep\n|turn|14\n|inactive|Time left: 300 sec this turn | 300 sec total\n|\n|t:|1783540753\n|move|p2a: Muk|Toxic Spikes|p1a: Ursaluna\n|-sidestart|p1: p0x1061250|move: Toxic Spikes\n|move|p1a: Ursaluna|Blood Moon|p2a: Muk\n|-crit|p2a: Muk\n|-damage|p2a: Muk|89/321\n|\n|-heal|p2a: Muk|109/321|[from] item: Leftovers\n|upkeep\n|turn|15\n|inactive|Time left: 300 sec this turn | 300 sec total\n|\n|t:|1783540754\n|move|p2a: Muk|Knock Off|p1a: Ursaluna\n|-damage|p1a: Ursaluna|80/100\n|-enditem|p1a: Ursaluna|Leftovers|[from] move: Knock Off|[of] p2a: Muk\n|move|p1a: Ursaluna|Calm Mind|p1a: Ursaluna\n|-boost|p1a: Ursaluna|spa|1\n|-boost|p1a: Ursaluna|spd|1\n|\n|-heal|p2a: Muk|129/321|[from] item: Leftovers\n|upkeep\n|turn|16\n|inactive|Time left: 300 sec this turn | 300 sec total\n|\n|t:|1783540755\n|move|p2a: Muk|Haze|p2a: Muk\n|-clearallboost\n|move|p1a: Ursaluna|Blood Moon|p2a: Muk\n|-damage|p2a: Muk|0 fnt\n|faint|p2a: Muk\n|\n|upkeep\n|inactive|Time left: 300 sec this turn | 300 sec total | 5 sec grace\n|\n|t:|1783540756\n|switch|p2a: Latias|Latias, L79, F|256/256\n|turn|17\n|inactive|Time left: 300 sec this turn | 300 sec total\n|\n|t:|1783540757\n|move|p2a: Latias|Calm Mind|p2a: Latias\n|-boost|p2a: Latias|spa|1\n|-boost|p2a: Latias|spd|1\n|move|p1a: Ursaluna|Calm Mind|p1a: Ursaluna\n|-boost|p1a: Ursaluna|spa|1\n|-boost|p1a: Ursaluna|spd|1\n|\n|upkeep\n|turn|18\n|inactive|Time left: 300 sec this turn | 300 sec total\n|\n|t:|1783540758\n|move|p2a: Latias|Calm Mind|p2a: Latias\n|-boost|p2a: Latias|spa|1\n|-boost|p2a: Latias|spd|1\n|move|p1a: Ursaluna|Moonlight|p1a: Ursaluna\n|-heal|p1a: Ursaluna|100/100\n|\n|upkeep\n|turn|19\n|inactive|Time left: 300 sec this turn | 300 sec total\n|\n|t:|1783540759\n|move|p2a: Latias|Psyshock|p1a: Ursaluna\n|-damage|p1a: Ursaluna|51/100\n|move|p1a: Ursaluna|Moonlight|p1a: Ursaluna\n|-heal|p1a: Ursaluna|100/100\n|\n|upkeep\n|turn|20\n|inactive|Time left: 300 sec this turn | 300 sec total\n|\n|t:|1783540760\n|move|p2a: Latias|Psyshock|p1a: Ursaluna\n|-damage|p1a: Ursaluna|43/100\n|move|p1a: Ursaluna|Moonlight|p1a: Ursaluna\n|-heal|p1a: Ursaluna|93/100\n|\n|upkeep\n|turn|21\n|inactive|Time left: 300 sec this turn | 300 sec total\n|\n|t:|1783540761\n|move|p2a: Latias|Psyshock|p1a: Ursaluna\n|-damage|p1a: Ursaluna|43/100\n|move|p1a: Ursaluna|Blood Moon|p2a: Latias\n|-damage|p2a: Latias|153/256\n|\n|upkeep\n|turn|22\n|inactive|Time left: 300 sec this turn | 300 sec total\n|\n|t:|1783540762\n|move|p2a: Latias|Psyshock|p1a: Ursaluna\n|-damage|p1a: Ursaluna|0 fnt\n|faint|p1a: Ursaluna\n|\n|upkeep\n|\n|t:|1783540763\n|switch|p1a: Dachsbun|Dachsbun, L92, F|100/100\n|-status|p1a: Dachsbun|psn\n|turn|23\n|inactive|Time left: 300 sec this turn | 300 sec total\n|\n|t:|1783540765\n|switch|p2a: Slowking|Slowking-Galar, L85, F|300/300\n|move|p1a: Dachsbun|Play Rough|p2a: Slowking\n|-resisted|p2a: Slowking\n|-damage|p2a: Slowking|249/300\n|\n|-damage|p1a: Dachsbun|88/100 psn|[from] psn\n|upkeep\n|turn|24\n|inactive|Time left: 300 sec this turn | 300 sec total\n|\n|t:|1783540766\n|switch|p1a: Chimecho|Chimecho, L93, F|100/100\n|move|p2a: Slowking|Sludge Bomb|p1a: Chimecho\n|-damage|p1a: Chimecho|65/100\n|\n|-heal|p1a: Chimecho|71/100|[from] item: Leftovers\n|upkeep\n|turn|25\n|inactive|Time left: 300 sec this turn | 300 sec total\n|\n|t:|1783540767\n|move|p1a: Chimecho|Calm Mind|p1a: Chimecho\n|-boost|p1a: Chimecho|spa|1\n|-boost|p1a: Chimecho|spd|1\n|move|p2a: Slowking|Sludge Bomb|p1a: Chimecho\n|-damage|p1a: Chimecho|48/100\n|-status|p1a: Chimecho|psn\n|\n|-heal|p1a: Chimecho|55/100 psn|[from] item: Leftovers\n|-damage|p1a: Chimecho|42/100 psn|[from] psn\n|upkeep\n|turn|26\n|inactive|Time left: 300 sec this turn | 300 sec total\n|\n|t:|1783540768\n|move|p1a: Chimecho|Recover|p1a: Chimecho\n|-heal|p1a: Chimecho|92/100 psn\n|move|p2a: Slowking|Sludge Bomb|p1a: Chimecho\n|-damage|p1a: Chimecho|70/100 psn\n|\n|-heal|p1a: Chimecho|76/100 psn|[from] item: Leftovers\n|-damage|p1a: Chimecho|64/100 psn|[from] psn\n|upkeep\n|turn|27\n|inactive|Time left: 300 sec this turn | 300 sec total\n|\n|t:|1783540769\n|move|p1a: Chimecho|Calm Mind|p1a: Chimecho\n|-boost|p1a: Chimecho|spa|1\n|-boost|p1a: Chimecho|spd|1\n|move|p2a: Slowking|Future Sight|p1a: Chimecho\n|-start|p2a: Slowking|move: Future Sight\n|\n|-heal|p1a: Chimecho|70/100 psn|[from] item: Leftovers\n|-damage|p1a: Chimecho|58/100 psn|[from] psn\n|upkeep\n|turn|28\n|inactive|Time left: 300 sec this turn | 300 sec total\n|\n|t:|1783540770\n|move|p1a: Chimecho|Recover|p1a: Chimecho\n|-heal|p1a: Chimecho|100/100 psn\n|move|p2a: Slowking|Sludge Bomb|p1a: Chimecho\n|-damage|p1a: Chimecho|84/100 psn\n|\n|-heal|p1a: Chimecho|90/100 psn|[from] item: Leftovers\n|-damage|p1a: Chimecho|78/100 psn|[from] psn\n|upkeep\n|turn|29\n|inactive|Time left: 300 sec this turn | 300 sec total\n|\n|t:|1783540771\n|move|p1a: Chimecho|Calm Mind|p1a: Chimecho\n|-boost|p1a: Chimecho|spa|1\n|-boost|p1a: Chimecho|spd|1\n|move|p2a: Slowking|Sludge Bomb|p1a: Chimecho\n|-damage|p1a: Chimecho|64/100 psn\n|\n|-end|p1a: Chimecho|move: Future Sight\n|-resisted|p1a: Chimecho\n|-damage|p1a: Chimecho|56/100 psn\n|-heal|p1a: Chimecho|62/100 psn|[from] item: Leftovers\n|-damage|p1a: Chimecho|49/100 psn|[from] psn\n|upkeep\n|turn|30\n|inactive|Time left: 300 sec this turn | 300 sec total\n|\n|t:|1783540772\n|switch|p2a: Latias|Latias, L79, F|153/256\n|move|p1a: Chimecho|Recover|p1a: Chimecho\n|-heal|p1a: Chimecho|99/100 psn\n|\n|-heal|p1a: Chimecho|100/100 psn|[from] item: Leftovers\n|-damage|p1a: Chimecho|88/100 psn|[from] psn\n|upkeep\n|turn|31\n|inactive|Time left: 300 sec this turn | 300 sec total\n|\n|t:|1783540773\n|switch|p2a: Slowking|Slowking-Galar, L85, F|300/300\n|move|p1a: Chimecho|Dazzling Gleam|p2a: Slowking\n|-resisted|p2a: Slowking\n|-damage|p2a: Slowking|253/300\n|\n|-heal|p1a: Chimecho|94/100 psn|[from] item: Leftovers\n|-damage|p1a: Chimecho|82/100 psn|[from] psn\n|upkeep\n|turn|32\n|inactive|Time left: 300 sec this turn | 300 sec total\n|\n|t:|1783540774\n|switch|p2a: Latias|Latias, L79, F|153/256\n|move|p1a: Chimecho|Psychic Noise|p2a: Latias\n|-resisted|p2a: Latias\n|-damage|p2a: Latias|67/256\n|-start|p2a: Latias|move: Heal Block\n|\n|-heal|p1a: Chimecho|88/100 psn|[from] item: Leftovers\n|-damage|p1a: Chimecho|76/100 psn|[from] psn\n|upkeep\n|turn|33\n|inactive|Time left: 300 sec this turn | 300 sec total\n|\n|t:|1783540775\n|switch|p2a: Slowking|Slowking-Galar, L85, F|300/300\n|move|p1a: Chimecho|Psychic Noise|p2a: Slowking\n|-damage|p2a: Slowking|174/300\n|-start|p2a: Slowking|move: Heal Block\n|\n|-heal|p1a: Chimecho|82/100 psn|[from] item: Leftovers\n|-damage|p1a: Chimecho|69/100 psn|[from] psn\n|upkeep\n|turn|34\n|inactive|Time left: 300 sec this turn | 300 sec total\n|\n|t:|1783540776\n|move|p1a: Chimecho|Psychic Noise|p2a: Slowking\n|-damage|p2a: Slowking|35/300\n|move|p2a: Slowking|Future Sight|p1a: Chimecho\n|-start|p2a: Slowking|move: Future Sight\n|\n|-heal|p1a: Chimecho|76/100 psn|[from] item: Leftovers\n|-damage|p1a: Chimecho|63/100 psn|[from] psn\n|-end|p2a: Slowking|move: Heal Block\n|upkeep\n|turn|35\n|inactive|Time left: 300 sec this turn | 300 sec total\n|\n|t:|1783540777\n|switch|p2a: Latias|Latias, L79, F|67/256\n|move|p1a: Chimecho|Psychic Noise|p2a: Latias\n|-resisted|p2a: Latias\n|-damage|p2a: Latias|0 fnt\n|faint|p2a: Latias\n|\n|-heal|p1a: Chimecho|69/100 psn|[from] item: Leftovers\n|-damage|p1a: Chimecho|57/100 psn|[from] psn\n|upkeep\n|inactive|Time left: 300 sec this turn | 300 sec total | 5 sec grace\n|\n|t:|1783540778\n|switch|p2a: Slowking|Slowking-Galar, L85, F|135/300\n|turn|36\n|inactive|Time left: 300 sec this turn | 300 sec total\n|\n|t:|1783540779\n|move|p1a: Chimecho|Psychic Noise|p2a: Slowking\n|-damage|p2a: Slowking|8/300\n|-start|p2a: Slowking|move: Heal Block\n|move|p2a: Slowking|Sludge Bomb|p1a: Chimecho\n|-damage|p1a: Chimecho|43/100 psn\n|\n|-end|p1a: Chimecho|move: Future Sight\n|-resisted|p1a: Chimecho\n|-damage|p1a: Chimecho|33/100 psn\n|-heal|p1a: Chimecho|39/100 psn|[from] item: Leftovers\n|-damage|p1a: Chimecho|27/100 psn|[from] psn\n|upkeep\n|turn|37\n|inactive|Time left: 300 sec this turn | 300 sec total\n|\n|t:|1783540781\n|switch|p2a: Altaria|Altaria, L89, M|278/278\n|move|p1a: Chimecho|Recover|p1a: Chimecho\n|-heal|p1a: Chimecho|77/100 psn\n|\n|-heal|p1a: Chimecho|83/100 psn|[from] item: Leftovers\n|-damage|p1a: Chimecho|71/100 psn|[from] psn\n|upkeep\n|turn|38\n|inactive|Time left: 300 sec this turn | 300 sec total\n|\n|t:|1783540782\n|switch|p2a: Slowking|Slowking-Galar, L85, F|108/300\n|move|p1a: Chimecho|Dazzling Gleam|p2a: Slowking\n|-resisted|p2a: Slowking\n|-damage|p2a: Slowking|61/300\n|\n|-heal|p1a: Chimecho|77/100 psn|[from] item: Leftovers\n|-damage|p1a: Chimecho|65/100 psn|[from] psn\n|upkeep\n|turn|39\n|inactive|Time left: 300 sec this turn | 300 sec total\n|\n|t:|1783540783\n|switch|p2a: Altaria|Altaria, L89, M|278/278\n|move|p1a: Chimecho|Psychic Noise|p2a: Altaria\n|-damage|p2a: Altaria|91/278\n|-start|p2a: Altaria|move: Heal Block\n|\n|-heal|p1a: Chimecho|71/100 psn|[from] item: Leftovers\n|-damage|p1a: Chimecho|58/100 psn|[from] psn\n|upkeep\n|turn|40\n|inactive|Time left: 300 sec this turn | 300 sec total\n|\n|t:|1783540784\n|move|p2a: Altaria|Brave Bird|p1a: Chimecho\n|-damage|p1a: Chimecho|23/100 psn\n|-damage|p2a: Altaria|57/278|[from] Recoil\n|move|p1a: Chimecho|Psychic Noise|p2a: Altaria\n|-damage|p2a: Altaria|0 fnt\n|faint|p2a: Altaria\n|\n|-heal|p1a: Chimecho|29/100 psn|[from] item: Leftovers\n|-damage|p1a: Chimecho|17/100 psn|[from] psn\n|upkeep\n|inactive|Time left: 300 sec this turn | 300 sec total | 5 sec grace\n|\n|t:|1783540786\n|switch|p2a: Slowking|Slowking-Galar, L85, F|161/300\n|turn|41\n|inactive|Time left: 300 sec this turn | 300 sec total\n|\n|t:|1783540787\n|move|p1a: Chimecho|Psychic Noise|p2a: Slowking\n|-damage|p2a: Slowking|16/300\n|-start|p2a: Slowking|move: Heal Block\n|move|p2a: Slowking|Psychic Noise|p1a: Chimecho\n|-resisted|p1a: Chimecho\n|-crit|p1a: Chimecho\n|-damage|p1a: Chimecho|0 fnt\n|faint|p1a: Chimecho\n|\n|upkeep\n|\n|t:|1783540788\n|switch|p1a: Lapras|Lapras, L87, F|22/100\n|-status|p1a: Lapras|psn\n|turn|42\n|inactive|Time left: 300 sec this turn | 300 sec total\n|\n|t:|1783540788\n|-terastallize|p1a: Lapras|Ground\n|move|p1a: Lapras|Waterfall|p2a: Slowking\n|-damage|p2a: Slowking|0 fnt\n|faint|p2a: Slowking\n|\n|win|p0x1061250", "uploadtime": 1783540788, "views": 0, "rating": 0, "private": 0, "password": null, "_winner": "p0x1061250", "_our_name": "p0y106ec30"}