{"id": "battle-gen9randombattle-2980", "formatid": "gen9randombattle", "format": "[Gen 9] Random Battle", "players": ["p0x2980bb11", "p0y2980be9c"], "log": "|init|battle\n|title|p0x2980bb11 vs. p0y2980be9c\n|j|\u2606p0x2980bb11\n|j|\u2606p0y2980be9c\n|t:|1783573316\n|gametype|singles\n|player|p1|p0x2980bb11|169|\n|player|p2|p0y2980be9c|102|\n|gen|9\n|tier|[Gen 9] Random Battle\n|rule|Species Clause: Limit one of each Pok\u00e9mon\n|rule|HP Percentage Mod: HP is shown in percentages\n|rule|Sleep Clause Mod: Limit one foe put to sleep\n|rule|Illusion Level Mod: Illusion disguises the Pok\u00e9mon's true level\n|\n|t:|1783573316\n|teamsize|p1|6\n|teamsize|p2|6\n|start\n|switch|p1a: Lucario|Lucario, L84, M|255/255\n|switch|p2a: Excadrill|Excadrill, L79, F|100/100\n|-ability|p2a: Excadrill|Mold Breaker\n|turn|1\n|inactive|Battle timer is ON: inactive players will automatically lose when time's up. (requested by p0y2980be9c)\n|inactive|Time left: 300 sec this turn | 300 sec total | 60 sec grace\n|inactive|p0x2980bb11 also wants the timer to be on.\n|\n|t:|1783573317\n|move|p1a: Lucario|Focus Blast|p2a: Excadrill|[miss]\n|-miss|p1a: Lucario|p2a: Excadrill\n|move|p2a: Excadrill|Earthquake|p1a: Lucario\n|-supereffective|p1a: Lucario\n|-damage|p1a: Lucario|0 fnt\n|faint|p1a: Lucario\n|\n|upkeep\n|inactive|Time left: 300 sec this turn | 300 sec total | 65 sec grace\n|\n|t:|1783573318\n|switch|p1a: Regidrago|Regidrago, L77|435/435\n|turn|2\n|inactive|Time left: 300 sec this turn | 300 sec total\n|\n|t:|1783573319\n|-terastallize|p1a: Regidrago|Dragon\n|move|p1a: Regidrago|Outrage|p2a: Excadrill\n|-resisted|p2a: Excadrill\n|-damage|p2a: Excadrill|47/100\n|move|p2a: Excadrill|Earthquake|p1a: Regidrago\n|-damage|p1a: Regidrago|242/435\n|\n|upkeep\n|turn|3\n|inactive|Time left: 300 sec this turn | 300 sec total\n|\n|t:|1783573320\n|switch|p2a: Sylveon|Sylveon, L85, M|100/100\n|move|p1a: Regidrago|Outrage|p2a: Sylveon|[from] lockedmove\n|-immune|p2a: Sylveon\n|-start|p1a: Regidrago|confusion|[fatigue]\n|\n|upkeep\n|turn|4\n|inactive|Time left: 300 sec this turn | 300 sec total\n|\n|t:|1783573321\n|switch|p1a: Tropius|Tropius, L91, F|328/328\n|move|p2a: Sylveon|Hyper Voice|p1a: Tropius\n|-damage|p1a: Tropius|204/328\n|\n|upkeep\n|turn|5\n|inactive|Time left: 300 sec this turn | 300 sec total\n|\n|t:|1783573322\n|move|p2a: Sylveon|Hyper Voice|p1a: Tropius\n|-damage|p1a: Tropius|84/328\n|-enditem|p1a: Tropius|Sitrus Berry|[eat]\n|-heal|p1a: Tropius|166/328|[from] item: Sitrus Berry\n|move|p1a: Tropius|Dragon Dance|p1a: Tropius\n|-boost|p1a: Tropius|atk|1\n|-boost|p1a: Tropius|spe|1\n|\n|-item|p1a: Tropius|Sitrus Berry|[from] ability: Harvest\n|upkeep\n|turn|6\n|inactive|Time left: 300 sec this turn | 300 sec total\n|\n|t:|1783573323\n|move|p1a: Tropius|Leaf Blade|p2a: Sylveon\n|-damage|p2a: Sylveon|49/100\n|move|p2a: Sylveon|Calm Mind|p2a: Sylveon\n|-boost|p2a: Sylveon|spa|1\n|-boost|p2a: Sylveon|spd|1\n|\n|-heal|p2a: Sylveon|55/100|[from] item: Leftovers\n|upkeep\n|turn|7\n|inactive|Time left: 300 sec this turn | 300 sec total\n|\n|t:|1783573324\n|move|p1a: Tropius|Leaf Blade|p2a: Sylveon\n|-damage|p2a: Sylveon|0 fnt\n|faint|p2a: Sylveon\n|\n|upkeep\n|\n|t:|1783573325\n|switch|p2a: Indeedee|Indeedee-F, L90, F|100/100\n|-fieldstart|move: Psychic Terrain|[from] ability: Psychic Surge|[of] p2a: Indeedee\n|turn|8\n|inactive|Time left: 300 sec this turn | 300 sec total\n|\n|t:|1783573326\n|move|p1a: Tropius|Leaf Blade|p2a: Indeedee\n|-damage|p2a: Indeedee|45/100\n|move|p2a: Indeedee|Psychic|p1a: Tropius\n|-damage|p1a: Tropius|0 fnt\n|faint|p1a: Tropius\n|\n|upkeep\n|inactive|Time left: 300 sec this turn | 300 sec total | 5 sec grace\n|\n|t:|1783573327\n|switch|p1a: Scyther|Scyther, L82, M|249/249\n|turn|9\n|inactive|Time left: 300 sec this turn | 300 sec total\n|\n|t:|1783573328\n|switch|p2a: Chandelure|Chandelure, L83, F|100/100\n|move|p1a: Scyther|Dual Wingbeat|p2a: Chandelure\n|-damage|p2a: Chandelure|71/100\n|-status|p1a: Scyther|brn|[from] ability: Flame Body|[of] p2a: Chandelure\n|-damage|p2a: Chandelure|55/100\n|-hitcount|p2a: Chandelure|2\n|\n|-heal|p2a: Chandelure|61/100|[from] item: Leftovers\n|-damage|p1a: Scyther|234/249 brn|[from] brn\n|upkeep\n|turn|10\n|inactive|Time left: 300 sec this turn | 300 sec total\n|\n|t:|1783573329\n|switch|p1a: Regidrago|Regidrago, L77, tera:Dragon|242/435\n|move|p2a: Chandelure|Calm Mind|p2a: Chandelure\n|-boost|p2a: Chandelure|spa|1\n|-boost|p2a: Chandelure|spd|1\n|\n|-heal|p2a: Chandelure|67/100|[from] item: Leftovers\n|upkeep\n|turn|11\n|inactive|Time left: 300 sec this turn | 300 sec total\n|\n|t:|1783573330\n|move|p1a: Regidrago|Outrage|p2a: Chandelure\n|-damage|p2a: Chandelure|0 fnt\n|faint|p2a: Chandelure\n|\n|upkeep\n|\n|t:|1783573331\n|switch|p2a: Indeedee|Indeedee-F, L90, F|45/100\n|turn|12\n|inactive|Time left: 300 sec this turn | 300 sec total\n|\n|t:|1783573332\n|-terastallize|p2a: Indeedee|Fairy\n|move|p1a: Regidrago|Outrage|p2a: Indeedee|[from] lockedmove\n|-immune|p2a: Indeedee\n|move|p2a: Indeedee|Psychic|p1a: Regidrago\n|-damage|p1a: Regidrago|0 fnt\n|faint|p1a: Regidrago\n|\n|-fieldend|move: Psychic Terrain\n|upkeep\n|inactive|Time left: 300 sec this turn | 300 sec total | 5 sec grace\n|\n|t:|1783573333\n|switch|p1a: Scyther|Scyther, L82, M|234/249 brn\n|turn|13\n|inactive|Time left: 300 sec this turn | 300 sec total\n|\n|t:|1783573334\n|move|p1a: Scyther|Dual Wingbeat|p2a: Indeedee|[miss]\n|-miss|p1a: Scyther|p2a: Indeedee\n|move|p2a: Indeedee|Psychic|p1a: Scyther\n|-damage|p1a: Scyther|57/249 brn\n|\n|-damage|p1a: Scyther|42/249 brn|[from] brn\n|upkeep\n|turn|14\n|inactive|Time left: 300 sec this turn | 300 sec total\n|\n|t:|1783573335\n|switch|p2a: Arbok|Arbok, L87, M|100/100\n|-ability|p2a: Arbok|Intimidate|boost\n|-unboost|p1a: Scyther|atk|1\n|move|p1a: Scyther|Dual Wingbeat|p2a: Arbok\n|-damage|p2a: Arbok|90/100\n|-damage|p2a: Arbok|79/100\n|-hitcount|p2a: Arbok|2\n|\n|-heal|p2a: Arbok|85/100|[from] item: Leftovers\n|-damage|p1a: Scyther|27/249 brn|[from] brn\n|upkeep\n|turn|15\n|inactive|Time left: 300 sec this turn | 300 sec total\n|\n|t:|1783573336\n|move|p1a: Scyther|Dual Wingbeat|p2a: Arbok\n|-damage|p2a: Arbok|76/100\n|-damage|p2a: Arbok|66/100\n|-hitcount|p2a: Arbok|2\n|move|p2a: Arbok|Coil|p2a: Arbok\n|-boost|p2a: Arbok|atk|1\n|-boost|p2a: Arbok|def|1\n|-boost|p2a: Arbok|accuracy|1\n|\n|-heal|p2a: Arbok|72/100|[from] item: Leftovers\n|-damage|p1a: Scyther|12/249 brn|[from] brn\n|upkeep\n|turn|16\n|inactive|Time left: 300 sec this turn | 300 sec total\n|\n|t:|1783573337\n|move|p1a: Scyther|Dual Wingbeat|p2a: Arbok\n|-damage|p2a: Arbok|64/100\n|-damage|p2a: Arbok|57/100\n|-hitcount|p2a: Arbok|2\n|move|p2a: Arbok|Coil|p2a: Arbok\n|-boost|p2a: Arbok|atk|1\n|-boost|p2a: Arbok|def|1\n|-boost|p2a: Arbok|accuracy|1\n|\n|-heal|p2a: Arbok|64/100|[from] item: Leftovers\n|-damage|p1a: Scyther|0 fnt|[from] brn\n|faint|p1a: Scyther\n|upkeep\n|inactive|Time left: 300 sec this turn | 300 sec total | 5 sec grace\n|\n|t:|1783573338\n|switch|p1a: Minun|Minun, L95, F|268/268\n|turn|17\n|inactive|Time left: 300 sec this turn | 300 sec total\n|\n|t:|1783573339\n|move|p1a: Minun|Encore|p2a: Arbok\n|-start|p2a: Arbok|Encore\n|move|p2a: Arbok|Coil|p2a: Arbok\n|-boost|p2a: Arbok|atk|1\n|-boost|p2a: Arbok|def|1\n|-boost|p2a: Arbok|accuracy|1\n|\n|-heal|p2a: Arbok|70/100|[from] item: Leftovers\n|upkeep\n|turn|18\n|inactive|Time left: 300 sec this turn | 300 sec total\n|\n|t:|1783573340\n|switch|p2a: Excadrill|Excadrill, L79, F|47/100\n|-ability|p2a: Excadrill|Mold Breaker\n|move|p1a: Minun|Nasty Plot|p1a: Minun\n|-boost|p1a: Minun|spa|2\n|\n|upkeep\n|turn|19\n|inactive|Time left: 300 sec this turn | 300 sec total\n|\n|t:|1783573340\n|move|p1a: Minun|Grass Knot|p2a: Excadrill\n|-damage|p2a: Excadrill|12/100\n|-damage|p1a: Minun|242/268|[from] item: Life Orb\n|move|p2a: Excadrill|Earthquake|p1a: Minun\n|-supereffective|p1a: Minun\n|-damage|p1a: Minun|0 fnt\n|faint|p1a: Minun\n|\n|upkeep\n|inactive|Time left: 300 sec this turn | 300 sec total | 5 sec grace\n|\n|t:|1783573341\n|switch|p1a: Quaquaval|Quaquaval, L79, F|264/264\n|turn|20\n|inactive|Time left: 300 sec this turn | 300 sec total\n|\n|t:|1783573342\n|move|p2a: Excadrill|Earthquake|p1a: Quaquaval\n|-damage|p1a: Quaquaval|132/264\n|move|p1a: Quaquaval|Aqua Step|p2a: Excadrill\n|-supereffective|p2a: Excadrill\n|-damage|p2a: Excadrill|0 fnt\n|-boost|p1a: Quaquaval|spe|1\n|faint|p2a: Excadrill\n|-ability|p1a: Quaquaval|Moxie|boost\n|-boost|p1a: Quaquaval|atk|1\n|\n|-heal|p1a: Quaquaval|148/264|[from] item: Leftovers\n|upkeep\n|\n|t:|1783573343\n|switch|p2a: Vileplume|Vileplume, L85, M|100/100\n|turn|21\n|inactive|Time left: 300 sec this turn | 300 sec total\n|\n|t:|1783573344\n|move|p1a: Quaquaval|Roost|p1a: Quaquaval\n|-heal|p1a: Quaquaval|264/264\n|-singleturn|p1a: Quaquaval|move: Roost\n|move|p2a: Vileplume|Giga Drain|p1a: Quaquaval\n|-supereffective|p1a: Quaquaval\n|-damage|p1a: Quaquaval|46/264\n|\n|-heal|p1a: Quaquaval|62/264|[from] item: Leftovers\n|upkeep\n|turn|22\n|inactive|Time left: 300 sec this turn | 300 sec total\n|\n|t:|1783573345\n|move|p1a: Quaquaval|Roost|p1a: Quaquaval\n|-heal|p1a: Quaquaval|194/264\n|-singleturn|p1a: Quaquaval|move: Roost\n|move|p2a: Vileplume|Giga Drain|p1a: Quaquaval\n|-supereffective|p1a: Quaquaval\n|-damage|p1a: Quaquaval|0 fnt\n|faint|p1a: Quaquaval\n|\n|win|p0y2980be9c", "uploadtime": 1783573345, "views": 0, "rating": 0, "private": 0, "password": null, "_winner": "p0y2980be9c", "_our_name": "p0x2980bb11"}