{"id": "battle-gen9randombattle-41", "formatid": "gen9randombattle", "format": "[Gen 9] Random Battle", "players": ["p0x041bc36", "p0y0416880"], "log": "|init|battle\n|title|p0x041bc36 vs. p0y0416880\n|j|\u2606p0x041bc36\n|j|\u2606p0y0416880\n|t:|1783533695\n|gametype|singles\n|player|p1|p0x041bc36|102|\n|player|p2|p0y0416880|266|\n|gen|9\n|tier|[Gen 9] Random Battle\n|rule|Species Clause: Limit one of each Pok\u00e9mon\n|rule|HP Percentage Mod: HP is shown in percentages\n|rule|Sleep Clause Mod: Limit one foe put to sleep\n|rule|Illusion Level Mod: Illusion disguises the Pok\u00e9mon's true level\n|\n|t:|1783533695\n|teamsize|p1|6\n|teamsize|p2|6\n|start\n|switch|p1a: Politoed|Politoed, L88, M|302/302\n|switch|p2a: Komala|Komala, L87, F|100/100\n|-weather|RainDance|[from] ability: Drizzle|[of] p1a: Politoed\n|-ability|p2a: Komala|Comatose\n|turn|1\n|inactive|Battle timer is ON: inactive players will automatically lose when time's up. (requested by p0y0416880)\n|inactive|Time left: 300 sec this turn | 300 sec total | 60 sec grace\n|inactive|p0x041bc36 also wants the timer to be on.\n|\n|t:|1783533697\n|move|p1a: Politoed|Weather Ball|p2a: Komala\n|-damage|p2a: Komala|39/100\n|move|p2a: Komala|Knock Off|p1a: Politoed\n|-damage|p1a: Politoed|207/302\n|-enditem|p1a: Politoed|Choice Specs|[from] move: Knock Off|[of] p2a: Komala\n|\n|-weather|RainDance|[upkeep]\n|upkeep\n|turn|2\n|inactive|Time left: 300 sec this turn | 300 sec total\n|\n|t:|1783533698\n|switch|p2a: Cacturne|Cacturne, L92, F|100/100\n|move|p1a: Politoed|Hydro Pump|p2a: Cacturne\n|-immune|p2a: Cacturne|[from] ability: Water Absorb\n|\n|-weather|RainDance|[upkeep]\n|upkeep\n|turn|3\n|inactive|Time left: 300 sec this turn | 300 sec total\n|\n|t:|1783533700\n|move|p1a: Politoed|Focus Blast|p2a: Cacturne\n|-supereffective|p2a: Cacturne\n|-damage|p2a: Cacturne|27/100\n|move|p2a: Cacturne|Seed Bomb|p1a: Politoed\n|-supereffective|p1a: Politoed\n|-damage|p1a: Politoed|0 fnt\n|faint|p1a: Politoed\n|-damage|p2a: Cacturne|17/100|[from] item: Life Orb\n|\n|-weather|RainDance|[upkeep]\n|upkeep\n|inactive|Time left: 300 sec this turn | 300 sec total | 5 sec grace\n|\n|t:|1783533700\n|switch|p1a: Ogerpon|Ogerpon, L80, F|259/259\n|turn|4\n|inactive|Time left: 300 sec this turn | 300 sec total\n|\n|t:|1783533702\n|move|p2a: Cacturne|Sucker Punch||[still]\n|-fail|p2a: Cacturne\n|move|p1a: Ogerpon|Swords Dance|p1a: Ogerpon\n|-boost|p1a: Ogerpon|atk|2\n|\n|-weather|RainDance|[upkeep]\n|upkeep\n|turn|5\n|inactive|Time left: 300 sec this turn | 300 sec total\n|\n|t:|1783533703\n|move|p2a: Cacturne|Sucker Punch|p1a: Ogerpon\n|-damage|p1a: Ogerpon|110/259\n|-damage|p2a: Cacturne|8/100|[from] item: Life Orb\n|move|p1a: Ogerpon|Knock Off|p2a: Cacturne\n|-resisted|p2a: Cacturne\n|-damage|p2a: Cacturne|0 fnt\n|-enditem|p2a: Cacturne|Life Orb|[from] move: Knock Off|[of] p1a: Ogerpon\n|faint|p2a: Cacturne\n|-damage|p1a: Ogerpon|85/259|[from] item: Life Orb\n|\n|-weather|none\n|upkeep\n|\n|t:|1783533704\n|switch|p2a: Flareon|Flareon, L90, M|100/100\n|turn|6\n|inactive|Time left: 300 sec this turn | 300 sec total\n|\n|t:|1783533705\n|switch|p2a: Komala|Komala, L87, F|39/100\n|-ability|p2a: Komala|Comatose\n|move|p1a: Ogerpon|Superpower|p2a: Komala\n|-supereffective|p2a: Komala\n|-damage|p2a: Komala|0 fnt\n|-unboost|p1a: Ogerpon|atk|1\n|-unboost|p1a: Ogerpon|def|1\n|faint|p2a: Komala\n|-damage|p1a: Ogerpon|60/259|[from] item: Life Orb\n|\n|upkeep\n|\n|t:|1783533706\n|switch|p2a: Flareon|Flareon, L90, M|100/100\n|turn|7\n|inactive|Time left: 300 sec this turn | 300 sec total\n|\n|t:|1783533707\n|move|p2a: Flareon|Quick Attack|p1a: Ogerpon\n|-damage|p1a: Ogerpon|0 fnt\n|faint|p1a: Ogerpon\n|\n|-status|p2a: Flareon|tox|[from] item: Toxic Orb\n|upkeep\n|inactive|Time left: 300 sec this turn | 300 sec total | 5 sec grace\n|\n|t:|1783533708\n|switch|p1a: Iron Thorns|Iron Thorns, L83|302/302\n|turn|8\n|inactive|Time left: 300 sec this turn | 300 sec total\n|\n|t:|1783533709\n|switch|p2a: Mew|Mew, L82|100/100\n|move|p1a: Iron Thorns|Stone Edge|p2a: Mew\n|-damage|p2a: Mew|59/100\n|\n|upkeep\n|turn|9\n|inactive|Time left: 300 sec this turn | 300 sec total\n|\n|t:|1783533711\n|move|p2a: Mew|Swords Dance|p2a: Mew\n|-boost|p2a: Mew|atk|2\n|move|p1a: Iron Thorns|Stone Edge|p2a: Mew\n|-damage|p2a: Mew|16/100\n|\n|upkeep\n|turn|10\n|inactive|Time left: 300 sec this turn | 300 sec total\n|\n|t:|1783533712\n|-end|p1a: Iron Thorns|Quark Drive|[silent]\n|switch|p1a: Forretress|Forretress, L84, F|263/263\n|move|p2a: Mew|Close Combat|p1a: Forretress\n|-damage|p1a: Forretress|108/263\n|-unboost|p2a: Mew|def|1\n|-unboost|p2a: Mew|spd|1\n|-damage|p2a: Mew|6/100|[from] item: Life Orb\n|\n|-heal|p1a: Forretress|124/263|[from] item: Leftovers\n|upkeep\n|turn|11\n|inactive|Time left: 300 sec this turn | 300 sec total\n|\n|t:|1783533713\n|move|p2a: Mew|Close Combat|p1a: Forretress\n|-damage|p1a: Forretress|0 fnt\n|-unboost|p2a: Mew|def|1\n|-unboost|p2a: Mew|spd|1\n|faint|p1a: Forretress\n|-damage|p2a: Mew|0 fnt|[from] item: Life Orb\n|faint|p2a: Mew\n|\n|upkeep\n|inactive|Time left: 300 sec this turn | 300 sec total | 5 sec grace\n|\n|t:|1783533715\n|switch|p2a: Crawdaunt|Crawdaunt, L84, F|100/100\n|switch|p1a: Iron Thorns|Iron Thorns, L83|302/302\n|turn|12\n|inactive|Time left: 300 sec this turn | 300 sec total\n|\n|t:|1783533716\n|-terastallize|p2a: Crawdaunt|Fighting\n|move|p1a: Iron Thorns|Wild Charge|p2a: Crawdaunt\n|-damage|p2a: Crawdaunt|52/100\n|-damage|p1a: Iron Thorns|272/302|[from] Recoil\n|move|p2a: Crawdaunt|Close Combat|p1a: Iron Thorns\n|-supereffective|p1a: Iron Thorns\n|-damage|p1a: Iron Thorns|0 fnt\n|-unboost|p2a: Crawdaunt|def|1\n|-unboost|p2a: Crawdaunt|spd|1\n|faint|p1a: Iron Thorns\n|-end|p1a: Iron Thorns|Quark Drive|[silent]\n|\n|upkeep\n|inactive|Time left: 300 sec this turn | 300 sec total | 5 sec grace\n|\n|t:|1783533717\n|switch|p1a: Skuntank|Skuntank, L84, M|310/310\n|turn|13\n|inactive|Time left: 300 sec this turn | 300 sec total\n|\n|t:|1783533718\n|switch|p2a: Masquerain|Masquerain, L87, F|100/100\n|-ability|p2a: Masquerain|Intimidate|boost\n|-unboost|p1a: Skuntank|atk|1\n|move|p1a: Skuntank|Gunk Shot|p2a: Masquerain|[miss]\n|-miss|p1a: Skuntank|p2a: Masquerain\n|\n|upkeep\n|turn|14\n|inactive|Time left: 300 sec this turn | 300 sec total\n|\n|t:|1783533718\n|move|p2a: Masquerain|Sticky Web|p1a: Skuntank\n|-sidestart|p1: p0x041bc36|move: Sticky Web\n|move|p1a: Skuntank|Gunk Shot|p2a: Masquerain\n|-damage|p2a: Masquerain|48/100\n|-damage|p1a: Skuntank|279/310|[from] item: Life Orb\n|\n|upkeep\n|turn|15\n|inactive|Time left: 300 sec this turn | 300 sec total\n|\n|t:|1783533719\n|move|p1a: Skuntank|Gunk Shot|p2a: Masquerain|[miss]\n|-miss|p1a: Skuntank|p2a: Masquerain\n|move|p2a: Masquerain|Hurricane|p1a: Skuntank|[miss]\n|-miss|p2a: Masquerain|p1a: Skuntank\n|\n|upkeep\n|turn|16\n|inactive|Time left: 300 sec this turn | 300 sec total\n|\n|t:|1783533720\n|switch|p2a: Crawdaunt|Crawdaunt, L84, F, tera:Fighting|52/100\n|move|p1a: Skuntank|Fire Blast|p2a: Crawdaunt\n|-damage|p2a: Crawdaunt|9/100\n|-damage|p1a: Skuntank|248/310|[from] item: Life Orb\n|\n|upkeep\n|turn|17\n|inactive|Time left: 300 sec this turn | 300 sec total\n|\n|t:|1783533721\n|move|p2a: Crawdaunt|Aqua Jet|p1a: Skuntank\n|-damage|p1a: Skuntank|158/310\n|move|p1a: Skuntank|Fire Blast|p2a: Crawdaunt\n|-damage|p2a: Crawdaunt|0 fnt\n|faint|p2a: Crawdaunt\n|-damage|p1a: Skuntank|127/310|[from] item: Life Orb\n|\n|upkeep\n|\n|t:|1783533722\n|switch|p2a: Flareon|Flareon, L90, M|100/100 tox\n|turn|18\n|inactive|Time left: 300 sec this turn | 300 sec total\n|\n|t:|1783533723\n|move|p1a: Skuntank|Knock Off|p2a: Flareon\n|-damage|p2a: Flareon|57/100 tox\n|-enditem|p2a: Flareon|Toxic Orb|[from] move: Knock Off|[of] p1a: Skuntank\n|-damage|p1a: Skuntank|96/310|[from] item: Life Orb\n|move|p2a: Flareon|Facade|p1a: Skuntank\n|-damage|p1a: Skuntank|0 fnt\n|-damage|p2a: Flareon|32/100 tox|[from] ability: Aftermath|[of] p1a: Skuntank\n|faint|p1a: Skuntank\n|\n|-damage|p2a: Flareon|26/100 tox|[from] psn\n|upkeep\n|inactive|Time left: 300 sec this turn | 300 sec total | 5 sec grace\n|\n|t:|1783533723\n|switch|p1a: Torterra|Torterra, L78, M|276/276\n|-activate|p1a: Torterra|move: Sticky Web\n|-unboost|p1a: Torterra|spe|1\n|turn|19\n|inactive|Time left: 300 sec this turn | 300 sec total\n|\n|t:|1783533724\n|-terastallize|p1a: Torterra|Ground\n|move|p2a: Flareon|Flare Blitz|p1a: Torterra\n|-damage|p1a: Torterra|15/276\n|-damage|p2a: Flareon|0 fnt|[from] Recoil\n|faint|p2a: Flareon\n|move|p1a: Torterra|Rock Blast|p2: Flareon|[notarget]\n|-fail|p1a: Torterra\n|\n|upkeep\n|\n|t:|1783533725\n|switch|p2a: Masquerain|Masquerain, L87, F|48/100\n|-ability|p2a: Masquerain|Intimidate|boost\n|-unboost|p1a: Torterra|atk|1\n|turn|20\n|inactive|Time left: 300 sec this turn | 300 sec total\n|\n|t:|1783533726\n|move|p2a: Masquerain|U-turn|p1a: Torterra\n|-damage|p1a: Torterra|0 fnt\n|faint|p1a: Torterra\n|\n|win|p0y0416880", "uploadtime": 1783533726, "views": 0, "rating": 0, "private": 0, "password": null, "_winner": "p0y0416880", "_our_name": "p0x041bc36"}