{"id": "battle-gen9randombattle-377", "formatid": "gen9randombattle", "format": "[Gen 9] Random Battle", "players": ["p0x377b56a", "p0y377ca6c"], "log": "|init|battle\n|title|p0x377b56a vs. p0y377ca6c\n|j|\u2606p0x377b56a\n|j|\u2606p0y377ca6c\n|t:|1783543485\n|gametype|singles\n|player|p1|p0x377b56a|1|\n|player|p2|p0y377ca6c|170|\n|gen|9\n|tier|[Gen 9] Random Battle\n|rule|Species Clause: Limit one of each Pok\u00e9mon\n|rule|HP Percentage Mod: HP is shown in percentages\n|rule|Sleep Clause Mod: Limit one foe put to sleep\n|rule|Illusion Level Mod: Illusion disguises the Pok\u00e9mon's true level\n|\n|t:|1783543485\n|teamsize|p1|6\n|teamsize|p2|6\n|start\n|switch|p1a: Tinkaton|Tinkaton, L82, F|274/274\n|switch|p2a: Klawf|Klawf, L90, F|100/100\n|-ability|p1a: Tinkaton|Mold Breaker\n|turn|1\n|inactive|Battle timer is ON: inactive players will automatically lose when time's up. (requested by p0y377ca6c)\n|inactive|Time left: 300 sec this turn | 300 sec total | 60 sec grace\n|inactive|p0x377b56a also wants the timer to be on.\n|\n|t:|1783543486\n|move|p1a: Tinkaton|Swords Dance|p1a: Tinkaton\n|-boost|p1a: Tinkaton|atk|2\n|move|p2a: Klawf|High Horsepower|p1a: Tinkaton\n|-supereffective|p1a: Tinkaton\n|-damage|p1a: Tinkaton|0 fnt\n|faint|p1a: Tinkaton\n|\n|upkeep\n|inactive|Time left: 300 sec this turn | 300 sec total | 65 sec grace\n|\n|t:|1783543487\n|switch|p1a: Cloyster|Cloyster, L80, F|211/211\n|turn|2\n|inactive|Time left: 300 sec this turn | 300 sec total\n|\n|t:|1783543489\n|switch|p2a: Espathra|Espathra, L80, M|100/100\n|move|p1a: Cloyster|Shell Smash|p1a: Cloyster\n|-unboost|p1a: Cloyster|def|1\n|-unboost|p1a: Cloyster|spd|1\n|-boost|p1a: Cloyster|atk|2\n|-boost|p1a: Cloyster|spa|2\n|-boost|p1a: Cloyster|spe|2\n|-enditem|p1a: Cloyster|White Herb\n|-clearnegativeboost|p1a: Cloyster|[silent]\n|\n|upkeep\n|turn|3\n|inactive|Time left: 300 sec this turn | 300 sec total\n|\n|t:|1783543489\n|switch|p2a: Manaphy|Manaphy, L78|100/100\n|move|p1a: Cloyster|Icicle Spear|p2a: Manaphy\n|-resisted|p2a: Manaphy\n|-damage|p2a: Manaphy|93/100\n|-resisted|p2a: Manaphy\n|-damage|p2a: Manaphy|84/100\n|-resisted|p2a: Manaphy\n|-damage|p2a: Manaphy|76/100\n|-resisted|p2a: Manaphy\n|-damage|p2a: Manaphy|67/100\n|-resisted|p2a: Manaphy\n|-damage|p2a: Manaphy|59/100\n|-hitcount|p2a: Manaphy|5\n|\n|-heal|p2a: Manaphy|65/100|[from] item: Leftovers\n|upkeep\n|turn|4\n|inactive|Time left: 300 sec this turn | 300 sec total\n|\n|t:|1783543490\n|move|p1a: Cloyster|Icicle Spear|p2a: Manaphy\n|-resisted|p2a: Manaphy\n|-damage|p2a: Manaphy|57/100\n|-resisted|p2a: Manaphy\n|-damage|p2a: Manaphy|48/100\n|-resisted|p2a: Manaphy\n|-damage|p2a: Manaphy|41/100\n|-resisted|p2a: Manaphy\n|-damage|p2a: Manaphy|32/100\n|-resisted|p2a: Manaphy\n|-damage|p2a: Manaphy|23/100\n|-hitcount|p2a: Manaphy|5\n|move|p2a: Manaphy|Energy Ball|p1a: Cloyster\n|-supereffective|p1a: Cloyster\n|-damage|p1a: Cloyster|19/211\n|-unboost|p1a: Cloyster|spd|1\n|\n|-heal|p2a: Manaphy|29/100|[from] item: Leftovers\n|upkeep\n|turn|5\n|inactive|Time left: 300 sec this turn | 300 sec total\n|\n|t:|1783543491\n|switch|p2a: Quaquaval|Quaquaval, L79, F|100/100\n|move|p1a: Cloyster|Icicle Spear|p2a: Quaquaval\n|-resisted|p2a: Quaquaval\n|-damage|p2a: Quaquaval|89/100\n|-resisted|p2a: Quaquaval\n|-damage|p2a: Quaquaval|78/100\n|-resisted|p2a: Quaquaval\n|-damage|p2a: Quaquaval|67/100\n|-resisted|p2a: Quaquaval\n|-damage|p2a: Quaquaval|57/100\n|-resisted|p2a: Quaquaval\n|-damage|p2a: Quaquaval|46/100\n|-hitcount|p2a: Quaquaval|5\n|\n|-heal|p2a: Quaquaval|52/100|[from] item: Leftovers\n|upkeep\n|turn|6\n|inactive|Time left: 300 sec this turn | 300 sec total\n|\n|t:|1783543492\n|-terastallize|p1a: Cloyster|Ice\n|move|p1a: Cloyster|Icicle Spear|p2a: Quaquaval\n|-resisted|p2a: Quaquaval\n|-damage|p2a: Quaquaval|38/100\n|-resisted|p2a: Quaquaval\n|-damage|p2a: Quaquaval|23/100\n|-resisted|p2a: Quaquaval\n|-damage|p2a: Quaquaval|10/100\n|-resisted|p2a: Quaquaval\n|-damage|p2a: Quaquaval|0 fnt\n|faint|p2a: Quaquaval\n|-hitcount|p2: Quaquaval|4\n|\n|upkeep\n|\n|t:|1783543493\n|switch|p2a: Meganium|Meganium, L90, F|100/100\n|turn|7\n|inactive|Time left: 300 sec this turn | 300 sec total\n|\n|t:|1783543494\n|-terastallize|p2a: Meganium|Steel\n|move|p1a: Cloyster|Icicle Spear|p2a: Meganium\n|-resisted|p2a: Meganium\n|-damage|p2a: Meganium|92/100\n|-resisted|p2a: Meganium\n|-damage|p2a: Meganium|82/100\n|-resisted|p2a: Meganium\n|-damage|p2a: Meganium|73/100\n|-resisted|p2a: Meganium\n|-damage|p2a: Meganium|63/100\n|-resisted|p2a: Meganium\n|-damage|p2a: Meganium|54/100\n|-hitcount|p2a: Meganium|5\n|move|p2a: Meganium|Energy Ball|p1a: Cloyster\n|-damage|p1a: Cloyster|0 fnt\n|faint|p1a: Cloyster\n|\n|-heal|p2a: Meganium|60/100|[from] item: Leftovers\n|upkeep\n|inactive|Time left: 300 sec this turn | 300 sec total | 5 sec grace\n|\n|t:|1783543495\n|switch|p1a: Lilligant|Lilligant, L86, F|261/261\n|turn|8\n|inactive|Time left: 300 sec this turn | 300 sec total\n|\n|t:|1783543496\n|move|p1a: Lilligant|Quiver Dance|p1a: Lilligant\n|-boost|p1a: Lilligant|spa|1\n|-boost|p1a: Lilligant|spd|1\n|-boost|p1a: Lilligant|spe|1\n|move|p2a: Meganium|Encore|p1a: Lilligant\n|-start|p1a: Lilligant|Encore\n|\n|-heal|p2a: Meganium|66/100|[from] item: Leftovers\n|upkeep\n|turn|9\n|inactive|Time left: 300 sec this turn | 300 sec total\n|\n|t:|1783543496\n|move|p1a: Lilligant|Quiver Dance|p1a: Lilligant\n|-boost|p1a: Lilligant|spa|1\n|-boost|p1a: Lilligant|spd|1\n|-boost|p1a: Lilligant|spe|1\n|move|p2a: Meganium|Knock Off|p1a: Lilligant\n|-damage|p1a: Lilligant|185/261\n|-enditem|p1a: Lilligant|Life Orb|[from] move: Knock Off|[of] p2a: Meganium\n|\n|-heal|p2a: Meganium|72/100|[from] item: Leftovers\n|upkeep\n|turn|10\n|inactive|Time left: 300 sec this turn | 300 sec total\n|\n|t:|1783543497\n|switch|p2a: Klawf|Klawf, L90, F|100/100\n|move|p1a: Lilligant|Quiver Dance|p1a: Lilligant\n|-boost|p1a: Lilligant|spa|1\n|-boost|p1a: Lilligant|spd|1\n|-boost|p1a: Lilligant|spe|1\n|\n|upkeep\n|turn|11\n|inactive|Time left: 300 sec this turn | 300 sec total\n|\n|t:|1783543498\n|move|p1a: Lilligant|Quiver Dance|p1a: Lilligant\n|-boost|p1a: Lilligant|spa|1\n|-boost|p1a: Lilligant|spd|1\n|-boost|p1a: Lilligant|spe|1\n|move|p2a: Klawf|Stone Edge|p1a: Lilligant\n|-damage|p1a: Lilligant|0 fnt\n|faint|p1a: Lilligant\n|\n|upkeep\n|inactive|Time left: 300 sec this turn | 300 sec total | 5 sec grace\n|\n|t:|1783543500\n|switch|p1a: Seviper|Seviper, L93, F|287/287\n|turn|12\n|inactive|Time left: 300 sec this turn | 300 sec total\n|\n|t:|1783543500\n|move|p2a: Klawf|Stone Edge|p1a: Seviper\n|-damage|p1a: Seviper|47/287\n|move|p1a: Seviper|Giga Drain|p2a: Klawf\n|-supereffective|p2a: Klawf\n|-damage|p2a: Klawf|17/100\n|-heal|p1a: Seviper|160/287|[from] drain|[of] p2a: Klawf\n|-damage|p1a: Seviper|132/287|[from] item: Life Orb\n|\n|upkeep\n|turn|13\n|inactive|Time left: 300 sec this turn | 300 sec total\n|\n|t:|1783543502\n|switch|p1a: Garganacl|Garganacl, L80, F|291/291\n|move|p2a: Klawf|Stone Edge|p1a: Garganacl|[miss]\n|-miss|p2a: Klawf|p1a: Garganacl\n|\n|upkeep\n|turn|14\n|inactive|Time left: 300 sec this turn | 300 sec total\n|\n|t:|1783543503\n|switch|p2a: Meganium|Meganium, L90, F, tera:Steel|72/100\n|move|p1a: Garganacl|Salt Cure|p2a: Meganium\n|-resisted|p2a: Meganium\n|-damage|p2a: Meganium|67/100\n|-start|p2a: Meganium|Salt Cure\n|\n|-heal|p2a: Meganium|73/100|[from] item: Leftovers\n|-damage|p2a: Meganium|48/100|[from] Salt Cure\n|upkeep\n|turn|15\n|inactive|Time left: 300 sec this turn | 300 sec total\n|\n|t:|1783543504\n|move|p2a: Meganium|Energy Ball|p1a: Garganacl\n|-supereffective|p1a: Garganacl\n|-damage|p1a: Garganacl|99/291\n|move|p1a: Garganacl|Earthquake|p2a: Meganium\n|-supereffective|p2a: Meganium\n|-damage|p2a: Meganium|6/100\n|\n|-heal|p2a: Meganium|12/100|[from] item: Leftovers\n|-heal|p1a: Garganacl|117/291|[from] item: Leftovers\n|-damage|p2a: Meganium|0 fnt|[from] Salt Cure\n|faint|p2a: Meganium\n|upkeep\n|\n|t:|1783543505\n|switch|p2a: Klawf|Klawf, L90, F|50/100\n|turn|16\n|inactive|Time left: 300 sec this turn | 300 sec total\n|\n|t:|1783543506\n|move|p1a: Garganacl|Protect|p1a: Garganacl\n|-singleturn|p1a: Garganacl|Protect\n|move|p2a: Klawf|High Horsepower|p1a: Garganacl\n|-activate|p1a: Garganacl|move: Protect\n|\n|-heal|p1a: Garganacl|135/291|[from] item: Leftovers\n|upkeep\n|turn|17\n|inactive|Time left: 300 sec this turn | 300 sec total\n|\n|t:|1783543507\n|switch|p1a: Altaria|Altaria, L89, M|278/278\n|move|p2a: Klawf|High Horsepower|p1a: Altaria\n|-immune|p1a: Altaria\n|\n|upkeep\n|turn|18\n|inactive|Time left: 300 sec this turn | 300 sec total\n|\n|t:|1783543508\n|switch|p2a: Glalie|Glalie, L96, F|100/100\n|move|p1a: Altaria|Brave Bird|p2a: Glalie\n|-damage|p2a: Glalie|64/100\n|-damage|p1a: Altaria|240/278|[from] Recoil\n|\n|upkeep\n|turn|19\n|inactive|Time left: 300 sec this turn | 300 sec total\n|\n|t:|1783543510\n|switch|p1a: Garganacl|Garganacl, L80, F|135/291\n|move|p2a: Glalie|Freeze-Dry|p1a: Garganacl\n|-damage|p1a: Garganacl|53/291\n|\n|-heal|p1a: Garganacl|71/291|[from] item: Leftovers\n|upkeep\n|turn|20\n|inactive|Time left: 300 sec this turn | 300 sec total\n|\n|t:|1783543511\n|move|p1a: Garganacl|Protect|p1a: Garganacl\n|-singleturn|p1a: Garganacl|Protect\n|move|p2a: Glalie|Earthquake|p1a: Garganacl\n|-activate|p1a: Garganacl|move: Protect\n|\n|-heal|p1a: Garganacl|89/291|[from] item: Leftovers\n|upkeep\n|turn|21\n|inactive|Time left: 300 sec this turn | 300 sec total\n|\n|t:|1783543512\n|move|p2a: Glalie|Earthquake|p1a: Garganacl\n|-supereffective|p1a: Garganacl\n|-damage|p1a: Garganacl|0 fnt\n|faint|p1a: Garganacl\n|\n|upkeep\n|inactive|Time left: 300 sec this turn | 300 sec total | 5 sec grace\n|\n|t:|1783543513\n|switch|p1a: Seviper|Seviper, L93, F|132/287\n|turn|22\n|inactive|Time left: 300 sec this turn | 300 sec total\n|\n|t:|1783543514\n|switch|p1a: Altaria|Altaria, L89, M|240/278\n|move|p2a: Glalie|Earthquake|p1a: Altaria\n|-immune|p1a: Altaria\n|\n|upkeep\n|turn|23\n|inactive|Time left: 300 sec this turn | 300 sec total\n|\n|t:|1783543514\n|switch|p1a: Seviper|Seviper, L93, F|132/287\n|move|p2a: Glalie|Freeze-Dry|p1a: Seviper\n|-damage|p1a: Seviper|32/287\n|-status|p1a: Seviper|frz\n|\n|upkeep\n|turn|24\n|inactive|Time left: 300 sec this turn | 300 sec total\n|\n|t:|1783543515\n|switch|p1a: Altaria|Altaria, L89, M|240/278\n|move|p2a: Glalie|Freeze-Dry|p1a: Altaria\n|-supereffective|p1a: Altaria\n|-damage|p1a: Altaria|0 fnt\n|faint|p1a: Altaria\n|\n|upkeep\n|inactive|Time left: 300 sec this turn | 300 sec total | 5 sec grace\n|\n|t:|1783543516\n|switch|p1a: Seviper|Seviper, L93, F|32/287 frz\n|turn|25\n|inactive|Time left: 300 sec this turn | 300 sec total\n|\n|t:|1783543517\n|move|p2a: Glalie|Freeze-Dry|p1a: Seviper\n|-damage|p1a: Seviper|0 fnt\n|faint|p1a: Seviper\n|\n|win|p0y377ca6c", "uploadtime": 1783543517, "views": 0, "rating": 0, "private": 0, "password": null, "_winner": "p0y377ca6c", "_our_name": "p0x377b56a"}