{"id": "battle-gen9randombattle-1655", "formatid": "gen9randombattle", "format": "[Gen 9] Random Battle", "players": ["p0x1655a836", "p0y1655bad5"], "log": "|init|battle\n|title|p0x1655a836 vs. p0y1655bad5\n|j|\u2606p0x1655a836\n|j|\u2606p0y1655bad5\n|t:|1783559133\n|gametype|singles\n|player|p1|p0x1655a836|266|\n|player|p2|p0y1655bad5|101|\n|gen|9\n|tier|[Gen 9] Random Battle\n|rule|Species Clause: Limit one of each Pok\u00e9mon\n|rule|HP Percentage Mod: HP is shown in percentages\n|rule|Sleep Clause Mod: Limit one foe put to sleep\n|rule|Illusion Level Mod: Illusion disguises the Pok\u00e9mon's true level\n|\n|t:|1783559133\n|teamsize|p1|6\n|teamsize|p2|6\n|start\n|switch|p1a: Sawsbuck|Sawsbuck-Winter, L88, M|100/100\n|switch|p2a: Kleavor|Kleavor, L78, F|237/237\n|turn|1\n|inactive|Battle timer is ON: inactive players will automatically lose when time's up. (requested by p0x1655a836)\n|inactive|Time left: 300 sec this turn | 300 sec total | 60 sec grace\n|\n|t:|1783559135\n|switch|p1a: Pecharunt|Pecharunt, L77|100/100\n|move|p2a: Kleavor|Stone Axe|p1a: Pecharunt\n|-damage|p1a: Pecharunt|70/100\n|-damage|p2a: Kleavor|198/237|[from] item: Rocky Helmet|[of] p1a: Pecharunt\n|-sidestart|p1: p0x1655a836|move: Stealth Rock\n|\n|upkeep\n|turn|2\n|inactive|Time left: 300 sec this turn | 300 sec total\n|inactive|p0y1655bad5 also wants the timer to be on.\n|\n|t:|1783559136\n|switch|p2a: Arceus|Arceus-Rock, L74|300/300\n|move|p1a: Pecharunt|Malignant Chain|p2a: Arceus\n|-resisted|p2a: Arceus\n|-damage|p2a: Arceus|263/300\n|\n|upkeep\n|turn|3\n|inactive|Time left: 300 sec this turn | 300 sec total\n|\n|t:|1783559137\n|move|p2a: Arceus|Dragon Dance|p2a: Arceus\n|-boost|p2a: Arceus|atk|1\n|-boost|p2a: Arceus|spe|1\n|move|p1a: Pecharunt|Parting Shot|p2a: Arceus\n|-unboost|p2a: Arceus|atk|1\n|-unboost|p2a: Arceus|spa|1\n|\n|t:|1783559138\n|switch|p1a: Blastoise|Blastoise, L80, M|100/100|[from] Parting Shot\n|-damage|p1a: Blastoise|88/100|[from] Stealth Rock\n|\n|upkeep\n|turn|4\n|inactive|Time left: 300 sec this turn | 300 sec total\n|\n|t:|1783559139\n|move|p2a: Arceus|Stone Edge|p1a: Blastoise|[miss]\n|-miss|p2a: Arceus|p1a: Blastoise\n|move|p1a: Blastoise|Shell Smash|p1a: Blastoise\n|-unboost|p1a: Blastoise|def|1\n|-unboost|p1a: Blastoise|spd|1\n|-boost|p1a: Blastoise|atk|2\n|-boost|p1a: Blastoise|spa|2\n|-boost|p1a: Blastoise|spe|2\n|-enditem|p1a: Blastoise|White Herb\n|-clearnegativeboost|p1a: Blastoise|[silent]\n|\n|upkeep\n|turn|5\n|inactive|Time left: 300 sec this turn | 300 sec total\n|\n|t:|1783559140\n|switch|p2a: Dusknoir|Dusknoir, L89, F|225/225\n|move|p1a: Blastoise|Hydro Pump|p2a: Dusknoir\n|-damage|p2a: Dusknoir|99/225\n|\n|-heal|p2a: Dusknoir|113/225|[from] item: Leftovers\n|upkeep\n|turn|6\n|inactive|Time left: 300 sec this turn | 300 sec total\n|\n|t:|1783559141\n|move|p1a: Blastoise|Hydro Pump|p2a: Dusknoir|[miss]\n|-miss|p1a: Blastoise|p2a: Dusknoir\n|move|p2a: Dusknoir|Pain Split|p1a: Blastoise\n|-sethp|p1a: Blastoise|66/100|[from] move: Pain Split|[silent]\n|-sethp|p2a: Dusknoir|169/225|[from] move: Pain Split\n|\n|-heal|p2a: Dusknoir|183/225|[from] item: Leftovers\n|upkeep\n|turn|7\n|inactive|Time left: 300 sec this turn | 300 sec total\n|\n|t:|1783559142\n|move|p1a: Blastoise|Hydro Pump|p2a: Dusknoir\n|-damage|p2a: Dusknoir|56/225\n|move|p2a: Dusknoir|Substitute|p2a: Dusknoir\n|-fail|p2a: Dusknoir|move: Substitute|[weak]\n|\n|-heal|p2a: Dusknoir|70/225|[from] item: Leftovers\n|upkeep\n|turn|8\n|inactive|Time left: 300 sec this turn | 300 sec total\n|\n|t:|1783559143\n|-singleturn|p2a: Dusknoir|move: Focus Punch\n|move|p1a: Blastoise|Ice Beam|p2a: Dusknoir\n|-damage|p2a: Dusknoir|3/225\n|cant|p2a: Dusknoir|Focus Punch|Focus Punch\n|\n|-heal|p2a: Dusknoir|17/225|[from] item: Leftovers\n|upkeep\n|turn|9\n|inactive|Time left: 300 sec this turn | 300 sec total\n|\n|t:|1783559145\n|-singleturn|p2a: Dusknoir|move: Focus Punch\n|move|p1a: Blastoise|Ice Beam|p2a: Dusknoir\n|-damage|p2a: Dusknoir|0 fnt\n|faint|p2a: Dusknoir\n|\n|upkeep\n|inactive|Time left: 300 sec this turn | 300 sec total | 5 sec grace\n|\n|t:|1783559145\n|switch|p2a: Sinistcha|Sinistcha, L83|254/254\n|turn|10\n|inactive|Time left: 300 sec this turn | 300 sec total\n|\n|t:|1783559146\n|move|p1a: Blastoise|Ice Beam|p2a: Sinistcha\n|-supereffective|p2a: Sinistcha\n|-damage|p2a: Sinistcha|40/254\n|move|p2a: Sinistcha|Matcha Gotcha|p1a: Blastoise\n|-supereffective|p1a: Blastoise\n|-damage|p1a: Blastoise|0 fnt\n|-heal|p2a: Sinistcha|125/254|[from] drain|[of] p1a: Blastoise\n|faint|p1a: Blastoise\n|\n|-heal|p2a: Sinistcha|140/254|[from] item: Leftovers\n|upkeep\n|\n|t:|1783559147\n|switch|p1a: Sawsbuck|Sawsbuck-Winter, L88, M|100/100\n|-damage|p1a: Sawsbuck|88/100|[from] Stealth Rock\n|turn|11\n|inactive|Time left: 300 sec this turn | 300 sec total\n|\n|t:|1783559149\n|move|p1a: Sawsbuck|Swords Dance|p1a: Sawsbuck\n|-boost|p1a: Sawsbuck|atk|2\n|move|p2a: Sinistcha|Strength Sap|p1a: Sawsbuck\n|-ability|p1a: Sawsbuck|Sap Sipper|boost\n|-boost|p1a: Sawsbuck|atk|1\n|\n|-heal|p2a: Sinistcha|155/254|[from] item: Leftovers\n|upkeep\n|turn|12\n|inactive|Time left: 300 sec this turn | 300 sec total\n|\n|t:|1783559150\n|move|p1a: Sawsbuck|Horn Leech|p2a: Sinistcha\n|-resisted|p2a: Sinistcha\n|-damage|p2a: Sinistcha|30/254\n|-heal|p1a: Sawsbuck|100/100|[from] drain|[of] p2a: Sinistcha\n|-damage|p1a: Sawsbuck|91/100|[from] item: Life Orb\n|move|p2a: Sinistcha|Calm Mind|p2a: Sinistcha\n|-boost|p2a: Sinistcha|spa|1\n|-boost|p2a: Sinistcha|spd|1\n|\n|-heal|p2a: Sinistcha|45/254|[from] item: Leftovers\n|upkeep\n|turn|13\n|inactive|Time left: 300 sec this turn | 300 sec total\n|\n|t:|1783559151\n|switch|p2a: Honchkrow|Honchkrow, L86, M|312/312\n|move|p1a: Sawsbuck|Horn Leech|p2a: Honchkrow\n|-resisted|p2a: Honchkrow\n|-damage|p2a: Honchkrow|94/312\n|-heal|p1a: Sawsbuck|100/100|[from] drain|[of] p2a: Honchkrow\n|-damage|p1a: Sawsbuck|91/100|[from] item: Life Orb\n|\n|upkeep\n|turn|14\n|inactive|Time left: 300 sec this turn | 300 sec total\n|\n|t:|1783559152\n|move|p2a: Honchkrow|Sucker Punch|p1a: Sawsbuck\n|-damage|p1a: Sawsbuck|51/100\n|move|p1a: Sawsbuck|Horn Leech|p2a: Honchkrow\n|-resisted|p2a: Honchkrow\n|-damage|p2a: Honchkrow|0 fnt\n|-heal|p1a: Sawsbuck|68/100|[from] drain|[of] p2a: Honchkrow\n|faint|p2a: Honchkrow\n|-damage|p1a: Sawsbuck|58/100|[from] item: Life Orb\n|\n|upkeep\n|inactive|Time left: 300 sec this turn | 300 sec total | 5 sec grace\n|\n|t:|1783559153\n|switch|p2a: Baxcalibur|Baxcalibur, L75, F|296/296\n|turn|15\n|inactive|Time left: 300 sec this turn | 300 sec total\n|\n|t:|1783559154\n|move|p1a: Sawsbuck|Double-Edge|p2a: Baxcalibur\n|-damage|p2a: Baxcalibur|0 fnt\n|faint|p2a: Baxcalibur\n|-damage|p1a: Sawsbuck|23/100|[from] Recoil\n|-damage|p1a: Sawsbuck|14/100|[from] item: Life Orb\n|\n|upkeep\n|inactive|Time left: 300 sec this turn | 300 sec total | 5 sec grace\n|\n|t:|1783559155\n|switch|p2a: Arceus|Arceus-Rock, L74|263/300\n|turn|16\n|inactive|Time left: 300 sec this turn | 300 sec total\n|\n|t:|1783559156\n|-terastallize|p2a: Arceus|Ground\n|move|p2a: Arceus|Earthquake|p1a: Sawsbuck\n|-resisted|p1a: Sawsbuck\n|-damage|p1a: Sawsbuck|0 fnt\n|faint|p1a: Sawsbuck\n|\n|upkeep\n|\n|t:|1783559157\n|switch|p1a: Shaymin|Shaymin, L82|100/100\n|-damage|p1a: Shaymin|88/100|[from] Stealth Rock\n|turn|17\n|inactive|Time left: 300 sec this turn | 300 sec total\n|\n|t:|1783559158\n|move|p2a: Arceus|Dragon Dance|p2a: Arceus\n|-boost|p2a: Arceus|atk|1\n|-boost|p2a: Arceus|spe|1\n|move|p1a: Shaymin|Seed Flare|p2a: Arceus|[miss]\n|-miss|p1a: Shaymin|p2a: Arceus\n|\n|-heal|p1a: Shaymin|94/100|[from] item: Leftovers\n|upkeep\n|turn|18\n|inactive|Time left: 300 sec this turn | 300 sec total\n|\n|t:|1783559159\n|move|p2a: Arceus|Stone Edge|p1a: Shaymin|[miss]\n|-miss|p2a: Arceus|p1a: Shaymin\n|move|p1a: Shaymin|Seed Flare|p2a: Arceus\n|-supereffective|p2a: Arceus\n|-damage|p2a: Arceus|35/300\n|\n|-heal|p1a: Shaymin|99/100|[from] item: Leftovers\n|upkeep\n|turn|19\n|inactive|Time left: 300 sec this turn | 300 sec total\n|\n|t:|1783559160\n|move|p2a: Arceus|Recover|p2a: Arceus\n|-heal|p2a: Arceus|185/300\n|move|p1a: Shaymin|Seed Flare|p2a: Arceus\n|-supereffective|p2a: Arceus\n|-damage|p2a: Arceus|0 fnt\n|faint|p2a: Arceus\n|\n|-heal|p1a: Shaymin|100/100|[from] item: Leftovers\n|upkeep\n|inactive|Time left: 300 sec this turn | 300 sec total | 5 sec grace\n|\n|t:|1783559161\n|switch|p2a: Kleavor|Kleavor, L78, F|198/237\n|turn|20\n|inactive|Time left: 300 sec this turn | 300 sec total\n|\n|t:|1783559162\n|-terastallize|p1a: Shaymin|Ground\n|move|p1a: Shaymin|Earth Power|p2a: Kleavor\n|-damage|p2a: Kleavor|81/237\n|move|p2a: Kleavor|X-Scissor|p1a: Shaymin\n|-damage|p1a: Shaymin|59/100\n|\n|-heal|p1a: Shaymin|65/100|[from] item: Leftovers\n|upkeep\n|turn|21\n|inactive|Time left: 300 sec this turn | 300 sec total\n|\n|t:|1783559163\n|move|p1a: Shaymin|Earth Power|p2a: Kleavor\n|-damage|p2a: Kleavor|0 fnt\n|faint|p2a: Kleavor\n|\n|-heal|p1a: Shaymin|71/100|[from] item: Leftovers\n|upkeep\n|inactive|Time left: 300 sec this turn | 300 sec total | 5 sec grace\n|\n|t:|1783559164\n|switch|p2a: Sinistcha|Sinistcha, L83|45/254\n|turn|22\n|inactive|Time left: 300 sec this turn | 300 sec total\n|\n|t:|1783559165\n|move|p1a: Shaymin|Earth Power|p2a: Sinistcha\n|-resisted|p2a: Sinistcha\n|-crit|p2a: Sinistcha\n|-damage|p2a: Sinistcha|0 fnt\n|faint|p2a: Sinistcha\n|\n|win|p0x1655a836", "uploadtime": 1783559165, "views": 0, "rating": 0, "private": 0, "password": null, "_winner": "p0x1655a836", "_our_name": "p0y1655bad5"}