{"id": "battle-gen9randombattle-888", "formatid": "gen9randombattle", "format": "[Gen 9] Random Battle", "players": ["p0x888adf0", "p0y8882ba7"], "log": "|init|battle\n|title|p0x888adf0 vs. p0y8882ba7\n|j|\u2606p0x888adf0\n|j|\u2606p0y8882ba7\n|t:|1783549441\n|gametype|singles\n|player|p1|p0x888adf0|2|\n|player|p2|p0y8882ba7|265|\n|gen|9\n|tier|[Gen 9] Random Battle\n|rule|Species Clause: Limit one of each Pok\u00e9mon\n|rule|HP Percentage Mod: HP is shown in percentages\n|rule|Sleep Clause Mod: Limit one foe put to sleep\n|rule|Illusion Level Mod: Illusion disguises the Pok\u00e9mon's true level\n|\n|t:|1783549441\n|teamsize|p1|6\n|teamsize|p2|6\n|start\n|switch|p1a: Torterra|Torterra, L78, M|276/276\n|switch|p2a: Coalossal|Coalossal, L89, F|100/100\n|turn|1\n|inactive|Battle timer is ON: inactive players will automatically lose when time's up. (requested by p0x888adf0)\n|inactive|p0y8882ba7 also wants the timer to be on.\n|\n|t:|1783549442\n|move|p1a: Torterra|Headlong Rush|p2a: Coalossal\n|-supereffective|p2a: Coalossal\n|-damage|p2a: Coalossal|2/100\n|-unboost|p1a: Torterra|def|1\n|-unboost|p1a: Torterra|spd|1\n|-status|p1a: Torterra|brn|[from] ability: Flame Body|[of] p2a: Coalossal\n|move|p2a: Coalossal|Flamethrower|p1a: Torterra\n|-supereffective|p1a: Torterra\n|-damage|p1a: Torterra|0 fnt\n|faint|p1a: Torterra\n|\n|upkeep\n|inactive|Time left: 300 sec this turn | 300 sec total | 65 sec grace\n|\n|t:|1783549444\n|switch|p1a: Bellossom|Bellossom, L84, F|263/263\n|turn|2\n|inactive|Time left: 300 sec this turn | 300 sec total\n|\n|t:|1783549445\n|switch|p2a: Overqwil|Overqwil, L82, M|100/100\n|-ability|p2a: Overqwil|Intimidate|boost\n|-unboost|p1a: Bellossom|atk|1\n|move|p1a: Bellossom|Quiver Dance|p1a: Bellossom\n|-boost|p1a: Bellossom|spa|1\n|-boost|p1a: Bellossom|spd|1\n|-boost|p1a: Bellossom|spe|1\n|\n|upkeep\n|turn|3\n|inactive|Time left: 300 sec this turn | 300 sec total\n|\n|t:|1783549447\n|-terastallize|p1a: Bellossom|Poison\n|move|p1a: Bellossom|Sludge Bomb|p2a: Overqwil\n|-resisted|p2a: Overqwil\n|-damage|p2a: Overqwil|72/100\n|move|p2a: Overqwil|Gunk Shot|p1a: Bellossom|[miss]\n|-miss|p2a: Overqwil|p1a: Bellossom\n|\n|upkeep\n|turn|4\n|inactive|Time left: 300 sec this turn | 300 sec total\n|\n|t:|1783549448\n|switch|p2a: Magearna|Magearna, L77|100/100\n|move|p1a: Bellossom|Quiver Dance|p1a: Bellossom\n|-boost|p1a: Bellossom|spa|1\n|-boost|p1a: Bellossom|spd|1\n|-boost|p1a: Bellossom|spe|1\n|\n|upkeep\n|turn|5\n|inactive|Time left: 300 sec this turn | 300 sec total\n|\n|t:|1783549450\n|move|p1a: Bellossom|Giga Drain|p2a: Magearna\n|-resisted|p2a: Magearna\n|-damage|p2a: Magearna|76/100\n|move|p2a: Magearna|Shift Gear|p2a: Magearna\n|-boost|p2a: Magearna|spe|2\n|-boost|p2a: Magearna|atk|1\n|\n|upkeep\n|turn|6\n|inactive|Time left: 300 sec this turn | 300 sec total\n|\n|t:|1783549451\n|move|p2a: Magearna|Shift Gear|p2a: Magearna\n|-boost|p2a: Magearna|spe|2\n|-boost|p2a: Magearna|atk|1\n|move|p1a: Bellossom|Strength Sap|p2a: Magearna\n|-unboost|p2a: Magearna|atk|1\n|\n|upkeep\n|turn|7\n|inactive|Time left: 300 sec this turn | 300 sec total\n|\n|t:|1783549452\n|move|p2a: Magearna|Shift Gear|p2a: Magearna\n|-boost|p2a: Magearna|spe|2\n|-boost|p2a: Magearna|atk|1\n|move|p1a: Bellossom|Giga Drain|p2a: Magearna\n|-resisted|p2a: Magearna\n|-damage|p2a: Magearna|50/100\n|\n|upkeep\n|turn|8\n|inactive|Time left: 300 sec this turn | 300 sec total\n|\n|t:|1783549453\n|-terastallize|p2a: Magearna|Ground\n|move|p2a: Magearna|Tera Blast|p1a: Bellossom|[anim] Tera Blast Ground\n|-supereffective|p1a: Bellossom\n|-damage|p1a: Bellossom|0 fnt\n|faint|p1a: Bellossom\n|-ability|p2a: Magearna|Soul-Heart|boost\n|-boost|p2a: Magearna|spa|1\n|\n|upkeep\n|inactive|Time left: 300 sec this turn | 300 sec total | 5 sec grace\n|\n|t:|1783549455\n|switch|p1a: Basculin|Basculin, L86, F|261/261\n|turn|9\n|inactive|Time left: 300 sec this turn | 300 sec total\n|\n|t:|1783549456\n|move|p1a: Basculin|Aqua Jet|p2a: Magearna\n|-supereffective|p2a: Magearna\n|-damage|p2a: Magearna|0 fnt\n|faint|p2a: Magearna\n|\n|upkeep\n|\n|t:|1783549457\n|switch|p2a: Vileplume|Vileplume, L85, F|100/100\n|turn|10\n|inactive|Time left: 300 sec this turn | 300 sec total\n|\n|t:|1783549458\n|switch|p1a: Houndstone|Houndstone, L86, M|264/264\n|move|p2a: Vileplume|Sludge Bomb|p1a: Houndstone\n|-resisted|p1a: Houndstone\n|-damage|p1a: Houndstone|230/264\n|\n|upkeep\n|turn|11\n|inactive|Time left: 300 sec this turn | 300 sec total\n|\n|t:|1783549459\n|move|p1a: Houndstone|Poltergeist|p2a: Vileplume\n|-activate|p2a: Vileplume|move: Poltergeist|Leftovers\n|-damage|p2a: Vileplume|48/100\n|move|p2a: Vileplume|Sludge Bomb|p1a: Houndstone\n|-resisted|p1a: Houndstone\n|-damage|p1a: Houndstone|199/264\n|-status|p1a: Houndstone|psn\n|\n|-heal|p2a: Vileplume|54/100|[from] item: Leftovers\n|-damage|p1a: Houndstone|166/264 psn|[from] psn\n|upkeep\n|turn|12\n|inactive|Time left: 300 sec this turn | 300 sec total\n|\n|t:|1783549460\n|move|p1a: Houndstone|Poltergeist|p2a: Vileplume\n|-activate|p2a: Vileplume|move: Poltergeist|Leftovers\n|-damage|p2a: Vileplume|9/100\n|move|p2a: Vileplume|Strength Sap|p1a: Houndstone\n|-unboost|p1a: Houndstone|atk|1\n|-heal|p2a: Vileplume|93/100\n|\n|-heal|p2a: Vileplume|99/100|[from] item: Leftovers\n|-damage|p1a: Houndstone|133/264 psn|[from] psn\n|upkeep\n|turn|13\n|inactive|Time left: 300 sec this turn | 300 sec total\n|\n|t:|1783549461\n|move|p1a: Houndstone|Poltergeist|p2a: Vileplume\n|-activate|p2a: Vileplume|move: Poltergeist|Leftovers\n|-damage|p2a: Vileplume|67/100\n|move|p2a: Vileplume|Giga Drain|p1a: Houndstone\n|-crit|p1a: Houndstone\n|-damage|p1a: Houndstone|52/264 psn\n|-heal|p2a: Vileplume|82/100|[from] drain|[of] p1a: Houndstone\n|\n|-heal|p2a: Vileplume|88/100|[from] item: Leftovers\n|-damage|p1a: Houndstone|19/264 psn|[from] psn\n|upkeep\n|turn|14\n|inactive|Time left: 300 sec this turn | 300 sec total\n|\n|t:|1783549462\n|move|p1a: Houndstone|Poltergeist|p2a: Vileplume\n|-activate|p2a: Vileplume|move: Poltergeist|Leftovers\n|-damage|p2a: Vileplume|57/100\n|move|p2a: Vileplume|Strength Sap|p1a: Houndstone\n|-unboost|p1a: Houndstone|atk|1\n|-heal|p2a: Vileplume|100/100\n|\n|-damage|p1a: Houndstone|0 fnt|[from] psn\n|faint|p1a: Houndstone\n|upkeep\n|inactive|Time left: 300 sec this turn | 300 sec total | 5 sec grace\n|\n|t:|1783549463\n|switch|p1a: Feraligatr|Feraligatr, L79, F|264/264\n|turn|15\n|inactive|Time left: 300 sec this turn | 300 sec total\n|\n|t:|1783549464\n|move|p1a: Feraligatr|Dragon Dance|p1a: Feraligatr\n|-boost|p1a: Feraligatr|atk|1\n|-boost|p1a: Feraligatr|spe|1\n|move|p2a: Vileplume|Giga Drain|p1a: Feraligatr\n|-supereffective|p1a: Feraligatr\n|-damage|p1a: Feraligatr|52/264\n|\n|upkeep\n|turn|16\n|inactive|Time left: 300 sec this turn | 300 sec total\n|\n|t:|1783549465\n|move|p1a: Feraligatr|Ice Punch|p2a: Vileplume\n|-supereffective|p2a: Vileplume\n|-damage|p2a: Vileplume|13/100\n|move|p2a: Vileplume|Strength Sap|p1a: Feraligatr\n|-unboost|p1a: Feraligatr|atk|1\n|-heal|p2a: Vileplume|100/100\n|\n|upkeep\n|turn|17\n|inactive|Time left: 300 sec this turn | 300 sec total\n|\n|t:|1783549467\n|move|p1a: Feraligatr|Ice Punch|p2a: Vileplume\n|-supereffective|p2a: Vileplume\n|-damage|p2a: Vileplume|31/100\n|move|p2a: Vileplume|Strength Sap|p1a: Feraligatr\n|-unboost|p1a: Feraligatr|atk|1\n|-heal|p2a: Vileplume|100/100\n|\n|upkeep\n|turn|18\n|inactive|Time left: 300 sec this turn | 300 sec total\n|\n|t:|1783549468\n|move|p1a: Feraligatr|Ice Punch|p2a: Vileplume\n|-supereffective|p2a: Vileplume\n|-damage|p2a: Vileplume|58/100\n|-status|p1a: Feraligatr|par|[from] ability: Effect Spore|[of] p2a: Vileplume\n|move|p2a: Vileplume|Sleep Powder||[still]\n|-fail|p2a: Vileplume\n|\n|-heal|p2a: Vileplume|64/100|[from] item: Leftovers\n|upkeep\n|turn|19\n|inactive|Time left: 300 sec this turn | 300 sec total\n|\n|t:|1783549468\n|move|p2a: Vileplume|Strength Sap|p1a: Feraligatr\n|-unboost|p1a: Feraligatr|atk|1\n|-heal|p2a: Vileplume|100/100\n|cant|p1a: Feraligatr|par\n|\n|upkeep\n|turn|20\n|inactive|Time left: 300 sec this turn | 300 sec total\n|\n|t:|1783549469\n|move|p2a: Vileplume|Giga Drain|p1a: Feraligatr\n|-supereffective|p1a: Feraligatr\n|-damage|p1a: Feraligatr|0 fnt\n|faint|p1a: Feraligatr\n|\n|upkeep\n|inactive|Time left: 300 sec this turn | 300 sec total | 5 sec grace\n|\n|t:|1783549470\n|switch|p1a: Regieleki|Regieleki, L79|256/256\n|turn|21\n|inactive|Time left: 300 sec this turn | 300 sec total\n|\n|t:|1783549471\n|move|p1a: Regieleki|Rapid Spin|p2a: Vileplume\n|-damage|p2a: Vileplume|87/100\n|-boost|p1a: Regieleki|spe|1\n|move|p2a: Vileplume|Giga Drain|p1a: Regieleki\n|-damage|p1a: Regieleki|121/256\n|-heal|p2a: Vileplume|100/100|[from] drain|[of] p1a: Regieleki\n|\n|upkeep\n|turn|22\n|inactive|Time left: 300 sec this turn | 300 sec total\n|\n|t:|1783549472\n|switch|p1a: Basculin|Basculin, L86, F|261/261\n|move|p2a: Vileplume|Giga Drain|p1a: Basculin\n|-supereffective|p1a: Basculin\n|-damage|p1a: Basculin|13/261\n|\n|upkeep\n|turn|23\n|inactive|Time left: 300 sec this turn | 300 sec total\n|\n|t:|1783549473\n|move|p1a: Basculin|Aqua Jet|p2a: Vileplume\n|-resisted|p2a: Vileplume\n|-damage|p2a: Vileplume|82/100\n|move|p2a: Vileplume|Giga Drain|p1a: Basculin\n|-supereffective|p1a: Basculin\n|-damage|p1a: Basculin|0 fnt\n|-heal|p2a: Vileplume|85/100|[from] drain|[of] p1a: Basculin\n|faint|p1a: Basculin\n|\n|-heal|p2a: Vileplume|91/100|[from] item: Leftovers\n|upkeep\n|inactive|Time left: 300 sec this turn | 300 sec total | 5 sec grace\n|\n|t:|1783549474\n|switch|p1a: Regieleki|Regieleki, L79|121/256\n|turn|24\n|inactive|Time left: 300 sec this turn | 300 sec total\n|\n|t:|1783549475\n|move|p1a: Regieleki|Thunderbolt|p2a: Vileplume\n|-resisted|p2a: Vileplume\n|-damage|p2a: Vileplume|65/100\n|move|p2a: Vileplume|Sludge Bomb|p1a: Regieleki\n|-damage|p1a: Regieleki|0 fnt\n|faint|p1a: Regieleki\n|\n|win|p0y8882ba7", "uploadtime": 1783549475, "views": 0, "rating": 0, "private": 0, "password": null, "_winner": "p0y8882ba7", "_our_name": "p0x888adf0"}