{"id": "battle-gen9randombattle-1280", "formatid": "gen9randombattle", "format": "[Gen 9] Random Battle", "players": ["p0x12806849", "p0y12809515"], "log": "|init|battle\n|title|p0x12806849 vs. p0y12809515\n|j|\u2606p0x12806849\n|j|\u2606p0y12809515\n|t:|1783554858\n|gametype|singles\n|player|p1|p0x12806849|170|\n|player|p2|p0y12809515|169|\n|gen|9\n|tier|[Gen 9] Random Battle\n|rule|Species Clause: Limit one of each Pok\u00e9mon\n|rule|HP Percentage Mod: HP is shown in percentages\n|rule|Sleep Clause Mod: Limit one foe put to sleep\n|rule|Illusion Level Mod: Illusion disguises the Pok\u00e9mon's true level\n|\n|t:|1783554858\n|teamsize|p1|6\n|teamsize|p2|6\n|start\n|switch|p1a: Spidops|Spidops, L96, M|100/100\n|switch|p2a: Flapple|Flapple, L88, F|266/266\n|turn|1\n|inactive|Battle timer is ON: inactive players will automatically lose when time's up. (requested by p0y12809515)\n|inactive|p0x12806849 also wants the timer to be on.\n|\n|t:|1783554860\n|move|p2a: Flapple|Outrage|p1a: Spidops\n|-damage|p1a: Spidops|0 fnt\n|faint|p1a: Spidops\n|\n|upkeep\n|\n|t:|1783554861\n|switch|p1a: Magnezone|Magnezone, L85|100/100\n|turn|2\n|inactive|Time left: 300 sec this turn | 300 sec total\n|\n|t:|1783554862\n|move|p1a: Magnezone|Flash Cannon|p2a: Flapple\n|-damage|p2a: Flapple|137/266\n|move|p2a: Flapple|Outrage|p1a: Magnezone|[from] lockedmove\n|-resisted|p1a: Magnezone\n|-damage|p1a: Magnezone|44/100\n|\n|upkeep\n|turn|3\n|inactive|Time left: 300 sec this turn | 300 sec total\n|\n|t:|1783554864\n|move|p1a: Magnezone|Flash Cannon|p2a: Flapple\n|-crit|p2a: Flapple\n|-damage|p2a: Flapple|0 fnt\n|faint|p2a: Flapple\n|\n|upkeep\n|inactive|Time left: 300 sec this turn | 300 sec total | 5 sec grace\n|\n|t:|1783554865\n|switch|p2a: Gastrodon|Gastrodon-East, L86, M|331/331\n|turn|4\n|inactive|Time left: 300 sec this turn | 300 sec total\n|\n|t:|1783554866\n|switch|p1a: Greedent|Greedent, L86, F|100/100\n|move|p2a: Gastrodon|Earthquake|p1a: Greedent\n|-damage|p1a: Greedent|75/100\n|\n|upkeep\n|turn|5\n|inactive|Time left: 300 sec this turn | 300 sec total\n|\n|t:|1783554867\n|move|p2a: Gastrodon|Stealth Rock|p1a: Greedent\n|-sidestart|p1: p0x12806849|move: Stealth Rock\n|move|p1a: Greedent|Swords Dance|p1a: Greedent\n|-boost|p1a: Greedent|atk|2\n|\n|upkeep\n|turn|6\n|inactive|Time left: 300 sec this turn | 300 sec total\n|\n|t:|1783554868\n|move|p2a: Gastrodon|Sludge Bomb|p1a: Greedent\n|-damage|p1a: Greedent|54/100\n|-status|p1a: Greedent|psn\n|move|p1a: Greedent|Body Slam|p2a: Gastrodon\n|-damage|p2a: Gastrodon|108/331\n|\n|-heal|p2a: Gastrodon|128/331|[from] item: Leftovers\n|-damage|p1a: Greedent|41/100 psn|[from] psn\n|upkeep\n|-enditem|p1a: Greedent|Sitrus Berry|[eat]\n|-heal|p1a: Greedent|66/100 psn|[from] item: Sitrus Berry\n|-heal|p1a: Greedent|99/100 psn|[from] ability: Cheek Pouch\n|turn|7\n|inactive|Time left: 300 sec this turn | 300 sec total\n|\n|t:|1783554870\n|move|p2a: Gastrodon|Recover|p2a: Gastrodon\n|-heal|p2a: Gastrodon|294/331\n|move|p1a: Greedent|Knock Off|p2a: Gastrodon\n|-damage|p2a: Gastrodon|130/331\n|-enditem|p2a: Gastrodon|Leftovers|[from] move: Knock Off|[of] p1a: Greedent\n|\n|-damage|p1a: Greedent|87/100 psn|[from] psn\n|upkeep\n|turn|8\n|inactive|Time left: 300 sec this turn | 300 sec total\n|\n|t:|1783554871\n|move|p2a: Gastrodon|Recover|p2a: Gastrodon\n|-heal|p2a: Gastrodon|296/331\n|move|p1a: Greedent|Body Slam|p2a: Gastrodon\n|-damage|p2a: Gastrodon|64/331\n|-status|p2a: Gastrodon|par\n|\n|-damage|p1a: Greedent|74/100 psn|[from] psn\n|upkeep\n|turn|9\n|inactive|Time left: 300 sec this turn | 300 sec total\n|\n|t:|1783554872\n|move|p1a: Greedent|Knock Off|p2a: Gastrodon\n|-damage|p2a: Gastrodon|0 fnt\n|faint|p2a: Gastrodon\n|\n|-damage|p1a: Greedent|62/100 psn|[from] psn\n|upkeep\n|inactive|Time left: 300 sec this turn | 300 sec total | 5 sec grace\n|\n|t:|1783554873\n|switch|p2a: Grimmsnarl|Grimmsnarl, L83, M|293/293\n|turn|10\n|inactive|Time left: 300 sec this turn | 300 sec total\n|\n|t:|1783554874\n|move|p2a: Grimmsnarl|Reflect|p2a: Grimmsnarl\n|-sidestart|p2: p0y12809515|Reflect\n|move|p1a: Greedent|Body Slam|p2a: Grimmsnarl\n|-damage|p2a: Grimmsnarl|179/293\n|\n|-damage|p1a: Greedent|49/100 psn|[from] psn\n|upkeep\n|turn|11\n|inactive|Time left: 300 sec this turn | 300 sec total\n|\n|t:|1783554875\n|move|p2a: Grimmsnarl|Spirit Break|p1a: Greedent\n|-damage|p1a: Greedent|26/100 psn\n|-unboost|p1a: Greedent|spa|1\n|move|p1a: Greedent|Body Slam|p2a: Grimmsnarl\n|-damage|p2a: Grimmsnarl|61/293\n|\n|-damage|p1a: Greedent|13/100 psn|[from] psn\n|upkeep\n|turn|12\n|inactive|Time left: 300 sec this turn | 300 sec total\n|\n|t:|1783554876\n|move|p2a: Grimmsnarl|Spirit Break|p1a: Greedent\n|-damage|p1a: Greedent|0 fnt\n|faint|p1a: Greedent\n|\n|upkeep\n|\n|t:|1783554877\n|switch|p1a: Magnezone|Magnezone, L85|44/100\n|-damage|p1a: Magnezone|37/100|[from] Stealth Rock\n|turn|13\n|inactive|Time left: 300 sec this turn | 300 sec total\n|\n|t:|1783554878\n|move|p2a: Grimmsnarl|Light Screen|p2a: Grimmsnarl\n|-sidestart|p2: p0y12809515|move: Light Screen\n|move|p1a: Magnezone|Thunderbolt|p2a: Grimmsnarl\n|-damage|p2a: Grimmsnarl|0 fnt\n|faint|p2a: Grimmsnarl\n|\n|upkeep\n|inactive|Time left: 300 sec this turn | 300 sec total | 5 sec grace\n|\n|t:|1783554879\n|switch|p2a: Raikou|Raikou, L81|278/278\n|-ability|p2a: Raikou|Pressure\n|turn|14\n|inactive|Time left: 300 sec this turn | 300 sec total\n|\n|t:|1783554880\n|switch|p1a: Sinistcha|Sinistcha-Masterpiece, L83|100/100\n|-damage|p1a: Sinistcha|88/100|[from] Stealth Rock\n|move|p2a: Raikou|Calm Mind|p2a: Raikou\n|-boost|p2a: Raikou|spa|1\n|-boost|p2a: Raikou|spd|1\n|\n|-heal|p1a: Sinistcha|94/100|[from] item: Leftovers\n|upkeep\n|turn|15\n|inactive|Time left: 300 sec this turn | 300 sec total\n|\n|t:|1783554881\n|move|p2a: Raikou|Calm Mind|p2a: Raikou\n|-boost|p2a: Raikou|spa|1\n|-boost|p2a: Raikou|spd|1\n|move|p1a: Sinistcha|Calm Mind|p1a: Sinistcha\n|-boost|p1a: Sinistcha|spa|1\n|-boost|p1a: Sinistcha|spd|1\n|\n|-heal|p1a: Sinistcha|99/100|[from] item: Leftovers\n|upkeep\n|turn|16\n|inactive|Time left: 300 sec this turn | 300 sec total\n|\n|t:|1783554882\n|move|p2a: Raikou|Substitute|p2a: Raikou\n|-start|p2a: Raikou|Substitute\n|-damage|p2a: Raikou|209/278\n|move|p1a: Sinistcha|Strength Sap||[still]\n|-fail|p1a: Sinistcha\n|\n|-heal|p2a: Raikou|226/278|[from] item: Leftovers\n|-heal|p1a: Sinistcha|100/100|[from] item: Leftovers\n|upkeep\n|turn|17\n|inactive|Time left: 300 sec this turn | 300 sec total\n|\n|t:|1783554883\n|move|p2a: Raikou|Calm Mind|p2a: Raikou\n|-boost|p2a: Raikou|spa|1\n|-boost|p2a: Raikou|spd|1\n|move|p1a: Sinistcha|Calm Mind|p1a: Sinistcha\n|-boost|p1a: Sinistcha|spa|1\n|-boost|p1a: Sinistcha|spd|1\n|\n|-heal|p2a: Raikou|243/278|[from] item: Leftovers\n|-sideend|p2: p0y12809515|Reflect\n|upkeep\n|turn|18\n|inactive|Time left: 300 sec this turn | 300 sec total\n|\n|t:|1783554883\n|move|p2a: Raikou|Thunderbolt|p1a: Sinistcha\n|-resisted|p1a: Sinistcha\n|-damage|p1a: Sinistcha|73/100\n|move|p1a: Sinistcha|Calm Mind|p1a: Sinistcha\n|-boost|p1a: Sinistcha|spa|1\n|-boost|p1a: Sinistcha|spd|1\n|\n|-heal|p2a: Raikou|260/278|[from] item: Leftovers\n|-heal|p1a: Sinistcha|79/100|[from] item: Leftovers\n|upkeep\n|turn|19\n|inactive|Time left: 300 sec this turn | 300 sec total\n|\n|t:|1783554884\n|move|p2a: Raikou|Thunderbolt|p1a: Sinistcha\n|-resisted|p1a: Sinistcha\n|-damage|p1a: Sinistcha|58/100\n|move|p1a: Sinistcha|Matcha Gotcha|p2a: Raikou\n|-activate|p2a: Raikou|move: Substitute|[damage]\n|-heal|p1a: Sinistcha|68/100|[from] drain|[of] p2a: Raikou\n|\n|-heal|p2a: Raikou|277/278|[from] item: Leftovers\n|-heal|p1a: Sinistcha|74/100|[from] item: Leftovers\n|upkeep\n|turn|20\n|inactive|Time left: 300 sec this turn | 300 sec total\n|\n|t:|1783554885\n|move|p2a: Raikou|Thunderbolt|p1a: Sinistcha\n|-resisted|p1a: Sinistcha\n|-damage|p1a: Sinistcha|53/100\n|move|p1a: Sinistcha|Calm Mind|p1a: Sinistcha\n|-boost|p1a: Sinistcha|spa|1\n|-boost|p1a: Sinistcha|spd|1\n|\n|-heal|p2a: Raikou|278/278|[from] item: Leftovers\n|-heal|p1a: Sinistcha|59/100|[from] item: Leftovers\n|-sideend|p2: p0y12809515|move: Light Screen\n|upkeep\n|turn|21\n|inactive|Time left: 300 sec this turn | 300 sec total\n|\n|t:|1783554885\n|move|p2a: Raikou|Thunderbolt|p1a: Sinistcha\n|-resisted|p1a: Sinistcha\n|-damage|p1a: Sinistcha|42/100\n|move|p1a: Sinistcha|Shadow Ball|p2a: Raikou\n|-end|p2a: Raikou|Substitute\n|\n|-heal|p1a: Sinistcha|48/100|[from] item: Leftovers\n|upkeep\n|turn|22\n|inactive|Time left: 300 sec this turn | 300 sec total\n|\n|t:|1783554886\n|move|p2a: Raikou|Substitute|p2a: Raikou\n|-start|p2a: Raikou|Substitute\n|-damage|p2a: Raikou|209/278\n|move|p1a: Sinistcha|Strength Sap||[still]\n|-fail|p1a: Sinistcha\n|\n|-heal|p2a: Raikou|226/278|[from] item: Leftovers\n|-heal|p1a: Sinistcha|54/100|[from] item: Leftovers\n|upkeep\n|turn|23\n|inactive|Time left: 300 sec this turn | 300 sec total\n|\n|t:|1783554887\n|move|p2a: Raikou|Thunderbolt|p1a: Sinistcha\n|-resisted|p1a: Sinistcha\n|-damage|p1a: Sinistcha|35/100\n|move|p1a: Sinistcha|Shadow Ball|p2a: Raikou\n|-end|p2a: Raikou|Substitute\n|\n|-heal|p2a: Raikou|243/278|[from] item: Leftovers\n|-heal|p1a: Sinistcha|41/100|[from] item: Leftovers\n|upkeep\n|turn|24\n|inactive|Time left: 300 sec this turn | 300 sec total\n|\n|t:|1783554888\n|move|p2a: Raikou|Thunderbolt|p1a: Sinistcha\n|-resisted|p1a: Sinistcha\n|-damage|p1a: Sinistcha|23/100\n|move|p1a: Sinistcha|Strength Sap|p2a: Raikou\n|-unboost|p2a: Raikou|atk|1\n|-heal|p1a: Sinistcha|79/100\n|\n|-heal|p2a: Raikou|260/278|[from] item: Leftovers\n|-heal|p1a: Sinistcha|85/100|[from] item: Leftovers\n|upkeep\n|turn|25\n|inactive|Time left: 300 sec this turn | 300 sec total\n|\n|t:|1783554890\n|move|p2a: Raikou|Substitute|p2a: Raikou\n|-start|p2a: Raikou|Substitute\n|-damage|p2a: Raikou|191/278\n|move|p1a: Sinistcha|Shadow Ball|p2a: Raikou\n|-end|p2a: Raikou|Substitute\n|\n|-heal|p2a: Raikou|208/278|[from] item: Leftovers\n|-heal|p1a: Sinistcha|91/100|[from] item: Leftovers\n|upkeep\n|turn|26\n|inactive|Time left: 300 sec this turn | 300 sec total\n|\n|t:|1783554890\n|move|p2a: Raikou|Calm Mind|p2a: Raikou\n|-boost|p2a: Raikou|spa|1\n|-boost|p2a: Raikou|spd|1\n|move|p1a: Sinistcha|Shadow Ball|p2a: Raikou\n|-damage|p2a: Raikou|111/278\n|\n|-heal|p2a: Raikou|128/278|[from] item: Leftovers\n|-heal|p1a: Sinistcha|97/100|[from] item: Leftovers\n|upkeep\n|turn|27\n|inactive|Time left: 300 sec this turn | 300 sec total\n|\n|t:|1783554892\n|move|p2a: Raikou|Thunderbolt|p1a: Sinistcha\n|-resisted|p1a: Sinistcha\n|-damage|p1a: Sinistcha|73/100\n|move|p1a: Sinistcha|Shadow Ball|p2a: Raikou\n|-damage|p2a: Raikou|38/278\n|\n|-heal|p2a: Raikou|55/278|[from] item: Leftovers\n|-heal|p1a: Sinistcha|79/100|[from] item: Leftovers\n|upkeep\n|turn|28\n|inactive|Time left: 300 sec this turn | 300 sec total\n|\n|t:|1783554893\n|move|p2a: Raikou|Thunderbolt|p1a: Sinistcha\n|-resisted|p1a: Sinistcha\n|-damage|p1a: Sinistcha|59/100\n|move|p1a: Sinistcha|Shadow Ball|p2a: Raikou\n|-damage|p2a: Raikou|0 fnt\n|faint|p2a: Raikou\n|\n|-heal|p1a: Sinistcha|65/100|[from] item: Leftovers\n|upkeep\n|inactive|Time left: 300 sec this turn | 300 sec total | 5 sec grace\n|\n|t:|1783554894\n|switch|p2a: Shiftry|Shiftry, L89, M|305/305\n|turn|29\n|inactive|Time left: 300 sec this turn | 300 sec total\n|\n|t:|1783554895\n|-terastallize|p1a: Sinistcha|Steel\n|move|p2a: Shiftry|Knock Off|p1a: Sinistcha\n|-damage|p1a: Sinistcha|24/100\n|-enditem|p1a: Sinistcha|Leftovers|[from] move: Knock Off|[of] p2a: Shiftry\n|move|p1a: Sinistcha|Matcha Gotcha|p2a: Shiftry\n|-resisted|p2a: Shiftry\n|-damage|p2a: Shiftry|120/305\n|-heal|p1a: Sinistcha|60/100|[from] drain|[of] p2a: Shiftry\n|\n|upkeep\n|turn|30\n|inactive|Time left: 300 sec this turn | 300 sec total\n|\n|t:|1783554896\n|-terastallize|p2a: Shiftry|Poison\n|move|p2a: Shiftry|Sucker Punch||[still]\n|-fail|p2a: Shiftry\n|move|p1a: Sinistcha|Strength Sap|p2a: Shiftry\n|-unboost|p2a: Shiftry|atk|1\n|-heal|p1a: Sinistcha|100/100\n|\n|upkeep\n|turn|31\n|inactive|Time left: 300 sec this turn | 300 sec total\n|\n|t:|1783554897\n|move|p2a: Shiftry|Sucker Punch|p1a: Sinistcha\n|-damage|p1a: Sinistcha|80/100\n|move|p1a: Sinistcha|Shadow Ball|p2a: Shiftry\n|-damage|p2a: Shiftry|0 fnt\n|faint|p2a: Shiftry\n|\n|upkeep\n|inactive|Time left: 300 sec this turn | 300 sec total | 5 sec grace\n|\n|t:|1783554897\n|switch|p2a: Kilowattrel|Kilowattrel, L83, M|252/252\n|turn|32\n|inactive|Time left: 300 sec this turn | 300 sec total\n|\n|t:|1783554898\n|move|p2a: Kilowattrel|Hurricane|p1a: Sinistcha\n|-resisted|p1a: Sinistcha\n|-damage|p1a: Sinistcha|71/100\n|-start|p1a: Sinistcha|confusion\n|-activate|p1a: Sinistcha|confusion\n|-damage|p1a: Sinistcha|66/100|[from] confusion\n|\n|upkeep\n|turn|33\n|inactive|Time left: 300 sec this turn | 300 sec total\n|\n|t:|1783554899\n|move|p2a: Kilowattrel|Thunderbolt|p1a: Sinistcha\n|-damage|p1a: Sinistcha|52/100\n|-activate|p1a: Sinistcha|confusion\n|move|p1a: Sinistcha|Shadow Ball|p2a: Kilowattrel\n|-damage|p2a: Kilowattrel|0 fnt\n|faint|p2a: Kilowattrel\n|\n|win|p0x12806849", "uploadtime": 1783554900, "views": 0, "rating": 0, "private": 0, "password": null, "_winner": "p0x12806849", "_our_name": "p0y12809515"}