{"id": "battle-gen9randombattle-2985", "formatid": "gen9randombattle", "format": "[Gen 9] Random Battle", "players": ["p0x298576cd", "p0y29853afd"], "log": "|init|battle\n|title|p0x298576cd vs. p0y29853afd\n|j|\u2606p0x298576cd\n|j|\u2606p0y29853afd\n|t:|1783573354\n|gametype|singles\n|player|p1|p0x298576cd|2|\n|player|p2|p0y29853afd|170|\n|gen|9\n|tier|[Gen 9] Random Battle\n|rule|Species Clause: Limit one of each Pok\u00e9mon\n|rule|HP Percentage Mod: HP is shown in percentages\n|rule|Sleep Clause Mod: Limit one foe put to sleep\n|rule|Illusion Level Mod: Illusion disguises the Pok\u00e9mon's true level\n|\n|t:|1783573354\n|teamsize|p1|6\n|teamsize|p2|6\n|start\n|switch|p1a: Kilowattrel|Kilowattrel, L83, M|252/252\n|switch|p2a: Zekrom|Zekrom, L71|100/100\n|-ability|p2a: Zekrom|Teravolt\n|turn|1\n|inactive|Battle timer is ON: inactive players will automatically lose when time's up. (requested by p0y29853afd)\n|inactive|Time left: 300 sec this turn | 300 sec total | 60 sec grace\n|inactive|p0x298576cd also wants the timer to be on.\n|\n|t:|1783573355\n|switch|p1a: Amoonguss|Amoonguss, L82, M|321/321\n|move|p2a: Zekrom|Outrage|p1a: Amoonguss\n|-damage|p1a: Amoonguss|168/321\n|\n|-heal|p1a: Amoonguss|188/321|[from] item: Leftovers\n|upkeep\n|turn|2\n|inactive|Time left: 300 sec this turn | 300 sec total\n|\n|t:|1783573357\n|move|p2a: Zekrom|Outrage|p1a: Amoonguss|[from] lockedmove\n|-damage|p1a: Amoonguss|28/321\n|move|p1a: Amoonguss|Spore|p2a: Zekrom\n|-status|p2a: Zekrom|slp|[from] move: Spore\n|\n|-heal|p1a: Amoonguss|48/321|[from] item: Leftovers\n|upkeep\n|turn|3\n|inactive|Time left: 300 sec this turn | 300 sec total\n|\n|t:|1783573358\n|switch|p1a: Delphox|Delphox, L84, F|263/263\n|cant|p2a: Zekrom|slp\n|\n|upkeep\n|turn|4\n|inactive|Time left: 300 sec this turn | 300 sec total\n|\n|t:|1783573359\n|move|p1a: Delphox|Nasty Plot|p1a: Delphox\n|-boost|p1a: Delphox|spa|2\n|cant|p2a: Zekrom|slp\n|\n|upkeep\n|turn|5\n|inactive|Time left: 300 sec this turn | 300 sec total\n|\n|t:|1783573360\n|move|p1a: Delphox|Psyshock|p2a: Zekrom\n|-damage|p2a: Zekrom|29/100 slp\n|cant|p2a: Zekrom|slp\n|\n|-heal|p2a: Zekrom|35/100 slp|[from] item: Leftovers\n|upkeep\n|turn|6\n|inactive|Time left: 300 sec this turn | 300 sec total\n|\n|t:|1783573361\n|move|p1a: Delphox|Grass Knot|p2a: Zekrom\n|-resisted|p2a: Zekrom\n|-damage|p2a: Zekrom|0 fnt\n|faint|p2a: Zekrom\n|\n|upkeep\n|\n|t:|1783573361\n|switch|p2a: Slaking|Slaking, L84, M|100/100\n|turn|7\n|inactive|Time left: 300 sec this turn | 300 sec total\n|\n|t:|1783573363\n|move|p2a: Slaking|Giga Impact|p1a: Delphox\n|-damage|p1a: Delphox|0 fnt\n|-mustrecharge|p2a: Slaking\n|faint|p1a: Delphox\n|\n|upkeep\n|inactive|Time left: 300 sec this turn | 300 sec total | 5 sec grace\n|\n|t:|1783573363\n|switch|p1a: Regice|Regice, L88|284/284\n|turn|8\n|inactive|Time left: 300 sec this turn | 300 sec total\n|\n|t:|1783573364\n|cant|p2a: Slaking|recharge\n|move|p1a: Regice|Ice Beam|p2a: Slaking\n|-damage|p2a: Slaking|64/100\n|\n|upkeep\n|turn|9\n|inactive|Time left: 300 sec this turn | 300 sec total\n|\n|t:|1783573365\n|move|p2a: Slaking|Giga Impact|p1a: Regice\n|-damage|p1a: Regice|92/284\n|-mustrecharge|p2a: Slaking\n|move|p1a: Regice|Ice Beam|p2a: Slaking\n|-damage|p2a: Slaking|32/100\n|-status|p2a: Slaking|frz\n|\n|upkeep\n|turn|10\n|inactive|Time left: 300 sec this turn | 300 sec total\n|\n|t:|1783573366\n|cant|p2a: Slaking|recharge\n|move|p1a: Regice|Rest|p1a: Regice\n|-status|p1a: Regice|slp|[from] move: Rest\n|-heal|p1a: Regice|284/284 slp|[silent]\n|\n|upkeep\n|turn|11\n|inactive|Time left: 300 sec this turn | 300 sec total\n|\n|t:|1783573367\n|switch|p1a: Floatzel|Floatzel, L86, F|286/286\n|cant|p2a: Slaking|frz\n|\n|upkeep\n|turn|12\n|inactive|Time left: 300 sec this turn | 300 sec total\n|\n|t:|1783573368\n|cant|p2a: Slaking|frz\n|move|p1a: Floatzel|Wave Crash|p2a: Slaking\n|-damage|p2a: Slaking|0 fnt\n|faint|p2a: Slaking\n|-damage|p1a: Floatzel|245/286|[from] Recoil\n|\n|upkeep\n|\n|t:|1783573369\n|switch|p2a: Gholdengo|Gholdengo, L77|100/100\n|turn|13\n|inactive|Time left: 300 sec this turn | 300 sec total\n|\n|t:|1783573369\n|-terastallize|p2a: Gholdengo|Ghost\n|-terastallize|p1a: Floatzel|Water\n|move|p2a: Gholdengo|Shadow Ball|p1a: Floatzel\n|-damage|p1a: Floatzel|79/286\n|-unboost|p1a: Floatzel|spd|1\n|move|p1a: Floatzel|Wave Crash|p2a: Gholdengo\n|-damage|p2a: Gholdengo|0 fnt\n|faint|p2a: Gholdengo\n|-damage|p1a: Floatzel|0 fnt|[from] Recoil\n|faint|p1a: Floatzel\n|\n|upkeep\n|inactive|Time left: 300 sec this turn | 300 sec total | 5 sec grace\n|\n|t:|1783573370\n|switch|p1a: Amoonguss|Amoonguss, L82, M|155/321\n|switch|p2a: Eelektross|Eelektross, L87, F|100/100\n|turn|14\n|inactive|Time left: 300 sec this turn | 300 sec total\n|\n|t:|1783573371\n|move|p2a: Eelektross|Flamethrower|p1a: Amoonguss\n|-supereffective|p1a: Amoonguss\n|-damage|p1a: Amoonguss|0 fnt\n|faint|p1a: Amoonguss\n|\n|upkeep\n|inactive|Time left: 300 sec this turn | 300 sec total | 5 sec grace\n|\n|t:|1783573372\n|switch|p1a: Haxorus|Haxorus, L77, M|244/244\n|-ability|p1a: Haxorus|Mold Breaker\n|turn|15\n|inactive|Time left: 300 sec this turn | 300 sec total\n|\n|t:|1783573373\n|move|p1a: Haxorus|Dragon Dance|p1a: Haxorus\n|-boost|p1a: Haxorus|atk|1\n|-boost|p1a: Haxorus|spe|1\n|move|p2a: Eelektross|U-turn|p1a: Haxorus\n|-damage|p1a: Haxorus|179/244\n|\n|t:|1783573374\n|switch|p2a: Sableye|Sableye, L88, F|100/100|[from] U-turn\n|\n|upkeep\n|turn|16\n|inactive|Time left: 300 sec this turn | 300 sec total\n|\n|t:|1783573375\n|move|p2a: Sableye|Encore|p1a: Haxorus\n|-start|p1a: Haxorus|Encore\n|move|p1a: Haxorus|Dragon Dance|p1a: Haxorus\n|-boost|p1a: Haxorus|atk|1\n|-boost|p1a: Haxorus|spe|1\n|\n|upkeep\n|turn|17\n|inactive|Time left: 300 sec this turn | 300 sec total\n|\n|t:|1783573376\n|move|p1a: Haxorus|Dragon Dance|p1a: Haxorus\n|-boost|p1a: Haxorus|atk|1\n|-boost|p1a: Haxorus|spe|1\n|move|p2a: Sableye|Knock Off|p1a: Haxorus\n|-damage|p1a: Haxorus|74/244\n|-enditem|p1a: Haxorus|Lum Berry|[from] move: Knock Off|[of] p2a: Sableye\n|\n|upkeep\n|turn|18\n|inactive|Time left: 300 sec this turn | 300 sec total\n|\n|t:|1783573377\n|move|p1a: Haxorus|Dragon Dance|p1a: Haxorus\n|-boost|p1a: Haxorus|atk|1\n|-boost|p1a: Haxorus|spe|1\n|move|p2a: Sableye|Knock Off|p1a: Haxorus\n|-damage|p1a: Haxorus|10/244\n|\n|-end|p1a: Haxorus|Encore\n|upkeep\n|turn|19\n|inactive|Time left: 300 sec this turn | 300 sec total\n|\n|t:|1783573378\n|move|p2a: Sableye|Encore|p1a: Haxorus\n|-start|p1a: Haxorus|Encore\n|move|p1a: Haxorus|Dragon Dance|p1a: Haxorus\n|-boost|p1a: Haxorus|atk|1\n|-boost|p1a: Haxorus|spe|1\n|\n|upkeep\n|turn|20\n|inactive|Time left: 300 sec this turn | 300 sec total\n|\n|t:|1783573379\n|switch|p1a: Regice|Regice, L88|284/284 slp\n|move|p2a: Sableye|Knock Off|p1a: Regice\n|-damage|p1a: Regice|203/284 slp\n|-enditem|p1a: Regice|Heavy-Duty Boots|[from] move: Knock Off|[of] p2a: Sableye\n|\n|upkeep\n|turn|21\n|inactive|Time left: 300 sec this turn | 300 sec total\n|\n|t:|1783573380\n|switch|p2a: Great Tusk|Great Tusk, L77|100/100\n|cant|p1a: Regice|slp\n|move|p1a: Regice|Sleep Talk|p1a: Regice\n|move|p1a: Regice|Rest||[from] move: Sleep Talk|[still]\n|-fail|p1a: Regice\n|\n|upkeep\n|turn|22\n|inactive|Time left: 300 sec this turn | 300 sec total\n|\n|t:|1783573381\n|switch|p1a: Kilowattrel|Kilowattrel, L83, M|252/252\n|move|p2a: Great Tusk|Close Combat|p1a: Kilowattrel\n|-resisted|p1a: Kilowattrel\n|-damage|p1a: Kilowattrel|167/252\n|-unboost|p2a: Great Tusk|def|1\n|-unboost|p2a: Great Tusk|spd|1\n|\n|upkeep\n|turn|23\n|inactive|Time left: 300 sec this turn | 300 sec total\n|\n|t:|1783573382\n|-end|p2a: Great Tusk|Protosynthesis|[silent]\n|switch|p2a: Eelektross|Eelektross, L87, F|100/100\n|move|p1a: Kilowattrel|Hurricane|p2a: Eelektross\n|-resisted|p2a: Eelektross\n|-damage|p2a: Eelektross|87/100\n|-start|p2a: Eelektross|confusion\n|\n|upkeep\n|turn|24\n|inactive|Time left: 300 sec this turn | 300 sec total\n|\n|t:|1783573383\n|move|p1a: Kilowattrel|Hurricane|p2a: Eelektross\n|-resisted|p2a: Eelektross\n|-damage|p2a: Eelektross|73/100\n|-activate|p2a: Eelektross|confusion\n|move|p2a: Eelektross|Flamethrower|p1a: Kilowattrel\n|-damage|p1a: Kilowattrel|79/252\n|\n|upkeep\n|turn|25\n|inactive|Time left: 300 sec this turn | 300 sec total\n|\n|t:|1783573385\n|move|p1a: Kilowattrel|Roost|p1a: Kilowattrel\n|-heal|p1a: Kilowattrel|205/252\n|-singleturn|p1a: Kilowattrel|move: Roost\n|-activate|p2a: Eelektross|confusion\n|-damage|p2a: Eelektross|60/100|[from] confusion\n|\n|upkeep\n|turn|26\n|inactive|Time left: 300 sec this turn | 300 sec total\n|\n|t:|1783573386\n|move|p1a: Kilowattrel|Hurricane|p2a: Eelektross|[miss]\n|-miss|p1a: Kilowattrel|p2a: Eelektross\n|-end|p2a: Eelektross|confusion\n|move|p2a: Eelektross|U-turn|p1a: Kilowattrel\n|-resisted|p1a: Kilowattrel\n|-damage|p1a: Kilowattrel|165/252\n|\n|t:|1783573387\n|switch|p2a: Great Tusk|Great Tusk, L77|100/100|[from] U-turn\n|\n|upkeep\n|turn|27\n|inactive|Time left: 300 sec this turn | 300 sec total\n|\n|t:|1783573388\n|move|p1a: Kilowattrel|Hurricane|p2a: Great Tusk|[miss]\n|-miss|p1a: Kilowattrel|p2a: Great Tusk\n|move|p2a: Great Tusk|Rapid Spin|p1a: Kilowattrel\n|-damage|p1a: Kilowattrel|119/252\n|-boost|p2a: Great Tusk|spe|1\n|\n|upkeep\n|turn|28\n|inactive|Time left: 300 sec this turn | 300 sec total\n|\n|t:|1783573389\n|move|p2a: Great Tusk|Knock Off|p1a: Kilowattrel\n|-damage|p1a: Kilowattrel|28/252\n|-enditem|p1a: Kilowattrel|Heavy-Duty Boots|[from] move: Knock Off|[of] p2a: Great Tusk\n|move|p1a: Kilowattrel|Hurricane|p2a: Great Tusk\n|-supereffective|p2a: Great Tusk\n|-damage|p2a: Great Tusk|22/100\n|\n|upkeep\n|turn|29\n|inactive|Time left: 300 sec this turn | 300 sec total\n|\n|t:|1783573390\n|switch|p1a: Regice|Regice, L88|203/284 slp\n|move|p2a: Great Tusk|Rapid Spin|p1a: Regice\n|-damage|p1a: Regice|169/284 slp\n|-boost|p2a: Great Tusk|spe|1\n|\n|upkeep\n|turn|30\n|inactive|Time left: 300 sec this turn | 300 sec total\n|\n|t:|1783573391\n|switch|p1a: Kilowattrel|Kilowattrel, L83, M|28/252\n|move|p2a: Great Tusk|Close Combat|p1a: Kilowattrel\n|-resisted|p1a: Kilowattrel\n|-damage|p1a: Kilowattrel|0 fnt\n|-unboost|p2a: Great Tusk|def|1\n|-unboost|p2a: Great Tusk|spd|1\n|faint|p1a: Kilowattrel\n|\n|upkeep\n|inactive|Time left: 300 sec this turn | 300 sec total | 5 sec grace\n|\n|t:|1783573392\n|switch|p1a: Haxorus|Haxorus, L77, M|10/244\n|-ability|p1a: Haxorus|Mold Breaker\n|turn|31\n|inactive|Time left: 300 sec this turn | 300 sec total\n|\n|t:|1783573393\n|switch|p1a: Regice|Regice, L88|169/284 slp\n|move|p2a: Great Tusk|Close Combat|p1a: Regice\n|-supereffective|p1a: Regice\n|-damage|p1a: Regice|0 fnt\n|-unboost|p2a: Great Tusk|def|1\n|-unboost|p2a: Great Tusk|spd|1\n|faint|p1a: Regice\n|\n|upkeep\n|inactive|Time left: 300 sec this turn | 300 sec total | 5 sec grace\n|\n|t:|1783573394\n|switch|p1a: Haxorus|Haxorus, L77, M|10/244\n|-ability|p1a: Haxorus|Mold Breaker\n|turn|32\n|inactive|Time left: 300 sec this turn | 300 sec total\n|\n|t:|1783573395\n|move|p2a: Great Tusk|Rapid Spin|p1a: Haxorus\n|-damage|p1a: Haxorus|0 fnt\n|-boost|p2a: Great Tusk|spe|1\n|faint|p1a: Haxorus\n|\n|win|p0y29853afd", "uploadtime": 1783573395, "views": 0, "rating": 0, "private": 0, "password": null, "_winner": "p0y29853afd", "_our_name": "p0x298576cd"}