{"id": "battle-gen9randombattle-2393", "formatid": "gen9randombattle", "format": "[Gen 9] Random Battle", "players": ["p0x239347ec", "p0y23930def"], "log": "|init|battle\n|title|p0x239347ec vs. p0y23930def\n|j|\u2606p0x239347ec\n|j|\u2606p0y23930def\n|t:|1783566768\n|gametype|singles\n|player|p1|p0x239347ec|102|\n|player|p2|p0y23930def|169|\n|gen|9\n|tier|[Gen 9] Random Battle\n|rule|Species Clause: Limit one of each Pok\u00e9mon\n|rule|HP Percentage Mod: HP is shown in percentages\n|rule|Sleep Clause Mod: Limit one foe put to sleep\n|rule|Illusion Level Mod: Illusion disguises the Pok\u00e9mon's true level\n|\n|t:|1783566768\n|teamsize|p1|6\n|teamsize|p2|6\n|start\n|switch|p1a: Dialga|Dialga-Origin, L73|266/266\n|switch|p2a: Ursaluna|Ursaluna, L79, M|100/100\n|-ability|p1a: Dialga|Pressure\n|turn|1\n|inactive|Battle timer is ON: inactive players will automatically lose when time's up. (requested by p0x239347ec)\n|inactive|p0y23930def also wants the timer to be on.\n|\n|t:|1783566770\n|move|p1a: Dialga|Stealth Rock|p2a: Ursaluna\n|-sidestart|p2: p0y23930def|move: Stealth Rock\n|move|p2a: Ursaluna|Headlong Rush|p1a: Dialga\n|-supereffective|p1a: Dialga\n|-damage|p1a: Dialga|0 fnt\n|-unboost|p2a: Ursaluna|def|1\n|-unboost|p2a: Ursaluna|spd|1\n|faint|p1a: Dialga\n|\n|-status|p2a: Ursaluna|brn|[from] item: Flame Orb\n|upkeep\n|inactive|Time left: 300 sec this turn | 300 sec total | 65 sec grace\n|\n|t:|1783566770\n|switch|p1a: Armarouge|Armarouge, L80, F|267/267\n|turn|2\n|inactive|Time left: 300 sec this turn | 300 sec total\n|\n|t:|1783566772\n|switch|p2a: Miraidon|Miraidon, L65|100/100\n|-damage|p2a: Miraidon|88/100|[from] Stealth Rock\n|-fieldstart|move: Electric Terrain|[from] ability: Hadron Engine|[of] p2a: Miraidon\n|move|p1a: Armarouge|Armor Cannon|p2a: Miraidon\n|-resisted|p2a: Miraidon\n|-damage|p2a: Miraidon|41/100\n|-unboost|p1a: Armarouge|def|1\n|-unboost|p1a: Armarouge|spd|1\n|\n|upkeep\n|turn|3\n|inactive|Time left: 300 sec this turn | 300 sec total\n|\n|t:|1783566773\n|switch|p1a: Leafeon|Leafeon, L88, M|258/258\n|move|p2a: Miraidon|Electro Drift|p1a: Leafeon\n|-resisted|p1a: Leafeon\n|-damage|p1a: Leafeon|141/258\n|-damage|p2a: Miraidon|32/100|[from] item: Life Orb\n|\n|upkeep\n|turn|4\n|inactive|Time left: 300 sec this turn | 300 sec total\n|\n|t:|1783566774\n|switch|p2a: Crabominable|Crabominable, L90, F|100/100\n|-damage|p2a: Crabominable|88/100|[from] Stealth Rock\n|move|p1a: Leafeon|Knock Off|p2a: Crabominable\n|-resisted|p2a: Crabominable\n|-damage|p2a: Crabominable|70/100\n|-enditem|p2a: Crabominable|Assault Vest|[from] move: Knock Off|[of] p1a: Leafeon\n|-damage|p1a: Leafeon|116/258|[from] item: Life Orb\n|\n|upkeep\n|turn|5\n|inactive|Time left: 300 sec this turn | 300 sec total\n|\n|t:|1783566775\n|move|p1a: Leafeon|Leaf Blade|p2a: Crabominable\n|-damage|p2a: Crabominable|18/100\n|-damage|p1a: Leafeon|91/258|[from] item: Life Orb\n|move|p2a: Crabominable|Drain Punch|p1a: Leafeon\n|-damage|p1a: Leafeon|0 fnt\n|-heal|p2a: Crabominable|32/100|[from] drain|[of] p1a: Leafeon\n|faint|p1a: Leafeon\n|\n|upkeep\n|inactive|Time left: 300 sec this turn | 300 sec total | 5 sec grace\n|\n|t:|1783566776\n|switch|p1a: Armarouge|Armarouge, L80, F|267/267\n|turn|6\n|inactive|Time left: 300 sec this turn | 300 sec total\n|\n|t:|1783566777\n|move|p1a: Armarouge|Armor Cannon|p2a: Crabominable\n|-supereffective|p2a: Crabominable\n|-damage|p2a: Crabominable|0 fnt\n|-unboost|p1a: Armarouge|def|1\n|-unboost|p1a: Armarouge|spd|1\n|faint|p2a: Crabominable\n|\n|-fieldend|move: Electric Terrain\n|upkeep\n|\n|t:|1783566778\n|switch|p2a: Ursaluna|Ursaluna, L79, M|100/100 brn\n|-damage|p2a: Ursaluna|95/100 brn|[from] Stealth Rock\n|turn|7\n|inactive|Time left: 300 sec this turn | 300 sec total\n|\n|t:|1783566779\n|move|p1a: Armarouge|Armor Cannon|p2a: Ursaluna\n|-damage|p2a: Ursaluna|22/100 brn\n|-unboost|p1a: Armarouge|def|1\n|-unboost|p1a: Armarouge|spd|1\n|move|p2a: Ursaluna|Facade|p1a: Armarouge\n|-damage|p1a: Armarouge|0 fnt\n|faint|p1a: Armarouge\n|\n|-damage|p2a: Ursaluna|16/100 brn|[from] brn\n|upkeep\n|inactive|Time left: 300 sec this turn | 300 sec total | 5 sec grace\n|\n|t:|1783566780\n|switch|p1a: Blastoise|Blastoise, L80, M|258/258\n|turn|8\n|inactive|Time left: 300 sec this turn | 300 sec total\n|\n|t:|1783566781\n|switch|p2a: Trevenant|Trevenant, L89, F|100/100\n|-damage|p2a: Trevenant|88/100|[from] Stealth Rock\n|move|p1a: Blastoise|Ice Beam|p2a: Trevenant\n|-supereffective|p2a: Trevenant\n|-damage|p2a: Trevenant|49/100\n|\n|upkeep\n|turn|9\n|inactive|Time left: 300 sec this turn | 300 sec total\n|\n|t:|1783566782\n|move|p1a: Blastoise|Shell Smash|p1a: Blastoise\n|-unboost|p1a: Blastoise|def|1\n|-unboost|p1a: Blastoise|spd|1\n|-boost|p1a: Blastoise|atk|2\n|-boost|p1a: Blastoise|spa|2\n|-boost|p1a: Blastoise|spe|2\n|-enditem|p1a: Blastoise|White Herb\n|-clearnegativeboost|p1a: Blastoise|[silent]\n|move|p2a: Trevenant|Horn Leech|p1a: Blastoise\n|-supereffective|p1a: Blastoise\n|-damage|p1a: Blastoise|6/258\n|-heal|p2a: Trevenant|91/100|[from] drain|[of] p1a: Blastoise\n|-damage|p2a: Trevenant|82/100|[from] item: Life Orb\n|\n|upkeep\n|turn|10\n|inactive|Time left: 300 sec this turn | 300 sec total\n|\n|t:|1783566783\n|move|p1a: Blastoise|Ice Beam|p2a: Trevenant\n|-supereffective|p2a: Trevenant\n|-damage|p2a: Trevenant|15/100\n|move|p2a: Trevenant|Drain Punch|p1a: Blastoise\n|-damage|p1a: Blastoise|0 fnt\n|-heal|p2a: Trevenant|16/100|[from] drain|[of] p1a: Blastoise\n|faint|p1a: Blastoise\n|-damage|p2a: Trevenant|7/100|[from] item: Life Orb\n|\n|upkeep\n|inactive|Time left: 300 sec this turn | 300 sec total | 5 sec grace\n|\n|t:|1783566784\n|switch|p1a: Iron Boulder|Iron Boulder, L77|265/265\n|-enditem|p1a: Iron Boulder|Booster Energy\n|-activate|p1a: Iron Boulder|ability: Quark Drive|[fromitem]\n|-start|p1a: Iron Boulder|quarkdrivespe\n|turn|11\n|inactive|Time left: 300 sec this turn | 300 sec total\n|\n|t:|1783566785\n|switch|p2a: Quagsire|Quagsire, L84, F|100/100\n|-damage|p2a: Quagsire|94/100|[from] Stealth Rock\n|move|p1a: Iron Boulder|Mighty Cleave|p2a: Quagsire\n|-resisted|p2a: Quagsire\n|-damage|p2a: Quagsire|77/100\n|\n|-heal|p2a: Quagsire|83/100|[from] item: Leftovers\n|upkeep\n|turn|12\n|inactive|Time left: 300 sec this turn | 300 sec total\n|\n|t:|1783566786\n|-end|p1a: Iron Boulder|Quark Drive|[silent]\n|switch|p1a: Golduck|Golduck, L90, M|290/290\n|-ability|p1a: Golduck|Cloud Nine\n|move|p2a: Quagsire|Earthquake|p1a: Golduck\n|-damage|p1a: Golduck|187/290\n|\n|-heal|p1a: Golduck|205/290|[from] item: Leftovers\n|-heal|p2a: Quagsire|89/100|[from] item: Leftovers\n|upkeep\n|turn|13\n|inactive|Time left: 300 sec this turn | 300 sec total\n|\n|t:|1783566787\n|switch|p2a: Gholdengo|Gholdengo, L77|100/100\n|-damage|p2a: Gholdengo|94/100|[from] Stealth Rock\n|move|p1a: Golduck|Nasty Plot|p1a: Golduck\n|-boost|p1a: Golduck|spa|2\n|\n|-heal|p1a: Golduck|223/290|[from] item: Leftovers\n|-heal|p2a: Gholdengo|100/100|[from] item: Leftovers\n|upkeep\n|turn|14\n|inactive|Time left: 300 sec this turn | 300 sec total\n|\n|t:|1783566788\n|switch|p2a: Trevenant|Trevenant, L89, F|7/100\n|-damage|p2a: Trevenant|0 fnt|[from] Stealth Rock\n|faint|p2a: Trevenant\n|move|p1a: Golduck|Hydro Pump|p2: Trevenant|[notarget]\n|-fail|p1a: Golduck\n|\n|-heal|p1a: Golduck|241/290|[from] item: Leftovers\n|upkeep\n|\n|t:|1783566789\n|switch|p2a: Miraidon|Miraidon, L65|32/100\n|-damage|p2a: Miraidon|19/100|[from] Stealth Rock\n|-fieldstart|move: Electric Terrain|[from] ability: Hadron Engine|[of] p2a: Miraidon\n|turn|15\n|inactive|Time left: 300 sec this turn | 300 sec total\n|\n|t:|1783566790\n|switch|p1a: Iron Boulder|Iron Boulder, L77|265/265\n|-activate|p1a: Iron Boulder|ability: Quark Drive\n|-start|p1a: Iron Boulder|quarkdrivespe\n|move|p2a: Miraidon|Electro Drift|p1a: Iron Boulder\n|-damage|p1a: Iron Boulder|70/265\n|-damage|p2a: Miraidon|10/100|[from] item: Life Orb\n|\n|upkeep\n|turn|16\n|inactive|Time left: 300 sec this turn | 300 sec total\n|\n|t:|1783566791\n|switch|p2a: Gholdengo|Gholdengo, L77|100/100\n|-damage|p2a: Gholdengo|94/100|[from] Stealth Rock\n|move|p1a: Iron Boulder|Mighty Cleave|p2a: Gholdengo\n|-resisted|p2a: Gholdengo\n|-damage|p2a: Gholdengo|76/100\n|\n|-heal|p2a: Gholdengo|82/100|[from] item: Leftovers\n|upkeep\n|turn|17\n|inactive|Time left: 300 sec this turn | 300 sec total\n|\n|t:|1783566792\n|-end|p1a: Iron Boulder|Quark Drive|[silent]\n|switch|p1a: Golduck|Golduck, L90, M|241/290\n|-ability|p1a: Golduck|Cloud Nine\n|move|p2a: Gholdengo|Shadow Ball|p1a: Golduck\n|-damage|p1a: Golduck|154/290\n|\n|-heal|p1a: Golduck|172/290|[from] item: Leftovers\n|-heal|p2a: Gholdengo|88/100|[from] item: Leftovers\n|upkeep\n|turn|18\n|inactive|Time left: 300 sec this turn | 300 sec total\n|\n|t:|1783566793\n|move|p1a: Golduck|Nasty Plot|p1a: Golduck\n|-boost|p1a: Golduck|spa|2\n|move|p2a: Gholdengo|Thunder Wave|p1a: Golduck\n|-status|p1a: Golduck|par\n|\n|-heal|p2a: Gholdengo|94/100|[from] item: Leftovers\n|-heal|p1a: Golduck|190/290 par|[from] item: Leftovers\n|upkeep\n|turn|19\n|inactive|Time left: 300 sec this turn | 300 sec total\n|\n|t:|1783566794\n|move|p2a: Gholdengo|Shadow Ball|p1a: Golduck\n|-damage|p1a: Golduck|102/290 par\n|cant|p1a: Golduck|par\n|\n|-heal|p2a: Gholdengo|100/100|[from] item: Leftovers\n|-heal|p1a: Golduck|120/290 par|[from] item: Leftovers\n|-fieldend|move: Electric Terrain\n|upkeep\n|turn|20\n|inactive|Time left: 300 sec this turn | 300 sec total\n|\n|t:|1783566794\n|move|p2a: Gholdengo|Shadow Ball|p1a: Golduck\n|-damage|p1a: Golduck|32/290 par\n|-unboost|p1a: Golduck|spd|1\n|move|p1a: Golduck|Hydro Pump|p2a: Gholdengo|[miss]\n|-miss|p1a: Golduck|p2a: Gholdengo\n|\n|-heal|p1a: Golduck|50/290 par|[from] item: Leftovers\n|upkeep\n|turn|21\n|inactive|Time left: 300 sec this turn | 300 sec total\n|\n|t:|1783566795\n|move|p2a: Gholdengo|Shadow Ball|p1a: Golduck\n|-damage|p1a: Golduck|0 fnt\n|faint|p1a: Golduck\n|\n|upkeep\n|inactive|Time left: 300 sec this turn | 300 sec total | 5 sec grace\n|\n|t:|1783566796\n|switch|p1a: Iron Boulder|Iron Boulder, L77|70/265\n|turn|22\n|inactive|Time left: 300 sec this turn | 300 sec total\n|\n|t:|1783566796\n|-terastallize|p1a: Iron Boulder|Fighting\n|-terastallize|p2a: Gholdengo|Dark\n|move|p1a: Iron Boulder|Zen Headbutt|p2a: Gholdengo\n|-immune|p2a: Gholdengo\n|move|p2a: Gholdengo|Make It Rain|p1a: Iron Boulder\n|-damage|p1a: Iron Boulder|0 fnt\n|-unboost|p2a: Gholdengo|spa|1\n|faint|p1a: Iron Boulder\n|-end|p1a: Iron Boulder|Quark Drive|[silent]\n|\n|win|p0y23930def", "uploadtime": 1783566796, "views": 0, "rating": 0, "private": 0, "password": null, "_winner": "p0y23930def", "_our_name": "p0x239347ec"}