{"id": "battle-gen9randombattle-512", "formatid": "gen9randombattle", "format": "[Gen 9] Random Battle", "players": ["p0x512c486", "p0y512aec5"], "log": "|init|battle\n|title|p0x512c486 vs. p0y512aec5\n|j|\u2606p0x512c486\n|j|\u2606p0y512aec5\n|t:|1783545703\n|gametype|singles\n|player|p1|p0x512c486|266|\n|player|p2|p0y512aec5|170|\n|gen|9\n|tier|[Gen 9] Random Battle\n|rule|Species Clause: Limit one of each Pok\u00e9mon\n|rule|HP Percentage Mod: HP is shown in percentages\n|rule|Sleep Clause Mod: Limit one foe put to sleep\n|rule|Illusion Level Mod: Illusion disguises the Pok\u00e9mon's true level\n|\n|t:|1783545703\n|teamsize|p1|6\n|teamsize|p2|6\n|start\n|switch|p1a: Chansey|Chansey, L85, F|564/564\n|switch|p2a: Scovillain|Scovillain, L91, F|100/100\n|turn|1\n|inactive|Battle timer is ON: inactive players will automatically lose when time's up. (requested by p0x512c486)\n|inactive|p0y512aec5 also wants the timer to be on.\n|\n|t:|1783545704\n|move|p2a: Scovillain|Flamethrower|p1a: Chansey\n|-damage|p1a: Chansey|494/564\n|move|p1a: Chansey|Seismic Toss|p2a: Scovillain\n|-damage|p2a: Scovillain|69/100\n|\n|upkeep\n|turn|2\n|inactive|Time left: 300 sec this turn | 300 sec total\n|\n|t:|1783545705\n|switch|p2a: Gumshoos|Gumshoos, L95, F|100/100\n|move|p1a: Chansey|Seismic Toss|p2a: Gumshoos\n|-damage|p2a: Gumshoos|74/100\n|\n|upkeep\n|turn|3\n|inactive|Time left: 300 sec this turn | 300 sec total\n|\n|t:|1783545706\n|switch|p1a: Mimikyu|Mimikyu, L79, F|216/216\n|move|p2a: Gumshoos|Double-Edge|p1a: Mimikyu\n|-immune|p1a: Mimikyu\n|\n|upkeep\n|turn|4\n|inactive|Time left: 300 sec this turn | 300 sec total\n|\n|t:|1783545707\n|move|p1a: Mimikyu|Swords Dance|p1a: Mimikyu\n|-boost|p1a: Mimikyu|atk|2\n|move|p2a: Gumshoos|Double-Edge|p1a: Mimikyu\n|-immune|p1a: Mimikyu\n|\n|upkeep\n|turn|5\n|inactive|Time left: 300 sec this turn | 300 sec total\n|\n|t:|1783545707\n|switch|p2a: Scovillain|Scovillain, L91, F|69/100\n|move|p1a: Mimikyu|Play Rough|p2a: Scovillain\n|-resisted|p2a: Scovillain\n|-damage|p2a: Scovillain|22/100\n|-damage|p1a: Mimikyu|195/216|[from] item: Life Orb\n|\n|upkeep\n|turn|6\n|inactive|Time left: 300 sec this turn | 300 sec total\n|\n|t:|1783545708\n|move|p2a: Scovillain|Energy Ball|p1a: Mimikyu\n|-activate|p1a: Mimikyu|ability: Disguise\n|-damage|p1a: Mimikyu|195/216\n|detailschange|p1a: Mimikyu|Mimikyu-Busted, L79, F\n|-damage|p1a: Mimikyu|168/216|[from] pokemon: Mimikyu-Busted\n|move|p1a: Mimikyu|Drain Punch|p2a: Scovillain\n|-damage|p2a: Scovillain|0 fnt\n|-heal|p1a: Mimikyu|196/216|[from] drain|[of] p2a: Scovillain\n|faint|p2a: Scovillain\n|-damage|p1a: Mimikyu|175/216|[from] item: Life Orb\n|\n|upkeep\n|\n|t:|1783545709\n|switch|p2a: Zamazenta|Zamazenta, L71|100/100\n|-ability|p2a: Zamazenta|Dauntless Shield|boost\n|-boost|p2a: Zamazenta|def|1\n|turn|7\n|inactive|Time left: 300 sec this turn | 300 sec total\n|\n|t:|1783545710\n|move|p2a: Zamazenta|Iron Head|p1a: Mimikyu\n|-supereffective|p1a: Mimikyu\n|-damage|p1a: Mimikyu|21/216\n|cant|p1a: Mimikyu|flinch\n|\n|upkeep\n|turn|8\n|inactive|Time left: 300 sec this turn | 300 sec total\n|\n|t:|1783545711\n|move|p2a: Zamazenta|Iron Head|p1a: Mimikyu\n|-supereffective|p1a: Mimikyu\n|-damage|p1a: Mimikyu|0 fnt\n|faint|p1a: Mimikyu\n|\n|upkeep\n|inactive|Time left: 300 sec this turn | 300 sec total | 5 sec grace\n|\n|t:|1783545712\n|switch|p1a: Mesprit|Mesprit, L85|275/275\n|turn|9\n|inactive|Time left: 300 sec this turn | 300 sec total\n|\n|t:|1783545713\n|move|p1a: Mesprit|Psychic|p2a: Zamazenta\n|-supereffective|p2a: Zamazenta\n|-damage|p2a: Zamazenta|13/100\n|-unboost|p2a: Zamazenta|spd|1\n|move|p2a: Zamazenta|Iron Head|p1a: Mesprit\n|-damage|p1a: Mesprit|209/275\n|\n|upkeep\n|turn|10\n|inactive|Time left: 300 sec this turn | 300 sec total\n|\n|t:|1783545714\n|move|p1a: Mesprit|Psychic|p2a: Zamazenta\n|-supereffective|p2a: Zamazenta\n|-damage|p2a: Zamazenta|0 fnt\n|faint|p2a: Zamazenta\n|\n|upkeep\n|\n|t:|1783545715\n|switch|p2a: Gumshoos|Gumshoos, L95, F|74/100\n|turn|11\n|inactive|Time left: 300 sec this turn | 300 sec total\n|\n|t:|1783545716\n|move|p1a: Mesprit|Psychic|p2a: Gumshoos\n|-damage|p2a: Gumshoos|34/100\n|-unboost|p2a: Gumshoos|spd|1\n|move|p2a: Gumshoos|Knock Off|p1a: Mesprit\n|-supereffective|p1a: Mesprit\n|-damage|p1a: Mesprit|0 fnt\n|-enditem|p1a: Mesprit|Choice Scarf|[from] move: Knock Off|[of] p2a: Gumshoos\n|faint|p1a: Mesprit\n|\n|upkeep\n|inactive|Time left: 300 sec this turn | 300 sec total | 5 sec grace\n|\n|t:|1783545717\n|switch|p1a: Dudunsparce|Dudunsparce-Three-Segment, L83, F|343/343\n|turn|12\n|inactive|Time left: 300 sec this turn | 300 sec total\n|\n|t:|1783545718\n|move|p2a: Gumshoos|Knock Off|p1a: Dudunsparce\n|-damage|p1a: Dudunsparce|196/343\n|-ability|p1a: Dudunsparce|Rattled|boost\n|-boost|p1a: Dudunsparce|spe|1\n|-enditem|p1a: Dudunsparce|Leftovers|[from] move: Knock Off|[of] p2a: Gumshoos\n|move|p1a: Dudunsparce|Boomburst|p2a: Gumshoos\n|-damage|p2a: Gumshoos|0 fnt\n|faint|p2a: Gumshoos\n|\n|upkeep\n|\n|t:|1783545719\n|switch|p2a: Minun|Minun, L95, M|100/100\n|turn|13\n|inactive|Time left: 300 sec this turn | 300 sec total\n|\n|t:|1783545720\n|move|p2a: Minun|Nasty Plot|p2a: Minun\n|-boost|p2a: Minun|spa|2\n|move|p1a: Dudunsparce|Roost|p1a: Dudunsparce\n|-heal|p1a: Dudunsparce|343/343\n|-singleturn|p1a: Dudunsparce|move: Roost\n|\n|upkeep\n|turn|14\n|inactive|Time left: 300 sec this turn | 300 sec total\n|\n|t:|1783545721\n|switch|p1a: Chansey|Chansey, L85, F|494/564\n|-terastallize|p2a: Minun|Electric\n|move|p2a: Minun|Thunderbolt|p1a: Chansey\n|-damage|p1a: Chansey|286/564\n|-damage|p2a: Minun|91/100|[from] item: Life Orb\n|\n|upkeep\n|turn|15\n|inactive|Time left: 300 sec this turn | 300 sec total\n|\n|t:|1783545722\n|move|p2a: Minun|Nasty Plot|p2a: Minun\n|-boost|p2a: Minun|spa|2\n|move|p1a: Chansey|Soft-Boiled|p1a: Chansey\n|-heal|p1a: Chansey|564/564\n|\n|upkeep\n|turn|16\n|inactive|Time left: 300 sec this turn | 300 sec total\n|\n|t:|1783545723\n|move|p2a: Minun|Thunderbolt|p1a: Chansey\n|-damage|p1a: Chansey|247/564\n|-status|p1a: Chansey|par\n|-damage|p2a: Minun|81/100|[from] item: Life Orb\n|move|p1a: Chansey|Soft-Boiled|p1a: Chansey\n|-heal|p1a: Chansey|529/564 par\n|\n|upkeep\n|turn|17\n|inactive|Time left: 300 sec this turn | 300 sec total\n|\n|t:|1783545724\n|move|p2a: Minun|Thunderbolt|p1a: Chansey\n|-damage|p1a: Chansey|230/564 par\n|-damage|p2a: Minun|71/100|[from] item: Life Orb\n|move|p1a: Chansey|Soft-Boiled|p1a: Chansey\n|-heal|p1a: Chansey|512/564 par\n|\n|upkeep\n|turn|18\n|inactive|Time left: 300 sec this turn | 300 sec total\n|\n|t:|1783545725\n|move|p2a: Minun|Thunderbolt|p1a: Chansey\n|-damage|p1a: Chansey|213/564 par\n|-damage|p2a: Minun|62/100|[from] item: Life Orb\n|move|p1a: Chansey|Seismic Toss|p2a: Minun\n|-damage|p2a: Minun|30/100\n|\n|upkeep\n|turn|19\n|inactive|Time left: 300 sec this turn | 300 sec total\n|\n|t:|1783545726\n|move|p2a: Minun|Thunderbolt|p1a: Chansey\n|-damage|p1a: Chansey|0 fnt\n|faint|p1a: Chansey\n|-damage|p2a: Minun|20/100|[from] item: Life Orb\n|\n|upkeep\n|inactive|Time left: 300 sec this turn | 300 sec total | 5 sec grace\n|\n|t:|1783545727\n|switch|p1a: Comfey|Comfey, L85, F|225/225\n|turn|20\n|inactive|Time left: 300 sec this turn | 300 sec total\n|\n|t:|1783545727\n|-terastallize|p1a: Comfey|Ground\n|move|p2a: Minun|Thunderbolt|p1a: Comfey\n|-immune|p1a: Comfey\n|move|p1a: Comfey|Calm Mind|p1a: Comfey\n|-boost|p1a: Comfey|spa|1\n|-boost|p1a: Comfey|spd|1\n|\n|upkeep\n|turn|21\n|inactive|Time left: 300 sec this turn | 300 sec total\n|\n|t:|1783545728\n|switch|p2a: Cryogonal|Cryogonal, L89|100/100\n|move|p1a: Comfey|Giga Drain|p2a: Cryogonal\n|-damage|p2a: Cryogonal|83/100\n|\n|upkeep\n|turn|22\n|inactive|Time left: 300 sec this turn | 300 sec total\n|\n|t:|1783545729\n|move|p2a: Cryogonal|Freeze-Dry|p1a: Comfey\n|-supereffective|p1a: Comfey\n|-damage|p1a: Comfey|135/225\n|move|p1a: Comfey|Calm Mind|p1a: Comfey\n|-boost|p1a: Comfey|spa|1\n|-boost|p1a: Comfey|spd|1\n|\n|-heal|p1a: Comfey|149/225|[from] item: Leftovers\n|upkeep\n|turn|23\n|inactive|Time left: 300 sec this turn | 300 sec total\n|\n|t:|1783545730\n|move|p2a: Cryogonal|Haze|p2a: Cryogonal\n|-clearallboost\n|move|p1a: Comfey|Calm Mind|p1a: Comfey\n|-boost|p1a: Comfey|spa|1\n|-boost|p1a: Comfey|spd|1\n|\n|-heal|p1a: Comfey|163/225|[from] item: Leftovers\n|upkeep\n|turn|24\n|inactive|Time left: 300 sec this turn | 300 sec total\n|\n|t:|1783545731\n|move|p2a: Cryogonal|Freeze-Dry|p1a: Comfey\n|-supereffective|p1a: Comfey\n|-damage|p1a: Comfey|67/225\n|move|p1a: Comfey|Calm Mind|p1a: Comfey\n|-boost|p1a: Comfey|spa|1\n|-boost|p1a: Comfey|spd|1\n|\n|-heal|p1a: Comfey|81/225|[from] item: Leftovers\n|upkeep\n|turn|25\n|inactive|Time left: 300 sec this turn | 300 sec total\n|\n|t:|1783545732\n|move|p1a: Comfey|Draining Kiss|p2a: Cryogonal\n|-damage|p2a: Cryogonal|61/100\n|-heal|p1a: Comfey|128/225|[from] drain|[of] p2a: Cryogonal\n|move|p2a: Cryogonal|Haze|p2a: Cryogonal\n|-clearallboost\n|\n|-heal|p1a: Comfey|142/225|[from] item: Leftovers\n|upkeep\n|turn|26\n|inactive|Time left: 300 sec this turn | 300 sec total\n|\n|t:|1783545734\n|switch|p1a: Dudunsparce|Dudunsparce-Three-Segment, L83, F|343/343\n|move|p2a: Cryogonal|Freeze-Dry|p1a: Dudunsparce\n|-damage|p1a: Dudunsparce|255/343\n|\n|upkeep\n|turn|27\n|inactive|Time left: 300 sec this turn | 300 sec total\n|\n|t:|1783545735\n|move|p2a: Cryogonal|Recover|p2a: Cryogonal\n|-heal|p2a: Cryogonal|100/100\n|move|p1a: Dudunsparce|Calm Mind|p1a: Dudunsparce\n|-boost|p1a: Dudunsparce|spa|1\n|-boost|p1a: Dudunsparce|spd|1\n|\n|upkeep\n|turn|28\n|inactive|Time left: 300 sec this turn | 300 sec total\n|\n|t:|1783545736\n|move|p2a: Cryogonal|Haze|p2a: Cryogonal\n|-clearallboost\n|move|p1a: Dudunsparce|Calm Mind|p1a: Dudunsparce\n|-boost|p1a: Dudunsparce|spa|1\n|-boost|p1a: Dudunsparce|spd|1\n|\n|upkeep\n|turn|29\n|inactive|Time left: 300 sec this turn | 300 sec total\n|\n|t:|1783545737\n|move|p2a: Cryogonal|Haze|p2a: Cryogonal\n|-clearallboost\n|move|p1a: Dudunsparce|Boomburst|p2a: Cryogonal\n|-damage|p2a: Cryogonal|70/100\n|\n|upkeep\n|turn|30\n|inactive|Time left: 300 sec this turn | 300 sec total\n|\n|t:|1783545738\n|move|p2a: Cryogonal|Freeze-Dry|p1a: Dudunsparce\n|-damage|p1a: Dudunsparce|168/343\n|-status|p1a: Dudunsparce|frz\n|-curestatus|p1a: Dudunsparce|frz|[msg]\n|move|p1a: Dudunsparce|Calm Mind|p1a: Dudunsparce\n|-boost|p1a: Dudunsparce|spa|1\n|-boost|p1a: Dudunsparce|spd|1\n|\n|upkeep\n|turn|31\n|inactive|Time left: 300 sec this turn | 300 sec total\n|\n|t:|1783545739\n|move|p2a: Cryogonal|Haze|p2a: Cryogonal\n|-clearallboost\n|move|p1a: Dudunsparce|Roost|p1a: Dudunsparce\n|-heal|p1a: Dudunsparce|340/343\n|-singleturn|p1a: Dudunsparce|move: Roost\n|\n|upkeep\n|turn|32\n|inactive|Time left: 300 sec this turn | 300 sec total\n|\n|t:|1783545739\n|move|p2a: Cryogonal|Recover|p2a: Cryogonal\n|-heal|p2a: Cryogonal|100/100\n|move|p1a: Dudunsparce|Calm Mind|p1a: Dudunsparce\n|-boost|p1a: Dudunsparce|spa|1\n|-boost|p1a: Dudunsparce|spd|1\n|\n|upkeep\n|turn|33\n|inactive|Time left: 300 sec this turn | 300 sec total\n|\n|t:|1783545740\n|move|p2a: Cryogonal|Haze|p2a: Cryogonal\n|-clearallboost\n|move|p1a: Dudunsparce|Boomburst|p2a: Cryogonal\n|-damage|p2a: Cryogonal|67/100\n|\n|upkeep\n|turn|34\n|inactive|Time left: 300 sec this turn | 300 sec total\n|\n|t:|1783545741\n|move|p2a: Cryogonal|Freeze-Dry|p1a: Dudunsparce\n|-damage|p1a: Dudunsparce|240/343\n|move|p1a: Dudunsparce|Calm Mind|p1a: Dudunsparce\n|-boost|p1a: Dudunsparce|spa|1\n|-boost|p1a: Dudunsparce|spd|1\n|\n|upkeep\n|turn|35\n|inactive|Time left: 300 sec this turn | 300 sec total\n|\n|t:|1783545742\n|move|p2a: Cryogonal|Haze|p2a: Cryogonal\n|-clearallboost\n|move|p1a: Dudunsparce|Boomburst|p2a: Cryogonal\n|-damage|p2a: Cryogonal|33/100\n|\n|upkeep\n|turn|36\n|inactive|Time left: 300 sec this turn | 300 sec total\n|\n|t:|1783545744\n|move|p2a: Cryogonal|Recover|p2a: Cryogonal\n|-heal|p2a: Cryogonal|83/100\n|move|p1a: Dudunsparce|Calm Mind|p1a: Dudunsparce\n|-boost|p1a: Dudunsparce|spa|1\n|-boost|p1a: Dudunsparce|spd|1\n|\n|upkeep\n|turn|37\n|inactive|Time left: 300 sec this turn | 300 sec total\n|\n|t:|1783545745\n|move|p2a: Cryogonal|Haze|p2a: Cryogonal\n|-clearallboost\n|move|p1a: Dudunsparce|Boomburst|p2a: Cryogonal\n|-crit|p2a: Cryogonal\n|-damage|p2a: Cryogonal|36/100\n|\n|upkeep\n|turn|38\n|inactive|Time left: 300 sec this turn | 300 sec total\n|\n|t:|1783545746\n|move|p2a: Cryogonal|Recover|p2a: Cryogonal\n|-heal|p2a: Cryogonal|86/100\n|move|p1a: Dudunsparce|Calm Mind|p1a: Dudunsparce\n|-boost|p1a: Dudunsparce|spa|1\n|-boost|p1a: Dudunsparce|spd|1\n|\n|upkeep\n|turn|39\n|inactive|Time left: 300 sec this turn | 300 sec total\n|\n|t:|1783545747\n|move|p2a: Cryogonal|Haze|p2a: Cryogonal\n|-clearallboost\n|move|p1a: Dudunsparce|Boomburst|p2a: Cryogonal\n|-damage|p2a: Cryogonal|57/100\n|\n|upkeep\n|turn|40\n|inactive|Time left: 300 sec this turn | 300 sec total\n|\n|t:|1783545748\n|move|p2a: Cryogonal|Recover|p2a: Cryogonal\n|-heal|p2a: Cryogonal|100/100\n|move|p1a: Dudunsparce|Boomburst|p2a: Cryogonal\n|-damage|p2a: Cryogonal|68/100\n|\n|upkeep\n|turn|41\n|inactive|Time left: 300 sec this turn | 300 sec total\n|\n|t:|1783545749\n|move|p2a: Cryogonal|Recover|p2a: Cryogonal\n|-heal|p2a: Cryogonal|100/100\n|move|p1a: Dudunsparce|Calm Mind|p1a: Dudunsparce\n|-boost|p1a: Dudunsparce|spa|1\n|-boost|p1a: Dudunsparce|spd|1\n|\n|upkeep\n|turn|42\n|inactive|Time left: 300 sec this turn | 300 sec total\n|\n|t:|1783545750\n|move|p2a: Cryogonal|Haze|p2a: Cryogonal\n|-clearallboost\n|move|p1a: Dudunsparce|Boomburst|p2a: Cryogonal\n|-damage|p2a: Cryogonal|72/100\n|\n|upkeep\n|turn|43\n|inactive|Time left: 300 sec this turn | 300 sec total\n|\n|t:|1783545751\n|move|p2a: Cryogonal|Freeze-Dry|p1a: Dudunsparce\n|-damage|p1a: Dudunsparce|152/343\n|move|p1a: Dudunsparce|Calm Mind|p1a: Dudunsparce\n|-boost|p1a: Dudunsparce|spa|1\n|-boost|p1a: Dudunsparce|spd|1\n|\n|upkeep\n|turn|44\n|inactive|Time left: 300 sec this turn | 300 sec total\n|\n|t:|1783545752\n|move|p2a: Cryogonal|Haze|p2a: Cryogonal\n|-clearallboost\n|move|p1a: Dudunsparce|Roost|p1a: Dudunsparce\n|-heal|p1a: Dudunsparce|324/343\n|-singleturn|p1a: Dudunsparce|move: Roost\n|\n|upkeep\n|turn|45\n|inactive|Time left: 300 sec this turn | 300 sec total\n|\n|t:|1783545754\n|move|p2a: Cryogonal|Recover|p2a: Cryogonal\n|-heal|p2a: Cryogonal|100/100\n|move|p1a: Dudunsparce|Calm Mind|p1a: Dudunsparce\n|-boost|p1a: Dudunsparce|spa|1\n|-boost|p1a: Dudunsparce|spd|1\n|\n|upkeep\n|turn|46\n|inactive|Time left: 300 sec this turn | 300 sec total\n|\n|t:|1783545755\n|move|p2a: Cryogonal|Haze|p2a: Cryogonal\n|-clearallboost\n|move|p1a: Dudunsparce|Boomburst|p2a: Cryogonal\n|-damage|p2a: Cryogonal|70/100\n|\n|upkeep\n|turn|47\n|inactive|Time left: 300 sec this turn | 300 sec total\n|\n|t:|1783545756\n|move|p2a: Cryogonal|Recover|p2a: Cryogonal\n|-heal|p2a: Cryogonal|100/100\n|move|p1a: Dudunsparce|Calm Mind|p1a: Dudunsparce\n|-boost|p1a: Dudunsparce|spa|1\n|-boost|p1a: Dudunsparce|spd|1\n|\n|upkeep\n|turn|48\n|inactive|Time left: 300 sec this turn | 300 sec total\n|\n|t:|1783545757\n|move|p2a: Cryogonal|Haze|p2a: Cryogonal\n|-clearallboost\n|move|p1a: Dudunsparce|Boomburst|p2a: Cryogonal\n|-damage|p2a: Cryogonal|70/100\n|\n|upkeep\n|turn|49\n|inactive|Time left: 300 sec this turn | 300 sec total\n|\n|t:|1783545758\n|move|p2a: Cryogonal|Freeze-Dry|p1a: Dudunsparce\n|-damage|p1a: Dudunsparce|228/343\n|move|p1a: Dudunsparce|Calm Mind|p1a: Dudunsparce\n|-boost|p1a: Dudunsparce|spa|1\n|-boost|p1a: Dudunsparce|spd|1\n|\n|upkeep\n|turn|50\n|inactive|Time left: 300 sec this turn | 300 sec total\n|\n|t:|1783545759\n|move|p2a: Cryogonal|Haze|p2a: Cryogonal\n|-clearallboost\n|move|p1a: Dudunsparce|Boomburst|p2a: Cryogonal\n|-damage|p2a: Cryogonal|40/100\n|\n|upkeep\n|turn|51\n|inactive|Time left: 300 sec this turn | 300 sec total\n|\n|t:|1783545760\n|move|p2a: Cryogonal|Freeze-Dry|p1a: Dudunsparce\n|-damage|p1a: Dudunsparce|126/343\n|move|p1a: Dudunsparce|Roost|p1a: Dudunsparce\n|-heal|p1a: Dudunsparce|298/343\n|-singleturn|p1a: Dudunsparce|move: Roost\n|\n|upkeep\n|turn|52\n|inactive|Time left: 300 sec this turn | 300 sec total\n|\n|t:|1783545761\n|move|p2a: Cryogonal|Freeze-Dry|p1a: Dudunsparce\n|-damage|p1a: Dudunsparce|199/343\n|move|p1a: Dudunsparce|Calm Mind|p1a: Dudunsparce\n|-boost|p1a: Dudunsparce|spa|1\n|-boost|p1a: Dudunsparce|spd|1\n|\n|upkeep\n|turn|53\n|inactive|Time left: 300 sec this turn | 300 sec total\n|\n|t:|1783545763\n|move|p2a: Cryogonal|Haze|p2a: Cryogonal\n|-clearallboost\n|move|p1a: Dudunsparce|Boomburst|p2a: Cryogonal\n|-damage|p2a: Cryogonal|10/100\n|\n|upkeep\n|turn|54\n|inactive|Time left: 300 sec this turn | 300 sec total\n|\n|t:|1783545764\n|move|p2a: Cryogonal|Freeze-Dry|p1a: Dudunsparce\n|-damage|p1a: Dudunsparce|105/343\n|-status|p1a: Dudunsparce|frz\n|cant|p1a: Dudunsparce|frz\n|\n|upkeep\n|turn|55\n|inactive|Time left: 300 sec this turn | 300 sec total\n|\n|t:|1783545765\n|move|p2a: Cryogonal|Freeze-Dry|p1a: Dudunsparce\n|-damage|p1a: Dudunsparce|11/343 frz\n|cant|p1a: Dudunsparce|frz\n|\n|upkeep\n|turn|56\n|inactive|Time left: 300 sec this turn | 300 sec total\n|\n|t:|1783545766\n|move|p2a: Cryogonal|Freeze-Dry|p1a: Dudunsparce\n|-damage|p1a: Dudunsparce|0 fnt\n|faint|p1a: Dudunsparce\n|\n|upkeep\n|inactive|Time left: 300 sec this turn | 300 sec total | 5 sec grace\n|\n|t:|1783545767\n|switch|p1a: Comfey|Comfey, L85, F, tera:Ground|142/225\n|turn|57\n|inactive|Time left: 300 sec this turn | 300 sec total\n|\n|t:|1783545768\n|switch|p2a: Regice|Regice, L88|100/100\n|move|p1a: Comfey|Draining Kiss|p2a: Regice\n|-damage|p2a: Regice|93/100\n|-heal|p1a: Comfey|159/225|[from] drain|[of] p2a: Regice\n|\n|-heal|p1a: Comfey|173/225|[from] item: Leftovers\n|upkeep\n|turn|58\n|inactive|Time left: 300 sec this turn | 300 sec total\n|\n|t:|1783545769\n|switch|p1a: Mandibuzz|Mandibuzz, L85, F|326/326\n|move|p2a: Regice|Ice Beam|p1a: Mandibuzz\n|-supereffective|p1a: Mandibuzz\n|-damage|p1a: Mandibuzz|108/326\n|\n|upkeep\n|turn|59\n|inactive|Time left: 300 sec this turn | 300 sec total\n|\n|t:|1783545770\n|move|p1a: Mandibuzz|Roost|p1a: Mandibuzz\n|-heal|p1a: Mandibuzz|271/326\n|-singleturn|p1a: Mandibuzz|move: Roost\n|move|p2a: Regice|Ice Beam|p1a: Mandibuzz\n|-damage|p1a: Mandibuzz|175/326\n|\n|upkeep\n|turn|60\n|inactive|Time left: 300 sec this turn | 300 sec total\n|\n|t:|1783545771\n|move|p1a: Mandibuzz|Roost|p1a: Mandibuzz\n|-heal|p1a: Mandibuzz|326/326\n|-singleturn|p1a: Mandibuzz|move: Roost\n|move|p2a: Regice|Ice Beam|p1a: Mandibuzz\n|-damage|p1a: Mandibuzz|226/326\n|\n|upkeep\n|turn|61\n|inactive|Time left: 300 sec this turn | 300 sec total\n|\n|t:|1783545773\n|move|p1a: Mandibuzz|Toxic|p2a: Regice\n|-status|p2a: Regice|tox\n|move|p2a: Regice|Ice Beam|p1a: Mandibuzz\n|-supereffective|p1a: Mandibuzz\n|-damage|p1a: Mandibuzz|8/326\n|\n|-damage|p2a: Regice|87/100 tox|[from] psn\n|upkeep\n|turn|62\n|inactive|Time left: 300 sec this turn | 300 sec total\n|\n|t:|1783545774\n|move|p1a: Mandibuzz|Roost|p1a: Mandibuzz\n|-heal|p1a: Mandibuzz|171/326\n|-singleturn|p1a: Mandibuzz|move: Roost\n|move|p2a: Regice|Ice Beam|p1a: Mandibuzz\n|-damage|p1a: Mandibuzz|75/326\n|\n|-damage|p2a: Regice|75/100 tox|[from] psn\n|upkeep\n|turn|63\n|inactive|Time left: 300 sec this turn | 300 sec total\n|\n|t:|1783545775\n|move|p1a: Mandibuzz|Roost|p1a: Mandibuzz\n|-heal|p1a: Mandibuzz|238/326\n|-singleturn|p1a: Mandibuzz|move: Roost\n|move|p2a: Regice|Rest|p2a: Regice\n|-status|p2a: Regice|slp|[from] move: Rest\n|-heal|p2a: Regice|100/100 slp|[silent]\n|\n|upkeep\n|turn|64\n|inactive|Time left: 300 sec this turn | 300 sec total\n|\n|t:|1783545776\n|switch|p1a: Comfey|Comfey, L85, F, tera:Ground|173/225\n|cant|p2a: Regice|slp\n|move|p2a: Regice|Sleep Talk|p2a: Regice\n|move|p2a: Regice|Ice Beam|p1a: Comfey|[from] move: Sleep Talk\n|-supereffective|p1a: Comfey\n|-damage|p1a: Comfey|0 fnt\n|faint|p1a: Comfey\n|\n|upkeep\n|inactive|Time left: 300 sec this turn | 300 sec total | 5 sec grace\n|\n|t:|1783545777\n|switch|p1a: Mandibuzz|Mandibuzz, L85, F|238/326\n|turn|65\n|inactive|Time left: 300 sec this turn | 300 sec total\n|\n|t:|1783545778\n|switch|p2a: Minun|Minun, L95, M, tera:Electric|20/100\n|move|p1a: Mandibuzz|Foul Play|p2a: Minun\n|-damage|p2a: Minun|1/100\n|\n|upkeep\n|turn|66\n|inactive|Time left: 300 sec this turn | 300 sec total\n|\n|t:|1783545779\n|move|p2a: Minun|Thunderbolt|p1a: Mandibuzz\n|-supereffective|p1a: Mandibuzz\n|-damage|p1a: Mandibuzz|0 fnt\n|faint|p1a: Mandibuzz\n|-damage|p2a: Minun|0 fnt|[from] item: Life Orb\n|faint|p2a: Minun\n|\n|win|p0y512aec5", "uploadtime": 1783545779, "views": 0, "rating": 0, "private": 0, "password": null, "_winner": "p0y512aec5", "_our_name": "p0x512c486"}