{"id": "battle-gen9randombattle-238", "formatid": "gen9randombattle", "format": "[Gen 9] Random Battle", "players": ["p0x238e5f9", "p0y238afc5"], "log": "|init|battle\n|title|p0x238e5f9 vs. p0y238afc5\n|j|\u2606p0x238e5f9\n|j|\u2606p0y238afc5\n|t:|1783536017\n|gametype|singles\n|player|p1|p0x238e5f9|169|\n|player|p2|p0y238afc5|101|\n|gen|9\n|tier|[Gen 9] Random Battle\n|rule|Species Clause: Limit one of each Pok\u00e9mon\n|rule|HP Percentage Mod: HP is shown in percentages\n|rule|Sleep Clause Mod: Limit one foe put to sleep\n|rule|Illusion Level Mod: Illusion disguises the Pok\u00e9mon's true level\n|\n|t:|1783536017\n|teamsize|p1|6\n|teamsize|p2|6\n|start\n|switch|p1a: Seviper|Seviper, L93, M|100/100\n|switch|p2a: Manaphy|Manaphy, L78|284/284\n|turn|1\n|inactive|Battle timer is ON: inactive players will automatically lose when time's up. (requested by p0x238e5f9)\n|inactive|Time left: 300 sec this turn | 300 sec total | 60 sec grace\n|inactive|p0y238afc5 also wants the timer to be on.\n|\n|t:|1783536019\n|move|p2a: Manaphy|Tail Glow|p2a: Manaphy\n|-boost|p2a: Manaphy|spa|3\n|move|p1a: Seviper|Gunk Shot|p2a: Manaphy\n|-damage|p2a: Manaphy|77/284\n|-status|p2a: Manaphy|psn\n|-damage|p1a: Seviper|91/100|[from] item: Life Orb\n|\n|-heal|p2a: Manaphy|94/284 psn|[from] item: Leftovers\n|-damage|p2a: Manaphy|59/284 psn|[from] psn\n|upkeep\n|turn|2\n|inactive|Time left: 300 sec this turn | 300 sec total\n|\n|t:|1783536020\n|switch|p1a: Toxapex|Toxapex, L82, F|100/100\n|move|p2a: Manaphy|Hydro Pump|p1a: Toxapex\n|-resisted|p1a: Toxapex\n|-damage|p1a: Toxapex|56/100\n|\n|-heal|p2a: Manaphy|76/284 psn|[from] item: Leftovers\n|-damage|p2a: Manaphy|41/284 psn|[from] psn\n|upkeep\n|turn|3\n|inactive|Time left: 300 sec this turn | 300 sec total\n|\n|t:|1783536021\n|move|p2a: Manaphy|Hydro Pump|p1a: Toxapex|[miss]\n|-miss|p2a: Manaphy|p1a: Toxapex\n|move|p1a: Toxapex|Recover|p1a: Toxapex\n|-heal|p1a: Toxapex|100/100\n|\n|-heal|p2a: Manaphy|58/284 psn|[from] item: Leftovers\n|-damage|p2a: Manaphy|23/284 psn|[from] psn\n|upkeep\n|turn|4\n|inactive|Time left: 300 sec this turn | 300 sec total\n|\n|t:|1783536022\n|switch|p2a: Leavanny|Leavanny, L86, F|269/269\n|move|p1a: Toxapex|Toxic|p2a: Leavanny\n|-status|p2a: Leavanny|tox\n|\n|-damage|p2a: Leavanny|253/269 tox|[from] psn\n|upkeep\n|turn|5\n|inactive|Time left: 300 sec this turn | 300 sec total\n|\n|t:|1783536024\n|move|p2a: Leavanny|Sticky Web|p1a: Toxapex\n|-sidestart|p1: p0x238e5f9|move: Sticky Web\n|move|p1a: Toxapex|Liquidation|p2a: Leavanny\n|-resisted|p2a: Leavanny\n|-crit|p2a: Leavanny\n|-damage|p2a: Leavanny|207/269 tox\n|\n|-damage|p2a: Leavanny|175/269 tox|[from] psn\n|upkeep\n|turn|6\n|inactive|Time left: 300 sec this turn | 300 sec total\n|\n|t:|1783536025\n|switch|p2a: Quagsire|Quagsire, L84, F|297/297\n|move|p1a: Toxapex|Toxic|p2a: Quagsire\n|-status|p2a: Quagsire|tox\n|\n|-damage|p2a: Quagsire|279/297 tox|[from] psn\n|upkeep\n|turn|7\n|inactive|Time left: 300 sec this turn | 300 sec total\n|\n|t:|1783536026\n|move|p2a: Quagsire|Earthquake|p1a: Toxapex\n|-supereffective|p1a: Toxapex\n|-damage|p1a: Toxapex|41/100\n|move|p1a: Toxapex|Liquidation|p2a: Quagsire\n|-damage|p2a: Quagsire|209/297 tox\n|\n|-heal|p2a: Quagsire|227/297 tox|[from] item: Leftovers\n|-damage|p2a: Quagsire|191/297 tox|[from] psn\n|upkeep\n|turn|8\n|inactive|Time left: 300 sec this turn | 300 sec total\n|\n|t:|1783536027\n|switch|p1a: Cresselia|Cresselia, L80, F|100/100\n|move|p2a: Quagsire|Earthquake|p1a: Cresselia\n|-immune|p1a: Cresselia|[from] ability: Levitate\n|\n|-heal|p2a: Quagsire|209/297 tox|[from] item: Leftovers\n|-damage|p2a: Quagsire|155/297 tox|[from] psn\n|upkeep\n|turn|9\n|inactive|Time left: 300 sec this turn | 300 sec total\n|\n|t:|1783536028\n|move|p1a: Cresselia|Calm Mind|p1a: Cresselia\n|-boost|p1a: Cresselia|spa|1\n|-boost|p1a: Cresselia|spd|1\n|move|p2a: Quagsire|Recover|p2a: Quagsire\n|-heal|p2a: Quagsire|297/297 tox\n|\n|-damage|p2a: Quagsire|225/297 tox|[from] psn\n|upkeep\n|turn|10\n|inactive|Time left: 300 sec this turn | 300 sec total\n|\n|t:|1783536029\n|switch|p2a: Necrozma|Necrozma, L80|286/286\n|move|p1a: Cresselia|Calm Mind|p1a: Cresselia\n|-boost|p1a: Cresselia|spa|1\n|-boost|p1a: Cresselia|spd|1\n|\n|upkeep\n|turn|11\n|inactive|Time left: 300 sec this turn | 300 sec total\n|\n|t:|1783536030\n|move|p1a: Cresselia|Moonblast|p2a: Necrozma\n|-damage|p2a: Necrozma|171/286\n|move|p2a: Necrozma|Calm Mind|p2a: Necrozma\n|-boost|p2a: Necrozma|spa|1\n|-boost|p2a: Necrozma|spd|1\n|\n|-heal|p2a: Necrozma|188/286|[from] item: Leftovers\n|upkeep\n|turn|12\n|inactive|Time left: 300 sec this turn | 300 sec total\n|\n|t:|1783536031\n|move|p1a: Cresselia|Calm Mind|p1a: Cresselia\n|-boost|p1a: Cresselia|spa|1\n|-boost|p1a: Cresselia|spd|1\n|move|p2a: Necrozma|Calm Mind|p2a: Necrozma\n|-boost|p2a: Necrozma|spa|1\n|-boost|p2a: Necrozma|spd|1\n|\n|-heal|p2a: Necrozma|205/286|[from] item: Leftovers\n|upkeep\n|turn|13\n|inactive|Time left: 300 sec this turn | 300 sec total\n|\n|t:|1783536032\n|move|p1a: Cresselia|Calm Mind|p1a: Cresselia\n|-boost|p1a: Cresselia|spa|1\n|-boost|p1a: Cresselia|spd|1\n|move|p2a: Necrozma|Calm Mind|p2a: Necrozma\n|-boost|p2a: Necrozma|spa|1\n|-boost|p2a: Necrozma|spd|1\n|\n|-heal|p2a: Necrozma|222/286|[from] item: Leftovers\n|upkeep\n|turn|14\n|inactive|Time left: 300 sec this turn | 300 sec total\n|\n|t:|1783536033\n|move|p1a: Cresselia|Psyshock|p2a: Necrozma\n|-resisted|p2a: Necrozma\n|-damage|p2a: Necrozma|125/286\n|move|p2a: Necrozma|Calm Mind|p2a: Necrozma\n|-boost|p2a: Necrozma|spa|1\n|-boost|p2a: Necrozma|spd|1\n|\n|-heal|p2a: Necrozma|142/286|[from] item: Leftovers\n|upkeep\n|turn|15\n|inactive|Time left: 300 sec this turn | 300 sec total\n|\n|t:|1783536034\n|move|p1a: Cresselia|Psyshock|p2a: Necrozma\n|-resisted|p2a: Necrozma\n|-damage|p2a: Necrozma|55/286\n|move|p2a: Necrozma|Moonlight|p2a: Necrozma\n|-heal|p2a: Necrozma|198/286\n|\n|-heal|p2a: Necrozma|215/286|[from] item: Leftovers\n|upkeep\n|turn|16\n|inactive|Time left: 300 sec this turn | 300 sec total\n|\n|t:|1783536035\n|move|p1a: Cresselia|Moonblast|p2a: Necrozma\n|-damage|p2a: Necrozma|159/286\n|-unboost|p2a: Necrozma|spa|1\n|move|p2a: Necrozma|Moonlight|p2a: Necrozma\n|-heal|p2a: Necrozma|286/286\n|\n|upkeep\n|turn|17\n|inactive|Time left: 300 sec this turn | 300 sec total\n|\n|t:|1783536036\n|move|p1a: Cresselia|Moonblast|p2a: Necrozma\n|-damage|p2a: Necrozma|230/286\n|move|p2a: Necrozma|Calm Mind|p2a: Necrozma\n|-boost|p2a: Necrozma|spa|1\n|-boost|p2a: Necrozma|spd|1\n|\n|-heal|p2a: Necrozma|247/286|[from] item: Leftovers\n|upkeep\n|turn|18\n|inactive|Time left: 300 sec this turn | 300 sec total\n|\n|t:|1783536037\n|move|p1a: Cresselia|Moonblast|p2a: Necrozma\n|-damage|p2a: Necrozma|204/286\n|move|p2a: Necrozma|Moonlight|p2a: Necrozma\n|-heal|p2a: Necrozma|286/286\n|\n|upkeep\n|turn|19\n|inactive|Time left: 300 sec this turn | 300 sec total\n|\n|t:|1783536038\n|move|p1a: Cresselia|Calm Mind|p1a: Cresselia\n|-boost|p1a: Cresselia|spa|1\n|-boost|p1a: Cresselia|spd|1\n|move|p2a: Necrozma|Photon Geyser|p1a: Cresselia\n|-resisted|p1a: Cresselia\n|-damage|p1a: Cresselia|88/100\n|\n|-heal|p1a: Cresselia|95/100|[from] item: Leftovers\n|upkeep\n|turn|20\n|inactive|Time left: 300 sec this turn | 300 sec total\n|\n|t:|1783536039\n|move|p1a: Cresselia|Psyshock|p2a: Necrozma\n|-resisted|p2a: Necrozma\n|-damage|p2a: Necrozma|189/286\n|move|p2a: Necrozma|Heat Wave|p1a: Cresselia\n|-crit|p1a: Cresselia\n|-damage|p1a: Cresselia|8/100\n|\n|-heal|p1a: Cresselia|14/100|[from] item: Leftovers\n|-heal|p2a: Necrozma|206/286|[from] item: Leftovers\n|upkeep\n|turn|21\n|inactive|Time left: 300 sec this turn | 300 sec total\n|\n|t:|1783536040\n|move|p1a: Cresselia|Moonlight|p1a: Cresselia\n|-heal|p1a: Cresselia|64/100\n|move|p2a: Necrozma|Heat Wave|p1a: Cresselia\n|-damage|p1a: Cresselia|46/100\n|\n|-heal|p1a: Cresselia|52/100|[from] item: Leftovers\n|-heal|p2a: Necrozma|223/286|[from] item: Leftovers\n|upkeep\n|turn|22\n|inactive|Time left: 300 sec this turn | 300 sec total\n|\n|t:|1783536042\n|move|p1a: Cresselia|Psyshock|p2a: Necrozma\n|-resisted|p2a: Necrozma\n|-damage|p2a: Necrozma|112/286\n|move|p2a: Necrozma|Calm Mind|p2a: Necrozma\n|-boost|p2a: Necrozma|spa|1\n|-boost|p2a: Necrozma|spd|1\n|\n|-heal|p1a: Cresselia|58/100|[from] item: Leftovers\n|-heal|p2a: Necrozma|129/286|[from] item: Leftovers\n|upkeep\n|turn|23\n|inactive|Time left: 300 sec this turn | 300 sec total\n|\n|t:|1783536043\n|move|p1a: Cresselia|Psyshock|p2a: Necrozma\n|-resisted|p2a: Necrozma\n|-damage|p2a: Necrozma|21/286\n|move|p2a: Necrozma|Moonlight|p2a: Necrozma\n|-heal|p2a: Necrozma|164/286\n|\n|-heal|p1a: Cresselia|65/100|[from] item: Leftovers\n|-heal|p2a: Necrozma|181/286|[from] item: Leftovers\n|upkeep\n|turn|24\n|inactive|Time left: 300 sec this turn | 300 sec total\n|\n|t:|1783536044\n|move|p1a: Cresselia|Psyshock|p2a: Necrozma\n|-resisted|p2a: Necrozma\n|-damage|p2a: Necrozma|81/286\n|move|p2a: Necrozma|Moonlight|p2a: Necrozma\n|-heal|p2a: Necrozma|224/286\n|\n|-heal|p1a: Cresselia|71/100|[from] item: Leftovers\n|-heal|p2a: Necrozma|241/286|[from] item: Leftovers\n|upkeep\n|turn|25\n|inactive|Time left: 300 sec this turn | 300 sec total\n|\n|t:|1783536045\n|move|p1a: Cresselia|Psyshock|p2a: Necrozma\n|-resisted|p2a: Necrozma\n|-damage|p2a: Necrozma|137/286\n|move|p2a: Necrozma|Photon Geyser|p1a: Cresselia\n|-resisted|p1a: Cresselia\n|-damage|p1a: Cresselia|57/100\n|\n|-heal|p1a: Cresselia|63/100|[from] item: Leftovers\n|-heal|p2a: Necrozma|154/286|[from] item: Leftovers\n|upkeep\n|turn|26\n|inactive|Time left: 300 sec this turn | 300 sec total\n|\n|t:|1783536046\n|move|p1a: Cresselia|Psyshock|p2a: Necrozma\n|-resisted|p2a: Necrozma\n|-damage|p2a: Necrozma|47/286\n|move|p2a: Necrozma|Moonlight|p2a: Necrozma\n|-heal|p2a: Necrozma|190/286\n|\n|-heal|p1a: Cresselia|69/100|[from] item: Leftovers\n|-heal|p2a: Necrozma|207/286|[from] item: Leftovers\n|upkeep\n|turn|27\n|inactive|Time left: 300 sec this turn | 300 sec total\n|\n|t:|1783536047\n|move|p1a: Cresselia|Psyshock|p2a: Necrozma\n|-resisted|p2a: Necrozma\n|-crit|p2a: Necrozma\n|-damage|p2a: Necrozma|53/286\n|move|p2a: Necrozma|Moonlight|p2a: Necrozma\n|-heal|p2a: Necrozma|196/286\n|\n|-heal|p1a: Cresselia|75/100|[from] item: Leftovers\n|-heal|p2a: Necrozma|213/286|[from] item: Leftovers\n|upkeep\n|turn|28\n|inactive|Time left: 300 sec this turn | 300 sec total\n|\n|t:|1783536048\n|move|p1a: Cresselia|Psyshock|p2a: Necrozma\n|-resisted|p2a: Necrozma\n|-damage|p2a: Necrozma|102/286\n|move|p2a: Necrozma|Moonlight|p2a: Necrozma\n|-heal|p2a: Necrozma|245/286\n|\n|-heal|p1a: Cresselia|81/100|[from] item: Leftovers\n|-heal|p2a: Necrozma|262/286|[from] item: Leftovers\n|upkeep\n|turn|29\n|inactive|Time left: 300 sec this turn | 300 sec total\n|\n|t:|1783536049\n|move|p1a: Cresselia|Psyshock|p2a: Necrozma\n|-resisted|p2a: Necrozma\n|-crit|p2a: Necrozma\n|-damage|p2a: Necrozma|103/286\n|move|p2a: Necrozma|Heat Wave|p1a: Cresselia\n|-damage|p1a: Cresselia|63/100\n|\n|-heal|p1a: Cresselia|70/100|[from] item: Leftovers\n|-heal|p2a: Necrozma|120/286|[from] item: Leftovers\n|upkeep\n|turn|30\n|inactive|Time left: 300 sec this turn | 300 sec total\n|\n|t:|1783536050\n|move|p1a: Cresselia|Psyshock|p2a: Necrozma\n|-resisted|p2a: Necrozma\n|-damage|p2a: Necrozma|16/286\n|move|p2a: Necrozma|Heat Wave|p1a: Cresselia\n|-damage|p1a: Cresselia|52/100\n|\n|-heal|p1a: Cresselia|58/100|[from] item: Leftovers\n|-heal|p2a: Necrozma|33/286|[from] item: Leftovers\n|upkeep\n|turn|31\n|inactive|Time left: 300 sec this turn | 300 sec total\n|\n|t:|1783536051\n|move|p1a: Cresselia|Psyshock|p2a: Necrozma\n|-resisted|p2a: Necrozma\n|-damage|p2a: Necrozma|0 fnt\n|faint|p2a: Necrozma\n|\n|-heal|p1a: Cresselia|64/100|[from] item: Leftovers\n|upkeep\n|inactive|Time left: 300 sec this turn | 300 sec total | 5 sec grace\n|\n|t:|1783536052\n|switch|p2a: Staraptor|Staraptor, L79, M|263/263\n|turn|32\n|inactive|Time left: 300 sec this turn | 300 sec total\n|\n|t:|1783536053\n|-terastallize|p2a: Staraptor|Flying\n|-terastallize|p1a: Cresselia|Steel\n|move|p2a: Staraptor|Brave Bird|p1a: Cresselia\n|-resisted|p1a: Cresselia\n|-damage|p1a: Cresselia|22/100\n|-damage|p2a: Staraptor|218/263|[from] Recoil\n|move|p1a: Cresselia|Moonblast|p2a: Staraptor\n|-damage|p2a: Staraptor|0 fnt\n|faint|p2a: Staraptor\n|\n|-heal|p1a: Cresselia|28/100|[from] item: Leftovers\n|upkeep\n|inactive|Time left: 300 sec this turn | 300 sec total | 5 sec grace\n|\n|t:|1783536054\n|switch|p2a: Iron Thorns|Iron Thorns, L83|302/302\n|turn|33\n|inactive|Time left: 300 sec this turn | 300 sec total\n|\n|t:|1783536055\n|move|p1a: Cresselia|Moonlight|p1a: Cresselia\n|-heal|p1a: Cresselia|78/100\n|move|p2a: Iron Thorns|Wild Charge|p1a: Cresselia\n|-damage|p1a: Cresselia|42/100\n|-damage|p2a: Iron Thorns|273/302|[from] Recoil\n|\n|-heal|p1a: Cresselia|48/100|[from] item: Leftovers\n|upkeep\n|turn|34\n|inactive|Time left: 300 sec this turn | 300 sec total\n|\n|t:|1783536056\n|-end|p2a: Iron Thorns|Quark Drive|[silent]\n|switch|p2a: Quagsire|Quagsire, L84, F|225/297 tox\n|move|p1a: Cresselia|Psyshock|p2a: Quagsire\n|-damage|p2a: Quagsire|159/297 tox\n|\n|-heal|p1a: Cresselia|54/100|[from] item: Leftovers\n|-heal|p2a: Quagsire|177/297 tox|[from] item: Leftovers\n|-damage|p2a: Quagsire|159/297 tox|[from] psn\n|upkeep\n|turn|35\n|inactive|Time left: 300 sec this turn | 300 sec total\n|\n|t:|1783536057\n|move|p1a: Cresselia|Psyshock|p2a: Quagsire\n|-crit|p2a: Quagsire\n|-damage|p2a: Quagsire|63/297 tox\n|move|p2a: Quagsire|Recover|p2a: Quagsire\n|-heal|p2a: Quagsire|212/297 tox\n|\n|-heal|p1a: Cresselia|60/100|[from] item: Leftovers\n|-heal|p2a: Quagsire|230/297 tox|[from] item: Leftovers\n|-damage|p2a: Quagsire|194/297 tox|[from] psn\n|upkeep\n|turn|36\n|inactive|Time left: 300 sec this turn | 300 sec total\n|\n|t:|1783536058\n|move|p1a: Cresselia|Moonblast|p2a: Quagsire\n|-damage|p2a: Quagsire|126/297 tox\n|-unboost|p2a: Quagsire|spa|1\n|move|p2a: Quagsire|Recover|p2a: Quagsire\n|-heal|p2a: Quagsire|275/297 tox\n|\n|-heal|p1a: Cresselia|66/100|[from] item: Leftovers\n|-heal|p2a: Quagsire|293/297 tox|[from] item: Leftovers\n|-damage|p2a: Quagsire|239/297 tox|[from] psn\n|upkeep\n|turn|37\n|inactive|Time left: 300 sec this turn | 300 sec total\n|\n|t:|1783536059\n|move|p1a: Cresselia|Moonblast|p2a: Quagsire\n|-damage|p2a: Quagsire|174/297 tox\n|move|p2a: Quagsire|Spikes|p1a: Cresselia\n|-sidestart|p1: p0x238e5f9|Spikes\n|\n|-heal|p1a: Cresselia|73/100|[from] item: Leftovers\n|-heal|p2a: Quagsire|192/297 tox|[from] item: Leftovers\n|-damage|p2a: Quagsire|120/297 tox|[from] psn\n|upkeep\n|turn|38\n|inactive|Time left: 300 sec this turn | 300 sec total\n|\n|t:|1783536060\n|move|p1a: Cresselia|Moonblast|p2a: Quagsire\n|-damage|p2a: Quagsire|59/297 tox\n|move|p2a: Quagsire|Recover|p2a: Quagsire\n|-heal|p2a: Quagsire|208/297 tox\n|\n|-heal|p1a: Cresselia|79/100|[from] item: Leftovers\n|-heal|p2a: Quagsire|226/297 tox|[from] item: Leftovers\n|-damage|p2a: Quagsire|136/297 tox|[from] psn\n|upkeep\n|turn|39\n|inactive|Time left: 300 sec this turn | 300 sec total\n|\n|t:|1783536061\n|move|p1a: Cresselia|Moonblast|p2a: Quagsire\n|-damage|p2a: Quagsire|67/297 tox\n|-unboost|p2a: Quagsire|spa|1\n|move|p2a: Quagsire|Recover|p2a: Quagsire\n|-heal|p2a: Quagsire|216/297 tox\n|\n|-heal|p1a: Cresselia|85/100|[from] item: Leftovers\n|-heal|p2a: Quagsire|234/297 tox|[from] item: Leftovers\n|-damage|p2a: Quagsire|126/297 tox|[from] psn\n|upkeep\n|turn|40\n|inactive|Time left: 300 sec this turn | 300 sec total\n|\n|t:|1783536062\n|move|p1a: Cresselia|Moonblast|p2a: Quagsire\n|-damage|p2a: Quagsire|66/297 tox\n|move|p2a: Quagsire|Recover|p2a: Quagsire\n|-heal|p2a: Quagsire|215/297 tox\n|\n|-heal|p1a: Cresselia|91/100|[from] item: Leftovers\n|-heal|p2a: Quagsire|233/297 tox|[from] item: Leftovers\n|-damage|p2a: Quagsire|107/297 tox|[from] psn\n|upkeep\n|turn|41\n|inactive|Time left: 300 sec this turn | 300 sec total\n|\n|t:|1783536063\n|switch|p2a: Manaphy|Manaphy, L78|23/284 psn\n|move|p1a: Cresselia|Moonblast|p2a: Manaphy\n|-damage|p2a: Manaphy|0 fnt\n|faint|p2a: Manaphy\n|\n|-heal|p1a: Cresselia|97/100|[from] item: Leftovers\n|upkeep\n|inactive|Time left: 300 sec this turn | 300 sec total | 5 sec grace\n|\n|t:|1783536064\n|switch|p2a: Quagsire|Quagsire, L84, F|107/297 tox\n|turn|42\n|inactive|Time left: 300 sec this turn | 300 sec total\n|\n|t:|1783536065\n|move|p1a: Cresselia|Moonblast|p2a: Quagsire\n|-damage|p2a: Quagsire|40/297 tox\n|move|p2a: Quagsire|Recover|p2a: Quagsire\n|-heal|p2a: Quagsire|189/297 tox\n|\n|-heal|p1a: Cresselia|100/100|[from] item: Leftovers\n|-heal|p2a: Quagsire|207/297 tox|[from] item: Leftovers\n|-damage|p2a: Quagsire|189/297 tox|[from] psn\n|upkeep\n|turn|43\n|inactive|Time left: 300 sec this turn | 300 sec total\n|\n|t:|1783536066\n|move|p1a: Cresselia|Moonblast|p2a: Quagsire\n|-damage|p2a: Quagsire|129/297 tox\n|-unboost|p2a: Quagsire|spa|1\n|move|p2a: Quagsire|Recover|p2a: Quagsire\n|-heal|p2a: Quagsire|278/297 tox\n|\n|-heal|p2a: Quagsire|296/297 tox|[from] item: Leftovers\n|-damage|p2a: Quagsire|260/297 tox|[from] psn\n|upkeep\n|turn|44\n|inactive|Time left: 300 sec this turn | 300 sec total\n|\n|t:|1783536067\n|move|p1a: Cresselia|Moonblast|p2a: Quagsire\n|-damage|p2a: Quagsire|192/297 tox\n|move|p2a: Quagsire|Spikes|p1a: Cresselia\n|-sidestart|p1: p0x238e5f9|Spikes\n|\n|-heal|p2a: Quagsire|210/297 tox|[from] item: Leftovers\n|-damage|p2a: Quagsire|156/297 tox|[from] psn\n|upkeep\n|turn|45\n|inactive|Time left: 300 sec this turn | 300 sec total\n|\n|t:|1783536068\n|move|p1a: Cresselia|Moonblast|p2a: Quagsire\n|-damage|p2a: Quagsire|93/297 tox\n|move|p2a: Quagsire|Spikes|p1a: Cresselia\n|-sidestart|p1: p0x238e5f9|Spikes\n|\n|-heal|p2a: Quagsire|111/297 tox|[from] item: Leftovers\n|-damage|p2a: Quagsire|39/297 tox|[from] psn\n|upkeep\n|turn|46\n|inactive|Time left: 300 sec this turn | 300 sec total\n|\n|t:|1783536069\n|move|p1a: Cresselia|Moonblast|p2a: Quagsire\n|-damage|p2a: Quagsire|0 fnt\n|faint|p2a: Quagsire\n|\n|upkeep\n|inactive|Time left: 300 sec this turn | 300 sec total | 5 sec grace\n|\n|t:|1783536070\n|switch|p2a: Leavanny|Leavanny, L86, F|175/269 tox\n|turn|47\n|inactive|Time left: 300 sec this turn | 300 sec total\n|\n|t:|1783536072\n|switch|p2a: Iron Thorns|Iron Thorns, L83|273/302\n|move|p1a: Cresselia|Moonblast|p2a: Iron Thorns\n|-damage|p2a: Iron Thorns|152/302\n|-unboost|p2a: Iron Thorns|spa|1\n|\n|upkeep\n|turn|48\n|inactive|Time left: 300 sec this turn | 300 sec total\n|\n|t:|1783536073\n|-end|p2a: Iron Thorns|Quark Drive|[silent]\n|switch|p2a: Leavanny|Leavanny, L86, F|175/269 tox\n|move|p1a: Cresselia|Moonblast|p2a: Leavanny\n|-damage|p2a: Leavanny|4/269 tox\n|\n|-damage|p2a: Leavanny|0 fnt|[from] psn\n|faint|p2a: Leavanny\n|upkeep\n|inactive|Time left: 300 sec this turn | 300 sec total | 5 sec grace\n|\n|t:|1783536074\n|switch|p2a: Iron Thorns|Iron Thorns, L83|152/302\n|turn|49\n|inactive|Time left: 300 sec this turn | 300 sec total\n|\n|t:|1783536075\n|move|p1a: Cresselia|Psyshock|p2a: Iron Thorns\n|-damage|p2a: Iron Thorns|0 fnt\n|faint|p2a: Iron Thorns\n|-end|p2a: Iron Thorns|Quark Drive|[silent]\n|\n|win|p0x238e5f9", "uploadtime": 1783536075, "views": 0, "rating": 0, "private": 0, "password": null, "_winner": "p0x238e5f9", "_our_name": "p0y238afc5"}