{"id": "battle-gen9randombattle-1211", "formatid": "gen9randombattle", "format": "[Gen 9] Random Battle", "players": ["p0x12110140", "p0y12119e30"], "log": "|init|battle\n|title|p0x12110140 vs. p0y12119e30\n|j|\u2606p0x12110140\n|j|\u2606p0y12119e30\n|t:|1783554017\n|gametype|singles\n|player|p1|p0x12110140|2|\n|player|p2|p0y12119e30|101|\n|gen|9\n|tier|[Gen 9] Random Battle\n|rule|Species Clause: Limit one of each Pok\u00e9mon\n|rule|HP Percentage Mod: HP is shown in percentages\n|rule|Sleep Clause Mod: Limit one foe put to sleep\n|rule|Illusion Level Mod: Illusion disguises the Pok\u00e9mon's true level\n|\n|t:|1783554017\n|teamsize|p1|6\n|teamsize|p2|6\n|start\n|switch|p1a: Tsareena|Tsareena, L87, F|267/267\n|switch|p2a: Iron Treads|Iron Treads, L77|100/100\n|turn|1\n|inactive|Battle timer is ON: inactive players will automatically lose when time's up. (requested by p0y12119e30)\n|inactive|Time left: 300 sec this turn | 300 sec total | 60 sec grace\n|inactive|p0x12110140 also wants the timer to be on.\n|\n|t:|1783554018\n|-end|p2a: Iron Treads|Quark Drive|[silent]\n|switch|p2a: Vikavolt|Vikavolt, L83, F|100/100\n|move|p1a: Tsareena|Power Whip|p2a: Vikavolt\n|-resisted|p2a: Vikavolt\n|-damage|p2a: Vikavolt|69/100\n|\n|upkeep\n|turn|2\n|inactive|Time left: 300 sec this turn | 300 sec total\n|\n|t:|1783554020\n|move|p1a: Tsareena|Rapid Spin|p2a: Vikavolt\n|-damage|p2a: Vikavolt|52/100\n|-boost|p1a: Tsareena|spe|1\n|move|p2a: Vikavolt|Sticky Web|p1a: Tsareena\n|-sidestart|p1: p0x12110140|move: Sticky Web\n|\n|upkeep\n|turn|3\n|inactive|Time left: 300 sec this turn | 300 sec total\n|\n|t:|1783554021\n|move|p1a: Tsareena|Rapid Spin|p2a: Vikavolt\n|-damage|p2a: Vikavolt|36/100\n|-boost|p1a: Tsareena|spe|1\n|-sideend|p1: p0x12110140|Sticky Web|[from] move: Rapid Spin|[of] p1a: Tsareena\n|move|p2a: Vikavolt|Bug Buzz|p1a: Tsareena\n|-supereffective|p1a: Tsareena\n|-crit|p1a: Tsareena\n|-damage|p1a: Tsareena|0 fnt\n|faint|p1a: Tsareena\n|\n|upkeep\n|inactive|Time left: 300 sec this turn | 300 sec total | 5 sec grace\n|\n|t:|1783554022\n|switch|p1a: Volcarona|Volcarona, L77, F|257/257\n|turn|4\n|inactive|Time left: 300 sec this turn | 300 sec total\n|\n|t:|1783554024\n|move|p1a: Volcarona|Fiery Dance|p2a: Vikavolt\n|-supereffective|p2a: Vikavolt\n|-damage|p2a: Vikavolt|0 fnt\n|faint|p2a: Vikavolt\n|\n|upkeep\n|\n|t:|1783554025\n|switch|p2a: Heracross|Heracross, L80, F|100/100\n|turn|5\n|inactive|Time left: 300 sec this turn | 300 sec total\n|\n|t:|1783554026\n|move|p1a: Volcarona|Fiery Dance|p2a: Heracross\n|-supereffective|p2a: Heracross\n|-damage|p2a: Heracross|26/100\n|-boost|p1a: Volcarona|spa|1\n|move|p2a: Heracross|Stone Edge|p1a: Volcarona\n|-supereffective|p1a: Volcarona\n|-damage|p1a: Volcarona|0 fnt\n|faint|p1a: Volcarona\n|-ability|p2a: Heracross|Moxie|boost\n|-boost|p2a: Heracross|atk|1\n|\n|upkeep\n|inactive|Time left: 300 sec this turn | 300 sec total | 5 sec grace\n|\n|t:|1783554027\n|switch|p1a: Tinkaton|Tinkaton, L82, F|274/274\n|-ability|p1a: Tinkaton|Mold Breaker\n|turn|6\n|inactive|Time left: 300 sec this turn | 300 sec total\n|\n|t:|1783554028\n|switch|p2a: Iron Treads|Iron Treads, L77|100/100\n|move|p1a: Tinkaton|Gigaton Hammer|p2a: Iron Treads\n|-resisted|p2a: Iron Treads\n|-damage|p2a: Iron Treads|81/100\n|\n|upkeep\n|turn|7\n|inactive|Time left: 300 sec this turn | 300 sec total\n|\n|t:|1783554029\n|move|p2a: Iron Treads|Earthquake|p1a: Tinkaton\n|-supereffective|p1a: Tinkaton\n|-damage|p1a: Tinkaton|44/274\n|move|p1a: Tinkaton|Swords Dance|p1a: Tinkaton\n|-boost|p1a: Tinkaton|atk|2\n|\n|-heal|p1a: Tinkaton|61/274|[from] item: Leftovers\n|upkeep\n|turn|8\n|inactive|Time left: 300 sec this turn | 300 sec total\n|\n|t:|1783554030\n|move|p1a: Tinkaton|Protect|p1a: Tinkaton\n|-singleturn|p1a: Tinkaton|Protect\n|move|p2a: Iron Treads|Earthquake|p1a: Tinkaton\n|-activate|p1a: Tinkaton|move: Protect\n|\n|-heal|p1a: Tinkaton|78/274|[from] item: Leftovers\n|upkeep\n|turn|9\n|inactive|Time left: 300 sec this turn | 300 sec total\n|\n|t:|1783554031\n|switch|p1a: Slither Wing|Slither Wing, L81|270/270\n|move|p2a: Iron Treads|Earthquake|p1a: Slither Wing\n|-resisted|p1a: Slither Wing\n|-damage|p1a: Slither Wing|216/270\n|\n|upkeep\n|turn|10\n|inactive|Time left: 300 sec this turn | 300 sec total\n|\n|t:|1783554033\n|-end|p2a: Iron Treads|Quark Drive|[silent]\n|switch|p2a: Scream Tail|Scream Tail, L84|100/100\n|move|p1a: Slither Wing|Close Combat|p2a: Scream Tail\n|-resisted|p2a: Scream Tail\n|-damage|p2a: Scream Tail|91/100\n|-unboost|p1a: Slither Wing|def|1\n|-unboost|p1a: Slither Wing|spd|1\n|\n|-heal|p2a: Scream Tail|97/100|[from] item: Leftovers\n|upkeep\n|turn|11\n|inactive|Time left: 300 sec this turn | 300 sec total\n|\n|t:|1783554034\n|-end|p1a: Slither Wing|Protosynthesis|[silent]\n|switch|p1a: Tinkaton|Tinkaton, L82, F|78/274\n|-ability|p1a: Tinkaton|Mold Breaker\n|move|p2a: Scream Tail|Play Rough|p1a: Tinkaton\n|-resisted|p1a: Tinkaton\n|-damage|p1a: Tinkaton|40/274\n|\n|-heal|p2a: Scream Tail|100/100|[from] item: Leftovers\n|-heal|p1a: Tinkaton|57/274|[from] item: Leftovers\n|upkeep\n|turn|12\n|inactive|Time left: 300 sec this turn | 300 sec total\n|\n|t:|1783554035\n|-end|p2a: Scream Tail|Protosynthesis|[silent]\n|switch|p2a: Iron Treads|Iron Treads, L77|81/100\n|move|p1a: Tinkaton|Swords Dance|p1a: Tinkaton\n|-boost|p1a: Tinkaton|atk|2\n|\n|-heal|p1a: Tinkaton|74/274|[from] item: Leftovers\n|upkeep\n|turn|13\n|inactive|Time left: 300 sec this turn | 300 sec total\n|\n|t:|1783554036\n|move|p1a: Tinkaton|Protect|p1a: Tinkaton\n|-singleturn|p1a: Tinkaton|Protect\n|move|p2a: Iron Treads|Earthquake|p1a: Tinkaton\n|-activate|p1a: Tinkaton|move: Protect\n|\n|-heal|p1a: Tinkaton|91/274|[from] item: Leftovers\n|upkeep\n|turn|14\n|inactive|Time left: 300 sec this turn | 300 sec total\n|\n|t:|1783554037\n|switch|p1a: Slither Wing|Slither Wing, L81|216/270\n|move|p2a: Iron Treads|Earthquake|p1a: Slither Wing\n|-resisted|p1a: Slither Wing\n|-damage|p1a: Slither Wing|158/270\n|\n|upkeep\n|turn|15\n|inactive|Time left: 300 sec this turn | 300 sec total\n|\n|t:|1783554038\n|move|p2a: Iron Treads|Iron Head|p1a: Slither Wing\n|-damage|p1a: Slither Wing|70/270\n|move|p1a: Slither Wing|Will-O-Wisp|p2a: Iron Treads\n|-status|p2a: Iron Treads|brn\n|\n|-damage|p2a: Iron Treads|75/100 brn|[from] brn\n|upkeep\n|turn|16\n|inactive|Time left: 300 sec this turn | 300 sec total\n|\n|t:|1783554039\n|move|p2a: Iron Treads|Rapid Spin|p1a: Slither Wing\n|-crit|p1a: Slither Wing\n|-damage|p1a: Slither Wing|44/270\n|-boost|p2a: Iron Treads|spe|1\n|move|p1a: Slither Wing|Morning Sun|p1a: Slither Wing\n|-heal|p1a: Slither Wing|179/270\n|\n|-damage|p2a: Iron Treads|69/100 brn|[from] brn\n|upkeep\n|turn|17\n|inactive|Time left: 300 sec this turn | 300 sec total\n|\n|t:|1783554040\n|move|p2a: Iron Treads|Earthquake|p1a: Slither Wing\n|-resisted|p1a: Slither Wing\n|-damage|p1a: Slither Wing|151/270\n|move|p1a: Slither Wing|Morning Sun|p1a: Slither Wing\n|-heal|p1a: Slither Wing|270/270\n|\n|-damage|p2a: Iron Treads|63/100 brn|[from] brn\n|upkeep\n|turn|18\n|inactive|Time left: 300 sec this turn | 300 sec total\n|\n|t:|1783554041\n|move|p2a: Iron Treads|Iron Head|p1a: Slither Wing\n|-damage|p1a: Slither Wing|222/270\n|move|p1a: Slither Wing|Close Combat|p2a: Iron Treads\n|-supereffective|p2a: Iron Treads\n|-damage|p2a: Iron Treads|0 fnt\n|-unboost|p1a: Slither Wing|def|1\n|-unboost|p1a: Slither Wing|spd|1\n|faint|p2a: Iron Treads\n|-end|p2a: Iron Treads|Quark Drive|[silent]\n|\n|upkeep\n|\n|t:|1783554042\n|switch|p2a: Heracross|Heracross, L80, F|26/100\n|turn|19\n|inactive|Time left: 300 sec this turn | 300 sec total\n|\n|t:|1783554042\n|move|p2a: Heracross|Close Combat|p1a: Slither Wing\n|-resisted|p1a: Slither Wing\n|-damage|p1a: Slither Wing|37/270\n|-unboost|p2a: Heracross|def|1\n|-unboost|p2a: Heracross|spd|1\n|move|p1a: Slither Wing|U-turn|p2a: Heracross\n|-resisted|p2a: Heracross\n|-damage|p2a: Heracross|0 fnt\n|faint|p2a: Heracross\n|inactive|Time left: 300 sec this turn | 300 sec total | 5 sec grace\n|\n|t:|1783554044\n|-end|p1a: Slither Wing|Protosynthesis|[silent]\n|switch|p1a: Tinkaton|Tinkaton, L82, F|91/274|[from] U-turn\n|-ability|p1a: Tinkaton|Mold Breaker\n|\n|-heal|p1a: Tinkaton|108/274|[from] item: Leftovers\n|upkeep\n|\n|t:|1783554044\n|switch|p2a: Feraligatr|Feraligatr, L79, M|100/100\n|turn|20\n|inactive|Time left: 300 sec this turn | 300 sec total\n|\n|t:|1783554045\n|move|p1a: Tinkaton|Play Rough|p2a: Feraligatr\n|-damage|p2a: Feraligatr|73/100\n|move|p2a: Feraligatr|Dragon Dance|p2a: Feraligatr\n|-boost|p2a: Feraligatr|atk|1\n|-boost|p2a: Feraligatr|spe|1\n|\n|-heal|p1a: Tinkaton|125/274|[from] item: Leftovers\n|upkeep\n|turn|21\n|inactive|Time left: 300 sec this turn | 300 sec total\n|\n|t:|1783554046\n|move|p2a: Feraligatr|Liquidation|p1a: Tinkaton\n|-damage|p1a: Tinkaton|0 fnt\n|faint|p1a: Tinkaton\n|\n|upkeep\n|inactive|Time left: 300 sec this turn | 300 sec total | 5 sec grace\n|\n|t:|1783554047\n|switch|p1a: Reuniclus|Reuniclus, L88, M|337/337\n|turn|22\n|inactive|Time left: 300 sec this turn | 300 sec total\n|\n|t:|1783554048\n|move|p2a: Feraligatr|Liquidation|p1a: Reuniclus\n|-damage|p1a: Reuniclus|94/337\n|move|p1a: Reuniclus|Psyshock|p2a: Feraligatr\n|-damage|p2a: Feraligatr|15/100\n|\n|upkeep\n|turn|23\n|inactive|Time left: 300 sec this turn | 300 sec total\n|\n|t:|1783554049\n|move|p2a: Feraligatr|Liquidation|p1a: Reuniclus\n|-damage|p1a: Reuniclus|0 fnt\n|faint|p1a: Reuniclus\n|\n|upkeep\n|inactive|Time left: 300 sec this turn | 300 sec total | 5 sec grace\n|\n|t:|1783554050\n|switch|p1a: Slither Wing|Slither Wing, L81|37/270\n|turn|24\n|inactive|Time left: 300 sec this turn | 300 sec total\n|\n|t:|1783554051\n|move|p2a: Feraligatr|Liquidation|p1a: Slither Wing\n|-damage|p1a: Slither Wing|0 fnt\n|faint|p1a: Slither Wing\n|-end|p1a: Slither Wing|Protosynthesis|[silent]\n|\n|upkeep\n|inactive|Time left: 300 sec this turn | 300 sec total | 5 sec grace\n|\n|t:|1783554052\n|switch|p1a: Clodsire|Clodsire, L81, M|343/343\n|turn|25\n|inactive|Time left: 300 sec this turn | 300 sec total\n|\n|t:|1783554053\n|-terastallize|p2a: Feraligatr|Water\n|-terastallize|p1a: Clodsire|Flying\n|move|p2a: Feraligatr|Liquidation|p1a: Clodsire\n|-immune|p1a: Clodsire|[from] ability: Water Absorb\n|move|p1a: Clodsire|Recover||[still]\n|-fail|p1a: Clodsire|heal\n|\n|upkeep\n|turn|26\n|inactive|Time left: 300 sec this turn | 300 sec total\n|\n|t:|1783554054\n|move|p2a: Feraligatr|Ice Punch|p1a: Clodsire\n|-supereffective|p1a: Clodsire\n|-damage|p1a: Clodsire|0 fnt\n|faint|p1a: Clodsire\n|\n|win|p0y12119e30", "uploadtime": 1783554054, "views": 0, "rating": 0, "private": 0, "password": null, "_winner": "p0y12119e30", "_our_name": "p0x12110140"}