{"id": "battle-gen9randombattle-868", "formatid": "gen9randombattle", "format": "[Gen 9] Random Battle", "players": ["p0x8689c48", "p0y8682756"], "log": "|init|battle\n|title|p0x8689c48 vs. p0y8682756\n|j|\u2606p0x8689c48\n|j|\u2606p0y8682756\n|t:|1783549972\n|gametype|singles\n|player|p1|p0x8689c48|170|\n|player|p2|p0y8682756|2|\n|gen|9\n|tier|[Gen 9] Random Battle\n|rule|Species Clause: Limit one of each Pok\u00e9mon\n|rule|HP Percentage Mod: HP is shown in percentages\n|rule|Sleep Clause Mod: Limit one foe put to sleep\n|rule|Illusion Level Mod: Illusion disguises the Pok\u00e9mon's true level\n|\n|t:|1783549972\n|teamsize|p1|6\n|teamsize|p2|6\n|start\n|switch|p1a: Volbeat|Volbeat, L90, M|100/100\n|switch|p2a: Mimikyu|Mimikyu, L79, M|216/216\n|turn|1\n|inactive|Battle timer is ON: inactive players will automatically lose when time's up. (requested by p0x8689c48)\n|inactive|Time left: 300 sec this turn | 300 sec total | 60 sec grace\n|\n|t:|1783549974\n|move|p1a: Volbeat|Thunder Wave|p2a: Mimikyu|[miss]\n|-miss|p1a: Volbeat|p2a: Mimikyu\n|move|p2a: Mimikyu|Swords Dance|p2a: Mimikyu\n|-boost|p2a: Mimikyu|atk|2\n|\n|upkeep\n|turn|2\n|inactive|Time left: 300 sec this turn | 300 sec total\n|inactive|p0y8682756 also wants the timer to be on.\n|\n|t:|1783549975\n|move|p1a: Volbeat|Encore|p2a: Mimikyu\n|-start|p2a: Mimikyu|Encore\n|move|p2a: Mimikyu|Swords Dance|p2a: Mimikyu\n|-boost|p2a: Mimikyu|atk|2\n|\n|upkeep\n|turn|3\n|inactive|Time left: 300 sec this turn | 300 sec total\n|\n|t:|1783549976\n|move|p1a: Volbeat|Thunder Wave|p2a: Mimikyu\n|-status|p2a: Mimikyu|par\n|move|p2a: Mimikyu|Swords Dance|p2a: Mimikyu\n|-boost|p2a: Mimikyu|atk|2\n|\n|upkeep\n|turn|4\n|inactive|Time left: 300 sec this turn | 300 sec total\n|\n|t:|1783549977\n|move|p1a: Volbeat|U-turn|p2a: Mimikyu\n|-activate|p2a: Mimikyu|ability: Disguise\n|-damage|p2a: Mimikyu|216/216 par\n|detailschange|p2a: Mimikyu|Mimikyu-Busted, L79, M\n|-damage|p2a: Mimikyu|189/216 par|[from] pokemon: Mimikyu-Busted\n|\n|t:|1783549978\n|switch|p1a: Meowscarada|Meowscarada, L78, M|100/100|[from] U-turn\n|move|p2a: Mimikyu|Swords Dance|p2a: Mimikyu\n|-boost|p2a: Mimikyu|atk|0\n|\n|-end|p2a: Mimikyu|Encore\n|upkeep\n|turn|5\n|inactive|Time left: 300 sec this turn | 300 sec total\n|\n|t:|1783549979\n|move|p1a: Meowscarada|Triple Axel|p2a: Mimikyu\n|-start|p1a: Meowscarada|typechange|Ice|[from] ability: Protean\n|-damage|p2a: Mimikyu|157/216 par\n|-damage|p2a: Mimikyu|95/216 par\n|-damage|p2a: Mimikyu|12/216 par\n|-hitcount|p2a: Mimikyu|3\n|-damage|p1a: Meowscarada|91/100|[from] item: Life Orb\n|move|p2a: Mimikyu|Play Rough|p1a: Meowscarada\n|-damage|p1a: Meowscarada|0 fnt\n|faint|p1a: Meowscarada\n|-damage|p2a: Mimikyu|0 fnt|[from] item: Life Orb\n|faint|p2a: Mimikyu\n|\n|upkeep\n|inactive|Time left: 300 sec this turn | 300 sec total | 5 sec grace\n|\n|t:|1783549980\n|switch|p1a: Eelektross|Eelektross, L87, M|100/100\n|switch|p2a: Magnezone|Magnezone, L85|258/258\n|turn|6\n|inactive|Time left: 300 sec this turn | 300 sec total\n|\n|t:|1783549982\n|move|p2a: Magnezone|Body Press|p1a: Eelektross\n|-damage|p1a: Eelektross|77/100\n|move|p1a: Eelektross|Coil|p1a: Eelektross\n|-boost|p1a: Eelektross|atk|1\n|-boost|p1a: Eelektross|def|1\n|-boost|p1a: Eelektross|accuracy|1\n|\n|-heal|p1a: Eelektross|83/100|[from] item: Leftovers\n|upkeep\n|turn|7\n|inactive|Time left: 300 sec this turn | 300 sec total\n|\n|t:|1783549983\n|switch|p2a: Gouging Fire|Gouging Fire, L74|277/277\n|move|p1a: Eelektross|Drain Punch|p2a: Gouging Fire\n|-damage|p2a: Gouging Fire|187/277\n|-heal|p1a: Eelektross|99/100|[from] drain|[of] p2a: Gouging Fire\n|\n|-heal|p1a: Eelektross|100/100|[from] item: Leftovers\n|upkeep\n|turn|8\n|inactive|Time left: 300 sec this turn | 300 sec total\n|\n|t:|1783549984\n|move|p2a: Gouging Fire|Dragon Dance|p2a: Gouging Fire\n|-boost|p2a: Gouging Fire|atk|1\n|-boost|p2a: Gouging Fire|spe|1\n|move|p1a: Eelektross|Drain Punch|p2a: Gouging Fire\n|-damage|p2a: Gouging Fire|104/277\n|\n|upkeep\n|turn|9\n|inactive|Time left: 300 sec this turn | 300 sec total\n|\n|t:|1783549986\n|move|p2a: Gouging Fire|Outrage|p1a: Eelektross\n|-damage|p1a: Eelektross|61/100\n|move|p1a: Eelektross|Coil|p1a: Eelektross\n|-boost|p1a: Eelektross|atk|1\n|-boost|p1a: Eelektross|def|1\n|-boost|p1a: Eelektross|accuracy|1\n|\n|-heal|p1a: Eelektross|67/100|[from] item: Leftovers\n|upkeep\n|turn|10\n|inactive|Time left: 300 sec this turn | 300 sec total\n|\n|t:|1783549987\n|move|p2a: Gouging Fire|Outrage|p1a: Eelektross|[from] lockedmove\n|-damage|p1a: Eelektross|38/100\n|-start|p2a: Gouging Fire|confusion|[fatigue]\n|move|p1a: Eelektross|Drain Punch|p2a: Gouging Fire\n|-damage|p2a: Gouging Fire|0 fnt\n|-heal|p1a: Eelektross|56/100|[from] drain|[of] p2a: Gouging Fire\n|faint|p2a: Gouging Fire\n|-end|p2a: Gouging Fire|Protosynthesis|[silent]\n|\n|-heal|p1a: Eelektross|62/100|[from] item: Leftovers\n|upkeep\n|inactive|Time left: 300 sec this turn | 300 sec total | 5 sec grace\n|\n|t:|1783549988\n|switch|p2a: Vileplume|Vileplume, L85, F|266/266\n|turn|11\n|inactive|Time left: 300 sec this turn | 300 sec total\n|\n|t:|1783549989\n|move|p1a: Eelektross|Fire Punch|p2a: Vileplume\n|-supereffective|p2a: Vileplume\n|-damage|p2a: Vileplume|28/266\n|move|p2a: Vileplume|Strength Sap|p1a: Eelektross\n|-unboost|p1a: Eelektross|atk|1\n|-heal|p2a: Vileplume|266/266\n|\n|-heal|p1a: Eelektross|68/100|[from] item: Leftovers\n|upkeep\n|turn|12\n|inactive|Time left: 300 sec this turn | 300 sec total\n|\n|t:|1783549990\n|move|p1a: Eelektross|Fire Punch|p2a: Vileplume\n|-supereffective|p2a: Vileplume\n|-damage|p2a: Vileplume|62/266\n|move|p2a: Vileplume|Strength Sap|p1a: Eelektross\n|-unboost|p1a: Eelektross|atk|1\n|-heal|p2a: Vileplume|266/266\n|\n|-heal|p1a: Eelektross|75/100|[from] item: Leftovers\n|upkeep\n|turn|13\n|inactive|Time left: 300 sec this turn | 300 sec total\n|\n|t:|1783549991\n|move|p1a: Eelektross|Coil|p1a: Eelektross\n|-boost|p1a: Eelektross|atk|1\n|-boost|p1a: Eelektross|def|1\n|-boost|p1a: Eelektross|accuracy|1\n|move|p2a: Vileplume|Sludge Bomb|p1a: Eelektross\n|-damage|p1a: Eelektross|35/100\n|\n|-heal|p1a: Eelektross|41/100|[from] item: Leftovers\n|upkeep\n|turn|14\n|inactive|Time left: 300 sec this turn | 300 sec total\n|\n|t:|1783549992\n|move|p1a: Eelektross|Fire Punch|p2a: Vileplume\n|-supereffective|p2a: Vileplume\n|-damage|p2a: Vileplume|70/266\n|move|p2a: Vileplume|Sludge Bomb|p1a: Eelektross\n|-damage|p1a: Eelektross|2/100\n|\n|-heal|p1a: Eelektross|8/100|[from] item: Leftovers\n|-heal|p2a: Vileplume|86/266|[from] item: Leftovers\n|upkeep\n|turn|15\n|inactive|Time left: 300 sec this turn | 300 sec total\n|\n|t:|1783549993\n|move|p1a: Eelektross|Supercell Slam|p2a: Vileplume\n|-resisted|p2a: Vileplume\n|-damage|p2a: Vileplume|0 fnt\n|faint|p2a: Vileplume\n|\n|-heal|p1a: Eelektross|14/100|[from] item: Leftovers\n|upkeep\n|inactive|Time left: 300 sec this turn | 300 sec total | 5 sec grace\n|\n|t:|1783549994\n|switch|p2a: Magnezone|Magnezone, L85|258/258\n|turn|16\n|inactive|Time left: 300 sec this turn | 300 sec total\n|\n|t:|1783549995\n|move|p2a: Magnezone|Flash Cannon|p1a: Eelektross\n|-resisted|p1a: Eelektross\n|-damage|p1a: Eelektross|0 fnt\n|faint|p1a: Eelektross\n|\n|upkeep\n|\n|t:|1783549996\n|switch|p1a: Tatsugiri|Tatsugiri, L87, F|100/100\n|turn|17\n|inactive|Time left: 300 sec this turn | 300 sec total\n|\n|t:|1783549997\n|move|p2a: Magnezone|Flash Cannon|p1a: Tatsugiri\n|-resisted|p1a: Tatsugiri\n|-damage|p1a: Tatsugiri|82/100\n|move|p1a: Tatsugiri|Nasty Plot|p1a: Tatsugiri\n|-boost|p1a: Tatsugiri|spa|2\n|\n|upkeep\n|turn|18\n|inactive|Time left: 300 sec this turn | 300 sec total\n|\n|t:|1783549998\n|switch|p2a: Haxorus|Haxorus, L77, F|244/244\n|-ability|p2a: Haxorus|Mold Breaker\n|move|p1a: Tatsugiri|Surf|p2a: Haxorus\n|-resisted|p2a: Haxorus\n|-damage|p2a: Haxorus|83/244\n|\n|upkeep\n|turn|19\n|inactive|Time left: 300 sec this turn | 300 sec total\n|\n|t:|1783549999\n|-terastallize|p1a: Tatsugiri|Steel\n|move|p2a: Haxorus|Outrage|p1a: Tatsugiri\n|-resisted|p1a: Tatsugiri\n|-damage|p1a: Tatsugiri|49/100\n|move|p1a: Tatsugiri|Surf|p2a: Haxorus\n|-resisted|p2a: Haxorus\n|-damage|p2a: Haxorus|0 fnt\n|faint|p2a: Haxorus\n|\n|upkeep\n|inactive|Time left: 300 sec this turn | 300 sec total | 5 sec grace\n|\n|t:|1783550000\n|switch|p2a: Chien-Pao|Chien-Pao, L72|234/234\n|-ability|p2a: Chien-Pao|Sword of Ruin\n|turn|20\n|inactive|Time left: 300 sec this turn | 300 sec total\n|\n|t:|1783550001\n|move|p2a: Chien-Pao|Crunch|p1a: Tatsugiri\n|-damage|p1a: Tatsugiri|0 fnt\n|faint|p1a: Tatsugiri\n|\n|upkeep\n|\n|t:|1783550002\n|switch|p1a: Virizion|Virizion, L82|100/100\n|turn|21\n|inactive|Time left: 300 sec this turn | 300 sec total\n|\n|t:|1783550003\n|switch|p2a: Magnezone|Magnezone, L85|258/258\n|move|p1a: Virizion|Close Combat|p2a: Magnezone\n|-supereffective|p2a: Magnezone\n|-damage|p2a: Magnezone|21/258\n|-unboost|p1a: Virizion|def|1\n|-unboost|p1a: Virizion|spd|1\n|-damage|p1a: Virizion|91/100|[from] item: Life Orb\n|\n|upkeep\n|turn|22\n|inactive|Time left: 300 sec this turn | 300 sec total\n|\n|t:|1783550004\n|switch|p1a: Mesprit|Mesprit, L85|100/100\n|move|p2a: Magnezone|Flash Cannon|p1a: Mesprit\n|-damage|p1a: Mesprit|64/100\n|\n|-heal|p1a: Mesprit|71/100|[from] item: Leftovers\n|upkeep\n|turn|23\n|inactive|Time left: 300 sec this turn | 300 sec total\n|\n|t:|1783550006\n|move|p2a: Magnezone|Flash Cannon|p1a: Mesprit\n|-damage|p1a: Mesprit|32/100\n|move|p1a: Mesprit|U-turn|p2a: Magnezone\n|-resisted|p2a: Magnezone\n|-damage|p2a: Magnezone|0 fnt\n|faint|p2a: Magnezone\n|\n|t:|1783550007\n|switch|p1a: Volbeat|Volbeat, L90, M|100/100|[from] U-turn\n|\n|upkeep\n|inactive|Time left: 300 sec this turn | 300 sec total | 10 sec grace\n|\n|t:|1783550008\n|switch|p2a: Chien-Pao|Chien-Pao, L72|234/234\n|-ability|p2a: Chien-Pao|Sword of Ruin\n|turn|24\n|inactive|Time left: 300 sec this turn | 300 sec total\n|\n|t:|1783550008\n|move|p2a: Chien-Pao|Icicle Crash|p1a: Volbeat\n|-damage|p1a: Volbeat|35/100\n|move|p1a: Volbeat|U-turn|p2a: Chien-Pao\n|-supereffective|p2a: Chien-Pao\n|-damage|p2a: Chien-Pao|58/234\n|\n|t:|1783550009\n|switch|p1a: Mesprit|Mesprit, L85|32/100|[from] U-turn\n|\n|-heal|p1a: Mesprit|39/100|[from] item: Leftovers\n|upkeep\n|turn|25\n|inactive|Time left: 300 sec this turn | 300 sec total\n|\n|t:|1783550010\n|move|p2a: Chien-Pao|Icicle Crash|p1a: Mesprit\n|-damage|p1a: Mesprit|0 fnt\n|faint|p1a: Mesprit\n|\n|upkeep\n|\n|t:|1783550011\n|switch|p1a: Volbeat|Volbeat, L90, M|35/100\n|turn|26\n|inactive|Time left: 300 sec this turn | 300 sec total\n|\n|t:|1783550012\n|-terastallize|p2a: Chien-Pao|Dark\n|move|p2a: Chien-Pao|Icicle Crash|p1a: Volbeat\n|-damage|p1a: Volbeat|0 fnt\n|faint|p1a: Volbeat\n|\n|upkeep\n|\n|t:|1783550013\n|switch|p1a: Virizion|Virizion, L82|91/100\n|turn|27\n|inactive|Time left: 300 sec this turn | 300 sec total\n|\n|t:|1783550014\n|move|p2a: Chien-Pao|Icicle Crash|p1a: Virizion\n|-supereffective|p1a: Virizion\n|-damage|p1a: Virizion|0 fnt\n|faint|p1a: Virizion\n|\n|win|p0y8682756", "uploadtime": 1783550014, "views": 0, "rating": 0, "private": 0, "password": null, "_winner": "p0y8682756", "_our_name": "p0y8682756"}