{"id": "battle-gen9randombattle-1819", "formatid": "gen9randombattle", "format": "[Gen 9] Random Battle", "players": ["p0x181980dc", "p0y181913d8"], "log": "|init|battle\n|title|p0x181980dc vs. p0y181913d8\n|j|\u2606p0x181980dc\n|j|\u2606p0y181913d8\n|t:|1783560291\n|gametype|singles\n|player|p1|p0x181980dc|102|\n|player|p2|p0y181913d8|101|\n|gen|9\n|tier|[Gen 9] Random Battle\n|rule|Species Clause: Limit one of each Pok\u00e9mon\n|rule|HP Percentage Mod: HP is shown in percentages\n|rule|Sleep Clause Mod: Limit one foe put to sleep\n|rule|Illusion Level Mod: Illusion disguises the Pok\u00e9mon's true level\n|\n|t:|1783560291\n|teamsize|p1|6\n|teamsize|p2|6\n|start\n|switch|p1a: Tsareena|Tsareena, L87, F|267/267\n|switch|p2a: Electrode|Electrode-Hisui, L87|100/100\n|turn|1\n|inactive|Battle timer is ON: inactive players will automatically lose when time's up. (requested by p0x181980dc)\n|\n|t:|1783560293\n|switch|p2a: Qwilfish|Qwilfish-Hisui, L83, F|100/100\n|-ability|p2a: Qwilfish|Intimidate|boost\n|-unboost|p1a: Tsareena|atk|1\n|move|p1a: Tsareena|Triple Axel|p2a: Qwilfish\n|-damage|p2a: Qwilfish|96/100\n|-damage|p2a: Qwilfish|89/100\n|-damage|p2a: Qwilfish|80/100\n|-hitcount|p2a: Qwilfish|3\n|\n|upkeep\n|turn|2\n|inactive|Time left: 300 sec this turn | 300 sec total\n|inactive|p0y181913d8 also wants the timer to be on.\n|\n|t:|1783560294\n|switch|p1a: Hariyama|Hariyama, L87, F|392/392\n|move|p2a: Qwilfish|Gunk Shot|p1a: Hariyama\n|-damage|p1a: Hariyama|244/392\n|\n|-status|p1a: Hariyama|brn|[from] item: Flame Orb\n|upkeep\n|turn|3\n|inactive|Time left: 300 sec this turn | 300 sec total\n|\n|t:|1783560296\n|move|p2a: Qwilfish|Toxic Spikes|p1a: Hariyama\n|-sidestart|p1: p0x181980dc|move: Toxic Spikes\n|move|p1a: Hariyama|Headlong Rush|p2a: Qwilfish\n|-supereffective|p2a: Qwilfish\n|-damage|p2a: Qwilfish|0 fnt\n|-unboost|p1a: Hariyama|def|1\n|-unboost|p1a: Hariyama|spd|1\n|faint|p2a: Qwilfish\n|\n|-damage|p1a: Hariyama|220/392 brn|[from] brn\n|upkeep\n|\n|t:|1783560297\n|switch|p2a: Iron Valiant|Iron Valiant, L78|100/100\n|turn|4\n|inactive|Time left: 300 sec this turn | 300 sec total\n|\n|t:|1783560298\n|switch|p1a: Rotom|Rotom-Heat, L83|219/219\n|move|p2a: Iron Valiant|Moonblast|p1a: Rotom\n|-resisted|p1a: Rotom\n|-damage|p1a: Rotom|157/219\n|-damage|p2a: Iron Valiant|91/100|[from] item: Life Orb\n|\n|upkeep\n|turn|5\n|inactive|Time left: 300 sec this turn | 300 sec total\n|\n|t:|1783560299\n|move|p2a: Iron Valiant|Close Combat|p1a: Rotom\n|-damage|p1a: Rotom|0 fnt\n|-unboost|p2a: Iron Valiant|def|1\n|-unboost|p2a: Iron Valiant|spd|1\n|faint|p1a: Rotom\n|-damage|p2a: Iron Valiant|81/100|[from] item: Life Orb\n|\n|upkeep\n|inactive|Time left: 300 sec this turn | 300 sec total | 5 sec grace\n|\n|t:|1783560300\n|switch|p1a: Dragapult|Dragapult, L77, F|262/262\n|-status|p1a: Dragapult|psn\n|turn|6\n|inactive|Time left: 300 sec this turn | 300 sec total\n|\n|t:|1783560301\n|-end|p2a: Iron Valiant|Quark Drive|[silent]\n|switch|p2a: Dunsparce|Dunsparce, L86, M|100/100\n|move|p1a: Dragapult|Shadow Ball|p2a: Dunsparce\n|-immune|p2a: Dunsparce\n|\n|-damage|p1a: Dragapult|230/262 psn|[from] psn\n|upkeep\n|turn|7\n|inactive|Time left: 300 sec this turn | 300 sec total\n|\n|t:|1783560303\n|move|p1a: Dragapult|Shadow Ball|p2a: Dunsparce\n|-immune|p2a: Dunsparce\n|move|p2a: Dunsparce|Coil|p2a: Dunsparce\n|-boost|p2a: Dunsparce|atk|1\n|-boost|p2a: Dunsparce|def|1\n|-boost|p2a: Dunsparce|accuracy|1\n|\n|-damage|p1a: Dragapult|198/262 psn|[from] psn\n|upkeep\n|turn|8\n|inactive|Time left: 300 sec this turn | 300 sec total\n|\n|t:|1783560304\n|move|p1a: Dragapult|Shadow Ball|p2a: Dunsparce\n|-immune|p2a: Dunsparce\n|move|p2a: Dunsparce|Coil|p2a: Dunsparce\n|-boost|p2a: Dunsparce|atk|1\n|-boost|p2a: Dunsparce|def|1\n|-boost|p2a: Dunsparce|accuracy|1\n|\n|-damage|p1a: Dragapult|166/262 psn|[from] psn\n|upkeep\n|turn|9\n|inactive|Time left: 300 sec this turn | 300 sec total\n|\n|t:|1783560305\n|move|p1a: Dragapult|Shadow Ball|p2a: Dunsparce\n|-immune|p2a: Dunsparce\n|move|p2a: Dunsparce|Earthquake|p1a: Dragapult\n|-crit|p1a: Dragapult\n|-damage|p1a: Dragapult|0 fnt\n|faint|p1a: Dragapult\n|\n|upkeep\n|inactive|Time left: 300 sec this turn | 300 sec total | 5 sec grace\n|\n|t:|1783560306\n|switch|p1a: Cyclizar|Cyclizar, L84, M|255/255\n|turn|10\n|inactive|Time left: 300 sec this turn | 300 sec total\n|\n|t:|1783560307\n|-terastallize|p1a: Cyclizar|Ghost\n|move|p1a: Cyclizar|Rapid Spin|p2a: Dunsparce\n|-damage|p2a: Dunsparce|93/100\n|-boost|p1a: Cyclizar|spe|1\n|-sideend|p1: p0x181980dc|Toxic Spikes|[from] move: Rapid Spin|[of] p1a: Cyclizar\n|move|p2a: Dunsparce|Body Slam|p1a: Cyclizar\n|-immune|p1a: Cyclizar\n|\n|upkeep\n|turn|11\n|inactive|Time left: 300 sec this turn | 300 sec total\n|\n|t:|1783560308\n|move|p1a: Cyclizar|Rapid Spin|p2a: Dunsparce\n|-damage|p2a: Dunsparce|87/100\n|-boost|p1a: Cyclizar|spe|1\n|move|p2a: Dunsparce|Earthquake|p1a: Cyclizar\n|-damage|p1a: Cyclizar|120/255\n|\n|upkeep\n|turn|12\n|inactive|Time left: 300 sec this turn | 300 sec total\n|\n|t:|1783560309\n|switch|p1a: Oinkologne|Oinkologne-F, L92, F|361/361\n|move|p2a: Dunsparce|Earthquake|p1a: Oinkologne\n|-damage|p1a: Oinkologne|240/361\n|\n|-heal|p1a: Oinkologne|262/361|[from] item: Leftovers\n|upkeep\n|turn|13\n|inactive|Time left: 300 sec this turn | 300 sec total\n|\n|t:|1783560310\n|move|p1a: Oinkologne|Curse|p1a: Oinkologne\n|-unboost|p1a: Oinkologne|spe|1\n|-boost|p1a: Oinkologne|atk|1\n|-boost|p1a: Oinkologne|def|1\n|move|p2a: Dunsparce|Body Slam|p1a: Oinkologne\n|-damage|p1a: Oinkologne|157/361\n|\n|-heal|p1a: Oinkologne|179/361|[from] item: Leftovers\n|upkeep\n|turn|14\n|inactive|Time left: 300 sec this turn | 300 sec total\n|\n|t:|1783560311\n|move|p2a: Dunsparce|Body Slam|p1a: Oinkologne\n|-damage|p1a: Oinkologne|80/361\n|move|p1a: Oinkologne|Rest|p1a: Oinkologne\n|-status|p1a: Oinkologne|slp|[from] move: Rest\n|-heal|p1a: Oinkologne|361/361 slp|[silent]\n|\n|upkeep\n|turn|15\n|inactive|Time left: 300 sec this turn | 300 sec total\n|\n|t:|1783560312\n|move|p2a: Dunsparce|Coil|p2a: Dunsparce\n|-boost|p2a: Dunsparce|atk|1\n|-boost|p2a: Dunsparce|def|1\n|-boost|p2a: Dunsparce|accuracy|1\n|cant|p1a: Oinkologne|slp\n|move|p1a: Oinkologne|Sleep Talk|p1a: Oinkologne\n|move|p1a: Oinkologne|Body Slam|p2a: Dunsparce|[from] move: Sleep Talk\n|-damage|p2a: Dunsparce|72/100\n|\n|upkeep\n|turn|16\n|inactive|Time left: 300 sec this turn | 300 sec total\n|\n|t:|1783560313\n|move|p2a: Dunsparce|Coil|p2a: Dunsparce\n|-boost|p2a: Dunsparce|atk|1\n|-boost|p2a: Dunsparce|def|1\n|-boost|p2a: Dunsparce|accuracy|1\n|cant|p1a: Oinkologne|slp\n|move|p1a: Oinkologne|Sleep Talk|p1a: Oinkologne\n|move|p1a: Oinkologne|Rest||[from] move: Sleep Talk|[still]\n|-fail|p1a: Oinkologne\n|\n|upkeep\n|turn|17\n|inactive|Time left: 300 sec this turn | 300 sec total\n|\n|t:|1783560314\n|move|p2a: Dunsparce|Body Slam|p1a: Oinkologne\n|-damage|p1a: Oinkologne|210/361 slp\n|-curestatus|p1a: Oinkologne|slp|[msg]\n|move|p1a: Oinkologne|Body Slam|p2a: Dunsparce\n|-damage|p2a: Dunsparce|59/100\n|-status|p2a: Dunsparce|par\n|\n|-heal|p1a: Oinkologne|232/361|[from] item: Leftovers\n|upkeep\n|turn|18\n|inactive|Time left: 300 sec this turn | 300 sec total\n|\n|t:|1783560315\n|move|p1a: Oinkologne|Curse|p1a: Oinkologne\n|-unboost|p1a: Oinkologne|spe|1\n|-boost|p1a: Oinkologne|atk|1\n|-boost|p1a: Oinkologne|def|1\n|move|p2a: Dunsparce|Body Slam|p1a: Oinkologne\n|-damage|p1a: Oinkologne|103/361\n|-status|p1a: Oinkologne|par\n|\n|-heal|p1a: Oinkologne|125/361 par|[from] item: Leftovers\n|upkeep\n|turn|19\n|inactive|Time left: 300 sec this turn | 300 sec total\n|\n|t:|1783560316\n|move|p2a: Dunsparce|Body Slam|p1a: Oinkologne\n|-damage|p1a: Oinkologne|0 fnt\n|faint|p1a: Oinkologne\n|\n|upkeep\n|inactive|Time left: 300 sec this turn | 300 sec total | 5 sec grace\n|\n|t:|1783560317\n|switch|p1a: Tsareena|Tsareena, L87, F|267/267\n|turn|20\n|inactive|Time left: 300 sec this turn | 300 sec total\n|\n|t:|1783560318\n|switch|p1a: Cyclizar|Cyclizar, L84, M, tera:Ghost|205/255\n|cant|p2a: Dunsparce|par\n|\n|upkeep\n|turn|21\n|inactive|Time left: 300 sec this turn | 300 sec total\n|\n|t:|1783560319\n|switch|p1a: Tsareena|Tsareena, L87, F|267/267\n|move|p2a: Dunsparce|Earthquake|p1a: Tsareena\n|-resisted|p1a: Tsareena\n|-damage|p1a: Tsareena|195/267\n|\n|upkeep\n|turn|22\n|inactive|Time left: 300 sec this turn | 300 sec total\n|\n|t:|1783560320\n|switch|p1a: Cyclizar|Cyclizar, L84, M, tera:Ghost|255/255\n|move|p2a: Dunsparce|Body Slam|p1a: Cyclizar\n|-immune|p1a: Cyclizar\n|\n|upkeep\n|turn|23\n|inactive|Time left: 300 sec this turn | 300 sec total\n|\n|t:|1783560321\n|move|p1a: Cyclizar|Rapid Spin|p2a: Dunsparce\n|-damage|p2a: Dunsparce|54/100 par\n|-boost|p1a: Cyclizar|spe|1\n|move|p2a: Dunsparce|Earthquake|p1a: Cyclizar\n|-damage|p1a: Cyclizar|44/255\n|\n|upkeep\n|turn|24\n|inactive|Time left: 300 sec this turn | 300 sec total\n|\n|t:|1783560322\n|move|p1a: Cyclizar|Draco Meteor|p2a: Dunsparce\n|-damage|p2a: Dunsparce|19/100 par\n|-unboost|p1a: Cyclizar|spa|2\n|cant|p2a: Dunsparce|par\n|\n|upkeep\n|turn|25\n|inactive|Time left: 300 sec this turn | 300 sec total\n|\n|t:|1783560323\n|move|p1a: Cyclizar|Taunt|p2a: Dunsparce\n|-start|p2a: Dunsparce|move: Taunt\n|cant|p2a: Dunsparce|move: Taunt|Roost\n|\n|upkeep\n|turn|26\n|inactive|Time left: 300 sec this turn | 300 sec total\n|\n|t:|1783560324\n|move|p1a: Cyclizar|Draco Meteor|p2a: Dunsparce\n|-damage|p2a: Dunsparce|4/100 par\n|-unboost|p1a: Cyclizar|spa|2\n|move|p2a: Dunsparce|Body Slam|p1a: Cyclizar\n|-immune|p1a: Cyclizar\n|\n|upkeep\n|turn|27\n|inactive|Time left: 300 sec this turn | 300 sec total\n|\n|t:|1783560325\n|move|p1a: Cyclizar|Rapid Spin|p2a: Dunsparce\n|-damage|p2a: Dunsparce|0 fnt\n|-boost|p1a: Cyclizar|spe|1\n|faint|p2a: Dunsparce\n|\n|upkeep\n|\n|t:|1783560326\n|switch|p2a: Cramorant|Cramorant, L86, F|100/100\n|turn|28\n|inactive|Time left: 300 sec this turn | 300 sec total\n|\n|t:|1783560327\n|move|p1a: Cyclizar|Rapid Spin|p2a: Cramorant\n|-damage|p2a: Cramorant|73/100\n|-boost|p1a: Cyclizar|spe|1\n|move|p2a: Cramorant|Brave Bird|p1a: Cyclizar\n|-damage|p1a: Cyclizar|0 fnt\n|faint|p1a: Cyclizar\n|-damage|p2a: Cramorant|67/100|[from] Recoil\n|\n|upkeep\n|inactive|Time left: 300 sec this turn | 300 sec total | 5 sec grace\n|\n|t:|1783560328\n|switch|p1a: Tsareena|Tsareena, L87, F|195/267\n|turn|29\n|inactive|Time left: 300 sec this turn | 300 sec total\n|\n|t:|1783560329\n|move|p1a: Tsareena|Power Whip|p2a: Cramorant\n|-damage|p2a: Cramorant|0 fnt\n|faint|p2a: Cramorant\n|\n|upkeep\n|\n|t:|1783560330\n|switch|p2a: Talonflame|Talonflame, L83, F|100/100\n|turn|30\n|inactive|Time left: 300 sec this turn | 300 sec total\n|\n|t:|1783560331\n|move|p1a: Tsareena|Power Whip|p2a: Talonflame\n|-resisted|p2a: Talonflame\n|-damage|p2a: Talonflame|82/100\n|move|p2a: Talonflame|Brave Bird|p1a: Tsareena\n|-supereffective|p1a: Tsareena\n|-damage|p1a: Tsareena|0 fnt\n|faint|p1a: Tsareena\n|-damage|p2a: Talonflame|58/100|[from] Recoil\n|\n|upkeep\n|inactive|Time left: 300 sec this turn | 300 sec total | 5 sec grace\n|\n|t:|1783560332\n|switch|p1a: Hariyama|Hariyama, L87, F|220/392 brn\n|turn|31\n|inactive|Time left: 300 sec this turn | 300 sec total\n|\n|t:|1783560333\n|-terastallize|p2a: Talonflame|Dragon\n|move|p2a: Talonflame|Brave Bird|p1a: Hariyama\n|-supereffective|p1a: Hariyama\n|-damage|p1a: Hariyama|0 fnt\n|faint|p1a: Hariyama\n|-damage|p2a: Talonflame|31/100|[from] Recoil\n|\n|win|p0y181913d8", "uploadtime": 1783560333, "views": 0, "rating": 0, "private": 0, "password": null, "_winner": "p0y181913d8", "_our_name": "p0x181980dc"}