{"id": "battle-gen9randombattle-21", "formatid": "gen9randombattle", "format": "[Gen 9] Random Battle", "players": ["p0x0210437", "p0y021c7ac"], "log": "|init|battle\n|title|p0x0210437 vs. p0y021c7ac\n|j|\u2606p0x0210437\n|j|\u2606p0y021c7ac\n|t:|1783534061\n|gametype|singles\n|player|p1|p0x0210437|266|\n|player|p2|p0y021c7ac|2|\n|gen|9\n|tier|[Gen 9] Random Battle\n|rule|Species Clause: Limit one of each Pok\u00e9mon\n|rule|HP Percentage Mod: HP is shown in percentages\n|rule|Sleep Clause Mod: Limit one foe put to sleep\n|rule|Illusion Level Mod: Illusion disguises the Pok\u00e9mon's true level\n|\n|t:|1783534061\n|teamsize|p1|6\n|teamsize|p2|6\n|start\n|switch|p1a: Lunala|Lunala, L70|308/308\n|switch|p2a: Zangoose|Zangoose, L85, M|100/100\n|turn|1\n|inactive|Battle timer is ON: inactive players will automatically lose when time's up. (requested by p0y021c7ac)\n|inactive|Time left: 300 sec this turn | 300 sec total | 60 sec grace\n|inactive|p0x0210437 also wants the timer to be on.\n|\n|t:|1783534063\n|switch|p1a: Zacian|Zacian, L69|241/241\n|-ability|p1a: Zacian|Intrepid Sword|boost\n|-boost|p1a: Zacian|atk|1\n|move|p2a: Zangoose|Knock Off|p1a: Zacian\n|-resisted|p1a: Zacian\n|-damage|p1a: Zacian|204/241\n|-enditem|p1a: Zacian|Choice Band|[from] move: Knock Off|[of] p2a: Zangoose\n|\n|-status|p2a: Zangoose|tox|[from] item: Toxic Orb\n|upkeep\n|turn|2\n|inactive|Time left: 300 sec this turn | 300 sec total\n|\n|t:|1783534064\n|move|p1a: Zacian|Close Combat|p2a: Zangoose\n|-supereffective|p2a: Zangoose\n|-damage|p2a: Zangoose|8/100 tox\n|-unboost|p1a: Zacian|def|1\n|-unboost|p1a: Zacian|spd|1\n|move|p2a: Zangoose|Facade|p1a: Zacian\n|-damage|p1a: Zacian|0 fnt\n|faint|p1a: Zacian\n|\n|-damage|p2a: Zangoose|2/100 tox|[from] psn\n|upkeep\n|inactive|Time left: 300 sec this turn | 300 sec total | 5 sec grace\n|\n|t:|1783534065\n|switch|p1a: Conkeldurr|Conkeldurr, L80, M|299/299\n|turn|3\n|inactive|Time left: 300 sec this turn | 300 sec total\n|\n|t:|1783534066\n|move|p1a: Conkeldurr|Mach Punch|p2a: Zangoose\n|-supereffective|p2a: Zangoose\n|-damage|p2a: Zangoose|0 fnt\n|faint|p2a: Zangoose\n|\n|-status|p1a: Conkeldurr|brn|[from] item: Flame Orb\n|upkeep\n|\n|t:|1783534067\n|switch|p2a: Toucannon|Toucannon, L88, M|100/100\n|turn|4\n|inactive|Time left: 300 sec this turn | 300 sec total\n|\n|t:|1783534068\n|-terastallize|p1a: Conkeldurr|Normal\n|-singleturn|p2a: Toucannon|move: Beak Blast\n|move|p1a: Conkeldurr|Facade|p2a: Toucannon\n|-damage|p2a: Toucannon|0 fnt\n|faint|p2a: Toucannon\n|\n|-damage|p1a: Conkeldurr|281/299 brn|[from] brn\n|upkeep\n|\n|t:|1783534069\n|switch|p2a: Jumpluff|Jumpluff, L87, M|100/100\n|turn|5\n|inactive|Time left: 300 sec this turn | 300 sec total\n|\n|t:|1783534070\n|move|p2a: Jumpluff|Strength Sap|p1a: Conkeldurr\n|-unboost|p1a: Conkeldurr|atk|1\n|move|p1a: Conkeldurr|Facade|p2a: Jumpluff\n|-damage|p2a: Jumpluff|23/100\n|\n|-damage|p1a: Conkeldurr|263/299 brn|[from] brn\n|upkeep\n|turn|6\n|inactive|Time left: 300 sec this turn | 300 sec total\n|\n|t:|1783534071\n|move|p2a: Jumpluff|Strength Sap|p1a: Conkeldurr\n|-unboost|p1a: Conkeldurr|atk|1\n|-heal|p2a: Jumpluff|89/100\n|move|p1a: Conkeldurr|Facade|p2a: Jumpluff\n|-damage|p2a: Jumpluff|28/100\n|\n|-damage|p1a: Conkeldurr|245/299 brn|[from] brn\n|upkeep\n|turn|7\n|inactive|Time left: 300 sec this turn | 300 sec total\n|\n|t:|1783534072\n|switch|p1a: Landorus|Landorus-Therian, L76, M|260/260\n|-ability|p1a: Landorus|Intimidate|boost\n|-unboost|p2a: Jumpluff|atk|1\n|move|p2a: Jumpluff|Strength Sap|p1a: Landorus\n|-unboost|p1a: Landorus|atk|1\n|-heal|p2a: Jumpluff|100/100\n|\n|upkeep\n|turn|8\n|inactive|Time left: 300 sec this turn | 300 sec total\n|\n|t:|1783534073\n|switch|p2a: Manaphy|Manaphy, L78|100/100\n|move|p1a: Landorus|Stealth Rock|p2a: Manaphy\n|-sidestart|p2: p0y021c7ac|move: Stealth Rock\n|\n|upkeep\n|turn|9\n|inactive|Time left: 300 sec this turn | 300 sec total\n|\n|t:|1783534074\n|switch|p1a: Lunala|Lunala, L70|308/308\n|move|p2a: Manaphy|Tail Glow|p2a: Manaphy\n|-boost|p2a: Manaphy|spa|3\n|\n|upkeep\n|turn|10\n|inactive|Time left: 300 sec this turn | 300 sec total\n|\n|t:|1783534074\n|move|p2a: Manaphy|Surf|p1a: Lunala\n|-damage|p1a: Lunala|208/308\n|move|p1a: Lunala|Calm Mind|p1a: Lunala\n|-boost|p1a: Lunala|spa|1\n|-boost|p1a: Lunala|spd|1\n|\n|-heal|p1a: Lunala|227/308|[from] item: Leftovers\n|upkeep\n|turn|11\n|inactive|Time left: 300 sec this turn | 300 sec total\n|\n|t:|1783534075\n|move|p2a: Manaphy|Surf|p1a: Lunala\n|-damage|p1a: Lunala|89/308\n|move|p1a: Lunala|Moonlight|p1a: Lunala\n|-heal|p1a: Lunala|243/308\n|\n|-heal|p1a: Lunala|262/308|[from] item: Leftovers\n|upkeep\n|turn|12\n|inactive|Time left: 300 sec this turn | 300 sec total\n|\n|t:|1783534076\n|move|p2a: Manaphy|Surf|p1a: Lunala\n|-damage|p1a: Lunala|117/308\n|move|p1a: Lunala|Moonlight|p1a: Lunala\n|-heal|p1a: Lunala|271/308\n|\n|-heal|p1a: Lunala|290/308|[from] item: Leftovers\n|upkeep\n|turn|13\n|inactive|Time left: 300 sec this turn | 300 sec total\n|\n|t:|1783534077\n|move|p2a: Manaphy|Surf|p1a: Lunala\n|-damage|p1a: Lunala|139/308\n|move|p1a: Lunala|Moonlight|p1a: Lunala\n|-heal|p1a: Lunala|293/308\n|\n|-heal|p1a: Lunala|308/308|[from] item: Leftovers\n|upkeep\n|turn|14\n|inactive|Time left: 300 sec this turn | 300 sec total\n|\n|t:|1783534078\n|move|p2a: Manaphy|Tail Glow|p2a: Manaphy\n|-boost|p2a: Manaphy|spa|3\n|move|p1a: Lunala|Moongeist Beam|p2a: Manaphy\n|-damage|p2a: Manaphy|45/100\n|\n|-heal|p2a: Manaphy|50/100|[from] item: Leftovers\n|upkeep\n|turn|15\n|inactive|Time left: 300 sec this turn | 300 sec total\n|\n|t:|1783534078\n|move|p2a: Manaphy|Surf|p1a: Lunala\n|-damage|p1a: Lunala|191/308\n|move|p1a: Lunala|Moongeist Beam|p2a: Manaphy\n|-damage|p2a: Manaphy|0 fnt\n|faint|p2a: Manaphy\n|\n|-heal|p1a: Lunala|210/308|[from] item: Leftovers\n|upkeep\n|\n|t:|1783534079\n|switch|p2a: Sudowoodo|Sudowoodo, L94, M|100/100\n|-damage|p2a: Sudowoodo|88/100|[from] Stealth Rock\n|turn|16\n|inactive|Time left: 300 sec this turn | 300 sec total\n|\n|t:|1783534080\n|move|p1a: Lunala|Moonlight|p1a: Lunala\n|-heal|p1a: Lunala|308/308\n|move|p2a: Sudowoodo|Head Smash|p1a: Lunala\n|-damage|p1a: Lunala|196/308\n|\n|-heal|p1a: Lunala|215/308|[from] item: Leftovers\n|-heal|p2a: Sudowoodo|94/100|[from] item: Leftovers\n|upkeep\n|turn|17\n|inactive|Time left: 300 sec this turn | 300 sec total\n|\n|t:|1783534081\n|move|p1a: Lunala|Moonlight|p1a: Lunala\n|-heal|p1a: Lunala|308/308\n|move|p2a: Sudowoodo|Head Smash|p1a: Lunala\n|-damage|p1a: Lunala|198/308\n|\n|-heal|p1a: Lunala|217/308|[from] item: Leftovers\n|-heal|p2a: Sudowoodo|99/100|[from] item: Leftovers\n|upkeep\n|turn|18\n|inactive|Time left: 300 sec this turn | 300 sec total\n|\n|t:|1783534082\n|move|p1a: Lunala|Moonlight|p1a: Lunala\n|-heal|p1a: Lunala|308/308\n|move|p2a: Sudowoodo|Head Smash|p1a: Lunala\n|-damage|p1a: Lunala|196/308\n|\n|-heal|p1a: Lunala|215/308|[from] item: Leftovers\n|-heal|p2a: Sudowoodo|100/100|[from] item: Leftovers\n|upkeep\n|turn|19\n|inactive|Time left: 300 sec this turn | 300 sec total\n|\n|t:|1783534083\n|move|p1a: Lunala|Moonlight|p1a: Lunala\n|-heal|p1a: Lunala|308/308\n|move|p2a: Sudowoodo|Head Smash|p1a: Lunala\n|-damage|p1a: Lunala|183/308\n|\n|-heal|p1a: Lunala|202/308|[from] item: Leftovers\n|upkeep\n|turn|20\n|inactive|Time left: 300 sec this turn | 300 sec total\n|\n|t:|1783534084\n|move|p1a: Lunala|Moonlight|p1a: Lunala\n|-heal|p1a: Lunala|308/308\n|move|p2a: Sudowoodo|Head Smash|p1a: Lunala|[miss]\n|-miss|p2a: Sudowoodo|p1a: Lunala\n|\n|upkeep\n|turn|21\n|inactive|Time left: 300 sec this turn | 300 sec total\n|\n|t:|1783534085\n|move|p2a: Sudowoodo|Sucker Punch|p1a: Lunala\n|-supereffective|p1a: Lunala\n|-damage|p1a: Lunala|156/308\n|move|p1a: Lunala|Moongeist Beam|p2a: Sudowoodo\n|-damage|p2a: Sudowoodo|42/100\n|\n|-heal|p1a: Lunala|175/308|[from] item: Leftovers\n|-heal|p2a: Sudowoodo|48/100|[from] item: Leftovers\n|upkeep\n|turn|22\n|inactive|Time left: 300 sec this turn | 300 sec total\n|\n|t:|1783534087\n|move|p2a: Sudowoodo|Sucker Punch|p1a: Lunala\n|-supereffective|p1a: Lunala\n|-damage|p1a: Lunala|0 fnt\n|faint|p1a: Lunala\n|\n|-heal|p2a: Sudowoodo|54/100|[from] item: Leftovers\n|upkeep\n|inactive|Time left: 300 sec this turn | 300 sec total | 5 sec grace\n|\n|t:|1783534088\n|switch|p1a: Conkeldurr|Conkeldurr, L80, M, tera:Normal|245/299 brn\n|turn|23\n|inactive|Time left: 300 sec this turn | 300 sec total\n|\n|t:|1783534089\n|move|p1a: Conkeldurr|Close Combat|p2a: Sudowoodo\n|-supereffective|p2a: Sudowoodo\n|-damage|p2a: Sudowoodo|0 fnt\n|-unboost|p1a: Conkeldurr|def|1\n|-unboost|p1a: Conkeldurr|spd|1\n|faint|p2a: Sudowoodo\n|\n|-damage|p1a: Conkeldurr|227/299 brn|[from] brn\n|upkeep\n|\n|t:|1783534089\n|switch|p2a: Plusle|Plusle, L95, F|100/100\n|-damage|p2a: Plusle|88/100|[from] Stealth Rock\n|turn|24\n|inactive|Time left: 300 sec this turn | 300 sec total\n|\n|t:|1783534090\n|switch|p1a: Komala|Komala, L87, M|255/255\n|-ability|p1a: Komala|Comatose\n|move|p2a: Plusle|Thunderbolt|p1a: Komala\n|-damage|p1a: Komala|161/255\n|-damage|p2a: Plusle|78/100|[from] item: Life Orb\n|\n|upkeep\n|turn|25\n|inactive|Time left: 300 sec this turn | 300 sec total\n|\n|t:|1783534091\n|switch|p2a: Jumpluff|Jumpluff, L87, M|100/100\n|-damage|p2a: Jumpluff|76/100|[from] Stealth Rock\n|move|p1a: Komala|Rapid Spin|p2a: Jumpluff\n|-damage|p2a: Jumpluff|50/100\n|-boost|p1a: Komala|spe|1\n|\n|upkeep\n|turn|26\n|inactive|Time left: 300 sec this turn | 300 sec total\n|\n|t:|1783534093\n|move|p1a: Komala|Body Slam|p2a: Jumpluff\n|-damage|p2a: Jumpluff|2/100\n|move|p2a: Jumpluff|Strength Sap|p1a: Komala\n|-unboost|p1a: Komala|atk|1\n|-heal|p2a: Jumpluff|94/100\n|\n|upkeep\n|turn|27\n|inactive|Time left: 300 sec this turn | 300 sec total\n|\n|t:|1783534094\n|switch|p1a: Landorus|Landorus-Therian, L76, M|260/260\n|-ability|p1a: Landorus|Intimidate|boost\n|-unboost|p2a: Jumpluff|atk|1\n|move|p2a: Jumpluff|Strength Sap|p1a: Landorus\n|-unboost|p1a: Landorus|atk|1\n|-heal|p2a: Jumpluff|100/100\n|\n|upkeep\n|turn|28\n|inactive|Time left: 300 sec this turn | 300 sec total\n|\n|t:|1783534095\n|switch|p1a: Veluza|Veluza, L85, M|292/292\n|move|p2a: Jumpluff|Leech Seed|p1a: Veluza\n|-start|p1a: Veluza|move: Leech Seed\n|\n|-damage|p1a: Veluza|256/292|[from] Leech Seed|[of] p2a: Jumpluff\n|upkeep\n|turn|29\n|inactive|Time left: 300 sec this turn | 300 sec total\n|\n|t:|1783534096\n|move|p2a: Jumpluff|Acrobatics|p1a: Veluza\n|-damage|p1a: Veluza|190/292\n|move|p1a: Veluza|Fillet Away|p1a: Veluza\n|-boost|p1a: Veluza|atk|2\n|-boost|p1a: Veluza|spa|2\n|-boost|p1a: Veluza|spe|2\n|-damage|p1a: Veluza|44/292\n|-enditem|p1a: Veluza|Sitrus Berry|[eat]\n|-heal|p1a: Veluza|117/292|[from] item: Sitrus Berry\n|\n|-damage|p1a: Veluza|81/292|[from] Leech Seed|[of] p2a: Jumpluff\n|upkeep\n|turn|30\n|inactive|Time left: 300 sec this turn | 300 sec total\n|\n|t:|1783534097\n|move|p1a: Veluza|Psycho Cut|p2a: Jumpluff\n|-damage|p2a: Jumpluff|5/100\n|move|p2a: Jumpluff|Acrobatics|p1a: Veluza\n|-damage|p1a: Veluza|23/292\n|\n|-damage|p1a: Veluza|0 fnt|[from] Leech Seed|[of] p2a: Jumpluff\n|-heal|p2a: Jumpluff|13/100|[silent]\n|faint|p1a: Veluza\n|upkeep\n|inactive|Time left: 300 sec this turn | 300 sec total | 5 sec grace\n|\n|t:|1783534098\n|switch|p1a: Conkeldurr|Conkeldurr, L80, M, tera:Normal|227/299 brn\n|turn|31\n|inactive|Time left: 300 sec this turn | 300 sec total\n|\n|t:|1783534099\n|move|p1a: Conkeldurr|Mach Punch|p2a: Jumpluff\n|-resisted|p2a: Jumpluff\n|-damage|p2a: Jumpluff|0 fnt\n|faint|p2a: Jumpluff\n|\n|-damage|p1a: Conkeldurr|209/299 brn|[from] brn\n|upkeep\n|\n|t:|1783534100\n|switch|p2a: Plusle|Plusle, L95, F|78/100\n|-damage|p2a: Plusle|66/100|[from] Stealth Rock\n|turn|32\n|inactive|Time left: 300 sec this turn | 300 sec total\n|\n|t:|1783534100\n|-terastallize|p2a: Plusle|Electric\n|move|p2a: Plusle|Thunderbolt|p1a: Conkeldurr\n|-damage|p1a: Conkeldurr|0 fnt\n|faint|p1a: Conkeldurr\n|-damage|p2a: Plusle|56/100|[from] item: Life Orb\n|\n|upkeep\n|inactive|Time left: 300 sec this turn | 300 sec total | 5 sec grace\n|\n|t:|1783534101\n|switch|p1a: Landorus|Landorus-Therian, L76, M|260/260\n|-ability|p1a: Landorus|Intimidate|boost\n|-unboost|p2a: Plusle|atk|1\n|turn|33\n|inactive|Time left: 300 sec this turn | 300 sec total\n|\n|t:|1783534102\n|move|p2a: Plusle|Alluring Voice|p1a: Landorus\n|-damage|p1a: Landorus|151/260\n|-damage|p2a: Plusle|47/100|[from] item: Life Orb\n|move|p1a: Landorus|Earthquake|p2a: Plusle\n|-supereffective|p2a: Plusle\n|-damage|p2a: Plusle|0 fnt\n|faint|p2a: Plusle\n|\n|win|p0x0210437", "uploadtime": 1783534102, "views": 0, "rating": 0, "private": 0, "password": null, "_winner": "p0x0210437", "_our_name": "p0x0210437"}