{"id": "battle-gen9randombattle-759", "formatid": "gen9randombattle", "format": "[Gen 9] Random Battle", "players": ["p0x7590fd7", "p0y759863d"], "log": "|init|battle\n|title|p0x7590fd7 vs. p0y759863d\n|j|\u2606p0x7590fd7\n|j|\u2606p0y759863d\n|t:|1783547940\n|gametype|singles\n|player|p1|p0x7590fd7|266|\n|player|p2|p0y759863d|102|\n|gen|9\n|tier|[Gen 9] Random Battle\n|rule|Species Clause: Limit one of each Pok\u00e9mon\n|rule|HP Percentage Mod: HP is shown in percentages\n|rule|Sleep Clause Mod: Limit one foe put to sleep\n|rule|Illusion Level Mod: Illusion disguises the Pok\u00e9mon's true level\n|\n|t:|1783547940\n|teamsize|p1|6\n|teamsize|p2|6\n|start\n|switch|p1a: Pelipper|Pelipper, L86, M|243/243\n|switch|p2a: Gardevoir|Gardevoir, L83, F|100/100\n|-ability|p2a: Gardevoir|Drizzle|Trace|[from] ability: Trace|[of] p1a: Pelipper\n|-weather|RainDance|[from] ability: Drizzle|[of] p2a: Gardevoir\n|turn|1\n|inactive|Battle timer is ON: inactive players will automatically lose when time's up. (requested by p0y759863d)\n|inactive|Time left: 300 sec this turn | 300 sec total | 60 sec grace\n|inactive|p0x7590fd7 also wants the timer to be on.\n|\n|t:|1783547941\n|move|p2a: Gardevoir|Moonblast|p1a: Pelipper\n|-damage|p1a: Pelipper|96/243\n|move|p1a: Pelipper|Surf|p2a: Gardevoir\n|-damage|p2a: Gardevoir|51/100\n|\n|-weather|RainDance|[upkeep]\n|upkeep\n|turn|2\n|inactive|Time left: 300 sec this turn | 300 sec total\n|\n|t:|1783547943\n|switch|p1a: Gumshoos|Gumshoos, L95, M|321/321\n|move|p2a: Gardevoir|Moonblast|p1a: Gumshoos\n|-damage|p1a: Gumshoos|182/321\n|-unboost|p1a: Gumshoos|spa|1\n|\n|-weather|RainDance|[upkeep]\n|upkeep\n|turn|3\n|inactive|Time left: 300 sec this turn | 300 sec total\n|\n|t:|1783547944\n|move|p2a: Gardevoir|Moonblast|p1a: Gumshoos\n|-damage|p1a: Gumshoos|37/321\n|move|p1a: Gumshoos|Knock Off|p2a: Gardevoir\n|-crit|p2a: Gardevoir\n|-damage|p2a: Gardevoir|0 fnt\n|-enditem|p2a: Gardevoir|Choice Scarf|[from] move: Knock Off|[of] p1a: Gumshoos\n|faint|p2a: Gardevoir\n|\n|-weather|RainDance|[upkeep]\n|upkeep\n|\n|t:|1783547945\n|switch|p2a: Flareon|Flareon, L90, F|100/100\n|turn|4\n|inactive|Time left: 300 sec this turn | 300 sec total\n|\n|t:|1783547946\n|switch|p1a: Falinks|Falinks, L84|246/246\n|move|p2a: Flareon|Trailblaze|p1a: Falinks\n|-damage|p1a: Falinks|199/246\n|-boost|p2a: Flareon|spe|1\n|\n|-weather|RainDance|[upkeep]\n|-status|p2a: Flareon|tox|[from] item: Toxic Orb\n|upkeep\n|turn|5\n|inactive|Time left: 300 sec this turn | 300 sec total\n|\n|t:|1783547947\n|move|p2a: Flareon|Facade|p1a: Falinks\n|-damage|p1a: Falinks|0 fnt\n|faint|p1a: Falinks\n|\n|-weather|none\n|-damage|p2a: Flareon|94/100 tox|[from] psn\n|upkeep\n|inactive|Time left: 300 sec this turn | 300 sec total | 5 sec grace\n|\n|t:|1783547947\n|switch|p1a: Grimmsnarl|Grimmsnarl, L83, M|293/293\n|turn|6\n|inactive|Time left: 300 sec this turn | 300 sec total\n|\n|t:|1783547948\n|move|p1a: Grimmsnarl|Reflect|p1a: Grimmsnarl\n|-sidestart|p1: p0x7590fd7|Reflect\n|move|p2a: Flareon|Flare Blitz|p1a: Grimmsnarl\n|-damage|p1a: Grimmsnarl|134/293\n|-damage|p2a: Flareon|75/100 tox|[from] Recoil\n|\n|-damage|p2a: Flareon|62/100 tox|[from] psn\n|upkeep\n|turn|7\n|inactive|Time left: 300 sec this turn | 300 sec total\n|\n|t:|1783547949\n|move|p1a: Grimmsnarl|Light Screen|p1a: Grimmsnarl\n|-sidestart|p1: p0x7590fd7|move: Light Screen\n|move|p2a: Flareon|Facade|p1a: Grimmsnarl\n|-damage|p1a: Grimmsnarl|0 fnt\n|faint|p1a: Grimmsnarl\n|\n|-damage|p2a: Flareon|44/100 tox|[from] psn\n|upkeep\n|inactive|Time left: 300 sec this turn | 300 sec total | 5 sec grace\n|\n|t:|1783547950\n|switch|p1a: Tatsugiri|Tatsugiri, L87, M|260/260\n|turn|8\n|inactive|Time left: 300 sec this turn | 300 sec total\n|\n|t:|1783547951\n|switch|p2a: Lapras|Lapras, L87, M|100/100\n|move|p1a: Tatsugiri|Nasty Plot|p1a: Tatsugiri\n|-boost|p1a: Tatsugiri|spa|2\n|\n|upkeep\n|turn|9\n|inactive|Time left: 300 sec this turn | 300 sec total\n|\n|t:|1783547952\n|move|p1a: Tatsugiri|Nasty Plot|p1a: Tatsugiri\n|-boost|p1a: Tatsugiri|spa|2\n|move|p2a: Lapras|Dragon Dance|p2a: Lapras\n|-boost|p2a: Lapras|atk|1\n|-boost|p2a: Lapras|spe|1\n|\n|upkeep\n|turn|10\n|inactive|Time left: 300 sec this turn | 300 sec total\n|\n|t:|1783547953\n|move|p2a: Lapras|Icicle Spear|p1a: Tatsugiri\n|-damage|p1a: Tatsugiri|236/260\n|-damage|p1a: Tatsugiri|213/260\n|-damage|p1a: Tatsugiri|189/260\n|-damage|p1a: Tatsugiri|164/260\n|-damage|p1a: Tatsugiri|141/260\n|-hitcount|p1a: Tatsugiri|5\n|move|p1a: Tatsugiri|Draco Meteor|p2a: Lapras\n|-damage|p2a: Lapras|0 fnt\n|-unboost|p1a: Tatsugiri|spa|2\n|faint|p2a: Lapras\n|\n|upkeep\n|\n|t:|1783547954\n|switch|p2a: Ogerpon|Ogerpon-Cornerstone, L76, F|100/100\n|turn|11\n|inactive|Time left: 300 sec this turn | 300 sec total\n|\n|t:|1783547954\n|move|p2a: Ogerpon|Ivy Cudgel|p1a: Tatsugiri|[anim] Ivy Cudgel Rock\n|-damage|p1a: Tatsugiri|56/260\n|move|p1a: Tatsugiri|Rapid Spin|p2a: Ogerpon\n|-resisted|p2a: Ogerpon\n|-damage|p2a: Ogerpon|95/100\n|-boost|p1a: Tatsugiri|spe|1\n|\n|upkeep\n|turn|12\n|inactive|Time left: 300 sec this turn | 300 sec total\n|\n|t:|1783547955\n|move|p1a: Tatsugiri|Hydro Pump|p2a: Ogerpon\n|-damage|p2a: Ogerpon|0 fnt\n|faint|p2a: Ogerpon\n|\n|upkeep\n|\n|t:|1783547956\n|switch|p2a: Flareon|Flareon, L90, F|44/100 tox\n|turn|13\n|inactive|Time left: 300 sec this turn | 300 sec total\n|\n|t:|1783547957\n|-terastallize|p1a: Tatsugiri|Steel\n|-terastallize|p2a: Flareon|Normal\n|move|p2a: Flareon|Quick Attack|p1a: Tatsugiri\n|-resisted|p1a: Tatsugiri\n|-damage|p1a: Tatsugiri|27/260\n|move|p1a: Tatsugiri|Hydro Pump|p2a: Flareon\n|-damage|p2a: Flareon|0 fnt\n|faint|p2a: Flareon\n|\n|-sideend|p1: p0x7590fd7|Reflect\n|upkeep\n|\n|t:|1783547958\n|switch|p2a: Cinderace|Cinderace, L77, F|100/100\n|turn|14\n|inactive|Time left: 300 sec this turn | 300 sec total\n|\n|t:|1783547959\n|switch|p2a: Slither Wing|Slither Wing, L81|100/100\n|move|p1a: Tatsugiri|Hydro Pump|p2a: Slither Wing\n|-damage|p2a: Slither Wing|0 fnt\n|faint|p2a: Slither Wing\n|-end|p2a: Slither Wing|Protosynthesis|[silent]\n|\n|-sideend|p1: p0x7590fd7|move: Light Screen\n|upkeep\n|\n|t:|1783547960\n|switch|p2a: Cinderace|Cinderace, L77, F|100/100\n|turn|15\n|inactive|Time left: 300 sec this turn | 300 sec total\n|\n|t:|1783547961\n|move|p1a: Tatsugiri|Draco Meteor|p2a: Cinderace|[miss]\n|-miss|p1a: Tatsugiri|p2a: Cinderace\n|move|p2a: Cinderace|Pyro Ball|p1a: Tatsugiri\n|-supereffective|p1a: Tatsugiri\n|-damage|p1a: Tatsugiri|0 fnt\n|faint|p1a: Tatsugiri\n|\n|upkeep\n|inactive|Time left: 300 sec this turn | 300 sec total | 5 sec grace\n|\n|t:|1783547962\n|switch|p1a: Pelipper|Pelipper, L86, M|96/243\n|-weather|RainDance|[from] ability: Drizzle|[of] p1a: Pelipper\n|turn|16\n|inactive|Time left: 300 sec this turn | 300 sec total\n|\n|t:|1783547962\n|move|p2a: Cinderace|Court Change||[still]\n|-start|p2a: Cinderace|typechange|Normal|[from] ability: Libero\n|-fail|p2a: Cinderace\n|move|p1a: Pelipper|Surf|p2a: Cinderace\n|-damage|p2a: Cinderace|23/100\n|\n|-weather|RainDance|[upkeep]\n|upkeep\n|turn|17\n|inactive|Time left: 300 sec this turn | 300 sec total\n|\n|t:|1783547963\n|move|p2a: Cinderace|U-turn|p1a: Pelipper\n|-resisted|p1a: Pelipper\n|-damage|p1a: Pelipper|74/243\n|move|p1a: Pelipper|Surf|p2a: Cinderace\n|-damage|p2a: Cinderace|0 fnt\n|faint|p2a: Cinderace\n|\n|win|p0x7590fd7", "uploadtime": 1783547963, "views": 0, "rating": 0, "private": 0, "password": null, "_winner": "p0x7590fd7", "_our_name": "p0x7590fd7"}