{"id": "battle-gen9randombattle-136", "formatid": "gen9randombattle", "format": "[Gen 9] Random Battle", "players": ["p0x136bea4", "p0y136ebfb"], "log": "|init|battle\n|title|p0x136bea4 vs. p0y136ebfb\n|j|\u2606p0x136bea4\n|j|\u2606p0y136ebfb\n|t:|1783541058\n|gametype|singles\n|player|p1|p0x136bea4|265|\n|player|p2|p0y136ebfb|265|\n|gen|9\n|tier|[Gen 9] Random Battle\n|rule|Species Clause: Limit one of each Pok\u00e9mon\n|rule|HP Percentage Mod: HP is shown in percentages\n|rule|Sleep Clause Mod: Limit one foe put to sleep\n|rule|Illusion Level Mod: Illusion disguises the Pok\u00e9mon's true level\n|\n|t:|1783541058\n|teamsize|p1|6\n|teamsize|p2|6\n|start\n|switch|p1a: Iron Crown|Iron Crown, L78|100/100\n|switch|p2a: Alcremie|Alcremie-Salted-Cream, L90, F|263/263\n|turn|1\n|inactive|Battle timer is ON: inactive players will automatically lose when time's up. (requested by p0x136bea4)\n|inactive|Time left: 300 sec this turn | 300 sec total | 60 sec grace\n|inactive|p0y136ebfb also wants the timer to be on.\n|\n|t:|1783541060\n|move|p1a: Iron Crown|Calm Mind|p1a: Iron Crown\n|-boost|p1a: Iron Crown|spa|1\n|-boost|p1a: Iron Crown|spd|1\n|move|p2a: Alcremie|Calm Mind|p2a: Alcremie\n|-boost|p2a: Alcremie|spa|1\n|-boost|p2a: Alcremie|spd|1\n|\n|upkeep\n|turn|2\n|inactive|Time left: 300 sec this turn | 300 sec total\n|\n|t:|1783541061\n|-terastallize|p2a: Alcremie|Ground\n|move|p1a: Iron Crown|Psyshock|p2a: Alcremie\n|-damage|p2a: Alcremie|118/263\n|move|p2a: Alcremie|Tera Blast|p1a: Iron Crown|[anim] Tera Blast Ground\n|-supereffective|p1a: Iron Crown\n|-damage|p1a: Iron Crown|28/100\n|\n|-heal|p1a: Iron Crown|34/100|[from] item: Leftovers\n|-heal|p2a: Alcremie|134/263|[from] item: Leftovers\n|upkeep\n|turn|3\n|inactive|Time left: 300 sec this turn | 300 sec total\n|\n|t:|1783541063\n|move|p1a: Iron Crown|Psyshock|p2a: Alcremie\n|-damage|p2a: Alcremie|0 fnt\n|faint|p2a: Alcremie\n|\n|-heal|p1a: Iron Crown|40/100|[from] item: Leftovers\n|upkeep\n|inactive|Time left: 300 sec this turn | 300 sec total | 5 sec grace\n|\n|t:|1783541064\n|switch|p2a: Ursaring|Ursaring, L84, M|288/288\n|turn|4\n|inactive|Time left: 300 sec this turn | 300 sec total\n|\n|t:|1783541065\n|move|p1a: Iron Crown|Focus Blast|p2a: Ursaring\n|-supereffective|p2a: Ursaring\n|-damage|p2a: Ursaring|106/288\n|move|p2a: Ursaring|Throat Chop|p1a: Iron Crown\n|-supereffective|p1a: Iron Crown\n|-damage|p1a: Iron Crown|0 fnt\n|faint|p1a: Iron Crown\n|-end|p1a: Iron Crown|Quark Drive|[silent]\n|\n|upkeep\n|\n|t:|1783541066\n|switch|p1a: Meowscarada|Meowscarada, L78, F|100/100\n|turn|5\n|inactive|Time left: 300 sec this turn | 300 sec total\n|\n|t:|1783541067\n|move|p1a: Meowscarada|Triple Axel|p2a: Ursaring\n|-start|p1a: Meowscarada|typechange|Ice|[from] ability: Protean\n|-damage|p2a: Ursaring|81/288\n|-hitcount|p2a: Ursaring|1\n|move|p2a: Ursaring|Rest|p2a: Ursaring\n|-status|p2a: Ursaring|slp|[from] move: Rest\n|-heal|p2a: Ursaring|288/288 slp|[silent]\n|\n|upkeep\n|turn|6\n|inactive|Time left: 300 sec this turn | 300 sec total\n|\n|t:|1783541068\n|move|p1a: Meowscarada|Triple Axel|p2a: Ursaring|[miss]\n|-miss|p1a: Meowscarada|p2a: Ursaring\n|cant|p2a: Ursaring|slp\n|move|p2a: Ursaring|Sleep Talk|p2a: Ursaring\n|move|p2a: Ursaring|Rest||[from] move: Sleep Talk|[still]\n|-fail|p2a: Ursaring\n|\n|upkeep\n|turn|7\n|inactive|Time left: 300 sec this turn | 300 sec total\n|\n|t:|1783541069\n|move|p1a: Meowscarada|Triple Axel|p2a: Ursaring\n|-damage|p2a: Ursaring|264/288 slp\n|-hitcount|p2a: Ursaring|1\n|cant|p2a: Ursaring|slp\n|move|p2a: Ursaring|Sleep Talk|p2a: Ursaring\n|move|p2a: Ursaring|Throat Chop|p1a: Meowscarada|[from] move: Sleep Talk\n|-damage|p1a: Meowscarada|45/100\n|-start|p1a: Meowscarada|Throat Chop|[silent]\n|\n|upkeep\n|turn|8\n|inactive|Time left: 300 sec this turn | 300 sec total\n|\n|t:|1783541070\n|move|p1a: Meowscarada|Triple Axel|p2a: Ursaring\n|-damage|p2a: Ursaring|239/288 slp\n|-damage|p2a: Ursaring|190/288 slp\n|-damage|p2a: Ursaring|123/288 slp\n|-hitcount|p2a: Ursaring|3\n|-curestatus|p2a: Ursaring|slp|[msg]\n|move|p2a: Ursaring|Body Slam|p1a: Meowscarada\n|-damage|p1a: Meowscarada|0 fnt\n|faint|p1a: Meowscarada\n|\n|upkeep\n|\n|t:|1783541071\n|switch|p1a: Basculin|Basculin, L86, M|100/100\n|turn|9\n|inactive|Time left: 300 sec this turn | 300 sec total\n|\n|t:|1783541073\n|move|p1a: Basculin|Wave Crash|p2a: Ursaring\n|-damage|p2a: Ursaring|0 fnt\n|faint|p2a: Ursaring\n|-damage|p1a: Basculin|85/100|[from] Recoil\n|\n|upkeep\n|inactive|Time left: 300 sec this turn | 300 sec total | 5 sec grace\n|\n|t:|1783541074\n|switch|p2a: Kilowattrel|Kilowattrel, L83, F|252/252\n|turn|10\n|inactive|Time left: 300 sec this turn | 300 sec total\n|\n|t:|1783541075\n|switch|p1a: Garchomp|Garchomp, L74, F|100/100\n|move|p2a: Kilowattrel|Thunderbolt|p1a: Garchomp\n|-immune|p1a: Garchomp\n|\n|upkeep\n|turn|11\n|inactive|Time left: 300 sec this turn | 300 sec total\n|\n|t:|1783541076\n|move|p2a: Kilowattrel|Hurricane|p1a: Garchomp\n|-damage|p1a: Garchomp|49/100\n|move|p1a: Garchomp|Outrage|p2a: Kilowattrel\n|-damage|p2a: Kilowattrel|84/252\n|\n|upkeep\n|turn|12\n|inactive|Time left: 300 sec this turn | 300 sec total\n|\n|t:|1783541077\n|move|p2a: Kilowattrel|Hurricane|p1a: Garchomp\n|-damage|p1a: Garchomp|0 fnt\n|faint|p1a: Garchomp\n|\n|upkeep\n|\n|t:|1783541078\n|switch|p1a: Basculin|Basculin, L86, M|85/100\n|turn|13\n|inactive|Time left: 300 sec this turn | 300 sec total\n|\n|t:|1783541080\n|move|p1a: Basculin|Aqua Jet|p2a: Kilowattrel\n|-damage|p2a: Kilowattrel|0 fnt\n|faint|p2a: Kilowattrel\n|\n|upkeep\n|inactive|Time left: 300 sec this turn | 300 sec total | 5 sec grace\n|\n|t:|1783541081\n|switch|p2a: Girafarig|Girafarig, L89, F|269/269\n|turn|14\n|inactive|Time left: 300 sec this turn | 300 sec total\n|\n|t:|1783541082\n|switch|p1a: Volcarona|Volcarona, L77, F|100/100\n|move|p2a: Girafarig|Nasty Plot|p2a: Girafarig\n|-boost|p2a: Girafarig|spa|2\n|\n|upkeep\n|turn|15\n|inactive|Time left: 300 sec this turn | 300 sec total\n|\n|t:|1783541083\n|move|p2a: Girafarig|Psyshock|p1a: Volcarona\n|-damage|p1a: Volcarona|9/100\n|move|p1a: Volcarona|Quiver Dance|p1a: Volcarona\n|-boost|p1a: Volcarona|spa|1\n|-boost|p1a: Volcarona|spd|1\n|-boost|p1a: Volcarona|spe|1\n|\n|upkeep\n|turn|16\n|inactive|Time left: 300 sec this turn | 300 sec total\n|\n|t:|1783541084\n|switch|p2a: Goodra|Goodra, L85, M|292/292\n|move|p1a: Volcarona|Bug Buzz|p2a: Goodra\n|-damage|p2a: Goodra|192/292\n|\n|upkeep\n|turn|17\n|inactive|Time left: 300 sec this turn | 300 sec total\n|\n|t:|1783541085\n|move|p1a: Volcarona|Bug Buzz|p2a: Goodra\n|-damage|p2a: Goodra|92/292\n|move|p2a: Goodra|Sludge Bomb|p1a: Volcarona\n|-damage|p1a: Volcarona|0 fnt\n|faint|p1a: Volcarona\n|\n|upkeep\n|\n|t:|1783541086\n|switch|p1a: Poliwrath|Poliwrath, L88, M|100/100\n|turn|18\n|inactive|Time left: 300 sec this turn | 300 sec total\n|\n|t:|1783541087\n|switch|p2a: Pecharunt|Pecharunt, L77|262/262\n|move|p1a: Poliwrath|Bulk Up|p1a: Poliwrath\n|-boost|p1a: Poliwrath|atk|1\n|-boost|p1a: Poliwrath|def|1\n|\n|upkeep\n|turn|19\n|inactive|Time left: 300 sec this turn | 300 sec total\n|\n|t:|1783541088\n|move|p2a: Pecharunt|Nasty Plot|p2a: Pecharunt\n|-boost|p2a: Pecharunt|spa|2\n|move|p1a: Poliwrath|Bulk Up|p1a: Poliwrath\n|-boost|p1a: Poliwrath|atk|1\n|-boost|p1a: Poliwrath|def|1\n|\n|upkeep\n|turn|20\n|inactive|Time left: 300 sec this turn | 300 sec total\n|\n|t:|1783541089\n|move|p2a: Pecharunt|Malignant Chain|p1a: Poliwrath\n|-damage|p1a: Poliwrath|48/100\n|move|p1a: Poliwrath|Liquidation|p2a: Pecharunt\n|-damage|p2a: Pecharunt|130/262\n|\n|-heal|p2a: Pecharunt|146/262|[from] item: Leftovers\n|-heal|p1a: Poliwrath|54/100|[from] item: Leftovers\n|upkeep\n|turn|21\n|inactive|Time left: 300 sec this turn | 300 sec total\n|\n|t:|1783541090\n|move|p2a: Pecharunt|Shadow Ball|p1a: Poliwrath\n|-damage|p1a: Poliwrath|10/100\n|move|p1a: Poliwrath|Liquidation|p2a: Pecharunt\n|-damage|p2a: Pecharunt|4/262\n|\n|-heal|p2a: Pecharunt|20/262|[from] item: Leftovers\n|-heal|p1a: Poliwrath|16/100|[from] item: Leftovers\n|upkeep\n|turn|22\n|inactive|Time left: 300 sec this turn | 300 sec total\n|\n|t:|1783541091\n|move|p2a: Pecharunt|Shadow Ball|p1a: Poliwrath\n|-damage|p1a: Poliwrath|0 fnt\n|faint|p1a: Poliwrath\n|\n|-heal|p2a: Pecharunt|36/262|[from] item: Leftovers\n|upkeep\n|\n|t:|1783541092\n|switch|p1a: Basculin|Basculin, L86, M|85/100\n|turn|23\n|inactive|Time left: 300 sec this turn | 300 sec total\n|\n|t:|1783541093\n|move|p1a: Basculin|Flip Turn|p2a: Pecharunt\n|-damage|p2a: Pecharunt|0 fnt\n|faint|p2a: Pecharunt\n|\n|upkeep\n|inactive|Time left: 300 sec this turn | 300 sec total | 5 sec grace\n|\n|t:|1783541094\n|switch|p2a: Girafarig|Girafarig, L89, F|269/269\n|turn|24\n|inactive|Time left: 300 sec this turn | 300 sec total\n|\n|t:|1783541095\n|-terastallize|p1a: Basculin|Water\n|move|p1a: Basculin|Flip Turn|p2a: Girafarig\n|-damage|p2a: Girafarig|159/269\n|move|p2a: Girafarig|Thunderbolt|p1a: Basculin\n|-supereffective|p1a: Basculin\n|-damage|p1a: Basculin|18/100\n|\n|upkeep\n|turn|25\n|inactive|Time left: 300 sec this turn | 300 sec total\n|\n|t:|1783541096\n|move|p1a: Basculin|Flip Turn|p2a: Girafarig\n|-damage|p2a: Girafarig|40/269\n|move|p2a: Girafarig|Thunderbolt|p1a: Basculin\n|-supereffective|p1a: Basculin\n|-damage|p1a: Basculin|0 fnt\n|faint|p1a: Basculin\n|\n|win|p0y136ebfb", "uploadtime": 1783541096, "views": 0, "rating": 0, "private": 0, "password": null, "_winner": "p0y136ebfb", "_our_name": "p0y136ebfb"}