{"id": "battle-gen9randombattle-2573", "formatid": "gen9randombattle", "format": "[Gen 9] Random Battle", "players": ["p0x25739487", "p0y25739993"], "log": "|init|battle\n|title|p0x25739487 vs. p0y25739993\n|j|\u2606p0x25739487\n|j|\u2606p0y25739993\n|t:|1783568797\n|gametype|singles\n|player|p1|p0x25739487|1|\n|player|p2|p0y25739993|2|\n|gen|9\n|tier|[Gen 9] Random Battle\n|rule|Species Clause: Limit one of each Pok\u00e9mon\n|rule|HP Percentage Mod: HP is shown in percentages\n|rule|Sleep Clause Mod: Limit one foe put to sleep\n|rule|Illusion Level Mod: Illusion disguises the Pok\u00e9mon's true level\n|\n|t:|1783568797\n|teamsize|p1|6\n|teamsize|p2|6\n|start\n|switch|p1a: Slowking|Slowking-Galar, L85, M|300/300\n|switch|p2a: Alcremie|Alcremie-Caramel-Swirl, L90, F|100/100\n|turn|1\n|inactive|Battle timer is ON: inactive players will automatically lose when time's up. (requested by p0y25739993)\n|inactive|Time left: 300 sec this turn | 300 sec total | 60 sec grace\n|inactive|p0x25739487 also wants the timer to be on.\n|\n|t:|1783568799\n|move|p2a: Alcremie|Calm Mind|p2a: Alcremie\n|-boost|p2a: Alcremie|spa|1\n|-boost|p2a: Alcremie|spd|1\n|move|p1a: Slowking|Sludge Bomb|p2a: Alcremie\n|-supereffective|p2a: Alcremie\n|-damage|p2a: Alcremie|63/100\n|-status|p2a: Alcremie|psn\n|\n|-heal|p2a: Alcremie|69/100 psn|[from] item: Leftovers\n|-damage|p2a: Alcremie|57/100 psn|[from] psn\n|upkeep\n|turn|2\n|inactive|Time left: 300 sec this turn | 300 sec total\n|\n|t:|1783568800\n|move|p2a: Alcremie|Recover|p2a: Alcremie\n|-heal|p2a: Alcremie|100/100 psn\n|move|p1a: Slowking|Sludge Bomb|p2a: Alcremie\n|-supereffective|p2a: Alcremie\n|-damage|p2a: Alcremie|63/100 psn\n|\n|-heal|p2a: Alcremie|69/100 psn|[from] item: Leftovers\n|-damage|p2a: Alcremie|57/100 psn|[from] psn\n|upkeep\n|turn|3\n|inactive|Time left: 300 sec this turn | 300 sec total\n|\n|t:|1783568801\n|move|p2a: Alcremie|Recover|p2a: Alcremie\n|-heal|p2a: Alcremie|100/100 psn\n|move|p1a: Slowking|Sludge Bomb|p2a: Alcremie\n|-supereffective|p2a: Alcremie\n|-damage|p2a: Alcremie|59/100 psn\n|\n|-heal|p2a: Alcremie|66/100 psn|[from] item: Leftovers\n|-damage|p2a: Alcremie|53/100 psn|[from] psn\n|upkeep\n|turn|4\n|inactive|Time left: 300 sec this turn | 300 sec total\n|\n|t:|1783568801\n|move|p2a: Alcremie|Recover|p2a: Alcremie\n|-heal|p2a: Alcremie|100/100 psn\n|move|p1a: Slowking|Sludge Bomb|p2a: Alcremie\n|-supereffective|p2a: Alcremie\n|-damage|p2a: Alcremie|63/100 psn\n|\n|-heal|p2a: Alcremie|69/100 psn|[from] item: Leftovers\n|-damage|p2a: Alcremie|57/100 psn|[from] psn\n|upkeep\n|turn|5\n|inactive|Time left: 300 sec this turn | 300 sec total\n|\n|t:|1783568802\n|move|p2a: Alcremie|Recover|p2a: Alcremie\n|-heal|p2a: Alcremie|100/100 psn\n|move|p1a: Slowking|Sludge Bomb|p2a: Alcremie\n|-supereffective|p2a: Alcremie\n|-damage|p2a: Alcremie|63/100 psn\n|\n|-heal|p2a: Alcremie|69/100 psn|[from] item: Leftovers\n|-damage|p2a: Alcremie|57/100 psn|[from] psn\n|upkeep\n|turn|6\n|inactive|Time left: 300 sec this turn | 300 sec total\n|\n|t:|1783568803\n|move|p2a: Alcremie|Recover|p2a: Alcremie\n|-heal|p2a: Alcremie|100/100 psn\n|move|p1a: Slowking|Sludge Bomb|p2a: Alcremie\n|-supereffective|p2a: Alcremie\n|-damage|p2a: Alcremie|59/100 psn\n|\n|-heal|p2a: Alcremie|65/100 psn|[from] item: Leftovers\n|-damage|p2a: Alcremie|53/100 psn|[from] psn\n|upkeep\n|turn|7\n|inactive|Time left: 300 sec this turn | 300 sec total\n|\n|t:|1783568804\n|move|p2a: Alcremie|Recover|p2a: Alcremie\n|-heal|p2a: Alcremie|100/100 psn\n|move|p1a: Slowking|Sludge Bomb|p2a: Alcremie\n|-supereffective|p2a: Alcremie\n|-damage|p2a: Alcremie|59/100 psn\n|\n|-heal|p2a: Alcremie|65/100 psn|[from] item: Leftovers\n|-damage|p2a: Alcremie|53/100 psn|[from] psn\n|upkeep\n|turn|8\n|inactive|Time left: 300 sec this turn | 300 sec total\n|\n|t:|1783568805\n|move|p2a: Alcremie|Recover|p2a: Alcremie\n|-heal|p2a: Alcremie|100/100 psn\n|move|p1a: Slowking|Sludge Bomb|p2a: Alcremie\n|-supereffective|p2a: Alcremie\n|-damage|p2a: Alcremie|56/100 psn\n|\n|-heal|p2a: Alcremie|62/100 psn|[from] item: Leftovers\n|-damage|p2a: Alcremie|50/100 psn|[from] psn\n|upkeep\n|turn|9\n|inactive|Time left: 300 sec this turn | 300 sec total\n|\n|t:|1783568806\n|move|p2a: Alcremie|Recover|p2a: Alcremie\n|-heal|p2a: Alcremie|100/100 psn\n|move|p1a: Slowking|Sludge Bomb|p2a: Alcremie\n|-supereffective|p2a: Alcremie\n|-damage|p2a: Alcremie|56/100 psn\n|\n|-heal|p2a: Alcremie|62/100 psn|[from] item: Leftovers\n|-damage|p2a: Alcremie|50/100 psn|[from] psn\n|upkeep\n|turn|10\n|inactive|Time left: 300 sec this turn | 300 sec total\n|\n|t:|1783568807\n|move|p2a: Alcremie|Psyshock|p1a: Slowking\n|-damage|p1a: Slowking|178/300\n|move|p1a: Slowking|Sludge Bomb|p2a: Alcremie\n|-supereffective|p2a: Alcremie\n|-damage|p2a: Alcremie|13/100 psn\n|\n|-heal|p2a: Alcremie|19/100 psn|[from] item: Leftovers\n|-heal|p1a: Slowking|196/300|[from] item: Leftovers\n|-damage|p2a: Alcremie|7/100 psn|[from] psn\n|upkeep\n|turn|11\n|inactive|Time left: 300 sec this turn | 300 sec total\n|\n|t:|1783568807\n|move|p2a: Alcremie|Alluring Voice|p1a: Slowking\n|-resisted|p1a: Slowking\n|-damage|p1a: Slowking|124/300\n|move|p1a: Slowking|Sludge Bomb|p2a: Alcremie\n|-supereffective|p2a: Alcremie\n|-crit|p2a: Alcremie\n|-damage|p2a: Alcremie|0 fnt\n|faint|p2a: Alcremie\n|\n|-heal|p1a: Slowking|142/300|[from] item: Leftovers\n|upkeep\n|\n|t:|1783568808\n|switch|p2a: Swampert|Swampert, L83, M|100/100\n|turn|12\n|inactive|Time left: 300 sec this turn | 300 sec total\n|\n|t:|1783568809\n|switch|p1a: Chimecho|Chimecho, L93, M|290/290\n|move|p2a: Swampert|Earthquake|p1a: Chimecho\n|-immune|p1a: Chimecho|[from] ability: Levitate\n|\n|upkeep\n|turn|13\n|inactive|Time left: 300 sec this turn | 300 sec total\n|\n|t:|1783568810\n|move|p1a: Chimecho|Cosmic Power|p1a: Chimecho\n|-boost|p1a: Chimecho|def|1\n|-boost|p1a: Chimecho|spd|1\n|move|p2a: Swampert|Stealth Rock|p1a: Chimecho\n|-sidestart|p1: p0x25739487|move: Stealth Rock\n|\n|upkeep\n|turn|14\n|inactive|Time left: 300 sec this turn | 300 sec total\n|\n|t:|1783568811\n|switch|p2a: Grumpig|Grumpig, L92, F|100/100\n|move|p1a: Chimecho|Cosmic Power|p1a: Chimecho\n|-boost|p1a: Chimecho|def|1\n|-boost|p1a: Chimecho|spd|1\n|\n|upkeep\n|turn|15\n|inactive|Time left: 300 sec this turn | 300 sec total\n|\n|t:|1783568812\n|move|p2a: Grumpig|Nasty Plot|p2a: Grumpig\n|-boost|p2a: Grumpig|spa|2\n|move|p1a: Chimecho|Cosmic Power|p1a: Chimecho\n|-boost|p1a: Chimecho|def|1\n|-boost|p1a: Chimecho|spd|1\n|\n|upkeep\n|turn|16\n|inactive|Time left: 300 sec this turn | 300 sec total\n|\n|t:|1783568813\n|move|p2a: Grumpig|Nasty Plot|p2a: Grumpig\n|-boost|p2a: Grumpig|spa|2\n|move|p1a: Chimecho|Cosmic Power|p1a: Chimecho\n|-boost|p1a: Chimecho|def|1\n|-boost|p1a: Chimecho|spd|1\n|\n|upkeep\n|turn|17\n|inactive|Time left: 300 sec this turn | 300 sec total\n|\n|t:|1783568814\n|move|p2a: Grumpig|Shadow Ball|p1a: Chimecho\n|-supereffective|p1a: Chimecho\n|-damage|p1a: Chimecho|176/290\n|move|p1a: Chimecho|Stored Power|p2a: Grumpig\n|-resisted|p2a: Grumpig\n|-damage|p2a: Grumpig|70/100\n|\n|-heal|p2a: Grumpig|76/100|[from] item: Leftovers\n|-heal|p1a: Chimecho|194/290|[from] item: Leftovers\n|upkeep\n|turn|18\n|inactive|Time left: 300 sec this turn | 300 sec total\n|\n|t:|1783568815\n|move|p2a: Grumpig|Shadow Ball|p1a: Chimecho\n|-supereffective|p1a: Chimecho\n|-damage|p1a: Chimecho|80/290\n|-unboost|p1a: Chimecho|spd|1\n|move|p1a: Chimecho|Recover|p1a: Chimecho\n|-heal|p1a: Chimecho|225/290\n|\n|-heal|p2a: Grumpig|82/100|[from] item: Leftovers\n|-heal|p1a: Chimecho|243/290|[from] item: Leftovers\n|upkeep\n|turn|19\n|inactive|Time left: 300 sec this turn | 300 sec total\n|\n|t:|1783568816\n|move|p2a: Grumpig|Shadow Ball|p1a: Chimecho\n|-supereffective|p1a: Chimecho\n|-damage|p1a: Chimecho|113/290\n|move|p1a: Chimecho|Recover|p1a: Chimecho\n|-heal|p1a: Chimecho|258/290\n|\n|-heal|p2a: Grumpig|88/100|[from] item: Leftovers\n|-heal|p1a: Chimecho|276/290|[from] item: Leftovers\n|upkeep\n|turn|20\n|inactive|Time left: 300 sec this turn | 300 sec total\n|\n|t:|1783568818\n|move|p2a: Grumpig|Shadow Ball|p1a: Chimecho\n|-supereffective|p1a: Chimecho\n|-damage|p1a: Chimecho|140/290\n|-unboost|p1a: Chimecho|spd|1\n|move|p1a: Chimecho|Stored Power|p2a: Grumpig\n|-resisted|p2a: Grumpig\n|-damage|p2a: Grumpig|63/100\n|\n|-heal|p2a: Grumpig|70/100|[from] item: Leftovers\n|-heal|p1a: Chimecho|158/290|[from] item: Leftovers\n|upkeep\n|turn|21\n|inactive|Time left: 300 sec this turn | 300 sec total\n|\n|t:|1783568819\n|-terastallize|p1a: Chimecho|Steel\n|move|p2a: Grumpig|Shadow Ball|p1a: Chimecho\n|-damage|p1a: Chimecho|73/290\n|move|p1a: Chimecho|Recover|p1a: Chimecho\n|-heal|p1a: Chimecho|218/290\n|\n|-heal|p2a: Grumpig|76/100|[from] item: Leftovers\n|-heal|p1a: Chimecho|236/290|[from] item: Leftovers\n|upkeep\n|turn|22\n|inactive|Time left: 300 sec this turn | 300 sec total\n|\n|t:|1783568820\n|move|p2a: Grumpig|Focus Blast|p1a: Chimecho\n|-supereffective|p1a: Chimecho\n|-damage|p1a: Chimecho|0 fnt\n|faint|p1a: Chimecho\n|\n|-heal|p2a: Grumpig|82/100|[from] item: Leftovers\n|upkeep\n|inactive|Time left: 300 sec this turn | 300 sec total | 5 sec grace\n|\n|t:|1783568821\n|switch|p1a: Bisharp|Bisharp, L79, F|232/232\n|-damage|p1a: Bisharp|218/232|[from] Stealth Rock\n|turn|23\n|inactive|Time left: 300 sec this turn | 300 sec total\n|\n|t:|1783568822\n|move|p1a: Bisharp|Sucker Punch|p2a: Grumpig\n|-supereffective|p2a: Grumpig\n|-damage|p2a: Grumpig|23/100\n|move|p2a: Grumpig|Focus Blast|p1a: Bisharp\n|-supereffective|p1a: Bisharp\n|-damage|p1a: Bisharp|0 fnt\n|faint|p1a: Bisharp\n|\n|-heal|p2a: Grumpig|29/100|[from] item: Leftovers\n|upkeep\n|inactive|Time left: 300 sec this turn | 300 sec total | 5 sec grace\n|\n|t:|1783568823\n|switch|p1a: Ogerpon|Ogerpon-Wellspring, L76, F|247/247\n|-damage|p1a: Ogerpon|217/247|[from] Stealth Rock\n|turn|24\n|inactive|Time left: 300 sec this turn | 300 sec total\n|\n|t:|1783568824\n|switch|p2a: Arceus|Arceus-Dark, L71|100/100\n|move|p1a: Ogerpon|Ivy Cudgel|p2a: Arceus|[anim] Ivy Cudgel Water\n|-crit|p2a: Arceus\n|-damage|p2a: Arceus|41/100\n|\n|upkeep\n|turn|25\n|inactive|Time left: 300 sec this turn | 300 sec total\n|\n|t:|1783568825\n|move|p2a: Arceus|Recover|p2a: Arceus\n|-heal|p2a: Arceus|91/100\n|move|p1a: Ogerpon|Wood Hammer|p2a: Arceus\n|-damage|p2a: Arceus|45/100\n|-damage|p1a: Ogerpon|173/247|[from] Recoil\n|\n|upkeep\n|turn|26\n|inactive|Time left: 300 sec this turn | 300 sec total\n|\n|t:|1783568826\n|move|p2a: Arceus|Recover|p2a: Arceus\n|-heal|p2a: Arceus|95/100\n|move|p1a: Ogerpon|Wood Hammer|p2a: Arceus\n|-damage|p2a: Arceus|43/100\n|-damage|p1a: Ogerpon|124/247|[from] Recoil\n|\n|upkeep\n|turn|27\n|inactive|Time left: 300 sec this turn | 300 sec total\n|\n|t:|1783568827\n|move|p2a: Arceus|Recover|p2a: Arceus\n|-heal|p2a: Arceus|93/100\n|move|p1a: Ogerpon|Ivy Cudgel|p2a: Arceus|[anim] Ivy Cudgel Water\n|-damage|p2a: Arceus|56/100\n|\n|upkeep\n|turn|28\n|inactive|Time left: 300 sec this turn | 300 sec total\n|\n|t:|1783568828\n|move|p2a: Arceus|Sludge Bomb|p1a: Ogerpon\n|-supereffective|p1a: Ogerpon\n|-damage|p1a: Ogerpon|6/247\n|-status|p1a: Ogerpon|psn\n|move|p1a: Ogerpon|Synthesis|p1a: Ogerpon\n|-heal|p1a: Ogerpon|129/247 psn\n|\n|-damage|p1a: Ogerpon|99/247 psn|[from] psn\n|upkeep\n|turn|29\n|inactive|Time left: 300 sec this turn | 300 sec total\n|\n|t:|1783568829\n|switch|p1a: Ariados|Ariados, L95, F|287/287\n|move|p2a: Arceus|Judgment|p1a: Ariados\n|-damage|p1a: Ariados|173/287\n|\n|upkeep\n|turn|30\n|inactive|Time left: 300 sec this turn | 300 sec total\n|\n|t:|1783568830\n|move|p2a: Arceus|Judgment|p1a: Ariados\n|-damage|p1a: Ariados|68/287\n|move|p1a: Ariados|Sticky Web|p2a: Arceus\n|-sidestart|p2: p0y25739993|move: Sticky Web\n|\n|upkeep\n|turn|31\n|inactive|Time left: 300 sec this turn | 300 sec total\n|\n|t:|1783568831\n|move|p2a: Arceus|Judgment|p1a: Ariados\n|-damage|p1a: Ariados|0 fnt\n|faint|p1a: Ariados\n|\n|upkeep\n|inactive|Time left: 300 sec this turn | 300 sec total | 5 sec grace\n|\n|t:|1783568832\n|switch|p1a: Plusle|Plusle, L95, M|268/268\n|-damage|p1a: Plusle|235/268|[from] Stealth Rock\n|turn|32\n|inactive|Time left: 300 sec this turn | 300 sec total\n|\n|t:|1783568833\n|switch|p2a: Oinkologne|Oinkologne-F, L92, F|100/100\n|-activate|p2a: Oinkologne|move: Sticky Web\n|-unboost|p2a: Oinkologne|spe|1\n|move|p1a: Plusle|Nasty Plot|p1a: Plusle\n|-boost|p1a: Plusle|spa|2\n|\n|upkeep\n|turn|33\n|inactive|Time left: 300 sec this turn | 300 sec total\n|\n|t:|1783568834\n|move|p1a: Plusle|Thunderbolt|p2a: Oinkologne\n|-damage|p2a: Oinkologne|33/100\n|-damage|p1a: Plusle|209/268|[from] item: Life Orb\n|move|p2a: Oinkologne|High Horsepower|p1a: Plusle\n|-supereffective|p1a: Plusle\n|-damage|p1a: Plusle|0 fnt\n|faint|p1a: Plusle\n|\n|-heal|p2a: Oinkologne|39/100|[from] item: Leftovers\n|upkeep\n|inactive|Time left: 300 sec this turn | 300 sec total | 5 sec grace\n|\n|t:|1783568835\n|switch|p1a: Ogerpon|Ogerpon-Wellspring, L76, F|99/247 psn\n|-damage|p1a: Ogerpon|69/247 psn|[from] Stealth Rock\n|turn|34\n|inactive|Time left: 300 sec this turn | 300 sec total\n|\n|t:|1783568835\n|move|p1a: Ogerpon|Synthesis|p1a: Ogerpon\n|-heal|p1a: Ogerpon|192/247 psn\n|move|p2a: Oinkologne|Double-Edge|p1a: Ogerpon\n|-damage|p1a: Ogerpon|17/247 psn\n|-damage|p2a: Oinkologne|23/100|[from] Recoil\n|\n|-heal|p2a: Oinkologne|29/100|[from] item: Leftovers\n|-damage|p1a: Ogerpon|0 fnt|[from] psn\n|faint|p1a: Ogerpon\n|upkeep\n|inactive|Time left: 300 sec this turn | 300 sec total | 5 sec grace\n|\n|t:|1783568836\n|switch|p1a: Slowking|Slowking-Galar, L85, M|242/300\n|-damage|p1a: Slowking|205/300|[from] Stealth Rock\n|turn|35\n|inactive|Time left: 300 sec this turn | 300 sec total\n|\n|t:|1783568837\n|-terastallize|p2a: Oinkologne|Ground\n|move|p2a: Oinkologne|High Horsepower|p1a: Slowking\n|-supereffective|p1a: Slowking\n|-damage|p1a: Slowking|0 fnt\n|faint|p1a: Slowking\n|\n|win|p0y25739993", "uploadtime": 1783568837, "views": 0, "rating": 0, "private": 0, "password": null, "_winner": "p0y25739993", "_our_name": "p0x25739487"}