{"id": "battle-gen9randombattle-1451", "formatid": "gen9randombattle", "format": "[Gen 9] Random Battle", "players": ["p0x1451d42a", "p0y1451f31c"], "log": "|init|battle\n|title|p0x1451d42a vs. p0y1451f31c\n|j|\u2606p0x1451d42a\n|j|\u2606p0y1451f31c\n|t:|1783555966\n|gametype|singles\n|player|p1|p0x1451d42a|265|\n|player|p2|p0y1451f31c|170|\n|gen|9\n|tier|[Gen 9] Random Battle\n|rule|Species Clause: Limit one of each Pok\u00e9mon\n|rule|HP Percentage Mod: HP is shown in percentages\n|rule|Sleep Clause Mod: Limit one foe put to sleep\n|rule|Illusion Level Mod: Illusion disguises the Pok\u00e9mon's true level\n|\n|t:|1783555966\n|teamsize|p1|6\n|teamsize|p2|6\n|start\n|switch|p1a: Flapple|Flapple, L88, M|100/100\n|switch|p2a: Medicham|Medicham, L86, F|243/243\n|turn|1\n|inactive|Battle timer is ON: inactive players will automatically lose when time's up. (requested by p0x1451d42a)\n|inactive|Time left: 300 sec this turn | 300 sec total | 60 sec grace\n|inactive|p0y1451f31c also wants the timer to be on.\n|\n|t:|1783555968\n|switch|p1a: Espathra|Espathra, L80, M|100/100\n|-terastallize|p2a: Medicham|Fighting\n|move|p2a: Medicham|Close Combat|p1a: Espathra\n|-resisted|p1a: Espathra\n|-damage|p1a: Espathra|38/100\n|-unboost|p2a: Medicham|def|1\n|-unboost|p2a: Medicham|spd|1\n|\n|-heal|p1a: Espathra|44/100|[from] item: Leftovers\n|upkeep\n|turn|2\n|inactive|Time left: 300 sec this turn | 300 sec total\n|\n|t:|1783555969\n|switch|p1a: Vikavolt|Vikavolt, L83, M|100/100\n|move|p2a: Medicham|Close Combat|p1a: Vikavolt\n|-resisted|p1a: Vikavolt\n|-damage|p1a: Vikavolt|54/100\n|-unboost|p2a: Medicham|def|1\n|-unboost|p2a: Medicham|spd|1\n|\n|upkeep\n|turn|3\n|inactive|Time left: 300 sec this turn | 300 sec total\n|\n|t:|1783555970\n|move|p2a: Medicham|Close Combat|p1a: Vikavolt\n|-resisted|p1a: Vikavolt\n|-damage|p1a: Vikavolt|4/100\n|-unboost|p2a: Medicham|def|1\n|-unboost|p2a: Medicham|spd|1\n|move|p1a: Vikavolt|Sticky Web|p2a: Medicham\n|-sidestart|p2: p0y1451f31c|move: Sticky Web\n|\n|upkeep\n|turn|4\n|inactive|Time left: 300 sec this turn | 300 sec total\n|\n|t:|1783555971\n|move|p2a: Medicham|Close Combat|p1a: Vikavolt\n|-resisted|p1a: Vikavolt\n|-damage|p1a: Vikavolt|0 fnt\n|-unboost|p2a: Medicham|def|1\n|-unboost|p2a: Medicham|spd|1\n|faint|p1a: Vikavolt\n|\n|upkeep\n|\n|t:|1783555971\n|switch|p1a: Espathra|Espathra, L80, M|44/100\n|turn|5\n|inactive|Time left: 300 sec this turn | 300 sec total\n|\n|t:|1783555972\n|move|p2a: Medicham|Close Combat|p1a: Espathra\n|-resisted|p1a: Espathra\n|-damage|p1a: Espathra|0 fnt\n|-unboost|p2a: Medicham|def|1\n|-unboost|p2a: Medicham|spd|1\n|faint|p1a: Espathra\n|\n|upkeep\n|\n|t:|1783555973\n|switch|p1a: Piloswine|Piloswine, L85, F|100/100\n|turn|6\n|inactive|Time left: 300 sec this turn | 300 sec total\n|\n|t:|1783555974\n|-terastallize|p1a: Piloswine|Poison\n|move|p2a: Medicham|Close Combat|p1a: Piloswine\n|-resisted|p1a: Piloswine\n|-damage|p1a: Piloswine|71/100\n|-unboost|p2a: Medicham|def|1\n|-unboost|p2a: Medicham|spd|1\n|move|p1a: Piloswine|Earthquake|p2a: Medicham\n|-damage|p2a: Medicham|0 fnt\n|faint|p2a: Medicham\n|\n|upkeep\n|inactive|Time left: 300 sec this turn | 300 sec total | 5 sec grace\n|\n|t:|1783555975\n|switch|p2a: Beartic|Beartic, L91, M|321/321\n|turn|7\n|inactive|Time left: 300 sec this turn | 300 sec total\n|\n|t:|1783555976\n|move|p2a: Beartic|Swords Dance|p2a: Beartic\n|-boost|p2a: Beartic|atk|2\n|move|p1a: Piloswine|Earthquake|p2a: Beartic\n|-damage|p2a: Beartic|207/321\n|\n|upkeep\n|turn|8\n|inactive|Time left: 300 sec this turn | 300 sec total\n|\n|t:|1783555977\n|move|p2a: Beartic|Icicle Crash|p1a: Piloswine\n|-damage|p1a: Piloswine|43/100\n|move|p1a: Piloswine|Roar|p2a: Beartic\n|drag|p2a: Iron Bundle|Iron Bundle, L78|215/215\n|-activate|p2a: Iron Bundle|move: Sticky Web\n|-unboost|p2a: Iron Bundle|spe|1\n|\n|upkeep\n|turn|9\n|inactive|Time left: 300 sec this turn | 300 sec total\n|\n|t:|1783555979\n|move|p2a: Iron Bundle|Hydro Pump|p1a: Piloswine|[miss]\n|-miss|p2a: Iron Bundle|p1a: Piloswine\n|move|p1a: Piloswine|Earthquake|p2a: Iron Bundle\n|-damage|p2a: Iron Bundle|107/215\n|\n|upkeep\n|turn|10\n|inactive|Time left: 300 sec this turn | 300 sec total\n|\n|t:|1783555980\n|move|p2a: Iron Bundle|Hydro Pump|p1a: Piloswine\n|-damage|p1a: Piloswine|0 fnt\n|faint|p1a: Piloswine\n|\n|upkeep\n|\n|t:|1783555981\n|switch|p1a: Flapple|Flapple, L88, M|100/100\n|turn|11\n|inactive|Time left: 300 sec this turn | 300 sec total\n|\n|t:|1783555982\n|move|p1a: Flapple|Outrage|p2a: Iron Bundle\n|-crit|p2a: Iron Bundle\n|-damage|p2a: Iron Bundle|0 fnt\n|faint|p2a: Iron Bundle\n|-end|p2a: Iron Bundle|Quark Drive|[silent]\n|\n|upkeep\n|inactive|Time left: 300 sec this turn | 300 sec total | 5 sec grace\n|\n|t:|1783555983\n|switch|p2a: Swampert|Swampert, L83, M|302/302\n|-activate|p2a: Swampert|move: Sticky Web\n|-unboost|p2a: Swampert|spe|1\n|turn|12\n|inactive|Time left: 300 sec this turn | 300 sec total\n|\n|t:|1783555984\n|move|p1a: Flapple|Outrage|p2a: Swampert|[from] lockedmove\n|-damage|p2a: Swampert|82/302\n|-start|p1a: Flapple|confusion|[fatigue]\n|-enditem|p1a: Flapple|Lum Berry|[eat]\n|-end|p1a: Flapple|confusion\n|move|p2a: Swampert|Ice Beam|p1a: Flapple\n|-supereffective|p1a: Flapple\n|-damage|p1a: Flapple|0 fnt\n|faint|p1a: Flapple\n|\n|-heal|p2a: Swampert|100/302|[from] item: Leftovers\n|upkeep\n|\n|t:|1783555985\n|switch|p1a: Inteleon|Inteleon, L81, M|100/100\n|turn|13\n|inactive|Time left: 300 sec this turn | 300 sec total\n|\n|t:|1783555987\n|move|p1a: Inteleon|Scald|p2a: Swampert\n|-damage|p2a: Swampert|0 fnt\n|faint|p2a: Swampert\n|\n|upkeep\n|inactive|Time left: 300 sec this turn | 300 sec total | 5 sec grace\n|\n|t:|1783555987\n|switch|p2a: Muk|Muk, L86, F|321/321\n|-activate|p2a: Muk|move: Sticky Web\n|-unboost|p2a: Muk|spe|1\n|turn|14\n|inactive|Time left: 300 sec this turn | 300 sec total\n|\n|t:|1783555988\n|move|p1a: Inteleon|Scald|p2a: Muk\n|-damage|p2a: Muk|183/321\n|move|p2a: Muk|Knock Off|p1a: Inteleon\n|-damage|p1a: Inteleon|61/100\n|-enditem|p1a: Inteleon|Choice Specs|[from] move: Knock Off|[of] p2a: Muk\n|\n|-heal|p2a: Muk|203/321|[from] item: Leftovers\n|upkeep\n|turn|15\n|inactive|Time left: 300 sec this turn | 300 sec total\n|\n|t:|1783555990\n|move|p1a: Inteleon|Scald|p2a: Muk\n|-damage|p2a: Muk|109/321\n|move|p2a: Muk|Poison Jab|p1a: Inteleon\n|-damage|p1a: Inteleon|10/100\n|-status|p1a: Inteleon|psn\n|\n|-heal|p2a: Muk|129/321|[from] item: Leftovers\n|-damage|p1a: Inteleon|0 fnt|[from] psn\n|faint|p1a: Inteleon\n|upkeep\n|\n|t:|1783555991\n|switch|p1a: Plusle|Plusle, L95, F|100/100\n|turn|16\n|inactive|Time left: 300 sec this turn | 300 sec total\n|\n|t:|1783555992\n|move|p1a: Plusle|Nasty Plot|p1a: Plusle\n|-boost|p1a: Plusle|spa|2\n|move|p2a: Muk|Poison Jab|p1a: Plusle\n|-damage|p1a: Plusle|48/100\n|-status|p1a: Plusle|psn|[from] ability: Poison Touch|[of] p2a: Muk\n|\n|-heal|p2a: Muk|149/321|[from] item: Leftovers\n|-damage|p1a: Plusle|35/100 psn|[from] psn\n|upkeep\n|turn|17\n|inactive|Time left: 300 sec this turn | 300 sec total\n|\n|t:|1783555993\n|move|p1a: Plusle|Nasty Plot|p1a: Plusle\n|-boost|p1a: Plusle|spa|2\n|move|p2a: Muk|Knock Off|p1a: Plusle\n|-damage|p1a: Plusle|0 fnt\n|-enditem|p1a: Plusle|Life Orb|[from] move: Knock Off|[of] p2a: Muk\n|faint|p1a: Plusle\n|\n|win|p0y1451f31c", "uploadtime": 1783555993, "views": 0, "rating": 0, "private": 0, "password": null, "_winner": "p0y1451f31c", "_our_name": "p0y1451f31c"}