{"id": "battle-gen9randombattle-2083", "formatid": "gen9randombattle", "format": "[Gen 9] Random Battle", "players": ["p0x2083e74e", "p0y2083c644"], "log": "|init|battle\n|title|p0x2083e74e vs. p0y2083c644\n|j|\u2606p0x2083e74e\n|j|\u2606p0y2083c644\n|t:|1783563320\n|gametype|singles\n|player|p1|p0x2083e74e|266|\n|player|p2|p0y2083c644|2|\n|gen|9\n|tier|[Gen 9] Random Battle\n|rule|Species Clause: Limit one of each Pok\u00e9mon\n|rule|HP Percentage Mod: HP is shown in percentages\n|rule|Sleep Clause Mod: Limit one foe put to sleep\n|rule|Illusion Level Mod: Illusion disguises the Pok\u00e9mon's true level\n|\n|t:|1783563320\n|teamsize|p1|6\n|teamsize|p2|6\n|start\n|switch|p1a: Thundurus|Thundurus-Therian, L80, M|100/100\n|switch|p2a: Eelektross|Eelektross, L87, F|290/290\n|turn|1\n|inactive|Battle timer is ON: inactive players will automatically lose when time's up. (requested by p0x2083e74e)\n|inactive|Time left: 300 sec this turn | 300 sec total | 60 sec grace\n|inactive|p0y2083c644 also wants the timer to be on.\n|\n|t:|1783563322\n|move|p1a: Thundurus|Nasty Plot|p1a: Thundurus\n|-boost|p1a: Thundurus|spa|2\n|move|p2a: Eelektross|Knock Off|p1a: Thundurus\n|-damage|p1a: Thundurus|63/100\n|-enditem|p1a: Thundurus|Heavy-Duty Boots|[from] move: Knock Off|[of] p2a: Eelektross\n|\n|upkeep\n|turn|2\n|inactive|Time left: 300 sec this turn | 300 sec total\n|\n|t:|1783563323\n|move|p1a: Thundurus|Thunderbolt|p2a: Eelektross\n|-resisted|p2a: Eelektross\n|-damage|p2a: Eelektross|154/290\n|move|p2a: Eelektross|Knock Off|p1a: Thundurus\n|-damage|p1a: Thundurus|37/100\n|\n|-heal|p2a: Eelektross|172/290|[from] item: Leftovers\n|upkeep\n|turn|3\n|inactive|Time left: 300 sec this turn | 300 sec total\n|\n|t:|1783563324\n|move|p1a: Thundurus|Thunderbolt|p2a: Eelektross\n|-resisted|p2a: Eelektross\n|-damage|p2a: Eelektross|36/290\n|move|p2a: Eelektross|Knock Off|p1a: Thundurus\n|-damage|p1a: Thundurus|7/100\n|\n|-heal|p2a: Eelektross|54/290|[from] item: Leftovers\n|upkeep\n|turn|4\n|inactive|Time left: 300 sec this turn | 300 sec total\n|\n|t:|1783563325\n|move|p1a: Thundurus|Thunderbolt|p2a: Eelektross\n|-resisted|p2a: Eelektross\n|-damage|p2a: Eelektross|0 fnt\n|faint|p2a: Eelektross\n|\n|upkeep\n|inactive|Time left: 300 sec this turn | 300 sec total | 5 sec grace\n|\n|t:|1783563326\n|switch|p2a: Galvantula|Galvantula, L82, M|249/249\n|turn|5\n|inactive|Time left: 300 sec this turn | 300 sec total\n|\n|t:|1783563327\n|move|p2a: Galvantula|Bug Buzz|p1a: Thundurus\n|-resisted|p1a: Thundurus\n|-damage|p1a: Thundurus|0 fnt\n|faint|p1a: Thundurus\n|\n|upkeep\n|\n|t:|1783563328\n|switch|p1a: Garchomp|Garchomp, L74, M|100/100\n|turn|6\n|inactive|Time left: 300 sec this turn | 300 sec total\n|\n|t:|1783563329\n|move|p2a: Galvantula|Sticky Web|p1a: Garchomp\n|-sidestart|p1: p0x2083e74e|move: Sticky Web\n|move|p1a: Garchomp|Outrage|p2a: Galvantula\n|-damage|p2a: Galvantula|80/249\n|\n|upkeep\n|turn|7\n|inactive|Time left: 300 sec this turn | 300 sec total\n|\n|t:|1783563330\n|switch|p2a: Porygon2|Porygon2, L81|270/270\n|-ability|p2a: Porygon2|Download|boost\n|-boost|p2a: Porygon2|spa|1\n|move|p1a: Garchomp|Outrage|p2a: Porygon2|[from] lockedmove\n|-damage|p2a: Porygon2|180/270\n|-start|p1a: Garchomp|confusion|[fatigue]\n|\n|upkeep\n|turn|8\n|inactive|Time left: 300 sec this turn | 300 sec total\n|\n|t:|1783563332\n|switch|p1a: Chansey|Chansey, L85, F|100/100\n|-activate|p1a: Chansey|move: Sticky Web\n|-unboost|p1a: Chansey|spe|1\n|move|p2a: Porygon2|Ice Beam|p1a: Chansey\n|-damage|p1a: Chansey|91/100\n|\n|upkeep\n|turn|9\n|inactive|Time left: 300 sec this turn | 300 sec total\n|\n|t:|1783563333\n|move|p2a: Porygon2|Tri Attack|p1a: Chansey\n|-damage|p1a: Chansey|78/100\n|-status|p1a: Chansey|par\n|move|p1a: Chansey|Stealth Rock|p2a: Porygon2\n|-sidestart|p2: p0y2083c644|move: Stealth Rock\n|\n|upkeep\n|turn|10\n|inactive|Time left: 300 sec this turn | 300 sec total\n|\n|t:|1783563334\n|move|p2a: Porygon2|Recover|p2a: Porygon2\n|-heal|p2a: Porygon2|270/270\n|move|p1a: Chansey|Thunder Wave|p2a: Porygon2\n|-status|p2a: Porygon2|par\n|\n|upkeep\n|turn|11\n|inactive|Time left: 300 sec this turn | 300 sec total\n|\n|t:|1783563335\n|move|p2a: Porygon2|Discharge|p1a: Chansey\n|-damage|p1a: Chansey|70/100 par\n|cant|p1a: Chansey|par\n|\n|upkeep\n|turn|12\n|inactive|Time left: 300 sec this turn | 300 sec total\n|\n|t:|1783563336\n|cant|p2a: Porygon2|par\n|move|p1a: Chansey|Seismic Toss|p2a: Porygon2\n|-damage|p2a: Porygon2|185/270 par\n|\n|upkeep\n|turn|13\n|inactive|Time left: 300 sec this turn | 300 sec total\n|\n|t:|1783563337\n|cant|p2a: Porygon2|par\n|move|p1a: Chansey|Seismic Toss|p2a: Porygon2\n|-damage|p2a: Porygon2|100/270 par\n|\n|upkeep\n|turn|14\n|inactive|Time left: 300 sec this turn | 300 sec total\n|\n|t:|1783563338\n|move|p2a: Porygon2|Recover|p2a: Porygon2\n|-heal|p2a: Porygon2|235/270 par\n|move|p1a: Chansey|Seismic Toss|p2a: Porygon2\n|-damage|p2a: Porygon2|150/270 par\n|\n|upkeep\n|turn|15\n|inactive|Time left: 300 sec this turn | 300 sec total\n|\n|t:|1783563339\n|-curestatus|p1a: Chansey|par|[from] ability: Natural Cure|[silent]\n|switch|p1a: Ampharos|Ampharos, L88, F|100/100\n|-activate|p1a: Ampharos|move: Sticky Web\n|-unboost|p1a: Ampharos|spe|1\n|cant|p2a: Porygon2|par\n|\n|upkeep\n|turn|16\n|inactive|Time left: 300 sec this turn | 300 sec total\n|\n|t:|1783563340\n|move|p1a: Ampharos|Focus Blast|p2a: Porygon2\n|-supereffective|p2a: Porygon2\n|-damage|p2a: Porygon2|6/270 par\n|move|p2a: Porygon2|Ice Beam|p1a: Ampharos\n|-damage|p1a: Ampharos|79/100\n|\n|upkeep\n|turn|17\n|inactive|Time left: 300 sec this turn | 300 sec total\n|\n|t:|1783563341\n|move|p1a: Ampharos|Discharge|p2a: Porygon2\n|-damage|p2a: Porygon2|0 fnt\n|faint|p2a: Porygon2\n|\n|upkeep\n|inactive|Time left: 300 sec this turn | 300 sec total | 5 sec grace\n|\n|t:|1783563342\n|switch|p2a: Arceus|Arceus-Poison, L70|284/284\n|-damage|p2a: Arceus|249/284|[from] Stealth Rock\n|turn|18\n|inactive|Time left: 300 sec this turn | 300 sec total\n|\n|t:|1783563343\n|move|p2a: Arceus|Dragon Dance|p2a: Arceus\n|-boost|p2a: Arceus|atk|1\n|-boost|p2a: Arceus|spe|1\n|move|p1a: Ampharos|Discharge|p2a: Arceus\n|-damage|p2a: Arceus|149/284\n|\n|upkeep\n|turn|19\n|inactive|Time left: 300 sec this turn | 300 sec total\n|\n|t:|1783563344\n|move|p2a: Arceus|Recover|p2a: Arceus\n|-heal|p2a: Arceus|284/284\n|move|p1a: Ampharos|Volt Switch|p2a: Arceus\n|-damage|p2a: Arceus|194/284\n|\n|t:|1783563344\n|switch|p1a: Garchomp|Garchomp, L74, M|100/100|[from] Volt Switch\n|-activate|p1a: Garchomp|move: Sticky Web\n|-unboost|p1a: Garchomp|spe|1\n|\n|upkeep\n|turn|20\n|inactive|Time left: 300 sec this turn | 300 sec total\n|\n|t:|1783563345\n|-terastallize|p2a: Arceus|Ground\n|move|p2a: Arceus|Earthquake|p1a: Garchomp\n|-damage|p1a: Garchomp|45/100\n|move|p1a: Garchomp|Outrage|p2a: Arceus\n|-damage|p2a: Arceus|85/284\n|\n|upkeep\n|turn|21\n|inactive|Time left: 300 sec this turn | 300 sec total\n|\n|t:|1783563346\n|move|p2a: Arceus|Recover|p2a: Arceus\n|-heal|p2a: Arceus|227/284\n|move|p1a: Garchomp|Outrage|p2a: Arceus|[from] lockedmove\n|-damage|p2a: Arceus|106/284\n|-start|p1a: Garchomp|confusion|[fatigue]\n|\n|upkeep\n|turn|22\n|inactive|Time left: 300 sec this turn | 300 sec total\n|\n|t:|1783563346\n|move|p2a: Arceus|Earthquake|p1a: Garchomp\n|-damage|p1a: Garchomp|0 fnt\n|faint|p1a: Garchomp\n|\n|upkeep\n|\n|t:|1783563347\n|switch|p1a: Volbeat|Volbeat, L90, M|100/100\n|turn|23\n|inactive|Time left: 300 sec this turn | 300 sec total\n|\n|t:|1783563348\n|move|p1a: Volbeat|Encore|p2a: Arceus\n|-start|p2a: Arceus|Encore\n|move|p2a: Arceus|Earthquake|p1a: Volbeat\n|-resisted|p1a: Volbeat\n|-damage|p1a: Volbeat|72/100\n|\n|upkeep\n|turn|24\n|inactive|Time left: 300 sec this turn | 300 sec total\n|\n|t:|1783563349\n|move|p2a: Arceus|Earthquake|p1a: Volbeat\n|-resisted|p1a: Volbeat\n|-damage|p1a: Volbeat|46/100\n|move|p1a: Volbeat|U-turn|p2a: Arceus\n|-crit|p2a: Arceus\n|-damage|p2a: Arceus|4/284\n|\n|t:|1783563350\n|switch|p1a: Enamorus|Enamorus, L79, F|100/100|[from] U-turn\n|\n|upkeep\n|turn|25\n|inactive|Time left: 300 sec this turn | 300 sec total\n|\n|t:|1783563351\n|move|p2a: Arceus|Earthquake|p1a: Enamorus\n|-immune|p1a: Enamorus\n|move|p1a: Enamorus|Superpower|p2a: Arceus\n|-damage|p2a: Arceus|0 fnt\n|-boost|p1a: Enamorus|atk|1\n|-boost|p1a: Enamorus|def|1\n|faint|p2a: Arceus\n|\n|upkeep\n|inactive|Time left: 300 sec this turn | 300 sec total | 5 sec grace\n|\n|t:|1783563352\n|switch|p2a: Galvantula|Galvantula, L82, M|80/249\n|turn|26\n|inactive|Time left: 300 sec this turn | 300 sec total\n|\n|t:|1783563353\n|-terastallize|p1a: Enamorus|Fighting\n|move|p2a: Galvantula|Thunder|p1a: Enamorus\n|-damage|p1a: Enamorus|48/100\n|move|p1a: Enamorus|Superpower|p2a: Galvantula\n|-resisted|p2a: Galvantula\n|-damage|p2a: Galvantula|0 fnt\n|-boost|p1a: Enamorus|atk|1\n|-boost|p1a: Enamorus|def|1\n|faint|p2a: Galvantula\n|\n|upkeep\n|inactive|Time left: 300 sec this turn | 300 sec total | 5 sec grace\n|\n|t:|1783563354\n|switch|p2a: Hitmonlee|Hitmonlee, L85, M|224/224\n|-damage|p2a: Hitmonlee|210/224|[from] Stealth Rock\n|turn|27\n|inactive|Time left: 300 sec this turn | 300 sec total\n|\n|t:|1783563355\n|move|p1a: Enamorus|Superpower|p2a: Hitmonlee\n|-damage|p2a: Hitmonlee|0 fnt\n|-boost|p1a: Enamorus|atk|1\n|-boost|p1a: Enamorus|def|1\n|faint|p2a: Hitmonlee\n|\n|upkeep\n|inactive|Time left: 300 sec this turn | 300 sec total | 5 sec grace\n|\n|t:|1783563356\n|switch|p2a: Baxcalibur|Baxcalibur, L75, F|295/295\n|-damage|p2a: Baxcalibur|222/295|[from] Stealth Rock\n|turn|28\n|inactive|Time left: 300 sec this turn | 300 sec total\n|\n|t:|1783563357\n|move|p1a: Enamorus|Superpower|p2a: Baxcalibur\n|-supereffective|p2a: Baxcalibur\n|-damage|p2a: Baxcalibur|0 fnt\n|-boost|p1a: Enamorus|atk|1\n|-boost|p1a: Enamorus|def|1\n|faint|p2a: Baxcalibur\n|\n|win|p0x2083e74e", "uploadtime": 1783563357, "views": 0, "rating": 0, "private": 0, "password": null, "_winner": "p0x2083e74e", "_our_name": "p0y2083c644"}