{"id": "battle-gen9randombattle-2797", "formatid": "gen9randombattle", "format": "[Gen 9] Random Battle", "players": ["p0x2797de6a", "p0y27975f22"], "log": "|init|battle\n|title|p0x2797de6a vs. p0y27975f22\n|j|\u2606p0x2797de6a\n|j|\u2606p0y27975f22\n|t:|1783571224\n|gametype|singles\n|player|p1|p0x2797de6a|170|\n|player|p2|p0y27975f22|2|\n|gen|9\n|tier|[Gen 9] Random Battle\n|rule|Species Clause: Limit one of each Pok\u00e9mon\n|rule|HP Percentage Mod: HP is shown in percentages\n|rule|Sleep Clause Mod: Limit one foe put to sleep\n|rule|Illusion Level Mod: Illusion disguises the Pok\u00e9mon's true level\n|\n|t:|1783571224\n|teamsize|p1|6\n|teamsize|p2|6\n|start\n|switch|p1a: Groudon|Groudon, L72|263/263\n|switch|p2a: Houndstone|Houndstone, L86, F|100/100\n|-weather|SunnyDay|[from] ability: Drought|[of] p1a: Groudon\n|turn|1\n|inactive|Battle timer is ON: inactive players will automatically lose when time's up. (requested by p0y27975f22)\n|inactive|Time left: 300 sec this turn | 300 sec total | 60 sec grace\n|inactive|p0x2797de6a also wants the timer to be on.\n|\n|t:|1783571225\n|move|p1a: Groudon|Swords Dance|p1a: Groudon\n|-boost|p1a: Groudon|atk|2\n|move|p2a: Houndstone|Poltergeist|p1a: Groudon\n|-activate|p1a: Groudon|move: Poltergeist|Leftovers\n|-damage|p1a: Groudon|124/263\n|\n|-weather|SunnyDay|[upkeep]\n|-heal|p1a: Groudon|140/263|[from] item: Leftovers\n|upkeep\n|turn|2\n|inactive|Time left: 300 sec this turn | 300 sec total\n|\n|t:|1783571226\n|switch|p2a: Latias|Latias, L79, F|100/100\n|-terastallize|p1a: Groudon|Fire\n|move|p1a: Groudon|Heat Crash|p2a: Latias\n|-resisted|p2a: Latias\n|-damage|p2a: Latias|15/100\n|\n|-weather|SunnyDay|[upkeep]\n|-heal|p1a: Groudon|156/263|[from] item: Leftovers\n|upkeep\n|turn|3\n|inactive|Time left: 300 sec this turn | 300 sec total\n|\n|t:|1783571227\n|move|p2a: Latias|Draco Meteor|p1a: Groudon\n|-damage|p1a: Groudon|0 fnt\n|-unboost|p2a: Latias|spa|2\n|faint|p1a: Groudon\n|\n|-weather|SunnyDay|[upkeep]\n|upkeep\n|inactive|Time left: 300 sec this turn | 300 sec total | 5 sec grace\n|\n|t:|1783571228\n|switch|p1a: Oricorio|Oricorio-Sensu, L85, F|266/266\n|turn|4\n|inactive|Time left: 300 sec this turn | 300 sec total\n|\n|t:|1783571229\n|switch|p2a: Iron Hands|Iron Hands, L79|100/100\n|move|p1a: Oricorio|Quiver Dance|p1a: Oricorio\n|-boost|p1a: Oricorio|spa|1\n|-boost|p1a: Oricorio|spd|1\n|-boost|p1a: Oricorio|spe|1\n|\n|-weather|SunnyDay|[upkeep]\n|upkeep\n|turn|5\n|inactive|Time left: 300 sec this turn | 300 sec total\n|\n|t:|1783571230\n|move|p1a: Oricorio|Revelation Dance|p2a: Iron Hands\n|-damage|p2a: Iron Hands|49/100\n|move|p2a: Iron Hands|Thunder Punch|p1a: Oricorio\n|-supereffective|p1a: Oricorio\n|-damage|p1a: Oricorio|60/266\n|\n|-weather|none\n|-heal|p2a: Iron Hands|55/100|[from] item: Leftovers\n|upkeep\n|turn|6\n|inactive|Time left: 300 sec this turn | 300 sec total\n|\n|t:|1783571232\n|move|p1a: Oricorio|Hurricane|p2a: Iron Hands\n|-damage|p2a: Iron Hands|0 fnt\n|faint|p2a: Iron Hands\n|-end|p2a: Iron Hands|Quark Drive|[silent]\n|\n|upkeep\n|\n|t:|1783571232\n|switch|p2a: Electrode|Electrode-Hisui, L87|100/100\n|turn|7\n|inactive|Time left: 300 sec this turn | 300 sec total\n|\n|t:|1783571233\n|switch|p1a: Sylveon|Sylveon, L85, F|300/300\n|move|p2a: Electrode|Thunderbolt|p1a: Sylveon\n|-damage|p1a: Sylveon|236/300\n|\n|-heal|p1a: Sylveon|254/300|[from] item: Leftovers\n|upkeep\n|turn|8\n|inactive|Time left: 300 sec this turn | 300 sec total\n|\n|t:|1783571234\n|move|p2a: Electrode|Leech Seed|p1a: Sylveon\n|-start|p1a: Sylveon|move: Leech Seed\n|move|p1a: Sylveon|Calm Mind|p1a: Sylveon\n|-boost|p1a: Sylveon|spa|1\n|-boost|p1a: Sylveon|spd|1\n|\n|-heal|p1a: Sylveon|272/300|[from] item: Leftovers\n|-damage|p1a: Sylveon|235/300|[from] Leech Seed|[of] p2a: Electrode\n|upkeep\n|turn|9\n|inactive|Time left: 300 sec this turn | 300 sec total\n|\n|t:|1783571235\n|move|p2a: Electrode|Substitute|p2a: Electrode\n|-start|p2a: Electrode|Substitute\n|-damage|p2a: Electrode|76/100\n|move|p1a: Sylveon|Calm Mind|p1a: Sylveon\n|-boost|p1a: Sylveon|spa|1\n|-boost|p1a: Sylveon|spd|1\n|\n|-heal|p2a: Electrode|82/100|[from] item: Leftovers\n|-heal|p1a: Sylveon|253/300|[from] item: Leftovers\n|-damage|p1a: Sylveon|216/300|[from] Leech Seed|[of] p2a: Electrode\n|-heal|p2a: Electrode|97/100|[silent]\n|upkeep\n|turn|10\n|inactive|Time left: 300 sec this turn | 300 sec total\n|\n|t:|1783571236\n|move|p2a: Electrode|Thunderbolt|p1a: Sylveon\n|-crit|p1a: Sylveon\n|-damage|p1a: Sylveon|126/300\n|move|p1a: Sylveon|Wish|p1a: Sylveon\n|\n|-heal|p2a: Electrode|100/100|[from] item: Leftovers\n|-heal|p1a: Sylveon|144/300|[from] item: Leftovers\n|-damage|p1a: Sylveon|107/300|[from] Leech Seed|[of] p2a: Electrode\n|upkeep\n|turn|11\n|inactive|Time left: 300 sec this turn | 300 sec total\n|\n|t:|1783571237\n|move|p2a: Electrode|Thunderbolt|p1a: Sylveon\n|-damage|p1a: Sylveon|77/300\n|move|p1a: Sylveon|Hyper Voice|p2a: Electrode\n|-immune|p2a: Electrode|[from] ability: Soundproof\n|\n|-heal|p1a: Sylveon|227/300|[from] move: Wish|[wisher] Sylveon\n|-heal|p1a: Sylveon|245/300|[from] item: Leftovers\n|-damage|p1a: Sylveon|208/300|[from] Leech Seed|[of] p2a: Electrode\n|upkeep\n|turn|12\n|inactive|Time left: 300 sec this turn | 300 sec total\n|\n|t:|1783571238\n|move|p2a: Electrode|Thunderbolt|p1a: Sylveon\n|-damage|p1a: Sylveon|175/300\n|move|p1a: Sylveon|Wish|p1a: Sylveon\n|\n|-heal|p1a: Sylveon|193/300|[from] item: Leftovers\n|-damage|p1a: Sylveon|156/300|[from] Leech Seed|[of] p2a: Electrode\n|upkeep\n|turn|13\n|inactive|Time left: 300 sec this turn | 300 sec total\n|\n|t:|1783571239\n|move|p2a: Electrode|Thunderbolt|p1a: Sylveon\n|-damage|p1a: Sylveon|126/300\n|move|p1a: Sylveon|Hyper Voice|p2a: Electrode\n|-immune|p2a: Electrode|[from] ability: Soundproof\n|\n|-heal|p1a: Sylveon|276/300|[from] move: Wish|[wisher] Sylveon\n|-heal|p1a: Sylveon|294/300|[from] item: Leftovers\n|-damage|p1a: Sylveon|257/300|[from] Leech Seed|[of] p2a: Electrode\n|upkeep\n|turn|14\n|inactive|Time left: 300 sec this turn | 300 sec total\n|\n|t:|1783571240\n|move|p2a: Electrode|Thunderbolt|p1a: Sylveon\n|-damage|p1a: Sylveon|227/300\n|move|p1a: Sylveon|Hyper Voice|p2a: Electrode\n|-immune|p2a: Electrode|[from] ability: Soundproof\n|\n|-heal|p1a: Sylveon|245/300|[from] item: Leftovers\n|-damage|p1a: Sylveon|208/300|[from] Leech Seed|[of] p2a: Electrode\n|upkeep\n|turn|15\n|inactive|Time left: 300 sec this turn | 300 sec total\n|\n|t:|1783571241\n|move|p2a: Electrode|Thunderbolt|p1a: Sylveon\n|-damage|p1a: Sylveon|175/300\n|move|p1a: Sylveon|Wish|p1a: Sylveon\n|\n|-heal|p1a: Sylveon|193/300|[from] item: Leftovers\n|-damage|p1a: Sylveon|156/300|[from] Leech Seed|[of] p2a: Electrode\n|upkeep\n|turn|16\n|inactive|Time left: 300 sec this turn | 300 sec total\n|\n|t:|1783571242\n|move|p2a: Electrode|Thunderbolt|p1a: Sylveon\n|-damage|p1a: Sylveon|125/300\n|move|p1a: Sylveon|Hyper Voice|p2a: Electrode\n|-immune|p2a: Electrode|[from] ability: Soundproof\n|\n|-heal|p1a: Sylveon|275/300|[from] move: Wish|[wisher] Sylveon\n|-heal|p1a: Sylveon|293/300|[from] item: Leftovers\n|-damage|p1a: Sylveon|256/300|[from] Leech Seed|[of] p2a: Electrode\n|upkeep\n|turn|17\n|inactive|Time left: 300 sec this turn | 300 sec total\n|\n|t:|1783571243\n|move|p2a: Electrode|Thunderbolt|p1a: Sylveon\n|-damage|p1a: Sylveon|225/300\n|move|p1a: Sylveon|Wish|p1a: Sylveon\n|\n|-heal|p1a: Sylveon|243/300|[from] item: Leftovers\n|-damage|p1a: Sylveon|206/300|[from] Leech Seed|[of] p2a: Electrode\n|upkeep\n|turn|18\n|inactive|Time left: 300 sec this turn | 300 sec total\n|\n|t:|1783571245\n|move|p2a: Electrode|Thunderbolt|p1a: Sylveon\n|-damage|p1a: Sylveon|173/300\n|move|p1a: Sylveon|Calm Mind|p1a: Sylveon\n|-boost|p1a: Sylveon|spa|1\n|-boost|p1a: Sylveon|spd|1\n|\n|-heal|p1a: Sylveon|300/300|[from] move: Wish|[wisher] Sylveon\n|-damage|p1a: Sylveon|263/300|[from] Leech Seed|[of] p2a: Electrode\n|upkeep\n|turn|19\n|inactive|Time left: 300 sec this turn | 300 sec total\n|\n|t:|1783571246\n|move|p2a: Electrode|Thunderbolt|p1a: Sylveon\n|-damage|p1a: Sylveon|235/300\n|move|p1a: Sylveon|Wish|p1a: Sylveon\n|\n|-heal|p1a: Sylveon|253/300|[from] item: Leftovers\n|-damage|p1a: Sylveon|216/300|[from] Leech Seed|[of] p2a: Electrode\n|upkeep\n|turn|20\n|inactive|Time left: 300 sec this turn | 300 sec total\n|\n|t:|1783571247\n|move|p2a: Electrode|Thunderbolt|p1a: Sylveon\n|-damage|p1a: Sylveon|188/300\n|move|p1a: Sylveon|Hyper Voice|p2a: Electrode\n|-immune|p2a: Electrode|[from] ability: Soundproof\n|\n|-heal|p1a: Sylveon|300/300|[from] move: Wish|[wisher] Sylveon\n|-damage|p1a: Sylveon|263/300|[from] Leech Seed|[of] p2a: Electrode\n|upkeep\n|turn|21\n|inactive|Time left: 300 sec this turn | 300 sec total\n|\n|t:|1783571248\n|move|p2a: Electrode|Thunderbolt|p1a: Sylveon\n|-damage|p1a: Sylveon|235/300\n|move|p1a: Sylveon|Calm Mind|p1a: Sylveon\n|-boost|p1a: Sylveon|spa|1\n|-boost|p1a: Sylveon|spd|1\n|\n|-heal|p1a: Sylveon|253/300|[from] item: Leftovers\n|-damage|p1a: Sylveon|216/300|[from] Leech Seed|[of] p2a: Electrode\n|upkeep\n|turn|22\n|inactive|Time left: 300 sec this turn | 300 sec total\n|\n|t:|1783571248\n|move|p2a: Electrode|Thunderbolt|p1a: Sylveon\n|-damage|p1a: Sylveon|195/300\n|move|p1a: Sylveon|Wish|p1a: Sylveon\n|\n|-heal|p1a: Sylveon|213/300|[from] item: Leftovers\n|-damage|p1a: Sylveon|176/300|[from] Leech Seed|[of] p2a: Electrode\n|upkeep\n|turn|23\n|inactive|Time left: 300 sec this turn | 300 sec total\n|\n|t:|1783571249\n|move|p2a: Electrode|Thunderbolt|p1a: Sylveon\n|-damage|p1a: Sylveon|155/300\n|move|p1a: Sylveon|Hyper Voice|p2a: Electrode\n|-immune|p2a: Electrode|[from] ability: Soundproof\n|\n|-heal|p1a: Sylveon|300/300|[from] move: Wish|[wisher] Sylveon\n|-damage|p1a: Sylveon|263/300|[from] Leech Seed|[of] p2a: Electrode\n|upkeep\n|turn|24\n|inactive|Time left: 300 sec this turn | 300 sec total\n|\n|t:|1783571250\n|move|p2a: Electrode|Giga Drain|p1a: Sylveon\n|-damage|p1a: Sylveon|244/300\n|move|p1a: Sylveon|Wish|p1a: Sylveon\n|\n|-heal|p1a: Sylveon|262/300|[from] item: Leftovers\n|-damage|p1a: Sylveon|225/300|[from] Leech Seed|[of] p2a: Electrode\n|upkeep\n|turn|25\n|inactive|Time left: 300 sec this turn | 300 sec total\n|\n|t:|1783571252\n|move|p2a: Electrode|Thunderbolt|p1a: Sylveon\n|-damage|p1a: Sylveon|203/300\n|move|p1a: Sylveon|Hyper Voice|p2a: Electrode\n|-immune|p2a: Electrode|[from] ability: Soundproof\n|\n|-heal|p1a: Sylveon|300/300|[from] move: Wish|[wisher] Sylveon\n|-damage|p1a: Sylveon|263/300|[from] Leech Seed|[of] p2a: Electrode\n|upkeep\n|turn|26\n|inactive|Time left: 300 sec this turn | 300 sec total\n|\n|t:|1783571253\n|move|p2a: Electrode|Thunderbolt|p1a: Sylveon\n|-damage|p1a: Sylveon|239/300\n|move|p1a: Sylveon|Wish|p1a: Sylveon\n|\n|-heal|p1a: Sylveon|257/300|[from] item: Leftovers\n|-damage|p1a: Sylveon|220/300|[from] Leech Seed|[of] p2a: Electrode\n|upkeep\n|turn|27\n|inactive|Time left: 300 sec this turn | 300 sec total\n|\n|t:|1783571254\n|move|p2a: Electrode|Giga Drain|p1a: Sylveon\n|-damage|p1a: Sylveon|202/300\n|move|p1a: Sylveon|Hyper Voice|p2a: Electrode\n|-immune|p2a: Electrode|[from] ability: Soundproof\n|\n|-heal|p1a: Sylveon|300/300|[from] move: Wish|[wisher] Sylveon\n|-damage|p1a: Sylveon|263/300|[from] Leech Seed|[of] p2a: Electrode\n|upkeep\n|turn|28\n|inactive|Time left: 300 sec this turn | 300 sec total\n|\n|t:|1783571254\n|move|p2a: Electrode|Thunderbolt|p1a: Sylveon\n|-damage|p1a: Sylveon|239/300\n|move|p1a: Sylveon|Wish|p1a: Sylveon\n|\n|-heal|p1a: Sylveon|257/300|[from] item: Leftovers\n|-damage|p1a: Sylveon|220/300|[from] Leech Seed|[of] p2a: Electrode\n|upkeep\n|turn|29\n|inactive|Time left: 300 sec this turn | 300 sec total\n|\n|t:|1783571256\n|move|p2a: Electrode|Thunderbolt|p1a: Sylveon\n|-damage|p1a: Sylveon|199/300\n|move|p1a: Sylveon|Hyper Voice|p2a: Electrode\n|-immune|p2a: Electrode|[from] ability: Soundproof\n|\n|-heal|p1a: Sylveon|300/300|[from] move: Wish|[wisher] Sylveon\n|-damage|p1a: Sylveon|263/300|[from] Leech Seed|[of] p2a: Electrode\n|upkeep\n|turn|30\n|inactive|Time left: 300 sec this turn | 300 sec total\n|\n|t:|1783571257\n|move|p2a: Electrode|Thunderbolt|p1a: Sylveon\n|-damage|p1a: Sylveon|239/300\n|move|p1a: Sylveon|Wish|p1a: Sylveon\n|\n|-heal|p1a: Sylveon|257/300|[from] item: Leftovers\n|-damage|p1a: Sylveon|220/300|[from] Leech Seed|[of] p2a: Electrode\n|upkeep\n|turn|31\n|inactive|Time left: 300 sec this turn | 300 sec total\n|\n|t:|1783571258\n|move|p2a: Electrode|Thunderbolt|p1a: Sylveon\n|-damage|p1a: Sylveon|196/300\n|move|p1a: Sylveon|Hyper Voice|p2a: Electrode\n|-immune|p2a: Electrode|[from] ability: Soundproof\n|\n|-heal|p1a: Sylveon|300/300|[from] move: Wish|[wisher] Sylveon\n|-damage|p1a: Sylveon|263/300|[from] Leech Seed|[of] p2a: Electrode\n|upkeep\n|turn|32\n|inactive|Time left: 300 sec this turn | 300 sec total\n|\n|t:|1783571259\n|move|p2a: Electrode|Thunderbolt|p1a: Sylveon\n|-damage|p1a: Sylveon|242/300\n|move|p1a: Sylveon|Wish|p1a: Sylveon\n|\n|-heal|p1a: Sylveon|260/300|[from] item: Leftovers\n|-damage|p1a: Sylveon|223/300|[from] Leech Seed|[of] p2a: Electrode\n|upkeep\n|turn|33\n|inactive|Time left: 300 sec this turn | 300 sec total\n|\n|t:|1783571260\n|move|p2a: Electrode|Thunderbolt|p1a: Sylveon\n|-damage|p1a: Sylveon|201/300\n|move|p1a: Sylveon|Calm Mind|p1a: Sylveon\n|-boost|p1a: Sylveon|spa|1\n|-boost|p1a: Sylveon|spd|1\n|\n|-heal|p1a: Sylveon|300/300|[from] move: Wish|[wisher] Sylveon\n|-damage|p1a: Sylveon|263/300|[from] Leech Seed|[of] p2a: Electrode\n|upkeep\n|turn|34\n|inactive|Time left: 300 sec this turn | 300 sec total\n|\n|t:|1783571260\n|move|p2a: Electrode|Giga Drain|p1a: Sylveon\n|-damage|p1a: Sylveon|247/300\n|move|p1a: Sylveon|Wish|p1a: Sylveon\n|\n|-heal|p1a: Sylveon|265/300|[from] item: Leftovers\n|-damage|p1a: Sylveon|228/300|[from] Leech Seed|[of] p2a: Electrode\n|upkeep\n|turn|35\n|inactive|Time left: 300 sec this turn | 300 sec total\n|\n|t:|1783571261\n|move|p2a: Electrode|Thunderbolt|p1a: Sylveon\n|-damage|p1a: Sylveon|210/300\n|move|p1a: Sylveon|Hyper Voice|p2a: Electrode\n|-immune|p2a: Electrode|[from] ability: Soundproof\n|\n|-heal|p1a: Sylveon|300/300|[from] move: Wish|[wisher] Sylveon\n|-damage|p1a: Sylveon|263/300|[from] Leech Seed|[of] p2a: Electrode\n|upkeep\n|turn|36\n|inactive|Time left: 300 sec this turn | 300 sec total\n|\n|t:|1783571263\n|move|p2a: Electrode|Leech Seed||[still]\n|-fail|p2a: Electrode\n|move|p1a: Sylveon|Wish|p1a: Sylveon\n|\n|-heal|p1a: Sylveon|281/300|[from] item: Leftovers\n|-damage|p1a: Sylveon|244/300|[from] Leech Seed|[of] p2a: Electrode\n|upkeep\n|turn|37\n|inactive|Time left: 300 sec this turn | 300 sec total\n|\n|t:|1783571264\n|move|p2a: Electrode|Giga Drain|p1a: Sylveon\n|-damage|p1a: Sylveon|229/300\n|move|p1a: Sylveon|Hyper Voice|p2a: Electrode\n|-immune|p2a: Electrode|[from] ability: Soundproof\n|\n|-heal|p1a: Sylveon|300/300|[from] move: Wish|[wisher] Sylveon\n|-damage|p1a: Sylveon|263/300|[from] Leech Seed|[of] p2a: Electrode\n|upkeep\n|turn|38\n|inactive|Time left: 300 sec this turn | 300 sec total\n|\n|t:|1783571265\n|move|p2a: Electrode|Giga Drain|p1a: Sylveon\n|-damage|p1a: Sylveon|247/300\n|move|p1a: Sylveon|Hyper Voice|p2a: Electrode\n|-immune|p2a: Electrode|[from] ability: Soundproof\n|\n|-heal|p1a: Sylveon|265/300|[from] item: Leftovers\n|-damage|p1a: Sylveon|228/300|[from] Leech Seed|[of] p2a: Electrode\n|upkeep\n|turn|39\n|inactive|Time left: 300 sec this turn | 300 sec total\n|\n|t:|1783571266\n|move|p2a: Electrode|Giga Drain|p1a: Sylveon\n|-damage|p1a: Sylveon|212/300\n|move|p1a: Sylveon|Wish|p1a: Sylveon\n|\n|-heal|p1a: Sylveon|230/300|[from] item: Leftovers\n|-damage|p1a: Sylveon|193/300|[from] Leech Seed|[of] p2a: Electrode\n|upkeep\n|turn|40\n|inactive|Time left: 300 sec this turn | 300 sec total\n|\n|t:|1783571267\n|move|p2a: Electrode|Giga Drain|p1a: Sylveon\n|-damage|p1a: Sylveon|178/300\n|move|p1a: Sylveon|Hyper Voice|p2a: Electrode\n|-immune|p2a: Electrode|[from] ability: Soundproof\n|\n|-heal|p1a: Sylveon|300/300|[from] move: Wish|[wisher] Sylveon\n|-damage|p1a: Sylveon|263/300|[from] Leech Seed|[of] p2a: Electrode\n|upkeep\n|turn|41\n|inactive|Time left: 300 sec this turn | 300 sec total\n|\n|t:|1783571268\n|move|p2a: Electrode|Giga Drain|p1a: Sylveon\n|-damage|p1a: Sylveon|245/300\n|move|p1a: Sylveon|Hyper Voice|p2a: Electrode\n|-immune|p2a: Electrode|[from] ability: Soundproof\n|\n|-heal|p1a: Sylveon|263/300|[from] item: Leftovers\n|-damage|p1a: Sylveon|226/300|[from] Leech Seed|[of] p2a: Electrode\n|upkeep\n|turn|42\n|inactive|Time left: 300 sec this turn | 300 sec total\n|\n|t:|1783571269\n|move|p2a: Electrode|Giga Drain|p1a: Sylveon\n|-damage|p1a: Sylveon|210/300\n|move|p1a: Sylveon|Wish|p1a: Sylveon\n|\n|-heal|p1a: Sylveon|228/300|[from] item: Leftovers\n|-damage|p1a: Sylveon|191/300|[from] Leech Seed|[of] p2a: Electrode\n|upkeep\n|turn|43\n|inactive|Time left: 300 sec this turn | 300 sec total\n|\n|t:|1783571270\n|move|p1a: Sylveon|Protect|p1a: Sylveon\n|-singleturn|p1a: Sylveon|Protect\n|move|p2a: Electrode|Substitute|p2a: Electrode\n|-fail|p2a: Electrode|move: Substitute\n|\n|-heal|p1a: Sylveon|300/300|[from] move: Wish|[wisher] Sylveon\n|-damage|p1a: Sylveon|263/300|[from] Leech Seed|[of] p2a: Electrode\n|upkeep\n|turn|44\n|inactive|Time left: 300 sec this turn | 300 sec total\n|\n|t:|1783571271\n|move|p2a: Electrode|Substitute|p2a: Electrode\n|-fail|p2a: Electrode|move: Substitute\n|move|p1a: Sylveon|Wish|p1a: Sylveon\n|\n|-heal|p1a: Sylveon|281/300|[from] item: Leftovers\n|-damage|p1a: Sylveon|244/300|[from] Leech Seed|[of] p2a: Electrode\n|upkeep\n|turn|45\n|inactive|Time left: 300 sec this turn | 300 sec total\n|\n|t:|1783571272\n|move|p1a: Sylveon|Protect|p1a: Sylveon\n|-singleturn|p1a: Sylveon|Protect\n|move|p2a: Electrode|Substitute|p2a: Electrode\n|-fail|p2a: Electrode|move: Substitute\n|\n|-heal|p1a: Sylveon|300/300|[from] move: Wish|[wisher] Sylveon\n|-damage|p1a: Sylveon|263/300|[from] Leech Seed|[of] p2a: Electrode\n|upkeep\n|turn|46\n|inactive|Time left: 300 sec this turn | 300 sec total\n|\n|t:|1783571273\n|move|p2a: Electrode|Giga Drain|p1a: Sylveon\n|-damage|p1a: Sylveon|248/300\n|move|p1a: Sylveon|Calm Mind|p1a: Sylveon\n|-boost|p1a: Sylveon|spa|1\n|-boost|p1a: Sylveon|spd|1\n|\n|-heal|p1a: Sylveon|266/300|[from] item: Leftovers\n|-damage|p1a: Sylveon|229/300|[from] Leech Seed|[of] p2a: Electrode\n|upkeep\n|turn|47\n|inactive|Time left: 300 sec this turn | 300 sec total\n|\n|t:|1783571275\n|move|p1a: Sylveon|Protect|p1a: Sylveon\n|-singleturn|p1a: Sylveon|Protect\n|move|p2a: Electrode|Substitute|p2a: Electrode\n|-fail|p2a: Electrode|move: Substitute\n|\n|-heal|p1a: Sylveon|247/300|[from] item: Leftovers\n|-damage|p1a: Sylveon|210/300|[from] Leech Seed|[of] p2a: Electrode\n|upkeep\n|turn|48\n|inactive|Time left: 300 sec this turn | 300 sec total\n|\n|t:|1783571276\n|move|p1a: Sylveon|Protect||[still]\n|-fail|p1a: Sylveon\n|move|p2a: Electrode|Giga Drain|p1a: Sylveon\n|-damage|p1a: Sylveon|195/300\n|\n|-heal|p1a: Sylveon|213/300|[from] item: Leftovers\n|-damage|p1a: Sylveon|176/300|[from] Leech Seed|[of] p2a: Electrode\n|upkeep\n|turn|49\n|inactive|Time left: 300 sec this turn | 300 sec total\n|\n|t:|1783571277\n|move|p1a: Sylveon|Protect|p1a: Sylveon\n|-singleturn|p1a: Sylveon|Protect\n|move|p2a: Electrode|Substitute|p2a: Electrode\n|-fail|p2a: Electrode|move: Substitute\n|\n|-heal|p1a: Sylveon|194/300|[from] item: Leftovers\n|-damage|p1a: Sylveon|157/300|[from] Leech Seed|[of] p2a: Electrode\n|upkeep\n|turn|50\n|inactive|Time left: 300 sec this turn | 300 sec total\n|\n|t:|1783571278\n|move|p1a: Sylveon|Protect||[still]\n|-fail|p1a: Sylveon\n|move|p2a: Electrode|Substitute|p2a: Electrode\n|-fail|p2a: Electrode|move: Substitute\n|\n|-heal|p1a: Sylveon|175/300|[from] item: Leftovers\n|-damage|p1a: Sylveon|138/300|[from] Leech Seed|[of] p2a: Electrode\n|upkeep\n|turn|51\n|inactive|Time left: 300 sec this turn | 300 sec total\n|\n|t:|1783571279\n|move|p1a: Sylveon|Protect|p1a: Sylveon\n|-singleturn|p1a: Sylveon|Protect\n|move|p2a: Electrode|Substitute|p2a: Electrode\n|-fail|p2a: Electrode|move: Substitute\n|\n|-heal|p1a: Sylveon|156/300|[from] item: Leftovers\n|-damage|p1a: Sylveon|119/300|[from] Leech Seed|[of] p2a: Electrode\n|upkeep\n|turn|52\n|inactive|Time left: 300 sec this turn | 300 sec total\n|\n|t:|1783571280\n|move|p1a: Sylveon|Protect||[still]\n|-fail|p1a: Sylveon\n|move|p2a: Electrode|Leech Seed||[still]\n|-fail|p2a: Electrode\n|\n|-heal|p1a: Sylveon|137/300|[from] item: Leftovers\n|-damage|p1a: Sylveon|100/300|[from] Leech Seed|[of] p2a: Electrode\n|upkeep\n|turn|53\n|inactive|Time left: 300 sec this turn | 300 sec total\n|\n|t:|1783571281\n|move|p2a: Electrode|Leech Seed||[still]\n|-fail|p2a: Electrode\n|move|p1a: Sylveon|Calm Mind|p1a: Sylveon\n|-boost|p1a: Sylveon|spa|0\n|-boost|p1a: Sylveon|spd|0\n|\n|-heal|p1a: Sylveon|118/300|[from] item: Leftovers\n|-damage|p1a: Sylveon|81/300|[from] Leech Seed|[of] p2a: Electrode\n|upkeep\n|turn|54\n|inactive|Time left: 300 sec this turn | 300 sec total\n|\n|t:|1783571282\n|move|p1a: Sylveon|Protect|p1a: Sylveon\n|-singleturn|p1a: Sylveon|Protect\n|move|p2a: Electrode|Substitute|p2a: Electrode\n|-fail|p2a: Electrode|move: Substitute\n|\n|-heal|p1a: Sylveon|99/300|[from] item: Leftovers\n|-damage|p1a: Sylveon|62/300|[from] Leech Seed|[of] p2a: Electrode\n|upkeep\n|turn|55\n|inactive|Time left: 300 sec this turn | 300 sec total\n|\n|t:|1783571283\n|move|p1a: Sylveon|Protect||[still]\n|-fail|p1a: Sylveon\n|move|p2a: Electrode|Giga Drain|p1a: Sylveon\n|-damage|p1a: Sylveon|49/300\n|\n|-heal|p1a: Sylveon|67/300|[from] item: Leftovers\n|-damage|p1a: Sylveon|30/300|[from] Leech Seed|[of] p2a: Electrode\n|upkeep\n|turn|56\n|inactive|Time left: 300 sec this turn | 300 sec total\n|\n|t:|1783571284\n|move|p2a: Electrode|Leech Seed||[still]\n|-fail|p2a: Electrode\n|move|p1a: Sylveon|Hyper Voice|p2a: Electrode\n|-immune|p2a: Electrode|[from] ability: Soundproof\n|\n|-heal|p1a: Sylveon|48/300|[from] item: Leftovers\n|-damage|p1a: Sylveon|11/300|[from] Leech Seed|[of] p2a: Electrode\n|upkeep\n|turn|57\n|inactive|Time left: 300 sec this turn | 300 sec total\n|\n|t:|1783571285\n|switch|p1a: Oricorio|Oricorio-Sensu, L85, F|60/266\n|move|p2a: Electrode|Leech Seed|p1a: Oricorio\n|-start|p1a: Oricorio|move: Leech Seed\n|\n|-damage|p1a: Oricorio|27/266|[from] Leech Seed|[of] p2a: Electrode\n|upkeep\n|turn|58\n|inactive|Time left: 300 sec this turn | 300 sec total\n|\n|t:|1783571286\n|move|p2a: Electrode|Giga Drain|p1a: Oricorio\n|-resisted|p1a: Oricorio\n|-damage|p1a: Oricorio|0 fnt\n|faint|p1a: Oricorio\n|\n|upkeep\n|inactive|Time left: 300 sec this turn | 300 sec total | 5 sec grace\n|\n|t:|1783571287\n|switch|p1a: Indeedee|Indeedee, L84, M|238/238\n|-fieldstart|move: Psychic Terrain|[from] ability: Psychic Surge|[of] p1a: Indeedee\n|turn|59\n|inactive|Time left: 300 sec this turn | 300 sec total\n|\n|t:|1783571288\n|switch|p2a: Empoleon|Empoleon, L84, M|100/100\n|move|p1a: Indeedee|Expanding Force|p2a: Empoleon\n|-resisted|p2a: Empoleon\n|-damage|p2a: Empoleon|61/100\n|-damage|p1a: Indeedee|215/238|[from] item: Life Orb\n|\n|-heal|p2a: Empoleon|67/100|[from] item: Leftovers\n|upkeep\n|turn|60\n|inactive|Time left: 300 sec this turn | 300 sec total\n|\n|t:|1783571289\n|move|p1a: Indeedee|Calm Mind|p1a: Indeedee\n|-boost|p1a: Indeedee|spa|1\n|-boost|p1a: Indeedee|spd|1\n|move|p2a: Empoleon|Surf|p1a: Indeedee\n|-damage|p1a: Indeedee|151/238\n|\n|-heal|p2a: Empoleon|73/100|[from] item: Leftovers\n|upkeep\n|turn|61\n|inactive|Time left: 300 sec this turn | 300 sec total\n|\n|t:|1783571290\n|move|p1a: Indeedee|Expanding Force|p2a: Empoleon\n|-resisted|p2a: Empoleon\n|-damage|p2a: Empoleon|18/100\n|-damage|p1a: Indeedee|128/238|[from] item: Life Orb\n|move|p2a: Empoleon|Roar|p1a: Indeedee\n|drag|p1a: Lycanroc|Lycanroc-Dusk, L81, M|254/254\n|\n|-heal|p2a: Empoleon|24/100|[from] item: Leftovers\n|upkeep\n|turn|62\n|inactive|Time left: 300 sec this turn | 300 sec total\n|\n|t:|1783571291\n|switch|p2a: Houndstone|Houndstone, L86, F|100/100\n|move|p1a: Lycanroc|Psychic Fangs|p2a: Houndstone\n|-damage|p2a: Houndstone|78/100\n|-damage|p1a: Lycanroc|229/254|[from] item: Life Orb\n|\n|upkeep\n|turn|63\n|inactive|Time left: 300 sec this turn | 300 sec total\n|\n|t:|1783571292\n|switch|p1a: Vigoroth|Vigoroth, L85, F|275/275\n|move|p2a: Houndstone|Body Press|p1a: Vigoroth\n|-supereffective|p1a: Vigoroth\n|-damage|p1a: Vigoroth|141/275\n|\n|-fieldend|move: Psychic Terrain\n|upkeep\n|turn|64\n|inactive|Time left: 300 sec this turn | 300 sec total\n|\n|t:|1783571293\n|move|p1a: Vigoroth|Slack Off|p1a: Vigoroth\n|-heal|p1a: Vigoroth|275/275\n|move|p2a: Houndstone|Body Press|p1a: Vigoroth\n|-supereffective|p1a: Vigoroth\n|-damage|p1a: Vigoroth|151/275\n|\n|upkeep\n|turn|65\n|inactive|Time left: 300 sec this turn | 300 sec total\n|\n|t:|1783571294\n|move|p1a: Vigoroth|Bulk Up|p1a: Vigoroth\n|-boost|p1a: Vigoroth|atk|1\n|-boost|p1a: Vigoroth|def|1\n|move|p2a: Houndstone|Body Press|p1a: Vigoroth\n|-supereffective|p1a: Vigoroth\n|-damage|p1a: Vigoroth|59/275\n|\n|upkeep\n|turn|66\n|inactive|Time left: 300 sec this turn | 300 sec total\n|\n|t:|1783571295\n|-terastallize|p2a: Houndstone|Fighting\n|move|p1a: Vigoroth|Slack Off|p1a: Vigoroth\n|-heal|p1a: Vigoroth|197/275\n|move|p2a: Houndstone|Body Press|p1a: Vigoroth\n|-supereffective|p1a: Vigoroth\n|-damage|p1a: Vigoroth|59/275\n|\n|upkeep\n|turn|67\n|inactive|Time left: 300 sec this turn | 300 sec total\n|\n|t:|1783571296\n|move|p1a: Vigoroth|Slack Off|p1a: Vigoroth\n|-heal|p1a: Vigoroth|197/275\n|move|p2a: Houndstone|Body Press|p1a: Vigoroth\n|-supereffective|p1a: Vigoroth\n|-damage|p1a: Vigoroth|63/275\n|\n|upkeep\n|turn|68\n|inactive|Time left: 300 sec this turn | 300 sec total\n|\n|t:|1783571297\n|move|p1a: Vigoroth|Slack Off|p1a: Vigoroth\n|-heal|p1a: Vigoroth|201/275\n|move|p2a: Houndstone|Body Press|p1a: Vigoroth\n|-supereffective|p1a: Vigoroth\n|-damage|p1a: Vigoroth|61/275\n|\n|upkeep\n|turn|69\n|inactive|Time left: 300 sec this turn | 300 sec total\n|\n|t:|1783571298\n|move|p1a: Vigoroth|Slack Off|p1a: Vigoroth\n|-heal|p1a: Vigoroth|199/275\n|move|p2a: Houndstone|Body Press|p1a: Vigoroth\n|-supereffective|p1a: Vigoroth\n|-damage|p1a: Vigoroth|61/275\n|\n|upkeep\n|turn|70\n|inactive|Time left: 300 sec this turn | 300 sec total\n|\n|t:|1783571298\n|move|p1a: Vigoroth|Slack Off|p1a: Vigoroth\n|-heal|p1a: Vigoroth|199/275\n|move|p2a: Houndstone|Body Press|p1a: Vigoroth\n|-supereffective|p1a: Vigoroth\n|-damage|p1a: Vigoroth|61/275\n|\n|upkeep\n|turn|71\n|inactive|Time left: 300 sec this turn | 300 sec total\n|\n|t:|1783571299\n|move|p1a: Vigoroth|Slack Off|p1a: Vigoroth\n|-heal|p1a: Vigoroth|199/275\n|move|p2a: Houndstone|Body Press|p1a: Vigoroth\n|-supereffective|p1a: Vigoroth\n|-damage|p1a: Vigoroth|77/275\n|\n|upkeep\n|turn|72\n|inactive|Time left: 300 sec this turn | 300 sec total\n|\n|t:|1783571300\n|move|p1a: Vigoroth|Slack Off|p1a: Vigoroth\n|-heal|p1a: Vigoroth|215/275\n|move|p2a: Houndstone|Body Press|p1a: Vigoroth\n|-supereffective|p1a: Vigoroth\n|-damage|p1a: Vigoroth|87/275\n|\n|upkeep\n|turn|73\n|inactive|Time left: 300 sec this turn | 300 sec total\n|\n|t:|1783571301\n|move|p1a: Vigoroth|Body Slam|p2a: Houndstone\n|-damage|p2a: Houndstone|58/100\n|move|p2a: Houndstone|Body Press|p1a: Vigoroth\n|-supereffective|p1a: Vigoroth\n|-damage|p1a: Vigoroth|0 fnt\n|faint|p1a: Vigoroth\n|\n|upkeep\n|inactive|Time left: 300 sec this turn | 300 sec total | 5 sec grace\n|\n|t:|1783571302\n|switch|p1a: Indeedee|Indeedee, L84, M|128/238\n|-fieldstart|move: Psychic Terrain|[from] ability: Psychic Surge|[of] p1a: Indeedee\n|turn|74\n|inactive|Time left: 300 sec this turn | 300 sec total\n|\n|t:|1783571303\n|move|p1a: Indeedee|Expanding Force|p2a: Houndstone\n|-supereffective|p2a: Houndstone\n|-damage|p2a: Houndstone|0 fnt\n|faint|p2a: Houndstone\n|-damage|p1a: Indeedee|105/238|[from] item: Life Orb\n|\n|upkeep\n|\n|t:|1783571304\n|switch|p2a: Tsareena|Tsareena, L87, F|100/100\n|turn|75\n|inactive|Time left: 300 sec this turn | 300 sec total\n|\n|t:|1783571304\n|move|p1a: Indeedee|Expanding Force|p2a: Tsareena\n|-damage|p2a: Tsareena|47/100\n|-damage|p1a: Indeedee|82/238|[from] item: Life Orb\n|move|p2a: Tsareena|Rapid Spin|p1a: Indeedee\n|-damage|p1a: Indeedee|16/238\n|-boost|p2a: Tsareena|spe|1\n|\n|upkeep\n|turn|76\n|inactive|Time left: 300 sec this turn | 300 sec total\n|\n|t:|1783571306\n|move|p2a: Tsareena|Rapid Spin|p1a: Indeedee\n|-damage|p1a: Indeedee|0 fnt\n|-boost|p2a: Tsareena|spe|1\n|faint|p1a: Indeedee\n|\n|upkeep\n|inactive|Time left: 300 sec this turn | 300 sec total | 5 sec grace\n|\n|t:|1783571307\n|switch|p1a: Sylveon|Sylveon, L85, F|11/300\n|turn|77\n|inactive|Time left: 300 sec this turn | 300 sec total\n|\n|t:|1783571308\n|move|p1a: Sylveon|Protect|p1a: Sylveon\n|-singleturn|p1a: Sylveon|Protect\n|move|p2a: Tsareena|Power Whip|p1a: Sylveon\n|-activate|p1a: Sylveon|move: Protect\n|\n|-heal|p1a: Sylveon|29/300|[from] item: Leftovers\n|upkeep\n|turn|78\n|inactive|Time left: 300 sec this turn | 300 sec total\n|\n|t:|1783571309\n|move|p1a: Sylveon|Protect|p1a: Sylveon\n|-singleturn|p1a: Sylveon|Protect\n|move|p2a: Tsareena|Power Whip|p1a: Sylveon\n|-activate|p1a: Sylveon|move: Protect\n|\n|-heal|p1a: Sylveon|47/300|[from] item: Leftovers\n|-fieldend|move: Psychic Terrain\n|upkeep\n|turn|79\n|inactive|Time left: 300 sec this turn | 300 sec total\n|\n|t:|1783571310\n|move|p1a: Sylveon|Protect||[still]\n|-fail|p1a: Sylveon\n|move|p2a: Tsareena|Power Whip|p1a: Sylveon\n|-damage|p1a: Sylveon|0 fnt\n|faint|p1a: Sylveon\n|\n|upkeep\n|inactive|Time left: 300 sec this turn | 300 sec total | 5 sec grace\n|\n|t:|1783571311\n|switch|p1a: Lycanroc|Lycanroc-Dusk, L81, M|229/254\n|turn|80\n|inactive|Time left: 300 sec this turn | 300 sec total\n|\n|t:|1783571311\n|move|p2a: Tsareena|Power Whip|p1a: Lycanroc\n|-supereffective|p1a: Lycanroc\n|-damage|p1a: Lycanroc|0 fnt\n|faint|p1a: Lycanroc\n|\n|win|p0y27975f22", "uploadtime": 1783571311, "views": 0, "rating": 0, "private": 0, "password": null, "_winner": "p0y27975f22", "_our_name": "p0x2797de6a"}