{"id": "battle-gen9randombattle-1817", "formatid": "gen9randombattle", "format": "[Gen 9] Random Battle", "players": ["p0x1817ab10", "p0y1817c80f"], "log": "|init|battle\n|title|p0x1817ab10 vs. p0y1817c80f\n|j|\u2606p0x1817ab10\n|j|\u2606p0y1817c80f\n|t:|1783560279\n|gametype|singles\n|player|p1|p0x1817ab10|266|\n|player|p2|p0y1817c80f|102|\n|gen|9\n|tier|[Gen 9] Random Battle\n|rule|Species Clause: Limit one of each Pok\u00e9mon\n|rule|HP Percentage Mod: HP is shown in percentages\n|rule|Sleep Clause Mod: Limit one foe put to sleep\n|rule|Illusion Level Mod: Illusion disguises the Pok\u00e9mon's true level\n|\n|t:|1783560279\n|teamsize|p1|6\n|teamsize|p2|6\n|start\n|switch|p1a: Cyclizar|Cyclizar, L84, F|255/255\n|switch|p2a: Floatzel|Floatzel, L86, M|100/100\n|turn|1\n|inactive|Battle timer is ON: inactive players will automatically lose when time's up. (requested by p0x1817ab10)\n|\n|t:|1783560281\n|move|p1a: Cyclizar|Shed Tail|p1a: Cyclizar\n|-start|p1a: Cyclizar|Substitute|[from] move: Shed Tail\n|-damage|p1a: Cyclizar|127/255\n|inactive|Time left: 300 sec this turn | 300 sec total | 65 sec grace\n|inactive|p0y1817c80f also wants the timer to be on.\n|\n|t:|1783560281\n|switch|p1a: Thundurus|Thundurus, L80, M|258/258|[from] Shed Tail\n|move|p2a: Floatzel|Ice Spinner|p1a: Thundurus\n|-supereffective|p1a: Thundurus\n|-end|p1a: Thundurus|Substitute\n|\n|upkeep\n|turn|2\n|inactive|Time left: 300 sec this turn | 300 sec total\n|\n|t:|1783560283\n|move|p2a: Floatzel|Ice Spinner|p1a: Thundurus\n|-supereffective|p1a: Thundurus\n|-damage|p1a: Thundurus|114/258\n|move|p1a: Thundurus|Thunderbolt|p2a: Floatzel\n|-supereffective|p2a: Floatzel\n|-damage|p2a: Floatzel|0 fnt\n|faint|p2a: Floatzel\n|\n|upkeep\n|\n|t:|1783560284\n|switch|p2a: Slowbro|Slowbro-Galar, L87, F|100/100\n|turn|3\n|inactive|Time left: 300 sec this turn | 300 sec total\n|\n|t:|1783560285\n|switch|p1a: Polteageist|Polteageist, L78|222/222\n|move|p2a: Slowbro|Shell Side Arm|p1a: Polteageist|[anim] Shell Side Arm Physical\n|-resisted|p1a: Polteageist\n|-damage|p1a: Polteageist|147/222\n|-hint|Physical Shell Side Arm\n|-status|p1a: Polteageist|psn\n|\n|-damage|p1a: Polteageist|120/222 psn|[from] psn\n|upkeep\n|turn|4\n|inactive|Time left: 300 sec this turn | 300 sec total\n|\n|t:|1783560286\n|move|p1a: Polteageist|Strength Sap|p2a: Slowbro\n|-unboost|p2a: Slowbro|atk|1\n|-heal|p1a: Polteageist|222/222 psn\n|move|p2a: Slowbro|Foul Play|p1a: Polteageist\n|-supereffective|p1a: Polteageist\n|-damage|p1a: Polteageist|130/222 psn\n|\n|-damage|p1a: Polteageist|103/222 psn|[from] psn\n|upkeep\n|turn|5\n|inactive|Time left: 300 sec this turn | 300 sec total\n|\n|t:|1783560287\n|move|p1a: Polteageist|Strength Sap|p2a: Slowbro\n|-unboost|p2a: Slowbro|atk|1\n|-heal|p1a: Polteageist|222/222 psn\n|move|p2a: Slowbro|Foul Play|p1a: Polteageist\n|-supereffective|p1a: Polteageist\n|-damage|p1a: Polteageist|136/222 psn\n|\n|-damage|p1a: Polteageist|109/222 psn|[from] psn\n|upkeep\n|turn|6\n|inactive|Time left: 300 sec this turn | 300 sec total\n|\n|t:|1783560287\n|move|p1a: Polteageist|Strength Sap|p2a: Slowbro\n|-unboost|p2a: Slowbro|atk|1\n|-heal|p1a: Polteageist|221/222 psn\n|move|p2a: Slowbro|Foul Play|p1a: Polteageist\n|-supereffective|p1a: Polteageist\n|-damage|p1a: Polteageist|133/222 psn\n|\n|-damage|p1a: Polteageist|106/222 psn|[from] psn\n|upkeep\n|turn|7\n|inactive|Time left: 300 sec this turn | 300 sec total\n|\n|t:|1783560288\n|move|p1a: Polteageist|Strength Sap|p2a: Slowbro\n|-unboost|p2a: Slowbro|atk|1\n|-heal|p1a: Polteageist|195/222 psn\n|move|p2a: Slowbro|Foul Play|p1a: Polteageist\n|-supereffective|p1a: Polteageist\n|-damage|p1a: Polteageist|97/222 psn\n|\n|-damage|p1a: Polteageist|70/222 psn|[from] psn\n|upkeep\n|turn|8\n|inactive|Time left: 300 sec this turn | 300 sec total\n|\n|t:|1783560289\n|move|p1a: Polteageist|Strength Sap|p2a: Slowbro\n|-unboost|p2a: Slowbro|atk|1\n|-heal|p1a: Polteageist|144/222 psn\n|move|p2a: Slowbro|Foul Play|p1a: Polteageist\n|-supereffective|p1a: Polteageist\n|-damage|p1a: Polteageist|44/222 psn\n|\n|-damage|p1a: Polteageist|17/222 psn|[from] psn\n|upkeep\n|turn|9\n|inactive|Time left: 300 sec this turn | 300 sec total\n|\n|t:|1783560290\n|move|p1a: Polteageist|Strength Sap|p2a: Slowbro\n|-unboost|p2a: Slowbro|atk|1\n|-heal|p1a: Polteageist|81/222 psn\n|move|p2a: Slowbro|Psychic|p1a: Polteageist\n|-damage|p1a: Polteageist|0 fnt\n|faint|p1a: Polteageist\n|\n|upkeep\n|inactive|Time left: 300 sec this turn | 300 sec total | 5 sec grace\n|\n|t:|1783560291\n|switch|p1a: Reshiram|Reshiram, L76|277/277\n|-ability|p1a: Reshiram|Turboblaze\n|turn|10\n|inactive|Time left: 300 sec this turn | 300 sec total\n|\n|t:|1783560292\n|switch|p2a: Vespiquen|Vespiquen, L99, F|100/100\n|-ability|p2a: Vespiquen|Pressure\n|move|p1a: Reshiram|Dragon Dance|p1a: Reshiram\n|-boost|p1a: Reshiram|atk|1\n|-boost|p1a: Reshiram|spe|1\n|\n|upkeep\n|turn|11\n|inactive|Time left: 300 sec this turn | 300 sec total\n|\n|t:|1783560294\n|move|p1a: Reshiram|Stone Edge|p2a: Vespiquen\n|-supereffective|p2a: Vespiquen\n|-crit|p2a: Vespiquen\n|-damage|p2a: Vespiquen|0 fnt\n|faint|p2a: Vespiquen\n|\n|upkeep\n|\n|t:|1783560295\n|switch|p2a: Duraludon|Duraludon, L82, M|100/100\n|turn|12\n|inactive|Time left: 300 sec this turn | 300 sec total\n|\n|t:|1783560296\n|-terastallize|p1a: Reshiram|Fire\n|move|p1a: Reshiram|Outrage|p2a: Duraludon\n|-damage|p2a: Duraludon|63/100\n|move|p2a: Duraludon|Draco Meteor|p1a: Reshiram\n|-damage|p1a: Reshiram|148/277\n|-unboost|p2a: Duraludon|spa|2\n|\n|upkeep\n|turn|13\n|inactive|Time left: 300 sec this turn | 300 sec total\n|\n|t:|1783560297\n|switch|p2a: Chesnaught|Chesnaught, L84, F|100/100\n|move|p1a: Reshiram|Outrage|p2a: Chesnaught|[from] lockedmove\n|-damage|p2a: Chesnaught|52/100\n|\n|-heal|p2a: Chesnaught|58/100|[from] item: Leftovers\n|upkeep\n|turn|14\n|inactive|Time left: 300 sec this turn | 300 sec total\n|\n|t:|1783560298\n|move|p1a: Reshiram|Outrage|p2a: Chesnaught|[from] lockedmove\n|-damage|p2a: Chesnaught|9/100\n|-start|p1a: Reshiram|confusion|[fatigue]\n|move|p2a: Chesnaught|Synthesis|p2a: Chesnaught\n|-heal|p2a: Chesnaught|58/100\n|\n|-heal|p2a: Chesnaught|64/100|[from] item: Leftovers\n|upkeep\n|turn|15\n|inactive|Time left: 300 sec this turn | 300 sec total\n|\n|t:|1783560299\n|-activate|p1a: Reshiram|confusion\n|move|p1a: Reshiram|Flare Blitz|p2a: Chesnaught\n|-supereffective|p2a: Chesnaught\n|-damage|p2a: Chesnaught|0 fnt\n|faint|p2a: Chesnaught\n|-damage|p1a: Reshiram|88/277|[from] Recoil\n|\n|upkeep\n|\n|t:|1783560300\n|switch|p2a: Slowbro|Slowbro-Galar, L87, F|100/100\n|turn|16\n|inactive|Time left: 300 sec this turn | 300 sec total\n|\n|t:|1783560301\n|switch|p1a: Diancie|Diancie, L82|216/216\n|move|p2a: Slowbro|Psychic|p1a: Diancie\n|-damage|p1a: Diancie|146/216\n|\n|-heal|p1a: Diancie|159/216|[from] item: Leftovers\n|upkeep\n|turn|17\n|inactive|Time left: 300 sec this turn | 300 sec total\n|\n|t:|1783560302\n|move|p1a: Diancie|Calm Mind|p1a: Diancie\n|-boost|p1a: Diancie|spa|1\n|-boost|p1a: Diancie|spd|1\n|move|p2a: Slowbro|Shell Side Arm|p1a: Diancie|[anim] Shell Side Arm Physical\n|-damage|p1a: Diancie|83/216\n|-hint|Physical Shell Side Arm\n|\n|-heal|p1a: Diancie|96/216|[from] item: Leftovers\n|upkeep\n|turn|18\n|inactive|Time left: 300 sec this turn | 300 sec total\n|\n|t:|1783560303\n|move|p1a: Diancie|Draining Kiss|p2a: Slowbro\n|-resisted|p2a: Slowbro\n|-damage|p2a: Slowbro|91/100\n|-heal|p1a: Diancie|119/216|[from] drain|[of] p2a: Slowbro\n|move|p2a: Slowbro|Shell Side Arm|p1a: Diancie|[anim] Shell Side Arm Physical\n|-damage|p1a: Diancie|47/216\n|-hint|Physical Shell Side Arm\n|\n|-heal|p1a: Diancie|60/216|[from] item: Leftovers\n|upkeep\n|turn|19\n|inactive|Time left: 300 sec this turn | 300 sec total\n|\n|t:|1783560304\n|move|p1a: Diancie|Calm Mind|p1a: Diancie\n|-boost|p1a: Diancie|spa|1\n|-boost|p1a: Diancie|spd|1\n|move|p2a: Slowbro|Surf|p1a: Diancie\n|-supereffective|p1a: Diancie\n|-damage|p1a: Diancie|16/216\n|\n|-heal|p1a: Diancie|29/216|[from] item: Leftovers\n|upkeep\n|turn|20\n|inactive|Time left: 300 sec this turn | 300 sec total\n|\n|t:|1783560305\n|move|p1a: Diancie|Draining Kiss|p2a: Slowbro\n|-resisted|p2a: Slowbro\n|-damage|p2a: Slowbro|79/100\n|-heal|p1a: Diancie|56/216|[from] drain|[of] p2a: Slowbro\n|move|p2a: Slowbro|Shell Side Arm|p1a: Diancie|[anim] Shell Side Arm Physical\n|-damage|p1a: Diancie|0 fnt\n|-hint|Physical Shell Side Arm\n|faint|p1a: Diancie\n|\n|upkeep\n|inactive|Time left: 300 sec this turn | 300 sec total | 5 sec grace\n|\n|t:|1783560306\n|switch|p1a: Indeedee|Indeedee, L84, M|238/238\n|-fieldstart|move: Psychic Terrain|[from] ability: Psychic Surge|[of] p1a: Indeedee\n|turn|21\n|inactive|Time left: 300 sec this turn | 300 sec total\n|\n|t:|1783560307\n|move|p1a: Indeedee|Expanding Force|p2a: Slowbro\n|-damage|p2a: Slowbro|33/100\n|move|p2a: Slowbro|Shell Side Arm|p1a: Indeedee|[anim] Shell Side Arm Physical\n|-crit|p1a: Indeedee\n|-damage|p1a: Indeedee|27/238\n|-hint|Physical Shell Side Arm\n|\n|upkeep\n|turn|22\n|inactive|Time left: 300 sec this turn | 300 sec total\n|\n|t:|1783560309\n|switch|p2a: Duraludon|Duraludon, L82, M|63/100\n|move|p1a: Indeedee|Expanding Force|p2a: Duraludon\n|-resisted|p2a: Duraludon\n|-damage|p2a: Duraludon|30/100\n|\n|upkeep\n|turn|23\n|inactive|Time left: 300 sec this turn | 300 sec total\n|\n|t:|1783560310\n|move|p1a: Indeedee|Expanding Force|p2a: Duraludon\n|-resisted|p2a: Duraludon\n|-damage|p2a: Duraludon|0 fnt\n|faint|p2a: Duraludon\n|\n|upkeep\n|\n|t:|1783560311\n|switch|p2a: Eternatus|Eternatus, L69|100/100\n|-ability|p2a: Eternatus|Pressure\n|turn|24\n|inactive|Time left: 300 sec this turn | 300 sec total\n|\n|t:|1783560312\n|-terastallize|p2a: Eternatus|Dragon\n|move|p1a: Indeedee|Expanding Force|p2a: Eternatus\n|-damage|p2a: Eternatus|39/100\n|move|p2a: Eternatus|Dynamax Cannon|p1a: Indeedee\n|-damage|p1a: Indeedee|0 fnt\n|faint|p1a: Indeedee\n|\n|upkeep\n|inactive|Time left: 300 sec this turn | 300 sec total | 5 sec grace\n|\n|t:|1783560313\n|switch|p1a: Cyclizar|Cyclizar, L84, F|212/255\n|turn|25\n|inactive|Time left: 300 sec this turn | 300 sec total\n|\n|t:|1783560314\n|move|p1a: Cyclizar|Draco Meteor|p2a: Eternatus\n|-supereffective|p2a: Eternatus\n|-crit|p2a: Eternatus\n|-damage|p2a: Eternatus|0 fnt\n|-unboost|p1a: Cyclizar|spa|2\n|faint|p2a: Eternatus\n|\n|-fieldend|move: Psychic Terrain\n|upkeep\n|\n|t:|1783560315\n|switch|p2a: Slowbro|Slowbro-Galar, L87, F|66/100\n|turn|26\n|inactive|Time left: 300 sec this turn | 300 sec total\n|\n|t:|1783560315\n|move|p1a: Cyclizar|Shed Tail|p1a: Cyclizar\n|-start|p1a: Cyclizar|Substitute|[from] move: Shed Tail\n|-damage|p1a: Cyclizar|84/255\n|inactive|Time left: 300 sec this turn | 300 sec total | 5 sec grace\n|\n|t:|1783560316\n|switch|p1a: Reshiram|Reshiram, L76, tera:Fire|88/277|[from] Shed Tail\n|-ability|p1a: Reshiram|Turboblaze\n|move|p2a: Slowbro|Shell Side Arm|p1a: Reshiram|[anim] Shell Side Arm Physical\n|-end|p1a: Reshiram|Substitute\n|-hint|Physical Shell Side Arm\n|\n|upkeep\n|turn|27\n|inactive|Time left: 300 sec this turn | 300 sec total\n|\n|t:|1783560317\n|move|p1a: Reshiram|Outrage|p2a: Slowbro\n|-damage|p2a: Slowbro|29/100\n|move|p2a: Slowbro|Surf|p1a: Reshiram\n|-supereffective|p1a: Reshiram\n|-damage|p1a: Reshiram|0 fnt\n|faint|p1a: Reshiram\n|\n|upkeep\n|inactive|Time left: 300 sec this turn | 300 sec total | 5 sec grace\n|\n|t:|1783560318\n|switch|p1a: Cyclizar|Cyclizar, L84, F|169/255\n|turn|28\n|inactive|Time left: 300 sec this turn | 300 sec total\n|\n|t:|1783560319\n|move|p1a: Cyclizar|Draco Meteor|p2a: Slowbro\n|-damage|p2a: Slowbro|0 fnt\n|-unboost|p1a: Cyclizar|spa|2\n|faint|p2a: Slowbro\n|\n|win|p0x1817ab10", "uploadtime": 1783560319, "views": 0, "rating": 0, "private": 0, "password": null, "_winner": "p0x1817ab10", "_our_name": "p0x1817ab10"}