{"id": "battle-gen9randombattle-1734", "formatid": "gen9randombattle", "format": "[Gen 9] Random Battle", "players": ["p0x1734be78", "p0y17340e6a"], "log": "|init|battle\n|title|p0x1734be78 vs. p0y17340e6a\n|j|\u2606p0x1734be78\n|j|\u2606p0y17340e6a\n|t:|1783560050\n|gametype|singles\n|player|p1|p0x1734be78|266|\n|player|p2|p0y17340e6a|1|\n|gen|9\n|tier|[Gen 9] Random Battle\n|rule|Species Clause: Limit one of each Pok\u00e9mon\n|rule|HP Percentage Mod: HP is shown in percentages\n|rule|Sleep Clause Mod: Limit one foe put to sleep\n|rule|Illusion Level Mod: Illusion disguises the Pok\u00e9mon's true level\n|\n|t:|1783560050\n|teamsize|p1|6\n|teamsize|p2|6\n|start\n|switch|p1a: Quaquaval|Quaquaval, L79, F|264/264\n|switch|p2a: Noivern|Noivern, L82, M|100/100\n|turn|1\n|inactive|Battle timer is ON: inactive players will automatically lose when time's up. (requested by p0y17340e6a)\n|inactive|Time left: 300 sec this turn | 300 sec total | 60 sec grace\n|inactive|p0x1734be78 also wants the timer to be on.\n|\n|t:|1783560052\n|move|p2a: Noivern|Hurricane|p1a: Quaquaval|[miss]\n|-miss|p2a: Noivern|p1a: Quaquaval\n|move|p1a: Quaquaval|Aqua Step|p2a: Noivern\n|-resisted|p2a: Noivern\n|-damage|p2a: Noivern|84/100\n|-boost|p1a: Quaquaval|spe|1\n|\n|upkeep\n|turn|2\n|inactive|Time left: 300 sec this turn | 300 sec total\n|\n|t:|1783560053\n|-terastallize|p1a: Quaquaval|Steel\n|move|p1a: Quaquaval|Swords Dance|p1a: Quaquaval\n|-boost|p1a: Quaquaval|atk|2\n|move|p2a: Noivern|Hurricane|p1a: Quaquaval|[miss]\n|-miss|p2a: Noivern|p1a: Quaquaval\n|\n|upkeep\n|turn|3\n|inactive|Time left: 300 sec this turn | 300 sec total\n|\n|t:|1783560054\n|move|p1a: Quaquaval|Aqua Step|p2a: Noivern\n|-resisted|p2a: Noivern\n|-damage|p2a: Noivern|50/100\n|-boost|p1a: Quaquaval|spe|1\n|move|p2a: Noivern|Hurricane|p1a: Quaquaval|[miss]\n|-miss|p2a: Noivern|p1a: Quaquaval\n|\n|upkeep\n|turn|4\n|inactive|Time left: 300 sec this turn | 300 sec total\n|\n|t:|1783560055\n|move|p1a: Quaquaval|Close Combat|p2a: Noivern\n|-resisted|p2a: Noivern\n|-damage|p2a: Noivern|0 fnt\n|-unboost|p1a: Quaquaval|def|1\n|-unboost|p1a: Quaquaval|spd|1\n|faint|p2a: Noivern\n|-ability|p1a: Quaquaval|Moxie|boost\n|-boost|p1a: Quaquaval|atk|1\n|\n|upkeep\n|\n|t:|1783560056\n|switch|p2a: Salazzle|Salazzle, L83, F|100/100\n|turn|5\n|inactive|Time left: 300 sec this turn | 300 sec total\n|\n|t:|1783560057\n|move|p2a: Salazzle|Protect|p2a: Salazzle\n|-singleturn|p2a: Salazzle|Protect\n|move|p1a: Quaquaval|Aqua Step|p2a: Salazzle\n|-activate|p2a: Salazzle|move: Protect\n|\n|upkeep\n|turn|6\n|inactive|Time left: 300 sec this turn | 300 sec total\n|\n|t:|1783560058\n|switch|p2a: Kommo-o|Kommo-o, L77, F|100/100\n|move|p1a: Quaquaval|Aqua Step|p2a: Kommo-o\n|-resisted|p2a: Kommo-o\n|-damage|p2a: Kommo-o|63/100\n|-boost|p1a: Quaquaval|spe|1\n|\n|upkeep\n|turn|7\n|inactive|Time left: 300 sec this turn | 300 sec total\n|\n|t:|1783560059\n|switch|p2a: Salazzle|Salazzle, L83, F|100/100\n|move|p1a: Quaquaval|Close Combat|p2a: Salazzle\n|-resisted|p2a: Salazzle\n|-damage|p2a: Salazzle|9/100\n|-unboost|p1a: Quaquaval|def|1\n|-unboost|p1a: Quaquaval|spd|1\n|\n|-heal|p2a: Salazzle|15/100|[from] item: Leftovers\n|upkeep\n|turn|8\n|inactive|Time left: 300 sec this turn | 300 sec total\n|\n|t:|1783560060\n|move|p2a: Salazzle|Protect|p2a: Salazzle\n|-singleturn|p2a: Salazzle|Protect\n|move|p1a: Quaquaval|Aqua Step|p2a: Salazzle\n|-activate|p2a: Salazzle|move: Protect\n|\n|-heal|p2a: Salazzle|21/100|[from] item: Leftovers\n|upkeep\n|turn|9\n|inactive|Time left: 300 sec this turn | 300 sec total\n|\n|t:|1783560061\n|move|p1a: Quaquaval|Aqua Step|p2a: Salazzle\n|-supereffective|p2a: Salazzle\n|-damage|p2a: Salazzle|0 fnt\n|-boost|p1a: Quaquaval|spe|1\n|faint|p2a: Salazzle\n|-ability|p1a: Quaquaval|Moxie|boost\n|-boost|p1a: Quaquaval|atk|1\n|\n|upkeep\n|\n|t:|1783560062\n|switch|p2a: Delphox|Delphox, L84, M|100/100\n|turn|10\n|inactive|Time left: 300 sec this turn | 300 sec total\n|\n|t:|1783560063\n|switch|p2a: Kommo-o|Kommo-o, L77, F|63/100\n|move|p1a: Quaquaval|Aqua Step|p2a: Kommo-o\n|-resisted|p2a: Kommo-o\n|-damage|p2a: Kommo-o|19/100\n|-boost|p1a: Quaquaval|spe|1\n|\n|upkeep\n|turn|11\n|inactive|Time left: 300 sec this turn | 300 sec total\n|\n|t:|1783560064\n|switch|p2a: Arceus|Arceus-Fighting, L70|100/100\n|move|p1a: Quaquaval|Aqua Step|p2a: Arceus\n|-damage|p2a: Arceus|19/100\n|-boost|p1a: Quaquaval|spe|1\n|\n|upkeep\n|turn|12\n|inactive|Time left: 300 sec this turn | 300 sec total\n|\n|t:|1783560065\n|move|p1a: Quaquaval|Aqua Step|p2a: Arceus\n|-damage|p2a: Arceus|0 fnt\n|faint|p2a: Arceus\n|-ability|p1a: Quaquaval|Moxie|boost\n|-boost|p1a: Quaquaval|atk|1\n|\n|upkeep\n|\n|t:|1783560066\n|switch|p2a: Kommo-o|Kommo-o, L77, F|19/100\n|turn|13\n|inactive|Time left: 300 sec this turn | 300 sec total\n|\n|t:|1783560067\n|move|p1a: Quaquaval|Aqua Step|p2a: Kommo-o\n|-resisted|p2a: Kommo-o\n|-damage|p2a: Kommo-o|0 fnt\n|faint|p2a: Kommo-o\n|-ability|p1a: Quaquaval|Moxie|boost\n|-boost|p1a: Quaquaval|atk|1\n|\n|upkeep\n|\n|t:|1783560068\n|switch|p2a: Necrozma|Necrozma-Dusk-Mane, L69|100/100\n|turn|14\n|inactive|Time left: 300 sec this turn | 300 sec total\n|\n|t:|1783560069\n|move|p1a: Quaquaval|Close Combat|p2a: Necrozma\n|-damage|p2a: Necrozma|0 fnt\n|-unboost|p1a: Quaquaval|def|1\n|-unboost|p1a: Quaquaval|spd|1\n|faint|p2a: Necrozma\n|\n|upkeep\n|\n|t:|1783560069\n|switch|p2a: Delphox|Delphox, L84, M|100/100\n|turn|15\n|inactive|Time left: 300 sec this turn | 300 sec total\n|\n|t:|1783560070\n|-terastallize|p2a: Delphox|Fire\n|move|p1a: Quaquaval|Close Combat|p2a: Delphox\n|-damage|p2a: Delphox|0 fnt\n|-unboost|p1a: Quaquaval|def|1\n|-unboost|p1a: Quaquaval|spd|1\n|faint|p2a: Delphox\n|\n|win|p0x1734be78", "uploadtime": 1783560070, "views": 0, "rating": 0, "private": 0, "password": null, "_winner": "p0x1734be78", "_our_name": "p0x1734be78"}