{"id": "battle-gen9randombattle-2339", "formatid": "gen9randombattle", "format": "[Gen 9] Random Battle", "players": ["p0x2339f46b", "p0y23393a45"], "log": "|init|battle\n|title|p0x2339f46b vs. p0y23393a45\n|j|\u2606p0x2339f46b\n|j|\u2606p0y23393a45\n|t:|1783566150\n|gametype|singles\n|player|p1|p0x2339f46b|266|\n|player|p2|p0y23393a45|169|\n|gen|9\n|tier|[Gen 9] Random Battle\n|rule|Species Clause: Limit one of each Pok\u00e9mon\n|rule|HP Percentage Mod: HP is shown in percentages\n|rule|Sleep Clause Mod: Limit one foe put to sleep\n|rule|Illusion Level Mod: Illusion disguises the Pok\u00e9mon's true level\n|\n|t:|1783566150\n|teamsize|p1|6\n|teamsize|p2|6\n|start\n|switch|p1a: Zekrom|Zekrom, L71|259/259\n|switch|p2a: Cinderace|Cinderace, L77, M|100/100\n|-ability|p1a: Zekrom|Teravolt\n|turn|1\n|inactive|Battle timer is ON: inactive players will automatically lose when time's up. (requested by p0x2339f46b)\n|inactive|p0y23393a45 also wants the timer to be on.\n|\n|t:|1783566152\n|move|p2a: Cinderace|Gunk Shot|p1a: Zekrom\n|-start|p2a: Cinderace|typechange|Poison|[from] ability: Libero\n|-damage|p1a: Zekrom|88/259\n|-status|p1a: Zekrom|psn\n|move|p1a: Zekrom|Bolt Strike|p2a: Cinderace\n|-damage|p2a: Cinderace|30/100\n|\n|-heal|p1a: Zekrom|104/259 psn|[from] item: Leftovers\n|-damage|p1a: Zekrom|72/259 psn|[from] psn\n|upkeep\n|turn|2\n|inactive|Time left: 300 sec this turn | 300 sec total\n|\n|t:|1783566152\n|move|p2a: Cinderace|Gunk Shot|p1a: Zekrom\n|-damage|p1a: Zekrom|0 fnt\n|faint|p1a: Zekrom\n|\n|upkeep\n|inactive|Time left: 300 sec this turn | 300 sec total | 5 sec grace\n|\n|t:|1783566153\n|switch|p1a: Vikavolt|Vikavolt, L83, M|263/263\n|turn|3\n|inactive|Time left: 300 sec this turn | 300 sec total\n|\n|t:|1783566154\n|move|p2a: Cinderace|Gunk Shot|p1a: Vikavolt\n|-damage|p1a: Vikavolt|80/263\n|-status|p1a: Vikavolt|psn\n|move|p1a: Vikavolt|Sticky Web|p2a: Cinderace\n|-sidestart|p2: p0y23393a45|move: Sticky Web\n|\n|-damage|p1a: Vikavolt|48/263 psn|[from] psn\n|upkeep\n|turn|4\n|inactive|Time left: 300 sec this turn | 300 sec total\n|\n|t:|1783566155\n|move|p2a: Cinderace|Gunk Shot|p1a: Vikavolt\n|-damage|p1a: Vikavolt|0 fnt\n|faint|p1a: Vikavolt\n|\n|upkeep\n|inactive|Time left: 300 sec this turn | 300 sec total | 5 sec grace\n|\n|t:|1783566156\n|switch|p1a: Espeon|Espeon, L84, M|246/246\n|turn|5\n|inactive|Time left: 300 sec this turn | 300 sec total\n|\n|t:|1783566157\n|move|p1a: Espeon|Psychic|p2a: Cinderace\n|-supereffective|p2a: Cinderace\n|-damage|p2a: Cinderace|0 fnt\n|faint|p2a: Cinderace\n|-damage|p1a: Espeon|222/246|[from] item: Life Orb\n|\n|upkeep\n|\n|t:|1783566158\n|switch|p2a: Dodrio|Dodrio, L85, M|100/100\n|turn|6\n|inactive|Time left: 300 sec this turn | 300 sec total\n|\n|t:|1783566159\n|move|p2a: Dodrio|Double-Edge|p1a: Espeon\n|-damage|p1a: Espeon|0 fnt\n|faint|p1a: Espeon\n|-damage|p2a: Dodrio|70/100|[from] Recoil\n|\n|upkeep\n|inactive|Time left: 300 sec this turn | 300 sec total | 5 sec grace\n|\n|t:|1783566160\n|switch|p1a: Torkoal|Torkoal, L88, F|266/266\n|-weather|SunnyDay|[from] ability: Drought|[of] p1a: Torkoal\n|turn|7\n|inactive|Time left: 300 sec this turn | 300 sec total\n|\n|t:|1783566161\n|move|p2a: Dodrio|Double-Edge|p1a: Torkoal\n|-damage|p1a: Torkoal|128/266\n|-damage|p2a: Dodrio|51/100|[from] Recoil\n|move|p1a: Torkoal|Lava Plume|p2a: Dodrio\n|-damage|p2a: Dodrio|0 fnt\n|faint|p2a: Dodrio\n|\n|-weather|SunnyDay|[upkeep]\n|upkeep\n|\n|t:|1783566162\n|switch|p2a: Slither Wing|Slither Wing, L81|100/100\n|-activate|p2a: Slither Wing|move: Sticky Web\n|-unboost|p2a: Slither Wing|spe|1\n|-activate|p2a: Slither Wing|ability: Protosynthesis\n|-start|p2a: Slither Wing|protosynthesisatk\n|turn|8\n|inactive|Time left: 300 sec this turn | 300 sec total\n|\n|t:|1783566163\n|move|p2a: Slither Wing|Earthquake|p1a: Torkoal\n|-supereffective|p1a: Torkoal\n|-damage|p1a: Torkoal|0 fnt\n|faint|p1a: Torkoal\n|\n|-weather|SunnyDay|[upkeep]\n|upkeep\n|inactive|Time left: 300 sec this turn | 300 sec total | 5 sec grace\n|\n|t:|1783566164\n|switch|p1a: Hypno|Hypno, L95, F|315/315\n|turn|9\n|inactive|Time left: 300 sec this turn | 300 sec total\n|\n|t:|1783566165\n|move|p1a: Hypno|Psychic Noise|p2a: Slither Wing\n|-supereffective|p2a: Slither Wing\n|-damage|p2a: Slither Wing|46/100\n|-start|p2a: Slither Wing|move: Heal Block\n|move|p2a: Slither Wing|Bulk Up|p2a: Slither Wing\n|-boost|p2a: Slither Wing|atk|1\n|-boost|p2a: Slither Wing|def|1\n|\n|-weather|SunnyDay|[upkeep]\n|upkeep\n|turn|10\n|inactive|Time left: 300 sec this turn | 300 sec total\n|\n|t:|1783566166\n|-terastallize|p2a: Slither Wing|Electric\n|move|p1a: Hypno|Psychic Noise|p2a: Slither Wing\n|-damage|p2a: Slither Wing|18/100\n|move|p2a: Slither Wing|Earthquake|p1a: Hypno\n|-damage|p1a: Hypno|142/315\n|\n|-weather|SunnyDay|[upkeep]\n|-heal|p1a: Hypno|161/315|[from] item: Leftovers\n|-end|p2a: Slither Wing|move: Heal Block\n|upkeep\n|turn|11\n|inactive|Time left: 300 sec this turn | 300 sec total\n|\n|t:|1783566167\n|move|p1a: Hypno|Psychic Noise|p2a: Slither Wing\n|-crit|p2a: Slither Wing\n|-damage|p2a: Slither Wing|0 fnt\n|faint|p2a: Slither Wing\n|-end|p2a: Slither Wing|Protosynthesis|[silent]\n|\n|-weather|none\n|-heal|p1a: Hypno|180/315|[from] item: Leftovers\n|upkeep\n|\n|t:|1783566168\n|switch|p2a: Dusknoir|Dusknoir, L89, F|100/100\n|-activate|p2a: Dusknoir|move: Sticky Web\n|-unboost|p2a: Dusknoir|spe|1\n|-item|p1a: Hypno|Leftovers|[from] ability: Frisk|[of] p2a: Dusknoir\n|turn|12\n|inactive|Time left: 300 sec this turn | 300 sec total\n|\n|t:|1783566170\n|move|p1a: Hypno|Protect|p1a: Hypno\n|-singleturn|p1a: Hypno|Protect\n|move|p2a: Dusknoir|Poltergeist|p1a: Hypno\n|-activate|p1a: Hypno|move: Protect\n|\n|-heal|p1a: Hypno|199/315|[from] item: Leftovers\n|upkeep\n|turn|13\n|inactive|Time left: 300 sec this turn | 300 sec total\n|\n|t:|1783566171\n|move|p1a: Hypno|Psychic Noise|p2a: Dusknoir\n|-damage|p2a: Dusknoir|76/100\n|-start|p2a: Dusknoir|move: Heal Block\n|move|p2a: Dusknoir|Poltergeist|p1a: Hypno\n|-activate|p1a: Hypno|move: Poltergeist|Leftovers\n|-supereffective|p1a: Hypno\n|-damage|p1a: Hypno|0 fnt\n|faint|p1a: Hypno\n|\n|upkeep\n|inactive|Time left: 300 sec this turn | 300 sec total | 5 sec grace\n|\n|t:|1783566172\n|switch|p1a: Froslass|Froslass, L87, F|263/263\n|turn|14\n|inactive|Time left: 300 sec this turn | 300 sec total\n|\n|t:|1783566172\n|-terastallize|p1a: Froslass|Ghost\n|move|p1a: Froslass|Poltergeist|p2a: Dusknoir\n|-activate|p2a: Dusknoir|move: Poltergeist|Leftovers\n|-supereffective|p2a: Dusknoir\n|-damage|p2a: Dusknoir|0 fnt\n|faint|p2a: Dusknoir\n|\n|upkeep\n|\n|t:|1783566173\n|switch|p2a: Appletun|Appletun, L92, F|100/100\n|-activate|p2a: Appletun|move: Sticky Web\n|-unboost|p2a: Appletun|spe|1\n|turn|15\n|inactive|Time left: 300 sec this turn | 300 sec total\n|\n|t:|1783566174\n|move|p1a: Froslass|Triple Axel|p2a: Appletun\n|-supereffective|p2a: Appletun\n|-damage|p2a: Appletun|89/100\n|-supereffective|p2a: Appletun\n|-damage|p2a: Appletun|68/100\n|-supereffective|p2a: Appletun\n|-damage|p2a: Appletun|32/100\n|-hitcount|p2a: Appletun|3\n|move|p2a: Appletun|Apple Acid|p1a: Froslass\n|-crit|p1a: Froslass\n|-damage|p1a: Froslass|73/263\n|-unboost|p1a: Froslass|spd|1\n|\n|-heal|p2a: Appletun|39/100|[from] item: Leftovers\n|upkeep\n|turn|16\n|inactive|Time left: 300 sec this turn | 300 sec total\n|\n|t:|1783566175\n|move|p1a: Froslass|Triple Axel|p2a: Appletun\n|-supereffective|p2a: Appletun\n|-damage|p2a: Appletun|27/100\n|-supereffective|p2a: Appletun\n|-damage|p2a: Appletun|3/100\n|-supereffective|p2a: Appletun\n|-damage|p2a: Appletun|0 fnt\n|faint|p2a: Appletun\n|-hitcount|p2: Appletun|3\n|\n|upkeep\n|\n|t:|1783566176\n|switch|p2a: Stonjourner|Stonjourner, L91, M|100/100\n|-activate|p2a: Stonjourner|move: Sticky Web\n|-unboost|p2a: Stonjourner|spe|1\n|turn|17\n|inactive|Time left: 300 sec this turn | 300 sec total\n|\n|t:|1783566177\n|move|p1a: Froslass|Taunt|p2a: Stonjourner\n|-start|p2a: Stonjourner|move: Taunt\n|cant|p2a: Stonjourner|move: Taunt|Stealth Rock\n|\n|upkeep\n|turn|18\n|inactive|Time left: 300 sec this turn | 300 sec total\n|\n|t:|1783566177\n|move|p1a: Froslass|Triple Axel|p2a: Stonjourner\n|-damage|p2a: Stonjourner|96/100\n|-damage|p2a: Stonjourner|87/100\n|-crit|p2a: Stonjourner\n|-damage|p2a: Stonjourner|70/100\n|-hitcount|p2a: Stonjourner|3\n|move|p2a: Stonjourner|Stone Edge|p1a: Froslass\n|-damage|p1a: Froslass|0 fnt\n|-start|p2a: Stonjourner|Disable|Stone Edge|[from] ability: Cursed Body|[of] p1a: Froslass\n|faint|p1a: Froslass\n|-damage|p2a: Stonjourner|60/100|[from] item: Life Orb\n|\n|win|p0y23393a45", "uploadtime": 1783566177, "views": 0, "rating": 0, "private": 0, "password": null, "_winner": "p0y23393a45", "_our_name": "p0x2339f46b"}