{"id": "battle-gen9randombattle-1698", "formatid": "gen9randombattle", "format": "[Gen 9] Random Battle", "players": ["p0x16981b58", "p0y16982d6c"], "log": "|init|battle\n|title|p0x16981b58 vs. p0y16982d6c\n|j|\u2606p0x16981b58\n|j|\u2606p0y16982d6c\n|t:|1783558866\n|gametype|singles\n|player|p1|p0x16981b58|266|\n|player|p2|p0y16982d6c|170|\n|gen|9\n|tier|[Gen 9] Random Battle\n|rule|Species Clause: Limit one of each Pok\u00e9mon\n|rule|HP Percentage Mod: HP is shown in percentages\n|rule|Sleep Clause Mod: Limit one foe put to sleep\n|rule|Illusion Level Mod: Illusion disguises the Pok\u00e9mon's true level\n|\n|t:|1783558866\n|teamsize|p1|6\n|teamsize|p2|6\n|start\n|switch|p1a: Heracross|Heracross, L80, M|259/259\n|switch|p2a: Porygon-Z|Porygon-Z, L83|100/100\n|turn|1\n|inactive|Battle timer is ON: inactive players will automatically lose when time's up. (requested by p0x16981b58)\n|inactive|p0y16982d6c also wants the timer to be on.\n|\n|t:|1783558868\n|move|p2a: Porygon-Z|Tri Attack|p1a: Heracross\n|-damage|p1a: Heracross|29/259\n|-status|p1a: Heracross|par\n|move|p1a: Heracross|Close Combat|p2a: Porygon-Z\n|-supereffective|p2a: Porygon-Z\n|-damage|p2a: Porygon-Z|0 fnt\n|-unboost|p1a: Heracross|def|1\n|-unboost|p1a: Heracross|spd|1\n|faint|p2a: Porygon-Z\n|-ability|p1a: Heracross|Moxie|boost\n|-boost|p1a: Heracross|atk|1\n|\n|upkeep\n|\n|t:|1783558869\n|switch|p2a: Heracross|Heracross, L80, F|100/100\n|turn|2\n|inactive|Time left: 300 sec this turn | 300 sec total\n|\n|t:|1783558871\n|move|p2a: Heracross|Megahorn|p1a: Heracross\n|-resisted|p1a: Heracross\n|-damage|p1a: Heracross|0 fnt\n|faint|p1a: Heracross\n|-ability|p2a: Heracross|Moxie|boost\n|-boost|p2a: Heracross|atk|1\n|\n|upkeep\n|inactive|Time left: 300 sec this turn | 300 sec total | 5 sec grace\n|\n|t:|1783558872\n|switch|p1a: Zapdos|Zapdos, L78|268/268\n|turn|3\n|inactive|Time left: 300 sec this turn | 300 sec total\n|\n|t:|1783558873\n|move|p2a: Heracross|Megahorn|p1a: Zapdos\n|-resisted|p1a: Zapdos\n|-damage|p1a: Zapdos|148/268\n|move|p1a: Zapdos|Hurricane|p2a: Heracross\n|-supereffective|p2a: Heracross\n|-damage|p2a: Heracross|0 fnt\n|faint|p2a: Heracross\n|\n|upkeep\n|\n|t:|1783558874\n|switch|p2a: Grafaiai|Grafaiai, L86, M|100/100\n|turn|4\n|inactive|Time left: 300 sec this turn | 300 sec total\n|\n|t:|1783558875\n|move|p2a: Grafaiai|Gunk Shot|p1a: Zapdos|[miss]\n|-miss|p2a: Grafaiai|p1a: Zapdos\n|move|p1a: Zapdos|Discharge|p2a: Grafaiai\n|-damage|p2a: Grafaiai|61/100\n|\n|upkeep\n|turn|5\n|inactive|Time left: 300 sec this turn | 300 sec total\n|\n|t:|1783558876\n|switch|p1a: Tyranitar|Tyranitar, L78, M|284/284\n|-weather|Sandstorm|[from] ability: Sand Stream|[of] p1a: Tyranitar\n|move|p2a: Grafaiai|Gunk Shot|p1a: Tyranitar\n|-resisted|p1a: Tyranitar\n|-crit|p1a: Tyranitar\n|-damage|p1a: Tyranitar|170/284\n|-status|p1a: Tyranitar|psn\n|-damage|p2a: Grafaiai|51/100|[from] item: Life Orb\n|\n|-weather|Sandstorm|[upkeep]\n|-damage|p2a: Grafaiai|45/100|[from] Sandstorm\n|-damage|p1a: Tyranitar|135/284 psn|[from] psn\n|upkeep\n|turn|6\n|inactive|Time left: 300 sec this turn | 300 sec total\n|\n|t:|1783558878\n|switch|p1a: Donphan|Donphan, L84, F|288/288\n|move|p2a: Grafaiai|Low Kick|p1a: Donphan\n|-damage|p1a: Donphan|215/288\n|-status|p1a: Donphan|psn|[from] ability: Poison Touch|[of] p2a: Grafaiai\n|-damage|p2a: Grafaiai|35/100|[from] item: Life Orb\n|\n|-weather|Sandstorm|[upkeep]\n|-damage|p2a: Grafaiai|29/100|[from] Sandstorm\n|-heal|p1a: Donphan|233/288 psn|[from] item: Leftovers\n|-damage|p1a: Donphan|197/288 psn|[from] psn\n|upkeep\n|turn|7\n|inactive|Time left: 300 sec this turn | 300 sec total\n|\n|t:|1783558879\n|switch|p2a: Cryogonal|Cryogonal, L89|100/100\n|move|p1a: Donphan|Earthquake|p2a: Cryogonal\n|-immune|p2a: Cryogonal|[from] ability: Levitate\n|\n|-weather|Sandstorm|[upkeep]\n|-damage|p2a: Cryogonal|95/100|[from] Sandstorm\n|-heal|p1a: Donphan|215/288 psn|[from] item: Leftovers\n|-damage|p1a: Donphan|179/288 psn|[from] psn\n|upkeep\n|turn|8\n|inactive|Time left: 300 sec this turn | 300 sec total\n|\n|t:|1783558880\n|switch|p1a: Kyogre|Kyogre, L71|259/259\n|-weather|RainDance|[from] ability: Drizzle|[of] p1a: Kyogre\n|move|p2a: Cryogonal|Freeze-Dry|p1a: Kyogre\n|-supereffective|p1a: Kyogre\n|-damage|p1a: Kyogre|127/259\n|\n|-weather|RainDance|[upkeep]\n|-heal|p1a: Kyogre|143/259|[from] item: Leftovers\n|upkeep\n|turn|9\n|inactive|Time left: 300 sec this turn | 300 sec total\n|\n|t:|1783558881\n|move|p2a: Cryogonal|Freeze-Dry|p1a: Kyogre\n|-supereffective|p1a: Kyogre\n|-damage|p1a: Kyogre|9/259\n|move|p1a: Kyogre|Thunder|p2a: Cryogonal\n|-damage|p2a: Cryogonal|75/100\n|-status|p2a: Cryogonal|par\n|\n|-weather|RainDance|[upkeep]\n|-heal|p1a: Kyogre|25/259|[from] item: Leftovers\n|upkeep\n|turn|10\n|inactive|Time left: 300 sec this turn | 300 sec total\n|\n|t:|1783558882\n|move|p1a: Kyogre|Origin Pulse|p2a: Cryogonal\n|-damage|p2a: Cryogonal|33/100 par\n|move|p2a: Cryogonal|Freeze-Dry|p1a: Kyogre\n|-supereffective|p1a: Kyogre\n|-damage|p1a: Kyogre|0 fnt\n|faint|p1a: Kyogre\n|\n|-weather|RainDance|[upkeep]\n|upkeep\n|inactive|Time left: 300 sec this turn | 300 sec total | 5 sec grace\n|\n|t:|1783558883\n|switch|p1a: Tyranitar|Tyranitar, L78, M|135/284 psn\n|-weather|Sandstorm|[from] ability: Sand Stream|[of] p1a: Tyranitar\n|turn|11\n|inactive|Time left: 300 sec this turn | 300 sec total\n|\n|t:|1783558884\n|move|p1a: Tyranitar|Knock Off|p2a: Cryogonal\n|-damage|p2a: Cryogonal|0 fnt\n|-enditem|p2a: Cryogonal|Heavy-Duty Boots|[from] move: Knock Off|[of] p1a: Tyranitar\n|faint|p2a: Cryogonal\n|\n|-weather|Sandstorm|[upkeep]\n|-damage|p1a: Tyranitar|100/284 psn|[from] psn\n|upkeep\n|\n|t:|1783558885\n|switch|p2a: Decidueye|Decidueye, L88, F|100/100\n|turn|12\n|inactive|Time left: 300 sec this turn | 300 sec total\n|\n|t:|1783558886\n|move|p2a: Decidueye|U-turn|p1a: Tyranitar\n|-supereffective|p1a: Tyranitar\n|-damage|p1a: Tyranitar|0 fnt\n|faint|p1a: Tyranitar\n|\n|t:|1783558887\n|switch|p2a: Cinderace|Cinderace, L77, F|100/100|[from] U-turn\n|\n|-weather|Sandstorm|[upkeep]\n|-damage|p2a: Cinderace|94/100|[from] Sandstorm\n|upkeep\n|inactive|Time left: 300 sec this turn | 300 sec total | 10 sec grace\n|\n|t:|1783558888\n|switch|p1a: Flygon|Flygon, L82, F|265/265\n|turn|13\n|inactive|Time left: 300 sec this turn | 300 sec total\n|\n|t:|1783558889\n|move|p2a: Cinderace|Will-O-Wisp|p1a: Flygon|[miss]\n|-miss|p2a: Cinderace|p1a: Flygon\n|move|p1a: Flygon|Dragon Dance|p1a: Flygon\n|-boost|p1a: Flygon|atk|1\n|-boost|p1a: Flygon|spe|1\n|\n|-weather|Sandstorm|[upkeep]\n|-damage|p2a: Cinderace|88/100|[from] Sandstorm\n|upkeep\n|turn|14\n|inactive|Time left: 300 sec this turn | 300 sec total\n|\n|t:|1783558890\n|switch|p2a: Grafaiai|Grafaiai, L86, M|29/100\n|move|p1a: Flygon|Outrage|p2a: Grafaiai\n|-damage|p2a: Grafaiai|0 fnt\n|faint|p2a: Grafaiai\n|\n|-weather|Sandstorm|[upkeep]\n|upkeep\n|\n|t:|1783558891\n|switch|p2a: Decidueye|Decidueye, L88, F|100/100\n|turn|15\n|inactive|Time left: 300 sec this turn | 300 sec total\n|\n|t:|1783558892\n|-terastallize|p2a: Decidueye|Grass\n|move|p1a: Flygon|Outrage|p2a: Decidueye|[from] lockedmove\n|-damage|p2a: Decidueye|29/100\n|move|p2a: Decidueye|Leaf Storm|p1a: Flygon\n|-damage|p1a: Flygon|0 fnt\n|-unboost|p2a: Decidueye|spa|2\n|faint|p1a: Flygon\n|\n|-weather|none\n|upkeep\n|inactive|Time left: 300 sec this turn | 300 sec total | 5 sec grace\n|\n|t:|1783558893\n|switch|p1a: Zapdos|Zapdos, L78|148/268\n|turn|16\n|inactive|Time left: 300 sec this turn | 300 sec total\n|\n|t:|1783558894\n|switch|p2a: Cinderace|Cinderace, L77, F|88/100\n|move|p1a: Zapdos|Hurricane|p2a: Cinderace|[miss]\n|-miss|p1a: Zapdos|p2a: Cinderace\n|\n|upkeep\n|turn|17\n|inactive|Time left: 300 sec this turn | 300 sec total\n|\n|t:|1783558895\n|move|p2a: Cinderace|Pyro Ball|p1a: Zapdos\n|-damage|p1a: Zapdos|10/268\n|-status|p1a: Zapdos|brn\n|move|p1a: Zapdos|Roost|p1a: Zapdos\n|-heal|p1a: Zapdos|144/268 brn\n|-singleturn|p1a: Zapdos|move: Roost\n|\n|-damage|p1a: Zapdos|128/268 brn|[from] brn\n|upkeep\n|turn|18\n|inactive|Time left: 300 sec this turn | 300 sec total\n|\n|t:|1783558896\n|move|p2a: Cinderace|Pyro Ball|p1a: Zapdos\n|-damage|p1a: Zapdos|0 fnt\n|faint|p1a: Zapdos\n|\n|upkeep\n|inactive|Time left: 300 sec this turn | 300 sec total | 5 sec grace\n|\n|t:|1783558897\n|switch|p1a: Donphan|Donphan, L84, F|179/288 psn\n|turn|19\n|inactive|Time left: 300 sec this turn | 300 sec total\n|\n|t:|1783558897\n|move|p2a: Cinderace|Pyro Ball|p1a: Donphan|[miss]\n|-miss|p2a: Cinderace|p1a: Donphan\n|move|p1a: Donphan|Rapid Spin|p2a: Cinderace\n|-damage|p2a: Cinderace|69/100\n|-boost|p1a: Donphan|spe|1\n|\n|-heal|p1a: Donphan|197/288 psn|[from] item: Leftovers\n|-damage|p1a: Donphan|161/288 psn|[from] psn\n|upkeep\n|turn|20\n|inactive|Time left: 300 sec this turn | 300 sec total\n|\n|t:|1783558899\n|move|p2a: Cinderace|Pyro Ball|p1a: Donphan|[miss]\n|-miss|p2a: Cinderace|p1a: Donphan\n|move|p1a: Donphan|Earthquake|p2a: Cinderace\n|-supereffective|p2a: Cinderace\n|-damage|p2a: Cinderace|0 fnt\n|faint|p2a: Cinderace\n|\n|-heal|p1a: Donphan|179/288 psn|[from] item: Leftovers\n|-damage|p1a: Donphan|143/288 psn|[from] psn\n|upkeep\n|\n|t:|1783558899\n|switch|p2a: Decidueye|Decidueye, L88, F, tera:Grass|29/100\n|turn|21\n|inactive|Time left: 300 sec this turn | 300 sec total\n|\n|t:|1783558900\n|-terastallize|p1a: Donphan|Steel\n|move|p1a: Donphan|Ice Spinner|p2a: Decidueye\n|-supereffective|p2a: Decidueye\n|-damage|p2a: Decidueye|0 fnt\n|faint|p2a: Decidueye\n|\n|win|p0x16981b58", "uploadtime": 1783558900, "views": 0, "rating": 0, "private": 0, "password": null, "_winner": "p0x16981b58", "_our_name": "p0x16981b58"}