{"id": "battle-gen9randombattle-1421", "formatid": "gen9randombattle", "format": "[Gen 9] Random Battle", "players": ["p0x14215a93", "p0y14214829"], "log": "|init|battle\n|title|p0x14215a93 vs. p0y14214829\n|j|\u2606p0x14215a93\n|j|\u2606p0y14214829\n|t:|1783555579\n|gametype|singles\n|player|p1|p0x14215a93|265|\n|player|p2|p0y14214829|2|\n|gen|9\n|tier|[Gen 9] Random Battle\n|rule|Species Clause: Limit one of each Pok\u00e9mon\n|rule|HP Percentage Mod: HP is shown in percentages\n|rule|Sleep Clause Mod: Limit one foe put to sleep\n|rule|Illusion Level Mod: Illusion disguises the Pok\u00e9mon's true level\n|\n|t:|1783555579\n|teamsize|p1|6\n|teamsize|p2|6\n|start\n|switch|p1a: Brambleghast|Brambleghast, L88, M|100/100\n|switch|p2a: Chesnaught|Chesnaught, L84, M|285/285\n|turn|1\n|inactive|Battle timer is ON: inactive players will automatically lose when time's up. (requested by p0x14215a93)\n|inactive|Time left: 300 sec this turn | 300 sec total | 60 sec grace\n|inactive|p0y14214829 also wants the timer to be on.\n|\n|t:|1783555580\n|move|p1a: Brambleghast|Poltergeist|p2a: Chesnaught\n|-activate|p2a: Chesnaught|move: Poltergeist|Leftovers\n|-damage|p2a: Chesnaught|174/285\n|move|p2a: Chesnaught|Iron Defense|p2a: Chesnaught\n|-boost|p2a: Chesnaught|def|2\n|\n|-heal|p2a: Chesnaught|191/285|[from] item: Leftovers\n|upkeep\n|turn|2\n|inactive|Time left: 300 sec this turn | 300 sec total\n|\n|t:|1783555581\n|switch|p1a: Torkoal|Torkoal, L88, M|100/100\n|-weather|SunnyDay|[from] ability: Drought|[of] p1a: Torkoal\n|move|p2a: Chesnaught|Trailblaze|p1a: Torkoal\n|-resisted|p1a: Torkoal\n|-damage|p1a: Torkoal|94/100\n|-boost|p2a: Chesnaught|spe|1\n|\n|-weather|SunnyDay|[upkeep]\n|-heal|p2a: Chesnaught|208/285|[from] item: Leftovers\n|upkeep\n|turn|3\n|inactive|Time left: 300 sec this turn | 300 sec total\n|\n|t:|1783555582\n|switch|p2a: Hariyama|Hariyama, L87, M|392/392\n|move|p1a: Torkoal|Lava Plume|p2a: Hariyama\n|-damage|p2a: Hariyama|235/392\n|\n|-weather|SunnyDay|[upkeep]\n|-status|p2a: Hariyama|brn|[from] item: Flame Orb\n|upkeep\n|turn|4\n|inactive|Time left: 300 sec this turn | 300 sec total\n|\n|t:|1783555583\n|move|p2a: Hariyama|Facade|p1a: Torkoal\n|-damage|p1a: Torkoal|48/100\n|move|p1a: Torkoal|Lava Plume|p2a: Hariyama\n|-damage|p2a: Hariyama|73/392 brn\n|\n|-weather|SunnyDay|[upkeep]\n|-damage|p2a: Hariyama|49/392 brn|[from] brn\n|upkeep\n|turn|5\n|inactive|Time left: 300 sec this turn | 300 sec total\n|\n|t:|1783555584\n|switch|p1a: Brambleghast|Brambleghast, L88, M|100/100\n|move|p2a: Hariyama|Close Combat|p1a: Brambleghast\n|-immune|p1a: Brambleghast\n|\n|-weather|SunnyDay|[upkeep]\n|-damage|p2a: Hariyama|25/392 brn|[from] brn\n|upkeep\n|turn|6\n|inactive|Time left: 300 sec this turn | 300 sec total\n|\n|t:|1783555585\n|switch|p2a: Swalot|Swalot, L90, F|326/326\n|move|p1a: Brambleghast|Power Whip|p2a: Swalot|[miss]\n|-miss|p1a: Brambleghast|p2a: Swalot\n|\n|-weather|none\n|upkeep\n|turn|7\n|inactive|Time left: 300 sec this turn | 300 sec total\n|\n|t:|1783555587\n|move|p1a: Brambleghast|Poltergeist|p2a: Swalot\n|-activate|p2a: Swalot|move: Poltergeist|Leftovers\n|-damage|p2a: Swalot|179/326\n|move|p2a: Swalot|Swords Dance|p2a: Swalot\n|-boost|p2a: Swalot|atk|2\n|\n|-heal|p2a: Swalot|199/326|[from] item: Leftovers\n|upkeep\n|turn|8\n|inactive|Time left: 300 sec this turn | 300 sec total\n|\n|t:|1783555588\n|move|p1a: Brambleghast|Substitute|p1a: Brambleghast\n|-start|p1a: Brambleghast|Substitute\n|-damage|p1a: Brambleghast|75/100\n|move|p2a: Swalot|Knock Off|p1a: Brambleghast\n|-supereffective|p1a: Brambleghast\n|-end|p1a: Brambleghast|Substitute\n|\n|-heal|p1a: Brambleghast|82/100|[from] item: Leftovers\n|-heal|p2a: Swalot|219/326|[from] item: Leftovers\n|upkeep\n|turn|9\n|inactive|Time left: 300 sec this turn | 300 sec total\n|\n|t:|1783555589\n|move|p1a: Brambleghast|Poltergeist|p2a: Swalot\n|-activate|p2a: Swalot|move: Poltergeist|Leftovers\n|-damage|p2a: Swalot|80/326\n|move|p2a: Swalot|Knock Off|p1a: Brambleghast\n|-supereffective|p1a: Brambleghast\n|-crit|p1a: Brambleghast\n|-damage|p1a: Brambleghast|0 fnt\n|-enditem|p1a: Brambleghast|Leftovers|[from] move: Knock Off|[of] p2a: Swalot\n|faint|p1a: Brambleghast\n|\n|-heal|p2a: Swalot|100/326|[from] item: Leftovers\n|upkeep\n|\n|t:|1783555589\n|switch|p1a: Braviary|Braviary, L85, M|100/100\n|turn|10\n|inactive|Time left: 300 sec this turn | 300 sec total\n|\n|t:|1783555590\n|move|p1a: Braviary|Brave Bird|p2a: Swalot\n|-damage|p2a: Swalot|0 fnt\n|faint|p2a: Swalot\n|-damage|p1a: Braviary|90/100|[from] Recoil\n|\n|upkeep\n|inactive|Time left: 300 sec this turn | 300 sec total | 5 sec grace\n|\n|t:|1783555591\n|switch|p2a: Basculin|Basculin-Blue-Striped, L86, M|261/261\n|turn|11\n|inactive|Time left: 300 sec this turn | 300 sec total\n|\n|t:|1783555592\n|move|p2a: Basculin|Wave Crash|p1a: Braviary\n|-damage|p1a: Braviary|2/100\n|-damage|p2a: Basculin|172/261|[from] Recoil\n|move|p1a: Braviary|Brave Bird|p2a: Basculin\n|-damage|p2a: Basculin|0 fnt\n|faint|p2a: Basculin\n|-damage|p1a: Braviary|0 fnt|[from] Recoil\n|faint|p1a: Braviary\n|\n|upkeep\n|inactive|Time left: 300 sec this turn | 300 sec total | 5 sec grace\n|\n|t:|1783555593\n|switch|p2a: Mismagius|Mismagius, L86, M|243/243\n|switch|p1a: Torkoal|Torkoal, L88, M|48/100\n|-weather|SunnyDay|[from] ability: Drought|[of] p1a: Torkoal\n|turn|12\n|inactive|Time left: 300 sec this turn | 300 sec total\n|\n|t:|1783555594\n|switch|p1a: Victreebel|Victreebel, L90, M|100/100\n|move|p2a: Mismagius|Shadow Ball|p1a: Victreebel\n|-damage|p1a: Victreebel|43/100\n|\n|-weather|SunnyDay|[upkeep]\n|upkeep\n|turn|13\n|inactive|Time left: 300 sec this turn | 300 sec total\n|\n|t:|1783555595\n|switch|p2a: Chesnaught|Chesnaught, L84, M|208/285\n|move|p1a: Victreebel|Knock Off|p2a: Chesnaught\n|-resisted|p2a: Chesnaught\n|-damage|p2a: Chesnaught|163/285\n|-enditem|p2a: Chesnaught|Leftovers|[from] move: Knock Off|[of] p1a: Victreebel\n|-damage|p1a: Victreebel|33/100|[from] item: Life Orb\n|\n|-weather|SunnyDay|[upkeep]\n|upkeep\n|turn|14\n|inactive|Time left: 300 sec this turn | 300 sec total\n|\n|t:|1783555596\n|-terastallize|p2a: Chesnaught|Steel\n|move|p1a: Victreebel|Sludge Wave|p2a: Chesnaught\n|-immune|p2a: Chesnaught\n|move|p2a: Chesnaught|Iron Defense|p2a: Chesnaught\n|-boost|p2a: Chesnaught|def|2\n|\n|-weather|SunnyDay|[upkeep]\n|upkeep\n|turn|15\n|inactive|Time left: 300 sec this turn | 300 sec total\n|\n|t:|1783555597\n|move|p1a: Victreebel|Sleep Powder|p2a: Chesnaught\n|-status|p2a: Chesnaught|slp|[from] move: Sleep Powder\n|cant|p2a: Chesnaught|slp\n|\n|-weather|SunnyDay|[upkeep]\n|upkeep\n|turn|16\n|inactive|Time left: 300 sec this turn | 300 sec total\n|\n|t:|1783555598\n|switch|p1a: Torkoal|Torkoal, L88, M|48/100\n|cant|p2a: Chesnaught|slp\n|\n|-weather|none\n|upkeep\n|turn|17\n|inactive|Time left: 300 sec this turn | 300 sec total\n|\n|t:|1783555599\n|-curestatus|p2a: Chesnaught|slp|[msg]\n|move|p2a: Chesnaught|Body Press|p1a: Torkoal\n|-damage|p1a: Torkoal|0 fnt\n|faint|p1a: Torkoal\n|\n|upkeep\n|\n|t:|1783555600\n|switch|p1a: Deoxys|Deoxys-Speed, L82|100/100\n|-ability|p1a: Deoxys|Pressure\n|turn|18\n|inactive|Time left: 300 sec this turn | 300 sec total\n|\n|t:|1783555601\n|move|p1a: Deoxys|Nasty Plot|p1a: Deoxys\n|-boost|p1a: Deoxys|spa|2\n|move|p2a: Chesnaught|Body Press|p1a: Deoxys\n|-resisted|p1a: Deoxys\n|-damage|p1a: Deoxys|51/100\n|\n|upkeep\n|turn|19\n|inactive|Time left: 300 sec this turn | 300 sec total\n|\n|t:|1783555602\n|move|p1a: Deoxys|Psycho Boost|p2a: Chesnaught\n|-resisted|p2a: Chesnaught\n|-damage|p2a: Chesnaught|0 fnt\n|-unboost|p1a: Deoxys|spa|2\n|faint|p2a: Chesnaught\n|-damage|p1a: Deoxys|42/100|[from] item: Life Orb\n|\n|upkeep\n|inactive|Time left: 300 sec this turn | 300 sec total | 5 sec grace\n|\n|t:|1783555603\n|switch|p2a: Mismagius|Mismagius, L86, M|243/243\n|turn|20\n|inactive|Time left: 300 sec this turn | 300 sec total\n|\n|t:|1783555604\n|move|p1a: Deoxys|Dark Pulse|p2a: Mismagius\n|-supereffective|p2a: Mismagius\n|-damage|p2a: Mismagius|129/243\n|-damage|p1a: Deoxys|32/100|[from] item: Life Orb\n|move|p2a: Mismagius|Shadow Ball|p1a: Deoxys\n|-supereffective|p1a: Deoxys\n|-damage|p1a: Deoxys|0 fnt\n|faint|p1a: Deoxys\n|\n|upkeep\n|\n|t:|1783555605\n|switch|p1a: Delibird|Delibird, M|100/100\n|turn|21\n|inactive|Time left: 300 sec this turn | 300 sec total\n|\n|t:|1783555606\n|move|p2a: Mismagius|Shadow Ball|p1a: Delibird\n|-damage|p1a: Delibird|22/100\n|move|p1a: Delibird|Brave Bird|p2a: Mismagius\n|-damage|p2a: Mismagius|0 fnt\n|faint|p2a: Mismagius\n|-damage|p1a: Delibird|5/100|[from] Recoil\n|\n|upkeep\n|inactive|Time left: 300 sec this turn | 300 sec total | 5 sec grace\n|\n|t:|1783555606\n|switch|p2a: Feraligatr|Feraligatr, L79, F|264/264\n|turn|22\n|inactive|Time left: 300 sec this turn | 300 sec total\n|\n|t:|1783555607\n|move|p1a: Delibird|Freeze-Dry|p2a: Feraligatr\n|-supereffective|p2a: Feraligatr\n|-damage|p2a: Feraligatr|82/264\n|move|p2a: Feraligatr|Dragon Dance|p2a: Feraligatr\n|-boost|p2a: Feraligatr|atk|1\n|-boost|p2a: Feraligatr|spe|1\n|\n|upkeep\n|turn|23\n|inactive|Time left: 300 sec this turn | 300 sec total\n|\n|t:|1783555608\n|switch|p1a: Victreebel|Victreebel, L90, M|33/100\n|move|p2a: Feraligatr|Ice Punch|p1a: Victreebel\n|-supereffective|p1a: Victreebel\n|-damage|p1a: Victreebel|0 fnt\n|faint|p1a: Victreebel\n|\n|upkeep\n|\n|t:|1783555609\n|switch|p1a: Delibird|Delibird, M|5/100\n|turn|24\n|inactive|Time left: 300 sec this turn | 300 sec total\n|\n|t:|1783555610\n|move|p2a: Feraligatr|Trailblaze|p1a: Delibird\n|-resisted|p1a: Delibird\n|-damage|p1a: Delibird|0 fnt\n|faint|p1a: Delibird\n|\n|win|p0y14214829", "uploadtime": 1783555610, "views": 0, "rating": 0, "private": 0, "password": null, "_winner": "p0y14214829", "_our_name": "p0y14214829"}