{"id": "battle-gen9randombattle-148", "formatid": "gen9randombattle", "format": "[Gen 9] Random Battle", "players": ["p0x148c375", "p0y1481122"], "log": "|init|battle\n|title|p0x148c375 vs. p0y1481122\n|j|\u2606p0x148c375\n|j|\u2606p0y1481122\n|t:|1783541254\n|gametype|singles\n|player|p1|p0x148c375|266|\n|player|p2|p0y1481122|265|\n|gen|9\n|tier|[Gen 9] Random Battle\n|rule|Species Clause: Limit one of each Pok\u00e9mon\n|rule|HP Percentage Mod: HP is shown in percentages\n|rule|Sleep Clause Mod: Limit one foe put to sleep\n|rule|Illusion Level Mod: Illusion disguises the Pok\u00e9mon's true level\n|\n|t:|1783541254\n|teamsize|p1|6\n|teamsize|p2|6\n|start\n|switch|p1a: Wo-Chien|Wo-Chien, L83|100/100\n|switch|p2a: Dipplin|Dipplin, L88, F|284/284\n|-ability|p1a: Wo-Chien|Tablets of Ruin\n|turn|1\n|inactive|Battle timer is ON: inactive players will automatically lose when time's up. (requested by p0x148c375)\n|inactive|Time left: 300 sec this turn | 300 sec total | 60 sec grace\n|inactive|p0y1481122 also wants the timer to be on.\n|\n|t:|1783541255\n|move|p1a: Wo-Chien|Ruination|p2a: Dipplin\n|-damage|p2a: Dipplin|142/284\n|move|p2a: Dipplin|Giga Drain|p1a: Wo-Chien\n|-resisted|p1a: Wo-Chien\n|-damage|p1a: Wo-Chien|90/100\n|-heal|p2a: Dipplin|157/284|[from] drain|[of] p1a: Wo-Chien\n|\n|-heal|p1a: Wo-Chien|96/100|[from] item: Leftovers\n|upkeep\n|turn|2\n|inactive|Time left: 300 sec this turn | 300 sec total\n|\n|t:|1783541256\n|move|p1a: Wo-Chien|Ruination|p2a: Dipplin|[miss]\n|-miss|p1a: Wo-Chien|p2a: Dipplin\n|move|p2a: Dipplin|Recover|p2a: Dipplin\n|-heal|p2a: Dipplin|284/284\n|\n|-heal|p1a: Wo-Chien|100/100|[from] item: Leftovers\n|upkeep\n|turn|3\n|inactive|Time left: 300 sec this turn | 300 sec total\n|\n|t:|1783541257\n|move|p1a: Wo-Chien|Ruination|p2a: Dipplin\n|-damage|p2a: Dipplin|142/284\n|move|p2a: Dipplin|Dragon Pulse|p1a: Wo-Chien\n|-damage|p1a: Wo-Chien|77/100\n|\n|-heal|p1a: Wo-Chien|83/100|[from] item: Leftovers\n|upkeep\n|turn|4\n|inactive|Time left: 300 sec this turn | 300 sec total\n|\n|t:|1783541258\n|move|p1a: Wo-Chien|Ruination|p2a: Dipplin\n|-damage|p2a: Dipplin|71/284\n|move|p2a: Dipplin|Recover|p2a: Dipplin\n|-heal|p2a: Dipplin|213/284\n|\n|-heal|p1a: Wo-Chien|89/100|[from] item: Leftovers\n|upkeep\n|turn|5\n|inactive|Time left: 300 sec this turn | 300 sec total\n|\n|t:|1783541259\n|move|p1a: Wo-Chien|Ruination|p2a: Dipplin\n|-damage|p2a: Dipplin|107/284\n|move|p2a: Dipplin|Dragon Pulse|p1a: Wo-Chien\n|-damage|p1a: Wo-Chien|65/100\n|\n|-heal|p1a: Wo-Chien|71/100|[from] item: Leftovers\n|upkeep\n|turn|6\n|inactive|Time left: 300 sec this turn | 300 sec total\n|\n|t:|1783541259\n|move|p1a: Wo-Chien|Ruination|p2a: Dipplin\n|-damage|p2a: Dipplin|54/284\n|move|p2a: Dipplin|Recover|p2a: Dipplin\n|-heal|p2a: Dipplin|196/284\n|\n|-heal|p1a: Wo-Chien|77/100|[from] item: Leftovers\n|upkeep\n|turn|7\n|inactive|Time left: 300 sec this turn | 300 sec total\n|\n|t:|1783541260\n|move|p1a: Wo-Chien|Ruination|p2a: Dipplin\n|-damage|p2a: Dipplin|98/284\n|move|p2a: Dipplin|Recover|p2a: Dipplin\n|-heal|p2a: Dipplin|240/284\n|\n|-heal|p1a: Wo-Chien|83/100|[from] item: Leftovers\n|upkeep\n|turn|8\n|inactive|Time left: 300 sec this turn | 300 sec total\n|\n|t:|1783541261\n|move|p1a: Wo-Chien|Ruination|p2a: Dipplin\n|-damage|p2a: Dipplin|120/284\n|move|p2a: Dipplin|Giga Drain|p1a: Wo-Chien\n|-resisted|p1a: Wo-Chien\n|-damage|p1a: Wo-Chien|72/100\n|-heal|p2a: Dipplin|136/284|[from] drain|[of] p1a: Wo-Chien\n|\n|-heal|p1a: Wo-Chien|78/100|[from] item: Leftovers\n|upkeep\n|turn|9\n|inactive|Time left: 300 sec this turn | 300 sec total\n|\n|t:|1783541262\n|move|p1a: Wo-Chien|Ruination|p2a: Dipplin\n|-damage|p2a: Dipplin|68/284\n|move|p2a: Dipplin|Recover|p2a: Dipplin\n|-heal|p2a: Dipplin|210/284\n|\n|-heal|p1a: Wo-Chien|84/100|[from] item: Leftovers\n|upkeep\n|turn|10\n|inactive|Time left: 300 sec this turn | 300 sec total\n|\n|t:|1783541263\n|move|p1a: Wo-Chien|Ruination|p2a: Dipplin|[miss]\n|-miss|p1a: Wo-Chien|p2a: Dipplin\n|move|p2a: Dipplin|Dragon Pulse|p1a: Wo-Chien\n|-damage|p1a: Wo-Chien|60/100\n|\n|-heal|p1a: Wo-Chien|66/100|[from] item: Leftovers\n|upkeep\n|turn|11\n|inactive|Time left: 300 sec this turn | 300 sec total\n|\n|t:|1783541264\n|move|p1a: Wo-Chien|Ruination|p2a: Dipplin\n|-damage|p2a: Dipplin|105/284\n|move|p2a: Dipplin|Recover|p2a: Dipplin\n|-heal|p2a: Dipplin|247/284\n|\n|-heal|p1a: Wo-Chien|72/100|[from] item: Leftovers\n|upkeep\n|turn|12\n|inactive|Time left: 300 sec this turn | 300 sec total\n|\n|t:|1783541265\n|move|p1a: Wo-Chien|Ruination|p2a: Dipplin\n|-damage|p2a: Dipplin|124/284\n|move|p2a: Dipplin|Dragon Pulse|p1a: Wo-Chien\n|-damage|p1a: Wo-Chien|49/100\n|\n|-heal|p1a: Wo-Chien|55/100|[from] item: Leftovers\n|upkeep\n|turn|13\n|inactive|Time left: 300 sec this turn | 300 sec total\n|\n|t:|1783541266\n|move|p1a: Wo-Chien|Ruination|p2a: Dipplin|[miss]\n|-miss|p1a: Wo-Chien|p2a: Dipplin\n|move|p2a: Dipplin|Recover|p2a: Dipplin\n|-heal|p2a: Dipplin|266/284\n|\n|-heal|p1a: Wo-Chien|61/100|[from] item: Leftovers\n|upkeep\n|turn|14\n|inactive|Time left: 300 sec this turn | 300 sec total\n|\n|t:|1783541267\n|move|p1a: Wo-Chien|Ruination|p2a: Dipplin\n|-damage|p2a: Dipplin|133/284\n|move|p2a: Dipplin|Dragon Pulse|p1a: Wo-Chien\n|-damage|p1a: Wo-Chien|36/100\n|\n|-heal|p1a: Wo-Chien|42/100|[from] item: Leftovers\n|upkeep\n|turn|15\n|inactive|Time left: 300 sec this turn | 300 sec total\n|\n|t:|1783541268\n|move|p1a: Wo-Chien|Ruination|p2a: Dipplin\n|-damage|p2a: Dipplin|67/284\n|move|p2a: Dipplin|Recover|p2a: Dipplin\n|-heal|p2a: Dipplin|209/284\n|\n|-heal|p1a: Wo-Chien|48/100|[from] item: Leftovers\n|upkeep\n|turn|16\n|inactive|Time left: 300 sec this turn | 300 sec total\n|\n|t:|1783541269\n|move|p1a: Wo-Chien|Ruination|p2a: Dipplin\n|-damage|p2a: Dipplin|105/284\n|move|p2a: Dipplin|Giga Drain|p1a: Wo-Chien\n|-resisted|p1a: Wo-Chien\n|-damage|p1a: Wo-Chien|37/100\n|-heal|p2a: Dipplin|121/284|[from] drain|[of] p1a: Wo-Chien\n|\n|-heal|p1a: Wo-Chien|43/100|[from] item: Leftovers\n|upkeep\n|turn|17\n|inactive|Time left: 300 sec this turn | 300 sec total\n|\n|t:|1783541270\n|move|p1a: Wo-Chien|Knock Off|p2a: Dipplin\n|-damage|p2a: Dipplin|66/284\n|-activate|p2a: Dipplin|ability: Sticky Hold\n|move|p2a: Dipplin|Dragon Pulse|p1a: Wo-Chien\n|-damage|p1a: Wo-Chien|18/100\n|\n|-heal|p1a: Wo-Chien|24/100|[from] item: Leftovers\n|upkeep\n|turn|18\n|inactive|Time left: 300 sec this turn | 300 sec total\n|\n|t:|1783541271\n|move|p1a: Wo-Chien|Knock Off|p2a: Dipplin\n|-damage|p2a: Dipplin|14/284\n|-activate|p2a: Dipplin|ability: Sticky Hold\n|move|p2a: Dipplin|Dragon Pulse|p1a: Wo-Chien\n|-damage|p1a: Wo-Chien|0 fnt\n|faint|p1a: Wo-Chien\n|\n|upkeep\n|\n|t:|1783541272\n|switch|p1a: Regidrago|Regidrago, L77|100/100\n|turn|19\n|inactive|Time left: 300 sec this turn | 300 sec total\n|\n|t:|1783541273\n|switch|p2a: Hatterene|Hatterene, L85, F|236/236\n|move|p1a: Regidrago|Outrage|p2a: Hatterene\n|-immune|p2a: Hatterene\n|\n|upkeep\n|turn|20\n|inactive|Time left: 300 sec this turn | 300 sec total\n|\n|t:|1783541274\n|move|p1a: Regidrago|Outrage|p2a: Hatterene\n|-immune|p2a: Hatterene\n|move|p2a: Hatterene|Draining Kiss|p1a: Regidrago\n|-supereffective|p1a: Regidrago\n|-damage|p1a: Regidrago|46/100\n|\n|upkeep\n|turn|21\n|inactive|Time left: 300 sec this turn | 300 sec total\n|\n|t:|1783541275\n|move|p1a: Regidrago|Outrage|p2a: Hatterene\n|-immune|p2a: Hatterene\n|move|p2a: Hatterene|Draining Kiss|p1a: Regidrago\n|-supereffective|p1a: Regidrago\n|-damage|p1a: Regidrago|0 fnt\n|faint|p1a: Regidrago\n|\n|upkeep\n|\n|t:|1783541276\n|switch|p1a: Ambipom|Ambipom, L84, F|100/100\n|turn|22\n|inactive|Time left: 300 sec this turn | 300 sec total\n|\n|t:|1783541277\n|move|p1a: Ambipom|Triple Axel|p2a: Hatterene\n|-damage|p2a: Hatterene|203/236\n|-damage|p2a: Hatterene|147/236\n|-damage|p2a: Hatterene|50/236\n|-hitcount|p2a: Hatterene|3\n|move|p2a: Hatterene|Mystical Fire|p1a: Ambipom\n|-damage|p1a: Ambipom|69/100\n|-unboost|p1a: Ambipom|spa|1\n|\n|upkeep\n|turn|23\n|inactive|Time left: 300 sec this turn | 300 sec total\n|\n|t:|1783541278\n|switch|p2a: Glastrier|Glastrier, L86|312/312\n|move|p1a: Ambipom|Triple Axel|p2a: Glastrier\n|-resisted|p2a: Glastrier\n|-damage|p2a: Glastrier|301/312\n|-resisted|p2a: Glastrier\n|-damage|p2a: Glastrier|279/312\n|-resisted|p2a: Glastrier\n|-damage|p2a: Glastrier|246/312\n|-hitcount|p2a: Glastrier|3\n|\n|upkeep\n|turn|24\n|inactive|Time left: 300 sec this turn | 300 sec total\n|\n|t:|1783541280\n|move|p1a: Ambipom|Triple Axel|p2a: Glastrier|[miss]\n|-miss|p1a: Ambipom|p2a: Glastrier\n|move|p2a: Glastrier|Swords Dance|p2a: Glastrier\n|-boost|p2a: Glastrier|atk|2\n|\n|upkeep\n|turn|25\n|inactive|Time left: 300 sec this turn | 300 sec total\n|\n|t:|1783541281\n|move|p1a: Ambipom|Triple Axel|p2a: Glastrier\n|-resisted|p2a: Glastrier\n|-damage|p2a: Glastrier|234/312\n|-resisted|p2a: Glastrier\n|-damage|p2a: Glastrier|211/312\n|-resisted|p2a: Glastrier\n|-damage|p2a: Glastrier|174/312\n|-hitcount|p2a: Glastrier|3\n|move|p2a: Glastrier|High Horsepower|p1a: Ambipom\n|-damage|p1a: Ambipom|0 fnt\n|faint|p1a: Ambipom\n|-ability|p2a: Glastrier|Chilling Neigh|boost\n|-boost|p2a: Glastrier|atk|1\n|\n|upkeep\n|\n|t:|1783541282\n|switch|p1a: Deoxys|Deoxys-Attack, L72|100/100\n|-ability|p1a: Deoxys|Pressure\n|turn|26\n|inactive|Time left: 300 sec this turn | 300 sec total\n|\n|t:|1783541283\n|switch|p2a: Hatterene|Hatterene, L85, F|50/236\n|move|p1a: Deoxys|Psycho Boost|p2a: Hatterene|[miss]\n|-miss|p1a: Deoxys|p2a: Hatterene\n|\n|upkeep\n|turn|27\n|inactive|Time left: 300 sec this turn | 300 sec total\n|\n|t:|1783541284\n|switch|p2a: Moltres|Moltres-Galar, L79|271/271\n|move|p1a: Deoxys|Knock Off|p2a: Moltres\n|-resisted|p2a: Moltres\n|-damage|p2a: Moltres|215/271\n|-enditem|p2a: Moltres|Weakness Policy|[from] move: Knock Off|[of] p1a: Deoxys\n|-damage|p1a: Deoxys|91/100|[from] item: Life Orb\n|\n|upkeep\n|turn|28\n|inactive|Time left: 300 sec this turn | 300 sec total\n|\n|t:|1783541285\n|switch|p1a: Minun|Minun, L95, F|100/100\n|move|p2a: Moltres|Fiery Wrath|p1a: Minun\n|-damage|p1a: Minun|71/100\n|\n|upkeep\n|turn|29\n|inactive|Time left: 300 sec this turn | 300 sec total\n|\n|t:|1783541286\n|switch|p2a: Dunsparce|Dunsparce, L86, F|312/312\n|move|p1a: Minun|Nasty Plot|p1a: Minun\n|-boost|p1a: Minun|spa|2\n|\n|upkeep\n|turn|30\n|inactive|Time left: 300 sec this turn | 300 sec total\n|\n|t:|1783541287\n|-terastallize|p2a: Dunsparce|Ground\n|move|p1a: Minun|Alluring Voice|p2a: Dunsparce\n|-damage|p2a: Dunsparce|177/312\n|-damage|p1a: Minun|61/100|[from] item: Life Orb\n|move|p2a: Dunsparce|Earthquake|p1a: Minun\n|-supereffective|p1a: Minun\n|-damage|p1a: Minun|0 fnt\n|faint|p1a: Minun\n|\n|upkeep\n|\n|t:|1783541288\n|switch|p1a: Jolteon|Jolteon, L84, F|100/100\n|turn|31\n|inactive|Time left: 300 sec this turn | 300 sec total\n|\n|t:|1783541289\n|-terastallize|p1a: Jolteon|Ice\n|move|p1a: Jolteon|Calm Mind|p1a: Jolteon\n|-boost|p1a: Jolteon|spa|1\n|-boost|p1a: Jolteon|spd|1\n|move|p2a: Dunsparce|Earthquake|p1a: Jolteon\n|-damage|p1a: Jolteon|54/100\n|\n|-heal|p1a: Jolteon|60/100|[from] item: Leftovers\n|upkeep\n|turn|32\n|inactive|Time left: 300 sec this turn | 300 sec total\n|\n|t:|1783541290\n|move|p1a: Jolteon|Tera Blast|p2a: Dunsparce|[anim] Tera Blast Ice\n|-supereffective|p2a: Dunsparce\n|-damage|p2a: Dunsparce|0 fnt\n|faint|p2a: Dunsparce\n|\n|-heal|p1a: Jolteon|66/100|[from] item: Leftovers\n|upkeep\n|inactive|Time left: 300 sec this turn | 300 sec total | 5 sec grace\n|\n|t:|1783541290\n|switch|p2a: Glastrier|Glastrier, L86|174/312\n|turn|33\n|inactive|Time left: 300 sec this turn | 300 sec total\n|\n|t:|1783541291\n|move|p1a: Jolteon|Substitute|p1a: Jolteon\n|-start|p1a: Jolteon|Substitute\n|-damage|p1a: Jolteon|41/100\n|move|p2a: Glastrier|Heavy Slam|p1a: Jolteon\n|-supereffective|p1a: Jolteon\n|-end|p1a: Jolteon|Substitute\n|\n|-heal|p1a: Jolteon|47/100|[from] item: Leftovers\n|upkeep\n|turn|34\n|inactive|Time left: 300 sec this turn | 300 sec total\n|\n|t:|1783541292\n|move|p1a: Jolteon|Substitute|p1a: Jolteon\n|-start|p1a: Jolteon|Substitute\n|-damage|p1a: Jolteon|22/100\n|move|p2a: Glastrier|Heavy Slam|p1a: Jolteon\n|-supereffective|p1a: Jolteon\n|-end|p1a: Jolteon|Substitute\n|\n|-heal|p1a: Jolteon|29/100|[from] item: Leftovers\n|upkeep\n|turn|35\n|inactive|Time left: 300 sec this turn | 300 sec total\n|\n|t:|1783541293\n|move|p1a: Jolteon|Substitute|p1a: Jolteon\n|-start|p1a: Jolteon|Substitute\n|-damage|p1a: Jolteon|4/100\n|move|p2a: Glastrier|Heavy Slam|p1a: Jolteon\n|-supereffective|p1a: Jolteon\n|-end|p1a: Jolteon|Substitute\n|\n|-heal|p1a: Jolteon|10/100|[from] item: Leftovers\n|upkeep\n|turn|36\n|inactive|Time left: 300 sec this turn | 300 sec total\n|\n|t:|1783541293\n|move|p1a: Jolteon|Thunderbolt|p2a: Glastrier\n|-damage|p2a: Glastrier|44/312\n|move|p2a: Glastrier|Heavy Slam|p1a: Jolteon\n|-supereffective|p1a: Jolteon\n|-damage|p1a: Jolteon|0 fnt\n|faint|p1a: Jolteon\n|-ability|p2a: Glastrier|Chilling Neigh|boost\n|-boost|p2a: Glastrier|atk|1\n|\n|upkeep\n|\n|t:|1783541294\n|switch|p1a: Deoxys|Deoxys-Attack, L72|91/100\n|-ability|p1a: Deoxys|Pressure\n|turn|37\n|inactive|Time left: 300 sec this turn | 300 sec total\n|\n|t:|1783541295\n|move|p1a: Deoxys|Superpower|p2a: Glastrier\n|-supereffective|p2a: Glastrier\n|-damage|p2a: Glastrier|0 fnt\n|-unboost|p1a: Deoxys|atk|1\n|-unboost|p1a: Deoxys|def|1\n|faint|p2a: Glastrier\n|-damage|p1a: Deoxys|81/100|[from] item: Life Orb\n|\n|upkeep\n|inactive|Time left: 300 sec this turn | 300 sec total | 5 sec grace\n|\n|t:|1783541295\n|switch|p2a: Moltres|Moltres-Galar, L79|215/271\n|turn|38\n|inactive|Time left: 300 sec this turn | 300 sec total\n|\n|t:|1783541296\n|move|p1a: Deoxys|Ice Beam|p2a: Moltres\n|-supereffective|p2a: Moltres\n|-damage|p2a: Moltres|59/271\n|-ability|p2a: Moltres|Berserk|boost\n|-boost|p2a: Moltres|spa|1\n|-damage|p1a: Deoxys|71/100|[from] item: Life Orb\n|move|p2a: Moltres|Fiery Wrath|p1a: Deoxys\n|-supereffective|p1a: Deoxys\n|-damage|p1a: Deoxys|0 fnt\n|faint|p1a: Deoxys\n|\n|win|p0y1481122", "uploadtime": 1783541296, "views": 0, "rating": 0, "private": 0, "password": null, "_winner": "p0y1481122", "_our_name": "p0y1481122"}