{"id": "battle-gen9randombattle-1710", "formatid": "gen9randombattle", "format": "[Gen 9] Random Battle", "players": ["p0x17100610", "p0y17104b7b"], "log": "|init|battle\n|title|p0x17100610 vs. p0y17104b7b\n|j|\u2606p0x17100610\n|j|\u2606p0y17104b7b\n|t:|1783559009\n|gametype|singles\n|player|p1|p0x17100610|102|\n|player|p2|p0y17104b7b|2|\n|gen|9\n|tier|[Gen 9] Random Battle\n|rule|Species Clause: Limit one of each Pok\u00e9mon\n|rule|HP Percentage Mod: HP is shown in percentages\n|rule|Sleep Clause Mod: Limit one foe put to sleep\n|rule|Illusion Level Mod: Illusion disguises the Pok\u00e9mon's true level\n|\n|t:|1783559009\n|teamsize|p1|6\n|teamsize|p2|6\n|start\n|switch|p1a: Mew|Mew, L82|100/100\n|switch|p2a: Tatsugiri|Tatsugiri, L87, M|260/260\n|turn|1\n|inactive|Battle timer is ON: inactive players will automatically lose when time's up. (requested by p0y17104b7b)\n|inactive|p0x17100610 also wants the timer to be on.\n|\n|t:|1783559011\n|switch|p1a: Iron Leaves|Iron Leaves, L80|100/100\n|move|p2a: Tatsugiri|Nasty Plot|p2a: Tatsugiri\n|-boost|p2a: Tatsugiri|spa|2\n|\n|upkeep\n|turn|2\n|inactive|Time left: 300 sec this turn | 300 sec total\n|\n|t:|1783559012\n|-terastallize|p1a: Iron Leaves|Fighting\n|move|p1a: Iron Leaves|Close Combat|p2a: Tatsugiri\n|-damage|p2a: Tatsugiri|0 fnt\n|-unboost|p1a: Iron Leaves|def|1\n|-unboost|p1a: Iron Leaves|spd|1\n|faint|p2a: Tatsugiri\n|\n|upkeep\n|inactive|Time left: 300 sec this turn | 300 sec total | 5 sec grace\n|\n|t:|1783559013\n|switch|p2a: Girafarig|Girafarig, L89, M|269/269\n|turn|3\n|inactive|Time left: 300 sec this turn | 300 sec total\n|\n|t:|1783559015\n|move|p1a: Iron Leaves|Close Combat|p2a: Girafarig\n|-damage|p2a: Girafarig|94/269\n|-unboost|p1a: Iron Leaves|def|1\n|-unboost|p1a: Iron Leaves|spd|1\n|move|p2a: Girafarig|Psyshock|p1a: Iron Leaves\n|-supereffective|p1a: Iron Leaves\n|-damage|p1a: Iron Leaves|0 fnt\n|faint|p1a: Iron Leaves\n|-end|p1a: Iron Leaves|Quark Drive|[silent]\n|\n|upkeep\n|\n|t:|1783559016\n|switch|p1a: Hippowdon|Hippowdon, L82, F|100/100\n|-weather|Sandstorm|[from] ability: Sand Stream|[of] p1a: Hippowdon\n|turn|4\n|inactive|Time left: 300 sec this turn | 300 sec total\n|\n|t:|1783559017\n|switch|p2a: Cacturne|Cacturne, L92, M|278/278\n|move|p1a: Hippowdon|Earthquake|p2a: Cacturne\n|-resisted|p2a: Cacturne\n|-damage|p2a: Cacturne|206/278\n|\n|-weather|Sandstorm|[upkeep]\n|-damage|p2a: Cacturne|189/278|[from] Sandstorm\n|upkeep\n|turn|5\n|inactive|Time left: 300 sec this turn | 300 sec total\n|\n|t:|1783559018\n|switch|p1a: Lucario|Lucario, L84, M|100/100\n|move|p2a: Cacturne|Leaf Storm|p1a: Lucario\n|-resisted|p1a: Lucario\n|-damage|p1a: Lucario|40/100\n|-unboost|p2a: Cacturne|spa|2\n|-damage|p2a: Cacturne|162/278|[from] item: Life Orb\n|\n|-weather|Sandstorm|[upkeep]\n|-damage|p2a: Cacturne|145/278|[from] Sandstorm\n|upkeep\n|turn|6\n|inactive|Time left: 300 sec this turn | 300 sec total\n|\n|t:|1783559019\n|switch|p2a: Oranguru|Oranguru, L92, M|315/315\n|move|p1a: Lucario|Meteor Mash|p2a: Oranguru\n|-damage|p2a: Oranguru|173/315\n|\n|-weather|Sandstorm|[upkeep]\n|-damage|p2a: Oranguru|154/315|[from] Sandstorm\n|upkeep\n|turn|7\n|inactive|Time left: 300 sec this turn | 300 sec total\n|\n|t:|1783559020\n|switch|p2a: Kingambit|Kingambit, L74, M|270/270\n|-activate|p2a: Kingambit|ability: Supreme Overlord\n|-start|p2a: Kingambit|fallen1|[silent]\n|move|p1a: Lucario|Meteor Mash|p2a: Kingambit\n|-resisted|p2a: Kingambit\n|-damage|p2a: Kingambit|203/270\n|-boost|p1a: Lucario|atk|1\n|\n|-weather|Sandstorm|[upkeep]\n|-heal|p2a: Kingambit|219/270|[from] item: Leftovers\n|upkeep\n|turn|8\n|inactive|Time left: 300 sec this turn | 300 sec total\n|\n|t:|1783559021\n|move|p1a: Lucario|Meteor Mash|p2a: Kingambit\n|-resisted|p2a: Kingambit\n|-damage|p2a: Kingambit|114/270\n|-boost|p1a: Lucario|atk|1\n|move|p2a: Kingambit|Swords Dance|p2a: Kingambit\n|-boost|p2a: Kingambit|atk|2\n|\n|-weather|none\n|-heal|p2a: Kingambit|130/270|[from] item: Leftovers\n|upkeep\n|turn|9\n|inactive|Time left: 300 sec this turn | 300 sec total\n|\n|t:|1783559022\n|move|p2a: Kingambit|Sucker Punch|p1a: Lucario\n|-resisted|p1a: Lucario\n|-damage|p1a: Lucario|2/100\n|-ability|p1a: Lucario|Justified|boost\n|-boost|p1a: Lucario|atk|1\n|move|p1a: Lucario|Meteor Mash|p2a: Kingambit\n|-resisted|p2a: Kingambit\n|-damage|p2a: Kingambit|0 fnt\n|faint|p2a: Kingambit\n|-end|p2a: Kingambit|fallen1|[silent]\n|\n|upkeep\n|inactive|Time left: 300 sec this turn | 300 sec total | 5 sec grace\n|\n|t:|1783559023\n|switch|p2a: Girafarig|Girafarig, L89, M|94/269\n|turn|10\n|inactive|Time left: 300 sec this turn | 300 sec total\n|\n|t:|1783559023\n|switch|p1a: Hippowdon|Hippowdon, L82, F|100/100\n|-weather|Sandstorm|[from] ability: Sand Stream|[of] p1a: Hippowdon\n|move|p2a: Girafarig|Hyper Voice|p1a: Hippowdon\n|-damage|p1a: Hippowdon|60/100\n|\n|-weather|Sandstorm|[upkeep]\n|-damage|p2a: Girafarig|78/269|[from] Sandstorm\n|-heal|p1a: Hippowdon|66/100|[from] item: Leftovers\n|upkeep\n|turn|11\n|inactive|Time left: 300 sec this turn | 300 sec total\n|\n|t:|1783559024\n|move|p2a: Girafarig|Hyper Voice|p1a: Hippowdon\n|-damage|p1a: Hippowdon|28/100\n|move|p1a: Hippowdon|Earthquake|p2a: Girafarig\n|-damage|p2a: Girafarig|0 fnt\n|faint|p2a: Girafarig\n|\n|-weather|Sandstorm|[upkeep]\n|-heal|p1a: Hippowdon|34/100|[from] item: Leftovers\n|upkeep\n|inactive|Time left: 300 sec this turn | 300 sec total | 5 sec grace\n|\n|t:|1783559025\n|switch|p2a: Cacturne|Cacturne, L92, M|145/278\n|turn|12\n|inactive|Time left: 300 sec this turn | 300 sec total\n|\n|t:|1783559025\n|move|p2a: Cacturne|Knock Off|p1a: Hippowdon\n|-damage|p1a: Hippowdon|0 fnt\n|-enditem|p1a: Hippowdon|Leftovers|[from] move: Knock Off|[of] p2a: Cacturne\n|faint|p1a: Hippowdon\n|-damage|p2a: Cacturne|118/278|[from] item: Life Orb\n|\n|-weather|Sandstorm|[upkeep]\n|-damage|p2a: Cacturne|101/278|[from] Sandstorm\n|upkeep\n|\n|t:|1783559026\n|switch|p1a: Lucario|Lucario, L84, M|2/100\n|turn|13\n|inactive|Time left: 300 sec this turn | 300 sec total\n|\n|t:|1783559027\n|move|p1a: Lucario|Extreme Speed|p2a: Cacturne\n|-damage|p2a: Cacturne|0 fnt\n|faint|p2a: Cacturne\n|\n|-weather|Sandstorm|[upkeep]\n|upkeep\n|inactive|Time left: 300 sec this turn | 300 sec total | 5 sec grace\n|\n|t:|1783559028\n|switch|p2a: Sudowoodo|Sudowoodo, L94, M|284/284\n|turn|14\n|inactive|Time left: 300 sec this turn | 300 sec total\n|\n|t:|1783559028\n|switch|p1a: Dragalge|Dragalge, L88, M|100/100\n|move|p2a: Sudowoodo|Head Smash|p1a: Dragalge\n|-damage|p1a: Dragalge|25/100\n|\n|-weather|none\n|upkeep\n|turn|15\n|inactive|Time left: 300 sec this turn | 300 sec total\n|\n|t:|1783559029\n|move|p1a: Dragalge|Draco Meteor|p2a: Sudowoodo\n|-damage|p2a: Sudowoodo|50/284\n|-unboost|p1a: Dragalge|spa|2\n|move|p2a: Sudowoodo|Stealth Rock|p1a: Dragalge\n|-sidestart|p1: p0x17100610|move: Stealth Rock\n|\n|-heal|p2a: Sudowoodo|67/284|[from] item: Leftovers\n|upkeep\n|turn|16\n|inactive|Time left: 300 sec this turn | 300 sec total\n|\n|t:|1783559031\n|move|p1a: Dragalge|Draco Meteor|p2a: Sudowoodo\n|-damage|p2a: Sudowoodo|0 fnt\n|-unboost|p1a: Dragalge|spa|2\n|faint|p2a: Sudowoodo\n|\n|upkeep\n|inactive|Time left: 300 sec this turn | 300 sec total | 5 sec grace\n|\n|t:|1783559032\n|switch|p2a: Oranguru|Oranguru, L92, M|154/315\n|turn|17\n|inactive|Time left: 300 sec this turn | 300 sec total\n|\n|t:|1783559033\n|switch|p1a: Mew|Mew, L82|100/100\n|-damage|p1a: Mew|88/100|[from] Stealth Rock\n|move|p2a: Oranguru|Nasty Plot|p2a: Oranguru\n|-boost|p2a: Oranguru|spa|2\n|\n|-heal|p1a: Mew|94/100|[from] item: Leftovers\n|upkeep\n|turn|18\n|inactive|Time left: 300 sec this turn | 300 sec total\n|\n|t:|1783559034\n|move|p1a: Mew|U-turn|p2a: Oranguru\n|-supereffective|p2a: Oranguru\n|-damage|p2a: Oranguru|66/315\n|\n|t:|1783559035\n|switch|p1a: Lucario|Lucario, L84, M|2/100|[from] U-turn\n|-damage|p1a: Lucario|0 fnt|[from] Stealth Rock\n|faint|p1a: Lucario\n|move|p2a: Oranguru|Nasty Plot|p2a: Oranguru\n|-boost|p2a: Oranguru|spa|2\n|\n|upkeep\n|\n|t:|1783559036\n|switch|p1a: Mew|Mew, L82|94/100\n|-damage|p1a: Mew|82/100|[from] Stealth Rock\n|turn|19\n|inactive|Time left: 300 sec this turn | 300 sec total\n|\n|t:|1783559036\n|move|p1a: Mew|Psychic|p2a: Oranguru\n|-resisted|p2a: Oranguru\n|-damage|p2a: Oranguru|33/315\n|move|p2a: Oranguru|Thunderbolt|p1a: Mew\n|-damage|p1a: Mew|0 fnt\n|faint|p1a: Mew\n|-damage|p2a: Oranguru|2/315|[from] item: Life Orb\n|\n|upkeep\n|\n|t:|1783559037\n|switch|p1a: Dragalge|Dragalge, L88, M|25/100\n|-damage|p1a: Dragalge|13/100|[from] Stealth Rock\n|turn|20\n|inactive|Time left: 300 sec this turn | 300 sec total\n|\n|t:|1783559038\n|-terastallize|p2a: Oranguru|Electric\n|move|p2a: Oranguru|Hyper Voice|p1a: Dragalge\n|-damage|p1a: Dragalge|0 fnt\n|faint|p1a: Dragalge\n|-damage|p2a: Oranguru|0 fnt|[from] item: Life Orb\n|faint|p2a: Oranguru\n|\n|win|p0x17100610", "uploadtime": 1783559038, "views": 0, "rating": 0, "private": 0, "password": null, "_winner": "p0x17100610", "_our_name": "p0y17104b7b"}