{"id": "battle-gen9randombattle-2221", "formatid": "gen9randombattle", "format": "[Gen 9] Random Battle", "players": ["p0x2221810a", "p0y22211a1c"], "log": "|init|battle\n|title|p0x2221810a vs. p0y22211a1c\n|j|\u2606p0x2221810a\n|j|\u2606p0y22211a1c\n|t:|1783564786\n|gametype|singles\n|player|p1|p0x2221810a|266|\n|player|p2|p0y22211a1c|266|\n|gen|9\n|tier|[Gen 9] Random Battle\n|rule|Species Clause: Limit one of each Pok\u00e9mon\n|rule|HP Percentage Mod: HP is shown in percentages\n|rule|Sleep Clause Mod: Limit one foe put to sleep\n|rule|Illusion Level Mod: Illusion disguises the Pok\u00e9mon's true level\n|\n|t:|1783564786\n|teamsize|p1|6\n|teamsize|p2|6\n|start\n|switch|p1a: Mabosstiff|Mabosstiff, L86, F|100/100\n|switch|p2a: Florges|Florges-Blue, L85, F|271/271\n|turn|1\n|inactive|Battle timer is ON: inactive players will automatically lose when time's up. (requested by p0x2221810a)\n|inactive|Time left: 300 sec this turn | 300 sec total | 60 sec grace\n|inactive|p0y22211a1c also wants the timer to be on.\n|\n|t:|1783564787\n|switch|p1a: Glimmora|Glimmora, L75, F|100/100\n|move|p2a: Florges|Moonblast|p1a: Glimmora\n|-resisted|p1a: Glimmora\n|-damage|p1a: Glimmora|70/100\n|\n|upkeep\n|turn|2\n|inactive|Time left: 300 sec this turn | 300 sec total\n|\n|t:|1783564789\n|move|p2a: Florges|Calm Mind|p2a: Florges\n|-boost|p2a: Florges|spa|1\n|-boost|p2a: Florges|spd|1\n|move|p1a: Glimmora|Meteor Beam||[still]\n|-prepare|p1a: Glimmora|Meteor Beam\n|-boost|p1a: Glimmora|spa|1\n|-enditem|p1a: Glimmora|Power Herb\n|-anim|p1a: Glimmora|Meteor Beam|p2a: Florges\n|-damage|p2a: Florges|192/271\n|\n|-heal|p2a: Florges|208/271|[from] item: Leftovers\n|upkeep\n|turn|3\n|inactive|Time left: 300 sec this turn | 300 sec total\n|\n|t:|1783564790\n|move|p2a: Florges|Moonblast|p1a: Glimmora\n|-resisted|p1a: Glimmora\n|-damage|p1a: Glimmora|25/100\n|-unboost|p1a: Glimmora|spa|1\n|move|p1a: Glimmora|Meteor Beam||[still]\n|-prepare|p1a: Glimmora|Meteor Beam\n|-boost|p1a: Glimmora|spa|1\n|\n|-heal|p2a: Florges|224/271|[from] item: Leftovers\n|upkeep\n|turn|4\n|inactive|Time left: 300 sec this turn | 300 sec total\n|\n|t:|1783564791\n|move|p2a: Florges|Calm Mind|p2a: Florges\n|-boost|p2a: Florges|spa|1\n|-boost|p2a: Florges|spd|1\n|move|p1a: Glimmora|Meteor Beam|p2a: Florges|[from] lockedmove\n|-damage|p2a: Florges|163/271\n|\n|-heal|p2a: Florges|179/271|[from] item: Leftovers\n|upkeep\n|turn|5\n|inactive|Time left: 300 sec this turn | 300 sec total\n|\n|t:|1783564792\n|move|p2a: Florges|Moonblast|p1a: Glimmora\n|-resisted|p1a: Glimmora\n|-damage|p1a: Glimmora|0 fnt\n|faint|p1a: Glimmora\n|\n|-heal|p2a: Florges|195/271|[from] item: Leftovers\n|upkeep\n|\n|t:|1783564793\n|switch|p1a: Cobalion|Cobalion, L80|100/100\n|turn|6\n|inactive|Time left: 300 sec this turn | 300 sec total\n|\n|t:|1783564794\n|move|p1a: Cobalion|Iron Head|p2a: Florges\n|-supereffective|p2a: Florges\n|-damage|p2a: Florges|25/271\n|move|p2a: Florges|Moonblast|p1a: Cobalion\n|-damage|p1a: Cobalion|1/100\n|\n|-heal|p1a: Cobalion|7/100|[from] item: Leftovers\n|-heal|p2a: Florges|41/271|[from] item: Leftovers\n|upkeep\n|turn|7\n|inactive|Time left: 300 sec this turn | 300 sec total\n|\n|t:|1783564795\n|move|p1a: Cobalion|Body Press|p2a: Florges\n|-resisted|p2a: Florges\n|-damage|p2a: Florges|0 fnt\n|faint|p2a: Florges\n|\n|-heal|p1a: Cobalion|13/100|[from] item: Leftovers\n|upkeep\n|inactive|Time left: 300 sec this turn | 300 sec total | 5 sec grace\n|\n|t:|1783564796\n|switch|p2a: Milotic|Milotic, L83, M|293/293\n|turn|8\n|inactive|Time left: 300 sec this turn | 300 sec total\n|\n|t:|1783564797\n|move|p1a: Cobalion|Stealth Rock|p2a: Milotic\n|-sidestart|p2: p0y22211a1c|move: Stealth Rock\n|move|p2a: Milotic|Ice Beam|p1a: Cobalion\n|-resisted|p1a: Cobalion\n|-damage|p1a: Cobalion|0 fnt\n|faint|p1a: Cobalion\n|\n|upkeep\n|\n|t:|1783564798\n|switch|p1a: Deoxys|Deoxys-Defense, L84|100/100\n|-ability|p1a: Deoxys|Pressure\n|turn|9\n|inactive|Time left: 300 sec this turn | 300 sec total\n|\n|t:|1783564799\n|move|p1a: Deoxys|Knock Off|p2a: Milotic\n|-crit|p2a: Milotic\n|-damage|p2a: Milotic|203/293\n|-enditem|p2a: Milotic|Leftovers|[from] move: Knock Off|[of] p1a: Deoxys\n|move|p2a: Milotic|Scald|p1a: Deoxys\n|-damage|p1a: Deoxys|75/100\n|\n|upkeep\n|turn|10\n|inactive|Time left: 300 sec this turn | 300 sec total\n|\n|t:|1783564800\n|move|p1a: Deoxys|Spikes|p2a: Milotic\n|-sidestart|p2: p0y22211a1c|Spikes\n|move|p2a: Milotic|Scald|p1a: Deoxys\n|-damage|p1a: Deoxys|51/100\n|\n|upkeep\n|turn|11\n|inactive|Time left: 300 sec this turn | 300 sec total\n|\n|t:|1783564802\n|move|p1a: Deoxys|Recover|p1a: Deoxys\n|-heal|p1a: Deoxys|100/100\n|move|p2a: Milotic|Scald|p1a: Deoxys\n|-damage|p1a: Deoxys|76/100\n|-status|p1a: Deoxys|brn\n|\n|-damage|p1a: Deoxys|70/100 brn|[from] brn\n|upkeep\n|turn|12\n|inactive|Time left: 300 sec this turn | 300 sec total\n|\n|t:|1783564803\n|move|p1a: Deoxys|Psychic Noise|p2a: Milotic\n|-damage|p2a: Milotic|151/293\n|-start|p2a: Milotic|move: Heal Block\n|cant|p2a: Milotic|move: Heal Block|Recover\n|\n|-damage|p1a: Deoxys|64/100 brn|[from] brn\n|upkeep\n|turn|13\n|inactive|Time left: 300 sec this turn | 300 sec total\n|\n|t:|1783564804\n|move|p1a: Deoxys|Recover|p1a: Deoxys\n|-heal|p1a: Deoxys|100/100 brn\n|move|p2a: Milotic|Scald|p1a: Deoxys\n|-damage|p1a: Deoxys|75/100 brn\n|\n|-damage|p1a: Deoxys|69/100 brn|[from] brn\n|-end|p2a: Milotic|move: Heal Block\n|upkeep\n|turn|14\n|inactive|Time left: 300 sec this turn | 300 sec total\n|\n|t:|1783564805\n|move|p1a: Deoxys|Psychic Noise|p2a: Milotic\n|-damage|p2a: Milotic|106/293\n|-start|p2a: Milotic|move: Heal Block\n|cant|p2a: Milotic|move: Heal Block|Recover\n|\n|-damage|p1a: Deoxys|63/100 brn|[from] brn\n|upkeep\n|turn|15\n|inactive|Time left: 300 sec this turn | 300 sec total\n|\n|t:|1783564806\n|move|p1a: Deoxys|Spikes|p2a: Milotic\n|-sidestart|p2: p0y22211a1c|Spikes\n|move|p2a: Milotic|Scald|p1a: Deoxys\n|-damage|p1a: Deoxys|41/100 brn\n|\n|-damage|p1a: Deoxys|35/100 brn|[from] brn\n|-end|p2a: Milotic|move: Heal Block\n|upkeep\n|turn|16\n|inactive|Time left: 300 sec this turn | 300 sec total\n|\n|t:|1783564807\n|move|p1a: Deoxys|Recover|p1a: Deoxys\n|-heal|p1a: Deoxys|85/100 brn\n|move|p2a: Milotic|Recover|p2a: Milotic\n|-heal|p2a: Milotic|253/293\n|\n|-damage|p1a: Deoxys|79/100 brn|[from] brn\n|upkeep\n|turn|17\n|inactive|Time left: 300 sec this turn | 300 sec total\n|\n|t:|1783564808\n|move|p1a: Deoxys|Psychic Noise|p2a: Milotic\n|-damage|p2a: Milotic|202/293\n|-start|p2a: Milotic|move: Heal Block\n|move|p2a: Milotic|Scald|p1a: Deoxys\n|-damage|p1a: Deoxys|56/100 brn\n|\n|-damage|p1a: Deoxys|50/100 brn|[from] brn\n|upkeep\n|turn|18\n|inactive|Time left: 300 sec this turn | 300 sec total\n|\n|t:|1783564809\n|move|p1a: Deoxys|Recover|p1a: Deoxys\n|-heal|p1a: Deoxys|99/100 brn\n|move|p2a: Milotic|Ice Beam|p1a: Deoxys\n|-damage|p1a: Deoxys|81/100 brn\n|\n|-damage|p1a: Deoxys|76/100 brn|[from] brn\n|-end|p2a: Milotic|move: Heal Block\n|upkeep\n|turn|19\n|inactive|Time left: 300 sec this turn | 300 sec total\n|\n|t:|1783564810\n|move|p1a: Deoxys|Spikes|p2a: Milotic\n|-sidestart|p2: p0y22211a1c|Spikes\n|move|p2a: Milotic|Scald|p1a: Deoxys\n|-damage|p1a: Deoxys|53/100 brn\n|\n|-damage|p1a: Deoxys|48/100 brn|[from] brn\n|upkeep\n|turn|20\n|inactive|Time left: 300 sec this turn | 300 sec total\n|\n|t:|1783564812\n|move|p1a: Deoxys|Recover|p1a: Deoxys\n|-heal|p1a: Deoxys|98/100 brn\n|move|p2a: Milotic|Ice Beam|p1a: Deoxys\n|-damage|p1a: Deoxys|79/100 brn\n|\n|-damage|p1a: Deoxys|73/100 brn|[from] brn\n|upkeep\n|turn|21\n|inactive|Time left: 300 sec this turn | 300 sec total\n|\n|t:|1783564813\n|move|p1a: Deoxys|Psychic Noise|p2a: Milotic\n|-damage|p2a: Milotic|150/293\n|-start|p2a: Milotic|move: Heal Block\n|cant|p2a: Milotic|move: Heal Block|Recover\n|\n|-damage|p1a: Deoxys|67/100 brn|[from] brn\n|upkeep\n|turn|22\n|inactive|Time left: 300 sec this turn | 300 sec total\n|\n|t:|1783564814\n|move|p1a: Deoxys|Recover|p1a: Deoxys\n|-heal|p1a: Deoxys|100/100 brn\n|move|p2a: Milotic|Scald|p1a: Deoxys\n|-damage|p1a: Deoxys|78/100 brn\n|\n|-damage|p1a: Deoxys|72/100 brn|[from] brn\n|-end|p2a: Milotic|move: Heal Block\n|upkeep\n|turn|23\n|inactive|Time left: 300 sec this turn | 300 sec total\n|\n|t:|1783564815\n|move|p1a: Deoxys|Psychic Noise|p2a: Milotic\n|-damage|p2a: Milotic|101/293\n|-start|p2a: Milotic|move: Heal Block\n|cant|p2a: Milotic|move: Heal Block|Recover\n|\n|-damage|p1a: Deoxys|67/100 brn|[from] brn\n|upkeep\n|turn|24\n|inactive|Time left: 300 sec this turn | 300 sec total\n|\n|t:|1783564816\n|move|p1a: Deoxys|Recover|p1a: Deoxys\n|-heal|p1a: Deoxys|100/100 brn\n|move|p2a: Milotic|Scald|p1a: Deoxys\n|-damage|p1a: Deoxys|77/100 brn\n|\n|-damage|p1a: Deoxys|72/100 brn|[from] brn\n|-end|p2a: Milotic|move: Heal Block\n|upkeep\n|turn|25\n|inactive|Time left: 300 sec this turn | 300 sec total\n|\n|t:|1783564817\n|move|p1a: Deoxys|Psychic Noise|p2a: Milotic\n|-damage|p2a: Milotic|53/293\n|-start|p2a: Milotic|move: Heal Block\n|move|p2a: Milotic|Scald|p1a: Deoxys\n|-damage|p1a: Deoxys|49/100 brn\n|\n|-damage|p1a: Deoxys|43/100 brn|[from] brn\n|upkeep\n|turn|26\n|inactive|Time left: 300 sec this turn | 300 sec total\n|\n|t:|1783564818\n|move|p1a: Deoxys|Recover|p1a: Deoxys\n|-heal|p1a: Deoxys|94/100 brn\n|move|p2a: Milotic|Scald|p1a: Deoxys\n|-damage|p1a: Deoxys|70/100 brn\n|\n|-damage|p1a: Deoxys|64/100 brn|[from] brn\n|-end|p2a: Milotic|move: Heal Block\n|upkeep\n|turn|27\n|inactive|Time left: 300 sec this turn | 300 sec total\n|\n|t:|1783564819\n|move|p1a: Deoxys|Psychic Noise|p2a: Milotic\n|-damage|p2a: Milotic|5/293\n|-start|p2a: Milotic|move: Heal Block\n|cant|p2a: Milotic|move: Heal Block|Recover\n|\n|-damage|p1a: Deoxys|58/100 brn|[from] brn\n|upkeep\n|turn|28\n|inactive|Time left: 300 sec this turn | 300 sec total\n|\n|t:|1783564820\n|move|p1a: Deoxys|Psychic Noise|p2a: Milotic\n|-damage|p2a: Milotic|0 fnt\n|faint|p2a: Milotic\n|\n|-damage|p1a: Deoxys|53/100 brn|[from] brn\n|upkeep\n|inactive|Time left: 300 sec this turn | 300 sec total | 5 sec grace\n|\n|t:|1783564821\n|switch|p2a: Illumise|Illumise, L91, F|266/266\n|turn|29\n|inactive|Time left: 300 sec this turn | 300 sec total\n|\n|t:|1783564822\n|switch|p1a: Froslass|Froslass, L87, F|100/100\n|move|p2a: Illumise|Bug Buzz|p1a: Froslass\n|-resisted|p1a: Froslass\n|-damage|p1a: Froslass|80/100\n|\n|upkeep\n|turn|30\n|inactive|Time left: 300 sec this turn | 300 sec total\n|\n|t:|1783564823\n|move|p1a: Froslass|Triple Axel|p2a: Illumise\n|-damage|p2a: Illumise|245/266\n|-damage|p2a: Illumise|208/266\n|-damage|p2a: Illumise|150/266\n|-hitcount|p2a: Illumise|3\n|move|p2a: Illumise|Bug Buzz|p1a: Froslass\n|-resisted|p1a: Froslass\n|-damage|p1a: Froslass|62/100\n|-start|p2a: Illumise|Disable|Bug Buzz|[from] ability: Cursed Body|[of] p1a: Froslass\n|\n|upkeep\n|turn|31\n|inactive|Time left: 300 sec this turn | 300 sec total\n|\n|t:|1783564824\n|move|p2a: Illumise|Roost|p2a: Illumise\n|-heal|p2a: Illumise|266/266\n|-singleturn|p2a: Illumise|move: Roost\n|move|p1a: Froslass|Triple Axel|p2a: Illumise\n|-damage|p2a: Illumise|242/266\n|-damage|p2a: Illumise|203/266\n|-damage|p2a: Illumise|137/266\n|-hitcount|p2a: Illumise|3\n|\n|upkeep\n|turn|32\n|inactive|Time left: 300 sec this turn | 300 sec total\n|\n|t:|1783564825\n|move|p2a: Illumise|Roost|p2a: Illumise\n|-heal|p2a: Illumise|266/266\n|-singleturn|p2a: Illumise|move: Roost\n|move|p1a: Froslass|Poltergeist|p2a: Illumise\n|-activate|p2a: Illumise|move: Poltergeist|Heavy-Duty Boots\n|-damage|p2a: Illumise|158/266\n|\n|upkeep\n|turn|33\n|inactive|Time left: 300 sec this turn | 300 sec total\n|\n|t:|1783564826\n|move|p2a: Illumise|Roost|p2a: Illumise\n|-heal|p2a: Illumise|266/266\n|-singleturn|p2a: Illumise|move: Roost\n|move|p1a: Froslass|Triple Axel|p2a: Illumise\n|-damage|p2a: Illumise|244/266\n|-damage|p2a: Illumise|205/266\n|-damage|p2a: Illumise|139/266\n|-hitcount|p2a: Illumise|3\n|\n|-end|p2a: Illumise|Disable\n|upkeep\n|turn|34\n|inactive|Time left: 300 sec this turn | 300 sec total\n|\n|t:|1783564827\n|move|p2a: Illumise|Roost|p2a: Illumise\n|-heal|p2a: Illumise|266/266\n|-singleturn|p2a: Illumise|move: Roost\n|move|p1a: Froslass|Poltergeist|p2a: Illumise\n|-activate|p2a: Illumise|move: Poltergeist|Heavy-Duty Boots\n|-damage|p2a: Illumise|151/266\n|\n|upkeep\n|turn|35\n|inactive|Time left: 300 sec this turn | 300 sec total\n|\n|t:|1783564828\n|move|p2a: Illumise|Roost|p2a: Illumise\n|-heal|p2a: Illumise|266/266\n|-singleturn|p2a: Illumise|move: Roost\n|move|p1a: Froslass|Poltergeist|p2a: Illumise\n|-activate|p2a: Illumise|move: Poltergeist|Heavy-Duty Boots\n|-damage|p2a: Illumise|146/266\n|\n|upkeep\n|turn|36\n|inactive|Time left: 300 sec this turn | 300 sec total\n|\n|t:|1783564829\n|move|p1a: Froslass|Triple Axel|p2a: Illumise\n|-damage|p2a: Illumise|124/266\n|-damage|p2a: Illumise|84/266\n|-damage|p2a: Illumise|23/266\n|-hitcount|p2a: Illumise|3\n|move|p2a: Illumise|Bug Buzz|p1a: Froslass\n|-resisted|p1a: Froslass\n|-damage|p1a: Froslass|43/100\n|-start|p2a: Illumise|Disable|Bug Buzz|[from] ability: Cursed Body|[of] p1a: Froslass\n|\n|upkeep\n|turn|37\n|inactive|Time left: 300 sec this turn | 300 sec total\n|\n|t:|1783564830\n|switch|p2a: Magmortar|Magmortar, L88, M|275/275\n|move|p1a: Froslass|Poltergeist|p2a: Magmortar\n|-activate|p2a: Magmortar|move: Poltergeist|Heavy-Duty Boots\n|-damage|p2a: Magmortar|152/275\n|\n|upkeep\n|turn|38\n|inactive|Time left: 300 sec this turn | 300 sec total\n|\n|t:|1783564831\n|-terastallize|p1a: Froslass|Ghost\n|move|p1a: Froslass|Poltergeist|p2a: Magmortar\n|-activate|p2a: Magmortar|move: Poltergeist|Heavy-Duty Boots\n|-damage|p2a: Magmortar|0 fnt\n|faint|p2a: Magmortar\n|\n|upkeep\n|inactive|Time left: 300 sec this turn | 300 sec total | 5 sec grace\n|\n|t:|1783564832\n|switch|p2a: Illumise|Illumise, L91, F|23/266\n|turn|39\n|inactive|Time left: 300 sec this turn | 300 sec total\n|\n|t:|1783564833\n|move|p2a: Illumise|Roost|p2a: Illumise\n|-heal|p2a: Illumise|156/266\n|-singleturn|p2a: Illumise|move: Roost\n|move|p1a: Froslass|Poltergeist|p2a: Illumise\n|-activate|p2a: Illumise|move: Poltergeist|Heavy-Duty Boots\n|-damage|p2a: Illumise|8/266\n|\n|upkeep\n|turn|40\n|inactive|Time left: 300 sec this turn | 300 sec total\n|\n|t:|1783564834\n|move|p2a: Illumise|Thunder Wave|p1a: Froslass\n|-status|p1a: Froslass|par\n|move|p1a: Froslass|Poltergeist|p2a: Illumise\n|-activate|p2a: Illumise|move: Poltergeist|Heavy-Duty Boots\n|-damage|p2a: Illumise|0 fnt\n|faint|p2a: Illumise\n|\n|upkeep\n|inactive|Time left: 300 sec this turn | 300 sec total | 5 sec grace\n|\n|t:|1783564835\n|switch|p2a: Pawmot|Pawmot, L80, M|243/243\n|-damage|p2a: Pawmot|228/243|[from] Stealth Rock\n|-damage|p2a: Pawmot|168/243|[from] Spikes\n|turn|41\n|inactive|Time left: 300 sec this turn | 300 sec total\n|\n|t:|1783564836\n|move|p2a: Pawmot|Knock Off|p1a: Froslass\n|-supereffective|p1a: Froslass\n|-damage|p1a: Froslass|0 fnt\n|-enditem|p1a: Froslass|Wide Lens|[from] move: Knock Off|[of] p2a: Pawmot\n|faint|p1a: Froslass\n|-damage|p2a: Pawmot|144/243|[from] item: Life Orb\n|\n|upkeep\n|\n|t:|1783564837\n|switch|p1a: Scovillain|Scovillain, L91, M|100/100\n|turn|42\n|inactive|Time left: 300 sec this turn | 300 sec total\n|\n|t:|1783564838\n|move|p2a: Pawmot|Close Combat|p1a: Scovillain\n|-damage|p1a: Scovillain|25/100\n|-unboost|p2a: Pawmot|def|1\n|-unboost|p2a: Pawmot|spd|1\n|-damage|p2a: Pawmot|120/243|[from] item: Life Orb\n|move|p1a: Scovillain|Energy Ball|p2a: Pawmot\n|-crit|p2a: Pawmot\n|-damage|p2a: Pawmot|0 fnt\n|faint|p2a: Pawmot\n|\n|upkeep\n|inactive|Time left: 300 sec this turn | 300 sec total | 5 sec grace\n|\n|t:|1783564839\n|switch|p2a: Dewgong|Dewgong, L94, M|322/322\n|-damage|p2a: Dewgong|242/322|[from] Stealth Rock\n|-damage|p2a: Dewgong|162/322|[from] Spikes\n|turn|43\n|inactive|Time left: 300 sec this turn | 300 sec total\n|\n|t:|1783564840\n|move|p1a: Scovillain|Stomping Tantrum|p2a: Dewgong\n|-damage|p2a: Dewgong|96/322\n|move|p2a: Dewgong|Triple Axel|p1a: Scovillain\n|-damage|p1a: Scovillain|16/100\n|-damage|p1a: Scovillain|0 fnt\n|faint|p1a: Scovillain\n|-hitcount|p1: Scovillain|2\n|\n|upkeep\n|\n|t:|1783564841\n|switch|p1a: Mabosstiff|Mabosstiff, L86, F|100/100\n|turn|44\n|inactive|Time left: 300 sec this turn | 300 sec total\n|\n|t:|1783564841\n|-terastallize|p2a: Dewgong|Steel\n|move|p1a: Mabosstiff|Crunch|p2a: Dewgong\n|-damage|p2a: Dewgong|0 fnt\n|faint|p2a: Dewgong\n|\n|win|p0x2221810a", "uploadtime": 1783564841, "views": 0, "rating": 0, "private": 0, "password": null, "_winner": "p0x2221810a", "_our_name": "p0y22211a1c"}