{"id": "battle-gen9randombattle-2805", "formatid": "gen9randombattle", "format": "[Gen 9] Random Battle", "players": ["p0x2805eb79", "p0y280572df"], "log": "|init|battle\n|title|p0x2805eb79 vs. p0y280572df\n|j|\u2606p0x2805eb79\n|j|\u2606p0y280572df\n|t:|1783572306\n|gametype|singles\n|player|p1|p0x2805eb79|2|\n|player|p2|p0y280572df|170|\n|gen|9\n|tier|[Gen 9] Random Battle\n|rule|Species Clause: Limit one of each Pok\u00e9mon\n|rule|HP Percentage Mod: HP is shown in percentages\n|rule|Sleep Clause Mod: Limit one foe put to sleep\n|rule|Illusion Level Mod: Illusion disguises the Pok\u00e9mon's true level\n|\n|t:|1783572306\n|teamsize|p1|6\n|teamsize|p2|6\n|start\n|switch|p1a: Articuno|Articuno, L86|100/100\n|switch|p2a: Serperior|Serperior, L79, M|248/248\n|-ability|p1a: Articuno|Pressure\n|turn|1\n|inactive|Battle timer is ON: inactive players will automatically lose when time's up. (requested by p0x2805eb79)\n|inactive|Time left: 300 sec this turn | 300 sec total | 60 sec grace\n|inactive|p0y280572df also wants the timer to be on.\n|\n|t:|1783572307\n|move|p2a: Serperior|Substitute|p2a: Serperior\n|-start|p2a: Serperior|Substitute\n|-damage|p2a: Serperior|186/248\n|move|p1a: Articuno|Freeze-Dry|p2a: Serperior\n|-supereffective|p2a: Serperior\n|-end|p2a: Serperior|Substitute\n|\n|-heal|p2a: Serperior|201/248|[from] item: Leftovers\n|upkeep\n|turn|2\n|inactive|Time left: 300 sec this turn | 300 sec total\n|\n|t:|1783572309\n|switch|p2a: Chimecho|Chimecho, L93, M|290/290\n|move|p1a: Articuno|Brave Bird|p2a: Chimecho\n|-damage|p2a: Chimecho|176/290\n|-damage|p1a: Articuno|88/100|[from] Recoil\n|\n|-heal|p2a: Chimecho|194/290|[from] item: Leftovers\n|upkeep\n|turn|3\n|inactive|Time left: 300 sec this turn | 300 sec total\n|\n|t:|1783572310\n|move|p1a: Articuno|Freeze-Dry|p2a: Chimecho\n|-crit|p2a: Chimecho\n|-damage|p2a: Chimecho|95/290\n|move|p2a: Chimecho|Calm Mind|p2a: Chimecho\n|-boost|p2a: Chimecho|spa|1\n|-boost|p2a: Chimecho|spd|1\n|\n|-heal|p2a: Chimecho|113/290|[from] item: Leftovers\n|upkeep\n|turn|4\n|inactive|Time left: 300 sec this turn | 300 sec total\n|\n|t:|1783572311\n|-terastallize|p2a: Chimecho|Electric\n|move|p1a: Articuno|Brave Bird|p2a: Chimecho\n|-resisted|p2a: Chimecho\n|-damage|p2a: Chimecho|58/290\n|-damage|p1a: Articuno|82/100|[from] Recoil\n|move|p2a: Chimecho|Recover|p2a: Chimecho\n|-heal|p2a: Chimecho|203/290\n|\n|-heal|p2a: Chimecho|221/290|[from] item: Leftovers\n|upkeep\n|turn|5\n|inactive|Time left: 300 sec this turn | 300 sec total\n|\n|t:|1783572312\n|move|p1a: Articuno|U-turn|p2a: Chimecho\n|-damage|p2a: Chimecho|174/290\n|\n|t:|1783572313\n|switch|p1a: Mesprit|Mesprit, L85|100/100|[from] U-turn\n|move|p2a: Chimecho|Psyshock|p1a: Mesprit\n|-resisted|p1a: Mesprit\n|-damage|p1a: Mesprit|75/100\n|\n|-heal|p2a: Chimecho|192/290|[from] item: Leftovers\n|upkeep\n|turn|6\n|inactive|Time left: 300 sec this turn | 300 sec total\n|\n|t:|1783572315\n|move|p1a: Mesprit|Knock Off|p2a: Chimecho\n|-damage|p2a: Chimecho|119/290\n|-enditem|p2a: Chimecho|Leftovers|[from] move: Knock Off|[of] p1a: Mesprit\n|move|p2a: Chimecho|Dazzling Gleam|p1a: Mesprit\n|-damage|p1a: Mesprit|52/100\n|\n|upkeep\n|turn|7\n|inactive|Time left: 300 sec this turn | 300 sec total\n|\n|t:|1783572317\n|move|p1a: Mesprit|Psychic Noise|p2a: Chimecho\n|-damage|p2a: Chimecho|62/290\n|-start|p2a: Chimecho|move: Heal Block\n|cant|p2a: Chimecho|move: Heal Block|Recover\n|\n|upkeep\n|turn|8\n|inactive|Time left: 300 sec this turn | 300 sec total\n|\n|t:|1783572318\n|move|p1a: Mesprit|Psychic Noise|p2a: Chimecho\n|-damage|p2a: Chimecho|10/290\n|move|p2a: Chimecho|Psyshock|p1a: Mesprit\n|-resisted|p1a: Mesprit\n|-damage|p1a: Mesprit|28/100\n|\n|-end|p2a: Chimecho|move: Heal Block\n|upkeep\n|turn|9\n|inactive|Time left: 300 sec this turn | 300 sec total\n|\n|t:|1783572320\n|move|p1a: Mesprit|Psychic Noise|p2a: Chimecho\n|-damage|p2a: Chimecho|0 fnt\n|faint|p2a: Chimecho\n|\n|upkeep\n|inactive|Time left: 300 sec this turn | 300 sec total | 5 sec grace\n|\n|t:|1783572321\n|switch|p2a: Zangoose|Zangoose, L85, F|263/263\n|turn|10\n|inactive|Time left: 300 sec this turn | 300 sec total\n|\n|t:|1783572322\n|switch|p1a: Hydrapple|Hydrapple, L83, M|100/100\n|move|p2a: Zangoose|Facade|p1a: Hydrapple\n|-damage|p1a: Hydrapple|76/100\n|\n|-heal|p1a: Hydrapple|83/100|[from] item: Leftovers\n|-status|p2a: Zangoose|tox|[from] item: Toxic Orb\n|upkeep\n|turn|11\n|inactive|Time left: 300 sec this turn | 300 sec total\n|\n|t:|1783572323\n|move|p2a: Zangoose|Facade|p1a: Hydrapple\n|-damage|p1a: Hydrapple|17/100\n|move|p1a: Hydrapple|Fickle Beam|p2a: Zangoose\n|-damage|p2a: Zangoose|145/263 tox\n|\n|-heal|p1a: Hydrapple|23/100|[from] item: Leftovers\n|-damage|p2a: Zangoose|129/263 tox|[from] psn\n|upkeep\n|turn|12\n|inactive|Time left: 300 sec this turn | 300 sec total\n|\n|t:|1783572324\n|switch|p1a: Mesprit|Mesprit, L85|28/100\n|move|p2a: Zangoose|Facade|p1a: Mesprit\n|-damage|p1a: Mesprit|0 fnt\n|faint|p1a: Mesprit\n|\n|-damage|p2a: Zangoose|97/263 tox|[from] psn\n|upkeep\n|\n|t:|1783572325\n|switch|p1a: Tornadus|Tornadus-Therian, L79, M|100/100\n|turn|13\n|inactive|Time left: 300 sec this turn | 300 sec total\n|\n|t:|1783572326\n|switch|p2a: Ursaring|Ursaring, L84, M|288/288\n|move|p1a: Tornadus|Bleakwind Storm|p2a: Ursaring|[miss]\n|-miss|p1a: Tornadus|p2a: Ursaring\n|\n|upkeep\n|turn|14\n|inactive|Time left: 300 sec this turn | 300 sec total\n|\n|t:|1783572327\n|move|p1a: Tornadus|Knock Off|p2a: Ursaring\n|-damage|p2a: Ursaring|242/288\n|-enditem|p2a: Ursaring|Eviolite|[from] move: Knock Off|[of] p1a: Tornadus\n|move|p2a: Ursaring|Body Slam|p1a: Tornadus\n|-damage|p1a: Tornadus|52/100\n|-status|p1a: Tornadus|par\n|\n|upkeep\n|turn|15\n|inactive|Time left: 300 sec this turn | 300 sec total\n|\n|t:|1783572328\n|switch|p1a: Hydrapple|Hydrapple, L83, M|56/100\n|move|p2a: Ursaring|Body Slam|p1a: Hydrapple\n|-damage|p1a: Hydrapple|22/100\n|-status|p1a: Hydrapple|par\n|\n|-heal|p1a: Hydrapple|28/100 par|[from] item: Leftovers\n|upkeep\n|turn|16\n|inactive|Time left: 300 sec this turn | 300 sec total\n|\n|t:|1783572329\n|switch|p1a: Articuno|Articuno, L86|82/100\n|-ability|p1a: Articuno|Pressure\n|move|p2a: Ursaring|Body Slam|p1a: Articuno\n|-damage|p1a: Articuno|49/100\n|\n|upkeep\n|turn|17\n|inactive|Time left: 300 sec this turn | 300 sec total\n|\n|t:|1783572330\n|move|p1a: Articuno|Roost|p1a: Articuno\n|-heal|p1a: Articuno|99/100\n|-singleturn|p1a: Articuno|move: Roost\n|move|p2a: Ursaring|Body Slam|p1a: Articuno\n|-crit|p1a: Articuno\n|-damage|p1a: Articuno|49/100\n|-status|p1a: Articuno|par\n|\n|upkeep\n|turn|18\n|inactive|Time left: 300 sec this turn | 300 sec total\n|\n|t:|1783572331\n|move|p2a: Ursaring|Body Slam|p1a: Articuno\n|-damage|p1a: Articuno|13/100 par\n|move|p1a: Articuno|Roost|p1a: Articuno\n|-heal|p1a: Articuno|63/100 par\n|-singleturn|p1a: Articuno|move: Roost\n|\n|upkeep\n|turn|19\n|inactive|Time left: 300 sec this turn | 300 sec total\n|\n|t:|1783572333\n|move|p2a: Ursaring|Body Slam|p1a: Articuno\n|-damage|p1a: Articuno|31/100 par\n|cant|p1a: Articuno|par\n|\n|upkeep\n|turn|20\n|inactive|Time left: 300 sec this turn | 300 sec total\n|\n|t:|1783572334\n|switch|p1a: Hydrapple|Hydrapple, L83, M|62/100 par\n|move|p2a: Ursaring|Body Slam|p1a: Hydrapple\n|-damage|p1a: Hydrapple|30/100 par\n|\n|-heal|p1a: Hydrapple|36/100 par|[from] item: Leftovers\n|upkeep\n|turn|21\n|inactive|Time left: 300 sec this turn | 300 sec total\n|\n|t:|1783572335\n|move|p2a: Ursaring|Body Slam|p1a: Hydrapple\n|-crit|p1a: Hydrapple\n|-damage|p1a: Hydrapple|0 fnt\n|faint|p1a: Hydrapple\n|\n|upkeep\n|\n|t:|1783572336\n|switch|p1a: Shaymin|Shaymin, L82|100/100\n|turn|22\n|inactive|Time left: 300 sec this turn | 300 sec total\n|\n|t:|1783572337\n|move|p1a: Shaymin|Air Slash|p2a: Ursaring|[miss]\n|-miss|p1a: Shaymin|p2a: Ursaring\n|move|p2a: Ursaring|Body Slam|p1a: Shaymin\n|-damage|p1a: Shaymin|63/100\n|\n|-heal|p1a: Shaymin|69/100|[from] item: Leftovers\n|upkeep\n|turn|23\n|inactive|Time left: 300 sec this turn | 300 sec total\n|\n|t:|1783572338\n|move|p1a: Shaymin|Seed Flare|p2a: Ursaring\n|-damage|p2a: Ursaring|110/288\n|move|p2a: Ursaring|Body Slam|p1a: Shaymin\n|-damage|p1a: Shaymin|34/100\n|\n|-heal|p1a: Shaymin|40/100|[from] item: Leftovers\n|upkeep\n|turn|24\n|inactive|Time left: 300 sec this turn | 300 sec total\n|\n|t:|1783572339\n|switch|p2a: Serperior|Serperior, L79, M|201/248\n|move|p1a: Shaymin|Seed Flare|p2a: Serperior\n|-resisted|p2a: Serperior\n|-damage|p2a: Serperior|135/248\n|\n|-heal|p2a: Serperior|150/248|[from] item: Leftovers\n|-heal|p1a: Shaymin|46/100|[from] item: Leftovers\n|upkeep\n|turn|25\n|inactive|Time left: 300 sec this turn | 300 sec total\n|\n|t:|1783572340\n|move|p2a: Serperior|Leaf Storm|p1a: Shaymin|[miss]\n|-miss|p2a: Serperior|p1a: Shaymin\n|move|p1a: Shaymin|Air Slash|p2a: Serperior\n|-supereffective|p2a: Serperior\n|-damage|p2a: Serperior|38/248\n|\n|-heal|p2a: Serperior|53/248|[from] item: Leftovers\n|-heal|p1a: Shaymin|52/100|[from] item: Leftovers\n|upkeep\n|turn|26\n|inactive|Time left: 300 sec this turn | 300 sec total\n|\n|t:|1783572341\n|move|p2a: Serperior|Leaf Storm|p1a: Shaymin\n|-resisted|p1a: Shaymin\n|-damage|p1a: Shaymin|36/100\n|-boost|p2a: Serperior|spa|2\n|move|p1a: Shaymin|Seed Flare|p2a: Serperior\n|-resisted|p2a: Serperior\n|-damage|p2a: Serperior|0 fnt\n|faint|p2a: Serperior\n|\n|-heal|p1a: Shaymin|42/100|[from] item: Leftovers\n|upkeep\n|inactive|Time left: 300 sec this turn | 300 sec total | 5 sec grace\n|\n|t:|1783572342\n|switch|p2a: Sinistcha|Sinistcha-Masterpiece, L83|254/254\n|turn|27\n|inactive|Time left: 300 sec this turn | 300 sec total\n|\n|t:|1783572342\n|move|p1a: Shaymin|Air Slash|p2a: Sinistcha\n|-supereffective|p2a: Sinistcha\n|-damage|p2a: Sinistcha|140/254\n|move|p2a: Sinistcha|Calm Mind|p2a: Sinistcha\n|-boost|p2a: Sinistcha|spa|1\n|-boost|p2a: Sinistcha|spd|1\n|\n|-heal|p1a: Shaymin|48/100|[from] item: Leftovers\n|-heal|p2a: Sinistcha|155/254|[from] item: Leftovers\n|upkeep\n|turn|28\n|inactive|Time left: 300 sec this turn | 300 sec total\n|\n|t:|1783572343\n|move|p1a: Shaymin|Air Slash|p2a: Sinistcha\n|-supereffective|p2a: Sinistcha\n|-damage|p2a: Sinistcha|79/254\n|cant|p2a: Sinistcha|flinch\n|\n|-heal|p1a: Shaymin|54/100|[from] item: Leftovers\n|-heal|p2a: Sinistcha|94/254|[from] item: Leftovers\n|upkeep\n|turn|29\n|inactive|Time left: 300 sec this turn | 300 sec total\n|\n|t:|1783572344\n|move|p1a: Shaymin|Air Slash|p2a: Sinistcha\n|-supereffective|p2a: Sinistcha\n|-damage|p2a: Sinistcha|18/254\n|cant|p2a: Sinistcha|flinch\n|\n|-heal|p1a: Shaymin|60/100|[from] item: Leftovers\n|-heal|p2a: Sinistcha|33/254|[from] item: Leftovers\n|upkeep\n|turn|30\n|inactive|Time left: 300 sec this turn | 300 sec total\n|\n|t:|1783572345\n|move|p1a: Shaymin|Air Slash|p2a: Sinistcha\n|-supereffective|p2a: Sinistcha\n|-damage|p2a: Sinistcha|0 fnt\n|faint|p2a: Sinistcha\n|\n|-heal|p1a: Shaymin|66/100|[from] item: Leftovers\n|upkeep\n|inactive|Time left: 300 sec this turn | 300 sec total | 5 sec grace\n|\n|t:|1783572346\n|switch|p2a: Iron Bundle|Iron Bundle, L78|215/215\n|turn|31\n|inactive|Time left: 300 sec this turn | 300 sec total\n|\n|t:|1783572347\n|-terastallize|p1a: Shaymin|Steel\n|move|p2a: Iron Bundle|Ice Beam|p1a: Shaymin\n|-resisted|p1a: Shaymin\n|-damage|p1a: Shaymin|51/100\n|move|p1a: Shaymin|Seed Flare|p2a: Iron Bundle\n|-supereffective|p2a: Iron Bundle\n|-damage|p2a: Iron Bundle|0 fnt\n|faint|p2a: Iron Bundle\n|-end|p2a: Iron Bundle|Quark Drive|[silent]\n|\n|-heal|p1a: Shaymin|57/100|[from] item: Leftovers\n|upkeep\n|inactive|Time left: 300 sec this turn | 300 sec total | 5 sec grace\n|\n|t:|1783572348\n|switch|p2a: Zangoose|Zangoose, L85, F|97/263 tox\n|turn|32\n|inactive|Time left: 300 sec this turn | 300 sec total\n|\n|t:|1783572348\n|move|p1a: Shaymin|Seed Flare|p2a: Zangoose\n|-damage|p2a: Zangoose|0 fnt\n|faint|p2a: Zangoose\n|\n|-heal|p1a: Shaymin|63/100|[from] item: Leftovers\n|upkeep\n|inactive|Time left: 300 sec this turn | 300 sec total | 5 sec grace\n|\n|t:|1783572349\n|switch|p2a: Ursaring|Ursaring, L84, M|110/288\n|turn|33\n|inactive|Time left: 300 sec this turn | 300 sec total\n|\n|t:|1783572350\n|move|p1a: Shaymin|Seed Flare|p2a: Ursaring\n|-damage|p2a: Ursaring|0 fnt\n|faint|p2a: Ursaring\n|\n|win|p0x2805eb79", "uploadtime": 1783572350, "views": 0, "rating": 0, "private": 0, "password": null, "_winner": "p0x2805eb79", "_our_name": "p0y280572df"}