{"id": "battle-gen9randombattle-1509", "formatid": "gen9randombattle", "format": "[Gen 9] Random Battle", "players": ["p0x1509e524", "p0y15094748"], "log": "|init|battle\n|title|p0x1509e524 vs. p0y15094748\n|j|\u2606p0x1509e524\n|j|\u2606p0y15094748\n|t:|1783556630\n|gametype|singles\n|player|p1|p0x1509e524|1|\n|player|p2|p0y15094748|266|\n|gen|9\n|tier|[Gen 9] Random Battle\n|rule|Species Clause: Limit one of each Pok\u00e9mon\n|rule|HP Percentage Mod: HP is shown in percentages\n|rule|Sleep Clause Mod: Limit one foe put to sleep\n|rule|Illusion Level Mod: Illusion disguises the Pok\u00e9mon's true level\n|\n|t:|1783556630\n|teamsize|p1|6\n|teamsize|p2|6\n|start\n|switch|p1a: Dewgong|Dewgong, L94, M|322/322\n|switch|p2a: Walking Wake|Walking Wake, L79|100/100\n|turn|1\n|inactive|Battle timer is ON: inactive players will automatically lose when time's up. (requested by p0x1509e524)\n|inactive|p0y15094748 also wants the timer to be on.\n|\n|t:|1783556632\n|-end|p2a: Walking Wake|Protosynthesis|[silent]\n|switch|p2a: Alcremie|Alcremie-Ruby-Swirl, L90, F|100/100\n|move|p1a: Dewgong|Ice Beam|p2a: Alcremie\n|-damage|p2a: Alcremie|77/100\n|-status|p2a: Alcremie|frz\n|\n|-heal|p2a: Alcremie|83/100 frz|[from] item: Leftovers\n|upkeep\n|turn|2\n|inactive|Time left: 300 sec this turn | 300 sec total\n|\n|t:|1783556633\n|move|p1a: Dewgong|Knock Off|p2a: Alcremie\n|-resisted|p2a: Alcremie\n|-damage|p2a: Alcremie|69/100 frz\n|-enditem|p2a: Alcremie|Leftovers|[from] move: Knock Off|[of] p1a: Dewgong\n|cant|p2a: Alcremie|frz\n|\n|upkeep\n|turn|3\n|inactive|Time left: 300 sec this turn | 300 sec total\n|\n|t:|1783556634\n|move|p1a: Dewgong|Surf|p2a: Alcremie\n|-damage|p2a: Alcremie|43/100 frz\n|-curestatus|p2a: Alcremie|frz|[msg]\n|move|p2a: Alcremie|Alluring Voice|p1a: Dewgong\n|-damage|p1a: Dewgong|231/322\n|\n|upkeep\n|turn|4\n|inactive|Time left: 300 sec this turn | 300 sec total\n|\n|t:|1783556635\n|move|p1a: Dewgong|Ice Beam|p2a: Alcremie\n|-damage|p2a: Alcremie|15/100\n|move|p2a: Alcremie|Recover|p2a: Alcremie\n|-heal|p2a: Alcremie|66/100\n|\n|upkeep\n|turn|5\n|inactive|Time left: 300 sec this turn | 300 sec total\n|\n|t:|1783556636\n|move|p1a: Dewgong|Ice Beam|p2a: Alcremie\n|-damage|p2a: Alcremie|41/100\n|move|p2a: Alcremie|Calm Mind|p2a: Alcremie\n|-boost|p2a: Alcremie|spa|1\n|-boost|p2a: Alcremie|spd|1\n|\n|upkeep\n|turn|6\n|inactive|Time left: 300 sec this turn | 300 sec total\n|\n|t:|1783556637\n|switch|p1a: Cetitan|Cetitan, L82, F|413/413\n|move|p2a: Alcremie|Recover|p2a: Alcremie\n|-heal|p2a: Alcremie|91/100\n|\n|upkeep\n|turn|7\n|inactive|Time left: 300 sec this turn | 300 sec total\n|\n|t:|1783556638\n|move|p2a: Alcremie|Alluring Voice|p1a: Cetitan\n|-damage|p1a: Cetitan|196/413\n|move|p1a: Cetitan|Icicle Crash|p2a: Alcremie\n|-damage|p2a: Alcremie|22/100\n|\n|upkeep\n|turn|8\n|inactive|Time left: 300 sec this turn | 300 sec total\n|\n|t:|1783556639\n|move|p1a: Cetitan|Ice Shard|p2a: Alcremie\n|-damage|p2a: Alcremie|0 fnt\n|faint|p2a: Alcremie\n|-damage|p1a: Cetitan|155/413|[from] item: Life Orb\n|\n|upkeep\n|\n|t:|1783556640\n|switch|p2a: Serperior|Serperior, L79, M|100/100\n|turn|9\n|inactive|Time left: 300 sec this turn | 300 sec total\n|\n|t:|1783556641\n|move|p2a: Serperior|Leaf Storm|p1a: Cetitan\n|-damage|p1a: Cetitan|0 fnt\n|-boost|p2a: Serperior|spa|2\n|faint|p1a: Cetitan\n|-damage|p2a: Serperior|91/100|[from] item: Life Orb\n|\n|upkeep\n|inactive|Time left: 300 sec this turn | 300 sec total | 5 sec grace\n|\n|t:|1783556642\n|switch|p1a: Indeedee|Indeedee, L84, M|238/238\n|-fieldstart|move: Psychic Terrain|[from] ability: Psychic Surge|[of] p1a: Indeedee\n|turn|10\n|inactive|Time left: 300 sec this turn | 300 sec total\n|\n|t:|1783556643\n|-terastallize|p1a: Indeedee|Psychic\n|move|p1a: Indeedee|Expanding Force|p2a: Serperior\n|-damage|p2a: Serperior|0 fnt\n|faint|p2a: Serperior\n|\n|upkeep\n|\n|t:|1783556644\n|switch|p2a: Toucannon|Toucannon, L88, M|100/100\n|turn|11\n|inactive|Time left: 300 sec this turn | 300 sec total\n|\n|t:|1783556645\n|-terastallize|p2a: Toucannon|Steel\n|-singleturn|p2a: Toucannon|move: Beak Blast\n|move|p1a: Indeedee|Expanding Force|p2a: Toucannon\n|-resisted|p2a: Toucannon\n|-damage|p2a: Toucannon|53/100\n|move|p2a: Toucannon|Beak Blast|p1a: Indeedee\n|-damage|p1a: Indeedee|49/238\n|\n|upkeep\n|turn|12\n|inactive|Time left: 300 sec this turn | 300 sec total\n|\n|t:|1783556647\n|move|p1a: Indeedee|Expanding Force|p2a: Toucannon\n|-resisted|p2a: Toucannon\n|-damage|p2a: Toucannon|12/100\n|move|p2a: Toucannon|Roost|p2a: Toucannon\n|-heal|p2a: Toucannon|62/100\n|\n|upkeep\n|turn|13\n|inactive|Time left: 300 sec this turn | 300 sec total\n|\n|t:|1783556648\n|move|p1a: Indeedee|Expanding Force|p2a: Toucannon\n|-resisted|p2a: Toucannon\n|-damage|p2a: Toucannon|15/100\n|move|p2a: Toucannon|Roost|p2a: Toucannon\n|-heal|p2a: Toucannon|65/100\n|\n|upkeep\n|turn|14\n|inactive|Time left: 300 sec this turn | 300 sec total\n|\n|t:|1783556649\n|move|p1a: Indeedee|Expanding Force|p2a: Toucannon\n|-resisted|p2a: Toucannon\n|-damage|p2a: Toucannon|21/100\n|move|p2a: Toucannon|Roost|p2a: Toucannon\n|-heal|p2a: Toucannon|71/100\n|\n|-fieldend|move: Psychic Terrain\n|upkeep\n|turn|15\n|inactive|Time left: 300 sec this turn | 300 sec total\n|\n|t:|1783556650\n|switch|p1a: Charizard|Charizard, L85, F|271/271\n|-singleturn|p2a: Toucannon|move: Beak Blast\n|move|p2a: Toucannon|Beak Blast|p1a: Charizard\n|-damage|p1a: Charizard|121/271\n|\n|upkeep\n|turn|16\n|inactive|Time left: 300 sec this turn | 300 sec total\n|\n|t:|1783556651\n|switch|p2a: Raging Bolt|Raging Bolt, L78|100/100\n|-enditem|p2a: Raging Bolt|Booster Energy\n|-activate|p2a: Raging Bolt|ability: Protosynthesis|[fromitem]\n|-start|p2a: Raging Bolt|protosynthesisspa\n|move|p1a: Charizard|Flamethrower|p2a: Raging Bolt\n|-resisted|p2a: Raging Bolt\n|-damage|p2a: Raging Bolt|84/100\n|\n|upkeep\n|turn|17\n|inactive|Time left: 300 sec this turn | 300 sec total\n|\n|t:|1783556652\n|move|p1a: Charizard|Earthquake|p2a: Raging Bolt\n|-supereffective|p2a: Raging Bolt\n|-damage|p2a: Raging Bolt|44/100\n|move|p2a: Raging Bolt|Dragon Pulse|p1a: Charizard\n|-damage|p1a: Charizard|0 fnt\n|faint|p1a: Charizard\n|\n|upkeep\n|inactive|Time left: 300 sec this turn | 300 sec total | 5 sec grace\n|\n|t:|1783556653\n|switch|p1a: Indeedee|Indeedee, L84, M, tera:Psychic|49/238\n|-fieldstart|move: Psychic Terrain|[from] ability: Psychic Surge|[of] p1a: Indeedee\n|turn|18\n|inactive|Time left: 300 sec this turn | 300 sec total\n|\n|t:|1783556654\n|move|p1a: Indeedee|Expanding Force|p2a: Raging Bolt\n|-damage|p2a: Raging Bolt|0 fnt\n|faint|p2a: Raging Bolt\n|-end|p2a: Raging Bolt|Protosynthesis|[silent]\n|\n|upkeep\n|\n|t:|1783556655\n|switch|p2a: Toucannon|Toucannon, L88, M, tera:Steel|71/100\n|turn|19\n|inactive|Time left: 300 sec this turn | 300 sec total\n|\n|t:|1783556656\n|move|p1a: Indeedee|Expanding Force|p2a: Toucannon\n|-resisted|p2a: Toucannon\n|-damage|p2a: Toucannon|27/100\n|move|p2a: Toucannon|Roost|p2a: Toucannon\n|-heal|p2a: Toucannon|77/100\n|\n|upkeep\n|turn|20\n|inactive|Time left: 300 sec this turn | 300 sec total\n|\n|t:|1783556657\n|move|p1a: Indeedee|Expanding Force|p2a: Toucannon\n|-resisted|p2a: Toucannon\n|-damage|p2a: Toucannon|31/100\n|move|p2a: Toucannon|Roost|p2a: Toucannon\n|-heal|p2a: Toucannon|81/100\n|\n|upkeep\n|turn|21\n|inactive|Time left: 300 sec this turn | 300 sec total\n|\n|t:|1783556659\n|move|p1a: Indeedee|Expanding Force|p2a: Toucannon\n|-resisted|p2a: Toucannon\n|-damage|p2a: Toucannon|34/100\n|move|p2a: Toucannon|Roost|p2a: Toucannon\n|-heal|p2a: Toucannon|84/100\n|\n|upkeep\n|turn|22\n|inactive|Time left: 300 sec this turn | 300 sec total\n|\n|t:|1783556660\n|move|p1a: Indeedee|Expanding Force|p2a: Toucannon\n|-resisted|p2a: Toucannon\n|-damage|p2a: Toucannon|41/100\n|move|p2a: Toucannon|Roost|p2a: Toucannon\n|-heal|p2a: Toucannon|91/100\n|\n|-fieldend|move: Psychic Terrain\n|upkeep\n|turn|23\n|inactive|Time left: 300 sec this turn | 300 sec total\n|\n|t:|1783556661\n|-singleturn|p2a: Toucannon|move: Beak Blast\n|move|p1a: Indeedee|Expanding Force|p2a: Toucannon\n|-resisted|p2a: Toucannon\n|-damage|p2a: Toucannon|68/100\n|move|p2a: Toucannon|Beak Blast|p1a: Indeedee\n|-damage|p1a: Indeedee|0 fnt\n|faint|p1a: Indeedee\n|\n|upkeep\n|inactive|Time left: 300 sec this turn | 300 sec total | 5 sec grace\n|\n|t:|1783556661\n|switch|p1a: Flamigo|Flamigo, L82, F|269/269\n|turn|24\n|inactive|Time left: 300 sec this turn | 300 sec total\n|\n|t:|1783556662\n|switch|p2a: Electrode|Electrode, L92|100/100\n|move|p1a: Flamigo|Close Combat|p2a: Electrode\n|-damage|p2a: Electrode|47/100\n|-unboost|p1a: Flamigo|def|1\n|-unboost|p1a: Flamigo|spd|1\n|\n|upkeep\n|turn|25\n|inactive|Time left: 300 sec this turn | 300 sec total\n|\n|t:|1783556664\n|switch|p1a: Gothitelle|Gothitelle, L90, M|272/272\n|move|p2a: Electrode|Thunderbolt|p1a: Gothitelle\n|-damage|p1a: Gothitelle|177/272\n|-damage|p2a: Electrode|37/100|[from] item: Life Orb\n|\n|upkeep\n|turn|26\n|inactive|Time left: 300 sec this turn | 300 sec total\n|\n|t:|1783556665\n|move|p2a: Electrode|Thunderbolt|p1a: Gothitelle\n|-damage|p1a: Gothitelle|83/272\n|-damage|p2a: Electrode|27/100|[from] item: Life Orb\n|move|p1a: Gothitelle|Focus Blast|p2a: Electrode|[miss]\n|-miss|p1a: Gothitelle|p2a: Electrode\n|\n|upkeep\n|turn|27\n|inactive|Time left: 300 sec this turn | 300 sec total\n|\n|t:|1783556666\n|switch|p1a: Dewgong|Dewgong, L94, M|231/322\n|move|p2a: Electrode|Thunderbolt|p1a: Dewgong\n|-supereffective|p1a: Dewgong\n|-damage|p1a: Dewgong|33/322\n|-damage|p2a: Electrode|17/100|[from] item: Life Orb\n|\n|upkeep\n|turn|28\n|inactive|Time left: 300 sec this turn | 300 sec total\n|\n|t:|1783556666\n|move|p2a: Electrode|Thunderbolt|p1a: Dewgong\n|-supereffective|p1a: Dewgong\n|-damage|p1a: Dewgong|0 fnt\n|faint|p1a: Dewgong\n|-damage|p2a: Electrode|7/100|[from] item: Life Orb\n|\n|upkeep\n|inactive|Time left: 300 sec this turn | 300 sec total | 5 sec grace\n|\n|t:|1783556667\n|switch|p1a: Gothitelle|Gothitelle, L90, M|83/272\n|turn|29\n|inactive|Time left: 300 sec this turn | 300 sec total\n|\n|t:|1783556668\n|move|p2a: Electrode|Thunderbolt|p1a: Gothitelle\n|-damage|p1a: Gothitelle|0 fnt\n|faint|p1a: Gothitelle\n|-damage|p2a: Electrode|0 fnt|[from] item: Life Orb\n|faint|p2a: Electrode\n|\n|upkeep\n|inactive|Time left: 300 sec this turn | 300 sec total | 5 sec grace\n|\n|t:|1783556669\n|switch|p2a: Toucannon|Toucannon, L88, M, tera:Steel|68/100\n|switch|p1a: Flamigo|Flamigo, L82, F|269/269\n|turn|30\n|inactive|Time left: 300 sec this turn | 300 sec total\n|\n|t:|1783556670\n|-singleturn|p2a: Toucannon|move: Beak Blast\n|move|p1a: Flamigo|U-turn|p2a: Toucannon\n|-resisted|p2a: Toucannon\n|-damage|p2a: Toucannon|58/100\n|-status|p1a: Flamigo|brn\n|move|p2a: Toucannon|Beak Blast|p1a: Flamigo\n|-supereffective|p1a: Flamigo\n|-damage|p1a: Flamigo|0 fnt\n|faint|p1a: Flamigo\n|\n|win|p0y15094748", "uploadtime": 1783556670, "views": 0, "rating": 0, "private": 0, "password": null, "_winner": "p0y15094748", "_our_name": "p0x1509e524"}