{"id": "battle-gen9randombattle-976", "formatid": "gen9randombattle", "format": "[Gen 9] Random Battle", "players": ["p0x976b718", "p0y9763deb"], "log": "|init|battle\n|title|p0x976b718 vs. p0y9763deb\n|j|\u2606p0x976b718\n|j|\u2606p0y9763deb\n|t:|1783550461\n|gametype|singles\n|player|p1|p0x976b718|2|\n|player|p2|p0y9763deb|2|\n|gen|9\n|tier|[Gen 9] Random Battle\n|rule|Species Clause: Limit one of each Pok\u00e9mon\n|rule|HP Percentage Mod: HP is shown in percentages\n|rule|Sleep Clause Mod: Limit one foe put to sleep\n|rule|Illusion Level Mod: Illusion disguises the Pok\u00e9mon's true level\n|\n|t:|1783550461\n|teamsize|p1|6\n|teamsize|p2|6\n|start\n|switch|p1a: Forretress|Forretress, L84, F|100/100\n|switch|p2a: Mamoswine|Mamoswine, L81, M|311/311\n|turn|1\n|inactive|Battle timer is ON: inactive players will automatically lose when time's up. (requested by p0x976b718)\n|inactive|Time left: 300 sec this turn | 300 sec total | 60 sec grace\n|inactive|p0y9763deb also wants the timer to be on.\n|\n|t:|1783550462\n|move|p2a: Mamoswine|Stealth Rock|p1a: Forretress\n|-sidestart|p1: p0x976b718|move: Stealth Rock\n|move|p1a: Forretress|Iron Head|p2a: Mamoswine\n|-supereffective|p2a: Mamoswine\n|-damage|p2a: Mamoswine|117/311\n|\n|upkeep\n|turn|2\n|inactive|Time left: 300 sec this turn | 300 sec total\n|\n|t:|1783550463\n|switch|p2a: Brambleghast|Brambleghast, L88, F|240/240\n|move|p1a: Forretress|Rapid Spin|p2a: Brambleghast\n|-immune|p2a: Brambleghast\n|\n|upkeep\n|turn|3\n|inactive|Time left: 300 sec this turn | 300 sec total\n|\n|t:|1783550464\n|move|p2a: Brambleghast|Poltergeist|p1a: Forretress\n|-activate|p1a: Forretress|move: Poltergeist|Leftovers\n|-damage|p1a: Forretress|62/100\n|move|p1a: Forretress|Spikes|p2a: Brambleghast\n|-sidestart|p2: p0y9763deb|Spikes\n|\n|-heal|p1a: Forretress|68/100|[from] item: Leftovers\n|upkeep\n|turn|4\n|inactive|Time left: 300 sec this turn | 300 sec total\n|\n|t:|1783550465\n|move|p2a: Brambleghast|Poltergeist|p1a: Forretress\n|-activate|p1a: Forretress|move: Poltergeist|Leftovers\n|-damage|p1a: Forretress|27/100\n|move|p1a: Forretress|Spikes|p2a: Brambleghast\n|-sidestart|p2: p0y9763deb|Spikes\n|\n|-heal|p1a: Forretress|34/100|[from] item: Leftovers\n|upkeep\n|turn|5\n|inactive|Time left: 300 sec this turn | 300 sec total\n|\n|t:|1783550466\n|switch|p1a: Arcanine|Arcanine, L84, M|100/100\n|-ability|p1a: Arcanine|Intimidate|boost\n|-unboost|p2a: Brambleghast|atk|1\n|move|p2a: Brambleghast|Poltergeist|p1a: Arcanine\n|-activate|p1a: Arcanine|move: Poltergeist|Heavy-Duty Boots\n|-damage|p1a: Arcanine|62/100\n|\n|upkeep\n|turn|6\n|inactive|Time left: 300 sec this turn | 300 sec total\n|\n|t:|1783550467\n|move|p2a: Brambleghast|Strength Sap|p1a: Arcanine\n|-unboost|p1a: Arcanine|atk|1\n|move|p1a: Arcanine|Flare Blitz|p2a: Brambleghast\n|-supereffective|p2a: Brambleghast\n|-damage|p2a: Brambleghast|22/240\n|-damage|p1a: Arcanine|37/100|[from] Recoil\n|\n|-heal|p2a: Brambleghast|37/240|[from] item: Leftovers\n|upkeep\n|turn|7\n|inactive|Time left: 300 sec this turn | 300 sec total\n|\n|t:|1783550469\n|move|p2a: Brambleghast|Strength Sap|p1a: Arcanine\n|-unboost|p1a: Arcanine|atk|1\n|-heal|p2a: Brambleghast|192/240\n|move|p1a: Arcanine|Morning Sun|p1a: Arcanine\n|-heal|p1a: Arcanine|87/100\n|\n|-heal|p2a: Brambleghast|207/240|[from] item: Leftovers\n|upkeep\n|turn|8\n|inactive|Time left: 300 sec this turn | 300 sec total\n|\n|t:|1783550470\n|switch|p1a: Meganium|Meganium, L90, M|100/100\n|-damage|p1a: Meganium|88/100|[from] Stealth Rock\n|move|p2a: Brambleghast|Poltergeist|p1a: Meganium\n|-activate|p1a: Meganium|move: Poltergeist|Leftovers\n|-damage|p1a: Meganium|60/100\n|\n|-heal|p2a: Brambleghast|222/240|[from] item: Leftovers\n|-heal|p1a: Meganium|66/100|[from] item: Leftovers\n|upkeep\n|turn|9\n|inactive|Time left: 300 sec this turn | 300 sec total\n|\n|t:|1783550471\n|switch|p2a: Venomoth|Venomoth, L84, M|255/255\n|move|p1a: Meganium|Knock Off|p2a: Venomoth\n|-damage|p2a: Venomoth|159/255\n|-enditem|p2a: Venomoth|Heavy-Duty Boots|[from] move: Knock Off|[of] p1a: Meganium\n|\n|-heal|p1a: Meganium|73/100|[from] item: Leftovers\n|upkeep\n|turn|10\n|inactive|Time left: 300 sec this turn | 300 sec total\n|\n|t:|1783550472\n|move|p2a: Venomoth|Quiver Dance|p2a: Venomoth\n|-boost|p2a: Venomoth|spa|1\n|-boost|p2a: Venomoth|spd|1\n|-boost|p2a: Venomoth|spe|1\n|move|p1a: Meganium|Dragon Tail|p2a: Venomoth\n|-damage|p2a: Venomoth|107/255\n|drag|p2a: Mamoswine|Mamoswine, L81, M|117/311\n|-damage|p2a: Mamoswine|66/311|[from] Spikes\n|\n|-heal|p1a: Meganium|79/100|[from] item: Leftovers\n|upkeep\n|turn|11\n|inactive|Time left: 300 sec this turn | 300 sec total\n|\n|t:|1783550473\n|move|p2a: Mamoswine|Ice Shard|p1a: Meganium\n|-supereffective|p1a: Meganium\n|-damage|p1a: Meganium|41/100\n|-damage|p2a: Mamoswine|35/311|[from] item: Life Orb\n|move|p1a: Meganium|Knock Off|p2a: Mamoswine\n|-damage|p2a: Mamoswine|0 fnt\n|-enditem|p2a: Mamoswine|Life Orb|[from] move: Knock Off|[of] p1a: Meganium\n|faint|p2a: Mamoswine\n|\n|-heal|p1a: Meganium|47/100|[from] item: Leftovers\n|upkeep\n|inactive|Time left: 300 sec this turn | 300 sec total | 5 sec grace\n|\n|t:|1783550474\n|switch|p2a: Komala|Komala, L87, M|255/255\n|-damage|p2a: Komala|213/255|[from] Spikes\n|-ability|p2a: Komala|Comatose\n|turn|12\n|inactive|Time left: 300 sec this turn | 300 sec total\n|\n|t:|1783550475\n|move|p1a: Meganium|Knock Off|p2a: Komala\n|-damage|p2a: Komala|135/255\n|-enditem|p2a: Komala|Assault Vest|[from] move: Knock Off|[of] p1a: Meganium\n|move|p2a: Komala|Rapid Spin|p1a: Meganium\n|-damage|p1a: Meganium|29/100\n|-boost|p2a: Komala|spe|1\n|-sideend|p2: p0y9763deb|Spikes|[from] move: Rapid Spin|[of] p2a: Komala\n|\n|-heal|p1a: Meganium|35/100|[from] item: Leftovers\n|upkeep\n|turn|13\n|inactive|Time left: 300 sec this turn | 300 sec total\n|\n|t:|1783550476\n|move|p2a: Komala|Body Slam|p1a: Meganium\n|-damage|p1a: Meganium|1/100\n|move|p1a: Meganium|Synthesis|p1a: Meganium\n|-heal|p1a: Meganium|51/100\n|\n|-heal|p1a: Meganium|57/100|[from] item: Leftovers\n|upkeep\n|turn|14\n|inactive|Time left: 300 sec this turn | 300 sec total\n|\n|t:|1783550477\n|move|p2a: Komala|Body Slam|p1a: Meganium\n|-damage|p1a: Meganium|26/100\n|move|p1a: Meganium|Energy Ball|p2a: Komala\n|-damage|p2a: Komala|11/255\n|\n|-heal|p1a: Meganium|32/100|[from] item: Leftovers\n|upkeep\n|turn|15\n|inactive|Time left: 300 sec this turn | 300 sec total\n|\n|t:|1783550478\n|move|p2a: Komala|Body Slam|p1a: Meganium\n|-damage|p1a: Meganium|2/100\n|-status|p1a: Meganium|par\n|move|p1a: Meganium|Knock Off|p2a: Komala\n|-damage|p2a: Komala|0 fnt\n|faint|p2a: Komala\n|\n|-heal|p1a: Meganium|8/100 par|[from] item: Leftovers\n|upkeep\n|inactive|Time left: 300 sec this turn | 300 sec total | 5 sec grace\n|\n|t:|1783550479\n|switch|p2a: Hitmonlee|Hitmonlee, L85, M|223/223\n|turn|16\n|inactive|Time left: 300 sec this turn | 300 sec total\n|\n|t:|1783550480\n|move|p2a: Hitmonlee|Knock Off|p1a: Meganium\n|-crit|p1a: Meganium\n|-damage|p1a: Meganium|0 fnt\n|-enditem|p1a: Meganium|Leftovers|[from] move: Knock Off|[of] p2a: Hitmonlee\n|faint|p1a: Meganium\n|\n|upkeep\n|\n|t:|1783550481\n|switch|p1a: Arcanine|Arcanine, L84, M|87/100\n|-ability|p1a: Arcanine|Intimidate|boost\n|-unboost|p2a: Hitmonlee|atk|1\n|turn|17\n|inactive|Time left: 300 sec this turn | 300 sec total\n|\n|t:|1783550483\n|switch|p2a: Ursaring|Ursaring, L84, F|288/288\n|move|p1a: Arcanine|Flare Blitz|p2a: Ursaring\n|-damage|p2a: Ursaring|134/288\n|-damage|p1a: Arcanine|69/100|[from] Recoil\n|\n|-status|p2a: Ursaring|tox|[from] item: Toxic Orb\n|upkeep\n|turn|18\n|inactive|Time left: 300 sec this turn | 300 sec total\n|\n|t:|1783550484\n|switch|p1a: Dragapult|Dragapult, L77, F|100/100\n|-damage|p1a: Dragapult|88/100|[from] Stealth Rock\n|move|p2a: Ursaring|Facade|p1a: Dragapult\n|-immune|p1a: Dragapult\n|\n|-damage|p2a: Ursaring|116/288 tox|[from] psn\n|upkeep\n|turn|19\n|inactive|Time left: 300 sec this turn | 300 sec total\n|\n|t:|1783550485\n|switch|p2a: Hitmonlee|Hitmonlee, L85, M|223/223\n|move|p1a: Dragapult|Dragon Darts|p2a: Hitmonlee\n|-damage|p2a: Hitmonlee|129/223\n|-anim|p1a: Dragapult|Dragon Darts|p2a: Hitmonlee\n|-damage|p2a: Hitmonlee|38/223\n|-damage|p1a: Dragapult|78/100|[from] item: Life Orb\n|\n|upkeep\n|turn|20\n|inactive|Time left: 300 sec this turn | 300 sec total\n|\n|t:|1783550486\n|move|p1a: Dragapult|Dragon Darts|p2a: Hitmonlee\n|-damage|p2a: Hitmonlee|0 fnt\n|faint|p2a: Hitmonlee\n|-damage|p1a: Dragapult|68/100|[from] item: Life Orb\n|\n|upkeep\n|inactive|Time left: 300 sec this turn | 300 sec total | 5 sec grace\n|\n|t:|1783550487\n|switch|p2a: Brambleghast|Brambleghast, L88, F|222/240\n|turn|21\n|inactive|Time left: 300 sec this turn | 300 sec total\n|\n|t:|1783550488\n|-terastallize|p1a: Dragapult|Ghost\n|-terastallize|p2a: Brambleghast|Water\n|move|p1a: Dragapult|Tera Blast|p2a: Brambleghast|[anim] Tera Blast Ghost\n|-damage|p2a: Brambleghast|66/240\n|-damage|p1a: Dragapult|59/100|[from] item: Life Orb\n|move|p2a: Brambleghast|Poltergeist|p1a: Dragapult\n|-activate|p1a: Dragapult|move: Poltergeist|Life Orb\n|-supereffective|p1a: Dragapult\n|-damage|p1a: Dragapult|0 fnt\n|faint|p1a: Dragapult\n|\n|-heal|p2a: Brambleghast|81/240|[from] item: Leftovers\n|upkeep\n|\n|t:|1783550488\n|switch|p1a: Arcanine|Arcanine, L84, M|69/100\n|-ability|p1a: Arcanine|Intimidate|boost\n|-unboost|p2a: Brambleghast|atk|1\n|turn|22\n|inactive|Time left: 300 sec this turn | 300 sec total\n|\n|t:|1783550489\n|move|p2a: Brambleghast|Strength Sap|p1a: Arcanine\n|-unboost|p1a: Arcanine|atk|1\n|-heal|p2a: Brambleghast|240/240\n|move|p1a: Arcanine|Morning Sun|p1a: Arcanine\n|-heal|p1a: Arcanine|100/100\n|\n|upkeep\n|turn|23\n|inactive|Time left: 300 sec this turn | 300 sec total\n|\n|t:|1783550490\n|switch|p1a: Baxcalibur|Baxcalibur, L75, M|100/100\n|-damage|p1a: Baxcalibur|76/100|[from] Stealth Rock\n|move|p2a: Brambleghast|Poltergeist|p1a: Baxcalibur\n|-activate|p1a: Baxcalibur|move: Poltergeist|Choice Band\n|-damage|p1a: Baxcalibur|38/100\n|\n|upkeep\n|turn|24\n|inactive|Time left: 300 sec this turn | 300 sec total\n|\n|t:|1783550491\n|move|p2a: Brambleghast|Poltergeist|p1a: Baxcalibur\n|-activate|p1a: Baxcalibur|move: Poltergeist|Choice Band\n|-damage|p1a: Baxcalibur|2/100\n|move|p1a: Baxcalibur|Glaive Rush|p2a: Brambleghast\n|-damage|p2a: Brambleghast|8/240\n|-singlemove|p1a: Baxcalibur|Glaive Rush|[silent]\n|\n|-heal|p2a: Brambleghast|23/240|[from] item: Leftovers\n|upkeep\n|turn|25\n|inactive|Time left: 300 sec this turn | 300 sec total\n|\n|t:|1783550493\n|move|p2a: Brambleghast|Strength Sap|p1a: Baxcalibur\n|-unboost|p1a: Baxcalibur|atk|1\n|-heal|p2a: Brambleghast|240/240\n|move|p1a: Baxcalibur|Glaive Rush|p2a: Brambleghast\n|-damage|p2a: Brambleghast|84/240\n|-singlemove|p1a: Baxcalibur|Glaive Rush|[silent]\n|\n|-heal|p2a: Brambleghast|99/240|[from] item: Leftovers\n|upkeep\n|turn|26\n|inactive|Time left: 300 sec this turn | 300 sec total\n|\n|t:|1783550494\n|move|p2a: Brambleghast|Strength Sap|p1a: Baxcalibur\n|-unboost|p1a: Baxcalibur|atk|1\n|-heal|p2a: Brambleghast|240/240\n|move|p1a: Baxcalibur|Glaive Rush|p2a: Brambleghast\n|-damage|p2a: Brambleghast|116/240\n|-singlemove|p1a: Baxcalibur|Glaive Rush|[silent]\n|\n|-heal|p2a: Brambleghast|131/240|[from] item: Leftovers\n|upkeep\n|turn|27\n|inactive|Time left: 300 sec this turn | 300 sec total\n|\n|t:|1783550495\n|move|p2a: Brambleghast|Poltergeist|p1a: Baxcalibur\n|-activate|p1a: Baxcalibur|move: Poltergeist|Choice Band\n|-damage|p1a: Baxcalibur|0 fnt\n|faint|p1a: Baxcalibur\n|\n|-heal|p2a: Brambleghast|146/240|[from] item: Leftovers\n|upkeep\n|\n|t:|1783550495\n|switch|p1a: Oricorio|Oricorio-Sensu, L85, M|100/100\n|turn|28\n|inactive|Time left: 300 sec this turn | 300 sec total\n|\n|t:|1783550497\n|move|p2a: Brambleghast|Strength Sap|p1a: Oricorio\n|-unboost|p1a: Oricorio|atk|1\n|-heal|p2a: Brambleghast|240/240\n|move|p1a: Oricorio|Quiver Dance|p1a: Oricorio\n|-boost|p1a: Oricorio|spa|1\n|-boost|p1a: Oricorio|spd|1\n|-boost|p1a: Oricorio|spe|1\n|\n|upkeep\n|turn|29\n|inactive|Time left: 300 sec this turn | 300 sec total\n|\n|t:|1783550498\n|move|p1a: Oricorio|Quiver Dance|p1a: Oricorio\n|-boost|p1a: Oricorio|spa|1\n|-boost|p1a: Oricorio|spd|1\n|-boost|p1a: Oricorio|spe|1\n|move|p2a: Brambleghast|Strength Sap|p1a: Oricorio\n|-unboost|p1a: Oricorio|atk|1\n|\n|upkeep\n|turn|30\n|inactive|Time left: 300 sec this turn | 300 sec total\n|\n|t:|1783550499\n|switch|p2a: Ursaring|Ursaring, L84, F|116/288 tox\n|move|p1a: Oricorio|Quiver Dance|p1a: Oricorio\n|-boost|p1a: Oricorio|spa|1\n|-boost|p1a: Oricorio|spd|1\n|-boost|p1a: Oricorio|spe|1\n|\n|-damage|p2a: Ursaring|98/288 tox|[from] psn\n|upkeep\n|turn|31\n|inactive|Time left: 300 sec this turn | 300 sec total\n|\n|t:|1783550500\n|move|p1a: Oricorio|Hurricane|p2a: Ursaring\n|-damage|p2a: Ursaring|0 fnt\n|faint|p2a: Ursaring\n|\n|upkeep\n|inactive|Time left: 300 sec this turn | 300 sec total | 5 sec grace\n|\n|t:|1783550501\n|switch|p2a: Venomoth|Venomoth, L84, M|107/255\n|turn|32\n|inactive|Time left: 300 sec this turn | 300 sec total\n|\n|t:|1783550502\n|move|p1a: Oricorio|Revelation Dance|p2a: Venomoth\n|-damage|p2a: Venomoth|0 fnt\n|faint|p2a: Venomoth\n|\n|upkeep\n|inactive|Time left: 300 sec this turn | 300 sec total | 5 sec grace\n|\n|t:|1783550503\n|switch|p2a: Brambleghast|Brambleghast, L88, F, tera:Water|240/240\n|turn|33\n|inactive|Time left: 300 sec this turn | 300 sec total\n|\n|t:|1783550504\n|move|p1a: Oricorio|Revelation Dance|p2a: Brambleghast\n|-damage|p2a: Brambleghast|0 fnt\n|faint|p2a: Brambleghast\n|\n|win|p0x976b718", "uploadtime": 1783550504, "views": 0, "rating": 0, "private": 0, "password": null, "_winner": "p0x976b718", "_our_name": "p0y9763deb"}