{"id": "battle-gen9randombattle-180", "formatid": "gen9randombattle", "format": "[Gen 9] Random Battle", "players": ["p0x180e3ee", "p0y180e9dc"], "log": "|init|battle\n|title|p0x180e3ee vs. p0y180e9dc\n|j|\u2606p0x180e3ee\n|j|\u2606p0y180e9dc\n|t:|1783541659\n|gametype|singles\n|player|p1|p0x180e3ee|101|\n|player|p2|p0y180e9dc|1|\n|gen|9\n|tier|[Gen 9] Random Battle\n|rule|Species Clause: Limit one of each Pok\u00e9mon\n|rule|HP Percentage Mod: HP is shown in percentages\n|rule|Sleep Clause Mod: Limit one foe put to sleep\n|rule|Illusion Level Mod: Illusion disguises the Pok\u00e9mon's true level\n|\n|t:|1783541659\n|teamsize|p1|6\n|teamsize|p2|6\n|start\n|switch|p1a: Medicham|Medicham, L86, F|243/243\n|switch|p2a: Mienshao|Mienshao, L83, M|100/100\n|turn|1\n|inactive|Battle timer is ON: inactive players will automatically lose when time's up. (requested by p0x180e3ee)\n|\n|t:|1783541661\n|switch|p2a: Swalot|Swalot, L90, M|100/100\n|move|p1a: Medicham|Close Combat|p2a: Swalot\n|-resisted|p2a: Swalot\n|-damage|p2a: Swalot|57/100\n|-unboost|p1a: Medicham|def|1\n|-unboost|p1a: Medicham|spd|1\n|\n|-heal|p2a: Swalot|63/100|[from] item: Leftovers\n|upkeep\n|turn|2\n|inactive|Time left: 300 sec this turn | 300 sec total\n|inactive|p0y180e9dc also wants the timer to be on.\n|\n|t:|1783541662\n|move|p1a: Medicham|Close Combat|p2a: Swalot\n|-resisted|p2a: Swalot\n|-damage|p2a: Swalot|18/100\n|-unboost|p1a: Medicham|def|1\n|-unboost|p1a: Medicham|spd|1\n|move|p2a: Swalot|Gunk Shot|p1a: Medicham|[miss]\n|-miss|p2a: Swalot|p1a: Medicham\n|\n|-heal|p2a: Swalot|24/100|[from] item: Leftovers\n|upkeep\n|turn|3\n|inactive|Time left: 300 sec this turn | 300 sec total\n|\n|t:|1783541663\n|switch|p2a: Muk|Muk, L86, F|100/100\n|move|p1a: Medicham|Close Combat|p2a: Muk\n|-resisted|p2a: Muk\n|-damage|p2a: Muk|53/100\n|-unboost|p1a: Medicham|def|1\n|-unboost|p1a: Medicham|spd|1\n|\n|upkeep\n|turn|4\n|inactive|Time left: 300 sec this turn | 300 sec total\n|\n|t:|1783541665\n|-terastallize|p1a: Medicham|Fighting\n|move|p2a: Muk|Shadow Sneak|p1a: Medicham\n|-damage|p1a: Medicham|121/243\n|move|p1a: Medicham|Close Combat|p2a: Muk\n|-resisted|p2a: Muk\n|-damage|p2a: Muk|0 fnt\n|-unboost|p1a: Medicham|def|1\n|-unboost|p1a: Medicham|spd|1\n|faint|p2a: Muk\n|\n|upkeep\n|\n|t:|1783541665\n|switch|p2a: Mienshao|Mienshao, L83, M|100/100\n|turn|5\n|inactive|Time left: 300 sec this turn | 300 sec total\n|\n|t:|1783541667\n|switch|p1a: Tornadus|Tornadus, L82, M|263/263\n|move|p2a: Mienshao|High Jump Kick|p1a: Tornadus\n|-resisted|p1a: Tornadus\n|-damage|p1a: Tornadus|81/263\n|\n|upkeep\n|turn|6\n|inactive|Time left: 300 sec this turn | 300 sec total\n|\n|t:|1783541668\n|move|p1a: Tornadus|Bleakwind Storm|p2a: Mienshao\n|-supereffective|p2a: Mienshao\n|-damage|p2a: Mienshao|0 fnt\n|faint|p2a: Mienshao\n|\n|upkeep\n|\n|t:|1783541669\n|switch|p2a: Mewtwo|Mewtwo, L72|100/100\n|-ability|p2a: Mewtwo|Pressure\n|turn|7\n|inactive|Time left: 300 sec this turn | 300 sec total\n|\n|t:|1783541670\n|move|p2a: Mewtwo|Nasty Plot|p2a: Mewtwo\n|-boost|p2a: Mewtwo|spa|2\n|move|p1a: Tornadus|Bleakwind Storm|p2a: Mewtwo\n|-damage|p2a: Mewtwo|21/100\n|\n|upkeep\n|turn|8\n|inactive|Time left: 300 sec this turn | 300 sec total\n|\n|t:|1783541672\n|move|p1a: Tornadus|Bleakwind Storm|p2a: Mewtwo\n|-damage|p2a: Mewtwo|0 fnt\n|faint|p2a: Mewtwo\n|\n|upkeep\n|\n|t:|1783541673\n|switch|p2a: Tatsugiri|Tatsugiri, L87, M|100/100\n|turn|9\n|inactive|Time left: 300 sec this turn | 300 sec total\n|\n|t:|1783541674\n|move|p1a: Tornadus|Bleakwind Storm|p2a: Tatsugiri\n|-damage|p2a: Tatsugiri|37/100\n|move|p2a: Tatsugiri|Surf|p1a: Tornadus\n|-damage|p1a: Tornadus|0 fnt\n|faint|p1a: Tornadus\n|\n|upkeep\n|inactive|Time left: 300 sec this turn | 300 sec total | 5 sec grace\n|\n|t:|1783541675\n|switch|p1a: Tinkaton|Tinkaton, L82, F|274/274\n|-ability|p1a: Tinkaton|Mold Breaker\n|turn|10\n|inactive|Time left: 300 sec this turn | 300 sec total\n|\n|t:|1783541676\n|switch|p2a: Magmortar|Magmortar, L88, F|100/100\n|move|p1a: Tinkaton|Swords Dance|p1a: Tinkaton\n|-boost|p1a: Tinkaton|atk|2\n|\n|upkeep\n|turn|11\n|inactive|Time left: 300 sec this turn | 300 sec total\n|\n|t:|1783541677\n|move|p1a: Tinkaton|Gigaton Hammer|p2a: Magmortar\n|-resisted|p2a: Magmortar\n|-damage|p2a: Magmortar|45/100\n|move|p2a: Magmortar|Fire Blast|p1a: Tinkaton\n|-supereffective|p1a: Tinkaton\n|-damage|p1a: Tinkaton|0 fnt\n|faint|p1a: Tinkaton\n|\n|upkeep\n|inactive|Time left: 300 sec this turn | 300 sec total | 5 sec grace\n|\n|t:|1783541678\n|switch|p1a: Zebstrika|Zebstrika, L87, M|272/272\n|turn|12\n|inactive|Time left: 300 sec this turn | 300 sec total\n|\n|t:|1783541679\n|move|p1a: Zebstrika|Supercell Slam|p2a: Magmortar\n|-damage|p2a: Magmortar|0 fnt\n|faint|p2a: Magmortar\n|-damage|p1a: Zebstrika|245/272|[from] item: Life Orb\n|\n|upkeep\n|\n|t:|1783541680\n|switch|p2a: Swalot|Swalot, L90, M|24/100\n|turn|13\n|inactive|Time left: 300 sec this turn | 300 sec total\n|\n|t:|1783541681\n|-terastallize|p2a: Swalot|Dark\n|move|p1a: Zebstrika|High Horsepower|p2a: Swalot\n|-damage|p2a: Swalot|0 fnt\n|faint|p2a: Swalot\n|-damage|p1a: Zebstrika|218/272|[from] item: Life Orb\n|\n|upkeep\n|\n|t:|1783541681\n|switch|p2a: Tatsugiri|Tatsugiri, L87, M|37/100\n|turn|14\n|inactive|Time left: 300 sec this turn | 300 sec total\n|\n|t:|1783541682\n|move|p1a: Zebstrika|High Horsepower|p2a: Tatsugiri|[miss]\n|-miss|p1a: Zebstrika|p2a: Tatsugiri\n|move|p2a: Tatsugiri|Rapid Spin|p1a: Zebstrika\n|-damage|p1a: Zebstrika|187/272\n|-boost|p2a: Tatsugiri|spe|1\n|\n|upkeep\n|turn|15\n|inactive|Time left: 300 sec this turn | 300 sec total\n|\n|t:|1783541683\n|move|p2a: Tatsugiri|Draco Meteor|p1a: Zebstrika\n|-damage|p1a: Zebstrika|0 fnt\n|-unboost|p2a: Tatsugiri|spa|2\n|faint|p1a: Zebstrika\n|\n|upkeep\n|inactive|Time left: 300 sec this turn | 300 sec total | 5 sec grace\n|\n|t:|1783541684\n|switch|p1a: Medicham|Medicham, L86, F, tera:Fighting|121/243\n|turn|16\n|inactive|Time left: 300 sec this turn | 300 sec total\n|\n|t:|1783541685\n|move|p2a: Tatsugiri|Surf|p1a: Medicham\n|-crit|p1a: Medicham\n|-damage|p1a: Medicham|0 fnt\n|faint|p1a: Medicham\n|\n|upkeep\n|inactive|Time left: 300 sec this turn | 300 sec total | 5 sec grace\n|\n|t:|1783541686\n|switch|p1a: Cinderace|Cinderace, L77, M|250/250\n|turn|17\n|inactive|Time left: 300 sec this turn | 300 sec total\n|\n|t:|1783541687\n|move|p2a: Tatsugiri|Draco Meteor|p1a: Cinderace\n|-damage|p1a: Cinderace|145/250\n|-unboost|p2a: Tatsugiri|spa|2\n|move|p1a: Cinderace|U-turn|p2a: Tatsugiri\n|-start|p1a: Cinderace|typechange|Bug|[from] ability: Libero\n|-damage|p2a: Tatsugiri|0 fnt\n|faint|p2a: Tatsugiri\n|\n|win|p0x180e3ee", "uploadtime": 1783541687, "views": 0, "rating": 0, "private": 0, "password": null, "_winner": "p0x180e3ee", "_our_name": "p0x180e3ee"}