{"id": "battle-gen9randombattle-944", "formatid": "gen9randombattle", "format": "[Gen 9] Random Battle", "players": ["p0x944de76", "p0y9446596"], "log": "|init|battle\n|title|p0x944de76 vs. p0y9446596\n|j|\u2606p0x944de76\n|j|\u2606p0y9446596\n|t:|1783550093\n|gametype|singles\n|player|p1|p0x944de76|2|\n|player|p2|p0y9446596|170|\n|gen|9\n|tier|[Gen 9] Random Battle\n|rule|Species Clause: Limit one of each Pok\u00e9mon\n|rule|HP Percentage Mod: HP is shown in percentages\n|rule|Sleep Clause Mod: Limit one foe put to sleep\n|rule|Illusion Level Mod: Illusion disguises the Pok\u00e9mon's true level\n|\n|t:|1783550093\n|teamsize|p1|6\n|teamsize|p2|6\n|start\n|switch|p1a: Virizion|Virizion, L82|100/100\n|switch|p2a: Walking Wake|Walking Wake, L79|286/286\n|turn|1\n|inactive|Battle timer is ON: inactive players will automatically lose when time's up. (requested by p0x944de76)\n|inactive|Time left: 300 sec this turn | 300 sec total | 60 sec grace\n|inactive|p0y9446596 also wants the timer to be on.\n|\n|t:|1783550095\n|move|p1a: Virizion|Swords Dance|p1a: Virizion\n|-boost|p1a: Virizion|atk|2\n|move|p2a: Walking Wake|Flamethrower|p1a: Virizion\n|-supereffective|p1a: Virizion\n|-damage|p1a: Virizion|45/100\n|\n|upkeep\n|turn|2\n|inactive|Time left: 300 sec this turn | 300 sec total\n|\n|t:|1783550096\n|-end|p2a: Walking Wake|Protosynthesis|[silent]\n|switch|p2a: Swalot|Swalot, L90, F|326/326\n|move|p1a: Virizion|Close Combat|p2a: Swalot\n|-resisted|p2a: Swalot\n|-damage|p2a: Swalot|175/326\n|-unboost|p1a: Virizion|def|1\n|-unboost|p1a: Virizion|spd|1\n|-damage|p1a: Virizion|35/100|[from] item: Life Orb\n|\n|upkeep\n|turn|3\n|inactive|Time left: 300 sec this turn | 300 sec total\n|\n|t:|1783550097\n|move|p1a: Virizion|Stone Edge|p2a: Swalot\n|-crit|p2a: Swalot\n|-damage|p2a: Swalot|0 fnt\n|faint|p2a: Swalot\n|-damage|p1a: Virizion|26/100|[from] item: Life Orb\n|\n|upkeep\n|inactive|Time left: 300 sec this turn | 300 sec total | 5 sec grace\n|\n|t:|1783550098\n|switch|p2a: Walking Wake|Walking Wake, L79|286/286\n|turn|4\n|inactive|Time left: 300 sec this turn | 300 sec total\n|\n|t:|1783550099\n|-end|p2a: Walking Wake|Protosynthesis|[silent]\n|switch|p2a: Golurk|Golurk, L87|297/297\n|move|p1a: Virizion|Close Combat|p2a: Golurk\n|-immune|p2a: Golurk\n|\n|upkeep\n|turn|5\n|inactive|Time left: 300 sec this turn | 300 sec total\n|\n|t:|1783550100\n|switch|p2a: Tauros|Tauros-Paldea-Blaze, L81, M|252/252\n|move|p1a: Virizion|Leaf Blade|p2a: Tauros\n|-resisted|p2a: Tauros\n|-damage|p2a: Tauros|158/252\n|-damage|p1a: Virizion|16/100|[from] item: Life Orb\n|\n|upkeep\n|turn|6\n|inactive|Time left: 300 sec this turn | 300 sec total\n|\n|t:|1783550102\n|switch|p2a: Golurk|Golurk, L87|297/297\n|move|p1a: Virizion|Close Combat|p2a: Golurk\n|-immune|p2a: Golurk\n|\n|upkeep\n|turn|7\n|inactive|Time left: 300 sec this turn | 300 sec total\n|\n|t:|1783550103\n|switch|p2a: Tauros|Tauros-Paldea-Blaze, L81, M|158/252\n|move|p1a: Virizion|Leaf Blade|p2a: Tauros\n|-resisted|p2a: Tauros\n|-damage|p2a: Tauros|61/252\n|-enditem|p2a: Tauros|Sitrus Berry|[eat]\n|-heal|p2a: Tauros|124/252|[from] item: Sitrus Berry\n|-damage|p1a: Virizion|6/100|[from] item: Life Orb\n|\n|upkeep\n|turn|8\n|inactive|Time left: 300 sec this turn | 300 sec total\n|\n|t:|1783550104\n|move|p1a: Virizion|Close Combat|p2a: Tauros\n|-damage|p2a: Tauros|0 fnt\n|-unboost|p1a: Virizion|def|1\n|-unboost|p1a: Virizion|spd|1\n|faint|p2a: Tauros\n|-damage|p1a: Virizion|0 fnt|[from] item: Life Orb\n|faint|p1a: Virizion\n|\n|upkeep\n|inactive|Time left: 300 sec this turn | 300 sec total | 5 sec grace\n|\n|t:|1783550105\n|switch|p1a: Walking Wake|Walking Wake, L79|100/100\n|switch|p2a: Golurk|Golurk, L87|297/297\n|turn|9\n|inactive|Time left: 300 sec this turn | 300 sec total\n|\n|t:|1783550106\n|move|p1a: Walking Wake|Hydro Pump|p2a: Golurk\n|-supereffective|p2a: Golurk\n|-damage|p2a: Golurk|0 fnt\n|faint|p2a: Golurk\n|\n|upkeep\n|inactive|Time left: 300 sec this turn | 300 sec total | 5 sec grace\n|\n|t:|1783550107\n|switch|p2a: Kingdra|Kingdra, L84, M|263/263\n|turn|10\n|inactive|Time left: 300 sec this turn | 300 sec total\n|\n|t:|1783550108\n|-end|p1a: Walking Wake|Protosynthesis|[silent]\n|switch|p1a: Crabominable|Crabominable, L90, M|100/100\n|move|p2a: Kingdra|Dragon Dance|p2a: Kingdra\n|-boost|p2a: Kingdra|atk|1\n|-boost|p2a: Kingdra|spe|1\n|\n|upkeep\n|turn|11\n|inactive|Time left: 300 sec this turn | 300 sec total\n|\n|t:|1783550109\n|-terastallize|p1a: Crabominable|Fighting\n|move|p2a: Kingdra|Outrage|p1a: Crabominable\n|-damage|p1a: Crabominable|36/100\n|move|p1a: Crabominable|Close Combat|p2a: Kingdra\n|-damage|p2a: Kingdra|0 fnt\n|-unboost|p1a: Crabominable|def|1\n|-unboost|p1a: Crabominable|spd|1\n|faint|p2a: Kingdra\n|\n|upkeep\n|inactive|Time left: 300 sec this turn | 300 sec total | 5 sec grace\n|\n|t:|1783550110\n|switch|p2a: Walking Wake|Walking Wake, L79|286/286\n|turn|12\n|inactive|Time left: 300 sec this turn | 300 sec total\n|\n|t:|1783550111\n|switch|p1a: Walking Wake|Walking Wake, L79|100/100\n|move|p2a: Walking Wake|Draco Meteor|p1a: Walking Wake\n|-supereffective|p1a: Walking Wake\n|-damage|p1a: Walking Wake|0 fnt\n|-unboost|p2a: Walking Wake|spa|2\n|faint|p1a: Walking Wake\n|-end|p1a: Walking Wake|Protosynthesis|[silent]\n|\n|upkeep\n|\n|t:|1783550112\n|switch|p1a: Bisharp|Bisharp, L79, M|100/100\n|turn|13\n|inactive|Time left: 300 sec this turn | 300 sec total\n|\n|t:|1783550112\n|-end|p2a: Walking Wake|Protosynthesis|[silent]\n|switch|p2a: Komala|Komala, L87, M|255/255\n|-ability|p2a: Komala|Comatose\n|move|p1a: Bisharp|Swords Dance|p1a: Bisharp\n|-boost|p1a: Bisharp|atk|2\n|\n|upkeep\n|turn|14\n|inactive|Time left: 300 sec this turn | 300 sec total\n|\n|t:|1783550113\n|switch|p2a: Walking Wake|Walking Wake, L79|286/286\n|move|p1a: Bisharp|Throat Chop|p2a: Walking Wake\n|-damage|p2a: Walking Wake|105/286\n|-start|p2a: Walking Wake|Throat Chop|[silent]\n|\n|upkeep\n|turn|15\n|inactive|Time left: 300 sec this turn | 300 sec total\n|\n|t:|1783550114\n|-end|p2a: Walking Wake|Protosynthesis|[silent]\n|switch|p2a: Komala|Komala, L87, M|255/255\n|-ability|p2a: Komala|Comatose\n|move|p1a: Bisharp|Sucker Punch||[still]\n|-fail|p1a: Bisharp\n|\n|upkeep\n|turn|16\n|inactive|Time left: 300 sec this turn | 300 sec total\n|\n|t:|1783550115\n|move|p2a: Komala|Knock Off|p1a: Bisharp\n|-resisted|p1a: Bisharp\n|-damage|p1a: Bisharp|88/100\n|-enditem|p1a: Bisharp|Eviolite|[from] move: Knock Off|[of] p2a: Komala\n|move|p1a: Bisharp|Throat Chop|p2a: Komala\n|-damage|p2a: Komala|51/255\n|-start|p2a: Komala|Throat Chop|[silent]\n|\n|upkeep\n|turn|17\n|inactive|Time left: 300 sec this turn | 300 sec total\n|\n|t:|1783550116\n|-terastallize|p2a: Komala|Ghost\n|move|p2a: Komala|Body Slam|p1a: Bisharp\n|-resisted|p1a: Bisharp\n|-damage|p1a: Bisharp|64/100\n|move|p1a: Bisharp|Throat Chop|p2a: Komala\n|-supereffective|p2a: Komala\n|-damage|p2a: Komala|0 fnt\n|faint|p2a: Komala\n|\n|upkeep\n|inactive|Time left: 300 sec this turn | 300 sec total | 5 sec grace\n|\n|t:|1783550117\n|switch|p2a: Walking Wake|Walking Wake, L79|105/286\n|turn|18\n|inactive|Time left: 300 sec this turn | 300 sec total\n|\n|t:|1783550118\n|move|p1a: Bisharp|Sucker Punch|p2a: Walking Wake\n|-damage|p2a: Walking Wake|0 fnt\n|faint|p2a: Walking Wake\n|-end|p2a: Walking Wake|Protosynthesis|[silent]\n|\n|win|p0x944de76", "uploadtime": 1783550118, "views": 0, "rating": 0, "private": 0, "password": null, "_winner": "p0x944de76", "_our_name": "p0y9446596"}