{"id": "battle-gen9randombattle-594", "formatid": "gen9randombattle", "format": "[Gen 9] Random Battle", "players": ["p0x594b71d", "p0y594c373"], "log": "|init|battle\n|title|p0x594b71d vs. p0y594c373\n|j|\u2606p0x594b71d\n|j|\u2606p0y594c373\n|t:|1783546726\n|gametype|singles\n|player|p1|p0x594b71d|1|\n|player|p2|p0y594c373|266|\n|gen|9\n|tier|[Gen 9] Random Battle\n|rule|Species Clause: Limit one of each Pok\u00e9mon\n|rule|HP Percentage Mod: HP is shown in percentages\n|rule|Sleep Clause Mod: Limit one foe put to sleep\n|rule|Illusion Level Mod: Illusion disguises the Pok\u00e9mon's true level\n|\n|t:|1783546726\n|teamsize|p1|6\n|teamsize|p2|6\n|start\n|switch|p1a: Magearna|Magearna, L77|250/250\n|switch|p2a: Iron Bundle|Iron Bundle, L78|100/100\n|turn|1\n|inactive|Battle timer is ON: inactive players will automatically lose when time's up. (requested by p0y594c373)\n|inactive|Time left: 300 sec this turn | 300 sec total | 60 sec grace\n|inactive|p0x594b71d also wants the timer to be on.\n|\n|t:|1783546727\n|-end|p2a: Iron Bundle|Quark Drive|[silent]\n|switch|p2a: Spidops|Spidops, L96, F|100/100\n|move|p1a: Magearna|Shift Gear|p1a: Magearna\n|-boost|p1a: Magearna|spe|2\n|-boost|p1a: Magearna|atk|1\n|\n|upkeep\n|turn|2\n|inactive|Time left: 300 sec this turn | 300 sec total\n|\n|t:|1783546729\n|move|p1a: Magearna|Calm Mind|p1a: Magearna\n|-boost|p1a: Magearna|spa|1\n|-boost|p1a: Magearna|spd|1\n|move|p2a: Spidops|Sticky Web|p1a: Magearna\n|-sidestart|p1: p0x594b71d|move: Sticky Web\n|\n|upkeep\n|turn|3\n|inactive|Time left: 300 sec this turn | 300 sec total\n|\n|t:|1783546730\n|move|p1a: Magearna|Calm Mind|p1a: Magearna\n|-boost|p1a: Magearna|spa|1\n|-boost|p1a: Magearna|spd|1\n|move|p2a: Spidops|Circle Throw|p1a: Magearna\n|-damage|p1a: Magearna|209/250\n|drag|p1a: Mismagius|Mismagius, L86, F|243/243\n|\n|upkeep\n|turn|4\n|inactive|Time left: 300 sec this turn | 300 sec total\n|\n|t:|1783546731\n|move|p1a: Mismagius|Shadow Ball|p2a: Spidops\n|-damage|p2a: Spidops|53/100\n|move|p2a: Spidops|U-turn|p1a: Mismagius\n|-resisted|p1a: Mismagius\n|-damage|p1a: Mismagius|189/243\n|\n|t:|1783546732\n|switch|p2a: Florges|Florges-Blue, L85, F|100/100|[from] U-turn\n|\n|upkeep\n|turn|5\n|inactive|Time left: 300 sec this turn | 300 sec total\n|\n|t:|1783546733\n|move|p1a: Mismagius|Shadow Ball|p2a: Florges\n|-damage|p2a: Florges|70/100\n|move|p2a: Florges|Calm Mind|p2a: Florges\n|-boost|p2a: Florges|spa|1\n|-boost|p2a: Florges|spd|1\n|\n|-heal|p2a: Florges|75/100|[from] item: Leftovers\n|upkeep\n|turn|6\n|inactive|Time left: 300 sec this turn | 300 sec total\n|\n|t:|1783546734\n|switch|p1a: Magearna|Magearna, L77|209/250\n|-activate|p1a: Magearna|move: Sticky Web\n|-unboost|p1a: Magearna|spe|1\n|move|p2a: Florges|Moonblast|p1a: Magearna\n|-resisted|p1a: Magearna\n|-damage|p1a: Magearna|134/250\n|\n|-heal|p2a: Florges|81/100|[from] item: Leftovers\n|-heal|p1a: Magearna|149/250|[from] item: Leftovers\n|upkeep\n|turn|7\n|inactive|Time left: 300 sec this turn | 300 sec total\n|\n|t:|1783546735\n|move|p2a: Florges|Moonblast|p1a: Magearna\n|-resisted|p1a: Magearna\n|-damage|p1a: Magearna|68/250\n|move|p1a: Magearna|Shift Gear|p1a: Magearna\n|-boost|p1a: Magearna|spe|2\n|-boost|p1a: Magearna|atk|1\n|\n|-heal|p1a: Magearna|83/250|[from] item: Leftovers\n|-heal|p2a: Florges|87/100|[from] item: Leftovers\n|upkeep\n|turn|8\n|inactive|Time left: 300 sec this turn | 300 sec total\n|\n|t:|1783546736\n|move|p1a: Magearna|Calm Mind|p1a: Magearna\n|-boost|p1a: Magearna|spa|1\n|-boost|p1a: Magearna|spd|1\n|move|p2a: Florges|Moonblast|p1a: Magearna\n|-resisted|p1a: Magearna\n|-damage|p1a: Magearna|33/250\n|\n|-heal|p1a: Magearna|48/250|[from] item: Leftovers\n|-heal|p2a: Florges|93/100|[from] item: Leftovers\n|upkeep\n|turn|9\n|inactive|Time left: 300 sec this turn | 300 sec total\n|\n|t:|1783546737\n|move|p1a: Magearna|Calm Mind|p1a: Magearna\n|-boost|p1a: Magearna|spa|1\n|-boost|p1a: Magearna|spd|1\n|move|p2a: Florges|Moonblast|p1a: Magearna\n|-resisted|p1a: Magearna\n|-damage|p1a: Magearna|12/250\n|-unboost|p1a: Magearna|spa|1\n|\n|-heal|p1a: Magearna|27/250|[from] item: Leftovers\n|-heal|p2a: Florges|99/100|[from] item: Leftovers\n|upkeep\n|turn|10\n|inactive|Time left: 300 sec this turn | 300 sec total\n|\n|t:|1783546738\n|move|p1a: Magearna|Flash Cannon|p2a: Florges\n|-supereffective|p2a: Florges\n|-damage|p2a: Florges|55/100\n|move|p2a: Florges|Moonblast|p1a: Magearna\n|-resisted|p1a: Magearna\n|-damage|p1a: Magearna|0 fnt\n|faint|p1a: Magearna\n|\n|-heal|p2a: Florges|61/100|[from] item: Leftovers\n|upkeep\n|inactive|Time left: 300 sec this turn | 300 sec total | 5 sec grace\n|\n|t:|1783546739\n|switch|p1a: Kingambit|Kingambit, L74, F|270/270\n|-activate|p1a: Kingambit|move: Sticky Web\n|-unboost|p1a: Kingambit|spe|1\n|-activate|p1a: Kingambit|ability: Supreme Overlord\n|-start|p1a: Kingambit|fallen1|[silent]\n|turn|11\n|inactive|Time left: 300 sec this turn | 300 sec total\n|\n|t:|1783546741\n|move|p2a: Florges|Moonblast|p1a: Kingambit\n|-damage|p1a: Kingambit|72/270\n|move|p1a: Kingambit|Iron Head|p2a: Florges\n|-supereffective|p2a: Florges\n|-damage|p2a: Florges|0 fnt\n|faint|p2a: Florges\n|\n|-heal|p1a: Kingambit|88/270|[from] item: Leftovers\n|upkeep\n|\n|t:|1783546742\n|switch|p2a: Rotom|Rotom-Fan, L86|100/100\n|turn|12\n|inactive|Time left: 300 sec this turn | 300 sec total\n|\n|t:|1783546743\n|move|p2a: Rotom|Nasty Plot|p2a: Rotom\n|-boost|p2a: Rotom|spa|2\n|move|p1a: Kingambit|Swords Dance|p1a: Kingambit\n|-boost|p1a: Kingambit|atk|2\n|\n|-heal|p1a: Kingambit|104/270|[from] item: Leftovers\n|upkeep\n|turn|13\n|inactive|Time left: 300 sec this turn | 300 sec total\n|\n|t:|1783546744\n|move|p1a: Kingambit|Sucker Punch|p2a: Rotom\n|-damage|p2a: Rotom|38/100\n|move|p2a: Rotom|Thunderbolt|p1a: Kingambit\n|-damage|p1a: Kingambit|0 fnt\n|faint|p1a: Kingambit\n|-end|p1a: Kingambit|fallen1|[silent]\n|\n|upkeep\n|inactive|Time left: 300 sec this turn | 300 sec total | 5 sec grace\n|\n|t:|1783546745\n|switch|p1a: Mismagius|Mismagius, L86, F|189/243\n|turn|14\n|inactive|Time left: 300 sec this turn | 300 sec total\n|\n|t:|1783546746\n|move|p1a: Mismagius|Shadow Ball|p2a: Rotom\n|-damage|p2a: Rotom|0 fnt\n|faint|p2a: Rotom\n|\n|upkeep\n|\n|t:|1783546747\n|switch|p2a: Maushold|Maushold, L76|100/100\n|turn|15\n|inactive|Time left: 300 sec this turn | 300 sec total\n|\n|t:|1783546748\n|move|p1a: Mismagius|Shadow Ball|p2a: Maushold\n|-immune|p2a: Maushold\n|move|p2a: Maushold|Population Bomb|p1a: Mismagius\n|-immune|p1a: Mismagius\n|\n|upkeep\n|turn|16\n|inactive|Time left: 300 sec this turn | 300 sec total\n|\n|t:|1783546749\n|move|p1a: Mismagius|Shadow Ball|p2a: Maushold\n|-immune|p2a: Maushold\n|move|p2a: Maushold|Population Bomb|p1a: Mismagius\n|-immune|p1a: Mismagius\n|\n|upkeep\n|turn|17\n|inactive|Time left: 300 sec this turn | 300 sec total\n|\n|t:|1783546750\n|move|p1a: Mismagius|Shadow Ball|p2a: Maushold\n|-immune|p2a: Maushold\n|move|p2a: Maushold|Population Bomb|p1a: Mismagius\n|-immune|p1a: Mismagius\n|\n|upkeep\n|turn|18\n|inactive|Time left: 300 sec this turn | 300 sec total\n|\n|t:|1783546752\n|move|p1a: Mismagius|Shadow Ball|p2a: Maushold\n|-immune|p2a: Maushold\n|move|p2a: Maushold|Bite|p1a: Mismagius\n|-supereffective|p1a: Mismagius\n|-damage|p1a: Mismagius|71/243\n|\n|upkeep\n|turn|19\n|inactive|Time left: 300 sec this turn | 300 sec total\n|\n|t:|1783546753\n|move|p1a: Mismagius|Shadow Ball|p2a: Maushold\n|-immune|p2a: Maushold\n|move|p2a: Maushold|Bite|p1a: Mismagius\n|-supereffective|p1a: Mismagius\n|-damage|p1a: Mismagius|0 fnt\n|faint|p1a: Mismagius\n|\n|upkeep\n|inactive|Time left: 300 sec this turn | 300 sec total | 5 sec grace\n|\n|t:|1783546754\n|switch|p1a: Lugia|Lugia, L73|275/275\n|turn|20\n|inactive|Time left: 300 sec this turn | 300 sec total\n|\n|t:|1783546755\n|move|p2a: Maushold|Population Bomb|p1a: Lugia\n|-damage|p1a: Lugia|266/275\n|-hitcount|p1a: Lugia|1\n|move|p1a: Lugia|Calm Mind|p1a: Lugia\n|-boost|p1a: Lugia|spa|1\n|-boost|p1a: Lugia|spd|1\n|\n|upkeep\n|turn|21\n|inactive|Time left: 300 sec this turn | 300 sec total\n|\n|t:|1783546756\n|move|p2a: Maushold|Encore|p1a: Lugia\n|-start|p1a: Lugia|Encore\n|move|p1a: Lugia|Calm Mind|p1a: Lugia\n|-boost|p1a: Lugia|spa|1\n|-boost|p1a: Lugia|spd|1\n|\n|upkeep\n|turn|22\n|inactive|Time left: 300 sec this turn | 300 sec total\n|\n|t:|1783546757\n|move|p2a: Maushold|Population Bomb|p1a: Lugia\n|-damage|p1a: Lugia|245/275\n|-damage|p1a: Lugia|224/275\n|-damage|p1a: Lugia|206/275\n|-damage|p1a: Lugia|187/275\n|-damage|p1a: Lugia|166/275\n|-damage|p1a: Lugia|144/275\n|-damage|p1a: Lugia|125/275\n|-damage|p1a: Lugia|106/275\n|-crit|p1a: Lugia\n|-damage|p1a: Lugia|76/275\n|-damage|p1a: Lugia|57/275\n|-hitcount|p1a: Lugia|10\n|move|p1a: Lugia|Calm Mind|p1a: Lugia\n|-boost|p1a: Lugia|spa|1\n|-boost|p1a: Lugia|spd|1\n|\n|upkeep\n|turn|23\n|inactive|Time left: 300 sec this turn | 300 sec total\n|\n|t:|1783546757\n|move|p2a: Maushold|Population Bomb|p1a: Lugia\n|-damage|p1a: Lugia|35/275\n|-damage|p1a: Lugia|14/275\n|-damage|p1a: Lugia|0 fnt\n|faint|p1a: Lugia\n|-hitcount|p1: Lugia|3\n|\n|upkeep\n|inactive|Time left: 300 sec this turn | 300 sec total | 5 sec grace\n|\n|t:|1783546758\n|switch|p1a: Meganium|Meganium, L90, F|290/290\n|-activate|p1a: Meganium|move: Sticky Web\n|-unboost|p1a: Meganium|spe|1\n|turn|24\n|inactive|Time left: 300 sec this turn | 300 sec total\n|\n|t:|1783546759\n|move|p2a: Maushold|Population Bomb|p1a: Meganium\n|-damage|p1a: Meganium|271/290\n|-damage|p1a: Meganium|252/290\n|-damage|p1a: Meganium|234/290\n|-damage|p1a: Meganium|213/290\n|-damage|p1a: Meganium|194/290\n|-damage|p1a: Meganium|175/290\n|-damage|p1a: Meganium|153/290\n|-damage|p1a: Meganium|134/290\n|-damage|p1a: Meganium|112/290\n|-damage|p1a: Meganium|91/290\n|-hitcount|p1a: Meganium|10\n|move|p1a: Meganium|Energy Ball|p2a: Maushold\n|-damage|p2a: Maushold|29/100\n|\n|-heal|p1a: Meganium|109/290|[from] item: Leftovers\n|upkeep\n|turn|25\n|inactive|Time left: 300 sec this turn | 300 sec total\n|\n|t:|1783546760\n|move|p2a: Maushold|Population Bomb|p1a: Meganium\n|-damage|p1a: Meganium|90/290\n|-damage|p1a: Meganium|69/290\n|-damage|p1a: Meganium|50/290\n|-damage|p1a: Meganium|32/290\n|-damage|p1a: Meganium|13/290\n|-damage|p1a: Meganium|0 fnt\n|faint|p1a: Meganium\n|-hitcount|p1: Meganium|6\n|\n|upkeep\n|inactive|Time left: 300 sec this turn | 300 sec total | 5 sec grace\n|\n|t:|1783546761\n|switch|p1a: Hydreigon|Hydreigon, L79, M|275/275\n|turn|26\n|inactive|Time left: 300 sec this turn | 300 sec total\n|\n|t:|1783546762\n|move|p2a: Maushold|Population Bomb|p1a: Hydreigon\n|-damage|p1a: Hydreigon|251/275\n|-damage|p1a: Hydreigon|227/275\n|-damage|p1a: Hydreigon|202/275\n|-damage|p1a: Hydreigon|175/275\n|-damage|p1a: Hydreigon|151/275\n|-damage|p1a: Hydreigon|126/275\n|-damage|p1a: Hydreigon|102/275\n|-damage|p1a: Hydreigon|78/275\n|-damage|p1a: Hydreigon|54/275\n|-damage|p1a: Hydreigon|32/275\n|-hitcount|p1a: Hydreigon|10\n|move|p1a: Hydreigon|Nasty Plot|p1a: Hydreigon\n|-boost|p1a: Hydreigon|spa|2\n|\n|upkeep\n|turn|27\n|inactive|Time left: 300 sec this turn | 300 sec total\n|\n|t:|1783546763\n|move|p2a: Maushold|Population Bomb|p1a: Hydreigon\n|-damage|p1a: Hydreigon|10/275\n|-damage|p1a: Hydreigon|0 fnt\n|faint|p1a: Hydreigon\n|-hitcount|p1: Hydreigon|2\n|\n|win|p0y594c373", "uploadtime": 1783546763, "views": 0, "rating": 0, "private": 0, "password": null, "_winner": "p0y594c373", "_our_name": "p0x594b71d"}