{"id": "battle-gen9randombattle-284", "formatid": "gen9randombattle", "format": "[Gen 9] Random Battle", "players": ["p0x2847d80", "p0y2847766"], "log": "|init|battle\n|title|p0x2847d80 vs. p0y2847766\n|j|\u2606p0x2847d80\n|j|\u2606p0y2847766\n|t:|1783542353\n|gametype|singles\n|player|p1|p0x2847d80|169|\n|player|p2|p0y2847766|102|\n|gen|9\n|tier|[Gen 9] Random Battle\n|rule|Species Clause: Limit one of each Pok\u00e9mon\n|rule|HP Percentage Mod: HP is shown in percentages\n|rule|Sleep Clause Mod: Limit one foe put to sleep\n|rule|Illusion Level Mod: Illusion disguises the Pok\u00e9mon's true level\n|\n|t:|1783542353\n|teamsize|p1|6\n|teamsize|p2|6\n|start\n|switch|p1a: Cryogonal|Cryogonal, L89|100/100\n|switch|p2a: Kyogre|Kyogre, L71|259/259\n|-weather|RainDance|[from] ability: Drizzle|[of] p2a: Kyogre\n|turn|1\n|inactive|Battle timer is ON: inactive players will automatically lose when time's up. (requested by p0y2847766)\n|inactive|p0x2847d80 also wants the timer to be on.\n|\n|t:|1783542354\n|move|p2a: Kyogre|Water Spout|p1a: Cryogonal\n|-damage|p1a: Cryogonal|40/100\n|move|p1a: Cryogonal|Freeze-Dry|p2a: Kyogre\n|-supereffective|p2a: Kyogre\n|-damage|p2a: Kyogre|115/259\n|\n|-weather|RainDance|[upkeep]\n|upkeep\n|turn|2\n|inactive|Time left: 300 sec this turn | 300 sec total\n|\n|t:|1783542356\n|switch|p2a: Volcarona|Volcarona, L77, M|257/257\n|move|p1a: Cryogonal|Recover|p1a: Cryogonal\n|-heal|p1a: Cryogonal|90/100\n|\n|-weather|RainDance|[upkeep]\n|upkeep\n|turn|3\n|inactive|Time left: 300 sec this turn | 300 sec total\n|\n|t:|1783542357\n|move|p1a: Cryogonal|Freeze-Dry|p2a: Volcarona\n|-resisted|p2a: Volcarona\n|-damage|p2a: Volcarona|216/257\n|move|p2a: Volcarona|Quiver Dance|p2a: Volcarona\n|-boost|p2a: Volcarona|spa|1\n|-boost|p2a: Volcarona|spd|1\n|-boost|p2a: Volcarona|spe|1\n|\n|-weather|RainDance|[upkeep]\n|upkeep\n|turn|4\n|inactive|Time left: 300 sec this turn | 300 sec total\n|\n|t:|1783542358\n|move|p2a: Volcarona|Quiver Dance|p2a: Volcarona\n|-boost|p2a: Volcarona|spa|1\n|-boost|p2a: Volcarona|spd|1\n|-boost|p2a: Volcarona|spe|1\n|move|p1a: Cryogonal|Haze|p1a: Cryogonal\n|-clearallboost\n|\n|-weather|RainDance|[upkeep]\n|upkeep\n|turn|5\n|inactive|Time left: 300 sec this turn | 300 sec total\n|\n|t:|1783542359\n|move|p1a: Cryogonal|Freeze-Dry|p2a: Volcarona\n|-resisted|p2a: Volcarona\n|-damage|p2a: Volcarona|177/257\n|move|p2a: Volcarona|Quiver Dance|p2a: Volcarona\n|-boost|p2a: Volcarona|spa|1\n|-boost|p2a: Volcarona|spd|1\n|-boost|p2a: Volcarona|spe|1\n|\n|-weather|none\n|upkeep\n|turn|6\n|inactive|Time left: 300 sec this turn | 300 sec total\n|\n|t:|1783542360\n|move|p2a: Volcarona|Fire Blast|p1a: Cryogonal\n|-supereffective|p1a: Cryogonal\n|-damage|p1a: Cryogonal|7/100\n|move|p1a: Cryogonal|Haze|p1a: Cryogonal\n|-clearallboost\n|\n|upkeep\n|turn|7\n|inactive|Time left: 300 sec this turn | 300 sec total\n|\n|t:|1783542360\n|move|p1a: Cryogonal|Recover|p1a: Cryogonal\n|-heal|p1a: Cryogonal|58/100\n|move|p2a: Volcarona|Quiver Dance|p2a: Volcarona\n|-boost|p2a: Volcarona|spa|1\n|-boost|p2a: Volcarona|spd|1\n|-boost|p2a: Volcarona|spe|1\n|\n|upkeep\n|turn|8\n|inactive|Time left: 300 sec this turn | 300 sec total\n|\n|t:|1783542361\n|switch|p1a: Kingdra|Kingdra, L84, F|100/100\n|move|p2a: Volcarona|Fire Blast|p1a: Kingdra\n|-resisted|p1a: Kingdra\n|-crit|p1a: Kingdra\n|-damage|p1a: Kingdra|77/100\n|\n|upkeep\n|turn|9\n|inactive|Time left: 300 sec this turn | 300 sec total\n|\n|t:|1783542362\n|move|p2a: Volcarona|Bug Buzz|p1a: Kingdra\n|-damage|p1a: Kingdra|22/100\n|move|p1a: Kingdra|Wave Crash|p2a: Volcarona\n|-supereffective|p2a: Volcarona\n|-damage|p2a: Volcarona|0 fnt\n|faint|p2a: Volcarona\n|-damage|p1a: Kingdra|0 fnt|[from] Recoil\n|faint|p1a: Kingdra\n|\n|upkeep\n|inactive|Time left: 300 sec this turn | 300 sec total | 5 sec grace\n|\n|t:|1783542364\n|switch|p2a: Eelektross|Eelektross, L87, F|290/290\n|switch|p1a: Mewtwo|Mewtwo, L72|100/100\n|-ability|p1a: Mewtwo|Pressure\n|turn|10\n|inactive|Time left: 300 sec this turn | 300 sec total\n|\n|t:|1783542365\n|move|p1a: Mewtwo|Psystrike|p2a: Eelektross\n|-damage|p2a: Eelektross|138/290\n|-damage|p1a: Mewtwo|91/100|[from] item: Life Orb\n|move|p2a: Eelektross|Knock Off|p1a: Mewtwo\n|-supereffective|p1a: Mewtwo\n|-damage|p1a: Mewtwo|20/100\n|-enditem|p1a: Mewtwo|Life Orb|[from] move: Knock Off|[of] p2a: Eelektross\n|\n|upkeep\n|turn|11\n|inactive|Time left: 300 sec this turn | 300 sec total\n|\n|t:|1783542366\n|move|p1a: Mewtwo|Psystrike|p2a: Eelektross\n|-damage|p2a: Eelektross|29/290\n|move|p2a: Eelektross|Discharge|p1a: Mewtwo\n|-damage|p1a: Mewtwo|0 fnt\n|faint|p1a: Mewtwo\n|\n|upkeep\n|\n|t:|1783542367\n|switch|p1a: Victreebel|Victreebel, L90, M|100/100\n|turn|12\n|inactive|Time left: 300 sec this turn | 300 sec total\n|\n|t:|1783542368\n|switch|p2a: Drifblim|Drifblim, L86, F|396/396\n|move|p1a: Victreebel|Knock Off|p2a: Drifblim\n|-supereffective|p2a: Drifblim\n|-damage|p2a: Drifblim|74/396\n|-enditem|p2a: Drifblim|Sitrus Berry|[from] move: Knock Off|[of] p1a: Victreebel\n|-damage|p1a: Victreebel|90/100|[from] item: Life Orb\n|\n|upkeep\n|turn|13\n|inactive|Time left: 300 sec this turn | 300 sec total\n|\n|t:|1783542369\n|switch|p1a: Meowstic|Meowstic-F, L89, F|100/100\n|move|p2a: Drifblim|Strength Sap|p1a: Meowstic\n|-unboost|p1a: Meowstic|atk|1\n|-ability|p1a: Meowstic|Competitive|boost\n|-boost|p1a: Meowstic|spa|2\n|-heal|p2a: Drifblim|164/396\n|\n|upkeep\n|turn|14\n|inactive|Time left: 300 sec this turn | 300 sec total\n|\n|t:|1783542371\n|move|p2a: Drifblim|Shadow Ball|p1a: Meowstic\n|-supereffective|p1a: Meowstic\n|-damage|p1a: Meowstic|43/100\n|move|p1a: Meowstic|Alluring Voice|p2a: Drifblim\n|-damage|p2a: Drifblim|0 fnt\n|faint|p2a: Drifblim\n|-damage|p1a: Meowstic|34/100|[from] item: Life Orb\n|\n|upkeep\n|inactive|Time left: 300 sec this turn | 300 sec total | 5 sec grace\n|\n|t:|1783542372\n|switch|p2a: Kyogre|Kyogre, L71|115/259\n|-weather|RainDance|[from] ability: Drizzle|[of] p2a: Kyogre\n|turn|15\n|inactive|Time left: 300 sec this turn | 300 sec total\n|\n|t:|1783542373\n|switch|p1a: Gastrodon|Gastrodon, L86, M|100/100\n|move|p2a: Kyogre|Water Spout|p1a: Gastrodon\n|-ability|p1a: Gastrodon|Storm Drain|boost\n|-boost|p1a: Gastrodon|spa|1\n|\n|-weather|RainDance|[upkeep]\n|upkeep\n|turn|16\n|inactive|Time left: 300 sec this turn | 300 sec total\n|\n|t:|1783542374\n|switch|p2a: Serperior|Serperior, L79, M|248/248\n|move|p1a: Gastrodon|Surf|p2a: Serperior\n|-resisted|p2a: Serperior\n|-damage|p2a: Serperior|146/248\n|\n|-weather|RainDance|[upkeep]\n|-heal|p2a: Serperior|161/248|[from] item: Leftovers\n|upkeep\n|turn|17\n|inactive|Time left: 300 sec this turn | 300 sec total\n|\n|t:|1783542375\n|-terastallize|p1a: Gastrodon|Poison\n|move|p2a: Serperior|Leaf Storm|p1a: Gastrodon\n|-resisted|p1a: Gastrodon\n|-damage|p1a: Gastrodon|84/100\n|-boost|p2a: Serperior|spa|2\n|move|p1a: Gastrodon|Surf|p2a: Serperior\n|-resisted|p2a: Serperior\n|-damage|p2a: Serperior|50/248\n|\n|-weather|RainDance|[upkeep]\n|-heal|p2a: Serperior|65/248|[from] item: Leftovers\n|-heal|p1a: Gastrodon|90/100|[from] item: Leftovers\n|upkeep\n|turn|18\n|inactive|Time left: 300 sec this turn | 300 sec total\n|\n|t:|1783542376\n|move|p2a: Serperior|Substitute|p2a: Serperior\n|-start|p2a: Serperior|Substitute\n|-damage|p2a: Serperior|3/248\n|move|p1a: Gastrodon|Surf|p2a: Serperior\n|-resisted|p2a: Serperior\n|-end|p2a: Serperior|Substitute\n|\n|-weather|RainDance|[upkeep]\n|-heal|p2a: Serperior|18/248|[from] item: Leftovers\n|-heal|p1a: Gastrodon|96/100|[from] item: Leftovers\n|upkeep\n|turn|19\n|inactive|Time left: 300 sec this turn | 300 sec total\n|\n|t:|1783542377\n|move|p2a: Serperior|Dragon Pulse|p1a: Gastrodon\n|-damage|p1a: Gastrodon|71/100\n|move|p1a: Gastrodon|Surf|p2a: Serperior\n|-resisted|p2a: Serperior\n|-damage|p2a: Serperior|0 fnt\n|faint|p2a: Serperior\n|\n|-weather|none\n|-heal|p1a: Gastrodon|77/100|[from] item: Leftovers\n|upkeep\n|inactive|Time left: 300 sec this turn | 300 sec total | 5 sec grace\n|\n|t:|1783542378\n|switch|p2a: Golem|Golem, L87, F|281/281\n|turn|20\n|inactive|Time left: 300 sec this turn | 300 sec total\n|\n|t:|1783542379\n|switch|p1a: Victreebel|Victreebel, L90, M|90/100\n|move|p2a: Golem|Earthquake|p1a: Victreebel\n|-crit|p1a: Victreebel\n|-damage|p1a: Victreebel|4/100\n|\n|upkeep\n|turn|21\n|inactive|Time left: 300 sec this turn | 300 sec total\n|\n|t:|1783542380\n|move|p1a: Victreebel|Strength Sap|p2a: Golem\n|-unboost|p2a: Golem|atk|1\n|-heal|p1a: Victreebel|94/100\n|move|p2a: Golem|Stealth Rock|p1a: Victreebel\n|-sidestart|p1: p0x2847d80|move: Stealth Rock\n|\n|upkeep\n|turn|22\n|inactive|Time left: 300 sec this turn | 300 sec total\n|\n|t:|1783542381\n|move|p1a: Victreebel|Power Whip|p2a: Golem|[miss]\n|-miss|p1a: Victreebel|p2a: Golem\n|move|p2a: Golem|Earthquake|p1a: Victreebel\n|-damage|p1a: Victreebel|59/100\n|\n|upkeep\n|turn|23\n|inactive|Time left: 300 sec this turn | 300 sec total\n|\n|t:|1783542382\n|move|p1a: Victreebel|Strength Sap|p2a: Golem\n|-unboost|p2a: Golem|atk|1\n|-heal|p1a: Victreebel|100/100\n|move|p2a: Golem|Stone Edge|p1a: Victreebel|[miss]\n|-miss|p2a: Golem|p1a: Victreebel\n|\n|upkeep\n|turn|24\n|inactive|Time left: 300 sec this turn | 300 sec total\n|\n|t:|1783542383\n|switch|p2a: Eelektross|Eelektross, L87, F|29/290\n|move|p1a: Victreebel|Power Whip|p2a: Eelektross\n|-damage|p2a: Eelektross|0 fnt\n|faint|p2a: Eelektross\n|-damage|p1a: Victreebel|90/100|[from] item: Life Orb\n|\n|upkeep\n|inactive|Time left: 300 sec this turn | 300 sec total | 5 sec grace\n|\n|t:|1783542384\n|switch|p2a: Golem|Golem, L87, F|281/281\n|turn|25\n|inactive|Time left: 300 sec this turn | 300 sec total\n|\n|t:|1783542385\n|move|p1a: Victreebel|Strength Sap|p2a: Golem\n|-unboost|p2a: Golem|atk|1\n|-heal|p1a: Victreebel|100/100\n|move|p2a: Golem|Earthquake|p1a: Victreebel\n|-damage|p1a: Victreebel|66/100\n|\n|upkeep\n|turn|26\n|inactive|Time left: 300 sec this turn | 300 sec total\n|\n|t:|1783542386\n|move|p1a: Victreebel|Strength Sap|p2a: Golem\n|-unboost|p2a: Golem|atk|1\n|-heal|p1a: Victreebel|100/100\n|move|p2a: Golem|Earthquake|p1a: Victreebel\n|-damage|p1a: Victreebel|74/100\n|\n|upkeep\n|turn|27\n|inactive|Time left: 300 sec this turn | 300 sec total\n|\n|t:|1783542387\n|move|p1a: Victreebel|Strength Sap|p2a: Golem\n|-unboost|p2a: Golem|atk|1\n|-heal|p1a: Victreebel|100/100\n|move|p2a: Golem|Earthquake|p1a: Victreebel\n|-damage|p1a: Victreebel|79/100\n|\n|upkeep\n|turn|28\n|inactive|Time left: 300 sec this turn | 300 sec total\n|\n|t:|1783542388\n|move|p1a: Victreebel|Strength Sap|p2a: Golem\n|-unboost|p2a: Golem|atk|1\n|-heal|p1a: Victreebel|100/100\n|move|p2a: Golem|Stone Edge|p1a: Victreebel\n|-damage|p1a: Victreebel|84/100\n|\n|upkeep\n|turn|29\n|inactive|Time left: 300 sec this turn | 300 sec total\n|\n|t:|1783542389\n|switch|p2a: Kyogre|Kyogre, L71|115/259\n|-weather|RainDance|[from] ability: Drizzle|[of] p2a: Kyogre\n|move|p1a: Victreebel|Power Whip|p2a: Kyogre\n|-supereffective|p2a: Kyogre\n|-damage|p2a: Kyogre|0 fnt\n|faint|p2a: Kyogre\n|-damage|p1a: Victreebel|74/100|[from] item: Life Orb\n|\n|-weather|RainDance|[upkeep]\n|upkeep\n|inactive|Time left: 300 sec this turn | 300 sec total | 5 sec grace\n|\n|t:|1783542390\n|switch|p2a: Golem|Golem, L87, F|281/281\n|turn|30\n|inactive|Time left: 300 sec this turn | 300 sec total\n|\n|t:|1783542391\n|move|p1a: Victreebel|Strength Sap|p2a: Golem\n|-unboost|p2a: Golem|atk|1\n|-heal|p1a: Victreebel|100/100\n|move|p2a: Golem|Earthquake|p1a: Victreebel\n|-damage|p1a: Victreebel|63/100\n|\n|-weather|RainDance|[upkeep]\n|upkeep\n|turn|31\n|inactive|Time left: 300 sec this turn | 300 sec total\n|\n|t:|1783542392\n|move|p1a: Victreebel|Strength Sap|p2a: Golem\n|-unboost|p2a: Golem|atk|1\n|-heal|p1a: Victreebel|100/100\n|move|p2a: Golem|Stone Edge|p1a: Victreebel\n|-damage|p1a: Victreebel|75/100\n|\n|-weather|RainDance|[upkeep]\n|upkeep\n|turn|32\n|inactive|Time left: 300 sec this turn | 300 sec total\n|\n|t:|1783542393\n|-terastallize|p2a: Golem|Steel\n|move|p1a: Victreebel|Power Whip|p2a: Golem\n|-resisted|p2a: Golem\n|-damage|p2a: Golem|207/281\n|-damage|p1a: Victreebel|65/100|[from] item: Life Orb\n|move|p2a: Golem|Stone Edge|p1a: Victreebel\n|-damage|p1a: Victreebel|39/100\n|\n|-weather|RainDance|[upkeep]\n|upkeep\n|turn|33\n|inactive|Time left: 300 sec this turn | 300 sec total\n|\n|t:|1783542394\n|move|p1a: Victreebel|Strength Sap|p2a: Golem\n|-unboost|p2a: Golem|atk|1\n|-heal|p1a: Victreebel|84/100\n|move|p2a: Golem|Earthquake|p1a: Victreebel\n|-damage|p1a: Victreebel|63/100\n|\n|-weather|none\n|upkeep\n|turn|34\n|inactive|Time left: 300 sec this turn | 300 sec total\n|\n|t:|1783542395\n|move|p1a: Victreebel|Strength Sap|p2a: Golem\n|-unboost|p2a: Golem|atk|1\n|-heal|p1a: Victreebel|98/100\n|move|p2a: Golem|Earthquake|p1a: Victreebel\n|-damage|p1a: Victreebel|81/100\n|\n|upkeep\n|turn|35\n|inactive|Time left: 300 sec this turn | 300 sec total\n|\n|t:|1783542396\n|move|p1a: Victreebel|Knock Off|p2a: Golem\n|-damage|p2a: Golem|121/281\n|-enditem|p2a: Golem|Custap Berry|[from] move: Knock Off|[of] p1a: Victreebel\n|-damage|p1a: Victreebel|71/100|[from] item: Life Orb\n|move|p2a: Golem|Earthquake|p1a: Victreebel\n|-damage|p1a: Victreebel|53/100\n|\n|upkeep\n|turn|36\n|inactive|Time left: 300 sec this turn | 300 sec total\n|\n|t:|1783542397\n|switch|p1a: Gastrodon|Gastrodon, L86, M, tera:Poison|77/100\n|-damage|p1a: Gastrodon|64/100|[from] Stealth Rock\n|move|p2a: Golem|Stone Edge|p1a: Gastrodon\n|-damage|p1a: Gastrodon|48/100\n|\n|-heal|p1a: Gastrodon|54/100|[from] item: Leftovers\n|upkeep\n|turn|37\n|inactive|Time left: 300 sec this turn | 300 sec total\n|\n|t:|1783542398\n|move|p2a: Golem|Stone Edge|p1a: Gastrodon|[miss]\n|-miss|p2a: Golem|p1a: Gastrodon\n|move|p1a: Gastrodon|Earthquake|p2a: Golem\n|-supereffective|p2a: Golem\n|-damage|p2a: Golem|0 fnt\n|faint|p2a: Golem\n|\n|win|p0x2847d80", "uploadtime": 1783542398, "views": 0, "rating": 0, "private": 0, "password": null, "_winner": "p0x2847d80", "_our_name": "p0y2847766"}