{"id": "battle-gen9randombattle-679", "formatid": "gen9randombattle", "format": "[Gen 9] Random Battle", "players": ["p0x67995b3", "p0y679fcae"], "log": "|init|battle\n|title|p0x67995b3 vs. p0y679fcae\n|j|\u2606p0x67995b3\n|j|\u2606p0y679fcae\n|t:|1783547711\n|gametype|singles\n|player|p1|p0x67995b3|101|\n|player|p2|p0y679fcae|169|\n|gen|9\n|tier|[Gen 9] Random Battle\n|rule|Species Clause: Limit one of each Pok\u00e9mon\n|rule|HP Percentage Mod: HP is shown in percentages\n|rule|Sleep Clause Mod: Limit one foe put to sleep\n|rule|Illusion Level Mod: Illusion disguises the Pok\u00e9mon's true level\n|\n|t:|1783547711\n|teamsize|p1|6\n|teamsize|p2|6\n|start\n|switch|p1a: Jolteon|Jolteon, L84, F|246/246\n|switch|p2a: Wyrdeer|Wyrdeer, L87, M|100/100\n|-ability|p2a: Wyrdeer|Intimidate|boost\n|-unboost|p1a: Jolteon|atk|1\n|turn|1\n|inactive|Battle timer is ON: inactive players will automatically lose when time's up. (requested by p0x67995b3)\n|inactive|p0y679fcae also wants the timer to be on.\n|\n|t:|1783547713\n|switch|p1a: Persian|Persian-Alola, L86, M|252/252\n|move|p2a: Wyrdeer|Earthquake|p1a: Persian\n|-damage|p1a: Persian|198/252\n|\n|upkeep\n|turn|2\n|inactive|Time left: 300 sec this turn | 300 sec total\n|\n|t:|1783547714\n|move|p1a: Persian|Knock Off|p2a: Wyrdeer\n|-supereffective|p2a: Wyrdeer\n|-damage|p2a: Wyrdeer|48/100\n|-enditem|p2a: Wyrdeer|Leftovers|[from] move: Knock Off|[of] p1a: Persian\n|move|p2a: Wyrdeer|Earthquake|p1a: Persian\n|-damage|p1a: Persian|145/252\n|\n|upkeep\n|turn|3\n|inactive|Time left: 300 sec this turn | 300 sec total\n|\n|t:|1783547715\n|switch|p2a: Annihilape|Annihilape, L76, M|100/100\n|move|p1a: Persian|Parting Shot|p2a: Annihilape\n|-unboost|p2a: Annihilape|atk|1\n|-ability|p2a: Annihilape|Defiant|boost\n|-boost|p2a: Annihilape|atk|2\n|-unboost|p2a: Annihilape|spa|1\n|-ability|p2a: Annihilape|Defiant|boost\n|-boost|p2a: Annihilape|atk|2\n|inactive|Time left: 300 sec this turn | 300 sec total | 5 sec grace\n|\n|t:|1783547716\n|switch|p1a: Entei|Entei, L78|307/307|[from] Parting Shot\n|\n|upkeep\n|turn|4\n|inactive|Time left: 300 sec this turn | 300 sec total\n|\n|t:|1783547717\n|move|p1a: Entei|Sacred Fire|p2a: Annihilape\n|-damage|p2a: Annihilape|36/100\n|move|p2a: Annihilape|Drain Punch|p1a: Entei\n|-damage|p1a: Entei|114/307\n|-heal|p2a: Annihilape|69/100|[from] drain|[of] p1a: Entei\n|\n|-heal|p2a: Annihilape|75/100|[from] item: Leftovers\n|upkeep\n|turn|5\n|inactive|Time left: 300 sec this turn | 300 sec total\n|\n|t:|1783547717\n|move|p1a: Entei|Sacred Fire|p2a: Annihilape\n|-damage|p2a: Annihilape|9/100\n|move|p2a: Annihilape|Drain Punch|p1a: Entei\n|-damage|p1a: Entei|0 fnt\n|-heal|p2a: Annihilape|29/100|[from] drain|[of] p1a: Entei\n|faint|p1a: Entei\n|\n|-heal|p2a: Annihilape|35/100|[from] item: Leftovers\n|upkeep\n|inactive|Time left: 300 sec this turn | 300 sec total | 5 sec grace\n|\n|t:|1783547718\n|switch|p1a: Jolteon|Jolteon, L84, F|246/246\n|turn|6\n|inactive|Time left: 300 sec this turn | 300 sec total\n|\n|t:|1783547720\n|switch|p2a: Wyrdeer|Wyrdeer, L87, M|48/100\n|-ability|p2a: Wyrdeer|Intimidate|boost\n|-unboost|p1a: Jolteon|atk|1\n|move|p1a: Jolteon|Thunderbolt|p2a: Wyrdeer\n|-damage|p2a: Wyrdeer|14/100\n|\n|upkeep\n|turn|7\n|inactive|Time left: 300 sec this turn | 300 sec total\n|\n|t:|1783547721\n|move|p1a: Jolteon|Thunderbolt|p2a: Wyrdeer\n|-damage|p2a: Wyrdeer|0 fnt\n|faint|p2a: Wyrdeer\n|\n|upkeep\n|\n|t:|1783547722\n|switch|p2a: Coalossal|Coalossal, L89, M|100/100\n|turn|8\n|inactive|Time left: 300 sec this turn | 300 sec total\n|\n|t:|1783547723\n|move|p1a: Jolteon|Calm Mind|p1a: Jolteon\n|-boost|p1a: Jolteon|spa|1\n|-boost|p1a: Jolteon|spd|1\n|move|p2a: Coalossal|Flamethrower|p1a: Jolteon\n|-damage|p1a: Jolteon|185/246\n|\n|-heal|p1a: Jolteon|200/246|[from] item: Leftovers\n|upkeep\n|turn|9\n|inactive|Time left: 300 sec this turn | 300 sec total\n|\n|t:|1783547724\n|move|p1a: Jolteon|Thunderbolt|p2a: Coalossal\n|-damage|p2a: Coalossal|61/100\n|move|p2a: Coalossal|Stone Edge|p1a: Jolteon\n|-damage|p1a: Jolteon|70/246\n|\n|-heal|p1a: Jolteon|85/246|[from] item: Leftovers\n|upkeep\n|turn|10\n|inactive|Time left: 300 sec this turn | 300 sec total\n|\n|t:|1783547725\n|move|p1a: Jolteon|Thunderbolt|p2a: Coalossal\n|-damage|p2a: Coalossal|15/100\n|move|p2a: Coalossal|Stone Edge|p1a: Jolteon|[miss]\n|-miss|p2a: Coalossal|p1a: Jolteon\n|\n|-heal|p1a: Jolteon|100/246|[from] item: Leftovers\n|upkeep\n|turn|11\n|inactive|Time left: 300 sec this turn | 300 sec total\n|\n|t:|1783547727\n|move|p1a: Jolteon|Thunderbolt|p2a: Coalossal\n|-damage|p2a: Coalossal|0 fnt\n|faint|p2a: Coalossal\n|\n|-heal|p1a: Jolteon|115/246|[from] item: Leftovers\n|upkeep\n|\n|t:|1783547727\n|switch|p2a: Walking Wake|Walking Wake, L79|100/100\n|turn|12\n|inactive|Time left: 300 sec this turn | 300 sec total\n|\n|t:|1783547728\n|move|p1a: Jolteon|Thunderbolt|p2a: Walking Wake\n|-damage|p2a: Walking Wake|37/100\n|move|p2a: Walking Wake|Hydro Pump|p1a: Jolteon\n|-damage|p1a: Jolteon|6/246\n|\n|-heal|p1a: Jolteon|21/246|[from] item: Leftovers\n|upkeep\n|turn|13\n|inactive|Time left: 300 sec this turn | 300 sec total\n|\n|t:|1783547729\n|move|p1a: Jolteon|Thunderbolt|p2a: Walking Wake\n|-damage|p2a: Walking Wake|0 fnt\n|faint|p2a: Walking Wake\n|-end|p2a: Walking Wake|Protosynthesis|[silent]\n|\n|-heal|p1a: Jolteon|36/246|[from] item: Leftovers\n|upkeep\n|\n|t:|1783547730\n|switch|p2a: Urshifu|Urshifu-Rapid-Strike, L75, F|100/100\n|turn|14\n|inactive|Time left: 300 sec this turn | 300 sec total\n|\n|t:|1783547731\n|move|p2a: Urshifu|Aqua Jet|p1a: Jolteon\n|-damage|p1a: Jolteon|0 fnt\n|faint|p1a: Jolteon\n|-damage|p2a: Urshifu|91/100|[from] item: Life Orb\n|\n|upkeep\n|inactive|Time left: 300 sec this turn | 300 sec total | 5 sec grace\n|\n|t:|1783547732\n|switch|p1a: Vivillon|Vivillon-Elegant, L83, F|268/268\n|turn|15\n|inactive|Time left: 300 sec this turn | 300 sec total\n|\n|t:|1783547733\n|-terastallize|p2a: Urshifu|Water\n|move|p1a: Vivillon|Sleep Powder|p2a: Urshifu\n|-status|p2a: Urshifu|slp|[from] move: Sleep Powder\n|cant|p2a: Urshifu|slp\n|\n|upkeep\n|turn|16\n|inactive|Time left: 300 sec this turn | 300 sec total\n|\n|t:|1783547734\n|move|p1a: Vivillon|Hurricane|p2a: Urshifu\n|-damage|p2a: Urshifu|37/100 slp\n|-curestatus|p2a: Urshifu|slp|[msg]\n|move|p2a: Urshifu|Surging Strikes|p1a: Vivillon\n|-crit|p1a: Vivillon\n|-damage|p1a: Vivillon|161/268\n|-crit|p1a: Vivillon\n|-damage|p1a: Vivillon|47/268\n|-crit|p1a: Vivillon\n|-damage|p1a: Vivillon|0 fnt\n|faint|p1a: Vivillon\n|-hitcount|p1: Vivillon|3\n|-damage|p2a: Urshifu|27/100|[from] item: Life Orb\n|\n|upkeep\n|inactive|Time left: 300 sec this turn | 300 sec total | 5 sec grace\n|\n|t:|1783547735\n|switch|p1a: Munkidori|Munkidori, L79, M|269/269\n|turn|17\n|inactive|Time left: 300 sec this turn | 300 sec total\n|\n|t:|1783547736\n|move|p2a: Urshifu|Aqua Jet|p1a: Munkidori\n|-damage|p1a: Munkidori|175/269\n|-damage|p2a: Urshifu|17/100|[from] item: Life Orb\n|move|p1a: Munkidori|Psyshock|p2a: Urshifu\n|-damage|p2a: Urshifu|0 fnt\n|faint|p2a: Urshifu\n|-damage|p1a: Munkidori|149/269|[from] item: Life Orb\n|\n|upkeep\n|\n|t:|1783547737\n|switch|p2a: Terapagos|Terapagos, L77, F|100/100\n|-activate|p2a: Terapagos|ability: Tera Shift\n|detailschange|p2a: Terapagos|Terapagos-Terastal, L77, F\n|-heal|p2a: Terapagos|100/100|[silent]\n|turn|18\n|inactive|Time left: 300 sec this turn | 300 sec total\n|\n|t:|1783547738\n|-terastallize|p1a: Munkidori|Fighting\n|move|p1a: Munkidori|Focus Blast|p2a: Terapagos\n|-activate|p2a: Terapagos|ability: Tera Shell\n|-resisted|p2a: Terapagos\n|-crit|p2a: Terapagos\n|-damage|p2a: Terapagos|51/100\n|-damage|p1a: Munkidori|123/269|[from] item: Life Orb\n|move|p2a: Terapagos|Rapid Spin|p1a: Munkidori\n|-damage|p1a: Munkidori|68/269\n|-boost|p2a: Terapagos|spe|1\n|\n|upkeep\n|turn|19\n|inactive|Time left: 300 sec this turn | 300 sec total\n|\n|t:|1783547740\n|switch|p1a: Florges|Florges-White, L85, F|271/271\n|move|p2a: Terapagos|Tera Starstorm|p1a: Florges\n|-damage|p1a: Florges|201/271\n|\n|-heal|p1a: Florges|217/271|[from] item: Leftovers\n|upkeep\n|turn|20\n|inactive|Time left: 300 sec this turn | 300 sec total\n|\n|t:|1783547741\n|move|p2a: Terapagos|Calm Mind|p2a: Terapagos\n|-boost|p2a: Terapagos|spa|1\n|-boost|p2a: Terapagos|spd|1\n|move|p1a: Florges|Moonblast|p2a: Terapagos\n|-damage|p2a: Terapagos|26/100\n|\n|-heal|p1a: Florges|233/271|[from] item: Leftovers\n|upkeep\n|turn|21\n|inactive|Time left: 300 sec this turn | 300 sec total\n|\n|t:|1783547742\n|move|p2a: Terapagos|Calm Mind|p2a: Terapagos\n|-boost|p2a: Terapagos|spa|1\n|-boost|p2a: Terapagos|spd|1\n|move|p1a: Florges|Moonblast|p2a: Terapagos\n|-damage|p2a: Terapagos|4/100\n|-unboost|p2a: Terapagos|spa|1\n|\n|-heal|p1a: Florges|249/271|[from] item: Leftovers\n|upkeep\n|turn|22\n|inactive|Time left: 300 sec this turn | 300 sec total\n|\n|t:|1783547743\n|move|p2a: Terapagos|Dark Pulse|p1a: Florges\n|-resisted|p1a: Florges\n|-damage|p1a: Florges|225/271\n|move|p1a: Florges|Moonblast|p2a: Terapagos\n|-damage|p2a: Terapagos|0 fnt\n|faint|p2a: Terapagos\n|\n|-heal|p1a: Florges|241/271|[from] item: Leftovers\n|upkeep\n|\n|t:|1783547743\n|switch|p2a: Annihilape|Annihilape, L76, M|35/100\n|turn|23\n|inactive|Time left: 300 sec this turn | 300 sec total\n|\n|t:|1783547745\n|move|p2a: Annihilape|Bulk Up|p2a: Annihilape\n|-boost|p2a: Annihilape|atk|1\n|-boost|p2a: Annihilape|def|1\n|move|p1a: Florges|Moonblast|p2a: Annihilape\n|-supereffective|p2a: Annihilape\n|-damage|p2a: Annihilape|0 fnt\n|faint|p2a: Annihilape\n|\n|win|p0x67995b3", "uploadtime": 1783547745, "views": 0, "rating": 0, "private": 0, "password": null, "_winner": "p0x67995b3", "_our_name": "p0x67995b3"}