{"id": "battle-gen9randombattle-1104", "formatid": "gen9randombattle", "format": "[Gen 9] Random Battle", "players": ["p0x1104edc2", "p0y110405e3"], "log": "|init|battle\n|title|p0x1104edc2 vs. p0y110405e3\n|j|\u2606p0x1104edc2\n|j|\u2606p0y110405e3\n|t:|1783552759\n|gametype|singles\n|player|p1|p0x1104edc2|102|\n|player|p2|p0y110405e3|170|\n|gen|9\n|tier|[Gen 9] Random Battle\n|rule|Species Clause: Limit one of each Pok\u00e9mon\n|rule|HP Percentage Mod: HP is shown in percentages\n|rule|Sleep Clause Mod: Limit one foe put to sleep\n|rule|Illusion Level Mod: Illusion disguises the Pok\u00e9mon's true level\n|\n|t:|1783552759\n|teamsize|p1|6\n|teamsize|p2|6\n|start\n|switch|p1a: Baxcalibur|Baxcalibur, L75, F|100/100\n|switch|p2a: Blaziken|Blaziken, L76, F|247/247\n|turn|1\n|inactive|Battle timer is ON: inactive players will automatically lose when time's up. (requested by p0y110405e3)\n|inactive|p0x1104edc2 also wants the timer to be on.\n|\n|t:|1783552761\n|-terastallize|p1a: Baxcalibur|Ground\n|move|p1a: Baxcalibur|Earthquake|p2a: Blaziken\n|-supereffective|p2a: Blaziken\n|-damage|p2a: Blaziken|0 fnt\n|faint|p2a: Blaziken\n|\n|upkeep\n|inactive|Time left: 300 sec this turn | 300 sec total | 65 sec grace\n|\n|t:|1783552762\n|switch|p2a: Tsareena|Tsareena, L87, F|267/267\n|turn|2\n|inactive|Time left: 300 sec this turn | 300 sec total\n|\n|t:|1783552763\n|switch|p1a: Entei|Entei, L78|100/100\n|move|p2a: Tsareena|Power Whip|p1a: Entei\n|-resisted|p1a: Entei\n|-damage|p1a: Entei|72/100\n|\n|upkeep\n|turn|3\n|inactive|Time left: 300 sec this turn | 300 sec total\n|\n|t:|1783552764\n|switch|p2a: Magcargo|Magcargo, L95, M|268/268\n|move|p1a: Entei|Sacred Fire|p2a: Magcargo|[miss]\n|-miss|p1a: Entei|p2a: Magcargo\n|\n|upkeep\n|turn|4\n|inactive|Time left: 300 sec this turn | 300 sec total\n|\n|t:|1783552766\n|switch|p1a: Baxcalibur|Baxcalibur, L75, F, tera:Ground|100/100\n|move|p2a: Magcargo|Shell Smash|p2a: Magcargo\n|-unboost|p2a: Magcargo|def|1\n|-unboost|p2a: Magcargo|spd|1\n|-boost|p2a: Magcargo|atk|2\n|-boost|p2a: Magcargo|spa|2\n|-boost|p2a: Magcargo|spe|2\n|\n|upkeep\n|turn|5\n|inactive|Time left: 300 sec this turn | 300 sec total\n|\n|t:|1783552767\n|switch|p1a: Suicune|Suicune, L82|100/100\n|-ability|p1a: Suicune|Pressure\n|move|p2a: Magcargo|Fire Blast|p1a: Suicune\n|-resisted|p1a: Suicune\n|-damage|p1a: Suicune|59/100\n|\n|-heal|p1a: Suicune|65/100|[from] item: Leftovers\n|upkeep\n|turn|6\n|inactive|Time left: 300 sec this turn | 300 sec total\n|\n|t:|1783552768\n|-terastallize|p2a: Magcargo|Grass\n|move|p2a: Magcargo|Power Gem|p1a: Suicune\n|-damage|p1a: Suicune|3/100\n|move|p1a: Suicune|Scald|p2a: Magcargo\n|-resisted|p2a: Magcargo\n|-damage|p2a: Magcargo|212/268\n|\n|-heal|p1a: Suicune|9/100|[from] item: Leftovers\n|upkeep\n|turn|7\n|inactive|Time left: 300 sec this turn | 300 sec total\n|\n|t:|1783552769\n|move|p2a: Magcargo|Shell Smash|p2a: Magcargo\n|-unboost|p2a: Magcargo|def|1\n|-unboost|p2a: Magcargo|spd|1\n|-boost|p2a: Magcargo|atk|2\n|-boost|p2a: Magcargo|spa|2\n|-boost|p2a: Magcargo|spe|2\n|move|p1a: Suicune|Calm Mind|p1a: Suicune\n|-boost|p1a: Suicune|spa|1\n|-boost|p1a: Suicune|spd|1\n|\n|-heal|p1a: Suicune|15/100|[from] item: Leftovers\n|upkeep\n|turn|8\n|inactive|Time left: 300 sec this turn | 300 sec total\n|\n|t:|1783552770\n|move|p2a: Magcargo|Earth Power|p1a: Suicune\n|-damage|p1a: Suicune|0 fnt\n|faint|p1a: Suicune\n|\n|upkeep\n|\n|t:|1783552771\n|switch|p1a: Baxcalibur|Baxcalibur, L75, F, tera:Ground|100/100\n|turn|9\n|inactive|Time left: 300 sec this turn | 300 sec total\n|\n|t:|1783552772\n|move|p2a: Magcargo|Fire Blast|p1a: Baxcalibur\n|-damage|p1a: Baxcalibur|0 fnt\n|faint|p1a: Baxcalibur\n|\n|upkeep\n|\n|t:|1783552773\n|switch|p1a: Trevenant|Trevenant, L89, F|100/100\n|turn|10\n|inactive|Time left: 300 sec this turn | 300 sec total\n|\n|t:|1783552774\n|move|p2a: Magcargo|Fire Blast|p1a: Trevenant|[miss]\n|-miss|p2a: Magcargo|p1a: Trevenant\n|move|p1a: Trevenant|Poltergeist|p2a: Magcargo\n|-activate|p2a: Magcargo|move: Poltergeist|Heavy-Duty Boots\n|-damage|p2a: Magcargo|0 fnt\n|faint|p2a: Magcargo\n|-damage|p1a: Trevenant|91/100|[from] item: Life Orb\n|\n|upkeep\n|inactive|Time left: 300 sec this turn | 300 sec total | 5 sec grace\n|\n|t:|1783552776\n|switch|p2a: Stonjourner|Stonjourner, L91, F|330/330\n|turn|11\n|inactive|Time left: 300 sec this turn | 300 sec total\n|\n|t:|1783552777\n|switch|p1a: Sudowoodo|Sudowoodo, L94, M|100/100\n|move|p2a: Stonjourner|Heat Crash|p1a: Sudowoodo\n|-resisted|p1a: Sudowoodo\n|-damage|p1a: Sudowoodo|81/100\n|-damage|p2a: Stonjourner|297/330|[from] item: Life Orb\n|\n|-heal|p1a: Sudowoodo|87/100|[from] item: Leftovers\n|upkeep\n|turn|12\n|inactive|Time left: 300 sec this turn | 300 sec total\n|\n|t:|1783552778\n|move|p2a: Stonjourner|Earthquake|p1a: Sudowoodo\n|-supereffective|p1a: Sudowoodo\n|-damage|p1a: Sudowoodo|23/100\n|-damage|p2a: Stonjourner|264/330|[from] item: Life Orb\n|move|p1a: Sudowoodo|Wood Hammer|p2a: Stonjourner\n|-supereffective|p2a: Stonjourner\n|-damage|p2a: Stonjourner|124/330\n|\n|-heal|p1a: Sudowoodo|29/100|[from] item: Leftovers\n|upkeep\n|turn|13\n|inactive|Time left: 300 sec this turn | 300 sec total\n|\n|t:|1783552779\n|switch|p1a: Trevenant|Trevenant, L89, F|91/100\n|move|p2a: Stonjourner|Earthquake|p1a: Trevenant\n|-resisted|p1a: Trevenant\n|-damage|p1a: Trevenant|65/100\n|-damage|p2a: Stonjourner|91/330|[from] item: Life Orb\n|\n|upkeep\n|turn|14\n|inactive|Time left: 300 sec this turn | 300 sec total\n|\n|t:|1783552780\n|switch|p1a: Sudowoodo|Sudowoodo, L94, M|29/100\n|move|p2a: Stonjourner|Stone Edge|p1a: Sudowoodo|[miss]\n|-miss|p2a: Stonjourner|p1a: Sudowoodo\n|\n|-heal|p1a: Sudowoodo|35/100|[from] item: Leftovers\n|upkeep\n|turn|15\n|inactive|Time left: 300 sec this turn | 300 sec total\n|\n|t:|1783552781\n|move|p2a: Stonjourner|Earthquake|p1a: Sudowoodo\n|-supereffective|p1a: Sudowoodo\n|-damage|p1a: Sudowoodo|0 fnt\n|faint|p1a: Sudowoodo\n|-damage|p2a: Stonjourner|58/330|[from] item: Life Orb\n|\n|upkeep\n|\n|t:|1783552782\n|switch|p1a: Entei|Entei, L78|72/100\n|turn|16\n|inactive|Time left: 300 sec this turn | 300 sec total\n|\n|t:|1783552783\n|switch|p2a: Phione|Phione, L91|293/293\n|move|p1a: Entei|Flare Blitz|p2a: Phione\n|-resisted|p2a: Phione\n|-crit|p2a: Phione\n|-damage|p2a: Phione|152/293\n|-damage|p1a: Entei|57/100|[from] Recoil\n|\n|-heal|p2a: Phione|170/293|[from] item: Leftovers\n|upkeep\n|turn|17\n|inactive|Time left: 300 sec this turn | 300 sec total\n|\n|t:|1783552784\n|switch|p1a: Luxray|Luxray, L88, M|100/100\n|move|p2a: Phione|Scald|p1a: Luxray\n|-damage|p1a: Luxray|71/100\n|\n|-heal|p2a: Phione|188/293|[from] item: Leftovers\n|-status|p1a: Luxray|brn|[from] item: Flame Orb\n|upkeep\n|turn|18\n|inactive|Time left: 300 sec this turn | 300 sec total\n|\n|t:|1783552785\n|switch|p2a: Tsareena|Tsareena, L87, F|267/267\n|move|p1a: Luxray|Facade|p2a: Tsareena\n|-damage|p2a: Tsareena|104/267\n|\n|-damage|p1a: Luxray|65/100 brn|[from] brn\n|upkeep\n|turn|19\n|inactive|Time left: 300 sec this turn | 300 sec total\n|\n|t:|1783552786\n|switch|p1a: Entei|Entei, L78|57/100\n|move|p2a: Tsareena|Power Whip|p1a: Entei\n|-resisted|p1a: Entei\n|-damage|p1a: Entei|28/100\n|\n|upkeep\n|turn|20\n|inactive|Time left: 300 sec this turn | 300 sec total\n|\n|t:|1783552787\n|switch|p2a: Phione|Phione, L91|188/293\n|move|p1a: Entei|Sacred Fire|p2a: Phione\n|-resisted|p2a: Phione\n|-damage|p2a: Phione|116/293\n|\n|-heal|p2a: Phione|134/293|[from] item: Leftovers\n|upkeep\n|turn|21\n|inactive|Time left: 300 sec this turn | 300 sec total\n|\n|t:|1783552788\n|move|p1a: Entei|Sacred Fire|p2a: Phione\n|-resisted|p2a: Phione\n|-damage|p2a: Phione|50/293\n|move|p2a: Phione|Scald|p1a: Entei\n|-supereffective|p1a: Entei\n|-damage|p1a: Entei|0 fnt\n|faint|p1a: Entei\n|\n|-heal|p2a: Phione|68/293|[from] item: Leftovers\n|upkeep\n|\n|t:|1783552789\n|switch|p1a: Trevenant|Trevenant, L89, F|65/100\n|turn|22\n|inactive|Time left: 300 sec this turn | 300 sec total\n|\n|t:|1783552790\n|move|p2a: Phione|Scald|p1a: Trevenant\n|-resisted|p1a: Trevenant\n|-damage|p1a: Trevenant|52/100\n|move|p1a: Trevenant|Will-O-Wisp|p2a: Phione\n|-status|p2a: Phione|brn\n|\n|-heal|p2a: Phione|86/293 brn|[from] item: Leftovers\n|-damage|p2a: Phione|68/293 brn|[from] brn\n|upkeep\n|turn|23\n|inactive|Time left: 300 sec this turn | 300 sec total\n|\n|t:|1783552791\n|move|p2a: Phione|Scald|p1a: Trevenant\n|-resisted|p1a: Trevenant\n|-damage|p1a: Trevenant|38/100\n|move|p1a: Trevenant|Horn Leech|p2a: Phione\n|-supereffective|p2a: Phione\n|-damage|p2a: Phione|0 fnt\n|-heal|p1a: Trevenant|49/100|[from] drain|[of] p2a: Phione\n|faint|p2a: Phione\n|-damage|p1a: Trevenant|40/100|[from] item: Life Orb\n|\n|upkeep\n|inactive|Time left: 300 sec this turn | 300 sec total | 5 sec grace\n|\n|t:|1783552792\n|switch|p2a: Stonjourner|Stonjourner, L91, F|58/330\n|turn|24\n|inactive|Time left: 300 sec this turn | 300 sec total\n|\n|t:|1783552793\n|switch|p1a: Luxray|Luxray, L88, M|65/100 brn\n|move|p2a: Stonjourner|Heat Crash|p1a: Luxray\n|-damage|p1a: Luxray|5/100 brn\n|-damage|p2a: Stonjourner|25/330|[from] item: Life Orb\n|\n|-damage|p1a: Luxray|0 fnt|[from] brn\n|faint|p1a: Luxray\n|upkeep\n|\n|t:|1783552794\n|switch|p1a: Trevenant|Trevenant, L89, F|40/100\n|turn|25\n|inactive|Time left: 300 sec this turn | 300 sec total\n|\n|t:|1783552795\n|move|p2a: Stonjourner|Heat Crash|p1a: Trevenant\n|-supereffective|p1a: Trevenant\n|-damage|p1a: Trevenant|0 fnt\n|faint|p1a: Trevenant\n|-damage|p2a: Stonjourner|0 fnt|[from] item: Life Orb\n|faint|p2a: Stonjourner\n|\n|win|p0y110405e3", "uploadtime": 1783552795, "views": 0, "rating": 0, "private": 0, "password": null, "_winner": "p0y110405e3", "_our_name": "p0y110405e3"}