{"id": "battle-gen9randombattle-602", "formatid": "gen9randombattle", "format": "[Gen 9] Random Battle", "players": ["p0x6024d63", "p0y602398c"], "log": "|init|battle\n|title|p0x6024d63 vs. p0y602398c\n|j|\u2606p0x6024d63\n|j|\u2606p0y602398c\n|t:|1783546806\n|gametype|singles\n|player|p1|p0x6024d63|102|\n|player|p2|p0y602398c|1|\n|gen|9\n|tier|[Gen 9] Random Battle\n|rule|Species Clause: Limit one of each Pok\u00e9mon\n|rule|HP Percentage Mod: HP is shown in percentages\n|rule|Sleep Clause Mod: Limit one foe put to sleep\n|rule|Illusion Level Mod: Illusion disguises the Pok\u00e9mon's true level\n|\n|t:|1783546806\n|teamsize|p1|6\n|teamsize|p2|6\n|start\n|switch|p1a: Tentacruel|Tentacruel, L84, F|272/272\n|switch|p2a: Luvdisc|Luvdisc, F|100/100\n|turn|1\n|inactive|Battle timer is ON: inactive players will automatically lose when time's up. (requested by p0y602398c)\n|inactive|Time left: 300 sec this turn | 300 sec total | 60 sec grace\n|inactive|p0x6024d63 also wants the timer to be on.\n|\n|t:|1783546808\n|switch|p2a: Passimian|Passimian, L83, F|100/100\n|move|p1a: Tentacruel|Surf|p2a: Passimian\n|-damage|p2a: Passimian|66/100\n|\n|upkeep\n|turn|2\n|inactive|Time left: 300 sec this turn | 300 sec total\n|\n|t:|1783546809\n|move|p1a: Tentacruel|Sludge Bomb|p2a: Passimian\n|-crit|p2a: Passimian\n|-damage|p2a: Passimian|6/100\n|-status|p2a: Passimian|psn\n|move|p2a: Passimian|Knock Off|p1a: Tentacruel\n|-damage|p1a: Tentacruel|125/272\n|-enditem|p1a: Tentacruel|Leftovers|[from] move: Knock Off|[of] p2a: Passimian\n|\n|-damage|p2a: Passimian|0 fnt|[from] psn\n|faint|p2a: Passimian\n|upkeep\n|\n|t:|1783546810\n|switch|p2a: Pelipper|Pelipper, L86, F|100/100\n|-weather|RainDance|[from] ability: Drizzle|[of] p2a: Pelipper\n|turn|3\n|inactive|Time left: 300 sec this turn | 300 sec total\n|\n|t:|1783546811\n|move|p1a: Tentacruel|Sludge Bomb|p2a: Pelipper\n|-damage|p2a: Pelipper|65/100\n|move|p2a: Pelipper|Hurricane|p1a: Tentacruel\n|-damage|p1a: Tentacruel|0 fnt\n|faint|p1a: Tentacruel\n|\n|-weather|RainDance|[upkeep]\n|upkeep\n|inactive|Time left: 300 sec this turn | 300 sec total | 5 sec grace\n|\n|t:|1783546812\n|switch|p1a: Latios|Latios, L78, M|253/253\n|turn|4\n|inactive|Time left: 300 sec this turn | 300 sec total\n|\n|t:|1783546813\n|move|p1a: Latios|Luster Purge|p2a: Pelipper\n|-damage|p2a: Pelipper|0 fnt\n|faint|p2a: Pelipper\n|\n|-weather|RainDance|[upkeep]\n|upkeep\n|\n|t:|1783546814\n|switch|p2a: Reuniclus|Reuniclus, L88, F|100/100\n|turn|5\n|inactive|Time left: 300 sec this turn | 300 sec total\n|\n|t:|1783546815\n|move|p1a: Latios|Luster Purge|p2a: Reuniclus\n|-resisted|p2a: Reuniclus\n|-damage|p2a: Reuniclus|76/100\n|move|p2a: Reuniclus|Calm Mind|p2a: Reuniclus\n|-boost|p2a: Reuniclus|spa|1\n|-boost|p2a: Reuniclus|spd|1\n|\n|-weather|RainDance|[upkeep]\n|upkeep\n|turn|6\n|inactive|Time left: 300 sec this turn | 300 sec total\n|\n|t:|1783546816\n|move|p1a: Latios|Luster Purge|p2a: Reuniclus\n|-resisted|p2a: Reuniclus\n|-damage|p2a: Reuniclus|60/100\n|move|p2a: Reuniclus|Calm Mind|p2a: Reuniclus\n|-boost|p2a: Reuniclus|spa|1\n|-boost|p2a: Reuniclus|spd|1\n|\n|-weather|RainDance|[upkeep]\n|upkeep\n|turn|7\n|inactive|Time left: 300 sec this turn | 300 sec total\n|\n|t:|1783546817\n|switch|p1a: Polteageist|Polteageist-Antique, L78|222/222\n|move|p2a: Reuniclus|Psychic|p1a: Polteageist\n|-damage|p1a: Polteageist|0 fnt\n|faint|p1a: Polteageist\n|\n|-weather|none\n|upkeep\n|inactive|Time left: 300 sec this turn | 300 sec total | 5 sec grace\n|\n|t:|1783546818\n|switch|p1a: Emboar|Emboar, L84, M|322/322\n|turn|8\n|inactive|Time left: 300 sec this turn | 300 sec total\n|\n|t:|1783546819\n|move|p1a: Emboar|Flare Blitz|p2a: Reuniclus\n|-damage|p2a: Reuniclus|0 fnt\n|faint|p2a: Reuniclus\n|-damage|p1a: Emboar|255/322|[from] Recoil\n|\n|upkeep\n|\n|t:|1783546820\n|switch|p2a: Luvdisc|Luvdisc, F|100/100\n|turn|9\n|inactive|Time left: 300 sec this turn | 300 sec total\n|\n|t:|1783546821\n|switch|p1a: Latios|Latios, L78, M|253/253\n|move|p2a: Luvdisc|Surf|p1a: Latios\n|-resisted|p1a: Latios\n|-damage|p1a: Latios|223/253\n|\n|upkeep\n|turn|10\n|inactive|Time left: 300 sec this turn | 300 sec total\n|\n|t:|1783546822\n|move|p2a: Luvdisc|Flip Turn|p1a: Latios\n|-resisted|p1a: Latios\n|-damage|p1a: Latios|198/253\n|\n|t:|1783546822\n|switch|p2a: Vespiquen|Vespiquen, L99, F|100/100|[from] Flip Turn\n|-ability|p2a: Vespiquen|Pressure\n|move|p1a: Latios|Luster Purge|p2a: Vespiquen\n|-crit|p2a: Vespiquen\n|-damage|p2a: Vespiquen|41/100\n|\n|upkeep\n|turn|11\n|inactive|Time left: 300 sec this turn | 300 sec total\n|\n|t:|1783546823\n|-terastallize|p2a: Vespiquen|Steel\n|move|p1a: Latios|Luster Purge|p2a: Vespiquen\n|-resisted|p2a: Vespiquen\n|-damage|p2a: Vespiquen|22/100\n|-unboost|p2a: Vespiquen|spd|1\n|move|p2a: Vespiquen|Roost|p2a: Vespiquen\n|-heal|p2a: Vespiquen|72/100\n|\n|upkeep\n|turn|12\n|inactive|Time left: 300 sec this turn | 300 sec total\n|\n|t:|1783546825\n|move|p1a: Latios|Luster Purge|p2a: Vespiquen\n|-resisted|p2a: Vespiquen\n|-damage|p2a: Vespiquen|41/100\n|move|p2a: Vespiquen|Air Slash|p1a: Latios\n|-crit|p1a: Latios\n|-damage|p1a: Latios|80/253\n|\n|upkeep\n|turn|13\n|inactive|Time left: 300 sec this turn | 300 sec total\n|\n|t:|1783546826\n|switch|p1a: Emboar|Emboar, L84, M|255/322\n|switch|p2a: Plusle|Plusle, L95, F|100/100\n|\n|upkeep\n|turn|14\n|inactive|Time left: 300 sec this turn | 300 sec total\n|\n|t:|1783546827\n|move|p2a: Plusle|Thunderbolt|p1a: Emboar\n|-damage|p1a: Emboar|87/322\n|-damage|p2a: Plusle|91/100|[from] item: Life Orb\n|move|p1a: Emboar|Close Combat|p2a: Plusle\n|-damage|p2a: Plusle|0 fnt\n|-unboost|p1a: Emboar|def|1\n|-unboost|p1a: Emboar|spd|1\n|faint|p2a: Plusle\n|\n|upkeep\n|\n|t:|1783546828\n|switch|p2a: Luvdisc|Luvdisc, F|100/100\n|turn|15\n|inactive|Time left: 300 sec this turn | 300 sec total\n|\n|t:|1783546829\n|switch|p1a: Latios|Latios, L78, M|80/253\n|move|p2a: Luvdisc|Flip Turn|p1a: Latios\n|-resisted|p1a: Latios\n|-damage|p1a: Latios|56/253\n|\n|t:|1783546830\n|switch|p2a: Vespiquen|Vespiquen, L99, F, tera:Steel|41/100|[from] Flip Turn\n|-ability|p2a: Vespiquen|Pressure\n|\n|upkeep\n|turn|16\n|inactive|Time left: 300 sec this turn | 300 sec total\n|\n|t:|1783546831\n|move|p1a: Latios|Aura Sphere|p2a: Vespiquen\n|-supereffective|p2a: Vespiquen\n|-damage|p2a: Vespiquen|0 fnt\n|faint|p2a: Vespiquen\n|\n|upkeep\n|\n|t:|1783546832\n|switch|p2a: Luvdisc|Luvdisc, F|100/100\n|turn|17\n|inactive|Time left: 300 sec this turn | 300 sec total\n|\n|t:|1783546833\n|move|p2a: Luvdisc|Surf|p1a: Latios\n|-resisted|p1a: Latios\n|-damage|p1a: Latios|25/253\n|move|p1a: Latios|Aura Sphere|p2a: Luvdisc\n|-damage|p2a: Luvdisc|60/100\n|\n|upkeep\n|turn|18\n|inactive|Time left: 300 sec this turn | 300 sec total\n|\n|t:|1783546834\n|move|p2a: Luvdisc|Substitute|p2a: Luvdisc\n|-start|p2a: Luvdisc|Substitute\n|-damage|p2a: Luvdisc|35/100\n|move|p1a: Latios|Aura Sphere|p2a: Luvdisc\n|-end|p2a: Luvdisc|Substitute\n|\n|upkeep\n|turn|19\n|inactive|Time left: 300 sec this turn | 300 sec total\n|\n|t:|1783546835\n|move|p2a: Luvdisc|Substitute|p2a: Luvdisc\n|-start|p2a: Luvdisc|Substitute\n|-damage|p2a: Luvdisc|11/100\n|move|p1a: Latios|Aura Sphere|p2a: Luvdisc\n|-end|p2a: Luvdisc|Substitute\n|\n|upkeep\n|turn|20\n|inactive|Time left: 300 sec this turn | 300 sec total\n|\n|t:|1783546836\n|-terastallize|p1a: Latios|Dragon\n|move|p2a: Luvdisc|Surf|p1a: Latios\n|-resisted|p1a: Latios\n|-damage|p1a: Latios|0 fnt\n|faint|p1a: Latios\n|\n|upkeep\n|inactive|Time left: 300 sec this turn | 300 sec total | 5 sec grace\n|\n|t:|1783546837\n|switch|p1a: Phione|Phione, L91|293/293\n|turn|21\n|inactive|Time left: 300 sec this turn | 300 sec total\n|\n|t:|1783546838\n|move|p2a: Luvdisc|Substitute|p2a: Luvdisc\n|-fail|p2a: Luvdisc|move: Substitute|[weak]\n|move|p1a: Phione|Scald|p2a: Luvdisc\n|-resisted|p2a: Luvdisc\n|-damage|p2a: Luvdisc|0 fnt\n|faint|p2a: Luvdisc\n|\n|win|p0x6024d63", "uploadtime": 1783546838, "views": 0, "rating": 0, "private": 0, "password": null, "_winner": "p0x6024d63", "_our_name": "p0x6024d63"}