{"id": "battle-gen9randombattle-2005", "formatid": "gen9randombattle", "format": "[Gen 9] Random Battle", "players": ["p0x2005240d", "p0y2005045f"], "log": "|init|battle\n|title|p0x2005240d vs. p0y2005045f\n|j|\u2606p0x2005240d\n|j|\u2606p0y2005045f\n|t:|1783563200\n|gametype|singles\n|player|p1|p0x2005240d|1|\n|player|p2|p0y2005045f|1|\n|gen|9\n|tier|[Gen 9] Random Battle\n|rule|Species Clause: Limit one of each Pok\u00e9mon\n|rule|HP Percentage Mod: HP is shown in percentages\n|rule|Sleep Clause Mod: Limit one foe put to sleep\n|rule|Illusion Level Mod: Illusion disguises the Pok\u00e9mon's true level\n|\n|t:|1783563200\n|teamsize|p1|6\n|teamsize|p2|6\n|start\n|switch|p1a: Sandy Shocks|Sandy Shocks, L80|267/267\n|switch|p2a: Iron Crown|Iron Crown, L78|100/100\n|turn|1\n|inactive|Battle timer is ON: inactive players will automatically lose when time's up. (requested by p0y2005045f)\n|inactive|Time left: 300 sec this turn | 300 sec total | 60 sec grace\n|inactive|p0x2005240d also wants the timer to be on.\n|\n|t:|1783563202\n|move|p1a: Sandy Shocks|Earth Power|p2a: Iron Crown\n|-supereffective|p2a: Iron Crown\n|-damage|p2a: Iron Crown|22/100\n|move|p2a: Iron Crown|Tachyon Cutter|p1a: Sandy Shocks\n|-resisted|p1a: Sandy Shocks\n|-damage|p1a: Sandy Shocks|222/267\n|-resisted|p1a: Sandy Shocks\n|-damage|p1a: Sandy Shocks|179/267\n|-hitcount|p1a: Sandy Shocks|2\n|\n|upkeep\n|turn|2\n|inactive|Time left: 300 sec this turn | 300 sec total\n|\n|t:|1783563203\n|-end|p2a: Iron Crown|Quark Drive|[silent]\n|switch|p2a: Gumshoos|Gumshoos, L95, F|100/100\n|move|p1a: Sandy Shocks|Earth Power|p2a: Gumshoos\n|-damage|p2a: Gumshoos|66/100\n|\n|upkeep\n|turn|3\n|inactive|Time left: 300 sec this turn | 300 sec total\n|\n|t:|1783563204\n|move|p1a: Sandy Shocks|Earth Power|p2a: Gumshoos\n|-damage|p2a: Gumshoos|24/100\n|move|p2a: Gumshoos|Double-Edge|p1a: Sandy Shocks\n|-damage|p1a: Sandy Shocks|0 fnt\n|faint|p1a: Sandy Shocks\n|-end|p1a: Sandy Shocks|Protosynthesis|[silent]\n|-damage|p2a: Gumshoos|6/100|[from] Recoil\n|\n|upkeep\n|inactive|Time left: 300 sec this turn | 300 sec total | 5 sec grace\n|\n|t:|1783563205\n|switch|p1a: Iron Jugulis|Iron Jugulis, L77|271/271\n|turn|4\n|inactive|Time left: 300 sec this turn | 300 sec total\n|\n|t:|1783563206\n|move|p1a: Iron Jugulis|Meteor Beam||[still]\n|-prepare|p1a: Iron Jugulis|Meteor Beam\n|-boost|p1a: Iron Jugulis|spa|1\n|-enditem|p1a: Iron Jugulis|Power Herb\n|-anim|p1a: Iron Jugulis|Meteor Beam|p2a: Gumshoos\n|-damage|p2a: Gumshoos|0 fnt\n|faint|p2a: Gumshoos\n|\n|upkeep\n|\n|t:|1783563207\n|switch|p2a: Inteleon|Inteleon, L81, F|100/100\n|turn|5\n|inactive|Time left: 300 sec this turn | 300 sec total\n|\n|t:|1783563209\n|move|p2a: Inteleon|Ice Beam|p1a: Iron Jugulis\n|-supereffective|p1a: Iron Jugulis\n|-damage|p1a: Iron Jugulis|7/271\n|move|p1a: Iron Jugulis|Meteor Beam||[still]\n|-prepare|p1a: Iron Jugulis|Meteor Beam\n|-boost|p1a: Iron Jugulis|spa|1\n|\n|upkeep\n|turn|6\n|inactive|Time left: 300 sec this turn | 300 sec total\n|\n|t:|1783563210\n|move|p2a: Inteleon|Ice Beam|p1a: Iron Jugulis\n|-supereffective|p1a: Iron Jugulis\n|-damage|p1a: Iron Jugulis|0 fnt\n|faint|p1a: Iron Jugulis\n|-end|p1a: Iron Jugulis|Quark Drive|[silent]\n|\n|upkeep\n|inactive|Time left: 300 sec this turn | 300 sec total | 5 sec grace\n|\n|t:|1783563211\n|switch|p1a: Greninja|Greninja, L80, M|246/246\n|turn|7\n|inactive|Time left: 300 sec this turn | 300 sec total\n|\n|t:|1783563212\n|move|p2a: Inteleon|Ice Beam|p1a: Greninja\n|-resisted|p1a: Greninja\n|-damage|p1a: Greninja|181/246\n|move|p1a: Greninja|Dark Pulse|p2a: Inteleon\n|-damage|p2a: Inteleon|45/100\n|-damage|p1a: Greninja|157/246|[from] item: Life Orb\n|\n|upkeep\n|turn|8\n|inactive|Time left: 300 sec this turn | 300 sec total\n|\n|t:|1783563213\n|switch|p2a: Kingambit|Kingambit, L74, M|100/100\n|-activate|p2a: Kingambit|ability: Supreme Overlord\n|-start|p2a: Kingambit|fallen1|[silent]\n|move|p1a: Greninja|Dark Pulse|p2a: Kingambit\n|-resisted|p2a: Kingambit\n|-damage|p2a: Kingambit|80/100\n|-damage|p1a: Greninja|133/246|[from] item: Life Orb\n|\n|-heal|p2a: Kingambit|86/100|[from] item: Leftovers\n|upkeep\n|turn|9\n|inactive|Time left: 300 sec this turn | 300 sec total\n|\n|t:|1783563215\n|move|p1a: Greninja|Hydro Pump|p2a: Kingambit\n|-damage|p2a: Kingambit|20/100\n|-damage|p1a: Greninja|109/246|[from] item: Life Orb\n|move|p2a: Kingambit|Swords Dance|p2a: Kingambit\n|-boost|p2a: Kingambit|atk|2\n|\n|-heal|p2a: Kingambit|26/100|[from] item: Leftovers\n|upkeep\n|turn|10\n|inactive|Time left: 300 sec this turn | 300 sec total\n|\n|t:|1783563216\n|move|p2a: Kingambit|Sucker Punch|p1a: Greninja\n|-resisted|p1a: Greninja\n|-damage|p1a: Greninja|10/246\n|move|p1a: Greninja|Hydro Pump|p2a: Kingambit\n|-damage|p2a: Kingambit|0 fnt\n|faint|p2a: Kingambit\n|-end|p2a: Kingambit|fallen1|[silent]\n|-ability|p1a: Greninja|Battle Bond|boost\n|-boost|p1a: Greninja|atk|1\n|-boost|p1a: Greninja|spa|1\n|-boost|p1a: Greninja|spe|1\n|-activate|p1a: Greninja|ability: Battle Bond\n|-damage|p1a: Greninja|0 fnt|[from] item: Life Orb\n|faint|p1a: Greninja\n|\n|upkeep\n|inactive|Time left: 300 sec this turn | 300 sec total | 5 sec grace\n|\n|t:|1783563217\n|switch|p1a: Calyrex|Calyrex, L93|337/337\n|switch|p2a: Rampardos|Rampardos, L90, M|100/100\n|-ability|p1a: Calyrex|Unnerve\n|turn|11\n|inactive|Time left: 300 sec this turn | 300 sec total\n|\n|t:|1783563219\n|move|p2a: Rampardos|Fire Punch|p1a: Calyrex\n|-supereffective|p1a: Calyrex\n|-damage|p1a: Calyrex|83/337\n|move|p1a: Calyrex|Giga Drain|p2a: Rampardos\n|-supereffective|p2a: Rampardos\n|-damage|p2a: Rampardos|22/100\n|-heal|p1a: Calyrex|209/337|[from] drain|[of] p2a: Rampardos\n|\n|-heal|p1a: Calyrex|230/337|[from] item: Leftovers\n|upkeep\n|turn|12\n|inactive|Time left: 300 sec this turn | 300 sec total\n|\n|t:|1783563220\n|-terastallize|p1a: Calyrex|Fighting\n|move|p2a: Rampardos|Fire Punch|p1a: Calyrex\n|-damage|p1a: Calyrex|119/337\n|move|p1a: Calyrex|Giga Drain|p2a: Rampardos\n|-supereffective|p2a: Rampardos\n|-damage|p2a: Rampardos|0 fnt\n|-heal|p1a: Calyrex|154/337|[from] drain|[of] p2a: Rampardos\n|faint|p2a: Rampardos\n|\n|-heal|p1a: Calyrex|175/337|[from] item: Leftovers\n|upkeep\n|\n|t:|1783563220\n|switch|p2a: Inteleon|Inteleon, L81, F|45/100\n|turn|13\n|inactive|Time left: 300 sec this turn | 300 sec total\n|\n|t:|1783563221\n|move|p2a: Inteleon|Hydro Pump|p1a: Calyrex\n|-damage|p1a: Calyrex|0 fnt\n|faint|p1a: Calyrex\n|\n|upkeep\n|inactive|Time left: 300 sec this turn | 300 sec total | 5 sec grace\n|\n|t:|1783563222\n|switch|p1a: Swalot|Swalot, L90, F|326/326\n|turn|14\n|inactive|Time left: 300 sec this turn | 300 sec total\n|\n|t:|1783563222\n|move|p2a: Inteleon|Hydro Pump|p1a: Swalot|[miss]\n|-miss|p2a: Inteleon|p1a: Swalot\n|move|p1a: Swalot|Knock Off|p2a: Inteleon\n|-damage|p2a: Inteleon|11/100\n|-enditem|p2a: Inteleon|Choice Specs|[from] move: Knock Off|[of] p1a: Swalot\n|\n|upkeep\n|turn|15\n|inactive|Time left: 300 sec this turn | 300 sec total\n|\n|t:|1783563223\n|switch|p1a: Seviper|Seviper, L93, M|287/287\n|move|p2a: Inteleon|Scald|p1a: Seviper\n|-damage|p1a: Seviper|100/287\n|\n|upkeep\n|turn|16\n|inactive|Time left: 300 sec this turn | 300 sec total\n|\n|t:|1783563224\n|switch|p1a: Swalot|Swalot, L90, F|326/326\n|move|p2a: Inteleon|Scald|p1a: Swalot\n|-damage|p1a: Swalot|190/326\n|\n|-heal|p1a: Swalot|210/326|[from] item: Leftovers\n|upkeep\n|turn|17\n|inactive|Time left: 300 sec this turn | 300 sec total\n|\n|t:|1783563224\n|switch|p1a: Seviper|Seviper, L93, M|100/287\n|-terastallize|p2a: Inteleon|Water\n|move|p2a: Inteleon|Hydro Pump|p1a: Seviper\n|-damage|p1a: Seviper|0 fnt\n|faint|p1a: Seviper\n|\n|upkeep\n|inactive|Time left: 300 sec this turn | 300 sec total | 5 sec grace\n|\n|t:|1783563225\n|switch|p1a: Swalot|Swalot, L90, F|210/326\n|turn|18\n|inactive|Time left: 300 sec this turn | 300 sec total\n|\n|t:|1783563226\n|move|p2a: Inteleon|Hydro Pump|p1a: Swalot\n|-damage|p1a: Swalot|0 fnt\n|faint|p1a: Swalot\n|\n|win|p0y2005045f", "uploadtime": 1783563226, "views": 0, "rating": 0, "private": 0, "password": null, "_winner": "p0y2005045f", "_our_name": "p0x2005240d"}