{"id": "battle-gen9randombattle-1737", "formatid": "gen9randombattle", "format": "[Gen 9] Random Battle", "players": ["p0x173751f6", "p0y17375ba6"], "log": "|init|battle\n|title|p0x173751f6 vs. p0y17375ba6\n|j|\u2606p0x173751f6\n|j|\u2606p0y17375ba6\n|t:|1783560078\n|gametype|singles\n|player|p1|p0x173751f6|1|\n|player|p2|p0y17375ba6|102|\n|gen|9\n|tier|[Gen 9] Random Battle\n|rule|Species Clause: Limit one of each Pok\u00e9mon\n|rule|HP Percentage Mod: HP is shown in percentages\n|rule|Sleep Clause Mod: Limit one foe put to sleep\n|rule|Illusion Level Mod: Illusion disguises the Pok\u00e9mon's true level\n|\n|t:|1783560078\n|teamsize|p1|6\n|teamsize|p2|6\n|start\n|switch|p1a: Dedenne|Dedenne, L88, M|261/261\n|switch|p2a: Mewtwo|Mewtwo, L72|100/100\n|-ability|p2a: Mewtwo|Pressure\n|turn|1\n|inactive|Battle timer is ON: inactive players will automatically lose when time's up. (requested by p0y17375ba6)\n|inactive|Time left: 300 sec this turn | 300 sec total | 60 sec grace\n|inactive|p0x173751f6 also wants the timer to be on.\n|\n|t:|1783560079\n|move|p2a: Mewtwo|Nasty Plot|p2a: Mewtwo\n|-boost|p2a: Mewtwo|spa|2\n|move|p1a: Dedenne|Thunderbolt|p2a: Mewtwo\n|-damage|p2a: Mewtwo|65/100\n|\n|upkeep\n|turn|2\n|inactive|Time left: 300 sec this turn | 300 sec total\n|\n|t:|1783560081\n|switch|p1a: Deoxys|Deoxys-Speed, L82|216/216\n|-ability|p1a: Deoxys|Pressure\n|move|p2a: Mewtwo|Psystrike|p1a: Deoxys\n|-resisted|p1a: Deoxys\n|-damage|p1a: Deoxys|73/216\n|-damage|p2a: Mewtwo|55/100|[from] item: Life Orb\n|\n|-heal|p1a: Deoxys|86/216|[from] item: Leftovers\n|upkeep\n|turn|3\n|inactive|Time left: 300 sec this turn | 300 sec total\n|\n|t:|1783560082\n|move|p1a: Deoxys|Stealth Rock|p2a: Mewtwo\n|-sidestart|p2: p0y17375ba6|move: Stealth Rock\n|move|p2a: Mewtwo|Psystrike|p1a: Deoxys\n|-resisted|p1a: Deoxys\n|-damage|p1a: Deoxys|0 fnt\n|faint|p1a: Deoxys\n|-damage|p2a: Mewtwo|45/100|[from] item: Life Orb\n|\n|upkeep\n|inactive|Time left: 300 sec this turn | 300 sec total | 5 sec grace\n|\n|t:|1783560083\n|switch|p1a: Rillaboom|Rillaboom, L79, M|288/288\n|-fieldstart|move: Grassy Terrain|[from] ability: Grassy Surge|[of] p1a: Rillaboom\n|turn|4\n|inactive|Time left: 300 sec this turn | 300 sec total\n|\n|t:|1783560084\n|move|p1a: Rillaboom|Grassy Glide|p2a: Mewtwo\n|-damage|p2a: Mewtwo|0 fnt\n|faint|p2a: Mewtwo\n|\n|upkeep\n|\n|t:|1783560084\n|switch|p2a: Cacturne|Cacturne, L92, M|100/100\n|-damage|p2a: Cacturne|88/100|[from] Stealth Rock\n|turn|5\n|inactive|Time left: 300 sec this turn | 300 sec total\n|\n|t:|1783560086\n|move|p1a: Rillaboom|Grassy Glide|p2a: Cacturne\n|-resisted|p2a: Cacturne\n|-damage|p2a: Cacturne|61/100\n|move|p2a: Cacturne|Swords Dance|p2a: Cacturne\n|-boost|p2a: Cacturne|atk|2\n|\n|-heal|p2a: Cacturne|67/100|[from] Grassy Terrain\n|upkeep\n|turn|6\n|inactive|Time left: 300 sec this turn | 300 sec total\n|\n|t:|1783560087\n|move|p1a: Rillaboom|Grassy Glide|p2a: Cacturne\n|-resisted|p2a: Cacturne\n|-damage|p2a: Cacturne|43/100\n|move|p2a: Cacturne|Knock Off|p1a: Rillaboom\n|-damage|p1a: Rillaboom|0 fnt\n|-enditem|p1a: Rillaboom|Choice Band|[from] move: Knock Off|[of] p2a: Cacturne\n|faint|p1a: Rillaboom\n|-damage|p2a: Cacturne|33/100|[from] item: Life Orb\n|\n|-heal|p2a: Cacturne|39/100|[from] Grassy Terrain\n|upkeep\n|inactive|Time left: 300 sec this turn | 300 sec total | 5 sec grace\n|\n|t:|1783560088\n|switch|p1a: Dedenne|Dedenne, L88, M|261/261\n|turn|7\n|inactive|Time left: 300 sec this turn | 300 sec total\n|\n|t:|1783560089\n|move|p1a: Dedenne|Dazzling Gleam|p2a: Cacturne\n|-supereffective|p2a: Cacturne\n|-damage|p2a: Cacturne|0 fnt\n|faint|p2a: Cacturne\n|\n|upkeep\n|\n|t:|1783560090\n|switch|p2a: Iron Thorns|Iron Thorns, L83|100/100\n|-damage|p2a: Iron Thorns|88/100|[from] Stealth Rock\n|turn|8\n|inactive|Time left: 300 sec this turn | 300 sec total\n|\n|t:|1783560091\n|move|p2a: Iron Thorns|Stone Edge|p1a: Dedenne\n|-damage|p1a: Dedenne|74/261\n|-enditem|p1a: Dedenne|Sitrus Berry|[eat]\n|-heal|p1a: Dedenne|139/261|[from] item: Sitrus Berry\n|-heal|p1a: Dedenne|226/261|[from] ability: Cheek Pouch\n|move|p1a: Dedenne|Super Fang|p2a: Iron Thorns\n|-damage|p2a: Iron Thorns|45/100\n|\n|-heal|p2a: Iron Thorns|50/100|[from] Grassy Terrain\n|-heal|p1a: Dedenne|242/261|[from] Grassy Terrain\n|-fieldend|move: Grassy Terrain\n|upkeep\n|turn|9\n|inactive|Time left: 300 sec this turn | 300 sec total\n|\n|t:|1783560092\n|move|p2a: Iron Thorns|Stone Edge|p1a: Dedenne|[miss]\n|-miss|p2a: Iron Thorns|p1a: Dedenne\n|move|p1a: Dedenne|Dazzling Gleam|p2a: Iron Thorns\n|-damage|p2a: Iron Thorns|20/100\n|\n|upkeep\n|turn|10\n|inactive|Time left: 300 sec this turn | 300 sec total\n|\n|t:|1783560093\n|move|p2a: Iron Thorns|Stone Edge|p1a: Dedenne\n|-damage|p1a: Dedenne|79/261\n|move|p1a: Dedenne|Dazzling Gleam|p2a: Iron Thorns\n|-damage|p2a: Iron Thorns|0 fnt\n|faint|p2a: Iron Thorns\n|-end|p2a: Iron Thorns|Quark Drive|[silent]\n|\n|upkeep\n|\n|t:|1783560094\n|switch|p2a: Sunflora|Sunflora, M|100/100\n|-damage|p2a: Sunflora|88/100|[from] Stealth Rock\n|turn|11\n|inactive|Time left: 300 sec this turn | 300 sec total\n|\n|t:|1783560095\n|move|p1a: Dedenne|Super Fang|p2a: Sunflora\n|-damage|p2a: Sunflora|44/100\n|move|p2a: Sunflora|Sunny Day|p2a: Sunflora\n|-weather|SunnyDay\n|\n|-weather|SunnyDay|[upkeep]\n|upkeep\n|turn|12\n|inactive|Time left: 300 sec this turn | 300 sec total\n|\n|t:|1783560096\n|move|p2a: Sunflora|Solar Beam||[still]\n|-prepare|p2a: Sunflora|Solar Beam\n|-anim|p2a: Sunflora|Solar Beam|p1a: Dedenne\n|-damage|p1a: Dedenne|0 fnt\n|faint|p1a: Dedenne\n|-damage|p2a: Sunflora|34/100|[from] item: Life Orb\n|\n|-weather|SunnyDay|[upkeep]\n|upkeep\n|inactive|Time left: 300 sec this turn | 300 sec total | 5 sec grace\n|\n|t:|1783560097\n|switch|p1a: Alcremie|Alcremie-Salted-Cream, L90, F|263/263\n|turn|13\n|inactive|Time left: 300 sec this turn | 300 sec total\n|\n|t:|1783560098\n|-terastallize|p2a: Sunflora|Fire\n|move|p2a: Sunflora|Weather Ball|p1a: Alcremie\n|-damage|p1a: Alcremie|47/263\n|-damage|p2a: Sunflora|25/100|[from] item: Life Orb\n|move|p1a: Alcremie|Psyshock|p2a: Sunflora\n|-damage|p2a: Sunflora|0 fnt\n|faint|p2a: Sunflora\n|\n|-weather|SunnyDay|[upkeep]\n|-heal|p1a: Alcremie|63/263|[from] item: Leftovers\n|upkeep\n|\n|t:|1783560099\n|switch|p2a: Zapdos|Zapdos-Galar, L77|100/100\n|-damage|p2a: Zapdos|88/100|[from] Stealth Rock\n|turn|14\n|inactive|Time left: 300 sec this turn | 300 sec total\n|\n|t:|1783560100\n|move|p2a: Zapdos|Brave Bird|p1a: Alcremie\n|-damage|p1a: Alcremie|0 fnt\n|faint|p1a: Alcremie\n|-damage|p2a: Zapdos|80/100|[from] Recoil\n|-damage|p2a: Zapdos|70/100|[from] item: Life Orb\n|\n|-weather|SunnyDay|[upkeep]\n|upkeep\n|inactive|Time left: 300 sec this turn | 300 sec total | 5 sec grace\n|\n|t:|1783560101\n|switch|p1a: Luvdisc|Luvdisc, M|247/247\n|turn|15\n|inactive|Time left: 300 sec this turn | 300 sec total\n|\n|t:|1783560102\n|move|p1a: Luvdisc|Substitute|p1a: Luvdisc\n|-start|p1a: Luvdisc|Substitute\n|-damage|p1a: Luvdisc|186/247\n|move|p2a: Zapdos|Knock Off|p1a: Luvdisc\n|-end|p1a: Luvdisc|Substitute\n|-damage|p2a: Zapdos|60/100|[from] item: Life Orb\n|\n|-weather|none\n|upkeep\n|turn|16\n|inactive|Time left: 300 sec this turn | 300 sec total\n|\n|t:|1783560103\n|move|p1a: Luvdisc|Surf|p2a: Zapdos\n|-damage|p2a: Zapdos|30/100\n|move|p2a: Zapdos|Close Combat|p1a: Luvdisc\n|-damage|p1a: Luvdisc|5/247\n|-unboost|p2a: Zapdos|def|1\n|-unboost|p2a: Zapdos|spd|1\n|-damage|p2a: Zapdos|20/100|[from] item: Life Orb\n|\n|upkeep\n|turn|17\n|inactive|Time left: 300 sec this turn | 300 sec total\n|\n|t:|1783560103\n|move|p1a: Luvdisc|Flip Turn|p2a: Zapdos\n|-damage|p2a: Zapdos|0 fnt\n|faint|p2a: Zapdos\n|inactive|Time left: 300 sec this turn | 300 sec total | 5 sec grace\n|\n|t:|1783560104\n|switch|p1a: Zangoose|Zangoose, L85, F|263/263|[from] Flip Turn\n|\n|-status|p1a: Zangoose|tox|[from] item: Toxic Orb\n|upkeep\n|\n|t:|1783560105\n|switch|p2a: Palafin|Palafin, L77, F|100/100\n|-damage|p2a: Palafin|88/100|[from] Stealth Rock\n|turn|18\n|inactive|Time left: 300 sec this turn | 300 sec total\n|\n|t:|1783560106\n|move|p1a: Zangoose|Facade|p2a: Palafin\n|-damage|p2a: Palafin|0 fnt\n|faint|p2a: Palafin\n|\n|win|p0x173751f6", "uploadtime": 1783560106, "views": 0, "rating": 0, "private": 0, "password": null, "_winner": "p0x173751f6", "_our_name": "p0x173751f6"}