{"id": "battle-gen9randombattle-2885", "formatid": "gen9randombattle", "format": "[Gen 9] Random Battle", "players": ["p0x2885660f", "p0y28859725"], "log": "|init|battle\n|title|p0x2885660f vs. p0y28859725\n|j|\u2606p0x2885660f\n|j|\u2606p0y28859725\n|t:|1783573234\n|gametype|singles\n|player|p1|p0x2885660f|2|\n|player|p2|p0y28859725|102|\n|gen|9\n|tier|[Gen 9] Random Battle\n|rule|Species Clause: Limit one of each Pok\u00e9mon\n|rule|HP Percentage Mod: HP is shown in percentages\n|rule|Sleep Clause Mod: Limit one foe put to sleep\n|rule|Illusion Level Mod: Illusion disguises the Pok\u00e9mon's true level\n|\n|t:|1783573234\n|teamsize|p1|6\n|teamsize|p2|6\n|start\n|switch|p1a: Tauros|Tauros, L82, M|100/100\n|switch|p2a: Dudunsparce|Dudunsparce-Three-Segment, L83, F|343/343\n|turn|1\n|inactive|Battle timer is ON: inactive players will automatically lose when time's up. (requested by p0x2885660f)\n|inactive|Time left: 300 sec this turn | 300 sec total | 60 sec grace\n|inactive|p0y28859725 also wants the timer to be on.\n|\n|t:|1783573236\n|move|p1a: Tauros|Body Slam|p2a: Dudunsparce\n|-damage|p2a: Dudunsparce|183/343\n|move|p2a: Dudunsparce|Boomburst|p1a: Tauros\n|-damage|p1a: Tauros|35/100\n|\n|-heal|p2a: Dudunsparce|204/343|[from] item: Leftovers\n|upkeep\n|turn|2\n|inactive|Time left: 300 sec this turn | 300 sec total\n|\n|t:|1783573237\n|switch|p2a: Armarouge|Armarouge, L80, M|267/267\n|move|p1a: Tauros|Close Combat|p2a: Armarouge\n|-resisted|p2a: Armarouge\n|-damage|p2a: Armarouge|220/267\n|-unboost|p1a: Tauros|def|1\n|-unboost|p1a: Tauros|spd|1\n|-ability|p2a: Armarouge|Weak Armor|boost\n|-unboost|p2a: Armarouge|def|1\n|-boost|p2a: Armarouge|spe|2\n|-damage|p1a: Tauros|25/100|[from] item: Life Orb\n|\n|upkeep\n|turn|3\n|inactive|Time left: 300 sec this turn | 300 sec total\n|\n|t:|1783573238\n|switch|p1a: Dipplin|Dipplin, L88, M|100/100\n|move|p2a: Armarouge|Armor Cannon|p1a: Dipplin\n|-damage|p1a: Dipplin|48/100\n|-unboost|p2a: Armarouge|def|1\n|-unboost|p2a: Armarouge|spd|1\n|\n|upkeep\n|turn|4\n|inactive|Time left: 300 sec this turn | 300 sec total\n|\n|t:|1783573239\n|move|p2a: Armarouge|Armor Cannon|p1a: Dipplin\n|-damage|p1a: Dipplin|0 fnt\n|-unboost|p2a: Armarouge|def|1\n|-unboost|p2a: Armarouge|spd|1\n|faint|p1a: Dipplin\n|\n|upkeep\n|\n|t:|1783573240\n|switch|p1a: Cacturne|Cacturne, L92, M|100/100\n|turn|5\n|inactive|Time left: 300 sec this turn | 300 sec total\n|\n|t:|1783573240\n|move|p1a: Cacturne|Sucker Punch|p2a: Armarouge\n|-supereffective|p2a: Armarouge\n|-damage|p2a: Armarouge|0 fnt\n|faint|p2a: Armarouge\n|-damage|p1a: Cacturne|91/100|[from] item: Life Orb\n|\n|upkeep\n|inactive|Time left: 300 sec this turn | 300 sec total | 5 sec grace\n|\n|t:|1783573241\n|switch|p2a: Baxcalibur|Baxcalibur, L75, F|296/296\n|turn|6\n|inactive|Time left: 300 sec this turn | 300 sec total\n|\n|t:|1783573242\n|switch|p1a: Bronzong|Bronzong, L88|100/100\n|move|p2a: Baxcalibur|Icicle Crash|p1a: Bronzong\n|-resisted|p1a: Bronzong\n|-damage|p1a: Bronzong|84/100\n|\n|-heal|p1a: Bronzong|91/100|[from] item: Leftovers\n|upkeep\n|turn|7\n|inactive|Time left: 300 sec this turn | 300 sec total\n|\n|t:|1783573244\n|move|p2a: Baxcalibur|Dragon Dance|p2a: Baxcalibur\n|-boost|p2a: Baxcalibur|atk|1\n|-boost|p2a: Baxcalibur|spe|1\n|move|p1a: Bronzong|Hypnosis|p2a: Baxcalibur|[miss]\n|-miss|p1a: Bronzong|p2a: Baxcalibur\n|\n|-heal|p1a: Bronzong|97/100|[from] item: Leftovers\n|upkeep\n|turn|8\n|inactive|Time left: 300 sec this turn | 300 sec total\n|\n|t:|1783573245\n|move|p2a: Baxcalibur|Dragon Dance|p2a: Baxcalibur\n|-boost|p2a: Baxcalibur|atk|1\n|-boost|p2a: Baxcalibur|spe|1\n|move|p1a: Bronzong|Hypnosis|p2a: Baxcalibur\n|-status|p2a: Baxcalibur|slp|[from] move: Hypnosis\n|\n|-heal|p1a: Bronzong|100/100|[from] item: Leftovers\n|upkeep\n|turn|9\n|inactive|Time left: 300 sec this turn | 300 sec total\n|\n|t:|1783573246\n|switch|p1a: Cacturne|Cacturne, L92, M|91/100\n|cant|p2a: Baxcalibur|slp\n|\n|upkeep\n|turn|10\n|inactive|Time left: 300 sec this turn | 300 sec total\n|\n|t:|1783573247\n|-curestatus|p2a: Baxcalibur|slp|[msg]\n|move|p2a: Baxcalibur|Glaive Rush|p1a: Cacturne\n|-damage|p1a: Cacturne|0 fnt\n|-singlemove|p2a: Baxcalibur|Glaive Rush|[silent]\n|faint|p1a: Cacturne\n|\n|upkeep\n|\n|t:|1783573247\n|switch|p1a: Bronzong|Bronzong, L88|100/100\n|turn|11\n|inactive|Time left: 300 sec this turn | 300 sec total\n|\n|t:|1783573248\n|-terastallize|p2a: Baxcalibur|Ground\n|move|p2a: Baxcalibur|Icicle Crash|p1a: Bronzong\n|-resisted|p1a: Bronzong\n|-damage|p1a: Bronzong|73/100\n|move|p1a: Bronzong|Psychic Noise|p2a: Baxcalibur\n|-damage|p2a: Baxcalibur|208/296\n|-start|p2a: Baxcalibur|move: Heal Block\n|\n|-heal|p1a: Bronzong|79/100|[from] item: Leftovers\n|upkeep\n|turn|12\n|inactive|Time left: 300 sec this turn | 300 sec total\n|\n|t:|1783573249\n|move|p2a: Baxcalibur|Glaive Rush|p1a: Bronzong\n|-resisted|p1a: Bronzong\n|-damage|p1a: Bronzong|35/100\n|-singlemove|p2a: Baxcalibur|Glaive Rush|[silent]\n|move|p1a: Bronzong|Psychic Noise|p2a: Baxcalibur\n|-damage|p2a: Baxcalibur|44/296\n|\n|-heal|p1a: Bronzong|41/100|[from] item: Leftovers\n|-end|p2a: Baxcalibur|move: Heal Block\n|upkeep\n|turn|13\n|inactive|Time left: 300 sec this turn | 300 sec total\n|\n|t:|1783573250\n|move|p2a: Baxcalibur|Glaive Rush|p1a: Bronzong\n|-resisted|p1a: Bronzong\n|-damage|p1a: Bronzong|0 fnt\n|-singlemove|p2a: Baxcalibur|Glaive Rush|[silent]\n|faint|p1a: Bronzong\n|\n|upkeep\n|\n|t:|1783573251\n|switch|p1a: Tauros|Tauros, L82, M|25/100\n|turn|14\n|inactive|Time left: 300 sec this turn | 300 sec total\n|\n|t:|1783573251\n|move|p2a: Baxcalibur|Glaive Rush|p1a: Tauros\n|-damage|p1a: Tauros|0 fnt\n|-singlemove|p2a: Baxcalibur|Glaive Rush|[silent]\n|faint|p1a: Tauros\n|\n|upkeep\n|\n|t:|1783573252\n|switch|p1a: Gengar|Gengar, L81, M|100/100\n|turn|15\n|inactive|Time left: 300 sec this turn | 300 sec total\n|\n|t:|1783573253\n|move|p2a: Baxcalibur|Glaive Rush|p1a: Gengar\n|-damage|p1a: Gengar|0 fnt\n|-singlemove|p2a: Baxcalibur|Glaive Rush|[silent]\n|faint|p1a: Gengar\n|\n|upkeep\n|\n|t:|1783573254\n|switch|p1a: Vivillon|Vivillon-River, L83, F|100/100\n|turn|16\n|inactive|Time left: 300 sec this turn | 300 sec total\n|\n|t:|1783573254\n|move|p2a: Baxcalibur|Glaive Rush|p1a: Vivillon\n|-damage|p1a: Vivillon|0 fnt\n|-singlemove|p2a: Baxcalibur|Glaive Rush|[silent]\n|faint|p1a: Vivillon\n|\n|win|p0y28859725", "uploadtime": 1783573254, "views": 0, "rating": 0, "private": 0, "password": null, "_winner": "p0y28859725", "_our_name": "p0y28859725"}