{"id": "battle-gen9randombattle-721", "formatid": "gen9randombattle", "format": "[Gen 9] Random Battle", "players": ["p0x721d436", "p0y7217faa"], "log": "|init|battle\n|title|p0x721d436 vs. p0y7217faa\n|j|\u2606p0x721d436\n|j|\u2606p0y7217faa\n|t:|1783548197\n|gametype|singles\n|player|p1|p0x721d436|170|\n|player|p2|p0y7217faa|265|\n|gen|9\n|tier|[Gen 9] Random Battle\n|rule|Species Clause: Limit one of each Pok\u00e9mon\n|rule|HP Percentage Mod: HP is shown in percentages\n|rule|Sleep Clause Mod: Limit one foe put to sleep\n|rule|Illusion Level Mod: Illusion disguises the Pok\u00e9mon's true level\n|\n|t:|1783548197\n|teamsize|p1|6\n|teamsize|p2|6\n|start\n|switch|p1a: Sudowoodo|Sudowoodo, L94, M|284/284\n|switch|p2a: Sinistcha|Sinistcha, L83|100/100\n|turn|1\n|inactive|Battle timer is ON: inactive players will automatically lose when time's up. (requested by p0y7217faa)\n|inactive|Time left: 300 sec this turn | 300 sec total | 60 sec grace\n|inactive|p0x721d436 also wants the timer to be on.\n|\n|t:|1783548199\n|move|p2a: Sinistcha|Matcha Gotcha|p1a: Sudowoodo\n|-supereffective|p1a: Sudowoodo\n|-damage|p1a: Sudowoodo|42/284\n|move|p1a: Sudowoodo|Head Smash|p2a: Sinistcha\n|-damage|p2a: Sinistcha|0 fnt\n|faint|p2a: Sinistcha\n|\n|upkeep\n|\n|t:|1783548200\n|switch|p2a: Iron Moth|Iron Moth, L78|100/100\n|turn|2\n|inactive|Time left: 300 sec this turn | 300 sec total\n|\n|t:|1783548201\n|move|p2a: Iron Moth|Fiery Dance|p1a: Sudowoodo\n|-resisted|p1a: Sudowoodo\n|-damage|p1a: Sudowoodo|0 fnt\n|-boost|p2a: Iron Moth|spa|1\n|faint|p1a: Sudowoodo\n|\n|upkeep\n|inactive|Time left: 300 sec this turn | 300 sec total | 5 sec grace\n|\n|t:|1783548202\n|switch|p1a: Golurk|Golurk, L87|297/297\n|turn|3\n|inactive|Time left: 300 sec this turn | 300 sec total\n|\n|t:|1783548203\n|move|p2a: Iron Moth|Fiery Dance|p1a: Golurk\n|-damage|p1a: Golurk|65/297\n|move|p1a: Golurk|Poltergeist|p2a: Iron Moth\n|-activate|p2a: Iron Moth|move: Poltergeist|Choice Specs\n|-damage|p2a: Iron Moth|0 fnt\n|faint|p2a: Iron Moth\n|-end|p2a: Iron Moth|Quark Drive|[silent]\n|\n|upkeep\n|\n|t:|1783548204\n|switch|p2a: Pelipper|Pelipper, L86, M|100/100\n|-weather|RainDance|[from] ability: Drizzle|[of] p2a: Pelipper\n|turn|4\n|inactive|Time left: 300 sec this turn | 300 sec total\n|\n|t:|1783548205\n|switch|p1a: Primarina|Primarina, L83, F|268/268\n|move|p2a: Pelipper|Weather Ball|p1a: Primarina\n|-resisted|p1a: Primarina\n|-damage|p1a: Primarina|162/268\n|\n|-weather|RainDance|[upkeep]\n|-heal|p1a: Primarina|178/268|[from] item: Leftovers\n|upkeep\n|turn|5\n|inactive|Time left: 300 sec this turn | 300 sec total\n|\n|t:|1783548206\n|move|p2a: Pelipper|Weather Ball|p1a: Primarina\n|-resisted|p1a: Primarina\n|-damage|p1a: Primarina|78/268\n|move|p1a: Primarina|Calm Mind|p1a: Primarina\n|-boost|p1a: Primarina|spa|1\n|-boost|p1a: Primarina|spd|1\n|\n|-weather|RainDance|[upkeep]\n|-heal|p1a: Primarina|94/268|[from] item: Leftovers\n|upkeep\n|turn|6\n|inactive|Time left: 300 sec this turn | 300 sec total\n|\n|t:|1783548207\n|switch|p2a: Qwilfish|Qwilfish, L86, F|100/100\n|-ability|p2a: Qwilfish|Intimidate|boost\n|-unboost|p1a: Primarina|atk|1\n|move|p1a: Primarina|Draining Kiss|p2a: Qwilfish\n|-resisted|p2a: Qwilfish\n|-damage|p2a: Qwilfish|77/100\n|-heal|p1a: Primarina|139/268|[from] drain|[of] p2a: Qwilfish\n|\n|-weather|RainDance|[upkeep]\n|-heal|p2a: Qwilfish|83/100|[from] item: Leftovers\n|-heal|p1a: Primarina|155/268|[from] item: Leftovers\n|upkeep\n|turn|7\n|inactive|Time left: 300 sec this turn | 300 sec total\n|\n|t:|1783548208\n|switch|p1a: Mesprit|Mesprit, L85|275/275\n|move|p2a: Qwilfish|Gunk Shot|p1a: Mesprit\n|-damage|p1a: Mesprit|167/275\n|\n|-weather|RainDance|[upkeep]\n|-heal|p2a: Qwilfish|89/100|[from] item: Leftovers\n|-heal|p1a: Mesprit|184/275|[from] item: Leftovers\n|upkeep\n|turn|8\n|inactive|Time left: 300 sec this turn | 300 sec total\n|\n|t:|1783548208\n|move|p2a: Qwilfish|Waterfall|p1a: Mesprit\n|-damage|p1a: Mesprit|58/275\n|move|p1a: Mesprit|Psychic Noise|p2a: Qwilfish\n|-supereffective|p2a: Qwilfish\n|-damage|p2a: Qwilfish|0 fnt\n|faint|p2a: Qwilfish\n|\n|-weather|none\n|-heal|p1a: Mesprit|75/275|[from] item: Leftovers\n|upkeep\n|\n|t:|1783548209\n|switch|p2a: Torterra|Torterra, L78, F|100/100\n|turn|9\n|inactive|Time left: 300 sec this turn | 300 sec total\n|\n|t:|1783548210\n|switch|p1a: Talonflame|Talonflame, L83, F|265/265\n|move|p2a: Torterra|Shell Smash|p2a: Torterra\n|-unboost|p2a: Torterra|def|1\n|-unboost|p2a: Torterra|spd|1\n|-boost|p2a: Torterra|atk|2\n|-boost|p2a: Torterra|spa|2\n|-boost|p2a: Torterra|spe|2\n|\n|upkeep\n|turn|10\n|inactive|Time left: 300 sec this turn | 300 sec total\n|\n|t:|1783548211\n|-terastallize|p2a: Torterra|Ground\n|-terastallize|p1a: Talonflame|Ground\n|move|p2a: Torterra|Rock Blast|p1a: Talonflame\n|-resisted|p1a: Talonflame\n|-damage|p1a: Talonflame|245/265\n|-resisted|p1a: Talonflame\n|-damage|p1a: Talonflame|224/265\n|-resisted|p1a: Talonflame\n|-damage|p1a: Talonflame|204/265\n|-resisted|p1a: Talonflame\n|-damage|p1a: Talonflame|185/265\n|-resisted|p1a: Talonflame\n|-damage|p1a: Talonflame|164/265\n|-hitcount|p1a: Talonflame|5\n|move|p1a: Talonflame|Brave Bird|p2a: Torterra\n|-damage|p2a: Torterra|49/100\n|-damage|p1a: Talonflame|117/265|[from] Recoil\n|\n|upkeep\n|turn|11\n|inactive|Time left: 300 sec this turn | 300 sec total\n|\n|t:|1783548212\n|switch|p1a: Golurk|Golurk, L87|65/297\n|move|p2a: Torterra|Bullet Seed|p1a: Golurk\n|-supereffective|p1a: Golurk\n|-damage|p1a: Golurk|0 fnt\n|faint|p1a: Golurk\n|-hitcount|p1: Golurk|1\n|\n|upkeep\n|inactive|Time left: 300 sec this turn | 300 sec total | 5 sec grace\n|\n|t:|1783548213\n|switch|p1a: Talonflame|Talonflame, L83, F, tera:Ground|117/265\n|turn|12\n|inactive|Time left: 300 sec this turn | 300 sec total\n|\n|t:|1783548213\n|switch|p1a: Mesprit|Mesprit, L85|75/275\n|move|p2a: Torterra|Bullet Seed|p1a: Mesprit\n|-damage|p1a: Mesprit|26/275\n|-damage|p1a: Mesprit|0 fnt\n|faint|p1a: Mesprit\n|-hitcount|p1: Mesprit|2\n|\n|upkeep\n|inactive|Time left: 300 sec this turn | 300 sec total | 5 sec grace\n|\n|t:|1783548214\n|switch|p1a: Primarina|Primarina, L83, F|155/268\n|turn|13\n|inactive|Time left: 300 sec this turn | 300 sec total\n|\n|t:|1783548215\n|move|p2a: Torterra|Bullet Seed|p1a: Primarina\n|-supereffective|p1a: Primarina\n|-damage|p1a: Primarina|33/268\n|-supereffective|p1a: Primarina\n|-damage|p1a: Primarina|0 fnt\n|faint|p1a: Primarina\n|-hitcount|p1: Primarina|2\n|\n|upkeep\n|inactive|Time left: 300 sec this turn | 300 sec total | 5 sec grace\n|\n|t:|1783548216\n|switch|p1a: Blissey|Blissey, L85, F|572/572\n|turn|14\n|inactive|Time left: 300 sec this turn | 300 sec total\n|\n|t:|1783548217\n|switch|p1a: Talonflame|Talonflame, L83, F, tera:Ground|117/265\n|move|p2a: Torterra|Bullet Seed|p1a: Talonflame\n|-supereffective|p1a: Talonflame\n|-damage|p1a: Talonflame|0 fnt\n|faint|p1a: Talonflame\n|-hitcount|p1: Talonflame|1\n|\n|upkeep\n|inactive|Time left: 300 sec this turn | 300 sec total | 5 sec grace\n|\n|t:|1783548218\n|switch|p1a: Blissey|Blissey, L85, F|572/572\n|turn|15\n|inactive|Time left: 300 sec this turn | 300 sec total\n|\n|t:|1783548219\n|move|p2a: Torterra|Headlong Rush|p1a: Blissey\n|-damage|p1a: Blissey|0 fnt\n|-unboost|p2a: Torterra|def|1\n|-unboost|p2a: Torterra|spd|1\n|faint|p1a: Blissey\n|\n|win|p0y7217faa", "uploadtime": 1783548219, "views": 0, "rating": 0, "private": 0, "password": null, "_winner": "p0y7217faa", "_our_name": "p0x721d436"}