{"id": "battle-gen9randombattle-202", "formatid": "gen9randombattle", "format": "[Gen 9] Random Battle", "players": ["p0x202ae57", "p0y202c1af"], "log": "|init|battle\n|title|p0x202ae57 vs. p0y202c1af\n|j|\u2606p0x202ae57\n|j|\u2606p0y202c1af\n|t:|1783535592\n|gametype|singles\n|player|p1|p0x202ae57|265|\n|player|p2|p0y202c1af|102|\n|gen|9\n|tier|[Gen 9] Random Battle\n|rule|Species Clause: Limit one of each Pok\u00e9mon\n|rule|HP Percentage Mod: HP is shown in percentages\n|rule|Sleep Clause Mod: Limit one foe put to sleep\n|rule|Illusion Level Mod: Illusion disguises the Pok\u00e9mon's true level\n|\n|t:|1783535592\n|teamsize|p1|6\n|teamsize|p2|6\n|start\n|switch|p1a: Phione|Phione, L91|100/100\n|switch|p2a: Entei|Entei, L78|307/307\n|turn|1\n|inactive|Battle timer is ON: inactive players will automatically lose when time's up. (requested by p0x202ae57)\n|inactive|Time left: 300 sec this turn | 300 sec total | 60 sec grace\n|inactive|p0y202c1af also wants the timer to be on.\n|\n|t:|1783535594\n|move|p2a: Entei|Sacred Fire|p1a: Phione\n|-resisted|p1a: Phione\n|-damage|p1a: Phione|75/100\n|-status|p1a: Phione|brn\n|move|p1a: Phione|Scald|p2a: Entei\n|-supereffective|p2a: Entei\n|-crit|p2a: Entei\n|-damage|p2a: Entei|0 fnt\n|faint|p2a: Entei\n|\n|-heal|p1a: Phione|81/100 brn|[from] item: Leftovers\n|-damage|p1a: Phione|75/100 brn|[from] brn\n|upkeep\n|inactive|Time left: 300 sec this turn | 300 sec total | 65 sec grace\n|\n|t:|1783535595\n|switch|p2a: Mewtwo|Mewtwo, L72|272/272\n|-ability|p2a: Mewtwo|Unnerve\n|turn|2\n|inactive|Time left: 300 sec this turn | 300 sec total\n|\n|t:|1783535597\n|move|p2a: Mewtwo|Nasty Plot|p2a: Mewtwo\n|-boost|p2a: Mewtwo|spa|2\n|move|p1a: Phione|Scald|p2a: Mewtwo\n|-damage|p2a: Mewtwo|169/272\n|-status|p2a: Mewtwo|brn\n|\n|-heal|p1a: Phione|81/100 brn|[from] item: Leftovers\n|-damage|p2a: Mewtwo|152/272 brn|[from] brn\n|-damage|p1a: Phione|75/100 brn|[from] brn\n|upkeep\n|turn|3\n|inactive|Time left: 300 sec this turn | 300 sec total\n|\n|t:|1783535598\n|switch|p1a: Mabosstiff|Mabosstiff, L86, F|100/100\n|move|p2a: Mewtwo|Psystrike|p1a: Mabosstiff\n|-immune|p1a: Mabosstiff\n|\n|-damage|p2a: Mewtwo|135/272 brn|[from] brn\n|upkeep\n|turn|4\n|inactive|Time left: 300 sec this turn | 300 sec total\n|\n|t:|1783535599\n|move|p1a: Mabosstiff|Crunch|p2a: Mewtwo\n|-supereffective|p2a: Mewtwo\n|-damage|p2a: Mewtwo|0 fnt\n|faint|p2a: Mewtwo\n|\n|upkeep\n|inactive|Time left: 300 sec this turn | 300 sec total | 5 sec grace\n|\n|t:|1783535600\n|switch|p2a: Skarmory|Skarmory, L80, M|235/235\n|turn|5\n|inactive|Time left: 300 sec this turn | 300 sec total\n|\n|t:|1783535601\n|move|p1a: Mabosstiff|Crunch|p2a: Skarmory\n|-damage|p2a: Skarmory|157/235\n|move|p2a: Skarmory|Stealth Rock|p1a: Mabosstiff\n|-sidestart|p1: p0x202ae57|move: Stealth Rock\n|\n|-heal|p2a: Skarmory|171/235|[from] item: Leftovers\n|upkeep\n|turn|6\n|inactive|Time left: 300 sec this turn | 300 sec total\n|\n|t:|1783535602\n|move|p1a: Mabosstiff|Crunch|p2a: Skarmory\n|-damage|p2a: Skarmory|92/235\n|move|p2a: Skarmory|Roost|p2a: Skarmory\n|-heal|p2a: Skarmory|210/235\n|-singleturn|p2a: Skarmory|move: Roost\n|\n|-heal|p2a: Skarmory|224/235|[from] item: Leftovers\n|upkeep\n|turn|7\n|inactive|Time left: 300 sec this turn | 300 sec total\n|\n|t:|1783535603\n|move|p1a: Mabosstiff|Crunch|p2a: Skarmory\n|-damage|p2a: Skarmory|151/235\n|move|p2a: Skarmory|Body Press|p1a: Mabosstiff\n|-supereffective|p1a: Mabosstiff\n|-damage|p1a: Mabosstiff|49/100\n|\n|-heal|p2a: Skarmory|165/235|[from] item: Leftovers\n|upkeep\n|turn|8\n|inactive|Time left: 300 sec this turn | 300 sec total\n|\n|t:|1783535604\n|move|p1a: Mabosstiff|Crunch|p2a: Skarmory\n|-damage|p2a: Skarmory|92/235\n|-unboost|p2a: Skarmory|def|1\n|move|p2a: Skarmory|Body Press|p1a: Mabosstiff\n|-supereffective|p1a: Mabosstiff\n|-damage|p1a: Mabosstiff|18/100\n|\n|-heal|p2a: Skarmory|106/235|[from] item: Leftovers\n|upkeep\n|turn|9\n|inactive|Time left: 300 sec this turn | 300 sec total\n|\n|t:|1783535605\n|move|p1a: Mabosstiff|Crunch|p2a: Skarmory\n|-damage|p2a: Skarmory|0 fnt\n|faint|p2a: Skarmory\n|\n|upkeep\n|inactive|Time left: 300 sec this turn | 300 sec total | 5 sec grace\n|\n|t:|1783535606\n|switch|p2a: Trevenant|Trevenant, L89, F|296/296\n|turn|10\n|inactive|Time left: 300 sec this turn | 300 sec total\n|\n|t:|1783535607\n|move|p1a: Mabosstiff|Crunch|p2a: Trevenant\n|-supereffective|p2a: Trevenant\n|-damage|p2a: Trevenant|54/296\n|-enditem|p2a: Trevenant|Sitrus Berry|[eat]\n|-heal|p2a: Trevenant|128/296|[from] item: Sitrus Berry\n|move|p2a: Trevenant|Drain Punch|p1a: Mabosstiff\n|-supereffective|p1a: Mabosstiff\n|-damage|p1a: Mabosstiff|0 fnt\n|-heal|p2a: Trevenant|152/296|[from] drain|[of] p1a: Mabosstiff\n|faint|p1a: Mabosstiff\n|\n|upkeep\n|\n|t:|1783535607\n|switch|p1a: Mudsdale|Mudsdale, L83, M|100/100\n|-damage|p1a: Mudsdale|95/100|[from] Stealth Rock\n|turn|11\n|inactive|Time left: 300 sec this turn | 300 sec total\n|\n|t:|1783535609\n|move|p2a: Trevenant|Poltergeist|p1a: Mudsdale\n|-activate|p1a: Mudsdale|move: Poltergeist|Leftovers\n|-damage|p1a: Mudsdale|48/100\n|-ability|p1a: Mudsdale|Stamina|boost\n|-boost|p1a: Mudsdale|def|1\n|move|p1a: Mudsdale|Heavy Slam|p2a: Trevenant\n|-damage|p2a: Trevenant|46/296\n|\n|-heal|p1a: Mudsdale|53/100|[from] item: Leftovers\n|upkeep\n|turn|12\n|inactive|Time left: 300 sec this turn | 300 sec total\n|\n|t:|1783535610\n|move|p2a: Trevenant|Toxic|p1a: Mudsdale\n|-status|p1a: Mudsdale|tox\n|move|p1a: Mudsdale|Stealth Rock|p2a: Trevenant\n|-sidestart|p2: p0y202c1af|move: Stealth Rock\n|\n|-heal|p1a: Mudsdale|59/100 tox|[from] item: Leftovers\n|-damage|p1a: Mudsdale|53/100 tox|[from] psn\n|-item|p2a: Trevenant|Sitrus Berry|[from] ability: Harvest\n|upkeep\n|-enditem|p2a: Trevenant|Sitrus Berry|[eat]\n|-heal|p2a: Trevenant|120/296|[from] item: Sitrus Berry\n|turn|13\n|inactive|Time left: 300 sec this turn | 300 sec total\n|\n|t:|1783535611\n|move|p2a: Trevenant|Poltergeist|p1a: Mudsdale\n|-activate|p1a: Mudsdale|move: Poltergeist|Leftovers\n|-damage|p1a: Mudsdale|24/100 tox\n|-ability|p1a: Mudsdale|Stamina|boost\n|-boost|p1a: Mudsdale|def|1\n|move|p1a: Mudsdale|Heavy Slam|p2a: Trevenant\n|-damage|p2a: Trevenant|18/296\n|\n|-heal|p1a: Mudsdale|30/100 tox|[from] item: Leftovers\n|-damage|p1a: Mudsdale|18/100 tox|[from] psn\n|upkeep\n|turn|14\n|inactive|Time left: 300 sec this turn | 300 sec total\n|\n|t:|1783535612\n|move|p2a: Trevenant|Poltergeist|p1a: Mudsdale\n|-activate|p1a: Mudsdale|move: Poltergeist|Leftovers\n|-damage|p1a: Mudsdale|0 fnt\n|faint|p1a: Mudsdale\n|\n|-item|p2a: Trevenant|Sitrus Berry|[from] ability: Harvest\n|upkeep\n|-enditem|p2a: Trevenant|Sitrus Berry|[eat]\n|-heal|p2a: Trevenant|92/296|[from] item: Sitrus Berry\n|\n|t:|1783535612\n|switch|p1a: Electivire|Electivire, L84, F|100/100\n|-damage|p1a: Electivire|88/100|[from] Stealth Rock\n|turn|15\n|inactive|Time left: 300 sec this turn | 300 sec total\n|\n|t:|1783535613\n|move|p2a: Trevenant|Protect|p2a: Trevenant\n|-singleturn|p2a: Trevenant|Protect\n|move|p1a: Electivire|Ice Punch|p2a: Trevenant\n|-activate|p2a: Trevenant|move: Protect\n|\n|-item|p2a: Trevenant|Sitrus Berry|[from] ability: Harvest\n|upkeep\n|-enditem|p2a: Trevenant|Sitrus Berry|[eat]\n|-heal|p2a: Trevenant|166/296|[from] item: Sitrus Berry\n|turn|16\n|inactive|Time left: 300 sec this turn | 300 sec total\n|\n|t:|1783535614\n|-terastallize|p2a: Trevenant|Dark\n|move|p1a: Electivire|Ice Punch|p2a: Trevenant\n|-damage|p2a: Trevenant|80/296\n|-damage|p1a: Electivire|78/100|[from] item: Life Orb\n|move|p2a: Trevenant|Poltergeist|p1a: Electivire\n|-activate|p1a: Electivire|move: Poltergeist|Life Orb\n|-damage|p1a: Electivire|8/100\n|\n|upkeep\n|turn|17\n|inactive|Time left: 300 sec this turn | 300 sec total\n|\n|t:|1783535616\n|move|p1a: Electivire|Earthquake|p2a: Trevenant\n|-damage|p2a: Trevenant|0 fnt\n|faint|p2a: Trevenant\n|-damage|p1a: Electivire|0 fnt|[from] item: Life Orb\n|faint|p1a: Electivire\n|\n|upkeep\n|inactive|Time left: 300 sec this turn | 300 sec total | 5 sec grace\n|\n|t:|1783535617\n|switch|p1a: Dodrio|Dodrio, L85, F|100/100\n|switch|p2a: Jolteon|Jolteon, L84, F|246/246\n|-damage|p2a: Jolteon|216/246|[from] Stealth Rock\n|-damage|p1a: Dodrio|76/100|[from] Stealth Rock\n|turn|18\n|inactive|Time left: 300 sec this turn | 300 sec total\n|\n|t:|1783535618\n|move|p1a: Dodrio|Quick Attack|p2a: Jolteon\n|-damage|p2a: Jolteon|126/246\n|move|p2a: Jolteon|Thunderbolt|p1a: Dodrio\n|-supereffective|p1a: Dodrio\n|-damage|p1a: Dodrio|0 fnt\n|faint|p1a: Dodrio\n|\n|-heal|p2a: Jolteon|141/246|[from] item: Leftovers\n|upkeep\n|\n|t:|1783535619\n|switch|p1a: Annihilape|Annihilape, L76, F|100/100\n|-damage|p1a: Annihilape|94/100|[from] Stealth Rock\n|turn|19\n|inactive|Time left: 300 sec this turn | 300 sec total\n|\n|t:|1783535620\n|move|p2a: Jolteon|Thunderbolt|p1a: Annihilape\n|-damage|p1a: Annihilape|52/100\n|move|p1a: Annihilape|Drain Punch|p2a: Jolteon\n|-damage|p2a: Jolteon|45/246\n|-heal|p1a: Annihilape|69/100|[from] drain|[of] p2a: Jolteon\n|\n|-heal|p2a: Jolteon|60/246|[from] item: Leftovers\n|upkeep\n|turn|20\n|inactive|Time left: 300 sec this turn | 300 sec total\n|\n|t:|1783535621\n|move|p2a: Jolteon|Thunderbolt|p1a: Annihilape\n|-damage|p1a: Annihilape|28/100\n|move|p1a: Annihilape|Drain Punch|p2a: Jolteon\n|-damage|p2a: Jolteon|0 fnt\n|-heal|p1a: Annihilape|38/100|[from] drain|[of] p2a: Jolteon\n|faint|p2a: Jolteon\n|\n|upkeep\n|inactive|Time left: 300 sec this turn | 300 sec total | 5 sec grace\n|\n|t:|1783535622\n|switch|p2a: Volbeat|Volbeat, L90, M|263/263\n|turn|21\n|inactive|Time left: 300 sec this turn | 300 sec total\n|\n|t:|1783535623\n|move|p2a: Volbeat|Encore|p1a: Annihilape\n|-start|p1a: Annihilape|Encore\n|move|p1a: Annihilape|Drain Punch|p2a: Volbeat\n|-resisted|p2a: Volbeat\n|-damage|p2a: Volbeat|227/263\n|-heal|p1a: Annihilape|44/100|[from] drain|[of] p2a: Volbeat\n|\n|upkeep\n|turn|22\n|inactive|Time left: 300 sec this turn | 300 sec total\n|\n|t:|1783535624\n|move|p2a: Volbeat|Thunder Wave|p1a: Annihilape\n|-status|p1a: Annihilape|par\n|move|p1a: Annihilape|Drain Punch|p2a: Volbeat\n|-resisted|p2a: Volbeat\n|-damage|p2a: Volbeat|185/263\n|-heal|p1a: Annihilape|51/100 par|[from] drain|[of] p2a: Volbeat\n|\n|upkeep\n|turn|23\n|inactive|Time left: 300 sec this turn | 300 sec total\n|\n|t:|1783535625\n|move|p2a: Volbeat|Roost|p2a: Volbeat\n|-heal|p2a: Volbeat|263/263\n|-singleturn|p2a: Volbeat|move: Roost\n|move|p1a: Annihilape|Drain Punch|p2a: Volbeat\n|-resisted|p2a: Volbeat\n|-crit|p2a: Volbeat\n|-damage|p2a: Volbeat|198/263\n|-heal|p1a: Annihilape|62/100 par|[from] drain|[of] p2a: Volbeat\n|\n|-end|p1a: Annihilape|Encore\n|upkeep\n|turn|24\n|inactive|Time left: 300 sec this turn | 300 sec total\n|\n|t:|1783535626\n|move|p2a: Volbeat|Encore|p1a: Annihilape\n|-start|p1a: Annihilape|Encore\n|move|p1a: Annihilape|Drain Punch|p2a: Volbeat\n|-resisted|p2a: Volbeat\n|-crit|p2a: Volbeat\n|-damage|p2a: Volbeat|139/263\n|-heal|p1a: Annihilape|73/100 par|[from] drain|[of] p2a: Volbeat\n|\n|upkeep\n|turn|25\n|inactive|Time left: 300 sec this turn | 300 sec total\n|\n|t:|1783535627\n|move|p2a: Volbeat|Roost|p2a: Volbeat\n|-heal|p2a: Volbeat|263/263\n|-singleturn|p2a: Volbeat|move: Roost\n|cant|p1a: Annihilape|par\n|\n|upkeep\n|turn|26\n|inactive|Time left: 300 sec this turn | 300 sec total\n|\n|t:|1783535628\n|move|p2a: Volbeat|U-turn|p1a: Annihilape\n|-resisted|p1a: Annihilape\n|-damage|p1a: Annihilape|65/100 par\n|move|p1a: Annihilape|Drain Punch|p2a: Volbeat\n|-resisted|p2a: Volbeat\n|-damage|p2a: Volbeat|224/263\n|-heal|p1a: Annihilape|72/100 par|[from] drain|[of] p2a: Volbeat\n|\n|-end|p1a: Annihilape|Encore\n|upkeep\n|turn|27\n|inactive|Time left: 300 sec this turn | 300 sec total\n|\n|t:|1783535629\n|move|p2a: Volbeat|Encore|p1a: Annihilape\n|-start|p1a: Annihilape|Encore\n|move|p1a: Annihilape|Drain Punch|p2a: Volbeat\n|-resisted|p2a: Volbeat\n|-damage|p2a: Volbeat|186/263\n|-heal|p1a: Annihilape|79/100 par|[from] drain|[of] p2a: Volbeat\n|\n|upkeep\n|turn|28\n|inactive|Time left: 300 sec this turn | 300 sec total\n|\n|t:|1783535630\n|move|p2a: Volbeat|Roost|p2a: Volbeat\n|-heal|p2a: Volbeat|263/263\n|-singleturn|p2a: Volbeat|move: Roost\n|move|p1a: Annihilape|Drain Punch|p2a: Volbeat\n|-resisted|p2a: Volbeat\n|-damage|p2a: Volbeat|224/263\n|-heal|p1a: Annihilape|85/100 par|[from] drain|[of] p2a: Volbeat\n|\n|upkeep\n|turn|29\n|inactive|Time left: 300 sec this turn | 300 sec total\n|\n|t:|1783535631\n|move|p2a: Volbeat|Roost|p2a: Volbeat\n|-heal|p2a: Volbeat|263/263\n|-singleturn|p2a: Volbeat|move: Roost\n|cant|p1a: Annihilape|par\n|\n|-end|p1a: Annihilape|Encore\n|upkeep\n|turn|30\n|inactive|Time left: 300 sec this turn | 300 sec total\n|\n|t:|1783535632\n|move|p2a: Volbeat|Encore|p1a: Annihilape\n|-start|p1a: Annihilape|Encore\n|move|p1a: Annihilape|Drain Punch|p2a: Volbeat\n|-resisted|p2a: Volbeat\n|-damage|p2a: Volbeat|224/263\n|-heal|p1a: Annihilape|92/100 par|[from] drain|[of] p2a: Volbeat\n|\n|upkeep\n|turn|31\n|inactive|Time left: 300 sec this turn | 300 sec total\n|\n|t:|1783535633\n|move|p2a: Volbeat|Roost|p2a: Volbeat\n|-heal|p2a: Volbeat|263/263\n|-singleturn|p2a: Volbeat|move: Roost\n|move|p1a: Annihilape|Drain Punch|p2a: Volbeat\n|-resisted|p2a: Volbeat\n|-damage|p2a: Volbeat|222/263\n|-heal|p1a: Annihilape|99/100 par|[from] drain|[of] p2a: Volbeat\n|\n|upkeep\n|turn|32\n|inactive|Time left: 300 sec this turn | 300 sec total\n|\n|t:|1783535634\n|move|p2a: Volbeat|Roost|p2a: Volbeat\n|-heal|p2a: Volbeat|263/263\n|-singleturn|p2a: Volbeat|move: Roost\n|move|p1a: Annihilape|Drain Punch|p2a: Volbeat\n|-resisted|p2a: Volbeat\n|-damage|p2a: Volbeat|224/263\n|-heal|p1a: Annihilape|100/100 par|[from] drain|[of] p2a: Volbeat\n|\n|-end|p1a: Annihilape|Encore\n|upkeep\n|turn|33\n|inactive|Time left: 300 sec this turn | 300 sec total\n|\n|t:|1783535635\n|move|p2a: Volbeat|Encore|p1a: Annihilape\n|-start|p1a: Annihilape|Encore\n|move|p1a: Annihilape|Drain Punch|p2a: Volbeat\n|-resisted|p2a: Volbeat\n|-damage|p2a: Volbeat|185/263\n|\n|upkeep\n|turn|34\n|inactive|Time left: 300 sec this turn | 300 sec total\n|\n|t:|1783535636\n|move|p2a: Volbeat|Roost|p2a: Volbeat\n|-heal|p2a: Volbeat|263/263\n|-singleturn|p2a: Volbeat|move: Roost\n|cant|p1a: Annihilape|par\n|\n|upkeep\n|turn|35\n|inactive|Time left: 300 sec this turn | 300 sec total\n|\n|t:|1783535637\n|move|p2a: Volbeat|U-turn|p1a: Annihilape\n|-resisted|p1a: Annihilape\n|-damage|p1a: Annihilape|94/100 par\n|move|p1a: Annihilape|Drain Punch|p2a: Volbeat\n|-resisted|p2a: Volbeat\n|-damage|p2a: Volbeat|222/263\n|-heal|p1a: Annihilape|100/100 par|[from] drain|[of] p2a: Volbeat\n|\n|-end|p1a: Annihilape|Encore\n|upkeep\n|turn|36\n|inactive|Time left: 300 sec this turn | 300 sec total\n|\n|t:|1783535638\n|move|p2a: Volbeat|Encore|p1a: Annihilape\n|-start|p1a: Annihilape|Encore\n|move|p1a: Annihilape|Drain Punch|p2a: Volbeat\n|-resisted|p2a: Volbeat\n|-damage|p2a: Volbeat|183/263\n|\n|upkeep\n|turn|37\n|inactive|Time left: 300 sec this turn | 300 sec total\n|\n|t:|1783535640\n|move|p2a: Volbeat|U-turn|p1a: Annihilape\n|-resisted|p1a: Annihilape\n|-damage|p1a: Annihilape|94/100 par\n|move|p1a: Annihilape|Drain Punch|p2a: Volbeat\n|-resisted|p2a: Volbeat\n|-crit|p2a: Volbeat\n|-damage|p2a: Volbeat|118/263\n|-heal|p1a: Annihilape|100/100 par|[from] drain|[of] p2a: Volbeat\n|\n|-end|p1a: Annihilape|Encore\n|upkeep\n|turn|38\n|inactive|Time left: 300 sec this turn | 300 sec total\n|\n|t:|1783535640\n|move|p2a: Volbeat|Roost|p2a: Volbeat\n|-heal|p2a: Volbeat|250/263\n|-singleturn|p2a: Volbeat|move: Roost\n|move|p1a: Annihilape|Bulk Up|p1a: Annihilape\n|-boost|p1a: Annihilape|atk|1\n|-boost|p1a: Annihilape|def|1\n|\n|upkeep\n|turn|39\n|inactive|Time left: 300 sec this turn | 300 sec total\n|\n|t:|1783535641\n|move|p2a: Volbeat|Encore|p1a: Annihilape\n|-start|p1a: Annihilape|Encore\n|move|p1a: Annihilape|Bulk Up|p1a: Annihilape\n|-boost|p1a: Annihilape|atk|1\n|-boost|p1a: Annihilape|def|1\n|\n|upkeep\n|turn|40\n|inactive|Time left: 300 sec this turn | 300 sec total\n|\n|t:|1783535642\n|move|p2a: Volbeat|U-turn|p1a: Annihilape\n|-resisted|p1a: Annihilape\n|-damage|p1a: Annihilape|97/100 par\n|move|p1a: Annihilape|Bulk Up|p1a: Annihilape\n|-boost|p1a: Annihilape|atk|1\n|-boost|p1a: Annihilape|def|1\n|\n|upkeep\n|turn|41\n|inactive|Time left: 300 sec this turn | 300 sec total\n|\n|t:|1783535643\n|move|p2a: Volbeat|U-turn|p1a: Annihilape\n|-resisted|p1a: Annihilape\n|-damage|p1a: Annihilape|95/100 par\n|move|p1a: Annihilape|Bulk Up|p1a: Annihilape\n|-boost|p1a: Annihilape|atk|1\n|-boost|p1a: Annihilape|def|1\n|\n|-end|p1a: Annihilape|Encore\n|upkeep\n|turn|42\n|inactive|Time left: 300 sec this turn | 300 sec total\n|\n|t:|1783535644\n|move|p2a: Volbeat|Encore|p1a: Annihilape\n|-start|p1a: Annihilape|Encore\n|move|p1a: Annihilape|Bulk Up|p1a: Annihilape\n|-boost|p1a: Annihilape|atk|1\n|-boost|p1a: Annihilape|def|1\n|\n|upkeep\n|turn|43\n|inactive|Time left: 300 sec this turn | 300 sec total\n|\n|t:|1783535645\n|move|p2a: Volbeat|Thunder Wave|p1a: Annihilape\n|-fail|p1a: Annihilape|par\n|move|p1a: Annihilape|Bulk Up|p1a: Annihilape\n|-boost|p1a: Annihilape|atk|1\n|-boost|p1a: Annihilape|def|1\n|\n|upkeep\n|turn|44\n|inactive|Time left: 300 sec this turn | 300 sec total\n|\n|t:|1783535646\n|move|p2a: Volbeat|U-turn|p1a: Annihilape\n|-resisted|p1a: Annihilape\n|-damage|p1a: Annihilape|93/100 par\n|move|p1a: Annihilape|Bulk Up|p1a: Annihilape\n|-boost|p1a: Annihilape|atk|0\n|-boost|p1a: Annihilape|def|0\n|\n|-end|p1a: Annihilape|Encore\n|upkeep\n|turn|45\n|inactive|Time left: 300 sec this turn | 300 sec total\n|\n|t:|1783535647\n|move|p2a: Volbeat|Thunder Wave|p1a: Annihilape\n|-fail|p1a: Annihilape|par\n|move|p1a: Annihilape|Rage Fist|p2a: Volbeat\n|-damage|p2a: Volbeat|0 fnt\n|faint|p2a: Volbeat\n|\n|win|p0x202ae57", "uploadtime": 1783535647, "views": 0, "rating": 0, "private": 0, "password": null, "_winner": "p0x202ae57", "_our_name": "p0y202c1af"}