{"id": "battle-gen9randombattle-1535", "formatid": "gen9randombattle", "format": "[Gen 9] Random Battle", "players": ["p0x1535723a", "p0y1535241b"], "log": "|init|battle\n|title|p0x1535723a vs. p0y1535241b\n|j|\u2606p0x1535723a\n|j|\u2606p0y1535241b\n|t:|1783556947\n|gametype|singles\n|player|p1|p0x1535723a|169|\n|player|p2|p0y1535241b|266|\n|gen|9\n|tier|[Gen 9] Random Battle\n|rule|Species Clause: Limit one of each Pok\u00e9mon\n|rule|HP Percentage Mod: HP is shown in percentages\n|rule|Sleep Clause Mod: Limit one foe put to sleep\n|rule|Illusion Level Mod: Illusion disguises the Pok\u00e9mon's true level\n|\n|t:|1783556947\n|teamsize|p1|6\n|teamsize|p2|6\n|start\n|switch|p1a: Iron Crown|Iron Crown, L78|100/100\n|switch|p2a: Chien-Pao|Chien-Pao, L72|234/234\n|-ability|p2a: Chien-Pao|Sword of Ruin\n|turn|1\n|inactive|Battle timer is ON: inactive players will automatically lose when time's up. (requested by p0x1535723a)\n|inactive|Time left: 300 sec this turn | 300 sec total | 60 sec grace\n|inactive|p0y1535241b also wants the timer to be on.\n|\n|t:|1783556949\n|switch|p2a: Reuniclus|Reuniclus, L88, M|337/337\n|-terastallize|p1a: Iron Crown|Steel\n|move|p1a: Iron Crown|Tachyon Cutter|p2a: Reuniclus\n|-damage|p2a: Reuniclus|267/337\n|-damage|p2a: Reuniclus|195/337\n|-hitcount|p2a: Reuniclus|2\n|\n|upkeep\n|turn|2\n|inactive|Time left: 300 sec this turn | 300 sec total\n|\n|t:|1783556950\n|move|p1a: Iron Crown|Tachyon Cutter|p2a: Reuniclus\n|-damage|p2a: Reuniclus|121/337\n|-damage|p2a: Reuniclus|53/337\n|-hitcount|p2a: Reuniclus|2\n|move|p2a: Reuniclus|Recover|p2a: Reuniclus\n|-heal|p2a: Reuniclus|222/337\n|\n|upkeep\n|turn|3\n|inactive|Time left: 300 sec this turn | 300 sec total\n|\n|t:|1783556951\n|move|p1a: Iron Crown|Calm Mind|p1a: Iron Crown\n|-boost|p1a: Iron Crown|spa|1\n|-boost|p1a: Iron Crown|spd|1\n|move|p2a: Reuniclus|Focus Blast|p1a: Iron Crown\n|-supereffective|p1a: Iron Crown\n|-damage|p1a: Iron Crown|31/100\n|\n|-heal|p1a: Iron Crown|37/100|[from] item: Leftovers\n|upkeep\n|turn|4\n|inactive|Time left: 300 sec this turn | 300 sec total\n|\n|t:|1783556952\n|move|p1a: Iron Crown|Tachyon Cutter|p2a: Reuniclus\n|-damage|p2a: Reuniclus|106/337\n|-damage|p2a: Reuniclus|0 fnt\n|faint|p2a: Reuniclus\n|-hitcount|p2: Reuniclus|2\n|\n|-heal|p1a: Iron Crown|43/100|[from] item: Leftovers\n|upkeep\n|inactive|Time left: 300 sec this turn | 300 sec total | 5 sec grace\n|\n|t:|1783556953\n|switch|p2a: Chesnaught|Chesnaught, L84, F|285/285\n|turn|5\n|inactive|Time left: 300 sec this turn | 300 sec total\n|\n|t:|1783556954\n|move|p1a: Iron Crown|Tachyon Cutter|p2a: Chesnaught\n|-damage|p2a: Chesnaught|151/285\n|-damage|p2a: Chesnaught|33/285\n|-hitcount|p2a: Chesnaught|2\n|move|p2a: Chesnaught|Body Press|p1a: Iron Crown\n|-supereffective|p1a: Iron Crown\n|-damage|p1a: Iron Crown|0 fnt\n|faint|p1a: Iron Crown\n|-end|p1a: Iron Crown|Quark Drive|[silent]\n|\n|-heal|p2a: Chesnaught|50/285|[from] item: Leftovers\n|upkeep\n|\n|t:|1783556955\n|switch|p1a: Houndstone|Houndstone, L86, F|100/100\n|turn|6\n|inactive|Time left: 300 sec this turn | 300 sec total\n|\n|t:|1783556956\n|move|p1a: Houndstone|Poltergeist|p2a: Chesnaught\n|-activate|p2a: Chesnaught|move: Poltergeist|Leftovers\n|-damage|p2a: Chesnaught|0 fnt\n|faint|p2a: Chesnaught\n|\n|upkeep\n|inactive|Time left: 300 sec this turn | 300 sec total | 5 sec grace\n|\n|t:|1783556958\n|switch|p2a: Ursaluna|Ursaluna-Bloodmoon, L79, M|308/308\n|turn|7\n|inactive|Time left: 300 sec this turn | 300 sec total\n|\n|t:|1783556958\n|switch|p1a: Glaceon|Glaceon, L94, F|100/100\n|move|p2a: Ursaluna|Calm Mind|p2a: Ursaluna\n|-boost|p2a: Ursaluna|spa|1\n|-boost|p2a: Ursaluna|spd|1\n|\n|upkeep\n|turn|8\n|inactive|Time left: 300 sec this turn | 300 sec total\n|\n|t:|1783556960\n|move|p1a: Glaceon|Freeze-Dry|p2a: Ursaluna\n|-supereffective|p2a: Ursaluna\n|-damage|p2a: Ursaluna|104/308\n|move|p2a: Ursaluna|Calm Mind|p2a: Ursaluna\n|-boost|p2a: Ursaluna|spa|1\n|-boost|p2a: Ursaluna|spd|1\n|\n|-heal|p2a: Ursaluna|123/308|[from] item: Leftovers\n|upkeep\n|turn|9\n|inactive|Time left: 300 sec this turn | 300 sec total\n|\n|t:|1783556960\n|-terastallize|p2a: Ursaluna|Ghost\n|move|p1a: Glaceon|Freeze-Dry|p2a: Ursaluna\n|-damage|p2a: Ursaluna|48/308\n|move|p2a: Ursaluna|Moonlight|p2a: Ursaluna\n|-heal|p2a: Ursaluna|202/308\n|\n|-heal|p2a: Ursaluna|221/308|[from] item: Leftovers\n|upkeep\n|turn|10\n|inactive|Time left: 300 sec this turn | 300 sec total\n|\n|t:|1783556962\n|move|p1a: Glaceon|Freeze-Dry|p2a: Ursaluna\n|-damage|p2a: Ursaluna|142/308\n|move|p2a: Ursaluna|Blood Moon|p1a: Glaceon\n|-damage|p1a: Glaceon|1/100\n|\n|-heal|p2a: Ursaluna|161/308|[from] item: Leftovers\n|upkeep\n|turn|11\n|inactive|Time left: 300 sec this turn | 300 sec total\n|\n|t:|1783556962\n|switch|p1a: Houndstone|Houndstone, L86, F|100/100\n|move|p2a: Ursaluna|Moonlight|p2a: Ursaluna\n|-heal|p2a: Ursaluna|308/308\n|\n|upkeep\n|turn|12\n|inactive|Time left: 300 sec this turn | 300 sec total\n|\n|t:|1783556963\n|move|p1a: Houndstone|Poltergeist|p2a: Ursaluna\n|-activate|p2a: Ursaluna|move: Poltergeist|Leftovers\n|-supereffective|p2a: Ursaluna\n|-damage|p2a: Ursaluna|0 fnt\n|faint|p2a: Ursaluna\n|\n|upkeep\n|inactive|Time left: 300 sec this turn | 300 sec total | 5 sec grace\n|\n|t:|1783556964\n|switch|p2a: Vespiquen|Vespiquen, L99, F|299/299\n|-ability|p2a: Vespiquen|Pressure\n|turn|13\n|inactive|Time left: 300 sec this turn | 300 sec total\n|\n|t:|1783556965\n|move|p1a: Houndstone|Poltergeist|p2a: Vespiquen\n|-activate|p2a: Vespiquen|move: Poltergeist|Heavy-Duty Boots\n|-damage|p2a: Vespiquen|148/299\n|move|p2a: Vespiquen|Toxic|p1a: Houndstone\n|-status|p1a: Houndstone|tox\n|\n|-damage|p1a: Houndstone|94/100 tox|[from] psn\n|upkeep\n|turn|14\n|inactive|Time left: 300 sec this turn | 300 sec total\n|\n|t:|1783556966\n|move|p1a: Houndstone|Poltergeist|p2a: Vespiquen\n|-activate|p2a: Vespiquen|move: Poltergeist|Heavy-Duty Boots\n|-damage|p2a: Vespiquen|13/299\n|move|p2a: Vespiquen|Roost|p2a: Vespiquen\n|-heal|p2a: Vespiquen|163/299\n|-singleturn|p2a: Vespiquen|move: Roost\n|\n|-damage|p1a: Houndstone|82/100 tox|[from] psn\n|upkeep\n|turn|15\n|inactive|Time left: 300 sec this turn | 300 sec total\n|\n|t:|1783556967\n|move|p1a: Houndstone|Poltergeist|p2a: Vespiquen\n|-activate|p2a: Vespiquen|move: Poltergeist|Heavy-Duty Boots\n|-damage|p2a: Vespiquen|30/299\n|move|p2a: Vespiquen|Roost|p2a: Vespiquen\n|-heal|p2a: Vespiquen|180/299\n|-singleturn|p2a: Vespiquen|move: Roost\n|\n|-damage|p1a: Houndstone|64/100 tox|[from] psn\n|upkeep\n|turn|16\n|inactive|Time left: 300 sec this turn | 300 sec total\n|\n|t:|1783556967\n|switch|p1a: Salazzle|Salazzle, L83, F|100/100\n|move|p2a: Vespiquen|Roost|p2a: Vespiquen\n|-heal|p2a: Vespiquen|299/299\n|-singleturn|p2a: Vespiquen|move: Roost\n|\n|upkeep\n|turn|17\n|inactive|Time left: 300 sec this turn | 300 sec total\n|\n|t:|1783556968\n|move|p1a: Salazzle|Nasty Plot|p1a: Salazzle\n|-boost|p1a: Salazzle|spa|2\n|move|p2a: Vespiquen|Hurricane|p1a: Salazzle\n|-damage|p1a: Salazzle|29/100\n|\n|upkeep\n|turn|18\n|inactive|Time left: 300 sec this turn | 300 sec total\n|\n|t:|1783556969\n|move|p1a: Salazzle|Fire Blast|p2a: Vespiquen\n|-supereffective|p2a: Vespiquen\n|-damage|p2a: Vespiquen|0 fnt\n|faint|p2a: Vespiquen\n|\n|upkeep\n|inactive|Time left: 300 sec this turn | 300 sec total | 5 sec grace\n|\n|t:|1783556970\n|switch|p2a: Dedenne|Dedenne, L88, F|261/261\n|turn|19\n|inactive|Time left: 300 sec this turn | 300 sec total\n|\n|t:|1783556971\n|move|p1a: Salazzle|Sludge Wave|p2a: Dedenne\n|-supereffective|p2a: Dedenne\n|-damage|p2a: Dedenne|0 fnt\n|faint|p2a: Dedenne\n|\n|upkeep\n|inactive|Time left: 300 sec this turn | 300 sec total | 5 sec grace\n|\n|t:|1783556971\n|switch|p2a: Chien-Pao|Chien-Pao, L72|234/234\n|-ability|p2a: Chien-Pao|Sword of Ruin\n|turn|20\n|inactive|Time left: 300 sec this turn | 300 sec total\n|\n|t:|1783556972\n|move|p1a: Salazzle|Sludge Wave|p2a: Chien-Pao\n|-damage|p2a: Chien-Pao|0 fnt\n|faint|p2a: Chien-Pao\n|\n|win|p0x1535723a", "uploadtime": 1783556972, "views": 0, "rating": 0, "private": 0, "password": null, "_winner": "p0x1535723a", "_our_name": "p0y1535241b"}