{"id": "battle-gen9randombattle-2121", "formatid": "gen9randombattle", "format": "[Gen 9] Random Battle", "players": ["p0x2121de7a", "p0y212175fc"], "log": "|init|battle\n|title|p0x2121de7a vs. p0y212175fc\n|j|\u2606p0x2121de7a\n|j|\u2606p0y212175fc\n|t:|1783564552\n|gametype|singles\n|player|p1|p0x2121de7a|1|\n|player|p2|p0y212175fc|101|\n|gen|9\n|tier|[Gen 9] Random Battle\n|rule|Species Clause: Limit one of each Pok\u00e9mon\n|rule|HP Percentage Mod: HP is shown in percentages\n|rule|Sleep Clause Mod: Limit one foe put to sleep\n|rule|Illusion Level Mod: Illusion disguises the Pok\u00e9mon's true level\n|\n|t:|1783564552\n|teamsize|p1|6\n|teamsize|p2|6\n|start\n|switch|p1a: Ogerpon|Ogerpon-Cornerstone, L76, F|100/100\n|switch|p2a: Exeggutor|Exeggutor, L89, F|312/312\n|turn|1\n|inactive|Battle timer is ON: inactive players will automatically lose when time's up. (requested by p0x2121de7a)\n|inactive|Time left: 300 sec this turn | 300 sec total | 60 sec grace\n|inactive|p0y212175fc also wants the timer to be on.\n|\n|t:|1783564553\n|move|p1a: Ogerpon|Spikes|p2a: Exeggutor\n|-sidestart|p2: p0y212175fc|Spikes\n|move|p2a: Exeggutor|Psychic Noise|p1a: Ogerpon\n|-damage|p1a: Ogerpon|58/100\n|-start|p1a: Ogerpon|move: Heal Block\n|\n|upkeep\n|turn|2\n|inactive|Time left: 300 sec this turn | 300 sec total\n|\n|t:|1783564554\n|move|p1a: Ogerpon|Spikes|p2a: Exeggutor\n|-sidestart|p2: p0y212175fc|Spikes\n|move|p2a: Exeggutor|Psychic Noise|p1a: Ogerpon\n|-damage|p1a: Ogerpon|13/100\n|\n|-end|p1a: Ogerpon|move: Heal Block\n|upkeep\n|turn|3\n|inactive|Time left: 300 sec this turn | 300 sec total\n|\n|t:|1783564555\n|move|p1a: Ogerpon|Synthesis|p1a: Ogerpon\n|-heal|p1a: Ogerpon|63/100\n|move|p2a: Exeggutor|Psychic Noise|p1a: Ogerpon\n|-damage|p1a: Ogerpon|16/100\n|-start|p1a: Ogerpon|move: Heal Block\n|\n|upkeep\n|turn|4\n|inactive|Time left: 300 sec this turn | 300 sec total\n|\n|t:|1783564556\n|move|p1a: Ogerpon|Ivy Cudgel|p2a: Exeggutor|[anim] Ivy Cudgel Rock\n|-damage|p2a: Exeggutor|195/312\n|move|p2a: Exeggutor|Psychic Noise|p1a: Ogerpon\n|-damage|p1a: Ogerpon|0 fnt\n|faint|p1a: Ogerpon\n|\n|upkeep\n|\n|t:|1783564557\n|switch|p1a: Weavile|Weavile, L79, M|100/100\n|turn|5\n|inactive|Time left: 300 sec this turn | 300 sec total\n|\n|t:|1783564558\n|move|p2a: Exeggutor|Protect|p2a: Exeggutor\n|-singleturn|p2a: Exeggutor|Protect\n|move|p1a: Weavile|Knock Off|p2a: Exeggutor\n|-activate|p2a: Exeggutor|move: Protect\n|\n|upkeep\n|turn|6\n|inactive|Time left: 300 sec this turn | 300 sec total\n|\n|t:|1783564559\n|switch|p2a: Passimian|Passimian, L83, F|302/302\n|-damage|p2a: Passimian|252/302|[from] Spikes\n|move|p1a: Weavile|Knock Off|p2a: Passimian\n|-resisted|p2a: Passimian\n|-damage|p2a: Passimian|173/302\n|-enditem|p2a: Passimian|Leftovers|[from] move: Knock Off|[of] p1a: Weavile\n|\n|upkeep\n|turn|7\n|inactive|Time left: 300 sec this turn | 300 sec total\n|\n|t:|1783564561\n|switch|p1a: Mudsdale|Mudsdale, L83, F|100/100\n|move|p2a: Passimian|Drain Punch|p1a: Mudsdale\n|-damage|p1a: Mudsdale|72/100\n|-heal|p2a: Passimian|216/302|[from] drain|[of] p1a: Mudsdale\n|-ability|p1a: Mudsdale|Stamina|boost\n|-boost|p1a: Mudsdale|def|1\n|\n|-heal|p1a: Mudsdale|78/100|[from] item: Leftovers\n|upkeep\n|turn|8\n|inactive|Time left: 300 sec this turn | 300 sec total\n|\n|t:|1783564562\n|move|p2a: Passimian|Bulk Up|p2a: Passimian\n|-boost|p2a: Passimian|atk|1\n|-boost|p2a: Passimian|def|1\n|move|p1a: Mudsdale|Stealth Rock|p2a: Passimian\n|-sidestart|p2: p0y212175fc|move: Stealth Rock\n|\n|-heal|p1a: Mudsdale|84/100|[from] item: Leftovers\n|upkeep\n|turn|9\n|inactive|Time left: 300 sec this turn | 300 sec total\n|\n|t:|1783564563\n|move|p2a: Passimian|Drain Punch|p1a: Mudsdale\n|-damage|p1a: Mudsdale|54/100\n|-heal|p2a: Passimian|262/302|[from] drain|[of] p1a: Mudsdale\n|-ability|p1a: Mudsdale|Stamina|boost\n|-boost|p1a: Mudsdale|def|1\n|move|p1a: Mudsdale|Roar|p2a: Passimian\n|drag|p2a: Rotom|Rotom, L88|231/231\n|-damage|p2a: Rotom|203/231|[from] Stealth Rock\n|\n|-heal|p1a: Mudsdale|60/100|[from] item: Leftovers\n|upkeep\n|turn|10\n|inactive|Time left: 300 sec this turn | 300 sec total\n|\n|t:|1783564564\n|move|p2a: Rotom|Will-O-Wisp|p1a: Mudsdale\n|-status|p1a: Mudsdale|brn\n|move|p1a: Mudsdale|Roar|p2a: Rotom\n|drag|p2a: Sandaconda|Sandaconda, L84, M|258/258\n|-damage|p2a: Sandaconda|215/258|[from] Spikes\n|-damage|p2a: Sandaconda|199/258|[from] Stealth Rock\n|\n|-heal|p2a: Sandaconda|215/258|[from] item: Leftovers\n|-heal|p1a: Mudsdale|66/100 brn|[from] item: Leftovers\n|-damage|p1a: Mudsdale|60/100 brn|[from] brn\n|upkeep\n|turn|11\n|inactive|Time left: 300 sec this turn | 300 sec total\n|\n|t:|1783564565\n|move|p2a: Sandaconda|Earthquake|p1a: Mudsdale\n|-damage|p1a: Mudsdale|41/100 brn\n|-ability|p1a: Mudsdale|Stamina|boost\n|-boost|p1a: Mudsdale|def|1\n|move|p1a: Mudsdale|Roar|p2a: Sandaconda\n|drag|p2a: Lycanroc|Lycanroc-Midnight, L89, F|296/296\n|-damage|p2a: Lycanroc|247/296|[from] Spikes\n|-damage|p2a: Lycanroc|210/296|[from] Stealth Rock\n|\n|-heal|p1a: Mudsdale|47/100 brn|[from] item: Leftovers\n|-damage|p1a: Mudsdale|41/100 brn|[from] brn\n|upkeep\n|turn|12\n|inactive|Time left: 300 sec this turn | 300 sec total\n|\n|t:|1783564566\n|switch|p2a: Rotom|Rotom, L88|203/231\n|-damage|p2a: Rotom|175/231|[from] Stealth Rock\n|move|p1a: Mudsdale|Heavy Slam|p2a: Rotom\n|-resisted|p2a: Rotom\n|-damage|p2a: Rotom|149/231\n|\n|-heal|p1a: Mudsdale|47/100 brn|[from] item: Leftovers\n|-damage|p1a: Mudsdale|41/100 brn|[from] brn\n|upkeep\n|turn|13\n|inactive|Time left: 300 sec this turn | 300 sec total\n|\n|t:|1783564567\n|move|p2a: Rotom|Shadow Ball|p1a: Mudsdale\n|-damage|p1a: Mudsdale|1/100 brn\n|-ability|p1a: Mudsdale|Stamina|boost\n|-boost|p1a: Mudsdale|def|1\n|-damage|p2a: Rotom|126/231|[from] item: Life Orb\n|move|p1a: Mudsdale|Roar|p2a: Rotom\n|drag|p2a: Sandaconda|Sandaconda, L84, M|215/258\n|-damage|p2a: Sandaconda|172/258|[from] Spikes\n|-damage|p2a: Sandaconda|156/258|[from] Stealth Rock\n|\n|-heal|p2a: Sandaconda|172/258|[from] item: Leftovers\n|-heal|p1a: Mudsdale|7/100 brn|[from] item: Leftovers\n|-damage|p1a: Mudsdale|1/100 brn|[from] brn\n|upkeep\n|turn|14\n|inactive|Time left: 300 sec this turn | 300 sec total\n|\n|t:|1783564568\n|switch|p1a: Mesprit|Mesprit, L85|100/100\n|move|p2a: Sandaconda|Earthquake|p1a: Mesprit\n|-immune|p1a: Mesprit|[from] ability: Levitate\n|\n|-heal|p2a: Sandaconda|188/258|[from] item: Leftovers\n|upkeep\n|turn|15\n|inactive|Time left: 300 sec this turn | 300 sec total\n|\n|t:|1783564569\n|move|p1a: Mesprit|Psychic Noise|p2a: Sandaconda\n|-damage|p2a: Sandaconda|94/258\n|-start|p2a: Sandaconda|move: Heal Block\n|move|p2a: Sandaconda|Glare|p1a: Mesprit\n|-status|p1a: Mesprit|par\n|\n|upkeep\n|turn|16\n|inactive|Time left: 300 sec this turn | 300 sec total\n|\n|t:|1783564570\n|move|p2a: Sandaconda|Stone Edge|p1a: Mesprit\n|-damage|p1a: Mesprit|75/100 par\n|move|p1a: Mesprit|Psychic Noise|p2a: Sandaconda\n|-damage|p2a: Sandaconda|0 fnt\n|faint|p2a: Sandaconda\n|\n|upkeep\n|inactive|Time left: 300 sec this turn | 300 sec total | 5 sec grace\n|\n|t:|1783564571\n|switch|p2a: Exeggutor|Exeggutor, L89, F|195/312\n|-damage|p2a: Exeggutor|143/312|[from] Spikes\n|-damage|p2a: Exeggutor|104/312|[from] Stealth Rock\n|-enditem|p2a: Exeggutor|Sitrus Berry|[eat]\n|-heal|p2a: Exeggutor|182/312|[from] item: Sitrus Berry\n|turn|17\n|inactive|Time left: 300 sec this turn | 300 sec total\n|\n|t:|1783564572\n|move|p2a: Exeggutor|Leech Seed|p1a: Mesprit\n|-start|p1a: Mesprit|move: Leech Seed\n|move|p1a: Mesprit|Ice Beam|p2a: Exeggutor\n|-supereffective|p2a: Exeggutor\n|-damage|p2a: Exeggutor|26/312\n|\n|-damage|p1a: Mesprit|62/100 par|[from] Leech Seed|[of] p2a: Exeggutor\n|-heal|p2a: Exeggutor|60/312|[silent]\n|-item|p2a: Exeggutor|Sitrus Berry|[from] ability: Harvest\n|upkeep\n|-enditem|p2a: Exeggutor|Sitrus Berry|[eat]\n|-heal|p2a: Exeggutor|138/312|[from] item: Sitrus Berry\n|turn|18\n|inactive|Time left: 300 sec this turn | 300 sec total\n|\n|t:|1783564573\n|switch|p1a: Weavile|Weavile, L79, M|100/100\n|move|p2a: Exeggutor|Leech Seed|p1a: Weavile|[miss]\n|-miss|p2a: Exeggutor|p1a: Weavile\n|\n|-item|p2a: Exeggutor|Sitrus Berry|[from] ability: Harvest\n|upkeep\n|-enditem|p2a: Exeggutor|Sitrus Berry|[eat]\n|-heal|p2a: Exeggutor|216/312|[from] item: Sitrus Berry\n|turn|19\n|inactive|Time left: 300 sec this turn | 300 sec total\n|\n|t:|1783564574\n|move|p1a: Weavile|Triple Axel|p2a: Exeggutor\n|-supereffective|p2a: Exeggutor\n|-damage|p2a: Exeggutor|144/312\n|-supereffective|p2a: Exeggutor\n|-damage|p2a: Exeggutor|24/312\n|-supereffective|p2a: Exeggutor\n|-damage|p2a: Exeggutor|0 fnt\n|faint|p2a: Exeggutor\n|-hitcount|p2: Exeggutor|3\n|\n|upkeep\n|inactive|Time left: 300 sec this turn | 300 sec total | 5 sec grace\n|\n|t:|1783564575\n|switch|p2a: Passimian|Passimian, L83, F|262/302\n|-damage|p2a: Passimian|212/302|[from] Spikes\n|-damage|p2a: Passimian|194/302|[from] Stealth Rock\n|turn|20\n|inactive|Time left: 300 sec this turn | 300 sec total\n|\n|t:|1783564576\n|move|p1a: Weavile|Triple Axel|p2a: Passimian\n|-damage|p2a: Passimian|163/302\n|-damage|p2a: Passimian|99/302\n|-hitcount|p2a: Passimian|2\n|move|p2a: Passimian|Drain Punch|p1a: Weavile\n|-supereffective|p1a: Weavile\n|-damage|p1a: Weavile|0 fnt\n|-heal|p2a: Passimian|219/302|[from] drain|[of] p1a: Weavile\n|faint|p1a: Weavile\n|\n|upkeep\n|\n|t:|1783564577\n|switch|p1a: Mesprit|Mesprit, L85|62/100 par\n|turn|21\n|inactive|Time left: 300 sec this turn | 300 sec total\n|\n|t:|1783564578\n|move|p2a: Passimian|Knock Off|p1a: Mesprit\n|-supereffective|p1a: Mesprit\n|-damage|p1a: Mesprit|14/100 par\n|-enditem|p1a: Mesprit|Assault Vest|[from] move: Knock Off|[of] p2a: Passimian\n|move|p1a: Mesprit|Psychic Noise|p2a: Passimian\n|-supereffective|p2a: Passimian\n|-damage|p2a: Passimian|0 fnt\n|faint|p2a: Passimian\n|\n|upkeep\n|inactive|Time left: 300 sec this turn | 300 sec total | 5 sec grace\n|\n|t:|1783564579\n|switch|p2a: Rotom|Rotom, L88|126/231\n|-damage|p2a: Rotom|98/231|[from] Stealth Rock\n|turn|22\n|inactive|Time left: 300 sec this turn | 300 sec total\n|\n|t:|1783564580\n|move|p2a: Rotom|Thunderbolt|p1a: Mesprit\n|-damage|p1a: Mesprit|0 fnt\n|faint|p1a: Mesprit\n|-damage|p2a: Rotom|75/231|[from] item: Life Orb\n|\n|upkeep\n|\n|t:|1783564581\n|switch|p1a: Suicune|Suicune, L82|100/100\n|-ability|p1a: Suicune|Pressure\n|turn|23\n|inactive|Time left: 300 sec this turn | 300 sec total\n|\n|t:|1783564582\n|move|p2a: Rotom|Thunderbolt|p1a: Suicune\n|-supereffective|p1a: Suicune\n|-damage|p1a: Suicune|30/100\n|-damage|p2a: Rotom|52/231|[from] item: Life Orb\n|move|p1a: Suicune|Scald|p2a: Rotom\n|-damage|p2a: Rotom|0 fnt\n|faint|p2a: Rotom\n|\n|-heal|p1a: Suicune|36/100|[from] item: Leftovers\n|upkeep\n|inactive|Time left: 300 sec this turn | 300 sec total | 5 sec grace\n|\n|t:|1783564582\n|switch|p2a: Lycanroc|Lycanroc-Midnight, L89, F|210/296\n|-damage|p2a: Lycanroc|161/296|[from] Spikes\n|-damage|p2a: Lycanroc|124/296|[from] Stealth Rock\n|turn|24\n|inactive|Time left: 300 sec this turn | 300 sec total\n|\n|t:|1783564583\n|switch|p1a: Mudsdale|Mudsdale, L83, F|1/100 brn\n|move|p2a: Lycanroc|Close Combat|p1a: Mudsdale\n|-damage|p1a: Mudsdale|0 fnt\n|-unboost|p2a: Lycanroc|def|1\n|-unboost|p2a: Lycanroc|spd|1\n|faint|p1a: Mudsdale\n|-damage|p2a: Lycanroc|95/296|[from] item: Life Orb\n|\n|upkeep\n|\n|t:|1783564584\n|switch|p1a: Vigoroth|Vigoroth, L85, F|100/100\n|turn|25\n|inactive|Time left: 300 sec this turn | 300 sec total\n|\n|t:|1783564585\n|move|p1a: Vigoroth|Bulk Up|p1a: Vigoroth\n|-boost|p1a: Vigoroth|atk|1\n|-boost|p1a: Vigoroth|def|1\n|move|p2a: Lycanroc|Close Combat|p1a: Vigoroth\n|-supereffective|p1a: Vigoroth\n|-damage|p1a: Vigoroth|50/100\n|-unboost|p2a: Lycanroc|def|1\n|-unboost|p2a: Lycanroc|spd|1\n|-damage|p2a: Lycanroc|66/296|[from] item: Life Orb\n|\n|upkeep\n|turn|26\n|inactive|Time left: 300 sec this turn | 300 sec total\n|\n|t:|1783564586\n|-terastallize|p1a: Vigoroth|Ground\n|move|p2a: Lycanroc|Sucker Punch|p1a: Vigoroth\n|-damage|p1a: Vigoroth|35/100\n|-damage|p2a: Lycanroc|37/296|[from] item: Life Orb\n|move|p1a: Vigoroth|Earthquake|p2a: Lycanroc\n|-supereffective|p2a: Lycanroc\n|-damage|p2a: Lycanroc|0 fnt\n|faint|p2a: Lycanroc\n|\n|upkeep\n|inactive|Time left: 300 sec this turn | 300 sec total | 5 sec grace\n|\n|t:|1783564587\n|switch|p2a: Scream Tail|Scream Tail, L84|330/330\n|-damage|p2a: Scream Tail|275/330|[from] Spikes\n|-damage|p2a: Scream Tail|234/330|[from] Stealth Rock\n|turn|27\n|inactive|Time left: 300 sec this turn | 300 sec total\n|\n|t:|1783564588\n|move|p2a: Scream Tail|Dazzling Gleam|p1a: Vigoroth\n|-damage|p1a: Vigoroth|13/100\n|move|p1a: Vigoroth|Earthquake|p2a: Scream Tail\n|-damage|p2a: Scream Tail|93/330\n|\n|-heal|p2a: Scream Tail|113/330|[from] item: Leftovers\n|upkeep\n|turn|28\n|inactive|Time left: 300 sec this turn | 300 sec total\n|\n|t:|1783564589\n|move|p2a: Scream Tail|Dazzling Gleam|p1a: Vigoroth\n|-damage|p1a: Vigoroth|0 fnt\n|faint|p1a: Vigoroth\n|\n|-heal|p2a: Scream Tail|133/330|[from] item: Leftovers\n|upkeep\n|\n|t:|1783564590\n|switch|p1a: Suicune|Suicune, L82|36/100\n|-ability|p1a: Suicune|Pressure\n|turn|29\n|inactive|Time left: 300 sec this turn | 300 sec total\n|\n|t:|1783564591\n|move|p2a: Scream Tail|Wish|p2a: Scream Tail\n|move|p1a: Suicune|Calm Mind|p1a: Suicune\n|-boost|p1a: Suicune|spa|1\n|-boost|p1a: Suicune|spd|1\n|\n|-heal|p2a: Scream Tail|153/330|[from] item: Leftovers\n|-heal|p1a: Suicune|42/100|[from] item: Leftovers\n|upkeep\n|turn|30\n|inactive|Time left: 300 sec this turn | 300 sec total\n|\n|t:|1783564592\n|move|p2a: Scream Tail|Dazzling Gleam|p1a: Suicune\n|-damage|p1a: Suicune|30/100\n|move|p1a: Suicune|Calm Mind|p1a: Suicune\n|-boost|p1a: Suicune|spa|1\n|-boost|p1a: Suicune|spd|1\n|\n|-heal|p2a: Scream Tail|318/330|[from] move: Wish|[wisher] Scream Tail\n|-heal|p2a: Scream Tail|330/330|[from] item: Leftovers\n|-heal|p1a: Suicune|36/100|[from] item: Leftovers\n|upkeep\n|turn|31\n|inactive|Time left: 300 sec this turn | 300 sec total\n|\n|t:|1783564593\n|move|p2a: Scream Tail|Wish|p2a: Scream Tail\n|move|p1a: Suicune|Calm Mind|p1a: Suicune\n|-boost|p1a: Suicune|spa|1\n|-boost|p1a: Suicune|spd|1\n|\n|-heal|p1a: Suicune|42/100|[from] item: Leftovers\n|upkeep\n|turn|32\n|inactive|Time left: 300 sec this turn | 300 sec total\n|\n|t:|1783564594\n|move|p2a: Scream Tail|Dazzling Gleam|p1a: Suicune\n|-damage|p1a: Suicune|35/100\n|move|p1a: Suicune|Calm Mind|p1a: Suicune\n|-boost|p1a: Suicune|spa|1\n|-boost|p1a: Suicune|spd|1\n|\n|-heal|p1a: Suicune|41/100|[from] item: Leftovers\n|upkeep\n|turn|33\n|inactive|Time left: 300 sec this turn | 300 sec total\n|\n|t:|1783564596\n|move|p2a: Scream Tail|Encore|p1a: Suicune\n|-start|p1a: Suicune|Encore\n|move|p1a: Suicune|Calm Mind|p1a: Suicune\n|-boost|p1a: Suicune|spa|1\n|-boost|p1a: Suicune|spd|1\n|\n|-heal|p1a: Suicune|47/100|[from] item: Leftovers\n|upkeep\n|turn|34\n|inactive|Time left: 300 sec this turn | 300 sec total\n|\n|t:|1783564596\n|move|p2a: Scream Tail|Encore||[still]\n|-fail|p2a: Scream Tail\n|move|p1a: Suicune|Calm Mind|p1a: Suicune\n|-boost|p1a: Suicune|spa|1\n|-boost|p1a: Suicune|spd|1\n|\n|-heal|p1a: Suicune|54/100|[from] item: Leftovers\n|upkeep\n|turn|35\n|inactive|Time left: 300 sec this turn | 300 sec total\n|\n|t:|1783564597\n|move|p2a: Scream Tail|Dazzling Gleam|p1a: Suicune\n|-damage|p1a: Suicune|48/100\n|move|p1a: Suicune|Calm Mind|p1a: Suicune\n|-boost|p1a: Suicune|spa|0\n|-boost|p1a: Suicune|spd|0\n|\n|-heal|p1a: Suicune|54/100|[from] item: Leftovers\n|-end|p1a: Suicune|Encore\n|upkeep\n|turn|36\n|inactive|Time left: 300 sec this turn | 300 sec total\n|\n|t:|1783564599\n|move|p2a: Scream Tail|Encore|p1a: Suicune\n|-start|p1a: Suicune|Encore\n|move|p1a: Suicune|Calm Mind|p1a: Suicune\n|-boost|p1a: Suicune|spa|0\n|-boost|p1a: Suicune|spd|0\n|\n|-heal|p1a: Suicune|60/100|[from] item: Leftovers\n|upkeep\n|turn|37\n|inactive|Time left: 300 sec this turn | 300 sec total\n|\n|t:|1783564600\n|move|p2a: Scream Tail|Wish|p2a: Scream Tail\n|move|p1a: Suicune|Calm Mind|p1a: Suicune\n|-boost|p1a: Suicune|spa|0\n|-boost|p1a: Suicune|spd|0\n|\n|-heal|p1a: Suicune|66/100|[from] item: Leftovers\n|upkeep\n|turn|38\n|inactive|Time left: 300 sec this turn | 300 sec total\n|\n|t:|1783564601\n|move|p2a: Scream Tail|Dazzling Gleam|p1a: Suicune\n|-damage|p1a: Suicune|61/100\n|move|p1a: Suicune|Calm Mind|p1a: Suicune\n|-boost|p1a: Suicune|spa|0\n|-boost|p1a: Suicune|spd|0\n|\n|-heal|p1a: Suicune|67/100|[from] item: Leftovers\n|-end|p1a: Suicune|Encore\n|upkeep\n|turn|39\n|inactive|Time left: 300 sec this turn | 300 sec total\n|\n|t:|1783564602\n|move|p2a: Scream Tail|Encore|p1a: Suicune\n|-start|p1a: Suicune|Encore\n|move|p1a: Suicune|Calm Mind|p1a: Suicune\n|-boost|p1a: Suicune|spa|0\n|-boost|p1a: Suicune|spd|0\n|\n|-heal|p1a: Suicune|73/100|[from] item: Leftovers\n|upkeep\n|turn|40\n|inactive|Time left: 300 sec this turn | 300 sec total\n|\n|t:|1783564603\n|move|p2a: Scream Tail|Protect|p2a: Scream Tail\n|-singleturn|p2a: Scream Tail|Protect\n|move|p1a: Suicune|Calm Mind|p1a: Suicune\n|-boost|p1a: Suicune|spa|0\n|-boost|p1a: Suicune|spd|0\n|\n|-heal|p1a: Suicune|79/100|[from] item: Leftovers\n|upkeep\n|turn|41\n|inactive|Time left: 300 sec this turn | 300 sec total\n|\n|t:|1783564604\n|move|p2a: Scream Tail|Wish|p2a: Scream Tail\n|move|p1a: Suicune|Calm Mind|p1a: Suicune\n|-boost|p1a: Suicune|spa|0\n|-boost|p1a: Suicune|spd|0\n|\n|-heal|p1a: Suicune|85/100|[from] item: Leftovers\n|-end|p1a: Suicune|Encore\n|upkeep\n|turn|42\n|inactive|Time left: 300 sec this turn | 300 sec total\n|\n|t:|1783564605\n|move|p2a: Scream Tail|Protect|p2a: Scream Tail\n|-singleturn|p2a: Scream Tail|Protect\n|move|p1a: Suicune|Scald|p2a: Scream Tail\n|-activate|p2a: Scream Tail|move: Protect\n|\n|-heal|p1a: Suicune|91/100|[from] item: Leftovers\n|upkeep\n|turn|43\n|inactive|Time left: 300 sec this turn | 300 sec total\n|\n|t:|1783564606\n|move|p2a: Scream Tail|Wish|p2a: Scream Tail\n|move|p1a: Suicune|Scald|p2a: Scream Tail\n|-damage|p2a: Scream Tail|101/330\n|-status|p2a: Scream Tail|brn\n|\n|-heal|p2a: Scream Tail|121/330 brn|[from] item: Leftovers\n|-heal|p1a: Suicune|97/100|[from] item: Leftovers\n|-damage|p2a: Scream Tail|101/330 brn|[from] brn\n|upkeep\n|turn|44\n|inactive|Time left: 300 sec this turn | 300 sec total\n|\n|t:|1783564607\n|move|p2a: Scream Tail|Protect|p2a: Scream Tail\n|-singleturn|p2a: Scream Tail|Protect\n|move|p1a: Suicune|Scald|p2a: Scream Tail\n|-activate|p2a: Scream Tail|move: Protect\n|\n|-heal|p2a: Scream Tail|266/330 brn|[from] move: Wish|[wisher] Scream Tail\n|-heal|p2a: Scream Tail|286/330 brn|[from] item: Leftovers\n|-heal|p1a: Suicune|100/100|[from] item: Leftovers\n|-damage|p2a: Scream Tail|266/330 brn|[from] brn\n|upkeep\n|turn|45\n|inactive|Time left: 300 sec this turn | 300 sec total\n|\n|t:|1783564608\n|move|p2a: Scream Tail|Protect||[still]\n|-fail|p2a: Scream Tail\n|move|p1a: Suicune|Scald|p2a: Scream Tail\n|-damage|p2a: Scream Tail|19/330 brn\n|\n|-heal|p2a: Scream Tail|39/330 brn|[from] item: Leftovers\n|-damage|p2a: Scream Tail|19/330 brn|[from] brn\n|upkeep\n|turn|46\n|inactive|Time left: 300 sec this turn | 300 sec total\n|\n|t:|1783564609\n|-terastallize|p2a: Scream Tail|Steel\n|move|p2a: Scream Tail|Wish|p2a: Scream Tail\n|move|p1a: Suicune|Scald|p2a: Scream Tail\n|-damage|p2a: Scream Tail|0 fnt\n|faint|p2a: Scream Tail\n|-end|p2a: Scream Tail|Protosynthesis|[silent]\n|\n|win|p0x2121de7a", "uploadtime": 1783564609, "views": 0, "rating": 0, "private": 0, "password": null, "_winner": "p0x2121de7a", "_our_name": "p0y212175fc"}