{"id": "battle-gen9randombattle-2136", "formatid": "gen9randombattle", "format": "[Gen 9] Random Battle", "players": ["p0x213684fc", "p0y2136a305"], "log": "|init|battle\n|title|p0x213684fc vs. p0y2136a305\n|j|\u2606p0x213684fc\n|j|\u2606p0y2136a305\n|t:|1783563926\n|gametype|singles\n|player|p1|p0x213684fc|102|\n|player|p2|p0y2136a305|266|\n|gen|9\n|tier|[Gen 9] Random Battle\n|rule|Species Clause: Limit one of each Pok\u00e9mon\n|rule|HP Percentage Mod: HP is shown in percentages\n|rule|Sleep Clause Mod: Limit one foe put to sleep\n|rule|Illusion Level Mod: Illusion disguises the Pok\u00e9mon's true level\n|\n|t:|1783563926\n|teamsize|p1|6\n|teamsize|p2|6\n|start\n|switch|p1a: Staraptor|Staraptor, L79, M|100/100\n|switch|p2a: Pincurchin|Pincurchin, M|258/258\n|-fieldstart|move: Electric Terrain|[from] ability: Electric Surge|[of] p2a: Pincurchin\n|turn|1\n|inactive|Battle timer is ON: inactive players will automatically lose when time's up. (requested by p0x213684fc)\n|inactive|Time left: 300 sec this turn | 300 sec total | 60 sec grace\n|\n|t:|1783563928\n|switch|p1a: Abomasnow|Abomasnow, L84, F|100/100\n|-weather|Snowscape|[from] ability: Snow Warning|[of] p1a: Abomasnow\n|move|p2a: Pincurchin|Zing Zap|p1a: Abomasnow\n|-resisted|p1a: Abomasnow\n|-damage|p1a: Abomasnow|79/100\n|\n|-weather|Snowscape|[upkeep]\n|upkeep\n|turn|2\n|inactive|Time left: 300 sec this turn | 300 sec total\n|inactive|p0y2136a305 also wants the timer to be on.\n|\n|t:|1783563929\n|move|p1a: Abomasnow|Aurora Veil|p1a: Abomasnow\n|-sidestart|p1: p0x213684fc|move: Aurora Veil\n|move|p2a: Pincurchin|Zing Zap|p1a: Abomasnow\n|-resisted|p1a: Abomasnow\n|-damage|p1a: Abomasnow|69/100\n|\n|-weather|Snowscape|[upkeep]\n|upkeep\n|turn|3\n|inactive|Time left: 300 sec this turn | 300 sec total\n|\n|t:|1783563930\n|switch|p1a: Rillaboom|Rillaboom, L79, M|100/100\n|-fieldstart|move: Grassy Terrain|[from] ability: Grassy Surge|[of] p1a: Rillaboom\n|move|p2a: Pincurchin|Zing Zap|p1a: Rillaboom\n|-resisted|p1a: Rillaboom\n|-damage|p1a: Rillaboom|90/100\n|\n|-weather|Snowscape|[upkeep]\n|-heal|p1a: Rillaboom|97/100|[from] Grassy Terrain\n|upkeep\n|turn|4\n|inactive|Time left: 300 sec this turn | 300 sec total\n|\n|t:|1783563931\n|switch|p2a: Okidogi|Okidogi, L77, M|262/262\n|move|p1a: Rillaboom|Swords Dance|p1a: Rillaboom\n|-boost|p1a: Rillaboom|atk|2\n|\n|-weather|Snowscape|[upkeep]\n|-heal|p1a: Rillaboom|100/100|[from] Grassy Terrain\n|upkeep\n|turn|5\n|inactive|Time left: 300 sec this turn | 300 sec total\n|\n|t:|1783563932\n|move|p1a: Rillaboom|High Horsepower|p2a: Okidogi\n|-supereffective|p2a: Okidogi\n|-damage|p2a: Okidogi|0 fnt\n|faint|p2a: Okidogi\n|-damage|p1a: Rillaboom|91/100|[from] item: Life Orb\n|\n|-weather|none\n|-heal|p1a: Rillaboom|97/100|[from] Grassy Terrain\n|upkeep\n|inactive|Time left: 300 sec this turn | 300 sec total | 5 sec grace\n|\n|t:|1783563933\n|switch|p2a: Volcarona|Volcarona, L77, F|257/257\n|turn|6\n|inactive|Time left: 300 sec this turn | 300 sec total\n|\n|t:|1783563934\n|move|p2a: Volcarona|Fire Blast|p1a: Rillaboom|[miss]\n|-miss|p2a: Volcarona|p1a: Rillaboom\n|move|p1a: Rillaboom|High Horsepower|p2a: Volcarona\n|-damage|p2a: Volcarona|0 fnt\n|faint|p2a: Volcarona\n|-damage|p1a: Rillaboom|87/100|[from] item: Life Orb\n|\n|-heal|p1a: Rillaboom|94/100|[from] Grassy Terrain\n|upkeep\n|inactive|Time left: 300 sec this turn | 300 sec total | 5 sec grace\n|\n|t:|1783563935\n|switch|p2a: Pincurchin|Pincurchin, M|258/258\n|-fieldstart|move: Electric Terrain|[from] ability: Electric Surge|[of] p2a: Pincurchin\n|turn|7\n|inactive|Time left: 300 sec this turn | 300 sec total\n|\n|t:|1783563935\n|switch|p2a: Iron Treads|Iron Treads, L77|265/265\n|-activate|p2a: Iron Treads|ability: Quark Drive\n|-start|p2a: Iron Treads|quarkdrivedef\n|move|p1a: Rillaboom|Wood Hammer|p2a: Iron Treads\n|-damage|p2a: Iron Treads|23/265\n|-damage|p1a: Rillaboom|66/100|[from] Recoil\n|-damage|p1a: Rillaboom|56/100|[from] item: Life Orb\n|\n|upkeep\n|turn|8\n|inactive|Time left: 300 sec this turn | 300 sec total\n|\n|t:|1783563936\n|move|p2a: Iron Treads|Iron Head|p1a: Rillaboom\n|-damage|p1a: Rillaboom|42/100\n|move|p1a: Rillaboom|Grassy Glide|p2a: Iron Treads\n|-damage|p2a: Iron Treads|0 fnt\n|faint|p2a: Iron Treads\n|-end|p2a: Iron Treads|Quark Drive|[silent]\n|-damage|p1a: Rillaboom|32/100|[from] item: Life Orb\n|\n|upkeep\n|inactive|Time left: 300 sec this turn | 300 sec total | 5 sec grace\n|\n|t:|1783563937\n|switch|p2a: Iron Valiant|Iron Valiant, L78|244/244\n|-activate|p2a: Iron Valiant|ability: Quark Drive\n|-start|p2a: Iron Valiant|quarkdriveatk\n|turn|9\n|inactive|Time left: 300 sec this turn | 300 sec total\n|\n|t:|1783563938\n|move|p2a: Iron Valiant|Close Combat|p1a: Rillaboom\n|-damage|p1a: Rillaboom|0 fnt\n|-unboost|p2a: Iron Valiant|def|1\n|-unboost|p2a: Iron Valiant|spd|1\n|faint|p1a: Rillaboom\n|-damage|p2a: Iron Valiant|220/244|[from] item: Life Orb\n|\n|-sideend|p1: p0x213684fc|move: Aurora Veil\n|upkeep\n|\n|t:|1783563939\n|switch|p1a: Swalot|Swalot, L90, F|100/100\n|turn|10\n|inactive|Time left: 300 sec this turn | 300 sec total\n|\n|t:|1783563940\n|-end|p2a: Iron Valiant|Quark Drive|[silent]\n|switch|p2a: Pincurchin|Pincurchin, M|258/258\n|move|p1a: Swalot|Swords Dance|p1a: Swalot\n|-boost|p1a: Swalot|atk|2\n|\n|upkeep\n|turn|11\n|inactive|Time left: 300 sec this turn | 300 sec total\n|\n|t:|1783563941\n|move|p1a: Swalot|Gunk Shot|p2a: Pincurchin|[miss]\n|-miss|p1a: Swalot|p2a: Pincurchin\n|move|p2a: Pincurchin|Recover||[still]\n|-fail|p2a: Pincurchin|heal\n|\n|-fieldend|move: Electric Terrain\n|upkeep\n|turn|12\n|inactive|Time left: 300 sec this turn | 300 sec total\n|\n|t:|1783563942\n|move|p1a: Swalot|Gunk Shot|p2a: Pincurchin\n|-damage|p2a: Pincurchin|83/258\n|move|p2a: Pincurchin|Zing Zap|p1a: Swalot\n|-damage|p1a: Swalot|64/100\n|\n|-heal|p1a: Swalot|70/100|[from] item: Leftovers\n|-heal|p2a: Pincurchin|99/258|[from] item: Leftovers\n|upkeep\n|turn|13\n|inactive|Time left: 300 sec this turn | 300 sec total\n|\n|t:|1783563943\n|move|p1a: Swalot|Gunk Shot|p2a: Pincurchin\n|-damage|p2a: Pincurchin|0 fnt\n|faint|p2a: Pincurchin\n|\n|-heal|p1a: Swalot|76/100|[from] item: Leftovers\n|upkeep\n|inactive|Time left: 300 sec this turn | 300 sec total | 5 sec grace\n|\n|t:|1783563944\n|switch|p2a: Iron Valiant|Iron Valiant, L78|220/244\n|turn|14\n|inactive|Time left: 300 sec this turn | 300 sec total\n|\n|t:|1783563945\n|move|p2a: Iron Valiant|Psychic|p1a: Swalot\n|-supereffective|p1a: Swalot\n|-damage|p1a: Swalot|21/100\n|-damage|p2a: Iron Valiant|196/244|[from] item: Life Orb\n|move|p1a: Swalot|Gunk Shot|p2a: Iron Valiant\n|-supereffective|p2a: Iron Valiant\n|-damage|p2a: Iron Valiant|0 fnt\n|faint|p2a: Iron Valiant\n|-end|p2a: Iron Valiant|Quark Drive|[silent]\n|\n|-heal|p1a: Swalot|27/100|[from] item: Leftovers\n|upkeep\n|inactive|Time left: 300 sec this turn | 300 sec total | 5 sec grace\n|\n|t:|1783563946\n|switch|p2a: Gothitelle|Gothitelle, L90, M|272/272\n|turn|15\n|inactive|Time left: 300 sec this turn | 300 sec total\n|\n|t:|1783563947\n|-terastallize|p2a: Gothitelle|Steel\n|move|p2a: Gothitelle|Dark Pulse|p1a: Swalot\n|-damage|p1a: Swalot|8/100\n|move|p1a: Swalot|Knock Off|p2a: Gothitelle\n|-damage|p2a: Gothitelle|149/272\n|-enditem|p2a: Gothitelle|Leftovers|[from] move: Knock Off|[of] p1a: Swalot\n|\n|-heal|p1a: Swalot|14/100|[from] item: Leftovers\n|upkeep\n|turn|16\n|inactive|Time left: 300 sec this turn | 300 sec total\n|\n|t:|1783563948\n|-terastallize|p1a: Swalot|Ground\n|move|p2a: Gothitelle|Dark Pulse|p1a: Swalot\n|-damage|p1a: Swalot|0 fnt\n|faint|p1a: Swalot\n|\n|upkeep\n|\n|t:|1783563949\n|switch|p1a: Staraptor|Staraptor, L79, M|100/100\n|turn|17\n|inactive|Time left: 300 sec this turn | 300 sec total\n|\n|t:|1783563950\n|move|p1a: Staraptor|Close Combat|p2a: Gothitelle\n|-supereffective|p2a: Gothitelle\n|-damage|p2a: Gothitelle|0 fnt\n|-unboost|p1a: Staraptor|def|1\n|-unboost|p1a: Staraptor|spd|1\n|faint|p2a: Gothitelle\n|\n|win|p0x213684fc", "uploadtime": 1783563950, "views": 0, "rating": 0, "private": 0, "password": null, "_winner": "p0x213684fc", "_our_name": "p0y2136a305"}