{"id": "battle-gen9randombattle-342", "formatid": "gen9randombattle", "format": "[Gen 9] Random Battle", "players": ["p0x3422874", "p0y3426c08"], "log": "|init|battle\n|title|p0x3422874 vs. p0y3426c08\n|j|\u2606p0x3422874\n|j|\u2606p0y3426c08\n|t:|1783543089\n|gametype|singles\n|player|p1|p0x3422874|101|\n|player|p2|p0y3426c08|265|\n|gen|9\n|tier|[Gen 9] Random Battle\n|rule|Species Clause: Limit one of each Pok\u00e9mon\n|rule|HP Percentage Mod: HP is shown in percentages\n|rule|Sleep Clause Mod: Limit one foe put to sleep\n|rule|Illusion Level Mod: Illusion disguises the Pok\u00e9mon's true level\n|\n|t:|1783543089\n|teamsize|p1|6\n|teamsize|p2|6\n|start\n|switch|p1a: Braviary|Braviary, L85, M|100/100\n|switch|p2a: Hitmonchan|Hitmonchan, L87, M|229/229\n|turn|1\n|inactive|Battle timer is ON: inactive players will automatically lose when time's up. (requested by p0y3426c08)\n|inactive|p0x3422874 also wants the timer to be on.\n|\n|t:|1783543091\n|switch|p2a: Noctowl|Noctowl, L95, M|344/344\n|move|p1a: Braviary|Brave Bird|p2a: Noctowl\n|-damage|p2a: Noctowl|142/344\n|-damage|p1a: Braviary|79/100|[from] Recoil\n|\n|upkeep\n|turn|2\n|inactive|Time left: 300 sec this turn | 300 sec total\n|\n|t:|1783543092\n|move|p2a: Noctowl|Roost|p2a: Noctowl\n|-heal|p2a: Noctowl|314/344\n|-singleturn|p2a: Noctowl|move: Roost\n|move|p1a: Braviary|Brave Bird|p2a: Noctowl\n|-damage|p2a: Noctowl|116/344\n|-damage|p1a: Braviary|58/100|[from] Recoil\n|\n|upkeep\n|turn|3\n|inactive|Time left: 300 sec this turn | 300 sec total\n|\n|t:|1783543093\n|move|p2a: Noctowl|Roost|p2a: Noctowl\n|-heal|p2a: Noctowl|288/344\n|-singleturn|p2a: Noctowl|move: Roost\n|move|p1a: Braviary|Close Combat|p2a: Noctowl\n|-supereffective|p2a: Noctowl\n|-damage|p2a: Noctowl|18/344\n|-unboost|p1a: Braviary|def|1\n|-unboost|p1a: Braviary|spd|1\n|\n|upkeep\n|turn|4\n|inactive|Time left: 300 sec this turn | 300 sec total\n|\n|t:|1783543094\n|switch|p1a: Moltres|Moltres-Galar, L79|100/100\n|move|p2a: Noctowl|Hyper Voice|p1a: Moltres\n|-damage|p1a: Moltres|65/100\n|\n|upkeep\n|turn|5\n|inactive|Time left: 300 sec this turn | 300 sec total\n|\n|t:|1783543095\n|move|p1a: Moltres|Fiery Wrath|p2a: Noctowl\n|-damage|p2a: Noctowl|0 fnt\n|faint|p2a: Noctowl\n|\n|upkeep\n|inactive|Time left: 300 sec this turn | 300 sec total | 5 sec grace\n|\n|t:|1783543096\n|switch|p2a: Hitmonchan|Hitmonchan, L87, M|229/229\n|turn|6\n|inactive|Time left: 300 sec this turn | 300 sec total\n|\n|t:|1783543097\n|move|p1a: Moltres|Hurricane|p2a: Hitmonchan|[miss]\n|-miss|p1a: Moltres|p2a: Hitmonchan\n|move|p2a: Hitmonchan|Swords Dance|p2a: Hitmonchan\n|-boost|p2a: Hitmonchan|atk|2\n|\n|upkeep\n|turn|7\n|inactive|Time left: 300 sec this turn | 300 sec total\n|\n|t:|1783543098\n|move|p1a: Moltres|Hurricane|p2a: Hitmonchan\n|-supereffective|p2a: Hitmonchan\n|-damage|p2a: Hitmonchan|59/229\n|move|p2a: Hitmonchan|Drain Punch|p1a: Moltres\n|-damage|p1a: Moltres|0 fnt\n|-heal|p2a: Hitmonchan|147/229|[from] drain|[of] p1a: Moltres\n|faint|p1a: Moltres\n|\n|-heal|p2a: Hitmonchan|161/229|[from] item: Leftovers\n|upkeep\n|\n|t:|1783543099\n|switch|p1a: Braviary|Braviary, L85, M|58/100\n|turn|8\n|inactive|Time left: 300 sec this turn | 300 sec total\n|\n|t:|1783543100\n|switch|p2a: Oricorio|Oricorio-Pa'u, L87, M|272/272\n|move|p1a: Braviary|Brave Bird|p2a: Oricorio\n|-damage|p2a: Oricorio|104/272\n|-damage|p1a: Braviary|40/100|[from] Recoil\n|\n|upkeep\n|turn|9\n|inactive|Time left: 300 sec this turn | 300 sec total\n|\n|t:|1783543101\n|move|p2a: Oricorio|Hurricane|p1a: Braviary|[miss]\n|-miss|p2a: Oricorio|p1a: Braviary\n|move|p1a: Braviary|Roost|p1a: Braviary\n|-heal|p1a: Braviary|90/100\n|-singleturn|p1a: Braviary|move: Roost\n|\n|upkeep\n|turn|10\n|inactive|Time left: 300 sec this turn | 300 sec total\n|\n|t:|1783543102\n|move|p2a: Oricorio|Roost|p2a: Oricorio\n|-heal|p2a: Oricorio|240/272\n|-singleturn|p2a: Oricorio|move: Roost\n|move|p1a: Braviary|Brave Bird|p2a: Oricorio\n|-damage|p2a: Oricorio|50/272\n|-damage|p1a: Braviary|70/100|[from] Recoil\n|\n|upkeep\n|turn|11\n|inactive|Time left: 300 sec this turn | 300 sec total\n|\n|t:|1783543103\n|move|p2a: Oricorio|Roost|p2a: Oricorio\n|-heal|p2a: Oricorio|186/272\n|-singleturn|p2a: Oricorio|move: Roost\n|move|p1a: Braviary|Brave Bird|p2a: Oricorio\n|-damage|p2a: Oricorio|2/272\n|-damage|p1a: Braviary|50/100|[from] Recoil\n|\n|upkeep\n|turn|12\n|inactive|Time left: 300 sec this turn | 300 sec total\n|\n|t:|1783543104\n|move|p2a: Oricorio|Revelation Dance|p1a: Braviary\n|-damage|p1a: Braviary|15/100\n|move|p1a: Braviary|Roost|p1a: Braviary\n|-heal|p1a: Braviary|65/100\n|-singleturn|p1a: Braviary|move: Roost\n|\n|upkeep\n|turn|13\n|inactive|Time left: 300 sec this turn | 300 sec total\n|\n|t:|1783543105\n|move|p2a: Oricorio|Hurricane|p1a: Braviary\n|-damage|p1a: Braviary|18/100\n|move|p1a: Braviary|Brave Bird|p2a: Oricorio\n|-damage|p2a: Oricorio|0 fnt\n|faint|p2a: Oricorio\n|-damage|p1a: Braviary|18/100|[from] Recoil\n|\n|upkeep\n|inactive|Time left: 300 sec this turn | 300 sec total | 5 sec grace\n|\n|t:|1783543106\n|switch|p2a: Meganium|Meganium, L90, M|290/290\n|turn|14\n|inactive|Time left: 300 sec this turn | 300 sec total\n|\n|t:|1783543107\n|move|p2a: Meganium|Knock Off|p1a: Braviary\n|-damage|p1a: Braviary|0 fnt\n|-enditem|p1a: Braviary|Heavy-Duty Boots|[from] move: Knock Off|[of] p2a: Meganium\n|faint|p1a: Braviary\n|\n|upkeep\n|\n|t:|1783543108\n|switch|p1a: Hariyama|Hariyama, L87, M|100/100\n|turn|15\n|inactive|Time left: 300 sec this turn | 300 sec total\n|\n|t:|1783543109\n|move|p2a: Meganium|Knock Off|p1a: Hariyama\n|-resisted|p1a: Hariyama\n|-damage|p1a: Hariyama|89/100\n|-enditem|p1a: Hariyama|Assault Vest|[from] move: Knock Off|[of] p2a: Meganium\n|move|p1a: Hariyama|Knock Off|p2a: Meganium\n|-damage|p2a: Meganium|213/290\n|-enditem|p2a: Meganium|Leftovers|[from] move: Knock Off|[of] p1a: Hariyama\n|\n|upkeep\n|turn|16\n|inactive|Time left: 300 sec this turn | 300 sec total\n|\n|t:|1783543110\n|move|p2a: Meganium|Energy Ball|p1a: Hariyama\n|-damage|p1a: Hariyama|55/100\n|move|p1a: Hariyama|Close Combat|p2a: Meganium\n|-damage|p2a: Meganium|71/290\n|-unboost|p1a: Hariyama|def|1\n|-unboost|p1a: Hariyama|spd|1\n|\n|upkeep\n|turn|17\n|inactive|Time left: 300 sec this turn | 300 sec total\n|\n|t:|1783543111\n|switch|p1a: Furret|Furret, L94, F|100/100\n|move|p2a: Meganium|Energy Ball|p1a: Furret\n|-damage|p1a: Furret|40/100\n|\n|upkeep\n|turn|18\n|inactive|Time left: 300 sec this turn | 300 sec total\n|\n|t:|1783543112\n|switch|p2a: Orthworm|Orthworm, L88, F|266/266\n|move|p1a: Furret|Double-Edge|p2a: Orthworm\n|-resisted|p2a: Orthworm\n|-damage|p2a: Orthworm|202/266\n|-damage|p1a: Furret|33/100|[from] Recoil\n|\n|-heal|p2a: Orthworm|218/266|[from] item: Leftovers\n|upkeep\n|turn|19\n|inactive|Time left: 300 sec this turn | 300 sec total\n|\n|t:|1783543113\n|switch|p1a: Hariyama|Hariyama, L87, M|55/100\n|move|p2a: Orthworm|Body Press|p1a: Hariyama\n|-damage|p1a: Hariyama|27/100\n|\n|-heal|p2a: Orthworm|234/266|[from] item: Leftovers\n|upkeep\n|turn|20\n|inactive|Time left: 300 sec this turn | 300 sec total\n|\n|t:|1783543114\n|move|p2a: Orthworm|Body Press|p1a: Hariyama\n|-damage|p1a: Hariyama|0 fnt\n|faint|p1a: Hariyama\n|\n|-heal|p2a: Orthworm|250/266|[from] item: Leftovers\n|upkeep\n|\n|t:|1783543115\n|switch|p1a: Sableye|Sableye, L88, F|100/100\n|turn|21\n|inactive|Time left: 300 sec this turn | 300 sec total\n|\n|t:|1783543116\n|switch|p2a: Meganium|Meganium, L90, M|71/290\n|move|p1a: Sableye|Thunder Wave|p2a: Meganium\n|-status|p2a: Meganium|par\n|\n|upkeep\n|turn|22\n|inactive|Time left: 300 sec this turn | 300 sec total\n|\n|t:|1783543117\n|move|p1a: Sableye|Knock Off|p2a: Meganium\n|-damage|p2a: Meganium|19/290 par\n|move|p2a: Meganium|Energy Ball|p1a: Sableye\n|-damage|p1a: Sableye|19/100\n|\n|-heal|p1a: Sableye|25/100|[from] item: Leftovers\n|upkeep\n|turn|23\n|inactive|Time left: 300 sec this turn | 300 sec total\n|\n|t:|1783543118\n|move|p1a: Sableye|Knock Off|p2a: Meganium\n|-damage|p2a: Meganium|0 fnt\n|faint|p2a: Meganium\n|\n|-heal|p1a: Sableye|31/100|[from] item: Leftovers\n|upkeep\n|inactive|Time left: 300 sec this turn | 300 sec total | 5 sec grace\n|\n|t:|1783543118\n|switch|p2a: Hitmonchan|Hitmonchan, L87, M|161/229\n|turn|24\n|inactive|Time left: 300 sec this turn | 300 sec total\n|\n|t:|1783543119\n|move|p1a: Sableye|Thunder Wave|p2a: Hitmonchan\n|-status|p2a: Hitmonchan|par\n|cant|p2a: Hitmonchan|par\n|\n|-heal|p1a: Sableye|37/100|[from] item: Leftovers\n|-heal|p2a: Hitmonchan|175/229 par|[from] item: Leftovers\n|upkeep\n|turn|25\n|inactive|Time left: 300 sec this turn | 300 sec total\n|\n|t:|1783543120\n|move|p1a: Sableye|Recover|p1a: Sableye\n|-heal|p1a: Sableye|87/100\n|cant|p2a: Hitmonchan|par\n|\n|-heal|p1a: Sableye|93/100|[from] item: Leftovers\n|-heal|p2a: Hitmonchan|189/229 par|[from] item: Leftovers\n|upkeep\n|turn|26\n|inactive|Time left: 300 sec this turn | 300 sec total\n|\n|t:|1783543121\n|move|p1a: Sableye|Knock Off|p2a: Hitmonchan\n|-resisted|p2a: Hitmonchan\n|-damage|p2a: Hitmonchan|139/229 par\n|-enditem|p2a: Hitmonchan|Leftovers|[from] move: Knock Off|[of] p1a: Sableye\n|move|p2a: Hitmonchan|Swords Dance|p2a: Hitmonchan\n|-boost|p2a: Hitmonchan|atk|2\n|\n|-heal|p1a: Sableye|99/100|[from] item: Leftovers\n|upkeep\n|turn|27\n|inactive|Time left: 300 sec this turn | 300 sec total\n|\n|t:|1783543122\n|move|p1a: Sableye|Encore|p2a: Hitmonchan\n|-start|p2a: Hitmonchan|Encore\n|move|p2a: Hitmonchan|Swords Dance|p2a: Hitmonchan\n|-boost|p2a: Hitmonchan|atk|2\n|\n|-heal|p1a: Sableye|100/100|[from] item: Leftovers\n|upkeep\n|turn|28\n|inactive|Time left: 300 sec this turn | 300 sec total\n|\n|t:|1783543123\n|switch|p1a: Rhyperior|Rhyperior, L82, M|100/100\n|cant|p2a: Hitmonchan|par\n|\n|upkeep\n|turn|29\n|inactive|Time left: 300 sec this turn | 300 sec total\n|\n|t:|1783543124\n|switch|p2a: Orthworm|Orthworm, L88, F|250/266\n|move|p1a: Rhyperior|Dragon Tail|p2a: Orthworm\n|-resisted|p2a: Orthworm\n|-damage|p2a: Orthworm|232/266\n|drag|p2a: Hitmonchan|Hitmonchan, L87, M|139/229 par\n|\n|upkeep\n|turn|30\n|inactive|Time left: 300 sec this turn | 300 sec total\n|\n|t:|1783543125\n|switch|p2a: Orthworm|Orthworm, L88, F|232/266\n|move|p1a: Rhyperior|Earthquake|p2a: Orthworm\n|-heal|p2a: Orthworm|266/266|[from] ability: Earth Eater|[of] p1a: Rhyperior\n|\n|upkeep\n|turn|31\n|inactive|Time left: 300 sec this turn | 300 sec total\n|\n|t:|1783543126\n|move|p2a: Orthworm|Heavy Slam|p1a: Rhyperior\n|-supereffective|p1a: Rhyperior\n|-damage|p1a: Rhyperior|87/100\n|move|p1a: Rhyperior|Dragon Tail|p2a: Orthworm\n|-resisted|p2a: Orthworm\n|-damage|p2a: Orthworm|247/266\n|drag|p2a: Hitmonchan|Hitmonchan, L87, M|139/229 par\n|\n|upkeep\n|turn|32\n|inactive|Time left: 300 sec this turn | 300 sec total\n|\n|t:|1783543127\n|switch|p2a: Orthworm|Orthworm, L88, F|247/266\n|move|p1a: Rhyperior|Earthquake|p2a: Orthworm\n|-heal|p2a: Orthworm|266/266|[from] ability: Earth Eater|[of] p1a: Rhyperior\n|\n|upkeep\n|turn|33\n|inactive|Time left: 300 sec this turn | 300 sec total\n|\n|t:|1783543128\n|move|p2a: Orthworm|Body Press|p1a: Rhyperior\n|-supereffective|p1a: Rhyperior\n|-damage|p1a: Rhyperior|54/100\n|move|p1a: Rhyperior|Dragon Tail|p2a: Orthworm\n|-resisted|p2a: Orthworm\n|-damage|p2a: Orthworm|248/266\n|drag|p2a: Hitmonchan|Hitmonchan, L87, M|139/229 par\n|\n|upkeep\n|turn|34\n|inactive|Time left: 300 sec this turn | 300 sec total\n|\n|t:|1783543129\n|switch|p2a: Orthworm|Orthworm, L88, F|248/266\n|move|p1a: Rhyperior|Earthquake|p2a: Orthworm\n|-heal|p2a: Orthworm|266/266|[from] ability: Earth Eater|[of] p1a: Rhyperior\n|\n|upkeep\n|turn|35\n|inactive|Time left: 300 sec this turn | 300 sec total\n|\n|t:|1783543130\n|move|p2a: Orthworm|Body Press|p1a: Rhyperior\n|-supereffective|p1a: Rhyperior\n|-damage|p1a: Rhyperior|23/100\n|move|p1a: Rhyperior|Dragon Tail|p2a: Orthworm|[miss]\n|-miss|p1a: Rhyperior|p2a: Orthworm\n|\n|upkeep\n|turn|36\n|inactive|Time left: 300 sec this turn | 300 sec total\n|\n|t:|1783543131\n|switch|p1a: Sableye|Sableye, L88, F|100/100\n|move|p2a: Orthworm|Body Press|p1a: Sableye\n|-immune|p1a: Sableye\n|\n|upkeep\n|turn|37\n|inactive|Time left: 300 sec this turn | 300 sec total\n|\n|t:|1783543132\n|move|p1a: Sableye|Thunder Wave|p2a: Orthworm\n|-status|p2a: Orthworm|par\n|move|p2a: Orthworm|Heavy Slam|p1a: Sableye\n|-damage|p1a: Sableye|44/100\n|\n|-heal|p1a: Sableye|50/100|[from] item: Leftovers\n|upkeep\n|turn|38\n|inactive|Time left: 300 sec this turn | 300 sec total\n|\n|t:|1783543133\n|move|p1a: Sableye|Recover|p1a: Sableye\n|-heal|p1a: Sableye|100/100\n|move|p2a: Orthworm|Heavy Slam|p1a: Sableye\n|-damage|p1a: Sableye|42/100\n|\n|-heal|p1a: Sableye|48/100|[from] item: Leftovers\n|upkeep\n|turn|39\n|inactive|Time left: 300 sec this turn | 300 sec total\n|\n|t:|1783543135\n|move|p1a: Sableye|Recover|p1a: Sableye\n|-heal|p1a: Sableye|98/100\n|move|p2a: Orthworm|Heavy Slam|p1a: Sableye\n|-damage|p1a: Sableye|39/100\n|\n|-heal|p1a: Sableye|45/100|[from] item: Leftovers\n|upkeep\n|turn|40\n|inactive|Time left: 300 sec this turn | 300 sec total\n|\n|t:|1783543136\n|move|p1a: Sableye|Recover|p1a: Sableye\n|-heal|p1a: Sableye|95/100\n|move|p2a: Orthworm|Heavy Slam|p1a: Sableye\n|-damage|p1a: Sableye|32/100\n|\n|-heal|p1a: Sableye|38/100|[from] item: Leftovers\n|upkeep\n|turn|41\n|inactive|Time left: 300 sec this turn | 300 sec total\n|\n|t:|1783543137\n|move|p1a: Sableye|Recover|p1a: Sableye\n|-heal|p1a: Sableye|88/100\n|move|p2a: Orthworm|Heavy Slam|p1a: Sableye\n|-damage|p1a: Sableye|24/100\n|\n|-heal|p1a: Sableye|30/100|[from] item: Leftovers\n|upkeep\n|turn|42\n|inactive|Time left: 300 sec this turn | 300 sec total\n|\n|t:|1783543138\n|move|p1a: Sableye|Recover|p1a: Sableye\n|-heal|p1a: Sableye|80/100\n|move|p2a: Orthworm|Heavy Slam|p1a: Sableye\n|-damage|p1a: Sableye|17/100\n|\n|-heal|p1a: Sableye|23/100|[from] item: Leftovers\n|upkeep\n|turn|43\n|inactive|Time left: 300 sec this turn | 300 sec total\n|\n|t:|1783543139\n|move|p1a: Sableye|Recover|p1a: Sableye\n|-heal|p1a: Sableye|74/100\n|move|p2a: Orthworm|Heavy Slam|p1a: Sableye\n|-damage|p1a: Sableye|12/100\n|\n|-heal|p1a: Sableye|18/100|[from] item: Leftovers\n|upkeep\n|turn|44\n|inactive|Time left: 300 sec this turn | 300 sec total\n|\n|t:|1783543140\n|move|p1a: Sableye|Recover|p1a: Sableye\n|-heal|p1a: Sableye|68/100\n|move|p2a: Orthworm|Heavy Slam|p1a: Sableye\n|-damage|p1a: Sableye|12/100\n|\n|-heal|p1a: Sableye|18/100|[from] item: Leftovers\n|upkeep\n|turn|45\n|inactive|Time left: 300 sec this turn | 300 sec total\n|\n|t:|1783543141\n|move|p1a: Sableye|Knock Off|p2a: Orthworm\n|-damage|p2a: Orthworm|205/266 par\n|-enditem|p2a: Orthworm|Leftovers|[from] move: Knock Off|[of] p1a: Sableye\n|move|p2a: Orthworm|Heavy Slam|p1a: Sableye\n|-damage|p1a: Sableye|0 fnt\n|faint|p1a: Sableye\n|\n|upkeep\n|\n|t:|1783543142\n|switch|p1a: Furret|Furret, L94, F|33/100\n|turn|46\n|inactive|Time left: 300 sec this turn | 300 sec total\n|\n|t:|1783543143\n|move|p1a: Furret|U-turn|p2a: Orthworm\n|-resisted|p2a: Orthworm\n|-damage|p2a: Orthworm|180/266 par\n|\n|t:|1783543144\n|switch|p1a: Rhyperior|Rhyperior, L82, M|23/100|[from] U-turn\n|move|p2a: Orthworm|Body Press|p1a: Rhyperior\n|-supereffective|p1a: Rhyperior\n|-damage|p1a: Rhyperior|0 fnt\n|faint|p1a: Rhyperior\n|\n|upkeep\n|\n|t:|1783543145\n|switch|p1a: Furret|Furret, L94, F|33/100\n|turn|47\n|inactive|Time left: 300 sec this turn | 300 sec total\n|\n|t:|1783543146\n|-terastallize|p1a: Furret|Ghost\n|move|p1a: Furret|U-turn|p2a: Orthworm\n|-resisted|p2a: Orthworm\n|-damage|p2a: Orthworm|156/266 par\n|move|p2a: Orthworm|Heavy Slam|p1a: Furret\n|-crit|p1a: Furret\n|-damage|p1a: Furret|0 fnt\n|faint|p1a: Furret\n|\n|win|p0y3426c08", "uploadtime": 1783543146, "views": 0, "rating": 0, "private": 0, "password": null, "_winner": "p0y3426c08", "_our_name": "p0y3426c08"}