{"id": "battle-gen9randombattle-2049", "formatid": "gen9randombattle", "format": "[Gen 9] Random Battle", "players": ["p0x204954d9", "p0y20497b33"], "log": "|init|battle\n|title|p0x204954d9 vs. p0y20497b33\n|j|\u2606p0x204954d9\n|j|\u2606p0y20497b33\n|t:|1783563734\n|gametype|singles\n|player|p1|p0x204954d9|170|\n|player|p2|p0y20497b33|101|\n|gen|9\n|tier|[Gen 9] Random Battle\n|rule|Species Clause: Limit one of each Pok\u00e9mon\n|rule|HP Percentage Mod: HP is shown in percentages\n|rule|Sleep Clause Mod: Limit one foe put to sleep\n|rule|Illusion Level Mod: Illusion disguises the Pok\u00e9mon's true level\n|\n|t:|1783563734\n|teamsize|p1|6\n|teamsize|p2|6\n|start\n|switch|p1a: Kyurem|Kyurem-Black, L71|295/295\n|switch|p2a: Pelipper|Pelipper, L86, M|100/100\n|-ability|p1a: Kyurem|Teravolt\n|-weather|RainDance|[from] ability: Drizzle|[of] p2a: Pelipper\n|turn|1\n|inactive|Battle timer is ON: inactive players will automatically lose when time's up. (requested by p0y20497b33)\n|inactive|Time left: 300 sec this turn | 300 sec total | 60 sec grace\n|\n|t:|1783563735\n|move|p1a: Kyurem|Fusion Bolt|p2a: Pelipper\n|-supereffective|p2a: Pelipper\n|-damage|p2a: Pelipper|0 fnt\n|faint|p2a: Pelipper\n|\n|-weather|RainDance|[upkeep]\n|upkeep\n|inactive|p0x204954d9 also wants the timer to be on.\n|\n|t:|1783563736\n|switch|p2a: Mienshao|Mienshao, L83, M|100/100\n|turn|2\n|inactive|Time left: 300 sec this turn | 300 sec total\n|\n|t:|1783563737\n|switch|p1a: Spiritomb|Spiritomb, L89, M|234/234\n|move|p2a: Mienshao|High Jump Kick|p1a: Spiritomb\n|-immune|p1a: Spiritomb\n|-damage|p2a: Mienshao|51/100|[from] highjumpkick\n|\n|-weather|RainDance|[upkeep]\n|upkeep\n|turn|3\n|inactive|Time left: 300 sec this turn | 300 sec total\n|\n|t:|1783563738\n|switch|p2a: Appletun|Appletun, L92, M|100/100\n|move|p1a: Spiritomb|Poltergeist|p2a: Appletun\n|-activate|p2a: Appletun|move: Poltergeist|Leftovers\n|-damage|p2a: Appletun|68/100\n|\n|-weather|RainDance|[upkeep]\n|-heal|p2a: Appletun|74/100|[from] item: Leftovers\n|upkeep\n|turn|4\n|inactive|Time left: 300 sec this turn | 300 sec total\n|\n|t:|1783563740\n|switch|p1a: Tinkaton|Tinkaton, L82, F|274/274\n|-ability|p1a: Tinkaton|Mold Breaker\n|move|p2a: Appletun|Leech Seed|p1a: Tinkaton\n|-start|p1a: Tinkaton|move: Leech Seed\n|\n|-weather|RainDance|[upkeep]\n|-heal|p2a: Appletun|81/100|[from] item: Leftovers\n|-damage|p1a: Tinkaton|240/274|[from] Leech Seed|[of] p2a: Appletun\n|-heal|p2a: Appletun|90/100|[silent]\n|upkeep\n|turn|5\n|inactive|Time left: 300 sec this turn | 300 sec total\n|\n|t:|1783563741\n|move|p1a: Tinkaton|Swords Dance|p1a: Tinkaton\n|-boost|p1a: Tinkaton|atk|2\n|move|p2a: Appletun|Apple Acid|p1a: Tinkaton\n|-resisted|p1a: Tinkaton\n|-damage|p1a: Tinkaton|192/274\n|-unboost|p1a: Tinkaton|spd|1\n|\n|-weather|none\n|-heal|p1a: Tinkaton|209/274|[from] item: Leftovers\n|-heal|p2a: Appletun|97/100|[from] item: Leftovers\n|-damage|p1a: Tinkaton|175/274|[from] Leech Seed|[of] p2a: Appletun\n|-heal|p2a: Appletun|100/100|[silent]\n|upkeep\n|turn|6\n|inactive|Time left: 300 sec this turn | 300 sec total\n|\n|t:|1783563742\n|move|p1a: Tinkaton|Gigaton Hammer|p2a: Appletun\n|-damage|p2a: Appletun|31/100\n|move|p2a: Appletun|Apple Acid|p1a: Tinkaton\n|-resisted|p1a: Tinkaton\n|-damage|p1a: Tinkaton|112/274\n|-unboost|p1a: Tinkaton|spd|1\n|\n|-heal|p1a: Tinkaton|129/274|[from] item: Leftovers\n|-heal|p2a: Appletun|37/100|[from] item: Leftovers\n|-damage|p1a: Tinkaton|95/274|[from] Leech Seed|[of] p2a: Appletun\n|-heal|p2a: Appletun|47/100|[silent]\n|upkeep\n|turn|7\n|inactive|Time left: 300 sec this turn | 300 sec total\n|\n|t:|1783563743\n|-terastallize|p2a: Appletun|Steel\n|move|p1a: Tinkaton|Play Rough|p2a: Appletun\n|-resisted|p2a: Appletun\n|-damage|p2a: Appletun|27/100\n|move|p2a: Appletun|Recover|p2a: Appletun\n|-heal|p2a: Appletun|77/100\n|\n|-heal|p1a: Tinkaton|112/274|[from] item: Leftovers\n|-heal|p2a: Appletun|83/100|[from] item: Leftovers\n|-damage|p1a: Tinkaton|78/274|[from] Leech Seed|[of] p2a: Appletun\n|-heal|p2a: Appletun|93/100|[silent]\n|upkeep\n|turn|8\n|inactive|Time left: 300 sec this turn | 300 sec total\n|\n|t:|1783563744\n|move|p1a: Tinkaton|Knock Off|p2a: Appletun\n|-damage|p2a: Appletun|63/100\n|-enditem|p2a: Appletun|Leftovers|[from] move: Knock Off|[of] p1a: Tinkaton\n|move|p2a: Appletun|Apple Acid|p1a: Tinkaton\n|-resisted|p1a: Tinkaton\n|-crit|p1a: Tinkaton\n|-damage|p1a: Tinkaton|0 fnt\n|faint|p1a: Tinkaton\n|\n|upkeep\n|inactive|Time left: 300 sec this turn | 300 sec total | 5 sec grace\n|\n|t:|1783563745\n|switch|p1a: Reshiram|Reshiram, L76|277/277\n|-ability|p1a: Reshiram|Turboblaze\n|turn|9\n|inactive|Time left: 300 sec this turn | 300 sec total\n|\n|t:|1783563746\n|move|p1a: Reshiram|Flare Blitz|p2a: Appletun\n|-supereffective|p2a: Appletun\n|-damage|p2a: Appletun|0 fnt\n|faint|p2a: Appletun\n|-damage|p1a: Reshiram|204/277|[from] Recoil\n|\n|upkeep\n|\n|t:|1783563747\n|switch|p2a: Palkia|Palkia, L75|100/100\n|-ability|p2a: Palkia|Pressure\n|turn|10\n|inactive|Time left: 300 sec this turn | 300 sec total\n|\n|t:|1783563748\n|move|p2a: Palkia|Spacial Rend|p1a: Reshiram\n|-supereffective|p1a: Reshiram\n|-damage|p1a: Reshiram|0 fnt\n|faint|p1a: Reshiram\n|\n|upkeep\n|inactive|Time left: 300 sec this turn | 300 sec total | 5 sec grace\n|\n|t:|1783563749\n|switch|p1a: Espathra|Espathra, L80, F|283/283\n|turn|11\n|inactive|Time left: 300 sec this turn | 300 sec total\n|\n|t:|1783563750\n|move|p1a: Espathra|Calm Mind|p1a: Espathra\n|-boost|p1a: Espathra|spa|1\n|-boost|p1a: Espathra|spd|1\n|move|p2a: Palkia|Hydro Pump|p1a: Espathra\n|-damage|p1a: Espathra|124/283\n|\n|-heal|p1a: Espathra|141/283|[from] item: Leftovers\n|-ability|p1a: Espathra|Speed Boost|boost\n|-boost|p1a: Espathra|spe|1\n|upkeep\n|turn|12\n|inactive|Time left: 300 sec this turn | 300 sec total\n|\n|t:|1783563751\n|move|p1a: Espathra|Calm Mind|p1a: Espathra\n|-boost|p1a: Espathra|spa|1\n|-boost|p1a: Espathra|spd|1\n|move|p2a: Palkia|Hydro Pump|p1a: Espathra\n|-damage|p1a: Espathra|33/283\n|\n|-heal|p1a: Espathra|50/283|[from] item: Leftovers\n|-ability|p1a: Espathra|Speed Boost|boost\n|-boost|p1a: Espathra|spe|1\n|upkeep\n|turn|13\n|inactive|Time left: 300 sec this turn | 300 sec total\n|\n|t:|1783563752\n|move|p1a: Espathra|Roost|p1a: Espathra\n|-heal|p1a: Espathra|192/283\n|-singleturn|p1a: Espathra|move: Roost\n|move|p2a: Palkia|Hydro Pump|p1a: Espathra\n|-damage|p1a: Espathra|77/283\n|\n|-heal|p1a: Espathra|94/283|[from] item: Leftovers\n|-ability|p1a: Espathra|Speed Boost|boost\n|-boost|p1a: Espathra|spe|1\n|upkeep\n|turn|14\n|inactive|Time left: 300 sec this turn | 300 sec total\n|\n|t:|1783563754\n|move|p1a: Espathra|Stored Power|p2a: Palkia\n|-damage|p2a: Palkia|0 fnt\n|faint|p2a: Palkia\n|\n|-heal|p1a: Espathra|111/283|[from] item: Leftovers\n|-ability|p1a: Espathra|Speed Boost|boost\n|-boost|p1a: Espathra|spe|1\n|upkeep\n|\n|t:|1783563755\n|switch|p2a: Glalie|Glalie, L96, M|100/100\n|turn|15\n|inactive|Time left: 300 sec this turn | 300 sec total\n|\n|t:|1783563755\n|move|p1a: Espathra|Stored Power|p2a: Glalie\n|-damage|p2a: Glalie|0 fnt\n|faint|p2a: Glalie\n|\n|-heal|p1a: Espathra|128/283|[from] item: Leftovers\n|-ability|p1a: Espathra|Speed Boost|boost\n|-boost|p1a: Espathra|spe|1\n|upkeep\n|\n|t:|1783563756\n|switch|p2a: Mienshao|Mienshao, L83, M|51/100\n|turn|16\n|inactive|Time left: 300 sec this turn | 300 sec total\n|\n|t:|1783563757\n|move|p1a: Espathra|Stored Power|p2a: Mienshao\n|-supereffective|p2a: Mienshao\n|-damage|p2a: Mienshao|0 fnt\n|faint|p2a: Mienshao\n|\n|-heal|p1a: Espathra|145/283|[from] item: Leftovers\n|-ability|p1a: Espathra|Speed Boost|boost\n|-boost|p1a: Espathra|spe|1\n|upkeep\n|\n|t:|1783563758\n|switch|p2a: Zebstrika|Zebstrika, L87, M|100/100\n|turn|17\n|inactive|Time left: 300 sec this turn | 300 sec total\n|\n|t:|1783563759\n|-terastallize|p1a: Espathra|Fairy\n|move|p1a: Espathra|Stored Power|p2a: Zebstrika\n|-damage|p2a: Zebstrika|0 fnt\n|faint|p2a: Zebstrika\n|\n|win|p0x204954d9", "uploadtime": 1783563759, "views": 0, "rating": 0, "private": 0, "password": null, "_winner": "p0x204954d9", "_our_name": "p0x204954d9"}