{"id": "battle-gen9randombattle-184", "formatid": "gen9randombattle", "format": "[Gen 9] Random Battle", "players": ["p0x1843016", "p0y184e54d"], "log": "|init|battle\n|title|p0x1843016 vs. p0y184e54d\n|j|\u2606p0x1843016\n|j|\u2606p0y184e54d\n|t:|1783535906\n|gametype|singles\n|player|p1|p0x1843016|266|\n|player|p2|p0y184e54d|1|\n|gen|9\n|tier|[Gen 9] Random Battle\n|rule|Species Clause: Limit one of each Pok\u00e9mon\n|rule|HP Percentage Mod: HP is shown in percentages\n|rule|Sleep Clause Mod: Limit one foe put to sleep\n|rule|Illusion Level Mod: Illusion disguises the Pok\u00e9mon's true level\n|\n|t:|1783535906\n|teamsize|p1|6\n|teamsize|p2|6\n|start\n|switch|p1a: Wyrdeer|Wyrdeer, L87, M|100/100\n|switch|p2a: Gengar|Gengar, L81, F|230/230\n|-ability|p1a: Wyrdeer|Intimidate|boost\n|-unboost|p2a: Gengar|atk|1\n|turn|1\n|inactive|Battle timer is ON: inactive players will automatically lose when time's up. (requested by p0x1843016)\n|inactive|Time left: 300 sec this turn | 300 sec total | 60 sec grace\n|\n|t:|1783535907\n|switch|p2a: Rotom|Rotom-Fan, L86|226/226\n|move|p1a: Wyrdeer|Psychic Noise|p2a: Rotom\n|-damage|p2a: Rotom|144/226\n|-start|p2a: Rotom|move: Heal Block\n|\n|upkeep\n|turn|2\n|inactive|Time left: 300 sec this turn | 300 sec total\n|inactive|p0y184e54d also wants the timer to be on.\n|\n|t:|1783535908\n|move|p2a: Rotom|Will-O-Wisp|p1a: Wyrdeer\n|-status|p1a: Wyrdeer|brn\n|move|p1a: Wyrdeer|Body Slam|p2a: Rotom\n|-damage|p2a: Rotom|101/226\n|\n|-damage|p1a: Wyrdeer|94/100 brn|[from] brn\n|-end|p2a: Rotom|move: Heal Block\n|upkeep\n|turn|3\n|inactive|Time left: 300 sec this turn | 300 sec total\n|\n|t:|1783535909\n|move|p2a: Rotom|Thunderbolt|p1a: Wyrdeer\n|-damage|p1a: Wyrdeer|71/100 brn\n|move|p1a: Wyrdeer|Psychic Noise|p2a: Rotom\n|-damage|p2a: Rotom|22/226\n|-start|p2a: Rotom|move: Heal Block\n|\n|-damage|p1a: Wyrdeer|65/100 brn|[from] brn\n|upkeep\n|turn|4\n|inactive|Time left: 300 sec this turn | 300 sec total\n|\n|t:|1783535910\n|switch|p2a: Armarouge|Armarouge, L80, F|267/267\n|move|p1a: Wyrdeer|Psychic Noise|p2a: Armarouge\n|-resisted|p2a: Armarouge\n|-damage|p2a: Armarouge|218/267\n|-start|p2a: Armarouge|move: Heal Block\n|\n|-damage|p1a: Wyrdeer|58/100 brn|[from] brn\n|upkeep\n|turn|5\n|inactive|Time left: 300 sec this turn | 300 sec total\n|\n|t:|1783535911\n|move|p2a: Armarouge|Armor Cannon|p1a: Wyrdeer\n|-damage|p1a: Wyrdeer|7/100 brn\n|-unboost|p2a: Armarouge|def|1\n|-unboost|p2a: Armarouge|spd|1\n|move|p1a: Wyrdeer|Psychic Noise|p2a: Armarouge\n|-resisted|p2a: Armarouge\n|-damage|p2a: Armarouge|141/267\n|\n|-damage|p1a: Wyrdeer|0 fnt|[from] brn\n|faint|p1a: Wyrdeer\n|-end|p2a: Armarouge|move: Heal Block\n|upkeep\n|\n|t:|1783535912\n|switch|p1a: Yanmega|Yanmega, L82, F|100/100\n|turn|6\n|inactive|Time left: 300 sec this turn | 300 sec total\n|\n|t:|1783535913\n|switch|p2a: Gengar|Gengar, L81, F|230/230\n|move|p1a: Yanmega|Bug Buzz|p2a: Gengar\n|-resisted|p2a: Gengar\n|-damage|p2a: Gengar|134/230\n|-start|p1a: Yanmega|Disable|Bug Buzz|[from] ability: Cursed Body|[of] p2a: Gengar\n|\n|upkeep\n|turn|7\n|inactive|Time left: 300 sec this turn | 300 sec total\n|\n|t:|1783535914\n|switch|p1a: Minun|Minun, L95, M|100/100\n|move|p2a: Gengar|Nasty Plot|p2a: Gengar\n|-boost|p2a: Gengar|spa|2\n|\n|upkeep\n|turn|8\n|inactive|Time left: 300 sec this turn | 300 sec total\n|\n|t:|1783535915\n|switch|p2a: Arceus|Arceus-Grass, L73|296/296\n|move|p1a: Minun|Thunderbolt|p2a: Arceus\n|-resisted|p2a: Arceus\n|-damage|p2a: Arceus|240/296\n|-damage|p1a: Minun|91/100|[from] item: Life Orb\n|\n|upkeep\n|turn|9\n|inactive|Time left: 300 sec this turn | 300 sec total\n|\n|t:|1783535916\n|move|p1a: Minun|Nasty Plot|p1a: Minun\n|-boost|p1a: Minun|spa|2\n|move|p2a: Arceus|Calm Mind|p2a: Arceus\n|-boost|p2a: Arceus|spa|1\n|-boost|p2a: Arceus|spd|1\n|\n|upkeep\n|turn|10\n|inactive|Time left: 300 sec this turn | 300 sec total\n|\n|t:|1783535917\n|move|p1a: Minun|Encore|p2a: Arceus\n|-start|p2a: Arceus|Encore\n|move|p2a: Arceus|Calm Mind|p2a: Arceus\n|-boost|p2a: Arceus|spa|1\n|-boost|p2a: Arceus|spd|1\n|\n|upkeep\n|turn|11\n|inactive|Time left: 300 sec this turn | 300 sec total\n|\n|t:|1783535918\n|move|p1a: Minun|Thunderbolt|p2a: Arceus\n|-resisted|p2a: Arceus\n|-damage|p2a: Arceus|178/296\n|-damage|p1a: Minun|81/100|[from] item: Life Orb\n|move|p2a: Arceus|Calm Mind|p2a: Arceus\n|-boost|p2a: Arceus|spa|1\n|-boost|p2a: Arceus|spd|1\n|\n|upkeep\n|turn|12\n|inactive|Time left: 300 sec this turn | 300 sec total\n|\n|t:|1783535919\n|move|p1a: Minun|Nasty Plot|p1a: Minun\n|-boost|p1a: Minun|spa|2\n|move|p2a: Arceus|Calm Mind|p2a: Arceus\n|-boost|p2a: Arceus|spa|1\n|-boost|p2a: Arceus|spd|1\n|\n|-end|p2a: Arceus|Encore\n|upkeep\n|turn|13\n|inactive|Time left: 300 sec this turn | 300 sec total\n|\n|t:|1783535920\n|move|p1a: Minun|Encore|p2a: Arceus\n|-start|p2a: Arceus|Encore\n|move|p2a: Arceus|Calm Mind|p2a: Arceus\n|-boost|p2a: Arceus|spa|1\n|-boost|p2a: Arceus|spd|1\n|\n|upkeep\n|turn|14\n|inactive|Time left: 300 sec this turn | 300 sec total\n|\n|t:|1783535921\n|move|p1a: Minun|Thunderbolt|p2a: Arceus\n|-resisted|p2a: Arceus\n|-damage|p2a: Arceus|127/296\n|-damage|p1a: Minun|71/100|[from] item: Life Orb\n|move|p2a: Arceus|Calm Mind|p2a: Arceus\n|-boost|p2a: Arceus|spa|1\n|-boost|p2a: Arceus|spd|1\n|\n|upkeep\n|turn|15\n|inactive|Time left: 300 sec this turn | 300 sec total\n|\n|t:|1783535923\n|move|p1a: Minun|Thunderbolt|p2a: Arceus\n|-resisted|p2a: Arceus\n|-damage|p2a: Arceus|85/296\n|-damage|p1a: Minun|62/100|[from] item: Life Orb\n|move|p2a: Arceus|Calm Mind|p2a: Arceus\n|-boost|p2a: Arceus|spa|0\n|-boost|p2a: Arceus|spd|0\n|\n|-end|p2a: Arceus|Encore\n|upkeep\n|turn|16\n|inactive|Time left: 300 sec this turn | 300 sec total\n|\n|t:|1783535924\n|move|p1a: Minun|Encore|p2a: Arceus\n|-start|p2a: Arceus|Encore\n|move|p2a: Arceus|Calm Mind|p2a: Arceus\n|-boost|p2a: Arceus|spa|0\n|-boost|p2a: Arceus|spd|0\n|\n|upkeep\n|turn|17\n|inactive|Time left: 300 sec this turn | 300 sec total\n|\n|t:|1783535925\n|move|p1a: Minun|Thunderbolt|p2a: Arceus\n|-resisted|p2a: Arceus\n|-damage|p2a: Arceus|42/296\n|-damage|p1a: Minun|52/100|[from] item: Life Orb\n|move|p2a: Arceus|Calm Mind|p2a: Arceus\n|-boost|p2a: Arceus|spa|0\n|-boost|p2a: Arceus|spd|0\n|\n|upkeep\n|turn|18\n|inactive|Time left: 300 sec this turn | 300 sec total\n|\n|t:|1783535926\n|move|p1a: Minun|Thunderbolt|p2a: Arceus\n|-resisted|p2a: Arceus\n|-damage|p2a: Arceus|0 fnt\n|faint|p2a: Arceus\n|-damage|p1a: Minun|42/100|[from] item: Life Orb\n|\n|upkeep\n|inactive|Time left: 300 sec this turn | 300 sec total | 5 sec grace\n|\n|t:|1783535927\n|switch|p2a: Amoonguss|Amoonguss, L82, F|321/321\n|turn|19\n|inactive|Time left: 300 sec this turn | 300 sec total\n|\n|t:|1783535928\n|move|p1a: Minun|Thunderbolt|p2a: Amoonguss\n|-resisted|p2a: Amoonguss\n|-damage|p2a: Amoonguss|123/321\n|-damage|p1a: Minun|33/100|[from] item: Life Orb\n|move|p2a: Amoonguss|Sludge Bomb|p1a: Minun\n|-damage|p1a: Minun|3/100\n|\n|-heal|p2a: Amoonguss|143/321|[from] item: Leftovers\n|upkeep\n|turn|20\n|inactive|Time left: 300 sec this turn | 300 sec total\n|\n|t:|1783535929\n|switch|p2a: Rotom|Rotom-Fan, L86|22/226\n|move|p1a: Minun|Thunderbolt|p2a: Rotom\n|-damage|p2a: Rotom|0 fnt\n|faint|p2a: Rotom\n|-damage|p1a: Minun|0 fnt|[from] item: Life Orb\n|faint|p1a: Minun\n|\n|upkeep\n|inactive|Time left: 300 sec this turn | 300 sec total | 5 sec grace\n|\n|t:|1783535930\n|switch|p1a: Yanmega|Yanmega, L82, F|100/100\n|switch|p2a: Amoonguss|Amoonguss, L82, F|250/321\n|turn|21\n|inactive|Time left: 300 sec this turn | 300 sec total\n|\n|t:|1783535931\n|-terastallize|p2a: Amoonguss|Steel\n|move|p1a: Yanmega|Air Slash|p2a: Amoonguss|[miss]\n|-miss|p1a: Yanmega|p2a: Amoonguss\n|move|p2a: Amoonguss|Spore|p1a: Yanmega\n|-status|p1a: Yanmega|slp|[from] move: Spore\n|\n|-heal|p2a: Amoonguss|270/321|[from] item: Leftovers\n|upkeep\n|turn|22\n|inactive|Time left: 300 sec this turn | 300 sec total\n|\n|t:|1783535932\n|switch|p1a: Metagross|Metagross, L79|100/100\n|move|p2a: Amoonguss|Sludge Bomb|p1a: Metagross\n|-immune|p1a: Metagross\n|\n|-heal|p2a: Amoonguss|290/321|[from] item: Leftovers\n|upkeep\n|turn|23\n|inactive|Time left: 300 sec this turn | 300 sec total\n|\n|t:|1783535932\n|switch|p2a: Tauros|Tauros-Paldea-Aqua, L81, M|252/252\n|move|p1a: Metagross|Knock Off|p2a: Tauros\n|-resisted|p2a: Tauros\n|-damage|p2a: Tauros|219/252\n|-enditem|p2a: Tauros|Sitrus Berry|[from] move: Knock Off|[of] p1a: Metagross\n|\n|upkeep\n|turn|24\n|inactive|Time left: 300 sec this turn | 300 sec total\n|\n|t:|1783535934\n|move|p2a: Tauros|Bulk Up|p2a: Tauros\n|-boost|p2a: Tauros|atk|1\n|-boost|p2a: Tauros|def|1\n|move|p1a: Metagross|Psychic Fangs|p2a: Tauros\n|-supereffective|p2a: Tauros\n|-damage|p2a: Tauros|103/252\n|\n|upkeep\n|turn|25\n|inactive|Time left: 300 sec this turn | 300 sec total\n|\n|t:|1783535935\n|move|p2a: Tauros|Close Combat|p1a: Metagross\n|-damage|p1a: Metagross|43/100\n|-unboost|p2a: Tauros|def|1\n|-unboost|p2a: Tauros|spd|1\n|move|p1a: Metagross|Psychic Fangs|p2a: Tauros\n|-supereffective|p2a: Tauros\n|-damage|p2a: Tauros|0 fnt\n|faint|p2a: Tauros\n|\n|-heal|p1a: Metagross|49/100|[from] item: Leftovers\n|upkeep\n|inactive|Time left: 300 sec this turn | 300 sec total | 5 sec grace\n|\n|t:|1783535936\n|switch|p2a: Gengar|Gengar, L81, F|134/230\n|turn|26\n|inactive|Time left: 300 sec this turn | 300 sec total\n|\n|t:|1783535937\n|switch|p1a: Altaria|Altaria, L89, M|100/100\n|move|p2a: Gengar|Shadow Ball|p1a: Altaria\n|-damage|p1a: Altaria|61/100\n|-damage|p2a: Gengar|111/230|[from] item: Life Orb\n|\n|upkeep\n|turn|27\n|inactive|Time left: 300 sec this turn | 300 sec total\n|\n|t:|1783535937\n|move|p2a: Gengar|Sludge Wave|p1a: Altaria\n|-damage|p1a: Altaria|13/100\n|-damage|p2a: Gengar|88/230|[from] item: Life Orb\n|move|p1a: Altaria|Brave Bird|p2a: Gengar\n|-damage|p2a: Gengar|0 fnt\n|-start|p1a: Altaria|Disable|Brave Bird|[from] ability: Cursed Body|[of] p2a: Gengar\n|faint|p2a: Gengar\n|-damage|p1a: Altaria|3/100|[from] Recoil\n|\n|upkeep\n|inactive|Time left: 300 sec this turn | 300 sec total | 5 sec grace\n|\n|t:|1783535939\n|switch|p2a: Armarouge|Armarouge, L80, F|141/267\n|turn|28\n|inactive|Time left: 300 sec this turn | 300 sec total\n|\n|t:|1783535940\n|move|p1a: Altaria|Roost|p1a: Altaria\n|-heal|p1a: Altaria|53/100\n|-singleturn|p1a: Altaria|move: Roost\n|move|p2a: Armarouge|Armor Cannon|p1a: Altaria\n|-resisted|p1a: Altaria\n|-damage|p1a: Altaria|23/100\n|-unboost|p2a: Armarouge|def|1\n|-unboost|p2a: Armarouge|spd|1\n|\n|upkeep\n|turn|29\n|inactive|Time left: 300 sec this turn | 300 sec total\n|\n|t:|1783535941\n|switch|p2a: Amoonguss|Amoonguss, L82, F, tera:Steel|321/321\n|move|p1a: Altaria|Roost|p1a: Altaria\n|-heal|p1a: Altaria|73/100\n|-singleturn|p1a: Altaria|move: Roost\n|\n|upkeep\n|turn|30\n|inactive|Time left: 300 sec this turn | 300 sec total\n|\n|t:|1783535941\n|switch|p1a: Virizion|Virizion, L82|100/100\n|move|p2a: Amoonguss|Toxic|p1a: Virizion\n|-status|p1a: Virizion|tox\n|\n|-damage|p1a: Virizion|94/100 tox|[from] psn\n|upkeep\n|turn|31\n|inactive|Time left: 300 sec this turn | 300 sec total\n|\n|t:|1783535942\n|switch|p2a: Armarouge|Armarouge, L80, F|141/267\n|move|p1a: Virizion|Close Combat|p2a: Armarouge\n|-resisted|p2a: Armarouge\n|-damage|p2a: Armarouge|75/267\n|-unboost|p1a: Virizion|def|1\n|-unboost|p1a: Virizion|spd|1\n|-ability|p2a: Armarouge|Weak Armor|boost\n|-unboost|p2a: Armarouge|def|1\n|-boost|p2a: Armarouge|spe|2\n|-damage|p1a: Virizion|85/100 tox|[from] item: Life Orb\n|\n|-damage|p1a: Virizion|73/100 tox|[from] psn\n|upkeep\n|turn|32\n|inactive|Time left: 300 sec this turn | 300 sec total\n|\n|t:|1783535943\n|-terastallize|p1a: Virizion|Rock\n|move|p2a: Armarouge|Psyshock|p1a: Virizion\n|-damage|p1a: Virizion|0 fnt\n|faint|p1a: Virizion\n|\n|upkeep\n|\n|t:|1783535944\n|switch|p1a: Metagross|Metagross, L79|49/100\n|turn|33\n|inactive|Time left: 300 sec this turn | 300 sec total\n|\n|t:|1783535945\n|switch|p2a: Amoonguss|Amoonguss, L82, F, tera:Steel|321/321\n|move|p1a: Metagross|Knock Off|p2a: Amoonguss\n|-damage|p2a: Amoonguss|227/321\n|-enditem|p2a: Amoonguss|Leftovers|[from] move: Knock Off|[of] p1a: Metagross\n|\n|-heal|p1a: Metagross|56/100|[from] item: Leftovers\n|upkeep\n|turn|34\n|inactive|Time left: 300 sec this turn | 300 sec total\n|\n|t:|1783535946\n|move|p1a: Metagross|Knock Off|p2a: Amoonguss\n|-damage|p2a: Amoonguss|167/321\n|move|p2a: Amoonguss|Giga Drain|p1a: Metagross\n|-resisted|p1a: Metagross\n|-damage|p1a: Metagross|43/100\n|-heal|p2a: Amoonguss|184/321|[from] drain|[of] p1a: Metagross\n|\n|-heal|p1a: Metagross|49/100|[from] item: Leftovers\n|upkeep\n|turn|35\n|inactive|Time left: 300 sec this turn | 300 sec total\n|\n|t:|1783535947\n|move|p1a: Metagross|Knock Off|p2a: Amoonguss\n|-damage|p2a: Amoonguss|119/321\n|move|p2a: Amoonguss|Giga Drain|p1a: Metagross\n|-resisted|p1a: Metagross\n|-damage|p1a: Metagross|34/100\n|-heal|p2a: Amoonguss|139/321|[from] drain|[of] p1a: Metagross\n|\n|-heal|p1a: Metagross|40/100|[from] item: Leftovers\n|upkeep\n|turn|36\n|inactive|Time left: 300 sec this turn | 300 sec total\n|\n|t:|1783535948\n|move|p1a: Metagross|Knock Off|p2a: Amoonguss\n|-damage|p2a: Amoonguss|78/321\n|move|p2a: Amoonguss|Giga Drain|p1a: Metagross\n|-resisted|p1a: Metagross\n|-damage|p1a: Metagross|27/100\n|-heal|p2a: Amoonguss|95/321|[from] drain|[of] p1a: Metagross\n|\n|-heal|p1a: Metagross|33/100|[from] item: Leftovers\n|upkeep\n|turn|37\n|inactive|Time left: 300 sec this turn | 300 sec total\n|\n|t:|1783535949\n|move|p1a: Metagross|Knock Off|p2a: Amoonguss\n|-damage|p2a: Amoonguss|25/321\n|move|p2a: Amoonguss|Giga Drain|p1a: Metagross\n|-resisted|p1a: Metagross\n|-damage|p1a: Metagross|20/100\n|-heal|p2a: Amoonguss|42/321|[from] drain|[of] p1a: Metagross\n|\n|-heal|p1a: Metagross|26/100|[from] item: Leftovers\n|upkeep\n|turn|38\n|inactive|Time left: 300 sec this turn | 300 sec total\n|\n|t:|1783535950\n|switch|p2a: Armarouge|Armarouge, L80, F|75/267\n|move|p1a: Metagross|Knock Off|p2a: Armarouge\n|-supereffective|p2a: Armarouge\n|-damage|p2a: Armarouge|0 fnt\n|-enditem|p2a: Armarouge|Choice Specs|[from] move: Knock Off|[of] p1a: Metagross\n|faint|p2a: Armarouge\n|\n|-heal|p1a: Metagross|32/100|[from] item: Leftovers\n|upkeep\n|inactive|Time left: 300 sec this turn | 300 sec total | 5 sec grace\n|\n|t:|1783535951\n|switch|p2a: Amoonguss|Amoonguss, L82, F, tera:Steel|149/321\n|turn|39\n|inactive|Time left: 300 sec this turn | 300 sec total\n|\n|t:|1783535952\n|move|p1a: Metagross|Heavy Slam|p2a: Amoonguss\n|-resisted|p2a: Amoonguss\n|-damage|p2a: Amoonguss|62/321\n|move|p2a: Amoonguss|Giga Drain|p1a: Metagross\n|-resisted|p1a: Metagross\n|-damage|p1a: Metagross|19/100\n|-heal|p2a: Amoonguss|79/321|[from] drain|[of] p1a: Metagross\n|\n|-heal|p1a: Metagross|25/100|[from] item: Leftovers\n|upkeep\n|turn|40\n|inactive|Time left: 300 sec this turn | 300 sec total\n|\n|t:|1783535953\n|move|p1a: Metagross|Heavy Slam|p2a: Amoonguss\n|-resisted|p2a: Amoonguss\n|-damage|p2a: Amoonguss|0 fnt\n|faint|p2a: Amoonguss\n|\n|win|p0x1843016", "uploadtime": 1783535953, "views": 0, "rating": 0, "private": 0, "password": null, "_winner": "p0x1843016", "_our_name": "p0y184e54d"}