{"id": "battle-gen9randombattle-682", "formatid": "gen9randombattle", "format": "[Gen 9] Random Battle", "players": ["p0x6826b36", "p0y682b0b3"], "log": "|init|battle\n|title|p0x6826b36 vs. p0y682b0b3\n|j|\u2606p0x6826b36\n|j|\u2606p0y682b0b3\n|t:|1783547733\n|gametype|singles\n|player|p1|p0x6826b36|2|\n|player|p2|p0y682b0b3|266|\n|gen|9\n|tier|[Gen 9] Random Battle\n|rule|Species Clause: Limit one of each Pok\u00e9mon\n|rule|HP Percentage Mod: HP is shown in percentages\n|rule|Sleep Clause Mod: Limit one foe put to sleep\n|rule|Illusion Level Mod: Illusion disguises the Pok\u00e9mon's true level\n|\n|t:|1783547733\n|teamsize|p1|6\n|teamsize|p2|6\n|start\n|switch|p1a: Miraidon|Miraidon, L65|100/100\n|switch|p2a: Cloyster|Cloyster, L80, M|211/211\n|-fieldstart|move: Electric Terrain|[from] ability: Hadron Engine|[of] p1a: Miraidon\n|turn|1\n|inactive|Battle timer is ON: inactive players will automatically lose when time's up. (requested by p0y682b0b3)\n|inactive|p0x6826b36 also wants the timer to be on.\n|\n|t:|1783547735\n|switch|p2a: Raging Bolt|Raging Bolt, L78|323/323\n|-enditem|p2a: Raging Bolt|Booster Energy\n|-activate|p2a: Raging Bolt|ability: Protosynthesis|[fromitem]\n|-start|p2a: Raging Bolt|protosynthesisspa\n|move|p1a: Miraidon|Electro Drift|p2a: Raging Bolt\n|-resisted|p2a: Raging Bolt\n|-damage|p2a: Raging Bolt|268/323\n|\n|upkeep\n|turn|2\n|inactive|Time left: 300 sec this turn | 300 sec total\n|\n|t:|1783547737\n|move|p1a: Miraidon|Electro Drift|p2a: Raging Bolt\n|-resisted|p2a: Raging Bolt\n|-damage|p2a: Raging Bolt|209/323\n|move|p2a: Raging Bolt|Dragon Pulse|p1a: Miraidon\n|-supereffective|p1a: Miraidon\n|-damage|p1a: Miraidon|0 fnt\n|faint|p1a: Miraidon\n|\n|upkeep\n|\n|t:|1783547738\n|switch|p1a: Porygon-Z|Porygon-Z, L83|100/100\n|turn|3\n|inactive|Time left: 300 sec this turn | 300 sec total\n|\n|t:|1783547739\n|move|p1a: Porygon-Z|Tera Blast|p2a: Raging Bolt\n|-damage|p2a: Raging Bolt|11/323\n|-damage|p1a: Porygon-Z|91/100|[from] item: Life Orb\n|move|p2a: Raging Bolt|Thunderbolt|p1a: Porygon-Z\n|-damage|p1a: Porygon-Z|20/100\n|-status|p1a: Porygon-Z|par\n|\n|upkeep\n|turn|4\n|inactive|Time left: 300 sec this turn | 300 sec total\n|\n|t:|1783547740\n|move|p2a: Raging Bolt|Thunderbolt|p1a: Porygon-Z\n|-damage|p1a: Porygon-Z|0 fnt\n|faint|p1a: Porygon-Z\n|\n|upkeep\n|\n|t:|1783547741\n|switch|p1a: Exeggutor|Exeggutor, L89, M|100/100\n|turn|5\n|inactive|Time left: 300 sec this turn | 300 sec total\n|\n|t:|1783547742\n|move|p2a: Raging Bolt|Thunderbolt|p1a: Exeggutor\n|-resisted|p1a: Exeggutor\n|-damage|p1a: Exeggutor|69/100\n|move|p1a: Exeggutor|Psychic Noise|p2a: Raging Bolt\n|-damage|p2a: Raging Bolt|0 fnt\n|faint|p2a: Raging Bolt\n|-end|p2a: Raging Bolt|Protosynthesis|[silent]\n|\n|-fieldend|move: Electric Terrain\n|upkeep\n|inactive|Time left: 300 sec this turn | 300 sec total | 5 sec grace\n|\n|t:|1783547743\n|switch|p2a: Arcanine|Arcanine-Hisui, L79, M|280/280\n|turn|6\n|inactive|Time left: 300 sec this turn | 300 sec total\n|\n|t:|1783547745\n|switch|p1a: Lumineon|Lumineon, L93, M|100/100\n|move|p2a: Arcanine|Flare Blitz|p1a: Lumineon\n|-resisted|p1a: Lumineon\n|-damage|p1a: Lumineon|79/100\n|\n|upkeep\n|turn|7\n|inactive|Time left: 300 sec this turn | 300 sec total\n|\n|t:|1783547746\n|switch|p2a: Amoonguss|Amoonguss, L82, F|321/321\n|move|p1a: Lumineon|Hydro Pump|p2a: Amoonguss\n|-resisted|p2a: Amoonguss\n|-damage|p2a: Amoonguss|239/321\n|-damage|p1a: Lumineon|69/100|[from] item: Life Orb\n|\n|-heal|p2a: Amoonguss|259/321|[from] item: Leftovers\n|upkeep\n|turn|8\n|inactive|Time left: 300 sec this turn | 300 sec total\n|\n|t:|1783547747\n|switch|p1a: Farigiraf|Farigiraf, L90, M|100/100\n|move|p2a: Amoonguss|Spore|p1a: Farigiraf\n|-ability|p1a: Farigiraf|Sap Sipper|boost\n|-boost|p1a: Farigiraf|atk|1\n|\n|-heal|p2a: Amoonguss|279/321|[from] item: Leftovers\n|upkeep\n|turn|9\n|inactive|Time left: 300 sec this turn | 300 sec total\n|\n|t:|1783547748\n|switch|p2a: Brute Bonnet|Brute Bonnet, L80|309/309\n|move|p1a: Farigiraf|Psychic Noise|p2a: Brute Bonnet\n|-immune|p2a: Brute Bonnet\n|\n|upkeep\n|turn|10\n|inactive|Time left: 300 sec this turn | 300 sec total\n|\n|t:|1783547749\n|move|p1a: Farigiraf|Body Slam|p2a: Brute Bonnet\n|-damage|p2a: Brute Bonnet|162/309\n|move|p2a: Brute Bonnet|Crunch|p1a: Farigiraf\n|-supereffective|p1a: Farigiraf\n|-damage|p1a: Farigiraf|36/100\n|\n|-heal|p1a: Farigiraf|42/100|[from] item: Leftovers\n|-heal|p2a: Brute Bonnet|181/309|[from] item: Leftovers\n|upkeep\n|turn|11\n|inactive|Time left: 300 sec this turn | 300 sec total\n|\n|t:|1783547750\n|move|p1a: Farigiraf|Protect|p1a: Farigiraf\n|-singleturn|p1a: Farigiraf|Protect\n|move|p2a: Brute Bonnet|Crunch|p1a: Farigiraf\n|-activate|p1a: Farigiraf|move: Protect\n|\n|-heal|p1a: Farigiraf|48/100|[from] item: Leftovers\n|-heal|p2a: Brute Bonnet|200/309|[from] item: Leftovers\n|upkeep\n|turn|12\n|inactive|Time left: 300 sec this turn | 300 sec total\n|\n|t:|1783547751\n|-terastallize|p1a: Farigiraf|Water\n|move|p1a: Farigiraf|Body Slam|p2a: Brute Bonnet\n|-damage|p2a: Brute Bonnet|53/309\n|-status|p2a: Brute Bonnet|par\n|move|p2a: Brute Bonnet|Crunch|p1a: Farigiraf\n|-damage|p1a: Farigiraf|20/100\n|\n|-heal|p1a: Farigiraf|26/100|[from] item: Leftovers\n|-heal|p2a: Brute Bonnet|72/309 par|[from] item: Leftovers\n|upkeep\n|turn|13\n|inactive|Time left: 300 sec this turn | 300 sec total\n|\n|t:|1783547752\n|move|p1a: Farigiraf|Wish|p1a: Farigiraf\n|cant|p2a: Brute Bonnet|par\n|\n|-heal|p1a: Farigiraf|32/100|[from] item: Leftovers\n|-heal|p2a: Brute Bonnet|91/309 par|[from] item: Leftovers\n|upkeep\n|turn|14\n|inactive|Time left: 300 sec this turn | 300 sec total\n|\n|t:|1783547752\n|cant|p2a: Brute Bonnet|par\n|move|p1a: Farigiraf|Body Slam|p2a: Brute Bonnet\n|-damage|p2a: Brute Bonnet|0 fnt\n|faint|p2a: Brute Bonnet\n|-end|p2a: Brute Bonnet|Protosynthesis|[silent]\n|\n|-heal|p1a: Farigiraf|82/100|[from] move: Wish|[wisher] Farigiraf\n|-heal|p1a: Farigiraf|88/100|[from] item: Leftovers\n|upkeep\n|inactive|Time left: 300 sec this turn | 300 sec total | 5 sec grace\n|\n|t:|1783547753\n|switch|p2a: Pawmot|Pawmot, L80, F|243/243\n|turn|15\n|inactive|Time left: 300 sec this turn | 300 sec total\n|\n|t:|1783547754\n|switch|p1a: Exeggutor|Exeggutor, L89, M|69/100\n|move|p2a: Pawmot|Double Shock|p1a: Exeggutor\n|-resisted|p1a: Exeggutor\n|-damage|p1a: Exeggutor|44/100\n|-start|p2a: Pawmot|typechange|???/Fighting|[from] move: Double Shock\n|-enditem|p1a: Exeggutor|Sitrus Berry|[eat]\n|-heal|p1a: Exeggutor|69/100|[from] item: Sitrus Berry\n|-damage|p2a: Pawmot|219/243|[from] item: Life Orb\n|\n|-item|p1a: Exeggutor|Sitrus Berry|[from] ability: Harvest\n|upkeep\n|turn|16\n|inactive|Time left: 300 sec this turn | 300 sec total\n|\n|t:|1783547755\n|move|p2a: Pawmot|Ice Punch|p1a: Exeggutor\n|-supereffective|p1a: Exeggutor\n|-damage|p1a: Exeggutor|10/100\n|-enditem|p1a: Exeggutor|Sitrus Berry|[eat]\n|-heal|p1a: Exeggutor|35/100|[from] item: Sitrus Berry\n|-damage|p2a: Pawmot|195/243|[from] item: Life Orb\n|move|p1a: Exeggutor|Psychic Noise|p2a: Pawmot\n|-supereffective|p2a: Pawmot\n|-crit|p2a: Pawmot\n|-damage|p2a: Pawmot|0 fnt\n|faint|p2a: Pawmot\n|\n|upkeep\n|inactive|Time left: 300 sec this turn | 300 sec total | 5 sec grace\n|\n|t:|1783547756\n|switch|p2a: Cloyster|Cloyster, L80, M|211/211\n|turn|17\n|inactive|Time left: 300 sec this turn | 300 sec total\n|\n|t:|1783547757\n|move|p2a: Cloyster|Icicle Spear|p1a: Exeggutor\n|-supereffective|p1a: Exeggutor\n|-damage|p1a: Exeggutor|19/100\n|-supereffective|p1a: Exeggutor\n|-damage|p1a: Exeggutor|4/100\n|-supereffective|p1a: Exeggutor\n|-damage|p1a: Exeggutor|0 fnt\n|faint|p1a: Exeggutor\n|-hitcount|p1: Exeggutor|3\n|\n|upkeep\n|\n|t:|1783547758\n|switch|p1a: Farigiraf|Farigiraf, L90, M, tera:Water|88/100\n|turn|18\n|inactive|Time left: 300 sec this turn | 300 sec total\n|\n|t:|1783547758\n|switch|p2a: Arcanine|Arcanine-Hisui, L79, M|280/280\n|move|p1a: Farigiraf|Psychic Noise|p2a: Arcanine\n|-damage|p2a: Arcanine|154/280\n|-start|p2a: Arcanine|move: Heal Block\n|\n|-heal|p1a: Farigiraf|94/100|[from] item: Leftovers\n|upkeep\n|turn|19\n|inactive|Time left: 300 sec this turn | 300 sec total\n|\n|t:|1783547759\n|move|p2a: Arcanine|Head Smash|p1a: Farigiraf\n|-damage|p1a: Farigiraf|49/100\n|move|p1a: Farigiraf|Psychic Noise|p2a: Arcanine\n|-damage|p2a: Arcanine|37/280\n|\n|-heal|p1a: Farigiraf|55/100|[from] item: Leftovers\n|-end|p2a: Arcanine|move: Heal Block\n|upkeep\n|turn|20\n|inactive|Time left: 300 sec this turn | 300 sec total\n|\n|t:|1783547760\n|move|p2a: Arcanine|Head Smash|p1a: Farigiraf\n|-damage|p1a: Farigiraf|5/100\n|move|p1a: Farigiraf|Psychic Noise|p2a: Arcanine\n|-damage|p2a: Arcanine|0 fnt\n|faint|p2a: Arcanine\n|\n|-heal|p1a: Farigiraf|11/100|[from] item: Leftovers\n|upkeep\n|inactive|Time left: 300 sec this turn | 300 sec total | 5 sec grace\n|\n|t:|1783547761\n|switch|p2a: Cloyster|Cloyster, L80, M|211/211\n|turn|21\n|inactive|Time left: 300 sec this turn | 300 sec total\n|\n|t:|1783547762\n|move|p1a: Farigiraf|Psychic Noise|p2a: Cloyster\n|-damage|p2a: Cloyster|48/211\n|-start|p2a: Cloyster|move: Heal Block\n|move|p2a: Cloyster|Shell Smash|p2a: Cloyster\n|-unboost|p2a: Cloyster|def|1\n|-unboost|p2a: Cloyster|spd|1\n|-boost|p2a: Cloyster|atk|2\n|-boost|p2a: Cloyster|spa|2\n|-boost|p2a: Cloyster|spe|2\n|-enditem|p2a: Cloyster|White Herb\n|-clearnegativeboost|p2a: Cloyster|[silent]\n|\n|-heal|p1a: Farigiraf|17/100|[from] item: Leftovers\n|upkeep\n|turn|22\n|inactive|Time left: 300 sec this turn | 300 sec total\n|\n|t:|1783547763\n|-terastallize|p2a: Cloyster|Rock\n|move|p2a: Cloyster|Icicle Spear|p1a: Farigiraf\n|-resisted|p1a: Farigiraf\n|-damage|p1a: Farigiraf|9/100\n|-resisted|p1a: Farigiraf\n|-damage|p1a: Farigiraf|2/100\n|-resisted|p1a: Farigiraf\n|-damage|p1a: Farigiraf|0 fnt\n|faint|p1a: Farigiraf\n|-hitcount|p1: Farigiraf|3\n|\n|-end|p2a: Cloyster|move: Heal Block\n|upkeep\n|\n|t:|1783547764\n|switch|p1a: Lumineon|Lumineon, L93, M|69/100\n|turn|23\n|inactive|Time left: 300 sec this turn | 300 sec total\n|\n|t:|1783547765\n|move|p2a: Cloyster|Rock Blast|p1a: Lumineon\n|-damage|p1a: Lumineon|52/100\n|-damage|p1a: Lumineon|35/100\n|-damage|p1a: Lumineon|15/100\n|-damage|p1a: Lumineon|0 fnt\n|faint|p1a: Lumineon\n|-hitcount|p1: Lumineon|4\n|\n|upkeep\n|\n|t:|1783547766\n|switch|p1a: Salazzle|Salazzle, L83, F|100/100\n|turn|24\n|inactive|Time left: 300 sec this turn | 300 sec total\n|\n|t:|1783547768\n|move|p1a: Salazzle|Protect|p1a: Salazzle\n|-singleturn|p1a: Salazzle|Protect\n|move|p2a: Cloyster|Rock Blast|p1a: Salazzle\n|-activate|p1a: Salazzle|move: Protect\n|\n|upkeep\n|turn|25\n|inactive|Time left: 300 sec this turn | 300 sec total\n|\n|t:|1783547769\n|move|p2a: Cloyster|Rock Blast|p1a: Salazzle\n|-supereffective|p1a: Salazzle\n|-damage|p1a: Salazzle|49/100\n|-supereffective|p1a: Salazzle\n|-damage|p1a: Salazzle|0 fnt\n|faint|p1a: Salazzle\n|-hitcount|p1: Salazzle|2\n|\n|win|p0y682b0b3", "uploadtime": 1783547769, "views": 0, "rating": 0, "private": 0, "password": null, "_winner": "p0y682b0b3", "_our_name": "p0y682b0b3"}