{"id": "battle-gen9randombattle-197", "formatid": "gen9randombattle", "format": "[Gen 9] Random Battle", "players": ["p0x197063b", "p0y197df9f"], "log": "|init|battle\n|title|p0x197063b vs. p0y197df9f\n|j|\u2606p0x197063b\n|j|\u2606p0y197df9f\n|t:|1783541842\n|gametype|singles\n|player|p1|p0x197063b|169|\n|player|p2|p0y197df9f|101|\n|gen|9\n|tier|[Gen 9] Random Battle\n|rule|Species Clause: Limit one of each Pok\u00e9mon\n|rule|HP Percentage Mod: HP is shown in percentages\n|rule|Sleep Clause Mod: Limit one foe put to sleep\n|rule|Illusion Level Mod: Illusion disguises the Pok\u00e9mon's true level\n|\n|t:|1783541842\n|teamsize|p1|6\n|teamsize|p2|6\n|start\n|switch|p1a: Pikachu|Pikachu-Kalos, L93, M|216/216\n|switch|p2a: Bruxish|Bruxish, L85, M|100/100\n|turn|1\n|inactive|Battle timer is ON: inactive players will automatically lose when time's up. (requested by p0y197df9f)\n|inactive|Time left: 300 sec this turn | 300 sec total | 60 sec grace\n|inactive|p0x197063b also wants the timer to be on.\n|\n|t:|1783541844\n|switch|p2a: Gumshoos|Gumshoos, L95, M|100/100\n|move|p1a: Pikachu|Volt Tackle|p2a: Gumshoos\n|-damage|p2a: Gumshoos|32/100\n|-damage|p1a: Pikachu|143/216|[from] Recoil\n|\n|upkeep\n|turn|2\n|inactive|Time left: 300 sec this turn | 300 sec total\n|\n|t:|1783541845\n|switch|p2a: Persian|Persian, L92, M|100/100\n|move|p1a: Pikachu|Surf|p2a: Persian\n|-damage|p2a: Persian|57/100\n|\n|upkeep\n|turn|3\n|inactive|Time left: 300 sec this turn | 300 sec total\n|\n|t:|1783541846\n|switch|p1a: Luxray|Luxray, L88, M|284/284\n|-ability|p1a: Luxray|Intimidate|boost\n|-unboost|p2a: Persian|atk|1\n|move|p2a: Persian|Double-Edge|p1a: Luxray\n|-damage|p1a: Luxray|190/284\n|-damage|p2a: Persian|45/100|[from] Recoil\n|\n|upkeep\n|turn|4\n|inactive|Time left: 300 sec this turn | 300 sec total\n|\n|t:|1783541847\n|switch|p2a: Calyrex|Calyrex-Ice, L72|100/100\n|-ability|p2a: Calyrex|As One\n|-ability|p2a: Calyrex|Unnerve\n|move|p1a: Luxray|Volt Switch|p2a: Calyrex\n|-damage|p2a: Calyrex|73/100\n|inactive|Time left: 300 sec this turn | 300 sec total | 5 sec grace\n|\n|t:|1783541848\n|switch|p1a: Breloom|Breloom, L83, F|235/235|[from] Volt Switch\n|\n|upkeep\n|turn|5\n|inactive|Time left: 300 sec this turn | 300 sec total\n|\n|t:|1783541850\n|move|p1a: Breloom|Spore|p2a: Calyrex\n|-status|p2a: Calyrex|slp|[from] move: Spore\n|cant|p2a: Calyrex|slp\n|\n|upkeep\n|turn|6\n|inactive|Time left: 300 sec this turn | 300 sec total\n|\n|t:|1783541851\n|move|p1a: Breloom|Bullet Seed|p2a: Calyrex\n|-damage|p2a: Calyrex|55/100 slp\n|-damage|p2a: Calyrex|37/100 slp\n|-hitcount|p2a: Calyrex|2\n|-damage|p1a: Breloom|212/235|[from] item: Life Orb\n|cant|p2a: Calyrex|slp\n|\n|upkeep\n|turn|7\n|inactive|Time left: 300 sec this turn | 300 sec total\n|\n|t:|1783541852\n|move|p1a: Breloom|Bullet Seed|p2a: Calyrex\n|-damage|p2a: Calyrex|18/100 slp\n|-damage|p2a: Calyrex|0 fnt\n|faint|p2a: Calyrex\n|-hitcount|p2: Calyrex|2\n|-damage|p1a: Breloom|189/235|[from] item: Life Orb\n|\n|upkeep\n|\n|t:|1783541853\n|switch|p2a: Bruxish|Bruxish, L85, M|100/100\n|turn|8\n|inactive|Time left: 300 sec this turn | 300 sec total\n|\n|t:|1783541854\n|switch|p1a: Espeon|Espeon, L84, F|246/246\n|move|p2a: Bruxish|Psychic Fangs|p1a: Espeon\n|-resisted|p1a: Espeon\n|-damage|p1a: Espeon|103/246\n|\n|upkeep\n|turn|9\n|inactive|Time left: 300 sec this turn | 300 sec total\n|\n|t:|1783541855\n|move|p1a: Espeon|Shadow Ball|p2a: Bruxish\n|-supereffective|p2a: Bruxish\n|-damage|p2a: Bruxish|8/100\n|move|p2a: Bruxish|Psychic Fangs|p1a: Espeon\n|-resisted|p1a: Espeon\n|-crit|p1a: Espeon\n|-damage|p1a: Espeon|0 fnt\n|faint|p1a: Espeon\n|\n|upkeep\n|inactive|Time left: 300 sec this turn | 300 sec total | 5 sec grace\n|\n|t:|1783541856\n|switch|p1a: Pikachu|Pikachu-Kalos, L93, M|143/216\n|turn|10\n|inactive|Time left: 300 sec this turn | 300 sec total\n|\n|t:|1783541857\n|move|p1a: Pikachu|Volt Switch|p2a: Bruxish\n|-supereffective|p2a: Bruxish\n|-damage|p2a: Bruxish|0 fnt\n|faint|p2a: Bruxish\n|inactive|Time left: 300 sec this turn | 300 sec total | 5 sec grace\n|\n|t:|1783541858\n|switch|p1a: Breloom|Breloom, L83, F|189/235|[from] Volt Switch\n|\n|upkeep\n|\n|t:|1783541859\n|switch|p2a: Kleavor|Kleavor, L78, F|100/100\n|turn|11\n|inactive|Time left: 300 sec this turn | 300 sec total\n|\n|t:|1783541860\n|-terastallize|p2a: Kleavor|Bug\n|move|p2a: Kleavor|X-Scissor|p1a: Breloom\n|-damage|p1a: Breloom|0 fnt\n|faint|p1a: Breloom\n|\n|upkeep\n|inactive|Time left: 300 sec this turn | 300 sec total | 5 sec grace\n|\n|t:|1783541861\n|switch|p1a: Salazzle|Salazzle, L83, F|249/249\n|turn|12\n|inactive|Time left: 300 sec this turn | 300 sec total\n|\n|t:|1783541862\n|switch|p2a: Keldeo|Keldeo-Resolute, L79|100/100\n|move|p1a: Salazzle|Fire Blast|p2a: Keldeo\n|-resisted|p2a: Keldeo\n|-damage|p2a: Keldeo|78/100\n|\n|-heal|p2a: Keldeo|84/100|[from] item: Leftovers\n|upkeep\n|turn|13\n|inactive|Time left: 300 sec this turn | 300 sec total\n|\n|t:|1783541863\n|-terastallize|p1a: Salazzle|Grass\n|move|p1a: Salazzle|Tera Blast|p2a: Keldeo|[anim] Tera Blast Grass\n|-supereffective|p2a: Keldeo\n|-damage|p2a: Keldeo|9/100\n|move|p2a: Keldeo|Surf|p1a: Salazzle\n|-resisted|p1a: Salazzle\n|-damage|p1a: Salazzle|180/249\n|\n|-heal|p2a: Keldeo|16/100|[from] item: Leftovers\n|upkeep\n|turn|14\n|inactive|Time left: 300 sec this turn | 300 sec total\n|\n|t:|1783541864\n|move|p1a: Salazzle|Sludge Wave|p2a: Keldeo\n|-damage|p2a: Keldeo|0 fnt\n|faint|p2a: Keldeo\n|\n|upkeep\n|\n|t:|1783541865\n|switch|p2a: Persian|Persian, L92, M|45/100\n|turn|15\n|inactive|Time left: 300 sec this turn | 300 sec total\n|\n|t:|1783541866\n|switch|p1a: Luxray|Luxray, L88, M|190/284\n|-ability|p1a: Luxray|Intimidate|boost\n|-unboost|p2a: Persian|atk|1\n|move|p2a: Persian|Double-Edge|p1a: Luxray\n|-damage|p1a: Luxray|97/284\n|-damage|p2a: Persian|34/100|[from] Recoil\n|\n|upkeep\n|turn|16\n|inactive|Time left: 300 sec this turn | 300 sec total\n|\n|t:|1783541867\n|move|p2a: Persian|Double-Edge|p1a: Luxray\n|-damage|p1a: Luxray|0 fnt\n|faint|p1a: Luxray\n|-damage|p2a: Persian|22/100|[from] Recoil\n|\n|upkeep\n|inactive|Time left: 300 sec this turn | 300 sec total | 5 sec grace\n|\n|t:|1783541868\n|switch|p1a: Polteageist|Polteageist, L78|222/222\n|turn|17\n|inactive|Time left: 300 sec this turn | 300 sec total\n|\n|t:|1783541869\n|move|p2a: Persian|Knock Off|p1a: Polteageist\n|-supereffective|p1a: Polteageist\n|-damage|p1a: Polteageist|102/222\n|-enditem|p1a: Polteageist|White Herb|[from] move: Knock Off|[of] p2a: Persian\n|move|p1a: Polteageist|Shell Smash|p1a: Polteageist\n|-unboost|p1a: Polteageist|def|1\n|-unboost|p1a: Polteageist|spd|1\n|-boost|p1a: Polteageist|atk|2\n|-boost|p1a: Polteageist|spa|2\n|-boost|p1a: Polteageist|spe|2\n|\n|upkeep\n|turn|18\n|inactive|Time left: 300 sec this turn | 300 sec total\n|\n|t:|1783541870\n|move|p1a: Polteageist|Stored Power|p2a: Persian\n|-damage|p2a: Persian|0 fnt\n|faint|p2a: Persian\n|\n|upkeep\n|\n|t:|1783541871\n|switch|p2a: Kleavor|Kleavor, L78, F, tera:Bug|100/100\n|turn|19\n|inactive|Time left: 300 sec this turn | 300 sec total\n|\n|t:|1783541872\n|move|p1a: Polteageist|Stored Power|p2a: Kleavor\n|-damage|p2a: Kleavor|0 fnt\n|faint|p2a: Kleavor\n|\n|upkeep\n|\n|t:|1783541873\n|switch|p2a: Gumshoos|Gumshoos, L95, M|32/100\n|turn|20\n|inactive|Time left: 300 sec this turn | 300 sec total\n|\n|t:|1783541874\n|move|p1a: Polteageist|Stored Power|p2a: Gumshoos\n|-damage|p2a: Gumshoos|0 fnt\n|faint|p2a: Gumshoos\n|\n|win|p0x197063b", "uploadtime": 1783541874, "views": 0, "rating": 0, "private": 0, "password": null, "_winner": "p0x197063b", "_our_name": "p0x197063b"}