{"id": "battle-gen9randombattle-1667", "formatid": "gen9randombattle", "format": "[Gen 9] Random Battle", "players": ["p0x1667d306", "p0y1667ffbc"], "log": "|init|battle\n|title|p0x1667d306 vs. p0y1667ffbc\n|j|\u2606p0x1667d306\n|j|\u2606p0y1667ffbc\n|t:|1783558544\n|gametype|singles\n|player|p1|p0x1667d306|265|\n|player|p2|p0y1667ffbc|265|\n|gen|9\n|tier|[Gen 9] Random Battle\n|rule|Species Clause: Limit one of each Pok\u00e9mon\n|rule|HP Percentage Mod: HP is shown in percentages\n|rule|Sleep Clause Mod: Limit one foe put to sleep\n|rule|Illusion Level Mod: Illusion disguises the Pok\u00e9mon's true level\n|\n|t:|1783558544\n|teamsize|p1|6\n|teamsize|p2|6\n|start\n|switch|p1a: Toxicroak|Toxicroak, L84, F|100/100\n|switch|p2a: Miraidon|Miraidon, L65|238/238\n|-fieldstart|move: Electric Terrain|[from] ability: Hadron Engine|[of] p2a: Miraidon\n|turn|1\n|inactive|Battle timer is ON: inactive players will automatically lose when time's up. (requested by p0y1667ffbc)\n|\n|t:|1783558546\n|switch|p1a: Ursaluna|Ursaluna, L79, F|100/100\n|-terastallize|p2a: Miraidon|Electric\n|move|p2a: Miraidon|Electro Drift|p1a: Ursaluna\n|-immune|p1a: Ursaluna\n|\n|-status|p1a: Ursaluna|brn|[from] item: Flame Orb\n|upkeep\n|turn|2\n|inactive|Time left: 300 sec this turn | 300 sec total\n|inactive|p0x1667d306 also wants the timer to be on.\n|\n|t:|1783558548\n|move|p2a: Miraidon|Draco Meteor|p1a: Ursaluna\n|-damage|p1a: Ursaluna|34/100 brn\n|-unboost|p2a: Miraidon|spa|2\n|-damage|p2a: Miraidon|215/238|[from] item: Life Orb\n|move|p1a: Ursaluna|Facade|p2a: Miraidon\n|-damage|p2a: Miraidon|0 fnt\n|faint|p2a: Miraidon\n|\n|-damage|p1a: Ursaluna|28/100 brn|[from] brn\n|upkeep\n|inactive|Time left: 300 sec this turn | 300 sec total | 5 sec grace\n|\n|t:|1783558548\n|switch|p2a: Yanmega|Yanmega, L82, F|275/275\n|turn|3\n|inactive|Time left: 300 sec this turn | 300 sec total\n|\n|t:|1783558550\n|switch|p1a: Lapras|Lapras, L87, M|100/100\n|move|p2a: Yanmega|Air Slash|p1a: Lapras\n|-damage|p1a: Lapras|69/100\n|\n|upkeep\n|turn|4\n|inactive|Time left: 300 sec this turn | 300 sec total\n|\n|t:|1783558551\n|move|p2a: Yanmega|Air Slash|p1a: Lapras\n|-damage|p1a: Lapras|36/100\n|move|p1a: Lapras|Freeze-Dry|p2a: Yanmega\n|-supereffective|p2a: Yanmega\n|-damage|p2a: Yanmega|0 fnt\n|faint|p2a: Yanmega\n|\n|upkeep\n|inactive|Time left: 300 sec this turn | 300 sec total | 5 sec grace\n|\n|t:|1783558552\n|switch|p2a: Smeargle|Smeargle, L95, M|258/258\n|turn|5\n|inactive|Time left: 300 sec this turn | 300 sec total\n|\n|t:|1783558553\n|move|p2a: Smeargle|Sticky Web|p1a: Lapras\n|-sidestart|p1: p0x1667d306|move: Sticky Web\n|move|p1a: Lapras|Freeze-Dry|p2a: Smeargle\n|-damage|p2a: Smeargle|99/258\n|-status|p2a: Smeargle|frz\n|\n|-fieldend|move: Electric Terrain\n|upkeep\n|turn|6\n|inactive|Time left: 300 sec this turn | 300 sec total\n|\n|t:|1783558554\n|-curestatus|p2a: Smeargle|frz|[msg]\n|move|p2a: Smeargle|Spore|p1a: Lapras\n|-status|p1a: Lapras|slp|[from] move: Spore\n|cant|p1a: Lapras|slp\n|\n|upkeep\n|turn|7\n|inactive|Time left: 300 sec this turn | 300 sec total\n|\n|t:|1783558556\n|move|p2a: Smeargle|Stealth Rock|p1a: Lapras\n|-sidestart|p1: p0x1667d306|move: Stealth Rock\n|cant|p1a: Lapras|slp\n|\n|upkeep\n|turn|8\n|inactive|Time left: 300 sec this turn | 300 sec total\n|\n|t:|1783558557\n|move|p2a: Smeargle|Ceaseless Edge|p1a: Lapras\n|-damage|p1a: Lapras|30/100 slp\n|-sidestart|p1: p0x1667d306|Spikes\n|cant|p1a: Lapras|slp\n|\n|upkeep\n|turn|9\n|inactive|Time left: 300 sec this turn | 300 sec total\n|\n|t:|1783558558\n|move|p2a: Smeargle|Ceaseless Edge|p1a: Lapras\n|-damage|p1a: Lapras|23/100 slp\n|-sidestart|p1: p0x1667d306|Spikes\n|-curestatus|p1a: Lapras|slp|[msg]\n|move|p1a: Lapras|Freeze-Dry|p2a: Smeargle\n|-damage|p2a: Smeargle|0 fnt\n|faint|p2a: Smeargle\n|\n|upkeep\n|inactive|Time left: 300 sec this turn | 300 sec total | 5 sec grace\n|\n|t:|1783558559\n|switch|p2a: Lilligant|Lilligant, L86, F|261/261\n|turn|10\n|inactive|Time left: 300 sec this turn | 300 sec total\n|\n|t:|1783558560\n|move|p2a: Lilligant|Petal Dance|p1a: Lapras\n|-supereffective|p1a: Lapras\n|-damage|p1a: Lapras|0 fnt\n|faint|p1a: Lapras\n|-damage|p2a: Lilligant|235/261|[from] item: Life Orb\n|\n|upkeep\n|\n|t:|1783558561\n|switch|p1a: Enamorus|Enamorus, L79, F|100/100\n|turn|11\n|inactive|Time left: 300 sec this turn | 300 sec total\n|\n|t:|1783558562\n|move|p1a: Enamorus|Mystical Fire|p2a: Lilligant\n|-supereffective|p2a: Lilligant\n|-damage|p2a: Lilligant|103/261\n|-unboost|p2a: Lilligant|spa|1\n|move|p2a: Lilligant|Petal Dance|p1a: Enamorus|[from] lockedmove\n|-resisted|p1a: Enamorus\n|-damage|p1a: Enamorus|71/100\n|-damage|p2a: Lilligant|77/261|[from] item: Life Orb\n|\n|upkeep\n|turn|12\n|inactive|Time left: 300 sec this turn | 300 sec total\n|\n|t:|1783558563\n|move|p1a: Enamorus|Calm Mind|p1a: Enamorus\n|-boost|p1a: Enamorus|spa|1\n|-boost|p1a: Enamorus|spd|1\n|move|p2a: Lilligant|Petal Dance|p1a: Enamorus|[from] lockedmove\n|-resisted|p1a: Enamorus\n|-damage|p1a: Enamorus|50/100\n|-damage|p2a: Lilligant|51/261|[from] item: Life Orb\n|\n|upkeep\n|turn|13\n|inactive|Time left: 300 sec this turn | 300 sec total\n|\n|t:|1783558563\n|move|p1a: Enamorus|Calm Mind|p1a: Enamorus\n|-boost|p1a: Enamorus|spa|1\n|-boost|p1a: Enamorus|spd|1\n|move|p2a: Lilligant|Sleep Powder|p1a: Enamorus\n|-status|p1a: Enamorus|slp|[from] move: Sleep Powder\n|\n|upkeep\n|turn|14\n|inactive|Time left: 300 sec this turn | 300 sec total\n|\n|t:|1783558564\n|cant|p1a: Enamorus|slp\n|move|p2a: Lilligant|Petal Dance|p1a: Enamorus\n|-resisted|p1a: Enamorus\n|-damage|p1a: Enamorus|35/100 slp\n|-damage|p2a: Lilligant|25/261|[from] item: Life Orb\n|\n|upkeep\n|turn|15\n|inactive|Time left: 300 sec this turn | 300 sec total\n|\n|t:|1783558565\n|cant|p1a: Enamorus|slp\n|move|p2a: Lilligant|Petal Dance|p1a: Enamorus|[from] lockedmove\n|-resisted|p1a: Enamorus\n|-damage|p1a: Enamorus|20/100 slp\n|-damage|p2a: Lilligant|0 fnt|[from] item: Life Orb\n|faint|p2a: Lilligant\n|\n|upkeep\n|inactive|Time left: 300 sec this turn | 300 sec total | 5 sec grace\n|\n|t:|1783558566\n|switch|p2a: Gyarados|Gyarados, L79, F|280/280\n|turn|16\n|inactive|Time left: 300 sec this turn | 300 sec total\n|\n|t:|1783558567\n|cant|p1a: Enamorus|slp\n|move|p2a: Gyarados|Waterfall|p1a: Enamorus\n|-damage|p1a: Enamorus|0 fnt\n|faint|p1a: Enamorus\n|-ability|p2a: Gyarados|Moxie|boost\n|-boost|p2a: Gyarados|atk|1\n|\n|upkeep\n|\n|t:|1783558568\n|switch|p1a: Hydreigon|Hydreigon, L79, F|100/100\n|-damage|p1a: Hydreigon|88/100|[from] Stealth Rock\n|turn|17\n|inactive|Time left: 300 sec this turn | 300 sec total\n|\n|t:|1783558568\n|move|p1a: Hydreigon|Nasty Plot|p1a: Hydreigon\n|-boost|p1a: Hydreigon|spa|2\n|move|p2a: Gyarados|Dragon Dance|p2a: Gyarados\n|-boost|p2a: Gyarados|atk|1\n|-boost|p2a: Gyarados|spe|1\n|\n|upkeep\n|turn|18\n|inactive|Time left: 300 sec this turn | 300 sec total\n|\n|t:|1783558569\n|move|p2a: Gyarados|Waterfall|p1a: Hydreigon\n|-resisted|p1a: Hydreigon\n|-crit|p1a: Hydreigon\n|-damage|p1a: Hydreigon|37/100\n|move|p1a: Hydreigon|Draco Meteor|p2a: Gyarados\n|-damage|p2a: Gyarados|0 fnt\n|-unboost|p1a: Hydreigon|spa|2\n|faint|p2a: Gyarados\n|-damage|p1a: Hydreigon|27/100|[from] item: Life Orb\n|\n|upkeep\n|inactive|Time left: 300 sec this turn | 300 sec total | 5 sec grace\n|\n|t:|1783558570\n|switch|p2a: Zebstrika|Zebstrika, L87, F|272/272\n|turn|19\n|inactive|Time left: 300 sec this turn | 300 sec total\n|\n|t:|1783558571\n|move|p2a: Zebstrika|High Horsepower|p1a: Hydreigon\n|-immune|p1a: Hydreigon|[from] ability: Levitate\n|move|p1a: Hydreigon|Draco Meteor|p2a: Zebstrika\n|-damage|p2a: Zebstrika|26/272\n|-unboost|p1a: Hydreigon|spa|2\n|-damage|p1a: Hydreigon|17/100|[from] item: Life Orb\n|\n|upkeep\n|turn|20\n|inactive|Time left: 300 sec this turn | 300 sec total\n|\n|t:|1783558572\n|-terastallize|p1a: Hydreigon|Fire\n|move|p2a: Zebstrika|Volt Switch|p1a: Hydreigon\n|-damage|p1a: Hydreigon|0 fnt\n|faint|p1a: Hydreigon\n|-damage|p2a: Zebstrika|0 fnt|[from] item: Life Orb\n|faint|p2a: Zebstrika\n|\n|win|p0x1667d306", "uploadtime": 1783558572, "views": 0, "rating": 0, "private": 0, "password": null, "_winner": "p0x1667d306", "_our_name": "p0y1667ffbc"}