{"id": "battle-gen9randombattle-2781", "formatid": "gen9randombattle", "format": "[Gen 9] Random Battle", "players": ["p0x2781001e", "p0y2781743e"], "log": "|init|battle\n|title|p0x2781001e vs. p0y2781743e\n|j|\u2606p0x2781001e\n|j|\u2606p0y2781743e\n|t:|1783572026\n|gametype|singles\n|player|p1|p0x2781001e|266|\n|player|p2|p0y2781743e|169|\n|gen|9\n|tier|[Gen 9] Random Battle\n|rule|Species Clause: Limit one of each Pok\u00e9mon\n|rule|HP Percentage Mod: HP is shown in percentages\n|rule|Sleep Clause Mod: Limit one foe put to sleep\n|rule|Illusion Level Mod: Illusion disguises the Pok\u00e9mon's true level\n|\n|t:|1783572026\n|teamsize|p1|6\n|teamsize|p2|6\n|start\n|switch|p1a: Revavroom|Revavroom, L79, F|256/256\n|switch|p2a: Heracross|Heracross, L80, F|100/100\n|turn|1\n|inactive|Battle timer is ON: inactive players will automatically lose when time's up. (requested by p0x2781001e)\n|\n|t:|1783572028\n|move|p1a: Revavroom|Shift Gear|p1a: Revavroom\n|-boost|p1a: Revavroom|spe|2\n|-boost|p1a: Revavroom|atk|1\n|move|p2a: Heracross|Earthquake|p1a: Revavroom\n|-supereffective|p1a: Revavroom\n|-damage|p1a: Revavroom|0 fnt\n|faint|p1a: Revavroom\n|-ability|p2a: Heracross|Moxie|boost\n|-boost|p2a: Heracross|atk|1\n|\n|upkeep\n|inactive|Time left: 300 sec this turn | 300 sec total | 65 sec grace\n|inactive|p0y2781743e also wants the timer to be on.\n|\n|t:|1783572029\n|switch|p1a: Moltres|Moltres-Galar, L79|271/271\n|turn|2\n|inactive|Time left: 300 sec this turn | 300 sec total\n|\n|t:|1783572030\n|switch|p2a: Shiftry|Shiftry, L89, F|100/100\n|move|p1a: Moltres|Nasty Plot|p1a: Moltres\n|-boost|p1a: Moltres|spa|2\n|\n|upkeep\n|turn|3\n|inactive|Time left: 300 sec this turn | 300 sec total\n|\n|t:|1783572032\n|move|p2a: Shiftry|Swords Dance|p2a: Shiftry\n|-boost|p2a: Shiftry|atk|2\n|move|p1a: Moltres|Agility|p1a: Moltres\n|-boost|p1a: Moltres|spe|2\n|\n|upkeep\n|turn|4\n|inactive|Time left: 300 sec this turn | 300 sec total\n|\n|t:|1783572033\n|move|p1a: Moltres|Fiery Wrath|p2a: Shiftry\n|-resisted|p2a: Shiftry\n|-damage|p2a: Shiftry|66/100\n|move|p2a: Shiftry|Knock Off|p1a: Moltres\n|-resisted|p1a: Moltres\n|-damage|p1a: Moltres|99/271\n|-enditem|p1a: Moltres|Weakness Policy|[from] move: Knock Off|[of] p2a: Shiftry\n|-ability|p1a: Moltres|Berserk|boost\n|-boost|p1a: Moltres|spa|1\n|-damage|p2a: Shiftry|56/100|[from] item: Life Orb\n|\n|upkeep\n|turn|5\n|inactive|Time left: 300 sec this turn | 300 sec total\n|\n|t:|1783572034\n|-terastallize|p1a: Moltres|Dark\n|move|p1a: Moltres|Fiery Wrath|p2a: Shiftry\n|-resisted|p2a: Shiftry\n|-damage|p2a: Shiftry|2/100\n|move|p2a: Shiftry|Leaf Blade|p1a: Moltres\n|-damage|p1a: Moltres|0 fnt\n|faint|p1a: Moltres\n|-damage|p2a: Shiftry|0 fnt|[from] item: Life Orb\n|faint|p2a: Shiftry\n|\n|upkeep\n|inactive|Time left: 300 sec this turn | 300 sec total | 5 sec grace\n|\n|t:|1783572035\n|switch|p2a: Sudowoodo|Sudowoodo, L94, F|100/100\n|switch|p1a: Dusknoir|Dusknoir, L89, M|225/225\n|-item|p2a: Sudowoodo|Leftovers|[from] ability: Frisk|[of] p1a: Dusknoir\n|turn|6\n|inactive|Time left: 300 sec this turn | 300 sec total\n|\n|t:|1783572036\n|move|p1a: Dusknoir|Poltergeist|p2a: Sudowoodo\n|-activate|p2a: Sudowoodo|move: Poltergeist|Leftovers\n|-damage|p2a: Sudowoodo|53/100\n|move|p2a: Sudowoodo|Head Smash|p1a: Dusknoir|[miss]\n|-miss|p2a: Sudowoodo|p1a: Dusknoir\n|\n|-heal|p2a: Sudowoodo|59/100|[from] item: Leftovers\n|upkeep\n|turn|7\n|inactive|Time left: 300 sec this turn | 300 sec total\n|\n|t:|1783572037\n|move|p1a: Dusknoir|Poltergeist|p2a: Sudowoodo\n|-activate|p2a: Sudowoodo|move: Poltergeist|Leftovers\n|-crit|p2a: Sudowoodo\n|-damage|p2a: Sudowoodo|0 fnt\n|faint|p2a: Sudowoodo\n|\n|upkeep\n|\n|t:|1783572038\n|switch|p2a: Heracross|Heracross, L80, F|100/100\n|turn|8\n|inactive|Time left: 300 sec this turn | 300 sec total\n|\n|t:|1783572039\n|move|p2a: Heracross|Knock Off|p1a: Dusknoir\n|-supereffective|p1a: Dusknoir\n|-damage|p1a: Dusknoir|63/225\n|-enditem|p1a: Dusknoir|Choice Band|[from] move: Knock Off|[of] p2a: Heracross\n|move|p1a: Dusknoir|Poltergeist|p2a: Heracross\n|-activate|p2a: Heracross|move: Poltergeist|Choice Band\n|-damage|p2a: Heracross|45/100\n|\n|upkeep\n|turn|9\n|inactive|Time left: 300 sec this turn | 300 sec total\n|\n|t:|1783572040\n|switch|p1a: Chesnaught|Chesnaught, L84, M|285/285\n|move|p2a: Heracross|Knock Off|p1a: Chesnaught\n|-resisted|p1a: Chesnaught\n|-damage|p1a: Chesnaught|238/285\n|-damage|p2a: Heracross|28/100|[from] item: Rocky Helmet|[of] p1a: Chesnaught\n|-enditem|p1a: Chesnaught|Rocky Helmet|[from] move: Knock Off|[of] p2a: Heracross\n|\n|upkeep\n|turn|10\n|inactive|Time left: 300 sec this turn | 300 sec total\n|\n|t:|1783572041\n|switch|p2a: Arceus|Arceus-Electric, L70|100/100\n|move|p1a: Chesnaught|Wood Hammer|p2a: Arceus\n|-damage|p2a: Arceus|56/100\n|-damage|p1a: Chesnaught|196/285|[from] Recoil\n|\n|upkeep\n|turn|11\n|inactive|Time left: 300 sec this turn | 300 sec total\n|\n|t:|1783572042\n|move|p2a: Arceus|Recover|p2a: Arceus\n|-heal|p2a: Arceus|100/100\n|move|p1a: Chesnaught|Body Press|p2a: Arceus\n|-damage|p2a: Arceus|68/100\n|\n|upkeep\n|turn|12\n|inactive|Time left: 300 sec this turn | 300 sec total\n|\n|t:|1783572043\n|move|p2a: Arceus|Calm Mind|p2a: Arceus\n|-boost|p2a: Arceus|spa|1\n|-boost|p2a: Arceus|spd|1\n|move|p1a: Chesnaught|Body Press|p2a: Arceus\n|-damage|p2a: Arceus|34/100\n|\n|upkeep\n|turn|13\n|inactive|Time left: 300 sec this turn | 300 sec total\n|\n|t:|1783572044\n|switch|p1a: Reuniclus|Reuniclus, L88, F|337/337\n|move|p2a: Arceus|Recover|p2a: Arceus\n|-heal|p2a: Arceus|84/100\n|\n|upkeep\n|turn|14\n|inactive|Time left: 300 sec this turn | 300 sec total\n|\n|t:|1783572045\n|move|p2a: Arceus|Calm Mind|p2a: Arceus\n|-boost|p2a: Arceus|spa|1\n|-boost|p2a: Arceus|spd|1\n|move|p1a: Reuniclus|Psyshock|p2a: Arceus\n|-damage|p2a: Arceus|34/100\n|\n|upkeep\n|turn|15\n|inactive|Time left: 300 sec this turn | 300 sec total\n|\n|t:|1783572046\n|move|p2a: Arceus|Recover|p2a: Arceus\n|-heal|p2a: Arceus|84/100\n|move|p1a: Reuniclus|Psyshock|p2a: Arceus\n|-damage|p2a: Arceus|37/100\n|\n|upkeep\n|turn|16\n|inactive|Time left: 300 sec this turn | 300 sec total\n|\n|t:|1783572047\n|move|p2a: Arceus|Recover|p2a: Arceus\n|-heal|p2a: Arceus|87/100\n|move|p1a: Reuniclus|Psyshock|p2a: Arceus\n|-damage|p2a: Arceus|40/100\n|\n|upkeep\n|turn|17\n|inactive|Time left: 300 sec this turn | 300 sec total\n|\n|t:|1783572048\n|move|p2a: Arceus|Recover|p2a: Arceus\n|-heal|p2a: Arceus|90/100\n|move|p1a: Reuniclus|Psyshock|p2a: Arceus\n|-crit|p2a: Arceus\n|-damage|p2a: Arceus|16/100\n|\n|upkeep\n|turn|18\n|inactive|Time left: 300 sec this turn | 300 sec total\n|\n|t:|1783572049\n|move|p2a: Arceus|Recover|p2a: Arceus\n|-heal|p2a: Arceus|66/100\n|move|p1a: Reuniclus|Psyshock|p2a: Arceus\n|-damage|p2a: Arceus|20/100\n|\n|upkeep\n|turn|19\n|inactive|Time left: 300 sec this turn | 300 sec total\n|\n|t:|1783572050\n|move|p2a: Arceus|Recover|p2a: Arceus\n|-heal|p2a: Arceus|70/100\n|move|p1a: Reuniclus|Psyshock|p2a: Arceus\n|-damage|p2a: Arceus|23/100\n|\n|upkeep\n|turn|20\n|inactive|Time left: 300 sec this turn | 300 sec total\n|\n|t:|1783572051\n|move|p2a: Arceus|Judgment|p1a: Reuniclus\n|-damage|p1a: Reuniclus|109/337\n|move|p1a: Reuniclus|Psyshock|p2a: Arceus\n|-damage|p2a: Arceus|0 fnt\n|faint|p2a: Arceus\n|\n|upkeep\n|\n|t:|1783572052\n|switch|p2a: Heracross|Heracross, L80, F|28/100\n|turn|21\n|inactive|Time left: 300 sec this turn | 300 sec total\n|\n|t:|1783572053\n|switch|p1a: Chesnaught|Chesnaught, L84, M|196/285\n|move|p2a: Heracross|Megahorn|p1a: Chesnaught\n|-damage|p1a: Chesnaught|34/285\n|\n|upkeep\n|turn|22\n|inactive|Time left: 300 sec this turn | 300 sec total\n|\n|t:|1783572054\n|move|p2a: Heracross|Megahorn|p1a: Chesnaught\n|-damage|p1a: Chesnaught|0 fnt\n|faint|p1a: Chesnaught\n|-ability|p2a: Heracross|Moxie|boost\n|-boost|p2a: Heracross|atk|1\n|\n|upkeep\n|inactive|Time left: 300 sec this turn | 300 sec total | 5 sec grace\n|\n|t:|1783572055\n|switch|p1a: Dusknoir|Dusknoir, L89, M|63/225\n|-item|p2a: Heracross|Choice Band|[from] ability: Frisk|[of] p1a: Dusknoir\n|turn|23\n|inactive|Time left: 300 sec this turn | 300 sec total\n|\n|t:|1783572056\n|move|p1a: Dusknoir|Shadow Sneak|p2a: Heracross\n|-damage|p2a: Heracross|7/100\n|move|p2a: Heracross|Megahorn|p1a: Dusknoir\n|-resisted|p1a: Dusknoir\n|-damage|p1a: Dusknoir|0 fnt\n|faint|p1a: Dusknoir\n|-ability|p2a: Heracross|Moxie|boost\n|-boost|p2a: Heracross|atk|1\n|\n|upkeep\n|inactive|Time left: 300 sec this turn | 300 sec total | 5 sec grace\n|\n|t:|1783572057\n|switch|p1a: Victreebel|Victreebel, L90, M|290/290\n|turn|24\n|inactive|Time left: 300 sec this turn | 300 sec total\n|\n|t:|1783572058\n|move|p1a: Victreebel|Sucker Punch|p2a: Heracross\n|-resisted|p2a: Heracross\n|-damage|p2a: Heracross|0 fnt\n|faint|p2a: Heracross\n|-damage|p1a: Victreebel|261/290|[from] item: Life Orb\n|\n|upkeep\n|\n|t:|1783572059\n|switch|p2a: Cresselia|Cresselia, L80, F|100/100\n|turn|25\n|inactive|Time left: 300 sec this turn | 300 sec total\n|\n|t:|1783572060\n|move|p2a: Cresselia|Calm Mind|p2a: Cresselia\n|-boost|p2a: Cresselia|spa|1\n|-boost|p2a: Cresselia|spd|1\n|move|p1a: Victreebel|Strength Sap|p2a: Cresselia\n|-unboost|p2a: Cresselia|atk|1\n|-heal|p1a: Victreebel|290/290\n|\n|upkeep\n|turn|26\n|inactive|Time left: 300 sec this turn | 300 sec total\n|\n|t:|1783572060\n|move|p2a: Cresselia|Calm Mind|p2a: Cresselia\n|-boost|p2a: Cresselia|spa|1\n|-boost|p2a: Cresselia|spd|1\n|move|p1a: Victreebel|Strength Sap|p2a: Cresselia\n|-unboost|p2a: Cresselia|atk|1\n|\n|upkeep\n|turn|27\n|inactive|Time left: 300 sec this turn | 300 sec total\n|\n|t:|1783572061\n|-terastallize|p2a: Cresselia|Electric\n|move|p2a: Cresselia|Psyshock|p1a: Victreebel\n|-supereffective|p1a: Victreebel\n|-damage|p1a: Victreebel|0 fnt\n|faint|p1a: Victreebel\n|\n|upkeep\n|inactive|Time left: 300 sec this turn | 300 sec total | 5 sec grace\n|\n|t:|1783572062\n|switch|p1a: Reuniclus|Reuniclus, L88, F|109/337\n|turn|28\n|inactive|Time left: 300 sec this turn | 300 sec total\n|\n|t:|1783572063\n|move|p2a: Cresselia|Thunderbolt|p1a: Reuniclus\n|-damage|p1a: Reuniclus|0 fnt\n|faint|p1a: Reuniclus\n|\n|win|p0y2781743e", "uploadtime": 1783572063, "views": 0, "rating": 0, "private": 0, "password": null, "_winner": "p0y2781743e", "_our_name": "p0x2781001e"}