{"id": "battle-gen9randombattle-1058", "formatid": "gen9randombattle", "format": "[Gen 9] Random Battle", "players": ["p0x105837f8", "p0y1058343d"], "log": "|init|battle\n|title|p0x105837f8 vs. p0y1058343d\n|j|\u2606p0x105837f8\n|j|\u2606p0y1058343d\n|t:|1783551454\n|gametype|singles\n|player|p1|p0x105837f8|1|\n|player|p2|p0y1058343d|266|\n|gen|9\n|tier|[Gen 9] Random Battle\n|rule|Species Clause: Limit one of each Pok\u00e9mon\n|rule|HP Percentage Mod: HP is shown in percentages\n|rule|Sleep Clause Mod: Limit one foe put to sleep\n|rule|Illusion Level Mod: Illusion disguises the Pok\u00e9mon's true level\n|\n|t:|1783551454\n|teamsize|p1|6\n|teamsize|p2|6\n|start\n|switch|p1a: Giratina|Giratina, L75|349/349\n|switch|p2a: Latias|Latias, L79, F|100/100\n|-ability|p1a: Giratina|Pressure\n|turn|1\n|inactive|Battle timer is ON: inactive players will automatically lose when time's up. (requested by p0y1058343d)\n|inactive|Time left: 300 sec this turn | 300 sec total | 60 sec grace\n|inactive|p0x105837f8 also wants the timer to be on.\n|\n|t:|1783551455\n|move|p2a: Latias|Calm Mind|p2a: Latias\n|-boost|p2a: Latias|spa|1\n|-boost|p2a: Latias|spd|1\n|move|p1a: Giratina|Dragon Tail|p2a: Latias\n|-supereffective|p2a: Latias\n|-damage|p2a: Latias|58/100\n|drag|p2a: Miraidon|Miraidon, L65|100/100\n|-fieldstart|move: Electric Terrain|[from] ability: Hadron Engine|[of] p2a: Miraidon\n|\n|upkeep\n|turn|2\n|inactive|Time left: 300 sec this turn | 300 sec total\n|\n|t:|1783551456\n|move|p2a: Miraidon|Calm Mind|p2a: Miraidon\n|-boost|p2a: Miraidon|spa|1\n|-boost|p2a: Miraidon|spd|1\n|move|p1a: Giratina|Shadow Ball|p2a: Miraidon\n|-damage|p2a: Miraidon|81/100\n|\n|upkeep\n|turn|3\n|inactive|Time left: 300 sec this turn | 300 sec total\n|\n|t:|1783551457\n|move|p2a: Miraidon|Draco Meteor|p1a: Giratina|[miss]\n|-miss|p2a: Miraidon|p1a: Giratina\n|move|p1a: Giratina|Dragon Tail|p2a: Miraidon\n|-supereffective|p2a: Miraidon\n|-damage|p2a: Miraidon|27/100\n|drag|p2a: Leafeon|Leafeon, L88, M|100/100\n|\n|upkeep\n|turn|4\n|inactive|Time left: 300 sec this turn | 300 sec total\n|\n|t:|1783551458\n|move|p2a: Leafeon|Swords Dance|p2a: Leafeon\n|-boost|p2a: Leafeon|atk|2\n|move|p1a: Giratina|Shadow Ball|p2a: Leafeon\n|-damage|p2a: Leafeon|66/100\n|\n|upkeep\n|turn|5\n|inactive|Time left: 300 sec this turn | 300 sec total\n|\n|t:|1783551459\n|move|p2a: Leafeon|Leaf Blade|p1a: Giratina\n|-resisted|p1a: Giratina\n|-damage|p1a: Giratina|226/349\n|-damage|p2a: Leafeon|56/100|[from] item: Life Orb\n|move|p1a: Giratina|Dragon Tail|p2a: Leafeon|[miss]\n|-miss|p1a: Giratina|p2a: Leafeon\n|\n|-heal|p1a: Giratina|247/349|[from] item: Leftovers\n|-fieldend|move: Electric Terrain\n|upkeep\n|turn|6\n|inactive|Time left: 300 sec this turn | 300 sec total\n|\n|t:|1783551460\n|move|p2a: Leafeon|Synthesis|p2a: Leafeon\n|-heal|p2a: Leafeon|100/100\n|move|p1a: Giratina|Dragon Tail|p2a: Leafeon|[miss]\n|-miss|p1a: Giratina|p2a: Leafeon\n|\n|-heal|p1a: Giratina|268/349|[from] item: Leftovers\n|upkeep\n|turn|7\n|inactive|Time left: 300 sec this turn | 300 sec total\n|\n|t:|1783551461\n|move|p2a: Leafeon|Leaf Blade|p1a: Giratina\n|-resisted|p1a: Giratina\n|-damage|p1a: Giratina|132/349\n|-damage|p2a: Leafeon|91/100|[from] item: Life Orb\n|move|p1a: Giratina|Dragon Tail|p2a: Leafeon\n|-damage|p2a: Leafeon|77/100\n|drag|p2a: Orthworm|Orthworm, L88, F|100/100\n|\n|-heal|p1a: Giratina|153/349|[from] item: Leftovers\n|upkeep\n|turn|8\n|inactive|Time left: 300 sec this turn | 300 sec total\n|\n|t:|1783551462\n|move|p1a: Giratina|Shadow Ball|p2a: Orthworm\n|-damage|p2a: Orthworm|62/100\n|move|p2a: Orthworm|Coil|p2a: Orthworm\n|-boost|p2a: Orthworm|atk|1\n|-boost|p2a: Orthworm|def|1\n|-boost|p2a: Orthworm|accuracy|1\n|\n|-heal|p1a: Giratina|174/349|[from] item: Leftovers\n|upkeep\n|turn|9\n|inactive|Time left: 300 sec this turn | 300 sec total\n|\n|t:|1783551462\n|move|p1a: Giratina|Shadow Ball|p2a: Orthworm\n|-damage|p2a: Orthworm|28/100\n|move|p2a: Orthworm|Rest|p2a: Orthworm\n|-status|p2a: Orthworm|slp|[from] move: Rest\n|-heal|p2a: Orthworm|100/100 slp|[silent]\n|-enditem|p2a: Orthworm|Chesto Berry|[eat]\n|-curestatus|p2a: Orthworm|slp|[msg]\n|\n|-heal|p1a: Giratina|195/349|[from] item: Leftovers\n|upkeep\n|turn|10\n|inactive|Time left: 300 sec this turn | 300 sec total\n|\n|t:|1783551463\n|move|p1a: Giratina|Shadow Ball|p2a: Orthworm\n|-damage|p2a: Orthworm|64/100\n|move|p2a: Orthworm|Iron Tail|p1a: Giratina\n|-damage|p1a: Giratina|48/349\n|\n|-heal|p1a: Giratina|69/349|[from] item: Leftovers\n|upkeep\n|turn|11\n|inactive|Time left: 300 sec this turn | 300 sec total\n|\n|t:|1783551464\n|move|p1a: Giratina|Shadow Ball|p2a: Orthworm\n|-damage|p2a: Orthworm|31/100\n|move|p2a: Orthworm|Iron Tail|p1a: Giratina\n|-damage|p1a: Giratina|0 fnt\n|faint|p1a: Giratina\n|\n|upkeep\n|inactive|Time left: 300 sec this turn | 300 sec total | 5 sec grace\n|\n|t:|1783551465\n|switch|p1a: Iron Jugulis|Iron Jugulis, L77|271/271\n|turn|12\n|inactive|Time left: 300 sec this turn | 300 sec total\n|\n|t:|1783551466\n|move|p1a: Iron Jugulis|Dark Pulse|p2a: Orthworm\n|-damage|p2a: Orthworm|0 fnt\n|faint|p2a: Orthworm\n|\n|upkeep\n|\n|t:|1783551467\n|switch|p2a: Gardevoir|Gardevoir, L83, M|100/100\n|turn|13\n|inactive|Time left: 300 sec this turn | 300 sec total\n|\n|t:|1783551468\n|-end|p1a: Iron Jugulis|Quark Drive|[silent]\n|switch|p1a: Lugia|Lugia, L73|275/275\n|-ability|p2a: Gardevoir|Multiscale|Trace|[from] ability: Trace|[of] p1a: Lugia\n|move|p2a: Gardevoir|Moonblast|p1a: Lugia\n|-damage|p1a: Lugia|207/275\n|\n|upkeep\n|turn|14\n|inactive|Time left: 300 sec this turn | 300 sec total\n|\n|t:|1783551469\n|move|p1a: Lugia|Calm Mind|p1a: Lugia\n|-boost|p1a: Lugia|spa|1\n|-boost|p1a: Lugia|spd|1\n|move|p2a: Gardevoir|Moonblast|p1a: Lugia\n|-damage|p1a: Lugia|119/275\n|\n|upkeep\n|turn|15\n|inactive|Time left: 300 sec this turn | 300 sec total\n|\n|t:|1783551471\n|move|p1a: Lugia|Recover|p1a: Lugia\n|-heal|p1a: Lugia|257/275\n|move|p2a: Gardevoir|Moonblast|p1a: Lugia\n|-damage|p1a: Lugia|166/275\n|\n|upkeep\n|turn|16\n|inactive|Time left: 300 sec this turn | 300 sec total\n|\n|t:|1783551472\n|move|p1a: Lugia|Recover|p1a: Lugia\n|-heal|p1a: Lugia|275/275\n|move|p2a: Gardevoir|Moonblast|p1a: Lugia\n|-damage|p1a: Lugia|228/275\n|\n|upkeep\n|turn|17\n|inactive|Time left: 300 sec this turn | 300 sec total\n|\n|t:|1783551473\n|move|p1a: Lugia|Calm Mind|p1a: Lugia\n|-boost|p1a: Lugia|spa|1\n|-boost|p1a: Lugia|spd|1\n|move|p2a: Gardevoir|Moonblast|p1a: Lugia\n|-damage|p1a: Lugia|161/275\n|\n|upkeep\n|turn|18\n|inactive|Time left: 300 sec this turn | 300 sec total\n|\n|t:|1783551474\n|move|p1a: Lugia|Recover|p1a: Lugia\n|-heal|p1a: Lugia|275/275\n|move|p2a: Gardevoir|Moonblast|p1a: Lugia\n|-damage|p1a: Lugia|241/275\n|\n|upkeep\n|turn|19\n|inactive|Time left: 300 sec this turn | 300 sec total\n|\n|t:|1783551475\n|move|p1a: Lugia|Aeroblast|p2a: Gardevoir\n|-damage|p2a: Gardevoir|74/100\n|move|p2a: Gardevoir|Moonblast|p1a: Lugia\n|-damage|p1a: Lugia|172/275\n|\n|upkeep\n|turn|20\n|inactive|Time left: 300 sec this turn | 300 sec total\n|\n|t:|1783551477\n|move|p1a: Lugia|Aeroblast|p2a: Gardevoir\n|-damage|p2a: Gardevoir|26/100\n|move|p2a: Gardevoir|Moonblast|p1a: Lugia\n|-damage|p1a: Lugia|106/275\n|-unboost|p1a: Lugia|spa|1\n|\n|upkeep\n|turn|21\n|inactive|Time left: 300 sec this turn | 300 sec total\n|\n|t:|1783551478\n|move|p1a: Lugia|Aeroblast|p2a: Gardevoir\n|-damage|p2a: Gardevoir|0 fnt\n|faint|p2a: Gardevoir\n|\n|upkeep\n|\n|t:|1783551479\n|switch|p2a: Miraidon|Miraidon, L65|27/100\n|-fieldstart|move: Electric Terrain|[from] ability: Hadron Engine|[of] p2a: Miraidon\n|turn|22\n|inactive|Time left: 300 sec this turn | 300 sec total\n|\n|t:|1783551480\n|-terastallize|p1a: Lugia|Ground\n|move|p2a: Miraidon|Electro Drift|p1a: Lugia\n|-immune|p1a: Lugia\n|move|p1a: Lugia|Recover|p1a: Lugia\n|-heal|p1a: Lugia|244/275\n|\n|upkeep\n|turn|23\n|inactive|Time left: 300 sec this turn | 300 sec total\n|\n|t:|1783551481\n|switch|p2a: Latias|Latias, L79, F|58/100\n|move|p1a: Lugia|Aeroblast|p2a: Latias\n|-damage|p2a: Latias|23/100\n|\n|upkeep\n|turn|24\n|inactive|Time left: 300 sec this turn | 300 sec total\n|\n|t:|1783551482\n|move|p2a: Latias|Recover|p2a: Latias\n|-heal|p2a: Latias|73/100\n|move|p1a: Lugia|Aeroblast|p2a: Latias\n|-damage|p2a: Latias|38/100\n|\n|upkeep\n|turn|25\n|inactive|Time left: 300 sec this turn | 300 sec total\n|\n|t:|1783551484\n|move|p2a: Latias|Calm Mind|p2a: Latias\n|-boost|p2a: Latias|spa|1\n|-boost|p2a: Latias|spd|1\n|move|p1a: Lugia|Calm Mind|p1a: Lugia\n|-boost|p1a: Lugia|spa|1\n|-boost|p1a: Lugia|spd|1\n|\n|upkeep\n|turn|26\n|inactive|Time left: 300 sec this turn | 300 sec total\n|\n|t:|1783551485\n|move|p2a: Latias|Psyshock|p1a: Lugia\n|-damage|p1a: Lugia|123/275\n|move|p1a: Lugia|Aeroblast|p2a: Latias|[miss]\n|-miss|p1a: Lugia|p2a: Latias\n|\n|-fieldend|move: Electric Terrain\n|upkeep\n|turn|27\n|inactive|Time left: 300 sec this turn | 300 sec total\n|\n|t:|1783551486\n|move|p2a: Latias|Psyshock|p1a: Lugia\n|-damage|p1a: Lugia|3/275\n|move|p1a: Lugia|Recover|p1a: Lugia\n|-heal|p1a: Lugia|141/275\n|\n|upkeep\n|turn|28\n|inactive|Time left: 300 sec this turn | 300 sec total\n|\n|t:|1783551487\n|move|p2a: Latias|Psyshock|p1a: Lugia\n|-damage|p1a: Lugia|6/275\n|move|p1a: Lugia|Recover|p1a: Lugia\n|-heal|p1a: Lugia|144/275\n|\n|upkeep\n|turn|29\n|inactive|Time left: 300 sec this turn | 300 sec total\n|\n|t:|1783551488\n|move|p2a: Latias|Psyshock|p1a: Lugia\n|-damage|p1a: Lugia|24/275\n|move|p1a: Lugia|Recover|p1a: Lugia\n|-heal|p1a: Lugia|162/275\n|\n|upkeep\n|turn|30\n|inactive|Time left: 300 sec this turn | 300 sec total\n|\n|t:|1783551489\n|move|p2a: Latias|Psyshock|p1a: Lugia\n|-damage|p1a: Lugia|36/275\n|move|p1a: Lugia|Recover|p1a: Lugia\n|-heal|p1a: Lugia|174/275\n|\n|upkeep\n|turn|31\n|inactive|Time left: 300 sec this turn | 300 sec total\n|\n|t:|1783551490\n|move|p2a: Latias|Psyshock|p1a: Lugia\n|-damage|p1a: Lugia|53/275\n|move|p1a: Lugia|Aeroblast|p2a: Latias\n|-crit|p2a: Latias\n|-damage|p2a: Latias|0 fnt\n|faint|p2a: Latias\n|\n|upkeep\n|\n|t:|1783551491\n|switch|p2a: Leafeon|Leafeon, L88, M|77/100\n|turn|32\n|inactive|Time left: 300 sec this turn | 300 sec total\n|\n|t:|1783551492\n|move|p2a: Leafeon|Leaf Blade|p1a: Lugia\n|-supereffective|p1a: Lugia\n|-damage|p1a: Lugia|0 fnt\n|faint|p1a: Lugia\n|-damage|p2a: Leafeon|67/100|[from] item: Life Orb\n|\n|upkeep\n|inactive|Time left: 300 sec this turn | 300 sec total | 5 sec grace\n|\n|t:|1783551493\n|switch|p1a: Kleavor|Kleavor, L78, M|237/237\n|turn|33\n|inactive|Time left: 300 sec this turn | 300 sec total\n|\n|t:|1783551494\n|move|p1a: Kleavor|X-Scissor|p2a: Leafeon\n|-supereffective|p2a: Leafeon\n|-damage|p2a: Leafeon|0 fnt\n|faint|p2a: Leafeon\n|\n|upkeep\n|\n|t:|1783551495\n|switch|p2a: Ribombee|Ribombee, L83, F|100/100\n|turn|34\n|inactive|Time left: 300 sec this turn | 300 sec total\n|\n|t:|1783551496\n|switch|p1a: Scizor|Scizor, L79, F|240/240\n|move|p2a: Ribombee|Quiver Dance|p2a: Ribombee\n|-boost|p2a: Ribombee|spa|1\n|-boost|p2a: Ribombee|spd|1\n|-boost|p2a: Ribombee|spe|1\n|\n|upkeep\n|turn|35\n|inactive|Time left: 300 sec this turn | 300 sec total\n|\n|t:|1783551497\n|-terastallize|p2a: Ribombee|Ground\n|move|p1a: Scizor|Bullet Punch|p2a: Ribombee\n|-damage|p2a: Ribombee|47/100\n|-damage|p1a: Scizor|216/240|[from] item: Life Orb\n|move|p2a: Ribombee|Tera Blast|p1a: Scizor|[anim] Tera Blast Ground\n|-damage|p1a: Scizor|72/240\n|\n|upkeep\n|turn|36\n|inactive|Time left: 300 sec this turn | 300 sec total\n|\n|t:|1783551498\n|switch|p2a: Miraidon|Miraidon, L65|27/100\n|-fieldstart|move: Electric Terrain|[from] ability: Hadron Engine|[of] p2a: Miraidon\n|move|p1a: Scizor|Bullet Punch|p2a: Miraidon\n|-resisted|p2a: Miraidon\n|-damage|p2a: Miraidon|4/100\n|-damage|p1a: Scizor|48/240|[from] item: Life Orb\n|\n|upkeep\n|turn|37\n|inactive|Time left: 300 sec this turn | 300 sec total\n|\n|t:|1783551499\n|move|p2a: Miraidon|Draco Meteor|p1a: Scizor\n|-resisted|p1a: Scizor\n|-damage|p1a: Scizor|0 fnt\n|-unboost|p2a: Miraidon|spa|2\n|faint|p1a: Scizor\n|-damage|p2a: Miraidon|0 fnt|[from] item: Life Orb\n|faint|p2a: Miraidon\n|\n|upkeep\n|inactive|Time left: 300 sec this turn | 300 sec total | 5 sec grace\n|\n|t:|1783551500\n|switch|p2a: Ribombee|Ribombee, L83, F, tera:Ground|47/100\n|switch|p1a: Kleavor|Kleavor, L78, M|237/237\n|turn|38\n|inactive|Time left: 300 sec this turn | 300 sec total\n|\n|t:|1783551501\n|move|p1a: Kleavor|Close Combat|p2a: Ribombee\n|-damage|p2a: Ribombee|0 fnt\n|-unboost|p1a: Kleavor|def|1\n|-unboost|p1a: Kleavor|spd|1\n|faint|p2a: Ribombee\n|\n|win|p0x105837f8", "uploadtime": 1783551501, "views": 0, "rating": 0, "private": 0, "password": null, "_winner": "p0x105837f8", "_our_name": "p0x105837f8"}