{"id": "battle-gen9randombattle-87", "formatid": "gen9randombattle", "format": "[Gen 9] Random Battle", "players": ["p0x0871c9f", "p0y087dc14"], "log": "|init|battle\n|title|p0x0871c9f vs. p0y087dc14\n|j|\u2606p0x0871c9f\n|j|\u2606p0y087dc14\n|t:|1783540485\n|gametype|singles\n|player|p1|p0x0871c9f|266|\n|player|p2|p0y087dc14|2|\n|gen|9\n|tier|[Gen 9] Random Battle\n|rule|Species Clause: Limit one of each Pok\u00e9mon\n|rule|HP Percentage Mod: HP is shown in percentages\n|rule|Sleep Clause Mod: Limit one foe put to sleep\n|rule|Illusion Level Mod: Illusion disguises the Pok\u00e9mon's true level\n|\n|t:|1783540485\n|teamsize|p1|6\n|teamsize|p2|6\n|start\n|switch|p1a: Krookodile|Krookodile, L79, F|100/100\n|switch|p2a: Amoonguss|Amoonguss, L82, F|321/321\n|-ability|p1a: Krookodile|Intimidate|boost\n|-unboost|p2a: Amoonguss|atk|1\n|turn|1\n|inactive|Battle timer is ON: inactive players will automatically lose when time's up. (requested by p0x0871c9f)\n|inactive|Time left: 300 sec this turn | 300 sec total | 60 sec grace\n|inactive|p0y087dc14 also wants the timer to be on.\n|\n|t:|1783540487\n|move|p1a: Krookodile|Earthquake|p2a: Amoonguss\n|-damage|p2a: Amoonguss|189/321\n|move|p2a: Amoonguss|Spore|p1a: Krookodile\n|-status|p1a: Krookodile|slp|[from] move: Spore\n|\n|upkeep\n|turn|2\n|inactive|Time left: 300 sec this turn | 300 sec total\n|\n|t:|1783540488\n|switch|p1a: Araquanid|Araquanid, L82, M|100/100\n|switch|p2a: Landorus|Landorus-Therian, L76, M|260/260\n|-ability|p2a: Landorus|Intimidate|boost\n|-unboost|p1a: Araquanid|atk|1\n|\n|upkeep\n|turn|3\n|inactive|Time left: 300 sec this turn | 300 sec total\n|\n|t:|1783540489\n|move|p2a: Landorus|Taunt|p1a: Araquanid\n|-start|p1a: Araquanid|move: Taunt\n|cant|p1a: Araquanid|move: Taunt|Sticky Web\n|\n|upkeep\n|turn|4\n|inactive|Time left: 300 sec this turn | 300 sec total\n|\n|t:|1783540490\n|move|p2a: Landorus|U-turn|p1a: Araquanid\n|-damage|p1a: Araquanid|79/100\n|inactive|Time left: 300 sec this turn | 300 sec total | 5 sec grace\n|\n|t:|1783540491\n|switch|p2a: Amoonguss|Amoonguss, L82, F|296/321|[from] U-turn\n|move|p1a: Araquanid|Hydro Pump|p2a: Amoonguss\n|-resisted|p2a: Amoonguss\n|-damage|p2a: Amoonguss|222/321\n|\n|upkeep\n|turn|5\n|inactive|Time left: 300 sec this turn | 300 sec total\n|\n|t:|1783540493\n|switch|p1a: Iron Moth|Iron Moth, L78|100/100\n|move|p2a: Amoonguss|Giga Drain|p1a: Iron Moth\n|-resisted|p1a: Iron Moth\n|-damage|p1a: Iron Moth|94/100\n|-heal|p2a: Amoonguss|230/321|[from] drain|[of] p1a: Iron Moth\n|\n|upkeep\n|turn|6\n|inactive|Time left: 300 sec this turn | 300 sec total\n|\n|t:|1783540494\n|switch|p2a: Polteageist|Polteageist, L78|222/222\n|move|p1a: Iron Moth|Fire Blast|p2a: Polteageist\n|-damage|p2a: Polteageist|111/222\n|\n|upkeep\n|turn|7\n|inactive|Time left: 300 sec this turn | 300 sec total\n|\n|t:|1783540495\n|move|p1a: Iron Moth|Fire Blast|p2a: Polteageist\n|-damage|p2a: Polteageist|0 fnt\n|-start|p1a: Iron Moth|Disable|Fire Blast|[from] ability: Cursed Body|[of] p2a: Polteageist\n|faint|p2a: Polteageist\n|\n|upkeep\n|inactive|Time left: 300 sec this turn | 300 sec total | 5 sec grace\n|\n|t:|1783540496\n|switch|p2a: Mudsdale|Mudsdale, L83, F|302/302\n|turn|8\n|inactive|Time left: 300 sec this turn | 300 sec total\n|\n|t:|1783540497\n|-end|p1a: Iron Moth|Quark Drive|[silent]\n|switch|p1a: Araquanid|Araquanid, L82, M|79/100\n|move|p2a: Mudsdale|Earthquake|p1a: Araquanid\n|-resisted|p1a: Araquanid\n|-damage|p1a: Araquanid|53/100\n|\n|upkeep\n|turn|9\n|inactive|Time left: 300 sec this turn | 300 sec total\n|\n|t:|1783540498\n|move|p1a: Araquanid|Sticky Web|p2a: Mudsdale\n|-sidestart|p2: p0y087dc14|move: Sticky Web\n|move|p2a: Mudsdale|Stone Edge|p1a: Araquanid\n|-supereffective|p1a: Araquanid\n|-damage|p1a: Araquanid|0 fnt\n|faint|p1a: Araquanid\n|\n|upkeep\n|\n|t:|1783540499\n|switch|p1a: Baxcalibur|Baxcalibur, L75, M|100/100\n|turn|10\n|inactive|Time left: 300 sec this turn | 300 sec total\n|\n|t:|1783540500\n|move|p1a: Baxcalibur|Icicle Crash|p2a: Mudsdale\n|-supereffective|p2a: Mudsdale\n|-damage|p2a: Mudsdale|42/302\n|-ability|p2a: Mudsdale|Stamina|boost\n|-boost|p2a: Mudsdale|def|1\n|move|p2a: Mudsdale|Earthquake|p1a: Baxcalibur\n|-damage|p1a: Baxcalibur|50/100\n|\n|-heal|p2a: Mudsdale|60/302|[from] item: Leftovers\n|upkeep\n|turn|11\n|inactive|Time left: 300 sec this turn | 300 sec total\n|\n|t:|1783540501\n|-terastallize|p2a: Mudsdale|Steel\n|move|p1a: Baxcalibur|Icicle Crash|p2a: Mudsdale|[miss]\n|-miss|p1a: Baxcalibur|p2a: Mudsdale\n|move|p2a: Mudsdale|Heavy Slam|p1a: Baxcalibur\n|-supereffective|p1a: Baxcalibur\n|-damage|p1a: Baxcalibur|0 fnt\n|faint|p1a: Baxcalibur\n|\n|-heal|p2a: Mudsdale|78/302|[from] item: Leftovers\n|upkeep\n|\n|t:|1783540502\n|switch|p1a: Iron Moth|Iron Moth, L78|94/100\n|turn|12\n|inactive|Time left: 300 sec this turn | 300 sec total\n|\n|t:|1783540502\n|move|p1a: Iron Moth|Fire Blast|p2a: Mudsdale\n|-supereffective|p2a: Mudsdale\n|-damage|p2a: Mudsdale|0 fnt\n|faint|p2a: Mudsdale\n|\n|upkeep\n|inactive|Time left: 300 sec this turn | 300 sec total | 5 sec grace\n|\n|t:|1783540503\n|switch|p2a: Landorus|Landorus-Therian, L76, M|260/260\n|-ability|p2a: Landorus|Intimidate|boost\n|-unboost|p1a: Iron Moth|atk|1\n|turn|13\n|inactive|Time left: 300 sec this turn | 300 sec total\n|\n|t:|1783540504\n|-end|p1a: Iron Moth|Quark Drive|[silent]\n|switch|p1a: Weezing|Weezing-Galar, L86, F|100/100\n|move|p2a: Landorus|Earthquake|p1a: Weezing\n|-immune|p1a: Weezing|[from] ability: Levitate\n|\n|upkeep\n|turn|14\n|inactive|Time left: 300 sec this turn | 300 sec total\n|\n|t:|1783540505\n|switch|p2a: Zacian|Zacian-Crowned, L64|225/225\n|-activate|p2a: Zacian|move: Sticky Web\n|-unboost|p2a: Zacian|spe|1\n|-ability|p2a: Zacian|Intrepid Sword|boost\n|-boost|p2a: Zacian|atk|1\n|move|p1a: Weezing|Strange Steam|p2a: Zacian\n|-resisted|p2a: Zacian\n|-damage|p2a: Zacian|179/225\n|\n|upkeep\n|turn|15\n|inactive|Time left: 300 sec this turn | 300 sec total\n|\n|t:|1783540506\n|move|p1a: Weezing|Fire Blast|p2a: Zacian\n|-supereffective|p2a: Zacian\n|-damage|p2a: Zacian|21/225\n|move|p2a: Zacian|Behemoth Blade|p1a: Weezing\n|-supereffective|p1a: Weezing\n|-damage|p1a: Weezing|12/100\n|\n|-heal|p1a: Weezing|18/100|[from] item: Leftovers\n|upkeep\n|turn|16\n|inactive|Time left: 300 sec this turn | 300 sec total\n|\n|t:|1783540507\n|move|p1a: Weezing|Strange Steam|p2a: Zacian\n|-resisted|p2a: Zacian\n|-damage|p2a: Zacian|0 fnt\n|faint|p2a: Zacian\n|\n|-heal|p1a: Weezing|24/100|[from] item: Leftovers\n|upkeep\n|inactive|Time left: 300 sec this turn | 300 sec total | 5 sec grace\n|\n|t:|1783540507\n|switch|p2a: Landorus|Landorus-Therian, L76, M|260/260\n|-ability|p2a: Landorus|Intimidate|boost\n|-unboost|p1a: Weezing|atk|1\n|turn|17\n|inactive|Time left: 300 sec this turn | 300 sec total\n|\n|t:|1783540508\n|move|p2a: Landorus|Stone Edge|p1a: Weezing\n|-damage|p1a: Weezing|0 fnt\n|faint|p1a: Weezing\n|\n|upkeep\n|\n|t:|1783540509\n|switch|p1a: Tinkaton|Tinkaton, L82, F|100/100\n|-ability|p1a: Tinkaton|Mold Breaker\n|turn|18\n|inactive|Time left: 300 sec this turn | 300 sec total\n|\n|t:|1783540510\n|move|p1a: Tinkaton|Encore|p2a: Landorus\n|-start|p2a: Landorus|Encore\n|move|p2a: Landorus|Stone Edge|p1a: Tinkaton\n|-resisted|p1a: Tinkaton\n|-damage|p1a: Tinkaton|85/100\n|\n|-heal|p1a: Tinkaton|91/100|[from] item: Leftovers\n|upkeep\n|turn|19\n|inactive|Time left: 300 sec this turn | 300 sec total\n|\n|t:|1783540511\n|switch|p2a: Amoonguss|Amoonguss, L82, F|321/321\n|-activate|p2a: Amoonguss|move: Sticky Web\n|-unboost|p2a: Amoonguss|spe|1\n|move|p1a: Tinkaton|Gigaton Hammer|p2a: Amoonguss\n|-damage|p2a: Amoonguss|152/321\n|\n|-heal|p1a: Tinkaton|97/100|[from] item: Leftovers\n|upkeep\n|turn|20\n|inactive|Time left: 300 sec this turn | 300 sec total\n|\n|t:|1783540512\n|switch|p2a: Landorus|Landorus-Therian, L76, M|260/260\n|-ability|p2a: Landorus|Intimidate|boost\n|-unboost|p1a: Tinkaton|atk|1\n|move|p1a: Tinkaton|Play Rough|p2a: Landorus\n|-damage|p2a: Landorus|209/260\n|\n|-heal|p1a: Tinkaton|100/100|[from] item: Leftovers\n|-heal|p2a: Landorus|225/260|[from] item: Leftovers\n|upkeep\n|turn|21\n|inactive|Time left: 300 sec this turn | 300 sec total\n|\n|t:|1783540513\n|switch|p1a: Krookodile|Krookodile, L79, F|100/100 slp\n|-ability|p1a: Krookodile|Intimidate|boost\n|-unboost|p2a: Landorus|atk|1\n|move|p2a: Landorus|Earthquake|p1a: Krookodile\n|-damage|p1a: Krookodile|69/100 slp\n|\n|-heal|p2a: Landorus|241/260|[from] item: Leftovers\n|upkeep\n|turn|22\n|inactive|Time left: 300 sec this turn | 300 sec total\n|\n|t:|1783540515\n|cant|p1a: Krookodile|slp\n|move|p2a: Landorus|Earthquake|p1a: Krookodile\n|-damage|p1a: Krookodile|36/100 slp\n|\n|-heal|p2a: Landorus|257/260|[from] item: Leftovers\n|upkeep\n|turn|23\n|inactive|Time left: 300 sec this turn | 300 sec total\n|\n|t:|1783540516\n|cant|p1a: Krookodile|slp\n|move|p2a: Landorus|Earthquake|p1a: Krookodile\n|-damage|p1a: Krookodile|5/100 slp\n|\n|-heal|p2a: Landorus|260/260|[from] item: Leftovers\n|upkeep\n|turn|24\n|inactive|Time left: 300 sec this turn | 300 sec total\n|\n|t:|1783540517\n|cant|p1a: Krookodile|slp\n|move|p2a: Landorus|Earthquake|p1a: Krookodile\n|-damage|p1a: Krookodile|0 fnt\n|faint|p1a: Krookodile\n|\n|upkeep\n|\n|t:|1783540518\n|switch|p1a: Iron Moth|Iron Moth, L78|94/100\n|turn|25\n|inactive|Time left: 300 sec this turn | 300 sec total\n|\n|t:|1783540519\n|-terastallize|p1a: Iron Moth|Grass\n|move|p1a: Iron Moth|Fire Blast|p2a: Landorus\n|-damage|p2a: Landorus|91/260\n|-status|p2a: Landorus|brn\n|move|p2a: Landorus|Earthquake|p1a: Iron Moth\n|-resisted|p1a: Iron Moth\n|-damage|p1a: Iron Moth|82/100\n|\n|-heal|p2a: Landorus|107/260 brn|[from] item: Leftovers\n|-damage|p2a: Landorus|91/260 brn|[from] brn\n|upkeep\n|turn|26\n|inactive|Time left: 300 sec this turn | 300 sec total\n|\n|t:|1783540520\n|move|p1a: Iron Moth|Fire Blast|p2a: Landorus\n|-damage|p2a: Landorus|0 fnt\n|faint|p2a: Landorus\n|\n|upkeep\n|inactive|Time left: 300 sec this turn | 300 sec total | 5 sec grace\n|\n|t:|1783540521\n|switch|p2a: Urshifu|Urshifu, L74, F|270/270\n|-activate|p2a: Urshifu|move: Sticky Web\n|-unboost|p2a: Urshifu|spe|1\n|turn|27\n|inactive|Time left: 300 sec this turn | 300 sec total\n|\n|t:|1783540522\n|-end|p1a: Iron Moth|Quark Drive|[silent]\n|switch|p1a: Tinkaton|Tinkaton, L82, F|100/100\n|-ability|p1a: Tinkaton|Mold Breaker\n|move|p2a: Urshifu|Close Combat|p1a: Tinkaton\n|-damage|p1a: Tinkaton|28/100\n|-unboost|p2a: Urshifu|def|1\n|-unboost|p2a: Urshifu|spd|1\n|-damage|p2a: Urshifu|243/270|[from] item: Life Orb\n|\n|-heal|p1a: Tinkaton|34/100|[from] item: Leftovers\n|upkeep\n|turn|28\n|inactive|Time left: 300 sec this turn | 300 sec total\n|\n|t:|1783540524\n|switch|p2a: Amoonguss|Amoonguss, L82, F|259/321\n|-activate|p2a: Amoonguss|move: Sticky Web\n|-unboost|p2a: Amoonguss|spe|1\n|move|p1a: Tinkaton|Gigaton Hammer|p2a: Amoonguss\n|-damage|p2a: Amoonguss|106/321\n|\n|-heal|p1a: Tinkaton|40/100|[from] item: Leftovers\n|upkeep\n|turn|29\n|inactive|Time left: 300 sec this turn | 300 sec total\n|\n|t:|1783540525\n|switch|p1a: Iron Moth|Iron Moth, L78, tera:Grass|82/100\n|move|p2a: Amoonguss|Sludge Bomb|p1a: Iron Moth\n|-supereffective|p1a: Iron Moth\n|-damage|p1a: Iron Moth|25/100\n|\n|upkeep\n|turn|30\n|inactive|Time left: 300 sec this turn | 300 sec total\n|\n|t:|1783540526\n|switch|p2a: Urshifu|Urshifu, L74, F|243/270\n|-activate|p2a: Urshifu|move: Sticky Web\n|-unboost|p2a: Urshifu|spe|1\n|move|p1a: Iron Moth|Sludge Wave|p2a: Urshifu\n|-damage|p2a: Urshifu|59/270\n|\n|upkeep\n|turn|31\n|inactive|Time left: 300 sec this turn | 300 sec total\n|\n|t:|1783540527\n|move|p2a: Urshifu|Sucker Punch|p1a: Iron Moth\n|-damage|p1a: Iron Moth|0 fnt\n|faint|p1a: Iron Moth\n|-end|p1a: Iron Moth|Quark Drive|[silent]\n|-damage|p2a: Urshifu|32/270|[from] item: Life Orb\n|\n|upkeep\n|\n|t:|1783540528\n|switch|p1a: Tinkaton|Tinkaton, L82, F|40/100\n|-ability|p1a: Tinkaton|Mold Breaker\n|turn|32\n|inactive|Time left: 300 sec this turn | 300 sec total\n|\n|t:|1783540529\n|switch|p2a: Amoonguss|Amoonguss, L82, F|213/321\n|-activate|p2a: Amoonguss|move: Sticky Web\n|-unboost|p2a: Amoonguss|spe|1\n|move|p1a: Tinkaton|Encore||[still]\n|-fail|p1a: Tinkaton\n|\n|-heal|p1a: Tinkaton|46/100|[from] item: Leftovers\n|upkeep\n|turn|33\n|inactive|Time left: 300 sec this turn | 300 sec total\n|\n|t:|1783540530\n|move|p1a: Tinkaton|Gigaton Hammer|p2a: Amoonguss\n|-damage|p2a: Amoonguss|56/321\n|move|p2a: Amoonguss|Stomping Tantrum|p1a: Tinkaton\n|-supereffective|p1a: Tinkaton\n|-damage|p1a: Tinkaton|10/100\n|\n|-heal|p1a: Tinkaton|16/100|[from] item: Leftovers\n|upkeep\n|turn|34\n|inactive|Time left: 300 sec this turn | 300 sec total\n|\n|t:|1783540531\n|move|p1a: Tinkaton|Play Rough|p2a: Amoonguss\n|-resisted|p2a: Amoonguss\n|-damage|p2a: Amoonguss|13/321\n|-damage|p1a: Tinkaton|0 fnt|[from] item: Rocky Helmet|[of] p2a: Amoonguss\n|faint|p1a: Tinkaton\n|\n|win|p0y087dc14", "uploadtime": 1783540531, "views": 0, "rating": 0, "private": 0, "password": null, "_winner": "p0y087dc14", "_our_name": "p0y087dc14"}