{"id": "battle-gen9randombattle-89", "formatid": "gen9randombattle", "format": "[Gen 9] Random Battle", "players": ["p0x089c02d", "p0y0896262"], "log": "|init|battle\n|title|p0x089c02d vs. p0y0896262\n|j|\u2606p0x089c02d\n|j|\u2606p0y0896262\n|t:|1783540508\n|gametype|singles\n|player|p1|p0x089c02d|101|\n|player|p2|p0y0896262|265|\n|gen|9\n|tier|[Gen 9] Random Battle\n|rule|Species Clause: Limit one of each Pok\u00e9mon\n|rule|HP Percentage Mod: HP is shown in percentages\n|rule|Sleep Clause Mod: Limit one foe put to sleep\n|rule|Illusion Level Mod: Illusion disguises the Pok\u00e9mon's true level\n|\n|t:|1783540508\n|teamsize|p1|6\n|teamsize|p2|6\n|start\n|switch|p1a: Registeel|Registeel, L81|100/100\n|switch|p2a: Mightyena|Mightyena, L96, F|290/290\n|-ability|p2a: Mightyena|Intimidate|boost\n|-fail|p1a: Registeel|unboost|[from] ability: Clear Body|[of] p1a: Registeel\n|turn|1\n|inactive|Battle timer is ON: inactive players will automatically lose when time's up. (requested by p0y0896262)\n|inactive|p0x089c02d also wants the timer to be on.\n|\n|t:|1783540509\n|move|p2a: Mightyena|Crunch|p1a: Registeel\n|-damage|p1a: Registeel|75/100\n|move|p1a: Registeel|Stealth Rock|p2a: Mightyena\n|-sidestart|p2: p0y0896262|move: Stealth Rock\n|\n|-heal|p1a: Registeel|81/100|[from] item: Leftovers\n|upkeep\n|turn|2\n|inactive|Time left: 300 sec this turn | 300 sec total\n|\n|t:|1783540511\n|switch|p2a: Spidops|Spidops, L96, M|271/271\n|move|p1a: Registeel|Body Press|p2a: Spidops\n|-resisted|p2a: Spidops\n|-damage|p2a: Spidops|237/271\n|\n|-heal|p1a: Registeel|87/100|[from] item: Leftovers\n|upkeep\n|turn|3\n|inactive|Time left: 300 sec this turn | 300 sec total\n|\n|t:|1783540512\n|move|p1a: Registeel|Iron Head|p2a: Spidops\n|-damage|p2a: Spidops|177/271\n|move|p2a: Spidops|Sticky Web|p1a: Registeel\n|-sidestart|p1: p0x089c02d|move: Sticky Web\n|\n|-heal|p1a: Registeel|93/100|[from] item: Leftovers\n|upkeep\n|turn|4\n|inactive|Time left: 300 sec this turn | 300 sec total\n|\n|t:|1783540513\n|move|p1a: Registeel|Iron Head|p2a: Spidops\n|-damage|p2a: Spidops|119/271\n|move|p2a: Spidops|Spikes|p1a: Registeel\n|-sidestart|p1: p0x089c02d|Spikes\n|\n|-heal|p1a: Registeel|99/100|[from] item: Leftovers\n|upkeep\n|turn|5\n|inactive|Time left: 300 sec this turn | 300 sec total\n|\n|t:|1783540514\n|move|p1a: Registeel|Iron Head|p2a: Spidops\n|-damage|p2a: Spidops|59/271\n|move|p2a: Spidops|Spikes|p1a: Registeel\n|-sidestart|p1: p0x089c02d|Spikes\n|\n|-heal|p1a: Registeel|100/100|[from] item: Leftovers\n|upkeep\n|turn|6\n|inactive|Time left: 300 sec this turn | 300 sec total\n|\n|t:|1783540515\n|move|p1a: Registeel|Iron Head|p2a: Spidops\n|-damage|p2a: Spidops|5/271\n|move|p2a: Spidops|Knock Off|p1a: Registeel\n|-damage|p1a: Registeel|80/100\n|-enditem|p1a: Registeel|Leftovers|[from] move: Knock Off|[of] p2a: Spidops\n|\n|upkeep\n|turn|7\n|inactive|Time left: 300 sec this turn | 300 sec total\n|\n|t:|1783540516\n|switch|p2a: Ting-Lu|Ting-Lu, L78|370/370\n|-damage|p2a: Ting-Lu|347/370|[from] Stealth Rock\n|-ability|p2a: Ting-Lu|Vessel of Ruin\n|move|p1a: Registeel|Body Press|p2a: Ting-Lu\n|-supereffective|p2a: Ting-Lu\n|-damage|p2a: Ting-Lu|217/370\n|\n|-heal|p2a: Ting-Lu|240/370|[from] item: Leftovers\n|upkeep\n|turn|8\n|inactive|Time left: 300 sec this turn | 300 sec total\n|\n|t:|1783540518\n|move|p1a: Registeel|Body Press|p2a: Ting-Lu\n|-supereffective|p2a: Ting-Lu\n|-damage|p2a: Ting-Lu|124/370\n|move|p2a: Ting-Lu|Stealth Rock|p1a: Registeel\n|-sidestart|p1: p0x089c02d|move: Stealth Rock\n|\n|-heal|p2a: Ting-Lu|147/370|[from] item: Leftovers\n|upkeep\n|turn|9\n|inactive|Time left: 300 sec this turn | 300 sec total\n|\n|t:|1783540519\n|move|p1a: Registeel|Body Press|p2a: Ting-Lu\n|-supereffective|p2a: Ting-Lu\n|-crit|p2a: Ting-Lu\n|-damage|p2a: Ting-Lu|0 fnt\n|faint|p2a: Ting-Lu\n|\n|upkeep\n|inactive|Time left: 300 sec this turn | 300 sec total | 5 sec grace\n|\n|t:|1783540520\n|switch|p2a: Solgaleo|Solgaleo, L74|325/325\n|-damage|p2a: Solgaleo|305/325|[from] Stealth Rock\n|turn|10\n|inactive|Time left: 300 sec this turn | 300 sec total\n|\n|t:|1783540521\n|move|p2a: Solgaleo|Earthquake|p1a: Registeel\n|-supereffective|p1a: Registeel\n|-damage|p1a: Registeel|43/100\n|move|p1a: Registeel|Thunder Wave|p2a: Solgaleo\n|-status|p2a: Solgaleo|par\n|\n|upkeep\n|turn|11\n|inactive|Time left: 300 sec this turn | 300 sec total\n|\n|t:|1783540522\n|move|p1a: Registeel|Body Press|p2a: Solgaleo\n|-damage|p2a: Solgaleo|236/325 par\n|move|p2a: Solgaleo|Flame Charge|p1a: Registeel\n|-supereffective|p1a: Registeel\n|-damage|p1a: Registeel|25/100\n|-boost|p2a: Solgaleo|spe|1\n|\n|upkeep\n|turn|12\n|inactive|Time left: 300 sec this turn | 300 sec total\n|\n|t:|1783540523\n|cant|p2a: Solgaleo|par\n|move|p1a: Registeel|Body Press|p2a: Solgaleo\n|-damage|p2a: Solgaleo|164/325 par\n|\n|upkeep\n|turn|13\n|inactive|Time left: 300 sec this turn | 300 sec total\n|\n|t:|1783540524\n|cant|p2a: Solgaleo|par\n|move|p1a: Registeel|Body Press|p2a: Solgaleo\n|-damage|p2a: Solgaleo|93/325 par\n|\n|upkeep\n|turn|14\n|inactive|Time left: 300 sec this turn | 300 sec total\n|\n|t:|1783540525\n|move|p2a: Solgaleo|Earthquake|p1a: Registeel\n|-supereffective|p1a: Registeel\n|-damage|p1a: Registeel|0 fnt\n|faint|p1a: Registeel\n|\n|upkeep\n|\n|t:|1783540527\n|switch|p1a: Dipplin|Dipplin, L88, F|100/100\n|-activate|p1a: Dipplin|move: Sticky Web\n|-unboost|p1a: Dipplin|spe|1\n|-damage|p1a: Dipplin|84/100|[from] Spikes\n|-damage|p1a: Dipplin|72/100|[from] Stealth Rock\n|turn|15\n|inactive|Time left: 300 sec this turn | 300 sec total\n|\n|t:|1783540528\n|move|p2a: Solgaleo|Flame Charge|p1a: Dipplin\n|-damage|p1a: Dipplin|65/100\n|-boost|p2a: Solgaleo|spe|1\n|move|p1a: Dipplin|Giga Drain|p2a: Solgaleo\n|-resisted|p2a: Solgaleo\n|-damage|p2a: Solgaleo|48/325 par\n|-heal|p1a: Dipplin|73/100|[from] drain|[of] p2a: Solgaleo\n|\n|upkeep\n|turn|16\n|inactive|Time left: 300 sec this turn | 300 sec total\n|\n|t:|1783540529\n|move|p2a: Solgaleo|Sunsteel Strike|p1a: Dipplin\n|-damage|p1a: Dipplin|52/100\n|move|p1a: Dipplin|Dragon Pulse|p2a: Solgaleo\n|-resisted|p2a: Solgaleo\n|-damage|p2a: Solgaleo|0 fnt\n|faint|p2a: Solgaleo\n|\n|upkeep\n|inactive|Time left: 300 sec this turn | 300 sec total | 5 sec grace\n|\n|t:|1783540530\n|switch|p2a: Hitmontop|Hitmontop, L88, M|231/231\n|-damage|p2a: Hitmontop|217/231|[from] Stealth Rock\n|-ability|p2a: Hitmontop|Intimidate|boost\n|-unboost|p1a: Dipplin|atk|1\n|turn|17\n|inactive|Time left: 300 sec this turn | 300 sec total\n|\n|t:|1783540531\n|move|p2a: Hitmontop|Rapid Spin|p1a: Dipplin\n|-damage|p1a: Dipplin|46/100\n|-boost|p2a: Hitmontop|spe|1\n|-sideend|p2: p0y0896262|Stealth Rock|[from] move: Rapid Spin|[of] p2a: Hitmontop\n|move|p1a: Dipplin|Recover|p1a: Dipplin\n|-heal|p1a: Dipplin|96/100\n|\n|upkeep\n|turn|18\n|inactive|Time left: 300 sec this turn | 300 sec total\n|\n|t:|1783540532\n|move|p2a: Hitmontop|Rapid Spin|p1a: Dipplin\n|-damage|p1a: Dipplin|89/100\n|-boost|p2a: Hitmontop|spe|1\n|move|p1a: Dipplin|Dragon Pulse|p2a: Hitmontop\n|-damage|p2a: Hitmontop|162/231\n|\n|upkeep\n|turn|19\n|inactive|Time left: 300 sec this turn | 300 sec total\n|\n|t:|1783540533\n|move|p2a: Hitmontop|Stone Edge|p1a: Dipplin|[miss]\n|-miss|p2a: Hitmontop|p1a: Dipplin\n|move|p1a: Dipplin|Giga Drain|p2a: Hitmontop\n|-damage|p2a: Hitmontop|117/231\n|-heal|p1a: Dipplin|97/100|[from] drain|[of] p2a: Hitmontop\n|\n|upkeep\n|turn|20\n|inactive|Time left: 300 sec this turn | 300 sec total\n|\n|t:|1783540534\n|move|p2a: Hitmontop|Rapid Spin|p1a: Dipplin\n|-damage|p1a: Dipplin|89/100\n|-boost|p2a: Hitmontop|spe|1\n|move|p1a: Dipplin|Giga Drain|p2a: Hitmontop\n|-damage|p2a: Hitmontop|71/231\n|-heal|p1a: Dipplin|97/100|[from] drain|[of] p2a: Hitmontop\n|\n|upkeep\n|turn|21\n|inactive|Time left: 300 sec this turn | 300 sec total\n|\n|t:|1783540535\n|move|p2a: Hitmontop|Earthquake|p1a: Dipplin\n|-resisted|p1a: Dipplin\n|-damage|p1a: Dipplin|90/100\n|move|p1a: Dipplin|Giga Drain|p2a: Hitmontop\n|-damage|p2a: Hitmontop|28/231\n|-heal|p1a: Dipplin|98/100|[from] drain|[of] p2a: Hitmontop\n|\n|upkeep\n|turn|22\n|inactive|Time left: 300 sec this turn | 300 sec total\n|\n|t:|1783540536\n|move|p2a: Hitmontop|Close Combat|p1a: Dipplin\n|-damage|p1a: Dipplin|70/100\n|-unboost|p2a: Hitmontop|def|1\n|-unboost|p2a: Hitmontop|spd|1\n|move|p1a: Dipplin|Giga Drain|p2a: Hitmontop\n|-crit|p2a: Hitmontop\n|-damage|p2a: Hitmontop|0 fnt\n|-heal|p1a: Dipplin|74/100|[from] drain|[of] p2a: Hitmontop\n|faint|p2a: Hitmontop\n|\n|upkeep\n|inactive|Time left: 300 sec this turn | 300 sec total | 5 sec grace\n|\n|t:|1783540537\n|switch|p2a: Mightyena|Mightyena, L96, F|290/290\n|-ability|p2a: Mightyena|Intimidate|boost\n|-unboost|p1a: Dipplin|atk|1\n|turn|23\n|inactive|Time left: 300 sec this turn | 300 sec total\n|\n|t:|1783540538\n|move|p2a: Mightyena|Crunch|p1a: Dipplin\n|-damage|p1a: Dipplin|54/100\n|move|p1a: Dipplin|Giga Drain|p2a: Mightyena\n|-damage|p2a: Mightyena|199/290\n|-heal|p1a: Dipplin|71/100|[from] drain|[of] p2a: Mightyena\n|\n|-heal|p2a: Mightyena|217/290|[from] item: Leftovers\n|upkeep\n|turn|24\n|inactive|Time left: 300 sec this turn | 300 sec total\n|\n|t:|1783540539\n|move|p2a: Mightyena|Play Rough|p1a: Dipplin\n|-supereffective|p1a: Dipplin\n|-damage|p1a: Dipplin|40/100\n|move|p1a: Dipplin|Giga Drain|p2a: Mightyena\n|-damage|p2a: Mightyena|111/290\n|-heal|p1a: Dipplin|59/100|[from] drain|[of] p2a: Mightyena\n|\n|-heal|p2a: Mightyena|129/290|[from] item: Leftovers\n|upkeep\n|turn|25\n|inactive|Time left: 300 sec this turn | 300 sec total\n|\n|t:|1783540540\n|move|p2a: Mightyena|Play Rough|p1a: Dipplin\n|-supereffective|p1a: Dipplin\n|-damage|p1a: Dipplin|30/100\n|move|p1a: Dipplin|Giga Drain|p2a: Mightyena\n|-damage|p2a: Mightyena|26/290\n|-heal|p1a: Dipplin|48/100|[from] drain|[of] p2a: Mightyena\n|\n|-heal|p2a: Mightyena|44/290|[from] item: Leftovers\n|upkeep\n|turn|26\n|inactive|Time left: 300 sec this turn | 300 sec total\n|\n|t:|1783540540\n|move|p2a: Mightyena|Play Rough|p1a: Dipplin\n|-supereffective|p1a: Dipplin\n|-damage|p1a: Dipplin|21/100\n|move|p1a: Dipplin|Giga Drain|p2a: Mightyena\n|-damage|p2a: Mightyena|0 fnt\n|-heal|p1a: Dipplin|29/100|[from] drain|[of] p2a: Mightyena\n|faint|p2a: Mightyena\n|\n|upkeep\n|inactive|Time left: 300 sec this turn | 300 sec total | 5 sec grace\n|\n|t:|1783540541\n|switch|p2a: Deoxys|Deoxys-Speed, L82|216/216\n|-ability|p2a: Deoxys|Pressure\n|turn|27\n|inactive|Time left: 300 sec this turn | 300 sec total\n|\n|t:|1783540542\n|move|p2a: Deoxys|Nasty Plot|p2a: Deoxys\n|-boost|p2a: Deoxys|spa|2\n|move|p1a: Dipplin|Dragon Pulse|p2a: Deoxys\n|-damage|p2a: Deoxys|114/216\n|\n|upkeep\n|turn|28\n|inactive|Time left: 300 sec this turn | 300 sec total\n|\n|t:|1783540543\n|move|p2a: Deoxys|Dark Pulse|p1a: Dipplin\n|-damage|p1a: Dipplin|0 fnt\n|faint|p1a: Dipplin\n|-damage|p2a: Deoxys|93/216|[from] item: Life Orb\n|\n|upkeep\n|\n|t:|1783540544\n|switch|p1a: Mimikyu|Mimikyu, L79, M|100/100\n|-activate|p1a: Mimikyu|move: Sticky Web\n|-unboost|p1a: Mimikyu|spe|1\n|-damage|p1a: Mimikyu|84/100|[from] Spikes\n|-damage|p1a: Mimikyu|71/100|[from] Stealth Rock\n|turn|29\n|inactive|Time left: 300 sec this turn | 300 sec total\n|\n|t:|1783540545\n|switch|p2a: Spidops|Spidops, L96, M|5/271\n|move|p1a: Mimikyu|Play Rough|p2a: Spidops|[miss]\n|-miss|p1a: Mimikyu|p2a: Spidops\n|\n|upkeep\n|turn|30\n|inactive|Time left: 300 sec this turn | 300 sec total\n|\n|t:|1783540546\n|move|p1a: Mimikyu|Shadow Claw|p2a: Spidops\n|-damage|p2a: Spidops|0 fnt\n|faint|p2a: Spidops\n|-damage|p1a: Mimikyu|62/100|[from] item: Life Orb\n|\n|upkeep\n|inactive|Time left: 300 sec this turn | 300 sec total | 5 sec grace\n|\n|t:|1783540547\n|switch|p2a: Deoxys|Deoxys-Speed, L82|93/216\n|-ability|p2a: Deoxys|Pressure\n|turn|31\n|inactive|Time left: 300 sec this turn | 300 sec total\n|\n|t:|1783540548\n|-terastallize|p2a: Deoxys|Dark\n|-terastallize|p1a: Mimikyu|Ghost\n|move|p2a: Deoxys|Dark Pulse|p1a: Mimikyu\n|-activate|p1a: Mimikyu|ability: Disguise\n|-damage|p1a: Mimikyu|62/100\n|detailschange|p1a: Mimikyu|Mimikyu-Busted, L79, M, tera:Ghost\n|-damage|p1a: Mimikyu|49/100|[from] pokemon: Mimikyu-Busted\n|-damage|p2a: Deoxys|72/216|[from] item: Life Orb\n|move|p1a: Mimikyu|Shadow Claw|p2a: Deoxys\n|-resisted|p2a: Deoxys\n|-damage|p2a: Deoxys|19/216\n|-damage|p1a: Mimikyu|39/100|[from] item: Life Orb\n|\n|upkeep\n|turn|32\n|inactive|Time left: 300 sec this turn | 300 sec total\n|\n|t:|1783540549\n|move|p2a: Deoxys|Nasty Plot|p2a: Deoxys\n|-boost|p2a: Deoxys|spa|2\n|move|p1a: Mimikyu|Shadow Claw|p2a: Deoxys\n|-resisted|p2a: Deoxys\n|-damage|p2a: Deoxys|0 fnt\n|faint|p2a: Deoxys\n|-damage|p1a: Mimikyu|30/100|[from] item: Life Orb\n|\n|win|p0x089c02d", "uploadtime": 1783540549, "views": 0, "rating": 0, "private": 0, "password": null, "_winner": "p0x089c02d", "_our_name": "p0y0896262"}