{"id": "battle-gen9randombattle-1398", "formatid": "gen9randombattle", "format": "[Gen 9] Random Battle", "players": ["p0x13980ce4", "p0y1398da45"], "log": "|init|battle\n|title|p0x13980ce4 vs. p0y1398da45\n|j|\u2606p0x13980ce4\n|j|\u2606p0y1398da45\n|t:|1783555322\n|gametype|singles\n|player|p1|p0x13980ce4|1|\n|player|p2|p0y1398da45|2|\n|gen|9\n|tier|[Gen 9] Random Battle\n|rule|Species Clause: Limit one of each Pok\u00e9mon\n|rule|HP Percentage Mod: HP is shown in percentages\n|rule|Sleep Clause Mod: Limit one foe put to sleep\n|rule|Illusion Level Mod: Illusion disguises the Pok\u00e9mon's true level\n|\n|t:|1783555322\n|teamsize|p1|6\n|teamsize|p2|6\n|start\n|switch|p1a: Toxapex|Toxapex, L82, F|100/100\n|switch|p2a: Salazzle|Salazzle, L83, F|249/249\n|turn|1\n|inactive|Battle timer is ON: inactive players will automatically lose when time's up. (requested by p0x13980ce4)\n|inactive|Time left: 300 sec this turn | 300 sec total | 60 sec grace\n|inactive|p0y1398da45 also wants the timer to be on.\n|\n|t:|1783555324\n|move|p2a: Salazzle|Flamethrower|p1a: Toxapex\n|-resisted|p1a: Toxapex\n|-damage|p1a: Toxapex|84/100\n|move|p1a: Toxapex|Liquidation|p2a: Salazzle\n|-supereffective|p2a: Salazzle\n|-damage|p2a: Salazzle|97/249\n|\n|-heal|p2a: Salazzle|112/249|[from] item: Leftovers\n|-heal|p1a: Toxapex|90/100|[from] item: Leftovers\n|upkeep\n|turn|2\n|inactive|Time left: 300 sec this turn | 300 sec total\n|\n|t:|1783555325\n|switch|p1a: Minior|Minior-Orange, L79|100/100\n|-formechange|p1a: Minior|Minior-Meteor||[from] ability: Shields Down\n|move|p2a: Salazzle|Toxic|p1a: Minior\n|-immune|p1a: Minior|[from] ability: Shields Down\n|\n|-heal|p2a: Salazzle|127/249|[from] item: Leftovers\n|upkeep\n|turn|3\n|inactive|Time left: 300 sec this turn | 300 sec total\n|\n|t:|1783555326\n|switch|p2a: Cramorant|Cramorant, L86, F|261/261\n|move|p1a: Minior|Shell Smash|p1a: Minior\n|-unboost|p1a: Minior|def|1\n|-unboost|p1a: Minior|spd|1\n|-boost|p1a: Minior|atk|2\n|-boost|p1a: Minior|spa|2\n|-boost|p1a: Minior|spe|2\n|-enditem|p1a: Minior|White Herb\n|-clearnegativeboost|p1a: Minior|[silent]\n|\n|upkeep\n|turn|4\n|inactive|Time left: 300 sec this turn | 300 sec total\n|\n|t:|1783555327\n|-terastallize|p1a: Minior|Steel\n|move|p1a: Minior|Acrobatics|p2a: Cramorant\n|-damage|p2a: Cramorant|63/261\n|move|p2a: Cramorant|Surf|p1a: Minior\n|-formechange|p2a: Cramorant|Cramorant-Gorging|\n|-damage|p1a: Minior|62/100\n|\n|upkeep\n|turn|5\n|inactive|Time left: 300 sec this turn | 300 sec total\n|\n|t:|1783555328\n|move|p1a: Minior|Acrobatics|p2a: Cramorant\n|-damage|p2a: Cramorant|0 fnt\n|-damage|p1a: Minior|37/100|[from] ability: Gulp Missile|[of] p2a: Cramorant\n|-formechange|p2a: Cramorant|Cramorant|\n|faint|p2a: Cramorant\n|\n|-formechange|p1a: Minior|Minior-Orange||[from] ability: Shields Down\n|upkeep\n|inactive|Time left: 300 sec this turn | 300 sec total | 5 sec grace\n|\n|t:|1783555329\n|switch|p2a: Dunsparce|Dunsparce, L86, F|312/312\n|turn|6\n|inactive|Time left: 300 sec this turn | 300 sec total\n|\n|t:|1783555330\n|move|p1a: Minior|Acrobatics|p2a: Dunsparce\n|-damage|p2a: Dunsparce|162/312\n|move|p2a: Dunsparce|Earthquake|p1a: Minior\n|-supereffective|p1a: Minior\n|-damage|p1a: Minior|0 fnt\n|faint|p1a: Minior\n|\n|upkeep\n|\n|t:|1783555331\n|switch|p1a: Mismagius|Mismagius, L86, M|100/100\n|turn|7\n|inactive|Time left: 300 sec this turn | 300 sec total\n|\n|t:|1783555332\n|move|p1a: Mismagius|Nasty Plot|p1a: Mismagius\n|-boost|p1a: Mismagius|spa|2\n|move|p2a: Dunsparce|Roost|p2a: Dunsparce\n|-heal|p2a: Dunsparce|312/312\n|-singleturn|p2a: Dunsparce|move: Roost\n|\n|upkeep\n|turn|8\n|inactive|Time left: 300 sec this turn | 300 sec total\n|\n|t:|1783555332\n|move|p1a: Mismagius|Thunderbolt|p2a: Dunsparce\n|-crit|p2a: Dunsparce\n|-damage|p2a: Dunsparce|133/312\n|move|p2a: Dunsparce|Coil|p2a: Dunsparce\n|-boost|p2a: Dunsparce|atk|1\n|-boost|p2a: Dunsparce|def|1\n|-boost|p2a: Dunsparce|accuracy|1\n|\n|upkeep\n|turn|9\n|inactive|Time left: 300 sec this turn | 300 sec total\n|\n|t:|1783555333\n|move|p1a: Mismagius|Thunderbolt|p2a: Dunsparce\n|-damage|p2a: Dunsparce|17/312\n|move|p2a: Dunsparce|Roost|p2a: Dunsparce\n|-heal|p2a: Dunsparce|173/312\n|-singleturn|p2a: Dunsparce|move: Roost\n|\n|upkeep\n|turn|10\n|inactive|Time left: 300 sec this turn | 300 sec total\n|\n|t:|1783555334\n|move|p1a: Mismagius|Nasty Plot|p1a: Mismagius\n|-boost|p1a: Mismagius|spa|2\n|move|p2a: Dunsparce|Roost|p2a: Dunsparce\n|-heal|p2a: Dunsparce|312/312\n|-singleturn|p2a: Dunsparce|move: Roost\n|\n|upkeep\n|turn|11\n|inactive|Time left: 300 sec this turn | 300 sec total\n|\n|t:|1783555335\n|move|p1a: Mismagius|Thunderbolt|p2a: Dunsparce\n|-damage|p2a: Dunsparce|148/312\n|move|p2a: Dunsparce|Roost|p2a: Dunsparce\n|-heal|p2a: Dunsparce|304/312\n|-singleturn|p2a: Dunsparce|move: Roost\n|\n|upkeep\n|turn|12\n|inactive|Time left: 300 sec this turn | 300 sec total\n|\n|t:|1783555336\n|move|p1a: Mismagius|Thunderbolt|p2a: Dunsparce\n|-damage|p2a: Dunsparce|127/312\n|move|p2a: Dunsparce|Roost|p2a: Dunsparce\n|-heal|p2a: Dunsparce|283/312\n|-singleturn|p2a: Dunsparce|move: Roost\n|\n|upkeep\n|turn|13\n|inactive|Time left: 300 sec this turn | 300 sec total\n|\n|t:|1783555337\n|move|p1a: Mismagius|Thunderbolt|p2a: Dunsparce\n|-damage|p2a: Dunsparce|110/312\n|move|p2a: Dunsparce|Roost|p2a: Dunsparce\n|-heal|p2a: Dunsparce|266/312\n|-singleturn|p2a: Dunsparce|move: Roost\n|\n|upkeep\n|turn|14\n|inactive|Time left: 300 sec this turn | 300 sec total\n|\n|t:|1783555338\n|move|p1a: Mismagius|Thunderbolt|p2a: Dunsparce\n|-damage|p2a: Dunsparce|93/312\n|move|p2a: Dunsparce|Roost|p2a: Dunsparce\n|-heal|p2a: Dunsparce|249/312\n|-singleturn|p2a: Dunsparce|move: Roost\n|\n|upkeep\n|turn|15\n|inactive|Time left: 300 sec this turn | 300 sec total\n|\n|t:|1783555340\n|move|p1a: Mismagius|Thunderbolt|p2a: Dunsparce\n|-damage|p2a: Dunsparce|77/312\n|move|p2a: Dunsparce|Roost|p2a: Dunsparce\n|-heal|p2a: Dunsparce|233/312\n|-singleturn|p2a: Dunsparce|move: Roost\n|\n|upkeep\n|turn|16\n|inactive|Time left: 300 sec this turn | 300 sec total\n|\n|t:|1783555341\n|move|p1a: Mismagius|Thunderbolt|p2a: Dunsparce\n|-damage|p2a: Dunsparce|75/312\n|move|p2a: Dunsparce|Body Slam|p1a: Mismagius\n|-immune|p1a: Mismagius\n|\n|upkeep\n|turn|17\n|inactive|Time left: 300 sec this turn | 300 sec total\n|\n|t:|1783555343\n|move|p1a: Mismagius|Thunderbolt|p2a: Dunsparce\n|-damage|p2a: Dunsparce|0 fnt\n|faint|p2a: Dunsparce\n|\n|upkeep\n|inactive|Time left: 300 sec this turn | 300 sec total | 5 sec grace\n|\n|t:|1783555344\n|switch|p2a: Skuntank|Skuntank, L84, F|310/310\n|turn|18\n|inactive|Time left: 300 sec this turn | 300 sec total\n|\n|t:|1783555345\n|move|p1a: Mismagius|Substitute|p1a: Mismagius\n|-start|p1a: Mismagius|Substitute\n|-damage|p1a: Mismagius|76/100\n|move|p2a: Skuntank|Knock Off|p1a: Mismagius\n|-supereffective|p1a: Mismagius\n|-end|p1a: Mismagius|Substitute\n|-damage|p2a: Skuntank|279/310|[from] item: Life Orb\n|\n|-heal|p1a: Mismagius|82/100|[from] item: Leftovers\n|upkeep\n|turn|19\n|inactive|Time left: 300 sec this turn | 300 sec total\n|\n|t:|1783555345\n|move|p1a: Mismagius|Substitute|p1a: Mismagius\n|-start|p1a: Mismagius|Substitute\n|-damage|p1a: Mismagius|57/100\n|move|p2a: Skuntank|Knock Off|p1a: Mismagius\n|-supereffective|p1a: Mismagius\n|-end|p1a: Mismagius|Substitute\n|-damage|p2a: Skuntank|248/310|[from] item: Life Orb\n|\n|-heal|p1a: Mismagius|63/100|[from] item: Leftovers\n|upkeep\n|turn|20\n|inactive|Time left: 300 sec this turn | 300 sec total\n|\n|t:|1783555346\n|switch|p2a: Pyroar|Pyroar, L88, F|295/295\n|-ability|p2a: Pyroar|Unnerve\n|move|p1a: Mismagius|Thunderbolt|p2a: Pyroar\n|-damage|p2a: Pyroar|49/295\n|\n|-heal|p1a: Mismagius|70/100|[from] item: Leftovers\n|upkeep\n|turn|21\n|inactive|Time left: 300 sec this turn | 300 sec total\n|\n|t:|1783555347\n|move|p2a: Pyroar|Dark Pulse|p1a: Mismagius\n|-supereffective|p1a: Mismagius\n|-damage|p1a: Mismagius|22/100\n|move|p1a: Mismagius|Thunderbolt|p2a: Pyroar\n|-damage|p2a: Pyroar|0 fnt\n|faint|p2a: Pyroar\n|\n|-heal|p1a: Mismagius|28/100|[from] item: Leftovers\n|upkeep\n|inactive|Time left: 300 sec this turn | 300 sec total | 5 sec grace\n|\n|t:|1783555349\n|switch|p2a: Salazzle|Salazzle, L83, F|127/249\n|turn|22\n|inactive|Time left: 300 sec this turn | 300 sec total\n|\n|t:|1783555350\n|switch|p1a: Toxapex|Toxapex, L82, F|100/100\n|move|p2a: Salazzle|Flamethrower|p1a: Toxapex\n|-resisted|p1a: Toxapex\n|-damage|p1a: Toxapex|82/100\n|\n|-heal|p2a: Salazzle|142/249|[from] item: Leftovers\n|-heal|p1a: Toxapex|88/100|[from] item: Leftovers\n|upkeep\n|turn|23\n|inactive|Time left: 300 sec this turn | 300 sec total\n|\n|t:|1783555351\n|move|p2a: Salazzle|Protect|p2a: Salazzle\n|-singleturn|p2a: Salazzle|Protect\n|move|p1a: Toxapex|Liquidation|p2a: Salazzle\n|-activate|p2a: Salazzle|move: Protect\n|\n|-heal|p2a: Salazzle|157/249|[from] item: Leftovers\n|-heal|p1a: Toxapex|94/100|[from] item: Leftovers\n|upkeep\n|turn|24\n|inactive|Time left: 300 sec this turn | 300 sec total\n|\n|t:|1783555352\n|switch|p2a: Cresselia|Cresselia, L80, F|323/323\n|move|p1a: Toxapex|Liquidation|p2a: Cresselia\n|-damage|p2a: Cresselia|269/323\n|\n|-heal|p2a: Cresselia|289/323|[from] item: Leftovers\n|-heal|p1a: Toxapex|100/100|[from] item: Leftovers\n|upkeep\n|turn|25\n|inactive|Time left: 300 sec this turn | 300 sec total\n|\n|t:|1783555353\n|move|p2a: Cresselia|Calm Mind|p2a: Cresselia\n|-boost|p2a: Cresselia|spa|1\n|-boost|p2a: Cresselia|spd|1\n|move|p1a: Toxapex|Toxic|p2a: Cresselia\n|-status|p2a: Cresselia|tox\n|\n|-heal|p2a: Cresselia|309/323 tox|[from] item: Leftovers\n|-damage|p2a: Cresselia|289/323 tox|[from] psn\n|upkeep\n|turn|26\n|inactive|Time left: 300 sec this turn | 300 sec total\n|\n|t:|1783555354\n|move|p2a: Cresselia|Psyshock|p1a: Toxapex\n|-supereffective|p1a: Toxapex\n|-damage|p1a: Toxapex|38/100\n|move|p1a: Toxapex|Haze|p1a: Toxapex\n|-clearallboost\n|\n|-heal|p2a: Cresselia|309/323 tox|[from] item: Leftovers\n|-heal|p1a: Toxapex|44/100|[from] item: Leftovers\n|-damage|p2a: Cresselia|269/323 tox|[from] psn\n|upkeep\n|turn|27\n|inactive|Time left: 300 sec this turn | 300 sec total\n|\n|t:|1783555355\n|switch|p1a: Zarude|Zarude, L77|100/100\n|move|p2a: Cresselia|Calm Mind|p2a: Cresselia\n|-boost|p2a: Cresselia|spa|1\n|-boost|p2a: Cresselia|spd|1\n|\n|-heal|p2a: Cresselia|289/323 tox|[from] item: Leftovers\n|-damage|p2a: Cresselia|229/323 tox|[from] psn\n|upkeep\n|turn|28\n|inactive|Time left: 300 sec this turn | 300 sec total\n|\n|t:|1783555356\n|move|p1a: Zarude|Knock Off|p2a: Cresselia\n|-supereffective|p2a: Cresselia\n|-damage|p2a: Cresselia|35/323 tox\n|-enditem|p2a: Cresselia|Leftovers|[from] move: Knock Off|[of] p1a: Zarude\n|move|p2a: Cresselia|Moonblast|p1a: Zarude\n|-supereffective|p1a: Zarude\n|-crit|p1a: Zarude\n|-damage|p1a: Zarude|12/100\n|\n|-damage|p2a: Cresselia|0 fnt|[from] psn\n|faint|p2a: Cresselia\n|upkeep\n|inactive|Time left: 300 sec this turn | 300 sec total | 5 sec grace\n|\n|t:|1783555357\n|switch|p2a: Skuntank|Skuntank, L84, F|248/310\n|turn|29\n|inactive|Time left: 300 sec this turn | 300 sec total\n|\n|t:|1783555358\n|move|p1a: Zarude|Knock Off|p2a: Skuntank\n|-resisted|p2a: Skuntank\n|-damage|p2a: Skuntank|188/310\n|-enditem|p2a: Skuntank|Life Orb|[from] move: Knock Off|[of] p1a: Zarude\n|move|p2a: Skuntank|Knock Off|p1a: Zarude\n|-resisted|p1a: Zarude\n|-damage|p1a: Zarude|0 fnt\n|-enditem|p1a: Zarude|Choice Scarf|[from] move: Knock Off|[of] p2a: Skuntank\n|faint|p1a: Zarude\n|\n|upkeep\n|\n|t:|1783555359\n|switch|p1a: Toxapex|Toxapex, L82, F|78/100\n|turn|30\n|inactive|Time left: 300 sec this turn | 300 sec total\n|\n|t:|1783555360\n|move|p2a: Skuntank|Knock Off|p1a: Toxapex\n|-damage|p1a: Toxapex|47/100\n|-enditem|p1a: Toxapex|Leftovers|[from] move: Knock Off|[of] p2a: Skuntank\n|move|p1a: Toxapex|Liquidation|p2a: Skuntank\n|-damage|p2a: Skuntank|106/310\n|\n|upkeep\n|turn|31\n|inactive|Time left: 300 sec this turn | 300 sec total\n|\n|t:|1783555361\n|move|p2a: Skuntank|Gunk Shot|p1a: Toxapex|[miss]\n|-miss|p2a: Skuntank|p1a: Toxapex\n|move|p1a: Toxapex|Recover|p1a: Toxapex\n|-heal|p1a: Toxapex|97/100\n|\n|upkeep\n|turn|32\n|inactive|Time left: 300 sec this turn | 300 sec total\n|\n|t:|1783555362\n|move|p2a: Skuntank|Knock Off|p1a: Toxapex\n|-damage|p1a: Toxapex|77/100\n|move|p1a: Toxapex|Liquidation|p2a: Skuntank\n|-damage|p2a: Skuntank|28/310\n|\n|upkeep\n|turn|33\n|inactive|Time left: 300 sec this turn | 300 sec total\n|\n|t:|1783555363\n|move|p2a: Skuntank|Toxic Spikes|p1a: Toxapex\n|-sidestart|p1: p0x13980ce4|move: Toxic Spikes\n|move|p1a: Toxapex|Liquidation|p2a: Skuntank\n|-crit|p2a: Skuntank\n|-damage|p2a: Skuntank|0 fnt\n|-damage|p1a: Toxapex|52/100|[from] ability: Aftermath|[of] p2a: Skuntank\n|faint|p2a: Skuntank\n|\n|upkeep\n|inactive|Time left: 300 sec this turn | 300 sec total | 5 sec grace\n|\n|t:|1783555364\n|switch|p2a: Salazzle|Salazzle, L83, F|157/249\n|turn|34\n|inactive|Time left: 300 sec this turn | 300 sec total\n|\n|t:|1783555365\n|move|p2a: Salazzle|Protect|p2a: Salazzle\n|-singleturn|p2a: Salazzle|Protect\n|move|p1a: Toxapex|Liquidation|p2a: Salazzle\n|-activate|p2a: Salazzle|move: Protect\n|\n|-heal|p2a: Salazzle|172/249|[from] item: Leftovers\n|upkeep\n|turn|35\n|inactive|Time left: 300 sec this turn | 300 sec total\n|\n|t:|1783555366\n|-terastallize|p2a: Salazzle|Flying\n|move|p2a: Salazzle|Toxic|p1a: Toxapex\n|-status|p1a: Toxapex|tox\n|move|p1a: Toxapex|Liquidation|p2a: Salazzle\n|-damage|p2a: Salazzle|87/249\n|\n|-heal|p2a: Salazzle|102/249|[from] item: Leftovers\n|-damage|p1a: Toxapex|46/100 tox|[from] psn\n|upkeep\n|turn|36\n|inactive|Time left: 300 sec this turn | 300 sec total\n|\n|t:|1783555366\n|move|p2a: Salazzle|Protect|p2a: Salazzle\n|-singleturn|p2a: Salazzle|Protect\n|move|p1a: Toxapex|Liquidation|p2a: Salazzle\n|-activate|p2a: Salazzle|move: Protect\n|\n|-heal|p2a: Salazzle|117/249|[from] item: Leftovers\n|-damage|p1a: Toxapex|34/100 tox|[from] psn\n|upkeep\n|turn|37\n|inactive|Time left: 300 sec this turn | 300 sec total\n|\n|t:|1783555367\n|move|p2a: Salazzle|Substitute|p2a: Salazzle\n|-start|p2a: Salazzle|Substitute\n|-damage|p2a: Salazzle|55/249\n|move|p1a: Toxapex|Liquidation|p2a: Salazzle\n|-end|p2a: Salazzle|Substitute\n|\n|-heal|p2a: Salazzle|70/249|[from] item: Leftovers\n|-damage|p1a: Toxapex|16/100 tox|[from] psn\n|upkeep\n|turn|38\n|inactive|Time left: 300 sec this turn | 300 sec total\n|\n|t:|1783555368\n|move|p2a: Salazzle|Flamethrower|p1a: Toxapex\n|-resisted|p1a: Toxapex\n|-damage|p1a: Toxapex|0 fnt\n|faint|p1a: Toxapex\n|\n|-heal|p2a: Salazzle|85/249|[from] item: Leftovers\n|upkeep\n|\n|t:|1783555369\n|switch|p1a: Archaludon|Archaludon, L78, F|100/100\n|turn|39\n|inactive|Time left: 300 sec this turn | 300 sec total\n|\n|t:|1783555369\n|move|p2a: Salazzle|Protect|p2a: Salazzle\n|-singleturn|p2a: Salazzle|Protect\n|move|p1a: Archaludon|Flash Cannon|p2a: Salazzle\n|-activate|p2a: Salazzle|move: Protect\n|\n|-heal|p2a: Salazzle|100/249|[from] item: Leftovers\n|upkeep\n|turn|40\n|inactive|Time left: 300 sec this turn | 300 sec total\n|\n|t:|1783555370\n|move|p2a: Salazzle|Substitute|p2a: Salazzle\n|-start|p2a: Salazzle|Substitute\n|-damage|p2a: Salazzle|38/249\n|move|p1a: Archaludon|Flash Cannon|p2a: Salazzle\n|-end|p2a: Salazzle|Substitute\n|\n|-heal|p2a: Salazzle|53/249|[from] item: Leftovers\n|upkeep\n|turn|41\n|inactive|Time left: 300 sec this turn | 300 sec total\n|\n|t:|1783555371\n|move|p2a: Salazzle|Protect|p2a: Salazzle\n|-singleturn|p2a: Salazzle|Protect\n|move|p1a: Archaludon|Flash Cannon|p2a: Salazzle\n|-activate|p2a: Salazzle|move: Protect\n|\n|-heal|p2a: Salazzle|68/249|[from] item: Leftovers\n|upkeep\n|turn|42\n|inactive|Time left: 300 sec this turn | 300 sec total\n|\n|t:|1783555372\n|move|p2a: Salazzle|Substitute|p2a: Salazzle\n|-start|p2a: Salazzle|Substitute\n|-damage|p2a: Salazzle|6/249\n|move|p1a: Archaludon|Flash Cannon|p2a: Salazzle\n|-end|p2a: Salazzle|Substitute\n|\n|-heal|p2a: Salazzle|21/249|[from] item: Leftovers\n|upkeep\n|turn|43\n|inactive|Time left: 300 sec this turn | 300 sec total\n|\n|t:|1783555373\n|move|p2a: Salazzle|Protect|p2a: Salazzle\n|-singleturn|p2a: Salazzle|Protect\n|move|p1a: Archaludon|Flash Cannon|p2a: Salazzle\n|-activate|p2a: Salazzle|move: Protect\n|\n|-heal|p2a: Salazzle|36/249|[from] item: Leftovers\n|upkeep\n|turn|44\n|inactive|Time left: 300 sec this turn | 300 sec total\n|\n|t:|1783555374\n|move|p2a: Salazzle|Protect|p2a: Salazzle\n|-singleturn|p2a: Salazzle|Protect\n|move|p1a: Archaludon|Flash Cannon|p2a: Salazzle\n|-activate|p2a: Salazzle|move: Protect\n|\n|-heal|p2a: Salazzle|51/249|[from] item: Leftovers\n|upkeep\n|turn|45\n|inactive|Time left: 300 sec this turn | 300 sec total\n|\n|t:|1783555375\n|move|p2a: Salazzle|Protect||[still]\n|-fail|p2a: Salazzle\n|move|p1a: Archaludon|Flash Cannon|p2a: Salazzle\n|-damage|p2a: Salazzle|0 fnt\n|faint|p2a: Salazzle\n|\n|win|p0x13980ce4", "uploadtime": 1783555375, "views": 0, "rating": 0, "private": 0, "password": null, "_winner": "p0x13980ce4", "_our_name": "p0y1398da45"}