{"id": "battle-gen9randombattle-1143", "formatid": "gen9randombattle", "format": "[Gen 9] Random Battle", "players": ["p0x114331fc", "p0y1143dfc8"], "log": "|init|battle\n|title|p0x114331fc vs. p0y1143dfc8\n|j|\u2606p0x114331fc\n|j|\u2606p0y1143dfc8\n|t:|1783553239\n|gametype|singles\n|player|p1|p0x114331fc|266|\n|player|p2|p0y1143dfc8|102|\n|gen|9\n|tier|[Gen 9] Random Battle\n|rule|Species Clause: Limit one of each Pok\u00e9mon\n|rule|HP Percentage Mod: HP is shown in percentages\n|rule|Sleep Clause Mod: Limit one foe put to sleep\n|rule|Illusion Level Mod: Illusion disguises the Pok\u00e9mon's true level\n|\n|t:|1783553239\n|teamsize|p1|6\n|teamsize|p2|6\n|start\n|switch|p1a: Inteleon|Inteleon, L81, M|100/100\n|switch|p2a: Floatzel|Floatzel, L86, M|286/286\n|turn|1\n|inactive|Battle timer is ON: inactive players will automatically lose when time's up. (requested by p0x114331fc)\n|inactive|Time left: 300 sec this turn | 300 sec total | 60 sec grace\n|inactive|p0y1143dfc8 also wants the timer to be on.\n|\n|t:|1783553241\n|move|p2a: Floatzel|Wave Crash|p1a: Inteleon\n|-resisted|p1a: Inteleon\n|-damage|p1a: Inteleon|63/100\n|-damage|p2a: Floatzel|255/286|[from] Recoil\n|move|p1a: Inteleon|Scald|p2a: Floatzel\n|-resisted|p2a: Floatzel\n|-damage|p2a: Floatzel|159/286\n|\n|-heal|p2a: Floatzel|176/286|[from] item: Leftovers\n|upkeep\n|turn|2\n|inactive|Time left: 300 sec this turn | 300 sec total\n|\n|t:|1783553242\n|switch|p2a: Shaymin|Shaymin, L82|298/298\n|move|p1a: Inteleon|Scald|p2a: Shaymin\n|-resisted|p2a: Shaymin\n|-damage|p2a: Shaymin|235/298\n|-status|p2a: Shaymin|brn\n|\n|-heal|p2a: Shaymin|253/298 brn|[from] item: Leftovers\n|-damage|p2a: Shaymin|235/298 brn|[from] brn\n|upkeep\n|turn|3\n|inactive|Time left: 300 sec this turn | 300 sec total\n|\n|t:|1783553243\n|move|p1a: Inteleon|Scald|p2a: Shaymin\n|-resisted|p2a: Shaymin\n|-damage|p2a: Shaymin|162/298 brn\n|move|p2a: Shaymin|Seed Flare|p1a: Inteleon\n|-supereffective|p1a: Inteleon\n|-damage|p1a: Inteleon|0 fnt\n|faint|p1a: Inteleon\n|\n|-heal|p2a: Shaymin|180/298 brn|[from] item: Leftovers\n|-damage|p2a: Shaymin|162/298 brn|[from] brn\n|upkeep\n|\n|t:|1783553244\n|switch|p1a: Spidops|Spidops, L96, F|100/100\n|turn|4\n|inactive|Time left: 300 sec this turn | 300 sec total\n|\n|t:|1783553245\n|move|p2a: Shaymin|Air Slash|p1a: Spidops\n|-supereffective|p1a: Spidops\n|-damage|p1a: Spidops|69/100\n|move|p1a: Spidops|Sticky Web|p2a: Shaymin\n|-sidestart|p2: p0y1143dfc8|move: Sticky Web\n|\n|-heal|p2a: Shaymin|180/298 brn|[from] item: Leftovers\n|-damage|p2a: Shaymin|162/298 brn|[from] brn\n|upkeep\n|turn|5\n|inactive|Time left: 300 sec this turn | 300 sec total\n|\n|t:|1783553246\n|move|p2a: Shaymin|Air Slash|p1a: Spidops\n|-supereffective|p1a: Spidops\n|-damage|p1a: Spidops|36/100\n|move|p1a: Spidops|U-turn|p2a: Shaymin\n|-supereffective|p2a: Shaymin\n|-damage|p2a: Shaymin|16/298 brn\n|\n|t:|1783553247\n|switch|p1a: Necrozma|Necrozma-Dawn-Wings, L76|100/100|[from] U-turn\n|\n|-heal|p2a: Shaymin|34/298 brn|[from] item: Leftovers\n|-damage|p2a: Shaymin|16/298 brn|[from] brn\n|upkeep\n|turn|6\n|inactive|Time left: 300 sec this turn | 300 sec total\n|\n|t:|1783553248\n|move|p2a: Shaymin|Seed Flare|p1a: Necrozma|[miss]\n|-miss|p2a: Shaymin|p1a: Necrozma\n|move|p1a: Necrozma|Dragon Dance|p1a: Necrozma\n|-boost|p1a: Necrozma|atk|1\n|-boost|p1a: Necrozma|spe|1\n|\n|-heal|p2a: Shaymin|34/298 brn|[from] item: Leftovers\n|-damage|p2a: Shaymin|16/298 brn|[from] brn\n|upkeep\n|turn|7\n|inactive|Time left: 300 sec this turn | 300 sec total\n|\n|t:|1783553249\n|move|p1a: Necrozma|Dragon Dance|p1a: Necrozma\n|-boost|p1a: Necrozma|atk|1\n|-boost|p1a: Necrozma|spe|1\n|move|p2a: Shaymin|Seed Flare|p1a: Necrozma\n|-damage|p1a: Necrozma|66/100\n|\n|-heal|p2a: Shaymin|34/298 brn|[from] item: Leftovers\n|-damage|p2a: Shaymin|16/298 brn|[from] brn\n|upkeep\n|turn|8\n|inactive|Time left: 300 sec this turn | 300 sec total\n|\n|t:|1783553250\n|move|p1a: Necrozma|Photon Geyser|p2a: Shaymin\n|-damage|p2a: Shaymin|0 fnt\n|faint|p2a: Shaymin\n|-damage|p1a: Necrozma|56/100|[from] item: Life Orb\n|\n|upkeep\n|inactive|Time left: 300 sec this turn | 300 sec total | 5 sec grace\n|\n|t:|1783553251\n|switch|p2a: Duraludon|Duraludon, L82, F|249/249\n|-activate|p2a: Duraludon|move: Sticky Web\n|-unboost|p2a: Duraludon|spe|1\n|turn|9\n|inactive|Time left: 300 sec this turn | 300 sec total\n|\n|t:|1783553253\n|move|p1a: Necrozma|Moongeist Beam|p2a: Duraludon\n|-damage|p2a: Duraludon|80/249\n|-damage|p1a: Necrozma|46/100|[from] item: Life Orb\n|move|p2a: Duraludon|Draco Meteor|p1a: Necrozma|[miss]\n|-miss|p2a: Duraludon|p1a: Necrozma\n|\n|upkeep\n|turn|10\n|inactive|Time left: 300 sec this turn | 300 sec total\n|\n|t:|1783553254\n|move|p1a: Necrozma|Moongeist Beam|p2a: Duraludon\n|-damage|p2a: Duraludon|0 fnt\n|faint|p2a: Duraludon\n|-damage|p1a: Necrozma|36/100|[from] item: Life Orb\n|\n|upkeep\n|inactive|Time left: 300 sec this turn | 300 sec total | 5 sec grace\n|\n|t:|1783553255\n|switch|p2a: Ninetales|Ninetales-Alola, L78, M|242/242\n|-activate|p2a: Ninetales|move: Sticky Web\n|-unboost|p2a: Ninetales|spe|1\n|-weather|Snowscape|[from] ability: Snow Warning|[of] p2a: Ninetales\n|turn|11\n|inactive|Time left: 300 sec this turn | 300 sec total\n|\n|t:|1783553256\n|move|p1a: Necrozma|Photon Geyser|p2a: Ninetales\n|-damage|p2a: Ninetales|22/242\n|-damage|p1a: Necrozma|26/100|[from] item: Life Orb\n|move|p2a: Ninetales|Aurora Veil|p2a: Ninetales\n|-sidestart|p2: p0y1143dfc8|move: Aurora Veil\n|\n|-weather|Snowscape|[upkeep]\n|upkeep\n|turn|12\n|inactive|Time left: 300 sec this turn | 300 sec total\n|\n|t:|1783553257\n|move|p1a: Necrozma|Photon Geyser|p2a: Ninetales\n|-damage|p2a: Ninetales|0 fnt\n|faint|p2a: Ninetales\n|-damage|p1a: Necrozma|16/100|[from] item: Life Orb\n|\n|-weather|Snowscape|[upkeep]\n|upkeep\n|inactive|Time left: 300 sec this turn | 300 sec total | 5 sec grace\n|\n|t:|1783553258\n|switch|p2a: Whimsicott|Whimsicott, L84, F|238/238\n|turn|13\n|inactive|Time left: 300 sec this turn | 300 sec total\n|\n|t:|1783553259\n|move|p1a: Necrozma|Photon Geyser|p2a: Whimsicott\n|-damage|p2a: Whimsicott|116/238\n|-damage|p1a: Necrozma|6/100|[from] item: Life Orb\n|move|p2a: Whimsicott|Giga Drain|p1a: Necrozma\n|-damage|p1a: Necrozma|0 fnt\n|-heal|p2a: Whimsicott|124/238|[from] drain|[of] p1a: Necrozma\n|faint|p1a: Necrozma\n|\n|-weather|Snowscape|[upkeep]\n|upkeep\n|\n|t:|1783553260\n|switch|p1a: Gouging Fire|Gouging Fire, L74|100/100\n|turn|14\n|inactive|Time left: 300 sec this turn | 300 sec total\n|\n|t:|1783553261\n|move|p2a: Whimsicott|Stun Spore|p1a: Gouging Fire\n|-status|p1a: Gouging Fire|par\n|move|p1a: Gouging Fire|Dragon Dance|p1a: Gouging Fire\n|-boost|p1a: Gouging Fire|atk|1\n|-boost|p1a: Gouging Fire|spe|1\n|\n|-weather|Snowscape|[upkeep]\n|upkeep\n|turn|15\n|inactive|Time left: 300 sec this turn | 300 sec total\n|\n|t:|1783553262\n|move|p2a: Whimsicott|Moonblast|p1a: Gouging Fire\n|-damage|p1a: Gouging Fire|70/100 par\n|move|p1a: Gouging Fire|Heat Crash|p2a: Whimsicott\n|-supereffective|p2a: Whimsicott\n|-damage|p2a: Whimsicott|0 fnt\n|faint|p2a: Whimsicott\n|\n|-weather|none\n|upkeep\n|inactive|Time left: 300 sec this turn | 300 sec total | 5 sec grace\n|\n|t:|1783553263\n|switch|p2a: Tentacruel|Tentacruel, L84, M|272/272\n|-activate|p2a: Tentacruel|move: Sticky Web\n|-unboost|p2a: Tentacruel|spe|1\n|turn|16\n|inactive|Time left: 300 sec this turn | 300 sec total\n|\n|t:|1783553264\n|move|p2a: Tentacruel|Rapid Spin|p1a: Gouging Fire\n|-damage|p1a: Gouging Fire|61/100 par\n|-boost|p2a: Tentacruel|spe|1\n|-sideend|p2: p0y1143dfc8|Sticky Web|[from] move: Rapid Spin|[of] p2a: Tentacruel\n|move|p1a: Gouging Fire|Morning Sun|p1a: Gouging Fire\n|-heal|p1a: Gouging Fire|100/100 par\n|\n|upkeep\n|turn|17\n|inactive|Time left: 300 sec this turn | 300 sec total\n|\n|t:|1783553265\n|move|p2a: Tentacruel|Surf|p1a: Gouging Fire\n|-damage|p1a: Gouging Fire|67/100 par\n|move|p1a: Gouging Fire|Outrage|p2a: Tentacruel\n|-damage|p2a: Tentacruel|173/272\n|\n|-heal|p2a: Tentacruel|190/272|[from] item: Leftovers\n|upkeep\n|turn|18\n|inactive|Time left: 300 sec this turn | 300 sec total\n|\n|t:|1783553266\n|move|p2a: Tentacruel|Sludge Bomb|p1a: Gouging Fire\n|-damage|p1a: Gouging Fire|37/100 par\n|move|p1a: Gouging Fire|Outrage|p2a: Tentacruel|[from] lockedmove\n|-damage|p2a: Tentacruel|79/272\n|\n|-heal|p2a: Tentacruel|96/272|[from] item: Leftovers\n|-sideend|p2: p0y1143dfc8|move: Aurora Veil\n|upkeep\n|turn|19\n|inactive|Time left: 300 sec this turn | 300 sec total\n|\n|t:|1783553268\n|move|p2a: Tentacruel|Surf|p1a: Gouging Fire\n|-damage|p1a: Gouging Fire|5/100 par\n|move|p1a: Gouging Fire|Outrage|p2a: Tentacruel|[from] lockedmove\n|-damage|p2a: Tentacruel|0 fnt\n|faint|p2a: Tentacruel\n|-start|p1a: Gouging Fire|confusion|[fatigue]\n|\n|upkeep\n|inactive|Time left: 300 sec this turn | 300 sec total | 5 sec grace\n|\n|t:|1783553269\n|switch|p2a: Floatzel|Floatzel, L86, M|176/286\n|turn|20\n|inactive|Time left: 300 sec this turn | 300 sec total\n|\n|t:|1783553270\n|move|p2a: Floatzel|Bulk Up|p2a: Floatzel\n|-boost|p2a: Floatzel|atk|1\n|-boost|p2a: Floatzel|def|1\n|-activate|p1a: Gouging Fire|confusion\n|move|p1a: Gouging Fire|Outrage|p2a: Floatzel\n|-damage|p2a: Floatzel|16/286\n|\n|-heal|p2a: Floatzel|33/286|[from] item: Leftovers\n|upkeep\n|turn|21\n|inactive|Time left: 300 sec this turn | 300 sec total\n|\n|t:|1783553271\n|-terastallize|p2a: Floatzel|Steel\n|move|p2a: Floatzel|Bulk Up|p2a: Floatzel\n|-boost|p2a: Floatzel|atk|1\n|-boost|p2a: Floatzel|def|1\n|-activate|p1a: Gouging Fire|confusion\n|move|p1a: Gouging Fire|Outrage|p2a: Floatzel|[from] lockedmove\n|-resisted|p2a: Floatzel\n|-damage|p2a: Floatzel|0 fnt\n|faint|p2a: Floatzel\n|\n|win|p0x114331fc", "uploadtime": 1783553271, "views": 0, "rating": 0, "private": 0, "password": null, "_winner": "p0x114331fc", "_our_name": "p0y1143dfc8"}