{"id": "battle-gen9randombattle-187", "formatid": "gen9randombattle", "format": "[Gen 9] Random Battle", "players": ["p0x187b9ad", "p0y187bcb3"], "log": "|init|battle\n|title|p0x187b9ad vs. p0y187bcb3\n|j|\u2606p0x187b9ad\n|j|\u2606p0y187bcb3\n|t:|1783535936\n|gametype|singles\n|player|p1|p0x187b9ad|101|\n|player|p2|p0y187bcb3|1|\n|gen|9\n|tier|[Gen 9] Random Battle\n|rule|Species Clause: Limit one of each Pok\u00e9mon\n|rule|HP Percentage Mod: HP is shown in percentages\n|rule|Sleep Clause Mod: Limit one foe put to sleep\n|rule|Illusion Level Mod: Illusion disguises the Pok\u00e9mon's true level\n|\n|t:|1783535936\n|teamsize|p1|6\n|teamsize|p2|6\n|start\n|switch|p1a: Raikou|Raikou, L81|278/278\n|switch|p2a: Chi-Yu|Chi-Yu, L77|100/100\n|-ability|p1a: Raikou|Pressure\n|-ability|p2a: Chi-Yu|Beads of Ruin\n|turn|1\n|inactive|Battle timer is ON: inactive players will automatically lose when time's up. (requested by p0y187bcb3)\n|inactive|Time left: 300 sec this turn | 300 sec total | 60 sec grace\n|inactive|p0x187b9ad also wants the timer to be on.\n|\n|t:|1783535938\n|move|p1a: Raikou|Scald|p2a: Chi-Yu\n|-supereffective|p2a: Chi-Yu\n|-damage|p2a: Chi-Yu|48/100\n|move|p2a: Chi-Yu|Dark Pulse|p1a: Raikou\n|-damage|p1a: Raikou|164/278\n|\n|-heal|p1a: Raikou|181/278|[from] item: Leftovers\n|upkeep\n|turn|2\n|inactive|Time left: 300 sec this turn | 300 sec total\n|\n|t:|1783535939\n|switch|p2a: Dragalge|Dragalge, L88, F|100/100\n|move|p1a: Raikou|Scald|p2a: Dragalge\n|-resisted|p2a: Dragalge\n|-damage|p2a: Dragalge|92/100\n|\n|-heal|p1a: Raikou|198/278|[from] item: Leftovers\n|-heal|p2a: Dragalge|98/100|[from] item: Leftovers\n|upkeep\n|turn|3\n|inactive|Time left: 300 sec this turn | 300 sec total\n|\n|t:|1783535940\n|move|p1a: Raikou|Calm Mind|p1a: Raikou\n|-boost|p1a: Raikou|spa|1\n|-boost|p1a: Raikou|spd|1\n|move|p2a: Dragalge|Sludge Wave|p1a: Raikou\n|-damage|p1a: Raikou|112/278\n|\n|-heal|p1a: Raikou|129/278|[from] item: Leftovers\n|-heal|p2a: Dragalge|100/100|[from] item: Leftovers\n|upkeep\n|turn|4\n|inactive|Time left: 300 sec this turn | 300 sec total\n|\n|t:|1783535941\n|move|p1a: Raikou|Calm Mind|p1a: Raikou\n|-boost|p1a: Raikou|spa|1\n|-boost|p1a: Raikou|spd|1\n|move|p2a: Dragalge|Sludge Wave|p1a: Raikou\n|-damage|p1a: Raikou|53/278\n|\n|-heal|p1a: Raikou|70/278|[from] item: Leftovers\n|upkeep\n|turn|5\n|inactive|Time left: 300 sec this turn | 300 sec total\n|\n|t:|1783535942\n|move|p1a: Raikou|Thunderbolt|p2a: Dragalge\n|-resisted|p2a: Dragalge\n|-damage|p2a: Dragalge|70/100\n|move|p2a: Dragalge|Sludge Wave|p1a: Raikou\n|-damage|p1a: Raikou|4/278\n|\n|-heal|p1a: Raikou|21/278|[from] item: Leftovers\n|-heal|p2a: Dragalge|76/100|[from] item: Leftovers\n|upkeep\n|turn|6\n|inactive|Time left: 300 sec this turn | 300 sec total\n|\n|t:|1783535943\n|move|p1a: Raikou|Thunderbolt|p2a: Dragalge\n|-resisted|p2a: Dragalge\n|-damage|p2a: Dragalge|50/100\n|move|p2a: Dragalge|Sludge Wave|p1a: Raikou\n|-damage|p1a: Raikou|0 fnt\n|faint|p1a: Raikou\n|\n|-heal|p2a: Dragalge|56/100|[from] item: Leftovers\n|upkeep\n|inactive|Time left: 300 sec this turn | 300 sec total | 5 sec grace\n|\n|t:|1783535944\n|switch|p1a: Espathra|Espathra, L80, F|283/283\n|turn|7\n|inactive|Time left: 300 sec this turn | 300 sec total\n|\n|t:|1783535945\n|move|p1a: Espathra|Lumina Crash|p2a: Dragalge\n|-supereffective|p2a: Dragalge\n|-damage|p2a: Dragalge|0 fnt\n|faint|p2a: Dragalge\n|\n|-ability|p1a: Espathra|Speed Boost|boost\n|-boost|p1a: Espathra|spe|1\n|upkeep\n|\n|t:|1783535946\n|switch|p2a: Falinks|Falinks, L84|100/100\n|turn|8\n|inactive|Time left: 300 sec this turn | 300 sec total\n|\n|t:|1783535946\n|-terastallize|p2a: Falinks|Dark\n|move|p1a: Espathra|Lumina Crash|p2a: Falinks\n|-immune|p2a: Falinks\n|move|p2a: Falinks|No Retreat|p2a: Falinks\n|-boost|p2a: Falinks|atk|1\n|-boost|p2a: Falinks|def|1\n|-boost|p2a: Falinks|spa|1\n|-boost|p2a: Falinks|spd|1\n|-boost|p2a: Falinks|spe|1\n|-start|p2a: Falinks|move: No Retreat\n|\n|-ability|p1a: Espathra|Speed Boost|boost\n|-boost|p1a: Espathra|spe|1\n|upkeep\n|turn|9\n|inactive|Time left: 300 sec this turn | 300 sec total\n|\n|t:|1783535948\n|switch|p1a: Tyranitar|Tyranitar, L78, M|284/284\n|-weather|Sandstorm|[from] ability: Sand Stream|[of] p1a: Tyranitar\n|move|p2a: Falinks|Knock Off|p1a: Tyranitar\n|-resisted|p1a: Tyranitar\n|-damage|p1a: Tyranitar|198/284\n|-enditem|p1a: Tyranitar|Leftovers|[from] move: Knock Off|[of] p2a: Falinks\n|-damage|p2a: Falinks|91/100|[from] item: Life Orb\n|\n|-weather|Sandstorm|[upkeep]\n|-damage|p2a: Falinks|85/100|[from] Sandstorm\n|upkeep\n|turn|10\n|inactive|Time left: 300 sec this turn | 300 sec total\n|\n|t:|1783535949\n|switch|p1a: Espathra|Espathra, L80, F|283/283\n|move|p2a: Falinks|Iron Head|p1a: Espathra\n|-damage|p1a: Espathra|121/283\n|-damage|p2a: Falinks|75/100|[from] item: Life Orb\n|\n|-weather|Sandstorm|[upkeep]\n|-damage|p2a: Falinks|69/100|[from] Sandstorm\n|-damage|p1a: Espathra|104/283|[from] Sandstorm\n|upkeep\n|turn|11\n|inactive|Time left: 300 sec this turn | 300 sec total\n|\n|t:|1783535950\n|move|p2a: Falinks|Knock Off|p1a: Espathra\n|-supereffective|p1a: Espathra\n|-damage|p1a: Espathra|0 fnt\n|-enditem|p1a: Espathra|Choice Specs|[from] move: Knock Off|[of] p2a: Falinks\n|faint|p1a: Espathra\n|-damage|p2a: Falinks|59/100|[from] item: Life Orb\n|\n|-weather|Sandstorm|[upkeep]\n|-damage|p2a: Falinks|53/100|[from] Sandstorm\n|upkeep\n|inactive|Time left: 300 sec this turn | 300 sec total | 5 sec grace\n|\n|t:|1783535951\n|switch|p1a: Eternatus|Eternatus, L69|308/308\n|-ability|p1a: Eternatus|Pressure\n|turn|12\n|inactive|Time left: 300 sec this turn | 300 sec total\n|\n|t:|1783535952\n|move|p2a: Falinks|Knock Off|p1a: Eternatus\n|-damage|p1a: Eternatus|55/308\n|-enditem|p1a: Eternatus|Power Herb|[from] move: Knock Off|[of] p2a: Falinks\n|-damage|p2a: Falinks|43/100|[from] item: Life Orb\n|move|p1a: Eternatus|Sludge Bomb|p2a: Falinks\n|-damage|p2a: Falinks|9/100\n|-status|p2a: Falinks|psn\n|\n|-weather|Sandstorm|[upkeep]\n|-damage|p2a: Falinks|3/100 psn|[from] Sandstorm\n|-damage|p1a: Eternatus|36/308|[from] Sandstorm\n|-damage|p2a: Falinks|0 fnt|[from] psn\n|faint|p2a: Falinks\n|upkeep\n|\n|t:|1783535953\n|switch|p2a: Oricorio|Oricorio, L84, M|100/100\n|turn|13\n|inactive|Time left: 300 sec this turn | 300 sec total\n|\n|t:|1783535954\n|move|p1a: Eternatus|Sludge Bomb|p2a: Oricorio\n|-damage|p2a: Oricorio|59/100\n|move|p2a: Oricorio|Quiver Dance|p2a: Oricorio\n|-boost|p2a: Oricorio|spa|1\n|-boost|p2a: Oricorio|spd|1\n|-boost|p2a: Oricorio|spe|1\n|\n|-weather|none\n|upkeep\n|turn|14\n|inactive|Time left: 300 sec this turn | 300 sec total\n|\n|t:|1783535955\n|switch|p1a: Tyranitar|Tyranitar, L78, M|198/284\n|-weather|Sandstorm|[from] ability: Sand Stream|[of] p1a: Tyranitar\n|move|p2a: Oricorio|Revelation Dance|p1a: Tyranitar\n|-resisted|p1a: Tyranitar\n|-crit|p1a: Tyranitar\n|-damage|p1a: Tyranitar|129/284\n|\n|-weather|Sandstorm|[upkeep]\n|-damage|p2a: Oricorio|53/100|[from] Sandstorm\n|upkeep\n|turn|15\n|inactive|Time left: 300 sec this turn | 300 sec total\n|\n|t:|1783535956\n|move|p2a: Oricorio|Roost|p2a: Oricorio\n|-heal|p2a: Oricorio|100/100\n|-singleturn|p2a: Oricorio|move: Roost\n|move|p1a: Tyranitar|Stone Edge|p2a: Oricorio\n|-supereffective|p2a: Oricorio\n|-damage|p2a: Oricorio|0 fnt\n|faint|p2a: Oricorio\n|\n|-weather|Sandstorm|[upkeep]\n|upkeep\n|\n|t:|1783535956\n|switch|p2a: Pelipper|Pelipper, L86, M|100/100\n|-weather|RainDance|[from] ability: Drizzle|[of] p2a: Pelipper\n|turn|16\n|inactive|Time left: 300 sec this turn | 300 sec total\n|\n|t:|1783535957\n|switch|p1a: Eternatus|Eternatus, L69|36/308\n|-ability|p1a: Eternatus|Pressure\n|move|p2a: Pelipper|Weather Ball|p1a: Eternatus\n|-resisted|p1a: Eternatus\n|-damage|p1a: Eternatus|0 fnt\n|faint|p1a: Eternatus\n|\n|-weather|RainDance|[upkeep]\n|upkeep\n|inactive|Time left: 300 sec this turn | 300 sec total | 5 sec grace\n|\n|t:|1783535958\n|switch|p1a: Tyranitar|Tyranitar, L78, M|129/284\n|-weather|Sandstorm|[from] ability: Sand Stream|[of] p1a: Tyranitar\n|turn|17\n|inactive|Time left: 300 sec this turn | 300 sec total\n|\n|t:|1783535959\n|switch|p2a: Chi-Yu|Chi-Yu, L77|48/100\n|-ability|p2a: Chi-Yu|Beads of Ruin\n|move|p1a: Tyranitar|Stone Edge|p2a: Chi-Yu\n|-supereffective|p2a: Chi-Yu\n|-damage|p2a: Chi-Yu|0 fnt\n|faint|p2a: Chi-Yu\n|\n|-weather|Sandstorm|[upkeep]\n|upkeep\n|\n|t:|1783535960\n|switch|p2a: Pelipper|Pelipper, L86, M|100/100\n|-weather|RainDance|[from] ability: Drizzle|[of] p2a: Pelipper\n|turn|18\n|inactive|Time left: 300 sec this turn | 300 sec total\n|\n|t:|1783535961\n|switch|p1a: Latias|Latias, L79, F|256/256\n|move|p2a: Pelipper|Weather Ball|p1a: Latias\n|-resisted|p1a: Latias\n|-damage|p1a: Latias|154/256\n|\n|-weather|RainDance|[upkeep]\n|upkeep\n|turn|19\n|inactive|Time left: 300 sec this turn | 300 sec total\n|\n|t:|1783535962\n|move|p1a: Latias|Calm Mind|p1a: Latias\n|-boost|p1a: Latias|spa|1\n|-boost|p1a: Latias|spd|1\n|move|p2a: Pelipper|Weather Ball|p1a: Latias\n|-resisted|p1a: Latias\n|-damage|p1a: Latias|87/256\n|\n|-weather|RainDance|[upkeep]\n|upkeep\n|turn|20\n|inactive|Time left: 300 sec this turn | 300 sec total\n|\n|t:|1783535963\n|switch|p2a: Hydreigon|Hydreigon, L79, F|100/100\n|move|p1a: Latias|Psyshock|p2a: Hydreigon\n|-immune|p2a: Hydreigon\n|\n|-weather|RainDance|[upkeep]\n|upkeep\n|turn|21\n|inactive|Time left: 300 sec this turn | 300 sec total\n|\n|t:|1783535964\n|move|p1a: Latias|Draco Meteor|p2a: Hydreigon\n|-supereffective|p2a: Hydreigon\n|-damage|p2a: Hydreigon|0 fnt\n|-unboost|p1a: Latias|spa|2\n|faint|p2a: Hydreigon\n|\n|-weather|RainDance|[upkeep]\n|upkeep\n|\n|t:|1783535965\n|switch|p2a: Pelipper|Pelipper, L86, M|100/100\n|turn|22\n|inactive|Time left: 300 sec this turn | 300 sec total\n|\n|t:|1783535966\n|-terastallize|p1a: Latias|Steel\n|move|p1a: Latias|Draco Meteor|p2a: Pelipper|[miss]\n|-miss|p1a: Latias|p2a: Pelipper\n|move|p2a: Pelipper|Hydro Pump|p1a: Latias\n|-damage|p1a: Latias|0 fnt\n|faint|p1a: Latias\n|\n|-weather|none\n|upkeep\n|inactive|Time left: 300 sec this turn | 300 sec total | 5 sec grace\n|\n|t:|1783535967\n|switch|p1a: Cramorant|Cramorant, L86, F|261/261\n|turn|23\n|inactive|Time left: 300 sec this turn | 300 sec total\n|\n|t:|1783535968\n|move|p1a: Cramorant|Surf|p2a: Pelipper\n|-formechange|p1a: Cramorant|Cramorant-Gulping|\n|-resisted|p2a: Pelipper\n|-damage|p2a: Pelipper|77/100\n|move|p2a: Pelipper|Hydro Pump|p1a: Cramorant\n|-resisted|p1a: Cramorant\n|-crit|p1a: Cramorant\n|-damage|p1a: Cramorant|143/261\n|-damage|p2a: Pelipper|52/100|[from] ability: Gulp Missile|[of] p1a: Cramorant\n|-unboost|p2a: Pelipper|def|1\n|-formechange|p1a: Cramorant|Cramorant|\n|\n|upkeep\n|turn|24\n|inactive|Time left: 300 sec this turn | 300 sec total\n|\n|t:|1783535969\n|move|p1a: Cramorant|Brave Bird|p2a: Pelipper\n|-damage|p2a: Pelipper|0 fnt\n|faint|p2a: Pelipper\n|-damage|p1a: Cramorant|101/261|[from] Recoil\n|\n|win|p0x187b9ad", "uploadtime": 1783535969, "views": 0, "rating": 0, "private": 0, "password": null, "_winner": "p0x187b9ad", "_our_name": "p0x187b9ad"}