{"id": "battle-gen9randombattle-551", "formatid": "gen9randombattle", "format": "[Gen 9] Random Battle", "players": ["p0x5515662", "p0y551bd48"], "log": "|init|battle\n|title|p0x5515662 vs. p0y551bd48\n|j|\u2606p0x5515662\n|j|\u2606p0y551bd48\n|t:|1783545457\n|gametype|singles\n|player|p1|p0x5515662|2|\n|player|p2|p0y551bd48|170|\n|gen|9\n|tier|[Gen 9] Random Battle\n|rule|Species Clause: Limit one of each Pok\u00e9mon\n|rule|HP Percentage Mod: HP is shown in percentages\n|rule|Sleep Clause Mod: Limit one foe put to sleep\n|rule|Illusion Level Mod: Illusion disguises the Pok\u00e9mon's true level\n|\n|t:|1783545457\n|teamsize|p1|6\n|teamsize|p2|6\n|start\n|switch|p1a: Virizion|Virizion, L82|283/283\n|switch|p2a: Crawdaunt|Crawdaunt, L84, F|100/100\n|turn|1\n|inactive|Battle timer is ON: inactive players will automatically lose when time's up. (requested by p0y551bd48)\n|inactive|Time left: 300 sec this turn | 300 sec total | 60 sec grace\n|\n|t:|1783545459\n|switch|p2a: Pecharunt|Pecharunt, L77|100/100\n|move|p1a: Virizion|Close Combat|p2a: Pecharunt\n|-immune|p2a: Pecharunt\n|\n|upkeep\n|turn|2\n|inactive|Time left: 300 sec this turn | 300 sec total\n|inactive|p0x5515662 also wants the timer to be on.\n|\n|t:|1783545460\n|move|p1a: Virizion|Swords Dance|p1a: Virizion\n|-boost|p1a: Virizion|atk|2\n|move|p2a: Pecharunt|Malignant Chain|p1a: Virizion\n|-supereffective|p1a: Virizion\n|-damage|p1a: Virizion|163/283\n|\n|upkeep\n|turn|3\n|inactive|Time left: 300 sec this turn | 300 sec total\n|\n|t:|1783545461\n|-terastallize|p1a: Virizion|Rock\n|move|p1a: Virizion|Stone Edge|p2a: Pecharunt\n|-damage|p2a: Pecharunt|36/100\n|-damage|p1a: Virizion|135/283|[from] item: Life Orb\n|move|p2a: Pecharunt|Malignant Chain|p1a: Virizion\n|-resisted|p1a: Virizion\n|-damage|p1a: Virizion|105/283\n|\n|upkeep\n|turn|4\n|inactive|Time left: 300 sec this turn | 300 sec total\n|\n|t:|1783545462\n|move|p1a: Virizion|Stone Edge|p2a: Pecharunt|[miss]\n|-miss|p1a: Virizion|p2a: Pecharunt\n|move|p2a: Pecharunt|Malignant Chain|p1a: Virizion\n|-resisted|p1a: Virizion\n|-damage|p1a: Virizion|72/283\n|\n|upkeep\n|turn|5\n|inactive|Time left: 300 sec this turn | 300 sec total\n|\n|t:|1783545463\n|move|p1a: Virizion|Stone Edge|p2a: Pecharunt\n|-damage|p2a: Pecharunt|0 fnt\n|faint|p2a: Pecharunt\n|-damage|p1a: Virizion|44/283|[from] item: Life Orb\n|\n|upkeep\n|\n|t:|1783545464\n|switch|p2a: Crawdaunt|Crawdaunt, L84, F|100/100\n|turn|6\n|inactive|Time left: 300 sec this turn | 300 sec total\n|\n|t:|1783545465\n|move|p2a: Crawdaunt|Aqua Jet|p1a: Virizion\n|-supereffective|p1a: Virizion\n|-damage|p1a: Virizion|0 fnt\n|faint|p1a: Virizion\n|-damage|p2a: Crawdaunt|91/100|[from] item: Life Orb\n|\n|upkeep\n|inactive|Time left: 300 sec this turn | 300 sec total | 5 sec grace\n|\n|t:|1783545466\n|switch|p1a: Mabosstiff|Mabosstiff, L86, F|278/278\n|turn|7\n|inactive|Time left: 300 sec this turn | 300 sec total\n|\n|t:|1783545467\n|move|p1a: Mabosstiff|Wild Charge|p2a: Crawdaunt\n|-supereffective|p2a: Crawdaunt\n|-damage|p2a: Crawdaunt|0 fnt\n|faint|p2a: Crawdaunt\n|-damage|p1a: Mabosstiff|223/278|[from] Recoil\n|\n|upkeep\n|\n|t:|1783545469\n|switch|p2a: Crabominable|Crabominable, L90, F|100/100\n|turn|8\n|inactive|Time left: 300 sec this turn | 300 sec total\n|\n|t:|1783545470\n|switch|p1a: Landorus|Landorus-Therian, L76, M|260/260\n|-ability|p1a: Landorus|Intimidate|boost\n|-unboost|p2a: Crabominable|atk|1\n|move|p2a: Crabominable|Close Combat|p1a: Landorus\n|-resisted|p1a: Landorus\n|-damage|p1a: Landorus|163/260\n|-unboost|p2a: Crabominable|def|1\n|-unboost|p2a: Crabominable|spd|1\n|\n|-heal|p1a: Landorus|179/260|[from] item: Leftovers\n|upkeep\n|turn|9\n|inactive|Time left: 300 sec this turn | 300 sec total\n|\n|t:|1783545471\n|move|p1a: Landorus|Earthquake|p2a: Crabominable\n|-damage|p2a: Crabominable|40/100\n|move|p2a: Crabominable|Close Combat|p1a: Landorus\n|-resisted|p1a: Landorus\n|-damage|p1a: Landorus|69/260\n|-unboost|p2a: Crabominable|def|1\n|-unboost|p2a: Crabominable|spd|1\n|\n|-heal|p1a: Landorus|85/260|[from] item: Leftovers\n|upkeep\n|turn|10\n|inactive|Time left: 300 sec this turn | 300 sec total\n|\n|t:|1783545472\n|switch|p2a: Arceus|Arceus-Fighting, L70|100/100\n|move|p1a: Landorus|Earthquake|p2a: Arceus\n|-damage|p2a: Arceus|61/100\n|\n|-heal|p1a: Landorus|101/260|[from] item: Leftovers\n|upkeep\n|turn|11\n|inactive|Time left: 300 sec this turn | 300 sec total\n|\n|t:|1783545473\n|move|p2a: Arceus|Cosmic Power|p2a: Arceus\n|-boost|p2a: Arceus|def|1\n|-boost|p2a: Arceus|spd|1\n|move|p1a: Landorus|Earthquake|p2a: Arceus\n|-crit|p2a: Arceus\n|-damage|p2a: Arceus|5/100\n|\n|-heal|p1a: Landorus|117/260|[from] item: Leftovers\n|upkeep\n|turn|12\n|inactive|Time left: 300 sec this turn | 300 sec total\n|\n|t:|1783545474\n|move|p2a: Arceus|Recover|p2a: Arceus\n|-heal|p2a: Arceus|55/100\n|move|p1a: Landorus|Earthquake|p2a: Arceus\n|-damage|p2a: Arceus|28/100\n|\n|-heal|p1a: Landorus|133/260|[from] item: Leftovers\n|upkeep\n|turn|13\n|inactive|Time left: 300 sec this turn | 300 sec total\n|\n|t:|1783545475\n|move|p2a: Arceus|Recover|p2a: Arceus\n|-heal|p2a: Arceus|78/100\n|move|p1a: Landorus|Earthquake|p2a: Arceus\n|-damage|p2a: Arceus|52/100\n|\n|-heal|p1a: Landorus|149/260|[from] item: Leftovers\n|upkeep\n|turn|14\n|inactive|Time left: 300 sec this turn | 300 sec total\n|\n|t:|1783545476\n|move|p2a: Arceus|Cosmic Power|p2a: Arceus\n|-boost|p2a: Arceus|def|1\n|-boost|p2a: Arceus|spd|1\n|move|p1a: Landorus|Earthquake|p2a: Arceus\n|-damage|p2a: Arceus|31/100\n|\n|-heal|p1a: Landorus|165/260|[from] item: Leftovers\n|upkeep\n|turn|15\n|inactive|Time left: 300 sec this turn | 300 sec total\n|\n|t:|1783545477\n|switch|p1a: Oricorio|Oricorio-Pa'u, L87, F|272/272\n|move|p2a: Arceus|Recover|p2a: Arceus\n|-heal|p2a: Arceus|81/100\n|\n|upkeep\n|turn|16\n|inactive|Time left: 300 sec this turn | 300 sec total\n|\n|t:|1783545478\n|move|p1a: Oricorio|Quiver Dance|p1a: Oricorio\n|-boost|p1a: Oricorio|spa|1\n|-boost|p1a: Oricorio|spd|1\n|-boost|p1a: Oricorio|spe|1\n|move|p2a: Arceus|Recover|p2a: Arceus\n|-heal|p2a: Arceus|100/100\n|\n|upkeep\n|turn|17\n|inactive|Time left: 300 sec this turn | 300 sec total\n|\n|t:|1783545480\n|move|p1a: Oricorio|Quiver Dance|p1a: Oricorio\n|-boost|p1a: Oricorio|spa|1\n|-boost|p1a: Oricorio|spd|1\n|-boost|p1a: Oricorio|spe|1\n|move|p2a: Arceus|Recover||[still]\n|-fail|p2a: Arceus|heal\n|\n|upkeep\n|turn|18\n|inactive|Time left: 300 sec this turn | 300 sec total\n|\n|t:|1783545481\n|-terastallize|p2a: Arceus|Steel\n|move|p1a: Oricorio|Quiver Dance|p1a: Oricorio\n|-boost|p1a: Oricorio|spa|1\n|-boost|p1a: Oricorio|spd|1\n|-boost|p1a: Oricorio|spe|1\n|move|p2a: Arceus|Cosmic Power|p2a: Arceus\n|-boost|p2a: Arceus|def|1\n|-boost|p2a: Arceus|spd|1\n|\n|upkeep\n|turn|19\n|inactive|Time left: 300 sec this turn | 300 sec total\n|\n|t:|1783545482\n|move|p1a: Oricorio|Quiver Dance|p1a: Oricorio\n|-boost|p1a: Oricorio|spa|1\n|-boost|p1a: Oricorio|spd|1\n|-boost|p1a: Oricorio|spe|1\n|move|p2a: Arceus|Body Press|p1a: Oricorio\n|-resisted|p1a: Oricorio\n|-damage|p1a: Oricorio|215/272\n|\n|upkeep\n|turn|20\n|inactive|Time left: 300 sec this turn | 300 sec total\n|\n|t:|1783545483\n|move|p1a: Oricorio|Hurricane|p2a: Arceus\n|-resisted|p2a: Arceus\n|-damage|p2a: Arceus|76/100\n|-start|p2a: Arceus|confusion\n|-activate|p2a: Arceus|confusion\n|move|p2a: Arceus|Body Press|p1a: Oricorio\n|-resisted|p1a: Oricorio\n|-damage|p1a: Oricorio|152/272\n|\n|upkeep\n|turn|21\n|inactive|Time left: 300 sec this turn | 300 sec total\n|\n|t:|1783545484\n|move|p1a: Oricorio|Hurricane|p2a: Arceus\n|-resisted|p2a: Arceus\n|-damage|p2a: Arceus|51/100\n|-activate|p2a: Arceus|confusion\n|move|p2a: Arceus|Recover|p2a: Arceus\n|-heal|p2a: Arceus|100/100\n|\n|upkeep\n|turn|22\n|inactive|Time left: 300 sec this turn | 300 sec total\n|\n|t:|1783545485\n|move|p1a: Oricorio|Roost|p1a: Oricorio\n|-heal|p1a: Oricorio|272/272\n|-singleturn|p1a: Oricorio|move: Roost\n|-activate|p2a: Arceus|confusion\n|move|p2a: Arceus|Body Press|p1a: Oricorio\n|-resisted|p1a: Oricorio\n|-damage|p1a: Oricorio|159/272\n|\n|upkeep\n|turn|23\n|inactive|Time left: 300 sec this turn | 300 sec total\n|\n|t:|1783545486\n|move|p1a: Oricorio|Revelation Dance|p2a: Arceus\n|-resisted|p2a: Arceus\n|-damage|p2a: Arceus|80/100\n|-activate|p2a: Arceus|confusion\n|move|p2a: Arceus|Body Press|p1a: Oricorio\n|-resisted|p1a: Oricorio\n|-damage|p1a: Oricorio|95/272\n|\n|upkeep\n|turn|24\n|inactive|Time left: 300 sec this turn | 300 sec total\n|\n|t:|1783545488\n|move|p1a: Oricorio|Roost|p1a: Oricorio\n|-heal|p1a: Oricorio|231/272\n|-singleturn|p1a: Oricorio|move: Roost\n|-end|p2a: Arceus|confusion\n|move|p2a: Arceus|Body Press|p1a: Oricorio\n|-resisted|p1a: Oricorio\n|-damage|p1a: Oricorio|117/272\n|\n|upkeep\n|turn|25\n|inactive|Time left: 300 sec this turn | 300 sec total\n|\n|t:|1783545489\n|move|p1a: Oricorio|Roost|p1a: Oricorio\n|-heal|p1a: Oricorio|253/272\n|-singleturn|p1a: Oricorio|move: Roost\n|move|p2a: Arceus|Body Press|p1a: Oricorio\n|-resisted|p1a: Oricorio\n|-damage|p1a: Oricorio|130/272\n|\n|upkeep\n|turn|26\n|inactive|Time left: 300 sec this turn | 300 sec total\n|\n|t:|1783545490\n|move|p1a: Oricorio|Roost|p1a: Oricorio\n|-heal|p1a: Oricorio|266/272\n|-singleturn|p1a: Oricorio|move: Roost\n|move|p2a: Arceus|Body Press|p1a: Oricorio\n|-resisted|p1a: Oricorio\n|-damage|p1a: Oricorio|149/272\n|\n|upkeep\n|turn|27\n|inactive|Time left: 300 sec this turn | 300 sec total\n|\n|t:|1783545491\n|move|p1a: Oricorio|Roost|p1a: Oricorio\n|-heal|p1a: Oricorio|272/272\n|-singleturn|p1a: Oricorio|move: Roost\n|move|p2a: Arceus|Body Press|p1a: Oricorio\n|-resisted|p1a: Oricorio\n|-damage|p1a: Oricorio|150/272\n|\n|upkeep\n|turn|28\n|inactive|Time left: 300 sec this turn | 300 sec total\n|\n|t:|1783545492\n|move|p1a: Oricorio|Roost|p1a: Oricorio\n|-heal|p1a: Oricorio|272/272\n|-singleturn|p1a: Oricorio|move: Roost\n|move|p2a: Arceus|Body Press|p1a: Oricorio\n|-resisted|p1a: Oricorio\n|-damage|p1a: Oricorio|146/272\n|\n|upkeep\n|turn|29\n|inactive|Time left: 300 sec this turn | 300 sec total\n|\n|t:|1783545493\n|move|p1a: Oricorio|Roost|p1a: Oricorio\n|-heal|p1a: Oricorio|272/272\n|-singleturn|p1a: Oricorio|move: Roost\n|move|p2a: Arceus|Body Press|p1a: Oricorio\n|-resisted|p1a: Oricorio\n|-damage|p1a: Oricorio|149/272\n|\n|upkeep\n|turn|30\n|inactive|Time left: 300 sec this turn | 300 sec total\n|\n|t:|1783545494\n|move|p1a: Oricorio|Hurricane|p2a: Arceus\n|-resisted|p2a: Arceus\n|-damage|p2a: Arceus|56/100\n|-start|p2a: Arceus|confusion\n|-activate|p2a: Arceus|confusion\n|-damage|p2a: Arceus|54/100|[from] confusion\n|\n|upkeep\n|turn|31\n|inactive|Time left: 300 sec this turn | 300 sec total\n|\n|t:|1783545495\n|move|p1a: Oricorio|Revelation Dance|p2a: Arceus\n|-resisted|p2a: Arceus\n|-damage|p2a: Arceus|34/100\n|-activate|p2a: Arceus|confusion\n|-damage|p2a: Arceus|31/100|[from] confusion\n|\n|upkeep\n|turn|32\n|inactive|Time left: 300 sec this turn | 300 sec total\n|\n|t:|1783545497\n|move|p1a: Oricorio|Revelation Dance|p2a: Arceus\n|-resisted|p2a: Arceus\n|-damage|p2a: Arceus|13/100\n|-end|p2a: Arceus|confusion\n|move|p2a: Arceus|Recover|p2a: Arceus\n|-heal|p2a: Arceus|63/100\n|\n|upkeep\n|turn|33\n|inactive|Time left: 300 sec this turn | 300 sec total\n|\n|t:|1783545498\n|move|p1a: Oricorio|Hurricane|p2a: Arceus|[miss]\n|-miss|p1a: Oricorio|p2a: Arceus\n|move|p2a: Arceus|Cosmic Power|p2a: Arceus\n|-boost|p2a: Arceus|def|1\n|-boost|p2a: Arceus|spd|1\n|\n|upkeep\n|turn|34\n|inactive|Time left: 300 sec this turn | 300 sec total\n|\n|t:|1783545499\n|move|p1a: Oricorio|Hurricane|p2a: Arceus\n|-resisted|p2a: Arceus\n|-damage|p2a: Arceus|42/100\n|-start|p2a: Arceus|confusion\n|-activate|p2a: Arceus|confusion\n|move|p2a: Arceus|Body Press|p1a: Oricorio\n|-resisted|p1a: Oricorio\n|-damage|p1a: Oricorio|73/272\n|\n|upkeep\n|turn|35\n|inactive|Time left: 300 sec this turn | 300 sec total\n|\n|t:|1783545500\n|move|p1a: Oricorio|Roost|p1a: Oricorio\n|-heal|p1a: Oricorio|209/272\n|-singleturn|p1a: Oricorio|move: Roost\n|-end|p2a: Arceus|confusion\n|move|p2a: Arceus|Body Press|p1a: Oricorio\n|-resisted|p1a: Oricorio\n|-crit|p1a: Oricorio\n|-damage|p1a: Oricorio|0 fnt\n|faint|p1a: Oricorio\n|\n|upkeep\n|inactive|Time left: 300 sec this turn | 300 sec total | 5 sec grace\n|\n|t:|1783545501\n|switch|p1a: Landorus|Landorus-Therian, L76, M|165/260\n|-ability|p1a: Landorus|Intimidate|boost\n|-unboost|p2a: Arceus|atk|1\n|turn|36\n|inactive|Time left: 300 sec this turn | 300 sec total\n|\n|t:|1783545502\n|move|p2a: Arceus|Body Press|p1a: Landorus\n|-resisted|p1a: Landorus\n|-damage|p1a: Landorus|30/260\n|move|p1a: Landorus|Earthquake|p2a: Arceus\n|-supereffective|p2a: Arceus\n|-damage|p2a: Arceus|15/100\n|\n|-heal|p1a: Landorus|46/260|[from] item: Leftovers\n|upkeep\n|turn|37\n|inactive|Time left: 300 sec this turn | 300 sec total\n|\n|t:|1783545502\n|move|p2a: Arceus|Body Press|p1a: Landorus\n|-resisted|p1a: Landorus\n|-damage|p1a: Landorus|0 fnt\n|faint|p1a: Landorus\n|\n|upkeep\n|inactive|Time left: 300 sec this turn | 300 sec total | 5 sec grace\n|\n|t:|1783545503\n|switch|p1a: Glalie|Glalie, L96, F|309/309\n|turn|38\n|inactive|Time left: 300 sec this turn | 300 sec total\n|\n|t:|1783545504\n|move|p2a: Arceus|Body Press|p1a: Glalie\n|-supereffective|p1a: Glalie\n|-damage|p1a: Glalie|0 fnt\n|faint|p1a: Glalie\n|\n|upkeep\n|inactive|Time left: 300 sec this turn | 300 sec total | 5 sec grace\n|\n|t:|1783545505\n|switch|p1a: Rotom|Rotom-Frost, L87|229/229\n|turn|39\n|inactive|Time left: 300 sec this turn | 300 sec total\n|\n|t:|1783545506\n|move|p2a: Arceus|Recover|p2a: Arceus\n|-heal|p2a: Arceus|65/100\n|move|p1a: Rotom|Will-O-Wisp|p2a: Arceus\n|-status|p2a: Arceus|brn\n|\n|-damage|p2a: Arceus|59/100 brn|[from] brn\n|upkeep\n|turn|40\n|inactive|Time left: 300 sec this turn | 300 sec total\n|\n|t:|1783545507\n|move|p2a: Arceus|Stored Power|p1a: Rotom\n|-damage|p1a: Rotom|140/229\n|move|p1a: Rotom|Nasty Plot|p1a: Rotom\n|-boost|p1a: Rotom|spa|2\n|\n|-damage|p2a: Arceus|53/100 brn|[from] brn\n|upkeep\n|turn|41\n|inactive|Time left: 300 sec this turn | 300 sec total\n|\n|t:|1783545508\n|switch|p1a: Mabosstiff|Mabosstiff, L86, F|223/278\n|move|p2a: Arceus|Stored Power|p1a: Mabosstiff\n|-immune|p1a: Mabosstiff\n|\n|-damage|p2a: Arceus|47/100 brn|[from] brn\n|upkeep\n|turn|42\n|inactive|Time left: 300 sec this turn | 300 sec total\n|\n|t:|1783545509\n|switch|p1a: Rotom|Rotom-Frost, L87|140/229\n|move|p2a: Arceus|Body Press|p1a: Rotom\n|-supereffective|p1a: Rotom\n|-crit|p1a: Rotom\n|-damage|p1a: Rotom|0 fnt\n|faint|p1a: Rotom\n|\n|-damage|p2a: Arceus|41/100 brn|[from] brn\n|upkeep\n|inactive|Time left: 300 sec this turn | 300 sec total | 5 sec grace\n|\n|t:|1783545510\n|switch|p1a: Mabosstiff|Mabosstiff, L86, F|223/278\n|turn|43\n|inactive|Time left: 300 sec this turn | 300 sec total\n|\n|t:|1783545510\n|switch|p2a: Delibird|Delibird, F|100/100\n|move|p1a: Mabosstiff|Play Rough|p2a: Delibird\n|-damage|p2a: Delibird|0 fnt\n|faint|p2a: Delibird\n|\n|upkeep\n|\n|t:|1783545511\n|switch|p2a: Galvantula|Galvantula, L82, F|100/100\n|turn|44\n|inactive|Time left: 300 sec this turn | 300 sec total\n|\n|t:|1783545512\n|move|p2a: Galvantula|Bug Buzz|p1a: Mabosstiff\n|-supereffective|p1a: Mabosstiff\n|-damage|p1a: Mabosstiff|5/278\n|move|p1a: Mabosstiff|Play Rough|p2a: Galvantula\n|-damage|p2a: Galvantula|34/100\n|\n|upkeep\n|turn|45\n|inactive|Time left: 300 sec this turn | 300 sec total\n|\n|t:|1783545513\n|move|p2a: Galvantula|Energy Ball|p1a: Mabosstiff\n|-damage|p1a: Mabosstiff|0 fnt\n|faint|p1a: Mabosstiff\n|\n|win|p0y551bd48", "uploadtime": 1783545513, "views": 0, "rating": 0, "private": 0, "password": null, "_winner": "p0y551bd48", "_our_name": "p0x5515662"}