{"id": "battle-gen9randombattle-1510", "formatid": "gen9randombattle", "format": "[Gen 9] Random Battle", "players": ["p0x15102296", "p0y151041b1"], "log": "|init|battle\n|title|p0x15102296 vs. p0y151041b1\n|j|\u2606p0x15102296\n|j|\u2606p0y151041b1\n|t:|1783556640\n|gametype|singles\n|player|p1|p0x15102296|2|\n|player|p2|p0y151041b1|102|\n|gen|9\n|tier|[Gen 9] Random Battle\n|rule|Species Clause: Limit one of each Pok\u00e9mon\n|rule|HP Percentage Mod: HP is shown in percentages\n|rule|Sleep Clause Mod: Limit one foe put to sleep\n|rule|Illusion Level Mod: Illusion disguises the Pok\u00e9mon's true level\n|\n|t:|1783556640\n|teamsize|p1|6\n|teamsize|p2|6\n|start\n|switch|p1a: Avalugg|Avalugg-Hisui, L90, M|317/317\n|switch|p2a: Manaphy|Manaphy, L78|100/100\n|turn|1\n|inactive|Battle timer is ON: inactive players will automatically lose when time's up. (requested by p0y151041b1)\n|inactive|Time left: 300 sec this turn | 300 sec total | 60 sec grace\n|inactive|p0x15102296 also wants the timer to be on.\n|\n|t:|1783556642\n|move|p2a: Manaphy|Tail Glow|p2a: Manaphy\n|-boost|p2a: Manaphy|spa|3\n|move|p1a: Avalugg|Stone Edge|p2a: Manaphy|[miss]\n|-miss|p1a: Avalugg|p2a: Manaphy\n|\n|upkeep\n|turn|2\n|inactive|Time left: 300 sec this turn | 300 sec total\n|\n|t:|1783556643\n|move|p2a: Manaphy|Surf|p1a: Avalugg\n|-supereffective|p1a: Avalugg\n|-ability|p1a: Avalugg|Sturdy\n|-damage|p1a: Avalugg|1/317\n|move|p1a: Avalugg|Stone Edge|p2a: Manaphy|[miss]\n|-miss|p1a: Avalugg|p2a: Manaphy\n|\n|upkeep\n|turn|3\n|inactive|Time left: 300 sec this turn | 300 sec total\n|\n|t:|1783556644\n|move|p2a: Manaphy|Surf|p1a: Avalugg\n|-supereffective|p1a: Avalugg\n|-damage|p1a: Avalugg|0 fnt\n|faint|p1a: Avalugg\n|\n|upkeep\n|inactive|Time left: 300 sec this turn | 300 sec total | 5 sec grace\n|\n|t:|1783556645\n|switch|p1a: Tauros|Tauros-Paldea-Aqua, L81, M|254/254\n|-ability|p1a: Tauros|Intimidate|boost\n|-unboost|p2a: Manaphy|atk|1\n|turn|4\n|inactive|Time left: 300 sec this turn | 300 sec total\n|\n|t:|1783556646\n|move|p1a: Tauros|Close Combat|p2a: Manaphy\n|-damage|p2a: Manaphy|47/100\n|-unboost|p1a: Tauros|def|1\n|-unboost|p1a: Tauros|spd|1\n|-damage|p1a: Tauros|229/254|[from] item: Life Orb\n|move|p2a: Manaphy|Energy Ball|p1a: Tauros\n|-supereffective|p1a: Tauros\n|-damage|p1a: Tauros|0 fnt\n|faint|p1a: Tauros\n|\n|-heal|p2a: Manaphy|53/100|[from] item: Leftovers\n|upkeep\n|inactive|Time left: 300 sec this turn | 300 sec total | 5 sec grace\n|\n|t:|1783556647\n|switch|p1a: Gengar|Gengar, L81, F|230/230\n|turn|5\n|inactive|Time left: 300 sec this turn | 300 sec total\n|\n|t:|1783556648\n|move|p1a: Gengar|Sludge Wave|p2a: Manaphy\n|-damage|p2a: Manaphy|0 fnt\n|faint|p2a: Manaphy\n|\n|upkeep\n|\n|t:|1783556650\n|switch|p2a: Metagross|Metagross, L79|100/100\n|turn|6\n|inactive|Time left: 300 sec this turn | 300 sec total\n|\n|t:|1783556651\n|switch|p1a: Alomomola|Alomomola, L87, F|429/429\n|move|p2a: Metagross|Heavy Slam|p1a: Alomomola\n|-resisted|p1a: Alomomola\n|-damage|p1a: Alomomola|315/429\n|\n|upkeep\n|turn|7\n|inactive|Time left: 300 sec this turn | 300 sec total\n|\n|t:|1783556652\n|move|p1a: Alomomola|Scald|p2a: Metagross\n|-damage|p2a: Metagross|79/100\n|move|p2a: Metagross|Heavy Slam|p1a: Alomomola\n|-resisted|p1a: Alomomola\n|-damage|p1a: Alomomola|201/429\n|\n|upkeep\n|turn|8\n|inactive|Time left: 300 sec this turn | 300 sec total\n|\n|t:|1783556653\n|move|p1a: Alomomola|Scald|p2a: Metagross\n|-damage|p2a: Metagross|58/100\n|move|p2a: Metagross|Heavy Slam|p1a: Alomomola\n|-resisted|p1a: Alomomola\n|-damage|p1a: Alomomola|78/429\n|\n|upkeep\n|turn|9\n|inactive|Time left: 300 sec this turn | 300 sec total\n|\n|t:|1783556654\n|move|p1a: Alomomola|Scald|p2a: Metagross\n|-damage|p2a: Metagross|39/100\n|move|p2a: Metagross|Heavy Slam|p1a: Alomomola\n|-resisted|p1a: Alomomola\n|-damage|p1a: Alomomola|0 fnt\n|faint|p1a: Alomomola\n|\n|upkeep\n|inactive|Time left: 300 sec this turn | 300 sec total | 5 sec grace\n|\n|t:|1783556655\n|switch|p1a: Gengar|Gengar, L81, F|230/230\n|turn|10\n|inactive|Time left: 300 sec this turn | 300 sec total\n|\n|t:|1783556656\n|move|p1a: Gengar|Shadow Ball|p2a: Metagross\n|-supereffective|p2a: Metagross\n|-damage|p2a: Metagross|0 fnt\n|faint|p2a: Metagross\n|\n|upkeep\n|\n|t:|1783556658\n|switch|p2a: Inteleon|Inteleon, L81, F|100/100\n|turn|11\n|inactive|Time left: 300 sec this turn | 300 sec total\n|\n|t:|1783556659\n|move|p2a: Inteleon|Hydro Pump|p1a: Gengar\n|-damage|p1a: Gengar|4/230\n|-start|p2a: Inteleon|Disable|Hydro Pump|[from] ability: Cursed Body|[of] p1a: Gengar\n|move|p1a: Gengar|Shadow Ball|p2a: Inteleon\n|-damage|p2a: Inteleon|27/100\n|\n|upkeep\n|turn|12\n|inactive|Time left: 300 sec this turn | 300 sec total\n|\n|t:|1783556660\n|switch|p2a: Darkrai|Darkrai, L77|100/100\n|move|p1a: Gengar|Shadow Ball|p2a: Darkrai\n|-resisted|p2a: Darkrai\n|-damage|p2a: Darkrai|64/100\n|\n|upkeep\n|turn|13\n|inactive|Time left: 300 sec this turn | 300 sec total\n|\n|t:|1783556661\n|move|p2a: Darkrai|Sludge Bomb|p1a: Gengar\n|-resisted|p1a: Gengar\n|-damage|p1a: Gengar|0 fnt\n|faint|p1a: Gengar\n|-damage|p2a: Darkrai|54/100|[from] item: Life Orb\n|\n|upkeep\n|inactive|Time left: 300 sec this turn | 300 sec total | 5 sec grace\n|\n|t:|1783556662\n|switch|p1a: Arcanine|Arcanine-Hisui, L79, M|280/280\n|turn|14\n|inactive|Time left: 300 sec this turn | 300 sec total\n|\n|t:|1783556663\n|move|p2a: Darkrai|Hypnosis|p1a: Arcanine|[miss]\n|-miss|p2a: Darkrai|p1a: Arcanine\n|move|p1a: Arcanine|Flare Blitz|p2a: Darkrai\n|-damage|p2a: Darkrai|0 fnt\n|faint|p2a: Darkrai\n|\n|upkeep\n|\n|t:|1783556664\n|switch|p2a: Inteleon|Inteleon, L81, F|27/100\n|turn|15\n|inactive|Time left: 300 sec this turn | 300 sec total\n|\n|t:|1783556665\n|move|p1a: Arcanine|Extreme Speed|p2a: Inteleon\n|-damage|p2a: Inteleon|0 fnt\n|faint|p2a: Inteleon\n|\n|upkeep\n|\n|t:|1783556666\n|switch|p2a: Toedscruel|Toedscruel, L87, M|100/100\n|turn|16\n|inactive|Time left: 300 sec this turn | 300 sec total\n|\n|t:|1783556667\n|-terastallize|p1a: Arcanine|Normal\n|move|p2a: Toedscruel|Focus Blast|p1a: Arcanine\n|-supereffective|p1a: Arcanine\n|-damage|p1a: Arcanine|0 fnt\n|faint|p1a: Arcanine\n|\n|upkeep\n|inactive|Time left: 300 sec this turn | 300 sec total | 5 sec grace\n|\n|t:|1783556668\n|switch|p1a: Terapagos|Terapagos, L77, M|265/265\n|-activate|p1a: Terapagos|ability: Tera Shift\n|detailschange|p1a: Terapagos|Terapagos-Terastal, L77, M\n|-heal|p1a: Terapagos|273/273|[silent]\n|turn|17\n|inactive|Time left: 300 sec this turn | 300 sec total\n|\n|t:|1783556668\n|move|p2a: Toedscruel|Focus Blast|p1a: Terapagos|[miss]\n|-miss|p2a: Toedscruel|p1a: Terapagos\n|move|p1a: Terapagos|Calm Mind|p1a: Terapagos\n|-boost|p1a: Terapagos|spa|1\n|-boost|p1a: Terapagos|spd|1\n|\n|upkeep\n|turn|18\n|inactive|Time left: 300 sec this turn | 300 sec total\n|\n|t:|1783556669\n|move|p2a: Toedscruel|Focus Blast|p1a: Terapagos\n|-activate|p1a: Terapagos|ability: Tera Shell\n|-resisted|p1a: Terapagos\n|-damage|p1a: Terapagos|225/273\n|move|p1a: Terapagos|Rest|p1a: Terapagos\n|-status|p1a: Terapagos|slp|[from] move: Rest\n|-heal|p1a: Terapagos|273/273 slp|[silent]\n|-enditem|p1a: Terapagos|Chesto Berry|[eat]\n|-curestatus|p1a: Terapagos|slp|[msg]\n|\n|upkeep\n|turn|19\n|inactive|Time left: 300 sec this turn | 300 sec total\n|\n|t:|1783556670\n|move|p2a: Toedscruel|Focus Blast|p1a: Terapagos|[miss]\n|-miss|p2a: Toedscruel|p1a: Terapagos\n|move|p1a: Terapagos|Earth Power|p2a: Toedscruel\n|-damage|p2a: Toedscruel|54/100\n|replace|p2a: Zoroark|Zoroark, L83, M\n|-end|p2a: Zoroark|Illusion\n|-hint|Illusion Level Mod is active, so this Pok\u00e9mon's true level was hidden.\n|\n|upkeep\n|turn|20\n|inactive|Time left: 300 sec this turn | 300 sec total\n|\n|t:|1783556671\n|move|p2a: Zoroark|Focus Blast|p1a: Terapagos\n|-activate|p1a: Terapagos|ability: Tera Shell\n|-resisted|p1a: Terapagos\n|-damage|p1a: Terapagos|225/273\n|move|p1a: Terapagos|Earth Power|p2a: Zoroark\n|-damage|p2a: Zoroark|2/100\n|\n|upkeep\n|turn|21\n|inactive|Time left: 300 sec this turn | 300 sec total\n|\n|t:|1783556672\n|move|p2a: Zoroark|Focus Blast|p1a: Terapagos\n|-supereffective|p1a: Terapagos\n|-damage|p1a: Terapagos|53/273\n|move|p1a: Terapagos|Earth Power|p2a: Zoroark\n|-damage|p2a: Zoroark|0 fnt\n|faint|p2a: Zoroark\n|\n|upkeep\n|\n|t:|1783556672\n|switch|p2a: Toedscruel|Toedscruel, L87, M|100/100\n|turn|22\n|inactive|Time left: 300 sec this turn | 300 sec total\n|\n|t:|1783556673\n|move|p2a: Toedscruel|Earth Power|p1a: Terapagos\n|-damage|p1a: Terapagos|0 fnt\n|faint|p1a: Terapagos\n|\n|win|p0y151041b1", "uploadtime": 1783556673, "views": 0, "rating": 0, "private": 0, "password": null, "_winner": "p0y151041b1", "_our_name": "p0x15102296"}