{"id": "battle-gen9randombattle-2921", "formatid": "gen9randombattle", "format": "[Gen 9] Random Battle", "players": ["p0x2922d431", "p0y2922c260"], "log": "|init|battle\n|title|p0x2922d431 vs. p0y2922c260\n|j|\u2606p0x2922d431\n|j|\u2606p0y2922c260\n|t:|1783573642\n|gametype|singles\n|player|p1|p0x2922d431|266|\n|player|p2|p0y2922c260|170|\n|gen|9\n|tier|[Gen 9] Random Battle\n|rule|Species Clause: Limit one of each Pok\u00e9mon\n|rule|HP Percentage Mod: HP is shown in percentages\n|rule|Sleep Clause Mod: Limit one foe put to sleep\n|rule|Illusion Level Mod: Illusion disguises the Pok\u00e9mon's true level\n|\n|t:|1783573642\n|teamsize|p1|6\n|teamsize|p2|6\n|start\n|switch|p1a: Honchkrow|Honchkrow, L86, F|100/100\n|switch|p2a: Sableye|Sableye, L88, F|231/231\n|turn|1\n|inactive|Battle timer is ON: inactive players will automatically lose when time's up. (requested by p0y2922c260)\n|inactive|p0x2922d431 also wants the timer to be on.\n|\n|t:|1783573644\n|move|p1a: Honchkrow|Brave Bird|p2a: Sableye\n|-damage|p2a: Sableye|47/231\n|-damage|p1a: Honchkrow|81/100|[from] Recoil\n|move|p2a: Sableye|Knock Off|p1a: Honchkrow\n|-resisted|p1a: Honchkrow\n|-damage|p1a: Honchkrow|59/100\n|-enditem|p1a: Honchkrow|Heavy-Duty Boots|[from] move: Knock Off|[of] p2a: Sableye\n|\n|-heal|p2a: Sableye|61/231|[from] item: Leftovers\n|upkeep\n|turn|2\n|inactive|Time left: 300 sec this turn | 300 sec total\n|\n|t:|1783573645\n|switch|p2a: Zamazenta|Zamazenta-Crowned, L68|238/238\n|-ability|p2a: Zamazenta|Dauntless Shield|boost\n|-boost|p2a: Zamazenta|def|1\n|move|p1a: Honchkrow|Brave Bird|p2a: Zamazenta\n|-damage|p2a: Zamazenta|142/238\n|-damage|p1a: Honchkrow|49/100|[from] Recoil\n|\n|upkeep\n|turn|3\n|inactive|Time left: 300 sec this turn | 300 sec total\n|\n|t:|1783573646\n|switch|p1a: Raichu|Raichu, L88, F|100/100\n|move|p2a: Zamazenta|Body Press|p1a: Raichu\n|-damage|p1a: Raichu|34/100\n|\n|upkeep\n|turn|4\n|inactive|Time left: 300 sec this turn | 300 sec total\n|\n|t:|1783573648\n|move|p1a: Raichu|Volt Switch|p2a: Zamazenta\n|-damage|p2a: Zamazenta|51/238\n|\n|t:|1783573648\n|switch|p1a: Raikou|Raikou, L81|100/100|[from] Volt Switch\n|-ability|p1a: Raikou|Pressure\n|move|p2a: Zamazenta|Body Press|p1a: Raikou\n|-damage|p1a: Raikou|49/100\n|\n|-heal|p1a: Raikou|56/100|[from] item: Leftovers\n|upkeep\n|turn|5\n|inactive|Time left: 300 sec this turn | 300 sec total\n|\n|t:|1783573650\n|switch|p2a: Oranguru|Oranguru, L92, F|315/315\n|move|p1a: Raikou|Thunderbolt|p2a: Oranguru\n|-damage|p2a: Oranguru|239/315\n|\n|-heal|p1a: Raikou|62/100|[from] item: Leftovers\n|-heal|p2a: Oranguru|258/315|[from] item: Leftovers\n|upkeep\n|turn|6\n|inactive|Time left: 300 sec this turn | 300 sec total\n|\n|t:|1783573651\n|move|p1a: Raikou|Calm Mind|p1a: Raikou\n|-boost|p1a: Raikou|spa|1\n|-boost|p1a: Raikou|spd|1\n|move|p2a: Oranguru|Nasty Plot|p2a: Oranguru\n|-boost|p2a: Oranguru|spa|2\n|\n|-heal|p1a: Raikou|68/100|[from] item: Leftovers\n|-heal|p2a: Oranguru|277/315|[from] item: Leftovers\n|upkeep\n|turn|7\n|inactive|Time left: 300 sec this turn | 300 sec total\n|\n|t:|1783573652\n|move|p1a: Raikou|Substitute|p1a: Raikou\n|-start|p1a: Raikou|Substitute\n|-damage|p1a: Raikou|43/100\n|move|p2a: Oranguru|Psychic|p1a: Raikou\n|-end|p1a: Raikou|Substitute\n|\n|-heal|p1a: Raikou|49/100|[from] item: Leftovers\n|-heal|p2a: Oranguru|296/315|[from] item: Leftovers\n|upkeep\n|turn|8\n|inactive|Time left: 300 sec this turn | 300 sec total\n|\n|t:|1783573653\n|move|p1a: Raikou|Calm Mind|p1a: Raikou\n|-boost|p1a: Raikou|spa|1\n|-boost|p1a: Raikou|spd|1\n|move|p2a: Oranguru|Psychic|p1a: Raikou\n|-damage|p1a: Raikou|11/100\n|-unboost|p1a: Raikou|spd|1\n|\n|-heal|p1a: Raikou|17/100|[from] item: Leftovers\n|-heal|p2a: Oranguru|315/315|[from] item: Leftovers\n|upkeep\n|turn|9\n|inactive|Time left: 300 sec this turn | 300 sec total\n|\n|t:|1783573654\n|move|p1a: Raikou|Thunderbolt|p2a: Oranguru\n|-damage|p2a: Oranguru|165/315\n|move|p2a: Oranguru|Psychic|p1a: Raikou\n|-crit|p1a: Raikou\n|-damage|p1a: Raikou|0 fnt\n|faint|p1a: Raikou\n|\n|-heal|p2a: Oranguru|184/315|[from] item: Leftovers\n|upkeep\n|\n|t:|1783573655\n|switch|p1a: Honchkrow|Honchkrow, L86, F|49/100\n|turn|10\n|inactive|Time left: 300 sec this turn | 300 sec total\n|\n|t:|1783573656\n|move|p1a: Honchkrow|Lash Out|p2a: Oranguru\n|-supereffective|p2a: Oranguru\n|-damage|p2a: Oranguru|0 fnt\n|faint|p2a: Oranguru\n|-ability|p1a: Honchkrow|Moxie|boost\n|-boost|p1a: Honchkrow|atk|1\n|\n|upkeep\n|inactive|Time left: 300 sec this turn | 300 sec total | 5 sec grace\n|\n|t:|1783573657\n|switch|p2a: Bombirdier|Bombirdier, L85, M|258/258\n|turn|11\n|inactive|Time left: 300 sec this turn | 300 sec total\n|\n|t:|1783573658\n|move|p2a: Bombirdier|Brave Bird|p1a: Honchkrow\n|-damage|p1a: Honchkrow|0 fnt\n|faint|p1a: Honchkrow\n|-damage|p2a: Bombirdier|208/258|[from] Recoil\n|\n|upkeep\n|\n|t:|1783573659\n|switch|p1a: Hatterene|Hatterene, L85, F|100/100\n|turn|12\n|inactive|Time left: 300 sec this turn | 300 sec total\n|\n|t:|1783573660\n|move|p2a: Bombirdier|Brave Bird|p1a: Hatterene\n|-damage|p1a: Hatterene|16/100\n|-damage|p2a: Bombirdier|142/258|[from] Recoil\n|move|p1a: Hatterene|Draining Kiss|p2a: Bombirdier\n|-supereffective|p2a: Bombirdier\n|-damage|p2a: Bombirdier|0 fnt\n|-heal|p1a: Hatterene|62/100|[from] drain|[of] p2a: Bombirdier\n|faint|p2a: Bombirdier\n|\n|upkeep\n|inactive|Time left: 300 sec this turn | 300 sec total | 5 sec grace\n|\n|t:|1783573661\n|switch|p2a: Zamazenta|Zamazenta-Crowned, L68|51/238\n|turn|13\n|inactive|Time left: 300 sec this turn | 300 sec total\n|\n|t:|1783573662\n|move|p2a: Zamazenta|Heavy Slam|p1a: Hatterene\n|-supereffective|p1a: Hatterene\n|-damage|p1a: Hatterene|0 fnt\n|faint|p1a: Hatterene\n|\n|upkeep\n|\n|t:|1783573663\n|switch|p1a: Raichu|Raichu, L88, F|34/100\n|turn|14\n|inactive|Time left: 300 sec this turn | 300 sec total\n|\n|t:|1783573664\n|switch|p2a: Jumpluff|Jumpluff, L87, M|271/271\n|move|p1a: Raichu|Thunderbolt|p2a: Jumpluff\n|-damage|p2a: Jumpluff|127/271\n|\n|upkeep\n|turn|15\n|inactive|Time left: 300 sec this turn | 300 sec total\n|\n|t:|1783573665\n|move|p1a: Raichu|Thunderbolt|p2a: Jumpluff\n|-damage|p2a: Jumpluff|0 fnt\n|faint|p2a: Jumpluff\n|\n|upkeep\n|inactive|Time left: 300 sec this turn | 300 sec total | 5 sec grace\n|\n|t:|1783573667\n|switch|p2a: Annihilape|Annihilape, L76, F|292/292\n|turn|16\n|inactive|Time left: 300 sec this turn | 300 sec total\n|\n|t:|1783573668\n|move|p1a: Raichu|Thunderbolt|p2a: Annihilape\n|-damage|p2a: Annihilape|139/292\n|move|p2a: Annihilape|Drain Punch|p1a: Raichu\n|-damage|p1a: Raichu|0 fnt\n|-heal|p2a: Annihilape|181/292|[from] drain|[of] p1a: Raichu\n|faint|p1a: Raichu\n|\n|-heal|p2a: Annihilape|199/292|[from] item: Leftovers\n|upkeep\n|\n|t:|1783573668\n|switch|p1a: Whimsicott|Whimsicott, L84, F|100/100\n|turn|17\n|inactive|Time left: 300 sec this turn | 300 sec total\n|\n|t:|1783573669\n|move|p1a: Whimsicott|Moonblast|p2a: Annihilape\n|-supereffective|p2a: Annihilape\n|-damage|p2a: Annihilape|13/292\n|move|p2a: Annihilape|Gunk Shot|p1a: Whimsicott\n|-supereffective|p1a: Whimsicott\n|-damage|p1a: Whimsicott|0 fnt\n|faint|p1a: Whimsicott\n|\n|-heal|p2a: Annihilape|31/292|[from] item: Leftovers\n|upkeep\n|\n|t:|1783573670\n|switch|p1a: Komala|Komala, L87, F|100/100\n|-ability|p1a: Komala|Comatose\n|turn|18\n|inactive|Time left: 300 sec this turn | 300 sec total\n|\n|t:|1783573671\n|-terastallize|p1a: Komala|Ghost\n|move|p2a: Annihilape|Drain Punch|p1a: Komala\n|-immune|p1a: Komala\n|move|p1a: Komala|Earthquake|p2a: Annihilape\n|-damage|p2a: Annihilape|0 fnt\n|faint|p2a: Annihilape\n|\n|upkeep\n|inactive|Time left: 300 sec this turn | 300 sec total | 5 sec grace\n|\n|t:|1783573672\n|switch|p2a: Sableye|Sableye, L88, F|61/231\n|turn|19\n|inactive|Time left: 300 sec this turn | 300 sec total\n|\n|t:|1783573673\n|move|p2a: Sableye|Recover|p2a: Sableye\n|-heal|p2a: Sableye|177/231\n|move|p1a: Komala|Knock Off|p2a: Sableye\n|-damage|p2a: Sableye|91/231\n|-enditem|p2a: Sableye|Leftovers|[from] move: Knock Off|[of] p1a: Komala\n|\n|upkeep\n|turn|20\n|inactive|Time left: 300 sec this turn | 300 sec total\n|\n|t:|1783573673\n|move|p2a: Sableye|Recover|p2a: Sableye\n|-heal|p2a: Sableye|207/231\n|move|p1a: Komala|Earthquake|p2a: Sableye\n|-damage|p2a: Sableye|120/231\n|\n|upkeep\n|turn|21\n|inactive|Time left: 300 sec this turn | 300 sec total\n|\n|t:|1783573674\n|move|p1a: Komala|Earthquake|p2a: Sableye\n|-damage|p2a: Sableye|34/231\n|move|p2a: Sableye|Knock Off|p1a: Komala\n|-supereffective|p1a: Komala\n|-damage|p1a: Komala|16/100\n|-enditem|p1a: Komala|Assault Vest|[from] move: Knock Off|[of] p2a: Sableye\n|\n|upkeep\n|turn|22\n|inactive|Time left: 300 sec this turn | 300 sec total\n|\n|t:|1783573675\n|-terastallize|p2a: Sableye|Steel\n|move|p2a: Sableye|Encore|p1a: Komala\n|-start|p1a: Komala|Encore\n|move|p1a: Komala|Earthquake|p2a: Sableye\n|-supereffective|p2a: Sableye\n|-damage|p2a: Sableye|0 fnt\n|faint|p2a: Sableye\n|\n|upkeep\n|inactive|Time left: 300 sec this turn | 300 sec total | 5 sec grace\n|\n|t:|1783573676\n|switch|p2a: Zamazenta|Zamazenta-Crowned, L68|51/238\n|turn|23\n|inactive|Time left: 300 sec this turn | 300 sec total\n|\n|t:|1783573677\n|move|p2a: Zamazenta|Heavy Slam|p1a: Komala\n|-damage|p1a: Komala|0 fnt\n|faint|p1a: Komala\n|\n|win|p0y2922c260", "uploadtime": 1783573677, "views": 0, "rating": 0, "private": 0, "password": null, "_winner": "p0y2922c260", "_our_name": "p0y2922c260"}