{"id": "battle-gen9randombattle-549", "formatid": "gen9randombattle", "format": "[Gen 9] Random Battle", "players": ["p0x549e146", "p0y5496d35"], "log": "|init|battle\n|title|p0x549e146 vs. p0y5496d35\n|j|\u2606p0x549e146\n|j|\u2606p0y5496d35\n|t:|1783545437\n|gametype|singles\n|player|p1|p0x549e146|169|\n|player|p2|p0y5496d35|170|\n|gen|9\n|tier|[Gen 9] Random Battle\n|rule|Species Clause: Limit one of each Pok\u00e9mon\n|rule|HP Percentage Mod: HP is shown in percentages\n|rule|Sleep Clause Mod: Limit one foe put to sleep\n|rule|Illusion Level Mod: Illusion disguises the Pok\u00e9mon's true level\n|\n|t:|1783545437\n|teamsize|p1|6\n|teamsize|p2|6\n|start\n|switch|p1a: Venusaur|Venusaur, L84, M|272/272\n|switch|p2a: Luvdisc|Luvdisc, F|100/100\n|turn|1\n|inactive|Battle timer is ON: inactive players will automatically lose when time's up. (requested by p0y5496d35)\n|inactive|Time left: 300 sec this turn | 300 sec total | 60 sec grace\n|\n|t:|1783545439\n|move|p2a: Luvdisc|Flip Turn|p1a: Venusaur\n|-resisted|p1a: Venusaur\n|-damage|p1a: Venusaur|249/272\n|inactive|p0x549e146 also wants the timer to be on.\n|\n|t:|1783545440\n|switch|p2a: Glastrier|Glastrier, L86|100/100|[from] Flip Turn\n|move|p1a: Venusaur|Sludge Bomb|p2a: Glastrier\n|-damage|p2a: Glastrier|74/100\n|-status|p2a: Glastrier|psn\n|\n|-heal|p1a: Venusaur|266/272|[from] item: Leftovers\n|-damage|p2a: Glastrier|61/100 psn|[from] psn\n|upkeep\n|turn|2\n|inactive|Time left: 300 sec this turn | 300 sec total\n|\n|t:|1783545441\n|move|p1a: Venusaur|Substitute|p1a: Venusaur\n|-start|p1a: Venusaur|Substitute\n|-damage|p1a: Venusaur|198/272\n|move|p2a: Glastrier|Icicle Crash|p1a: Venusaur\n|-supereffective|p1a: Venusaur\n|-end|p1a: Venusaur|Substitute\n|\n|-heal|p1a: Venusaur|215/272|[from] item: Leftovers\n|-damage|p2a: Glastrier|49/100 psn|[from] psn\n|upkeep\n|turn|3\n|inactive|Time left: 300 sec this turn | 300 sec total\n|\n|t:|1783545442\n|switch|p1a: Volcanion|Volcanion, L79|255/255\n|move|p2a: Glastrier|Icicle Crash|p1a: Volcanion\n|-resisted|p1a: Volcanion\n|-crit|p1a: Volcanion\n|-damage|p1a: Volcanion|212/255\n|\n|-damage|p2a: Glastrier|36/100 psn|[from] psn\n|upkeep\n|turn|4\n|inactive|Time left: 300 sec this turn | 300 sec total\n|\n|t:|1783545444\n|switch|p2a: Vaporeon|Vaporeon, L86, M|100/100\n|move|p1a: Volcanion|Flame Charge|p2a: Vaporeon\n|-resisted|p2a: Vaporeon\n|-damage|p2a: Vaporeon|91/100\n|-boost|p1a: Volcanion|spe|1\n|\n|-heal|p2a: Vaporeon|97/100|[from] item: Leftovers\n|upkeep\n|turn|5\n|inactive|Time left: 300 sec this turn | 300 sec total\n|\n|t:|1783545445\n|move|p2a: Vaporeon|Protect|p2a: Vaporeon\n|-singleturn|p2a: Vaporeon|Protect\n|move|p1a: Volcanion|Sludge Bomb|p2a: Vaporeon\n|-activate|p2a: Vaporeon|move: Protect\n|\n|-heal|p2a: Vaporeon|100/100|[from] item: Leftovers\n|upkeep\n|turn|6\n|inactive|Time left: 300 sec this turn | 300 sec total\n|\n|t:|1783545446\n|move|p1a: Volcanion|Sludge Bomb|p2a: Vaporeon\n|-damage|p2a: Vaporeon|83/100\n|move|p2a: Vaporeon|Wish|p2a: Vaporeon\n|\n|-heal|p2a: Vaporeon|89/100|[from] item: Leftovers\n|upkeep\n|turn|7\n|inactive|Time left: 300 sec this turn | 300 sec total\n|\n|t:|1783545447\n|move|p1a: Volcanion|Flame Charge|p2a: Vaporeon\n|-resisted|p2a: Vaporeon\n|-damage|p2a: Vaporeon|80/100\n|-boost|p1a: Volcanion|spe|1\n|move|p2a: Vaporeon|Haze|p2a: Vaporeon\n|-clearallboost\n|\n|-heal|p2a: Vaporeon|100/100|[from] move: Wish|[wisher] Vaporeon\n|upkeep\n|turn|8\n|inactive|Time left: 300 sec this turn | 300 sec total\n|\n|t:|1783545448\n|move|p2a: Vaporeon|Protect|p2a: Vaporeon\n|-singleturn|p2a: Vaporeon|Protect\n|move|p1a: Volcanion|Sludge Bomb|p2a: Vaporeon\n|-activate|p2a: Vaporeon|move: Protect\n|\n|upkeep\n|turn|9\n|inactive|Time left: 300 sec this turn | 300 sec total\n|\n|t:|1783545449\n|move|p2a: Vaporeon|Wish|p2a: Vaporeon\n|move|p1a: Volcanion|Sludge Bomb|p2a: Vaporeon\n|-damage|p2a: Vaporeon|83/100\n|-status|p2a: Vaporeon|psn\n|\n|-heal|p2a: Vaporeon|89/100 psn|[from] item: Leftovers\n|-damage|p2a: Vaporeon|77/100 psn|[from] psn\n|upkeep\n|turn|10\n|inactive|Time left: 300 sec this turn | 300 sec total\n|\n|t:|1783545450\n|move|p2a: Vaporeon|Haze|p2a: Vaporeon\n|-clearallboost\n|move|p1a: Volcanion|Steam Eruption|p2a: Vaporeon\n|-heal|p2a: Vaporeon|100/100 psn|[from] ability: Water Absorb|[of] p1a: Volcanion\n|\n|-damage|p2a: Vaporeon|88/100 psn|[from] psn\n|upkeep\n|turn|11\n|inactive|Time left: 300 sec this turn | 300 sec total\n|\n|t:|1783545451\n|move|p2a: Vaporeon|Wish|p2a: Vaporeon\n|move|p1a: Volcanion|Flamethrower|p2a: Vaporeon\n|-resisted|p2a: Vaporeon\n|-damage|p2a: Vaporeon|74/100 psn\n|\n|-heal|p2a: Vaporeon|80/100 psn|[from] item: Leftovers\n|-damage|p2a: Vaporeon|67/100 psn|[from] psn\n|upkeep\n|turn|12\n|inactive|Time left: 300 sec this turn | 300 sec total\n|\n|t:|1783545452\n|move|p2a: Vaporeon|Protect|p2a: Vaporeon\n|-singleturn|p2a: Vaporeon|Protect\n|move|p1a: Volcanion|Flamethrower|p2a: Vaporeon\n|-activate|p2a: Vaporeon|move: Protect\n|\n|-heal|p2a: Vaporeon|100/100 psn|[from] move: Wish|[wisher] Vaporeon\n|-damage|p2a: Vaporeon|88/100 psn|[from] psn\n|upkeep\n|turn|13\n|inactive|Time left: 300 sec this turn | 300 sec total\n|\n|t:|1783545453\n|move|p2a: Vaporeon|Wish|p2a: Vaporeon\n|move|p1a: Volcanion|Flame Charge|p2a: Vaporeon\n|-resisted|p2a: Vaporeon\n|-damage|p2a: Vaporeon|79/100 psn\n|-boost|p1a: Volcanion|spe|1\n|\n|-heal|p2a: Vaporeon|85/100 psn|[from] item: Leftovers\n|-damage|p2a: Vaporeon|72/100 psn|[from] psn\n|upkeep\n|turn|14\n|inactive|Time left: 300 sec this turn | 300 sec total\n|\n|t:|1783545453\n|move|p1a: Volcanion|Flamethrower|p2a: Vaporeon\n|-resisted|p2a: Vaporeon\n|-damage|p2a: Vaporeon|58/100 psn\n|move|p2a: Vaporeon|Haze|p2a: Vaporeon\n|-clearallboost\n|\n|-heal|p2a: Vaporeon|100/100 psn|[from] move: Wish|[wisher] Vaporeon\n|-damage|p2a: Vaporeon|88/100 psn|[from] psn\n|upkeep\n|turn|15\n|inactive|Time left: 300 sec this turn | 300 sec total\n|\n|t:|1783545454\n|move|p2a: Vaporeon|Wish|p2a: Vaporeon\n|move|p1a: Volcanion|Flamethrower|p2a: Vaporeon\n|-resisted|p2a: Vaporeon\n|-damage|p2a: Vaporeon|75/100 psn\n|\n|-heal|p2a: Vaporeon|81/100 psn|[from] item: Leftovers\n|-damage|p2a: Vaporeon|69/100 psn|[from] psn\n|upkeep\n|turn|16\n|inactive|Time left: 300 sec this turn | 300 sec total\n|\n|t:|1783545455\n|move|p2a: Vaporeon|Wish||[still]\n|-fail|p2a: Vaporeon\n|move|p1a: Volcanion|Flame Charge|p2a: Vaporeon\n|-resisted|p2a: Vaporeon\n|-damage|p2a: Vaporeon|60/100 psn\n|-boost|p1a: Volcanion|spe|1\n|\n|-heal|p2a: Vaporeon|100/100 psn|[from] move: Wish|[wisher] Vaporeon\n|-damage|p2a: Vaporeon|88/100 psn|[from] psn\n|upkeep\n|turn|17\n|inactive|Time left: 300 sec this turn | 300 sec total\n|\n|t:|1783545456\n|move|p1a: Volcanion|Flame Charge|p2a: Vaporeon\n|-resisted|p2a: Vaporeon\n|-damage|p2a: Vaporeon|79/100 psn\n|-boost|p1a: Volcanion|spe|1\n|move|p2a: Vaporeon|Haze|p2a: Vaporeon\n|-clearallboost\n|\n|-heal|p2a: Vaporeon|85/100 psn|[from] item: Leftovers\n|-damage|p2a: Vaporeon|73/100 psn|[from] psn\n|upkeep\n|turn|18\n|inactive|Time left: 300 sec this turn | 300 sec total\n|\n|t:|1783545457\n|move|p2a: Vaporeon|Wish|p2a: Vaporeon\n|move|p1a: Volcanion|Flamethrower|p2a: Vaporeon\n|-resisted|p2a: Vaporeon\n|-damage|p2a: Vaporeon|58/100 psn\n|\n|-heal|p2a: Vaporeon|65/100 psn|[from] item: Leftovers\n|-damage|p2a: Vaporeon|52/100 psn|[from] psn\n|upkeep\n|turn|19\n|inactive|Time left: 300 sec this turn | 300 sec total\n|\n|t:|1783545458\n|move|p2a: Vaporeon|Protect|p2a: Vaporeon\n|-singleturn|p2a: Vaporeon|Protect\n|move|p1a: Volcanion|Flame Charge|p2a: Vaporeon\n|-activate|p2a: Vaporeon|move: Protect\n|\n|-heal|p2a: Vaporeon|100/100 psn|[from] move: Wish|[wisher] Vaporeon\n|-damage|p2a: Vaporeon|88/100 psn|[from] psn\n|upkeep\n|turn|20\n|inactive|Time left: 300 sec this turn | 300 sec total\n|\n|t:|1783545459\n|move|p2a: Vaporeon|Wish|p2a: Vaporeon\n|move|p1a: Volcanion|Flame Charge|p2a: Vaporeon\n|-resisted|p2a: Vaporeon\n|-damage|p2a: Vaporeon|79/100 psn\n|-boost|p1a: Volcanion|spe|1\n|\n|-heal|p2a: Vaporeon|85/100 psn|[from] item: Leftovers\n|-damage|p2a: Vaporeon|72/100 psn|[from] psn\n|upkeep\n|turn|21\n|inactive|Time left: 300 sec this turn | 300 sec total\n|\n|t:|1783545460\n|move|p1a: Volcanion|Flame Charge|p2a: Vaporeon\n|-resisted|p2a: Vaporeon\n|-damage|p2a: Vaporeon|63/100 psn\n|-boost|p1a: Volcanion|spe|1\n|move|p2a: Vaporeon|Haze|p2a: Vaporeon\n|-clearallboost\n|\n|-heal|p2a: Vaporeon|100/100 psn|[from] move: Wish|[wisher] Vaporeon\n|-damage|p2a: Vaporeon|88/100 psn|[from] psn\n|upkeep\n|turn|22\n|inactive|Time left: 300 sec this turn | 300 sec total\n|\n|t:|1783545462\n|move|p2a: Vaporeon|Wish|p2a: Vaporeon\n|move|p1a: Volcanion|Flamethrower|p2a: Vaporeon\n|-resisted|p2a: Vaporeon\n|-damage|p2a: Vaporeon|76/100 psn\n|\n|-heal|p2a: Vaporeon|82/100 psn|[from] item: Leftovers\n|-damage|p2a: Vaporeon|69/100 psn|[from] psn\n|upkeep\n|turn|23\n|inactive|Time left: 300 sec this turn | 300 sec total\n|\n|t:|1783545462\n|move|p2a: Vaporeon|Scald|p1a: Volcanion\n|-heal|p1a: Volcanion|255/255|[from] ability: Water Absorb|[of] p2a: Vaporeon\n|move|p1a: Volcanion|Flamethrower|p2a: Vaporeon\n|-resisted|p2a: Vaporeon\n|-damage|p2a: Vaporeon|56/100 psn\n|\n|-heal|p2a: Vaporeon|100/100 psn|[from] move: Wish|[wisher] Vaporeon\n|-damage|p2a: Vaporeon|88/100 psn|[from] psn\n|upkeep\n|turn|24\n|inactive|Time left: 300 sec this turn | 300 sec total\n|\n|t:|1783545464\n|move|p2a: Vaporeon|Wish|p2a: Vaporeon\n|move|p1a: Volcanion|Flame Charge|p2a: Vaporeon\n|-resisted|p2a: Vaporeon\n|-damage|p2a: Vaporeon|80/100 psn\n|-boost|p1a: Volcanion|spe|1\n|\n|-heal|p2a: Vaporeon|86/100 psn|[from] item: Leftovers\n|-damage|p2a: Vaporeon|73/100 psn|[from] psn\n|upkeep\n|turn|25\n|inactive|Time left: 300 sec this turn | 300 sec total\n|\n|t:|1783545465\n|move|p1a: Volcanion|Flame Charge|p2a: Vaporeon\n|-resisted|p2a: Vaporeon\n|-damage|p2a: Vaporeon|65/100 psn\n|-boost|p1a: Volcanion|spe|1\n|move|p2a: Vaporeon|Scald|p1a: Volcanion\n|-immune|p1a: Volcanion|[from] ability: Water Absorb\n|\n|-heal|p2a: Vaporeon|100/100 psn|[from] move: Wish|[wisher] Vaporeon\n|-damage|p2a: Vaporeon|88/100 psn|[from] psn\n|upkeep\n|turn|26\n|inactive|Time left: 300 sec this turn | 300 sec total\n|\n|t:|1783545466\n|move|p1a: Volcanion|Sludge Bomb|p2a: Vaporeon\n|-damage|p2a: Vaporeon|71/100 psn\n|move|p2a: Vaporeon|Haze|p2a: Vaporeon\n|-clearallboost\n|\n|-heal|p2a: Vaporeon|77/100 psn|[from] item: Leftovers\n|-damage|p2a: Vaporeon|65/100 psn|[from] psn\n|upkeep\n|turn|27\n|inactive|Time left: 300 sec this turn | 300 sec total\n|\n|t:|1783545467\n|move|p2a: Vaporeon|Wish|p2a: Vaporeon\n|move|p1a: Volcanion|Flame Charge|p2a: Vaporeon\n|-resisted|p2a: Vaporeon\n|-damage|p2a: Vaporeon|56/100 psn\n|-boost|p1a: Volcanion|spe|1\n|\n|-heal|p2a: Vaporeon|62/100 psn|[from] item: Leftovers\n|-damage|p2a: Vaporeon|50/100 psn|[from] psn\n|upkeep\n|turn|28\n|inactive|Time left: 300 sec this turn | 300 sec total\n|\n|t:|1783545468\n|move|p1a: Volcanion|Sludge Bomb|p2a: Vaporeon\n|-damage|p2a: Vaporeon|32/100 psn\n|move|p2a: Vaporeon|Scald|p1a: Volcanion\n|-immune|p1a: Volcanion|[from] ability: Water Absorb\n|\n|-heal|p2a: Vaporeon|82/100 psn|[from] move: Wish|[wisher] Vaporeon\n|-heal|p2a: Vaporeon|88/100 psn|[from] item: Leftovers\n|-damage|p2a: Vaporeon|75/100 psn|[from] psn\n|upkeep\n|turn|29\n|inactive|Time left: 300 sec this turn | 300 sec total\n|\n|t:|1783545469\n|move|p1a: Volcanion|Sludge Bomb|p2a: Vaporeon\n|-damage|p2a: Vaporeon|58/100 psn\n|move|p2a: Vaporeon|Wish|p2a: Vaporeon\n|\n|-heal|p2a: Vaporeon|64/100 psn|[from] item: Leftovers\n|-damage|p2a: Vaporeon|51/100 psn|[from] psn\n|upkeep\n|turn|30\n|inactive|Time left: 300 sec this turn | 300 sec total\n|\n|t:|1783545470\n|move|p2a: Vaporeon|Protect|p2a: Vaporeon\n|-singleturn|p2a: Vaporeon|Protect\n|move|p1a: Volcanion|Sludge Bomb|p2a: Vaporeon\n|-activate|p2a: Vaporeon|move: Protect\n|\n|-heal|p2a: Vaporeon|100/100 psn|[from] move: Wish|[wisher] Vaporeon\n|-damage|p2a: Vaporeon|88/100 psn|[from] psn\n|upkeep\n|turn|31\n|inactive|Time left: 300 sec this turn | 300 sec total\n|\n|t:|1783545471\n|move|p1a: Volcanion|Sludge Bomb|p2a: Vaporeon\n|-damage|p2a: Vaporeon|71/100 psn\n|move|p2a: Vaporeon|Wish|p2a: Vaporeon\n|\n|-heal|p2a: Vaporeon|77/100 psn|[from] item: Leftovers\n|-damage|p2a: Vaporeon|65/100 psn|[from] psn\n|upkeep\n|turn|32\n|inactive|Time left: 300 sec this turn | 300 sec total\n|\n|t:|1783545472\n|move|p1a: Volcanion|Sludge Bomb|p2a: Vaporeon\n|-damage|p2a: Vaporeon|48/100 psn\n|move|p2a: Vaporeon|Haze|p2a: Vaporeon\n|-clearallboost\n|\n|-heal|p2a: Vaporeon|98/100 psn|[from] move: Wish|[wisher] Vaporeon\n|-heal|p2a: Vaporeon|100/100 psn|[from] item: Leftovers\n|-damage|p2a: Vaporeon|88/100 psn|[from] psn\n|upkeep\n|turn|33\n|inactive|Time left: 300 sec this turn | 300 sec total\n|\n|t:|1783545473\n|move|p2a: Vaporeon|Wish|p2a: Vaporeon\n|move|p1a: Volcanion|Flamethrower|p2a: Vaporeon\n|-resisted|p2a: Vaporeon\n|-damage|p2a: Vaporeon|75/100 psn\n|\n|-heal|p2a: Vaporeon|82/100 psn|[from] item: Leftovers\n|-damage|p2a: Vaporeon|69/100 psn|[from] psn\n|upkeep\n|turn|34\n|inactive|Time left: 300 sec this turn | 300 sec total\n|\n|t:|1783545474\n|move|p2a: Vaporeon|Scald|p1a: Volcanion\n|-immune|p1a: Volcanion|[from] ability: Water Absorb\n|move|p1a: Volcanion|Flame Charge|p2a: Vaporeon\n|-resisted|p2a: Vaporeon\n|-damage|p2a: Vaporeon|60/100 psn\n|-boost|p1a: Volcanion|spe|1\n|\n|-heal|p2a: Vaporeon|100/100 psn|[from] move: Wish|[wisher] Vaporeon\n|-damage|p2a: Vaporeon|88/100 psn|[from] psn\n|upkeep\n|turn|35\n|inactive|Time left: 300 sec this turn | 300 sec total\n|\n|t:|1783545475\n|move|p1a: Volcanion|Flame Charge|p2a: Vaporeon\n|-resisted|p2a: Vaporeon\n|-damage|p2a: Vaporeon|79/100 psn\n|-boost|p1a: Volcanion|spe|1\n|move|p2a: Vaporeon|Wish|p2a: Vaporeon\n|\n|-heal|p2a: Vaporeon|85/100 psn|[from] item: Leftovers\n|-damage|p2a: Vaporeon|73/100 psn|[from] psn\n|upkeep\n|turn|36\n|inactive|Time left: 300 sec this turn | 300 sec total\n|\n|t:|1783545477\n|move|p1a: Volcanion|Flame Charge|p2a: Vaporeon\n|-resisted|p2a: Vaporeon\n|-damage|p2a: Vaporeon|63/100 psn\n|-boost|p1a: Volcanion|spe|1\n|move|p2a: Vaporeon|Haze|p2a: Vaporeon\n|-clearallboost\n|\n|-heal|p2a: Vaporeon|100/100 psn|[from] move: Wish|[wisher] Vaporeon\n|-damage|p2a: Vaporeon|88/100 psn|[from] psn\n|upkeep\n|turn|37\n|inactive|Time left: 300 sec this turn | 300 sec total\n|\n|t:|1783545478\n|move|p2a: Vaporeon|Wish|p2a: Vaporeon\n|move|p1a: Volcanion|Flame Charge|p2a: Vaporeon\n|-resisted|p2a: Vaporeon\n|-damage|p2a: Vaporeon|78/100 psn\n|-boost|p1a: Volcanion|spe|1\n|\n|-heal|p2a: Vaporeon|84/100 psn|[from] item: Leftovers\n|-damage|p2a: Vaporeon|72/100 psn|[from] psn\n|upkeep\n|turn|38\n|inactive|Time left: 300 sec this turn | 300 sec total\n|\n|t:|1783545479\n|move|p1a: Volcanion|Flame Charge|p2a: Vaporeon\n|-resisted|p2a: Vaporeon\n|-crit|p2a: Vaporeon\n|-damage|p2a: Vaporeon|58/100 psn\n|-boost|p1a: Volcanion|spe|1\n|move|p2a: Vaporeon|Scald|p1a: Volcanion\n|-immune|p1a: Volcanion|[from] ability: Water Absorb\n|\n|-heal|p2a: Vaporeon|100/100 psn|[from] move: Wish|[wisher] Vaporeon\n|-damage|p2a: Vaporeon|88/100 psn|[from] psn\n|upkeep\n|turn|39\n|inactive|Time left: 300 sec this turn | 300 sec total\n|\n|t:|1783545480\n|move|p1a: Volcanion|Flame Charge|p2a: Vaporeon\n|-resisted|p2a: Vaporeon\n|-damage|p2a: Vaporeon|79/100 psn\n|-boost|p1a: Volcanion|spe|1\n|move|p2a: Vaporeon|Haze|p2a: Vaporeon\n|-clearallboost\n|\n|-heal|p2a: Vaporeon|85/100 psn|[from] item: Leftovers\n|-damage|p2a: Vaporeon|72/100 psn|[from] psn\n|upkeep\n|turn|40\n|inactive|Time left: 300 sec this turn | 300 sec total\n|\n|t:|1783545482\n|move|p2a: Vaporeon|Protect|p2a: Vaporeon\n|-singleturn|p2a: Vaporeon|Protect\n|move|p1a: Volcanion|Flamethrower|p2a: Vaporeon\n|-activate|p2a: Vaporeon|move: Protect\n|\n|-heal|p2a: Vaporeon|79/100 psn|[from] item: Leftovers\n|-damage|p2a: Vaporeon|66/100 psn|[from] psn\n|upkeep\n|turn|41\n|inactive|Time left: 300 sec this turn | 300 sec total\n|\n|t:|1783545483\n|move|p2a: Vaporeon|Scald|p1a: Volcanion\n|-immune|p1a: Volcanion|[from] ability: Water Absorb\n|move|p1a: Volcanion|Flame Charge|p2a: Vaporeon\n|-resisted|p2a: Vaporeon\n|-damage|p2a: Vaporeon|57/100 psn\n|-boost|p1a: Volcanion|spe|1\n|\n|-heal|p2a: Vaporeon|63/100 psn|[from] item: Leftovers\n|-damage|p2a: Vaporeon|51/100 psn|[from] psn\n|upkeep\n|turn|42\n|inactive|Time left: 300 sec this turn | 300 sec total\n|\n|t:|1783545484\n|move|p1a: Volcanion|Flame Charge|p2a: Vaporeon\n|-resisted|p2a: Vaporeon\n|-damage|p2a: Vaporeon|42/100 psn\n|-boost|p1a: Volcanion|spe|1\n|move|p2a: Vaporeon|Haze|p2a: Vaporeon\n|-clearallboost\n|\n|-heal|p2a: Vaporeon|48/100 psn|[from] item: Leftovers\n|-damage|p2a: Vaporeon|36/100 psn|[from] psn\n|upkeep\n|turn|43\n|inactive|Time left: 300 sec this turn | 300 sec total\n|\n|t:|1783545485\n|move|p2a: Vaporeon|Scald|p1a: Volcanion\n|-immune|p1a: Volcanion|[from] ability: Water Absorb\n|move|p1a: Volcanion|Flamethrower|p2a: Vaporeon\n|-resisted|p2a: Vaporeon\n|-damage|p2a: Vaporeon|22/100 psn\n|\n|-heal|p2a: Vaporeon|29/100 psn|[from] item: Leftovers\n|-damage|p2a: Vaporeon|16/100 psn|[from] psn\n|upkeep\n|turn|44\n|inactive|Time left: 300 sec this turn | 300 sec total\n|\n|t:|1783545486\n|switch|p2a: Mimikyu|Mimikyu, L79, F|100/100\n|move|p1a: Volcanion|Flame Charge|p2a: Mimikyu\n|-activate|p2a: Mimikyu|ability: Disguise\n|-damage|p2a: Mimikyu|100/100\n|-boost|p1a: Volcanion|spe|1\n|detailschange|p2a: Mimikyu|Mimikyu-Busted, L79, F\n|-damage|p2a: Mimikyu|88/100|[from] pokemon: Mimikyu-Busted\n|\n|upkeep\n|turn|45\n|inactive|Time left: 300 sec this turn | 300 sec total\n|\n|t:|1783545487\n|switch|p2a: Vaporeon|Vaporeon, L86, M|16/100 psn\n|move|p1a: Volcanion|Flamethrower|p2a: Vaporeon\n|-resisted|p2a: Vaporeon\n|-damage|p2a: Vaporeon|2/100 psn\n|\n|-heal|p2a: Vaporeon|8/100 psn|[from] item: Leftovers\n|-damage|p2a: Vaporeon|0 fnt|[from] psn\n|faint|p2a: Vaporeon\n|upkeep\n|\n|t:|1783545488\n|switch|p2a: Haxorus|Haxorus, L77, M|100/100\n|-ability|p2a: Haxorus|Mold Breaker\n|turn|46\n|inactive|Time left: 300 sec this turn | 300 sec total\n|\n|t:|1783545489\n|move|p1a: Volcanion|Steam Eruption|p2a: Haxorus\n|-resisted|p2a: Haxorus\n|-damage|p2a: Haxorus|65/100\n|move|p2a: Haxorus|Swords Dance|p2a: Haxorus\n|-boost|p2a: Haxorus|atk|2\n|\n|upkeep\n|turn|47\n|inactive|Time left: 300 sec this turn | 300 sec total\n|\n|t:|1783545490\n|move|p1a: Volcanion|Steam Eruption|p2a: Haxorus\n|-resisted|p2a: Haxorus\n|-damage|p2a: Haxorus|30/100\n|move|p2a: Haxorus|Earthquake|p1a: Volcanion\n|-supereffective|p1a: Volcanion\n|-damage|p1a: Volcanion|0 fnt\n|faint|p1a: Volcanion\n|\n|upkeep\n|inactive|Time left: 300 sec this turn | 300 sec total | 5 sec grace\n|\n|t:|1783545491\n|switch|p1a: Dragapult|Dragapult, L77, F|262/262\n|turn|48\n|inactive|Time left: 300 sec this turn | 300 sec total\n|\n|t:|1783545493\n|move|p1a: Dragapult|Hex|p2a: Haxorus\n|-damage|p2a: Haxorus|0 fnt\n|faint|p2a: Haxorus\n|\n|upkeep\n|\n|t:|1783545494\n|switch|p2a: Krookodile|Krookodile, L79, F|100/100\n|-ability|p2a: Krookodile|Intimidate|boost\n|-unboost|p1a: Dragapult|atk|1\n|turn|49\n|inactive|Time left: 300 sec this turn | 300 sec total\n|\n|t:|1783545495\n|move|p1a: Dragapult|Will-O-Wisp|p2a: Krookodile|[miss]\n|-miss|p1a: Dragapult|p2a: Krookodile\n|move|p2a: Krookodile|Knock Off|p1a: Dragapult\n|-supereffective|p1a: Dragapult\n|-damage|p1a: Dragapult|0 fnt\n|-enditem|p1a: Dragapult|Heavy-Duty Boots|[from] move: Knock Off|[of] p2a: Krookodile\n|faint|p1a: Dragapult\n|-damage|p2a: Krookodile|90/100|[from] item: Life Orb\n|\n|upkeep\n|inactive|Time left: 300 sec this turn | 300 sec total | 5 sec grace\n|\n|t:|1783545496\n|switch|p1a: Articuno|Articuno, L86|295/295\n|-ability|p1a: Articuno|Pressure\n|turn|50\n|inactive|Time left: 300 sec this turn | 300 sec total\n|\n|t:|1783545497\n|move|p1a: Articuno|Freeze-Dry|p2a: Krookodile\n|-supereffective|p2a: Krookodile\n|-damage|p2a: Krookodile|26/100\n|move|p2a: Krookodile|Knock Off|p1a: Articuno\n|-damage|p1a: Articuno|162/295\n|-enditem|p1a: Articuno|Heavy-Duty Boots|[from] move: Knock Off|[of] p2a: Krookodile\n|-damage|p2a: Krookodile|16/100|[from] item: Life Orb\n|\n|upkeep\n|turn|51\n|inactive|Time left: 300 sec this turn | 300 sec total\n|\n|t:|1783545498\n|move|p1a: Articuno|Brave Bird|p2a: Krookodile\n|-damage|p2a: Krookodile|0 fnt\n|faint|p2a: Krookodile\n|-damage|p1a: Articuno|147/295|[from] Recoil\n|\n|upkeep\n|\n|t:|1783545499\n|switch|p2a: Mimikyu|Mimikyu-Busted, L79, F|88/100\n|turn|52\n|inactive|Time left: 300 sec this turn | 300 sec total\n|\n|t:|1783545500\n|move|p2a: Mimikyu|Swords Dance|p2a: Mimikyu\n|-boost|p2a: Mimikyu|atk|2\n|move|p1a: Articuno|Roost|p1a: Articuno\n|-heal|p1a: Articuno|295/295\n|-singleturn|p1a: Articuno|move: Roost\n|\n|upkeep\n|turn|53\n|inactive|Time left: 300 sec this turn | 300 sec total\n|\n|t:|1783545501\n|move|p2a: Mimikyu|Play Rough|p1a: Articuno\n|-damage|p1a: Articuno|103/295\n|-unboost|p1a: Articuno|atk|1\n|-damage|p2a: Mimikyu|78/100|[from] item: Life Orb\n|move|p1a: Articuno|Haze|p1a: Articuno\n|-clearallboost\n|\n|upkeep\n|turn|54\n|inactive|Time left: 300 sec this turn | 300 sec total\n|\n|t:|1783545502\n|move|p2a: Mimikyu|Swords Dance|p2a: Mimikyu\n|-boost|p2a: Mimikyu|atk|2\n|move|p1a: Articuno|Roost|p1a: Articuno\n|-heal|p1a: Articuno|251/295\n|-singleturn|p1a: Articuno|move: Roost\n|\n|upkeep\n|turn|55\n|inactive|Time left: 300 sec this turn | 300 sec total\n|\n|t:|1783545503\n|move|p2a: Mimikyu|Drain Punch|p1a: Articuno\n|-damage|p1a: Articuno|148/295\n|-heal|p2a: Mimikyu|100/100|[from] drain|[of] p1a: Articuno\n|-damage|p2a: Mimikyu|91/100|[from] item: Life Orb\n|move|p1a: Articuno|Haze|p1a: Articuno\n|-clearallboost\n|\n|upkeep\n|turn|56\n|inactive|Time left: 300 sec this turn | 300 sec total\n|\n|t:|1783545504\n|move|p2a: Mimikyu|Swords Dance|p2a: Mimikyu\n|-boost|p2a: Mimikyu|atk|2\n|move|p1a: Articuno|Roost|p1a: Articuno\n|-heal|p1a: Articuno|295/295\n|-singleturn|p1a: Articuno|move: Roost\n|\n|upkeep\n|turn|57\n|inactive|Time left: 300 sec this turn | 300 sec total\n|\n|t:|1783545505\n|move|p2a: Mimikyu|Play Rough|p1a: Articuno\n|-damage|p1a: Articuno|112/295\n|-damage|p2a: Mimikyu|81/100|[from] item: Life Orb\n|move|p1a: Articuno|Haze|p1a: Articuno\n|-clearallboost\n|\n|upkeep\n|turn|58\n|inactive|Time left: 300 sec this turn | 300 sec total\n|\n|t:|1783545505\n|move|p2a: Mimikyu|Swords Dance|p2a: Mimikyu\n|-boost|p2a: Mimikyu|atk|2\n|move|p1a: Articuno|Roost|p1a: Articuno\n|-heal|p1a: Articuno|260/295\n|-singleturn|p1a: Articuno|move: Roost\n|\n|upkeep\n|turn|59\n|inactive|Time left: 300 sec this turn | 300 sec total\n|\n|t:|1783545506\n|move|p2a: Mimikyu|Play Rough|p1a: Articuno\n|-crit|p1a: Articuno\n|-damage|p1a: Articuno|0 fnt\n|faint|p1a: Articuno\n|-damage|p2a: Mimikyu|71/100|[from] item: Life Orb\n|\n|upkeep\n|inactive|Time left: 300 sec this turn | 300 sec total | 5 sec grace\n|\n|t:|1783545507\n|switch|p1a: Venusaur|Venusaur, L84, M|215/272\n|turn|60\n|inactive|Time left: 300 sec this turn | 300 sec total\n|\n|t:|1783545508\n|move|p2a: Mimikyu|Swords Dance|p2a: Mimikyu\n|-boost|p2a: Mimikyu|atk|2\n|move|p1a: Venusaur|Sludge Bomb|p2a: Mimikyu\n|-damage|p2a: Mimikyu|30/100\n|\n|-heal|p1a: Venusaur|232/272|[from] item: Leftovers\n|upkeep\n|turn|61\n|inactive|Time left: 300 sec this turn | 300 sec total\n|\n|t:|1783545509\n|-terastallize|p2a: Mimikyu|Fighting\n|move|p2a: Mimikyu|Drain Punch|p1a: Venusaur\n|-resisted|p1a: Venusaur\n|-damage|p1a: Venusaur|86/272\n|-heal|p2a: Mimikyu|63/100|[from] drain|[of] p1a: Venusaur\n|-damage|p2a: Mimikyu|54/100|[from] item: Life Orb\n|move|p1a: Venusaur|Sludge Bomb|p2a: Mimikyu\n|-damage|p2a: Mimikyu|9/100\n|-status|p2a: Mimikyu|psn\n|\n|-heal|p1a: Venusaur|103/272|[from] item: Leftovers\n|-damage|p2a: Mimikyu|0 fnt|[from] psn\n|faint|p2a: Mimikyu\n|upkeep\n|\n|t:|1783545510\n|switch|p2a: Glastrier|Glastrier, L86|36/100 psn\n|turn|62\n|inactive|Time left: 300 sec this turn | 300 sec total\n|\n|t:|1783545511\n|move|p1a: Venusaur|Sludge Bomb|p2a: Glastrier\n|-damage|p2a: Glastrier|8/100 psn\n|move|p2a: Glastrier|Icicle Crash|p1a: Venusaur\n|-supereffective|p1a: Venusaur\n|-damage|p1a: Venusaur|0 fnt\n|faint|p1a: Venusaur\n|-ability|p2a: Glastrier|Chilling Neigh|boost\n|-boost|p2a: Glastrier|atk|1\n|\n|-damage|p2a: Glastrier|0 fnt|[from] psn\n|faint|p2a: Glastrier\n|upkeep\n|inactive|Time left: 300 sec this turn | 300 sec total | 5 sec grace\n|\n|t:|1783545513\n|switch|p1a: Gallade|Gallade, L80, M|240/240\n|switch|p2a: Luvdisc|Luvdisc, F|100/100\n|turn|63\n|inactive|Time left: 300 sec this turn | 300 sec total\n|\n|t:|1783545514\n|-terastallize|p1a: Gallade|Fighting\n|move|p2a: Luvdisc|Substitute|p2a: Luvdisc\n|-start|p2a: Luvdisc|Substitute\n|-damage|p2a: Luvdisc|76/100\n|move|p1a: Gallade|Sacred Sword|p2a: Luvdisc\n|-crit|p2a: Luvdisc\n|-end|p2a: Luvdisc|Substitute\n|-damage|p1a: Gallade|216/240|[from] item: Life Orb\n|\n|upkeep\n|turn|64\n|inactive|Time left: 300 sec this turn | 300 sec total\n|\n|t:|1783545515\n|move|p2a: Luvdisc|Substitute|p2a: Luvdisc\n|-start|p2a: Luvdisc|Substitute\n|-damage|p2a: Luvdisc|51/100\n|move|p1a: Gallade|Sacred Sword|p2a: Luvdisc\n|-end|p2a: Luvdisc|Substitute\n|-damage|p1a: Gallade|192/240|[from] item: Life Orb\n|\n|upkeep\n|turn|65\n|inactive|Time left: 300 sec this turn | 300 sec total\n|\n|t:|1783545515\n|move|p2a: Luvdisc|Substitute|p2a: Luvdisc\n|-start|p2a: Luvdisc|Substitute\n|-damage|p2a: Luvdisc|26/100\n|move|p1a: Gallade|Sacred Sword|p2a: Luvdisc\n|-end|p2a: Luvdisc|Substitute\n|-damage|p1a: Gallade|168/240|[from] item: Life Orb\n|\n|upkeep\n|turn|66\n|inactive|Time left: 300 sec this turn | 300 sec total\n|\n|t:|1783545516\n|move|p2a: Luvdisc|Substitute|p2a: Luvdisc\n|-start|p2a: Luvdisc|Substitute\n|-damage|p2a: Luvdisc|2/100\n|move|p1a: Gallade|Sacred Sword|p2a: Luvdisc\n|-end|p2a: Luvdisc|Substitute\n|-damage|p1a: Gallade|144/240|[from] item: Life Orb\n|\n|upkeep\n|turn|67\n|inactive|Time left: 300 sec this turn | 300 sec total\n|\n|t:|1783545517\n|move|p2a: Luvdisc|Endeavor|p1a: Gallade\n|-damage|p1a: Gallade|3/240\n|move|p1a: Gallade|Night Slash|p2a: Luvdisc\n|-damage|p2a: Luvdisc|0 fnt\n|faint|p2a: Luvdisc\n|-damage|p1a: Gallade|0 fnt|[from] item: Life Orb\n|faint|p1a: Gallade\n|\n|win|p0x549e146", "uploadtime": 1783545517, "views": 0, "rating": 0, "private": 0, "password": null, "_winner": "p0x549e146", "_our_name": "p0x549e146"}