{"id": "battle-gen9randombattle-210", "formatid": "gen9randombattle", "format": "[Gen 9] Random Battle", "players": ["p0x21047bb", "p0y210e8f6"], "log": "|init|battle\n|title|p0x21047bb vs. p0y210e8f6\n|j|\u2606p0x21047bb\n|j|\u2606p0y210e8f6\n|t:|1783536201\n|gametype|singles\n|player|p1|p0x21047bb|170|\n|player|p2|p0y210e8f6|102|\n|gen|9\n|tier|[Gen 9] Random Battle\n|rule|Species Clause: Limit one of each Pok\u00e9mon\n|rule|HP Percentage Mod: HP is shown in percentages\n|rule|Sleep Clause Mod: Limit one foe put to sleep\n|rule|Illusion Level Mod: Illusion disguises the Pok\u00e9mon's true level\n|\n|t:|1783536201\n|teamsize|p1|6\n|teamsize|p2|6\n|start\n|switch|p1a: Bombirdier|Bombirdier, L85, F|100/100\n|switch|p2a: Alcremie|Alcremie-Ruby-Swirl, L90, F|263/263\n|turn|1\n|inactive|Battle timer is ON: inactive players will automatically lose when time's up. (requested by p0x21047bb)\n|inactive|Time left: 300 sec this turn | 300 sec total | 60 sec grace\n|inactive|p0y210e8f6 also wants the timer to be on.\n|\n|t:|1783536202\n|move|p1a: Bombirdier|Stone Edge|p2a: Alcremie\n|-crit|p2a: Alcremie\n|-damage|p2a: Alcremie|0 fnt\n|faint|p2a: Alcremie\n|\n|upkeep\n|inactive|Time left: 300 sec this turn | 300 sec total | 65 sec grace\n|\n|t:|1783536203\n|switch|p2a: Slaking|Slaking, L84, M|389/389\n|turn|2\n|inactive|Time left: 300 sec this turn | 300 sec total\n|\n|t:|1783536204\n|switch|p1a: Pecharunt|Pecharunt, L77|100/100\n|move|p2a: Slaking|Giga Impact|p1a: Pecharunt\n|-immune|p1a: Pecharunt\n|\n|upkeep\n|turn|3\n|inactive|Time left: 300 sec this turn | 300 sec total\n|\n|t:|1783536205\n|cant|p2a: Slaking|ability: Truant\n|move|p1a: Pecharunt|Malignant Chain|p2a: Slaking\n|-damage|p2a: Slaking|278/389\n|-status|p2a: Slaking|tox\n|-start|p2a: Slaking|confusion|[from] ability: Poison Puppeteer|[of] p1a: Pecharunt\n|\n|-damage|p2a: Slaking|254/389 tox|[from] psn\n|upkeep\n|turn|4\n|inactive|Time left: 300 sec this turn | 300 sec total\n|\n|t:|1783536206\n|switch|p2a: Heracross|Heracross, L80, M|259/259\n|move|p1a: Pecharunt|Parting Shot|p2a: Heracross\n|-unboost|p2a: Heracross|atk|1\n|-unboost|p2a: Heracross|spa|1\n|\n|t:|1783536207\n|switch|p1a: Bombirdier|Bombirdier, L85, F|100/100|[from] Parting Shot\n|\n|upkeep\n|turn|5\n|inactive|Time left: 300 sec this turn | 300 sec total\n|\n|t:|1783536208\n|switch|p2a: Slaking|Slaking, L84, M|254/389 tox\n|move|p1a: Bombirdier|Brave Bird|p2a: Slaking\n|-damage|p2a: Slaking|61/389 tox\n|-damage|p1a: Bombirdier|76/100|[from] Recoil\n|\n|-damage|p2a: Slaking|37/389 tox|[from] psn\n|upkeep\n|turn|6\n|inactive|Time left: 300 sec this turn | 300 sec total\n|\n|t:|1783536209\n|switch|p1a: Pecharunt|Pecharunt, L77|100/100\n|move|p2a: Slaking|Knock Off|p1a: Pecharunt\n|-supereffective|p1a: Pecharunt\n|-crit|p1a: Pecharunt\n|-damage|p1a: Pecharunt|0 fnt\n|-enditem|p1a: Pecharunt|Leftovers|[from] move: Knock Off|[of] p2a: Slaking\n|faint|p1a: Pecharunt\n|\n|-damage|p2a: Slaking|0 fnt|[from] psn\n|faint|p2a: Slaking\n|upkeep\n|inactive|Time left: 300 sec this turn | 300 sec total | 5 sec grace\n|\n|t:|1783536210\n|switch|p2a: Iron Leaves|Iron Leaves, L80|275/275\n|switch|p1a: Metagross|Metagross, L79|100/100\n|turn|7\n|inactive|Time left: 300 sec this turn | 300 sec total\n|\n|t:|1783536211\n|move|p2a: Iron Leaves|Leaf Blade|p1a: Metagross\n|-resisted|p1a: Metagross\n|-damage|p1a: Metagross|75/100\n|move|p1a: Metagross|Heavy Slam|p2a: Iron Leaves\n|-damage|p2a: Iron Leaves|157/275\n|\n|-heal|p1a: Metagross|81/100|[from] item: Leftovers\n|upkeep\n|turn|8\n|inactive|Time left: 300 sec this turn | 300 sec total\n|\n|t:|1783536212\n|move|p2a: Iron Leaves|Leaf Blade|p1a: Metagross\n|-resisted|p1a: Metagross\n|-damage|p1a: Metagross|56/100\n|move|p1a: Metagross|Heavy Slam|p2a: Iron Leaves\n|-damage|p2a: Iron Leaves|27/275\n|\n|-heal|p1a: Metagross|63/100|[from] item: Leftovers\n|upkeep\n|turn|9\n|inactive|Time left: 300 sec this turn | 300 sec total\n|\n|t:|1783536213\n|move|p2a: Iron Leaves|Leaf Blade|p1a: Metagross\n|-resisted|p1a: Metagross\n|-crit|p1a: Metagross\n|-damage|p1a: Metagross|26/100\n|move|p1a: Metagross|Stealth Rock|p2a: Iron Leaves\n|-sidestart|p2: p0y210e8f6|move: Stealth Rock\n|\n|-heal|p1a: Metagross|33/100|[from] item: Leftovers\n|upkeep\n|turn|10\n|inactive|Time left: 300 sec this turn | 300 sec total\n|\n|t:|1783536214\n|switch|p1a: Hydrapple|Hydrapple, L83, M|100/100\n|move|p2a: Iron Leaves|Leaf Blade|p1a: Hydrapple\n|-resisted|p1a: Hydrapple\n|-damage|p1a: Hydrapple|89/100\n|\n|upkeep\n|turn|11\n|inactive|Time left: 300 sec this turn | 300 sec total\n|\n|t:|1783536214\n|move|p2a: Iron Leaves|Leaf Blade|p1a: Hydrapple\n|-resisted|p1a: Hydrapple\n|-damage|p1a: Hydrapple|77/100\n|move|p1a: Hydrapple|Fickle Beam|p2a: Iron Leaves|[anim] Fickle Beam All Out\n|-activate|p1a: Hydrapple|move: Fickle Beam\n|-damage|p2a: Iron Leaves|0 fnt\n|faint|p2a: Iron Leaves\n|-end|p2a: Iron Leaves|Quark Drive|[silent]\n|\n|upkeep\n|inactive|Time left: 300 sec this turn | 300 sec total | 5 sec grace\n|\n|t:|1783536215\n|switch|p2a: Heracross|Heracross, L80, M|259/259\n|-damage|p2a: Heracross|227/259|[from] Stealth Rock\n|turn|12\n|inactive|Time left: 300 sec this turn | 300 sec total\n|\n|t:|1783536216\n|move|p2a: Heracross|Megahorn|p1a: Hydrapple\n|-supereffective|p1a: Hydrapple\n|-damage|p1a: Hydrapple|0 fnt\n|faint|p1a: Hydrapple\n|-ability|p2a: Heracross|Moxie|boost\n|-boost|p2a: Heracross|atk|1\n|\n|upkeep\n|\n|t:|1783536217\n|switch|p1a: Toucannon|Toucannon, L88, M|100/100\n|turn|13\n|inactive|Time left: 300 sec this turn | 300 sec total\n|\n|t:|1783536218\n|-singleturn|p1a: Toucannon|move: Beak Blast\n|move|p2a: Heracross|Megahorn|p1a: Toucannon|[miss]\n|-miss|p2a: Heracross|p1a: Toucannon\n|move|p1a: Toucannon|Beak Blast|p2a: Heracross\n|-supereffective|p2a: Heracross\n|-damage|p2a: Heracross|0 fnt\n|faint|p2a: Heracross\n|\n|upkeep\n|inactive|Time left: 300 sec this turn | 300 sec total | 5 sec grace\n|\n|t:|1783536219\n|switch|p2a: Mewtwo|Mewtwo, L72|272/272\n|-damage|p2a: Mewtwo|238/272|[from] Stealth Rock\n|-ability|p2a: Mewtwo|Pressure\n|turn|14\n|inactive|Time left: 300 sec this turn | 300 sec total\n|\n|t:|1783536220\n|-singleturn|p1a: Toucannon|move: Beak Blast\n|move|p2a: Mewtwo|Nasty Plot|p2a: Mewtwo\n|-boost|p2a: Mewtwo|spa|2\n|move|p1a: Toucannon|Beak Blast|p2a: Mewtwo\n|-damage|p2a: Mewtwo|84/272\n|\n|upkeep\n|turn|15\n|inactive|Time left: 300 sec this turn | 300 sec total\n|\n|t:|1783536222\n|switch|p1a: Bombirdier|Bombirdier, L85, F|76/100\n|move|p2a: Mewtwo|Psystrike|p1a: Bombirdier\n|-immune|p1a: Bombirdier\n|\n|upkeep\n|turn|16\n|inactive|Time left: 300 sec this turn | 300 sec total\n|\n|t:|1783536223\n|-terastallize|p2a: Mewtwo|Fighting\n|move|p1a: Bombirdier|Sucker Punch|p2a: Mewtwo\n|-resisted|p2a: Mewtwo\n|-damage|p2a: Mewtwo|16/272\n|move|p2a: Mewtwo|Aura Sphere|p1a: Bombirdier\n|-damage|p1a: Bombirdier|0 fnt\n|faint|p1a: Bombirdier\n|-damage|p2a: Mewtwo|0 fnt|[from] item: Life Orb\n|faint|p2a: Mewtwo\n|\n|upkeep\n|inactive|Time left: 300 sec this turn | 300 sec total | 5 sec grace\n|\n|t:|1783536224\n|switch|p2a: Appletun|Appletun, L92, M|352/352\n|switch|p1a: Hitmonlee|Hitmonlee, L85, M|100/100\n|-damage|p2a: Appletun|308/352|[from] Stealth Rock\n|turn|17\n|inactive|Time left: 300 sec this turn | 300 sec total\n|\n|t:|1783536225\n|-terastallize|p1a: Hitmonlee|Poison\n|move|p1a: Hitmonlee|Swords Dance|p1a: Hitmonlee\n|-boost|p1a: Hitmonlee|atk|2\n|move|p2a: Appletun|Dragon Tail|p1a: Hitmonlee\n|-damage|p1a: Hitmonlee|54/100\n|drag|p1a: Toucannon|Toucannon, L88, M|100/100\n|\n|-heal|p2a: Appletun|330/352|[from] item: Leftovers\n|upkeep\n|turn|18\n|inactive|Time left: 300 sec this turn | 300 sec total\n|\n|t:|1783536226\n|-singleturn|p1a: Toucannon|move: Beak Blast\n|move|p1a: Toucannon|Beak Blast|p2a: Appletun\n|-supereffective|p2a: Appletun\n|-damage|p2a: Appletun|58/352\n|move|p2a: Appletun|Dragon Tail|p1a: Toucannon\n|-damage|p1a: Toucannon|73/100\n|drag|p1a: Metagross|Metagross, L79|33/100\n|\n|-heal|p1a: Metagross|39/100|[from] item: Leftovers\n|-heal|p2a: Appletun|80/352|[from] item: Leftovers\n|upkeep\n|turn|19\n|inactive|Time left: 300 sec this turn | 300 sec total\n|\n|t:|1783536227\n|move|p1a: Metagross|Psychic Fangs|p2a: Appletun\n|-damage|p2a: Appletun|0 fnt\n|faint|p2a: Appletun\n|\n|win|p0x21047bb", "uploadtime": 1783536227, "views": 0, "rating": 0, "private": 0, "password": null, "_winner": "p0x21047bb", "_our_name": "p0y210e8f6"}