{"id": "battle-gen9randombattle-567", "formatid": "gen9randombattle", "format": "[Gen 9] Random Battle", "players": ["p0x56754df", "p0y56719e7"], "log": "|init|battle\n|title|p0x56754df vs. p0y56719e7\n|j|\u2606p0x56754df\n|j|\u2606p0y56719e7\n|t:|1783545647\n|gametype|singles\n|player|p1|p0x56754df|101|\n|player|p2|p0y56719e7|265|\n|gen|9\n|tier|[Gen 9] Random Battle\n|rule|Species Clause: Limit one of each Pok\u00e9mon\n|rule|HP Percentage Mod: HP is shown in percentages\n|rule|Sleep Clause Mod: Limit one foe put to sleep\n|rule|Illusion Level Mod: Illusion disguises the Pok\u00e9mon's true level\n|\n|t:|1783545647\n|teamsize|p1|6\n|teamsize|p2|6\n|start\n|switch|p1a: Gliscor|Gliscor, L76, F|239/239\n|switch|p2a: Vivillon|Vivillon-Archipelago, L83, M|100/100\n|turn|1\n|inactive|Battle timer is ON: inactive players will automatically lose when time's up. (requested by p0x56754df)\n|inactive|p0y56719e7 also wants the timer to be on.\n|\n|t:|1783545649\n|move|p2a: Vivillon|Quiver Dance|p2a: Vivillon\n|-boost|p2a: Vivillon|spa|1\n|-boost|p2a: Vivillon|spd|1\n|-boost|p2a: Vivillon|spe|1\n|move|p1a: Gliscor|Toxic|p2a: Vivillon\n|-status|p2a: Vivillon|tox\n|\n|-damage|p2a: Vivillon|95/100 tox|[from] psn\n|-status|p1a: Gliscor|tox|[from] item: Toxic Orb\n|upkeep\n|turn|2\n|inactive|Time left: 300 sec this turn | 300 sec total\n|\n|t:|1783545650\n|switch|p1a: Regice|Regice, L88|284/284\n|move|p2a: Vivillon|Hurricane|p1a: Regice\n|-crit|p1a: Regice\n|-damage|p1a: Regice|164/284\n|\n|-damage|p2a: Vivillon|83/100 tox|[from] psn\n|upkeep\n|turn|3\n|inactive|Time left: 300 sec this turn | 300 sec total\n|\n|t:|1783545651\n|move|p2a: Vivillon|Sleep Powder|p1a: Regice\n|-status|p1a: Regice|slp|[from] move: Sleep Powder\n|cant|p1a: Regice|slp\n|\n|-damage|p2a: Vivillon|65/100 tox|[from] psn\n|upkeep\n|turn|4\n|inactive|Time left: 300 sec this turn | 300 sec total\n|\n|t:|1783545652\n|move|p2a: Vivillon|Quiver Dance|p2a: Vivillon\n|-boost|p2a: Vivillon|spa|1\n|-boost|p2a: Vivillon|spd|1\n|-boost|p2a: Vivillon|spe|1\n|cant|p1a: Regice|slp\n|move|p1a: Regice|Sleep Talk|p1a: Regice\n|move|p1a: Regice|Ice Beam|p2a: Vivillon|[from] move: Sleep Talk\n|-supereffective|p2a: Vivillon\n|-damage|p2a: Vivillon|4/100 tox\n|\n|-damage|p2a: Vivillon|0 fnt|[from] psn\n|faint|p2a: Vivillon\n|upkeep\n|\n|t:|1783545653\n|switch|p2a: Terrakion|Terrakion, L79|100/100\n|turn|5\n|inactive|Time left: 300 sec this turn | 300 sec total\n|\n|t:|1783545655\n|switch|p1a: Gliscor|Gliscor, L76, F|239/239 tox\n|move|p2a: Terrakion|Close Combat|p1a: Gliscor\n|-resisted|p1a: Gliscor\n|-damage|p1a: Gliscor|152/239 tox\n|-unboost|p2a: Terrakion|def|1\n|-unboost|p2a: Terrakion|spd|1\n|\n|-heal|p1a: Gliscor|181/239 tox|[from] ability: Poison Heal\n|upkeep\n|turn|6\n|inactive|Time left: 300 sec this turn | 300 sec total\n|\n|t:|1783545656\n|switch|p2a: Minior|Minior-Indigo, L79|100/100\n|-formechange|p2a: Minior|Minior-Meteor||[from] ability: Shields Down\n|move|p1a: Gliscor|Earthquake|p2a: Minior\n|-immune|p2a: Minior\n|\n|-heal|p1a: Gliscor|210/239 tox|[from] ability: Poison Heal\n|upkeep\n|turn|7\n|inactive|Time left: 300 sec this turn | 300 sec total\n|\n|t:|1783545657\n|switch|p1a: Magcargo|Magcargo, L95, M|268/268\n|move|p2a: Minior|Shell Smash|p2a: Minior\n|-unboost|p2a: Minior|def|1\n|-unboost|p2a: Minior|spd|1\n|-boost|p2a: Minior|atk|2\n|-boost|p2a: Minior|spa|2\n|-boost|p2a: Minior|spe|2\n|-enditem|p2a: Minior|White Herb\n|-clearnegativeboost|p2a: Minior|[silent]\n|\n|upkeep\n|turn|8\n|inactive|Time left: 300 sec this turn | 300 sec total\n|\n|t:|1783545658\n|-terastallize|p1a: Magcargo|Grass\n|move|p2a: Minior|Earthquake|p1a: Magcargo\n|-resisted|p1a: Magcargo\n|-damage|p1a: Magcargo|239/268\n|-ability|p1a: Magcargo|Weak Armor|boost\n|-unboost|p1a: Magcargo|def|1\n|-boost|p1a: Magcargo|spe|2\n|move|p1a: Magcargo|Power Gem|p2a: Minior\n|-supereffective|p2a: Minior\n|-damage|p2a: Minior|11/100\n|\n|-formechange|p2a: Minior|Minior-Indigo||[from] ability: Shields Down\n|upkeep\n|turn|9\n|inactive|Time left: 300 sec this turn | 300 sec total\n|\n|t:|1783545659\n|move|p2a: Minior|Acrobatics|p1a: Magcargo\n|-supereffective|p1a: Magcargo\n|-damage|p1a: Magcargo|0 fnt\n|faint|p1a: Magcargo\n|\n|upkeep\n|inactive|Time left: 300 sec this turn | 300 sec total | 5 sec grace\n|\n|t:|1783545660\n|switch|p1a: Greedent|Greedent, L86, F|347/347\n|turn|10\n|inactive|Time left: 300 sec this turn | 300 sec total\n|\n|t:|1783545661\n|move|p2a: Minior|Power Gem|p1a: Greedent\n|-damage|p1a: Greedent|191/347\n|move|p1a: Greedent|Knock Off|p2a: Minior\n|-damage|p2a: Minior|0 fnt\n|faint|p2a: Minior\n|\n|upkeep\n|\n|t:|1783545662\n|switch|p2a: Terrakion|Terrakion, L79|100/100\n|turn|11\n|inactive|Time left: 300 sec this turn | 300 sec total\n|\n|t:|1783545662\n|move|p2a: Terrakion|Close Combat|p1a: Greedent\n|-supereffective|p1a: Greedent\n|-damage|p1a: Greedent|0 fnt\n|-unboost|p2a: Terrakion|def|1\n|-unboost|p2a: Terrakion|spd|1\n|faint|p1a: Greedent\n|\n|upkeep\n|inactive|Time left: 300 sec this turn | 300 sec total | 5 sec grace\n|\n|t:|1783545663\n|switch|p1a: Venusaur|Venusaur, L84, M|272/272\n|turn|12\n|inactive|Time left: 300 sec this turn | 300 sec total\n|\n|t:|1783545664\n|switch|p2a: Jirachi|Jirachi, L80|100/100\n|move|p1a: Venusaur|Energy Ball|p2a: Jirachi\n|-resisted|p2a: Jirachi\n|-damage|p2a: Jirachi|85/100\n|\n|-heal|p2a: Jirachi|91/100|[from] item: Leftovers\n|upkeep\n|turn|13\n|inactive|Time left: 300 sec this turn | 300 sec total\n|\n|t:|1783545665\n|switch|p1a: Gliscor|Gliscor, L76, F|210/239 tox\n|move|p2a: Jirachi|Body Slam|p1a: Gliscor\n|-damage|p1a: Gliscor|160/239 tox\n|\n|-heal|p2a: Jirachi|97/100|[from] item: Leftovers\n|-heal|p1a: Gliscor|189/239 tox|[from] ability: Poison Heal\n|upkeep\n|turn|14\n|inactive|Time left: 300 sec this turn | 300 sec total\n|\n|t:|1783545666\n|move|p2a: Jirachi|Iron Head|p1a: Gliscor\n|-damage|p1a: Gliscor|123/239 tox\n|move|p1a: Gliscor|Earthquake|p2a: Jirachi\n|-supereffective|p2a: Jirachi\n|-damage|p2a: Jirachi|38/100\n|\n|-heal|p2a: Jirachi|44/100|[from] item: Leftovers\n|-heal|p1a: Gliscor|152/239 tox|[from] ability: Poison Heal\n|upkeep\n|turn|15\n|inactive|Time left: 300 sec this turn | 300 sec total\n|\n|t:|1783545667\n|move|p2a: Jirachi|Iron Head|p1a: Gliscor\n|-damage|p1a: Gliscor|80/239 tox\n|cant|p1a: Gliscor|flinch\n|\n|-heal|p2a: Jirachi|50/100|[from] item: Leftovers\n|-heal|p1a: Gliscor|109/239 tox|[from] ability: Poison Heal\n|upkeep\n|turn|16\n|inactive|Time left: 300 sec this turn | 300 sec total\n|\n|t:|1783545668\n|move|p2a: Jirachi|Iron Head|p1a: Gliscor\n|-damage|p1a: Gliscor|36/239 tox\n|cant|p1a: Gliscor|flinch\n|\n|-heal|p2a: Jirachi|56/100|[from] item: Leftovers\n|-heal|p1a: Gliscor|65/239 tox|[from] ability: Poison Heal\n|upkeep\n|turn|17\n|inactive|Time left: 300 sec this turn | 300 sec total\n|\n|t:|1783545669\n|move|p1a: Gliscor|Protect|p1a: Gliscor\n|-singleturn|p1a: Gliscor|Protect\n|move|p2a: Jirachi|Iron Head|p1a: Gliscor\n|-activate|p1a: Gliscor|move: Protect\n|\n|-heal|p2a: Jirachi|62/100|[from] item: Leftovers\n|-heal|p1a: Gliscor|94/239 tox|[from] ability: Poison Heal\n|upkeep\n|turn|18\n|inactive|Time left: 300 sec this turn | 300 sec total\n|\n|t:|1783545670\n|move|p2a: Jirachi|Iron Head|p1a: Gliscor\n|-damage|p1a: Gliscor|24/239 tox\n|cant|p1a: Gliscor|flinch\n|\n|-heal|p2a: Jirachi|69/100|[from] item: Leftovers\n|-heal|p1a: Gliscor|53/239 tox|[from] ability: Poison Heal\n|upkeep\n|turn|19\n|inactive|Time left: 300 sec this turn | 300 sec total\n|\n|t:|1783545671\n|move|p1a: Gliscor|Protect|p1a: Gliscor\n|-singleturn|p1a: Gliscor|Protect\n|move|p2a: Jirachi|Iron Head|p1a: Gliscor\n|-activate|p1a: Gliscor|move: Protect\n|\n|-heal|p2a: Jirachi|75/100|[from] item: Leftovers\n|-heal|p1a: Gliscor|82/239 tox|[from] ability: Poison Heal\n|upkeep\n|turn|20\n|inactive|Time left: 300 sec this turn | 300 sec total\n|\n|t:|1783545672\n|move|p2a: Jirachi|Iron Head|p1a: Gliscor\n|-damage|p1a: Gliscor|19/239 tox\n|cant|p1a: Gliscor|flinch\n|\n|-heal|p2a: Jirachi|81/100|[from] item: Leftovers\n|-heal|p1a: Gliscor|48/239 tox|[from] ability: Poison Heal\n|upkeep\n|turn|21\n|inactive|Time left: 300 sec this turn | 300 sec total\n|\n|t:|1783545673\n|move|p1a: Gliscor|Protect|p1a: Gliscor\n|-singleturn|p1a: Gliscor|Protect\n|move|p2a: Jirachi|Iron Head|p1a: Gliscor\n|-activate|p1a: Gliscor|move: Protect\n|\n|-heal|p2a: Jirachi|87/100|[from] item: Leftovers\n|-heal|p1a: Gliscor|77/239 tox|[from] ability: Poison Heal\n|upkeep\n|turn|22\n|inactive|Time left: 300 sec this turn | 300 sec total\n|\n|t:|1783545674\n|move|p2a: Jirachi|Iron Head|p1a: Gliscor\n|-damage|p1a: Gliscor|13/239 tox\n|cant|p1a: Gliscor|flinch\n|\n|-heal|p2a: Jirachi|93/100|[from] item: Leftovers\n|-heal|p1a: Gliscor|42/239 tox|[from] ability: Poison Heal\n|upkeep\n|turn|23\n|inactive|Time left: 300 sec this turn | 300 sec total\n|\n|t:|1783545675\n|move|p1a: Gliscor|Protect|p1a: Gliscor\n|-singleturn|p1a: Gliscor|Protect\n|move|p2a: Jirachi|Iron Head|p1a: Gliscor\n|-activate|p1a: Gliscor|move: Protect\n|\n|-heal|p2a: Jirachi|99/100|[from] item: Leftovers\n|-heal|p1a: Gliscor|71/239 tox|[from] ability: Poison Heal\n|upkeep\n|turn|24\n|inactive|Time left: 300 sec this turn | 300 sec total\n|\n|t:|1783545676\n|move|p2a: Jirachi|Iron Head|p1a: Gliscor\n|-damage|p1a: Gliscor|5/239 tox\n|move|p1a: Gliscor|Earthquake|p2a: Jirachi\n|-supereffective|p2a: Jirachi\n|-damage|p2a: Jirachi|45/100\n|\n|-heal|p2a: Jirachi|51/100|[from] item: Leftovers\n|-heal|p1a: Gliscor|34/239 tox|[from] ability: Poison Heal\n|upkeep\n|turn|25\n|inactive|Time left: 300 sec this turn | 300 sec total\n|\n|t:|1783545677\n|move|p1a: Gliscor|Protect|p1a: Gliscor\n|-singleturn|p1a: Gliscor|Protect\n|move|p2a: Jirachi|Iron Head|p1a: Gliscor\n|-activate|p1a: Gliscor|move: Protect\n|\n|-heal|p2a: Jirachi|58/100|[from] item: Leftovers\n|-heal|p1a: Gliscor|63/239 tox|[from] ability: Poison Heal\n|upkeep\n|turn|26\n|inactive|Time left: 300 sec this turn | 300 sec total\n|\n|t:|1783545679\n|switch|p1a: Delphox|Delphox, L84, M|263/263\n|move|p2a: Jirachi|Iron Head|p1a: Delphox\n|-resisted|p1a: Delphox\n|-damage|p1a: Delphox|220/263\n|\n|-heal|p2a: Jirachi|64/100|[from] item: Leftovers\n|upkeep\n|turn|27\n|inactive|Time left: 300 sec this turn | 300 sec total\n|\n|t:|1783545680\n|move|p2a: Jirachi|Protect|p2a: Jirachi\n|-singleturn|p2a: Jirachi|Protect\n|move|p1a: Delphox|Fire Blast|p2a: Jirachi\n|-activate|p2a: Jirachi|move: Protect\n|\n|-heal|p2a: Jirachi|70/100|[from] item: Leftovers\n|upkeep\n|turn|28\n|inactive|Time left: 300 sec this turn | 300 sec total\n|\n|t:|1783545681\n|switch|p2a: Terrakion|Terrakion, L79|100/100\n|move|p1a: Delphox|Nasty Plot|p1a: Delphox\n|-boost|p1a: Delphox|spa|2\n|\n|upkeep\n|turn|29\n|inactive|Time left: 300 sec this turn | 300 sec total\n|\n|t:|1783545682\n|switch|p2a: Jirachi|Jirachi, L80|70/100\n|move|p1a: Delphox|Psyshock|p2a: Jirachi\n|-resisted|p2a: Jirachi\n|-damage|p2a: Jirachi|55/100\n|\n|-heal|p2a: Jirachi|62/100|[from] item: Leftovers\n|upkeep\n|turn|30\n|inactive|Time left: 300 sec this turn | 300 sec total\n|\n|t:|1783545683\n|move|p2a: Jirachi|Protect|p2a: Jirachi\n|-singleturn|p2a: Jirachi|Protect\n|move|p1a: Delphox|Fire Blast|p2a: Jirachi\n|-activate|p2a: Jirachi|move: Protect\n|\n|-heal|p2a: Jirachi|68/100|[from] item: Leftovers\n|upkeep\n|turn|31\n|inactive|Time left: 300 sec this turn | 300 sec total\n|\n|t:|1783545684\n|move|p2a: Jirachi|Protect|p2a: Jirachi\n|-singleturn|p2a: Jirachi|Protect\n|move|p1a: Delphox|Fire Blast|p2a: Jirachi\n|-activate|p2a: Jirachi|move: Protect\n|\n|-heal|p2a: Jirachi|74/100|[from] item: Leftovers\n|upkeep\n|turn|32\n|inactive|Time left: 300 sec this turn | 300 sec total\n|\n|t:|1783545685\n|move|p1a: Delphox|Fire Blast|p2a: Jirachi|[miss]\n|-miss|p1a: Delphox|p2a: Jirachi\n|move|p2a: Jirachi|Body Slam|p1a: Delphox\n|-damage|p1a: Delphox|152/263\n|-status|p1a: Delphox|par\n|\n|-heal|p2a: Jirachi|80/100|[from] item: Leftovers\n|upkeep\n|turn|33\n|inactive|Time left: 300 sec this turn | 300 sec total\n|\n|t:|1783545686\n|move|p2a: Jirachi|Iron Head|p1a: Delphox\n|-resisted|p1a: Delphox\n|-damage|p1a: Delphox|108/263 par\n|cant|p1a: Delphox|flinch\n|\n|-heal|p2a: Jirachi|86/100|[from] item: Leftovers\n|upkeep\n|turn|34\n|inactive|Time left: 300 sec this turn | 300 sec total\n|\n|t:|1783545687\n|move|p2a: Jirachi|Iron Head|p1a: Delphox\n|-resisted|p1a: Delphox\n|-damage|p1a: Delphox|63/263 par\n|cant|p1a: Delphox|flinch\n|\n|-heal|p2a: Jirachi|93/100|[from] item: Leftovers\n|upkeep\n|turn|35\n|inactive|Time left: 300 sec this turn | 300 sec total\n|\n|t:|1783545689\n|move|p2a: Jirachi|Body Slam|p1a: Delphox\n|-damage|p1a: Delphox|0 fnt\n|faint|p1a: Delphox\n|\n|-heal|p2a: Jirachi|99/100|[from] item: Leftovers\n|upkeep\n|inactive|Time left: 300 sec this turn | 300 sec total | 5 sec grace\n|\n|t:|1783545690\n|switch|p1a: Gliscor|Gliscor, L76, F|63/239 tox\n|turn|36\n|inactive|Time left: 300 sec this turn | 300 sec total\n|\n|t:|1783545691\n|move|p1a: Gliscor|Protect|p1a: Gliscor\n|-singleturn|p1a: Gliscor|Protect\n|move|p2a: Jirachi|Iron Head|p1a: Gliscor\n|-activate|p1a: Gliscor|move: Protect\n|\n|-heal|p2a: Jirachi|100/100|[from] item: Leftovers\n|-heal|p1a: Gliscor|92/239 tox|[from] ability: Poison Heal\n|upkeep\n|turn|37\n|inactive|Time left: 300 sec this turn | 300 sec total\n|\n|t:|1783545692\n|move|p2a: Jirachi|Iron Head|p1a: Gliscor\n|-crit|p1a: Gliscor\n|-damage|p1a: Gliscor|0 fnt\n|faint|p1a: Gliscor\n|\n|upkeep\n|inactive|Time left: 300 sec this turn | 300 sec total | 5 sec grace\n|\n|t:|1783545693\n|switch|p1a: Venusaur|Venusaur, L84, M|272/272\n|turn|38\n|inactive|Time left: 300 sec this turn | 300 sec total\n|\n|t:|1783545694\n|move|p2a: Jirachi|Body Slam|p1a: Venusaur\n|-damage|p1a: Venusaur|207/272\n|-status|p1a: Venusaur|par\n|move|p1a: Venusaur|Knock Off|p2a: Jirachi\n|-supereffective|p2a: Jirachi\n|-damage|p2a: Jirachi|59/100\n|-enditem|p2a: Jirachi|Leftovers|[from] move: Knock Off|[of] p1a: Venusaur\n|\n|-heal|p1a: Venusaur|224/272 par|[from] item: Leftovers\n|upkeep\n|turn|39\n|inactive|Time left: 300 sec this turn | 300 sec total\n|\n|t:|1783545695\n|move|p2a: Jirachi|Iron Head|p1a: Venusaur\n|-damage|p1a: Venusaur|143/272 par\n|cant|p1a: Venusaur|flinch\n|\n|-heal|p1a: Venusaur|160/272 par|[from] item: Leftovers\n|upkeep\n|turn|40\n|inactive|Time left: 300 sec this turn | 300 sec total\n|\n|t:|1783545696\n|move|p2a: Jirachi|Iron Head|p1a: Venusaur\n|-damage|p1a: Venusaur|76/272 par\n|cant|p1a: Venusaur|flinch\n|\n|-heal|p1a: Venusaur|93/272 par|[from] item: Leftovers\n|upkeep\n|turn|41\n|inactive|Time left: 300 sec this turn | 300 sec total\n|\n|t:|1783545697\n|move|p2a: Jirachi|Iron Head|p1a: Venusaur\n|-damage|p1a: Venusaur|12/272 par\n|cant|p1a: Venusaur|flinch\n|\n|-heal|p1a: Venusaur|29/272 par|[from] item: Leftovers\n|upkeep\n|turn|42\n|inactive|Time left: 300 sec this turn | 300 sec total\n|\n|t:|1783545698\n|move|p2a: Jirachi|Iron Head|p1a: Venusaur\n|-damage|p1a: Venusaur|0 fnt\n|faint|p1a: Venusaur\n|\n|upkeep\n|inactive|Time left: 300 sec this turn | 300 sec total | 5 sec grace\n|\n|t:|1783545699\n|switch|p1a: Regice|Regice, L88|164/284 slp\n|turn|43\n|inactive|Time left: 300 sec this turn | 300 sec total\n|\n|t:|1783545700\n|move|p2a: Jirachi|Iron Head|p1a: Regice\n|-supereffective|p1a: Regice\n|-damage|p1a: Regice|32/284 slp\n|-curestatus|p1a: Regice|slp|[msg]\n|cant|p1a: Regice|flinch\n|\n|upkeep\n|turn|44\n|inactive|Time left: 300 sec this turn | 300 sec total\n|\n|t:|1783545701\n|move|p2a: Jirachi|Body Slam|p1a: Regice\n|-damage|p1a: Regice|0 fnt\n|faint|p1a: Regice\n|\n|win|p0y56719e7", "uploadtime": 1783545701, "views": 0, "rating": 0, "private": 0, "password": null, "_winner": "p0y56719e7", "_our_name": "p0x56754df"}