{"id": "battle-gen9randombattle-2730", "formatid": "gen9randombattle", "format": "[Gen 9] Random Battle", "players": ["p0x27305bb2", "p0y273087c7"], "log": "|init|battle\n|title|p0x27305bb2 vs. p0y273087c7\n|j|\u2606p0x27305bb2\n|j|\u2606p0y273087c7\n|t:|1783571472\n|gametype|singles\n|player|p1|p0x27305bb2|101|\n|player|p2|p0y273087c7|2|\n|gen|9\n|tier|[Gen 9] Random Battle\n|rule|Species Clause: Limit one of each Pok\u00e9mon\n|rule|HP Percentage Mod: HP is shown in percentages\n|rule|Sleep Clause Mod: Limit one foe put to sleep\n|rule|Illusion Level Mod: Illusion disguises the Pok\u00e9mon's true level\n|\n|t:|1783571472\n|teamsize|p1|6\n|teamsize|p2|6\n|start\n|switch|p1a: Spiritomb|Spiritomb, L89, M|234/234\n|switch|p2a: Spectrier|Spectrier, L75|100/100\n|turn|1\n|inactive|Battle timer is ON: inactive players will automatically lose when time's up. (requested by p0x27305bb2)\n|inactive|p0y273087c7 also wants the timer to be on.\n|\n|t:|1783571473\n|switch|p2a: Enamorus|Enamorus-Therian, L83, F|100/100\n|move|p1a: Spiritomb|Poltergeist|p2a: Enamorus\n|-activate|p2a: Enamorus|move: Poltergeist|Weakness Policy\n|-damage|p2a: Enamorus|62/100\n|\n|upkeep\n|turn|2\n|inactive|Time left: 300 sec this turn | 300 sec total\n|\n|t:|1783571474\n|move|p2a: Enamorus|Moonblast|p1a: Spiritomb\n|-supereffective|p1a: Spiritomb\n|-damage|p1a: Spiritomb|36/234\n|move|p1a: Spiritomb|Poltergeist|p2a: Enamorus\n|-activate|p2a: Enamorus|move: Poltergeist|Weakness Policy\n|-damage|p2a: Enamorus|19/100\n|\n|-heal|p1a: Spiritomb|50/234|[from] item: Leftovers\n|upkeep\n|turn|3\n|inactive|Time left: 300 sec this turn | 300 sec total\n|\n|t:|1783571475\n|switch|p1a: Bronzong|Bronzong, L88|261/261\n|move|p2a: Enamorus|Moonblast|p1a: Bronzong\n|-resisted|p1a: Bronzong\n|-damage|p1a: Bronzong|214/261\n|\n|-heal|p1a: Bronzong|230/261|[from] item: Leftovers\n|upkeep\n|turn|4\n|inactive|Time left: 300 sec this turn | 300 sec total\n|\n|t:|1783571477\n|move|p2a: Enamorus|Mystical Fire|p1a: Bronzong\n|-supereffective|p1a: Bronzong\n|-damage|p1a: Bronzong|130/261\n|-unboost|p1a: Bronzong|spa|1\n|move|p1a: Bronzong|Stealth Rock|p2a: Enamorus\n|-sidestart|p2: p0y273087c7|move: Stealth Rock\n|\n|-heal|p1a: Bronzong|146/261|[from] item: Leftovers\n|upkeep\n|turn|5\n|inactive|Time left: 300 sec this turn | 300 sec total\n|\n|t:|1783571478\n|move|p2a: Enamorus|Mystical Fire|p1a: Bronzong\n|-supereffective|p1a: Bronzong\n|-damage|p1a: Bronzong|40/261\n|-unboost|p1a: Bronzong|spa|1\n|move|p1a: Bronzong|Iron Head|p2a: Enamorus\n|-supereffective|p2a: Enamorus\n|-damage|p2a: Enamorus|0 fnt\n|faint|p2a: Enamorus\n|\n|-heal|p1a: Bronzong|56/261|[from] item: Leftovers\n|upkeep\n|\n|t:|1783571479\n|switch|p2a: Thundurus|Thundurus-Therian, L80, M|100/100\n|turn|6\n|inactive|Time left: 300 sec this turn | 300 sec total\n|\n|t:|1783571480\n|switch|p1a: Spiritomb|Spiritomb, L89, M|50/234\n|move|p2a: Thundurus|Nasty Plot|p2a: Thundurus\n|-boost|p2a: Thundurus|spa|2\n|\n|-heal|p1a: Spiritomb|64/234|[from] item: Leftovers\n|upkeep\n|turn|7\n|inactive|Time left: 300 sec this turn | 300 sec total\n|\n|t:|1783571481\n|move|p1a: Spiritomb|Sucker Punch|p2a: Thundurus\n|-damage|p2a: Thundurus|63/100\n|move|p2a: Thundurus|Thunderbolt|p1a: Spiritomb\n|-damage|p1a: Spiritomb|0 fnt\n|faint|p1a: Spiritomb\n|\n|upkeep\n|inactive|Time left: 300 sec this turn | 300 sec total | 5 sec grace\n|\n|t:|1783571482\n|switch|p1a: Bruxish|Bruxish, L85, M|254/254\n|turn|8\n|inactive|Time left: 300 sec this turn | 300 sec total\n|\n|t:|1783571483\n|move|p1a: Bruxish|Psychic Fangs|p2a: Thundurus\n|-damage|p2a: Thundurus|0 fnt\n|faint|p2a: Thundurus\n|\n|upkeep\n|\n|t:|1783571484\n|switch|p2a: Volcanion|Volcanion, L79|100/100\n|turn|9\n|inactive|Time left: 300 sec this turn | 300 sec total\n|\n|t:|1783571486\n|move|p1a: Bruxish|Psychic Fangs|p2a: Volcanion\n|-crit|p2a: Volcanion\n|-damage|p2a: Volcanion|27/100\n|move|p2a: Volcanion|Steam Eruption|p1a: Bruxish\n|-resisted|p1a: Bruxish\n|-damage|p1a: Bruxish|184/254\n|-status|p1a: Bruxish|brn\n|\n|-damage|p1a: Bruxish|169/254 brn|[from] brn\n|upkeep\n|turn|10\n|inactive|Time left: 300 sec this turn | 300 sec total\n|\n|t:|1783571487\n|move|p1a: Bruxish|Psychic Fangs|p2a: Volcanion\n|-damage|p2a: Volcanion|1/100\n|move|p2a: Volcanion|Sludge Bomb|p1a: Bruxish\n|-damage|p1a: Bruxish|86/254 brn\n|\n|-damage|p1a: Bruxish|71/254 brn|[from] brn\n|upkeep\n|turn|11\n|inactive|Time left: 300 sec this turn | 300 sec total\n|\n|t:|1783571488\n|move|p1a: Bruxish|Psychic Fangs|p2a: Volcanion\n|-damage|p2a: Volcanion|0 fnt\n|faint|p2a: Volcanion\n|\n|-damage|p1a: Bruxish|56/254 brn|[from] brn\n|upkeep\n|\n|t:|1783571489\n|switch|p2a: Tatsugiri|Tatsugiri, L87, F|100/100\n|turn|12\n|inactive|Time left: 300 sec this turn | 300 sec total\n|\n|t:|1783571490\n|move|p1a: Bruxish|Psychic Fangs|p2a: Tatsugiri\n|-damage|p2a: Tatsugiri|63/100\n|move|p2a: Tatsugiri|Nasty Plot|p2a: Tatsugiri\n|-boost|p2a: Tatsugiri|spa|2\n|\n|-damage|p1a: Bruxish|41/254 brn|[from] brn\n|upkeep\n|turn|13\n|inactive|Time left: 300 sec this turn | 300 sec total\n|\n|t:|1783571491\n|move|p1a: Bruxish|Psychic Fangs|p2a: Tatsugiri\n|-damage|p2a: Tatsugiri|28/100\n|move|p2a: Tatsugiri|Rapid Spin|p1a: Bruxish\n|-damage|p1a: Bruxish|15/254 brn\n|-boost|p2a: Tatsugiri|spe|1\n|-sideend|p2: p0y273087c7|Stealth Rock|[from] move: Rapid Spin|[of] p2a: Tatsugiri\n|\n|-damage|p1a: Bruxish|0 fnt|[from] brn\n|faint|p1a: Bruxish\n|upkeep\n|inactive|Time left: 300 sec this turn | 300 sec total | 5 sec grace\n|\n|t:|1783571492\n|switch|p1a: Kommo-o|Kommo-o, L77, F|242/242\n|turn|14\n|inactive|Time left: 300 sec this turn | 300 sec total\n|\n|t:|1783571493\n|switch|p1a: Bronzong|Bronzong, L88|56/261\n|move|p2a: Tatsugiri|Draco Meteor|p1a: Bronzong\n|-resisted|p1a: Bronzong\n|-damage|p1a: Bronzong|0 fnt\n|-unboost|p2a: Tatsugiri|spa|2\n|faint|p1a: Bronzong\n|\n|upkeep\n|inactive|Time left: 300 sec this turn | 300 sec total | 5 sec grace\n|\n|t:|1783571494\n|switch|p1a: Tauros|Tauros-Paldea-Combat, L82, M|257/257\n|-ability|p1a: Tauros|Intimidate|boost\n|-unboost|p2a: Tatsugiri|atk|1\n|turn|15\n|inactive|Time left: 300 sec this turn | 300 sec total\n|\n|t:|1783571495\n|move|p2a: Tatsugiri|Draco Meteor|p1a: Tauros\n|-damage|p1a: Tauros|52/257\n|-unboost|p2a: Tatsugiri|spa|2\n|move|p1a: Tauros|Throat Chop|p2a: Tatsugiri\n|-damage|p2a: Tatsugiri|0 fnt\n|faint|p2a: Tatsugiri\n|\n|upkeep\n|\n|t:|1783571496\n|switch|p2a: Arbok|Arbok, L87, M|100/100\n|-ability|p2a: Arbok|Intimidate|boost\n|-unboost|p1a: Tauros|atk|1\n|turn|16\n|inactive|Time left: 300 sec this turn | 300 sec total\n|\n|t:|1783571497\n|move|p1a: Tauros|Throat Chop|p2a: Arbok\n|-damage|p2a: Arbok|75/100\n|-start|p2a: Arbok|Throat Chop|[silent]\n|move|p2a: Arbok|Coil|p2a: Arbok\n|-boost|p2a: Arbok|atk|1\n|-boost|p2a: Arbok|def|1\n|-boost|p2a: Arbok|accuracy|1\n|\n|-heal|p2a: Arbok|81/100|[from] item: Leftovers\n|upkeep\n|turn|17\n|inactive|Time left: 300 sec this turn | 300 sec total\n|\n|t:|1783571499\n|move|p1a: Tauros|Throat Chop|p2a: Arbok\n|-damage|p2a: Arbok|62/100\n|move|p2a: Arbok|Coil|p2a: Arbok\n|-boost|p2a: Arbok|atk|1\n|-boost|p2a: Arbok|def|1\n|-boost|p2a: Arbok|accuracy|1\n|\n|-heal|p2a: Arbok|68/100|[from] item: Leftovers\n|-end|p2a: Arbok|Throat Chop|[silent]\n|upkeep\n|turn|18\n|inactive|Time left: 300 sec this turn | 300 sec total\n|\n|t:|1783571499\n|move|p1a: Tauros|Throat Chop|p2a: Arbok\n|-damage|p2a: Arbok|53/100\n|-start|p2a: Arbok|Throat Chop|[silent]\n|move|p2a: Arbok|Trailblaze|p1a: Tauros\n|-damage|p1a: Tauros|0 fnt\n|-boost|p2a: Arbok|spe|1\n|faint|p1a: Tauros\n|\n|-heal|p2a: Arbok|59/100|[from] item: Leftovers\n|upkeep\n|inactive|Time left: 300 sec this turn | 300 sec total | 5 sec grace\n|\n|t:|1783571500\n|switch|p1a: Alomomola|Alomomola, L87, M|429/429\n|turn|19\n|inactive|Time left: 300 sec this turn | 300 sec total\n|\n|t:|1783571501\n|move|p2a: Arbok|Coil|p2a: Arbok\n|-boost|p2a: Arbok|atk|1\n|-boost|p2a: Arbok|def|1\n|-boost|p2a: Arbok|accuracy|1\n|move|p1a: Alomomola|Scald|p2a: Arbok\n|-damage|p2a: Arbok|39/100\n|\n|-heal|p2a: Arbok|45/100|[from] item: Leftovers\n|-end|p2a: Arbok|Throat Chop|[silent]\n|upkeep\n|turn|20\n|inactive|Time left: 300 sec this turn | 300 sec total\n|\n|t:|1783571502\n|move|p2a: Arbok|Gunk Shot|p1a: Alomomola\n|-damage|p1a: Alomomola|96/429\n|move|p1a: Alomomola|Scald|p2a: Arbok\n|-damage|p2a: Arbok|24/100\n|\n|-heal|p2a: Arbok|30/100|[from] item: Leftovers\n|upkeep\n|turn|21\n|inactive|Time left: 300 sec this turn | 300 sec total\n|\n|t:|1783571503\n|move|p1a: Alomomola|Protect|p1a: Alomomola\n|-singleturn|p1a: Alomomola|Protect\n|move|p2a: Arbok|Earthquake|p1a: Alomomola\n|-activate|p1a: Alomomola|move: Protect\n|\n|-heal|p2a: Arbok|36/100|[from] item: Leftovers\n|upkeep\n|turn|22\n|inactive|Time left: 300 sec this turn | 300 sec total\n|\n|t:|1783571504\n|move|p1a: Alomomola|Protect||[still]\n|-fail|p1a: Alomomola\n|move|p2a: Arbok|Earthquake|p1a: Alomomola\n|-damage|p1a: Alomomola|0 fnt\n|faint|p1a: Alomomola\n|\n|-heal|p2a: Arbok|42/100|[from] item: Leftovers\n|upkeep\n|inactive|Time left: 300 sec this turn | 300 sec total | 5 sec grace\n|\n|t:|1783571504\n|switch|p1a: Kommo-o|Kommo-o, L77, F|242/242\n|turn|23\n|inactive|Time left: 300 sec this turn | 300 sec total\n|\n|t:|1783571505\n|-terastallize|p2a: Arbok|Grass\n|move|p2a: Arbok|Earthquake|p1a: Kommo-o\n|-damage|p1a: Kommo-o|92/242\n|move|p1a: Kommo-o|Clanging Scales|p2a: Arbok\n|-damage|p2a: Arbok|0 fnt\n|faint|p2a: Arbok\n|-unboost|p1a: Kommo-o|def|1\n|-enditem|p1a: Kommo-o|Throat Spray\n|-boost|p1a: Kommo-o|spa|1|[from] item: Throat Spray\n|\n|upkeep\n|\n|t:|1783571506\n|switch|p2a: Spectrier|Spectrier, L75|100/100\n|turn|24\n|inactive|Time left: 300 sec this turn | 300 sec total\n|\n|t:|1783571507\n|-terastallize|p1a: Kommo-o|Normal\n|move|p2a: Spectrier|Tera Blast|p1a: Kommo-o\n|-damage|p1a: Kommo-o|33/242\n|move|p1a: Kommo-o|Clanging Scales|p2a: Spectrier\n|-crit|p2a: Spectrier\n|-damage|p2a: Spectrier|6/100\n|-unboost|p1a: Kommo-o|def|1\n|\n|-heal|p2a: Spectrier|12/100|[from] item: Leftovers\n|upkeep\n|turn|25\n|inactive|Time left: 300 sec this turn | 300 sec total\n|\n|t:|1783571508\n|move|p2a: Spectrier|Tera Blast|p1a: Kommo-o\n|-damage|p1a: Kommo-o|0 fnt\n|faint|p1a: Kommo-o\n|\n|win|p0y273087c7", "uploadtime": 1783571508, "views": 0, "rating": 0, "private": 0, "password": null, "_winner": "p0y273087c7", "_our_name": "p0x27305bb2"}