{"id": "battle-gen9randombattle-2823", "formatid": "gen9randombattle", "format": "[Gen 9] Random Battle", "players": ["p0x2823ce58", "p0y28237327"], "log": "|init|battle\n|title|p0x2823ce58 vs. p0y28237327\n|j|\u2606p0x2823ce58\n|j|\u2606p0y28237327\n|t:|1783572519\n|gametype|singles\n|player|p1|p0x2823ce58|265|\n|player|p2|p0y28237327|102|\n|gen|9\n|tier|[Gen 9] Random Battle\n|rule|Species Clause: Limit one of each Pok\u00e9mon\n|rule|HP Percentage Mod: HP is shown in percentages\n|rule|Sleep Clause Mod: Limit one foe put to sleep\n|rule|Illusion Level Mod: Illusion disguises the Pok\u00e9mon's true level\n|\n|t:|1783572519\n|teamsize|p1|6\n|teamsize|p2|6\n|start\n|switch|p1a: Yanmega|Yanmega, L82, F|100/100\n|switch|p2a: Toedscruel|Toedscruel, L87, F|281/281\n|turn|1\n|inactive|Battle timer is ON: inactive players will automatically lose when time's up. (requested by p0x2823ce58)\n|inactive|Time left: 300 sec this turn | 300 sec total | 60 sec grace\n|\n|t:|1783572520\n|move|p1a: Yanmega|Bug Buzz|p2a: Toedscruel\n|-supereffective|p2a: Toedscruel\n|-damage|p2a: Toedscruel|129/281\n|move|p2a: Toedscruel|Toxic|p1a: Yanmega\n|-status|p1a: Yanmega|tox\n|\n|-heal|p2a: Toedscruel|146/281|[from] item: Leftovers\n|-damage|p1a: Yanmega|94/100 tox|[from] psn\n|-ability|p1a: Yanmega|Speed Boost|boost\n|-boost|p1a: Yanmega|spe|1\n|upkeep\n|turn|2\n|inactive|Time left: 300 sec this turn | 300 sec total\n|inactive|p0y28237327 also wants the timer to be on.\n|\n|t:|1783572521\n|switch|p2a: Pelipper|Pelipper, L86, M|243/243\n|-weather|RainDance|[from] ability: Drizzle|[of] p2a: Pelipper\n|move|p1a: Yanmega|Bug Buzz|p2a: Pelipper\n|-resisted|p2a: Pelipper\n|-damage|p2a: Pelipper|187/243\n|\n|-weather|RainDance|[upkeep]\n|-damage|p1a: Yanmega|82/100 tox|[from] psn\n|-ability|p1a: Yanmega|Speed Boost|boost\n|-boost|p1a: Yanmega|spe|1\n|upkeep\n|turn|3\n|inactive|Time left: 300 sec this turn | 300 sec total\n|\n|t:|1783572522\n|move|p1a: Yanmega|Air Slash|p2a: Pelipper\n|-damage|p2a: Pelipper|79/243\n|move|p2a: Pelipper|Weather Ball|p1a: Yanmega\n|-damage|p1a: Yanmega|0 fnt\n|faint|p1a: Yanmega\n|\n|-weather|RainDance|[upkeep]\n|upkeep\n|\n|t:|1783572523\n|switch|p1a: Volcanion|Volcanion, L79|100/100\n|turn|4\n|inactive|Time left: 300 sec this turn | 300 sec total\n|\n|t:|1783572524\n|move|p2a: Pelipper|Weather Ball|p1a: Volcanion\n|-immune|p1a: Volcanion|[from] ability: Water Absorb\n|move|p1a: Volcanion|Steam Eruption|p2a: Pelipper|[miss]\n|-miss|p1a: Volcanion|p2a: Pelipper\n|\n|-weather|RainDance|[upkeep]\n|upkeep\n|turn|5\n|inactive|Time left: 300 sec this turn | 300 sec total\n|\n|t:|1783572525\n|move|p2a: Pelipper|Weather Ball|p1a: Volcanion\n|-immune|p1a: Volcanion|[from] ability: Water Absorb\n|move|p1a: Volcanion|Steam Eruption|p2a: Pelipper\n|-resisted|p2a: Pelipper\n|-damage|p2a: Pelipper|0 fnt\n|faint|p2a: Pelipper\n|\n|-weather|RainDance|[upkeep]\n|upkeep\n|inactive|Time left: 300 sec this turn | 300 sec total | 5 sec grace\n|\n|t:|1783572526\n|switch|p2a: Electivire|Electivire, L84, F|263/263\n|turn|6\n|inactive|Time left: 300 sec this turn | 300 sec total\n|\n|t:|1783572527\n|switch|p1a: Wyrdeer|Wyrdeer, L87, M|100/100\n|-ability|p1a: Wyrdeer|Intimidate|boost\n|-unboost|p2a: Electivire|atk|1\n|move|p2a: Electivire|Supercell Slam|p1a: Wyrdeer\n|-damage|p1a: Wyrdeer|59/100\n|-damage|p2a: Electivire|237/263|[from] item: Life Orb\n|\n|-weather|none\n|upkeep\n|turn|7\n|inactive|Time left: 300 sec this turn | 300 sec total\n|\n|t:|1783572528\n|switch|p2a: Ariados|Ariados, L95, F|287/287\n|move|p1a: Wyrdeer|Psychic Noise|p2a: Ariados\n|-supereffective|p2a: Ariados\n|-damage|p2a: Ariados|105/287\n|-start|p2a: Ariados|move: Heal Block\n|\n|upkeep\n|turn|8\n|inactive|Time left: 300 sec this turn | 300 sec total\n|\n|t:|1783572529\n|move|p1a: Wyrdeer|Psychic Noise|p2a: Ariados\n|-supereffective|p2a: Ariados\n|-damage|p2a: Ariados|0 fnt\n|faint|p2a: Ariados\n|\n|upkeep\n|inactive|Time left: 300 sec this turn | 300 sec total | 5 sec grace\n|\n|t:|1783572530\n|switch|p2a: Persian|Persian, L92, M|269/269\n|turn|9\n|inactive|Time left: 300 sec this turn | 300 sec total\n|\n|t:|1783572531\n|switch|p1a: Tyranitar|Tyranitar, L78, M|100/100\n|-weather|Sandstorm|[from] ability: Sand Stream|[of] p1a: Tyranitar\n|move|p2a: Persian|Double-Edge|p1a: Tyranitar\n|-resisted|p1a: Tyranitar\n|-damage|p1a: Tyranitar|70/100\n|-damage|p2a: Persian|241/269|[from] Recoil\n|\n|-weather|Sandstorm|[upkeep]\n|-damage|p2a: Persian|225/269|[from] Sandstorm\n|-heal|p1a: Tyranitar|76/100|[from] item: Leftovers\n|upkeep\n|turn|10\n|inactive|Time left: 300 sec this turn | 300 sec total\n|\n|t:|1783572532\n|move|p2a: Persian|Double-Edge|p1a: Tyranitar\n|-resisted|p1a: Tyranitar\n|-damage|p1a: Tyranitar|46/100\n|-damage|p2a: Persian|197/269|[from] Recoil\n|move|p1a: Tyranitar|Knock Off|p2a: Persian\n|-damage|p2a: Persian|67/269\n|-enditem|p2a: Persian|Choice Band|[from] move: Knock Off|[of] p1a: Tyranitar\n|\n|-weather|Sandstorm|[upkeep]\n|-damage|p2a: Persian|51/269|[from] Sandstorm\n|-heal|p1a: Tyranitar|52/100|[from] item: Leftovers\n|upkeep\n|turn|11\n|inactive|Time left: 300 sec this turn | 300 sec total\n|\n|t:|1783572533\n|move|p2a: Persian|Knock Off|p1a: Tyranitar\n|-resisted|p1a: Tyranitar\n|-damage|p1a: Tyranitar|42/100\n|-enditem|p1a: Tyranitar|Leftovers|[from] move: Knock Off|[of] p2a: Persian\n|move|p1a: Tyranitar|Knock Off|p2a: Persian\n|-damage|p2a: Persian|0 fnt\n|faint|p2a: Persian\n|\n|-weather|Sandstorm|[upkeep]\n|upkeep\n|inactive|Time left: 300 sec this turn | 300 sec total | 5 sec grace\n|\n|t:|1783572534\n|switch|p2a: Electivire|Electivire, L84, F|237/263\n|turn|12\n|inactive|Time left: 300 sec this turn | 300 sec total\n|\n|t:|1783572535\n|switch|p1a: Tsareena|Tsareena, L87, F|100/100\n|move|p2a: Electivire|Supercell Slam|p1a: Tsareena\n|-resisted|p1a: Tsareena\n|-damage|p1a: Tsareena|74/100\n|-damage|p2a: Electivire|211/263|[from] item: Life Orb\n|\n|-weather|Sandstorm|[upkeep]\n|-damage|p1a: Tsareena|68/100|[from] Sandstorm\n|-damage|p2a: Electivire|195/263|[from] Sandstorm\n|upkeep\n|turn|13\n|inactive|Time left: 300 sec this turn | 300 sec total\n|\n|t:|1783572536\n|move|p1a: Tsareena|Power Whip|p2a: Electivire\n|-crit|p2a: Electivire\n|-damage|p2a: Electivire|0 fnt\n|faint|p2a: Electivire\n|\n|-weather|none\n|upkeep\n|inactive|Time left: 300 sec this turn | 300 sec total | 5 sec grace\n|\n|t:|1783572537\n|switch|p2a: Tornadus|Tornadus-Therian, L79, M|254/254\n|turn|14\n|inactive|Time left: 300 sec this turn | 300 sec total\n|\n|t:|1783572538\n|move|p1a: Tsareena|Power Whip|p2a: Tornadus\n|-resisted|p2a: Tornadus\n|-damage|p2a: Tornadus|158/254\n|move|p2a: Tornadus|Bleakwind Storm|p1a: Tsareena\n|-supereffective|p1a: Tsareena\n|-damage|p1a: Tsareena|1/100\n|\n|upkeep\n|turn|15\n|inactive|Time left: 300 sec this turn | 300 sec total\n|\n|t:|1783572539\n|move|p1a: Tsareena|Power Whip|p2a: Tornadus|[miss]\n|-miss|p1a: Tsareena|p2a: Tornadus\n|move|p2a: Tornadus|U-turn|p1a: Tsareena\n|-supereffective|p1a: Tsareena\n|-damage|p1a: Tsareena|0 fnt\n|faint|p1a: Tsareena\n|inactive|Time left: 300 sec this turn | 300 sec total | 5 sec grace\n|\n|t:|1783572540\n|switch|p2a: Toedscruel|Toedscruel, L87, F|146/281|[from] U-turn\n|\n|-heal|p2a: Toedscruel|163/281|[from] item: Leftovers\n|upkeep\n|\n|t:|1783572541\n|switch|p1a: Wyrdeer|Wyrdeer, L87, M|59/100\n|-ability|p1a: Wyrdeer|Intimidate|boost\n|-unboost|p2a: Toedscruel|atk|1\n|turn|16\n|inactive|Time left: 300 sec this turn | 300 sec total\n|\n|t:|1783572542\n|switch|p2a: Tornadus|Tornadus-Therian, L79, M|242/254\n|move|p1a: Wyrdeer|Megahorn|p2a: Tornadus\n|-resisted|p2a: Tornadus\n|-damage|p2a: Tornadus|185/254\n|\n|upkeep\n|turn|17\n|inactive|Time left: 300 sec this turn | 300 sec total\n|\n|t:|1783572543\n|move|p2a: Tornadus|Knock Off|p1a: Wyrdeer\n|-supereffective|p1a: Wyrdeer\n|-damage|p1a: Wyrdeer|18/100\n|-enditem|p1a: Wyrdeer|Assault Vest|[from] move: Knock Off|[of] p2a: Tornadus\n|move|p1a: Wyrdeer|Body Slam|p2a: Tornadus\n|-damage|p2a: Tornadus|62/254\n|-status|p2a: Tornadus|par\n|\n|upkeep\n|turn|18\n|inactive|Time left: 300 sec this turn | 300 sec total\n|\n|t:|1783572544\n|move|p1a: Wyrdeer|Body Slam|p2a: Tornadus\n|-damage|p2a: Tornadus|0 fnt\n|faint|p2a: Tornadus\n|\n|upkeep\n|inactive|Time left: 300 sec this turn | 300 sec total | 5 sec grace\n|\n|t:|1783572544\n|switch|p2a: Toedscruel|Toedscruel, L87, F|163/281\n|turn|19\n|inactive|Time left: 300 sec this turn | 300 sec total\n|\n|t:|1783572545\n|move|p2a: Toedscruel|Giga Drain|p1a: Wyrdeer\n|-crit|p1a: Wyrdeer\n|-damage|p1a: Wyrdeer|0 fnt\n|-heal|p2a: Toedscruel|191/281|[from] drain|[of] p1a: Wyrdeer\n|faint|p1a: Wyrdeer\n|\n|-heal|p2a: Toedscruel|208/281|[from] item: Leftovers\n|upkeep\n|\n|t:|1783572546\n|switch|p1a: Kommo-o|Kommo-o, L77, F|100/100\n|turn|20\n|inactive|Time left: 300 sec this turn | 300 sec total\n|\n|t:|1783572547\n|move|p2a: Toedscruel|Earth Power|p1a: Kommo-o\n|-damage|p1a: Kommo-o|68/100\n|move|p1a: Kommo-o|Scale Shot|p2a: Toedscruel\n|-damage|p2a: Toedscruel|177/281\n|-damage|p2a: Toedscruel|149/281\n|-damage|p2a: Toedscruel|119/281\n|-damage|p2a: Toedscruel|88/281\n|-hitcount|p2a: Toedscruel|4\n|-unboost|p1a: Kommo-o|def|1\n|-boost|p1a: Kommo-o|spe|1\n|\n|-heal|p2a: Toedscruel|105/281|[from] item: Leftovers\n|upkeep\n|turn|21\n|inactive|Time left: 300 sec this turn | 300 sec total\n|\n|t:|1783572548\n|-terastallize|p1a: Kommo-o|Steel\n|move|p1a: Kommo-o|Close Combat|p2a: Toedscruel\n|-damage|p2a: Toedscruel|0 fnt\n|-unboost|p1a: Kommo-o|def|1\n|-unboost|p1a: Kommo-o|spd|1\n|faint|p2a: Toedscruel\n|\n|win|p0x2823ce58", "uploadtime": 1783572548, "views": 0, "rating": 0, "private": 0, "password": null, "_winner": "p0x2823ce58", "_our_name": "p0y28237327"}