{"id": "battle-gen9randombattle-1078", "formatid": "gen9randombattle", "format": "[Gen 9] Random Battle", "players": ["p0x107884f6", "p0y1078c122"], "log": "|init|battle\n|title|p0x107884f6 vs. p0y1078c122\n|j|\u2606p0x107884f6\n|j|\u2606p0y1078c122\n|t:|1783551693\n|gametype|singles\n|player|p1|p0x107884f6|1|\n|player|p2|p0y1078c122|265|\n|gen|9\n|tier|[Gen 9] Random Battle\n|rule|Species Clause: Limit one of each Pok\u00e9mon\n|rule|HP Percentage Mod: HP is shown in percentages\n|rule|Sleep Clause Mod: Limit one foe put to sleep\n|rule|Illusion Level Mod: Illusion disguises the Pok\u00e9mon's true level\n|\n|t:|1783551693\n|teamsize|p1|6\n|teamsize|p2|6\n|start\n|switch|p1a: Rayquaza|Rayquaza, L72|270/270\n|switch|p2a: Dondozo|Dondozo, L78, M|100/100\n|-ability|p1a: Rayquaza|Air Lock\n|turn|1\n|inactive|Battle timer is ON: inactive players will automatically lose when time's up. (requested by p0x107884f6)\n|inactive|p0y1078c122 also wants the timer to be on.\n|\n|t:|1783551695\n|switch|p2a: Carbink|Carbink, L90|100/100\n|move|p1a: Rayquaza|Swords Dance|p1a: Rayquaza\n|-boost|p1a: Rayquaza|atk|2\n|\n|upkeep\n|turn|2\n|inactive|Time left: 300 sec this turn | 300 sec total\n|\n|t:|1783551697\n|move|p1a: Rayquaza|Earthquake|p2a: Carbink\n|-supereffective|p2a: Carbink\n|-damage|p2a: Carbink|27/100\n|move|p2a: Carbink|Moonblast|p1a: Rayquaza\n|-supereffective|p1a: Rayquaza\n|-crit|p1a: Rayquaza\n|-damage|p1a: Rayquaza|10/270\n|\n|-heal|p2a: Carbink|33/100|[from] item: Leftovers\n|upkeep\n|turn|3\n|inactive|Time left: 300 sec this turn | 300 sec total\n|\n|t:|1783551698\n|switch|p2a: Dondozo|Dondozo, L78, M|100/100\n|move|p1a: Rayquaza|Dragon Ascent|p2a: Dondozo\n|-damage|p2a: Dondozo|68/100\n|-unboost|p1a: Rayquaza|def|1\n|-unboost|p1a: Rayquaza|spd|1\n|\n|-heal|p2a: Dondozo|74/100|[from] item: Leftovers\n|upkeep\n|turn|4\n|inactive|Time left: 300 sec this turn | 300 sec total\n|\n|t:|1783551699\n|move|p1a: Rayquaza|Dragon Ascent|p2a: Dondozo\n|-damage|p2a: Dondozo|43/100\n|-unboost|p1a: Rayquaza|def|1\n|-unboost|p1a: Rayquaza|spd|1\n|move|p2a: Dondozo|Wave Crash|p1a: Rayquaza\n|-resisted|p1a: Rayquaza\n|-damage|p1a: Rayquaza|0 fnt\n|faint|p1a: Rayquaza\n|-damage|p2a: Dondozo|42/100|[from] Recoil\n|\n|-heal|p2a: Dondozo|49/100|[from] item: Leftovers\n|upkeep\n|inactive|Time left: 300 sec this turn | 300 sec total | 5 sec grace\n|\n|t:|1783551700\n|switch|p1a: Stonjourner|Stonjourner, L91, F|330/330\n|turn|5\n|inactive|Time left: 300 sec this turn | 300 sec total\n|\n|t:|1783551701\n|move|p1a: Stonjourner|Stone Edge|p2a: Dondozo\n|-damage|p2a: Dondozo|0 fnt\n|faint|p2a: Dondozo\n|-damage|p1a: Stonjourner|297/330|[from] item: Life Orb\n|\n|upkeep\n|\n|t:|1783551702\n|switch|p2a: Bellibolt|Bellibolt, L84, F|100/100\n|turn|6\n|inactive|Time left: 300 sec this turn | 300 sec total\n|\n|t:|1783551703\n|-terastallize|p1a: Stonjourner|Ground\n|move|p1a: Stonjourner|Earthquake|p2a: Bellibolt\n|-supereffective|p2a: Bellibolt\n|-damage|p2a: Bellibolt|0 fnt\n|faint|p2a: Bellibolt\n|-damage|p1a: Stonjourner|264/330|[from] item: Life Orb\n|\n|upkeep\n|\n|t:|1783551704\n|switch|p2a: Piloswine|Piloswine, L85, M|100/100\n|turn|7\n|inactive|Time left: 300 sec this turn | 300 sec total\n|\n|t:|1783551705\n|move|p1a: Stonjourner|Earthquake|p2a: Piloswine\n|-damage|p2a: Piloswine|59/100\n|-damage|p1a: Stonjourner|231/330|[from] item: Life Orb\n|move|p2a: Piloswine|Icicle Crash|p1a: Stonjourner\n|-supereffective|p1a: Stonjourner\n|-damage|p1a: Stonjourner|109/330\n|\n|upkeep\n|turn|8\n|inactive|Time left: 300 sec this turn | 300 sec total\n|\n|t:|1783551706\n|move|p1a: Stonjourner|Earthquake|p2a: Piloswine\n|-damage|p2a: Piloswine|15/100\n|-damage|p1a: Stonjourner|76/330|[from] item: Life Orb\n|move|p2a: Piloswine|Icicle Crash|p1a: Stonjourner\n|-supereffective|p1a: Stonjourner\n|-damage|p1a: Stonjourner|0 fnt\n|faint|p1a: Stonjourner\n|\n|upkeep\n|inactive|Time left: 300 sec this turn | 300 sec total | 5 sec grace\n|\n|t:|1783551707\n|switch|p1a: Entei|Entei, L78|307/307\n|turn|9\n|inactive|Time left: 300 sec this turn | 300 sec total\n|\n|t:|1783551708\n|move|p1a: Entei|Sacred Fire|p2a: Piloswine\n|-supereffective|p2a: Piloswine\n|-damage|p2a: Piloswine|0 fnt\n|faint|p2a: Piloswine\n|\n|upkeep\n|\n|t:|1783551709\n|switch|p2a: Carbink|Carbink, L90|33/100\n|turn|10\n|inactive|Time left: 300 sec this turn | 300 sec total\n|\n|t:|1783551710\n|move|p1a: Entei|Sacred Fire|p2a: Carbink\n|-resisted|p2a: Carbink\n|-damage|p2a: Carbink|13/100\n|move|p2a: Carbink|Iron Defense|p2a: Carbink\n|-boost|p2a: Carbink|def|2\n|\n|-heal|p2a: Carbink|19/100|[from] item: Leftovers\n|upkeep\n|turn|11\n|inactive|Time left: 300 sec this turn | 300 sec total\n|\n|t:|1783551711\n|move|p1a: Entei|Sacred Fire|p2a: Carbink\n|-resisted|p2a: Carbink\n|-damage|p2a: Carbink|9/100\n|move|p2a: Carbink|Body Press|p1a: Entei\n|-damage|p1a: Entei|111/307\n|\n|-heal|p2a: Carbink|14/100|[from] item: Leftovers\n|upkeep\n|turn|12\n|inactive|Time left: 300 sec this turn | 300 sec total\n|\n|t:|1783551713\n|move|p1a: Entei|Sacred Fire|p2a: Carbink\n|-resisted|p2a: Carbink\n|-damage|p2a: Carbink|3/100\n|move|p2a: Carbink|Body Press|p1a: Entei\n|-damage|p1a: Entei|0 fnt\n|faint|p1a: Entei\n|\n|-heal|p2a: Carbink|9/100|[from] item: Leftovers\n|upkeep\n|inactive|Time left: 300 sec this turn | 300 sec total | 5 sec grace\n|\n|t:|1783551714\n|switch|p1a: Cramorant|Cramorant, L86, M|261/261\n|turn|13\n|inactive|Time left: 300 sec this turn | 300 sec total\n|\n|t:|1783551715\n|move|p1a: Cramorant|Surf|p2a: Carbink\n|-formechange|p1a: Cramorant|Cramorant-Gulping|\n|-supereffective|p2a: Carbink\n|-damage|p2a: Carbink|0 fnt\n|faint|p2a: Carbink\n|\n|upkeep\n|\n|t:|1783551715\n|switch|p2a: Sneasler|Sneasler, L74, M|100/100\n|turn|14\n|inactive|Time left: 300 sec this turn | 300 sec total\n|\n|t:|1783551716\n|move|p2a: Sneasler|Dire Claw|p1a: Cramorant\n|-damage|p1a: Cramorant|105/261\n|-damage|p2a: Sneasler|75/100|[from] ability: Gulp Missile|[of] p1a: Cramorant\n|-unboost|p2a: Sneasler|def|1\n|-formechange|p1a: Cramorant|Cramorant|\n|-status|p1a: Cramorant|psn|[from] ability: Poison Touch|[of] p2a: Sneasler\n|move|p1a: Cramorant|Brave Bird|p2a: Sneasler\n|-supereffective|p2a: Sneasler\n|-damage|p2a: Sneasler|0 fnt\n|faint|p2a: Sneasler\n|-damage|p1a: Cramorant|46/261 psn|[from] Recoil\n|\n|-damage|p1a: Cramorant|14/261 psn|[from] psn\n|upkeep\n|\n|t:|1783551717\n|switch|p2a: Gallade|Gallade, L80, M|100/100\n|turn|15\n|inactive|Time left: 300 sec this turn | 300 sec total\n|\n|t:|1783551718\n|-terastallize|p2a: Gallade|Dark\n|move|p1a: Cramorant|Brave Bird|p2a: Gallade\n|-damage|p2a: Gallade|33/100\n|-damage|p1a: Cramorant|0 fnt|[from] Recoil\n|faint|p1a: Cramorant\n|move|p2a: Gallade|Agility|p2a: Gallade\n|-boost|p2a: Gallade|spe|2\n|\n|upkeep\n|inactive|Time left: 300 sec this turn | 300 sec total | 5 sec grace\n|\n|t:|1783551719\n|switch|p1a: Scream Tail|Scream Tail, L84|330/330\n|turn|16\n|inactive|Time left: 300 sec this turn | 300 sec total\n|\n|t:|1783551720\n|move|p2a: Gallade|Agility|p2a: Gallade\n|-boost|p2a: Gallade|spe|2\n|move|p1a: Scream Tail|Dazzling Gleam|p2a: Gallade\n|-supereffective|p2a: Gallade\n|-damage|p2a: Gallade|0 fnt\n|faint|p2a: Gallade\n|\n|win|p0x107884f6", "uploadtime": 1783551720, "views": 0, "rating": 0, "private": 0, "password": null, "_winner": "p0x107884f6", "_our_name": "p0x107884f6"}