{"id": "battle-gen9randombattle-1109", "formatid": "gen9randombattle", "format": "[Gen 9] Random Battle", "players": ["p0x11097012", "p0y11098f5f"], "log": "|init|battle\n|title|p0x11097012 vs. p0y11098f5f\n|j|\u2606p0x11097012\n|j|\u2606p0y11098f5f\n|t:|1783552017\n|gametype|singles\n|player|p1|p0x11097012|2|\n|player|p2|p0y11098f5f|1|\n|gen|9\n|tier|[Gen 9] Random Battle\n|rule|Species Clause: Limit one of each Pok\u00e9mon\n|rule|HP Percentage Mod: HP is shown in percentages\n|rule|Sleep Clause Mod: Limit one foe put to sleep\n|rule|Illusion Level Mod: Illusion disguises the Pok\u00e9mon's true level\n|\n|t:|1783552017\n|teamsize|p1|6\n|teamsize|p2|6\n|start\n|switch|p1a: Tsareena|Tsareena, L87, F|100/100\n|switch|p2a: Glalie|Glalie, L96, F|309/309\n|turn|1\n|inactive|Battle timer is ON: inactive players will automatically lose when time's up. (requested by p0y11098f5f)\n|inactive|p0x11097012 also wants the timer to be on.\n|\n|t:|1783552019\n|move|p2a: Glalie|Freeze-Dry|p1a: Tsareena\n|-supereffective|p1a: Tsareena\n|-damage|p1a: Tsareena|44/100\n|move|p1a: Tsareena|Knock Off|p2a: Glalie\n|-damage|p2a: Glalie|205/309\n|-enditem|p2a: Glalie|Heavy-Duty Boots|[from] move: Knock Off|[of] p1a: Tsareena\n|-damage|p1a: Tsareena|34/100|[from] item: Life Orb\n|\n|upkeep\n|turn|2\n|inactive|Time left: 300 sec this turn | 300 sec total\n|\n|t:|1783552020\n|move|p2a: Glalie|Freeze-Dry|p1a: Tsareena\n|-supereffective|p1a: Tsareena\n|-damage|p1a: Tsareena|0 fnt\n|faint|p1a: Tsareena\n|\n|upkeep\n|\n|t:|1783552021\n|switch|p1a: Volcarona|Volcarona, L77, F|100/100\n|turn|3\n|inactive|Time left: 300 sec this turn | 300 sec total\n|\n|t:|1783552022\n|move|p2a: Glalie|Earthquake|p1a: Volcarona\n|-damage|p1a: Volcarona|60/100\n|move|p1a: Volcarona|Quiver Dance|p1a: Volcarona\n|-boost|p1a: Volcarona|spa|1\n|-boost|p1a: Volcarona|spd|1\n|-boost|p1a: Volcarona|spe|1\n|\n|upkeep\n|turn|4\n|inactive|Time left: 300 sec this turn | 300 sec total\n|\n|t:|1783552024\n|switch|p2a: Basculegion|Basculegion-F, L83, F|335/335\n|move|p1a: Volcarona|Fiery Dance|p2a: Basculegion\n|-resisted|p2a: Basculegion\n|-damage|p2a: Basculegion|287/335\n|\n|upkeep\n|turn|5\n|inactive|Time left: 300 sec this turn | 300 sec total\n|\n|t:|1783552025\n|move|p1a: Volcarona|Giga Drain|p2a: Basculegion\n|-supereffective|p2a: Basculegion\n|-damage|p2a: Basculegion|151/335\n|-heal|p1a: Volcarona|86/100|[from] drain|[of] p2a: Basculegion\n|move|p2a: Basculegion|Flip Turn|p1a: Volcarona\n|-supereffective|p1a: Volcarona\n|-damage|p1a: Volcarona|2/100\n|inactive|Time left: 300 sec this turn | 300 sec total | 5 sec grace\n|\n|t:|1783552026\n|switch|p2a: Komala|Komala, L87, F|255/255|[from] Flip Turn\n|-ability|p2a: Komala|Comatose\n|\n|upkeep\n|turn|6\n|inactive|Time left: 300 sec this turn | 300 sec total\n|\n|t:|1783552027\n|move|p1a: Volcarona|Giga Drain|p2a: Komala\n|-damage|p2a: Komala|203/255\n|-heal|p1a: Volcarona|12/100|[from] drain|[of] p2a: Komala\n|move|p2a: Komala|Rapid Spin|p1a: Volcarona\n|-damage|p1a: Volcarona|0 fnt\n|-boost|p2a: Komala|spe|1\n|faint|p1a: Volcarona\n|\n|upkeep\n|\n|t:|1783552028\n|switch|p1a: Granbull|Granbull, L88, F|100/100\n|-ability|p1a: Granbull|Intimidate|boost\n|-unboost|p2a: Komala|atk|1\n|turn|7\n|inactive|Time left: 300 sec this turn | 300 sec total\n|\n|t:|1783552030\n|switch|p2a: Pelipper|Pelipper, L86, M|243/243\n|-weather|RainDance|[from] ability: Drizzle|[of] p2a: Pelipper\n|move|p1a: Granbull|Play Rough|p2a: Pelipper\n|-damage|p2a: Pelipper|141/243\n|\n|-weather|RainDance|[upkeep]\n|upkeep\n|turn|8\n|inactive|Time left: 300 sec this turn | 300 sec total\n|\n|t:|1783552031\n|switch|p1a: Hydrapple|Hydrapple, L83, M|100/100\n|move|p2a: Pelipper|Hurricane|p1a: Hydrapple\n|-supereffective|p1a: Hydrapple\n|-damage|p1a: Hydrapple|23/100\n|\n|-weather|RainDance|[upkeep]\n|upkeep\n|turn|9\n|inactive|Time left: 300 sec this turn | 300 sec total\n|\n|t:|1783552032\n|switch|p1a: Gholdengo|Gholdengo, L77|100/100\n|move|p2a: Pelipper|Hurricane|p1a: Gholdengo\n|-resisted|p1a: Gholdengo\n|-damage|p1a: Gholdengo|77/100\n|\n|-weather|RainDance|[upkeep]\n|-heal|p1a: Gholdengo|83/100|[from] item: Leftovers\n|upkeep\n|turn|10\n|inactive|Time left: 300 sec this turn | 300 sec total\n|\n|t:|1783552033\n|move|p1a: Gholdengo|Shadow Ball|p2a: Pelipper\n|-damage|p2a: Pelipper|45/243\n|move|p2a: Pelipper|Surf|p1a: Gholdengo\n|-damage|p1a: Gholdengo|21/100\n|\n|-weather|RainDance|[upkeep]\n|-heal|p1a: Gholdengo|27/100|[from] item: Leftovers\n|upkeep\n|turn|11\n|inactive|Time left: 300 sec this turn | 300 sec total\n|\n|t:|1783552034\n|switch|p2a: Komala|Komala, L87, F|203/255\n|-ability|p2a: Komala|Comatose\n|move|p1a: Gholdengo|Shadow Ball|p2a: Komala\n|-immune|p2a: Komala\n|\n|-weather|none\n|-heal|p1a: Gholdengo|33/100|[from] item: Leftovers\n|upkeep\n|turn|12\n|inactive|Time left: 300 sec this turn | 300 sec total\n|\n|t:|1783552035\n|move|p1a: Gholdengo|Make It Rain|p2a: Komala\n|-damage|p2a: Komala|118/255\n|-unboost|p1a: Gholdengo|spa|1\n|move|p2a: Komala|Earthquake|p1a: Gholdengo\n|-supereffective|p1a: Gholdengo\n|-damage|p1a: Gholdengo|0 fnt\n|faint|p1a: Gholdengo\n|\n|upkeep\n|\n|t:|1783552035\n|switch|p1a: Granbull|Granbull, L88, F|100/100\n|-ability|p1a: Granbull|Intimidate|boost\n|-unboost|p2a: Komala|atk|1\n|turn|13\n|inactive|Time left: 300 sec this turn | 300 sec total\n|\n|t:|1783552036\n|switch|p2a: Mightyena|Mightyena, L96, F|290/290\n|-ability|p2a: Mightyena|Intimidate|boost\n|-unboost|p1a: Granbull|atk|1\n|move|p1a: Granbull|Play Rough|p2a: Mightyena\n|-supereffective|p2a: Mightyena\n|-damage|p2a: Mightyena|114/290\n|\n|upkeep\n|turn|14\n|inactive|Time left: 300 sec this turn | 300 sec total\n|\n|t:|1783552037\n|move|p2a: Mightyena|Poison Fang|p1a: Granbull\n|-supereffective|p1a: Granbull\n|-damage|p1a: Granbull|56/100\n|-status|p1a: Granbull|tox\n|move|p1a: Granbull|Play Rough|p2a: Mightyena\n|-supereffective|p2a: Mightyena\n|-damage|p2a: Mightyena|0 fnt\n|faint|p2a: Mightyena\n|\n|-heal|p1a: Granbull|62/100 tox|[from] item: Leftovers\n|-damage|p1a: Granbull|56/100 tox|[from] psn\n|upkeep\n|inactive|Time left: 300 sec this turn | 300 sec total | 5 sec grace\n|\n|t:|1783552038\n|switch|p2a: Pelipper|Pelipper, L86, M|45/243\n|-weather|RainDance|[from] ability: Drizzle|[of] p2a: Pelipper\n|turn|15\n|inactive|Time left: 300 sec this turn | 300 sec total\n|\n|t:|1783552039\n|move|p2a: Pelipper|Roost|p2a: Pelipper\n|-heal|p2a: Pelipper|167/243\n|-singleturn|p2a: Pelipper|move: Roost\n|move|p1a: Granbull|Play Rough|p2a: Pelipper|[miss]\n|-miss|p1a: Granbull|p2a: Pelipper\n|\n|-weather|RainDance|[upkeep]\n|-heal|p1a: Granbull|62/100 tox|[from] item: Leftovers\n|-damage|p1a: Granbull|50/100 tox|[from] psn\n|upkeep\n|turn|16\n|inactive|Time left: 300 sec this turn | 300 sec total\n|\n|t:|1783552041\n|move|p2a: Pelipper|Hurricane|p1a: Granbull\n|-damage|p1a: Granbull|2/100 tox\n|move|p1a: Granbull|Thunder Wave|p2a: Pelipper\n|-status|p2a: Pelipper|par\n|\n|-weather|RainDance|[upkeep]\n|-heal|p1a: Granbull|8/100 tox|[from] item: Leftovers\n|-damage|p1a: Granbull|0 fnt|[from] psn\n|faint|p1a: Granbull\n|upkeep\n|\n|t:|1783552041\n|switch|p1a: Hydrapple|Hydrapple, L83, M|56/100\n|turn|17\n|inactive|Time left: 300 sec this turn | 300 sec total\n|\n|t:|1783552042\n|move|p1a: Hydrapple|Fickle Beam|p2a: Pelipper\n|-crit|p2a: Pelipper\n|-damage|p2a: Pelipper|0 fnt\n|faint|p2a: Pelipper\n|\n|-weather|RainDance|[upkeep]\n|upkeep\n|inactive|Time left: 300 sec this turn | 300 sec total | 5 sec grace\n|\n|t:|1783552043\n|switch|p2a: Glalie|Glalie, L96, F|205/309\n|turn|18\n|inactive|Time left: 300 sec this turn | 300 sec total\n|\n|t:|1783552044\n|switch|p1a: Deoxys|Deoxys-Attack, L72|100/100\n|-ability|p1a: Deoxys|Pressure\n|move|p2a: Glalie|Freeze-Dry|p1a: Deoxys\n|-damage|p1a: Deoxys|0 fnt\n|faint|p1a: Deoxys\n|\n|-weather|RainDance|[upkeep]\n|upkeep\n|\n|t:|1783552045\n|switch|p1a: Hydrapple|Hydrapple, L83, M|90/100\n|turn|19\n|inactive|Time left: 300 sec this turn | 300 sec total\n|\n|t:|1783552046\n|-terastallize|p1a: Hydrapple|Dragon\n|move|p2a: Glalie|Freeze-Dry|p1a: Hydrapple\n|-supereffective|p1a: Hydrapple\n|-damage|p1a: Hydrapple|33/100\n|-status|p1a: Hydrapple|frz\n|cant|p1a: Hydrapple|frz\n|\n|-weather|none\n|upkeep\n|turn|20\n|inactive|Time left: 300 sec this turn | 300 sec total\n|\n|t:|1783552047\n|-terastallize|p2a: Glalie|Water\n|move|p2a: Glalie|Freeze-Dry|p1a: Hydrapple\n|-supereffective|p1a: Hydrapple\n|-damage|p1a: Hydrapple|0 fnt\n|faint|p1a: Hydrapple\n|\n|win|p0y11098f5f", "uploadtime": 1783552047, "views": 0, "rating": 0, "private": 0, "password": null, "_winner": "p0y11098f5f", "_our_name": "p0y11098f5f"}