{"id": "battle-gen9randombattle-2647", "formatid": "gen9randombattle", "format": "[Gen 9] Random Battle", "players": ["p0x2647bef1", "p0y2647518d"], "log": "|init|battle\n|title|p0x2647bef1 vs. p0y2647518d\n|j|\u2606p0x2647bef1\n|j|\u2606p0y2647518d\n|t:|1783570562\n|gametype|singles\n|player|p1|p0x2647bef1|1|\n|player|p2|p0y2647518d|169|\n|gen|9\n|tier|[Gen 9] Random Battle\n|rule|Species Clause: Limit one of each Pok\u00e9mon\n|rule|HP Percentage Mod: HP is shown in percentages\n|rule|Sleep Clause Mod: Limit one foe put to sleep\n|rule|Illusion Level Mod: Illusion disguises the Pok\u00e9mon's true level\n|\n|t:|1783570562\n|teamsize|p1|6\n|teamsize|p2|6\n|start\n|switch|p1a: Cyclizar|Cyclizar, L84, F|100/100\n|switch|p2a: Shaymin|Shaymin, L82|298/298\n|turn|1\n|inactive|Battle timer is ON: inactive players will automatically lose when time's up. (requested by p0y2647518d)\n|inactive|p0x2647bef1 also wants the timer to be on.\n|\n|t:|1783570563\n|move|p1a: Cyclizar|Shed Tail|p1a: Cyclizar\n|-start|p1a: Cyclizar|Substitute|[from] move: Shed Tail\n|-damage|p1a: Cyclizar|50/100\n|\n|t:|1783570564\n|switch|p1a: Magearna|Magearna, L77|100/100|[from] Shed Tail\n|move|p2a: Shaymin|Seed Flare|p1a: Magearna\n|-resisted|p1a: Magearna\n|-activate|p1a: Magearna|move: Substitute|[damage]\n|\n|upkeep\n|turn|2\n|inactive|Time left: 300 sec this turn | 300 sec total\n|\n|t:|1783570565\n|switch|p2a: Toxtricity|Toxtricity, L82, M|257/257\n|move|p1a: Magearna|Shift Gear|p1a: Magearna\n|-boost|p1a: Magearna|spe|2\n|-boost|p1a: Magearna|atk|1\n|\n|upkeep\n|turn|3\n|inactive|Time left: 300 sec this turn | 300 sec total\n|\n|t:|1783570566\n|move|p1a: Magearna|Shift Gear|p1a: Magearna\n|-boost|p1a: Magearna|spe|2\n|-boost|p1a: Magearna|atk|1\n|move|p2a: Toxtricity|Shift Gear|p2a: Toxtricity\n|-boost|p2a: Toxtricity|spe|2\n|-boost|p2a: Toxtricity|atk|1\n|\n|upkeep\n|turn|4\n|inactive|Time left: 300 sec this turn | 300 sec total\n|\n|t:|1783570567\n|-terastallize|p1a: Magearna|Ground\n|move|p1a: Magearna|Tera Blast|p2a: Toxtricity|[anim] Tera Blast Ground\n|-supereffective|p2a: Toxtricity\n|-damage|p2a: Toxtricity|0 fnt\n|faint|p2a: Toxtricity\n|-ability|p1a: Magearna|Soul-Heart|boost\n|-boost|p1a: Magearna|spa|1\n|\n|upkeep\n|inactive|Time left: 300 sec this turn | 300 sec total | 5 sec grace\n|\n|t:|1783570568\n|switch|p2a: Milotic|Milotic, L83, M|293/293\n|turn|5\n|inactive|Time left: 300 sec this turn | 300 sec total\n|\n|t:|1783570569\n|move|p1a: Magearna|Tera Blast|p2a: Milotic|[anim] Tera Blast Ground\n|-damage|p2a: Milotic|151/293\n|move|p2a: Milotic|Haze|p2a: Milotic\n|-clearallboost\n|\n|-heal|p2a: Milotic|169/293|[from] item: Leftovers\n|upkeep\n|turn|6\n|inactive|Time left: 300 sec this turn | 300 sec total\n|\n|t:|1783570570\n|move|p2a: Milotic|Recover|p2a: Milotic\n|-heal|p2a: Milotic|293/293\n|move|p1a: Magearna|Shift Gear|p1a: Magearna\n|-boost|p1a: Magearna|spe|2\n|-boost|p1a: Magearna|atk|1\n|\n|upkeep\n|turn|7\n|inactive|Time left: 300 sec this turn | 300 sec total\n|\n|t:|1783570571\n|move|p1a: Magearna|Tera Blast|p2a: Milotic|[anim] Tera Blast Ground\n|-damage|p2a: Milotic|176/293\n|move|p2a: Milotic|Haze|p2a: Milotic\n|-clearallboost\n|\n|-heal|p2a: Milotic|194/293|[from] item: Leftovers\n|upkeep\n|turn|8\n|inactive|Time left: 300 sec this turn | 300 sec total\n|\n|t:|1783570572\n|move|p2a: Milotic|Recover|p2a: Milotic\n|-heal|p2a: Milotic|293/293\n|move|p1a: Magearna|Shift Gear|p1a: Magearna\n|-boost|p1a: Magearna|spe|2\n|-boost|p1a: Magearna|atk|1\n|\n|upkeep\n|turn|9\n|inactive|Time left: 300 sec this turn | 300 sec total\n|\n|t:|1783570572\n|move|p1a: Magearna|Tera Blast|p2a: Milotic|[anim] Tera Blast Ground\n|-damage|p2a: Milotic|181/293\n|move|p2a: Milotic|Haze|p2a: Milotic\n|-clearallboost\n|\n|-heal|p2a: Milotic|199/293|[from] item: Leftovers\n|upkeep\n|turn|10\n|inactive|Time left: 300 sec this turn | 300 sec total\n|\n|t:|1783570574\n|move|p2a: Milotic|Recover|p2a: Milotic\n|-heal|p2a: Milotic|293/293\n|move|p1a: Magearna|Shift Gear|p1a: Magearna\n|-boost|p1a: Magearna|spe|2\n|-boost|p1a: Magearna|atk|1\n|\n|upkeep\n|turn|11\n|inactive|Time left: 300 sec this turn | 300 sec total\n|\n|t:|1783570575\n|move|p1a: Magearna|Shift Gear|p1a: Magearna\n|-boost|p1a: Magearna|spe|2\n|-boost|p1a: Magearna|atk|1\n|move|p2a: Milotic|Haze|p2a: Milotic\n|-clearallboost\n|\n|upkeep\n|turn|12\n|inactive|Time left: 300 sec this turn | 300 sec total\n|\n|t:|1783570576\n|move|p2a: Milotic|Ice Beam|p1a: Magearna\n|-supereffective|p1a: Magearna\n|-end|p1a: Magearna|Substitute\n|move|p1a: Magearna|Shift Gear|p1a: Magearna\n|-boost|p1a: Magearna|spe|2\n|-boost|p1a: Magearna|atk|1\n|\n|upkeep\n|turn|13\n|inactive|Time left: 300 sec this turn | 300 sec total\n|\n|t:|1783570577\n|move|p1a: Magearna|Tera Blast|p2a: Milotic|[anim] Tera Blast Ground\n|-damage|p2a: Milotic|176/293\n|move|p2a: Milotic|Scald|p1a: Magearna\n|-supereffective|p1a: Magearna\n|-damage|p1a: Magearna|44/100\n|-status|p1a: Magearna|brn\n|-enditem|p1a: Magearna|Weakness Policy\n|-boost|p1a: Magearna|atk|2|[from] item: Weakness Policy\n|-boost|p1a: Magearna|spa|2|[from] item: Weakness Policy\n|\n|-heal|p2a: Milotic|194/293|[from] item: Leftovers\n|-damage|p1a: Magearna|38/100 brn|[from] brn\n|upkeep\n|turn|14\n|inactive|Time left: 300 sec this turn | 300 sec total\n|\n|t:|1783570578\n|move|p1a: Magearna|Fleur Cannon|p2a: Milotic\n|-damage|p2a: Milotic|0 fnt\n|-unboost|p1a: Magearna|spa|2\n|faint|p2a: Milotic\n|-ability|p1a: Magearna|Soul-Heart|boost\n|-boost|p1a: Magearna|spa|1\n|\n|-damage|p1a: Magearna|32/100 brn|[from] brn\n|upkeep\n|inactive|Time left: 300 sec this turn | 300 sec total | 5 sec grace\n|\n|t:|1783570579\n|switch|p2a: Ludicolo|Ludicolo, L90, F|290/290\n|turn|15\n|inactive|Time left: 300 sec this turn | 300 sec total\n|\n|t:|1783570580\n|move|p1a: Magearna|Fleur Cannon|p2a: Ludicolo\n|-damage|p2a: Ludicolo|98/290\n|-unboost|p1a: Magearna|spa|2\n|move|p2a: Ludicolo|Giga Drain|p1a: Magearna\n|-supereffective|p1a: Magearna\n|-damage|p1a: Magearna|0 fnt\n|-heal|p2a: Ludicolo|138/290|[from] drain|[of] p1a: Magearna\n|faint|p1a: Magearna\n|-damage|p2a: Ludicolo|109/290|[from] item: Life Orb\n|\n|upkeep\n|\n|t:|1783570581\n|switch|p1a: Ribombee|Ribombee, L83, M|100/100\n|turn|16\n|inactive|Time left: 300 sec this turn | 300 sec total\n|\n|t:|1783570583\n|switch|p2a: Ursaring|Ursaring, L84, F|288/288\n|move|p1a: Ribombee|Sticky Web|p2a: Ursaring\n|-sidestart|p2: p0y2647518d|move: Sticky Web\n|\n|upkeep\n|turn|17\n|inactive|Time left: 300 sec this turn | 300 sec total\n|\n|t:|1783570584\n|switch|p1a: Tsareena|Tsareena, L87, F|100/100\n|move|p2a: Ursaring|Body Slam|p1a: Tsareena\n|-damage|p1a: Tsareena|60/100\n|\n|upkeep\n|turn|18\n|inactive|Time left: 300 sec this turn | 300 sec total\n|\n|t:|1783570585\n|move|p1a: Tsareena|Synthesis|p1a: Tsareena\n|-heal|p1a: Tsareena|100/100\n|move|p2a: Ursaring|Body Slam|p1a: Tsareena\n|-damage|p1a: Tsareena|65/100\n|\n|upkeep\n|turn|19\n|inactive|Time left: 300 sec this turn | 300 sec total\n|\n|t:|1783570586\n|move|p1a: Tsareena|Knock Off|p2a: Ursaring\n|-damage|p2a: Ursaring|205/288\n|-enditem|p2a: Ursaring|Eviolite|[from] move: Knock Off|[of] p1a: Tsareena\n|-damage|p1a: Tsareena|56/100|[from] item: Life Orb\n|move|p2a: Ursaring|Body Slam|p1a: Tsareena\n|-damage|p1a: Tsareena|19/100\n|\n|upkeep\n|turn|20\n|inactive|Time left: 300 sec this turn | 300 sec total\n|\n|t:|1783570587\n|move|p1a: Tsareena|Power Whip|p2a: Ursaring\n|-damage|p2a: Ursaring|0 fnt\n|faint|p2a: Ursaring\n|-damage|p1a: Tsareena|9/100|[from] item: Life Orb\n|\n|upkeep\n|inactive|Time left: 300 sec this turn | 300 sec total | 5 sec grace\n|\n|t:|1783570588\n|switch|p2a: Thundurus|Thundurus, L80, M|258/258\n|turn|21\n|inactive|Time left: 300 sec this turn | 300 sec total\n|\n|t:|1783570589\n|move|p2a: Thundurus|Tera Blast|p1a: Tsareena\n|-damage|p1a: Tsareena|0 fnt\n|faint|p1a: Tsareena\n|\n|upkeep\n|\n|t:|1783570590\n|switch|p1a: Azelf|Azelf, L82|100/100\n|turn|22\n|inactive|Time left: 300 sec this turn | 300 sec total\n|\n|t:|1783570591\n|move|p1a: Azelf|Psychic|p2a: Thundurus\n|-damage|p2a: Thundurus|83/258\n|move|p2a: Thundurus|Thunderbolt|p1a: Azelf\n|-damage|p1a: Azelf|50/100\n|\n|upkeep\n|turn|23\n|inactive|Time left: 300 sec this turn | 300 sec total\n|\n|t:|1783570592\n|switch|p2a: Ludicolo|Ludicolo, L90, F|109/290\n|-activate|p2a: Ludicolo|move: Sticky Web\n|-unboost|p2a: Ludicolo|spe|1\n|move|p1a: Azelf|Psychic|p2a: Ludicolo\n|-damage|p2a: Ludicolo|0 fnt\n|faint|p2a: Ludicolo\n|\n|upkeep\n|inactive|Time left: 300 sec this turn | 300 sec total | 5 sec grace\n|\n|t:|1783570593\n|switch|p2a: Shaymin|Shaymin, L82|298/298\n|-activate|p2a: Shaymin|move: Sticky Web\n|-unboost|p2a: Shaymin|spe|1\n|turn|24\n|inactive|Time left: 300 sec this turn | 300 sec total\n|\n|t:|1783570594\n|move|p1a: Azelf|Psychic|p2a: Shaymin\n|-damage|p2a: Shaymin|136/298\n|move|p2a: Shaymin|Seed Flare|p1a: Azelf\n|-damage|p1a: Azelf|0 fnt\n|faint|p1a: Azelf\n|\n|-heal|p2a: Shaymin|154/298|[from] item: Leftovers\n|upkeep\n|\n|t:|1783570595\n|switch|p1a: Ribombee|Ribombee, L83, M|100/100\n|turn|25\n|inactive|Time left: 300 sec this turn | 300 sec total\n|\n|t:|1783570596\n|-terastallize|p2a: Shaymin|Steel\n|move|p1a: Ribombee|Bug Buzz|p2a: Shaymin\n|-resisted|p2a: Shaymin\n|-damage|p2a: Shaymin|109/298\n|move|p2a: Shaymin|Air Slash|p1a: Ribombee\n|-supereffective|p1a: Ribombee\n|-damage|p1a: Ribombee|46/100\n|\n|-heal|p2a: Shaymin|127/298|[from] item: Leftovers\n|upkeep\n|turn|26\n|inactive|Time left: 300 sec this turn | 300 sec total\n|\n|t:|1783570597\n|move|p1a: Ribombee|U-turn|p2a: Shaymin\n|-resisted|p2a: Shaymin\n|-damage|p2a: Shaymin|102/298\n|\n|t:|1783570598\n|switch|p1a: Cyclizar|Cyclizar, L84, F|84/100|[from] U-turn\n|move|p2a: Shaymin|Leech Seed|p1a: Cyclizar\n|-start|p1a: Cyclizar|move: Leech Seed\n|\n|-heal|p2a: Shaymin|120/298|[from] item: Leftovers\n|-damage|p1a: Cyclizar|71/100|[from] Leech Seed|[of] p2a: Shaymin\n|-heal|p2a: Shaymin|151/298|[silent]\n|upkeep\n|turn|27\n|inactive|Time left: 300 sec this turn | 300 sec total\n|\n|t:|1783570599\n|switch|p1a: Snorlax|Snorlax, L82, M|100/100\n|move|p2a: Shaymin|Seed Flare|p1a: Snorlax\n|-damage|p1a: Snorlax|76/100\n|\n|-heal|p2a: Shaymin|169/298|[from] item: Leftovers\n|-heal|p1a: Snorlax|82/100|[from] item: Leftovers\n|upkeep\n|turn|28\n|inactive|Time left: 300 sec this turn | 300 sec total\n|\n|t:|1783570600\n|move|p2a: Shaymin|Leech Seed|p1a: Snorlax\n|-start|p1a: Snorlax|move: Leech Seed\n|move|p1a: Snorlax|Body Slam|p2a: Shaymin\n|-resisted|p2a: Shaymin\n|-damage|p2a: Shaymin|127/298\n|\n|-heal|p2a: Shaymin|145/298|[from] item: Leftovers\n|-heal|p1a: Snorlax|88/100|[from] item: Leftovers\n|-damage|p1a: Snorlax|75/100|[from] Leech Seed|[of] p2a: Shaymin\n|-heal|p2a: Shaymin|194/298|[silent]\n|upkeep\n|turn|29\n|inactive|Time left: 300 sec this turn | 300 sec total\n|\n|t:|1783570601\n|switch|p1a: Cyclizar|Cyclizar, L84, F|100/100\n|move|p2a: Shaymin|Leech Seed|p1a: Cyclizar\n|-start|p1a: Cyclizar|move: Leech Seed\n|\n|-heal|p2a: Shaymin|212/298|[from] item: Leftovers\n|-damage|p1a: Cyclizar|88/100|[from] Leech Seed|[of] p2a: Shaymin\n|-heal|p2a: Shaymin|243/298|[silent]\n|upkeep\n|turn|30\n|inactive|Time left: 300 sec this turn | 300 sec total\n|\n|t:|1783570602\n|move|p1a: Cyclizar|Knock Off|p2a: Shaymin\n|-damage|p2a: Shaymin|184/298\n|-enditem|p2a: Shaymin|Leftovers|[from] move: Knock Off|[of] p1a: Cyclizar\n|move|p2a: Shaymin|Seed Flare|p1a: Cyclizar\n|-resisted|p1a: Cyclizar\n|-damage|p1a: Cyclizar|60/100\n|-unboost|p1a: Cyclizar|spd|2\n|\n|-damage|p1a: Cyclizar|48/100|[from] Leech Seed|[of] p2a: Shaymin\n|-heal|p2a: Shaymin|215/298|[silent]\n|upkeep\n|turn|31\n|inactive|Time left: 300 sec this turn | 300 sec total\n|\n|t:|1783570603\n|switch|p1a: Snorlax|Snorlax, L82, M|75/100\n|move|p2a: Shaymin|Leech Seed|p1a: Snorlax\n|-start|p1a: Snorlax|move: Leech Seed\n|\n|-heal|p1a: Snorlax|81/100|[from] item: Leftovers\n|-damage|p1a: Snorlax|69/100|[from] Leech Seed|[of] p2a: Shaymin\n|-heal|p2a: Shaymin|264/298|[silent]\n|upkeep\n|turn|32\n|inactive|Time left: 300 sec this turn | 300 sec total\n|\n|t:|1783570604\n|switch|p1a: Cyclizar|Cyclizar, L84, F|81/100\n|move|p2a: Shaymin|Seed Flare|p1a: Cyclizar|[miss]\n|-miss|p2a: Shaymin|p1a: Cyclizar\n|\n|upkeep\n|turn|33\n|inactive|Time left: 300 sec this turn | 300 sec total\n|\n|t:|1783570605\n|move|p1a: Cyclizar|Rapid Spin|p2a: Shaymin\n|-resisted|p2a: Shaymin\n|-damage|p2a: Shaymin|241/298\n|-boost|p1a: Cyclizar|spe|1\n|move|p2a: Shaymin|Seed Flare|p1a: Cyclizar\n|-resisted|p1a: Cyclizar\n|-damage|p1a: Cyclizar|53/100\n|\n|upkeep\n|turn|34\n|inactive|Time left: 300 sec this turn | 300 sec total\n|\n|t:|1783570606\n|move|p1a: Cyclizar|Shed Tail|p1a: Cyclizar\n|-start|p1a: Cyclizar|Substitute|[from] move: Shed Tail\n|-damage|p1a: Cyclizar|2/100\n|\n|t:|1783570607\n|switch|p1a: Snorlax|Snorlax, L82, M|69/100|[from] Shed Tail\n|move|p2a: Shaymin|Seed Flare|p1a: Snorlax\n|-end|p1a: Snorlax|Substitute\n|\n|-heal|p1a: Snorlax|75/100|[from] item: Leftovers\n|upkeep\n|turn|35\n|inactive|Time left: 300 sec this turn | 300 sec total\n|\n|t:|1783570608\n|move|p2a: Shaymin|Leech Seed|p1a: Snorlax\n|-start|p1a: Snorlax|move: Leech Seed\n|move|p1a: Snorlax|Body Slam|p2a: Shaymin\n|-resisted|p2a: Shaymin\n|-damage|p2a: Shaymin|196/298\n|\n|-heal|p1a: Snorlax|81/100|[from] item: Leftovers\n|-damage|p1a: Snorlax|69/100|[from] Leech Seed|[of] p2a: Shaymin\n|-heal|p2a: Shaymin|245/298|[silent]\n|upkeep\n|turn|36\n|inactive|Time left: 300 sec this turn | 300 sec total\n|\n|t:|1783570609\n|switch|p1a: Cyclizar|Cyclizar, L84, F|36/100\n|move|p2a: Shaymin|Air Slash|p1a: Cyclizar\n|-crit|p1a: Cyclizar\n|-damage|p1a: Cyclizar|0 fnt\n|faint|p1a: Cyclizar\n|\n|upkeep\n|\n|t:|1783570610\n|switch|p1a: Snorlax|Snorlax, L82, M|69/100\n|turn|37\n|inactive|Time left: 300 sec this turn | 300 sec total\n|\n|t:|1783570611\n|move|p2a: Shaymin|Leech Seed|p1a: Snorlax|[miss]\n|-miss|p2a: Shaymin|p1a: Snorlax\n|move|p1a: Snorlax|Body Slam|p2a: Shaymin\n|-resisted|p2a: Shaymin\n|-damage|p2a: Shaymin|201/298\n|\n|-heal|p1a: Snorlax|75/100|[from] item: Leftovers\n|upkeep\n|turn|38\n|inactive|Time left: 300 sec this turn | 300 sec total\n|\n|t:|1783570612\n|move|p2a: Shaymin|Leech Seed|p1a: Snorlax\n|-start|p1a: Snorlax|move: Leech Seed\n|move|p1a: Snorlax|Body Slam|p2a: Shaymin\n|-resisted|p2a: Shaymin\n|-damage|p2a: Shaymin|155/298\n|-status|p2a: Shaymin|par\n|\n|-heal|p1a: Snorlax|81/100|[from] item: Leftovers\n|-damage|p1a: Snorlax|69/100|[from] Leech Seed|[of] p2a: Shaymin\n|-heal|p2a: Shaymin|204/298 par|[silent]\n|upkeep\n|turn|39\n|inactive|Time left: 300 sec this turn | 300 sec total\n|\n|t:|1783570613\n|switch|p1a: Ribombee|Ribombee, L83, M|46/100\n|move|p2a: Shaymin|Air Slash|p1a: Ribombee\n|-supereffective|p1a: Ribombee\n|-damage|p1a: Ribombee|0 fnt\n|faint|p1a: Ribombee\n|\n|upkeep\n|\n|t:|1783570614\n|switch|p1a: Snorlax|Snorlax, L82, M|69/100\n|turn|40\n|inactive|Time left: 300 sec this turn | 300 sec total\n|\n|t:|1783570615\n|move|p1a: Snorlax|Curse|p1a: Snorlax\n|-unboost|p1a: Snorlax|spe|1\n|-boost|p1a: Snorlax|atk|1\n|-boost|p1a: Snorlax|def|1\n|move|p2a: Shaymin|Leech Seed|p1a: Snorlax\n|-start|p1a: Snorlax|move: Leech Seed\n|\n|-heal|p1a: Snorlax|75/100|[from] item: Leftovers\n|-damage|p1a: Snorlax|62/100|[from] Leech Seed|[of] p2a: Shaymin\n|-heal|p2a: Shaymin|253/298 par|[silent]\n|upkeep\n|turn|41\n|inactive|Time left: 300 sec this turn | 300 sec total\n|\n|t:|1783570616\n|move|p2a: Shaymin|Seed Flare|p1a: Snorlax\n|-damage|p1a: Snorlax|35/100\n|move|p1a: Snorlax|Curse|p1a: Snorlax\n|-unboost|p1a: Snorlax|spe|1\n|-boost|p1a: Snorlax|atk|1\n|-boost|p1a: Snorlax|def|1\n|\n|-heal|p1a: Snorlax|41/100|[from] item: Leftovers\n|-damage|p1a: Snorlax|28/100|[from] Leech Seed|[of] p2a: Shaymin\n|-heal|p2a: Shaymin|298/298 par|[silent]\n|upkeep\n|turn|42\n|inactive|Time left: 300 sec this turn | 300 sec total\n|\n|t:|1783570617\n|move|p2a: Shaymin|Air Slash|p1a: Snorlax\n|-damage|p1a: Snorlax|18/100\n|cant|p1a: Snorlax|flinch\n|\n|-heal|p1a: Snorlax|24/100|[from] item: Leftovers\n|-damage|p1a: Snorlax|11/100|[from] Leech Seed|[of] p2a: Shaymin\n|upkeep\n|turn|43\n|inactive|Time left: 300 sec this turn | 300 sec total\n|\n|t:|1783570618\n|move|p2a: Shaymin|Air Slash|p1a: Snorlax\n|-damage|p1a: Snorlax|0 fnt\n|faint|p1a: Snorlax\n|\n|win|p0y2647518d", "uploadtime": 1783570618, "views": 0, "rating": 0, "private": 0, "password": null, "_winner": "p0y2647518d", "_our_name": "p0y2647518d"}