{"id": "battle-gen9randombattle-207", "formatid": "gen9randombattle", "format": "[Gen 9] Random Battle", "players": ["p0x207fcbf", "p0y207a12d"], "log": "|init|battle\n|title|p0x207fcbf vs. p0y207a12d\n|j|\u2606p0x207fcbf\n|j|\u2606p0y207a12d\n|t:|1783541493\n|gametype|singles\n|player|p1|p0x207fcbf|1|\n|player|p2|p0y207a12d|2|\n|gen|9\n|tier|[Gen 9] Random Battle\n|rule|Species Clause: Limit one of each Pok\u00e9mon\n|rule|HP Percentage Mod: HP is shown in percentages\n|rule|Sleep Clause Mod: Limit one foe put to sleep\n|rule|Illusion Level Mod: Illusion disguises the Pok\u00e9mon's true level\n|\n|t:|1783541493\n|teamsize|p1|6\n|teamsize|p2|6\n|start\n|switch|p1a: Iron Valiant|Iron Valiant, L78|100/100\n|switch|p2a: Grimmsnarl|Grimmsnarl, L83, M|293/293\n|turn|1\n|inactive|Battle timer is ON: inactive players will automatically lose when time's up. (requested by p0x207fcbf)\n|inactive|Time left: 300 sec this turn | 300 sec total | 60 sec grace\n|inactive|p0y207a12d also wants the timer to be on.\n|\n|t:|1783541494\n|move|p2a: Grimmsnarl|Reflect|p2a: Grimmsnarl\n|-sidestart|p2: p0y207a12d|Reflect\n|move|p1a: Iron Valiant|Moonblast|p2a: Grimmsnarl\n|-supereffective|p2a: Grimmsnarl\n|-damage|p2a: Grimmsnarl|0 fnt\n|faint|p2a: Grimmsnarl\n|-damage|p1a: Iron Valiant|91/100|[from] item: Life Orb\n|\n|upkeep\n|inactive|Time left: 300 sec this turn | 300 sec total | 65 sec grace\n|\n|t:|1783541495\n|switch|p2a: Iron Crown|Iron Crown, L78|268/268\n|turn|2\n|inactive|Time left: 300 sec this turn | 300 sec total\n|\n|t:|1783541497\n|-end|p1a: Iron Valiant|Quark Drive|[silent]\n|switch|p1a: Lumineon|Lumineon, L93, M|100/100\n|move|p2a: Iron Crown|Tachyon Cutter|p1a: Lumineon\n|-resisted|p1a: Lumineon\n|-damage|p1a: Lumineon|91/100\n|-resisted|p1a: Lumineon\n|-damage|p1a: Lumineon|82/100\n|-hitcount|p1a: Lumineon|2\n|\n|upkeep\n|turn|3\n|inactive|Time left: 300 sec this turn | 300 sec total\n|\n|t:|1783541498\n|move|p1a: Lumineon|Hydro Pump|p2a: Iron Crown\n|-crit|p2a: Iron Crown\n|-damage|p2a: Iron Crown|105/268\n|move|p2a: Iron Crown|Tachyon Cutter|p1a: Lumineon\n|-resisted|p1a: Lumineon\n|-damage|p1a: Lumineon|73/100\n|-resisted|p1a: Lumineon\n|-damage|p1a: Lumineon|63/100\n|-hitcount|p1a: Lumineon|2\n|\n|-heal|p2a: Iron Crown|121/268|[from] item: Leftovers\n|upkeep\n|turn|4\n|inactive|Time left: 300 sec this turn | 300 sec total\n|\n|t:|1783541499\n|move|p1a: Lumineon|Hydro Pump|p2a: Iron Crown\n|-damage|p2a: Iron Crown|16/268\n|move|p2a: Iron Crown|Tachyon Cutter|p1a: Lumineon\n|-resisted|p1a: Lumineon\n|-damage|p1a: Lumineon|53/100\n|-resisted|p1a: Lumineon\n|-damage|p1a: Lumineon|44/100\n|-hitcount|p1a: Lumineon|2\n|\n|-heal|p2a: Iron Crown|32/268|[from] item: Leftovers\n|upkeep\n|turn|5\n|inactive|Time left: 300 sec this turn | 300 sec total\n|\n|t:|1783541500\n|move|p1a: Lumineon|Hydro Pump|p2a: Iron Crown|[miss]\n|-miss|p1a: Lumineon|p2a: Iron Crown\n|move|p2a: Iron Crown|Psyshock|p1a: Lumineon\n|-damage|p1a: Lumineon|13/100\n|\n|-heal|p2a: Iron Crown|48/268|[from] item: Leftovers\n|upkeep\n|turn|6\n|inactive|Time left: 300 sec this turn | 300 sec total\n|\n|t:|1783541501\n|move|p1a: Lumineon|Hydro Pump|p2a: Iron Crown\n|-crit|p2a: Iron Crown\n|-damage|p2a: Iron Crown|0 fnt\n|faint|p2a: Iron Crown\n|-end|p2a: Iron Crown|Quark Drive|[silent]\n|\n|upkeep\n|inactive|Time left: 300 sec this turn | 300 sec total | 5 sec grace\n|\n|t:|1783541502\n|switch|p2a: Gengar|Gengar, L81, M|230/230\n|turn|7\n|inactive|Time left: 300 sec this turn | 300 sec total\n|\n|t:|1783541503\n|move|p2a: Gengar|Sludge Wave|p1a: Lumineon\n|-damage|p1a: Lumineon|0 fnt\n|faint|p1a: Lumineon\n|-damage|p2a: Gengar|207/230|[from] item: Life Orb\n|\n|upkeep\n|\n|t:|1783541505\n|switch|p1a: Quaquaval|Quaquaval, L79, M|100/100\n|turn|8\n|inactive|Time left: 300 sec this turn | 300 sec total\n|\n|t:|1783541506\n|move|p2a: Gengar|Will-O-Wisp|p1a: Quaquaval\n|-status|p1a: Quaquaval|brn\n|move|p1a: Quaquaval|Aqua Step|p2a: Gengar\n|-damage|p2a: Gengar|160/230\n|-boost|p1a: Quaquaval|spe|1\n|\n|-damage|p1a: Quaquaval|94/100 brn|[from] brn\n|-sideend|p2: p0y207a12d|Reflect\n|upkeep\n|turn|9\n|inactive|Time left: 300 sec this turn | 300 sec total\n|\n|t:|1783541507\n|switch|p2a: Drifblim|Drifblim, L86, F|396/396\n|move|p1a: Quaquaval|Aqua Step|p2a: Drifblim\n|-damage|p2a: Drifblim|294/396\n|-boost|p1a: Quaquaval|spe|1\n|\n|-damage|p1a: Quaquaval|88/100 brn|[from] brn\n|upkeep\n|turn|10\n|inactive|Time left: 300 sec this turn | 300 sec total\n|\n|t:|1783541508\n|move|p1a: Quaquaval|Aqua Step|p2a: Drifblim\n|-damage|p2a: Drifblim|186/396\n|-boost|p1a: Quaquaval|spe|1\n|-enditem|p2a: Drifblim|Sitrus Berry|[eat]\n|-heal|p2a: Drifblim|285/396|[from] item: Sitrus Berry\n|move|p2a: Drifblim|Strength Sap|p1a: Quaquaval\n|-unboost|p1a: Quaquaval|atk|1\n|-heal|p2a: Drifblim|396/396\n|\n|-damage|p1a: Quaquaval|82/100 brn|[from] brn\n|upkeep\n|turn|11\n|inactive|Time left: 300 sec this turn | 300 sec total\n|\n|t:|1783541509\n|move|p1a: Quaquaval|Aqua Step|p2a: Drifblim\n|-damage|p2a: Drifblim|325/396\n|-boost|p1a: Quaquaval|spe|1\n|move|p2a: Drifblim|Calm Mind|p2a: Drifblim\n|-boost|p2a: Drifblim|spa|1\n|-boost|p2a: Drifblim|spd|1\n|\n|-damage|p1a: Quaquaval|76/100 brn|[from] brn\n|upkeep\n|turn|12\n|inactive|Time left: 300 sec this turn | 300 sec total\n|\n|t:|1783541510\n|move|p1a: Quaquaval|Aqua Step|p2a: Drifblim\n|-damage|p2a: Drifblim|251/396\n|-boost|p1a: Quaquaval|spe|1\n|move|p2a: Drifblim|Air Slash|p1a: Quaquaval\n|-supereffective|p1a: Quaquaval\n|-damage|p1a: Quaquaval|0 fnt\n|faint|p1a: Quaquaval\n|\n|upkeep\n|\n|t:|1783541511\n|switch|p1a: Qwilfish|Qwilfish-Hisui, L83, M|100/100\n|-ability|p1a: Qwilfish|Intimidate|boost\n|-unboost|p2a: Drifblim|atk|1\n|turn|13\n|inactive|Time left: 300 sec this turn | 300 sec total\n|\n|t:|1783541512\n|move|p2a: Drifblim|Strength Sap|p1a: Qwilfish\n|-unboost|p1a: Qwilfish|atk|1\n|-heal|p2a: Drifblim|396/396\n|move|p1a: Qwilfish|Crunch|p2a: Drifblim\n|-supereffective|p2a: Drifblim\n|-damage|p2a: Drifblim|216/396\n|\n|upkeep\n|turn|14\n|inactive|Time left: 300 sec this turn | 300 sec total\n|\n|t:|1783541513\n|move|p2a: Drifblim|Strength Sap|p1a: Qwilfish\n|-unboost|p1a: Qwilfish|atk|1\n|-heal|p2a: Drifblim|352/396\n|move|p1a: Qwilfish|Crunch|p2a: Drifblim\n|-supereffective|p2a: Drifblim\n|-damage|p2a: Drifblim|230/396\n|\n|upkeep\n|turn|15\n|inactive|Time left: 300 sec this turn | 300 sec total\n|\n|t:|1783541514\n|move|p2a: Drifblim|Strength Sap|p1a: Qwilfish\n|-unboost|p1a: Qwilfish|atk|1\n|-heal|p2a: Drifblim|332/396\n|move|p1a: Qwilfish|Crunch|p2a: Drifblim\n|-supereffective|p2a: Drifblim\n|-damage|p2a: Drifblim|230/396\n|\n|upkeep\n|turn|16\n|inactive|Time left: 300 sec this turn | 300 sec total\n|\n|t:|1783541515\n|switch|p1a: Abomasnow|Abomasnow, L84, F|100/100\n|-weather|Snowscape|[from] ability: Snow Warning|[of] p1a: Abomasnow\n|move|p2a: Drifblim|Air Slash|p1a: Abomasnow\n|-supereffective|p1a: Abomasnow\n|-damage|p1a: Abomasnow|9/100\n|\n|-weather|Snowscape|[upkeep]\n|upkeep\n|turn|17\n|inactive|Time left: 300 sec this turn | 300 sec total\n|\n|t:|1783541516\n|move|p2a: Drifblim|Shadow Ball|p1a: Abomasnow\n|-damage|p1a: Abomasnow|0 fnt\n|faint|p1a: Abomasnow\n|\n|-weather|Snowscape|[upkeep]\n|upkeep\n|\n|t:|1783541517\n|switch|p1a: Qwilfish|Qwilfish-Hisui, L83, M|100/100\n|-ability|p1a: Qwilfish|Intimidate|boost\n|-unboost|p2a: Drifblim|atk|1\n|turn|18\n|inactive|Time left: 300 sec this turn | 300 sec total\n|\n|t:|1783541518\n|move|p2a: Drifblim|Strength Sap|p1a: Qwilfish\n|-unboost|p1a: Qwilfish|atk|1\n|-heal|p2a: Drifblim|396/396\n|move|p1a: Qwilfish|Crunch|p2a: Drifblim\n|-supereffective|p2a: Drifblim\n|-damage|p2a: Drifblim|214/396\n|\n|-weather|Snowscape|[upkeep]\n|upkeep\n|turn|19\n|inactive|Time left: 300 sec this turn | 300 sec total\n|\n|t:|1783541519\n|move|p2a: Drifblim|Strength Sap|p1a: Qwilfish\n|-unboost|p1a: Qwilfish|atk|1\n|-heal|p2a: Drifblim|350/396\n|move|p1a: Qwilfish|Crunch|p2a: Drifblim\n|-supereffective|p2a: Drifblim\n|-damage|p2a: Drifblim|212/396\n|\n|-weather|Snowscape|[upkeep]\n|upkeep\n|turn|20\n|inactive|Time left: 300 sec this turn | 300 sec total\n|\n|t:|1783541520\n|switch|p1a: Regidrago|Regidrago, L77|100/100\n|move|p2a: Drifblim|Air Slash|p1a: Regidrago\n|-damage|p1a: Regidrago|59/100\n|\n|-weather|none\n|upkeep\n|turn|21\n|inactive|Time left: 300 sec this turn | 300 sec total\n|\n|t:|1783541521\n|move|p2a: Drifblim|Strength Sap|p1a: Regidrago\n|-unboost|p1a: Regidrago|atk|1\n|-heal|p2a: Drifblim|396/396\n|move|p1a: Regidrago|Dragon Dance|p1a: Regidrago\n|-boost|p1a: Regidrago|atk|1\n|-boost|p1a: Regidrago|spe|1\n|\n|upkeep\n|turn|22\n|inactive|Time left: 300 sec this turn | 300 sec total\n|\n|t:|1783541521\n|move|p2a: Drifblim|Air Slash|p1a: Regidrago\n|-damage|p1a: Regidrago|14/100\n|move|p1a: Regidrago|Dragon Dance|p1a: Regidrago\n|-boost|p1a: Regidrago|atk|1\n|-boost|p1a: Regidrago|spe|1\n|\n|upkeep\n|turn|23\n|inactive|Time left: 300 sec this turn | 300 sec total\n|\n|t:|1783541522\n|move|p2a: Drifblim|Air Slash|p1a: Regidrago\n|-crit|p1a: Regidrago\n|-damage|p1a: Regidrago|0 fnt\n|faint|p1a: Regidrago\n|\n|upkeep\n|\n|t:|1783541523\n|switch|p1a: Qwilfish|Qwilfish-Hisui, L83, M|100/100\n|-ability|p1a: Qwilfish|Intimidate|boost\n|-unboost|p2a: Drifblim|atk|1\n|turn|24\n|inactive|Time left: 300 sec this turn | 300 sec total\n|\n|t:|1783541524\n|move|p2a: Drifblim|Air Slash|p1a: Qwilfish\n|-damage|p1a: Qwilfish|55/100\n|cant|p1a: Qwilfish|flinch\n|\n|upkeep\n|turn|25\n|inactive|Time left: 300 sec this turn | 300 sec total\n|\n|t:|1783541525\n|move|p2a: Drifblim|Air Slash|p1a: Qwilfish\n|-damage|p1a: Qwilfish|7/100\n|move|p1a: Qwilfish|Crunch|p2a: Drifblim\n|-supereffective|p2a: Drifblim\n|-damage|p2a: Drifblim|142/396\n|-unboost|p2a: Drifblim|def|1\n|\n|upkeep\n|turn|26\n|inactive|Time left: 300 sec this turn | 300 sec total\n|\n|t:|1783541526\n|move|p2a: Drifblim|Shadow Ball|p1a: Qwilfish\n|-resisted|p1a: Qwilfish\n|-damage|p1a: Qwilfish|0 fnt\n|faint|p1a: Qwilfish\n|\n|upkeep\n|\n|t:|1783541527\n|switch|p1a: Iron Valiant|Iron Valiant, L78|91/100\n|turn|27\n|inactive|Time left: 300 sec this turn | 300 sec total\n|\n|t:|1783541528\n|-terastallize|p1a: Iron Valiant|Steel\n|move|p2a: Drifblim|Shadow Ball|p1a: Iron Valiant\n|-damage|p1a: Iron Valiant|19/100\n|move|p1a: Iron Valiant|Calm Mind|p1a: Iron Valiant\n|-boost|p1a: Iron Valiant|spa|1\n|-boost|p1a: Iron Valiant|spd|1\n|\n|upkeep\n|turn|28\n|inactive|Time left: 300 sec this turn | 300 sec total\n|\n|t:|1783541529\n|-terastallize|p2a: Drifblim|Steel\n|move|p2a: Drifblim|Shadow Ball|p1a: Iron Valiant\n|-damage|p1a: Iron Valiant|0 fnt\n|faint|p1a: Iron Valiant\n|-end|p1a: Iron Valiant|Quark Drive|[silent]\n|\n|win|p0y207a12d", "uploadtime": 1783541529, "views": 0, "rating": 0, "private": 0, "password": null, "_winner": "p0y207a12d", "_our_name": "p0y207a12d"}