{"id": "battle-gen9randombattle-61", "formatid": "gen9randombattle", "format": "[Gen 9] Random Battle", "players": ["p0x0617b3b", "p0y061076b"], "log": "|init|battle\n|title|p0x0617b3b vs. p0y061076b\n|j|\u2606p0x0617b3b\n|j|\u2606p0y061076b\n|t:|1783539901\n|gametype|singles\n|player|p1|p0x0617b3b|266|\n|player|p2|p0y061076b|102|\n|gen|9\n|tier|[Gen 9] Random Battle\n|rule|Species Clause: Limit one of each Pok\u00e9mon\n|rule|HP Percentage Mod: HP is shown in percentages\n|rule|Sleep Clause Mod: Limit one foe put to sleep\n|rule|Illusion Level Mod: Illusion disguises the Pok\u00e9mon's true level\n|\n|t:|1783539901\n|teamsize|p1|6\n|teamsize|p2|6\n|start\n|switch|p1a: Oricorio|Oricorio-Sensu, L85, F|266/266\n|switch|p2a: Toxtricity|Toxtricity, L82, M|100/100\n|turn|1\n|inactive|Battle timer is ON: inactive players will automatically lose when time's up. (requested by p0y061076b)\n|inactive|Time left: 300 sec this turn | 300 sec total | 60 sec grace\n|inactive|p0x0617b3b also wants the timer to be on.\n|\n|t:|1783539903\n|move|p1a: Oricorio|Quiver Dance|p1a: Oricorio\n|-boost|p1a: Oricorio|spa|1\n|-boost|p1a: Oricorio|spd|1\n|-boost|p1a: Oricorio|spe|1\n|move|p2a: Toxtricity|Overdrive|p1a: Oricorio\n|-supereffective|p1a: Oricorio\n|-damage|p1a: Oricorio|90/266\n|-enditem|p2a: Toxtricity|Throat Spray\n|-boost|p2a: Toxtricity|spa|1|[from] item: Throat Spray\n|\n|upkeep\n|turn|2\n|inactive|Time left: 300 sec this turn | 300 sec total\n|\n|t:|1783539904\n|move|p1a: Oricorio|Revelation Dance|p2a: Toxtricity\n|-damage|p2a: Toxtricity|36/100\n|move|p2a: Toxtricity|Overdrive|p1a: Oricorio\n|-supereffective|p1a: Oricorio\n|-damage|p1a: Oricorio|0 fnt\n|faint|p1a: Oricorio\n|\n|upkeep\n|inactive|Time left: 300 sec this turn | 300 sec total | 5 sec grace\n|\n|t:|1783539905\n|switch|p1a: Infernape|Infernape, L82, M|259/259\n|turn|3\n|inactive|Time left: 300 sec this turn | 300 sec total\n|\n|t:|1783539906\n|move|p1a: Infernape|Close Combat|p2a: Toxtricity\n|-resisted|p2a: Toxtricity\n|-damage|p2a: Toxtricity|0 fnt\n|-unboost|p1a: Infernape|def|1\n|-unboost|p1a: Infernape|spd|1\n|faint|p2a: Toxtricity\n|\n|upkeep\n|\n|t:|1783539907\n|switch|p2a: Volcanion|Volcanion, L79|100/100\n|turn|4\n|inactive|Time left: 300 sec this turn | 300 sec total\n|\n|t:|1783539909\n|switch|p1a: Clawitzer|Clawitzer, L87, M|265/265\n|move|p2a: Volcanion|Steam Eruption|p1a: Clawitzer\n|-resisted|p1a: Clawitzer\n|-crit|p1a: Clawitzer\n|-damage|p1a: Clawitzer|172/265\n|\n|upkeep\n|turn|5\n|inactive|Time left: 300 sec this turn | 300 sec total\n|\n|t:|1783539910\n|move|p2a: Volcanion|Steam Eruption|p1a: Clawitzer\n|-resisted|p1a: Clawitzer\n|-damage|p1a: Clawitzer|115/265\n|move|p1a: Clawitzer|Aura Sphere|p2a: Volcanion\n|-damage|p2a: Volcanion|34/100\n|\n|upkeep\n|turn|6\n|inactive|Time left: 300 sec this turn | 300 sec total\n|\n|t:|1783539911\n|switch|p2a: Hitmonchan|Hitmonchan, L87, M|100/100\n|move|p1a: Clawitzer|Aura Sphere|p2a: Hitmonchan\n|-damage|p2a: Hitmonchan|48/100\n|\n|-heal|p2a: Hitmonchan|54/100|[from] item: Leftovers\n|upkeep\n|turn|7\n|inactive|Time left: 300 sec this turn | 300 sec total\n|\n|t:|1783539912\n|move|p2a: Hitmonchan|Drain Punch|p1a: Clawitzer\n|-damage|p1a: Clawitzer|9/265\n|-heal|p2a: Hitmonchan|77/100|[from] drain|[of] p1a: Clawitzer\n|move|p1a: Clawitzer|Aura Sphere|p2a: Hitmonchan\n|-damage|p2a: Hitmonchan|24/100\n|\n|-heal|p2a: Hitmonchan|30/100|[from] item: Leftovers\n|upkeep\n|turn|8\n|inactive|Time left: 300 sec this turn | 300 sec total\n|\n|t:|1783539913\n|switch|p1a: Sableye|Sableye, L88, F|231/231\n|move|p2a: Hitmonchan|Drain Punch|p1a: Sableye\n|-immune|p1a: Sableye\n|\n|-heal|p2a: Hitmonchan|36/100|[from] item: Leftovers\n|upkeep\n|turn|9\n|inactive|Time left: 300 sec this turn | 300 sec total\n|\n|t:|1783539914\n|move|p2a: Hitmonchan|Knock Off|p1a: Sableye\n|-damage|p1a: Sableye|143/231\n|-enditem|p1a: Sableye|Leftovers|[from] move: Knock Off|[of] p2a: Hitmonchan\n|move|p1a: Sableye|Knock Off|p2a: Hitmonchan\n|-resisted|p2a: Hitmonchan\n|-damage|p2a: Hitmonchan|13/100\n|-enditem|p2a: Hitmonchan|Leftovers|[from] move: Knock Off|[of] p1a: Sableye\n|\n|upkeep\n|turn|10\n|inactive|Time left: 300 sec this turn | 300 sec total\n|\n|t:|1783539915\n|move|p1a: Sableye|Recover|p1a: Sableye\n|-heal|p1a: Sableye|231/231\n|move|p2a: Hitmonchan|Bulk Up|p2a: Hitmonchan\n|-boost|p2a: Hitmonchan|atk|1\n|-boost|p2a: Hitmonchan|def|1\n|\n|upkeep\n|turn|11\n|inactive|Time left: 300 sec this turn | 300 sec total\n|\n|t:|1783539916\n|move|p1a: Sableye|Encore|p2a: Hitmonchan\n|-start|p2a: Hitmonchan|Encore\n|move|p2a: Hitmonchan|Bulk Up|p2a: Hitmonchan\n|-boost|p2a: Hitmonchan|atk|1\n|-boost|p2a: Hitmonchan|def|1\n|\n|upkeep\n|turn|12\n|inactive|Time left: 300 sec this turn | 300 sec total\n|\n|t:|1783539917\n|switch|p1a: Clawitzer|Clawitzer, L87, M|9/265\n|move|p2a: Hitmonchan|Bulk Up|p2a: Hitmonchan\n|-boost|p2a: Hitmonchan|atk|1\n|-boost|p2a: Hitmonchan|def|1\n|\n|upkeep\n|turn|13\n|inactive|Time left: 300 sec this turn | 300 sec total\n|\n|t:|1783539918\n|switch|p2a: Volcanion|Volcanion, L79|34/100\n|move|p1a: Clawitzer|Dark Pulse|p2a: Volcanion\n|-crit|p2a: Volcanion\n|-damage|p2a: Volcanion|0 fnt\n|faint|p2a: Volcanion\n|\n|upkeep\n|\n|t:|1783539919\n|switch|p2a: Hitmonchan|Hitmonchan, L87, M|13/100\n|turn|14\n|inactive|Time left: 300 sec this turn | 300 sec total\n|\n|t:|1783539920\n|move|p2a: Hitmonchan|Drain Punch|p1a: Clawitzer\n|-damage|p1a: Clawitzer|0 fnt\n|-heal|p2a: Hitmonchan|15/100|[from] drain|[of] p1a: Clawitzer\n|faint|p1a: Clawitzer\n|\n|upkeep\n|inactive|Time left: 300 sec this turn | 300 sec total | 5 sec grace\n|\n|t:|1783539921\n|switch|p1a: Infernape|Infernape, L82, M|259/259\n|turn|15\n|inactive|Time left: 300 sec this turn | 300 sec total\n|\n|t:|1783539922\n|switch|p2a: Alomomola|Alomomola, L87, M|100/100\n|move|p1a: Infernape|Flare Blitz|p2a: Alomomola\n|-resisted|p2a: Alomomola\n|-damage|p2a: Alomomola|77/100\n|-damage|p1a: Infernape|216/259|[from] item: Rocky Helmet|[of] p2a: Alomomola\n|-damage|p1a: Infernape|183/259|[from] Recoil\n|\n|upkeep\n|turn|16\n|inactive|Time left: 300 sec this turn | 300 sec total\n|\n|t:|1783539923\n|switch|p1a: Gurdurr|Gurdurr, L85, M|283/283\n|move|p2a: Alomomola|Flip Turn|p1a: Gurdurr\n|-damage|p1a: Gurdurr|241/283\n|\n|t:|1783539924\n|switch|p2a: Dipplin|Dipplin, L88, M|100/100|[from] Flip Turn\n|\n|upkeep\n|turn|17\n|inactive|Time left: 300 sec this turn | 300 sec total\n|\n|t:|1783539925\n|switch|p1a: Mightyena|Mightyena, L96, F|290/290\n|-ability|p1a: Mightyena|Intimidate|boost\n|-unboost|p2a: Dipplin|atk|1\n|move|p2a: Dipplin|Dragon Pulse|p1a: Mightyena\n|-damage|p1a: Mightyena|209/290\n|\n|upkeep\n|turn|18\n|inactive|Time left: 300 sec this turn | 300 sec total\n|\n|t:|1783539926\n|move|p1a: Mightyena|Super Fang|p2a: Dipplin\n|-damage|p2a: Dipplin|50/100\n|move|p2a: Dipplin|Giga Drain|p1a: Mightyena\n|-damage|p1a: Mightyena|137/290\n|-heal|p2a: Dipplin|63/100|[from] drain|[of] p1a: Mightyena\n|\n|upkeep\n|turn|19\n|inactive|Time left: 300 sec this turn | 300 sec total\n|\n|t:|1783539927\n|move|p1a: Mightyena|Poison Fang|p2a: Dipplin\n|-supereffective|p2a: Dipplin\n|-damage|p2a: Dipplin|46/100\n|move|p2a: Dipplin|Giga Drain|p1a: Mightyena\n|-damage|p1a: Mightyena|73/290\n|-heal|p2a: Dipplin|57/100|[from] drain|[of] p1a: Mightyena\n|\n|upkeep\n|turn|20\n|inactive|Time left: 300 sec this turn | 300 sec total\n|\n|t:|1783539928\n|move|p1a: Mightyena|Poison Fang|p2a: Dipplin\n|-supereffective|p2a: Dipplin\n|-damage|p2a: Dipplin|40/100\n|-status|p2a: Dipplin|tox\n|move|p2a: Dipplin|Recover|p2a: Dipplin\n|-heal|p2a: Dipplin|90/100 tox\n|\n|-damage|p2a: Dipplin|84/100 tox|[from] psn\n|upkeep\n|turn|21\n|inactive|Time left: 300 sec this turn | 300 sec total\n|\n|t:|1783539929\n|move|p1a: Mightyena|Super Fang|p2a: Dipplin\n|-damage|p2a: Dipplin|42/100 tox\n|move|p2a: Dipplin|Dragon Pulse|p1a: Mightyena\n|-damage|p1a: Mightyena|0 fnt\n|faint|p1a: Mightyena\n|\n|-damage|p2a: Dipplin|30/100 tox|[from] psn\n|upkeep\n|inactive|Time left: 300 sec this turn | 300 sec total | 5 sec grace\n|\n|t:|1783539930\n|switch|p1a: Infernape|Infernape, L82, M|183/259\n|turn|22\n|inactive|Time left: 300 sec this turn | 300 sec total\n|\n|t:|1783539931\n|switch|p2a: Alomomola|Alomomola, L87, M|100/100\n|move|p1a: Infernape|Close Combat|p2a: Alomomola\n|-damage|p2a: Alomomola|57/100\n|-unboost|p1a: Infernape|def|1\n|-unboost|p1a: Infernape|spd|1\n|-damage|p1a: Infernape|140/259|[from] item: Rocky Helmet|[of] p2a: Alomomola\n|\n|upkeep\n|turn|23\n|inactive|Time left: 300 sec this turn | 300 sec total\n|\n|t:|1783539932\n|switch|p1a: Gurdurr|Gurdurr, L85, M|241/283\n|move|p2a: Alomomola|Flip Turn|p1a: Gurdurr\n|-damage|p1a: Gurdurr|201/283\n|\n|t:|1783539933\n|switch|p2a: Dipplin|Dipplin, L88, M|30/100 tox|[from] Flip Turn\n|\n|-damage|p2a: Dipplin|24/100 tox|[from] psn\n|upkeep\n|turn|24\n|inactive|Time left: 300 sec this turn | 300 sec total\n|\n|t:|1783539935\n|move|p2a: Dipplin|Recover|p2a: Dipplin\n|-heal|p2a: Dipplin|74/100 tox\n|move|p1a: Gurdurr|Drain Punch|p2a: Dipplin\n|-damage|p2a: Dipplin|58/100 tox\n|-heal|p1a: Gurdurr|224/283|[from] drain|[of] p2a: Dipplin\n|\n|-damage|p2a: Dipplin|46/100 tox|[from] psn\n|upkeep\n|turn|25\n|inactive|Time left: 300 sec this turn | 300 sec total\n|\n|t:|1783539936\n|move|p2a: Dipplin|Recover|p2a: Dipplin\n|-heal|p2a: Dipplin|96/100 tox\n|move|p1a: Gurdurr|Drain Punch|p2a: Dipplin\n|-damage|p2a: Dipplin|78/100 tox\n|-heal|p1a: Gurdurr|250/283|[from] drain|[of] p2a: Dipplin\n|\n|-damage|p2a: Dipplin|60/100 tox|[from] psn\n|upkeep\n|turn|26\n|inactive|Time left: 300 sec this turn | 300 sec total\n|\n|t:|1783539937\n|switch|p2a: Alomomola|Alomomola, L87, M|90/100\n|move|p1a: Gurdurr|Drain Punch|p2a: Alomomola\n|-damage|p2a: Alomomola|69/100\n|-heal|p1a: Gurdurr|283/283|[from] drain|[of] p2a: Alomomola\n|-damage|p1a: Gurdurr|236/283|[from] item: Rocky Helmet|[of] p2a: Alomomola\n|\n|upkeep\n|turn|27\n|inactive|Time left: 300 sec this turn | 300 sec total\n|\n|t:|1783539938\n|move|p2a: Alomomola|Wish|p2a: Alomomola\n|move|p1a: Gurdurr|Drain Punch|p2a: Alomomola\n|-damage|p2a: Alomomola|47/100\n|-heal|p1a: Gurdurr|283/283|[from] drain|[of] p2a: Alomomola\n|-damage|p1a: Gurdurr|236/283|[from] item: Rocky Helmet|[of] p2a: Alomomola\n|\n|upkeep\n|turn|28\n|inactive|Time left: 300 sec this turn | 300 sec total\n|\n|t:|1783539939\n|move|p2a: Alomomola|Flip Turn|p1a: Gurdurr\n|-damage|p1a: Gurdurr|200/283\n|\n|t:|1783539940\n|switch|p2a: Dipplin|Dipplin, L88, M|60/100 tox|[from] Flip Turn\n|move|p1a: Gurdurr|Drain Punch|p2a: Dipplin\n|-damage|p2a: Dipplin|44/100 tox\n|-heal|p1a: Gurdurr|223/283|[from] drain|[of] p2a: Dipplin\n|\n|-heal|p2a: Dipplin|100/100 tox|[from] move: Wish|[wisher] Alomomola\n|-damage|p2a: Dipplin|95/100 tox|[from] psn\n|upkeep\n|turn|29\n|inactive|Time left: 300 sec this turn | 300 sec total\n|\n|t:|1783539941\n|move|p1a: Gurdurr|Drain Punch|p2a: Dipplin\n|-damage|p2a: Dipplin|78/100 tox\n|-heal|p1a: Gurdurr|246/283|[from] drain|[of] p2a: Dipplin\n|move|p2a: Dipplin|Dragon Tail|p1a: Gurdurr\n|-damage|p1a: Gurdurr|203/283\n|drag|p1a: Sableye|Sableye, L88, F|231/231\n|\n|-damage|p2a: Dipplin|66/100 tox|[from] psn\n|upkeep\n|turn|30\n|inactive|Time left: 300 sec this turn | 300 sec total\n|\n|t:|1783539942\n|move|p1a: Sableye|Encore|p2a: Dipplin\n|-start|p2a: Dipplin|Encore\n|move|p2a: Dipplin|Dragon Tail|p1a: Sableye\n|-damage|p1a: Sableye|165/231\n|drag|p1a: Gurdurr|Gurdurr, L85, M|203/283\n|\n|-damage|p2a: Dipplin|48/100 tox|[from] psn\n|upkeep\n|turn|31\n|inactive|Time left: 300 sec this turn | 300 sec total\n|\n|t:|1783539943\n|switch|p2a: Alomomola|Alomomola, L87, M|80/100\n|move|p1a: Gurdurr|Drain Punch|p2a: Alomomola\n|-damage|p2a: Alomomola|58/100\n|-heal|p1a: Gurdurr|252/283|[from] drain|[of] p2a: Alomomola\n|-damage|p1a: Gurdurr|205/283|[from] item: Rocky Helmet|[of] p2a: Alomomola\n|\n|upkeep\n|turn|32\n|inactive|Time left: 300 sec this turn | 300 sec total\n|\n|t:|1783539944\n|move|p2a: Alomomola|Wish|p2a: Alomomola\n|move|p1a: Gurdurr|Drain Punch|p2a: Alomomola\n|-damage|p2a: Alomomola|38/100\n|-heal|p1a: Gurdurr|248/283|[from] drain|[of] p2a: Alomomola\n|-damage|p1a: Gurdurr|201/283|[from] item: Rocky Helmet|[of] p2a: Alomomola\n|\n|upkeep\n|turn|33\n|inactive|Time left: 300 sec this turn | 300 sec total\n|\n|t:|1783539945\n|move|p2a: Alomomola|Flip Turn|p1a: Gurdurr\n|-damage|p1a: Gurdurr|167/283\n|\n|t:|1783539946\n|switch|p2a: Dipplin|Dipplin, L88, M|48/100 tox|[from] Flip Turn\n|move|p1a: Gurdurr|Drain Punch|p2a: Dipplin\n|-damage|p2a: Dipplin|31/100 tox\n|-heal|p1a: Gurdurr|191/283|[from] drain|[of] p2a: Dipplin\n|\n|-heal|p2a: Dipplin|100/100 tox|[from] move: Wish|[wisher] Alomomola\n|-damage|p2a: Dipplin|95/100 tox|[from] psn\n|upkeep\n|turn|34\n|inactive|Time left: 300 sec this turn | 300 sec total\n|\n|t:|1783539947\n|switch|p2a: Alomomola|Alomomola, L87, M|71/100\n|move|p1a: Gurdurr|Drain Punch|p2a: Alomomola\n|-damage|p2a: Alomomola|48/100\n|-heal|p1a: Gurdurr|241/283|[from] drain|[of] p2a: Alomomola\n|-damage|p1a: Gurdurr|194/283|[from] item: Rocky Helmet|[of] p2a: Alomomola\n|\n|upkeep\n|turn|35\n|inactive|Time left: 300 sec this turn | 300 sec total\n|\n|t:|1783539948\n|move|p2a: Alomomola|Flip Turn|p1a: Gurdurr\n|-damage|p1a: Gurdurr|152/283\n|\n|t:|1783539949\n|switch|p2a: Dipplin|Dipplin, L88, M|95/100 tox|[from] Flip Turn\n|move|p1a: Gurdurr|Drain Punch|p2a: Dipplin\n|-damage|p2a: Dipplin|78/100 tox\n|-heal|p1a: Gurdurr|176/283|[from] drain|[of] p2a: Dipplin\n|\n|-damage|p2a: Dipplin|72/100 tox|[from] psn\n|upkeep\n|turn|36\n|inactive|Time left: 300 sec this turn | 300 sec total\n|\n|t:|1783539950\n|move|p2a: Dipplin|Giga Drain|p1a: Gurdurr\n|-damage|p1a: Gurdurr|97/283\n|-heal|p2a: Dipplin|86/100 tox|[from] drain|[of] p1a: Gurdurr\n|move|p1a: Gurdurr|Drain Punch|p2a: Dipplin\n|-damage|p2a: Dipplin|69/100 tox\n|-heal|p1a: Gurdurr|121/283|[from] drain|[of] p2a: Dipplin\n|\n|-damage|p2a: Dipplin|57/100 tox|[from] psn\n|upkeep\n|turn|37\n|inactive|Time left: 300 sec this turn | 300 sec total\n|\n|t:|1783539951\n|move|p2a: Dipplin|Giga Drain|p1a: Gurdurr\n|-damage|p1a: Gurdurr|30/283\n|-heal|p2a: Dipplin|73/100 tox|[from] drain|[of] p1a: Gurdurr\n|move|p1a: Gurdurr|Drain Punch|p2a: Dipplin\n|-damage|p2a: Dipplin|55/100 tox\n|-heal|p1a: Gurdurr|56/283|[from] drain|[of] p2a: Dipplin\n|\n|-damage|p2a: Dipplin|37/100 tox|[from] psn\n|upkeep\n|turn|38\n|inactive|Time left: 300 sec this turn | 300 sec total\n|\n|t:|1783539952\n|switch|p1a: Infernape|Infernape, L82, M|140/259\n|move|p2a: Dipplin|Dragon Pulse|p1a: Infernape\n|-damage|p1a: Infernape|17/259\n|\n|-damage|p2a: Dipplin|13/100 tox|[from] psn\n|upkeep\n|turn|39\n|inactive|Time left: 300 sec this turn | 300 sec total\n|\n|t:|1783539953\n|switch|p2a: Alomomola|Alomomola, L87, M|82/100\n|move|p1a: Infernape|Stone Edge|p2a: Alomomola|[miss]\n|-miss|p1a: Infernape|p2a: Alomomola\n|\n|upkeep\n|turn|40\n|inactive|Time left: 300 sec this turn | 300 sec total\n|\n|t:|1783539954\n|switch|p1a: Gurdurr|Gurdurr, L85, M|56/283\n|move|p2a: Alomomola|Flip Turn|p1a: Gurdurr\n|-damage|p1a: Gurdurr|22/283\n|\n|t:|1783539955\n|switch|p2a: Shiftry|Shiftry, L89, F|100/100|[from] Flip Turn\n|\n|upkeep\n|turn|41\n|inactive|Time left: 300 sec this turn | 300 sec total\n|\n|t:|1783539956\n|move|p1a: Gurdurr|Mach Punch|p2a: Shiftry\n|-supereffective|p2a: Shiftry\n|-damage|p2a: Shiftry|64/100\n|move|p2a: Shiftry|Knock Off|p1a: Gurdurr\n|-resisted|p1a: Gurdurr\n|-damage|p1a: Gurdurr|0 fnt\n|-enditem|p1a: Gurdurr|Eviolite|[from] move: Knock Off|[of] p2a: Shiftry\n|faint|p1a: Gurdurr\n|-damage|p2a: Shiftry|55/100|[from] item: Life Orb\n|\n|upkeep\n|inactive|Time left: 300 sec this turn | 300 sec total | 5 sec grace\n|\n|t:|1783539957\n|switch|p1a: Infernape|Infernape, L82, M|17/259\n|turn|42\n|inactive|Time left: 300 sec this turn | 300 sec total\n|\n|t:|1783539958\n|switch|p1a: Sableye|Sableye, L88, F|165/231\n|move|p2a: Shiftry|Sucker Punch||[still]\n|-fail|p2a: Shiftry\n|\n|upkeep\n|turn|43\n|inactive|Time left: 300 sec this turn | 300 sec total\n|\n|t:|1783539959\n|switch|p1a: Infernape|Infernape, L82, M|17/259\n|move|p2a: Shiftry|Leaf Blade|p1a: Infernape\n|-resisted|p1a: Infernape\n|-damage|p1a: Infernape|0 fnt\n|faint|p1a: Infernape\n|-damage|p2a: Shiftry|45/100|[from] item: Life Orb\n|\n|upkeep\n|inactive|Time left: 300 sec this turn | 300 sec total | 5 sec grace\n|\n|t:|1783539960\n|switch|p1a: Sableye|Sableye, L88, F|165/231\n|turn|44\n|inactive|Time left: 300 sec this turn | 300 sec total\n|\n|t:|1783539961\n|-terastallize|p1a: Sableye|Poison\n|move|p2a: Shiftry|Knock Off|p1a: Sableye\n|-damage|p1a: Sableye|58/231\n|-damage|p2a: Shiftry|35/100|[from] item: Life Orb\n|move|p1a: Sableye|Knock Off|p2a: Shiftry\n|-resisted|p2a: Shiftry\n|-damage|p2a: Shiftry|16/100\n|-enditem|p2a: Shiftry|Life Orb|[from] move: Knock Off|[of] p1a: Sableye\n|\n|upkeep\n|turn|45\n|inactive|Time left: 300 sec this turn | 300 sec total\n|\n|t:|1783539962\n|move|p1a: Sableye|Recover|p1a: Sableye\n|-heal|p1a: Sableye|174/231\n|move|p2a: Shiftry|Knock Off|p1a: Sableye\n|-damage|p1a: Sableye|84/231\n|\n|upkeep\n|turn|46\n|inactive|Time left: 300 sec this turn | 300 sec total\n|\n|t:|1783539963\n|-terastallize|p2a: Shiftry|Dark\n|move|p2a: Shiftry|Knock Off|p1a: Sableye\n|-damage|p1a: Sableye|0 fnt\n|faint|p1a: Sableye\n|\n|win|p0y061076b", "uploadtime": 1783539963, "views": 0, "rating": 0, "private": 0, "password": null, "_winner": "p0y061076b", "_our_name": "p0x0617b3b"}