{"id": "battle-gen9randombattle-1648", "formatid": "gen9randombattle", "format": "[Gen 9] Random Battle", "players": ["p0x1648d1e2", "p0y16483f8c"], "log": "|init|battle\n|title|p0x1648d1e2 vs. p0y16483f8c\n|j|\u2606p0x1648d1e2\n|j|\u2606p0y16483f8c\n|t:|1783558334\n|gametype|singles\n|player|p1|p0x1648d1e2|102|\n|player|p2|p0y16483f8c|102|\n|gen|9\n|tier|[Gen 9] Random Battle\n|rule|Species Clause: Limit one of each Pok\u00e9mon\n|rule|HP Percentage Mod: HP is shown in percentages\n|rule|Sleep Clause Mod: Limit one foe put to sleep\n|rule|Illusion Level Mod: Illusion disguises the Pok\u00e9mon's true level\n|\n|t:|1783558334\n|teamsize|p1|6\n|teamsize|p2|6\n|start\n|switch|p1a: Dusknoir|Dusknoir, L89, F|100/100\n|switch|p2a: Grimmsnarl|Grimmsnarl, L83, M|293/293\n|-item|p2a: Grimmsnarl|Leftovers|[from] ability: Frisk|[of] p1a: Dusknoir\n|turn|1\n|inactive|Battle timer is ON: inactive players will automatically lose when time's up. (requested by p0x1648d1e2)\n|inactive|Time left: 300 sec this turn | 300 sec total | 60 sec grace\n|inactive|p0y16483f8c also wants the timer to be on.\n|\n|t:|1783558336\n|move|p2a: Grimmsnarl|Parting Shot|p1a: Dusknoir\n|-unboost|p1a: Dusknoir|atk|1\n|-unboost|p1a: Dusknoir|spa|1\n|inactive|Time left: 300 sec this turn | 300 sec total | 65 sec grace\n|\n|t:|1783558337\n|switch|p2a: Dachsbun|Dachsbun, L92, F|254/254|[from] Parting Shot\n|move|p1a: Dusknoir|Poltergeist|p2a: Dachsbun\n|-activate|p2a: Dachsbun|move: Poltergeist|Leftovers\n|-damage|p2a: Dachsbun|193/254\n|\n|-heal|p2a: Dachsbun|208/254|[from] item: Leftovers\n|upkeep\n|turn|2\n|inactive|Time left: 300 sec this turn | 300 sec total\n|\n|t:|1783558339\n|switch|p1a: Glalie|Glalie, L96, F|100/100\n|move|p2a: Dachsbun|Play Rough|p1a: Glalie\n|-damage|p1a: Glalie|71/100\n|\n|-heal|p2a: Dachsbun|223/254|[from] item: Leftovers\n|upkeep\n|turn|3\n|inactive|Time left: 300 sec this turn | 300 sec total\n|\n|t:|1783558340\n|move|p2a: Dachsbun|Body Press|p1a: Glalie\n|-supereffective|p1a: Glalie\n|-damage|p1a: Glalie|25/100\n|move|p1a: Glalie|Freeze-Dry|p2a: Dachsbun\n|-damage|p2a: Dachsbun|142/254\n|\n|-heal|p2a: Dachsbun|157/254|[from] item: Leftovers\n|upkeep\n|turn|4\n|inactive|Time left: 300 sec this turn | 300 sec total\n|\n|t:|1783558341\n|switch|p1a: Dusknoir|Dusknoir, L89, F|100/100\n|-item|p2a: Dachsbun|Leftovers|[from] ability: Frisk|[of] p1a: Dusknoir\n|move|p2a: Dachsbun|Play Rough|p1a: Dusknoir\n|-damage|p1a: Dusknoir|70/100\n|\n|-heal|p2a: Dachsbun|172/254|[from] item: Leftovers\n|-heal|p1a: Dusknoir|76/100|[from] item: Leftovers\n|upkeep\n|turn|5\n|inactive|Time left: 300 sec this turn | 300 sec total\n|\n|t:|1783558342\n|move|p2a: Dachsbun|Wish|p2a: Dachsbun\n|move|p1a: Dusknoir|Poltergeist|p2a: Dachsbun\n|-activate|p2a: Dachsbun|move: Poltergeist|Leftovers\n|-damage|p2a: Dachsbun|81/254\n|\n|-heal|p2a: Dachsbun|96/254|[from] item: Leftovers\n|-heal|p1a: Dusknoir|82/100|[from] item: Leftovers\n|upkeep\n|turn|6\n|inactive|Time left: 300 sec this turn | 300 sec total\n|\n|t:|1783558343\n|move|p2a: Dachsbun|Protect|p2a: Dachsbun\n|-singleturn|p2a: Dachsbun|Protect\n|move|p1a: Dusknoir|Poltergeist|p2a: Dachsbun\n|-activate|p2a: Dachsbun|move: Protect\n|\n|-heal|p2a: Dachsbun|223/254|[from] move: Wish|[wisher] Dachsbun\n|-heal|p2a: Dachsbun|238/254|[from] item: Leftovers\n|-heal|p1a: Dusknoir|88/100|[from] item: Leftovers\n|upkeep\n|turn|7\n|inactive|Time left: 300 sec this turn | 300 sec total\n|\n|t:|1783558344\n|move|p2a: Dachsbun|Play Rough|p1a: Dusknoir\n|-damage|p1a: Dusknoir|56/100\n|move|p1a: Dusknoir|Pain Split|p2a: Dachsbun\n|-sethp|p2a: Dachsbun|182/254|[from] move: Pain Split|[silent]\n|-sethp|p1a: Dusknoir|81/100|[from] move: Pain Split\n|\n|-heal|p2a: Dachsbun|197/254|[from] item: Leftovers\n|-heal|p1a: Dusknoir|88/100|[from] item: Leftovers\n|upkeep\n|turn|8\n|inactive|Time left: 300 sec this turn | 300 sec total\n|\n|t:|1783558345\n|move|p2a: Dachsbun|Play Rough|p1a: Dusknoir\n|-damage|p1a: Dusknoir|56/100\n|move|p1a: Dusknoir|Poltergeist|p2a: Dachsbun\n|-activate|p2a: Dachsbun|move: Poltergeist|Leftovers\n|-damage|p2a: Dachsbun|94/254\n|\n|-heal|p2a: Dachsbun|109/254|[from] item: Leftovers\n|-heal|p1a: Dusknoir|62/100|[from] item: Leftovers\n|upkeep\n|turn|9\n|inactive|Time left: 300 sec this turn | 300 sec total\n|\n|t:|1783558346\n|move|p2a: Dachsbun|Wish|p2a: Dachsbun\n|move|p1a: Dusknoir|Poltergeist|p2a: Dachsbun|[miss]\n|-miss|p1a: Dusknoir|p2a: Dachsbun\n|\n|-heal|p2a: Dachsbun|124/254|[from] item: Leftovers\n|-heal|p1a: Dusknoir|68/100|[from] item: Leftovers\n|upkeep\n|turn|10\n|inactive|Time left: 300 sec this turn | 300 sec total\n|\n|t:|1783558347\n|move|p2a: Dachsbun|Play Rough|p1a: Dusknoir\n|-damage|p1a: Dusknoir|36/100\n|move|p1a: Dusknoir|Poltergeist|p2a: Dachsbun\n|-activate|p2a: Dachsbun|move: Poltergeist|Leftovers\n|-damage|p2a: Dachsbun|19/254\n|\n|-heal|p2a: Dachsbun|146/254|[from] move: Wish|[wisher] Dachsbun\n|-heal|p2a: Dachsbun|161/254|[from] item: Leftovers\n|-heal|p1a: Dusknoir|42/100|[from] item: Leftovers\n|upkeep\n|turn|11\n|inactive|Time left: 300 sec this turn | 300 sec total\n|\n|t:|1783558348\n|move|p2a: Dachsbun|Play Rough|p1a: Dusknoir\n|-damage|p1a: Dusknoir|14/100\n|move|p1a: Dusknoir|Pain Split|p2a: Dachsbun\n|-sethp|p2a: Dachsbun|96/254|[from] move: Pain Split|[silent]\n|-sethp|p1a: Dusknoir|43/100|[from] move: Pain Split\n|\n|-heal|p2a: Dachsbun|111/254|[from] item: Leftovers\n|-heal|p1a: Dusknoir|49/100|[from] item: Leftovers\n|upkeep\n|turn|12\n|inactive|Time left: 300 sec this turn | 300 sec total\n|\n|t:|1783558349\n|move|p2a: Dachsbun|Play Rough|p1a: Dusknoir\n|-damage|p1a: Dusknoir|19/100\n|move|p1a: Dusknoir|Poltergeist|p2a: Dachsbun\n|-activate|p2a: Dachsbun|move: Poltergeist|Leftovers\n|-damage|p2a: Dachsbun|11/254\n|\n|-heal|p2a: Dachsbun|26/254|[from] item: Leftovers\n|-heal|p1a: Dusknoir|25/100|[from] item: Leftovers\n|upkeep\n|turn|13\n|inactive|Time left: 300 sec this turn | 300 sec total\n|\n|t:|1783558350\n|-singleturn|p1a: Dusknoir|move: Focus Punch\n|move|p2a: Dachsbun|Play Rough|p1a: Dusknoir\n|-damage|p1a: Dusknoir|0 fnt\n|faint|p1a: Dusknoir\n|\n|-heal|p2a: Dachsbun|41/254|[from] item: Leftovers\n|upkeep\n|\n|t:|1783558351\n|switch|p1a: Basculegion|Basculegion-F, L83, F|100/100\n|turn|14\n|inactive|Time left: 300 sec this turn | 300 sec total\n|\n|t:|1783558352\n|move|p2a: Dachsbun|Protect|p2a: Dachsbun\n|-singleturn|p2a: Dachsbun|Protect\n|move|p1a: Basculegion|Hydro Pump|p2a: Dachsbun\n|-activate|p2a: Dachsbun|move: Protect\n|\n|-heal|p2a: Dachsbun|56/254|[from] item: Leftovers\n|upkeep\n|turn|15\n|inactive|Time left: 300 sec this turn | 300 sec total\n|\n|t:|1783558353\n|move|p2a: Dachsbun|Play Rough|p1a: Basculegion\n|-damage|p1a: Basculegion|61/100\n|move|p1a: Basculegion|Shadow Ball|p2a: Dachsbun\n|-damage|p2a: Dachsbun|0 fnt\n|faint|p2a: Dachsbun\n|\n|upkeep\n|inactive|Time left: 300 sec this turn | 300 sec total | 5 sec grace\n|\n|t:|1783558354\n|switch|p2a: Floatzel|Floatzel, L86, F|286/286\n|turn|16\n|inactive|Time left: 300 sec this turn | 300 sec total\n|\n|t:|1783558355\n|move|p2a: Floatzel|Crunch|p1a: Basculegion\n|-supereffective|p1a: Basculegion\n|-damage|p1a: Basculegion|0 fnt\n|faint|p1a: Basculegion\n|\n|upkeep\n|\n|t:|1783558356\n|switch|p1a: Darkrai|Darkrai, L77|100/100\n|turn|17\n|inactive|Time left: 300 sec this turn | 300 sec total\n|\n|t:|1783558357\n|switch|p2a: Copperajah|Copperajah, L86, M|350/350\n|move|p1a: Darkrai|Nasty Plot|p1a: Darkrai\n|-boost|p1a: Darkrai|spa|2\n|\n|upkeep\n|turn|18\n|inactive|Time left: 300 sec this turn | 300 sec total\n|\n|t:|1783558358\n|move|p1a: Darkrai|Hypnosis|p2a: Copperajah|[miss]\n|-miss|p1a: Darkrai|p2a: Copperajah\n|move|p2a: Copperajah|Heavy Slam|p1a: Darkrai\n|-damage|p1a: Darkrai|0 fnt\n|faint|p1a: Darkrai\n|\n|upkeep\n|\n|t:|1783558359\n|switch|p1a: Skarmory|Skarmory, L80, F|100/100\n|turn|19\n|inactive|Time left: 300 sec this turn | 300 sec total\n|\n|t:|1783558360\n|move|p1a: Skarmory|Spikes|p2a: Copperajah\n|-sidestart|p2: p0y16483f8c|Spikes\n|move|p2a: Copperajah|Heavy Slam|p1a: Skarmory\n|-resisted|p1a: Skarmory\n|-damage|p1a: Skarmory|61/100\n|\n|-heal|p1a: Skarmory|67/100|[from] item: Leftovers\n|upkeep\n|turn|20\n|inactive|Time left: 300 sec this turn | 300 sec total\n|\n|t:|1783558361\n|move|p1a: Skarmory|Body Press|p2a: Copperajah\n|-supereffective|p2a: Copperajah\n|-damage|p2a: Copperajah|186/350\n|move|p2a: Copperajah|Heavy Slam|p1a: Skarmory\n|-resisted|p1a: Skarmory\n|-damage|p1a: Skarmory|31/100\n|\n|-heal|p1a: Skarmory|37/100|[from] item: Leftovers\n|upkeep\n|turn|21\n|inactive|Time left: 300 sec this turn | 300 sec total\n|\n|t:|1783558363\n|move|p1a: Skarmory|Roost|p1a: Skarmory\n|-heal|p1a: Skarmory|87/100\n|-singleturn|p1a: Skarmory|move: Roost\n|move|p2a: Copperajah|Heavy Slam|p1a: Skarmory\n|-resisted|p1a: Skarmory\n|-damage|p1a: Skarmory|50/100\n|\n|-heal|p1a: Skarmory|56/100|[from] item: Leftovers\n|upkeep\n|turn|22\n|inactive|Time left: 300 sec this turn | 300 sec total\n|\n|t:|1783558364\n|move|p1a: Skarmory|Roost|p1a: Skarmory\n|-heal|p1a: Skarmory|100/100\n|-singleturn|p1a: Skarmory|move: Roost\n|move|p2a: Copperajah|Heavy Slam|p1a: Skarmory\n|-resisted|p1a: Skarmory\n|-damage|p1a: Skarmory|60/100\n|\n|-heal|p1a: Skarmory|66/100|[from] item: Leftovers\n|upkeep\n|turn|23\n|inactive|Time left: 300 sec this turn | 300 sec total\n|\n|t:|1783558365\n|move|p1a: Skarmory|Body Press|p2a: Copperajah\n|-supereffective|p2a: Copperajah\n|-damage|p2a: Copperajah|26/350\n|move|p2a: Copperajah|Heavy Slam|p1a: Skarmory\n|-resisted|p1a: Skarmory\n|-damage|p1a: Skarmory|28/100\n|\n|-heal|p1a: Skarmory|34/100|[from] item: Leftovers\n|upkeep\n|turn|24\n|inactive|Time left: 300 sec this turn | 300 sec total\n|\n|t:|1783558366\n|switch|p2a: Moltres|Moltres, L81|278/278\n|move|p1a: Skarmory|Roost|p1a: Skarmory\n|-heal|p1a: Skarmory|84/100\n|-singleturn|p1a: Skarmory|move: Roost\n|\n|-heal|p1a: Skarmory|90/100|[from] item: Leftovers\n|upkeep\n|turn|25\n|inactive|Time left: 300 sec this turn | 300 sec total\n|\n|t:|1783558367\n|switch|p1a: Glalie|Glalie, L96, F|25/100\n|move|p2a: Moltres|Fire Blast|p1a: Glalie|[miss]\n|-miss|p2a: Moltres|p1a: Glalie\n|\n|upkeep\n|turn|26\n|inactive|Time left: 300 sec this turn | 300 sec total\n|\n|t:|1783558368\n|move|p1a: Glalie|Freeze-Dry|p2a: Moltres\n|-damage|p2a: Moltres|185/278\n|move|p2a: Moltres|Brave Bird|p1a: Glalie\n|-damage|p1a: Glalie|0 fnt\n|faint|p1a: Glalie\n|-damage|p2a: Moltres|160/278|[from] Recoil\n|\n|upkeep\n|\n|t:|1783558369\n|switch|p1a: Illumise|Illumise, L91, F|100/100\n|turn|27\n|inactive|Time left: 300 sec this turn | 300 sec total\n|\n|t:|1783558370\n|move|p1a: Illumise|Thunder Wave|p2a: Moltres\n|-status|p2a: Moltres|par\n|cant|p2a: Moltres|par\n|\n|upkeep\n|turn|28\n|inactive|Time left: 300 sec this turn | 300 sec total\n|\n|t:|1783558371\n|move|p1a: Illumise|Bug Buzz|p2a: Moltres\n|-resisted|p2a: Moltres\n|-damage|p2a: Moltres|135/278 par\n|cant|p2a: Moltres|par\n|\n|upkeep\n|turn|29\n|inactive|Time left: 300 sec this turn | 300 sec total\n|\n|t:|1783558372\n|move|p1a: Illumise|Bug Buzz|p2a: Moltres\n|-resisted|p2a: Moltres\n|-damage|p2a: Moltres|112/278 par\n|move|p2a: Moltres|Fire Blast|p1a: Illumise\n|-supereffective|p1a: Illumise\n|-damage|p1a: Illumise|4/100\n|\n|upkeep\n|turn|30\n|inactive|Time left: 300 sec this turn | 300 sec total\n|\n|t:|1783558373\n|move|p1a: Illumise|Roost|p1a: Illumise\n|-heal|p1a: Illumise|54/100\n|-singleturn|p1a: Illumise|move: Roost\n|move|p2a: Moltres|Fire Blast|p1a: Illumise\n|-supereffective|p1a: Illumise\n|-damage|p1a: Illumise|0 fnt\n|faint|p1a: Illumise\n|\n|upkeep\n|\n|t:|1783558374\n|switch|p1a: Skarmory|Skarmory, L80, F|90/100\n|turn|31\n|inactive|Time left: 300 sec this turn | 300 sec total\n|\n|t:|1783558375\n|-terastallize|p1a: Skarmory|Fighting\n|move|p1a: Skarmory|Spikes|p2a: Moltres\n|-sidestart|p2: p0y16483f8c|Spikes\n|cant|p2a: Moltres|par\n|\n|-heal|p1a: Skarmory|96/100|[from] item: Leftovers\n|upkeep\n|turn|32\n|inactive|Time left: 300 sec this turn | 300 sec total\n|\n|t:|1783558376\n|move|p1a: Skarmory|Body Press|p2a: Moltres\n|-resisted|p2a: Moltres\n|-damage|p2a: Moltres|62/278 par\n|move|p2a: Moltres|Brave Bird|p1a: Skarmory\n|-supereffective|p1a: Skarmory\n|-damage|p1a: Skarmory|16/100\n|-damage|p2a: Moltres|0 fnt|[from] Recoil\n|faint|p2a: Moltres\n|\n|-heal|p1a: Skarmory|22/100|[from] item: Leftovers\n|upkeep\n|inactive|Time left: 300 sec this turn | 300 sec total | 5 sec grace\n|\n|t:|1783558377\n|switch|p2a: Floatzel|Floatzel, L86, F|286/286\n|-damage|p2a: Floatzel|239/286|[from] Spikes\n|turn|33\n|inactive|Time left: 300 sec this turn | 300 sec total\n|\n|t:|1783558378\n|-terastallize|p2a: Floatzel|Water\n|move|p2a: Floatzel|Wave Crash|p1a: Skarmory\n|-damage|p1a: Skarmory|0 fnt\n|faint|p1a: Skarmory\n|-damage|p2a: Floatzel|222/286|[from] Recoil\n|\n|win|p0y16483f8c", "uploadtime": 1783558378, "views": 0, "rating": 0, "private": 0, "password": null, "_winner": "p0y16483f8c", "_our_name": "p0y16483f8c"}