{"id": "battle-gen9randombattle-2349", "formatid": "gen9randombattle", "format": "[Gen 9] Random Battle", "players": ["p0x234907de", "p0y234998d9"], "log": "|init|battle\n|title|p0x234907de vs. p0y234998d9\n|j|\u2606p0x234907de\n|j|\u2606p0y234998d9\n|t:|1783567288\n|gametype|singles\n|player|p1|p0x234907de|265|\n|player|p2|p0y234998d9|266|\n|gen|9\n|tier|[Gen 9] Random Battle\n|rule|Species Clause: Limit one of each Pok\u00e9mon\n|rule|HP Percentage Mod: HP is shown in percentages\n|rule|Sleep Clause Mod: Limit one foe put to sleep\n|rule|Illusion Level Mod: Illusion disguises the Pok\u00e9mon's true level\n|\n|t:|1783567288\n|teamsize|p1|6\n|teamsize|p2|6\n|start\n|switch|p1a: Dunsparce|Dunsparce, L86, F|100/100\n|switch|p2a: Flapple|Flapple, L88, M|266/266\n|turn|1\n|inactive|Battle timer is ON: inactive players will automatically lose when time's up. (requested by p0y234998d9)\n|inactive|p0x234907de also wants the timer to be on.\n|\n|t:|1783567290\n|move|p2a: Flapple|Outrage|p1a: Dunsparce|[miss]\n|-miss|p2a: Flapple|p1a: Dunsparce\n|move|p1a: Dunsparce|Coil|p1a: Dunsparce\n|-boost|p1a: Dunsparce|atk|1\n|-boost|p1a: Dunsparce|def|1\n|-boost|p1a: Dunsparce|accuracy|1\n|\n|upkeep\n|turn|2\n|inactive|Time left: 300 sec this turn | 300 sec total\n|\n|t:|1783567291\n|move|p2a: Flapple|Outrage|p1a: Dunsparce\n|-damage|p1a: Dunsparce|59/100\n|move|p1a: Dunsparce|Coil|p1a: Dunsparce\n|-boost|p1a: Dunsparce|atk|1\n|-boost|p1a: Dunsparce|def|1\n|-boost|p1a: Dunsparce|accuracy|1\n|\n|upkeep\n|turn|3\n|inactive|Time left: 300 sec this turn | 300 sec total\n|\n|t:|1783567293\n|move|p2a: Flapple|Outrage|p1a: Dunsparce|[from] lockedmove\n|-damage|p1a: Dunsparce|28/100\n|move|p1a: Dunsparce|Body Slam|p2a: Flapple\n|-damage|p2a: Flapple|124/266\n|-status|p2a: Flapple|par\n|-enditem|p2a: Flapple|Lum Berry|[eat]\n|-curestatus|p2a: Flapple|par|[msg]\n|\n|upkeep\n|turn|4\n|inactive|Time left: 300 sec this turn | 300 sec total\n|\n|t:|1783567294\n|move|p2a: Flapple|Outrage|p1a: Dunsparce|[from] lockedmove\n|-damage|p1a: Dunsparce|0 fnt\n|faint|p1a: Dunsparce\n|-start|p2a: Flapple|confusion|[fatigue]\n|\n|upkeep\n|\n|t:|1783567295\n|switch|p1a: Typhlosion|Typhlosion, L84, M|100/100\n|turn|5\n|inactive|Time left: 300 sec this turn | 300 sec total\n|\n|t:|1783567296\n|switch|p2a: Kyogre|Kyogre, L71|259/259\n|-weather|RainDance|[from] ability: Drizzle|[of] p2a: Kyogre\n|move|p1a: Typhlosion|Eruption|p2a: Kyogre\n|-resisted|p2a: Kyogre\n|-damage|p2a: Kyogre|205/259\n|\n|-weather|RainDance|[upkeep]\n|-heal|p2a: Kyogre|221/259|[from] item: Leftovers\n|upkeep\n|turn|6\n|inactive|Time left: 300 sec this turn | 300 sec total\n|\n|t:|1783567297\n|move|p1a: Typhlosion|Eruption|p2a: Kyogre\n|-resisted|p2a: Kyogre\n|-damage|p2a: Kyogre|167/259\n|move|p2a: Kyogre|Origin Pulse|p1a: Typhlosion\n|-supereffective|p1a: Typhlosion\n|-damage|p1a: Typhlosion|0 fnt\n|faint|p1a: Typhlosion\n|\n|-weather|RainDance|[upkeep]\n|-heal|p2a: Kyogre|183/259|[from] item: Leftovers\n|upkeep\n|\n|t:|1783567298\n|switch|p1a: Wo-Chien|Wo-Chien, L83|100/100\n|-ability|p1a: Wo-Chien|Tablets of Ruin\n|turn|7\n|inactive|Time left: 300 sec this turn | 300 sec total\n|\n|t:|1783567300\n|move|p2a: Kyogre|Ice Beam|p1a: Wo-Chien\n|-supereffective|p1a: Wo-Chien\n|-damage|p1a: Wo-Chien|69/100\n|move|p1a: Wo-Chien|Knock Off|p2a: Kyogre\n|-damage|p2a: Kyogre|86/259\n|-enditem|p2a: Kyogre|Leftovers|[from] move: Knock Off|[of] p1a: Wo-Chien\n|\n|-weather|RainDance|[upkeep]\n|-heal|p1a: Wo-Chien|75/100|[from] item: Leftovers\n|upkeep\n|turn|8\n|inactive|Time left: 300 sec this turn | 300 sec total\n|\n|t:|1783567301\n|switch|p2a: Flapple|Flapple, L88, M|124/266\n|move|p1a: Wo-Chien|Giga Drain|p2a: Flapple\n|-resisted|p2a: Flapple\n|-damage|p2a: Flapple|102/266\n|-heal|p1a: Wo-Chien|79/100|[from] drain|[of] p2a: Flapple\n|\n|-weather|RainDance|[upkeep]\n|-heal|p1a: Wo-Chien|85/100|[from] item: Leftovers\n|upkeep\n|turn|9\n|inactive|Time left: 300 sec this turn | 300 sec total\n|\n|t:|1783567302\n|move|p2a: Flapple|Outrage|p1a: Wo-Chien\n|-damage|p1a: Wo-Chien|31/100\n|move|p1a: Wo-Chien|Knock Off|p2a: Flapple\n|-damage|p2a: Flapple|41/266\n|\n|-weather|none\n|-heal|p1a: Wo-Chien|37/100|[from] item: Leftovers\n|upkeep\n|turn|10\n|inactive|Time left: 300 sec this turn | 300 sec total\n|\n|t:|1783567303\n|switch|p1a: Pecharunt|Pecharunt, L77|100/100\n|move|p2a: Flapple|Outrage|p1a: Pecharunt|[from] lockedmove\n|-damage|p1a: Pecharunt|39/100\n|\n|-heal|p1a: Pecharunt|45/100|[from] item: Leftovers\n|upkeep\n|turn|11\n|inactive|Time left: 300 sec this turn | 300 sec total\n|\n|t:|1783567304\n|move|p1a: Pecharunt|Malignant Chain|p2a: Flapple\n|-supereffective|p2a: Flapple\n|-damage|p2a: Flapple|0 fnt\n|faint|p2a: Flapple\n|\n|-heal|p1a: Pecharunt|51/100|[from] item: Leftovers\n|upkeep\n|inactive|Time left: 300 sec this turn | 300 sec total | 5 sec grace\n|\n|t:|1783567305\n|switch|p2a: Frosmoth|Frosmoth, L82, F|249/249\n|turn|12\n|inactive|Time left: 300 sec this turn | 300 sec total\n|\n|t:|1783567307\n|move|p1a: Pecharunt|Parting Shot|p2a: Frosmoth\n|-unboost|p2a: Frosmoth|atk|1\n|-unboost|p2a: Frosmoth|spa|1\n|\n|t:|1783567308\n|switch|p1a: Arbok|Arbok, L87, M|100/100|[from] Parting Shot\n|-ability|p1a: Arbok|Intimidate|boost\n|-unboost|p2a: Frosmoth|atk|1\n|move|p2a: Frosmoth|Quiver Dance|p2a: Frosmoth\n|-boost|p2a: Frosmoth|spa|1\n|-boost|p2a: Frosmoth|spd|1\n|-boost|p2a: Frosmoth|spe|1\n|\n|upkeep\n|turn|13\n|inactive|Time left: 300 sec this turn | 300 sec total\n|\n|t:|1783567309\n|move|p2a: Frosmoth|Quiver Dance|p2a: Frosmoth\n|-boost|p2a: Frosmoth|spa|1\n|-boost|p2a: Frosmoth|spd|1\n|-boost|p2a: Frosmoth|spe|1\n|move|p1a: Arbok|Gunk Shot|p2a: Frosmoth\n|-damage|p2a: Frosmoth|65/249\n|\n|upkeep\n|turn|14\n|inactive|Time left: 300 sec this turn | 300 sec total\n|\n|t:|1783567310\n|move|p1a: Arbok|Sucker Punch|p2a: Frosmoth\n|-damage|p2a: Frosmoth|0 fnt\n|faint|p2a: Frosmoth\n|\n|upkeep\n|inactive|Time left: 300 sec this turn | 300 sec total | 5 sec grace\n|\n|t:|1783567311\n|switch|p2a: Ariados|Ariados, L95, F|287/287\n|turn|15\n|inactive|Time left: 300 sec this turn | 300 sec total\n|\n|t:|1783567312\n|move|p1a: Arbok|Coil|p1a: Arbok\n|-boost|p1a: Arbok|atk|1\n|-boost|p1a: Arbok|def|1\n|-boost|p1a: Arbok|accuracy|1\n|move|p2a: Ariados|Sticky Web|p1a: Arbok\n|-sidestart|p1: p0x234907de|move: Sticky Web\n|\n|upkeep\n|turn|16\n|inactive|Time left: 300 sec this turn | 300 sec total\n|\n|t:|1783567313\n|move|p1a: Arbok|Coil|p1a: Arbok\n|-boost|p1a: Arbok|atk|1\n|-boost|p1a: Arbok|def|1\n|-boost|p1a: Arbok|accuracy|1\n|move|p2a: Ariados|Toxic Spikes|p1a: Arbok\n|-sidestart|p1: p0x234907de|move: Toxic Spikes\n|\n|upkeep\n|turn|17\n|inactive|Time left: 300 sec this turn | 300 sec total\n|\n|t:|1783567314\n|move|p1a: Arbok|Earthquake|p2a: Ariados\n|-damage|p2a: Ariados|120/287\n|move|p2a: Ariados|Toxic Spikes|p1a: Arbok\n|-sidestart|p1: p0x234907de|move: Toxic Spikes\n|\n|upkeep\n|turn|18\n|inactive|Time left: 300 sec this turn | 300 sec total\n|\n|t:|1783567315\n|switch|p2a: Kyogre|Kyogre, L71|86/259\n|-weather|RainDance|[from] ability: Drizzle|[of] p2a: Kyogre\n|move|p1a: Arbok|Gunk Shot|p2a: Kyogre\n|-damage|p2a: Kyogre|0 fnt\n|faint|p2a: Kyogre\n|\n|-weather|RainDance|[upkeep]\n|upkeep\n|inactive|Time left: 300 sec this turn | 300 sec total | 5 sec grace\n|\n|t:|1783567316\n|switch|p2a: Golurk|Golurk, L87|297/297\n|turn|19\n|inactive|Time left: 300 sec this turn | 300 sec total\n|\n|t:|1783567317\n|move|p1a: Arbok|Earthquake|p2a: Golurk\n|-damage|p2a: Golurk|156/297\n|move|p2a: Golurk|Earthquake|p1a: Arbok\n|-supereffective|p1a: Arbok\n|-damage|p1a: Arbok|20/100\n|-damage|p2a: Golurk|127/297|[from] item: Life Orb\n|\n|-weather|RainDance|[upkeep]\n|-heal|p1a: Arbok|26/100|[from] item: Leftovers\n|upkeep\n|turn|20\n|inactive|Time left: 300 sec this turn | 300 sec total\n|\n|t:|1783567318\n|move|p1a: Arbok|Earthquake|p2a: Golurk\n|-damage|p2a: Golurk|0 fnt\n|faint|p2a: Golurk\n|\n|-weather|RainDance|[upkeep]\n|-heal|p1a: Arbok|32/100|[from] item: Leftovers\n|upkeep\n|inactive|Time left: 300 sec this turn | 300 sec total | 5 sec grace\n|\n|t:|1783567319\n|switch|p2a: Eternatus|Eternatus, L69|308/308\n|-ability|p2a: Eternatus|Pressure\n|turn|21\n|inactive|Time left: 300 sec this turn | 300 sec total\n|\n|t:|1783567320\n|switch|p1a: Pecharunt|Pecharunt, L77|51/100\n|-activate|p1a: Pecharunt|move: Sticky Web\n|-unboost|p1a: Pecharunt|spe|1\n|-sideend|p1: p0x234907de|move: Toxic Spikes|[of] p1a: Pecharunt\n|move|p2a: Eternatus|Dynamax Cannon|p1a: Pecharunt\n|-crit|p1a: Pecharunt\n|-damage|p1a: Pecharunt|0 fnt\n|faint|p1a: Pecharunt\n|\n|-weather|RainDance|[upkeep]\n|upkeep\n|\n|t:|1783567321\n|switch|p1a: Kingdra|Kingdra, L84, M|100/100\n|-activate|p1a: Kingdra|move: Sticky Web\n|-unboost|p1a: Kingdra|spe|1\n|turn|22\n|inactive|Time left: 300 sec this turn | 300 sec total\n|\n|t:|1783567322\n|-terastallize|p2a: Eternatus|Water\n|move|p1a: Kingdra|Draco Meteor|p2a: Eternatus\n|-damage|p2a: Eternatus|90/308\n|-unboost|p1a: Kingdra|spa|2\n|-damage|p1a: Kingdra|91/100|[from] item: Life Orb\n|move|p2a: Eternatus|Dynamax Cannon|p1a: Kingdra\n|-supereffective|p1a: Kingdra\n|-damage|p1a: Kingdra|24/100\n|\n|-weather|none\n|-heal|p2a: Eternatus|109/308|[from] item: Leftovers\n|upkeep\n|turn|23\n|inactive|Time left: 300 sec this turn | 300 sec total\n|\n|t:|1783567323\n|switch|p1a: Arbok|Arbok, L87, M|32/100\n|-activate|p1a: Arbok|move: Sticky Web\n|-unboost|p1a: Arbok|spe|1\n|-ability|p1a: Arbok|Intimidate|boost\n|-unboost|p2a: Eternatus|atk|1\n|move|p2a: Eternatus|Recover|p2a: Eternatus\n|-heal|p2a: Eternatus|263/308\n|\n|-heal|p2a: Eternatus|282/308|[from] item: Leftovers\n|-heal|p1a: Arbok|38/100|[from] item: Leftovers\n|upkeep\n|turn|24\n|inactive|Time left: 300 sec this turn | 300 sec total\n|\n|t:|1783567324\n|switch|p1a: Wo-Chien|Wo-Chien, L83|37/100\n|-activate|p1a: Wo-Chien|move: Sticky Web\n|-unboost|p1a: Wo-Chien|spe|1\n|-ability|p1a: Wo-Chien|Tablets of Ruin\n|move|p2a: Eternatus|Dynamax Cannon|p1a: Wo-Chien\n|-damage|p1a: Wo-Chien|10/100\n|\n|-heal|p2a: Eternatus|301/308|[from] item: Leftovers\n|-heal|p1a: Wo-Chien|16/100|[from] item: Leftovers\n|upkeep\n|turn|25\n|inactive|Time left: 300 sec this turn | 300 sec total\n|\n|t:|1783567325\n|switch|p1a: Kingdra|Kingdra, L84, M|24/100\n|-activate|p1a: Kingdra|move: Sticky Web\n|-unboost|p1a: Kingdra|spe|1\n|move|p2a: Eternatus|Dynamax Cannon|p1a: Kingdra\n|-supereffective|p1a: Kingdra\n|-damage|p1a: Kingdra|0 fnt\n|faint|p1a: Kingdra\n|\n|-heal|p2a: Eternatus|308/308|[from] item: Leftovers\n|upkeep\n|\n|t:|1783567326\n|switch|p1a: Wo-Chien|Wo-Chien, L83|16/100\n|-activate|p1a: Wo-Chien|move: Sticky Web\n|-unboost|p1a: Wo-Chien|spe|1\n|-ability|p1a: Wo-Chien|Tablets of Ruin\n|turn|26\n|inactive|Time left: 300 sec this turn | 300 sec total\n|\n|t:|1783567327\n|-terastallize|p1a: Wo-Chien|Poison\n|move|p2a: Eternatus|Dynamax Cannon|p1a: Wo-Chien\n|-damage|p1a: Wo-Chien|0 fnt\n|faint|p1a: Wo-Chien\n|\n|upkeep\n|\n|t:|1783567328\n|switch|p1a: Arbok|Arbok, L87, M|38/100\n|-activate|p1a: Arbok|move: Sticky Web\n|-unboost|p1a: Arbok|spe|1\n|-ability|p1a: Arbok|Intimidate|boost\n|-unboost|p2a: Eternatus|atk|1\n|turn|27\n|inactive|Time left: 300 sec this turn | 300 sec total\n|\n|t:|1783567329\n|move|p2a: Eternatus|Dynamax Cannon|p1a: Arbok\n|-damage|p1a: Arbok|0 fnt\n|faint|p1a: Arbok\n|\n|win|p0y234998d9", "uploadtime": 1783567329, "views": 0, "rating": 0, "private": 0, "password": null, "_winner": "p0y234998d9", "_our_name": "p0y234998d9"}