{"id": "battle-gen9randombattle-2049", "formatid": "gen9randombattle", "format": "[Gen 9] Random Battle", "players": ["p0x2049a867", "p0y2049c42b"], "log": "|init|battle\n|title|p0x2049a867 vs. p0y2049c42b\n|j|\u2606p0x2049a867\n|j|\u2606p0y2049c42b\n|t:|1783562961\n|gametype|singles\n|player|p1|p0x2049a867|1|\n|player|p2|p0y2049c42b|266|\n|gen|9\n|tier|[Gen 9] Random Battle\n|rule|Species Clause: Limit one of each Pok\u00e9mon\n|rule|HP Percentage Mod: HP is shown in percentages\n|rule|Sleep Clause Mod: Limit one foe put to sleep\n|rule|Illusion Level Mod: Illusion disguises the Pok\u00e9mon's true level\n|\n|t:|1783562961\n|teamsize|p1|6\n|teamsize|p2|6\n|start\n|switch|p1a: Rotom|Rotom-Wash, L82|100/100\n|switch|p2a: Rhydon|Rhydon, L85, F|317/317\n|turn|1\n|inactive|Battle timer is ON: inactive players will automatically lose when time's up. (requested by p0y2049c42b)\n|inactive|p0x2049a867 also wants the timer to be on.\n|\n|t:|1783562963\n|switch|p2a: Goodra|Goodra, L85, F|292/292\n|move|p1a: Rotom|Hydro Pump|p2a: Goodra\n|-resisted|p2a: Goodra\n|-damage|p2a: Goodra|265/292\n|\n|upkeep\n|turn|2\n|inactive|Time left: 300 sec this turn | 300 sec total\n|\n|t:|1783562965\n|move|p1a: Rotom|Discharge|p2a: Goodra\n|-resisted|p2a: Goodra\n|-damage|p2a: Goodra|246/292\n|-status|p2a: Goodra|par\n|cant|p2a: Goodra|par\n|\n|upkeep\n|turn|3\n|inactive|Time left: 300 sec this turn | 300 sec total\n|\n|t:|1783562966\n|move|p1a: Rotom|Volt Switch|p2a: Goodra\n|-resisted|p2a: Goodra\n|-damage|p2a: Goodra|229/292 par\n|\n|t:|1783562968\n|switch|p1a: Hitmonchan|Hitmonchan, L87, M|100/100|[from] Volt Switch\n|move|p2a: Goodra|Draco Meteor|p1a: Hitmonchan\n|-damage|p1a: Hitmonchan|48/100\n|-unboost|p2a: Goodra|spa|2\n|\n|-heal|p1a: Hitmonchan|54/100|[from] item: Leftovers\n|upkeep\n|turn|4\n|inactive|Time left: 300 sec this turn | 300 sec total\n|\n|t:|1783562969\n|switch|p2a: Dachsbun|Dachsbun, L92, M|254/254\n|move|p1a: Hitmonchan|Swords Dance|p1a: Hitmonchan\n|-boost|p1a: Hitmonchan|atk|2\n|\n|-heal|p1a: Hitmonchan|60/100|[from] item: Leftovers\n|upkeep\n|turn|5\n|inactive|Time left: 300 sec this turn | 300 sec total\n|\n|t:|1783562970\n|switch|p1a: Gliscor|Gliscor, L76, M|100/100\n|move|p2a: Dachsbun|Play Rough|p1a: Gliscor\n|-damage|p1a: Gliscor|64/100\n|\n|-status|p1a: Gliscor|tox|[from] item: Toxic Orb\n|upkeep\n|turn|6\n|inactive|Time left: 300 sec this turn | 300 sec total\n|\n|t:|1783562971\n|move|p2a: Dachsbun|Play Rough|p1a: Gliscor\n|-damage|p1a: Gliscor|32/100 tox\n|move|p1a: Gliscor|Toxic|p2a: Dachsbun\n|-status|p2a: Dachsbun|tox\n|\n|-damage|p2a: Dachsbun|239/254 tox|[from] psn\n|-heal|p1a: Gliscor|44/100 tox|[from] ability: Poison Heal\n|upkeep\n|turn|7\n|inactive|Time left: 300 sec this turn | 300 sec total\n|\n|t:|1783562972\n|move|p2a: Dachsbun|Play Rough|p1a: Gliscor\n|-damage|p1a: Gliscor|10/100 tox\n|move|p1a: Gliscor|Earthquake|p2a: Dachsbun\n|-damage|p2a: Dachsbun|170/254 tox\n|\n|-heal|p2a: Dachsbun|185/254 tox|[from] item: Leftovers\n|-damage|p2a: Dachsbun|155/254 tox|[from] psn\n|-heal|p1a: Gliscor|22/100 tox|[from] ability: Poison Heal\n|upkeep\n|turn|8\n|inactive|Time left: 300 sec this turn | 300 sec total\n|\n|t:|1783562973\n|move|p1a: Gliscor|Protect|p1a: Gliscor\n|-singleturn|p1a: Gliscor|Protect\n|move|p2a: Dachsbun|Play Rough|p1a: Gliscor\n|-activate|p1a: Gliscor|move: Protect\n|\n|-heal|p2a: Dachsbun|170/254 tox|[from] item: Leftovers\n|-damage|p2a: Dachsbun|125/254 tox|[from] psn\n|-heal|p1a: Gliscor|34/100 tox|[from] ability: Poison Heal\n|upkeep\n|turn|9\n|inactive|Time left: 300 sec this turn | 300 sec total\n|\n|t:|1783562974\n|move|p2a: Dachsbun|Play Rough|p1a: Gliscor\n|-damage|p1a: Gliscor|2/100 tox\n|move|p1a: Gliscor|Earthquake|p2a: Dachsbun\n|-damage|p2a: Dachsbun|62/254 tox\n|\n|-heal|p2a: Dachsbun|77/254 tox|[from] item: Leftovers\n|-damage|p2a: Dachsbun|17/254 tox|[from] psn\n|-heal|p1a: Gliscor|14/100 tox|[from] ability: Poison Heal\n|upkeep\n|turn|10\n|inactive|Time left: 300 sec this turn | 300 sec total\n|\n|t:|1783562976\n|move|p1a: Gliscor|Protect|p1a: Gliscor\n|-singleturn|p1a: Gliscor|Protect\n|move|p2a: Dachsbun|Play Rough|p1a: Gliscor\n|-activate|p1a: Gliscor|move: Protect\n|\n|-heal|p2a: Dachsbun|32/254 tox|[from] item: Leftovers\n|-damage|p2a: Dachsbun|0 fnt|[from] psn\n|faint|p2a: Dachsbun\n|-heal|p1a: Gliscor|26/100 tox|[from] ability: Poison Heal\n|upkeep\n|inactive|Time left: 300 sec this turn | 300 sec total | 5 sec grace\n|\n|t:|1783562976\n|switch|p2a: Bombirdier|Bombirdier, L85, F|258/258\n|turn|11\n|inactive|Time left: 300 sec this turn | 300 sec total\n|\n|t:|1783562978\n|switch|p1a: Greedent|Greedent, L86, F|100/100\n|move|p2a: Bombirdier|Knock Off|p1a: Greedent\n|-damage|p1a: Greedent|58/100\n|-enditem|p1a: Greedent|Sitrus Berry|[from] move: Knock Off|[of] p2a: Bombirdier\n|\n|upkeep\n|turn|12\n|inactive|Time left: 300 sec this turn | 300 sec total\n|\n|t:|1783562979\n|move|p2a: Bombirdier|Knock Off|p1a: Greedent\n|-damage|p1a: Greedent|27/100\n|move|p1a: Greedent|Knock Off|p2a: Bombirdier\n|-resisted|p2a: Bombirdier\n|-damage|p2a: Bombirdier|225/258\n|-enditem|p2a: Bombirdier|Choice Band|[from] move: Knock Off|[of] p1a: Greedent\n|\n|upkeep\n|turn|13\n|inactive|Time left: 300 sec this turn | 300 sec total\n|\n|t:|1783562980\n|switch|p1a: Rotom|Rotom-Wash, L82|100/100\n|move|p2a: Bombirdier|Knock Off|p1a: Rotom\n|-damage|p1a: Rotom|53/100\n|-enditem|p1a: Rotom|Leftovers|[from] move: Knock Off|[of] p2a: Bombirdier\n|\n|upkeep\n|turn|14\n|inactive|Time left: 300 sec this turn | 300 sec total\n|\n|t:|1783562981\n|move|p1a: Rotom|Will-O-Wisp|p2a: Bombirdier\n|-status|p2a: Bombirdier|brn\n|move|p2a: Bombirdier|Stone Edge|p1a: Rotom\n|-damage|p1a: Rotom|30/100\n|\n|-damage|p2a: Bombirdier|209/258 brn|[from] brn\n|upkeep\n|turn|15\n|inactive|Time left: 300 sec this turn | 300 sec total\n|\n|t:|1783562982\n|move|p2a: Bombirdier|Brave Bird|p1a: Rotom\n|-resisted|p1a: Rotom\n|-damage|p1a: Rotom|16/100\n|-damage|p2a: Bombirdier|199/258 brn|[from] Recoil\n|move|p1a: Rotom|Discharge|p2a: Bombirdier\n|-supereffective|p2a: Bombirdier\n|-damage|p2a: Bombirdier|13/258 brn\n|\n|-damage|p2a: Bombirdier|0 fnt|[from] brn\n|faint|p2a: Bombirdier\n|upkeep\n|inactive|Time left: 300 sec this turn | 300 sec total | 5 sec grace\n|\n|t:|1783562983\n|switch|p2a: Swanna|Swanna, L89, F|278/278\n|turn|16\n|inactive|Time left: 300 sec this turn | 300 sec total\n|\n|t:|1783562984\n|move|p2a: Swanna|Brave Bird|p1a: Rotom\n|-resisted|p1a: Rotom\n|-damage|p1a: Rotom|0 fnt\n|faint|p1a: Rotom\n|-damage|p2a: Swanna|267/278|[from] Recoil\n|\n|upkeep\n|\n|t:|1783562984\n|switch|p1a: Polteageist|Polteageist, L78|100/100\n|turn|17\n|inactive|Time left: 300 sec this turn | 300 sec total\n|\n|t:|1783562985\n|move|p2a: Swanna|Brave Bird|p1a: Polteageist\n|-damage|p1a: Polteageist|19/100\n|-damage|p2a: Swanna|207/278|[from] Recoil\n|move|p1a: Polteageist|Shell Smash|p1a: Polteageist\n|-unboost|p1a: Polteageist|def|1\n|-unboost|p1a: Polteageist|spd|1\n|-boost|p1a: Polteageist|atk|2\n|-boost|p1a: Polteageist|spa|2\n|-boost|p1a: Polteageist|spe|2\n|-enditem|p1a: Polteageist|White Herb\n|-clearnegativeboost|p1a: Polteageist|[silent]\n|\n|upkeep\n|turn|18\n|inactive|Time left: 300 sec this turn | 300 sec total\n|\n|t:|1783562986\n|switch|p2a: Goodra|Goodra, L85, F|229/292 par\n|move|p1a: Polteageist|Shadow Ball|p2a: Goodra\n|-crit|p2a: Goodra\n|-damage|p2a: Goodra|111/292 par\n|\n|upkeep\n|turn|19\n|inactive|Time left: 300 sec this turn | 300 sec total\n|\n|t:|1783562987\n|move|p1a: Polteageist|Stored Power|p2a: Goodra\n|-damage|p2a: Goodra|14/292 par\n|move|p2a: Goodra|Earthquake|p1a: Polteageist\n|-damage|p1a: Polteageist|0 fnt\n|faint|p1a: Polteageist\n|\n|upkeep\n|\n|t:|1783562989\n|switch|p1a: Hitmonchan|Hitmonchan, L87, M|60/100\n|turn|20\n|inactive|Time left: 300 sec this turn | 300 sec total\n|\n|t:|1783562990\n|switch|p2a: Annihilape|Annihilape, L76, M|292/292\n|move|p1a: Hitmonchan|Rapid Spin|p2a: Annihilape\n|-immune|p2a: Annihilape\n|\n|-heal|p1a: Hitmonchan|66/100|[from] item: Leftovers\n|upkeep\n|turn|21\n|inactive|Time left: 300 sec this turn | 300 sec total\n|\n|t:|1783562991\n|move|p1a: Hitmonchan|Swords Dance|p1a: Hitmonchan\n|-boost|p1a: Hitmonchan|atk|2\n|move|p2a: Annihilape|Bulk Up|p2a: Annihilape\n|-boost|p2a: Annihilape|atk|1\n|-boost|p2a: Annihilape|def|1\n|\n|-heal|p1a: Hitmonchan|72/100|[from] item: Leftovers\n|upkeep\n|turn|22\n|inactive|Time left: 300 sec this turn | 300 sec total\n|\n|t:|1783562992\n|move|p1a: Hitmonchan|Swords Dance|p1a: Hitmonchan\n|-boost|p1a: Hitmonchan|atk|2\n|move|p2a: Annihilape|Drain Punch|p1a: Hitmonchan\n|-damage|p1a: Hitmonchan|20/100\n|\n|-heal|p1a: Hitmonchan|26/100|[from] item: Leftovers\n|upkeep\n|turn|23\n|inactive|Time left: 300 sec this turn | 300 sec total\n|\n|t:|1783562993\n|move|p1a: Hitmonchan|Knock Off|p2a: Annihilape\n|-damage|p2a: Annihilape|113/292\n|-enditem|p2a: Annihilape|Leftovers|[from] move: Knock Off|[of] p1a: Hitmonchan\n|move|p2a: Annihilape|Drain Punch|p1a: Hitmonchan\n|-damage|p1a: Hitmonchan|0 fnt\n|-heal|p2a: Annihilape|142/292|[from] drain|[of] p1a: Hitmonchan\n|faint|p1a: Hitmonchan\n|\n|upkeep\n|\n|t:|1783562994\n|switch|p1a: Gliscor|Gliscor, L76, M|26/100 tox\n|turn|24\n|inactive|Time left: 300 sec this turn | 300 sec total\n|\n|t:|1783562995\n|move|p1a: Gliscor|Toxic|p2a: Annihilape\n|-status|p2a: Annihilape|tox\n|move|p2a: Annihilape|Rage Fist|p1a: Gliscor\n|-damage|p1a: Gliscor|0 fnt\n|faint|p1a: Gliscor\n|\n|-damage|p2a: Annihilape|124/292 tox|[from] psn\n|upkeep\n|\n|t:|1783562996\n|switch|p1a: Greedent|Greedent, L86, F|27/100\n|turn|25\n|inactive|Time left: 300 sec this turn | 300 sec total\n|\n|t:|1783562997\n|move|p2a: Annihilape|Drain Punch|p1a: Greedent\n|-supereffective|p1a: Greedent\n|-damage|p1a: Greedent|0 fnt\n|-heal|p2a: Annihilape|170/292 tox|[from] drain|[of] p1a: Greedent\n|faint|p1a: Greedent\n|\n|-damage|p2a: Annihilape|134/292 tox|[from] psn\n|upkeep\n|\n|t:|1783562998\n|switch|p1a: Roaring Moon|Roaring Moon, L72|100/100\n|turn|26\n|inactive|Time left: 300 sec this turn | 300 sec total\n|\n|t:|1783562998\n|-terastallize|p1a: Roaring Moon|Steel\n|-terastallize|p2a: Annihilape|Steel\n|move|p1a: Roaring Moon|Iron Head|p2a: Annihilape\n|-resisted|p2a: Annihilape\n|-damage|p2a: Annihilape|101/292 tox\n|move|p2a: Annihilape|Drain Punch|p1a: Roaring Moon\n|-supereffective|p1a: Roaring Moon\n|-damage|p1a: Roaring Moon|0 fnt\n|-heal|p2a: Annihilape|236/292 tox|[from] drain|[of] p1a: Roaring Moon\n|faint|p1a: Roaring Moon\n|-end|p1a: Roaring Moon|Protosynthesis|[silent]\n|\n|win|p0y2049c42b", "uploadtime": 1783562998, "views": 0, "rating": 0, "private": 0, "password": null, "_winner": "p0y2049c42b", "_our_name": "p0y2049c42b"}