{"id": "battle-gen9randombattle-957", "formatid": "gen9randombattle", "format": "[Gen 9] Random Battle", "players": ["p0x957ea42", "p0y95709af"], "log": "|init|battle\n|title|p0x957ea42 vs. p0y95709af\n|j|\u2606p0x957ea42\n|j|\u2606p0y95709af\n|t:|1783550243\n|gametype|singles\n|player|p1|p0x957ea42|266|\n|player|p2|p0y95709af|169|\n|gen|9\n|tier|[Gen 9] Random Battle\n|rule|Species Clause: Limit one of each Pok\u00e9mon\n|rule|HP Percentage Mod: HP is shown in percentages\n|rule|Sleep Clause Mod: Limit one foe put to sleep\n|rule|Illusion Level Mod: Illusion disguises the Pok\u00e9mon's true level\n|\n|t:|1783550243\n|teamsize|p1|6\n|teamsize|p2|6\n|start\n|switch|p1a: Piloswine|Piloswine, L85, F|100/100\n|switch|p2a: Porygon-Z|Porygon-Z, L83|277/277\n|turn|1\n|inactive|Battle timer is ON: inactive players will automatically lose when time's up. (requested by p0y95709af)\n|inactive|p0x957ea42 also wants the timer to be on.\n|\n|t:|1783550245\n|move|p2a: Porygon-Z|Tri Attack|p1a: Piloswine\n|-damage|p1a: Piloswine|60/100\n|move|p1a: Piloswine|Earthquake|p2a: Porygon-Z\n|-damage|p2a: Porygon-Z|147/277\n|\n|upkeep\n|turn|2\n|inactive|Time left: 300 sec this turn | 300 sec total\n|\n|t:|1783550246\n|switch|p1a: Lunala|Lunala, L70|100/100\n|move|p2a: Porygon-Z|Tri Attack|p1a: Lunala\n|-immune|p1a: Lunala\n|\n|upkeep\n|turn|3\n|inactive|Time left: 300 sec this turn | 300 sec total\n|\n|t:|1783550247\n|switch|p2a: Ting-Lu|Ting-Lu, L78|370/370\n|-ability|p2a: Ting-Lu|Vessel of Ruin\n|move|p1a: Lunala|Calm Mind|p1a: Lunala\n|-boost|p1a: Lunala|spa|1\n|-boost|p1a: Lunala|spd|1\n|\n|upkeep\n|turn|4\n|inactive|Time left: 300 sec this turn | 300 sec total\n|\n|t:|1783550248\n|move|p1a: Lunala|Calm Mind|p1a: Lunala\n|-boost|p1a: Lunala|spa|1\n|-boost|p1a: Lunala|spd|1\n|move|p2a: Ting-Lu|Payback|p1a: Lunala\n|-supereffective|p1a: Lunala\n|-damage|p1a: Lunala|26/100\n|\n|-heal|p1a: Lunala|32/100|[from] item: Leftovers\n|upkeep\n|turn|5\n|inactive|Time left: 300 sec this turn | 300 sec total\n|\n|t:|1783550249\n|move|p1a: Lunala|Moonlight|p1a: Lunala\n|-heal|p1a: Lunala|82/100\n|move|p2a: Ting-Lu|Earthquake|p1a: Lunala\n|-damage|p1a: Lunala|39/100\n|\n|-heal|p1a: Lunala|45/100|[from] item: Leftovers\n|upkeep\n|turn|6\n|inactive|Time left: 300 sec this turn | 300 sec total\n|\n|t:|1783550250\n|-terastallize|p1a: Lunala|Fairy\n|move|p1a: Lunala|Moonblast|p2a: Ting-Lu\n|-supereffective|p2a: Ting-Lu\n|-damage|p2a: Ting-Lu|14/370\n|-unboost|p2a: Ting-Lu|spa|1\n|move|p2a: Ting-Lu|Payback|p1a: Lunala\n|-resisted|p1a: Lunala\n|-damage|p1a: Lunala|26/100\n|\n|-heal|p1a: Lunala|32/100|[from] item: Leftovers\n|-heal|p2a: Ting-Lu|37/370|[from] item: Leftovers\n|upkeep\n|turn|7\n|inactive|Time left: 300 sec this turn | 300 sec total\n|\n|t:|1783550251\n|switch|p2a: Victreebel|Victreebel, L90, M|290/290\n|move|p1a: Lunala|Moonblast|p2a: Victreebel\n|-resisted|p2a: Victreebel\n|-damage|p2a: Victreebel|191/290\n|\n|-heal|p1a: Lunala|38/100|[from] item: Leftovers\n|upkeep\n|turn|8\n|inactive|Time left: 300 sec this turn | 300 sec total\n|\n|t:|1783550252\n|move|p1a: Lunala|Moongeist Beam|p2a: Victreebel\n|-damage|p2a: Victreebel|0 fnt\n|faint|p2a: Victreebel\n|\n|-heal|p1a: Lunala|45/100|[from] item: Leftovers\n|upkeep\n|inactive|Time left: 300 sec this turn | 300 sec total | 5 sec grace\n|\n|t:|1783550253\n|switch|p2a: Iron Valiant|Iron Valiant, L78|244/244\n|turn|9\n|inactive|Time left: 300 sec this turn | 300 sec total\n|\n|t:|1783550254\n|-terastallize|p2a: Iron Valiant|Fighting\n|move|p2a: Iron Valiant|Close Combat|p1a: Lunala\n|-resisted|p1a: Lunala\n|-damage|p1a: Lunala|0 fnt\n|-unboost|p2a: Iron Valiant|def|1\n|-unboost|p2a: Iron Valiant|spd|1\n|faint|p1a: Lunala\n|-damage|p2a: Iron Valiant|220/244|[from] item: Life Orb\n|\n|upkeep\n|\n|t:|1783550255\n|switch|p1a: Araquanid|Araquanid, L82, F|100/100\n|turn|10\n|inactive|Time left: 300 sec this turn | 300 sec total\n|\n|t:|1783550256\n|move|p2a: Iron Valiant|Knock Off|p1a: Araquanid\n|-damage|p1a: Araquanid|62/100\n|-enditem|p1a: Araquanid|Heavy-Duty Boots|[from] move: Knock Off|[of] p2a: Iron Valiant\n|-damage|p2a: Iron Valiant|196/244|[from] item: Life Orb\n|move|p1a: Araquanid|Sticky Web|p2a: Iron Valiant\n|-sidestart|p2: p0y95709af|move: Sticky Web\n|\n|upkeep\n|turn|11\n|inactive|Time left: 300 sec this turn | 300 sec total\n|\n|t:|1783550257\n|move|p2a: Iron Valiant|Encore|p1a: Araquanid\n|-start|p1a: Araquanid|Encore\n|move|p1a: Araquanid|Sticky Web||[still]\n|-fail|p1a: Araquanid\n|\n|upkeep\n|turn|12\n|inactive|Time left: 300 sec this turn | 300 sec total\n|\n|t:|1783550258\n|switch|p1a: Fezandipiti|Fezandipiti, L82, M|100/100\n|move|p2a: Iron Valiant|Moonblast|p1a: Fezandipiti\n|-resisted|p1a: Fezandipiti\n|-damage|p1a: Fezandipiti|83/100\n|-damage|p2a: Iron Valiant|172/244|[from] item: Life Orb\n|\n|-heal|p1a: Fezandipiti|89/100|[from] item: Leftovers\n|upkeep\n|turn|13\n|inactive|Time left: 300 sec this turn | 300 sec total\n|\n|t:|1783550259\n|-end|p2a: Iron Valiant|Quark Drive|[silent]\n|switch|p2a: Ting-Lu|Ting-Lu, L78|37/370\n|-activate|p2a: Ting-Lu|move: Sticky Web\n|-unboost|p2a: Ting-Lu|spe|1\n|-ability|p2a: Ting-Lu|Vessel of Ruin\n|move|p1a: Fezandipiti|Gunk Shot|p2a: Ting-Lu\n|-resisted|p2a: Ting-Lu\n|-damage|p2a: Ting-Lu|0 fnt\n|faint|p2a: Ting-Lu\n|\n|-heal|p1a: Fezandipiti|95/100|[from] item: Leftovers\n|upkeep\n|inactive|Time left: 300 sec this turn | 300 sec total | 5 sec grace\n|\n|t:|1783550260\n|switch|p2a: Porygon-Z|Porygon-Z, L83|147/277\n|-activate|p2a: Porygon-Z|move: Sticky Web\n|-unboost|p2a: Porygon-Z|spe|1\n|turn|14\n|inactive|Time left: 300 sec this turn | 300 sec total\n|\n|t:|1783550261\n|move|p1a: Fezandipiti|Gunk Shot|p2a: Porygon-Z\n|-crit|p2a: Porygon-Z\n|-damage|p2a: Porygon-Z|0 fnt\n|faint|p2a: Porygon-Z\n|\n|-heal|p1a: Fezandipiti|100/100|[from] item: Leftovers\n|upkeep\n|inactive|Time left: 300 sec this turn | 300 sec total | 5 sec grace\n|\n|t:|1783550262\n|switch|p2a: Plusle|Plusle, L95, F|268/268\n|-activate|p2a: Plusle|move: Sticky Web\n|-unboost|p2a: Plusle|spe|1\n|turn|15\n|inactive|Time left: 300 sec this turn | 300 sec total\n|\n|t:|1783550263\n|move|p1a: Fezandipiti|Play Rough|p2a: Plusle\n|-crit|p2a: Plusle\n|-damage|p2a: Plusle|66/268\n|-status|p2a: Plusle|tox|[from] ability: Toxic Chain|[of] p1a: Fezandipiti\n|move|p2a: Plusle|Nasty Plot|p2a: Plusle\n|-boost|p2a: Plusle|spa|2\n|\n|-damage|p2a: Plusle|50/268 tox|[from] psn\n|upkeep\n|turn|16\n|inactive|Time left: 300 sec this turn | 300 sec total\n|\n|t:|1783550264\n|move|p1a: Fezandipiti|Play Rough|p2a: Plusle\n|-damage|p2a: Plusle|0 fnt\n|faint|p2a: Plusle\n|\n|upkeep\n|inactive|Time left: 300 sec this turn | 300 sec total | 5 sec grace\n|\n|t:|1783550265\n|switch|p2a: Brute Bonnet|Brute Bonnet, L80|309/309\n|-activate|p2a: Brute Bonnet|move: Sticky Web\n|-unboost|p2a: Brute Bonnet|spe|1\n|turn|17\n|inactive|Time left: 300 sec this turn | 300 sec total\n|\n|t:|1783550266\n|move|p1a: Fezandipiti|Play Rough|p2a: Brute Bonnet\n|-supereffective|p2a: Brute Bonnet\n|-damage|p2a: Brute Bonnet|147/309\n|move|p2a: Brute Bonnet|Spore|p1a: Fezandipiti\n|-status|p1a: Fezandipiti|slp|[from] move: Spore\n|\n|-heal|p2a: Brute Bonnet|166/309|[from] item: Leftovers\n|upkeep\n|turn|18\n|inactive|Time left: 300 sec this turn | 300 sec total\n|\n|t:|1783550267\n|cant|p1a: Fezandipiti|slp\n|move|p2a: Brute Bonnet|Crunch|p1a: Fezandipiti\n|-resisted|p1a: Fezandipiti\n|-damage|p1a: Fezandipiti|82/100 slp\n|\n|-heal|p1a: Fezandipiti|88/100 slp|[from] item: Leftovers\n|-heal|p2a: Brute Bonnet|185/309|[from] item: Leftovers\n|upkeep\n|turn|19\n|inactive|Time left: 300 sec this turn | 300 sec total\n|\n|t:|1783550268\n|cant|p1a: Fezandipiti|slp\n|move|p2a: Brute Bonnet|Crunch|p1a: Fezandipiti\n|-resisted|p1a: Fezandipiti\n|-damage|p1a: Fezandipiti|68/100 slp\n|\n|-heal|p1a: Fezandipiti|74/100 slp|[from] item: Leftovers\n|-heal|p2a: Brute Bonnet|204/309|[from] item: Leftovers\n|upkeep\n|turn|20\n|inactive|Time left: 300 sec this turn | 300 sec total\n|\n|t:|1783550269\n|-curestatus|p1a: Fezandipiti|slp|[msg]\n|move|p1a: Fezandipiti|Gunk Shot|p2a: Brute Bonnet\n|-supereffective|p2a: Brute Bonnet\n|-damage|p2a: Brute Bonnet|0 fnt\n|faint|p2a: Brute Bonnet\n|-end|p2a: Brute Bonnet|Protosynthesis|[silent]\n|\n|-heal|p1a: Fezandipiti|80/100|[from] item: Leftovers\n|upkeep\n|inactive|Time left: 300 sec this turn | 300 sec total | 5 sec grace\n|\n|t:|1783550270\n|switch|p2a: Iron Valiant|Iron Valiant, L78, tera:Fighting|172/244\n|-activate|p2a: Iron Valiant|move: Sticky Web\n|-unboost|p2a: Iron Valiant|spe|1\n|turn|21\n|inactive|Time left: 300 sec this turn | 300 sec total\n|\n|t:|1783550271\n|move|p1a: Fezandipiti|Play Rough|p2a: Iron Valiant\n|-supereffective|p2a: Iron Valiant\n|-damage|p2a: Iron Valiant|0 fnt\n|faint|p2a: Iron Valiant\n|-end|p2a: Iron Valiant|Quark Drive|[silent]\n|\n|win|p0x957ea42", "uploadtime": 1783550271, "views": 0, "rating": 0, "private": 0, "password": null, "_winner": "p0x957ea42", "_our_name": "p0y95709af"}