{"id": "battle-gen9randombattle-1687", "formatid": "gen9randombattle", "format": "[Gen 9] Random Battle", "players": ["p0x1687278d", "p0y1687faf2"], "log": "|init|battle\n|title|p0x1687278d vs. p0y1687faf2\n|j|\u2606p0x1687278d\n|j|\u2606p0y1687faf2\n|t:|1783559547\n|gametype|singles\n|player|p1|p0x1687278d|2|\n|player|p2|p0y1687faf2|266|\n|gen|9\n|tier|[Gen 9] Random Battle\n|rule|Species Clause: Limit one of each Pok\u00e9mon\n|rule|HP Percentage Mod: HP is shown in percentages\n|rule|Sleep Clause Mod: Limit one foe put to sleep\n|rule|Illusion Level Mod: Illusion disguises the Pok\u00e9mon's true level\n|\n|t:|1783559547\n|teamsize|p1|6\n|teamsize|p2|6\n|start\n|switch|p1a: Metagross|Metagross, L79|256/256\n|switch|p2a: Spiritomb|Spiritomb, L89, F|100/100\n|turn|1\n|inactive|Battle timer is ON: inactive players will automatically lose when time's up. (requested by p0x1687278d)\n|inactive|p0y1687faf2 also wants the timer to be on.\n|\n|t:|1783559548\n|switch|p1a: Rotom|Rotom-Mow, L87|229/229\n|move|p2a: Spiritomb|Foul Play|p1a: Rotom\n|-damage|p1a: Rotom|183/229\n|\n|-heal|p1a: Rotom|197/229|[from] item: Leftovers\n|upkeep\n|turn|2\n|inactive|Time left: 300 sec this turn | 300 sec total\n|\n|t:|1783559550\n|move|p1a: Rotom|Will-O-Wisp|p2a: Spiritomb|[miss]\n|-miss|p1a: Rotom|p2a: Spiritomb\n|move|p2a: Spiritomb|Foul Play|p1a: Rotom\n|-damage|p1a: Rotom|151/229\n|\n|-heal|p1a: Rotom|165/229|[from] item: Leftovers\n|upkeep\n|turn|3\n|inactive|Time left: 300 sec this turn | 300 sec total\n|\n|t:|1783559551\n|move|p1a: Rotom|Will-O-Wisp|p2a: Spiritomb\n|-status|p2a: Spiritomb|brn\n|move|p2a: Spiritomb|Toxic|p1a: Rotom\n|-status|p1a: Rotom|tox\n|\n|-heal|p1a: Rotom|179/229 tox|[from] item: Leftovers\n|-damage|p1a: Rotom|165/229 tox|[from] psn\n|-damage|p2a: Spiritomb|95/100 brn|[from] brn\n|upkeep\n|turn|4\n|inactive|Time left: 300 sec this turn | 300 sec total\n|\n|t:|1783559552\n|move|p1a: Rotom|Nasty Plot|p1a: Rotom\n|-boost|p1a: Rotom|spa|2\n|move|p2a: Spiritomb|Foul Play|p1a: Rotom\n|-crit|p1a: Rotom\n|-damage|p1a: Rotom|129/229 tox\n|\n|-heal|p1a: Rotom|143/229 tox|[from] item: Leftovers\n|-heal|p2a: Spiritomb|100/100 brn|[from] item: Leftovers\n|-damage|p1a: Rotom|115/229 tox|[from] psn\n|-damage|p2a: Spiritomb|95/100 brn|[from] brn\n|upkeep\n|turn|5\n|inactive|Time left: 300 sec this turn | 300 sec total\n|\n|t:|1783559553\n|move|p1a: Rotom|Leaf Storm|p2a: Spiritomb\n|-damage|p2a: Spiritomb|0 fnt\n|-unboost|p1a: Rotom|spa|2\n|faint|p2a: Spiritomb\n|\n|-heal|p1a: Rotom|129/229 tox|[from] item: Leftovers\n|-damage|p1a: Rotom|87/229 tox|[from] psn\n|upkeep\n|\n|t:|1783559554\n|switch|p2a: Greninja|Greninja, L80, M|100/100\n|turn|6\n|inactive|Time left: 300 sec this turn | 300 sec total\n|\n|t:|1783559555\n|move|p2a: Greninja|U-turn|p1a: Rotom\n|-start|p2a: Greninja|typechange|Bug|[from] ability: Protean\n|-supereffective|p1a: Rotom\n|-damage|p1a: Rotom|0 fnt\n|faint|p1a: Rotom\n|-damage|p2a: Greninja|91/100|[from] item: Life Orb\n|\n|t:|1783559556\n|switch|p2a: Golem|Golem-Alola, L93, M|100/100|[from] U-turn\n|\n|upkeep\n|inactive|Time left: 300 sec this turn | 300 sec total | 10 sec grace\n|\n|t:|1783559557\n|switch|p1a: Metagross|Metagross, L79|256/256\n|turn|7\n|inactive|Time left: 300 sec this turn | 300 sec total\n|\n|t:|1783559558\n|-terastallize|p1a: Metagross|Ground\n|move|p1a: Metagross|Earthquake|p2a: Golem\n|-supereffective|p2a: Golem\n|-damage|p2a: Golem|0 fnt\n|faint|p2a: Golem\n|\n|upkeep\n|\n|t:|1783559559\n|switch|p2a: Greninja|Greninja, L80, M|91/100\n|turn|8\n|inactive|Time left: 300 sec this turn | 300 sec total\n|\n|t:|1783559560\n|switch|p1a: Ampharos|Ampharos, L88, M|302/302\n|move|p2a: Greninja|Hydro Pump|p1a: Ampharos|[miss]\n|-start|p2a: Greninja|typechange|Water|[from] ability: Protean\n|-miss|p2a: Greninja|p1a: Ampharos\n|\n|upkeep\n|turn|9\n|inactive|Time left: 300 sec this turn | 300 sec total\n|\n|t:|1783559561\n|switch|p2a: Groudon|Groudon, L72|100/100\n|-weather|SunnyDay|[from] ability: Drought|[of] p2a: Groudon\n|move|p1a: Ampharos|Thunderbolt|p2a: Groudon\n|-immune|p2a: Groudon\n|\n|-weather|SunnyDay|[upkeep]\n|upkeep\n|turn|10\n|inactive|Time left: 300 sec this turn | 300 sec total\n|\n|t:|1783559561\n|switch|p1a: Metagross|Metagross, L79, tera:Ground|256/256\n|move|p2a: Groudon|Precipice Blades|p1a: Metagross\n|-damage|p1a: Metagross|160/256\n|\n|-weather|SunnyDay|[upkeep]\n|upkeep\n|turn|11\n|inactive|Time left: 300 sec this turn | 300 sec total\n|\n|t:|1783559562\n|move|p2a: Groudon|Precipice Blades|p1a: Metagross\n|-damage|p1a: Metagross|55/256\n|move|p1a: Metagross|Earthquake|p2a: Groudon\n|-damage|p2a: Groudon|66/100\n|\n|-weather|SunnyDay|[upkeep]\n|-heal|p2a: Groudon|72/100|[from] item: Leftovers\n|upkeep\n|turn|12\n|inactive|Time left: 300 sec this turn | 300 sec total\n|\n|t:|1783559563\n|switch|p1a: Moltres|Moltres-Galar, L79|271/271\n|move|p2a: Groudon|Precipice Blades|p1a: Moltres\n|-immune|p1a: Moltres\n|\n|-weather|SunnyDay|[upkeep]\n|-heal|p2a: Groudon|78/100|[from] item: Leftovers\n|upkeep\n|turn|13\n|inactive|Time left: 300 sec this turn | 300 sec total\n|\n|t:|1783559564\n|move|p1a: Moltres|Nasty Plot|p1a: Moltres\n|-boost|p1a: Moltres|spa|2\n|move|p2a: Groudon|Stealth Rock|p1a: Moltres\n|-sidestart|p1: p0x1687278d|move: Stealth Rock\n|\n|-weather|none\n|-heal|p2a: Groudon|84/100|[from] item: Leftovers\n|upkeep\n|turn|14\n|inactive|Time left: 300 sec this turn | 300 sec total\n|\n|t:|1783559565\n|switch|p2a: Klefki|Klefki, L84, F|100/100\n|move|p1a: Moltres|Hurricane|p2a: Klefki\n|-resisted|p2a: Klefki\n|-damage|p2a: Klefki|52/100\n|-start|p2a: Klefki|confusion\n|\n|-heal|p2a: Klefki|58/100|[from] item: Leftovers\n|upkeep\n|turn|15\n|inactive|Time left: 300 sec this turn | 300 sec total\n|\n|t:|1783559566\n|move|p1a: Moltres|Fiery Wrath|p2a: Klefki\n|-resisted|p2a: Klefki\n|-damage|p2a: Klefki|22/100\n|-activate|p2a: Klefki|confusion\n|move|p2a: Klefki|Play Rough|p1a: Moltres\n|-supereffective|p1a: Moltres\n|-damage|p1a: Moltres|109/271\n|-ability|p1a: Moltres|Berserk|boost\n|-boost|p1a: Moltres|spa|1\n|\n|-heal|p2a: Klefki|28/100|[from] item: Leftovers\n|upkeep\n|turn|16\n|inactive|Time left: 300 sec this turn | 300 sec total\n|\n|t:|1783559567\n|move|p1a: Moltres|Rest|p1a: Moltres\n|-status|p1a: Moltres|slp|[from] move: Rest\n|-heal|p1a: Moltres|271/271 slp|[silent]\n|-enditem|p1a: Moltres|Chesto Berry|[eat]\n|-curestatus|p1a: Moltres|slp|[msg]\n|-activate|p2a: Klefki|confusion\n|move|p2a: Klefki|Play Rough|p1a: Moltres\n|-supereffective|p1a: Moltres\n|-damage|p1a: Moltres|109/271\n|-ability|p1a: Moltres|Berserk|boost\n|-boost|p1a: Moltres|spa|1\n|\n|-heal|p2a: Klefki|34/100|[from] item: Leftovers\n|upkeep\n|turn|17\n|inactive|Time left: 300 sec this turn | 300 sec total\n|\n|t:|1783559568\n|move|p1a: Moltres|Hurricane|p2a: Klefki\n|-resisted|p2a: Klefki\n|-damage|p2a: Klefki|0 fnt\n|faint|p2a: Klefki\n|\n|upkeep\n|\n|t:|1783559569\n|switch|p2a: Greninja|Greninja, L80, M|91/100\n|turn|18\n|inactive|Time left: 300 sec this turn | 300 sec total\n|\n|t:|1783559570\n|move|p2a: Greninja|Hydro Pump|p1a: Moltres\n|-start|p2a: Greninja|typechange|Water|[from] ability: Protean\n|-damage|p1a: Moltres|0 fnt\n|faint|p1a: Moltres\n|-damage|p2a: Greninja|81/100|[from] item: Life Orb\n|\n|upkeep\n|inactive|Time left: 300 sec this turn | 300 sec total | 5 sec grace\n|\n|t:|1783559571\n|switch|p1a: Spiritomb|Spiritomb, L89, M|234/234\n|-damage|p1a: Spiritomb|205/234|[from] Stealth Rock\n|turn|19\n|inactive|Time left: 300 sec this turn | 300 sec total\n|\n|t:|1783559572\n|move|p2a: Greninja|U-turn|p1a: Spiritomb\n|-damage|p1a: Spiritomb|158/234\n|-damage|p2a: Greninja|71/100|[from] item: Life Orb\n|\n|t:|1783559573\n|switch|p2a: Groudon|Groudon, L72|84/100|[from] U-turn\n|-weather|SunnyDay|[from] ability: Drought|[of] p2a: Groudon\n|move|p1a: Spiritomb|Poltergeist|p2a: Groudon\n|-activate|p2a: Groudon|move: Poltergeist|Leftovers\n|-damage|p2a: Groudon|45/100\n|\n|-weather|SunnyDay|[upkeep]\n|-heal|p2a: Groudon|51/100|[from] item: Leftovers\n|-heal|p1a: Spiritomb|172/234|[from] item: Leftovers\n|upkeep\n|turn|20\n|inactive|Time left: 300 sec this turn | 300 sec total\n|\n|t:|1783559574\n|move|p2a: Groudon|Precipice Blades|p1a: Spiritomb\n|-damage|p1a: Spiritomb|69/234\n|move|p1a: Spiritomb|Foul Play|p2a: Groudon\n|-damage|p2a: Groudon|12/100\n|\n|-weather|SunnyDay|[upkeep]\n|-heal|p2a: Groudon|18/100|[from] item: Leftovers\n|-heal|p1a: Spiritomb|83/234|[from] item: Leftovers\n|upkeep\n|turn|21\n|inactive|Time left: 300 sec this turn | 300 sec total\n|\n|t:|1783559575\n|move|p1a: Spiritomb|Shadow Sneak|p2a: Groudon\n|-damage|p2a: Groudon|3/100\n|move|p2a: Groudon|Heat Crash|p1a: Spiritomb\n|-damage|p1a: Spiritomb|0 fnt\n|faint|p1a: Spiritomb\n|\n|-weather|SunnyDay|[upkeep]\n|-heal|p2a: Groudon|9/100|[from] item: Leftovers\n|upkeep\n|inactive|Time left: 300 sec this turn | 300 sec total | 5 sec grace\n|\n|t:|1783559576\n|switch|p1a: Metagross|Metagross, L79, tera:Ground|55/256\n|-damage|p1a: Metagross|39/256|[from] Stealth Rock\n|turn|22\n|inactive|Time left: 300 sec this turn | 300 sec total\n|\n|t:|1783559577\n|move|p2a: Groudon|Precipice Blades|p1a: Metagross\n|-damage|p1a: Metagross|0 fnt\n|faint|p1a: Metagross\n|\n|-weather|SunnyDay|[upkeep]\n|-heal|p2a: Groudon|15/100|[from] item: Leftovers\n|upkeep\n|inactive|Time left: 300 sec this turn | 300 sec total | 5 sec grace\n|\n|t:|1783559578\n|switch|p1a: Ampharos|Ampharos, L88, M|302/302\n|-damage|p1a: Ampharos|265/302|[from] Stealth Rock\n|turn|23\n|inactive|Time left: 300 sec this turn | 300 sec total\n|\n|t:|1783559579\n|move|p2a: Groudon|Precipice Blades|p1a: Ampharos\n|-supereffective|p1a: Ampharos\n|-damage|p1a: Ampharos|23/302\n|move|p1a: Ampharos|Dazzling Gleam|p2a: Groudon\n|-damage|p2a: Groudon|0 fnt\n|faint|p2a: Groudon\n|\n|-weather|none\n|upkeep\n|\n|t:|1783559579\n|switch|p2a: Hitmonchan|Hitmonchan, L87, M|100/100\n|turn|24\n|inactive|Time left: 300 sec this turn | 300 sec total\n|\n|t:|1783559580\n|switch|p1a: Coalossal|Coalossal, L89, M|341/341\n|-terastallize|p2a: Hitmonchan|Steel\n|move|p2a: Hitmonchan|Drain Punch|p1a: Coalossal\n|-supereffective|p1a: Coalossal\n|-damage|p1a: Coalossal|189/341\n|\n|upkeep\n|turn|25\n|inactive|Time left: 300 sec this turn | 300 sec total\n|\n|t:|1783559581\n|move|p2a: Hitmonchan|Drain Punch|p1a: Coalossal\n|-supereffective|p1a: Coalossal\n|-damage|p1a: Coalossal|25/341\n|move|p1a: Coalossal|Rapid Spin|p2a: Hitmonchan\n|-resisted|p2a: Hitmonchan\n|-damage|p2a: Hitmonchan|93/100\n|-boost|p1a: Coalossal|spe|1\n|-sideend|p1: p0x1687278d|Stealth Rock|[from] move: Rapid Spin|[of] p1a: Coalossal\n|\n|-heal|p2a: Hitmonchan|99/100|[from] item: Leftovers\n|upkeep\n|turn|26\n|inactive|Time left: 300 sec this turn | 300 sec total\n|\n|t:|1783559582\n|switch|p1a: Ampharos|Ampharos, L88, M|23/302\n|move|p2a: Hitmonchan|Drain Punch|p1a: Ampharos\n|-damage|p1a: Ampharos|0 fnt\n|-heal|p2a: Hitmonchan|100/100|[from] drain|[of] p1a: Ampharos\n|-status|p2a: Hitmonchan|par|[from] ability: Static|[of] p1a: Ampharos\n|faint|p1a: Ampharos\n|\n|upkeep\n|inactive|Time left: 300 sec this turn | 300 sec total | 5 sec grace\n|\n|t:|1783559583\n|switch|p1a: Coalossal|Coalossal, L89, M|25/341\n|turn|27\n|inactive|Time left: 300 sec this turn | 300 sec total\n|\n|t:|1783559583\n|switch|p2a: Greninja|Greninja, L80, M|71/100\n|move|p1a: Coalossal|Stone Edge|p2a: Greninja\n|-damage|p2a: Greninja|22/100\n|\n|upkeep\n|turn|28\n|inactive|Time left: 300 sec this turn | 300 sec total\n|\n|t:|1783559584\n|move|p2a: Greninja|U-turn|p1a: Coalossal\n|-start|p2a: Greninja|typechange|Bug|[from] ability: Protean\n|-resisted|p1a: Coalossal\n|-damage|p1a: Coalossal|0 fnt\n|faint|p1a: Coalossal\n|-damage|p2a: Greninja|13/100|[from] item: Life Orb\n|\n|win|p0y1687faf2", "uploadtime": 1783559584, "views": 0, "rating": 0, "private": 0, "password": null, "_winner": "p0y1687faf2", "_our_name": "p0x1687278d"}