{"id": "battle-gen9randombattle-614", "formatid": "gen9randombattle", "format": "[Gen 9] Random Battle", "players": ["p0x61413cd", "p0y614e3d0"], "log": "|init|battle\n|title|p0x61413cd vs. p0y614e3d0\n|j|\u2606p0x61413cd\n|j|\u2606p0y614e3d0\n|t:|1783546925\n|gametype|singles\n|player|p1|p0x61413cd|169|\n|player|p2|p0y614e3d0|102|\n|gen|9\n|tier|[Gen 9] Random Battle\n|rule|Species Clause: Limit one of each Pok\u00e9mon\n|rule|HP Percentage Mod: HP is shown in percentages\n|rule|Sleep Clause Mod: Limit one foe put to sleep\n|rule|Illusion Level Mod: Illusion disguises the Pok\u00e9mon's true level\n|\n|t:|1783546925\n|teamsize|p1|6\n|teamsize|p2|6\n|start\n|switch|p1a: Great Tusk|Great Tusk, L77|100/100\n|switch|p2a: Farigiraf|Farigiraf, L90, F|362/362\n|turn|1\n|inactive|Battle timer is ON: inactive players will automatically lose when time's up. (requested by p0y614e3d0)\n|\n|t:|1783546926\n|-end|p1a: Great Tusk|Protosynthesis|[silent]\n|switch|p1a: Regidrago|Regidrago, L77|100/100\n|move|p2a: Farigiraf|Psychic Noise|p1a: Regidrago\n|-damage|p1a: Regidrago|61/100\n|-start|p1a: Regidrago|move: Heal Block\n|\n|upkeep\n|turn|2\n|inactive|Time left: 300 sec this turn | 300 sec total\n|inactive|p0x61413cd also wants the timer to be on.\n|\n|t:|1783546928\n|move|p1a: Regidrago|Dragon Dance|p1a: Regidrago\n|-boost|p1a: Regidrago|atk|1\n|-boost|p1a: Regidrago|spe|1\n|move|p2a: Farigiraf|Body Slam|p1a: Regidrago\n|-damage|p1a: Regidrago|22/100\n|\n|-end|p1a: Regidrago|move: Heal Block\n|upkeep\n|turn|3\n|inactive|Time left: 300 sec this turn | 300 sec total\n|\n|t:|1783546929\n|move|p1a: Regidrago|Dragon Claw|p2a: Farigiraf\n|-damage|p2a: Farigiraf|128/362\n|-damage|p1a: Regidrago|12/100|[from] item: Life Orb\n|move|p2a: Farigiraf|Psychic Noise|p1a: Regidrago\n|-damage|p1a: Regidrago|0 fnt\n|faint|p1a: Regidrago\n|\n|-heal|p2a: Farigiraf|150/362|[from] item: Leftovers\n|upkeep\n|\n|t:|1783546930\n|switch|p1a: Klawf|Klawf, L90, M|100/100\n|turn|4\n|inactive|Time left: 300 sec this turn | 300 sec total\n|\n|t:|1783546931\n|move|p2a: Farigiraf|Protect|p2a: Farigiraf\n|-singleturn|p2a: Farigiraf|Protect\n|move|p1a: Klawf|Swords Dance|p1a: Klawf\n|-boost|p1a: Klawf|atk|2\n|\n|-heal|p2a: Farigiraf|172/362|[from] item: Leftovers\n|upkeep\n|turn|5\n|inactive|Time left: 300 sec this turn | 300 sec total\n|\n|t:|1783546932\n|switch|p2a: Dondozo|Dondozo, L78, F|362/362\n|move|p1a: Klawf|Stone Edge|p2a: Dondozo\n|-damage|p2a: Dondozo|245/362\n|\n|-heal|p2a: Dondozo|267/362|[from] item: Leftovers\n|upkeep\n|turn|6\n|inactive|Time left: 300 sec this turn | 300 sec total\n|\n|t:|1783546934\n|move|p1a: Klawf|Stone Edge|p2a: Dondozo\n|-crit|p2a: Dondozo\n|-damage|p2a: Dondozo|101/362\n|move|p2a: Dondozo|Wave Crash|p1a: Klawf\n|-supereffective|p1a: Klawf\n|-damage|p1a: Klawf|42/100\n|-damage|p2a: Dondozo|49/362|[from] Recoil\n|-ability|p1a: Klawf|Anger Shell|boost\n|-boost|p1a: Klawf|atk|1\n|-boost|p1a: Klawf|spa|1\n|-boost|p1a: Klawf|spe|1\n|-unboost|p1a: Klawf|def|1\n|-unboost|p1a: Klawf|spd|1\n|\n|-heal|p2a: Dondozo|71/362|[from] item: Leftovers\n|upkeep\n|turn|7\n|inactive|Time left: 300 sec this turn | 300 sec total\n|\n|t:|1783546935\n|move|p1a: Klawf|Stone Edge|p2a: Dondozo|[miss]\n|-miss|p1a: Klawf|p2a: Dondozo\n|move|p2a: Dondozo|Wave Crash|p1a: Klawf\n|-supereffective|p1a: Klawf\n|-damage|p1a: Klawf|0 fnt\n|faint|p1a: Klawf\n|-damage|p2a: Dondozo|33/362|[from] Recoil\n|\n|-heal|p2a: Dondozo|55/362|[from] item: Leftovers\n|upkeep\n|\n|t:|1783546936\n|switch|p1a: Great Tusk|Great Tusk, L77|100/100\n|turn|8\n|inactive|Time left: 300 sec this turn | 300 sec total\n|\n|t:|1783546938\n|move|p1a: Great Tusk|Earthquake|p2a: Dondozo\n|-damage|p2a: Dondozo|0 fnt\n|faint|p2a: Dondozo\n|\n|upkeep\n|inactive|Time left: 300 sec this turn | 300 sec total | 5 sec grace\n|\n|t:|1783546939\n|switch|p2a: Cinccino|Cinccino, L83, F|260/260\n|turn|9\n|inactive|Time left: 300 sec this turn | 300 sec total\n|\n|t:|1783546940\n|-terastallize|p2a: Cinccino|Ice\n|move|p2a: Cinccino|Triple Axel|p1a: Great Tusk\n|-supereffective|p1a: Great Tusk\n|-damage|p1a: Great Tusk|83/100\n|-supereffective|p1a: Great Tusk\n|-damage|p1a: Great Tusk|51/100\n|-supereffective|p1a: Great Tusk\n|-crit|p1a: Great Tusk\n|-damage|p1a: Great Tusk|0 fnt\n|faint|p1a: Great Tusk\n|-end|p1a: Great Tusk|Protosynthesis|[silent]\n|-hitcount|p1: Great Tusk|3\n|\n|upkeep\n|\n|t:|1783546941\n|switch|p1a: Garganacl|Garganacl, L80, F|100/100\n|turn|10\n|inactive|Time left: 300 sec this turn | 300 sec total\n|\n|t:|1783546942\n|switch|p2a: Farigiraf|Farigiraf, L90, F|172/362\n|move|p1a: Garganacl|Salt Cure|p2a: Farigiraf\n|-damage|p2a: Farigiraf|129/362\n|-start|p2a: Farigiraf|Salt Cure\n|\n|-heal|p2a: Farigiraf|151/362|[from] item: Leftovers\n|-damage|p2a: Farigiraf|106/362|[from] Salt Cure\n|upkeep\n|turn|11\n|inactive|Time left: 300 sec this turn | 300 sec total\n|\n|t:|1783546943\n|move|p2a: Farigiraf|Wish|p2a: Farigiraf\n|move|p1a: Garganacl|Stealth Rock|p2a: Farigiraf\n|-sidestart|p2: p0y614e3d0|move: Stealth Rock\n|\n|-heal|p2a: Farigiraf|128/362|[from] item: Leftovers\n|-damage|p2a: Farigiraf|83/362|[from] Salt Cure\n|upkeep\n|turn|12\n|inactive|Time left: 300 sec this turn | 300 sec total\n|\n|t:|1783546944\n|move|p2a: Farigiraf|Psychic Noise|p1a: Garganacl\n|-damage|p1a: Garganacl|66/100\n|-start|p1a: Garganacl|move: Heal Block\n|move|p1a: Garganacl|Salt Cure|p2a: Farigiraf\n|-damage|p2a: Farigiraf|38/362\n|\n|-heal|p2a: Farigiraf|219/362|[from] move: Wish|[wisher] Farigiraf\n|-heal|p2a: Farigiraf|241/362|[from] item: Leftovers\n|-damage|p2a: Farigiraf|196/362|[from] Salt Cure\n|upkeep\n|turn|13\n|inactive|Time left: 300 sec this turn | 300 sec total\n|\n|t:|1783546946\n|move|p2a: Farigiraf|Psychic Noise|p1a: Garganacl\n|-damage|p1a: Garganacl|31/100\n|move|p1a: Garganacl|Salt Cure|p2a: Farigiraf\n|-damage|p2a: Farigiraf|150/362\n|\n|-heal|p2a: Farigiraf|172/362|[from] item: Leftovers\n|-damage|p2a: Farigiraf|127/362|[from] Salt Cure\n|-end|p1a: Garganacl|move: Heal Block\n|upkeep\n|turn|14\n|inactive|Time left: 300 sec this turn | 300 sec total\n|\n|t:|1783546947\n|move|p2a: Farigiraf|Psychic Noise|p1a: Garganacl\n|-damage|p1a: Garganacl|0 fnt\n|faint|p1a: Garganacl\n|\n|-heal|p2a: Farigiraf|149/362|[from] item: Leftovers\n|-damage|p2a: Farigiraf|104/362|[from] Salt Cure\n|upkeep\n|\n|t:|1783546948\n|switch|p1a: Dragalge|Dragalge, L88, M|100/100\n|turn|15\n|inactive|Time left: 300 sec this turn | 300 sec total\n|\n|t:|1783546949\n|move|p2a: Farigiraf|Psychic Noise|p1a: Dragalge\n|-supereffective|p1a: Dragalge\n|-damage|p1a: Dragalge|58/100\n|-start|p1a: Dragalge|move: Heal Block\n|move|p1a: Dragalge|Sludge Wave|p2a: Farigiraf\n|-damage|p2a: Farigiraf|0 fnt\n|faint|p2a: Farigiraf\n|\n|upkeep\n|inactive|Time left: 300 sec this turn | 300 sec total | 5 sec grace\n|\n|t:|1783546950\n|switch|p2a: Cinccino|Cinccino, L83, F, tera:Ice|260/260\n|-damage|p2a: Cinccino|195/260|[from] Stealth Rock\n|turn|16\n|inactive|Time left: 300 sec this turn | 300 sec total\n|\n|t:|1783546951\n|move|p2a: Cinccino|Triple Axel|p1a: Dragalge\n|-supereffective|p1a: Dragalge\n|-damage|p1a: Dragalge|34/100\n|-supereffective|p1a: Dragalge\n|-damage|p1a: Dragalge|0 fnt\n|faint|p1a: Dragalge\n|-hitcount|p1: Dragalge|2\n|\n|upkeep\n|\n|t:|1783546952\n|switch|p1a: Deoxys|Deoxys, L74|100/100\n|-ability|p1a: Deoxys|Pressure\n|turn|17\n|inactive|Time left: 300 sec this turn | 300 sec total\n|\n|t:|1783546953\n|move|p1a: Deoxys|Superpower|p2a: Cinccino\n|-supereffective|p2a: Cinccino\n|-damage|p2a: Cinccino|0 fnt\n|-unboost|p1a: Deoxys|atk|1\n|-unboost|p1a: Deoxys|def|1\n|faint|p2a: Cinccino\n|-damage|p1a: Deoxys|91/100|[from] item: Life Orb\n|\n|upkeep\n|inactive|Time left: 300 sec this turn | 300 sec total | 5 sec grace\n|\n|t:|1783546954\n|switch|p2a: Sandy Shocks|Sandy Shocks, L80|267/267\n|turn|18\n|inactive|Time left: 300 sec this turn | 300 sec total\n|\n|t:|1783546955\n|move|p1a: Deoxys|Knock Off|p2a: Sandy Shocks\n|-damage|p2a: Sandy Shocks|198/267\n|-enditem|p2a: Sandy Shocks|Heavy-Duty Boots|[from] move: Knock Off|[of] p1a: Deoxys\n|-damage|p1a: Deoxys|81/100|[from] item: Life Orb\n|move|p2a: Sandy Shocks|Thunderbolt|p1a: Deoxys\n|-damage|p1a: Deoxys|0 fnt\n|faint|p1a: Deoxys\n|\n|win|p0y614e3d0", "uploadtime": 1783546955, "views": 0, "rating": 0, "private": 0, "password": null, "_winner": "p0y614e3d0", "_our_name": "p0y614e3d0"}