{"id": "battle-gen9randombattle-6", "formatid": "gen9randombattle", "format": "[Gen 9] Random Battle", "players": ["p0x006f9c2", "p0y0068cf2"], "log": "|init|battle\n|title|p0x006f9c2 vs. p0y0068cf2\n|j|\u2606p0x006f9c2\n|j|\u2606p0y0068cf2\n|t:|1783533893\n|gametype|singles\n|player|p1|p0x006f9c2|265|\n|player|p2|p0y0068cf2|170|\n|gen|9\n|tier|[Gen 9] Random Battle\n|rule|Species Clause: Limit one of each Pok\u00e9mon\n|rule|HP Percentage Mod: HP is shown in percentages\n|rule|Sleep Clause Mod: Limit one foe put to sleep\n|rule|Illusion Level Mod: Illusion disguises the Pok\u00e9mon's true level\n|\n|t:|1783533893\n|teamsize|p1|6\n|teamsize|p2|6\n|start\n|switch|p1a: Delibird|Delibird, F|252/252\n|switch|p2a: Mudsdale|Mudsdale, L83, F|100/100\n|turn|1\n|inactive|Battle timer is ON: inactive players will automatically lose when time's up. (requested by p0x006f9c2)\n|inactive|p0y0068cf2 also wants the timer to be on.\n|\n|t:|1783533894\n|switch|p1a: Palossand|Palossand, L89, F|296/296\n|move|p2a: Mudsdale|Stone Edge|p1a: Palossand\n|-resisted|p1a: Palossand\n|-damage|p1a: Palossand|262/296\n|\n|-heal|p1a: Palossand|280/296|[from] item: Leftovers\n|upkeep\n|turn|2\n|inactive|Time left: 300 sec this turn | 300 sec total\n|\n|t:|1783533895\n|move|p1a: Palossand|Stealth Rock|p2a: Mudsdale\n|-sidestart|p2: p0y0068cf2|move: Stealth Rock\n|move|p2a: Mudsdale|Earthquake|p1a: Palossand\n|-damage|p1a: Palossand|177/296\n|\n|-heal|p1a: Palossand|195/296|[from] item: Leftovers\n|upkeep\n|turn|3\n|inactive|Time left: 300 sec this turn | 300 sec total\n|\n|t:|1783533896\n|move|p1a: Palossand|Shore Up|p1a: Palossand\n|-heal|p1a: Palossand|296/296\n|move|p2a: Mudsdale|Earthquake|p1a: Palossand\n|-damage|p1a: Palossand|199/296\n|\n|-heal|p1a: Palossand|217/296|[from] item: Leftovers\n|upkeep\n|turn|4\n|inactive|Time left: 300 sec this turn | 300 sec total\n|\n|t:|1783533897\n|move|p1a: Palossand|Earth Power|p2a: Mudsdale\n|-damage|p2a: Mudsdale|61/100\n|-ability|p2a: Mudsdale|Stamina|boost\n|-boost|p2a: Mudsdale|def|1\n|move|p2a: Mudsdale|Earthquake|p1a: Palossand\n|-damage|p1a: Palossand|111/296\n|\n|-heal|p1a: Palossand|129/296|[from] item: Leftovers\n|-heal|p2a: Mudsdale|67/100|[from] item: Leftovers\n|upkeep\n|turn|5\n|inactive|Time left: 300 sec this turn | 300 sec total\n|\n|t:|1783533898\n|move|p1a: Palossand|Earth Power|p2a: Mudsdale\n|-damage|p2a: Mudsdale|33/100\n|-ability|p2a: Mudsdale|Stamina|boost\n|-boost|p2a: Mudsdale|def|1\n|move|p2a: Mudsdale|Earthquake|p1a: Palossand\n|-crit|p1a: Palossand\n|-damage|p1a: Palossand|0 fnt\n|faint|p1a: Palossand\n|\n|-heal|p2a: Mudsdale|39/100|[from] item: Leftovers\n|upkeep\n|inactive|Time left: 300 sec this turn | 300 sec total | 5 sec grace\n|\n|t:|1783533898\n|switch|p1a: Gastrodon|Gastrodon, L86, F|331/331\n|turn|6\n|inactive|Time left: 300 sec this turn | 300 sec total\n|\n|t:|1783533899\n|move|p1a: Gastrodon|Surf|p2a: Mudsdale\n|-supereffective|p2a: Mudsdale\n|-damage|p2a: Mudsdale|0 fnt\n|faint|p2a: Mudsdale\n|\n|upkeep\n|\n|t:|1783533900\n|switch|p2a: Necrozma|Necrozma-Dawn-Wings, L76|100/100\n|-damage|p2a: Necrozma|88/100|[from] Stealth Rock\n|turn|7\n|inactive|Time left: 300 sec this turn | 300 sec total\n|\n|t:|1783533901\n|move|p2a: Necrozma|Dragon Dance|p2a: Necrozma\n|-boost|p2a: Necrozma|atk|1\n|-boost|p2a: Necrozma|spe|1\n|move|p1a: Gastrodon|Earthquake|p2a: Necrozma\n|-damage|p2a: Necrozma|53/100\n|\n|upkeep\n|turn|8\n|inactive|Time left: 300 sec this turn | 300 sec total\n|\n|t:|1783533903\n|move|p2a: Necrozma|Photon Geyser|p1a: Gastrodon\n|-damage|p1a: Gastrodon|97/331\n|-damage|p2a: Necrozma|43/100|[from] item: Life Orb\n|move|p1a: Gastrodon|Earthquake|p2a: Necrozma\n|-damage|p2a: Necrozma|7/100\n|\n|-heal|p1a: Gastrodon|117/331|[from] item: Leftovers\n|upkeep\n|turn|9\n|inactive|Time left: 300 sec this turn | 300 sec total\n|\n|t:|1783533904\n|move|p2a: Necrozma|Photon Geyser|p1a: Gastrodon\n|-damage|p1a: Gastrodon|0 fnt\n|faint|p1a: Gastrodon\n|-damage|p2a: Necrozma|0 fnt|[from] item: Life Orb\n|faint|p2a: Necrozma\n|\n|upkeep\n|inactive|Time left: 300 sec this turn | 300 sec total | 5 sec grace\n|\n|t:|1783533905\n|switch|p2a: Reshiram|Reshiram, L76|100/100\n|switch|p1a: Zamazenta|Zamazenta, L71|248/248\n|-ability|p1a: Zamazenta|Dauntless Shield|boost\n|-boost|p1a: Zamazenta|def|1\n|-ability|p2a: Reshiram|Turboblaze\n|turn|10\n|inactive|Time left: 300 sec this turn | 300 sec total\n|\n|t:|1783533906\n|move|p1a: Zamazenta|Close Combat|p2a: Reshiram\n|-damage|p2a: Reshiram|43/100\n|-unboost|p1a: Zamazenta|def|1\n|-unboost|p1a: Zamazenta|spd|1\n|move|p2a: Reshiram|Blue Flare|p1a: Zamazenta\n|-damage|p1a: Zamazenta|28/248\n|\n|upkeep\n|turn|11\n|inactive|Time left: 300 sec this turn | 300 sec total\n|\n|t:|1783533907\n|switch|p2a: Sandaconda|Sandaconda, L84, F|100/100\n|-damage|p2a: Sandaconda|94/100|[from] Stealth Rock\n|move|p1a: Zamazenta|Close Combat|p2a: Sandaconda\n|-damage|p2a: Sandaconda|50/100\n|-unboost|p1a: Zamazenta|def|1\n|-unboost|p1a: Zamazenta|spd|1\n|\n|-heal|p2a: Sandaconda|56/100|[from] item: Leftovers\n|upkeep\n|turn|12\n|inactive|Time left: 300 sec this turn | 300 sec total\n|\n|t:|1783533908\n|move|p1a: Zamazenta|Close Combat|p2a: Sandaconda\n|-damage|p2a: Sandaconda|9/100\n|-unboost|p1a: Zamazenta|def|1\n|-unboost|p1a: Zamazenta|spd|1\n|move|p2a: Sandaconda|Rest|p2a: Sandaconda\n|-status|p2a: Sandaconda|slp|[from] move: Rest\n|-heal|p2a: Sandaconda|100/100 slp|[silent]\n|\n|upkeep\n|turn|13\n|inactive|Time left: 300 sec this turn | 300 sec total\n|\n|t:|1783533909\n|move|p1a: Zamazenta|Close Combat|p2a: Sandaconda\n|-damage|p2a: Sandaconda|56/100 slp\n|-unboost|p1a: Zamazenta|def|1\n|-unboost|p1a: Zamazenta|spd|1\n|cant|p2a: Sandaconda|slp\n|\n|-heal|p2a: Sandaconda|63/100 slp|[from] item: Leftovers\n|upkeep\n|turn|14\n|inactive|Time left: 300 sec this turn | 300 sec total\n|\n|t:|1783533910\n|move|p1a: Zamazenta|Close Combat|p2a: Sandaconda\n|-damage|p2a: Sandaconda|13/100 slp\n|-unboost|p1a: Zamazenta|def|1\n|-unboost|p1a: Zamazenta|spd|1\n|cant|p2a: Sandaconda|slp\n|\n|-heal|p2a: Sandaconda|19/100 slp|[from] item: Leftovers\n|upkeep\n|turn|15\n|inactive|Time left: 300 sec this turn | 300 sec total\n|\n|t:|1783533911\n|move|p1a: Zamazenta|Close Combat|p2a: Sandaconda\n|-damage|p2a: Sandaconda|0 fnt\n|-unboost|p1a: Zamazenta|def|1\n|-unboost|p1a: Zamazenta|spd|1\n|faint|p2a: Sandaconda\n|\n|upkeep\n|\n|t:|1783533912\n|switch|p2a: Iron Boulder|Iron Boulder, L77|100/100\n|-damage|p2a: Iron Boulder|88/100|[from] Stealth Rock\n|-enditem|p2a: Iron Boulder|Booster Energy\n|-activate|p2a: Iron Boulder|ability: Quark Drive|[fromitem]\n|-start|p2a: Iron Boulder|quarkdrivespe\n|turn|16\n|inactive|Time left: 300 sec this turn | 300 sec total\n|\n|t:|1783533913\n|move|p2a: Iron Boulder|Mighty Cleave|p1a: Zamazenta\n|-resisted|p1a: Zamazenta\n|-damage|p1a: Zamazenta|0 fnt\n|faint|p1a: Zamazenta\n|\n|upkeep\n|inactive|Time left: 300 sec this turn | 300 sec total | 5 sec grace\n|\n|t:|1783533914\n|switch|p1a: Amoonguss|Amoonguss, L82, F|321/321\n|turn|17\n|inactive|Time left: 300 sec this turn | 300 sec total\n|\n|t:|1783533915\n|move|p2a: Iron Boulder|Swords Dance|p2a: Iron Boulder\n|-boost|p2a: Iron Boulder|atk|2\n|move|p1a: Amoonguss|Spore|p2a: Iron Boulder\n|-status|p2a: Iron Boulder|slp|[from] move: Spore\n|\n|upkeep\n|turn|18\n|inactive|Time left: 300 sec this turn | 300 sec total\n|\n|t:|1783533916\n|cant|p2a: Iron Boulder|slp\n|move|p1a: Amoonguss|Stomping Tantrum|p2a: Iron Boulder\n|-supereffective|p2a: Iron Boulder\n|-damage|p2a: Iron Boulder|47/100 slp\n|\n|upkeep\n|turn|19\n|inactive|Time left: 300 sec this turn | 300 sec total\n|\n|t:|1783533917\n|cant|p2a: Iron Boulder|slp\n|move|p1a: Amoonguss|Giga Drain|p2a: Iron Boulder\n|-supereffective|p2a: Iron Boulder\n|-damage|p2a: Iron Boulder|3/100 slp\n|\n|upkeep\n|turn|20\n|inactive|Time left: 300 sec this turn | 300 sec total\n|\n|t:|1783533918\n|-curestatus|p2a: Iron Boulder|slp|[msg]\n|move|p2a: Iron Boulder|Zen Headbutt|p1a: Amoonguss|[miss]\n|-miss|p2a: Iron Boulder|p1a: Amoonguss\n|move|p1a: Amoonguss|Sludge Bomb|p2a: Iron Boulder\n|-resisted|p2a: Iron Boulder\n|-damage|p2a: Iron Boulder|0 fnt\n|faint|p2a: Iron Boulder\n|-end|p2a: Iron Boulder|Quark Drive|[silent]\n|\n|upkeep\n|\n|t:|1783533920\n|switch|p2a: Reshiram|Reshiram, L76|43/100\n|-ability|p2a: Reshiram|Turboblaze\n|turn|21\n|inactive|Time left: 300 sec this turn | 300 sec total\n|\n|t:|1783533921\n|switch|p1a: Latias|Latias, L79, F|256/256\n|move|p2a: Reshiram|Blue Flare|p1a: Latias\n|-resisted|p1a: Latias\n|-damage|p1a: Latias|197/256\n|\n|upkeep\n|turn|22\n|inactive|Time left: 300 sec this turn | 300 sec total\n|\n|t:|1783533922\n|move|p1a: Latias|Calm Mind|p1a: Latias\n|-boost|p1a: Latias|spa|1\n|-boost|p1a: Latias|spd|1\n|move|p2a: Reshiram|Dragon Tail|p1a: Latias\n|-supereffective|p1a: Latias\n|-damage|p1a: Latias|75/256\n|drag|p1a: Delibird|Delibird, F|252/252\n|\n|upkeep\n|turn|23\n|inactive|Time left: 300 sec this turn | 300 sec total\n|\n|t:|1783533923\n|move|p1a: Delibird|Brave Bird|p2a: Reshiram\n|-damage|p2a: Reshiram|0 fnt\n|faint|p2a: Reshiram\n|-damage|p1a: Delibird|213/252|[from] Recoil\n|\n|upkeep\n|\n|t:|1783533924\n|switch|p2a: Mienshao|Mienshao, L83, M|100/100\n|-damage|p2a: Mienshao|94/100|[from] Stealth Rock\n|turn|24\n|inactive|Time left: 300 sec this turn | 300 sec total\n|\n|t:|1783533925\n|move|p2a: Mienshao|Close Combat|p1a: Delibird\n|-damage|p1a: Delibird|0 fnt\n|-unboost|p2a: Mienshao|def|1\n|-unboost|p2a: Mienshao|spd|1\n|faint|p1a: Delibird\n|-damage|p2a: Mienshao|85/100|[from] item: Life Orb\n|\n|upkeep\n|inactive|Time left: 300 sec this turn | 300 sec total | 5 sec grace\n|\n|t:|1783533926\n|switch|p1a: Amoonguss|Amoonguss, L82, F|321/321\n|turn|25\n|inactive|Time left: 300 sec this turn | 300 sec total\n|\n|t:|1783533927\n|move|p2a: Mienshao|Swords Dance|p2a: Mienshao\n|-boost|p2a: Mienshao|atk|2\n|move|p1a: Amoonguss|Sludge Bomb|p2a: Mienshao\n|-damage|p2a: Mienshao|18/100\n|-status|p2a: Mienshao|psn\n|\n|-damage|p2a: Mienshao|5/100 psn|[from] psn\n|upkeep\n|turn|26\n|inactive|Time left: 300 sec this turn | 300 sec total\n|\n|t:|1783533928\n|-terastallize|p2a: Mienshao|Fighting\n|move|p2a: Mienshao|Close Combat|p1a: Amoonguss\n|-resisted|p1a: Amoonguss\n|-damage|p1a: Amoonguss|0 fnt\n|-unboost|p2a: Mienshao|def|1\n|-unboost|p2a: Mienshao|spd|1\n|-damage|p2a: Mienshao|0 fnt|[from] item: Rocky Helmet|[of] p1a: Amoonguss\n|faint|p1a: Amoonguss\n|faint|p2a: Mienshao\n|\n|win|p0x006f9c2", "uploadtime": 1783533928, "views": 0, "rating": 0, "private": 0, "password": null, "_winner": "p0x006f9c2", "_our_name": "p0x006f9c2"}