{"id": "battle-gen9randombattle-670", "formatid": "gen9randombattle", "format": "[Gen 9] Random Battle", "players": ["p0x670926b", "p0y6700ae0"], "log": "|init|battle\n|title|p0x670926b vs. p0y6700ae0\n|j|\u2606p0x670926b\n|j|\u2606p0y6700ae0\n|t:|1783546910\n|gametype|singles\n|player|p1|p0x670926b|101|\n|player|p2|p0y6700ae0|170|\n|gen|9\n|tier|[Gen 9] Random Battle\n|rule|Species Clause: Limit one of each Pok\u00e9mon\n|rule|HP Percentage Mod: HP is shown in percentages\n|rule|Sleep Clause Mod: Limit one foe put to sleep\n|rule|Illusion Level Mod: Illusion disguises the Pok\u00e9mon's true level\n|\n|t:|1783546910\n|teamsize|p1|6\n|teamsize|p2|6\n|start\n|switch|p1a: Bombirdier|Bombirdier, L85, M|258/258\n|switch|p2a: Kingambit|Kingambit, L74, M|100/100\n|turn|1\n|inactive|Battle timer is ON: inactive players will automatically lose when time's up. (requested by p0y6700ae0)\n|inactive|Time left: 300 sec this turn | 300 sec total | 60 sec grace\n|\n|t:|1783546911\n|move|p1a: Bombirdier|Knock Off|p2a: Kingambit\n|-resisted|p2a: Kingambit\n|-crit|p2a: Kingambit\n|-damage|p2a: Kingambit|73/100\n|-enditem|p2a: Kingambit|Leftovers|[from] move: Knock Off|[of] p1a: Bombirdier\n|move|p2a: Kingambit|Swords Dance|p2a: Kingambit\n|-boost|p2a: Kingambit|atk|2\n|\n|upkeep\n|turn|2\n|inactive|Time left: 300 sec this turn | 300 sec total\n|inactive|p0x670926b also wants the timer to be on.\n|\n|t:|1783546912\n|switch|p1a: Great Tusk|Great Tusk, L77|304/304\n|move|p2a: Kingambit|Kowtow Cleave|p1a: Great Tusk\n|-resisted|p1a: Great Tusk\n|-damage|p1a: Great Tusk|236/304\n|\n|upkeep\n|turn|3\n|inactive|Time left: 300 sec this turn | 300 sec total\n|\n|t:|1783546913\n|-end|p2a: Kingambit|fallenundefined|[silent]\n|switch|p2a: Dachsbun|Dachsbun, L92, F|100/100\n|move|p1a: Great Tusk|Close Combat|p2a: Dachsbun\n|-resisted|p2a: Dachsbun\n|-damage|p2a: Dachsbun|80/100\n|-unboost|p1a: Great Tusk|def|1\n|-unboost|p1a: Great Tusk|spd|1\n|\n|-heal|p2a: Dachsbun|86/100|[from] item: Leftovers\n|upkeep\n|turn|4\n|inactive|Time left: 300 sec this turn | 300 sec total\n|\n|t:|1783546914\n|-end|p1a: Great Tusk|Protosynthesis|[silent]\n|switch|p1a: Granbull|Granbull, L88, M|302/302\n|-ability|p1a: Granbull|Intimidate|boost\n|-unboost|p2a: Dachsbun|atk|1\n|move|p2a: Dachsbun|Play Rough|p1a: Granbull\n|-damage|p1a: Granbull|230/302\n|\n|-heal|p2a: Dachsbun|92/100|[from] item: Leftovers\n|-heal|p1a: Granbull|248/302|[from] item: Leftovers\n|upkeep\n|turn|5\n|inactive|Time left: 300 sec this turn | 300 sec total\n|\n|t:|1783546915\n|move|p2a: Dachsbun|Play Rough|p1a: Granbull\n|-damage|p1a: Granbull|184/302\n|move|p1a: Granbull|Play Rough|p2a: Dachsbun|[miss]\n|-miss|p1a: Granbull|p2a: Dachsbun\n|\n|-heal|p2a: Dachsbun|98/100|[from] item: Leftovers\n|-heal|p1a: Granbull|202/302|[from] item: Leftovers\n|upkeep\n|turn|6\n|inactive|Time left: 300 sec this turn | 300 sec total\n|\n|t:|1783546916\n|move|p2a: Dachsbun|Play Rough|p1a: Granbull\n|-damage|p1a: Granbull|133/302\n|move|p1a: Granbull|Play Rough|p2a: Dachsbun\n|-damage|p2a: Dachsbun|62/100\n|\n|-heal|p2a: Dachsbun|68/100|[from] item: Leftovers\n|-heal|p1a: Granbull|151/302|[from] item: Leftovers\n|upkeep\n|turn|7\n|inactive|Time left: 300 sec this turn | 300 sec total\n|\n|t:|1783546917\n|move|p2a: Dachsbun|Wish|p2a: Dachsbun\n|move|p1a: Granbull|Play Rough|p2a: Dachsbun\n|-damage|p2a: Dachsbun|35/100\n|\n|-heal|p2a: Dachsbun|41/100|[from] item: Leftovers\n|-heal|p1a: Granbull|169/302|[from] item: Leftovers\n|upkeep\n|turn|8\n|inactive|Time left: 300 sec this turn | 300 sec total\n|\n|t:|1783546918\n|move|p2a: Dachsbun|Play Rough|p1a: Granbull\n|-damage|p1a: Granbull|99/302\n|move|p1a: Granbull|Play Rough|p2a: Dachsbun\n|-damage|p2a: Dachsbun|2/100\n|\n|-heal|p2a: Dachsbun|52/100|[from] move: Wish|[wisher] Dachsbun\n|-heal|p2a: Dachsbun|58/100|[from] item: Leftovers\n|-heal|p1a: Granbull|117/302|[from] item: Leftovers\n|upkeep\n|turn|9\n|inactive|Time left: 300 sec this turn | 300 sec total\n|\n|t:|1783546919\n|switch|p2a: Whiscash|Whiscash, L88, F|100/100\n|move|p1a: Granbull|Play Rough|p2a: Whiscash\n|-damage|p2a: Whiscash|63/100\n|\n|-heal|p1a: Granbull|135/302|[from] item: Leftovers\n|upkeep\n|turn|10\n|inactive|Time left: 300 sec this turn | 300 sec total\n|\n|t:|1783546921\n|move|p2a: Whiscash|Earthquake|p1a: Granbull\n|-damage|p1a: Granbull|5/302\n|-damage|p2a: Whiscash|53/100|[from] item: Life Orb\n|move|p1a: Granbull|Earthquake|p2a: Whiscash\n|-damage|p2a: Whiscash|26/100\n|\n|-heal|p1a: Granbull|23/302|[from] item: Leftovers\n|upkeep\n|turn|11\n|inactive|Time left: 300 sec this turn | 300 sec total\n|\n|t:|1783546922\n|move|p2a: Whiscash|Earthquake|p1a: Granbull\n|-damage|p1a: Granbull|0 fnt\n|faint|p1a: Granbull\n|-damage|p2a: Whiscash|16/100|[from] item: Life Orb\n|\n|upkeep\n|inactive|Time left: 300 sec this turn | 300 sec total | 5 sec grace\n|\n|t:|1783546923\n|switch|p1a: Ogerpon|Ogerpon-Wellspring, L76, F|247/247\n|turn|12\n|inactive|Time left: 300 sec this turn | 300 sec total\n|\n|t:|1783546924\n|switch|p2a: Kingambit|Kingambit, L74, M|73/100\n|move|p1a: Ogerpon|Swords Dance|p1a: Ogerpon\n|-boost|p1a: Ogerpon|atk|2\n|\n|upkeep\n|turn|13\n|inactive|Time left: 300 sec this turn | 300 sec total\n|\n|t:|1783546925\n|move|p2a: Kingambit|Sucker Punch|p1a: Ogerpon\n|-damage|p1a: Ogerpon|159/247\n|move|p1a: Ogerpon|Ivy Cudgel|p2a: Kingambit|[anim] Ivy Cudgel Water\n|-damage|p2a: Kingambit|0 fnt\n|faint|p2a: Kingambit\n|-end|p2a: Kingambit|fallenundefined|[silent]\n|\n|upkeep\n|\n|t:|1783546926\n|switch|p2a: Ribombee|Ribombee, L83, F|100/100\n|turn|14\n|inactive|Time left: 300 sec this turn | 300 sec total\n|\n|t:|1783546927\n|-terastallize|p1a: Ogerpon|Water\n|detailschange|p1a: Ogerpon|Ogerpon-Wellspring-Tera, L76, F, tera:Water\n|-ability|p1a: Ogerpon|Embody Aspect (Wellspring)|boost\n|-boost|p1a: Ogerpon|spd|1\n|move|p2a: Ribombee|Bug Buzz|p1a: Ogerpon\n|-damage|p1a: Ogerpon|99/247\n|move|p1a: Ogerpon|Ivy Cudgel|p2a: Ribombee|[anim] Ivy Cudgel Water\n|-damage|p2a: Ribombee|0 fnt\n|faint|p2a: Ribombee\n|\n|upkeep\n|\n|t:|1783546928\n|switch|p2a: Dachsbun|Dachsbun, L92, F|58/100\n|turn|15\n|inactive|Time left: 300 sec this turn | 300 sec total\n|\n|t:|1783546929\n|move|p2a: Dachsbun|Play Rough|p1a: Ogerpon\n|-damage|p1a: Ogerpon|0 fnt\n|faint|p1a: Ogerpon\n|detailschange|p1: Ogerpon|Ogerpon-Wellspring, L76, F|[silent]\n|\n|-heal|p2a: Dachsbun|63/100|[from] item: Leftovers\n|upkeep\n|inactive|Time left: 300 sec this turn | 300 sec total | 5 sec grace\n|\n|t:|1783546930\n|switch|p1a: Spectrier|Spectrier, L75|274/274\n|turn|16\n|inactive|Time left: 300 sec this turn | 300 sec total\n|\n|t:|1783546931\n|move|p1a: Spectrier|Nasty Plot|p1a: Spectrier\n|-boost|p1a: Spectrier|spa|2\n|move|p2a: Dachsbun|Play Rough|p1a: Spectrier\n|-damage|p1a: Spectrier|132/274\n|\n|-heal|p2a: Dachsbun|69/100|[from] item: Leftovers\n|upkeep\n|turn|17\n|inactive|Time left: 300 sec this turn | 300 sec total\n|\n|t:|1783546932\n|move|p2a: Dachsbun|Protect|p2a: Dachsbun\n|-singleturn|p2a: Dachsbun|Protect\n|move|p1a: Spectrier|Shadow Ball|p2a: Dachsbun\n|-activate|p2a: Dachsbun|move: Protect\n|\n|-heal|p2a: Dachsbun|75/100|[from] item: Leftovers\n|upkeep\n|turn|18\n|inactive|Time left: 300 sec this turn | 300 sec total\n|\n|t:|1783546933\n|move|p1a: Spectrier|Shadow Ball|p2a: Dachsbun\n|-damage|p2a: Dachsbun|0 fnt\n|faint|p2a: Dachsbun\n|-ability|p1a: Spectrier|Grim Neigh|boost\n|-boost|p1a: Spectrier|spa|1\n|-damage|p1a: Spectrier|105/274|[from] item: Life Orb\n|\n|upkeep\n|\n|t:|1783546934\n|switch|p2a: Empoleon|Empoleon, L84, M|100/100\n|turn|19\n|inactive|Time left: 300 sec this turn | 300 sec total\n|\n|t:|1783546935\n|move|p1a: Spectrier|Shadow Ball|p2a: Empoleon\n|-damage|p2a: Empoleon|9/100\n|-damage|p1a: Spectrier|78/274|[from] item: Life Orb\n|move|p2a: Empoleon|Surf|p1a: Spectrier\n|-damage|p1a: Spectrier|0 fnt\n|faint|p1a: Spectrier\n|\n|-heal|p2a: Empoleon|15/100|[from] item: Leftovers\n|upkeep\n|inactive|Time left: 300 sec this turn | 300 sec total | 5 sec grace\n|\n|t:|1783546936\n|switch|p1a: Bombirdier|Bombirdier, L85, M|258/258\n|turn|20\n|inactive|Time left: 300 sec this turn | 300 sec total\n|\n|t:|1783546937\n|move|p1a: Bombirdier|Knock Off|p2a: Empoleon\n|-damage|p2a: Empoleon|0 fnt\n|-enditem|p2a: Empoleon|Leftovers|[from] move: Knock Off|[of] p1a: Bombirdier\n|faint|p2a: Empoleon\n|\n|upkeep\n|\n|t:|1783546939\n|switch|p2a: Chandelure|Chandelure, L83, F|100/100\n|turn|21\n|inactive|Time left: 300 sec this turn | 300 sec total\n|\n|t:|1783546940\n|-terastallize|p2a: Chandelure|Fire\n|move|p1a: Bombirdier|Knock Off|p2a: Chandelure\n|-damage|p2a: Chandelure|52/100\n|-enditem|p2a: Chandelure|Heavy-Duty Boots|[from] move: Knock Off|[of] p1a: Bombirdier\n|move|p2a: Chandelure|Will-O-Wisp|p1a: Bombirdier\n|-status|p1a: Bombirdier|brn\n|\n|-damage|p1a: Bombirdier|242/258 brn|[from] brn\n|upkeep\n|turn|22\n|inactive|Time left: 300 sec this turn | 300 sec total\n|\n|t:|1783546941\n|move|p1a: Bombirdier|Knock Off|p2a: Chandelure\n|-damage|p2a: Chandelure|35/100\n|move|p2a: Chandelure|Calm Mind|p2a: Chandelure\n|-boost|p2a: Chandelure|spa|1\n|-boost|p2a: Chandelure|spd|1\n|\n|-damage|p1a: Bombirdier|226/258 brn|[from] brn\n|upkeep\n|turn|23\n|inactive|Time left: 300 sec this turn | 300 sec total\n|\n|t:|1783546942\n|move|p1a: Bombirdier|Knock Off|p2a: Chandelure\n|-damage|p2a: Chandelure|19/100\n|move|p2a: Chandelure|Fire Blast|p1a: Bombirdier|[miss]\n|-miss|p2a: Chandelure|p1a: Bombirdier\n|\n|-damage|p1a: Bombirdier|210/258 brn|[from] brn\n|upkeep\n|turn|24\n|inactive|Time left: 300 sec this turn | 300 sec total\n|\n|t:|1783546943\n|move|p1a: Bombirdier|Knock Off|p2a: Chandelure\n|-damage|p2a: Chandelure|3/100\n|move|p2a: Chandelure|Calm Mind|p2a: Chandelure\n|-boost|p2a: Chandelure|spa|1\n|-boost|p2a: Chandelure|spd|1\n|\n|-damage|p1a: Bombirdier|194/258 brn|[from] brn\n|upkeep\n|turn|25\n|inactive|Time left: 300 sec this turn | 300 sec total\n|\n|t:|1783546944\n|switch|p2a: Whiscash|Whiscash, L88, F|16/100\n|move|p1a: Bombirdier|Knock Off|p2a: Whiscash\n|-damage|p2a: Whiscash|0 fnt\n|-enditem|p2a: Whiscash|Life Orb|[from] move: Knock Off|[of] p1a: Bombirdier\n|faint|p2a: Whiscash\n|\n|-damage|p1a: Bombirdier|178/258 brn|[from] brn\n|upkeep\n|\n|t:|1783546945\n|switch|p2a: Chandelure|Chandelure, L83, F, tera:Fire|3/100\n|turn|26\n|inactive|Time left: 300 sec this turn | 300 sec total\n|\n|t:|1783546945\n|move|p1a: Bombirdier|Knock Off|p2a: Chandelure\n|-damage|p2a: Chandelure|0 fnt\n|faint|p2a: Chandelure\n|\n|win|p0x670926b", "uploadtime": 1783546945, "views": 0, "rating": 0, "private": 0, "password": null, "_winner": "p0x670926b", "_our_name": "p0x670926b"}