{"id": "battle-gen9randombattle-1940", "formatid": "gen9randombattle", "format": "[Gen 9] Random Battle", "players": ["p0x19406475", "p0y194097ef"], "log": "|init|battle\n|title|p0x19406475 vs. p0y194097ef\n|j|\u2606p0x19406475\n|j|\u2606p0y194097ef\n|t:|1783561725\n|gametype|singles\n|player|p1|p0x19406475|169|\n|player|p2|p0y194097ef|170|\n|gen|9\n|tier|[Gen 9] Random Battle\n|rule|Species Clause: Limit one of each Pok\u00e9mon\n|rule|HP Percentage Mod: HP is shown in percentages\n|rule|Sleep Clause Mod: Limit one foe put to sleep\n|rule|Illusion Level Mod: Illusion disguises the Pok\u00e9mon's true level\n|\n|t:|1783561725\n|teamsize|p1|6\n|teamsize|p2|6\n|start\n|switch|p1a: Vileplume|Vileplume, L85, F|100/100\n|switch|p2a: Espeon|Espeon, L84, F|246/246\n|turn|1\n|inactive|Battle timer is ON: inactive players will automatically lose when time's up. (requested by p0y194097ef)\n|inactive|p0x19406475 also wants the timer to be on.\n|\n|t:|1783561726\n|switch|p1a: Probopass|Probopass, L91, M|100/100\n|move|p2a: Espeon|Psychic|p1a: Probopass\n|-resisted|p1a: Probopass\n|-damage|p1a: Probopass|81/100\n|\n|-heal|p1a: Probopass|87/100|[from] item: Leftovers\n|upkeep\n|turn|2\n|inactive|Time left: 300 sec this turn | 300 sec total\n|\n|t:|1783561727\n|move|p2a: Espeon|Psychic|p1a: Probopass\n|-resisted|p1a: Probopass\n|-damage|p1a: Probopass|67/100\n|move|p1a: Probopass|Power Gem|p2a: Espeon\n|-damage|p2a: Espeon|174/246\n|\n|-heal|p1a: Probopass|73/100|[from] item: Leftovers\n|upkeep\n|turn|3\n|inactive|Time left: 300 sec this turn | 300 sec total\n|\n|t:|1783561728\n|move|p2a: Espeon|Psychic|p1a: Probopass\n|-resisted|p1a: Probopass\n|-damage|p1a: Probopass|53/100\n|move|p1a: Probopass|Power Gem|p2a: Espeon\n|-damage|p2a: Espeon|90/246\n|\n|-heal|p1a: Probopass|59/100|[from] item: Leftovers\n|upkeep\n|turn|4\n|inactive|Time left: 300 sec this turn | 300 sec total\n|\n|t:|1783561729\n|move|p2a: Espeon|Psychic|p1a: Probopass\n|-resisted|p1a: Probopass\n|-damage|p1a: Probopass|38/100\n|move|p1a: Probopass|Iron Defense|p1a: Probopass\n|-boost|p1a: Probopass|def|2\n|\n|-heal|p1a: Probopass|44/100|[from] item: Leftovers\n|upkeep\n|turn|5\n|inactive|Time left: 300 sec this turn | 300 sec total\n|\n|t:|1783561729\n|move|p2a: Espeon|Psychic|p1a: Probopass\n|-resisted|p1a: Probopass\n|-damage|p1a: Probopass|22/100\n|move|p1a: Probopass|Body Press|p2a: Espeon\n|-resisted|p2a: Espeon\n|-damage|p2a: Espeon|0 fnt\n|faint|p2a: Espeon\n|\n|-heal|p1a: Probopass|29/100|[from] item: Leftovers\n|upkeep\n|inactive|Time left: 300 sec this turn | 300 sec total | 5 sec grace\n|\n|t:|1783561730\n|switch|p2a: Magmortar|Magmortar, L88, F|275/275\n|turn|6\n|inactive|Time left: 300 sec this turn | 300 sec total\n|\n|t:|1783561731\n|switch|p1a: Manaphy|Manaphy, L78|100/100\n|move|p2a: Magmortar|Fire Blast|p1a: Manaphy\n|-resisted|p1a: Manaphy\n|-damage|p1a: Manaphy|73/100\n|-status|p1a: Manaphy|brn\n|\n|-heal|p1a: Manaphy|79/100 brn|[from] item: Leftovers\n|-damage|p1a: Manaphy|73/100 brn|[from] brn\n|upkeep\n|turn|7\n|inactive|Time left: 300 sec this turn | 300 sec total\n|\n|t:|1783561732\n|move|p1a: Manaphy|Surf|p2a: Magmortar\n|-supereffective|p2a: Magmortar\n|-damage|p2a: Magmortar|117/275\n|move|p2a: Magmortar|Fire Blast|p1a: Manaphy\n|-resisted|p1a: Manaphy\n|-damage|p1a: Manaphy|46/100 brn\n|\n|-heal|p1a: Manaphy|52/100 brn|[from] item: Leftovers\n|-damage|p1a: Manaphy|46/100 brn|[from] brn\n|upkeep\n|turn|8\n|inactive|Time left: 300 sec this turn | 300 sec total\n|\n|t:|1783561733\n|move|p1a: Manaphy|Surf|p2a: Magmortar\n|-supereffective|p2a: Magmortar\n|-damage|p2a: Magmortar|0 fnt\n|faint|p2a: Magmortar\n|\n|-heal|p1a: Manaphy|52/100 brn|[from] item: Leftovers\n|-damage|p1a: Manaphy|46/100 brn|[from] brn\n|upkeep\n|inactive|Time left: 300 sec this turn | 300 sec total | 5 sec grace\n|\n|t:|1783561734\n|switch|p2a: Iron Bundle|Iron Bundle, L78|215/215\n|turn|9\n|inactive|Time left: 300 sec this turn | 300 sec total\n|\n|t:|1783561735\n|move|p2a: Iron Bundle|Freeze-Dry|p1a: Manaphy\n|-supereffective|p1a: Manaphy\n|-damage|p1a: Manaphy|0 fnt\n|faint|p1a: Manaphy\n|\n|upkeep\n|\n|t:|1783561736\n|switch|p1a: Okidogi|Okidogi, L77, M|100/100\n|turn|10\n|inactive|Time left: 300 sec this turn | 300 sec total\n|\n|t:|1783561737\n|move|p2a: Iron Bundle|Freeze-Dry|p1a: Okidogi\n|-damage|p1a: Okidogi|66/100\n|move|p1a: Okidogi|Drain Punch|p2a: Iron Bundle\n|-supereffective|p2a: Iron Bundle\n|-damage|p2a: Iron Bundle|63/215\n|-heal|p1a: Okidogi|95/100|[from] drain|[of] p2a: Iron Bundle\n|\n|upkeep\n|turn|11\n|inactive|Time left: 300 sec this turn | 300 sec total\n|\n|t:|1783561738\n|move|p2a: Iron Bundle|Freeze-Dry|p1a: Okidogi\n|-damage|p1a: Okidogi|63/100\n|move|p1a: Okidogi|Knock Off|p2a: Iron Bundle\n|-damage|p2a: Iron Bundle|0 fnt\n|-enditem|p2a: Iron Bundle|Choice Specs|[from] move: Knock Off|[of] p1a: Okidogi\n|faint|p2a: Iron Bundle\n|-end|p2a: Iron Bundle|Quark Drive|[silent]\n|\n|upkeep\n|inactive|Time left: 300 sec this turn | 300 sec total | 5 sec grace\n|\n|t:|1783561739\n|switch|p2a: Vivillon|Vivillon-Continental, L83, M|268/268\n|turn|12\n|inactive|Time left: 300 sec this turn | 300 sec total\n|\n|t:|1783561740\n|move|p2a: Vivillon|Quiver Dance|p2a: Vivillon\n|-boost|p2a: Vivillon|spa|1\n|-boost|p2a: Vivillon|spd|1\n|-boost|p2a: Vivillon|spe|1\n|move|p1a: Okidogi|Gunk Shot|p2a: Vivillon\n|-damage|p2a: Vivillon|63/268\n|\n|upkeep\n|turn|13\n|inactive|Time left: 300 sec this turn | 300 sec total\n|\n|t:|1783561741\n|switch|p1a: Probopass|Probopass, L91, M|29/100\n|move|p2a: Vivillon|Sleep Powder|p1a: Probopass\n|-status|p1a: Probopass|slp|[from] move: Sleep Powder\n|\n|-heal|p1a: Probopass|35/100 slp|[from] item: Leftovers\n|upkeep\n|turn|14\n|inactive|Time left: 300 sec this turn | 300 sec total\n|\n|t:|1783561742\n|move|p2a: Vivillon|Hurricane|p1a: Probopass\n|-resisted|p1a: Probopass\n|-damage|p1a: Probopass|26/100 slp\n|-start|p1a: Probopass|confusion\n|cant|p1a: Probopass|slp\n|\n|-heal|p1a: Probopass|32/100 slp|[from] item: Leftovers\n|upkeep\n|turn|15\n|inactive|Time left: 300 sec this turn | 300 sec total\n|\n|t:|1783561743\n|move|p2a: Vivillon|Quiver Dance|p2a: Vivillon\n|-boost|p2a: Vivillon|spa|1\n|-boost|p2a: Vivillon|spd|1\n|-boost|p2a: Vivillon|spe|1\n|cant|p1a: Probopass|slp\n|\n|-heal|p1a: Probopass|38/100 slp|[from] item: Leftovers\n|upkeep\n|turn|16\n|inactive|Time left: 300 sec this turn | 300 sec total\n|\n|t:|1783561744\n|move|p2a: Vivillon|Bug Buzz|p1a: Probopass\n|-resisted|p1a: Probopass\n|-damage|p1a: Probopass|18/100 slp\n|-curestatus|p1a: Probopass|slp|[msg]\n|-activate|p1a: Probopass|confusion\n|move|p1a: Probopass|Power Gem|p2a: Vivillon\n|-supereffective|p2a: Vivillon\n|-damage|p2a: Vivillon|0 fnt\n|faint|p2a: Vivillon\n|\n|-heal|p1a: Probopass|24/100|[from] item: Leftovers\n|upkeep\n|inactive|Time left: 300 sec this turn | 300 sec total | 5 sec grace\n|\n|t:|1783561745\n|switch|p2a: Muk|Muk-Alola, L82, M|306/306\n|turn|17\n|inactive|Time left: 300 sec this turn | 300 sec total\n|\n|t:|1783561746\n|switch|p1a: Vileplume|Vileplume, L85, F|100/100\n|move|p2a: Muk|Knock Off|p1a: Vileplume\n|-damage|p1a: Vileplume|63/100\n|-enditem|p1a: Vileplume|Leftovers|[from] move: Knock Off|[of] p2a: Muk\n|\n|upkeep\n|turn|18\n|inactive|Time left: 300 sec this turn | 300 sec total\n|\n|t:|1783561747\n|move|p1a: Vileplume|Strength Sap|p2a: Muk\n|-unboost|p2a: Muk|atk|1\n|-heal|p1a: Vileplume|100/100\n|move|p2a: Muk|Ice Punch|p1a: Vileplume\n|-supereffective|p1a: Vileplume\n|-damage|p1a: Vileplume|72/100\n|\n|upkeep\n|turn|19\n|inactive|Time left: 300 sec this turn | 300 sec total\n|\n|t:|1783561748\n|switch|p2a: Sceptile|Sceptile, L87, M|264/264\n|move|p1a: Vileplume|Strength Sap|p2a: Sceptile\n|-unboost|p2a: Sceptile|atk|1\n|-heal|p1a: Vileplume|100/100\n|\n|upkeep\n|turn|20\n|inactive|Time left: 300 sec this turn | 300 sec total\n|\n|t:|1783561749\n|switch|p2a: Muk|Muk-Alola, L82, M|306/306\n|move|p1a: Vileplume|Sludge Bomb|p2a: Muk\n|-resisted|p2a: Muk\n|-damage|p2a: Muk|270/306\n|\n|upkeep\n|turn|21\n|inactive|Time left: 300 sec this turn | 300 sec total\n|\n|t:|1783561750\n|move|p1a: Vileplume|Sleep Powder|p2a: Muk\n|-status|p2a: Muk|slp|[from] move: Sleep Powder\n|cant|p2a: Muk|slp\n|\n|upkeep\n|turn|22\n|inactive|Time left: 300 sec this turn | 300 sec total\n|\n|t:|1783561751\n|move|p1a: Vileplume|Strength Sap|p2a: Muk\n|-unboost|p2a: Muk|atk|1\n|-curestatus|p2a: Muk|slp|[msg]\n|move|p2a: Muk|Drain Punch|p1a: Vileplume\n|-resisted|p1a: Vileplume\n|-damage|p1a: Vileplume|93/100\n|-heal|p2a: Muk|280/306|[from] drain|[of] p1a: Vileplume\n|\n|upkeep\n|turn|23\n|inactive|Time left: 300 sec this turn | 300 sec total\n|\n|t:|1783561752\n|move|p1a: Vileplume|Strength Sap|p2a: Muk\n|-unboost|p2a: Muk|atk|1\n|-heal|p1a: Vileplume|100/100\n|move|p2a: Muk|Poison Jab|p1a: Vileplume\n|-damage|p1a: Vileplume|82/100\n|\n|upkeep\n|turn|24\n|inactive|Time left: 300 sec this turn | 300 sec total\n|\n|t:|1783561754\n|switch|p2a: Sceptile|Sceptile, L87, M|264/264\n|move|p1a: Vileplume|Sludge Bomb|p2a: Sceptile\n|-supereffective|p2a: Sceptile\n|-damage|p2a: Sceptile|64/264\n|\n|-heal|p2a: Sceptile|80/264|[from] item: Leftovers\n|upkeep\n|turn|25\n|inactive|Time left: 300 sec this turn | 300 sec total\n|\n|t:|1783561755\n|move|p2a: Sceptile|Substitute|p2a: Sceptile\n|-start|p2a: Sceptile|Substitute\n|-damage|p2a: Sceptile|14/264\n|move|p1a: Vileplume|Sludge Bomb|p2a: Sceptile\n|-supereffective|p2a: Sceptile\n|-end|p2a: Sceptile|Substitute\n|\n|-heal|p2a: Sceptile|30/264|[from] item: Leftovers\n|upkeep\n|turn|26\n|inactive|Time left: 300 sec this turn | 300 sec total\n|\n|t:|1783561756\n|move|p2a: Sceptile|Giga Drain|p1a: Vileplume\n|-resisted|p1a: Vileplume\n|-crit|p1a: Vileplume\n|-damage|p1a: Vileplume|64/100\n|-heal|p2a: Sceptile|54/264|[from] drain|[of] p1a: Vileplume\n|move|p1a: Vileplume|Giga Drain|p2a: Sceptile\n|-resisted|p2a: Sceptile\n|-damage|p2a: Sceptile|8/264\n|-heal|p1a: Vileplume|73/100|[from] drain|[of] p2a: Sceptile\n|\n|-heal|p2a: Sceptile|24/264|[from] item: Leftovers\n|upkeep\n|turn|27\n|inactive|Time left: 300 sec this turn | 300 sec total\n|\n|t:|1783561757\n|move|p2a: Sceptile|Focus Blast|p1a: Vileplume\n|-resisted|p1a: Vileplume\n|-damage|p1a: Vileplume|57/100\n|-unboost|p1a: Vileplume|spd|1\n|move|p1a: Vileplume|Giga Drain|p2a: Sceptile\n|-resisted|p2a: Sceptile\n|-damage|p2a: Sceptile|0 fnt\n|-heal|p1a: Vileplume|61/100|[from] drain|[of] p2a: Sceptile\n|faint|p2a: Sceptile\n|\n|upkeep\n|inactive|Time left: 300 sec this turn | 300 sec total | 5 sec grace\n|\n|t:|1783561757\n|switch|p2a: Muk|Muk-Alola, L82, M|280/306\n|turn|28\n|inactive|Time left: 300 sec this turn | 300 sec total\n|\n|t:|1783561759\n|move|p1a: Vileplume|Strength Sap|p2a: Muk\n|-unboost|p2a: Muk|atk|1\n|-heal|p1a: Vileplume|100/100\n|move|p2a: Muk|Drain Punch|p1a: Vileplume\n|-resisted|p1a: Vileplume\n|-damage|p1a: Vileplume|93/100\n|-heal|p2a: Muk|290/306|[from] drain|[of] p1a: Vileplume\n|-status|p2a: Muk|slp|[from] ability: Effect Spore|[of] p1a: Vileplume\n|\n|upkeep\n|turn|29\n|inactive|Time left: 300 sec this turn | 300 sec total\n|\n|t:|1783561759\n|move|p1a: Vileplume|Strength Sap|p2a: Muk\n|-unboost|p2a: Muk|atk|1\n|-heal|p1a: Vileplume|100/100\n|cant|p2a: Muk|slp\n|\n|upkeep\n|turn|30\n|inactive|Time left: 300 sec this turn | 300 sec total\n|\n|t:|1783561760\n|move|p1a: Vileplume|Sludge Bomb|p2a: Muk\n|-resisted|p2a: Muk\n|-damage|p2a: Muk|258/306 slp\n|cant|p2a: Muk|slp\n|\n|upkeep\n|turn|31\n|inactive|Time left: 300 sec this turn | 300 sec total\n|\n|t:|1783561761\n|move|p1a: Vileplume|Giga Drain|p2a: Muk\n|-resisted|p2a: Muk\n|-damage|p2a: Muk|231/306 slp\n|cant|p2a: Muk|slp\n|\n|upkeep\n|turn|32\n|inactive|Time left: 300 sec this turn | 300 sec total\n|\n|t:|1783561763\n|move|p1a: Vileplume|Strength Sap|p2a: Muk\n|-unboost|p2a: Muk|atk|1\n|-curestatus|p2a: Muk|slp|[msg]\n|move|p2a: Muk|Knock Off|p1a: Vileplume\n|-damage|p1a: Vileplume|90/100\n|\n|upkeep\n|turn|33\n|inactive|Time left: 300 sec this turn | 300 sec total\n|\n|t:|1783561764\n|switch|p1a: Okidogi|Okidogi, L77, M|63/100\n|move|p2a: Muk|Ice Punch|p1a: Okidogi\n|-damage|p1a: Okidogi|56/100\n|\n|upkeep\n|turn|34\n|inactive|Time left: 300 sec this turn | 300 sec total\n|\n|t:|1783561764\n|move|p1a: Okidogi|High Horsepower|p2a: Muk\n|-supereffective|p2a: Muk\n|-damage|p2a: Muk|81/306\n|move|p2a: Muk|Drain Punch|p1a: Okidogi\n|-resisted|p1a: Okidogi\n|-damage|p1a: Okidogi|52/100\n|-heal|p2a: Muk|86/306|[from] drain|[of] p1a: Okidogi\n|\n|upkeep\n|turn|35\n|inactive|Time left: 300 sec this turn | 300 sec total\n|\n|t:|1783561765\n|-terastallize|p1a: Okidogi|Dark\n|-terastallize|p2a: Muk|Fighting\n|move|p1a: Okidogi|Drain Punch|p2a: Muk\n|-damage|p2a: Muk|0 fnt\n|-heal|p1a: Okidogi|69/100|[from] drain|[of] p2a: Muk\n|faint|p2a: Muk\n|\n|win|p0x19406475", "uploadtime": 1783561765, "views": 0, "rating": 0, "private": 0, "password": null, "_winner": "p0x19406475", "_our_name": "p0y194097ef"}