{"id": "battle-gen9randombattle-1721", "formatid": "gen9randombattle", "format": "[Gen 9] Random Battle", "players": ["p0x1721ad28", "p0y1721929c"], "log": "|init|battle\n|title|p0x1721ad28 vs. p0y1721929c\n|j|\u2606p0x1721ad28\n|j|\u2606p0y1721929c\n|t:|1783559115\n|gametype|singles\n|player|p1|p0x1721ad28|170|\n|player|p2|p0y1721929c|101|\n|gen|9\n|tier|[Gen 9] Random Battle\n|rule|Species Clause: Limit one of each Pok\u00e9mon\n|rule|HP Percentage Mod: HP is shown in percentages\n|rule|Sleep Clause Mod: Limit one foe put to sleep\n|rule|Illusion Level Mod: Illusion disguises the Pok\u00e9mon's true level\n|\n|t:|1783559115\n|teamsize|p1|6\n|teamsize|p2|6\n|start\n|switch|p1a: Dusknoir|Dusknoir, L89, M|100/100\n|switch|p2a: Tinkaton|Tinkaton, L82, F|274/274\n|-ability|p2a: Tinkaton|Mold Breaker\n|-item|p2a: Tinkaton|Leftovers|[from] ability: Frisk|[of] p1a: Dusknoir\n|turn|1\n|inactive|Battle timer is ON: inactive players will automatically lose when time's up. (requested by p0x1721ad28)\n|inactive|Time left: 300 sec this turn | 300 sec total | 60 sec grace\n|inactive|p0y1721929c also wants the timer to be on.\n|\n|t:|1783559117\n|move|p2a: Tinkaton|Thunder Wave|p1a: Dusknoir\n|-status|p1a: Dusknoir|par\n|move|p1a: Dusknoir|Poltergeist|p2a: Tinkaton|[miss]\n|-miss|p1a: Dusknoir|p2a: Tinkaton\n|\n|upkeep\n|turn|2\n|inactive|Time left: 300 sec this turn | 300 sec total\n|\n|t:|1783559118\n|move|p2a: Tinkaton|Gigaton Hammer|p1a: Dusknoir\n|-damage|p1a: Dusknoir|64/100 par\n|move|p1a: Dusknoir|Poltergeist|p2a: Tinkaton|[miss]\n|-miss|p1a: Dusknoir|p2a: Tinkaton\n|\n|upkeep\n|turn|3\n|inactive|Time left: 300 sec this turn | 300 sec total\n|\n|t:|1783559119\n|switch|p2a: Zangoose|Zangoose, L85, F|263/263\n|cant|p1a: Dusknoir|par\n|\n|-status|p2a: Zangoose|tox|[from] item: Toxic Orb\n|upkeep\n|turn|4\n|inactive|Time left: 300 sec this turn | 300 sec total\n|\n|t:|1783559120\n|move|p2a: Zangoose|Knock Off|p1a: Dusknoir\n|-supereffective|p1a: Dusknoir\n|-damage|p1a: Dusknoir|0 fnt\n|-enditem|p1a: Dusknoir|Choice Band|[from] move: Knock Off|[of] p2a: Zangoose\n|faint|p1a: Dusknoir\n|\n|-damage|p2a: Zangoose|247/263 tox|[from] psn\n|upkeep\n|\n|t:|1783559121\n|switch|p1a: Oricorio|Oricorio-Sensu, L85, M|100/100\n|turn|5\n|inactive|Time left: 300 sec this turn | 300 sec total\n|\n|t:|1783559122\n|-terastallize|p1a: Oricorio|Fighting\n|move|p1a: Oricorio|Revelation Dance|p2a: Zangoose\n|-supereffective|p2a: Zangoose\n|-damage|p2a: Zangoose|0 fnt\n|faint|p2a: Zangoose\n|\n|upkeep\n|inactive|Time left: 300 sec this turn | 300 sec total | 5 sec grace\n|\n|t:|1783559123\n|switch|p2a: Mesprit|Mesprit, L85|275/275\n|turn|6\n|inactive|Time left: 300 sec this turn | 300 sec total\n|\n|t:|1783559124\n|move|p1a: Oricorio|Quiver Dance|p1a: Oricorio\n|-boost|p1a: Oricorio|spa|1\n|-boost|p1a: Oricorio|spd|1\n|-boost|p1a: Oricorio|spe|1\n|move|p2a: Mesprit|Psychic Noise|p1a: Oricorio\n|-supereffective|p1a: Oricorio\n|-damage|p1a: Oricorio|46/100\n|-start|p1a: Oricorio|move: Heal Block\n|\n|upkeep\n|turn|7\n|inactive|Time left: 300 sec this turn | 300 sec total\n|\n|t:|1783559126\n|move|p1a: Oricorio|Quiver Dance|p1a: Oricorio\n|-boost|p1a: Oricorio|spa|1\n|-boost|p1a: Oricorio|spd|1\n|-boost|p1a: Oricorio|spe|1\n|move|p2a: Mesprit|Psychic Noise|p1a: Oricorio\n|-supereffective|p1a: Oricorio\n|-damage|p1a: Oricorio|8/100\n|\n|-end|p1a: Oricorio|move: Heal Block\n|upkeep\n|turn|8\n|inactive|Time left: 300 sec this turn | 300 sec total\n|\n|t:|1783559127\n|move|p1a: Oricorio|Roost|p1a: Oricorio\n|-heal|p1a: Oricorio|58/100\n|move|p2a: Mesprit|Psychic Noise|p1a: Oricorio\n|-supereffective|p1a: Oricorio\n|-damage|p1a: Oricorio|17/100\n|-start|p1a: Oricorio|move: Heal Block\n|\n|upkeep\n|turn|9\n|inactive|Time left: 300 sec this turn | 300 sec total\n|\n|t:|1783559128\n|move|p1a: Oricorio|Hurricane|p2a: Mesprit\n|-damage|p2a: Mesprit|68/275\n|move|p2a: Mesprit|Drain Punch|p1a: Oricorio\n|-damage|p1a: Oricorio|0 fnt\n|-heal|p2a: Mesprit|91/275|[from] drain|[of] p1a: Oricorio\n|faint|p1a: Oricorio\n|\n|-heal|p2a: Mesprit|108/275|[from] item: Leftovers\n|upkeep\n|\n|t:|1783559129\n|switch|p1a: Cinccino|Cinccino, L83, F|100/100\n|turn|10\n|inactive|Time left: 300 sec this turn | 300 sec total\n|\n|t:|1783559131\n|switch|p2a: Tinkaton|Tinkaton, L82, F|274/274\n|-ability|p2a: Tinkaton|Mold Breaker\n|move|p1a: Cinccino|Tail Slap|p2a: Tinkaton|[miss]\n|-miss|p1a: Cinccino|p2a: Tinkaton\n|\n|upkeep\n|turn|11\n|inactive|Time left: 300 sec this turn | 300 sec total\n|\n|t:|1783559132\n|move|p1a: Cinccino|Tidy Up|p1a: Cinccino\n|-boost|p1a: Cinccino|atk|1\n|-boost|p1a: Cinccino|spe|1\n|move|p2a: Tinkaton|Gigaton Hammer|p1a: Cinccino\n|-damage|p1a: Cinccino|35/100\n|\n|upkeep\n|turn|12\n|inactive|Time left: 300 sec this turn | 300 sec total\n|\n|t:|1783559133\n|move|p1a: Cinccino|Tail Slap|p2a: Tinkaton\n|-resisted|p2a: Tinkaton\n|-damage|p2a: Tinkaton|244/274\n|-resisted|p2a: Tinkaton\n|-damage|p2a: Tinkaton|211/274\n|-resisted|p2a: Tinkaton\n|-damage|p2a: Tinkaton|177/274\n|-resisted|p2a: Tinkaton\n|-damage|p2a: Tinkaton|143/274\n|-resisted|p2a: Tinkaton\n|-damage|p2a: Tinkaton|113/274\n|-hitcount|p2a: Tinkaton|5\n|move|p2a: Tinkaton|Play Rough|p1a: Cinccino\n|-damage|p1a: Cinccino|0 fnt\n|faint|p1a: Cinccino\n|\n|-heal|p2a: Tinkaton|130/274|[from] item: Leftovers\n|upkeep\n|\n|t:|1783559134\n|switch|p1a: Glalie|Glalie, L96, F|100/100\n|turn|13\n|inactive|Time left: 300 sec this turn | 300 sec total\n|\n|t:|1783559135\n|move|p1a: Glalie|Earthquake|p2a: Tinkaton\n|-supereffective|p2a: Tinkaton\n|-damage|p2a: Tinkaton|0 fnt\n|faint|p2a: Tinkaton\n|\n|upkeep\n|inactive|Time left: 300 sec this turn | 300 sec total | 5 sec grace\n|\n|t:|1783559136\n|switch|p2a: Mesprit|Mesprit, L85|108/275\n|turn|14\n|inactive|Time left: 300 sec this turn | 300 sec total\n|\n|t:|1783559137\n|move|p1a: Glalie|Freeze-Dry|p2a: Mesprit\n|-damage|p2a: Mesprit|41/275\n|move|p2a: Mesprit|Drain Punch|p1a: Glalie\n|-supereffective|p1a: Glalie\n|-damage|p1a: Glalie|65/100\n|-heal|p2a: Mesprit|96/275|[from] drain|[of] p1a: Glalie\n|\n|-heal|p2a: Mesprit|113/275|[from] item: Leftovers\n|upkeep\n|turn|15\n|inactive|Time left: 300 sec this turn | 300 sec total\n|\n|t:|1783559139\n|move|p1a: Glalie|Freeze-Dry|p2a: Mesprit\n|-damage|p2a: Mesprit|46/275\n|move|p2a: Mesprit|Drain Punch|p1a: Glalie\n|-supereffective|p1a: Glalie\n|-damage|p1a: Glalie|31/100\n|-heal|p2a: Mesprit|98/275|[from] drain|[of] p1a: Glalie\n|\n|-heal|p2a: Mesprit|115/275|[from] item: Leftovers\n|upkeep\n|turn|16\n|inactive|Time left: 300 sec this turn | 300 sec total\n|\n|t:|1783559140\n|move|p1a: Glalie|Freeze-Dry|p2a: Mesprit\n|-damage|p2a: Mesprit|39/275\n|move|p2a: Mesprit|Drain Punch|p1a: Glalie\n|-supereffective|p1a: Glalie\n|-damage|p1a: Glalie|0 fnt\n|-heal|p2a: Mesprit|87/275|[from] drain|[of] p1a: Glalie\n|faint|p1a: Glalie\n|\n|-heal|p2a: Mesprit|104/275|[from] item: Leftovers\n|upkeep\n|\n|t:|1783559142\n|switch|p1a: Shiftry|Shiftry, L89, F|100/100\n|turn|17\n|inactive|Time left: 300 sec this turn | 300 sec total\n|\n|t:|1783559143\n|switch|p2a: Hydreigon|Hydreigon, L79, M|275/275\n|move|p1a: Shiftry|Leaf Blade|p2a: Hydreigon\n|-resisted|p2a: Hydreigon\n|-damage|p2a: Hydreigon|196/275\n|-damage|p1a: Shiftry|91/100|[from] item: Life Orb\n|\n|upkeep\n|turn|18\n|inactive|Time left: 300 sec this turn | 300 sec total\n|\n|t:|1783559144\n|move|p2a: Hydreigon|U-turn|p1a: Shiftry\n|-supereffective|p1a: Shiftry\n|-damage|p1a: Shiftry|15/100\n|inactive|Time left: 300 sec this turn | 300 sec total | 5 sec grace\n|\n|t:|1783559145\n|switch|p2a: Garchomp|Garchomp, L74, M|282/282|[from] U-turn\n|move|p1a: Shiftry|Low Kick|p2a: Garchomp\n|-damage|p2a: Garchomp|185/282\n|-damage|p1a: Shiftry|2/100|[from] ability: Rough Skin|[of] p2a: Garchomp\n|-damage|p1a: Shiftry|0 fnt|[from] item: Life Orb\n|faint|p1a: Shiftry\n|\n|upkeep\n|\n|t:|1783559146\n|switch|p1a: Venusaur|Venusaur, L84, M|100/100\n|turn|19\n|inactive|Time left: 300 sec this turn | 300 sec total\n|\n|t:|1783559147\n|move|p2a: Garchomp|Swords Dance|p2a: Garchomp\n|-boost|p2a: Garchomp|atk|2\n|move|p1a: Venusaur|Sleep Powder|p2a: Garchomp\n|-status|p2a: Garchomp|slp|[from] move: Sleep Powder\n|\n|upkeep\n|turn|20\n|inactive|Time left: 300 sec this turn | 300 sec total\n|\n|t:|1783559148\n|cant|p2a: Garchomp|slp\n|move|p1a: Venusaur|Substitute|p1a: Venusaur\n|-start|p1a: Venusaur|Substitute\n|-damage|p1a: Venusaur|75/100\n|\n|-heal|p1a: Venusaur|82/100|[from] item: Leftovers\n|upkeep\n|turn|21\n|inactive|Time left: 300 sec this turn | 300 sec total\n|\n|t:|1783559149\n|cant|p2a: Garchomp|slp\n|move|p1a: Venusaur|Leech Seed|p2a: Garchomp\n|-start|p2a: Garchomp|move: Leech Seed\n|\n|-heal|p1a: Venusaur|88/100|[from] item: Leftovers\n|-damage|p2a: Garchomp|150/282 slp|[from] Leech Seed|[of] p1a: Venusaur\n|-heal|p1a: Venusaur|100/100|[silent]\n|upkeep\n|turn|22\n|inactive|Time left: 300 sec this turn | 300 sec total\n|\n|t:|1783559150\n|-curestatus|p2a: Garchomp|slp|[msg]\n|move|p2a: Garchomp|Scale Shot|p1a: Venusaur\n|-activate|p1a: Venusaur|move: Substitute|[damage]\n|-end|p1a: Venusaur|Substitute\n|-damage|p1a: Venusaur|80/100\n|-damage|p1a: Venusaur|58/100\n|-damage|p1a: Venusaur|39/100\n|-hitcount|p1a: Venusaur|5\n|-unboost|p2a: Garchomp|def|1\n|-boost|p2a: Garchomp|spe|1\n|move|p1a: Venusaur|Sleep Powder|p2a: Garchomp\n|-status|p2a: Garchomp|slp|[from] move: Sleep Powder\n|\n|-heal|p1a: Venusaur|45/100|[from] item: Leftovers\n|-damage|p2a: Garchomp|115/282 slp|[from] Leech Seed|[of] p1a: Venusaur\n|-heal|p1a: Venusaur|58/100|[silent]\n|upkeep\n|turn|23\n|inactive|Time left: 300 sec this turn | 300 sec total\n|\n|t:|1783559151\n|switch|p2a: Hydreigon|Hydreigon, L79, M|196/275\n|move|p1a: Venusaur|Leech Seed|p2a: Hydreigon\n|-start|p2a: Hydreigon|move: Leech Seed\n|\n|-heal|p1a: Venusaur|64/100|[from] item: Leftovers\n|-damage|p2a: Hydreigon|162/275|[from] Leech Seed|[of] p1a: Venusaur\n|-heal|p1a: Venusaur|77/100|[silent]\n|upkeep\n|turn|24\n|inactive|Time left: 300 sec this turn | 300 sec total\n|\n|t:|1783559152\n|-terastallize|p2a: Hydreigon|Dragon\n|move|p2a: Hydreigon|Draco Meteor|p1a: Venusaur\n|-damage|p1a: Venusaur|0 fnt\n|-unboost|p2a: Hydreigon|spa|2\n|faint|p1a: Venusaur\n|\n|win|p0y1721929c", "uploadtime": 1783559152, "views": 0, "rating": 0, "private": 0, "password": null, "_winner": "p0y1721929c", "_our_name": "p0y1721929c"}