{"id": "battle-gen9randombattle-2076", "formatid": "gen9randombattle", "format": "[Gen 9] Random Battle", "players": ["p0x2076e87f", "p0y20762cc2"], "log": "|init|battle\n|title|p0x2076e87f vs. p0y20762cc2\n|j|\u2606p0x2076e87f\n|j|\u2606p0y20762cc2\n|t:|1783564060\n|gametype|singles\n|player|p1|p0x2076e87f|1|\n|player|p2|p0y20762cc2|2|\n|gen|9\n|tier|[Gen 9] Random Battle\n|rule|Species Clause: Limit one of each Pok\u00e9mon\n|rule|HP Percentage Mod: HP is shown in percentages\n|rule|Sleep Clause Mod: Limit one foe put to sleep\n|rule|Illusion Level Mod: Illusion disguises the Pok\u00e9mon's true level\n|\n|t:|1783564060\n|teamsize|p1|6\n|teamsize|p2|6\n|start\n|switch|p1a: Muk|Muk-Alola, L82, F|306/306\n|switch|p2a: Feraligatr|Feraligatr, L79, M|100/100\n|turn|1\n|inactive|Battle timer is ON: inactive players will automatically lose when time's up. (requested by p0x2076e87f)\n|inactive|p0y20762cc2 also wants the timer to be on.\n|\n|t:|1783564062\n|move|p2a: Feraligatr|Dragon Dance|p2a: Feraligatr\n|-boost|p2a: Feraligatr|atk|1\n|-boost|p2a: Feraligatr|spe|1\n|move|p1a: Muk|Knock Off|p2a: Feraligatr\n|-damage|p2a: Feraligatr|60/100\n|-enditem|p2a: Feraligatr|Life Orb|[from] move: Knock Off|[of] p1a: Muk\n|\n|upkeep\n|turn|2\n|inactive|Time left: 300 sec this turn | 300 sec total\n|\n|t:|1783564063\n|move|p2a: Feraligatr|Liquidation|p1a: Muk\n|-damage|p1a: Muk|129/306\n|move|p1a: Muk|Gunk Shot|p2a: Feraligatr\n|-damage|p2a: Feraligatr|12/100\n|-status|p2a: Feraligatr|psn\n|\n|-damage|p2a: Feraligatr|0 fnt|[from] psn\n|faint|p2a: Feraligatr\n|upkeep\n|\n|t:|1783564064\n|switch|p2a: Garchomp|Garchomp, L74, F|100/100\n|turn|3\n|inactive|Time left: 300 sec this turn | 300 sec total\n|\n|t:|1783564065\n|switch|p1a: Cresselia|Cresselia, L80, F|323/323\n|move|p2a: Garchomp|Outrage|p1a: Cresselia\n|-damage|p1a: Cresselia|215/323\n|\n|-heal|p1a: Cresselia|235/323|[from] item: Leftovers\n|upkeep\n|turn|4\n|inactive|Time left: 300 sec this turn | 300 sec total\n|\n|t:|1783564066\n|-terastallize|p1a: Cresselia|Fairy\n|move|p2a: Garchomp|Outrage|p1a: Cresselia|[from] lockedmove\n|-immune|p1a: Cresselia\n|move|p1a: Cresselia|Calm Mind|p1a: Cresselia\n|-boost|p1a: Cresselia|spa|1\n|-boost|p1a: Cresselia|spd|1\n|\n|-heal|p1a: Cresselia|255/323|[from] item: Leftovers\n|upkeep\n|turn|5\n|inactive|Time left: 300 sec this turn | 300 sec total\n|\n|t:|1783564067\n|move|p2a: Garchomp|Stealth Rock|p1a: Cresselia\n|-sidestart|p1: p0x2076e87f|move: Stealth Rock\n|move|p1a: Cresselia|Moonblast|p2a: Garchomp\n|-supereffective|p2a: Garchomp\n|-damage|p2a: Garchomp|0 fnt\n|faint|p2a: Garchomp\n|\n|-heal|p1a: Cresselia|275/323|[from] item: Leftovers\n|upkeep\n|\n|t:|1783564068\n|switch|p2a: Vikavolt|Vikavolt, L83, F|100/100\n|turn|6\n|inactive|Time left: 300 sec this turn | 300 sec total\n|\n|t:|1783564069\n|move|p1a: Cresselia|Moonblast|p2a: Vikavolt\n|-damage|p2a: Vikavolt|54/100\n|move|p2a: Vikavolt|Sticky Web|p1a: Cresselia\n|-sidestart|p1: p0x2076e87f|move: Sticky Web\n|\n|-heal|p1a: Cresselia|295/323|[from] item: Leftovers\n|upkeep\n|turn|7\n|inactive|Time left: 300 sec this turn | 300 sec total\n|\n|t:|1783564070\n|switch|p2a: Diancie|Diancie, L82|100/100\n|move|p1a: Cresselia|Calm Mind|p1a: Cresselia\n|-boost|p1a: Cresselia|spa|1\n|-boost|p1a: Cresselia|spd|1\n|\n|-heal|p1a: Cresselia|315/323|[from] item: Leftovers\n|upkeep\n|turn|8\n|inactive|Time left: 300 sec this turn | 300 sec total\n|\n|t:|1783564071\n|move|p1a: Cresselia|Moonblast|p2a: Diancie\n|-damage|p2a: Diancie|67/100\n|move|p2a: Diancie|Diamond Storm|p1a: Cresselia|[miss]\n|-miss|p2a: Diancie|p1a: Cresselia\n|\n|-heal|p1a: Cresselia|323/323|[from] item: Leftovers\n|upkeep\n|turn|9\n|inactive|Time left: 300 sec this turn | 300 sec total\n|\n|t:|1783564072\n|move|p1a: Cresselia|Psyshock|p2a: Diancie\n|-damage|p2a: Diancie|26/100\n|move|p2a: Diancie|Diamond Storm|p1a: Cresselia\n|-damage|p1a: Cresselia|227/323\n|\n|-heal|p1a: Cresselia|247/323|[from] item: Leftovers\n|upkeep\n|turn|10\n|inactive|Time left: 300 sec this turn | 300 sec total\n|\n|t:|1783564073\n|switch|p2a: Braviary|Braviary, L85, M|100/100\n|move|p1a: Cresselia|Moonblast|p2a: Braviary\n|-damage|p2a: Braviary|48/100\n|-unboost|p2a: Braviary|spa|1\n|-ability|p2a: Braviary|Defiant|boost\n|-boost|p2a: Braviary|atk|2\n|\n|-heal|p1a: Cresselia|267/323|[from] item: Leftovers\n|upkeep\n|turn|11\n|inactive|Time left: 300 sec this turn | 300 sec total\n|\n|t:|1783564074\n|move|p2a: Braviary|Brave Bird|p1a: Cresselia\n|-damage|p1a: Cresselia|0 fnt\n|faint|p1a: Cresselia\n|-damage|p2a: Braviary|19/100|[from] Recoil\n|\n|upkeep\n|inactive|Time left: 300 sec this turn | 300 sec total | 5 sec grace\n|\n|t:|1783564075\n|switch|p1a: Arcanine|Arcanine, L84, F|288/288\n|-ability|p1a: Arcanine|Intimidate|boost\n|-unboost|p2a: Braviary|atk|1\n|-ability|p2a: Braviary|Defiant|boost\n|-boost|p2a: Braviary|atk|2\n|turn|12\n|inactive|Time left: 300 sec this turn | 300 sec total\n|\n|t:|1783564076\n|move|p1a: Arcanine|Flare Blitz|p2a: Braviary\n|-damage|p2a: Braviary|0 fnt\n|faint|p2a: Braviary\n|-damage|p1a: Arcanine|269/288|[from] Recoil\n|\n|upkeep\n|\n|t:|1783564077\n|switch|p2a: Diancie|Diancie, L82|26/100\n|turn|13\n|inactive|Time left: 300 sec this turn | 300 sec total\n|\n|t:|1783564078\n|move|p1a: Arcanine|Flare Blitz|p2a: Diancie\n|-resisted|p2a: Diancie\n|-crit|p2a: Diancie\n|-damage|p2a: Diancie|0 fnt\n|faint|p2a: Diancie\n|-damage|p1a: Arcanine|251/288|[from] Recoil\n|\n|upkeep\n|\n|t:|1783564079\n|switch|p2a: Decidueye|Decidueye-Hisui, L87, F|100/100\n|turn|14\n|inactive|Time left: 300 sec this turn | 300 sec total\n|\n|t:|1783564080\n|move|p1a: Arcanine|Flare Blitz|p2a: Decidueye\n|-supereffective|p2a: Decidueye\n|-damage|p2a: Decidueye|2/100\n|-damage|p1a: Arcanine|155/288|[from] Recoil\n|move|p2a: Decidueye|Triple Arrows|p1a: Arcanine\n|-damage|p1a: Arcanine|41/288\n|\n|-heal|p2a: Decidueye|8/100|[from] item: Leftovers\n|upkeep\n|turn|15\n|inactive|Time left: 300 sec this turn | 300 sec total\n|\n|t:|1783564081\n|move|p1a: Arcanine|Flare Blitz|p2a: Decidueye\n|-supereffective|p2a: Decidueye\n|-damage|p2a: Decidueye|0 fnt\n|faint|p2a: Decidueye\n|-damage|p1a: Arcanine|33/288|[from] Recoil\n|\n|upkeep\n|\n|t:|1783564082\n|switch|p2a: Vikavolt|Vikavolt, L83, F|54/100\n|turn|16\n|inactive|Time left: 300 sec this turn | 300 sec total\n|\n|t:|1783564083\n|-terastallize|p2a: Vikavolt|Electric\n|move|p1a: Arcanine|Flare Blitz|p2a: Vikavolt\n|-damage|p2a: Vikavolt|0 fnt\n|faint|p2a: Vikavolt\n|-damage|p1a: Arcanine|0 fnt|[from] Recoil\n|faint|p1a: Arcanine\n|\n|win|p0x2076e87f", "uploadtime": 1783564083, "views": 0, "rating": 0, "private": 0, "password": null, "_winner": "p0x2076e87f", "_our_name": "p0x2076e87f"}