{"id": "battle-gen9randombattle-518", "formatid": "gen9randombattle", "format": "[Gen 9] Random Battle", "players": ["p0x51899a6", "p0y518379e"], "log": "|init|battle\n|title|p0x51899a6 vs. p0y518379e\n|j|\u2606p0x51899a6\n|j|\u2606p0y518379e\n|t:|1783545812\n|gametype|singles\n|player|p1|p0x51899a6|102|\n|player|p2|p0y518379e|101|\n|gen|9\n|tier|[Gen 9] Random Battle\n|rule|Species Clause: Limit one of each Pok\u00e9mon\n|rule|HP Percentage Mod: HP is shown in percentages\n|rule|Sleep Clause Mod: Limit one foe put to sleep\n|rule|Illusion Level Mod: Illusion disguises the Pok\u00e9mon's true level\n|\n|t:|1783545812\n|teamsize|p1|6\n|teamsize|p2|6\n|start\n|switch|p1a: Tinkaton|Tinkaton, L82, F|100/100\n|switch|p2a: Perrserker|Perrserker, L89, F|269/269\n|-ability|p1a: Tinkaton|Mold Breaker\n|turn|1\n|inactive|Battle timer is ON: inactive players will automatically lose when time's up. (requested by p0y518379e)\n|\n|t:|1783545813\n|move|p1a: Tinkaton|Swords Dance|p1a: Tinkaton\n|-boost|p1a: Tinkaton|atk|2\n|move|p2a: Perrserker|Close Combat|p1a: Tinkaton\n|-damage|p1a: Tinkaton|10/100\n|-unboost|p2a: Perrserker|def|1\n|-unboost|p2a: Perrserker|spd|1\n|\n|-heal|p1a: Tinkaton|16/100|[from] item: Leftovers\n|upkeep\n|turn|2\n|inactive|Time left: 300 sec this turn | 300 sec total\n|inactive|p0x51899a6 also wants the timer to be on.\n|\n|t:|1783545815\n|move|p1a: Tinkaton|Gigaton Hammer|p2a: Perrserker\n|-resisted|p2a: Perrserker\n|-damage|p2a: Perrserker|93/269\n|move|p2a: Perrserker|Close Combat|p1a: Tinkaton\n|-damage|p1a: Tinkaton|0 fnt\n|-unboost|p2a: Perrserker|def|1\n|-unboost|p2a: Perrserker|spd|1\n|faint|p1a: Tinkaton\n|\n|upkeep\n|\n|t:|1783545816\n|switch|p1a: Primarina|Primarina, L83, F|100/100\n|turn|3\n|inactive|Time left: 300 sec this turn | 300 sec total\n|\n|t:|1783545817\n|switch|p2a: Espathra|Espathra, L80, M|283/283\n|move|p1a: Primarina|Moonblast|p2a: Espathra\n|-damage|p2a: Espathra|33/283\n|\n|upkeep\n|turn|4\n|inactive|Time left: 300 sec this turn | 300 sec total\n|\n|t:|1783545818\n|move|p2a: Espathra|Lumina Crash|p1a: Primarina\n|-damage|p1a: Primarina|67/100\n|-unboost|p1a: Primarina|spd|2\n|move|p1a: Primarina|Moonblast|p2a: Espathra\n|-damage|p2a: Espathra|0 fnt\n|faint|p2a: Espathra\n|\n|upkeep\n|inactive|Time left: 300 sec this turn | 300 sec total | 5 sec grace\n|\n|t:|1783545819\n|switch|p2a: Articuno|Articuno, L86|295/295\n|-ability|p2a: Articuno|Pressure\n|turn|5\n|inactive|Time left: 300 sec this turn | 300 sec total\n|\n|t:|1783545820\n|switch|p1a: Swalot|Swalot, L90, F|100/100\n|move|p2a: Articuno|Freeze-Dry|p1a: Swalot\n|-damage|p1a: Swalot|77/100\n|\n|-heal|p1a: Swalot|83/100|[from] item: Leftovers\n|upkeep\n|turn|6\n|inactive|Time left: 300 sec this turn | 300 sec total\n|\n|t:|1783545821\n|move|p2a: Articuno|Freeze-Dry|p1a: Swalot\n|-damage|p1a: Swalot|60/100\n|move|p1a: Swalot|Swords Dance|p1a: Swalot\n|-boost|p1a: Swalot|atk|2\n|\n|-heal|p1a: Swalot|66/100|[from] item: Leftovers\n|upkeep\n|turn|7\n|inactive|Time left: 300 sec this turn | 300 sec total\n|\n|t:|1783545821\n|move|p2a: Articuno|Brave Bird|p1a: Swalot\n|-damage|p1a: Swalot|32/100\n|-damage|p2a: Articuno|258/295|[from] Recoil\n|move|p1a: Swalot|Gunk Shot|p2a: Articuno\n|-damage|p2a: Articuno|50/295\n|\n|-heal|p1a: Swalot|38/100|[from] item: Leftovers\n|upkeep\n|turn|8\n|inactive|Time left: 300 sec this turn | 300 sec total\n|\n|t:|1783545822\n|move|p2a: Articuno|Brave Bird|p1a: Swalot\n|-damage|p1a: Swalot|0 fnt\n|faint|p1a: Swalot\n|-damage|p2a: Articuno|10/295|[from] Recoil\n|\n|upkeep\n|\n|t:|1783545823\n|switch|p1a: Primarina|Primarina, L83, F|67/100\n|turn|9\n|inactive|Time left: 300 sec this turn | 300 sec total\n|\n|t:|1783545824\n|move|p2a: Articuno|Freeze-Dry|p1a: Primarina\n|-supereffective|p1a: Primarina\n|-damage|p1a: Primarina|22/100\n|move|p1a: Primarina|Hydro Pump|p2a: Articuno\n|-damage|p2a: Articuno|0 fnt\n|faint|p2a: Articuno\n|\n|upkeep\n|inactive|Time left: 300 sec this turn | 300 sec total | 5 sec grace\n|\n|t:|1783545825\n|switch|p2a: Mightyena|Mightyena, L96, M|290/290\n|-ability|p2a: Mightyena|Intimidate|boost\n|-unboost|p1a: Primarina|atk|1\n|turn|10\n|inactive|Time left: 300 sec this turn | 300 sec total\n|\n|t:|1783545826\n|switch|p1a: Decidueye|Decidueye-Hisui, L87, F|100/100\n|move|p2a: Mightyena|Poison Fang|p1a: Decidueye\n|-supereffective|p1a: Decidueye\n|-damage|p1a: Decidueye|69/100\n|-status|p1a: Decidueye|tox\n|\n|-heal|p1a: Decidueye|75/100 tox|[from] item: Leftovers\n|-damage|p1a: Decidueye|69/100 tox|[from] psn\n|upkeep\n|turn|11\n|inactive|Time left: 300 sec this turn | 300 sec total\n|\n|t:|1783545827\n|switch|p2a: Clefable|Clefable, L83, F|293/293\n|move|p1a: Decidueye|Triple Arrows|p2a: Clefable\n|-resisted|p2a: Clefable\n|-damage|p2a: Clefable|232/293\n|\n|-heal|p1a: Decidueye|75/100 tox|[from] item: Leftovers\n|-heal|p2a: Clefable|250/293|[from] item: Leftovers\n|-damage|p1a: Decidueye|63/100 tox|[from] psn\n|upkeep\n|turn|12\n|inactive|Time left: 300 sec this turn | 300 sec total\n|\n|t:|1783545828\n|move|p1a: Decidueye|Triple Arrows|p2a: Clefable\n|-resisted|p2a: Clefable\n|-damage|p2a: Clefable|182/293\n|-unboost|p2a: Clefable|def|1\n|cant|p2a: Clefable|flinch\n|\n|-heal|p1a: Decidueye|69/100 tox|[from] item: Leftovers\n|-heal|p2a: Clefable|200/293|[from] item: Leftovers\n|-damage|p1a: Decidueye|51/100 tox|[from] psn\n|upkeep\n|turn|13\n|inactive|Time left: 300 sec this turn | 300 sec total\n|\n|t:|1783545829\n|move|p1a: Decidueye|Triple Arrows|p2a: Clefable\n|-resisted|p2a: Clefable\n|-damage|p2a: Clefable|103/293\n|move|p2a: Clefable|Moonblast|p1a: Decidueye\n|-supereffective|p1a: Decidueye\n|-damage|p1a: Decidueye|0 fnt\n|faint|p1a: Decidueye\n|\n|-heal|p2a: Clefable|121/293|[from] item: Leftovers\n|upkeep\n|\n|t:|1783545830\n|switch|p1a: Veluza|Veluza, L85, M|100/100\n|turn|14\n|inactive|Time left: 300 sec this turn | 300 sec total\n|\n|t:|1783545831\n|switch|p2a: Mightyena|Mightyena, L96, M|290/290\n|-ability|p2a: Mightyena|Intimidate|boost\n|-unboost|p1a: Veluza|atk|1\n|-terastallize|p1a: Veluza|Water\n|move|p1a: Veluza|Fillet Away|p1a: Veluza\n|-boost|p1a: Veluza|atk|2\n|-boost|p1a: Veluza|spa|2\n|-boost|p1a: Veluza|spe|2\n|-damage|p1a: Veluza|50/100\n|-enditem|p1a: Veluza|Sitrus Berry|[eat]\n|-heal|p1a: Veluza|75/100|[from] item: Sitrus Berry\n|\n|upkeep\n|turn|15\n|inactive|Time left: 300 sec this turn | 300 sec total\n|\n|t:|1783545832\n|move|p1a: Veluza|Aqua Cutter|p2a: Mightyena\n|-damage|p2a: Mightyena|24/290\n|move|p2a: Mightyena|Crunch|p1a: Veluza\n|-damage|p1a: Veluza|38/100\n|\n|-heal|p2a: Mightyena|42/290|[from] item: Leftovers\n|upkeep\n|turn|16\n|inactive|Time left: 300 sec this turn | 300 sec total\n|\n|t:|1783545833\n|move|p2a: Mightyena|Sucker Punch|p1a: Veluza\n|-damage|p1a: Veluza|3/100\n|move|p1a: Veluza|Night Slash|p2a: Mightyena\n|-resisted|p2a: Mightyena\n|-damage|p2a: Mightyena|0 fnt\n|faint|p2a: Mightyena\n|\n|upkeep\n|inactive|Time left: 300 sec this turn | 300 sec total | 5 sec grace\n|\n|t:|1783545834\n|switch|p2a: Clodsire|Clodsire, L81, F|343/343\n|turn|17\n|inactive|Time left: 300 sec this turn | 300 sec total\n|\n|t:|1783545835\n|-terastallize|p2a: Clodsire|Steel\n|move|p1a: Veluza|Aqua Cutter|p2a: Clodsire\n|-crit|p2a: Clodsire\n|-damage|p2a: Clodsire|15/343\n|move|p2a: Clodsire|Recover|p2a: Clodsire\n|-heal|p2a: Clodsire|187/343\n|\n|-heal|p2a: Clodsire|208/343|[from] item: Leftovers\n|upkeep\n|turn|18\n|inactive|Time left: 300 sec this turn | 300 sec total\n|\n|t:|1783545836\n|move|p1a: Veluza|Night Slash|p2a: Clodsire\n|-crit|p2a: Clodsire\n|-damage|p2a: Clodsire|51/343\n|move|p2a: Clodsire|Poison Jab|p1a: Veluza\n|-damage|p1a: Veluza|0 fnt\n|faint|p1a: Veluza\n|\n|-heal|p2a: Clodsire|72/343|[from] item: Leftovers\n|upkeep\n|\n|t:|1783545837\n|switch|p1a: Primarina|Primarina, L83, F|22/100\n|turn|19\n|inactive|Time left: 300 sec this turn | 300 sec total\n|\n|t:|1783545838\n|move|p1a: Primarina|Moonblast|p2a: Clodsire\n|-resisted|p2a: Clodsire\n|-damage|p2a: Clodsire|0 fnt\n|faint|p2a: Clodsire\n|\n|upkeep\n|inactive|Time left: 300 sec this turn | 300 sec total | 5 sec grace\n|\n|t:|1783545839\n|switch|p2a: Clefable|Clefable, L83, F|121/293\n|turn|20\n|inactive|Time left: 300 sec this turn | 300 sec total\n|\n|t:|1783545840\n|move|p2a: Clefable|Moonblast|p1a: Primarina\n|-damage|p1a: Primarina|0 fnt\n|faint|p1a: Primarina\n|\n|-heal|p2a: Clefable|139/293|[from] item: Leftovers\n|upkeep\n|\n|t:|1783545841\n|switch|p1a: Victreebel|Victreebel, L90, M|100/100\n|turn|21\n|inactive|Time left: 300 sec this turn | 300 sec total\n|\n|t:|1783545842\n|move|p1a: Victreebel|Sunny Day|p1a: Victreebel\n|-weather|SunnyDay\n|move|p2a: Clefable|Fire Blast|p1a: Victreebel\n|-supereffective|p1a: Victreebel\n|-damage|p1a: Victreebel|14/100\n|-status|p1a: Victreebel|brn\n|\n|-weather|SunnyDay|[upkeep]\n|-heal|p2a: Clefable|157/293|[from] item: Leftovers\n|-damage|p1a: Victreebel|8/100 brn|[from] brn\n|upkeep\n|turn|22\n|inactive|Time left: 300 sec this turn | 300 sec total\n|\n|t:|1783545843\n|move|p1a: Victreebel|Power Whip|p2a: Clefable|[miss]\n|-miss|p1a: Victreebel|p2a: Clefable\n|move|p2a: Clefable|Moonblast|p1a: Victreebel\n|-resisted|p1a: Victreebel\n|-damage|p1a: Victreebel|0 fnt\n|faint|p1a: Victreebel\n|\n|win|p0y518379e", "uploadtime": 1783545843, "views": 0, "rating": 0, "private": 0, "password": null, "_winner": "p0y518379e", "_our_name": "p0y518379e"}