{"id": "battle-gen9randombattle-1267", "formatid": "gen9randombattle", "format": "[Gen 9] Random Battle", "players": ["p0x12674e3d", "p0y12670c1e"], "log": "|init|battle\n|title|p0x12674e3d vs. p0y12670c1e\n|j|\u2606p0x12674e3d\n|j|\u2606p0y12670c1e\n|t:|1783554707\n|gametype|singles\n|player|p1|p0x12674e3d|1|\n|player|p2|p0y12670c1e|265|\n|gen|9\n|tier|[Gen 9] Random Battle\n|rule|Species Clause: Limit one of each Pok\u00e9mon\n|rule|HP Percentage Mod: HP is shown in percentages\n|rule|Sleep Clause Mod: Limit one foe put to sleep\n|rule|Illusion Level Mod: Illusion disguises the Pok\u00e9mon's true level\n|\n|t:|1783554707\n|teamsize|p1|6\n|teamsize|p2|6\n|start\n|switch|p1a: Oricorio|Oricorio-Pa'u, L87, F|272/272\n|switch|p2a: Slaking|Slaking, L84, M|100/100\n|turn|1\n|inactive|Battle timer is ON: inactive players will automatically lose when time's up. (requested by p0y12670c1e)\n|inactive|Time left: 300 sec this turn | 300 sec total | 60 sec grace\n|inactive|p0x12674e3d also wants the timer to be on.\n|\n|t:|1783554708\n|switch|p1a: Incineroar|Incineroar, L82, M|290/290\n|-ability|p1a: Incineroar|Intimidate|boost\n|-unboost|p2a: Slaking|atk|1\n|move|p2a: Slaking|Giga Impact|p1a: Incineroar\n|-damage|p1a: Incineroar|43/290\n|-mustrecharge|p2a: Slaking\n|\n|upkeep\n|turn|2\n|inactive|Time left: 300 sec this turn | 300 sec total\n|\n|t:|1783554710\n|cant|p2a: Slaking|recharge\n|move|p1a: Incineroar|Knock Off|p2a: Slaking\n|-damage|p2a: Slaking|76/100\n|-enditem|p2a: Slaking|Choice Band|[from] move: Knock Off|[of] p1a: Incineroar\n|\n|upkeep\n|turn|3\n|inactive|Time left: 300 sec this turn | 300 sec total\n|\n|t:|1783554710\n|switch|p1a: Veluza|Veluza, L85, F|292/292\n|move|p2a: Slaking|Giga Impact|p1a: Veluza\n|-damage|p1a: Veluza|123/292\n|-mustrecharge|p2a: Slaking\n|-enditem|p1a: Veluza|Sitrus Berry|[eat]\n|-heal|p1a: Veluza|196/292|[from] item: Sitrus Berry\n|\n|upkeep\n|turn|4\n|inactive|Time left: 300 sec this turn | 300 sec total\n|\n|t:|1783554712\n|cant|p2a: Slaking|recharge\n|move|p1a: Veluza|Psycho Cut|p2a: Slaking\n|-crit|p2a: Slaking\n|-damage|p2a: Slaking|35/100\n|\n|upkeep\n|turn|5\n|inactive|Time left: 300 sec this turn | 300 sec total\n|\n|t:|1783554713\n|switch|p1a: Dragapult|Dragapult, L77, M|262/262\n|move|p2a: Slaking|Giga Impact|p1a: Dragapult\n|-immune|p1a: Dragapult\n|\n|upkeep\n|turn|6\n|inactive|Time left: 300 sec this turn | 300 sec total\n|\n|t:|1783554714\n|switch|p2a: Floatzel|Floatzel, L86, M|100/100\n|move|p1a: Dragapult|Draco Meteor|p2a: Floatzel\n|-damage|p2a: Floatzel|8/100\n|-unboost|p1a: Dragapult|spa|2\n|\n|-heal|p2a: Floatzel|14/100|[from] item: Leftovers\n|upkeep\n|turn|7\n|inactive|Time left: 300 sec this turn | 300 sec total\n|\n|t:|1783554715\n|switch|p1a: Veluza|Veluza, L85, F|196/292\n|switch|p2a: Slaking|Slaking, L84, M|35/100\n|\n|upkeep\n|turn|8\n|inactive|Time left: 300 sec this turn | 300 sec total\n|\n|t:|1783554716\n|switch|p1a: Incineroar|Incineroar, L82, M|43/290\n|-ability|p1a: Incineroar|Intimidate|boost\n|-unboost|p2a: Slaking|atk|1\n|move|p2a: Slaking|Giga Impact|p1a: Incineroar\n|-damage|p1a: Incineroar|0 fnt\n|-mustrecharge|p2a: Slaking\n|faint|p1a: Incineroar\n|\n|upkeep\n|inactive|Time left: 300 sec this turn | 300 sec total | 5 sec grace\n|\n|t:|1783554717\n|switch|p1a: Sneasler|Sneasler, L74, F|240/240\n|turn|9\n|inactive|Time left: 300 sec this turn | 300 sec total\n|\n|t:|1783554718\n|move|p1a: Sneasler|Dire Claw|p2a: Slaking\n|-crit|p2a: Slaking\n|-damage|p2a: Slaking|0 fnt\n|faint|p2a: Slaking\n|\n|upkeep\n|\n|t:|1783554719\n|switch|p2a: Persian|Persian, L92, M|100/100\n|turn|10\n|inactive|Time left: 300 sec this turn | 300 sec total\n|\n|t:|1783554721\n|move|p2a: Persian|Double-Edge|p1a: Sneasler\n|-damage|p1a: Sneasler|0 fnt\n|faint|p1a: Sneasler\n|-damage|p2a: Persian|71/100|[from] Recoil\n|\n|upkeep\n|inactive|Time left: 300 sec this turn | 300 sec total | 5 sec grace\n|\n|t:|1783554721\n|switch|p1a: Oricorio|Oricorio-Pa'u, L87, F|272/272\n|turn|11\n|inactive|Time left: 300 sec this turn | 300 sec total\n|\n|t:|1783554722\n|move|p2a: Persian|Double-Edge|p1a: Oricorio\n|-damage|p1a: Oricorio|59/272\n|-damage|p2a: Persian|45/100|[from] Recoil\n|move|p1a: Oricorio|Quiver Dance|p1a: Oricorio\n|-boost|p1a: Oricorio|spa|1\n|-boost|p1a: Oricorio|spd|1\n|-boost|p1a: Oricorio|spe|1\n|\n|upkeep\n|turn|12\n|inactive|Time left: 300 sec this turn | 300 sec total\n|\n|t:|1783554723\n|switch|p2a: Weavile|Weavile, L79, F|100/100\n|move|p1a: Oricorio|Revelation Dance|p2a: Weavile\n|-immune|p2a: Weavile\n|\n|upkeep\n|turn|13\n|inactive|Time left: 300 sec this turn | 300 sec total\n|\n|t:|1783554724\n|move|p1a: Oricorio|Hurricane|p2a: Weavile\n|-damage|p2a: Weavile|16/100\n|move|p2a: Weavile|Knock Off|p1a: Oricorio\n|-supereffective|p1a: Oricorio\n|-damage|p1a: Oricorio|0 fnt\n|-enditem|p1a: Oricorio|Heavy-Duty Boots|[from] move: Knock Off|[of] p2a: Weavile\n|faint|p1a: Oricorio\n|\n|upkeep\n|inactive|Time left: 300 sec this turn | 300 sec total | 5 sec grace\n|\n|t:|1783554725\n|switch|p1a: Dragapult|Dragapult, L77, M|262/262\n|turn|14\n|inactive|Time left: 300 sec this turn | 300 sec total\n|\n|t:|1783554726\n|switch|p2a: Persian|Persian, L92, M|45/100\n|move|p1a: Dragapult|Shadow Ball|p2a: Persian\n|-immune|p2a: Persian\n|\n|upkeep\n|turn|15\n|inactive|Time left: 300 sec this turn | 300 sec total\n|\n|t:|1783554728\n|switch|p1a: Illumise|Illumise, L91, F|266/266\n|move|p2a: Persian|Knock Off|p1a: Illumise\n|-damage|p1a: Illumise|175/266\n|-enditem|p1a: Illumise|Heavy-Duty Boots|[from] move: Knock Off|[of] p2a: Persian\n|\n|upkeep\n|turn|16\n|inactive|Time left: 300 sec this turn | 300 sec total\n|\n|t:|1783554729\n|move|p2a: Persian|Knock Off|p1a: Illumise\n|-crit|p1a: Illumise\n|-damage|p1a: Illumise|71/266\n|move|p1a: Illumise|Bug Buzz|p2a: Persian\n|-damage|p2a: Persian|7/100\n|\n|upkeep\n|turn|17\n|inactive|Time left: 300 sec this turn | 300 sec total\n|\n|t:|1783554730\n|move|p1a: Illumise|Roost|p1a: Illumise\n|-heal|p1a: Illumise|204/266\n|-singleturn|p1a: Illumise|move: Roost\n|move|p2a: Persian|Knock Off|p1a: Illumise\n|-damage|p1a: Illumise|141/266\n|\n|upkeep\n|turn|18\n|inactive|Time left: 300 sec this turn | 300 sec total\n|\n|t:|1783554731\n|move|p2a: Persian|Knock Off|p1a: Illumise\n|-damage|p1a: Illumise|79/266\n|move|p1a: Illumise|Bug Buzz|p2a: Persian\n|-damage|p2a: Persian|0 fnt\n|faint|p2a: Persian\n|\n|upkeep\n|\n|t:|1783554732\n|switch|p2a: Dragapult|Dragapult, L77, F|100/100\n|turn|19\n|inactive|Time left: 300 sec this turn | 300 sec total\n|\n|t:|1783554733\n|move|p1a: Illumise|Roost|p1a: Illumise\n|-heal|p1a: Illumise|212/266\n|-singleturn|p1a: Illumise|move: Roost\n|move|p2a: Dragapult|Shadow Ball|p1a: Illumise\n|-damage|p1a: Illumise|104/266\n|\n|upkeep\n|turn|20\n|inactive|Time left: 300 sec this turn | 300 sec total\n|\n|t:|1783554734\n|move|p1a: Illumise|Roost|p1a: Illumise\n|-heal|p1a: Illumise|237/266\n|-singleturn|p1a: Illumise|move: Roost\n|move|p2a: Dragapult|Shadow Ball|p1a: Illumise\n|-damage|p1a: Illumise|137/266\n|\n|upkeep\n|turn|21\n|inactive|Time left: 300 sec this turn | 300 sec total\n|\n|t:|1783554735\n|move|p1a: Illumise|Thunder Wave|p2a: Dragapult\n|-status|p2a: Dragapult|par\n|move|p2a: Dragapult|Shadow Ball|p1a: Illumise\n|-damage|p1a: Illumise|25/266\n|-unboost|p1a: Illumise|spd|1\n|\n|upkeep\n|turn|22\n|inactive|Time left: 300 sec this turn | 300 sec total\n|\n|t:|1783554737\n|move|p1a: Illumise|Bug Buzz|p2a: Dragapult\n|-resisted|p2a: Dragapult\n|-damage|p2a: Dragapult|80/100 par\n|cant|p2a: Dragapult|par\n|\n|upkeep\n|turn|23\n|inactive|Time left: 300 sec this turn | 300 sec total\n|\n|t:|1783554738\n|move|p1a: Illumise|Bug Buzz|p2a: Dragapult\n|-resisted|p2a: Dragapult\n|-damage|p2a: Dragapult|58/100 par\n|move|p2a: Dragapult|Shadow Ball|p1a: Illumise\n|-damage|p1a: Illumise|0 fnt\n|faint|p1a: Illumise\n|\n|upkeep\n|inactive|Time left: 300 sec this turn | 300 sec total | 5 sec grace\n|\n|t:|1783554739\n|switch|p1a: Dragapult|Dragapult, L77, M|262/262\n|turn|24\n|inactive|Time left: 300 sec this turn | 300 sec total\n|\n|t:|1783554740\n|-terastallize|p2a: Dragapult|Dragon\n|move|p1a: Dragapult|Shadow Ball|p2a: Dragapult\n|-damage|p2a: Dragapult|5/100 par\n|move|p2a: Dragapult|Shadow Ball|p1a: Dragapult\n|-supereffective|p1a: Dragapult\n|-damage|p1a: Dragapult|0 fnt\n|faint|p1a: Dragapult\n|\n|upkeep\n|inactive|Time left: 300 sec this turn | 300 sec total | 5 sec grace\n|\n|t:|1783554741\n|switch|p1a: Veluza|Veluza, L85, F|196/292\n|turn|25\n|inactive|Time left: 300 sec this turn | 300 sec total\n|\n|t:|1783554742\n|move|p1a: Veluza|Fillet Away|p1a: Veluza\n|-boost|p1a: Veluza|atk|2\n|-boost|p1a: Veluza|spa|2\n|-boost|p1a: Veluza|spe|2\n|-damage|p1a: Veluza|50/292\n|cant|p2a: Dragapult|par\n|\n|upkeep\n|turn|26\n|inactive|Time left: 300 sec this turn | 300 sec total\n|\n|t:|1783554743\n|move|p1a: Veluza|Aqua Cutter|p2a: Dragapult\n|-resisted|p2a: Dragapult\n|-damage|p2a: Dragapult|0 fnt\n|faint|p2a: Dragapult\n|\n|upkeep\n|\n|t:|1783554744\n|switch|p2a: Weavile|Weavile, L79, F|16/100\n|turn|27\n|inactive|Time left: 300 sec this turn | 300 sec total\n|\n|t:|1783554745\n|switch|p2a: Floatzel|Floatzel, L86, M|14/100\n|move|p1a: Veluza|Night Slash|p2a: Floatzel\n|-damage|p2a: Floatzel|0 fnt\n|faint|p2a: Floatzel\n|\n|upkeep\n|\n|t:|1783554746\n|switch|p2a: Weavile|Weavile, L79, F|16/100\n|turn|28\n|inactive|Time left: 300 sec this turn | 300 sec total\n|\n|t:|1783554747\n|switch|p2a: Landorus|Landorus, L75, M|100/100\n|move|p1a: Veluza|Aqua Cutter|p2a: Landorus\n|-supereffective|p2a: Landorus\n|-damage|p2a: Landorus|0 fnt\n|faint|p2a: Landorus\n|\n|upkeep\n|\n|t:|1783554748\n|switch|p2a: Weavile|Weavile, L79, F|16/100\n|turn|29\n|inactive|Time left: 300 sec this turn | 300 sec total\n|\n|t:|1783554749\n|move|p1a: Veluza|Aqua Cutter|p2a: Weavile\n|-damage|p2a: Weavile|0 fnt\n|faint|p2a: Weavile\n|\n|win|p0x12674e3d", "uploadtime": 1783554749, "views": 0, "rating": 0, "private": 0, "password": null, "_winner": "p0x12674e3d", "_our_name": "p0x12674e3d"}