{"id": "battle-gen9randombattle-1576", "formatid": "gen9randombattle", "format": "[Gen 9] Random Battle", "players": ["p0x15766d94", "p0y1576f158"], "log": "|init|battle\n|title|p0x15766d94 vs. p0y1576f158\n|j|\u2606p0x15766d94\n|j|\u2606p0y1576f158\n|t:|1783557436\n|gametype|singles\n|player|p1|p0x15766d94|102|\n|player|p2|p0y1576f158|101|\n|gen|9\n|tier|[Gen 9] Random Battle\n|rule|Species Clause: Limit one of each Pok\u00e9mon\n|rule|HP Percentage Mod: HP is shown in percentages\n|rule|Sleep Clause Mod: Limit one foe put to sleep\n|rule|Illusion Level Mod: Illusion disguises the Pok\u00e9mon's true level\n|\n|t:|1783557436\n|teamsize|p1|6\n|teamsize|p2|6\n|start\n|switch|p1a: Terapagos|Terapagos, L77, F|265/265\n|switch|p2a: Hariyama|Hariyama, L87, M|100/100\n|-activate|p1a: Terapagos|ability: Tera Shift\n|detailschange|p1a: Terapagos|Terapagos-Terastal, L77, F\n|-heal|p1a: Terapagos|273/273|[silent]\n|turn|1\n|inactive|Battle timer is ON: inactive players will automatically lose when time's up. (requested by p0y1576f158)\n|inactive|Time left: 300 sec this turn | 300 sec total | 60 sec grace\n|inactive|p0x15766d94 also wants the timer to be on.\n|\n|t:|1783557438\n|switch|p1a: Gogoat|Gogoat, L88, M|360/360\n|move|p2a: Hariyama|Close Combat|p1a: Gogoat\n|-damage|p1a: Gogoat|170/360\n|-unboost|p2a: Hariyama|def|1\n|-unboost|p2a: Hariyama|spd|1\n|\n|-heal|p1a: Gogoat|192/360|[from] item: Leftovers\n|upkeep\n|turn|2\n|inactive|Time left: 300 sec this turn | 300 sec total\n|\n|t:|1783557440\n|switch|p2a: Gumshoos|Gumshoos, L95, F|100/100\n|move|p1a: Gogoat|Bulk Up|p1a: Gogoat\n|-boost|p1a: Gogoat|atk|1\n|-boost|p1a: Gogoat|def|1\n|\n|-heal|p1a: Gogoat|214/360|[from] item: Leftovers\n|upkeep\n|turn|3\n|inactive|Time left: 300 sec this turn | 300 sec total\n|\n|t:|1783557441\n|move|p1a: Gogoat|Horn Leech|p2a: Gumshoos\n|-damage|p2a: Gumshoos|56/100\n|-heal|p1a: Gogoat|286/360|[from] drain|[of] p2a: Gumshoos\n|move|p2a: Gumshoos|Knock Off|p1a: Gogoat\n|-damage|p1a: Gogoat|169/360\n|-enditem|p1a: Gogoat|Leftovers|[from] move: Knock Off|[of] p2a: Gumshoos\n|\n|upkeep\n|turn|4\n|inactive|Time left: 300 sec this turn | 300 sec total\n|\n|t:|1783557442\n|move|p1a: Gogoat|Horn Leech|p2a: Gumshoos\n|-damage|p2a: Gumshoos|10/100\n|-heal|p1a: Gogoat|243/360|[from] drain|[of] p2a: Gumshoos\n|move|p2a: Gumshoos|Knock Off|p1a: Gogoat\n|-damage|p1a: Gogoat|157/360\n|\n|upkeep\n|turn|5\n|inactive|Time left: 300 sec this turn | 300 sec total\n|\n|t:|1783557443\n|move|p1a: Gogoat|Milk Drink|p1a: Gogoat\n|-heal|p1a: Gogoat|337/360\n|move|p2a: Gumshoos|Knock Off|p1a: Gogoat\n|-damage|p1a: Gogoat|251/360\n|\n|upkeep\n|turn|6\n|inactive|Time left: 300 sec this turn | 300 sec total\n|\n|t:|1783557444\n|move|p1a: Gogoat|Horn Leech|p2a: Gumshoos\n|-damage|p2a: Gumshoos|0 fnt\n|-heal|p1a: Gogoat|266/360|[from] drain|[of] p2a: Gumshoos\n|faint|p2a: Gumshoos\n|\n|upkeep\n|\n|t:|1783557445\n|switch|p2a: Calyrex|Calyrex-Ice, L72|100/100\n|-ability|p2a: Calyrex|As One\n|-ability|p2a: Calyrex|Unnerve\n|turn|7\n|inactive|Time left: 300 sec this turn | 300 sec total\n|\n|t:|1783557446\n|move|p1a: Gogoat|Bulk Up|p1a: Gogoat\n|-boost|p1a: Gogoat|atk|1\n|-boost|p1a: Gogoat|def|1\n|move|p2a: Calyrex|Glacial Lance|p1a: Gogoat\n|-supereffective|p1a: Gogoat\n|-damage|p1a: Gogoat|86/360\n|\n|upkeep\n|turn|8\n|inactive|Time left: 300 sec this turn | 300 sec total\n|\n|t:|1783557447\n|move|p1a: Gogoat|Milk Drink|p1a: Gogoat\n|-heal|p1a: Gogoat|266/360\n|move|p2a: Calyrex|Glacial Lance|p1a: Gogoat\n|-supereffective|p1a: Gogoat\n|-damage|p1a: Gogoat|90/360\n|\n|upkeep\n|turn|9\n|inactive|Time left: 300 sec this turn | 300 sec total\n|\n|t:|1783557448\n|-terastallize|p1a: Gogoat|Water\n|move|p1a: Gogoat|Horn Leech|p2a: Calyrex\n|-damage|p2a: Calyrex|48/100\n|-heal|p1a: Gogoat|160/360|[from] drain|[of] p2a: Calyrex\n|move|p2a: Calyrex|Glacial Lance|p1a: Gogoat\n|-resisted|p1a: Gogoat\n|-damage|p1a: Gogoat|115/360\n|\n|upkeep\n|turn|10\n|inactive|Time left: 300 sec this turn | 300 sec total\n|\n|t:|1783557449\n|switch|p2a: Jirachi|Jirachi, L80|100/100\n|move|p1a: Gogoat|Horn Leech|p2a: Jirachi\n|-resisted|p2a: Jirachi\n|-damage|p2a: Jirachi|74/100\n|-heal|p1a: Gogoat|154/360|[from] drain|[of] p2a: Jirachi\n|\n|-heal|p2a: Jirachi|80/100|[from] item: Leftovers\n|upkeep\n|turn|11\n|inactive|Time left: 300 sec this turn | 300 sec total\n|\n|t:|1783557450\n|move|p2a: Jirachi|Iron Head|p1a: Gogoat\n|-resisted|p1a: Gogoat\n|-damage|p1a: Gogoat|130/360\n|move|p1a: Gogoat|Horn Leech|p2a: Jirachi\n|-resisted|p2a: Jirachi\n|-damage|p2a: Jirachi|52/100\n|-heal|p1a: Gogoat|171/360|[from] drain|[of] p2a: Jirachi\n|\n|-heal|p2a: Jirachi|58/100|[from] item: Leftovers\n|upkeep\n|turn|12\n|inactive|Time left: 300 sec this turn | 300 sec total\n|\n|t:|1783557452\n|move|p2a: Jirachi|Wish|p2a: Jirachi\n|move|p1a: Gogoat|Horn Leech|p2a: Jirachi\n|-resisted|p2a: Jirachi\n|-damage|p2a: Jirachi|28/100\n|-heal|p1a: Gogoat|215/360|[from] drain|[of] p2a: Jirachi\n|\n|-heal|p2a: Jirachi|34/100|[from] item: Leftovers\n|upkeep\n|turn|13\n|inactive|Time left: 300 sec this turn | 300 sec total\n|\n|t:|1783557453\n|move|p2a: Jirachi|Protect|p2a: Jirachi\n|-singleturn|p2a: Jirachi|Protect\n|move|p1a: Gogoat|Horn Leech|p2a: Jirachi\n|-activate|p2a: Jirachi|move: Protect\n|\n|-heal|p2a: Jirachi|84/100|[from] move: Wish|[wisher] Jirachi\n|-heal|p2a: Jirachi|90/100|[from] item: Leftovers\n|upkeep\n|turn|14\n|inactive|Time left: 300 sec this turn | 300 sec total\n|\n|t:|1783557454\n|move|p2a: Jirachi|Iron Head|p1a: Gogoat\n|-resisted|p1a: Gogoat\n|-damage|p1a: Gogoat|190/360\n|move|p1a: Gogoat|Horn Leech|p2a: Jirachi\n|-resisted|p2a: Jirachi\n|-damage|p2a: Jirachi|59/100\n|-heal|p1a: Gogoat|235/360|[from] drain|[of] p2a: Jirachi\n|\n|-heal|p2a: Jirachi|65/100|[from] item: Leftovers\n|upkeep\n|turn|15\n|inactive|Time left: 300 sec this turn | 300 sec total\n|\n|t:|1783557455\n|move|p2a: Jirachi|Iron Head|p1a: Gogoat\n|-resisted|p1a: Gogoat\n|-crit|p1a: Gogoat\n|-damage|p1a: Gogoat|159/360\n|cant|p1a: Gogoat|flinch\n|\n|-heal|p2a: Jirachi|72/100|[from] item: Leftovers\n|upkeep\n|turn|16\n|inactive|Time left: 300 sec this turn | 300 sec total\n|\n|t:|1783557456\n|move|p2a: Jirachi|Iron Head|p1a: Gogoat\n|-resisted|p1a: Gogoat\n|-damage|p1a: Gogoat|135/360\n|cant|p1a: Gogoat|flinch\n|\n|-heal|p2a: Jirachi|78/100|[from] item: Leftovers\n|upkeep\n|turn|17\n|inactive|Time left: 300 sec this turn | 300 sec total\n|\n|t:|1783557457\n|move|p2a: Jirachi|Iron Head|p1a: Gogoat\n|-resisted|p1a: Gogoat\n|-damage|p1a: Gogoat|109/360\n|cant|p1a: Gogoat|flinch\n|\n|-heal|p2a: Jirachi|84/100|[from] item: Leftovers\n|upkeep\n|turn|18\n|inactive|Time left: 300 sec this turn | 300 sec total\n|\n|t:|1783557458\n|move|p2a: Jirachi|Iron Head|p1a: Gogoat\n|-resisted|p1a: Gogoat\n|-damage|p1a: Gogoat|85/360\n|cant|p1a: Gogoat|flinch\n|\n|-heal|p2a: Jirachi|90/100|[from] item: Leftovers\n|upkeep\n|turn|19\n|inactive|Time left: 300 sec this turn | 300 sec total\n|\n|t:|1783557459\n|move|p2a: Jirachi|Iron Head|p1a: Gogoat\n|-resisted|p1a: Gogoat\n|-damage|p1a: Gogoat|61/360\n|cant|p1a: Gogoat|flinch\n|\n|-heal|p2a: Jirachi|96/100|[from] item: Leftovers\n|upkeep\n|turn|20\n|inactive|Time left: 300 sec this turn | 300 sec total\n|\n|t:|1783557460\n|move|p2a: Jirachi|Iron Head|p1a: Gogoat\n|-resisted|p1a: Gogoat\n|-damage|p1a: Gogoat|36/360\n|move|p1a: Gogoat|Milk Drink|p1a: Gogoat\n|-heal|p1a: Gogoat|216/360\n|\n|-heal|p2a: Jirachi|100/100|[from] item: Leftovers\n|upkeep\n|turn|21\n|inactive|Time left: 300 sec this turn | 300 sec total\n|\n|t:|1783557461\n|move|p2a: Jirachi|Iron Head|p1a: Gogoat\n|-resisted|p1a: Gogoat\n|-damage|p1a: Gogoat|192/360\n|move|p1a: Gogoat|Milk Drink|p1a: Gogoat\n|-heal|p1a: Gogoat|360/360\n|\n|upkeep\n|turn|22\n|inactive|Time left: 300 sec this turn | 300 sec total\n|\n|t:|1783557462\n|move|p2a: Jirachi|Wish|p2a: Jirachi\n|move|p1a: Gogoat|Horn Leech|p2a: Jirachi\n|-resisted|p2a: Jirachi\n|-damage|p2a: Jirachi|72/100\n|\n|-heal|p2a: Jirachi|78/100|[from] item: Leftovers\n|upkeep\n|turn|23\n|inactive|Time left: 300 sec this turn | 300 sec total\n|\n|t:|1783557462\n|move|p2a: Jirachi|Iron Head|p1a: Gogoat\n|-resisted|p1a: Gogoat\n|-damage|p1a: Gogoat|336/360\n|move|p1a: Gogoat|Bulk Up|p1a: Gogoat\n|-boost|p1a: Gogoat|atk|1\n|-boost|p1a: Gogoat|def|1\n|\n|-heal|p2a: Jirachi|100/100|[from] move: Wish|[wisher] Jirachi\n|upkeep\n|turn|24\n|inactive|Time left: 300 sec this turn | 300 sec total\n|\n|t:|1783557463\n|move|p2a: Jirachi|Iron Head|p1a: Gogoat\n|-resisted|p1a: Gogoat\n|-damage|p1a: Gogoat|315/360\n|move|p1a: Gogoat|Horn Leech|p2a: Jirachi\n|-resisted|p2a: Jirachi\n|-damage|p2a: Jirachi|64/100\n|-heal|p1a: Gogoat|360/360|[from] drain|[of] p2a: Jirachi\n|\n|-heal|p2a: Jirachi|71/100|[from] item: Leftovers\n|upkeep\n|turn|25\n|inactive|Time left: 300 sec this turn | 300 sec total\n|\n|t:|1783557464\n|move|p2a: Jirachi|Protect|p2a: Jirachi\n|-singleturn|p2a: Jirachi|Protect\n|move|p1a: Gogoat|Horn Leech|p2a: Jirachi\n|-activate|p2a: Jirachi|move: Protect\n|\n|-heal|p2a: Jirachi|77/100|[from] item: Leftovers\n|upkeep\n|turn|26\n|inactive|Time left: 300 sec this turn | 300 sec total\n|\n|t:|1783557465\n|move|p2a: Jirachi|Iron Head|p1a: Gogoat\n|-resisted|p1a: Gogoat\n|-damage|p1a: Gogoat|341/360\n|cant|p1a: Gogoat|flinch\n|\n|-heal|p2a: Jirachi|83/100|[from] item: Leftovers\n|upkeep\n|turn|27\n|inactive|Time left: 300 sec this turn | 300 sec total\n|\n|t:|1783557466\n|move|p2a: Jirachi|Iron Head|p1a: Gogoat\n|-resisted|p1a: Gogoat\n|-damage|p1a: Gogoat|320/360\n|cant|p1a: Gogoat|flinch\n|\n|-heal|p2a: Jirachi|89/100|[from] item: Leftovers\n|upkeep\n|turn|28\n|inactive|Time left: 300 sec this turn | 300 sec total\n|\n|t:|1783557466\n|move|p2a: Jirachi|Iron Head|p1a: Gogoat\n|-resisted|p1a: Gogoat\n|-damage|p1a: Gogoat|300/360\n|cant|p1a: Gogoat|flinch\n|\n|-heal|p2a: Jirachi|95/100|[from] item: Leftovers\n|upkeep\n|turn|29\n|inactive|Time left: 300 sec this turn | 300 sec total\n|\n|t:|1783557467\n|move|p2a: Jirachi|Iron Head|p1a: Gogoat\n|-resisted|p1a: Gogoat\n|-damage|p1a: Gogoat|281/360\n|cant|p1a: Gogoat|flinch\n|\n|-heal|p2a: Jirachi|100/100|[from] item: Leftovers\n|upkeep\n|turn|30\n|inactive|Time left: 300 sec this turn | 300 sec total\n|\n|t:|1783557468\n|move|p2a: Jirachi|Iron Head|p1a: Gogoat\n|-resisted|p1a: Gogoat\n|-damage|p1a: Gogoat|262/360\n|cant|p1a: Gogoat|flinch\n|\n|upkeep\n|turn|31\n|inactive|Time left: 300 sec this turn | 300 sec total\n|\n|t:|1783557469\n|move|p2a: Jirachi|Iron Head|p1a: Gogoat\n|-resisted|p1a: Gogoat\n|-damage|p1a: Gogoat|242/360\n|move|p1a: Gogoat|Horn Leech|p2a: Jirachi\n|-resisted|p2a: Jirachi\n|-damage|p2a: Jirachi|61/100\n|-heal|p1a: Gogoat|299/360|[from] drain|[of] p2a: Jirachi\n|\n|-heal|p2a: Jirachi|68/100|[from] item: Leftovers\n|upkeep\n|turn|32\n|inactive|Time left: 300 sec this turn | 300 sec total\n|\n|t:|1783557470\n|move|p2a: Jirachi|Wish|p2a: Jirachi\n|move|p1a: Gogoat|Horn Leech|p2a: Jirachi\n|-resisted|p2a: Jirachi\n|-damage|p2a: Jirachi|30/100\n|-heal|p1a: Gogoat|354/360|[from] drain|[of] p2a: Jirachi\n|\n|-heal|p2a: Jirachi|36/100|[from] item: Leftovers\n|upkeep\n|turn|33\n|inactive|Time left: 300 sec this turn | 300 sec total\n|\n|t:|1783557471\n|move|p2a: Jirachi|Protect|p2a: Jirachi\n|-singleturn|p2a: Jirachi|Protect\n|move|p1a: Gogoat|Horn Leech|p2a: Jirachi\n|-activate|p2a: Jirachi|move: Protect\n|\n|-heal|p2a: Jirachi|86/100|[from] move: Wish|[wisher] Jirachi\n|-heal|p2a: Jirachi|92/100|[from] item: Leftovers\n|upkeep\n|turn|34\n|inactive|Time left: 300 sec this turn | 300 sec total\n|\n|t:|1783557472\n|move|p2a: Jirachi|Wish|p2a: Jirachi\n|move|p1a: Gogoat|Horn Leech|p2a: Jirachi\n|-resisted|p2a: Jirachi\n|-damage|p2a: Jirachi|57/100\n|-heal|p1a: Gogoat|360/360|[from] drain|[of] p2a: Jirachi\n|\n|-heal|p2a: Jirachi|63/100|[from] item: Leftovers\n|upkeep\n|turn|35\n|inactive|Time left: 300 sec this turn | 300 sec total\n|\n|t:|1783557473\n|switch|p2a: Mismagius|Mismagius, L86, F|100/100\n|move|p1a: Gogoat|Bulk Up|p1a: Gogoat\n|-boost|p1a: Gogoat|atk|1\n|-boost|p1a: Gogoat|def|1\n|\n|upkeep\n|turn|36\n|inactive|Time left: 300 sec this turn | 300 sec total\n|\n|t:|1783557475\n|move|p2a: Mismagius|Nasty Plot|p2a: Mismagius\n|-boost|p2a: Mismagius|spa|2\n|move|p1a: Gogoat|Rock Slide|p2a: Mismagius\n|-damage|p2a: Mismagius|0 fnt\n|faint|p2a: Mismagius\n|\n|upkeep\n|\n|t:|1783557476\n|switch|p2a: Jirachi|Jirachi, L80|63/100\n|turn|37\n|inactive|Time left: 300 sec this turn | 300 sec total\n|\n|t:|1783557477\n|move|p2a: Jirachi|Wish|p2a: Jirachi\n|move|p1a: Gogoat|Rock Slide|p2a: Jirachi\n|-resisted|p2a: Jirachi\n|-damage|p2a: Jirachi|35/100\n|\n|-heal|p2a: Jirachi|41/100|[from] item: Leftovers\n|upkeep\n|turn|38\n|inactive|Time left: 300 sec this turn | 300 sec total\n|\n|t:|1783557478\n|move|p2a: Jirachi|Protect|p2a: Jirachi\n|-singleturn|p2a: Jirachi|Protect\n|move|p1a: Gogoat|Rock Slide|p2a: Jirachi\n|-activate|p2a: Jirachi|move: Protect\n|\n|-heal|p2a: Jirachi|91/100|[from] move: Wish|[wisher] Jirachi\n|-heal|p2a: Jirachi|97/100|[from] item: Leftovers\n|upkeep\n|turn|39\n|inactive|Time left: 300 sec this turn | 300 sec total\n|\n|t:|1783557479\n|move|p2a: Jirachi|Wish|p2a: Jirachi\n|move|p1a: Gogoat|Rock Slide|p2a: Jirachi\n|-resisted|p2a: Jirachi\n|-damage|p2a: Jirachi|67/100\n|\n|-heal|p2a: Jirachi|73/100|[from] item: Leftovers\n|upkeep\n|turn|40\n|inactive|Time left: 300 sec this turn | 300 sec total\n|\n|t:|1783557480\n|move|p2a: Jirachi|Wish||[still]\n|-fail|p2a: Jirachi\n|move|p1a: Gogoat|Bulk Up|p1a: Gogoat\n|-boost|p1a: Gogoat|atk|1\n|-boost|p1a: Gogoat|def|1\n|\n|-heal|p2a: Jirachi|100/100|[from] move: Wish|[wisher] Jirachi\n|upkeep\n|turn|41\n|inactive|Time left: 300 sec this turn | 300 sec total\n|\n|t:|1783557481\n|move|p2a: Jirachi|Wish|p2a: Jirachi\n|move|p1a: Gogoat|Rock Slide|p2a: Jirachi\n|-resisted|p2a: Jirachi\n|-damage|p2a: Jirachi|65/100\n|\n|-heal|p2a: Jirachi|72/100|[from] item: Leftovers\n|upkeep\n|turn|42\n|inactive|Time left: 300 sec this turn | 300 sec total\n|\n|t:|1783557482\n|move|p2a: Jirachi|Wish||[still]\n|-fail|p2a: Jirachi\n|move|p1a: Gogoat|Bulk Up|p1a: Gogoat\n|-boost|p1a: Gogoat|atk|1\n|-boost|p1a: Gogoat|def|1\n|\n|-heal|p2a: Jirachi|100/100|[from] move: Wish|[wisher] Jirachi\n|upkeep\n|turn|43\n|inactive|Time left: 300 sec this turn | 300 sec total\n|\n|t:|1783557483\n|move|p2a: Jirachi|Wish|p2a: Jirachi\n|move|p1a: Gogoat|Rock Slide|p2a: Jirachi\n|-resisted|p2a: Jirachi\n|-damage|p2a: Jirachi|60/100\n|\n|-heal|p2a: Jirachi|66/100|[from] item: Leftovers\n|upkeep\n|turn|44\n|inactive|Time left: 300 sec this turn | 300 sec total\n|\n|t:|1783557484\n|move|p2a: Jirachi|Wish||[still]\n|-fail|p2a: Jirachi\n|move|p1a: Gogoat|Rock Slide|p2a: Jirachi\n|-resisted|p2a: Jirachi\n|-damage|p2a: Jirachi|31/100\n|\n|-heal|p2a: Jirachi|81/100|[from] move: Wish|[wisher] Jirachi\n|-heal|p2a: Jirachi|87/100|[from] item: Leftovers\n|upkeep\n|turn|45\n|inactive|Time left: 300 sec this turn | 300 sec total\n|\n|t:|1783557486\n|move|p2a: Jirachi|Protect|p2a: Jirachi\n|-singleturn|p2a: Jirachi|Protect\n|move|p1a: Gogoat|Rock Slide|p2a: Jirachi\n|-activate|p2a: Jirachi|move: Protect\n|\n|-heal|p2a: Jirachi|93/100|[from] item: Leftovers\n|upkeep\n|turn|46\n|inactive|Time left: 300 sec this turn | 300 sec total\n|\n|t:|1783557487\n|move|p2a: Jirachi|Iron Head|p1a: Gogoat\n|-resisted|p1a: Gogoat\n|-damage|p1a: Gogoat|346/360\n|cant|p1a: Gogoat|flinch\n|\n|-heal|p2a: Jirachi|99/100|[from] item: Leftovers\n|upkeep\n|turn|47\n|inactive|Time left: 300 sec this turn | 300 sec total\n|\n|t:|1783557488\n|move|p2a: Jirachi|Protect|p2a: Jirachi\n|-singleturn|p2a: Jirachi|Protect\n|move|p1a: Gogoat|Rock Slide|p2a: Jirachi\n|-activate|p2a: Jirachi|move: Protect\n|\n|-heal|p2a: Jirachi|100/100|[from] item: Leftovers\n|upkeep\n|turn|48\n|inactive|Time left: 300 sec this turn | 300 sec total\n|\n|t:|1783557489\n|move|p2a: Jirachi|Wish|p2a: Jirachi\n|move|p1a: Gogoat|Rock Slide|p2a: Jirachi\n|-resisted|p2a: Jirachi\n|-damage|p2a: Jirachi|59/100\n|\n|-heal|p2a: Jirachi|65/100|[from] item: Leftovers\n|upkeep\n|turn|49\n|inactive|Time left: 300 sec this turn | 300 sec total\n|\n|t:|1783557490\n|move|p2a: Jirachi|Protect|p2a: Jirachi\n|-singleturn|p2a: Jirachi|Protect\n|move|p1a: Gogoat|Rock Slide|p2a: Jirachi\n|-activate|p2a: Jirachi|move: Protect\n|\n|-heal|p2a: Jirachi|100/100|[from] move: Wish|[wisher] Jirachi\n|upkeep\n|turn|50\n|inactive|Time left: 300 sec this turn | 300 sec total\n|\n|t:|1783557491\n|move|p2a: Jirachi|Wish|p2a: Jirachi\n|move|p1a: Gogoat|Rock Slide|p2a: Jirachi\n|-resisted|p2a: Jirachi\n|-damage|p2a: Jirachi|63/100\n|\n|-heal|p2a: Jirachi|69/100|[from] item: Leftovers\n|upkeep\n|turn|51\n|inactive|Time left: 300 sec this turn | 300 sec total\n|\n|t:|1783557492\n|move|p2a: Jirachi|Protect|p2a: Jirachi\n|-singleturn|p2a: Jirachi|Protect\n|move|p1a: Gogoat|Rock Slide|p2a: Jirachi\n|-activate|p2a: Jirachi|move: Protect\n|\n|-heal|p2a: Jirachi|100/100|[from] move: Wish|[wisher] Jirachi\n|upkeep\n|turn|52\n|inactive|Time left: 300 sec this turn | 300 sec total\n|\n|t:|1783557494\n|move|p2a: Jirachi|Wish|p2a: Jirachi\n|move|p1a: Gogoat|Rock Slide|p2a: Jirachi\n|-resisted|p2a: Jirachi\n|-damage|p2a: Jirachi|59/100\n|\n|-heal|p2a: Jirachi|65/100|[from] item: Leftovers\n|upkeep\n|turn|53\n|inactive|Time left: 300 sec this turn | 300 sec total\n|\n|t:|1783557495\n|move|p2a: Jirachi|Protect|p2a: Jirachi\n|-singleturn|p2a: Jirachi|Protect\n|move|p1a: Gogoat|Rock Slide|p2a: Jirachi\n|-activate|p2a: Jirachi|move: Protect\n|\n|-heal|p2a: Jirachi|100/100|[from] move: Wish|[wisher] Jirachi\n|upkeep\n|turn|54\n|inactive|Time left: 300 sec this turn | 300 sec total\n|\n|t:|1783557496\n|move|p2a: Jirachi|Wish|p2a: Jirachi\n|move|p1a: Gogoat|Milk Drink|p1a: Gogoat\n|-heal|p1a: Gogoat|360/360\n|\n|upkeep\n|turn|55\n|inactive|Time left: 300 sec this turn | 300 sec total\n|\n|t:|1783557497\n|move|p2a: Jirachi|Wish||[still]\n|-fail|p2a: Jirachi\n|move|p1a: Gogoat|Bulk Up|p1a: Gogoat\n|-boost|p1a: Gogoat|atk|0\n|-boost|p1a: Gogoat|def|0\n|\n|upkeep\n|turn|56\n|inactive|Time left: 300 sec this turn | 300 sec total\n|\n|t:|1783557498\n|switch|p2a: Hariyama|Hariyama, L87, M|100/100\n|move|p1a: Gogoat|Milk Drink||[still]\n|-fail|p1a: Gogoat|heal\n|\n|upkeep\n|turn|57\n|inactive|Time left: 300 sec this turn | 300 sec total\n|\n|t:|1783557499\n|switch|p2a: Jirachi|Jirachi, L80|100/100\n|move|p1a: Gogoat|Milk Drink||[still]\n|-fail|p1a: Gogoat|heal\n|\n|upkeep\n|turn|58\n|inactive|Time left: 300 sec this turn | 300 sec total\n|\n|t:|1783557500\n|switch|p2a: Hariyama|Hariyama, L87, M|100/100\n|move|p1a: Gogoat|Bulk Up|p1a: Gogoat\n|-boost|p1a: Gogoat|atk|0\n|-boost|p1a: Gogoat|def|0\n|\n|upkeep\n|turn|59\n|inactive|Time left: 300 sec this turn | 300 sec total\n|\n|t:|1783557501\n|move|p2a: Hariyama|Bullet Punch|p1a: Gogoat\n|-resisted|p1a: Gogoat\n|-damage|p1a: Gogoat|354/360\n|move|p1a: Gogoat|Bulk Up|p1a: Gogoat\n|-boost|p1a: Gogoat|atk|0\n|-boost|p1a: Gogoat|def|0\n|\n|upkeep\n|turn|60\n|inactive|Time left: 300 sec this turn | 300 sec total\n|\n|t:|1783557502\n|move|p1a: Gogoat|Bulk Up|p1a: Gogoat\n|-boost|p1a: Gogoat|atk|0\n|-boost|p1a: Gogoat|def|0\n|move|p2a: Hariyama|Heavy Slam|p1a: Gogoat\n|-resisted|p1a: Gogoat\n|-damage|p1a: Gogoat|346/360\n|\n|upkeep\n|turn|61\n|inactive|Time left: 300 sec this turn | 300 sec total\n|\n|t:|1783557503\n|move|p1a: Gogoat|Bulk Up|p1a: Gogoat\n|-boost|p1a: Gogoat|atk|0\n|-boost|p1a: Gogoat|def|0\n|move|p2a: Hariyama|Knock Off|p1a: Gogoat\n|-damage|p1a: Gogoat|328/360\n|\n|upkeep\n|turn|62\n|inactive|Time left: 300 sec this turn | 300 sec total\n|\n|t:|1783557504\n|move|p1a: Gogoat|Bulk Up|p1a: Gogoat\n|-boost|p1a: Gogoat|atk|0\n|-boost|p1a: Gogoat|def|0\n|move|p2a: Hariyama|Heavy Slam|p1a: Gogoat\n|-resisted|p1a: Gogoat\n|-damage|p1a: Gogoat|320/360\n|\n|upkeep\n|turn|63\n|inactive|Time left: 300 sec this turn | 300 sec total\n|\n|t:|1783557505\n|move|p1a: Gogoat|Bulk Up|p1a: Gogoat\n|-boost|p1a: Gogoat|atk|0\n|-boost|p1a: Gogoat|def|0\n|move|p2a: Hariyama|Heavy Slam|p1a: Gogoat\n|-resisted|p1a: Gogoat\n|-damage|p1a: Gogoat|311/360\n|\n|upkeep\n|turn|64\n|inactive|Time left: 300 sec this turn | 300 sec total\n|\n|t:|1783557506\n|move|p1a: Gogoat|Bulk Up|p1a: Gogoat\n|-boost|p1a: Gogoat|atk|0\n|-boost|p1a: Gogoat|def|0\n|move|p2a: Hariyama|Knock Off|p1a: Gogoat\n|-damage|p1a: Gogoat|293/360\n|\n|upkeep\n|turn|65\n|inactive|Time left: 300 sec this turn | 300 sec total\n|\n|t:|1783557507\n|move|p1a: Gogoat|Bulk Up|p1a: Gogoat\n|-boost|p1a: Gogoat|atk|0\n|-boost|p1a: Gogoat|def|0\n|move|p2a: Hariyama|Heavy Slam|p1a: Gogoat\n|-resisted|p1a: Gogoat\n|-damage|p1a: Gogoat|285/360\n|\n|upkeep\n|turn|66\n|inactive|Time left: 300 sec this turn | 300 sec total\n|\n|t:|1783557508\n|move|p1a: Gogoat|Bulk Up|p1a: Gogoat\n|-boost|p1a: Gogoat|atk|0\n|-boost|p1a: Gogoat|def|0\n|move|p2a: Hariyama|Knock Off|p1a: Gogoat\n|-damage|p1a: Gogoat|266/360\n|\n|upkeep\n|turn|67\n|inactive|Time left: 300 sec this turn | 300 sec total\n|\n|t:|1783557509\n|move|p2a: Hariyama|Bullet Punch|p1a: Gogoat\n|-resisted|p1a: Gogoat\n|-damage|p1a: Gogoat|261/360\n|move|p1a: Gogoat|Bulk Up|p1a: Gogoat\n|-boost|p1a: Gogoat|atk|0\n|-boost|p1a: Gogoat|def|0\n|\n|upkeep\n|turn|68\n|inactive|Time left: 300 sec this turn | 300 sec total\n|\n|t:|1783557510\n|switch|p2a: Jirachi|Jirachi, L80|100/100\n|move|p1a: Gogoat|Bulk Up|p1a: Gogoat\n|-boost|p1a: Gogoat|atk|0\n|-boost|p1a: Gogoat|def|0\n|\n|upkeep\n|turn|69\n|inactive|Time left: 300 sec this turn | 300 sec total\n|\n|t:|1783557511\n|move|p2a: Jirachi|Protect|p2a: Jirachi\n|-singleturn|p2a: Jirachi|Protect\n|move|p1a: Gogoat|Bulk Up|p1a: Gogoat\n|-boost|p1a: Gogoat|atk|0\n|-boost|p1a: Gogoat|def|0\n|\n|upkeep\n|turn|70\n|inactive|Time left: 300 sec this turn | 300 sec total\n|\n|t:|1783557512\n|move|p2a: Jirachi|Protect||[still]\n|-fail|p2a: Jirachi\n|move|p1a: Gogoat|Milk Drink|p1a: Gogoat\n|-heal|p1a: Gogoat|360/360\n|\n|upkeep\n|turn|71\n|inactive|Time left: 300 sec this turn | 300 sec total\n|\n|t:|1783557513\n|switch|p2a: Hariyama|Hariyama, L87, M|100/100\n|move|p1a: Gogoat|Bulk Up|p1a: Gogoat\n|-boost|p1a: Gogoat|atk|0\n|-boost|p1a: Gogoat|def|0\n|\n|upkeep\n|turn|72\n|inactive|Time left: 300 sec this turn | 300 sec total\n|\n|t:|1783557514\n|switch|p2a: Jirachi|Jirachi, L80|100/100\n|move|p1a: Gogoat|Rock Slide|p2a: Jirachi\n|-resisted|p2a: Jirachi\n|-damage|p2a: Jirachi|60/100\n|\n|-heal|p2a: Jirachi|66/100|[from] item: Leftovers\n|upkeep\n|turn|73\n|inactive|Time left: 300 sec this turn | 300 sec total\n|\n|t:|1783557515\n|move|p2a: Jirachi|Iron Head|p1a: Gogoat\n|-resisted|p1a: Gogoat\n|-damage|p1a: Gogoat|348/360\n|cant|p1a: Gogoat|flinch\n|\n|-heal|p2a: Jirachi|73/100|[from] item: Leftovers\n|upkeep\n|turn|74\n|inactive|Time left: 300 sec this turn | 300 sec total\n|\n|t:|1783557516\n|switch|p1a: Stantler|Stantler, L92, F|284/284\n|-ability|p1a: Stantler|Intimidate|boost\n|-unboost|p2a: Jirachi|atk|1\n|move|p2a: Jirachi|Iron Head|p1a: Stantler\n|-damage|p1a: Stantler|238/284\n|\n|-heal|p2a: Jirachi|79/100|[from] item: Leftovers\n|upkeep\n|turn|75\n|inactive|Time left: 300 sec this turn | 300 sec total\n|\n|t:|1783557517\n|move|p1a: Stantler|Body Slam|p2a: Jirachi\n|-resisted|p2a: Jirachi\n|-damage|p2a: Jirachi|62/100\n|move|p2a: Jirachi|U-turn|p1a: Stantler\n|-damage|p1a: Stantler|213/284\n|\n|t:|1783557518\n|switch|p2a: Calyrex|Calyrex-Ice, L72|48/100|[from] U-turn\n|-ability|p2a: Calyrex|As One\n|-ability|p2a: Calyrex|Unnerve\n|\n|upkeep\n|turn|76\n|inactive|Time left: 300 sec this turn | 300 sec total\n|\n|t:|1783557519\n|move|p1a: Stantler|Body Slam|p2a: Calyrex\n|-damage|p2a: Calyrex|20/100\n|move|p2a: Calyrex|Glacial Lance|p1a: Stantler\n|-damage|p1a: Stantler|90/284\n|\n|upkeep\n|turn|77\n|inactive|Time left: 300 sec this turn | 300 sec total\n|\n|t:|1783557520\n|switch|p2a: Jirachi|Jirachi, L80|62/100\n|move|p1a: Stantler|Body Slam|p2a: Jirachi\n|-resisted|p2a: Jirachi\n|-damage|p2a: Jirachi|43/100\n|\n|-heal|p2a: Jirachi|50/100|[from] item: Leftovers\n|upkeep\n|turn|78\n|inactive|Time left: 300 sec this turn | 300 sec total\n|\n|t:|1783557521\n|move|p1a: Stantler|Earthquake|p2a: Jirachi\n|-supereffective|p2a: Jirachi\n|-damage|p2a: Jirachi|0 fnt\n|faint|p2a: Jirachi\n|\n|upkeep\n|\n|t:|1783557522\n|switch|p2a: Palkia|Palkia-Origin, L72|100/100\n|-ability|p2a: Palkia|Pressure\n|turn|79\n|inactive|Time left: 300 sec this turn | 300 sec total\n|\n|t:|1783557523\n|switch|p1a: Gogoat|Gogoat, L88, M, tera:Water|348/360\n|move|p2a: Palkia|Spacial Rend|p1a: Gogoat\n|-crit|p1a: Gogoat\n|-damage|p1a: Gogoat|153/360\n|\n|upkeep\n|turn|80\n|inactive|Time left: 300 sec this turn | 300 sec total\n|\n|t:|1783557524\n|switch|p1a: Stantler|Stantler, L92, F|90/284\n|-ability|p1a: Stantler|Intimidate|boost\n|-unboost|p2a: Palkia|atk|1\n|move|p2a: Palkia|Spacial Rend|p1a: Stantler\n|-damage|p1a: Stantler|0 fnt\n|faint|p1a: Stantler\n|\n|upkeep\n|inactive|Time left: 300 sec this turn | 300 sec total | 5 sec grace\n|\n|t:|1783557525\n|switch|p1a: Veluza|Veluza, L85, F|292/292\n|turn|81\n|inactive|Time left: 300 sec this turn | 300 sec total\n|\n|t:|1783557526\n|move|p2a: Palkia|Spacial Rend|p1a: Veluza\n|-damage|p1a: Veluza|130/292\n|-enditem|p1a: Veluza|Sitrus Berry|[eat]\n|-heal|p1a: Veluza|203/292|[from] item: Sitrus Berry\n|move|p1a: Veluza|Psycho Cut|p2a: Palkia\n|-damage|p2a: Palkia|53/100\n|\n|upkeep\n|turn|82\n|inactive|Time left: 300 sec this turn | 300 sec total\n|\n|t:|1783557527\n|move|p2a: Palkia|Spacial Rend|p1a: Veluza\n|-damage|p1a: Veluza|53/292\n|move|p1a: Veluza|Psycho Cut|p2a: Palkia\n|-damage|p2a: Palkia|0 fnt\n|faint|p2a: Palkia\n|\n|upkeep\n|\n|t:|1783557528\n|switch|p2a: Hariyama|Hariyama, L87, M|100/100\n|turn|83\n|inactive|Time left: 300 sec this turn | 300 sec total\n|\n|t:|1783557530\n|move|p1a: Veluza|Psycho Cut|p2a: Hariyama\n|-supereffective|p2a: Hariyama\n|-damage|p2a: Hariyama|29/100\n|move|p2a: Hariyama|Knock Off|p1a: Veluza\n|-supereffective|p1a: Veluza\n|-crit|p1a: Veluza\n|-damage|p1a: Veluza|0 fnt\n|faint|p1a: Veluza\n|\n|upkeep\n|inactive|Time left: 300 sec this turn | 300 sec total | 5 sec grace\n|\n|t:|1783557531\n|switch|p1a: Iron Crown|Iron Crown, L78|268/268\n|turn|84\n|inactive|Time left: 300 sec this turn | 300 sec total\n|\n|t:|1783557532\n|-terastallize|p2a: Hariyama|Steel\n|move|p1a: Iron Crown|Tachyon Cutter|p2a: Hariyama\n|-resisted|p2a: Hariyama\n|-crit|p2a: Hariyama\n|-damage|p2a: Hariyama|16/100\n|-resisted|p2a: Hariyama\n|-damage|p2a: Hariyama|7/100\n|-hitcount|p2a: Hariyama|2\n|move|p2a: Hariyama|Knock Off|p1a: Iron Crown\n|-supereffective|p1a: Iron Crown\n|-damage|p1a: Iron Crown|98/268\n|-enditem|p1a: Iron Crown|Choice Specs|[from] move: Knock Off|[of] p2a: Hariyama\n|\n|upkeep\n|turn|85\n|inactive|Time left: 300 sec this turn | 300 sec total\n|\n|t:|1783557533\n|move|p1a: Iron Crown|Tachyon Cutter|p2a: Hariyama\n|-resisted|p2a: Hariyama\n|-damage|p2a: Hariyama|0 fnt\n|faint|p2a: Hariyama\n|-hitcount|p2: Hariyama|1\n|\n|upkeep\n|\n|t:|1783557534\n|switch|p2a: Calyrex|Calyrex-Ice, L72|20/100\n|-ability|p2a: Calyrex|As One\n|-ability|p2a: Calyrex|Unnerve\n|turn|86\n|inactive|Time left: 300 sec this turn | 300 sec total\n|\n|t:|1783557535\n|move|p1a: Iron Crown|Tachyon Cutter|p2a: Calyrex\n|-supereffective|p2a: Calyrex\n|-damage|p2a: Calyrex|0 fnt\n|faint|p2a: Calyrex\n|-hitcount|p2: Calyrex|1\n|\n|win|p0x15766d94", "uploadtime": 1783557535, "views": 0, "rating": 0, "private": 0, "password": null, "_winner": "p0x15766d94", "_our_name": "p0x15766d94"}