{"id": "battle-gen9randombattle-2362", "formatid": "gen9randombattle", "format": "[Gen 9] Random Battle", "players": ["p0x23621bed", "p0y23624cd7"], "log": "|init|battle\n|title|p0x23621bed vs. p0y23624cd7\n|j|\u2606p0x23621bed\n|j|\u2606p0y23624cd7\n|t:|1783566389\n|gametype|singles\n|player|p1|p0x23621bed|101|\n|player|p2|p0y23624cd7|2|\n|gen|9\n|tier|[Gen 9] Random Battle\n|rule|Species Clause: Limit one of each Pok\u00e9mon\n|rule|HP Percentage Mod: HP is shown in percentages\n|rule|Sleep Clause Mod: Limit one foe put to sleep\n|rule|Illusion Level Mod: Illusion disguises the Pok\u00e9mon's true level\n|\n|t:|1783566389\n|teamsize|p1|6\n|teamsize|p2|6\n|start\n|switch|p1a: Qwilfish|Qwilfish-Hisui, L83, M|244/244\n|switch|p2a: Dondozo|Dondozo, L78, F|100/100\n|-ability|p1a: Qwilfish|Intimidate|boost\n|-unboost|p2a: Dondozo|atk|1\n|turn|1\n|inactive|Battle timer is ON: inactive players will automatically lose when time's up. (requested by p0x23621bed)\n|inactive|p0y23624cd7 also wants the timer to be on.\n|\n|t:|1783566391\n|switch|p2a: Diancie|Diancie, L82|100/100\n|move|p1a: Qwilfish|Gunk Shot|p2a: Diancie\n|-damage|p2a: Diancie|64/100\n|\n|-heal|p2a: Diancie|70/100|[from] item: Leftovers\n|upkeep\n|turn|2\n|inactive|Time left: 300 sec this turn | 300 sec total\n|\n|t:|1783566392\n|move|p1a: Qwilfish|Spikes|p2a: Diancie\n|-sidestart|p2: p0y23624cd7|Spikes\n|move|p2a: Diancie|Moonblast|p1a: Qwilfish\n|-damage|p1a: Qwilfish|148/244\n|\n|-heal|p2a: Diancie|76/100|[from] item: Leftovers\n|upkeep\n|turn|3\n|inactive|Time left: 300 sec this turn | 300 sec total\n|\n|t:|1783566393\n|move|p1a: Qwilfish|Gunk Shot|p2a: Diancie|[miss]\n|-miss|p1a: Qwilfish|p2a: Diancie\n|move|p2a: Diancie|Moonblast|p1a: Qwilfish\n|-damage|p1a: Qwilfish|57/244\n|-unboost|p1a: Qwilfish|spa|1\n|\n|-heal|p2a: Diancie|82/100|[from] item: Leftovers\n|upkeep\n|turn|4\n|inactive|Time left: 300 sec this turn | 300 sec total\n|\n|t:|1783566394\n|move|p1a: Qwilfish|Toxic Spikes|p2a: Diancie\n|-sidestart|p2: p0y23624cd7|move: Toxic Spikes\n|move|p2a: Diancie|Diamond Storm|p1a: Qwilfish\n|-damage|p1a: Qwilfish|0 fnt\n|faint|p1a: Qwilfish\n|\n|-heal|p2a: Diancie|88/100|[from] item: Leftovers\n|upkeep\n|inactive|Time left: 300 sec this turn | 300 sec total | 5 sec grace\n|\n|t:|1783566395\n|switch|p1a: Golem|Golem-Alola, L93, F|300/300\n|turn|5\n|inactive|Time left: 300 sec this turn | 300 sec total\n|\n|t:|1783566396\n|switch|p2a: Duraludon|Duraludon, L82, M|100/100\n|-damage|p2a: Duraludon|88/100|[from] Spikes\n|move|p1a: Golem|Double-Edge|p2a: Duraludon\n|-resisted|p2a: Duraludon\n|-damage|p2a: Duraludon|54/100\n|-damage|p1a: Golem|272/300|[from] Recoil\n|-damage|p1a: Golem|242/300|[from] item: Life Orb\n|\n|upkeep\n|turn|6\n|inactive|Time left: 300 sec this turn | 300 sec total\n|\n|t:|1783566398\n|move|p2a: Duraludon|Iron Defense|p2a: Duraludon\n|-boost|p2a: Duraludon|def|2\n|move|p1a: Golem|Earthquake|p2a: Duraludon\n|-supereffective|p2a: Duraludon\n|-damage|p2a: Duraludon|25/100\n|-damage|p1a: Golem|212/300|[from] item: Life Orb\n|\n|upkeep\n|turn|7\n|inactive|Time left: 300 sec this turn | 300 sec total\n|\n|t:|1783566399\n|move|p2a: Duraludon|Flash Cannon|p1a: Golem\n|-damage|p1a: Golem|112/300\n|-unboost|p1a: Golem|spd|1\n|move|p1a: Golem|Earthquake|p2a: Duraludon\n|-supereffective|p2a: Duraludon\n|-damage|p2a: Duraludon|0 fnt\n|faint|p2a: Duraludon\n|-damage|p1a: Golem|82/300|[from] item: Life Orb\n|\n|upkeep\n|\n|t:|1783566400\n|switch|p2a: Chimecho|Chimecho, L93, F|100/100\n|turn|8\n|inactive|Time left: 300 sec this turn | 300 sec total\n|\n|t:|1783566400\n|switch|p1a: Camerupt|Camerupt, L91, M|275/275\n|move|p2a: Chimecho|Dazzling Gleam|p1a: Camerupt\n|-resisted|p1a: Camerupt\n|-damage|p1a: Camerupt|242/275\n|\n|-heal|p1a: Camerupt|259/275|[from] item: Leftovers\n|upkeep\n|turn|9\n|inactive|Time left: 300 sec this turn | 300 sec total\n|\n|t:|1783566402\n|move|p2a: Chimecho|Calm Mind|p2a: Chimecho\n|-boost|p2a: Chimecho|spa|1\n|-boost|p2a: Chimecho|spd|1\n|move|p1a: Camerupt|Stealth Rock|p2a: Chimecho\n|-sidestart|p2: p0y23624cd7|move: Stealth Rock\n|\n|-heal|p1a: Camerupt|275/275|[from] item: Leftovers\n|upkeep\n|turn|10\n|inactive|Time left: 300 sec this turn | 300 sec total\n|\n|t:|1783566403\n|move|p2a: Chimecho|Psyshock|p1a: Camerupt\n|-damage|p1a: Camerupt|116/275\n|move|p1a: Camerupt|Roar|p2a: Chimecho\n|drag|p2a: Dondozo|Dondozo, L78, F|100/100\n|-damage|p2a: Dondozo|88/100|[from] Spikes\n|-status|p2a: Dondozo|psn\n|-damage|p2a: Dondozo|76/100 psn|[from] Stealth Rock\n|\n|-heal|p1a: Camerupt|133/275|[from] item: Leftovers\n|-heal|p2a: Dondozo|82/100 psn|[from] item: Leftovers\n|-damage|p2a: Dondozo|69/100 psn|[from] psn\n|upkeep\n|turn|11\n|inactive|Time left: 300 sec this turn | 300 sec total\n|\n|t:|1783566404\n|switch|p1a: Salamence|Salamence, L77, F|273/273\n|-ability|p1a: Salamence|Intimidate|boost\n|-unboost|p2a: Dondozo|atk|1\n|move|p2a: Dondozo|Wave Crash|p1a: Salamence\n|-resisted|p1a: Salamence\n|-damage|p1a: Salamence|228/273\n|-damage|p2a: Dondozo|65/100 psn|[from] Recoil\n|\n|-heal|p2a: Dondozo|71/100 psn|[from] item: Leftovers\n|-damage|p2a: Dondozo|59/100 psn|[from] psn\n|upkeep\n|turn|12\n|inactive|Time left: 300 sec this turn | 300 sec total\n|\n|t:|1783566405\n|move|p1a: Salamence|Dragon Dance|p1a: Salamence\n|-boost|p1a: Salamence|atk|1\n|-boost|p1a: Salamence|spe|1\n|move|p2a: Dondozo|Rest|p2a: Dondozo\n|-status|p2a: Dondozo|slp|[from] move: Rest\n|-heal|p2a: Dondozo|100/100 slp|[silent]\n|\n|upkeep\n|turn|13\n|inactive|Time left: 300 sec this turn | 300 sec total\n|\n|t:|1783566405\n|switch|p2a: Diancie|Diancie, L82|88/100\n|-damage|p2a: Diancie|75/100|[from] Spikes\n|-status|p2a: Diancie|psn\n|-damage|p2a: Diancie|63/100 psn|[from] Stealth Rock\n|move|p1a: Salamence|Dragon Dance|p1a: Salamence\n|-boost|p1a: Salamence|atk|1\n|-boost|p1a: Salamence|spe|1\n|\n|-heal|p2a: Diancie|69/100 psn|[from] item: Leftovers\n|-damage|p2a: Diancie|57/100 psn|[from] psn\n|upkeep\n|turn|14\n|inactive|Time left: 300 sec this turn | 300 sec total\n|\n|t:|1783566406\n|-terastallize|p1a: Salamence|Steel\n|move|p1a: Salamence|Dual Wingbeat|p2a: Diancie\n|-resisted|p2a: Diancie\n|-damage|p2a: Diancie|43/100 psn\n|-resisted|p2a: Diancie\n|-damage|p2a: Diancie|29/100 psn\n|-hitcount|p2a: Diancie|2\n|move|p2a: Diancie|Diamond Storm|p1a: Salamence\n|-resisted|p1a: Salamence\n|-damage|p1a: Salamence|172/273\n|\n|-heal|p2a: Diancie|35/100 psn|[from] item: Leftovers\n|-damage|p2a: Diancie|22/100 psn|[from] psn\n|upkeep\n|turn|15\n|inactive|Time left: 300 sec this turn | 300 sec total\n|\n|t:|1783566407\n|switch|p2a: Dondozo|Dondozo, L78, F|100/100 slp\n|-damage|p2a: Dondozo|88/100 slp|[from] Spikes\n|-damage|p2a: Dondozo|76/100 slp|[from] Stealth Rock\n|move|p1a: Salamence|Dual Wingbeat|p2a: Dondozo\n|-crit|p2a: Dondozo\n|-damage|p2a: Dondozo|60/100 slp\n|-damage|p2a: Dondozo|47/100 slp\n|-hitcount|p2a: Dondozo|2\n|\n|-heal|p2a: Dondozo|53/100 slp|[from] item: Leftovers\n|upkeep\n|turn|16\n|inactive|Time left: 300 sec this turn | 300 sec total\n|\n|t:|1783566408\n|-terastallize|p2a: Dondozo|Fairy\n|move|p1a: Salamence|Roost|p1a: Salamence\n|-heal|p1a: Salamence|273/273\n|cant|p2a: Dondozo|slp\n|move|p2a: Dondozo|Sleep Talk|p2a: Dondozo\n|move|p2a: Dondozo|Rest||[from] move: Sleep Talk|[still]\n|-fail|p2a: Dondozo\n|\n|-heal|p2a: Dondozo|59/100 slp|[from] item: Leftovers\n|upkeep\n|turn|17\n|inactive|Time left: 300 sec this turn | 300 sec total\n|\n|t:|1783566409\n|move|p1a: Salamence|Dragon Dance|p1a: Salamence\n|-boost|p1a: Salamence|atk|1\n|-boost|p1a: Salamence|spe|1\n|cant|p2a: Dondozo|slp\n|move|p2a: Dondozo|Sleep Talk|p2a: Dondozo\n|move|p2a: Dondozo|Wave Crash|p1a: Salamence|[from] move: Sleep Talk\n|-damage|p1a: Salamence|131/273\n|-damage|p2a: Dondozo|46/100 slp|[from] Recoil\n|\n|-heal|p2a: Dondozo|52/100 slp|[from] item: Leftovers\n|upkeep\n|turn|18\n|inactive|Time left: 300 sec this turn | 300 sec total\n|\n|t:|1783566410\n|move|p1a: Salamence|Roost|p1a: Salamence\n|-heal|p1a: Salamence|268/273\n|-curestatus|p2a: Dondozo|slp|[msg]\n|move|p2a: Dondozo|Wave Crash|p1a: Salamence\n|-crit|p1a: Salamence\n|-damage|p1a: Salamence|57/273\n|-damage|p2a: Dondozo|33/100|[from] Recoil\n|\n|-heal|p2a: Dondozo|39/100|[from] item: Leftovers\n|upkeep\n|turn|19\n|inactive|Time left: 300 sec this turn | 300 sec total\n|\n|t:|1783566411\n|move|p1a: Salamence|Roost|p1a: Salamence\n|-heal|p1a: Salamence|194/273\n|move|p2a: Dondozo|Curse|p2a: Dondozo\n|-unboost|p2a: Dondozo|spe|1\n|-boost|p2a: Dondozo|atk|1\n|-boost|p2a: Dondozo|def|1\n|\n|-heal|p2a: Dondozo|45/100|[from] item: Leftovers\n|upkeep\n|turn|20\n|inactive|Time left: 300 sec this turn | 300 sec total\n|\n|t:|1783566412\n|move|p1a: Salamence|Roost|p1a: Salamence\n|-heal|p1a: Salamence|273/273\n|move|p2a: Dondozo|Wave Crash|p1a: Salamence\n|-damage|p1a: Salamence|72/273\n|-damage|p2a: Dondozo|27/100|[from] Recoil\n|\n|-heal|p2a: Dondozo|33/100|[from] item: Leftovers\n|upkeep\n|turn|21\n|inactive|Time left: 300 sec this turn | 300 sec total\n|\n|t:|1783566413\n|move|p1a: Salamence|Roost|p1a: Salamence\n|-heal|p1a: Salamence|209/273\n|move|p2a: Dondozo|Wave Crash|p1a: Salamence\n|-damage|p1a: Salamence|28/273\n|-damage|p2a: Dondozo|17/100|[from] Recoil\n|\n|-heal|p2a: Dondozo|23/100|[from] item: Leftovers\n|upkeep\n|turn|22\n|inactive|Time left: 300 sec this turn | 300 sec total\n|\n|t:|1783566414\n|move|p1a: Salamence|Dual Wingbeat|p2a: Dondozo\n|-damage|p2a: Dondozo|15/100\n|-damage|p2a: Dondozo|7/100\n|-hitcount|p2a: Dondozo|2\n|move|p2a: Dondozo|Wave Crash|p1a: Salamence\n|-damage|p1a: Salamence|0 fnt\n|faint|p1a: Salamence\n|-damage|p2a: Dondozo|5/100|[from] Recoil\n|\n|-heal|p2a: Dondozo|11/100|[from] item: Leftovers\n|upkeep\n|inactive|Time left: 300 sec this turn | 300 sec total | 5 sec grace\n|\n|t:|1783566415\n|switch|p1a: Golem|Golem-Alola, L93, F|82/300\n|turn|23\n|inactive|Time left: 300 sec this turn | 300 sec total\n|\n|t:|1783566416\n|move|p1a: Golem|Earthquake|p2a: Dondozo\n|-damage|p2a: Dondozo|0 fnt\n|faint|p2a: Dondozo\n|-damage|p1a: Golem|52/300|[from] item: Life Orb\n|\n|upkeep\n|\n|t:|1783566417\n|switch|p2a: Chimecho|Chimecho, L93, F|100/100\n|-damage|p2a: Chimecho|88/100|[from] Stealth Rock\n|turn|24\n|inactive|Time left: 300 sec this turn | 300 sec total\n|\n|t:|1783566418\n|switch|p1a: Hippowdon|Hippowdon, L82, F|311/311\n|-weather|Sandstorm|[from] ability: Sand Stream|[of] p1a: Hippowdon\n|move|p2a: Chimecho|Psyshock|p1a: Hippowdon\n|-damage|p1a: Hippowdon|220/311\n|\n|-weather|Sandstorm|[upkeep]\n|-damage|p2a: Chimecho|82/100|[from] Sandstorm\n|-heal|p2a: Chimecho|88/100|[from] item: Leftovers\n|upkeep\n|turn|25\n|inactive|Time left: 300 sec this turn | 300 sec total\n|\n|t:|1783566419\n|move|p2a: Chimecho|Dazzling Gleam|p1a: Hippowdon\n|-damage|p1a: Hippowdon|138/311\n|move|p1a: Hippowdon|Whirlwind|p2a: Chimecho\n|drag|p2a: Lycanroc|Lycanroc-Dusk, L81, M|100/100\n|-damage|p2a: Lycanroc|88/100|[from] Spikes\n|-status|p2a: Lycanroc|psn\n|-damage|p2a: Lycanroc|76/100 psn|[from] Stealth Rock\n|\n|-weather|Sandstorm|[upkeep]\n|-damage|p2a: Lycanroc|64/100 psn|[from] psn\n|upkeep\n|turn|26\n|inactive|Time left: 300 sec this turn | 300 sec total\n|\n|t:|1783566421\n|move|p2a: Lycanroc|Swords Dance|p2a: Lycanroc\n|-boost|p2a: Lycanroc|atk|2\n|move|p1a: Hippowdon|Slack Off|p1a: Hippowdon\n|-heal|p1a: Hippowdon|294/311\n|\n|-weather|Sandstorm|[upkeep]\n|-damage|p2a: Lycanroc|52/100 psn|[from] psn\n|upkeep\n|turn|27\n|inactive|Time left: 300 sec this turn | 300 sec total\n|\n|t:|1783566421\n|move|p2a: Lycanroc|Close Combat|p1a: Hippowdon\n|-damage|p1a: Hippowdon|22/311\n|-unboost|p2a: Lycanroc|def|1\n|-unboost|p2a: Lycanroc|spd|1\n|-damage|p2a: Lycanroc|35/100 psn|[from] item: Rocky Helmet|[of] p1a: Hippowdon\n|-damage|p2a: Lycanroc|25/100 psn|[from] item: Life Orb\n|move|p1a: Hippowdon|Slack Off|p1a: Hippowdon\n|-heal|p1a: Hippowdon|178/311\n|\n|-weather|Sandstorm|[upkeep]\n|-damage|p2a: Lycanroc|13/100 psn|[from] psn\n|upkeep\n|turn|28\n|inactive|Time left: 300 sec this turn | 300 sec total\n|\n|t:|1783566423\n|switch|p1a: Golem|Golem-Alola, L93, F|52/300\n|move|p2a: Lycanroc|Close Combat|p1a: Golem\n|-supereffective|p1a: Golem\n|-damage|p1a: Golem|0 fnt\n|-unboost|p2a: Lycanroc|def|1\n|-unboost|p2a: Lycanroc|spd|1\n|faint|p1a: Golem\n|-damage|p2a: Lycanroc|3/100 psn|[from] item: Life Orb\n|\n|-weather|none\n|-damage|p2a: Lycanroc|0 fnt|[from] psn\n|faint|p2a: Lycanroc\n|upkeep\n|inactive|Time left: 300 sec this turn | 300 sec total | 5 sec grace\n|\n|t:|1783566424\n|switch|p2a: Chimecho|Chimecho, L93, F|88/100\n|switch|p1a: Hippowdon|Hippowdon, L82, F|178/311\n|-damage|p2a: Chimecho|76/100|[from] Stealth Rock\n|-weather|Sandstorm|[from] ability: Sand Stream|[of] p1a: Hippowdon\n|turn|29\n|inactive|Time left: 300 sec this turn | 300 sec total\n|\n|t:|1783566425\n|move|p2a: Chimecho|Dazzling Gleam|p1a: Hippowdon\n|-damage|p1a: Hippowdon|98/311\n|move|p1a: Hippowdon|Slack Off|p1a: Hippowdon\n|-heal|p1a: Hippowdon|254/311\n|\n|-weather|Sandstorm|[upkeep]\n|-damage|p2a: Chimecho|69/100|[from] Sandstorm\n|-heal|p2a: Chimecho|76/100|[from] item: Leftovers\n|upkeep\n|turn|30\n|inactive|Time left: 300 sec this turn | 300 sec total\n|\n|t:|1783566426\n|move|p2a: Chimecho|Dazzling Gleam|p1a: Hippowdon\n|-damage|p1a: Hippowdon|178/311\n|move|p1a: Hippowdon|Whirlwind|p2a: Chimecho\n|drag|p2a: Diancie|Diancie, L82|22/100 psn\n|-damage|p2a: Diancie|10/100 psn|[from] Spikes\n|-damage|p2a: Diancie|0 fnt|[from] Stealth Rock\n|faint|p2a: Diancie\n|\n|-weather|Sandstorm|[upkeep]\n|upkeep\n|\n|t:|1783566427\n|switch|p2a: Virizion|Virizion, L82|100/100\n|-damage|p2a: Virizion|88/100|[from] Spikes\n|-status|p2a: Virizion|psn\n|-damage|p2a: Virizion|82/100 psn|[from] Stealth Rock\n|turn|31\n|inactive|Time left: 300 sec this turn | 300 sec total\n|\n|t:|1783566428\n|move|p2a: Virizion|Leaf Blade|p1a: Hippowdon\n|-supereffective|p1a: Hippowdon\n|-damage|p1a: Hippowdon|0 fnt\n|-damage|p2a: Virizion|66/100 psn|[from] item: Rocky Helmet|[of] p1a: Hippowdon\n|faint|p1a: Hippowdon\n|-damage|p2a: Virizion|56/100 psn|[from] item: Life Orb\n|\n|-weather|Sandstorm|[upkeep]\n|-damage|p2a: Virizion|50/100 psn|[from] Sandstorm\n|-damage|p2a: Virizion|37/100 psn|[from] psn\n|upkeep\n|inactive|Time left: 300 sec this turn | 300 sec total | 5 sec grace\n|\n|t:|1783566429\n|switch|p1a: Lumineon|Lumineon, L93, M|279/279\n|turn|32\n|inactive|Time left: 300 sec this turn | 300 sec total\n|\n|t:|1783566429\n|switch|p1a: Camerupt|Camerupt, L91, M|133/275\n|move|p2a: Virizion|Leaf Blade|p1a: Camerupt\n|-damage|p1a: Camerupt|12/275\n|-damage|p2a: Virizion|27/100 psn|[from] item: Life Orb\n|\n|-weather|Sandstorm|[upkeep]\n|-damage|p2a: Virizion|21/100 psn|[from] Sandstorm\n|-heal|p1a: Camerupt|29/275|[from] item: Leftovers\n|-damage|p2a: Virizion|9/100 psn|[from] psn\n|upkeep\n|turn|33\n|inactive|Time left: 300 sec this turn | 300 sec total\n|\n|t:|1783566430\n|move|p2a: Virizion|Leaf Blade|p1a: Camerupt\n|-damage|p1a: Camerupt|0 fnt\n|faint|p1a: Camerupt\n|-damage|p2a: Virizion|0 fnt|[from] item: Life Orb\n|faint|p2a: Virizion\n|\n|-weather|none\n|upkeep\n|inactive|Time left: 300 sec this turn | 300 sec total | 5 sec grace\n|\n|t:|1783566431\n|switch|p2a: Chimecho|Chimecho, L93, F|76/100\n|switch|p1a: Lumineon|Lumineon, L93, M|279/279\n|-damage|p2a: Chimecho|63/100|[from] Stealth Rock\n|turn|34\n|inactive|Time left: 300 sec this turn | 300 sec total\n|\n|t:|1783566432\n|move|p1a: Lumineon|Ice Beam|p2a: Chimecho\n|-damage|p2a: Chimecho|44/100\n|move|p2a: Chimecho|Recover|p2a: Chimecho\n|-heal|p2a: Chimecho|94/100\n|\n|-heal|p2a: Chimecho|99/100|[from] item: Leftovers\n|upkeep\n|turn|35\n|inactive|Time left: 300 sec this turn | 300 sec total\n|\n|t:|1783566433\n|move|p1a: Lumineon|Encore|p2a: Chimecho\n|-start|p2a: Chimecho|Encore\n|move|p2a: Chimecho|Recover|p2a: Chimecho\n|-heal|p2a: Chimecho|100/100\n|\n|upkeep\n|turn|36\n|inactive|Time left: 300 sec this turn | 300 sec total\n|\n|t:|1783566434\n|move|p1a: Lumineon|Ice Beam|p2a: Chimecho\n|-damage|p2a: Chimecho|82/100\n|move|p2a: Chimecho|Recover|p2a: Chimecho\n|-heal|p2a: Chimecho|100/100\n|\n|upkeep\n|turn|37\n|inactive|Time left: 300 sec this turn | 300 sec total\n|\n|t:|1783566435\n|move|p1a: Lumineon|Ice Beam|p2a: Chimecho\n|-damage|p2a: Chimecho|83/100\n|move|p2a: Chimecho|Recover|p2a: Chimecho\n|-heal|p2a: Chimecho|100/100\n|\n|-end|p2a: Chimecho|Encore\n|upkeep\n|turn|38\n|inactive|Time left: 300 sec this turn | 300 sec total\n|\n|t:|1783566436\n|move|p1a: Lumineon|Encore|p2a: Chimecho\n|-start|p2a: Chimecho|Encore\n|move|p2a: Chimecho|Recover||[still]\n|-fail|p2a: Chimecho|heal\n|\n|upkeep\n|turn|39\n|inactive|Time left: 300 sec this turn | 300 sec total\n|\n|t:|1783566437\n|move|p1a: Lumineon|Ice Beam|p2a: Chimecho\n|-damage|p2a: Chimecho|82/100\n|move|p2a: Chimecho|Recover|p2a: Chimecho\n|-heal|p2a: Chimecho|100/100\n|\n|upkeep\n|turn|40\n|inactive|Time left: 300 sec this turn | 300 sec total\n|\n|t:|1783566438\n|move|p1a: Lumineon|Encore||[still]\n|-fail|p1a: Lumineon\n|move|p2a: Chimecho|Recover||[still]\n|-fail|p2a: Chimecho|heal\n|\n|-end|p2a: Chimecho|Encore\n|upkeep\n|turn|41\n|inactive|Time left: 300 sec this turn | 300 sec total\n|\n|t:|1783566439\n|move|p1a: Lumineon|Encore|p2a: Chimecho\n|-start|p2a: Chimecho|Encore\n|move|p2a: Chimecho|Recover||[still]\n|-fail|p2a: Chimecho|heal\n|\n|-end|p2a: Chimecho|Encore\n|upkeep\n|turn|42\n|inactive|Time left: 300 sec this turn | 300 sec total\n|\n|t:|1783566440\n|move|p1a: Lumineon|Encore||[still]\n|-fail|p1a: Lumineon\n|move|p2a: Chimecho|Dazzling Gleam|p1a: Lumineon\n|-damage|p1a: Lumineon|217/279\n|\n|upkeep\n|turn|43\n|inactive|Time left: 300 sec this turn | 300 sec total\n|\n|t:|1783566441\n|move|p1a: Lumineon|Ice Beam|p2a: Chimecho\n|-damage|p2a: Chimecho|83/100\n|move|p2a: Chimecho|Psyshock|p1a: Lumineon\n|-damage|p1a: Lumineon|114/279\n|\n|-heal|p2a: Chimecho|89/100|[from] item: Leftovers\n|upkeep\n|turn|44\n|inactive|Time left: 300 sec this turn | 300 sec total\n|\n|t:|1783566442\n|move|p1a: Lumineon|Ice Beam|p2a: Chimecho\n|-damage|p2a: Chimecho|70/100\n|-status|p2a: Chimecho|frz\n|cant|p2a: Chimecho|frz\n|\n|-heal|p2a: Chimecho|76/100 frz|[from] item: Leftovers\n|upkeep\n|turn|45\n|inactive|Time left: 300 sec this turn | 300 sec total\n|\n|t:|1783566443\n|move|p1a: Lumineon|U-turn|p2a: Chimecho\n|-supereffective|p2a: Chimecho\n|-damage|p2a: Chimecho|46/100 frz\n|cant|p2a: Chimecho|frz\n|\n|-heal|p2a: Chimecho|52/100 frz|[from] item: Leftovers\n|upkeep\n|turn|46\n|inactive|Time left: 300 sec this turn | 300 sec total\n|\n|t:|1783566444\n|move|p1a: Lumineon|U-turn|p2a: Chimecho\n|-supereffective|p2a: Chimecho\n|-damage|p2a: Chimecho|21/100 frz\n|cant|p2a: Chimecho|frz\n|\n|-heal|p2a: Chimecho|27/100 frz|[from] item: Leftovers\n|upkeep\n|turn|47\n|inactive|Time left: 300 sec this turn | 300 sec total\n|\n|t:|1783566445\n|move|p1a: Lumineon|U-turn|p2a: Chimecho\n|-supereffective|p2a: Chimecho\n|-damage|p2a: Chimecho|0 fnt\n|faint|p2a: Chimecho\n|\n|win|p0x23621bed", "uploadtime": 1783566445, "views": 0, "rating": 0, "private": 0, "password": null, "_winner": "p0x23621bed", "_our_name": "p0x23621bed"}