{"id": "battle-gen9randombattle-758", "formatid": "gen9randombattle", "format": "[Gen 9] Random Battle", "players": ["p0x75820fa", "p0y758bd52"], "log": "|init|battle\n|title|p0x75820fa vs. p0y758bd52\n|j|\u2606p0x75820fa\n|j|\u2606p0y758bd52\n|t:|1783548642\n|gametype|singles\n|player|p1|p0x75820fa|2|\n|player|p2|p0y758bd52|101|\n|gen|9\n|tier|[Gen 9] Random Battle\n|rule|Species Clause: Limit one of each Pok\u00e9mon\n|rule|HP Percentage Mod: HP is shown in percentages\n|rule|Sleep Clause Mod: Limit one foe put to sleep\n|rule|Illusion Level Mod: Illusion disguises the Pok\u00e9mon's true level\n|\n|t:|1783548642\n|teamsize|p1|6\n|teamsize|p2|6\n|start\n|switch|p1a: Mabosstiff|Mabosstiff, L86, M|100/100\n|switch|p2a: Dunsparce|Dunsparce, L86, F|312/312\n|turn|1\n|inactive|Battle timer is ON: inactive players will automatically lose when time's up. (requested by p0x75820fa)\n|inactive|Time left: 300 sec this turn | 300 sec total | 60 sec grace\n|inactive|p0y758bd52 also wants the timer to be on.\n|\n|t:|1783548644\n|move|p1a: Mabosstiff|Crunch|p2a: Dunsparce\n|-damage|p2a: Dunsparce|225/312\n|move|p2a: Dunsparce|Coil|p2a: Dunsparce\n|-boost|p2a: Dunsparce|atk|1\n|-boost|p2a: Dunsparce|def|1\n|-boost|p2a: Dunsparce|accuracy|1\n|\n|upkeep\n|turn|2\n|inactive|Time left: 300 sec this turn | 300 sec total\n|\n|t:|1783548645\n|switch|p1a: Krookodile|Krookodile, L79, F|100/100\n|-ability|p1a: Krookodile|Intimidate|boost\n|-unboost|p2a: Dunsparce|atk|1\n|move|p2a: Dunsparce|Body Slam|p1a: Krookodile\n|-damage|p1a: Krookodile|68/100\n|\n|-heal|p1a: Krookodile|74/100|[from] item: Leftovers\n|upkeep\n|turn|3\n|inactive|Time left: 300 sec this turn | 300 sec total\n|\n|t:|1783548646\n|move|p1a: Krookodile|Bulk Up|p1a: Krookodile\n|-boost|p1a: Krookodile|atk|1\n|-boost|p1a: Krookodile|def|1\n|move|p2a: Dunsparce|Body Slam|p1a: Krookodile\n|-damage|p1a: Krookodile|55/100\n|\n|-heal|p1a: Krookodile|61/100|[from] item: Leftovers\n|upkeep\n|turn|4\n|inactive|Time left: 300 sec this turn | 300 sec total\n|\n|t:|1783548647\n|move|p1a: Krookodile|Bulk Up|p1a: Krookodile\n|-boost|p1a: Krookodile|atk|1\n|-boost|p1a: Krookodile|def|1\n|move|p2a: Dunsparce|Roost|p2a: Dunsparce\n|-heal|p2a: Dunsparce|312/312\n|-singleturn|p2a: Dunsparce|move: Roost\n|\n|-heal|p1a: Krookodile|67/100|[from] item: Leftovers\n|upkeep\n|turn|5\n|inactive|Time left: 300 sec this turn | 300 sec total\n|\n|t:|1783548648\n|move|p1a: Krookodile|Knock Off|p2a: Dunsparce\n|-damage|p2a: Dunsparce|212/312\n|-enditem|p2a: Dunsparce|Eviolite|[from] move: Knock Off|[of] p1a: Krookodile\n|move|p2a: Dunsparce|Coil|p2a: Dunsparce\n|-boost|p2a: Dunsparce|atk|1\n|-boost|p2a: Dunsparce|def|1\n|-boost|p2a: Dunsparce|accuracy|1\n|\n|-heal|p1a: Krookodile|73/100|[from] item: Leftovers\n|upkeep\n|turn|6\n|inactive|Time left: 300 sec this turn | 300 sec total\n|\n|t:|1783548649\n|move|p1a: Krookodile|Earthquake|p2a: Dunsparce\n|-damage|p2a: Dunsparce|77/312\n|move|p2a: Dunsparce|Roost|p2a: Dunsparce\n|-heal|p2a: Dunsparce|233/312\n|-singleturn|p2a: Dunsparce|move: Roost\n|\n|-heal|p1a: Krookodile|79/100|[from] item: Leftovers\n|upkeep\n|turn|7\n|inactive|Time left: 300 sec this turn | 300 sec total\n|\n|t:|1783548651\n|move|p1a: Krookodile|Earthquake|p2a: Dunsparce\n|-damage|p2a: Dunsparce|101/312\n|move|p2a: Dunsparce|Body Slam|p1a: Krookodile\n|-damage|p1a: Krookodile|57/100\n|\n|-heal|p1a: Krookodile|63/100|[from] item: Leftovers\n|upkeep\n|turn|8\n|inactive|Time left: 300 sec this turn | 300 sec total\n|\n|t:|1783548652\n|move|p1a: Krookodile|Earthquake|p2a: Dunsparce\n|-damage|p2a: Dunsparce|0 fnt\n|faint|p2a: Dunsparce\n|\n|-heal|p1a: Krookodile|69/100|[from] item: Leftovers\n|upkeep\n|inactive|Time left: 300 sec this turn | 300 sec total | 5 sec grace\n|\n|t:|1783548653\n|switch|p2a: Ninetales|Ninetales, L85, M|263/263\n|-weather|SunnyDay|[from] ability: Drought|[of] p2a: Ninetales\n|turn|9\n|inactive|Time left: 300 sec this turn | 300 sec total\n|\n|t:|1783548654\n|move|p2a: Ninetales|Fire Blast|p1a: Krookodile\n|-damage|p1a: Krookodile|0 fnt\n|faint|p1a: Krookodile\n|\n|-weather|SunnyDay|[upkeep]\n|upkeep\n|\n|t:|1783548655\n|switch|p1a: Kommo-o|Kommo-o, L77, F|100/100\n|turn|10\n|inactive|Time left: 300 sec this turn | 300 sec total\n|\n|t:|1783548657\n|move|p2a: Ninetales|Fire Blast|p1a: Kommo-o\n|-resisted|p1a: Kommo-o\n|-damage|p1a: Kommo-o|68/100\n|move|p1a: Kommo-o|Clangorous Soul|p1a: Kommo-o\n|-boost|p1a: Kommo-o|atk|1\n|-boost|p1a: Kommo-o|def|1\n|-boost|p1a: Kommo-o|spa|1\n|-boost|p1a: Kommo-o|spd|1\n|-boost|p1a: Kommo-o|spe|1\n|-damage|p1a: Kommo-o|36/100\n|-enditem|p1a: Kommo-o|Throat Spray\n|-boost|p1a: Kommo-o|spa|1|[from] item: Throat Spray\n|\n|-weather|SunnyDay|[upkeep]\n|upkeep\n|turn|11\n|inactive|Time left: 300 sec this turn | 300 sec total\n|\n|t:|1783548658\n|switch|p2a: Spidops|Spidops, L96, M|271/271\n|move|p1a: Kommo-o|Drain Punch|p2a: Spidops\n|-resisted|p2a: Spidops\n|-damage|p2a: Spidops|221/271\n|-heal|p1a: Kommo-o|46/100|[from] drain|[of] p2a: Spidops\n|\n|-weather|SunnyDay|[upkeep]\n|upkeep\n|turn|12\n|inactive|Time left: 300 sec this turn | 300 sec total\n|\n|t:|1783548659\n|move|p1a: Kommo-o|Clanging Scales|p2a: Spidops\n|-crit|p2a: Spidops\n|-damage|p2a: Spidops|0 fnt\n|faint|p2a: Spidops\n|-unboost|p1a: Kommo-o|def|1\n|\n|-weather|SunnyDay|[upkeep]\n|upkeep\n|inactive|Time left: 300 sec this turn | 300 sec total | 5 sec grace\n|\n|t:|1783548660\n|switch|p2a: Slowbro|Slowbro, L85, F|300/300\n|turn|13\n|inactive|Time left: 300 sec this turn | 300 sec total\n|\n|t:|1783548661\n|move|p1a: Kommo-o|Boomburst|p2a: Slowbro\n|-damage|p2a: Slowbro|130/300\n|move|p2a: Slowbro|Psyshock|p1a: Kommo-o\n|-supereffective|p1a: Kommo-o\n|-damage|p1a: Kommo-o|0 fnt\n|faint|p1a: Kommo-o\n|\n|-weather|none\n|upkeep\n|\n|t:|1783548662\n|switch|p1a: Mabosstiff|Mabosstiff, L86, M|100/100\n|turn|14\n|inactive|Time left: 300 sec this turn | 300 sec total\n|\n|t:|1783548663\n|move|p1a: Mabosstiff|Crunch|p2a: Slowbro\n|-supereffective|p2a: Slowbro\n|-damage|p2a: Slowbro|0 fnt\n|-damage|p1a: Mabosstiff|84/100|[from] item: Rocky Helmet|[of] p2a: Slowbro\n|faint|p2a: Slowbro\n|\n|upkeep\n|inactive|Time left: 300 sec this turn | 300 sec total | 5 sec grace\n|\n|t:|1783548664\n|switch|p2a: Magmortar|Magmortar, L88, M|275/275\n|turn|15\n|inactive|Time left: 300 sec this turn | 300 sec total\n|\n|t:|1783548665\n|move|p1a: Mabosstiff|Crunch|p2a: Magmortar\n|-damage|p2a: Magmortar|152/275\n|move|p2a: Magmortar|Focus Blast|p1a: Mabosstiff\n|-supereffective|p1a: Mabosstiff\n|-damage|p1a: Mabosstiff|0 fnt\n|faint|p1a: Mabosstiff\n|\n|upkeep\n|\n|t:|1783548666\n|switch|p1a: Gastrodon|Gastrodon, L86, M|100/100\n|turn|16\n|inactive|Time left: 300 sec this turn | 300 sec total\n|\n|t:|1783548667\n|move|p2a: Magmortar|Fire Blast|p1a: Gastrodon\n|-resisted|p1a: Gastrodon\n|-damage|p1a: Gastrodon|77/100\n|move|p1a: Gastrodon|Earthquake|p2a: Magmortar\n|-supereffective|p2a: Magmortar\n|-damage|p2a: Magmortar|0 fnt\n|faint|p2a: Magmortar\n|\n|-heal|p1a: Gastrodon|83/100|[from] item: Leftovers\n|upkeep\n|inactive|Time left: 300 sec this turn | 300 sec total | 5 sec grace\n|\n|t:|1783548668\n|switch|p2a: Raichu|Raichu-Alola, L87, F|246/246\n|turn|17\n|inactive|Time left: 300 sec this turn | 300 sec total\n|\n|t:|1783548669\n|-terastallize|p2a: Raichu|Grass\n|move|p2a: Raichu|Psychic|p1a: Gastrodon\n|-damage|p1a: Gastrodon|35/100\n|move|p1a: Gastrodon|Earthquake|p2a: Raichu\n|-resisted|p2a: Raichu\n|-damage|p2a: Raichu|174/246\n|\n|-heal|p1a: Gastrodon|41/100|[from] item: Leftovers\n|upkeep\n|turn|18\n|inactive|Time left: 300 sec this turn | 300 sec total\n|\n|t:|1783548670\n|move|p2a: Raichu|Psychic|p1a: Gastrodon\n|-damage|p1a: Gastrodon|0 fnt\n|faint|p1a: Gastrodon\n|\n|upkeep\n|\n|t:|1783548671\n|switch|p1a: Okidogi|Okidogi, L77, M|100/100\n|turn|19\n|inactive|Time left: 300 sec this turn | 300 sec total\n|\n|t:|1783548673\n|switch|p2a: Ninetales|Ninetales, L85, M|263/263\n|-weather|SunnyDay|[from] ability: Drought|[of] p2a: Ninetales\n|-terastallize|p1a: Okidogi|Dark\n|move|p1a: Okidogi|Bulk Up|p1a: Okidogi\n|-boost|p1a: Okidogi|atk|1\n|-boost|p1a: Okidogi|def|1\n|\n|-weather|SunnyDay|[upkeep]\n|upkeep\n|turn|20\n|inactive|Time left: 300 sec this turn | 300 sec total\n|\n|t:|1783548674\n|move|p2a: Ninetales|Nasty Plot|p2a: Ninetales\n|-boost|p2a: Ninetales|spa|2\n|move|p1a: Okidogi|Gunk Shot|p2a: Ninetales|[miss]\n|-miss|p1a: Okidogi|p2a: Ninetales\n|\n|-weather|SunnyDay|[upkeep]\n|upkeep\n|turn|21\n|inactive|Time left: 300 sec this turn | 300 sec total\n|\n|t:|1783548675\n|switch|p1a: Stonjourner|Stonjourner, L91, F|100/100\n|move|p2a: Ninetales|Fire Blast|p1a: Stonjourner|[miss]\n|-miss|p2a: Ninetales|p1a: Stonjourner\n|\n|-weather|SunnyDay|[upkeep]\n|upkeep\n|turn|22\n|inactive|Time left: 300 sec this turn | 300 sec total\n|\n|t:|1783548675\n|switch|p1a: Okidogi|Okidogi, L77, M, tera:Dark|100/100\n|move|p2a: Ninetales|Solar Beam||[still]\n|-prepare|p2a: Ninetales|Solar Beam\n|-anim|p2a: Ninetales|Solar Beam|p1a: Okidogi\n|-damage|p1a: Okidogi|41/100\n|\n|-weather|SunnyDay|[upkeep]\n|-heal|p1a: Okidogi|47/100|[from] item: Leftovers\n|upkeep\n|turn|23\n|inactive|Time left: 300 sec this turn | 300 sec total\n|\n|t:|1783548677\n|switch|p1a: Stonjourner|Stonjourner, L91, F|100/100\n|move|p2a: Ninetales|Solar Beam||[still]\n|-prepare|p2a: Ninetales|Solar Beam\n|-anim|p2a: Ninetales|Solar Beam|p1a: Stonjourner\n|-supereffective|p1a: Stonjourner\n|-damage|p1a: Stonjourner|0 fnt\n|faint|p1a: Stonjourner\n|\n|-weather|none\n|upkeep\n|\n|t:|1783548677\n|switch|p1a: Okidogi|Okidogi, L77, M, tera:Dark|47/100\n|turn|24\n|inactive|Time left: 300 sec this turn | 300 sec total\n|\n|t:|1783548679\n|move|p2a: Ninetales|Fire Blast|p1a: Okidogi|[miss]\n|-miss|p2a: Ninetales|p1a: Okidogi\n|move|p1a: Okidogi|Drain Punch|p2a: Ninetales\n|-damage|p2a: Ninetales|167/263\n|-heal|p1a: Okidogi|66/100|[from] drain|[of] p2a: Ninetales\n|\n|-heal|p1a: Okidogi|72/100|[from] item: Leftovers\n|upkeep\n|turn|25\n|inactive|Time left: 300 sec this turn | 300 sec total\n|\n|t:|1783548679\n|move|p2a: Ninetales|Fire Blast|p1a: Okidogi\n|-damage|p1a: Okidogi|0 fnt\n|faint|p1a: Okidogi\n|\n|win|p0y758bd52", "uploadtime": 1783548679, "views": 0, "rating": 0, "private": 0, "password": null, "_winner": "p0y758bd52", "_our_name": "p0y758bd52"}