{"id": "battle-gen9randombattle-206", "formatid": "gen9randombattle", "format": "[Gen 9] Random Battle", "players": ["p0x2064e50", "p0y206a500"], "log": "|init|battle\n|title|p0x2064e50 vs. p0y206a500\n|j|\u2606p0x2064e50\n|j|\u2606p0y206a500\n|t:|1783536145\n|gametype|singles\n|player|p1|p0x2064e50|169|\n|player|p2|p0y206a500|170|\n|gen|9\n|tier|[Gen 9] Random Battle\n|rule|Species Clause: Limit one of each Pok\u00e9mon\n|rule|HP Percentage Mod: HP is shown in percentages\n|rule|Sleep Clause Mod: Limit one foe put to sleep\n|rule|Illusion Level Mod: Illusion disguises the Pok\u00e9mon's true level\n|\n|t:|1783536145\n|teamsize|p1|6\n|teamsize|p2|6\n|start\n|switch|p1a: Iron Thorns|Iron Thorns, L83|302/302\n|switch|p2a: Spidops|Spidops, L96, F|100/100\n|-item|p1a: Iron Thorns|Air Balloon\n|turn|1\n|inactive|Battle timer is ON: inactive players will automatically lose when time's up. (requested by p0y206a500)\n|inactive|Time left: 300 sec this turn | 300 sec total | 60 sec grace\n|inactive|p0x2064e50 also wants the timer to be on.\n|\n|t:|1783536146\n|move|p1a: Iron Thorns|Stone Edge|p2a: Spidops|[miss]\n|-miss|p1a: Iron Thorns|p2a: Spidops\n|move|p2a: Spidops|Sticky Web|p1a: Iron Thorns\n|-sidestart|p1: p0x2064e50|move: Sticky Web\n|\n|upkeep\n|turn|2\n|inactive|Time left: 300 sec this turn | 300 sec total\n|\n|t:|1783536148\n|switch|p2a: Eelektross|Eelektross, L87, F|100/100\n|move|p1a: Iron Thorns|Stone Edge|p2a: Eelektross\n|-damage|p2a: Eelektross|50/100\n|\n|upkeep\n|turn|3\n|inactive|Time left: 300 sec this turn | 300 sec total\n|\n|t:|1783536149\n|move|p1a: Iron Thorns|Stone Edge|p2a: Eelektross|[miss]\n|-miss|p1a: Iron Thorns|p2a: Eelektross\n|move|p2a: Eelektross|Giga Drain|p1a: Iron Thorns\n|-supereffective|p1a: Iron Thorns\n|-damage|p1a: Iron Thorns|184/302\n|-heal|p2a: Eelektross|71/100|[from] drain|[of] p1a: Iron Thorns\n|-enditem|p1a: Iron Thorns|Air Balloon\n|\n|upkeep\n|turn|4\n|inactive|Time left: 300 sec this turn | 300 sec total\n|\n|t:|1783536150\n|move|p1a: Iron Thorns|Stone Edge|p2a: Eelektross\n|-damage|p2a: Eelektross|25/100\n|move|p2a: Eelektross|Giga Drain|p1a: Iron Thorns\n|-supereffective|p1a: Iron Thorns\n|-damage|p1a: Iron Thorns|62/302\n|-heal|p2a: Eelektross|46/100|[from] drain|[of] p1a: Iron Thorns\n|\n|upkeep\n|turn|5\n|inactive|Time left: 300 sec this turn | 300 sec total\n|\n|t:|1783536151\n|switch|p2a: Passimian|Passimian, L83, F|100/100\n|move|p1a: Iron Thorns|Stone Edge|p2a: Passimian\n|-resisted|p2a: Passimian\n|-damage|p2a: Passimian|79/100\n|\n|upkeep\n|turn|6\n|inactive|Time left: 300 sec this turn | 300 sec total\n|\n|t:|1783536152\n|move|p2a: Passimian|Close Combat|p1a: Iron Thorns\n|-supereffective|p1a: Iron Thorns\n|-damage|p1a: Iron Thorns|0 fnt\n|-unboost|p2a: Passimian|def|1\n|-unboost|p2a: Passimian|spd|1\n|faint|p1a: Iron Thorns\n|-end|p1a: Iron Thorns|Quark Drive|[silent]\n|\n|upkeep\n|inactive|Time left: 300 sec this turn | 300 sec total | 5 sec grace\n|\n|t:|1783536153\n|switch|p1a: Alcremie|Alcremie-Rainbow-Swirl, L90, F|263/263\n|-activate|p1a: Alcremie|move: Sticky Web\n|-unboost|p1a: Alcremie|spe|1\n|turn|7\n|inactive|Time left: 300 sec this turn | 300 sec total\n|\n|t:|1783536154\n|switch|p2a: Primarina|Primarina, L83, M|100/100\n|move|p1a: Alcremie|Calm Mind|p1a: Alcremie\n|-boost|p1a: Alcremie|spa|1\n|-boost|p1a: Alcremie|spd|1\n|\n|upkeep\n|turn|8\n|inactive|Time left: 300 sec this turn | 300 sec total\n|\n|t:|1783536155\n|move|p2a: Primarina|Calm Mind|p2a: Primarina\n|-boost|p2a: Primarina|spa|1\n|-boost|p2a: Primarina|spd|1\n|move|p1a: Alcremie|Alluring Voice|p2a: Primarina\n|-damage|p2a: Primarina|69/100\n|-start|p2a: Primarina|confusion\n|\n|-heal|p2a: Primarina|75/100|[from] item: Leftovers\n|upkeep\n|turn|9\n|inactive|Time left: 300 sec this turn | 300 sec total\n|\n|t:|1783536156\n|-activate|p2a: Primarina|confusion\n|-damage|p2a: Primarina|67/100|[from] confusion\n|move|p1a: Alcremie|Psyshock|p2a: Primarina\n|-damage|p2a: Primarina|19/100\n|\n|-heal|p2a: Primarina|25/100|[from] item: Leftovers\n|upkeep\n|turn|10\n|inactive|Time left: 300 sec this turn | 300 sec total\n|\n|t:|1783536157\n|-activate|p2a: Primarina|confusion\n|-damage|p2a: Primarina|18/100|[from] confusion\n|move|p1a: Alcremie|Psyshock|p2a: Primarina\n|-damage|p2a: Primarina|0 fnt\n|faint|p2a: Primarina\n|\n|upkeep\n|\n|t:|1783536158\n|switch|p2a: Staraptor|Staraptor, L79, F|100/100\n|turn|11\n|inactive|Time left: 300 sec this turn | 300 sec total\n|\n|t:|1783536159\n|move|p2a: Staraptor|Brave Bird|p1a: Alcremie\n|-damage|p1a: Alcremie|8/263\n|-damage|p2a: Staraptor|69/100|[from] Recoil\n|move|p1a: Alcremie|Alluring Voice|p2a: Staraptor\n|-damage|p2a: Staraptor|0 fnt\n|faint|p2a: Staraptor\n|\n|-heal|p1a: Alcremie|24/263|[from] item: Leftovers\n|upkeep\n|\n|t:|1783536160\n|switch|p2a: Eelektross|Eelektross, L87, F|46/100\n|turn|12\n|inactive|Time left: 300 sec this turn | 300 sec total\n|\n|t:|1783536161\n|move|p2a: Eelektross|Discharge|p1a: Alcremie\n|-damage|p1a: Alcremie|0 fnt\n|faint|p1a: Alcremie\n|\n|upkeep\n|inactive|Time left: 300 sec this turn | 300 sec total | 5 sec grace\n|\n|t:|1783536162\n|switch|p1a: Rillaboom|Rillaboom, L79, M|288/288\n|-activate|p1a: Rillaboom|move: Sticky Web\n|-unboost|p1a: Rillaboom|spe|1\n|-fieldstart|move: Grassy Terrain|[from] ability: Grassy Surge|[of] p1a: Rillaboom\n|turn|13\n|inactive|Time left: 300 sec this turn | 300 sec total\n|\n|t:|1783536163\n|move|p2a: Eelektross|U-turn|p1a: Rillaboom\n|-supereffective|p1a: Rillaboom\n|-damage|p1a: Rillaboom|160/288\n|\n|t:|1783536164\n|switch|p2a: Drifblim|Drifblim, L86, M|100/100|[from] U-turn\n|move|p1a: Rillaboom|Swords Dance|p1a: Rillaboom\n|-boost|p1a: Rillaboom|atk|2\n|\n|-heal|p1a: Rillaboom|178/288|[from] Grassy Terrain\n|upkeep\n|turn|14\n|inactive|Time left: 300 sec this turn | 300 sec total\n|\n|t:|1783536165\n|move|p1a: Rillaboom|Grassy Glide|p2a: Drifblim\n|-resisted|p2a: Drifblim\n|-damage|p2a: Drifblim|62/100\n|-damage|p1a: Rillaboom|150/288|[from] item: Life Orb\n|move|p2a: Drifblim|Air Slash|p1a: Rillaboom|[miss]\n|-miss|p2a: Drifblim|p1a: Rillaboom\n|\n|-heal|p1a: Rillaboom|168/288|[from] Grassy Terrain\n|upkeep\n|turn|15\n|inactive|Time left: 300 sec this turn | 300 sec total\n|\n|t:|1783536166\n|move|p1a: Rillaboom|Grassy Glide|p2a: Drifblim\n|-resisted|p2a: Drifblim\n|-damage|p2a: Drifblim|20/100\n|-enditem|p2a: Drifblim|Sitrus Berry|[eat]\n|-heal|p2a: Drifblim|45/100|[from] item: Sitrus Berry\n|-damage|p1a: Rillaboom|140/288|[from] item: Life Orb\n|move|p2a: Drifblim|Air Slash|p1a: Rillaboom\n|-supereffective|p1a: Rillaboom\n|-damage|p1a: Rillaboom|0 fnt\n|faint|p1a: Rillaboom\n|\n|upkeep\n|inactive|Time left: 300 sec this turn | 300 sec total | 5 sec grace\n|\n|t:|1783536167\n|switch|p1a: Zebstrika|Zebstrika, L87, M|272/272\n|-activate|p1a: Zebstrika|move: Sticky Web\n|-unboost|p1a: Zebstrika|spe|1\n|turn|16\n|inactive|Time left: 300 sec this turn | 300 sec total\n|\n|t:|1783536168\n|switch|p2a: Eelektross|Eelektross, L87, F|46/100\n|move|p1a: Zebstrika|Supercell Slam|p2a: Eelektross\n|-resisted|p2a: Eelektross\n|-damage|p2a: Eelektross|19/100\n|-damage|p1a: Zebstrika|245/272|[from] item: Life Orb\n|\n|-heal|p1a: Zebstrika|262/272|[from] Grassy Terrain\n|upkeep\n|turn|17\n|inactive|Time left: 300 sec this turn | 300 sec total\n|\n|t:|1783536169\n|move|p1a: Zebstrika|Supercell Slam|p2a: Eelektross\n|-resisted|p2a: Eelektross\n|-damage|p2a: Eelektross|0 fnt\n|faint|p2a: Eelektross\n|-damage|p1a: Zebstrika|235/272|[from] item: Life Orb\n|\n|-heal|p1a: Zebstrika|252/272|[from] Grassy Terrain\n|-fieldend|move: Grassy Terrain\n|upkeep\n|\n|t:|1783536170\n|switch|p2a: Passimian|Passimian, L83, F|79/100\n|turn|18\n|inactive|Time left: 300 sec this turn | 300 sec total\n|\n|t:|1783536171\n|move|p2a: Passimian|Knock Off|p1a: Zebstrika\n|-damage|p1a: Zebstrika|149/272\n|-enditem|p1a: Zebstrika|Life Orb|[from] move: Knock Off|[of] p2a: Passimian\n|move|p1a: Zebstrika|Supercell Slam|p2a: Passimian\n|-damage|p2a: Passimian|41/100\n|\n|upkeep\n|turn|19\n|inactive|Time left: 300 sec this turn | 300 sec total\n|\n|t:|1783536172\n|move|p2a: Passimian|Knock Off|p1a: Zebstrika\n|-damage|p1a: Zebstrika|77/272\n|move|p1a: Zebstrika|Volt Switch|p2a: Passimian\n|-damage|p2a: Passimian|12/100\n|inactive|Time left: 300 sec this turn | 300 sec total | 5 sec grace\n|\n|t:|1783536172\n|switch|p1a: Scizor|Scizor, L79, F|240/240|[from] Volt Switch\n|-activate|p1a: Scizor|move: Sticky Web\n|-unboost|p1a: Scizor|spe|1\n|\n|upkeep\n|turn|20\n|inactive|Time left: 300 sec this turn | 300 sec total\n|\n|t:|1783536173\n|move|p2a: Passimian|Knock Off|p1a: Scizor\n|-damage|p1a: Scizor|156/240\n|-enditem|p1a: Scizor|Life Orb|[from] move: Knock Off|[of] p2a: Passimian\n|move|p1a: Scizor|Swords Dance|p1a: Scizor\n|-boost|p1a: Scizor|atk|2\n|\n|upkeep\n|turn|21\n|inactive|Time left: 300 sec this turn | 300 sec total\n|\n|t:|1783536174\n|move|p1a: Scizor|Bullet Punch|p2a: Passimian\n|-damage|p2a: Passimian|0 fnt\n|faint|p2a: Passimian\n|\n|upkeep\n|\n|t:|1783536175\n|switch|p2a: Spidops|Spidops, L96, F|100/100\n|turn|22\n|inactive|Time left: 300 sec this turn | 300 sec total\n|\n|t:|1783536176\n|move|p1a: Scizor|Knock Off|p2a: Spidops\n|-damage|p2a: Spidops|48/100\n|-enditem|p2a: Spidops|Heavy-Duty Boots|[from] move: Knock Off|[of] p1a: Scizor\n|move|p2a: Spidops|Circle Throw|p1a: Scizor\n|-damage|p1a: Scizor|110/240\n|drag|p1a: Cacturne|Cacturne, L92, F|278/278\n|-activate|p1a: Cacturne|move: Sticky Web\n|-unboost|p1a: Cacturne|spe|1\n|\n|upkeep\n|turn|23\n|inactive|Time left: 300 sec this turn | 300 sec total\n|\n|t:|1783536177\n|-terastallize|p1a: Cacturne|Grass\n|move|p1a: Cacturne|Knock Off|p2a: Spidops\n|-damage|p2a: Spidops|13/100\n|-damage|p1a: Cacturne|251/278|[from] item: Life Orb\n|move|p2a: Spidops|Circle Throw|p1a: Cacturne\n|-damage|p1a: Cacturne|196/278\n|drag|p1a: Zebstrika|Zebstrika, L87, M|77/272\n|-activate|p1a: Zebstrika|move: Sticky Web\n|-unboost|p1a: Zebstrika|spe|1\n|\n|upkeep\n|turn|24\n|inactive|Time left: 300 sec this turn | 300 sec total\n|\n|t:|1783536178\n|move|p1a: Zebstrika|Supercell Slam|p2a: Spidops\n|-damage|p2a: Spidops|0 fnt\n|faint|p2a: Spidops\n|\n|upkeep\n|\n|t:|1783536179\n|switch|p2a: Drifblim|Drifblim, L86, M|45/100\n|turn|25\n|inactive|Time left: 300 sec this turn | 300 sec total\n|\n|t:|1783536180\n|move|p2a: Drifblim|Shadow Ball|p1a: Zebstrika\n|-damage|p1a: Zebstrika|0 fnt\n|faint|p1a: Zebstrika\n|\n|upkeep\n|inactive|Time left: 300 sec this turn | 300 sec total | 5 sec grace\n|\n|t:|1783536181\n|switch|p1a: Scizor|Scizor, L79, F|110/240\n|-activate|p1a: Scizor|move: Sticky Web\n|-unboost|p1a: Scizor|spe|1\n|turn|26\n|inactive|Time left: 300 sec this turn | 300 sec total\n|\n|t:|1783536182\n|move|p2a: Drifblim|Strength Sap|p1a: Scizor\n|-unboost|p1a: Scizor|atk|1\n|-heal|p2a: Drifblim|100/100\n|move|p1a: Scizor|Swords Dance|p1a: Scizor\n|-boost|p1a: Scizor|atk|2\n|\n|upkeep\n|turn|27\n|inactive|Time left: 300 sec this turn | 300 sec total\n|\n|t:|1783536183\n|move|p2a: Drifblim|Strength Sap|p1a: Scizor\n|-unboost|p1a: Scizor|atk|1\n|move|p1a: Scizor|Knock Off|p2a: Drifblim\n|-supereffective|p2a: Drifblim\n|-damage|p2a: Drifblim|59/100\n|\n|upkeep\n|turn|28\n|inactive|Time left: 300 sec this turn | 300 sec total\n|\n|t:|1783536184\n|move|p2a: Drifblim|Strength Sap|p1a: Scizor\n|-unboost|p1a: Scizor|atk|1\n|-heal|p2a: Drifblim|100/100\n|move|p1a: Scizor|Swords Dance|p1a: Scizor\n|-boost|p1a: Scizor|atk|2\n|\n|upkeep\n|turn|29\n|inactive|Time left: 300 sec this turn | 300 sec total\n|\n|t:|1783536185\n|move|p2a: Drifblim|Strength Sap|p1a: Scizor\n|-unboost|p1a: Scizor|atk|1\n|move|p1a: Scizor|Knock Off|p2a: Drifblim\n|-supereffective|p2a: Drifblim\n|-damage|p2a: Drifblim|61/100\n|\n|upkeep\n|turn|30\n|inactive|Time left: 300 sec this turn | 300 sec total\n|\n|t:|1783536187\n|move|p2a: Drifblim|Strength Sap|p1a: Scizor\n|-unboost|p1a: Scizor|atk|1\n|-heal|p2a: Drifblim|100/100\n|move|p1a: Scizor|Swords Dance|p1a: Scizor\n|-boost|p1a: Scizor|atk|2\n|\n|upkeep\n|turn|31\n|inactive|Time left: 300 sec this turn | 300 sec total\n|\n|t:|1783536188\n|move|p2a: Drifblim|Strength Sap|p1a: Scizor\n|-unboost|p1a: Scizor|atk|1\n|move|p1a: Scizor|Knock Off|p2a: Drifblim\n|-supereffective|p2a: Drifblim\n|-damage|p2a: Drifblim|57/100\n|\n|upkeep\n|turn|32\n|inactive|Time left: 300 sec this turn | 300 sec total\n|\n|t:|1783536189\n|move|p2a: Drifblim|Strength Sap|p1a: Scizor\n|-unboost|p1a: Scizor|atk|1\n|-heal|p2a: Drifblim|100/100\n|move|p1a: Scizor|Swords Dance|p1a: Scizor\n|-boost|p1a: Scizor|atk|2\n|\n|upkeep\n|turn|33\n|inactive|Time left: 300 sec this turn | 300 sec total\n|\n|t:|1783536189\n|move|p2a: Drifblim|Strength Sap|p1a: Scizor\n|-unboost|p1a: Scizor|atk|1\n|move|p1a: Scizor|Knock Off|p2a: Drifblim\n|-supereffective|p2a: Drifblim\n|-damage|p2a: Drifblim|61/100\n|\n|upkeep\n|turn|34\n|inactive|Time left: 300 sec this turn | 300 sec total\n|\n|t:|1783536190\n|move|p2a: Drifblim|Strength Sap|p1a: Scizor\n|-unboost|p1a: Scizor|atk|1\n|-heal|p2a: Drifblim|100/100\n|move|p1a: Scizor|Swords Dance|p1a: Scizor\n|-boost|p1a: Scizor|atk|2\n|\n|upkeep\n|turn|35\n|inactive|Time left: 300 sec this turn | 300 sec total\n|\n|t:|1783536191\n|move|p2a: Drifblim|Strength Sap|p1a: Scizor\n|-unboost|p1a: Scizor|atk|1\n|move|p1a: Scizor|Knock Off|p2a: Drifblim\n|-supereffective|p2a: Drifblim\n|-damage|p2a: Drifblim|57/100\n|\n|upkeep\n|turn|36\n|inactive|Time left: 300 sec this turn | 300 sec total\n|\n|t:|1783536192\n|move|p2a: Drifblim|Strength Sap|p1a: Scizor\n|-unboost|p1a: Scizor|atk|1\n|-heal|p2a: Drifblim|100/100\n|move|p1a: Scizor|Swords Dance|p1a: Scizor\n|-boost|p1a: Scizor|atk|2\n|\n|upkeep\n|turn|37\n|inactive|Time left: 300 sec this turn | 300 sec total\n|\n|t:|1783536193\n|move|p2a: Drifblim|Strength Sap|p1a: Scizor\n|-unboost|p1a: Scizor|atk|1\n|move|p1a: Scizor|Knock Off|p2a: Drifblim\n|-supereffective|p2a: Drifblim\n|-damage|p2a: Drifblim|61/100\n|\n|upkeep\n|turn|38\n|inactive|Time left: 300 sec this turn | 300 sec total\n|\n|t:|1783536194\n|move|p2a: Drifblim|Strength Sap|p1a: Scizor\n|-unboost|p1a: Scizor|atk|1\n|-heal|p2a: Drifblim|100/100\n|move|p1a: Scizor|Knock Off|p2a: Drifblim\n|-supereffective|p2a: Drifblim\n|-damage|p2a: Drifblim|72/100\n|\n|upkeep\n|turn|39\n|inactive|Time left: 300 sec this turn | 300 sec total\n|\n|t:|1783536195\n|switch|p1a: Cacturne|Cacturne, L92, F, tera:Grass|196/278\n|-activate|p1a: Cacturne|move: Sticky Web\n|-unboost|p1a: Cacturne|spe|1\n|move|p2a: Drifblim|Calm Mind|p2a: Drifblim\n|-boost|p2a: Drifblim|spa|1\n|-boost|p2a: Drifblim|spd|1\n|\n|upkeep\n|turn|40\n|inactive|Time left: 300 sec this turn | 300 sec total\n|\n|t:|1783536195\n|-terastallize|p2a: Drifblim|Dark\n|move|p2a: Drifblim|Air Slash|p1a: Cacturne\n|-supereffective|p1a: Cacturne\n|-damage|p1a: Cacturne|0 fnt\n|faint|p1a: Cacturne\n|\n|upkeep\n|inactive|Time left: 300 sec this turn | 300 sec total | 5 sec grace\n|\n|t:|1783536196\n|switch|p1a: Scizor|Scizor, L79, F|110/240\n|-activate|p1a: Scizor|move: Sticky Web\n|-unboost|p1a: Scizor|spe|1\n|turn|41\n|inactive|Time left: 300 sec this turn | 300 sec total\n|\n|t:|1783536197\n|move|p2a: Drifblim|Shadow Ball|p1a: Scizor\n|-damage|p1a: Scizor|0 fnt\n|faint|p1a: Scizor\n|\n|win|p0y206a500", "uploadtime": 1783536197, "views": 0, "rating": 0, "private": 0, "password": null, "_winner": "p0y206a500", "_our_name": "p0x2064e50"}