{"id": "battle-gen9randombattle-616", "formatid": "gen9randombattle", "format": "[Gen 9] Random Battle", "players": ["p0x6162b61", "p0y6165a43"], "log": "|init|battle\n|title|p0x6162b61 vs. p0y6165a43\n|j|\u2606p0x6162b61\n|j|\u2606p0y6165a43\n|t:|1783546256\n|gametype|singles\n|player|p1|p0x6162b61|170|\n|player|p2|p0y6165a43|1|\n|gen|9\n|tier|[Gen 9] Random Battle\n|rule|Species Clause: Limit one of each Pok\u00e9mon\n|rule|HP Percentage Mod: HP is shown in percentages\n|rule|Sleep Clause Mod: Limit one foe put to sleep\n|rule|Illusion Level Mod: Illusion disguises the Pok\u00e9mon's true level\n|\n|t:|1783546256\n|teamsize|p1|6\n|teamsize|p2|6\n|start\n|switch|p1a: Pawmot|Pawmot, L80, M|100/100\n|switch|p2a: Iron Hands|Iron Hands, L79|373/373\n|turn|1\n|inactive|Battle timer is ON: inactive players will automatically lose when time's up. (requested by p0x6162b61)\n|inactive|Time left: 300 sec this turn | 300 sec total | 60 sec grace\n|inactive|p0y6165a43 also wants the timer to be on.\n|\n|t:|1783546257\n|switch|p1a: Rhydon|Rhydon, L85, F|100/100\n|move|p2a: Iron Hands|Close Combat|p1a: Rhydon\n|-supereffective|p1a: Rhydon\n|-damage|p1a: Rhydon|54/100\n|-unboost|p2a: Iron Hands|def|1\n|-unboost|p2a: Iron Hands|spd|1\n|\n|upkeep\n|turn|2\n|inactive|Time left: 300 sec this turn | 300 sec total\n|\n|t:|1783546259\n|move|p2a: Iron Hands|Close Combat|p1a: Rhydon\n|-supereffective|p1a: Rhydon\n|-damage|p1a: Rhydon|3/100\n|-unboost|p2a: Iron Hands|def|1\n|-unboost|p2a: Iron Hands|spd|1\n|move|p1a: Rhydon|Earthquake|p2a: Iron Hands\n|-supereffective|p2a: Iron Hands\n|-damage|p2a: Iron Hands|0 fnt\n|faint|p2a: Iron Hands\n|-end|p2a: Iron Hands|Quark Drive|[silent]\n|\n|upkeep\n|inactive|Time left: 300 sec this turn | 300 sec total | 5 sec grace\n|\n|t:|1783546260\n|switch|p2a: Ogerpon|Ogerpon, L80, F|259/259\n|turn|3\n|inactive|Time left: 300 sec this turn | 300 sec total\n|\n|t:|1783546261\n|move|p2a: Ogerpon|Knock Off|p1a: Rhydon\n|-damage|p1a: Rhydon|0 fnt\n|-enditem|p1a: Rhydon|Eviolite|[from] move: Knock Off|[of] p2a: Ogerpon\n|faint|p1a: Rhydon\n|-damage|p2a: Ogerpon|234/259|[from] item: Life Orb\n|\n|upkeep\n|\n|t:|1783546262\n|switch|p1a: Dodrio|Dodrio, L85, M|100/100\n|turn|4\n|inactive|Time left: 300 sec this turn | 300 sec total\n|\n|t:|1783546263\n|switch|p2a: Copperajah|Copperajah, L86, F|350/350\n|move|p1a: Dodrio|Brave Bird|p2a: Copperajah\n|-resisted|p2a: Copperajah\n|-damage|p2a: Copperajah|262/350\n|-damage|p1a: Dodrio|88/100|[from] Recoil\n|\n|upkeep\n|turn|5\n|inactive|Time left: 300 sec this turn | 300 sec total\n|\n|t:|1783546264\n|switch|p1a: Vespiquen|Vespiquen, L99, F|100/100\n|-ability|p1a: Vespiquen|Pressure\n|move|p2a: Copperajah|Iron Head|p1a: Vespiquen\n|-damage|p1a: Vespiquen|48/100\n|\n|upkeep\n|turn|6\n|inactive|Time left: 300 sec this turn | 300 sec total\n|\n|t:|1783546265\n|move|p1a: Vespiquen|Roost|p1a: Vespiquen\n|-heal|p1a: Vespiquen|98/100\n|-singleturn|p1a: Vespiquen|move: Roost\n|move|p2a: Copperajah|Rock Slide|p1a: Vespiquen\n|-supereffective|p1a: Vespiquen\n|-damage|p1a: Vespiquen|42/100\n|\n|upkeep\n|turn|7\n|inactive|Time left: 300 sec this turn | 300 sec total\n|\n|t:|1783546266\n|move|p1a: Vespiquen|Roost|p1a: Vespiquen\n|-heal|p1a: Vespiquen|92/100\n|-singleturn|p1a: Vespiquen|move: Roost\n|move|p2a: Copperajah|Iron Head|p1a: Vespiquen\n|-damage|p1a: Vespiquen|40/100\n|\n|upkeep\n|turn|8\n|inactive|Time left: 300 sec this turn | 300 sec total\n|\n|t:|1783546267\n|move|p1a: Vespiquen|Roost|p1a: Vespiquen\n|-heal|p1a: Vespiquen|90/100\n|-singleturn|p1a: Vespiquen|move: Roost\n|move|p2a: Copperajah|Iron Head|p1a: Vespiquen\n|-damage|p1a: Vespiquen|44/100\n|\n|upkeep\n|turn|9\n|inactive|Time left: 300 sec this turn | 300 sec total\n|\n|t:|1783546269\n|move|p1a: Vespiquen|Roost|p1a: Vespiquen\n|-heal|p1a: Vespiquen|94/100\n|-singleturn|p1a: Vespiquen|move: Roost\n|move|p2a: Copperajah|Iron Head|p1a: Vespiquen\n|-damage|p1a: Vespiquen|43/100\n|\n|upkeep\n|turn|10\n|inactive|Time left: 300 sec this turn | 300 sec total\n|\n|t:|1783546270\n|move|p1a: Vespiquen|Roost|p1a: Vespiquen\n|-heal|p1a: Vespiquen|93/100\n|-singleturn|p1a: Vespiquen|move: Roost\n|move|p2a: Copperajah|Iron Head|p1a: Vespiquen\n|-damage|p1a: Vespiquen|43/100\n|\n|upkeep\n|turn|11\n|inactive|Time left: 300 sec this turn | 300 sec total\n|\n|t:|1783546271\n|move|p1a: Vespiquen|Roost|p1a: Vespiquen\n|-heal|p1a: Vespiquen|93/100\n|-singleturn|p1a: Vespiquen|move: Roost\n|move|p2a: Copperajah|Rock Slide|p1a: Vespiquen\n|-supereffective|p1a: Vespiquen\n|-damage|p1a: Vespiquen|35/100\n|\n|upkeep\n|turn|12\n|inactive|Time left: 300 sec this turn | 300 sec total\n|\n|t:|1783546272\n|move|p1a: Vespiquen|Roost|p1a: Vespiquen\n|-heal|p1a: Vespiquen|85/100\n|-singleturn|p1a: Vespiquen|move: Roost\n|move|p2a: Copperajah|Iron Head|p1a: Vespiquen\n|-damage|p1a: Vespiquen|37/100\n|\n|upkeep\n|turn|13\n|inactive|Time left: 300 sec this turn | 300 sec total\n|\n|t:|1783546273\n|move|p1a: Vespiquen|Roost|p1a: Vespiquen\n|-heal|p1a: Vespiquen|87/100\n|-singleturn|p1a: Vespiquen|move: Roost\n|move|p2a: Copperajah|Iron Head|p1a: Vespiquen\n|-damage|p1a: Vespiquen|36/100\n|\n|upkeep\n|turn|14\n|inactive|Time left: 300 sec this turn | 300 sec total\n|\n|t:|1783546275\n|move|p1a: Vespiquen|Air Slash|p2a: Copperajah\n|-resisted|p2a: Copperajah\n|-damage|p2a: Copperajah|202/350\n|move|p2a: Copperajah|Iron Head|p1a: Vespiquen\n|-damage|p1a: Vespiquen|0 fnt\n|faint|p1a: Vespiquen\n|\n|upkeep\n|\n|t:|1783546276\n|switch|p1a: Pawmot|Pawmot, L80, M|100/100\n|turn|15\n|inactive|Time left: 300 sec this turn | 300 sec total\n|\n|t:|1783546277\n|switch|p2a: Ogerpon|Ogerpon, L80, F|234/259\n|move|p1a: Pawmot|Double Shock|p2a: Ogerpon\n|-resisted|p2a: Ogerpon\n|-damage|p2a: Ogerpon|133/259\n|-start|p1a: Pawmot|typechange|???/Fighting|[from] move: Double Shock\n|-damage|p1a: Pawmot|91/100|[from] item: Life Orb\n|\n|upkeep\n|turn|16\n|inactive|Time left: 300 sec this turn | 300 sec total\n|\n|t:|1783546278\n|move|p2a: Ogerpon|Ivy Cudgel|p1a: Pawmot\n|-damage|p1a: Pawmot|17/100\n|-damage|p2a: Ogerpon|108/259|[from] item: Life Orb\n|move|p1a: Pawmot|Ice Punch|p2a: Ogerpon\n|-supereffective|p2a: Ogerpon\n|-damage|p2a: Ogerpon|0 fnt\n|faint|p2a: Ogerpon\n|-damage|p1a: Pawmot|7/100|[from] item: Life Orb\n|\n|upkeep\n|inactive|Time left: 300 sec this turn | 300 sec total | 5 sec grace\n|\n|t:|1783546279\n|switch|p2a: Magearna|Magearna, L77|250/250\n|turn|17\n|inactive|Time left: 300 sec this turn | 300 sec total\n|\n|t:|1783546280\n|move|p1a: Pawmot|Close Combat|p2a: Magearna\n|-damage|p2a: Magearna|89/250\n|-unboost|p1a: Pawmot|def|1\n|-unboost|p1a: Pawmot|spd|1\n|-damage|p1a: Pawmot|0 fnt|[from] item: Life Orb\n|faint|p1a: Pawmot\n|-ability|p2a: Magearna|Soul-Heart|boost\n|-boost|p2a: Magearna|spa|1\n|move|p2a: Magearna|Shift Gear|p2a: Magearna\n|-boost|p2a: Magearna|spe|2\n|-boost|p2a: Magearna|atk|1\n|\n|-heal|p2a: Magearna|104/250|[from] item: Leftovers\n|upkeep\n|\n|t:|1783546282\n|switch|p1a: Clefable|Clefable, L83, M|100/100\n|turn|18\n|inactive|Time left: 300 sec this turn | 300 sec total\n|\n|t:|1783546283\n|-terastallize|p1a: Clefable|Poison\n|move|p2a: Magearna|Flash Cannon|p1a: Clefable\n|-damage|p1a: Clefable|51/100\n|move|p1a: Clefable|Fire Blast|p2a: Magearna\n|-supereffective|p2a: Magearna\n|-damage|p2a: Magearna|0 fnt\n|faint|p2a: Magearna\n|\n|upkeep\n|inactive|Time left: 300 sec this turn | 300 sec total | 5 sec grace\n|\n|t:|1783546284\n|switch|p2a: Lumineon|Lumineon, L93, F|279/279\n|turn|19\n|inactive|Time left: 300 sec this turn | 300 sec total\n|\n|t:|1783546285\n|-terastallize|p2a: Lumineon|Water\n|move|p2a: Lumineon|Hydro Pump|p1a: Clefable\n|-damage|p1a: Clefable|0 fnt\n|faint|p1a: Clefable\n|-damage|p2a: Lumineon|252/279|[from] item: Life Orb\n|\n|upkeep\n|\n|t:|1783546286\n|switch|p1a: Ambipom|Ambipom, L84, F|100/100\n|turn|20\n|inactive|Time left: 300 sec this turn | 300 sec total\n|\n|t:|1783546287\n|move|p1a: Ambipom|Fake Out|p2a: Lumineon\n|-damage|p2a: Lumineon|174/279\n|cant|p2a: Lumineon|flinch\n|\n|upkeep\n|turn|21\n|inactive|Time left: 300 sec this turn | 300 sec total\n|\n|t:|1783546288\n|move|p1a: Ambipom|Knock Off|p2a: Lumineon\n|-damage|p2a: Lumineon|105/279\n|-enditem|p2a: Lumineon|Life Orb|[from] move: Knock Off|[of] p1a: Ambipom\n|move|p2a: Lumineon|Hydro Pump|p1a: Ambipom\n|-damage|p1a: Ambipom|28/100\n|\n|upkeep\n|turn|22\n|inactive|Time left: 300 sec this turn | 300 sec total\n|\n|t:|1783546288\n|move|p1a: Ambipom|Double-Edge|p2a: Lumineon\n|-damage|p2a: Lumineon|0 fnt\n|faint|p2a: Lumineon\n|-damage|p1a: Ambipom|15/100|[from] Recoil\n|\n|upkeep\n|inactive|Time left: 300 sec this turn | 300 sec total | 5 sec grace\n|\n|t:|1783546289\n|switch|p2a: Chansey|Chansey, L85, F|564/564\n|turn|23\n|inactive|Time left: 300 sec this turn | 300 sec total\n|\n|t:|1783546290\n|move|p1a: Ambipom|Knock Off|p2a: Chansey\n|-damage|p2a: Chansey|399/564\n|-enditem|p2a: Chansey|Eviolite|[from] move: Knock Off|[of] p1a: Ambipom\n|move|p2a: Chansey|Seismic Toss|p1a: Ambipom\n|-damage|p1a: Ambipom|0 fnt\n|faint|p1a: Ambipom\n|\n|upkeep\n|\n|t:|1783546291\n|switch|p1a: Dodrio|Dodrio, L85, M|88/100\n|turn|24\n|inactive|Time left: 300 sec this turn | 300 sec total\n|\n|t:|1783546292\n|move|p1a: Dodrio|Swords Dance|p1a: Dodrio\n|-boost|p1a: Dodrio|atk|2\n|move|p2a: Chansey|Thunder Wave|p1a: Dodrio\n|-status|p1a: Dodrio|par\n|\n|upkeep\n|turn|25\n|inactive|Time left: 300 sec this turn | 300 sec total\n|\n|t:|1783546293\n|move|p2a: Chansey|Soft-Boiled|p2a: Chansey\n|-heal|p2a: Chansey|564/564\n|cant|p1a: Dodrio|par\n|\n|upkeep\n|turn|26\n|inactive|Time left: 300 sec this turn | 300 sec total\n|\n|t:|1783546293\n|move|p2a: Chansey|Seismic Toss|p1a: Dodrio\n|-damage|p1a: Dodrio|53/100 par\n|cant|p1a: Dodrio|par\n|\n|upkeep\n|turn|27\n|inactive|Time left: 300 sec this turn | 300 sec total\n|\n|t:|1783546294\n|move|p2a: Chansey|Seismic Toss|p1a: Dodrio\n|-damage|p1a: Dodrio|18/100 par\n|cant|p1a: Dodrio|par\n|\n|upkeep\n|turn|28\n|inactive|Time left: 300 sec this turn | 300 sec total\n|\n|t:|1783546295\n|move|p2a: Chansey|Seismic Toss|p1a: Dodrio\n|-damage|p1a: Dodrio|0 fnt\n|faint|p1a: Dodrio\n|\n|win|p0y6165a43", "uploadtime": 1783546295, "views": 0, "rating": 0, "private": 0, "password": null, "_winner": "p0y6165a43", "_our_name": "p0y6165a43"}