{"id": "battle-gen9randombattle-1595", "formatid": "gen9randombattle", "format": "[Gen 9] Random Battle", "players": ["p0x1595eb1d", "p0y1595eb3f"], "log": "|init|battle\n|title|p0x1595eb1d vs. p0y1595eb3f\n|j|\u2606p0x1595eb1d\n|j|\u2606p0y1595eb3f\n|t:|1783558462\n|gametype|singles\n|player|p1|p0x1595eb1d|266|\n|player|p2|p0y1595eb3f|2|\n|gen|9\n|tier|[Gen 9] Random Battle\n|rule|Species Clause: Limit one of each Pok\u00e9mon\n|rule|HP Percentage Mod: HP is shown in percentages\n|rule|Sleep Clause Mod: Limit one foe put to sleep\n|rule|Illusion Level Mod: Illusion disguises the Pok\u00e9mon's true level\n|\n|t:|1783558462\n|teamsize|p1|6\n|teamsize|p2|6\n|start\n|switch|p1a: Quaquaval|Quaquaval, L79, M|100/100\n|switch|p2a: Donphan|Donphan, L84, M|288/288\n|turn|1\n|inactive|Battle timer is ON: inactive players will automatically lose when time's up. (requested by p0y1595eb3f)\n|inactive|p0x1595eb1d also wants the timer to be on.\n|\n|t:|1783558464\n|move|p1a: Quaquaval|Aqua Step|p2a: Donphan\n|-supereffective|p2a: Donphan\n|-damage|p2a: Donphan|142/288\n|-boost|p1a: Quaquaval|spe|1\n|move|p2a: Donphan|Earthquake|p1a: Quaquaval\n|-damage|p1a: Quaquaval|51/100\n|\n|-heal|p1a: Quaquaval|57/100|[from] item: Leftovers\n|upkeep\n|turn|2\n|inactive|Time left: 300 sec this turn | 300 sec total\n|\n|t:|1783558465\n|switch|p2a: Hatterene|Hatterene, L85, F|236/236\n|move|p1a: Quaquaval|Aqua Step|p2a: Hatterene\n|-damage|p2a: Hatterene|155/236\n|-boost|p1a: Quaquaval|spe|1\n|\n|-heal|p1a: Quaquaval|63/100|[from] item: Leftovers\n|upkeep\n|turn|3\n|inactive|Time left: 300 sec this turn | 300 sec total\n|\n|t:|1783558467\n|-terastallize|p1a: Quaquaval|Steel\n|move|p1a: Quaquaval|Aqua Step|p2a: Hatterene\n|-damage|p2a: Hatterene|76/236\n|-boost|p1a: Quaquaval|spe|1\n|move|p2a: Hatterene|Draining Kiss|p1a: Quaquaval\n|-resisted|p1a: Quaquaval\n|-damage|p1a: Quaquaval|47/100\n|-heal|p2a: Hatterene|109/236|[from] drain|[of] p1a: Quaquaval\n|\n|-heal|p1a: Quaquaval|53/100|[from] item: Leftovers\n|upkeep\n|turn|4\n|inactive|Time left: 300 sec this turn | 300 sec total\n|\n|t:|1783558468\n|move|p1a: Quaquaval|Roost|p1a: Quaquaval\n|-heal|p1a: Quaquaval|100/100\n|move|p2a: Hatterene|Mystical Fire|p1a: Quaquaval\n|-supereffective|p1a: Quaquaval\n|-damage|p1a: Quaquaval|32/100\n|-unboost|p1a: Quaquaval|spa|1\n|\n|-heal|p1a: Quaquaval|38/100|[from] item: Leftovers\n|upkeep\n|turn|5\n|inactive|Time left: 300 sec this turn | 300 sec total\n|\n|t:|1783558469\n|move|p1a: Quaquaval|Roost|p1a: Quaquaval\n|-heal|p1a: Quaquaval|88/100\n|move|p2a: Hatterene|Mystical Fire|p1a: Quaquaval\n|-supereffective|p1a: Quaquaval\n|-damage|p1a: Quaquaval|28/100\n|-unboost|p1a: Quaquaval|spa|1\n|\n|-heal|p1a: Quaquaval|34/100|[from] item: Leftovers\n|upkeep\n|turn|6\n|inactive|Time left: 300 sec this turn | 300 sec total\n|\n|t:|1783558470\n|move|p1a: Quaquaval|Roost|p1a: Quaquaval\n|-heal|p1a: Quaquaval|84/100\n|move|p2a: Hatterene|Mystical Fire|p1a: Quaquaval\n|-supereffective|p1a: Quaquaval\n|-damage|p1a: Quaquaval|22/100\n|-unboost|p1a: Quaquaval|spa|1\n|\n|-heal|p1a: Quaquaval|29/100|[from] item: Leftovers\n|upkeep\n|turn|7\n|inactive|Time left: 300 sec this turn | 300 sec total\n|\n|t:|1783558471\n|move|p1a: Quaquaval|Aqua Step|p2a: Hatterene\n|-damage|p2a: Hatterene|28/236\n|-boost|p1a: Quaquaval|spe|1\n|move|p2a: Hatterene|Mystical Fire|p1a: Quaquaval\n|-supereffective|p1a: Quaquaval\n|-damage|p1a: Quaquaval|0 fnt\n|faint|p1a: Quaquaval\n|\n|upkeep\n|\n|t:|1783558472\n|switch|p1a: Malamar|Malamar, L82, M|100/100\n|turn|8\n|inactive|Time left: 300 sec this turn | 300 sec total\n|\n|t:|1783558473\n|move|p1a: Malamar|Knock Off|p2a: Hatterene\n|-damage|p2a: Hatterene|0 fnt\n|-enditem|p2a: Hatterene|Assault Vest|[from] move: Knock Off|[of] p1a: Malamar\n|faint|p2a: Hatterene\n|\n|upkeep\n|inactive|Time left: 300 sec this turn | 300 sec total | 5 sec grace\n|\n|t:|1783558474\n|switch|p2a: Rotom|Rotom, L88|231/231\n|turn|9\n|inactive|Time left: 300 sec this turn | 300 sec total\n|\n|t:|1783558475\n|-terastallize|p2a: Rotom|Electric\n|move|p2a: Rotom|Nasty Plot|p2a: Rotom\n|-boost|p2a: Rotom|spa|2\n|move|p1a: Malamar|Knock Off|p2a: Rotom\n|-damage|p2a: Rotom|137/231\n|-enditem|p2a: Rotom|Life Orb|[from] move: Knock Off|[of] p1a: Malamar\n|\n|upkeep\n|turn|10\n|inactive|Time left: 300 sec this turn | 300 sec total\n|\n|t:|1783558476\n|move|p2a: Rotom|Thunderbolt|p1a: Malamar\n|-damage|p1a: Malamar|0 fnt\n|faint|p1a: Malamar\n|\n|upkeep\n|\n|t:|1783558477\n|switch|p1a: Chandelure|Chandelure, L83, F|100/100\n|turn|11\n|inactive|Time left: 300 sec this turn | 300 sec total\n|\n|t:|1783558478\n|move|p1a: Chandelure|Fire Blast|p2a: Rotom\n|-damage|p2a: Rotom|0 fnt\n|faint|p2a: Rotom\n|\n|upkeep\n|inactive|Time left: 300 sec this turn | 300 sec total | 5 sec grace\n|\n|t:|1783558479\n|switch|p2a: Muk|Muk-Alola, L82, M|306/306\n|turn|12\n|inactive|Time left: 300 sec this turn | 300 sec total\n|\n|t:|1783558480\n|move|p1a: Chandelure|Fire Blast|p2a: Muk|[miss]\n|-miss|p1a: Chandelure|p2a: Muk\n|move|p2a: Muk|Knock Off|p1a: Chandelure\n|-supereffective|p1a: Chandelure\n|-damage|p1a: Chandelure|10/100\n|-enditem|p1a: Chandelure|Choice Scarf|[from] move: Knock Off|[of] p2a: Muk\n|\n|upkeep\n|turn|13\n|inactive|Time left: 300 sec this turn | 300 sec total\n|\n|t:|1783558481\n|move|p1a: Chandelure|Fire Blast|p2a: Muk\n|-damage|p2a: Muk|207/306\n|move|p2a: Muk|Ice Punch|p1a: Chandelure\n|-resisted|p1a: Chandelure\n|-damage|p1a: Chandelure|0 fnt\n|faint|p1a: Chandelure\n|\n|upkeep\n|\n|t:|1783558482\n|switch|p1a: Vaporeon|Vaporeon, L86, F|100/100\n|turn|14\n|inactive|Time left: 300 sec this turn | 300 sec total\n|\n|t:|1783558483\n|move|p1a: Vaporeon|Scald|p2a: Muk\n|-crit|p2a: Muk\n|-damage|p2a: Muk|113/306\n|move|p2a: Muk|Knock Off|p1a: Vaporeon\n|-damage|p1a: Vaporeon|62/100\n|-status|p1a: Vaporeon|psn|[from] ability: Poison Touch|[of] p2a: Muk\n|-enditem|p1a: Vaporeon|Leftovers|[from] move: Knock Off|[of] p2a: Muk\n|\n|-damage|p1a: Vaporeon|49/100 psn|[from] psn\n|upkeep\n|turn|15\n|inactive|Time left: 300 sec this turn | 300 sec total\n|\n|t:|1783558484\n|move|p1a: Vaporeon|Scald|p2a: Muk\n|-damage|p2a: Muk|50/306\n|move|p2a: Muk|Drain Punch|p1a: Vaporeon\n|-damage|p1a: Vaporeon|29/100 psn\n|-heal|p2a: Muk|87/306|[from] drain|[of] p1a: Vaporeon\n|\n|-damage|p1a: Vaporeon|17/100 psn|[from] psn\n|upkeep\n|turn|16\n|inactive|Time left: 300 sec this turn | 300 sec total\n|\n|t:|1783558486\n|move|p1a: Vaporeon|Scald|p2a: Muk\n|-damage|p2a: Muk|29/306\n|-status|p2a: Muk|brn\n|move|p2a: Muk|Drain Punch|p1a: Vaporeon\n|-damage|p1a: Vaporeon|7/100 psn\n|-heal|p2a: Muk|47/306 brn|[from] drain|[of] p1a: Vaporeon\n|\n|-damage|p1a: Vaporeon|0 fnt|[from] psn\n|faint|p1a: Vaporeon\n|-damage|p2a: Muk|28/306 brn|[from] brn\n|upkeep\n|\n|t:|1783558486\n|switch|p1a: Drifblim|Drifblim, L86, F|100/100\n|turn|17\n|inactive|Time left: 300 sec this turn | 300 sec total\n|\n|t:|1783558487\n|move|p1a: Drifblim|Calm Mind|p1a: Drifblim\n|-boost|p1a: Drifblim|spa|1\n|-boost|p1a: Drifblim|spd|1\n|move|p2a: Muk|Knock Off|p1a: Drifblim\n|-supereffective|p1a: Drifblim\n|-damage|p1a: Drifblim|61/100\n|-enditem|p1a: Drifblim|Sitrus Berry|[from] move: Knock Off|[of] p2a: Muk\n|\n|-damage|p2a: Muk|9/306 brn|[from] brn\n|upkeep\n|turn|18\n|inactive|Time left: 300 sec this turn | 300 sec total\n|\n|t:|1783558489\n|switch|p2a: Milotic|Milotic, L83, F|293/293\n|move|p1a: Drifblim|Strength Sap|p2a: Milotic\n|-unboost|p2a: Milotic|atk|1\n|-ability|p2a: Milotic|Competitive|boost\n|-boost|p2a: Milotic|spa|2\n|-heal|p1a: Drifblim|87/100\n|\n|upkeep\n|turn|19\n|inactive|Time left: 300 sec this turn | 300 sec total\n|\n|t:|1783558490\n|move|p1a: Drifblim|Calm Mind|p1a: Drifblim\n|-boost|p1a: Drifblim|spa|1\n|-boost|p1a: Drifblim|spd|1\n|move|p2a: Milotic|Ice Beam|p1a: Drifblim\n|-supereffective|p1a: Drifblim\n|-damage|p1a: Drifblim|45/100\n|\n|upkeep\n|turn|20\n|inactive|Time left: 300 sec this turn | 300 sec total\n|\n|t:|1783558491\n|move|p1a: Drifblim|Air Slash|p2a: Milotic\n|-damage|p2a: Milotic|178/293\n|move|p2a: Milotic|Ice Beam|p1a: Drifblim\n|-supereffective|p1a: Drifblim\n|-damage|p1a: Drifblim|1/100\n|\n|-heal|p2a: Milotic|196/293|[from] item: Leftovers\n|upkeep\n|turn|21\n|inactive|Time left: 300 sec this turn | 300 sec total\n|\n|t:|1783558492\n|move|p1a: Drifblim|Air Slash|p2a: Milotic\n|-damage|p2a: Milotic|78/293\n|move|p2a: Milotic|Scald|p1a: Drifblim\n|-damage|p1a: Drifblim|0 fnt\n|faint|p1a: Drifblim\n|\n|-heal|p2a: Milotic|96/293|[from] item: Leftovers\n|upkeep\n|\n|t:|1783558493\n|switch|p1a: Cinccino|Cinccino, L83, F|100/100\n|turn|22\n|inactive|Time left: 300 sec this turn | 300 sec total\n|\n|t:|1783558493\n|move|p1a: Cinccino|Bullet Seed|p2a: Milotic\n|-supereffective|p2a: Milotic\n|-damage|p2a: Milotic|44/293\n|-supereffective|p2a: Milotic\n|-damage|p2a: Milotic|0 fnt\n|faint|p2a: Milotic\n|-hitcount|p2: Milotic|2\n|\n|upkeep\n|inactive|Time left: 300 sec this turn | 300 sec total | 5 sec grace\n|\n|t:|1783558494\n|switch|p2a: Electivire|Electivire, L84, F|263/263\n|turn|23\n|inactive|Time left: 300 sec this turn | 300 sec total\n|\n|t:|1783558495\n|move|p1a: Cinccino|Tail Slap|p2a: Electivire\n|-damage|p2a: Electivire|220/263\n|-damage|p2a: Electivire|171/263\n|-damage|p2a: Electivire|123/263\n|-damage|p2a: Electivire|75/263\n|-damage|p2a: Electivire|32/263\n|-hitcount|p2a: Electivire|5\n|move|p2a: Electivire|Supercell Slam|p1a: Cinccino\n|-damage|p1a: Cinccino|19/100\n|-damage|p2a: Electivire|6/263|[from] item: Life Orb\n|\n|upkeep\n|turn|24\n|inactive|Time left: 300 sec this turn | 300 sec total\n|\n|t:|1783558496\n|move|p1a: Cinccino|Bullet Seed|p2a: Electivire\n|-damage|p2a: Electivire|0 fnt\n|faint|p2a: Electivire\n|-hitcount|p2: Electivire|1\n|\n|upkeep\n|inactive|Time left: 300 sec this turn | 300 sec total | 5 sec grace\n|\n|t:|1783558496\n|switch|p2a: Muk|Muk-Alola, L82, M|9/306 brn\n|turn|25\n|inactive|Time left: 300 sec this turn | 300 sec total\n|\n|t:|1783558497\n|switch|p2a: Donphan|Donphan, L84, M|142/288\n|move|p1a: Cinccino|Bullet Seed|p2a: Donphan\n|-supereffective|p2a: Donphan\n|-damage|p2a: Donphan|102/288\n|-supereffective|p2a: Donphan\n|-damage|p2a: Donphan|60/288\n|-supereffective|p2a: Donphan\n|-damage|p2a: Donphan|20/288\n|-supereffective|p2a: Donphan\n|-damage|p2a: Donphan|0 fnt\n|faint|p2a: Donphan\n|-hitcount|p2: Donphan|4\n|\n|upkeep\n|inactive|Time left: 300 sec this turn | 300 sec total | 5 sec grace\n|\n|t:|1783558498\n|switch|p2a: Muk|Muk-Alola, L82, M|9/306 brn\n|turn|26\n|inactive|Time left: 300 sec this turn | 300 sec total\n|\n|t:|1783558498\n|move|p1a: Cinccino|Bullet Seed|p2a: Muk\n|-resisted|p2a: Muk\n|-damage|p2a: Muk|0 fnt\n|faint|p2a: Muk\n|-hitcount|p2: Muk|1\n|\n|win|p0x1595eb1d", "uploadtime": 1783558498, "views": 0, "rating": 0, "private": 0, "password": null, "_winner": "p0x1595eb1d", "_our_name": "p0y1595eb3f"}