{"id": "battle-gen9randombattle-2853", "formatid": "gen9randombattle", "format": "[Gen 9] Random Battle", "players": ["p0x285357ed", "p0y28534f9a"], "log": "|init|battle\n|title|p0x285357ed vs. p0y28534f9a\n|j|\u2606p0x285357ed\n|j|\u2606p0y28534f9a\n|t:|1783572853\n|gametype|singles\n|player|p1|p0x285357ed|1|\n|player|p2|p0y28534f9a|101|\n|gen|9\n|tier|[Gen 9] Random Battle\n|rule|Species Clause: Limit one of each Pok\u00e9mon\n|rule|HP Percentage Mod: HP is shown in percentages\n|rule|Sleep Clause Mod: Limit one foe put to sleep\n|rule|Illusion Level Mod: Illusion disguises the Pok\u00e9mon's true level\n|\n|t:|1783572853\n|teamsize|p1|6\n|teamsize|p2|6\n|start\n|switch|p1a: Palafin|Palafin, L77, M|281/281\n|switch|p2a: Blissey|Blissey, L85, F|100/100\n|turn|1\n|inactive|Battle timer is ON: inactive players will automatically lose when time's up. (requested by p0x285357ed)\n|\n|t:|1783572855\n|move|p1a: Palafin|Bulk Up|p1a: Palafin\n|-boost|p1a: Palafin|atk|1\n|-boost|p1a: Palafin|def|1\n|move|p2a: Blissey|Stealth Rock|p1a: Palafin\n|-sidestart|p1: p0x285357ed|move: Stealth Rock\n|\n|upkeep\n|turn|2\n|inactive|Time left: 300 sec this turn | 300 sec total\n|inactive|p0y28534f9a also wants the timer to be on.\n|\n|t:|1783572856\n|switch|p2a: Leavanny|Leavanny, L86, M|100/100\n|move|p1a: Palafin|Bulk Up|p1a: Palafin\n|-boost|p1a: Palafin|atk|1\n|-boost|p1a: Palafin|def|1\n|\n|upkeep\n|turn|3\n|inactive|Time left: 300 sec this turn | 300 sec total\n|\n|t:|1783572857\n|move|p2a: Leavanny|Sticky Web|p1a: Palafin\n|-sidestart|p1: p0x285357ed|move: Sticky Web\n|move|p1a: Palafin|Ice Punch|p2a: Leavanny\n|-supereffective|p2a: Leavanny\n|-damage|p2a: Leavanny|45/100\n|-status|p2a: Leavanny|frz\n|\n|upkeep\n|turn|4\n|inactive|Time left: 300 sec this turn | 300 sec total\n|\n|t:|1783572858\n|cant|p2a: Leavanny|frz\n|move|p1a: Palafin|Ice Punch|p2a: Leavanny\n|-supereffective|p2a: Leavanny\n|-damage|p2a: Leavanny|0 fnt\n|faint|p2a: Leavanny\n|\n|upkeep\n|\n|t:|1783572859\n|switch|p2a: Dragalge|Dragalge, L88, F|100/100\n|turn|5\n|inactive|Time left: 300 sec this turn | 300 sec total\n|\n|t:|1783572860\n|move|p1a: Palafin|Ice Punch|p2a: Dragalge\n|-supereffective|p2a: Dragalge\n|-damage|p2a: Dragalge|52/100\n|move|p2a: Dragalge|Draco Meteor|p1a: Palafin\n|-damage|p1a: Palafin|1/281\n|-unboost|p2a: Dragalge|spa|2\n|\n|-heal|p1a: Palafin|18/281|[from] item: Leftovers\n|-heal|p2a: Dragalge|59/100|[from] item: Leftovers\n|upkeep\n|turn|6\n|inactive|Time left: 300 sec this turn | 300 sec total\n|\n|t:|1783572861\n|move|p1a: Palafin|Ice Punch|p2a: Dragalge\n|-supereffective|p2a: Dragalge\n|-damage|p2a: Dragalge|10/100\n|move|p2a: Dragalge|Sludge Wave|p1a: Palafin\n|-damage|p1a: Palafin|0 fnt\n|faint|p1a: Palafin\n|\n|-heal|p2a: Dragalge|16/100|[from] item: Leftovers\n|upkeep\n|inactive|Time left: 300 sec this turn | 300 sec total | 5 sec grace\n|\n|t:|1783572862\n|switch|p1a: Delphox|Delphox, L84, F|263/263\n|turn|7\n|inactive|Time left: 300 sec this turn | 300 sec total\n|\n|t:|1783572864\n|move|p1a: Delphox|Nasty Plot|p1a: Delphox\n|-boost|p1a: Delphox|spa|2\n|move|p2a: Dragalge|Sludge Wave|p1a: Delphox\n|-damage|p1a: Delphox|191/263\n|\n|-heal|p2a: Dragalge|22/100|[from] item: Leftovers\n|upkeep\n|turn|8\n|inactive|Time left: 300 sec this turn | 300 sec total\n|\n|t:|1783572865\n|move|p1a: Delphox|Psyshock|p2a: Dragalge\n|-supereffective|p2a: Dragalge\n|-damage|p2a: Dragalge|0 fnt\n|faint|p2a: Dragalge\n|\n|upkeep\n|\n|t:|1783572866\n|switch|p2a: Wo-Chien|Wo-Chien, L83|100/100\n|-ability|p2a: Wo-Chien|Tablets of Ruin\n|turn|9\n|inactive|Time left: 300 sec this turn | 300 sec total\n|\n|t:|1783572866\n|-terastallize|p2a: Wo-Chien|Poison\n|move|p1a: Delphox|Fire Blast|p2a: Wo-Chien\n|-damage|p2a: Wo-Chien|32/100\n|move|p2a: Wo-Chien|Knock Off|p1a: Delphox\n|-supereffective|p1a: Delphox\n|-damage|p1a: Delphox|0 fnt\n|-enditem|p1a: Delphox|Heavy-Duty Boots|[from] move: Knock Off|[of] p2a: Wo-Chien\n|faint|p1a: Delphox\n|\n|-heal|p2a: Wo-Chien|38/100|[from] item: Leftovers\n|upkeep\n|inactive|Time left: 300 sec this turn | 300 sec total | 5 sec grace\n|\n|t:|1783572867\n|switch|p1a: Sudowoodo|Sudowoodo, L94, M|284/284\n|-damage|p1a: Sudowoodo|249/284|[from] Stealth Rock\n|-activate|p1a: Sudowoodo|move: Sticky Web\n|-unboost|p1a: Sudowoodo|spe|1\n|turn|10\n|inactive|Time left: 300 sec this turn | 300 sec total\n|\n|t:|1783572868\n|move|p2a: Wo-Chien|Giga Drain|p1a: Sudowoodo\n|-supereffective|p1a: Sudowoodo\n|-damage|p1a: Sudowoodo|69/284\n|-heal|p2a: Wo-Chien|71/100|[from] drain|[of] p1a: Sudowoodo\n|move|p1a: Sudowoodo|Head Smash|p2a: Wo-Chien\n|-damage|p2a: Wo-Chien|0 fnt\n|faint|p2a: Wo-Chien\n|\n|upkeep\n|\n|t:|1783572869\n|switch|p2a: Falinks|Falinks, L84|100/100\n|turn|11\n|inactive|Time left: 300 sec this turn | 300 sec total\n|\n|t:|1783572870\n|switch|p1a: Clefable|Clefable, L83, M|293/293\n|-damage|p1a: Clefable|257/293|[from] Stealth Rock\n|-activate|p1a: Clefable|move: Sticky Web\n|-unboost|p1a: Clefable|spe|1\n|move|p2a: Falinks|No Retreat|p2a: Falinks\n|-boost|p2a: Falinks|atk|1\n|-boost|p2a: Falinks|def|1\n|-boost|p2a: Falinks|spa|1\n|-boost|p2a: Falinks|spd|1\n|-boost|p2a: Falinks|spe|1\n|-start|p2a: Falinks|move: No Retreat\n|\n|-heal|p1a: Clefable|275/293|[from] item: Leftovers\n|upkeep\n|turn|12\n|inactive|Time left: 300 sec this turn | 300 sec total\n|\n|t:|1783572871\n|-terastallize|p1a: Clefable|Poison\n|move|p2a: Falinks|Iron Head|p1a: Clefable\n|-damage|p1a: Clefable|180/293\n|-damage|p2a: Falinks|91/100|[from] item: Life Orb\n|move|p1a: Clefable|Moonblast|p2a: Falinks\n|-supereffective|p2a: Falinks\n|-damage|p2a: Falinks|0 fnt\n|faint|p2a: Falinks\n|\n|-heal|p1a: Clefable|198/293|[from] item: Leftovers\n|upkeep\n|\n|t:|1783572872\n|switch|p2a: Blissey|Blissey, L85, F|100/100\n|turn|13\n|inactive|Time left: 300 sec this turn | 300 sec total\n|\n|t:|1783572873\n|move|p2a: Blissey|Thunder Wave|p1a: Clefable\n|-status|p1a: Clefable|par\n|move|p1a: Clefable|Knock Off|p2a: Blissey\n|-damage|p2a: Blissey|75/100\n|-enditem|p2a: Blissey|Leftovers|[from] move: Knock Off|[of] p1a: Clefable\n|\n|-heal|p1a: Clefable|216/293 par|[from] item: Leftovers\n|upkeep\n|turn|14\n|inactive|Time left: 300 sec this turn | 300 sec total\n|\n|t:|1783572874\n|move|p2a: Blissey|Soft-Boiled|p2a: Blissey\n|-heal|p2a: Blissey|100/100\n|move|p1a: Clefable|Moonblast|p2a: Blissey\n|-damage|p2a: Blissey|88/100\n|\n|-heal|p1a: Clefable|234/293 par|[from] item: Leftovers\n|upkeep\n|turn|15\n|inactive|Time left: 300 sec this turn | 300 sec total\n|\n|t:|1783572875\n|move|p2a: Blissey|Seismic Toss|p1a: Clefable\n|-damage|p1a: Clefable|149/293 par\n|move|p1a: Clefable|Knock Off|p2a: Blissey\n|-damage|p2a: Blissey|70/100\n|\n|-heal|p1a: Clefable|167/293 par|[from] item: Leftovers\n|upkeep\n|turn|16\n|inactive|Time left: 300 sec this turn | 300 sec total\n|\n|t:|1783572877\n|move|p2a: Blissey|Soft-Boiled|p2a: Blissey\n|-heal|p2a: Blissey|100/100\n|move|p1a: Clefable|Moonlight|p1a: Clefable\n|-heal|p1a: Clefable|293/293 par\n|\n|upkeep\n|turn|17\n|inactive|Time left: 300 sec this turn | 300 sec total\n|\n|t:|1783572878\n|move|p2a: Blissey|Seismic Toss|p1a: Clefable\n|-damage|p1a: Clefable|208/293 par\n|move|p1a: Clefable|Knock Off|p2a: Blissey\n|-damage|p2a: Blissey|81/100\n|\n|-heal|p1a: Clefable|226/293 par|[from] item: Leftovers\n|upkeep\n|turn|18\n|inactive|Time left: 300 sec this turn | 300 sec total\n|\n|t:|1783572879\n|move|p2a: Blissey|Seismic Toss|p1a: Clefable\n|-damage|p1a: Clefable|141/293 par\n|move|p1a: Clefable|Moonblast|p2a: Blissey\n|-damage|p2a: Blissey|67/100\n|-unboost|p2a: Blissey|spa|1\n|\n|-heal|p1a: Clefable|159/293 par|[from] item: Leftovers\n|upkeep\n|turn|19\n|inactive|Time left: 300 sec this turn | 300 sec total\n|\n|t:|1783572880\n|switch|p2a: Orthworm|Orthworm, L88, F|100/100\n|cant|p1a: Clefable|par\n|\n|-heal|p1a: Clefable|177/293 par|[from] item: Leftovers\n|upkeep\n|turn|20\n|inactive|Time left: 300 sec this turn | 300 sec total\n|\n|t:|1783572881\n|move|p2a: Orthworm|Coil|p2a: Orthworm\n|-boost|p2a: Orthworm|atk|1\n|-boost|p2a: Orthworm|def|1\n|-boost|p2a: Orthworm|accuracy|1\n|move|p1a: Clefable|Fire Blast|p2a: Orthworm\n|-supereffective|p2a: Orthworm\n|-damage|p2a: Orthworm|19/100\n|\n|-heal|p1a: Clefable|195/293 par|[from] item: Leftovers\n|upkeep\n|turn|21\n|inactive|Time left: 300 sec this turn | 300 sec total\n|\n|t:|1783572882\n|move|p2a: Orthworm|Rest|p2a: Orthworm\n|-status|p2a: Orthworm|slp|[from] move: Rest\n|-heal|p2a: Orthworm|100/100 slp|[silent]\n|-enditem|p2a: Orthworm|Chesto Berry|[eat]\n|-curestatus|p2a: Orthworm|slp|[msg]\n|move|p1a: Clefable|Fire Blast|p2a: Orthworm\n|-supereffective|p2a: Orthworm\n|-damage|p2a: Orthworm|25/100\n|\n|-heal|p1a: Clefable|213/293 par|[from] item: Leftovers\n|upkeep\n|turn|22\n|inactive|Time left: 300 sec this turn | 300 sec total\n|\n|t:|1783572883\n|move|p2a: Orthworm|Iron Tail|p1a: Clefable\n|-crit|p1a: Clefable\n|-damage|p1a: Clefable|24/293 par\n|-unboost|p1a: Clefable|def|1\n|move|p1a: Clefable|Fire Blast|p2a: Orthworm\n|-supereffective|p2a: Orthworm\n|-damage|p2a: Orthworm|0 fnt\n|faint|p2a: Orthworm\n|\n|-heal|p1a: Clefable|42/293 par|[from] item: Leftovers\n|upkeep\n|\n|t:|1783572884\n|switch|p2a: Blissey|Blissey, L85, F|67/100\n|turn|23\n|inactive|Time left: 300 sec this turn | 300 sec total\n|\n|t:|1783572885\n|move|p2a: Blissey|Soft-Boiled|p2a: Blissey\n|-heal|p2a: Blissey|100/100\n|cant|p1a: Clefable|par\n|\n|-heal|p1a: Clefable|60/293 par|[from] item: Leftovers\n|upkeep\n|turn|24\n|inactive|Time left: 300 sec this turn | 300 sec total\n|\n|t:|1783572886\n|move|p2a: Blissey|Thunder Wave|p1a: Clefable\n|-fail|p1a: Clefable|par\n|move|p1a: Clefable|Moonlight|p1a: Clefable\n|-heal|p1a: Clefable|206/293 par\n|\n|-heal|p1a: Clefable|224/293 par|[from] item: Leftovers\n|upkeep\n|turn|25\n|inactive|Time left: 300 sec this turn | 300 sec total\n|\n|t:|1783572886\n|move|p2a: Blissey|Seismic Toss|p1a: Clefable\n|-damage|p1a: Clefable|139/293 par\n|move|p1a: Clefable|Moonlight|p1a: Clefable\n|-heal|p1a: Clefable|285/293 par\n|\n|-heal|p1a: Clefable|293/293 par|[from] item: Leftovers\n|upkeep\n|turn|26\n|inactive|Time left: 300 sec this turn | 300 sec total\n|\n|t:|1783572887\n|move|p2a: Blissey|Thunder Wave|p1a: Clefable\n|-fail|p1a: Clefable|par\n|move|p1a: Clefable|Knock Off|p2a: Blissey\n|-damage|p2a: Blissey|81/100\n|\n|upkeep\n|turn|27\n|inactive|Time left: 300 sec this turn | 300 sec total\n|\n|t:|1783572888\n|switch|p1a: Greninja|Greninja, L80, M|246/246\n|-damage|p1a: Greninja|216/246|[from] Stealth Rock\n|-activate|p1a: Greninja|move: Sticky Web\n|-unboost|p1a: Greninja|spe|1\n|move|p2a: Blissey|Thunder Wave|p1a: Greninja\n|-status|p1a: Greninja|par\n|\n|upkeep\n|turn|28\n|inactive|Time left: 300 sec this turn | 300 sec total\n|\n|t:|1783572889\n|move|p2a: Blissey|Soft-Boiled|p2a: Blissey\n|-heal|p2a: Blissey|100/100\n|cant|p1a: Greninja|par\n|\n|upkeep\n|turn|29\n|inactive|Time left: 300 sec this turn | 300 sec total\n|\n|t:|1783572890\n|move|p2a: Blissey|Seismic Toss|p1a: Greninja\n|-damage|p1a: Greninja|131/246 par\n|move|p1a: Greninja|Gunk Shot|p2a: Blissey|[miss]\n|-start|p1a: Greninja|typechange|Poison|[from] ability: Protean\n|-miss|p1a: Greninja|p2a: Blissey\n|\n|upkeep\n|turn|30\n|inactive|Time left: 300 sec this turn | 300 sec total\n|\n|t:|1783572891\n|move|p2a: Blissey|Seismic Toss|p1a: Greninja\n|-damage|p1a: Greninja|46/246 par\n|move|p1a: Greninja|Gunk Shot|p2a: Blissey\n|-damage|p2a: Blissey|27/100\n|-damage|p1a: Greninja|22/246 par|[from] item: Life Orb\n|\n|upkeep\n|turn|31\n|inactive|Time left: 300 sec this turn | 300 sec total\n|\n|t:|1783572892\n|move|p2a: Blissey|Seismic Toss|p1a: Greninja\n|-damage|p1a: Greninja|0 fnt\n|faint|p1a: Greninja\n|\n|upkeep\n|inactive|Time left: 300 sec this turn | 300 sec total | 5 sec grace\n|\n|t:|1783572893\n|switch|p1a: Articuno|Articuno, L86|295/295\n|-ability|p1a: Articuno|Pressure\n|turn|32\n|inactive|Time left: 300 sec this turn | 300 sec total\n|\n|t:|1783572894\n|move|p1a: Articuno|Brave Bird|p2a: Blissey\n|-damage|p2a: Blissey|0 fnt\n|faint|p2a: Blissey\n|-damage|p1a: Articuno|245/295|[from] Recoil\n|\n|win|p0x285357ed", "uploadtime": 1783572894, "views": 0, "rating": 0, "private": 0, "password": null, "_winner": "p0x285357ed", "_our_name": "p0x285357ed"}