{"id": "battle-gen9randombattle-1733", "formatid": "gen9randombattle", "format": "[Gen 9] Random Battle", "players": ["p0x17339b91", "p0y17335cbd"], "log": "|init|battle\n|title|p0x17339b91 vs. p0y17335cbd\n|j|\u2606p0x17339b91\n|j|\u2606p0y17335cbd\n|t:|1783560045\n|gametype|singles\n|player|p1|p0x17339b91|170|\n|player|p2|p0y17335cbd|101|\n|gen|9\n|tier|[Gen 9] Random Battle\n|rule|Species Clause: Limit one of each Pok\u00e9mon\n|rule|HP Percentage Mod: HP is shown in percentages\n|rule|Sleep Clause Mod: Limit one foe put to sleep\n|rule|Illusion Level Mod: Illusion disguises the Pok\u00e9mon's true level\n|\n|t:|1783560045\n|teamsize|p1|6\n|teamsize|p2|6\n|start\n|switch|p1a: Zebstrika|Zebstrika, L87, F|100/100\n|switch|p2a: Meganium|Meganium, L90, F|290/290\n|turn|1\n|inactive|Battle timer is ON: inactive players will automatically lose when time's up. (requested by p0y17335cbd)\n|inactive|p0x17339b91 also wants the timer to be on.\n|\n|t:|1783560046\n|move|p1a: Zebstrika|Supercell Slam|p2a: Meganium\n|-resisted|p2a: Meganium\n|-damage|p2a: Meganium|224/290\n|-damage|p1a: Zebstrika|91/100|[from] item: Life Orb\n|move|p2a: Meganium|Swords Dance|p2a: Meganium\n|-boost|p2a: Meganium|atk|2\n|\n|-heal|p2a: Meganium|242/290|[from] item: Leftovers\n|upkeep\n|turn|2\n|inactive|Time left: 300 sec this turn | 300 sec total\n|\n|t:|1783560047\n|switch|p1a: Orthworm|Orthworm, L88, M|100/100\n|move|p2a: Meganium|Earthquake|p1a: Orthworm\n|-immune|p1a: Orthworm|[from] ability: Earth Eater\n|\n|-heal|p2a: Meganium|260/290|[from] item: Leftovers\n|upkeep\n|turn|3\n|inactive|Time left: 300 sec this turn | 300 sec total\n|\n|t:|1783560048\n|move|p2a: Meganium|Knock Off|p1a: Orthworm\n|-damage|p1a: Orthworm|66/100\n|-enditem|p1a: Orthworm|Chesto Berry|[from] move: Knock Off|[of] p2a: Meganium\n|move|p1a: Orthworm|Coil|p1a: Orthworm\n|-boost|p1a: Orthworm|atk|1\n|-boost|p1a: Orthworm|def|1\n|-boost|p1a: Orthworm|accuracy|1\n|\n|-heal|p2a: Meganium|278/290|[from] item: Leftovers\n|upkeep\n|turn|4\n|inactive|Time left: 300 sec this turn | 300 sec total\n|\n|t:|1783560049\n|move|p2a: Meganium|Swords Dance|p2a: Meganium\n|-boost|p2a: Meganium|atk|2\n|move|p1a: Orthworm|Coil|p1a: Orthworm\n|-boost|p1a: Orthworm|atk|1\n|-boost|p1a: Orthworm|def|1\n|-boost|p1a: Orthworm|accuracy|1\n|\n|-heal|p2a: Meganium|290/290|[from] item: Leftovers\n|upkeep\n|turn|5\n|inactive|Time left: 300 sec this turn | 300 sec total\n|\n|t:|1783560050\n|move|p2a: Meganium|Petal Blizzard|p1a: Orthworm\n|-resisted|p1a: Orthworm\n|-damage|p1a: Orthworm|50/100\n|move|p1a: Orthworm|Body Press|p2a: Meganium\n|-damage|p2a: Meganium|148/290\n|\n|-heal|p2a: Meganium|166/290|[from] item: Leftovers\n|upkeep\n|turn|6\n|inactive|Time left: 300 sec this turn | 300 sec total\n|\n|t:|1783560052\n|move|p2a: Meganium|Petal Blizzard|p1a: Orthworm\n|-resisted|p1a: Orthworm\n|-damage|p1a: Orthworm|33/100\n|move|p1a: Orthworm|Iron Tail|p2a: Meganium\n|-damage|p2a: Meganium|0 fnt\n|faint|p2a: Meganium\n|\n|upkeep\n|inactive|Time left: 300 sec this turn | 300 sec total | 5 sec grace\n|\n|t:|1783560053\n|switch|p2a: Politoed|Politoed, L88, M|302/302\n|-weather|RainDance|[from] ability: Drizzle|[of] p2a: Politoed\n|turn|7\n|inactive|Time left: 300 sec this turn | 300 sec total\n|\n|t:|1783560054\n|move|p2a: Politoed|Hydro Pump|p1a: Orthworm\n|-damage|p1a: Orthworm|0 fnt\n|faint|p1a: Orthworm\n|\n|-weather|RainDance|[upkeep]\n|upkeep\n|\n|t:|1783560055\n|switch|p1a: Zebstrika|Zebstrika, L87, F|91/100\n|turn|8\n|inactive|Time left: 300 sec this turn | 300 sec total\n|\n|t:|1783560056\n|switch|p2a: Arbok|Arbok, L87, M|246/246\n|-ability|p2a: Arbok|Intimidate|boost\n|-unboost|p1a: Zebstrika|atk|1\n|move|p1a: Zebstrika|Supercell Slam|p2a: Arbok\n|-damage|p2a: Arbok|124/246\n|-damage|p1a: Zebstrika|81/100|[from] item: Life Orb\n|\n|-weather|RainDance|[upkeep]\n|-heal|p2a: Arbok|139/246|[from] item: Leftovers\n|upkeep\n|turn|9\n|inactive|Time left: 300 sec this turn | 300 sec total\n|\n|t:|1783560057\n|switch|p1a: Avalugg|Avalugg-Hisui, L90, F|100/100\n|move|p2a: Arbok|Gunk Shot|p1a: Avalugg\n|-resisted|p1a: Avalugg\n|-damage|p1a: Avalugg|90/100\n|\n|-weather|RainDance|[upkeep]\n|-heal|p2a: Arbok|154/246|[from] item: Leftovers\n|upkeep\n|turn|10\n|inactive|Time left: 300 sec this turn | 300 sec total\n|\n|t:|1783560059\n|move|p2a: Arbok|Coil|p2a: Arbok\n|-boost|p2a: Arbok|atk|1\n|-boost|p2a: Arbok|def|1\n|-boost|p2a: Arbok|accuracy|1\n|move|p1a: Avalugg|Stone Edge|p2a: Arbok\n|-crit|p2a: Arbok\n|-damage|p2a: Arbok|0 fnt\n|faint|p2a: Arbok\n|\n|-weather|RainDance|[upkeep]\n|upkeep\n|inactive|Time left: 300 sec this turn | 300 sec total | 5 sec grace\n|\n|t:|1783560060\n|switch|p2a: Politoed|Politoed, L88, M|302/302\n|turn|11\n|inactive|Time left: 300 sec this turn | 300 sec total\n|\n|t:|1783560061\n|switch|p1a: Floatzel|Floatzel, L86, M|100/100\n|move|p2a: Politoed|Hydro Pump|p1a: Floatzel\n|-resisted|p1a: Floatzel\n|-damage|p1a: Floatzel|56/100\n|\n|-weather|none\n|-heal|p1a: Floatzel|62/100|[from] item: Leftovers\n|upkeep\n|turn|12\n|inactive|Time left: 300 sec this turn | 300 sec total\n|\n|t:|1783560062\n|move|p1a: Floatzel|Bulk Up|p1a: Floatzel\n|-boost|p1a: Floatzel|atk|1\n|-boost|p1a: Floatzel|def|1\n|move|p2a: Politoed|Hydro Pump|p1a: Floatzel\n|-resisted|p1a: Floatzel\n|-damage|p1a: Floatzel|29/100\n|\n|-heal|p1a: Floatzel|35/100|[from] item: Leftovers\n|upkeep\n|turn|13\n|inactive|Time left: 300 sec this turn | 300 sec total\n|\n|t:|1783560062\n|move|p1a: Floatzel|Wave Crash|p2a: Politoed\n|-resisted|p2a: Politoed\n|-damage|p2a: Politoed|188/302\n|-damage|p1a: Floatzel|21/100|[from] Recoil\n|move|p2a: Politoed|Hydro Pump|p1a: Floatzel\n|-resisted|p1a: Floatzel\n|-damage|p1a: Floatzel|0 fnt\n|faint|p1a: Floatzel\n|\n|upkeep\n|\n|t:|1783560064\n|switch|p1a: Zebstrika|Zebstrika, L87, F|81/100\n|turn|14\n|inactive|Time left: 300 sec this turn | 300 sec total\n|\n|t:|1783560065\n|switch|p2a: Virizion|Virizion, L82|283/283\n|move|p1a: Zebstrika|Supercell Slam|p2a: Virizion\n|-resisted|p2a: Virizion\n|-damage|p2a: Virizion|188/283\n|-damage|p1a: Zebstrika|71/100|[from] item: Life Orb\n|\n|upkeep\n|turn|15\n|inactive|Time left: 300 sec this turn | 300 sec total\n|\n|t:|1783560066\n|move|p1a: Zebstrika|Overheat|p2a: Virizion\n|-supereffective|p2a: Virizion\n|-damage|p2a: Virizion|14/283\n|-unboost|p1a: Zebstrika|spa|2\n|-damage|p1a: Zebstrika|61/100|[from] item: Life Orb\n|move|p2a: Virizion|Close Combat|p1a: Zebstrika\n|-damage|p1a: Zebstrika|0 fnt\n|-unboost|p2a: Virizion|def|1\n|-unboost|p2a: Virizion|spd|1\n|faint|p1a: Zebstrika\n|-damage|p2a: Virizion|0 fnt|[from] item: Life Orb\n|faint|p2a: Virizion\n|\n|upkeep\n|inactive|Time left: 300 sec this turn | 300 sec total | 5 sec grace\n|\n|t:|1783560066\n|switch|p1a: Furret|Furret, L94, M|100/100\n|switch|p2a: Dachsbun|Dachsbun, L92, F|254/254\n|-item|p2a: Dachsbun|Leftovers|[from] ability: Frisk|[of] p1a: Furret\n|turn|16\n|inactive|Time left: 300 sec this turn | 300 sec total\n|\n|t:|1783560067\n|move|p2a: Dachsbun|Body Press|p1a: Furret\n|-supereffective|p1a: Furret\n|-damage|p1a: Furret|49/100\n|move|p1a: Furret|Tidy Up|p1a: Furret\n|-boost|p1a: Furret|atk|1\n|-boost|p1a: Furret|spe|1\n|\n|upkeep\n|turn|17\n|inactive|Time left: 300 sec this turn | 300 sec total\n|\n|t:|1783560068\n|-terastallize|p1a: Furret|Normal\n|move|p1a: Furret|Double-Edge|p2a: Dachsbun\n|-damage|p2a: Dachsbun|0 fnt\n|faint|p2a: Dachsbun\n|-damage|p1a: Furret|22/100|[from] Recoil\n|-damage|p1a: Furret|12/100|[from] item: Life Orb\n|\n|upkeep\n|inactive|Time left: 300 sec this turn | 300 sec total | 5 sec grace\n|\n|t:|1783560069\n|switch|p2a: Politoed|Politoed, L88, M|188/302\n|-weather|RainDance|[from] ability: Drizzle|[of] p2a: Politoed\n|turn|18\n|inactive|Time left: 300 sec this turn | 300 sec total\n|\n|t:|1783560070\n|switch|p2a: Oinkologne|Oinkologne-F, L92, F|361/361\n|move|p1a: Furret|Double-Edge|p2a: Oinkologne\n|-damage|p2a: Oinkologne|0 fnt\n|faint|p2a: Oinkologne\n|-damage|p1a: Furret|0 fnt|[from] Recoil\n|faint|p1a: Furret\n|\n|-weather|RainDance|[upkeep]\n|upkeep\n|inactive|Time left: 300 sec this turn | 300 sec total | 5 sec grace\n|\n|t:|1783560071\n|switch|p1a: Sandaconda|Sandaconda, L84, M|100/100\n|switch|p2a: Politoed|Politoed, L88, M|188/302\n|turn|19\n|inactive|Time left: 300 sec this turn | 300 sec total\n|\n|t:|1783560071\n|-terastallize|p2a: Politoed|Water\n|move|p2a: Politoed|Hydro Pump|p1a: Sandaconda|[miss]\n|-miss|p2a: Politoed|p1a: Sandaconda\n|move|p1a: Sandaconda|Earthquake|p2a: Politoed\n|-damage|p2a: Politoed|67/302\n|\n|-weather|RainDance|[upkeep]\n|upkeep\n|turn|20\n|inactive|Time left: 300 sec this turn | 300 sec total\n|\n|t:|1783560072\n|move|p2a: Politoed|Rest|p2a: Politoed\n|-status|p2a: Politoed|slp|[from] move: Rest\n|-heal|p2a: Politoed|302/302 slp|[silent]\n|-enditem|p2a: Politoed|Chesto Berry|[eat]\n|-curestatus|p2a: Politoed|slp|[msg]\n|move|p1a: Sandaconda|Earthquake|p2a: Politoed\n|-damage|p2a: Politoed|173/302\n|\n|-weather|RainDance|[upkeep]\n|upkeep\n|turn|21\n|inactive|Time left: 300 sec this turn | 300 sec total\n|\n|t:|1783560073\n|move|p2a: Politoed|Hydro Pump|p1a: Sandaconda\n|-supereffective|p1a: Sandaconda\n|-damage|p1a: Sandaconda|0 fnt\n|faint|p1a: Sandaconda\n|\n|-weather|RainDance|[upkeep]\n|upkeep\n|\n|t:|1783560073\n|switch|p1a: Avalugg|Avalugg-Hisui, L90, F|90/100\n|turn|22\n|inactive|Time left: 300 sec this turn | 300 sec total\n|\n|t:|1783560074\n|move|p2a: Politoed|Hydro Pump|p1a: Avalugg\n|-supereffective|p1a: Avalugg\n|-damage|p1a: Avalugg|0 fnt\n|faint|p1a: Avalugg\n|\n|win|p0y17335cbd", "uploadtime": 1783560074, "views": 0, "rating": 0, "private": 0, "password": null, "_winner": "p0y17335cbd", "_our_name": "p0y17335cbd"}