{"id": "battle-gen9randombattle-2105", "formatid": "gen9randombattle", "format": "[Gen 9] Random Battle", "players": ["p0x210569ed", "p0y2105ef04"], "log": "|init|battle\n|title|p0x210569ed vs. p0y2105ef04\n|j|\u2606p0x210569ed\n|j|\u2606p0y2105ef04\n|t:|1783564377\n|gametype|singles\n|player|p1|p0x210569ed|170|\n|player|p2|p0y2105ef04|170|\n|gen|9\n|tier|[Gen 9] Random Battle\n|rule|Species Clause: Limit one of each Pok\u00e9mon\n|rule|HP Percentage Mod: HP is shown in percentages\n|rule|Sleep Clause Mod: Limit one foe put to sleep\n|rule|Illusion Level Mod: Illusion disguises the Pok\u00e9mon's true level\n|\n|t:|1783564377\n|teamsize|p1|6\n|teamsize|p2|6\n|start\n|switch|p1a: Whiscash|Whiscash, L88, F|100/100\n|switch|p2a: Sandy Shocks|Sandy Shocks, L80|267/267\n|turn|1\n|inactive|Battle timer is ON: inactive players will automatically lose when time's up. (requested by p0y2105ef04)\n|inactive|p0x210569ed also wants the timer to be on.\n|\n|t:|1783564378\n|move|p2a: Sandy Shocks|Stealth Rock|p1a: Whiscash\n|-sidestart|p1: p0x210569ed|move: Stealth Rock\n|move|p1a: Whiscash|Dragon Dance|p1a: Whiscash\n|-boost|p1a: Whiscash|atk|1\n|-boost|p1a: Whiscash|spe|1\n|\n|upkeep\n|turn|2\n|inactive|Time left: 300 sec this turn | 300 sec total\n|\n|t:|1783564379\n|-end|p2a: Sandy Shocks|Protosynthesis|[silent]\n|switch|p2a: Vigoroth|Vigoroth, L85, F|275/275\n|move|p1a: Whiscash|Dragon Dance|p1a: Whiscash\n|-boost|p1a: Whiscash|atk|1\n|-boost|p1a: Whiscash|spe|1\n|\n|upkeep\n|turn|3\n|inactive|Time left: 300 sec this turn | 300 sec total\n|\n|t:|1783564380\n|move|p1a: Whiscash|Earthquake|p2a: Vigoroth\n|-crit|p2a: Vigoroth\n|-damage|p2a: Vigoroth|10/275\n|-damage|p1a: Whiscash|91/100|[from] item: Life Orb\n|move|p2a: Vigoroth|Slack Off|p2a: Vigoroth\n|-heal|p2a: Vigoroth|148/275\n|\n|upkeep\n|turn|4\n|inactive|Time left: 300 sec this turn | 300 sec total\n|\n|t:|1783564381\n|move|p1a: Whiscash|Earthquake|p2a: Vigoroth\n|-damage|p2a: Vigoroth|0 fnt\n|faint|p2a: Vigoroth\n|-damage|p1a: Whiscash|81/100|[from] item: Life Orb\n|\n|upkeep\n|inactive|Time left: 300 sec this turn | 300 sec total | 5 sec grace\n|\n|t:|1783564382\n|switch|p2a: Kingdra|Kingdra, L84, M|263/263\n|turn|5\n|inactive|Time left: 300 sec this turn | 300 sec total\n|\n|t:|1783564383\n|move|p1a: Whiscash|Earthquake|p2a: Kingdra\n|-damage|p2a: Kingdra|21/263\n|-damage|p1a: Whiscash|71/100|[from] item: Life Orb\n|move|p2a: Kingdra|Outrage|p1a: Whiscash\n|-damage|p1a: Whiscash|30/100\n|\n|upkeep\n|turn|6\n|inactive|Time left: 300 sec this turn | 300 sec total\n|\n|t:|1783564384\n|move|p1a: Whiscash|Earthquake|p2a: Kingdra\n|-damage|p2a: Kingdra|0 fnt\n|faint|p2a: Kingdra\n|-damage|p1a: Whiscash|20/100|[from] item: Life Orb\n|\n|upkeep\n|inactive|Time left: 300 sec this turn | 300 sec total | 5 sec grace\n|\n|t:|1783564385\n|switch|p2a: Electrode|Electrode, L92|260/260\n|turn|7\n|inactive|Time left: 300 sec this turn | 300 sec total\n|\n|t:|1783564386\n|move|p2a: Electrode|Tera Blast|p1a: Whiscash\n|-damage|p1a: Whiscash|0 fnt\n|faint|p1a: Whiscash\n|-damage|p2a: Electrode|234/260|[from] item: Life Orb\n|\n|upkeep\n|\n|t:|1783564387\n|switch|p1a: Glastrier|Glastrier, L86|100/100\n|-damage|p1a: Glastrier|76/100|[from] Stealth Rock\n|turn|8\n|inactive|Time left: 300 sec this turn | 300 sec total\n|\n|t:|1783564389\n|move|p2a: Electrode|Volt Switch|p1a: Glastrier\n|-damage|p1a: Glastrier|48/100\n|-damage|p2a: Electrode|208/260|[from] item: Life Orb\n|inactive|Time left: 300 sec this turn | 300 sec total | 5 sec grace\n|\n|t:|1783564390\n|switch|p2a: Annihilape|Annihilape, L76, M|292/292|[from] Volt Switch\n|move|p1a: Glastrier|Icicle Crash|p2a: Annihilape\n|-damage|p2a: Annihilape|78/292\n|\n|upkeep\n|turn|9\n|inactive|Time left: 300 sec this turn | 300 sec total\n|\n|t:|1783564391\n|move|p2a: Annihilape|Drain Punch|p1a: Glastrier\n|-supereffective|p1a: Glastrier\n|-damage|p1a: Glastrier|11/100\n|-heal|p2a: Annihilape|135/292|[from] drain|[of] p1a: Glastrier\n|move|p1a: Glastrier|Icicle Crash|p2a: Annihilape\n|-damage|p2a: Annihilape|0 fnt\n|faint|p2a: Annihilape\n|-ability|p1a: Glastrier|Chilling Neigh|boost\n|-boost|p1a: Glastrier|atk|1\n|\n|upkeep\n|inactive|Time left: 300 sec this turn | 300 sec total | 5 sec grace\n|\n|t:|1783564392\n|switch|p2a: Beartic|Beartic, L91, M|321/321\n|turn|10\n|inactive|Time left: 300 sec this turn | 300 sec total\n|\n|t:|1783564393\n|move|p2a: Beartic|Icicle Crash|p1a: Glastrier\n|-resisted|p1a: Glastrier\n|-damage|p1a: Glastrier|0 fnt\n|faint|p1a: Glastrier\n|\n|upkeep\n|\n|t:|1783564394\n|switch|p1a: Kingdra|Kingdra, L84, M|100/100\n|-damage|p1a: Kingdra|88/100|[from] Stealth Rock\n|turn|11\n|inactive|Time left: 300 sec this turn | 300 sec total\n|\n|t:|1783564395\n|move|p1a: Kingdra|Outrage|p2a: Beartic\n|-damage|p2a: Beartic|188/321\n|move|p2a: Beartic|Icicle Crash|p1a: Kingdra\n|-damage|p1a: Kingdra|38/100\n|\n|upkeep\n|turn|12\n|inactive|Time left: 300 sec this turn | 300 sec total\n|\n|t:|1783564396\n|move|p1a: Kingdra|Outrage|p2a: Beartic|[from] lockedmove\n|-damage|p2a: Beartic|64/321\n|move|p2a: Beartic|Close Combat|p1a: Kingdra\n|-damage|p1a: Kingdra|0 fnt\n|-unboost|p2a: Beartic|def|1\n|-unboost|p2a: Beartic|spd|1\n|faint|p1a: Kingdra\n|\n|upkeep\n|\n|t:|1783564397\n|switch|p1a: Meowscarada|Meowscarada, L78, M|100/100\n|-damage|p1a: Meowscarada|88/100|[from] Stealth Rock\n|turn|13\n|inactive|Time left: 300 sec this turn | 300 sec total\n|\n|t:|1783564398\n|switch|p2a: Electrode|Electrode, L92|208/260\n|move|p1a: Meowscarada|Triple Axel|p2a: Electrode\n|-start|p1a: Meowscarada|typechange|Ice|[from] ability: Protean\n|-damage|p2a: Electrode|177/260\n|-hitcount|p2a: Electrode|1\n|\n|upkeep\n|turn|14\n|inactive|Time left: 300 sec this turn | 300 sec total\n|\n|t:|1783564399\n|-terastallize|p2a: Electrode|Ice\n|move|p2a: Electrode|Thunderbolt|p1a: Meowscarada\n|-damage|p1a: Meowscarada|24/100\n|-damage|p2a: Electrode|151/260|[from] item: Life Orb\n|move|p1a: Meowscarada|Triple Axel|p2a: Electrode\n|-resisted|p2a: Electrode\n|-damage|p2a: Electrode|135/260\n|-resisted|p2a: Electrode\n|-damage|p2a: Electrode|102/260\n|-resisted|p2a: Electrode\n|-damage|p2a: Electrode|50/260\n|-hitcount|p2a: Electrode|3\n|\n|upkeep\n|turn|15\n|inactive|Time left: 300 sec this turn | 300 sec total\n|\n|t:|1783564400\n|switch|p1a: Archaludon|Archaludon, L78, F|100/100\n|-damage|p1a: Archaludon|95/100|[from] Stealth Rock\n|move|p2a: Electrode|Tera Blast|p1a: Archaludon|[anim] Tera Blast Ice\n|-damage|p1a: Archaludon|58/100\n|-ability|p1a: Archaludon|Stamina|boost\n|-boost|p1a: Archaludon|def|1\n|-damage|p2a: Electrode|24/260|[from] item: Life Orb\n|\n|upkeep\n|turn|16\n|inactive|Time left: 300 sec this turn | 300 sec total\n|\n|t:|1783564402\n|move|p2a: Electrode|Tera Blast|p1a: Archaludon|[anim] Tera Blast Ice\n|-damage|p1a: Archaludon|22/100\n|-ability|p1a: Archaludon|Stamina|boost\n|-boost|p1a: Archaludon|def|1\n|-damage|p2a: Electrode|0 fnt|[from] item: Life Orb\n|faint|p2a: Electrode\n|move|p1a: Archaludon|Draco Meteor|p2: Electrode|[notarget]\n|-fail|p1a: Archaludon\n|\n|upkeep\n|inactive|Time left: 300 sec this turn | 300 sec total | 5 sec grace\n|\n|t:|1783564402\n|switch|p2a: Sandy Shocks|Sandy Shocks, L80|267/267\n|turn|17\n|inactive|Time left: 300 sec this turn | 300 sec total\n|\n|t:|1783564403\n|move|p2a: Sandy Shocks|Spikes|p1a: Archaludon\n|-sidestart|p1: p0x210569ed|Spikes\n|move|p1a: Archaludon|Body Press|p2a: Sandy Shocks\n|-damage|p2a: Sandy Shocks|153/267\n|\n|-heal|p2a: Sandy Shocks|169/267|[from] item: Leftovers\n|upkeep\n|turn|18\n|inactive|Time left: 300 sec this turn | 300 sec total\n|\n|t:|1783564404\n|move|p2a: Sandy Shocks|Earth Power|p1a: Archaludon\n|-supereffective|p1a: Archaludon\n|-damage|p1a: Archaludon|0 fnt\n|faint|p1a: Archaludon\n|\n|-heal|p2a: Sandy Shocks|185/267|[from] item: Leftovers\n|upkeep\n|\n|t:|1783564405\n|switch|p1a: Mismagius|Mismagius, L86, M|100/100\n|-damage|p1a: Mismagius|88/100|[from] Stealth Rock\n|turn|19\n|inactive|Time left: 300 sec this turn | 300 sec total\n|\n|t:|1783564406\n|move|p1a: Mismagius|Nasty Plot|p1a: Mismagius\n|-boost|p1a: Mismagius|spa|2\n|move|p2a: Sandy Shocks|Thunderbolt|p1a: Mismagius\n|-damage|p1a: Mismagius|49/100\n|\n|-heal|p2a: Sandy Shocks|201/267|[from] item: Leftovers\n|upkeep\n|turn|20\n|inactive|Time left: 300 sec this turn | 300 sec total\n|\n|t:|1783564407\n|-end|p2a: Sandy Shocks|Protosynthesis|[silent]\n|switch|p2a: Beartic|Beartic, L91, M|64/321\n|-terastallize|p1a: Mismagius|Fairy\n|move|p1a: Mismagius|Dazzling Gleam|p2a: Beartic\n|-damage|p2a: Beartic|0 fnt\n|faint|p2a: Beartic\n|-damage|p1a: Mismagius|40/100|[from] item: Life Orb\n|\n|upkeep\n|inactive|Time left: 300 sec this turn | 300 sec total | 5 sec grace\n|\n|t:|1783564408\n|switch|p2a: Sandy Shocks|Sandy Shocks, L80|201/267\n|turn|21\n|inactive|Time left: 300 sec this turn | 300 sec total\n|\n|t:|1783564409\n|move|p1a: Mismagius|Shadow Ball|p2a: Sandy Shocks\n|-damage|p2a: Sandy Shocks|0 fnt\n|faint|p2a: Sandy Shocks\n|-end|p2a: Sandy Shocks|Protosynthesis|[silent]\n|-damage|p1a: Mismagius|30/100|[from] item: Life Orb\n|\n|win|p0x210569ed", "uploadtime": 1783564409, "views": 0, "rating": 0, "private": 0, "password": null, "_winner": "p0x210569ed", "_our_name": "p0y2105ef04"}