{"id": "battle-gen9randombattle-146", "formatid": "gen9randombattle", "format": "[Gen 9] Random Battle", "players": ["p0x146f362", "p0y146d56c"], "log": "|init|battle\n|title|p0x146f362 vs. p0y146d56c\n|j|\u2606p0x146f362\n|j|\u2606p0y146d56c\n|t:|1783541222\n|gametype|singles\n|player|p1|p0x146f362|169|\n|player|p2|p0y146d56c|265|\n|gen|9\n|tier|[Gen 9] Random Battle\n|rule|Species Clause: Limit one of each Pok\u00e9mon\n|rule|HP Percentage Mod: HP is shown in percentages\n|rule|Sleep Clause Mod: Limit one foe put to sleep\n|rule|Illusion Level Mod: Illusion disguises the Pok\u00e9mon's true level\n|\n|t:|1783541222\n|teamsize|p1|6\n|teamsize|p2|6\n|start\n|switch|p1a: Arceus|Arceus, L68|100/100\n|switch|p2a: Iron Hands|Iron Hands, L79|373/373\n|turn|1\n|inactive|Battle timer is ON: inactive players will automatically lose when time's up. (requested by p0y146d56c)\n|inactive|p0x146f362 also wants the timer to be on.\n|\n|t:|1783541223\n|move|p1a: Arceus|Swords Dance|p1a: Arceus\n|-boost|p1a: Arceus|atk|2\n|move|p2a: Iron Hands|Drain Punch|p1a: Arceus\n|-supereffective|p1a: Arceus\n|-damage|p1a: Arceus|29/100\n|\n|-heal|p1a: Arceus|35/100|[from] item: Leftovers\n|upkeep\n|turn|2\n|inactive|Time left: 300 sec this turn | 300 sec total\n|\n|t:|1783541224\n|move|p1a: Arceus|Recover|p1a: Arceus\n|-heal|p1a: Arceus|85/100\n|move|p2a: Iron Hands|Drain Punch|p1a: Arceus\n|-supereffective|p1a: Arceus\n|-damage|p1a: Arceus|22/100\n|\n|-heal|p1a: Arceus|28/100|[from] item: Leftovers\n|upkeep\n|turn|3\n|inactive|Time left: 300 sec this turn | 300 sec total\n|\n|t:|1783541225\n|move|p1a: Arceus|Recover|p1a: Arceus\n|-heal|p1a: Arceus|78/100\n|move|p2a: Iron Hands|Wild Charge|p1a: Arceus\n|-damage|p1a: Arceus|39/100\n|-damage|p2a: Iron Hands|346/373|[from] Recoil\n|\n|-heal|p1a: Arceus|45/100|[from] item: Leftovers\n|upkeep\n|turn|4\n|inactive|Time left: 300 sec this turn | 300 sec total\n|\n|t:|1783541226\n|move|p1a: Arceus|Recover|p1a: Arceus\n|-heal|p1a: Arceus|95/100\n|move|p2a: Iron Hands|Drain Punch|p1a: Arceus\n|-supereffective|p1a: Arceus\n|-damage|p1a: Arceus|29/100\n|-heal|p2a: Iron Hands|373/373|[from] drain|[of] p1a: Arceus\n|\n|-heal|p1a: Arceus|35/100|[from] item: Leftovers\n|upkeep\n|turn|5\n|inactive|Time left: 300 sec this turn | 300 sec total\n|\n|t:|1783541227\n|move|p1a: Arceus|Recover|p1a: Arceus\n|-heal|p1a: Arceus|85/100\n|move|p2a: Iron Hands|Wild Charge|p1a: Arceus\n|-damage|p1a: Arceus|42/100\n|-damage|p2a: Iron Hands|343/373|[from] Recoil\n|\n|-heal|p1a: Arceus|48/100|[from] item: Leftovers\n|upkeep\n|turn|6\n|inactive|Time left: 300 sec this turn | 300 sec total\n|\n|t:|1783541228\n|move|p1a: Arceus|Recover|p1a: Arceus\n|-heal|p1a: Arceus|98/100\n|move|p2a: Iron Hands|Drain Punch|p1a: Arceus\n|-supereffective|p1a: Arceus\n|-damage|p1a: Arceus|35/100\n|-heal|p2a: Iron Hands|373/373|[from] drain|[of] p1a: Arceus\n|\n|-heal|p1a: Arceus|41/100|[from] item: Leftovers\n|upkeep\n|turn|7\n|inactive|Time left: 300 sec this turn | 300 sec total\n|\n|t:|1783541229\n|move|p1a: Arceus|Recover|p1a: Arceus\n|-heal|p1a: Arceus|91/100\n|move|p2a: Iron Hands|Wild Charge|p1a: Arceus\n|-damage|p1a: Arceus|51/100\n|-damage|p2a: Iron Hands|345/373|[from] Recoil\n|\n|-heal|p1a: Arceus|57/100|[from] item: Leftovers\n|upkeep\n|turn|8\n|inactive|Time left: 300 sec this turn | 300 sec total\n|\n|t:|1783541230\n|move|p1a: Arceus|Recover|p1a: Arceus\n|-heal|p1a: Arceus|100/100\n|move|p2a: Iron Hands|Drain Punch|p1a: Arceus\n|-supereffective|p1a: Arceus\n|-damage|p1a: Arceus|35/100\n|-heal|p2a: Iron Hands|373/373|[from] drain|[of] p1a: Arceus\n|\n|-heal|p1a: Arceus|41/100|[from] item: Leftovers\n|upkeep\n|turn|9\n|inactive|Time left: 300 sec this turn | 300 sec total\n|\n|t:|1783541231\n|move|p1a: Arceus|Recover|p1a: Arceus\n|-heal|p1a: Arceus|91/100\n|move|p2a: Iron Hands|Drain Punch|p1a: Arceus\n|-supereffective|p1a: Arceus\n|-damage|p1a: Arceus|24/100\n|\n|-heal|p1a: Arceus|30/100|[from] item: Leftovers\n|upkeep\n|turn|10\n|inactive|Time left: 300 sec this turn | 300 sec total\n|\n|t:|1783541232\n|switch|p1a: Lurantis|Lurantis, L87, F|100/100\n|move|p2a: Iron Hands|Wild Charge|p1a: Lurantis\n|-resisted|p1a: Lurantis\n|-damage|p1a: Lurantis|80/100\n|-damage|p2a: Iron Hands|359/373|[from] Recoil\n|\n|upkeep\n|turn|11\n|inactive|Time left: 300 sec this turn | 300 sec total\n|\n|t:|1783541233\n|move|p1a: Lurantis|Superpower|p2a: Iron Hands\n|-damage|p2a: Iron Hands|271/373\n|-boost|p1a: Lurantis|atk|1\n|-boost|p1a: Lurantis|def|1\n|move|p2a: Iron Hands|Ice Punch|p1a: Lurantis\n|-supereffective|p1a: Lurantis\n|-damage|p1a: Lurantis|51/100\n|\n|upkeep\n|turn|12\n|inactive|Time left: 300 sec this turn | 300 sec total\n|\n|t:|1783541234\n|move|p1a: Lurantis|Superpower|p2a: Iron Hands\n|-damage|p2a: Iron Hands|142/373\n|-boost|p1a: Lurantis|atk|1\n|-boost|p1a: Lurantis|def|1\n|move|p2a: Iron Hands|Ice Punch|p1a: Lurantis\n|-supereffective|p1a: Lurantis\n|-damage|p1a: Lurantis|28/100\n|\n|upkeep\n|turn|13\n|inactive|Time left: 300 sec this turn | 300 sec total\n|\n|t:|1783541235\n|-end|p2a: Iron Hands|Quark Drive|[silent]\n|switch|p2a: Venomoth|Venomoth, L84, M|255/255\n|move|p1a: Lurantis|Superpower|p2a: Venomoth\n|-resisted|p2a: Venomoth\n|-damage|p2a: Venomoth|188/255\n|-boost|p1a: Lurantis|atk|1\n|-boost|p1a: Lurantis|def|1\n|\n|upkeep\n|turn|14\n|inactive|Time left: 300 sec this turn | 300 sec total\n|\n|t:|1783541237\n|-terastallize|p2a: Venomoth|Poison\n|-terastallize|p1a: Lurantis|Fighting\n|move|p2a: Venomoth|Sludge Wave|p1a: Lurantis\n|-damage|p1a: Lurantis|0 fnt\n|faint|p1a: Lurantis\n|\n|upkeep\n|\n|t:|1783541238\n|switch|p1a: Sandy Shocks|Sandy Shocks, L80|100/100\n|turn|15\n|inactive|Time left: 300 sec this turn | 300 sec total\n|\n|t:|1783541239\n|switch|p2a: Brambleghast|Brambleghast, L88, M|240/240\n|move|p1a: Sandy Shocks|Earth Power|p2a: Brambleghast\n|-resisted|p2a: Brambleghast\n|-damage|p2a: Brambleghast|177/240\n|\n|upkeep\n|turn|16\n|inactive|Time left: 300 sec this turn | 300 sec total\n|\n|t:|1783541240\n|-end|p1a: Sandy Shocks|Protosynthesis|[silent]\n|switch|p1a: Heatran|Heatran, L79, F|100/100\n|-item|p1a: Heatran|Air Balloon\n|move|p2a: Brambleghast|Power Whip|p1a: Heatran|[miss]\n|-miss|p2a: Brambleghast|p1a: Heatran\n|\n|upkeep\n|turn|17\n|inactive|Time left: 300 sec this turn | 300 sec total\n|\n|t:|1783541241\n|switch|p2a: Lapras|Lapras, L87, M|368/368\n|move|p1a: Heatran|Lava Plume|p2a: Lapras\n|-damage|p2a: Lapras|277/368\n|\n|upkeep\n|turn|18\n|inactive|Time left: 300 sec this turn | 300 sec total\n|\n|t:|1783541242\n|switch|p1a: Meganium|Meganium, L90, F|100/100\n|move|p2a: Lapras|Sparkling Aria|p1a: Meganium\n|-resisted|p1a: Meganium\n|-damage|p1a: Meganium|87/100\n|\n|-heal|p1a: Meganium|93/100|[from] item: Leftovers\n|upkeep\n|turn|19\n|inactive|Time left: 300 sec this turn | 300 sec total\n|\n|t:|1783541243\n|move|p1a: Meganium|Knock Off|p2a: Lapras\n|-damage|p2a: Lapras|206/368\n|-enditem|p2a: Lapras|Heavy-Duty Boots|[from] move: Knock Off|[of] p1a: Meganium\n|move|p2a: Lapras|Freeze-Dry|p1a: Meganium\n|-supereffective|p1a: Meganium\n|-damage|p1a: Meganium|49/100\n|\n|-heal|p1a: Meganium|55/100|[from] item: Leftovers\n|upkeep\n|turn|20\n|inactive|Time left: 300 sec this turn | 300 sec total\n|\n|t:|1783541243\n|move|p1a: Meganium|Energy Ball|p2a: Lapras\n|-supereffective|p2a: Lapras\n|-damage|p2a: Lapras|42/368\n|move|p2a: Lapras|Freeze-Dry|p1a: Meganium\n|-supereffective|p1a: Meganium\n|-damage|p1a: Meganium|15/100\n|\n|-heal|p1a: Meganium|22/100|[from] item: Leftovers\n|upkeep\n|turn|21\n|inactive|Time left: 300 sec this turn | 300 sec total\n|\n|t:|1783541245\n|move|p1a: Meganium|Knock Off|p2a: Lapras\n|-damage|p2a: Lapras|0 fnt\n|faint|p2a: Lapras\n|\n|-heal|p1a: Meganium|28/100|[from] item: Leftovers\n|upkeep\n|inactive|Time left: 300 sec this turn | 300 sec total | 5 sec grace\n|\n|t:|1783541246\n|switch|p2a: Venomoth|Venomoth, L84, M, tera:Poison|188/255\n|turn|22\n|inactive|Time left: 300 sec this turn | 300 sec total\n|\n|t:|1783541247\n|switch|p1a: Heatran|Heatran, L79, F|100/100\n|-item|p1a: Heatran|Air Balloon\n|move|p2a: Venomoth|Bug Buzz|p1a: Heatran\n|-resisted|p1a: Heatran\n|-damage|p1a: Heatran|85/100\n|-enditem|p1a: Heatran|Air Balloon\n|\n|upkeep\n|turn|23\n|inactive|Time left: 300 sec this turn | 300 sec total\n|\n|t:|1783541248\n|move|p2a: Venomoth|Sleep Powder|p1a: Heatran\n|-status|p1a: Heatran|slp|[from] move: Sleep Powder\n|cant|p1a: Heatran|slp\n|\n|upkeep\n|turn|24\n|inactive|Time left: 300 sec this turn | 300 sec total\n|\n|t:|1783541248\n|move|p2a: Venomoth|Quiver Dance|p2a: Venomoth\n|-boost|p2a: Venomoth|spa|1\n|-boost|p2a: Venomoth|spd|1\n|-boost|p2a: Venomoth|spe|1\n|cant|p1a: Heatran|slp\n|\n|upkeep\n|turn|25\n|inactive|Time left: 300 sec this turn | 300 sec total\n|\n|t:|1783541249\n|move|p2a: Venomoth|Quiver Dance|p2a: Venomoth\n|-boost|p2a: Venomoth|spa|1\n|-boost|p2a: Venomoth|spd|1\n|-boost|p2a: Venomoth|spe|1\n|cant|p1a: Heatran|slp\n|\n|upkeep\n|turn|26\n|inactive|Time left: 300 sec this turn | 300 sec total\n|\n|t:|1783541250\n|move|p2a: Venomoth|Quiver Dance|p2a: Venomoth\n|-boost|p2a: Venomoth|spa|1\n|-boost|p2a: Venomoth|spd|1\n|-boost|p2a: Venomoth|spe|1\n|-curestatus|p1a: Heatran|slp|[msg]\n|move|p1a: Heatran|Heavy Slam|p2a: Venomoth\n|-damage|p2a: Venomoth|56/255\n|\n|upkeep\n|turn|27\n|inactive|Time left: 300 sec this turn | 300 sec total\n|\n|t:|1783541251\n|move|p2a: Venomoth|Sleep Powder|p1a: Heatran\n|-status|p1a: Heatran|slp|[from] move: Sleep Powder\n|cant|p1a: Heatran|slp\n|\n|upkeep\n|turn|28\n|inactive|Time left: 300 sec this turn | 300 sec total\n|\n|t:|1783541252\n|move|p2a: Venomoth|Bug Buzz|p1a: Heatran\n|-resisted|p1a: Heatran\n|-damage|p1a: Heatran|48/100 slp\n|-curestatus|p1a: Heatran|slp|[msg]\n|move|p1a: Heatran|Heavy Slam|p2a: Venomoth\n|-damage|p2a: Venomoth|0 fnt\n|faint|p2a: Venomoth\n|\n|upkeep\n|inactive|Time left: 300 sec this turn | 300 sec total | 5 sec grace\n|\n|t:|1783541253\n|switch|p2a: Iron Hands|Iron Hands, L79|142/373\n|turn|29\n|inactive|Time left: 300 sec this turn | 300 sec total\n|\n|t:|1783541253\n|move|p1a: Heatran|Earth Power|p2a: Iron Hands\n|-supereffective|p2a: Iron Hands\n|-damage|p2a: Iron Hands|10/373\n|move|p2a: Iron Hands|Drain Punch|p1a: Heatran\n|-supereffective|p1a: Heatran\n|-damage|p1a: Heatran|0 fnt\n|-heal|p2a: Iron Hands|76/373|[from] drain|[of] p1a: Heatran\n|faint|p1a: Heatran\n|\n|upkeep\n|\n|t:|1783541254\n|switch|p1a: Meganium|Meganium, L90, F|28/100\n|turn|30\n|inactive|Time left: 300 sec this turn | 300 sec total\n|\n|t:|1783541255\n|move|p1a: Meganium|Synthesis|p1a: Meganium\n|-heal|p1a: Meganium|78/100\n|move|p2a: Iron Hands|Drain Punch|p1a: Meganium\n|-damage|p1a: Meganium|50/100\n|-heal|p2a: Iron Hands|116/373|[from] drain|[of] p1a: Meganium\n|\n|-heal|p1a: Meganium|57/100|[from] item: Leftovers\n|upkeep\n|turn|31\n|inactive|Time left: 300 sec this turn | 300 sec total\n|\n|t:|1783541256\n|move|p1a: Meganium|Synthesis|p1a: Meganium\n|-heal|p1a: Meganium|100/100\n|move|p2a: Iron Hands|Drain Punch|p1a: Meganium\n|-damage|p1a: Meganium|72/100\n|-heal|p2a: Iron Hands|158/373|[from] drain|[of] p1a: Meganium\n|\n|-heal|p1a: Meganium|78/100|[from] item: Leftovers\n|upkeep\n|turn|32\n|inactive|Time left: 300 sec this turn | 300 sec total\n|\n|t:|1783541257\n|move|p1a: Meganium|Energy Ball|p2a: Iron Hands\n|-damage|p2a: Iron Hands|79/373\n|move|p2a: Iron Hands|Drain Punch|p1a: Meganium\n|-damage|p1a: Meganium|50/100\n|-heal|p2a: Iron Hands|119/373|[from] drain|[of] p1a: Meganium\n|\n|-heal|p1a: Meganium|57/100|[from] item: Leftovers\n|upkeep\n|turn|33\n|inactive|Time left: 300 sec this turn | 300 sec total\n|\n|t:|1783541257\n|move|p1a: Meganium|Leech Seed|p2a: Iron Hands|[miss]\n|-miss|p1a: Meganium|p2a: Iron Hands\n|move|p2a: Iron Hands|Drain Punch|p1a: Meganium\n|-damage|p1a: Meganium|30/100\n|-heal|p2a: Iron Hands|157/373|[from] drain|[of] p1a: Meganium\n|\n|-heal|p1a: Meganium|37/100|[from] item: Leftovers\n|upkeep\n|turn|34\n|inactive|Time left: 300 sec this turn | 300 sec total\n|\n|t:|1783541258\n|move|p1a: Meganium|Synthesis|p1a: Meganium\n|-heal|p1a: Meganium|87/100\n|move|p2a: Iron Hands|Ice Punch|p1a: Meganium\n|-supereffective|p1a: Meganium\n|-crit|p1a: Meganium\n|-damage|p1a: Meganium|27/100\n|\n|-heal|p1a: Meganium|33/100|[from] item: Leftovers\n|upkeep\n|turn|35\n|inactive|Time left: 300 sec this turn | 300 sec total\n|\n|t:|1783541259\n|move|p1a: Meganium|Synthesis|p1a: Meganium\n|-heal|p1a: Meganium|83/100\n|move|p2a: Iron Hands|Ice Punch|p1a: Meganium\n|-supereffective|p1a: Meganium\n|-damage|p1a: Meganium|46/100\n|\n|-heal|p1a: Meganium|52/100|[from] item: Leftovers\n|upkeep\n|turn|36\n|inactive|Time left: 300 sec this turn | 300 sec total\n|\n|t:|1783541260\n|move|p1a: Meganium|Synthesis|p1a: Meganium\n|-heal|p1a: Meganium|100/100\n|move|p2a: Iron Hands|Drain Punch|p1a: Meganium\n|-damage|p1a: Meganium|73/100\n|-heal|p2a: Iron Hands|198/373|[from] drain|[of] p1a: Meganium\n|\n|-heal|p1a: Meganium|79/100|[from] item: Leftovers\n|upkeep\n|turn|37\n|inactive|Time left: 300 sec this turn | 300 sec total\n|\n|t:|1783541261\n|move|p1a: Meganium|Knock Off|p2a: Iron Hands\n|-resisted|p2a: Iron Hands\n|-damage|p2a: Iron Hands|168/373\n|-enditem|p2a: Iron Hands|Assault Vest|[from] move: Knock Off|[of] p1a: Meganium\n|move|p2a: Iron Hands|Ice Punch|p1a: Meganium\n|-supereffective|p1a: Meganium\n|-damage|p1a: Meganium|44/100\n|\n|-heal|p1a: Meganium|50/100|[from] item: Leftovers\n|upkeep\n|turn|38\n|inactive|Time left: 300 sec this turn | 300 sec total\n|\n|t:|1783541262\n|move|p1a: Meganium|Synthesis|p1a: Meganium\n|-heal|p1a: Meganium|100/100\n|move|p2a: Iron Hands|Drain Punch|p1a: Meganium\n|-damage|p1a: Meganium|73/100\n|-heal|p2a: Iron Hands|208/373|[from] drain|[of] p1a: Meganium\n|\n|-heal|p1a: Meganium|79/100|[from] item: Leftovers\n|upkeep\n|turn|39\n|inactive|Time left: 300 sec this turn | 300 sec total\n|\n|t:|1783541263\n|move|p1a: Meganium|Energy Ball|p2a: Iron Hands\n|-damage|p2a: Iron Hands|88/373\n|move|p2a: Iron Hands|Drain Punch|p1a: Meganium\n|-damage|p1a: Meganium|54/100\n|-heal|p2a: Iron Hands|126/373|[from] drain|[of] p1a: Meganium\n|\n|-heal|p1a: Meganium|60/100|[from] item: Leftovers\n|upkeep\n|turn|40\n|inactive|Time left: 300 sec this turn | 300 sec total\n|\n|t:|1783541264\n|move|p1a: Meganium|Energy Ball|p2a: Iron Hands\n|-damage|p2a: Iron Hands|0 fnt\n|faint|p2a: Iron Hands\n|-end|p2a: Iron Hands|Quark Drive|[silent]\n|\n|-heal|p1a: Meganium|66/100|[from] item: Leftovers\n|upkeep\n|inactive|Time left: 300 sec this turn | 300 sec total | 5 sec grace\n|\n|t:|1783541265\n|switch|p2a: Lokix|Lokix, L82, M|251/251\n|turn|41\n|inactive|Time left: 300 sec this turn | 300 sec total\n|\n|t:|1783541266\n|switch|p1a: Electrode|Electrode, L92|100/100\n|move|p2a: Lokix|First Impression|p1a: Electrode\n|-damage|p1a: Electrode|52/100\n|-damage|p2a: Lokix|226/251|[from] item: Life Orb\n|\n|upkeep\n|turn|42\n|inactive|Time left: 300 sec this turn | 300 sec total\n|\n|t:|1783541267\n|switch|p2a: Brambleghast|Brambleghast, L88, M|177/240\n|move|p1a: Electrode|Thunderbolt|p2a: Brambleghast\n|-resisted|p2a: Brambleghast\n|-damage|p2a: Brambleghast|103/240\n|-damage|p1a: Electrode|42/100|[from] item: Life Orb\n|\n|upkeep\n|turn|43\n|inactive|Time left: 300 sec this turn | 300 sec total\n|\n|t:|1783541269\n|move|p1a: Electrode|Volt Switch|p2a: Brambleghast\n|-resisted|p2a: Brambleghast\n|-damage|p2a: Brambleghast|48/240\n|-damage|p1a: Electrode|32/100|[from] item: Life Orb\n|\n|t:|1783541269\n|switch|p1a: Meganium|Meganium, L90, F|66/100|[from] Volt Switch\n|move|p2a: Brambleghast|Strength Sap|p1a: Meganium\n|-unboost|p1a: Meganium|atk|1\n|-heal|p2a: Brambleghast|240/240\n|\n|-heal|p1a: Meganium|72/100|[from] item: Leftovers\n|upkeep\n|turn|44\n|inactive|Time left: 300 sec this turn | 300 sec total\n|\n|t:|1783541270\n|move|p2a: Brambleghast|Poltergeist|p1a: Meganium|[miss]\n|-miss|p2a: Brambleghast|p1a: Meganium\n|move|p1a: Meganium|Synthesis|p1a: Meganium\n|-heal|p1a: Meganium|100/100\n|\n|upkeep\n|turn|45\n|inactive|Time left: 300 sec this turn | 300 sec total\n|\n|t:|1783541271\n|move|p2a: Brambleghast|Rapid Spin|p1a: Meganium\n|-damage|p1a: Meganium|86/100\n|-boost|p2a: Brambleghast|spe|1\n|move|p1a: Meganium|Knock Off|p2a: Brambleghast\n|-supereffective|p2a: Brambleghast\n|-damage|p2a: Brambleghast|142/240\n|-enditem|p2a: Brambleghast|Heavy-Duty Boots|[from] move: Knock Off|[of] p1a: Meganium\n|\n|-heal|p1a: Meganium|93/100|[from] item: Leftovers\n|upkeep\n|turn|46\n|inactive|Time left: 300 sec this turn | 300 sec total\n|\n|t:|1783541272\n|move|p2a: Brambleghast|Strength Sap|p1a: Meganium\n|-unboost|p1a: Meganium|atk|1\n|-heal|p2a: Brambleghast|240/240\n|move|p1a: Meganium|Knock Off|p2a: Brambleghast\n|-supereffective|p2a: Brambleghast\n|-damage|p2a: Brambleghast|190/240\n|\n|-heal|p1a: Meganium|99/100|[from] item: Leftovers\n|upkeep\n|turn|47\n|inactive|Time left: 300 sec this turn | 300 sec total\n|\n|t:|1783541274\n|move|p2a: Brambleghast|Rapid Spin|p1a: Meganium\n|-damage|p1a: Meganium|86/100\n|-boost|p2a: Brambleghast|spe|1\n|move|p1a: Meganium|Energy Ball|p2a: Brambleghast\n|-resisted|p2a: Brambleghast\n|-damage|p2a: Brambleghast|131/240\n|\n|-heal|p1a: Meganium|92/100|[from] item: Leftovers\n|upkeep\n|turn|48\n|inactive|Time left: 300 sec this turn | 300 sec total\n|\n|t:|1783541275\n|move|p2a: Brambleghast|Strength Sap|p1a: Meganium\n|-unboost|p1a: Meganium|atk|1\n|-heal|p2a: Brambleghast|230/240\n|move|p1a: Meganium|Energy Ball|p2a: Brambleghast\n|-resisted|p2a: Brambleghast\n|-damage|p2a: Brambleghast|176/240\n|\n|-heal|p1a: Meganium|98/100|[from] item: Leftovers\n|upkeep\n|turn|49\n|inactive|Time left: 300 sec this turn | 300 sec total\n|\n|t:|1783541276\n|move|p2a: Brambleghast|Power Whip|p1a: Meganium|[miss]\n|-miss|p2a: Brambleghast|p1a: Meganium\n|move|p1a: Meganium|Energy Ball|p2a: Brambleghast\n|-resisted|p2a: Brambleghast\n|-crit|p2a: Brambleghast\n|-damage|p2a: Brambleghast|86/240\n|\n|-heal|p1a: Meganium|100/100|[from] item: Leftovers\n|upkeep\n|turn|50\n|inactive|Time left: 300 sec this turn | 300 sec total\n|\n|t:|1783541277\n|move|p2a: Brambleghast|Strength Sap|p1a: Meganium\n|-unboost|p1a: Meganium|atk|1\n|-heal|p2a: Brambleghast|165/240\n|move|p1a: Meganium|Energy Ball|p2a: Brambleghast\n|-resisted|p2a: Brambleghast\n|-damage|p2a: Brambleghast|106/240\n|\n|upkeep\n|turn|51\n|inactive|Time left: 300 sec this turn | 300 sec total\n|\n|t:|1783541278\n|move|p2a: Brambleghast|Strength Sap|p1a: Meganium\n|-unboost|p1a: Meganium|atk|1\n|-heal|p2a: Brambleghast|172/240\n|move|p1a: Meganium|Energy Ball|p2a: Brambleghast\n|-resisted|p2a: Brambleghast\n|-damage|p2a: Brambleghast|112/240\n|\n|upkeep\n|turn|52\n|inactive|Time left: 300 sec this turn | 300 sec total\n|\n|t:|1783541279\n|move|p2a: Brambleghast|Strength Sap|p1a: Meganium\n|-unboost|p1a: Meganium|atk|1\n|-heal|p2a: Brambleghast|168/240\n|move|p1a: Meganium|Energy Ball|p2a: Brambleghast\n|-resisted|p2a: Brambleghast\n|-damage|p2a: Brambleghast|108/240\n|\n|upkeep\n|turn|53\n|inactive|Time left: 300 sec this turn | 300 sec total\n|\n|t:|1783541280\n|move|p2a: Brambleghast|Poltergeist|p1a: Meganium\n|-activate|p1a: Meganium|move: Poltergeist|Leftovers\n|-crit|p1a: Meganium\n|-damage|p1a: Meganium|35/100\n|move|p1a: Meganium|Energy Ball|p2a: Brambleghast\n|-resisted|p2a: Brambleghast\n|-damage|p2a: Brambleghast|50/240\n|\n|-heal|p1a: Meganium|42/100|[from] item: Leftovers\n|upkeep\n|turn|54\n|inactive|Time left: 300 sec this turn | 300 sec total\n|\n|t:|1783541281\n|switch|p1a: Arceus|Arceus, L68|30/100\n|move|p2a: Brambleghast|Poltergeist|p1a: Arceus\n|-immune|p1a: Arceus\n|\n|-heal|p1a: Arceus|36/100|[from] item: Leftovers\n|upkeep\n|turn|55\n|inactive|Time left: 300 sec this turn | 300 sec total\n|\n|t:|1783541282\n|move|p2a: Brambleghast|Strength Sap|p1a: Arceus\n|-unboost|p1a: Arceus|atk|1\n|-heal|p2a: Brambleghast|240/240\n|move|p1a: Arceus|Shadow Claw|p2a: Brambleghast\n|-supereffective|p2a: Brambleghast\n|-crit|p2a: Brambleghast\n|-damage|p2a: Brambleghast|108/240\n|\n|-heal|p1a: Arceus|43/100|[from] item: Leftovers\n|upkeep\n|turn|56\n|inactive|Time left: 300 sec this turn | 300 sec total\n|\n|t:|1783541283\n|switch|p1a: Meganium|Meganium, L90, F|42/100\n|move|p2a: Brambleghast|Power Whip|p1a: Meganium\n|-resisted|p1a: Meganium\n|-damage|p1a: Meganium|18/100\n|\n|-heal|p1a: Meganium|25/100|[from] item: Leftovers\n|upkeep\n|turn|57\n|inactive|Time left: 300 sec this turn | 300 sec total\n|\n|t:|1783541285\n|move|p2a: Brambleghast|Poltergeist|p1a: Meganium\n|-activate|p1a: Meganium|move: Poltergeist|Leftovers\n|-damage|p1a: Meganium|0 fnt\n|faint|p1a: Meganium\n|\n|upkeep\n|\n|t:|1783541286\n|switch|p1a: Electrode|Electrode, L92|32/100\n|turn|58\n|inactive|Time left: 300 sec this turn | 300 sec total\n|\n|t:|1783541287\n|move|p2a: Brambleghast|Power Whip|p1a: Electrode\n|-damage|p1a: Electrode|0 fnt\n|faint|p1a: Electrode\n|\n|upkeep\n|\n|t:|1783541288\n|switch|p1a: Arceus|Arceus, L68|43/100\n|turn|59\n|inactive|Time left: 300 sec this turn | 300 sec total\n|\n|t:|1783541289\n|move|p2a: Brambleghast|Power Whip|p1a: Arceus\n|-damage|p1a: Arceus|0 fnt\n|faint|p1a: Arceus\n|\n|upkeep\n|\n|t:|1783541289\n|switch|p1a: Sandy Shocks|Sandy Shocks, L80|100/100\n|turn|60\n|inactive|Time left: 300 sec this turn | 300 sec total\n|\n|t:|1783541290\n|move|p2a: Brambleghast|Power Whip|p1a: Sandy Shocks\n|-supereffective|p1a: Sandy Shocks\n|-damage|p1a: Sandy Shocks|0 fnt\n|faint|p1a: Sandy Shocks\n|-end|p1a: Sandy Shocks|Protosynthesis|[silent]\n|\n|win|p0y146d56c", "uploadtime": 1783541290, "views": 0, "rating": 0, "private": 0, "password": null, "_winner": "p0y146d56c", "_our_name": "p0y146d56c"}