{"id": "battle-gen9randombattle-2072", "formatid": "gen9randombattle", "format": "[Gen 9] Random Battle", "players": ["p0x2072ac2c", "p0y20722ab9"], "log": "|init|battle\n|title|p0x2072ac2c vs. p0y20722ab9\n|j|\u2606p0x2072ac2c\n|j|\u2606p0y20722ab9\n|t:|1783564016\n|gametype|singles\n|player|p1|p0x2072ac2c|170|\n|player|p2|p0y20722ab9|1|\n|gen|9\n|tier|[Gen 9] Random Battle\n|rule|Species Clause: Limit one of each Pok\u00e9mon\n|rule|HP Percentage Mod: HP is shown in percentages\n|rule|Sleep Clause Mod: Limit one foe put to sleep\n|rule|Illusion Level Mod: Illusion disguises the Pok\u00e9mon's true level\n|\n|t:|1783564016\n|teamsize|p1|6\n|teamsize|p2|6\n|start\n|switch|p1a: Emboar|Emboar, L84, F|100/100\n|switch|p2a: Magearna|Magearna, L77|250/250\n|turn|1\n|inactive|Battle timer is ON: inactive players will automatically lose when time's up. (requested by p0x2072ac2c)\n|inactive|Time left: 300 sec this turn | 300 sec total | 60 sec grace\n|inactive|p0y20722ab9 also wants the timer to be on.\n|\n|t:|1783564018\n|switch|p2a: Braviary|Braviary, L85, M|309/309\n|move|p1a: Emboar|Flare Blitz|p2a: Braviary\n|-damage|p2a: Braviary|105/309\n|-damage|p1a: Emboar|80/100|[from] Recoil\n|\n|upkeep\n|turn|2\n|inactive|Time left: 300 sec this turn | 300 sec total\n|\n|t:|1783564019\n|switch|p1a: Manaphy|Manaphy, L78|100/100\n|move|p2a: Braviary|Brave Bird|p1a: Manaphy\n|-damage|p1a: Manaphy|50/100\n|-damage|p2a: Braviary|58/309|[from] Recoil\n|\n|-heal|p1a: Manaphy|56/100|[from] item: Leftovers\n|upkeep\n|turn|3\n|inactive|Time left: 300 sec this turn | 300 sec total\n|\n|t:|1783564020\n|switch|p2a: Leavanny|Leavanny, L86, M|269/269\n|move|p1a: Manaphy|Surf|p2a: Leavanny\n|-resisted|p2a: Leavanny\n|-damage|p2a: Leavanny|222/269\n|\n|-heal|p1a: Manaphy|62/100|[from] item: Leftovers\n|upkeep\n|turn|4\n|inactive|Time left: 300 sec this turn | 300 sec total\n|\n|t:|1783564020\n|move|p2a: Leavanny|Sticky Web|p1a: Manaphy\n|-sidestart|p1: p0x2072ac2c|move: Sticky Web\n|move|p1a: Manaphy|Tail Glow|p1a: Manaphy\n|-boost|p1a: Manaphy|spa|3\n|\n|-heal|p1a: Manaphy|68/100|[from] item: Leftovers\n|upkeep\n|turn|5\n|inactive|Time left: 300 sec this turn | 300 sec total\n|\n|t:|1783564021\n|-terastallize|p1a: Manaphy|Grass\n|move|p2a: Leavanny|Bullet Seed|p1a: Manaphy\n|-resisted|p1a: Manaphy\n|-damage|p1a: Manaphy|64/100\n|-resisted|p1a: Manaphy\n|-damage|p1a: Manaphy|58/100\n|-resisted|p1a: Manaphy\n|-damage|p1a: Manaphy|53/100\n|-resisted|p1a: Manaphy\n|-damage|p1a: Manaphy|48/100\n|-hitcount|p1a: Manaphy|4\n|move|p1a: Manaphy|Ice Beam|p2a: Leavanny\n|-supereffective|p2a: Leavanny\n|-damage|p2a: Leavanny|0 fnt\n|faint|p2a: Leavanny\n|\n|-heal|p1a: Manaphy|54/100|[from] item: Leftovers\n|upkeep\n|inactive|Time left: 300 sec this turn | 300 sec total | 5 sec grace\n|\n|t:|1783564022\n|switch|p2a: Weavile|Weavile, L79, M|240/240\n|turn|6\n|inactive|Time left: 300 sec this turn | 300 sec total\n|\n|t:|1783564023\n|move|p2a: Weavile|Triple Axel|p1a: Manaphy\n|-supereffective|p1a: Manaphy\n|-damage|p1a: Manaphy|37/100\n|-supereffective|p1a: Manaphy\n|-damage|p1a: Manaphy|5/100\n|-supereffective|p1a: Manaphy\n|-damage|p1a: Manaphy|0 fnt\n|faint|p1a: Manaphy\n|-hitcount|p1: Manaphy|3\n|\n|upkeep\n|\n|t:|1783564024\n|switch|p1a: Emboar|Emboar, L84, F|80/100\n|-activate|p1a: Emboar|move: Sticky Web\n|-unboost|p1a: Emboar|spe|1\n|turn|7\n|inactive|Time left: 300 sec this turn | 300 sec total\n|\n|t:|1783564025\n|switch|p2a: Braviary|Braviary, L85, M|58/309\n|move|p1a: Emboar|Flare Blitz|p2a: Braviary\n|-damage|p2a: Braviary|0 fnt\n|faint|p2a: Braviary\n|-damage|p1a: Emboar|74/100|[from] Recoil\n|\n|upkeep\n|inactive|Time left: 300 sec this turn | 300 sec total | 5 sec grace\n|\n|t:|1783564026\n|switch|p2a: Rampardos|Rampardos, L90, M|321/321\n|turn|8\n|inactive|Time left: 300 sec this turn | 300 sec total\n|\n|t:|1783564027\n|move|p2a: Rampardos|Rock Slide|p1a: Emboar\n|-damage|p1a: Emboar|0 fnt\n|faint|p1a: Emboar\n|\n|upkeep\n|\n|t:|1783564028\n|switch|p1a: Mimikyu|Mimikyu, L79, M|100/100\n|-activate|p1a: Mimikyu|move: Sticky Web\n|-unboost|p1a: Mimikyu|spe|1\n|turn|9\n|inactive|Time left: 300 sec this turn | 300 sec total\n|\n|t:|1783564029\n|move|p2a: Rampardos|Zen Headbutt|p1a: Mimikyu|[miss]\n|-miss|p2a: Rampardos|p1a: Mimikyu\n|move|p1a: Mimikyu|Drain Punch|p2a: Rampardos\n|-supereffective|p2a: Rampardos\n|-damage|p2a: Rampardos|178/321\n|-damage|p1a: Mimikyu|91/100|[from] item: Life Orb\n|\n|upkeep\n|turn|10\n|inactive|Time left: 300 sec this turn | 300 sec total\n|\n|t:|1783564030\n|move|p2a: Rampardos|Zen Headbutt|p1a: Mimikyu\n|-activate|p1a: Mimikyu|ability: Disguise\n|-damage|p1a: Mimikyu|91/100\n|detailschange|p1a: Mimikyu|Mimikyu-Busted, L79, M\n|-damage|p1a: Mimikyu|78/100|[from] pokemon: Mimikyu-Busted\n|move|p1a: Mimikyu|Drain Punch|p2a: Rampardos\n|-supereffective|p2a: Rampardos\n|-damage|p2a: Rampardos|27/321\n|-heal|p1a: Mimikyu|100/100|[from] drain|[of] p2a: Rampardos\n|-damage|p1a: Mimikyu|91/100|[from] item: Life Orb\n|\n|upkeep\n|turn|11\n|inactive|Time left: 300 sec this turn | 300 sec total\n|\n|t:|1783564031\n|switch|p2a: Magearna|Magearna, L77|250/250\n|move|p1a: Mimikyu|Shadow Sneak|p2a: Magearna\n|-damage|p2a: Magearna|210/250\n|-damage|p1a: Mimikyu|81/100|[from] item: Life Orb\n|\n|upkeep\n|turn|12\n|inactive|Time left: 300 sec this turn | 300 sec total\n|\n|t:|1783564032\n|switch|p1a: Braviary|Braviary, L85, M|100/100\n|move|p2a: Magearna|Shift Gear|p2a: Magearna\n|-boost|p2a: Magearna|spe|2\n|-boost|p2a: Magearna|atk|1\n|\n|upkeep\n|turn|13\n|inactive|Time left: 300 sec this turn | 300 sec total\n|\n|t:|1783564033\n|move|p2a: Magearna|Iron Head|p1a: Braviary\n|-damage|p1a: Braviary|62/100\n|move|p1a: Braviary|Bulk Up|p1a: Braviary\n|-boost|p1a: Braviary|atk|1\n|-boost|p1a: Braviary|def|1\n|\n|upkeep\n|turn|14\n|inactive|Time left: 300 sec this turn | 300 sec total\n|\n|t:|1783564034\n|move|p2a: Magearna|Iron Head|p1a: Braviary\n|-damage|p1a: Braviary|38/100\n|move|p1a: Braviary|Roost|p1a: Braviary\n|-heal|p1a: Braviary|88/100\n|-singleturn|p1a: Braviary|move: Roost\n|\n|upkeep\n|turn|15\n|inactive|Time left: 300 sec this turn | 300 sec total\n|\n|t:|1783564035\n|move|p2a: Magearna|Iron Head|p1a: Braviary\n|-damage|p1a: Braviary|63/100\n|move|p1a: Braviary|Roost|p1a: Braviary\n|-heal|p1a: Braviary|100/100\n|-singleturn|p1a: Braviary|move: Roost\n|\n|upkeep\n|turn|16\n|inactive|Time left: 300 sec this turn | 300 sec total\n|\n|t:|1783564036\n|switch|p2a: Raichu|Raichu-Alola, L87, M|246/246\n|move|p1a: Braviary|Brave Bird|p2a: Raichu\n|-resisted|p2a: Raichu\n|-damage|p2a: Raichu|75/246\n|-damage|p1a: Braviary|82/100|[from] Recoil\n|\n|upkeep\n|turn|17\n|inactive|Time left: 300 sec this turn | 300 sec total\n|\n|t:|1783564037\n|switch|p1a: Roaring Moon|Roaring Moon, L72|100/100\n|-activate|p1a: Roaring Moon|move: Sticky Web\n|-unboost|p1a: Roaring Moon|spe|1\n|-enditem|p1a: Roaring Moon|Booster Energy\n|-activate|p1a: Roaring Moon|ability: Protosynthesis|[fromitem]\n|-start|p1a: Roaring Moon|protosynthesisatk\n|move|p2a: Raichu|Thunderbolt|p1a: Roaring Moon\n|-resisted|p1a: Roaring Moon\n|-damage|p1a: Roaring Moon|70/100\n|\n|upkeep\n|turn|18\n|inactive|Time left: 300 sec this turn | 300 sec total\n|\n|t:|1783564038\n|move|p2a: Raichu|Thunderbolt|p1a: Roaring Moon\n|-resisted|p1a: Roaring Moon\n|-damage|p1a: Roaring Moon|40/100\n|move|p1a: Roaring Moon|Outrage|p2a: Raichu\n|-damage|p2a: Raichu|0 fnt\n|faint|p2a: Raichu\n|\n|upkeep\n|inactive|Time left: 300 sec this turn | 300 sec total | 5 sec grace\n|\n|t:|1783564038\n|switch|p2a: Magearna|Magearna, L77|210/250\n|turn|19\n|inactive|Time left: 300 sec this turn | 300 sec total\n|\n|t:|1783564039\n|move|p2a: Magearna|Shift Gear|p2a: Magearna\n|-boost|p2a: Magearna|spe|2\n|-boost|p2a: Magearna|atk|1\n|move|p1a: Roaring Moon|Outrage|p2a: Magearna|[from] lockedmove\n|-immune|p2a: Magearna\n|\n|upkeep\n|turn|20\n|inactive|Time left: 300 sec this turn | 300 sec total\n|\n|t:|1783564040\n|move|p2a: Magearna|Shift Gear|p2a: Magearna\n|-boost|p2a: Magearna|spe|2\n|-boost|p2a: Magearna|atk|1\n|move|p1a: Roaring Moon|Knock Off|p2a: Magearna\n|-resisted|p2a: Magearna\n|-damage|p2a: Magearna|153/250\n|-enditem|p2a: Magearna|Weakness Policy|[from] move: Knock Off|[of] p1a: Roaring Moon\n|\n|upkeep\n|turn|21\n|inactive|Time left: 300 sec this turn | 300 sec total\n|\n|t:|1783564041\n|move|p2a: Magearna|Iron Head|p1a: Roaring Moon\n|-damage|p1a: Roaring Moon|0 fnt\n|faint|p1a: Roaring Moon\n|-ability|p2a: Magearna|Soul-Heart|boost\n|-boost|p2a: Magearna|spa|1\n|-end|p1a: Roaring Moon|Protosynthesis|[silent]\n|\n|upkeep\n|\n|t:|1783564042\n|switch|p1a: Braviary|Braviary, L85, M|82/100\n|turn|22\n|inactive|Time left: 300 sec this turn | 300 sec total\n|\n|t:|1783564043\n|move|p2a: Magearna|Iron Head|p1a: Braviary\n|-damage|p1a: Braviary|28/100\n|move|p1a: Braviary|Roost|p1a: Braviary\n|-heal|p1a: Braviary|78/100\n|-singleturn|p1a: Braviary|move: Roost\n|\n|upkeep\n|turn|23\n|inactive|Time left: 300 sec this turn | 300 sec total\n|\n|t:|1783564044\n|move|p2a: Magearna|Iron Head|p1a: Braviary\n|-damage|p1a: Braviary|28/100\n|move|p1a: Braviary|Roost|p1a: Braviary\n|-heal|p1a: Braviary|78/100\n|-singleturn|p1a: Braviary|move: Roost\n|\n|upkeep\n|turn|24\n|inactive|Time left: 300 sec this turn | 300 sec total\n|\n|t:|1783564045\n|move|p2a: Magearna|Iron Head|p1a: Braviary\n|-damage|p1a: Braviary|27/100\n|move|p1a: Braviary|Roost|p1a: Braviary\n|-heal|p1a: Braviary|77/100\n|-singleturn|p1a: Braviary|move: Roost\n|\n|upkeep\n|turn|25\n|inactive|Time left: 300 sec this turn | 300 sec total\n|\n|t:|1783564047\n|move|p2a: Magearna|Iron Head|p1a: Braviary\n|-crit|p1a: Braviary\n|-damage|p1a: Braviary|0 fnt\n|faint|p1a: Braviary\n|-ability|p2a: Magearna|Soul-Heart|boost\n|-boost|p2a: Magearna|spa|1\n|\n|upkeep\n|\n|t:|1783564048\n|switch|p1a: Mimikyu|Mimikyu-Busted, L79, M|81/100\n|-activate|p1a: Mimikyu|move: Sticky Web\n|-unboost|p1a: Mimikyu|spe|1\n|turn|26\n|inactive|Time left: 300 sec this turn | 300 sec total\n|\n|t:|1783564049\n|move|p2a: Magearna|Iron Head|p1a: Mimikyu\n|-supereffective|p1a: Mimikyu\n|-damage|p1a: Mimikyu|0 fnt\n|faint|p1a: Mimikyu\n|-ability|p2a: Magearna|Soul-Heart|boost\n|-boost|p2a: Magearna|spa|1\n|\n|upkeep\n|\n|t:|1783564050\n|switch|p1a: Delibird|Delibird, F|100/100\n|turn|27\n|inactive|Time left: 300 sec this turn | 300 sec total\n|\n|t:|1783564051\n|-terastallize|p2a: Magearna|Ground\n|move|p2a: Magearna|Iron Head|p1a: Delibird\n|-supereffective|p1a: Delibird\n|-damage|p1a: Delibird|0 fnt\n|faint|p1a: Delibird\n|\n|win|p0y20722ab9", "uploadtime": 1783564051, "views": 0, "rating": 0, "private": 0, "password": null, "_winner": "p0y20722ab9", "_our_name": "p0y20722ab9"}