{"id": "battle-gen9randombattle-2961", "formatid": "gen9randombattle", "format": "[Gen 9] Random Battle", "players": ["p0x296114ab", "p0y296155c0"], "log": "|init|battle\n|title|p0x296114ab vs. p0y296155c0\n|j|\u2606p0x296114ab\n|j|\u2606p0y296155c0\n|t:|1783573113\n|gametype|singles\n|player|p1|p0x296114ab|169|\n|player|p2|p0y296155c0|2|\n|gen|9\n|tier|[Gen 9] Random Battle\n|rule|Species Clause: Limit one of each Pok\u00e9mon\n|rule|HP Percentage Mod: HP is shown in percentages\n|rule|Sleep Clause Mod: Limit one foe put to sleep\n|rule|Illusion Level Mod: Illusion disguises the Pok\u00e9mon's true level\n|\n|t:|1783573113\n|teamsize|p1|6\n|teamsize|p2|6\n|start\n|switch|p1a: Iron Leaves|Iron Leaves, L80|100/100\n|switch|p2a: Flareon|Flareon, L90, F|263/263\n|turn|1\n|inactive|Battle timer is ON: inactive players will automatically lose when time's up. (requested by p0x296114ab)\n|inactive|Time left: 300 sec this turn | 300 sec total | 60 sec grace\n|inactive|p0y296155c0 also wants the timer to be on.\n|\n|t:|1783573114\n|move|p1a: Iron Leaves|Psyblade|p2a: Flareon\n|-damage|p2a: Flareon|71/263\n|move|p2a: Flareon|Flare Blitz|p1a: Iron Leaves\n|-supereffective|p1a: Iron Leaves\n|-damage|p1a: Iron Leaves|0 fnt\n|faint|p1a: Iron Leaves\n|-end|p1a: Iron Leaves|Quark Drive|[silent]\n|-damage|p2a: Flareon|0 fnt|[from] Recoil\n|faint|p2a: Flareon\n|\n|upkeep\n|inactive|Time left: 300 sec this turn | 300 sec total | 65 sec grace\n|\n|t:|1783573116\n|switch|p1a: Whiscash|Whiscash, L88, F|100/100\n|switch|p2a: Tornadus|Tornadus, L82, M|263/263\n|turn|2\n|inactive|Time left: 300 sec this turn | 300 sec total\n|\n|t:|1783573117\n|move|p2a: Tornadus|Bleakwind Storm|p1a: Whiscash\n|-damage|p1a: Whiscash|40/100\n|-unboost|p1a: Whiscash|spe|1\n|move|p1a: Whiscash|Stone Edge|p2a: Tornadus|[miss]\n|-miss|p1a: Whiscash|p2a: Tornadus\n|\n|upkeep\n|turn|3\n|inactive|Time left: 300 sec this turn | 300 sec total\n|\n|t:|1783573118\n|switch|p1a: Raging Bolt|Raging Bolt, L78|100/100\n|move|p2a: Tornadus|Bleakwind Storm|p1a: Raging Bolt\n|-resisted|p1a: Raging Bolt\n|-damage|p1a: Raging Bolt|68/100\n|-unboost|p1a: Raging Bolt|spe|1\n|\n|-heal|p1a: Raging Bolt|74/100|[from] item: Leftovers\n|upkeep\n|turn|4\n|inactive|Time left: 300 sec this turn | 300 sec total\n|\n|t:|1783573119\n|move|p2a: Tornadus|Bleakwind Storm|p1a: Raging Bolt\n|-resisted|p1a: Raging Bolt\n|-damage|p1a: Raging Bolt|42/100\n|-unboost|p1a: Raging Bolt|spe|1\n|move|p1a: Raging Bolt|Thunderbolt|p2a: Tornadus\n|-supereffective|p2a: Tornadus\n|-damage|p2a: Tornadus|27/263\n|\n|-heal|p1a: Raging Bolt|48/100|[from] item: Leftovers\n|upkeep\n|turn|5\n|inactive|Time left: 300 sec this turn | 300 sec total\n|\n|t:|1783573120\n|move|p2a: Tornadus|Bleakwind Storm|p1a: Raging Bolt\n|-resisted|p1a: Raging Bolt\n|-damage|p1a: Raging Bolt|20/100\n|-unboost|p1a: Raging Bolt|spe|1\n|move|p1a: Raging Bolt|Thunderbolt|p2a: Tornadus\n|-supereffective|p2a: Tornadus\n|-damage|p2a: Tornadus|0 fnt\n|faint|p2a: Tornadus\n|\n|-heal|p1a: Raging Bolt|26/100|[from] item: Leftovers\n|upkeep\n|inactive|Time left: 300 sec this turn | 300 sec total | 5 sec grace\n|\n|t:|1783573121\n|switch|p2a: Krookodile|Krookodile, L79, F|280/280\n|-ability|p2a: Krookodile|Intimidate|boost\n|-unboost|p1a: Raging Bolt|atk|1\n|turn|6\n|inactive|Time left: 300 sec this turn | 300 sec total\n|\n|t:|1783573122\n|-end|p1a: Raging Bolt|Protosynthesis|[silent]\n|switch|p1a: Mightyena|Mightyena, L96, F|100/100\n|-ability|p1a: Mightyena|Intimidate|boost\n|-unboost|p2a: Krookodile|atk|1\n|move|p2a: Krookodile|Bulk Up|p2a: Krookodile\n|-boost|p2a: Krookodile|atk|1\n|-boost|p2a: Krookodile|def|1\n|\n|upkeep\n|turn|7\n|inactive|Time left: 300 sec this turn | 300 sec total\n|\n|t:|1783573123\n|switch|p1a: Pelipper|Pelipper, L86, F|100/100\n|-weather|RainDance|[from] ability: Drizzle|[of] p1a: Pelipper\n|move|p2a: Krookodile|Bulk Up|p2a: Krookodile\n|-boost|p2a: Krookodile|atk|1\n|-boost|p2a: Krookodile|def|1\n|\n|-weather|RainDance|[upkeep]\n|upkeep\n|turn|8\n|inactive|Time left: 300 sec this turn | 300 sec total\n|\n|t:|1783573124\n|-terastallize|p2a: Krookodile|Poison\n|move|p2a: Krookodile|Knock Off|p1a: Pelipper\n|-damage|p1a: Pelipper|42/100\n|-enditem|p1a: Pelipper|Heavy-Duty Boots|[from] move: Knock Off|[of] p2a: Krookodile\n|move|p1a: Pelipper|Surf|p2a: Krookodile\n|-damage|p2a: Krookodile|85/280\n|\n|-weather|RainDance|[upkeep]\n|-heal|p2a: Krookodile|102/280|[from] item: Leftovers\n|upkeep\n|turn|9\n|inactive|Time left: 300 sec this turn | 300 sec total\n|\n|t:|1783573125\n|-terastallize|p1a: Pelipper|Ground\n|move|p2a: Krookodile|Gunk Shot|p1a: Pelipper\n|-resisted|p1a: Pelipper\n|-damage|p1a: Pelipper|10/100\n|-status|p1a: Pelipper|psn\n|move|p1a: Pelipper|Hurricane|p2a: Krookodile\n|-damage|p2a: Krookodile|0 fnt\n|faint|p2a: Krookodile\n|\n|-weather|RainDance|[upkeep]\n|-damage|p1a: Pelipper|0 fnt|[from] psn\n|faint|p1a: Pelipper\n|upkeep\n|inactive|Time left: 300 sec this turn | 300 sec total | 5 sec grace\n|\n|t:|1783573126\n|switch|p2a: Wigglytuff|Wigglytuff, L96, F|424/424\n|switch|p1a: Raging Bolt|Raging Bolt, L78|26/100\n|turn|10\n|inactive|Time left: 300 sec this turn | 300 sec total\n|\n|t:|1783573127\n|-end|p1a: Raging Bolt|Protosynthesis|[silent]\n|switch|p1a: Registeel|Registeel, L81|100/100\n|move|p2a: Wigglytuff|Dazzling Gleam|p1a: Registeel\n|-resisted|p1a: Registeel\n|-damage|p1a: Registeel|89/100\n|\n|-weather|RainDance|[upkeep]\n|upkeep\n|turn|11\n|inactive|Time left: 300 sec this turn | 300 sec total\n|\n|t:|1783573128\n|move|p2a: Wigglytuff|Knock Off|p1a: Registeel\n|-damage|p1a: Registeel|70/100\n|-enditem|p1a: Registeel|Chesto Berry|[from] move: Knock Off|[of] p2a: Wigglytuff\n|move|p1a: Registeel|Iron Head|p2a: Wigglytuff\n|-supereffective|p2a: Wigglytuff\n|-damage|p2a: Wigglytuff|242/424\n|\n|-weather|none\n|-heal|p2a: Wigglytuff|268/424|[from] item: Leftovers\n|upkeep\n|turn|12\n|inactive|Time left: 300 sec this turn | 300 sec total\n|\n|t:|1783573129\n|move|p2a: Wigglytuff|Fire Blast|p1a: Registeel\n|-supereffective|p1a: Registeel\n|-damage|p1a: Registeel|20/100\n|move|p1a: Registeel|Iron Head|p2a: Wigglytuff\n|-supereffective|p2a: Wigglytuff\n|-damage|p2a: Wigglytuff|86/424\n|\n|-heal|p2a: Wigglytuff|112/424|[from] item: Leftovers\n|upkeep\n|turn|13\n|inactive|Time left: 300 sec this turn | 300 sec total\n|\n|t:|1783573130\n|move|p2a: Wigglytuff|Fire Blast|p1a: Registeel\n|-supereffective|p1a: Registeel\n|-damage|p1a: Registeel|0 fnt\n|faint|p1a: Registeel\n|\n|-heal|p2a: Wigglytuff|138/424|[from] item: Leftovers\n|upkeep\n|\n|t:|1783573131\n|switch|p1a: Whiscash|Whiscash, L88, F|40/100\n|turn|14\n|inactive|Time left: 300 sec this turn | 300 sec total\n|\n|t:|1783573132\n|switch|p2a: Gogoat|Gogoat, L88, F|360/360\n|move|p1a: Whiscash|Liquidation|p2a: Gogoat\n|-resisted|p2a: Gogoat\n|-damage|p2a: Gogoat|292/360\n|-damage|p1a: Whiscash|30/100|[from] item: Life Orb\n|\n|-heal|p2a: Gogoat|314/360|[from] item: Leftovers\n|upkeep\n|turn|15\n|inactive|Time left: 300 sec this turn | 300 sec total\n|\n|t:|1783573133\n|switch|p1a: Mightyena|Mightyena, L96, F|100/100\n|-ability|p1a: Mightyena|Intimidate|boost\n|-unboost|p2a: Gogoat|atk|1\n|move|p2a: Gogoat|Bulk Up|p2a: Gogoat\n|-boost|p2a: Gogoat|atk|1\n|-boost|p2a: Gogoat|def|1\n|\n|-heal|p2a: Gogoat|336/360|[from] item: Leftovers\n|upkeep\n|turn|16\n|inactive|Time left: 300 sec this turn | 300 sec total\n|\n|t:|1783573134\n|move|p1a: Mightyena|Taunt|p2a: Gogoat\n|-start|p2a: Gogoat|move: Taunt\n|cant|p2a: Gogoat|move: Taunt|Bulk Up\n|\n|-heal|p2a: Gogoat|358/360|[from] item: Leftovers\n|upkeep\n|turn|17\n|inactive|Time left: 300 sec this turn | 300 sec total\n|\n|t:|1783573135\n|move|p1a: Mightyena|Crunch|p2a: Gogoat\n|-damage|p2a: Gogoat|267/360\n|move|p2a: Gogoat|Horn Leech|p1a: Mightyena\n|-damage|p1a: Mightyena|67/100\n|-heal|p2a: Gogoat|315/360|[from] drain|[of] p1a: Mightyena\n|\n|-heal|p1a: Mightyena|74/100|[from] item: Leftovers\n|-heal|p2a: Gogoat|337/360|[from] item: Leftovers\n|upkeep\n|turn|18\n|inactive|Time left: 300 sec this turn | 300 sec total\n|\n|t:|1783573136\n|move|p1a: Mightyena|Play Rough|p2a: Gogoat\n|-damage|p2a: Gogoat|275/360\n|move|p2a: Gogoat|Horn Leech|p1a: Mightyena\n|-damage|p1a: Mightyena|42/100\n|-heal|p2a: Gogoat|322/360|[from] drain|[of] p1a: Mightyena\n|\n|-heal|p1a: Mightyena|48/100|[from] item: Leftovers\n|-heal|p2a: Gogoat|344/360|[from] item: Leftovers\n|-end|p2a: Gogoat|move: Taunt\n|upkeep\n|turn|19\n|inactive|Time left: 300 sec this turn | 300 sec total\n|\n|t:|1783573138\n|move|p1a: Mightyena|Crunch|p2a: Gogoat\n|-damage|p2a: Gogoat|260/360\n|move|p2a: Gogoat|Earthquake|p1a: Mightyena\n|-damage|p1a: Mightyena|22/100\n|\n|-heal|p1a: Mightyena|28/100|[from] item: Leftovers\n|-heal|p2a: Gogoat|282/360|[from] item: Leftovers\n|upkeep\n|turn|20\n|inactive|Time left: 300 sec this turn | 300 sec total\n|\n|t:|1783573139\n|switch|p1a: Raging Bolt|Raging Bolt, L78|26/100\n|move|p2a: Gogoat|Horn Leech|p1a: Raging Bolt\n|-resisted|p1a: Raging Bolt\n|-damage|p1a: Raging Bolt|10/100\n|-heal|p2a: Gogoat|308/360|[from] drain|[of] p1a: Raging Bolt\n|\n|-heal|p2a: Gogoat|330/360|[from] item: Leftovers\n|-heal|p1a: Raging Bolt|17/100|[from] item: Leftovers\n|upkeep\n|turn|21\n|inactive|Time left: 300 sec this turn | 300 sec total\n|\n|t:|1783573140\n|-end|p1a: Raging Bolt|Protosynthesis|[silent]\n|switch|p1a: Mightyena|Mightyena, L96, F|28/100\n|-ability|p1a: Mightyena|Intimidate|boost\n|-unboost|p2a: Gogoat|atk|1\n|move|p2a: Gogoat|Earthquake|p1a: Mightyena\n|-damage|p1a: Mightyena|10/100\n|\n|-heal|p1a: Mightyena|16/100|[from] item: Leftovers\n|-heal|p2a: Gogoat|352/360|[from] item: Leftovers\n|upkeep\n|turn|22\n|inactive|Time left: 300 sec this turn | 300 sec total\n|\n|t:|1783573140\n|switch|p1a: Raging Bolt|Raging Bolt, L78|17/100\n|move|p2a: Gogoat|Earthquake|p1a: Raging Bolt\n|-supereffective|p1a: Raging Bolt\n|-damage|p1a: Raging Bolt|0 fnt\n|faint|p1a: Raging Bolt\n|-end|p1a: Raging Bolt|Protosynthesis|[silent]\n|\n|-heal|p2a: Gogoat|360/360|[from] item: Leftovers\n|upkeep\n|\n|t:|1783573141\n|switch|p1a: Mightyena|Mightyena, L96, F|16/100\n|-ability|p1a: Mightyena|Intimidate|boost\n|-unboost|p2a: Gogoat|atk|1\n|turn|23\n|inactive|Time left: 300 sec this turn | 300 sec total\n|\n|t:|1783573142\n|move|p1a: Mightyena|Play Rough|p2a: Gogoat\n|-damage|p2a: Gogoat|293/360\n|move|p2a: Gogoat|Horn Leech|p1a: Mightyena\n|-damage|p1a: Mightyena|0 fnt\n|-heal|p2a: Gogoat|316/360|[from] drain|[of] p1a: Mightyena\n|faint|p1a: Mightyena\n|\n|-heal|p2a: Gogoat|338/360|[from] item: Leftovers\n|upkeep\n|\n|t:|1783573143\n|switch|p1a: Whiscash|Whiscash, L88, F|30/100\n|turn|24\n|inactive|Time left: 300 sec this turn | 300 sec total\n|\n|t:|1783573144\n|move|p2a: Gogoat|Horn Leech|p1a: Whiscash\n|-supereffective|p1a: Whiscash\n|-damage|p1a: Whiscash|0 fnt\n|-heal|p2a: Gogoat|360/360|[from] drain|[of] p1a: Whiscash\n|faint|p1a: Whiscash\n|\n|win|p0y296155c0", "uploadtime": 1783573144, "views": 0, "rating": 0, "private": 0, "password": null, "_winner": "p0y296155c0", "_our_name": "p0y296155c0"}